4172 6304
734 378 833 431 687

1902 371 1960 425 S.
1988 370 2287 428 DIONYSII
2320 371 2784 427 ΑΒΕΟΡΑΟΙΤᾹΞ

3881 371 3982 426 388

736 508 858 548 men
897 491 965 547 de
994 489 1268 545 universis
1298 497 1351 544 et
1378 487 1630 544 omnibus
1659 486 1831 542 sacris
1872 486 2306 541 ordinationibus

2409 484 2723 553 διακόσμοις
2752 483 2990 551 λέγεται,
3018 482 3190 545 οὕτως
3212 483 3241 534 ό
3266 480 3435 534 εἰπὼν
3460 478 3721 553 ἱεράρχην
3744 480 3835 535 τὸν
3865 483 3983 535 ἐπι·-

737 585 1048 648 dicitur,lta
1072 583 1163 653 qui
1188 582 1528 637 bierarcham
1555 580 1823 644 nominat,
1849 579 2025 632 virum
2046 579 2191 662 omni
2216 593 2301 633 sa-

738 695 828 736 cra
854 680 1161 747 cognitione
1186 679 1411 749 praeditu
1421 695 1469 733 m
1488 680 1776 749 signillcat,
1798 678 1849 732 in
1867 691 1974 747 quo
1990 678 2170 731 omnis
2184 691 2305 745 qute

738 772 812 826 illi
854 771 996 825 inest
1031 772 1339 835 bierarchia
1371 771 1575 841 liquido
1604 772 1973 841 cognoscitur.
2010 768 2124 824 Nisi
2158 769 2304 822 enim

740 862 855 931 ipse
884 863 1097 931 penitus
1126 871 1180 916 et
1218 863 1271 916 in
1314 860 1565 915 omnibus
1605 861 1812 931 peritus
1829 866 2108 925 existeret,
2127 873 2305 927 neque

740 956 969 1010 scientia
996 955 1159 1009 etiam
1193 954 1510 1008 hierarchize
1543 963 1881 1022 operaretur.
1931 952 2100 1008 Nemo
2142 954 2306 1023 igitur

737 1050 884 1103 dicat
908 1066 921 1102 :
950 1049 1145 1118 Ecquis
1166 1058 1271 1101 tam
1296 1033 1699 1115 perfectusest?
1720 1045 1836 1100 Non
1859 1046 2003 1099 enim
2030 1044 2309 1115 proposuit

739 1141 827 1195 hic
849 1141 1011 1195 Pater
1036 1142 1101 1195 de
1121 1140 1219 1195 hoc
1239 1142 1322 1194 vel
1348 1141 1435 1194 illo
1457 1141 1738 1196 hierarcha
1765 1140 1968 1205 dicere,
1988 1140 2081 1194 sed
2098 1140 2309 1208 simpli-

736 1235 873 1289 citer
886 1236 949 1294 de
969 1234 1271 1298 hierarcha,
1290 1234 1466 1302 qualis
1488 1250 1609 1288 esse
1630 1233 1820 1288 debeat
1841 1235 1955 1289 sine
1972 1232 2179 1288 defeetu
2204 1250 2219 1289 :
2244 1248 2309 1288 ac

738 1329 782 1383 si
801 1328 923 1398 quis
947 1328 1268 1396 simpliciter
1294 1329 1360 1383 de
1382 1330 1741 1398 grammatico
1768 1329 2012 1398 loquens,
2041 1343 2102 1383 ea
2121 1342 2309 1383 recen-

738 1431 855 1476 seat
880 1436 1000 1490 qua:
1037 1421 1102 1475 ad
1132 1419 1433 1474 absolutum
1475 1422 1889 1491 grammaticum
1935 1421 2304 1489 requiruntur,

738 1514 976 1583 alioquin
1010 1514 1339 1569 claudicaret
1365 1514 1741 1583 grammatica,
1776 1512 1877 1568 nisi
1907 1513 2305 1568 demonstrare-

739 1617 846 1670 tur,
874 1607 1048 1675 qualis
1094 1608 1208 1675 ipsa
1244 1606 1457 1660 tandem
1497 1604 1589 1659 sit.
1624 1604 2305 1674 llujushierarchizeprin-

738 1700 933 1767 t'ipitlm
955 1708 1039 1753 est
1063 1708 1255 1775 sancta
1283 1714 1345 1753 ac
1382 1699 1537 1752 beata
1583 1696 1846 1761 Trinitas,
1888 1712 2017 1765 quas
2040 1711 2164 1750 vere
2202 1705 2303 1759 est,

738 1793 958 1861 solaque
973 1794 1317 1863 semetipsam
1334 1793 1631 1860 cognoscit,
1649 1801 1903 1859 tanquam
1919 1788 2122 1844 habens
2135 1788 2308 1843 notio—

744 1900 863 1941 nem
884 1888 1111 1957 propria:
1132 1888 1455 1942 existentiaz.
1471 1886 1593 1940 llaec
1615 1894 1793 1940 autem
1817 1885 1928 1939 vult
1951 1884 2158 1939 ratione
2177 1898 2307 1952 prae-

737 1981 972 2033 dltorum
1019 1979 1331 2048 angelorum
1382 1987 1436 2032 et
1478 1978 1753 2032 hominum
1804 1976 2066 2041 salutem,
2118 1985 2305 2043 estque

739 2070 1014 2125 tleitlcatio
1048 2069 1451 2123 salvandorum.
1497 2068 1959 2133 Quemadmodum
2008 2066 2151 2120 enim
2198 2066 2304 2119 alia

739 2165 969 2218 dicimus
998 2178 1027 2217 a
1056 2171 1198 2217 metu
1226 2160 1453 2225 servari,
1488 2160 1540 2215 id
1570 2170 1652 2215 est
1672 2160 2021 2216 securitatem
2049 2159 2302 2227 adipisci;

736 2270 794 2314 et
825 2273 855 2311 a
880 2258 1025 2311 caede
1048 2255 1276 2321 servari,
1306 2254 1358 2308 id
1399 2266 1482 2309 est
1505 2254 1669 2308 vitam
1702 2252 1951 2323 assequi;
1981 2252 2039 2305 et
2062 2268 2092 2307 a
2122 2254 2307 2306 merbo

740 2351 967 2417 servari,
1008 2350 1061 2403 id
1096 2357 1178 2403 est
1211 2348 1393 2403 sanari
1431 2365 1443 2401 :
1475 2348 1554 2402 sic
1584 2347 1749 2402 etiam
1782 2346 1835 2399 in
1865 2344 2159 2415 propositis
2195 2360 2309 2399 ser-

742 2442 853 2496 vari
886 2443 955 2495 ab
993 2440 1323 2494 alienatione
1356 2438 1472 2504 Dei,
1506 2447 1590 2493 est
1624 2436 1843 2505 adjungi
1887 2434 2017 2499 Deo,
2064 2435 2307 2504 adeoque

740 2535 1033 2589 deiﬁcatio.
1065 2531 1389 2587 Omnimoda
1435 2543 1616 2586 autem
1649 2531 1968 2586 assimilatio
1999 2538 2054 2583 et
2082 2531 2208 2585 unio
2241 2531 2307 2584 ad

744 2630 930 2691 Deum,
982 2626 1170 2695 utique
1220 2616 1487 2678 terminus
1520 2639 1583 2677 ac
1622 2623 1746 2677 linis
1777 2633 1859 2677 est
1895 2622 2072 2676 omnis
2103 2622 2306 2676 hierar-

740 2720 899 2783 chim,
929 2730 1048 2788 qua:
1096 2718 1163 2771 ad
1213 2712 1381 2770 Deum
1428 2726 1511 2769 est
1557 2716 1817 2769 dilectio:
1852 2729 1971 2783 qua:
2003 2726 2057 2771 et
2105 2714 2307 2769 unitive

738 2818 1172 2874 consummatur,
1218 2807 1510 2863 secundum
1544 2808 1784 2862 divinam
1815 2817 1869 2861 et
1916 2808 2128 2862 unicam
2174 2807 2307 2861 sim-

742 2904 1036 2971 plicitatem
1065 2940 1081 2965 ,
1132 2900 1427 2955 secundum
1473 2914 1635 2969 quam
1689 2899 1831 2952 Deus
1875 2908 1959 2952 est
1997 2900 2304 2953 omnimoda

742 2995 964 3051 dilectio
1002 2993 1219 3063 (etnon
1268 2991 1396 3045 huic
1452 2991 1703 3059 quidem,
1745 2990 1818 3043 illi
1865 3006 1995 3045 vero
2036 3005 2178 3057 non,
2211 2993 2305 3043 sed

742 3088 874 3157 quid
924 3100 1091 3140 unum
1145 3082 1505 3138 desiderabile
1550 3083 1829 3147 existens,
1879 3081 2038 3136 simul
2077 3096 2202 3152 erga
2249 3096 2306 3135 se

746 3180 911 3234 habet
955 3176 1245 3239 desideria,
1282 3189 1379 3245 pro
1424 3175 1621 3230 merito
1668 3175 1955 3243 studioque
1996 3175 2304 3230 desiderau-

743 3296 896 3356 tium,
920 3291 1181 3359 divcrsa),
1223 3305 1421 3359 quique
1458 3290 1558 3343 hac
1587 3290 1735 3358 prior
1760 3299 1863 3355 est,
1899 3288 2241 3345 omnimodus
2273 3306 2303 3344 a

745 3382 1045 3440 contrariis
1093 3397 1361 3436 recessus.
1412 3380 1525 3435 Nisi
1573 3381 1717 3435 enim
1754 3382 1821 3435 ab
1849 3381 1995 3435 omni
2032 3384 2301 3436 materiali

740 3488 795 3531 ut
832 3476 1047 3532 sordida
1080 3474 1356 3541 voluptate
1386 3475 1600 3540 penitus
1637 3473 1843 3542 expiati
1872 3474 2157 3537 fuerimus,
2189 3476 2301 3529 veri

744 3569 866 3624 boni
910 3565 1126 3621 dilectio
1156 3581 1260 3619 non
1311 3566 1415 3620 erit
1460 3565 1514 3618 in
1560 3565 1738 3619 nobis.
1790 3564 2015 3632 Quando
2066 3575 2244 3619 autem
2274 3583 2302 3619 a

740 3660 1030 3718 contrariis
1074 3658 1488 3713 discesserimus
1513 3698 1527 3721 ,
1580 3666 1692 3710 tum
1729 3673 1815 3712 res
1852 3658 1996 3725 ipsas
2022 3698 2036 3721 ,
2071 3667 2128 3711 ut
2156 3658 2208 3710 in
2246 3673 2304 3711 se

742 3766 887 3817 sunt,
925 3764 1120 3807 natura
1142 3766 1235 3804 sua
1286 3765 1723 3819 cognoscemus;
1772 3764 1964 3819 nempe
2017 3753 2300 3820 praesentia

748 3851 862 3902 haec
899 3858 1249 3913 temporanea
1275 3858 1415 3907 esse,
1446 3858 1563 3910 quae
1594 3858 1723 3896 vero
1770 3844 1839 3897 ibi
1886 3852 2033 3906 sunt,
2075 3854 2303 3906 aeterna,

744 3954 839 3992 nec
885 3938 1216 4007 decipieinur
1252 3938 1396 3991 circa
1432 3935 1558 3990 boni
1590 3934 2001 4003 apparentiam;
2037 3934 2302 4002 siquidem

742 4032 831 4086 ila
867 4046 970 4083 non
1021 4042 1102 4084 est
1151 4029 1340 4083 notitia
1418 4043 1598 4082 rerum
1654 4043 1757 4095 qua
1814 4042 1898 4081 res
1947 4038 2102 4091 sunt;
2180 4037 2302 4082 tunc

740 4124 885 4178 enim
916 4124 979 4178 ad
1012 4124 1299 4191 ipsammet
1330 4122 1616 4175 veritatem
1647 4121 1977 4187 accedimus,
2000 4131 2162 4189 atque
2184 4124 2302 4173 uni-

744 4214 967 4265 t'ormem
1005 4210 1392 4277 perfectionem
1428 4210 1834 4277 participamus:
1871 4209 2006 4274 Quid
2038 4225 2199 4280 porro
2222 4224 2305 4265 est

743 4301 1128 4355 uniformitas?
1160 4300 1389 4367 Quando
1424 4300 1681 4355 nimirum
1708 4316 1735 4354 a
1768 4304 1928 4355 rebus
1956 4302 2106 4357 hisce
2130 4306 2303 4358 sensi-

745 4394 943 4448 bilibus
970 4404 1023 4447 et
1052 4396 1375 4447 mtumndsis
1414 4393 1479 4445 ad
1513 4393 1749 4446 divinam
1793 4392 1948 4463 165
1989 4394 2306 4462 simplicita-

744 4499 851 4541 tem
886 4487 1227 4549 adducimur,
1261 4486 1352 4555 qui
1403 4495 1485 4539 est
1526 4484 1678 4539 cibus
1728 4486 1898 4540 beatae
1946 4487 2201 4550 visionis,
2248 4502 2308 4545 ut

2416 578 2657 647 στήμονα
2671 577 2847 646 πάσης
2875 578 3023 647 ἱερᾶς
3038 574 3291 644 γνώσεως
3306 574 3473 643 λέγει,
3491 576 3547 627 ὲν
3562 568 3605 641 ᾧ
3628 572 3880 645 καθαρῶς
3901 590 3982 642 γι-

2411 666 2677 720 νώσκεται
2714 669 2745 737 ή
2787 667 2907 719 καθ’
2926 668 3084 721 αὐτὸν
3105 665 3213 737 [ἴσ.
3235 667 3353 719 κατ’
3383 663 3565 736 αὑτὸν]
3599 664 3869 735 ἱεραρχία.
3892 664 3984 736 Μὴ

2407 757 2514 829 γάρ
2543 758 2690 821 ὄντος
2734 758 2895 811 αὐτοῦ
2932 758 3158 811 καθόλου
3182 758 3275 810 καὶ
3296 757 3387 809 ἐπὶ
3410 757 3574 809 πᾶσιν
3596 758 3979 827 ὲπιστήμονοςδ

2406 847 2579 918 οὐδὲή
2607 849 2877 919 ἐπιστήμη
2920 848 3054 917 αὑτὴ
3092 849 3188 919 τῆς
3231 847 3510 919 ἱεραρχίας
3538 846 3975 918 ὲνεργηθήσεται.

2408 940 2499 1009 Μὴ
2532 939 2660 1007 γοῦν
2686 939 2826 992 εἴποι
2864 958 2943 1003 τις
2968 957 2980 968 ·
3002 939 3111 992 Καὶ
3145 943 3292 1001 ποῖος
3318 938 3459 991 οὕτω
3481 938 3682 1001 τέλειος
3710 955 3723 1003 ;
3748 920 3821 990 Οῦ
3850 938 3983 1009 προ-

2413 1029 2570 1081 έθετο
2605 1030 2713 1101 γὰρ
2751 1030 2987 1101 ὁΠατὴρ
3027 1030 3153 1100 περὶ
3174 1030 3325 1081 τοῦδε
3368 1028 3400 1099 ἢ
3443 1028 3597 1081 τοῦδε
3621 1028 3872 1099 ἱεράρχου
3904 1028 3982 1080 εί-

2408 1124 2548 1185 πεῖν,
2575 1122 2707 1174 ἀλλά
2730 1124 2856 1194 περὶ
2881 1121 2971 1175 τοῦ
3001 1122 3183 1205 άπλῶς
3212 1122 3486 1209 ἱεράρχομ,
3517 1122 3574 1185 ὃς
3608 1120 3809 1191 ὀφείλει
3839 1120 3982 1190 ἔχειν

2406 1214 2707 1278 ἀνελλιπῶς
2758 1214 2826 1267 τὰ
2879 1214 3078 1268 αὐτοῦ’
3133 1198 3320 1285 ὥσπερ
3373 1198 3466 1267 καὶ
3517 1215 3570 1285 εἰ
3619 1214 3748 1286 περὶ
3796 1211 3982 1276 ἁπλῶς

2408 1303 2793 1375 γραμματικοῦ
2818 1304 3020 1373 ἔλεγεν,
3058 1304 3247 1375 ἔμελλε
3276 1305 3453 1373 λέγειν
3479 1306 3658 1357 ἐκεῖνα
3681 1304 3803 1358 καθ’
3830 1304 3867 1358 ἃ
3892 1302 3983 1356 τὸν

2406 1395 2608 1447 τέλειον
2638 1394 2836 1464 ἀπῄτει
2864 1394 3244 1466 γραμματικόν
3264 1411 3277 1424 ⁸
3307 1397 3354 1447 εί
3379 1394 3423 1447 δ’
3455 1390 3546 1448 οὖν
3578 1393 3690 1446 ἀλλ’
3720 1394 3982 1464 ὲχώλευεν

2407 1484 2439 1553 ὴ
2470 1485 2829 1555 γραμματικὴ
2863 1486 2937 1556 μὴ
2965 1484 3159 1553 ἔχουσα
3183 1483 3459 1554 δειχθῆναι
3488 1484 3645 1537 ὁποία
3667 1487 3784 1537 ποτ’
3812 1486 3979 1539 ἐστίν.

2408 1574 2622 1645 Ταύτης
2638 1575 2736 1644 τῆς
2754 1576 3032 1646 ίεραρχίας
3055 1576 3241 1646 ἀρχὴὴ
3265 1575 3393 1643 άγία
3416 1575 3509 1628 καὶ
3532 1575 3773 1646 μακαρία
3791 1575 3982 1647 Τριάς,

2408 1669 2441 1737 ἡ
2472 1668 2640 1730 ὄντως
2688 1664 2852 1734 οὖσα,
2896 1670 2989 1720 καὶ
3033 1668 3170 1739 αὑτὴ
3212 1667 3345 1737 μόνη
3392 1668 3590 1737 ἑαυτὴν
3618 1668 3977 1738 ἐπισταμένη.

2406 1762 2480 1823 ὼς
2510 1761 2651 1831 ἔχειν
2680 1760 2972 1831 ἐπιστητὸν
3007 1761 3070 1812 τὸ
3097 1761 3194 1831 τῆς
3224 1759 3427 1822 οἰκείας
3466 1758 3772 1828 ὑπάρξεως.
3816 1761 3886 1813 Ἡ
3926 1760 3984 1813 δὲ

2337 1860 2378 1914 Β
2409 1840 2615 1925 θέλημα
2657 1851 2755 1922 μέν
2794 1853 2975 1913 ἐστιν,
3016 1854 3049 1922 ἠ
3087 1851 3195 1904 τῶν
3233 1851 3463 1918 λογικῶν
3501 1851 3746 1919 ἀγγέλων
3786 1869 3845 1903 τε
3892 1852 3988 1905 καὶ⁵

2408 1943 2708 2015 ἀνθρώπων
2748 1944 2988 2015 σωτηρία
3008 1961 3019 1972 ·
3051 1945 3083 2013 ἡ
3113 1944 3189 2006 δὲ,
3220 1943 3413 2006 θέωσίς
3450 1945 3565 1995 ἐστι
3594 1942 3702 1995 τῶν
3743 1944 3988 2014 σωζομέ-

2406 2056 2530 2089 νων.
2572 2038 2781 2107 Ὥσπερ
2824 2036 2931 2106 γὰρ
2986 2026 3218 2088 ἐπὶτῶν
3265 2035 3439 2089 ἄλλων
3487 2036 3667 2105 φαμὲν
3718 2035 3989 2100 σώζεσθαι

2408 2115 2514 2181 ἀπὸ
2538 2127 2723 2195 φόϐου,
2750 2127 2915 2195 ἤγουν
2940 2129 3005 2197 τῇ
3037 2126 3235 2196 ἀφοόίᾳ
3268 2124 3681 2197 προσπελάζειν,
3716 2125 3988 2190 σώζεσθαι

2406 2208 2513 2267 ἀπὸ
2543 2214 2722 2282 φόνου,
2758 2215 2923 2285 ἥγουν
2962 2216 3028 2284 τῇ
3072 2215 3184 2284 ζωῇ
3228 2213 3657 2285 προσπελάζεινο
3709 2214 3979 2279 σώζεσθαι

2406 2293 2512 2358 ἀπὸ
2551 2307 2725 2370 νόσου,
2766 2307 2932 2377 ἤγουν
2972 2305 3121 2369 ἐντὸς
3157 2308 3254 2377 τῆς
3295 2306 3483 2375 ὑγείας
3520 2306 3763 2376 γίνεσθαι
3790 2325 3803 2339 ο
3845 2308 3989 2362 οῦτω

2408 2396 2500 2451 καὶ
2529 2400 2623 2451 ἐπὶ
2648 2398 2754 2452 τῶν
2785 2399 3158 2471 προκειμένων
3189 2400 3248 2452 τὸ
3278 2399 3542 2462 σώζεσθαι
3568 2401 3679 2453 ἀπὸ
3699 2400 3990 2471 άλλοτριιῦέ

2409 2502 2544 2548 σεως
2575 2484 2709 2537 Θεοῦ
2742 2487 3135 2557 προσπελάζειν
3163 2488 3240 2558 τῷ
3277 2488 3433 2559 Θεῷ,
3456 2491 3549 2543 καὶ
3587 2490 3779 2554 θέωσίς
3813 2492 3986 2546 conv.

2420 2575 2481 2626 Ἠ
2511 2575 2565 2627 δὲ
2600 2577 2815 2639 πάντως
2844 2578 3173 2647 ἀφομοίωσις
3203 2580 3296 2632 καὶ
3324 2579 3515 2643 ἓνωσις
3545 2582 3680 2651 πρὸς
3708 2580 3862 2645 Θεὸν,
3892 2584 3993 2636 καῖ

2406 2666 2468 2735 δὴ
2494 2667 2665 2738 πέρας
2694 2669 2786 2721 καὶ
2817 2669 2968 2731 τέλος
3002 2672 3145 2722 ἐστὶν
3174 2671 3392 2741 ἁπάσης
3425 2673 3705 2743 ἱεραρχιας
3729 2713 3742 2735 ,
3783 2676 3814 2744 ἡ
3852 2675 3990 2745 πρὸς

2406 2757 2538 2810 Θεὸν
2563 2760 2839 2830 ἀγάπησις
2864 2777 2876 2788 ·
2906 2760 2940 2830 ἡ
2970 2760 3033 2830 δὴ
3072 2762 3163 2814 καὶ
3201 2762 3417 2824 ἑνιαεως
3447 2763 3805 2834 ἱερουργεὶται
3842 2766 3988 2819 κατὰ

2405 2852 2503 2921 τὴν
2538 2851 2686 2903 Θείαν
2719 2853 2811 2905 καὶ
2855 2853 3059 2906 ἑνιαίαν
3106 2854 3384 2925 ἁπλότητα
3410 2894 3423 2918 ,
3469 2855 3588 2907 καθ’
3618 2857 3683 2925 ἣν
3715 2857 3987 2927 παντελὴς

2406 2941 2591 3011 ἀγάπη
2623 2942 2768 2993 ἐστὶν
2790 2944 2816 2993 ό
2845 2942 2975 3005 Θεὸς
3016 2942 3147 3011 (καὶ
3184 2944 3242 2995 οὑ
3289 2944 3367 3013 τῷ
3412 2945 3529 3015 μὲν,
3555 2945 3632 3016 τῷ
3674 2946 3720 2998 δ’
3756 2946 3839 3011 οῦ,
3869 2947 3987 2999 ἀλλ’

2408 3034 2606 3084 ἑνιαῖον
2632 3033 2824 3100 ἐφετὸν
2848 3032 2941 3097 ὢν,
2971 3034 3118 3103 ὅμως
3143 3033 3241 3097 τάς
3270 3035 3404 3105 πρὸς
3432 3036 3595 3088 αὑτὸν
3620 3036 3835 3104 ἐφέσεις
3871 3036 3987 3091 δια-

2412 3123 2609 3195 φόρους
2654 3123 2765 3193 ἔχει
2814 3124 2948 3195 πρὸς
2988 3126 3091 3195 τὴν
3130 3125 3285 3189 ἀξίαν
3324 3126 3421 3177 καὶ
3451 3126 3551 3196 τὴν
3598 3127 3831 3195 σπουδὴν
3875 3126 3990 3179 τῶν

2335 3217 2379 3277 C
2411 3217 2786 3287 ἐφιεμένων),
2836 3218 2929 3269 καὶ
2978 3218 3082 3287 πρὸ
3132 3218 3321 3270 τούτου
3376 3219 3408 3289 ἡ
3469 3220 3826 3291 ἀποφοίτησις
3877 3220 3989 3273 τῶν

2408 3308 2664 3360 ἐναντίων
2700 3310 2731 3377 ἡ
2764 3310 3049 3381 παντελής.
3092 3311 3153 3361 Εἰ
3206 3311 3278 3381 μὴ
3328 3310 3437 3382 γὰρ
3470 3308 3838 3383 ’καθαρθῶμεν
3879 3313 3988 3366 ἀπὸ

2411 3402 2589 3470 πάσης
2622 3402 2807 3455 ὲνύλου
2848 3404 2940 3455 καὶ
2987 3406 3238 3474 ρυπαρᾶς
3270 3404 3545 3468 παντελῶς
3571 3405 3782 3475 ἡδονῆς,
3812 3406 3873 3457 οὑ
3910 3408 3988 3477 μὴ

2407 3496 2691 3565 γενήσεται
2734 3497 2766 3564 ἡ
2808 3495 3081 3565 ἀγάπησις
3131 3495 3223 3546 τοῦ
3279 3496 3445 3560 ὅντως
3484 3496 3707 3565 ἀγαθοῦ.
3754 3499 3890 3550 Πότε
3927 3498 3988 3551 δὲ

2408 3586 2785 3657 ἀποφοιτῶμεν
2816 3587 2925 3639 τῶν
2962 3588 3251 3653 ἐναντίων;
3281 3589 3369 3640 ὅτε
3410 3589 3730 3659 γνωσόμεθα
3756 3588 3824 3643 τὰ
3858 3590 3988 3643 ὅντα

2407 3678 2584 3741 καθὼς
2605 3678 2782 3748 ἔχουσι
2816 3680 3050 3747 φύσεως,
3079 3680 3169 3731 ὅτε
3200 3678 3268 3731 τά
3307 3680 3545 3750 παρόντα
3566 3681 3896 3752 πρόσκαιρα,
3917 3680 3995 3733 τὰ

2406 3770 2451 3822 δ’
2474 3772 2649 3822 ἐκεῖσε
2675 3769 2886 3837 αἰώνια,
2912 3772 2985 3842 μὴ
3014 3770 3361 3841 ἀπατώμενοι
3389 3774 3515 3842 περὶ
3541 3772 3636 3843 τὴν
3657 3773 3876 3843 δόκησιν
3890 3772 3989 3826 τοῦ

2408 3860 2574 3913 καλοῦ
2597 3878 2609 3889 '
2636 3860 2793 3913 τοῦτο
2820 3862 2927 3932 γὰρ
2958 3864 3055 3915 οὐκ
3082 3862 3195 3913 ἔστι
3230 3861 3429 3929 γνῶσις
3448 3862 3554 3915 τῶν
3580 3863 3748 3915 ὄντων
3834 3863 3989 3927 ὄντα,

2407 3953 2524 4004 τότε
2548 3953 2655 4024 γὰρ
2684 3956 2774 4006 καὶ
2793 3955 2858 4025 τῇ
2877 3954 3101 4026 ἀληθεία
3127 3954 3542 4025 προσϐαίνομεν,
3570 3958 3661 4009 καὶ
3689 3958 3993 4027 μετέχομεν

2406 4045 2505 4113 τῆς
2546 4045 2809 4109 ἐνοειδοῦς
2860 4046 3213 4111 τελειώσεως,
3257 4049 3321 4101 Τί
3358 4050 3413 4102 δέ
3454 4051 3568 4102 ἐστι
3614 4050 3675 4101 τὸ
3722 4048 3983 4109 ἑνοειδές’

2423 4136 2757 4205 ’Λναγόμεθα
2794 4136 3034 4208 δηλονότι
3064 4142 3171 4193 ἀπὸ
3199 4142 3307 4195 τῶν
3346 4142 3618 4212 αἰσθητῶν
3659 4142 3863 4194 τούτων
3896 4142 3990 4194 καὶ

2412 4224 2694 4294 μοχθηρῶν
2741 4229 2819 4289 εἰς
2866 4227 3014 4281 θείαν
3066 4232 3370 4303 ἁπλότητα,
3413 4232 3440 4284 ὃ
3478 4232 3541 4303 δὴ
3584 4232 3823 4294 ὲστίασίς
3872 4234 3985 4284 ἐστι

2408 4315 2505 4385 τῆς
2543 4317 2772 4385 ἐποψίας
2798 4322 2817 4347 ·’
2843 4320 3104 4390 τρέφεται
3137 4322 3246 4393 γάρ
3280 4322 3358 4392 τῷ
3394 4323 3567 4394 νοητῷ
3594 4324 3683 4375 τὸν
3713 4324 3855 4386 νοῦν,
3884 4340 3984 4377 κα-

2410 4405 2518 4469 θὼς
2560 4410 2651 4460 καὶ
2687 4395 2871 4462 άλλοτε
2918 4412 3197 4483 ἐλέγομεν.
3240 4416 3349 4466 Καὶ
3385 4415 3542 4467 τοῦτό
3580 4416 3724 4466 ἐστιν
3764 4416 3795 4483 ἠ
3837 4432 3981 4485 παρ-

2410 4502 2522 4561 τοῖς
2562 4500 2911 4568 Εῦαγγελίοις
2952 4504 3068 4555 θεία
3107 4506 3197 4557 καὶ
3238 4506 3602 4577 ὑπερκόσμιος
3639 4504 3907 4576 τράπεζα.

743 4592 860 4647 qua:
885 4592 1115 4632 merrtem
1148 4567 1204 4632 re
1230 4578 1503 4633 intellecta
1534 4580 1724 4641 nutrit,
1759 4580 1902 4633 sicut
1926 4579 2052 4633 alibi
2078 4577 2331 4639 diximus.
2379 4591 2442 4645 Et
2473 4593 2585 4647 haec
2637 4567 2808 4649 estin
2852 4595 3159 4667 Evangeliis
3196 4597 3283 4655 illa
3322 4567 3500 4654 divina
3561 4567 3624 4653 ac
3663 4567 3982 4667 supermun-

742 4673 897 4725 diaiis
930 4688 1132 4727 mensa.

818 4762 843 4835 ς
881 4763 965 4818 IV.
1013 4766 1252 4820 Dicimus
1276 4766 1481 4835 itaque,
1505 4768 1671 4822 Deum
1696 4768 1911 4824 dedisse
1937 4770 2300 4828 hierarchiam

2487 4775 2628 4848 διν.
2670 4777 2912 4848 Λέγομεν
2958 4781 3151 4844 τοίνυν,
3188 4782 3262 4845 ὡς
3306 4784 3335 4835 ό
3381 4780 3511 4843 Θεὸς
3554 4782 3653 4852 τὴν
3704 4781 3983 4851 ίεραρχίαν

746 4860 796 4912 in
851 4859 1073 4913 salutem
1125 4870 1179 4914 et
1226 4860 1619 4915 deiﬁcationem
1660 4877 1847 4917 eorum
1881 4866 1971 4932 qui
2020 4867 2135 4934 ejus
2180 4877 2303 4920 sunt

746 4953 1052 5020 participes,
1082 4963 1245 5020 atque
1288 4954 1493 5023 angelis
1536 4954 1749 5023 quidem
1788 4957 2096 5023 spiritaliori
2146 4961 2301 5011 modo

744 5054 796 5095 et
826 5046 996 5112 magis
1028 5059 1054 5096 a
1103 5046 1327 5097 materia
1369 5056 1595 5108 remoto,
1630 5047 1783 5101 nobis
1820 5058 1997 5103 autem
2032 5064 2127 5117 per
2156 5064 2302 5119 sym-

745 5135 867 5189 bola
914 5154 924 5187 :
972 5136 1236 5204 siquidem
1284 5138 1527 5192 homines
1575 5140 1911 5218 extrinsecus
1966 5156 1994 5193 a
2043 5152 2303 5196 creatum

745 5229 1223 5296 contemplatione,
1256 5232 1434 5284 verbis
1466 5232 1877 5298 doctrinalibus,
1903 5234 2127 5303 aliiSque
2158 5252 2302 5307 sym-

747 5320 881 5373 bolis
911 5335 1003 5373 seu
1036 5321 1225 5389 signis,
1258 5326 1844 5393 veram'cognitionem
1879 5326 2163 5392 hauriunt;
2203 5346 2299 5382 an-

746 5405 845 5479 gisli
879 5427 1004 5465 vero
1038 5414 1183 5467 intus
1208 5416 1507 5469 secundum
1535 5417 1827 5485 spiritalem
1863 5419 2119 5472 virtutem
2148 5436 2298 5473 suam

748 5505 1199 5569 illustrantuch
1256 5505 1432 5558 divina
1487 5508 1757 5561 voluntate
1820 5508 2202 5577 insigniuntur,
2252 5511 2299 5561 id

744 5607 825 5651 est
874 5598 937 5650 ad
992 5598 1227 5650 divinam
1281 5600 1664 5661 imitationem,
1707 5616 2014 5669 rerumque,
2063 5618 2165 5669 qua
2215 5619 2301 5658 res

746 5700 889 5753 sunt,
918 5691 1189 5743 notionem
1236 5688 1605 5744 eﬂ‘urmantur.
1640 5692 1772 5745 Cum
1818 5692 1959 5745 enim
1996 5693 2302 5762 intelligens

747 5786 959 5850 quidem
1006 5786 1075 5837 sit
1128 5786 1177 5839 id
1215 5789 1355 5854 quod
1407 5787 1679 5856 intelligit,
1710 5786 2044 5855 intelligibile
2092 5801 2217 5839 vero
2251 5788 2300 5839 id

745 5882 882 5939 quod
921 5879 1252 5943 intelligitur,
1285 5880 1430 5933 cilius
1474 5893 1649 5933 autem
1689 5890 1739 5933 ct
1776 5880 1927 5948 quasi
1977 5881 2300 5933 sustentatio

2408 4870 2498 4920 ἐπὶ
2527 4871 2765 4941 σωτηρία
2798 4873 2891 4923 καὶ
2925 4871 3112 4925 θεώσει
3146 4875 3252 4927 τῶν
3304 4874 3675 4943 μετεχομένων
3710 4862 3985 4943 ἐδωρήσα-

2406 4978 2485 5024 το,
2524 4964 2615 5014 καὶ
2660 4967 2771 5025 τοῖς
2820 4964 2917 5033 μὲν
2961 4966 3207 5033 ἀγγέλοις
3255 4965 3580 5038 νοερώτερον
3622 4968 3715 5018 καὶ
3749 4966 3984 5019 ἀῦλώτε-

2409 5072 2517 5123 ρον,
2554 5057 2687 5125 ἡμῖν
2719 5055 2773 5107 δὲ
2806 5056 2893 5107 διά
2929 5060 3208 5128 συμϐόλων
3229 5076 3241 5087 ·
3270 5058 3541 5129 ἄνθρωποι
3579 5058 3675 5127 μὲν
3709 5057 3815 5128 γὰρ
3849 5058 3984 5125 Ego;-

2406 5142 2494 5195 θεν
2530 5144 2635 5195 ἀπὸ
2666 5144 2764 5211 τῆς
2799 5147 2938 5197 κατὰ
2968 5148 3066 5217 τὴν
3119 5148 3292 5199 κτίσιν
3337 5148 3587 5217 θεωρίας,
3627 5148 3717 5198 καὶ
3752 5148 3861 5199 ἀπὸ
3894 5148 3979 5201 λό-

2404 5253 2514 5303 γων
2546 5236 2954 5300 διδασκαλικῶν,
2991 5240 3083 5290 καὶ
3131 5240 3328 5310 ἑτέρων
3366 5238 3643 5308 συμϐόλων
3676 5240 3775 5307 τὴν
3807 5239 3981 5301 ἀληθῆ

2404 5328 2599 5397 γνῶσιν
2637 5330 2995 5399 λαμϐάνουσιν
3023 5347 3035 5360 ·
3074 5331 3289 5398 ἄγγελοι
3322 5332 3377 5383 δὲ
3426 5330 3593 5401 αὐτὴν
3638 5331 3847 5383 ἔνδοθεν
3884 5338 3971 5404 τῆ·

2404 5422 2593 5493 νοερὰν
2645 5423 2820 5474 αὐτῶν
2872 5424 3231 5492 ὲλλάμπονται
3283 5423 3527 5492 δύναμιν,
3565 5425 3659 5476 καὶ
3700 5425 3799 5493 τὴν
3834 5424 3987 5476 θείαν

2404 5517 2814 5586 ὲνσημαίνονται
2873 5516 3139 5585 βούλησιν,
3177 5518 3340 5586 ἧγουν
3393 5516 3687 5568 τυποῦνται
3737 5518 3872 5587 πρὸς
3921 5521 3988 5570 τὸ

2404 5604 2727 5673 θεομίμητόν
2762 5623 2838 5665 τε,
2875 5606 2965 5656 καὶ
3000 5606 3059 5656 τὸ
3092 5605 3198 5656 τῶν
3232 5606 3417 5667 ὄντων,
3516 5606 3641 5658 ὄντα
3675 5606 3810 5669 ἐστὶ,
3839 5625 3986 5674 γνω-

2406 5698 2603 5749 στικόν.
2626 5698 2836 5766 Ἐπειδὴ
2860 5698 2964 5767 γὰρ
2987 5698 3167 5767 νοερὸν
3194 5699 3288 5766 μὲν
3312 5700 3421 5749 ἐστι
3438 5698 3499 5749 τὸ
3520 5697 3691 5759 νοοῦν,
3718 5701 3900 5769 νοητὸν
3923 5702 3986 5753 δε

2402 5789 2461 5839 τὸ
2494 5789 2795 5856 νοούμενον,
2822 5790 2991 5858 τροφὴ
3014 5790 3067 5840 δὲ
3094 5791 3184 5841 καὶ
3216 5791 3373 5841 οἱονεὶ
3401 5790 3654 5851 σύστασις
3677 5790 3772 5841 τοῦ
3797 5790 3983 5843 νοοῦν·

2404 5884 2490 5943 τός
2527 5883 2639 5932 ἐστι
2676 5883 2731 5933 τὸ
2768 5886 3072 5951 νοούμενον,
3101 5883 3319 5944 εἰκότως
3353 5884 3379 5931 ό
3415 5882 3563 5941 Θεὸς,
3598 5883 3687 5933 ira
3726 5883 3857 5933 νόων
3892 5884 3977 5935 Ev-
