4176 6308
130 339 240 396 ὃὲθ

708 342 792 396 DE
834 342 1110 400 seems.
1153 345 1551 404 llIERARCH..~
1592 347 1744 402 CAP.
1781 350 1820 404 ι.
1853 381 1919 392 -
1947 349 2297 414 PARAPHR.
2337 345 2783 416 PACHYMERAS

3269 370 3375 427 590

131 479 246 514 mw
303 463 411 517 τῶν
461 464 784 535 ἀσωμάτων,
839 463 998 526 αὐτὸς
1051 462 1336 531 νοούμενος
1386 463 1478 516 καὶ
1528 463 1707 534 νοητὸς

1822 465 2170 536 intelligentis
2223 470 2293 523 sit
2340 469 2392 523 id
2444 472 2586 540 quod
2621 473 2966 546 intelligitur,
2992 480 3185 562 merito
3213 482 3374 552 Deus,

130 554 346 618 αὐτοῖς,
369 554 548 618 καθὼς
585 553 946 623 ἐφικνοῦνται,
972 553 1271 623 γινόμενος,
1295 553 1496 605 ἔσωθεν
1520 554 1713 616 αὐτοὺς

131 645 428 714 magna.
470 649 532 699 Ὃ
562 645 692 712 γοῦν
711 645 924 716 ἔχουσιν
955 647 1147 697 ἐκεῖνοι
1178 643 1392 707 ὲνιαίως
1411 646 1504 698 καὶ
1526 661 1716 696 συνεπ-

130 737 427 806 τυγμένως
459 738 533 800 ὡς
567 737 736 800 ἀῦλοι,
771 735 928 788 τοῦτο
949 739 1108 807 ἡμεῖς
1139 735 1226 794 διὰ
1263 735 1542 806 συμϐόλων
1573 737 1711 790 διαι-

135 831 316 899 ρετῶν
359 833 451 884 καὶ
485 829 676 901 πλήθει
709 829 1073 900 λαμϐάνομεν.
1111 828 1357 900 Σύμϐολα
1388 828 1444 881 δὲ
1475 828 1715 902 διαιρετά

129 926 236 990 τὰς
289 929 385 998 τῆς
431 927 650 998 Γραφῆς
695 928 988 994 πολυειδεῖς
1031 929 1373 992 διδασκαλίας
1420 932 1600 1000 φησίν.
1651 932 1713 984 Εἰ

131 1018 270 1085 γοῦν
305 1019 398 1070 καὶ
432 1015 622 1089 πρώην
648 1019 922 1093 ἐλέγομεν,
949 1021 1029 1072 ὄτι
1056 1021 1232 1092 πάσης
1261 1023 1714 1094 ίεραρχίαςρύσία

131 1100 337 1162 animi
363 1107 513 1175 Θεὸς,
542 1098 676 1164 ἀλλά
707 1111 807 1181 τῆς
839 1108 958 1165 καθ’
982 1105 1126 1182 ἡμᾶς
1151 1112 1294 1178 ἰδίως
1322 1116 1411 1167 καὶ
1445 1117 1714 1188 προσεχὴς

130 1199 316 1261 οὐσία,
349 1198 420 1251 τὰ
453 1200 820 1272 θεοπαράδοτα
853 1203 1025 1271 λόγια,
1060 1205 1153 1256 καὶ
1188 1205 1382 1275 μᾶλλον
1413 1207 1616 1262 τούτων
1647 1208 1715 1261 τὰ

133 1289 444 1365 σεπτότατα
473 1291 580 1344 τῶν
611 1293 918 1348 ἀποστόλων
950 1295 1344 1366 διδάγματα.’0
1370 1297 1586 1370 γάρ⁴τῇ
1605 1300 1714 1352 τῶν

131 1382 404 1454 οὐρανίων
440 1385 688 1456 ἱεραρχίᾳ
718 1386 877 1449 αὐτὸς
907 1387 936 1438 ό
968 1383 1118 1454 Θεὸς,
1153 1389 1346 1461 ἀΰλως,
1382 1391 1456 1454 ὡς
1495 1392 1712 1460 ἐφικτὸν

133 1468 350 1547 αὐτοῖς,
376 1473 690 1546 ἑνούμενος,
725 1478 835 1540 καὶ,
865 1473 1067 1552 ταύτην
1117 1479 1412 1546 ἀποτελῶν,
1444 1484 1601 1536 τοῦτο

131 1566 259 1620 καθ’
294 1570 441 1638 ἡμᾶς
474 1572 527 1622 αἱ
563 1570 794 1640 Γραφαὶ,
830 1567 900 1623 δι’
923 1565 997 1625 ὧν
1030 1572 1224 1644 ἔχομεν
1256 1575 1546 1650 ἀνάγεσθαι
1579 1579 1713 1649 πρὸς

130 1657 233 1728 τὴν
278 1659 428 1712 θείαν
475 1652 781 1732 άπλότηταῖ
816 1664 907 1717 καὶ
942 1663 1046 1736 μὴν
1081 1667 1172 1718 καὶ
1203 1665 1272 1718 τά
1296 1667 1401 1719 ὅσα
1445 1668 1509 1720 δι’
1542 1669 1702 1735 ἀῦγο-

130 1750 304 1820 τέρας
341 1752 612 1823 μυήσεως,
641 1753 739 1823 τῆς
773 1756 837 1807 ὲκ
867 1755 960 1806 τοῦ
995 1738 1308 1825 Πνίεύματος
1339 1757 1536 1828 δηλαδὴ
1572 1761 1712 1828 ὲγγι-

131 1842 370 1912 νομένης
413 1846 523 1908 τοῖς
573 1846 889 1910 ἀποστόλοις
934 1847 1186 1914 γνώσεως
1217 1847 1326 1901 τῶν
1357 1850 1457 1920 τῆς
1488 1851 1710 1922 Γραφῆς

131 1935 443 2006 νοημάτων,
479 1937 629 1988 αὐτοὶ
673 1941 786 2001 τοῖς
832 1938 1010 2002 ἄλλοις
1058 1939 1146 1994 διὰ
1188 1940 1363 2010 λόγου,
1402 1945 1710 2016 σωματικοῦ

135 2026 258 2093 μὲν,
294 2026 376 2098 ότι
424 2027 489 2078 δι’
523 2028 768 2098 ὀργάνων
815 2033 1137 2104 σωματικῶν
1171 2033 1435 2103 ἐλέγοντο,
1490 2036 1709 2090 ἀῦλοτὲ-

135 2130 231 2182 pou
265 2116 321 2168 δὲ
342 2117 616 2186 ὅμως-ὅτι
640 2118 779 2188 λόγῳ
818 2122 981 2192 μόνῳ,
1018 2126 1109 2177 καὶ
1140 2125 1228 2178 διὰ
1259 2127 1476 2197 γραφῆς
1496 2134 1509 2149 ⁶
1543 2130 1712 2199 παρέ-

129 2207 294 2260 δοσαν
333 2212 627 2278 μυστικῶς.
665 2214 972 2284 Παρὲδοσαν
1002 2215 1057 2268 δὲ
1089 2217 1259 2272 ταῦτα
1292 2221 1390 2274 οὑκ
1422 2223 1712 2294 ἀπαρακα‹⁵

129 2295 358 2363 λόπτοις
391 2303 656 2374 νοήσεσιν,
693 2304 882 2368 ἀλλ’,ὲν
917 2309 1200 2378 συμϐόλοις
1233 2311 1372 2365 τισὶν
1409 2315 1708 2386 ίεροῖς,όσα

128 2384 332 2456 δηλαδὴ
357 2389 413 2440 ὲν
443 2392 507 2461 τῇ
540 2391 670 2460 ἀγίᾳ
701 2392 990 2467 Ἐκκλησία
1022 2396 1315 2461 τελοῦνται,
1335 2384 1490 2470 λόγον
1519 2403 1707 2472 ἔχοντα

127 2480 223 2532 τοῦ
251 2483 582 2553 φαινομένου
625 2485 948 2558 ὑψηλότερον
994 2490 1086 2542 καὶ
1131 2490 1416 2563 θειότερον.
1449 2496 1619 2550 Τοῦτο
1651 2498 1706 2550 δὲ

131 2578 485 2644 πεποιήκασι,
523 2578 614 2629 καὶ
652 2568 751 2630 οὐκ
783 2580 1134 2650 ἀπεκάλυψαν
1170 2583 1339 2636 ἅπασι
1370 2586 1438 2638 τά
1469 2589 1709 2661 ἀπόκρυ-

132 2681 228 2730 φα,
263 2664 346 2716 ὃτι
377 2666 435 2717 οὐ
472 2668 575 2730 πᾶς
612 2667 774 2740 ἱερὸς,
807 2671 924 2722 οὐδὲ
960 2672 1174 2726 πάντων
1209 2675 1240 2743 ἡ
1275 2675 1505 2742 γνῶσις·
1552 2679 1708 2748 Ὑμῖν

130 2757 239 2823 γὰρ
268 2756 523 2821 δέδοται,
559 2762 720 2832 φησιν
771 2763 808 2834 όὶ
848 2763 1049 2836 Κύριος
1094 2769 1206 2828 τοῖς
1253 2768 1568 2836 ἀποστόλοις
1613 2775 1706 2827 καὶ

1815 573 1936 609 cunt
1987 568 2193 614 mentes
2239 561 2351 615 sint
2391 562 2742 633 incorporeas,
2775 567 3006 634 ipsemet
3050 561 3376 643 intelligens,

1814 657 1871 700 et
1902 648 2023 715 illis,
2058 661 2320 720 quantum
2359 667 2554 723 capere
2580 669 2832 725 possunt,
2851 654 3034 717 factus
3061 664 3376 736 iuteiligibi-

1816 740 1899 806 lis,
1931 740 2072 797 intus
2101 743 2243 812 ipsas
2276 745 2531 801 illustrat.
2566 749 2719 815 Quod
2745 751 2926 822 itaque
2959 755 3080 825 ipsi,
3117 767 3374 830 tanquam

1816 830 2220 900 immateriales,
2249 836 2397 911 unite
2448 837 2648 897 habent
2696 856 2760 895 ac
2796 855 3095 914 compacte,
3125 848 3227 905 hoc
3277 866 3378 906 uos

1816 919 1916 972 sub
1943 920 2232 977 divisorum
2259 925 2621 994 symbolarqu
2666 932 3009 992 multitudine
3057 939 3373 1008 accipimus.

1817 1011 2070 1082 Symbola
2118 1031 2278 1084 porro
2326 1019 2518 1094 divisa,
2551 1034 2710 1076 vocat
2757 1026 3029 1084 doctrinas
3082 1031 3372 1100 Scriptura:

1815 1107 2195 1163 multiformes.
2228 1109 2282 1165 Si
2311 1111 2512 1181 itaque.
2544 1117 2602 1165 ut
2647 1117 2810 1170 etiam
2854 1129 2978 1174 ante
3002 1119 3256 1186 diximus.
3286 1139 3367 1177 es-

1810 1200 1991 1252 sentia
2044 1203 2222 1256 omnis
2275 1204 2595 1264 bierarchie
2642 1207 2781 1262 Deus
2812 1219 2916 1275 est,
2947 1223 3144 1267 nostrae
3197 1227 3375 1270 tamen

1816 1295 2069 1363 proprie,
2100 1298 2251 1364 qua~i
2317 1301 2559 1366 proxima
2605 1303 2855 1365 materia,
2897 1313 3022 1358 sunt
3069 1304 3288 1361 oracula
3343 1322 3373 1361 a

1816 1385 1924 1439 Deo
1950 1389 2166 1448 tradita.
2185 1392 2481 1457 praasertitu
2508 1393 2876 1460 apostolorum
2911 1398 3172 1452 doctrina
3201 1400 3374 1453 maxi-

1816 1493 1902 1531 me
1925 1481 2266 1536 venerandae.
2300 1481 2451 1547 Quod
2485 1487 2625 1539 enim
2666 1486 2877 1541 ealein
2933 1489 3250 1550 liier-archia:
3293 1503 3377 1547 est

1817 1573 1930 1640 ipse
1979 1572 2138 1636 Deus,
2172 1574 2622 1642 immaterialiter,
2656 1583 2832 1646 quoad
2880 1581 2996 1634 ﬁeri
3044 1592 3237 1650 potest,
3273 1586 3374 1654 ipsi

1817 1661 1998 1712 unitus
2041 1675 2267 1731 eamque
2313 1665 2621 1734 perficiens,
2665 1669 2767 1723 liae
2816 1681 3011 1724 nostrae
3058 1671 3376 1727 ltierarcltia:

1815 1760 1939 1803 sunt
1970 1749 2281 1821 Scriptum,
2316 1769 2411 1822 per
2441 1771 2575 1824 quas
2612 1759 2677 1810 ad
2703 1759 2936 1812 divinam
2969 1762 3372 1831 simplicitatem

1813 1843 2162 1908 adducimur;
2190 1850 2265 1898 uti
2311 1855 2362 1899 et
2411 1848 2729 1902 traditiones
2758 1849 2879 1917 illae,
2915 1854 3112 1920 quibus
3155 1855 3376 1908 institu-

1815 1933 1959 1987 tione
1984 1936 2159 2002 magis
2205 1949 2236 1989 ει
2285 1939 2510 1991 materia
2563 1949 2789 2002 semota,
2818 1956 2884 1994 ex
2915 1945 3086 1997 sancti
3137 1945 3374 2016 Spiritus

1815 2025 2090 2091 instinctu,
2127 2027 2351 2096 apostoli
2383 2045 2642 2083 sensuum
2669 2026 2964 2100 Scripturte
2989 2026 3371 2105 cognitionem,

1813 2117 1901 2172 alii
1934 2119 2074 2185 aliis,
2105 2135 2352 2178 sermone
2400 2126 2618 2193 quidem
2663 2140 2948 2196 corporea,
2973 2127 3096 2194 quia
3141 2143 3237 2198 per
3287 2131 3371 2184 itt-

1813 2219 2108 2264 strumenta
2155 2228 2413 2281 corporea
2463 2207 2627 2270 locati
2681 2226 2832 2284 sunt,
2864 2219 3040 2287 magis
3075 2228 3248 2272 tamen
3283 2220 3378 2273 iut-

1816 2297 2103 2368 materiali,
2134 2305 2259 2374 quia
2285 2322 2535 2362 sermone
2564 2308 2680 2363 solo
2712 2319 2766 2364 et
2802 2326 2908 2364 non
2935 2311 3159 2381 scripto,
3193 2311 3377 2382 mysti-

1813 2411 1876 2450 ce
1905 2398 2258 2455 tradiderunt.
2287 2399 2632 2470 Nequaquam
2666 2395 2843 2459 autem
2895 2404 3005 2458 hare
3057 2395 3252 2473 patulis
3289 2406 3370 2459 in-

1817 2488 2122 2557 telligentiis
2155 2492 2515 2559 tradiderunt,
2543 2494 2637 2547 sed
2676 2495 2725 2546 itt
2770 2495 3028 2564 symbolis
3056 2497 3370 2564 quibusdam

1813 2580 2006 2642 sacris,
2039 2596 2158 2649 quae
2190 2581 2442 2635 nimirum
2497 2583 2552 2638 in
2601 2573 2840 2638 Ecclesia
2875 2597 3062 2640 sancta
3095 2585 3373 2641 celebrau-

1816 2679 1921 2734 tur,
1951 2686 2072 2724 cum
2106 2674 2367 2727 rationem
2398 2675 2636 2730 habeant
2663 2691 2728 2731 eo
2768 2678 2909 2746 quod
2951 2687 3172 2747 apparet
3199 2681 3370 2734 subli-

1815 2759 2038 2816 miorem
2088 2772 2247 2831 atque
2289 2765 2626 2820 diviniorem.
2661 2766 2775 2822 lloc
2810 2779 2988 2821 autem
3019 2767 3288 2833 fecerunt,
3319 2777 3374 2823 et

130 2848 243 2908 τοῖς
293 2848 410 2915 μετ’
444 2848 638 2912 αὐτοὺς
681 2850 876 2917 ἁγίοις,
910 2851 1129 2918 γνῶναι
1161 2853 1232 2905 τὰ
1256 2854 1557 2923 μυστήρια
1597 2858 1705 2927 τῆς

1809 2855 2225 2924 haudquaquam
2245 2861 2500 2913 omnibus
2531 2876 2727 2914 arcana
2756 2862 3086 2927 revelarunt,
3111 2866 3234 2932 quia
3264 2877 3370 2919 non

124 2936 452 3003 ,ϐασιλείας
475 2939 578 2993 τοῦ
611 2943 777 2994 Θεου.

1810 2953 1985 3006 onmis
2021 2965 2266 3020 sanctus,
2303 2961 2477 3024 neque
2505 2955 2743 3010 omnium
2786 2957 3010 3025 scientia
3041 2969 3171 3012 est:
3218 2955 3369 3016 Vobis

135 3027 301 3098 166
331 3030 488 3096 enim,
523 3031 692 3099 inquit
718 3033 973 3093 Dominus
1004 3035 1266 3101 apostolis
1289 3046 1343 3093 et
1370 3039 1770 3097 successoribus
1799 3045 2022 3113 sanctis,
2053 3048 2236 3099 datum
2273 3059 2347 3101 eu
2385 3064 2536 3102 nosse
2561 3050 2805 3116 mysteria
2836 3049 3107 3117 regniDci
3125 3050 3173 3103 ιι.

198 3121 226 3191 §
256 3121 319 3173 Υ.
377 3121 708 3190 Ἀναγκαίως
753 3126 931 3178 τοίνυν
963 3129 1010 3178 οί
1049 3129 1182 3198 ἱεροὶ
1213 3130 1518 3201 ἀπόστολοι,
1554 3135 1705 3188 αὐτοὶ

127 3211 564 3283 ἀναπλησθέντες
614 3213 706 3267 τοῦ
763 3215 906 3267 θείου
959 3218 1294 3288 χαρίσματος
1347 3220 1705 3291 (ἔθεὼθησαν

126 3300 236 3370 γὰρ
266 3304 334 3370 τῇ
370 3302 505 3372 πρὸς
537 3303 713 3356 αὐτῶν
748 3305 1083 3374 ἀγαπήσει),
1121 3308 1213 3359 καὶ
1247 3310 1326 3372 είς
1358 3310 1483 3372 τοὺς
1514 3311 1705 3376 ἄλλους

127 3390 524 3461 ἀπεσταλμένοι
572 3391 723 3464 παρά
770 3395 868 3464 τῆς
915 3395 1269 3468 ἀγαθότητος,
1304 3401 1398 3452 καὶ
1446 3401 1598 3459 αὐτοὶ
1644 3404 1702 3456 δὲ

127 3483 224 3560 ᾔδη
263 3482 378 3535 Θεοί
413 3485 714 3552 γεγονότες,
753 3485 826 3556 μὴ
859 3486 1176 3554 φθονοῦντες
1208 3493 1334 3554 τοῖς
1363 3495 1479 3563 μετ’
1511 3495 1703 3557 αὐτοὺς

128 3569 224 3637 τῆς
257 3570 511 3640 τοιαύτης
543 3571 788 3636 θεώσεως
813 3574 1107 3647 (ἀλλότριον
1129 3578 1236 3650 γάρ
1254 3580 1313 3631 τὸ
1330 3579 1586 3652 φθονερὸν
1608 3583 1702 3636 τοῦ

127 3661 306 3732 θεοῦ),
336 3662 610 3734 αἰσθητοῖς
631 3663 698 3716 τά
712 3665 893 3736 νοητά,
913 3668 1005 3719 καὶ
1024 3666 1224 3731 ὑλικοῖς
1240 3669 1306 3723 τὰ
1324 3671 1480 3736 ἄῡλα,
1497 3674 1590 3726 καὶ
1611 3675 1699 3727 ἀν·

129 3749 364 3821 θρώποις
387 3751 454 3804 τὰ
474 3753 614 3815 θεῖα,
637 3754 728 3808 καὶ
748 3756 1036 3826 ἐγγράφως
1059 3758 1155 3810 καὶ
1179 3759 1438 3829 ἀγράφως
1470 3750 1701 3833 παρέδοέ

129 3856 246 3902 σαν,
270 3841 332 3891 οὐ
359 3841 515 3911 μόνον
531 3843 690 3914 χάριν
705 3842 813 3896 τῶν
829 3844 1055 3916 ἀνιέρων
1073 3846 1145 3917 (τί
1161 3846 1268 3919 γὰρ
1285 3850 1413 3918 ἡμῖν
1430 3849 1700 3917 κάκείνοις

129 3931 324 3993 κοινὸν,
349 3933 398 3984 οἳ
423 3933 539 3985 οὐδὲ
562 3933 670 3985 τῶν
698 3934 977 4004 συμϐόλων
999 3936 1168 4006 ψιλῶν
1200 3939 1472 4004 ἀξιοῦνται
1495 3942 1545 4011 ς)
1568 3943 1701 3996 ἀλλά

131 4023 217 4103 καὶ
255 4026 388 4076 καττ
413 4023 567 4078 ἄλλον
613 4026 811 4097 τρόπον
844 4029 924 4080 ὅτι
957 4028 1232 4098 ἀναλόγως
1262 4033 1394 4102 ⁴ἡμῖν
1427 4033 1700 4103 αἰσθητοῖς

127 4099 260 4174 οὖσι,
298 4113 393 4165 καὶ
441 4114 689 4184 αἰσθήσει
740 4105 891 4180 ζῶσι,
928 4118 1022 4171 καὶ
1068 4120 1099 4188 ἡ
1155 4099 1401 4191 ἱεραρχία
1445 4099 1695 4178 τελεῖται.

129 4203 199 4253 Οὐ
231 4203 340 4274 γὰρ
372 4197 481 4256 οἷόν
511 4222 571 4256 τε
602 4209 825 4277 γυμνοῖς
858 4209 1038 4272 αὐτοῖς
1079 4212 1192 4274 τοῖς
1239 4212 1400 4276 θείοις
1445 4217 1699 4286 πράγμα-

131 4311 208 4344 σιν
239 4297 612 4366 ἐντυγχάνειν,
647 4300 742 4380 καὶ
792 4300 996 4370 νοητῶς
1031 4303 1412 4368 συνάπτεσθαι,
1447 4308 1696 4380 αἰσθήσει

1876 3137 1908 3209 ᾖ
1949 3139 2010 3194 ν.
2053 3139 2370 3195 Necessario
2433 3141 2595 3210 igitur
2647 3149 2826 3195 sancti
2876 3142 3105 3210 apostoli
3155 3142 3369 3214 ἱρεῖαι,οι

1804 3229 1988 3285 divino
2016 3245 2238 3285 munere
2274 3231 2420 3302 pleni
2449 3234 2569 3300 (per
2592 3216 3109 3298 dilectionemeuint
3133 3234 3366 3287 deiﬁcati

1805 3326 1980 3390 erant)
2012 3328 2066 3375 et
2113 3323 2179 3376 ad
2236 3323 2370 3377 alios
2411 3323 2479 3379 ab
2514 3323 2626 3391 ipsa
2660 3322 2900 3378 bonitate
2937 3324 3110 3389 missi,
3155 3326 3282 3394 quin
3315 3337 3368 3380 et

1805 3411 1902 3480 ipsi
1925 3413 2035 3480 jam
2068 3415 2141 3468 dii
2172 3415 2332 3478 iacti,
2355 3415 2764 3471 successoribus
2807 3415 3116 3478 istiusmodi
3147 3416 3366 3471 deifica-

1807 3502 2010 3556 tianem
2035 3503 2258 3557 minime
2292 3504 2597 3559 invidentes
2635 3503 2834 3566 (aliena
2879 3505 3021 3559 enim
3039 3505 3252 3568 invidia
3283 3514 3365 3559 est

1803 3609 1832 3646 a
1862 3593 2032 3660 Deol,
2057 3595 2411 3652 'sensibilibus
2440 3597 2799 3663 intellectiiia,
2829 3607 2885 3652 et
2929 3599 3228 3652 materiatis
3263 3600 3364 3653 im-

1802 3685 2124 3750 materialia,
2155 3695 2209 3742 et
2238 3688 2545 3743 hominibus
2575 3688 2775 3752 divina,
2820 3697 2929 3743 tam
2959 3690 3163 3756 scripto
3198 3703 3361 3758 quam

1801 3791 1908 3830 non
1943 3778 2143 3845 scripto
2176 3778 2534 3843 tradiderunt,
2569 3795 2671 3834 non
2705 3790 2924 3848 propter
2960 3781 3218 3848 profanos
3250 3791 3362 3845 tau-

1803 3874 1910 3918 tum
1942 3867 2093 3934 (quid
2117 3869 2260 3921 enim
2290 3868 2444 3923 nobis
2463 3877 2516 3923 et
2537 3870 2641 3924 illis
2663 3885 2971 3947 conimune,
2998 3871 3089 3938 qui
3123 3886 3189 3925 ne
3214 3885 3360 3939 synt-

1799 3949 1940 4009 bolis
1989 3957 2206 4027 quidem
2265 3958 2423 4012 nudis
2487 3960 2640 4028 digni
2697 3969 2821 4012 sunt
2870 3960 3112 4029 habiti?)
3169 3975 3358 4014 verum

1799 4050 1962 4104 etiam
1991 4050 2058 4104 ab
2090 4051 2248 4105 aliam
2282 4053 2571 4119 rationem,
2601 4056 2743 4121 quod
2772 4054 3023 4107 nimirum
3058 4068 3360 4122 congruen-

1799 4152 1879 4196 ter
1921 4143 2076 4196 nobis
2123 4158 2283 4197 sensu
2328 4145 2628 4198 viventibus
2650 4154 2704 4198 et
2730 4145 3001 4199 sensitivit~
3031 4144 3354 4206 .hierarcltia

1800 4231 2259 4286 subministretur.
2295 4230 2411 4285 Non
2457 4235 2600 4286 enim
2631 4249 2727 4302 par
2752 4243 2860 4298 est,
2892 4245 2952 4288 ut
2984 4234 3038 4289 bi
3073 4235 3163 4302 qui
3186 4251 3354 4291 sensu

1800 4325 2010 4388 vivunt,
2046 4325 2214 4386 nudas
2253 4325 2399 4395 ipsas
2431 4339 2517 4379 res
2542 4326 2755 4380 divinas
2787 4325 3153 4395 frequentant,
3192 4340 3246 4382 et
3273 4327 3355 4384 itt-

130 4387 362 4452 ζῶντας·
403 4389 490 4441 διὰ
518 4368 680 4442 τοῦτό
723 4391 810 4444 διά
856 4368 1136 4462 συμϐόλων
1166 4395 1433 4451 τελεῖσθαι
1467 4368 1696 4472 ἐτάχθη-

1812 4368 2010 4388 .......-,
2047 4368 2213 4386 ...η-,ε
2254 4368 2398 4395 Ὗ---
2432 4368 2517 4379 η-
2544 4368 2755 4380 ...,......,
2787 4368 3153 4395 ...,.,..-..,......,
3193 4368 3246 4382 υ.

1800 4414 2172 4470 tellectualiter
2202 4416 2270 4470 iis
2295 4417 2724 4487 coniungantur;
2763 4418 2966 4474 ideirco
2995 4434 3090 4486 per
3115 4418 3352 4489 sytubola

130 4495 239 4545 μεν.
271 4480 422 4542 Τέως
455 4481 510 4532 δὲ
542 4481 689 4552 ὅμως
721 4485 769 4535 οἱ
802 4484 909 4537 τῶν
946 4486 1223 4556 συμϐόλων
1255 4487 1399 4556 λόγοι
1433 4490 1508 4541 οὗ
1529 4493 1690 4544 πᾶσίν

1795 4507 1925 4576 iussi
1973 4523 2159 4563 sumus
2206 4509 2428 4566 initiari.
2463 4512 2842 4566 Verumtamen
2873 4527 2938 4564 ne
2963 4512 3103 4582 ipsas;
3137 4511 3352 4581 quidem

128 4570 256 4621 εἰσιν
287 4572 795 4644 ἀνακεκαλυμμένοι
822 4578 912 4629 καὶ
936 4577 1216 4648 γνώριμοι,
1240 4579 1373 4634 ἀλλά
1394 4585 1503 4646 τοῖς
1529 4585 1692 4652 ἱεροῖς

127 4659 396 4730 ἀνδράσιν,
430 4662 535 4726 οὓς
570 4665 628 4716 οὺ
678 4664 892 4735 θεμιτόν
941 4669 1086 4721 ἐστιν
1120 4670 1346 4740 ἐξάγειν
1391 4670 1580 4737 αὐτοὺς
1613 4676 1688 4737 εἰς

128 4751 243 4812 τοὺς
291 4751 377 4804 ἔτι
428 4756 880 4825 κατηχουμένους,
917 4757 1142 4823 εἰδότας,
1178 4762 1257 4814 ὅτι
1309 4765 1690 4834 προσηκόντως

128 4841 331 4912 ἑκάστῳ
377 4844 518 4897 κατὰ
562 4848 662 4918 τὴν
706 4848 962 4919 οὐρανίαν
1006 4852 1158 4916 τάξιν
1199 4853 1296 4924 τὴν
1329 4856 1690 4926 εὐσταθῆ.καί

128 4932 469 5004 ἀσύμφυρτον
511 4937 785 5007 ἀναλόγως
839 4941 940 5012 τὴν
993 4944 1116 4996 καθ’
1159 4947 1304 5014 ἡμᾶς
1359 4947 1686 5010 διετάξαντο.

126 5025 207 5076 Διὸ
239 5027 482 5091 πεισθεὶς
511 5027 630 5092 ταῖς
661 5031 970 5101 ὁμολογίαις
1002 5039 1120 5099 ταῖς
1155 5041 1292 5100 σαῖς,
1332 5037 1406 5100 ὡς
1439 5040 1534 5108 οὐχ
1566 5040 1688 5091 ἑτέ-

129 5133 199 5185 ρῳ
232 5118 586 5186 μεταδώσεις,
623 5123 671 5173 εἰ
707 5122 781 5192 μὴ
815 5128 926 5187 τοῖς
971 5127 1110 5179 κατὰ
1159 5129 1216 5178 σὲ
1251 5131 1445 5198 ἱεροῖς·
1482 5131 1577 5181 καὶ
1607 5131 1688 5183 ὅτι

127 5209 400 5272 κάκείνους
449 5211 719 5284 ἀσφαλίσῃ
761 5214 1034 5281 τοιούτους
1084 5212 1222 5270 εἶναι
1271 5221 1398 5289 περὶ
1442 5219 1508 5271 τὰ
1541 5219 1686 5284 θεῖα,

127 5291 223 5362 oio;
257 5303 318 5354 σὺ
353 5301 513 5363 αὐτὸς
545 5297 680 5356 εἶναι
715 5305 840 5375 περὶ
871 5303 1040 5359 ταῦτα
1075 5309 1326 5378 ὑπισχνῇ,
1363 5310 1454 5361 καί⁷
1494 5309 1682 5362 τούτου

1793 4598 2163 4668 symbolarum
2187 4601 2424 4654 rationes
2449 4602 2700 4656 omnibus
2730 4610 2854 4654 sunt
2884 4601 3133 4655 revelata
3163 4615 3227 4655 ac
3257 4615 3354 4653 no-

1798 4699 1883 4752 tae,
1916 4683 2007 4744 sed
2039 4689 2168 4744 viris
2199 4693 2427 4755 sanctis,
2451 4693 2651 4760 quibus
2683 4707 2786 4745 non
2814 4692 2937 4745 licet
2958 4706 3052 4764 eqs
3081 4704 3352 4766 expauere

1795 4781 1860 4836 iis
1887 4783 1978 4851 qui
2007 4785 2182 4837 adhuc
2215 4784 2617 4849 catecltumeni;
2651 4799 2773 4837 cum
2796 4784 2935 4836 seire
2963 4783 3197 4836 debeant
3218 4796 3373 4835 cou-'

1795 4875 2075 4928 venienter
2108 4875 2419 4943 unicuique,
2451 4875 2748 4929 secundum
2780 4874 3024 4928 ordinem
3073 4874 3346 4929 caelestem

1793 4965 2033 5022 stabilem
2063 4975 2117 5018 et
2143 4966 2508 5031 inconfusum,
2534 4966 2596 5018 ad
2624 4974 2834 5034 captum
2863 4966 3342 5020 nostrumbierar-

1794 5056 1968 5109 cltiam
1995 5057 2164 5125 ipsam
2192 5057 2493 5112 ordinatam
2526 5072 2663 5116 esse.
2690 5055 3214 5124 QuaprOpter.etiatn
3242 5058 3346 5111 tuis

1793 5146 1904 5213 ipse
1955 5146 2383 5216 professionibus
2433 5162 2728 5217 persuasus
2770 5163 2850 5210 es,
2883 5161 2949 5201 ne
2993 5147 3135 5202 illam
3187 5147 3341 5202 alteri

1795 5239 2001 5303 tradas,
2034 5250 2394 5308 pratterquam
2427 5241 2508 5294 tui
2527 5239 2796 5294 similibus
2825 5240 3055 5304 sanctis;
3086 5247 3140 5293 et
3169 5240 3236 5295 ab
3264 5242 3344 5295 eis

1792 5337 1939 5394 petes
1968 5332 2296 5395 cautionem,
2337 5331 2482 5399 ipsos
2511 5331 2656 5385 circa
2688 5331 2867 5385 divina
2903 5329 3036 5386 tales
3064 5329 3343 5400 fore,qua-

131 5392 443 5461 μεταδίδωμί
481 5410 560 5446 σοι
589 5394 682 5446 τοῦ
715 5394 906 5467 δώρου.

1795 5392 1890 5470 lem
1922 5419 2034 5486 ipse
2064 5430 2114 5476 te
2137 5392 2291 5477 circa
2313 5392 2496 5476 eadem
2525 5421 2643 5480 fore
2670 5421 2939 5489 recepisti,
2973 5421 3130 5485 idque
3153 5437 3342 5477 mune-

1785 5510 1860 5564 ris
1889 5509 1983 5564 tibi
2015 5512 2187 5566 trado.

194 5631 216 5670 ι
246 5632 408 5686 Marc.
447 5649 522 5699 tv,
551 5634 638 5688 Η.

192 5724 206 5740 ‘
235 5733 367 5792 Lege
396 5723 489 5774 καὶ
516 5724 576 5775 οὐ
611 5724 696 5776 διὰ
724 5731 952 5800 γραφῆς.
987 5730 1041 5787 lu
1080 5744 1221 5788 textu
1249 5735 1388 5788 enim
1424 5735 1482 5790 S.
1527 5737 1707 5806 Diony:

131 5805 257 5845 ores.
289 5793 443 5847 Ean.
471 5792 707 5849 PATROL.

1814 5735 2012 5803 legitur
2059 5740 2210 5801 ἐκτὸς
2261 5739 2497 5809 γραφῆς.
2536 5740 2879 5809 Negatin
2909 5757 2968 5792 ου
3001 5740 3125 5809 legit
3165 5741 3344 5797 interr

187 5809 257 5845 «ἐξ.
289 5809 443 5847 ΕιΒΙΤ.
471 5809 707 5849 I’ATROL.
