4162 6304
151 423 255 481 397

1208 424 1296 479 DE
1331 422 1612 480 ECCLES.
1649 423 2045 489 HlERARCH..
2085 426 2236 482 CAP.
2275 426 2340 480 11.

3290 421 3392 484 598

1655 542 1681 613 §
1717 540 1880 603 VIII.

222 677 408 733 Ταῦτα
437 678 495 734 δὲ
518 679 739 743 τελέσας
765 681 870 734 ἀπὸ
894 682 992 753 τῆς
1019 681 1111 734 ἐπὶ
1143 680 1212 734 τὰ
1231 681 1454 753 δεύτερα
1487 685 1730 756 προόδου,

1913 685 2070 755 170
2099 684 2190 740 His
2239 685 2342 740 rite
2391 684 2646 754 peractis,
2677 699 2705 738 a
2752 700 2848 740 suo
2896 687 2961 740 ad
2991 687 3225 741 secunda
3273 701 3396 754 pro-

151 771 317 825 πάλιν
351 773 442 824 ἐπὶ
469 772 566 840 τὴν
587 770 696 823 τῶν
737 771 966 842 πρώτων
1005 772 1338 826 ἀνατείνεται
1373 774 1622 845 θεωρίαν,
1658 777 1732 841 ὠς

151 861 298 914 κατὰ
326 861 527 932 μηδένα
553 861 743 932 καιρὸν
777 862 808 931 ἢ
842 863 1062 934 τρόπον,
1089 864 1176 916 ἐπ’
1215 863 1477 936 ἀλλοτρίῳ
1497 868 1606 918 τινὶ
1633 886 1734 920 πα-

151 953 224 1024 ρὰ
248 953 316 1006 τὰ
340 955 511 1007 οἰκεῖα
532 956 1001 1024 τρεπόμενος,άλλ’
1020 958 1126 1010 ἀπὸ
1157 957 1314 1011 θείων
1339 961 1417 1022 εἰς
1445 959 1561 1013 θεῖα
1576 979 1735 1033 προσ-

150 1044 294 1113 εχῶς
342 1045 437 1098 καὶ
486 1045 571 1101 ἀεὶ
636 1046 714 1112 τῷ
763 1047 1038 1120 θεαρχικῷ
1083 1050 1360 1121 Πνεύματι
1404 1054 1723 1123 μεταταττό-

149 1149 334 1203 μενος.

759 1249 848 1304 ΠΙ.
895 1254 1142 1321 Θεωριαέ

1836 792 2048 846 gressu,
2076 778 2141 830 ad
2170 792 2348 831 rerum
2381 778 2574 830 iterum
2601 777 2992 846 praecipuarum
3015 779 3249 850 exigitur
3273 793 3398 832 cnn-

1839 868 2267 937 templationem,
2295 882 2363 922 ne
2394 867 2500 921 ullo
2528 877 2768 938 tempore
2800 869 2882 924 vel
2919 869 3077 923 modo
3121 870 3394 937 quidpiam

1837 973 1865 1011 a
1895 960 2010 1013 suis
2037 958 2299 1013 institutis
2331 967 2524 1012 tractet
2564 959 2822 1024 alienum,
2873 961 2965 1014 sed
3011 959 3228 1014 assidue
3273 973 3397 1028 per-

1837 1061 2110 1120 petuoque
2135 1051 2302 1106 divini
2337 1051 2571 1121 Spiritus
2599 1053 2758 1106 ductu
2788 1067 2817 1106 a
2865 1050 3063 1107 divinis
3104 1052 3174 1107 ad
3217 1052 3396 1107 divina

1840 1143 2275 1202 transformetnr.

2349 1252 2438 1307 Ill.
2479 1252 2879 1322 Contemplatio.

1716 1413 1825 1488 §I.

216 1602 370 1675 Αὕτη
408 1604 504 1675 μὲν
551 1598 644 1658 οὖν
690 1604 754 1668 ’⁸,
796 1605 872 1670 ὡς
915 1608 971 1659 ὲν
1015 1605 1319 1678 συμϐόλοις,
1440 1606 1539 1677 τῆς
1576 1608 1722 1678 ἱερᾶς

1904 1603 2028 1658 Haec
2079 1605 2130 1657 in
2172 1604 2344 1658 sacris
2369 1604 2628 1674 symbolis
2675 1605 2868 1659 divinze
2894 1606 3267 1675 generationis
3301 1607 3399 1661 ini-

145 1693 339 1764 τελετὴ
376 1694 712 1764 Θεογενεσίας
739 1696 802 1758 ¹⁹,
832 1696 982 1748 οὐδὲν
1016 1682 1257 1766 ἀπρεπὲς
1282 1696 1314 1766 ἢ
1344 1696 1576 1767 ἀνίερον,
1605 1698 1726 1750 οὐδὲ

1833 1697 1990 1752 tiatio
2017 1697 2152 1752 nihil
2181 1698 2422 1753 indecori
2467 1698 2548 1753 vel
2591 1697 2801 1768 profani
2850 1700 2980 1766 quin
3028 1715 3126 1753 nec
3169 1702 3397 1755 scnsiles

141 1787 258 1838 τῶν
285 1786 558 1857 αἰσθητῶν
591 1789 634 1818 ¹⁰
660 1787 858 1857 ἔχουσα
891 1787 1132 1851 εἰκόνων,
1167 1787 1280 1840 ἀλλ’
1319 1787 1558 1852 ἀξιοθέου
1595 1787 1727 1840 θεω-

1837 1789 2038 1858 ﬁguras
2081 1791 2360 1854 continet,
2405 1791 2497 1843 sed
2545 1790 2653 1845 Deo
2703 1791 2876 1859 dignae
2925 1791 3396 1857 contemplationis

141 1879 274 1950 ρίας
305 1871 601 1950 αἰνίγματα
647 1883 893 1949 φυσικοῖς
926 1882 1017 1933 καί
1054 1880 1572 1952 ἁνθρωποπρεπέσιν
1611 1880 1729 1932 ἐσό-

1831 1881 2117 1949 tenigmata
2150 1881 2202 1934 in
2232 1879 2566 1935 naturalibus
2603 1881 2669 1934 ad
2697 1889 2911 1947 captum
2963 1879 3242 1933 hominum
3276 1895 3397 1948 spe-

142 1988 347 2042 πτροις
370 1973 759 2042 εἰκονιζόμενα.
800 1972 864 2024 Τί
896 1972 1002 2043 γὰρ
1039 1973 1102 2026 ἂν
1132 1972 1323 2042 φανείη
1357 1974 1398 2002 ’ί
1431 1972 1729 2042 διαμαρτά-

1833 1973 1968 2026 culis
2000 1971 2250 2041 elligiata.
2290 1973 2429 2038 Quid
2471 1972 2614 2026 enim
2661 1973 2707 2024 ei
2740 1971 2976 2026 defuisse
3004 1971 3277 2036 videatur,
3310 1972 3394 2024 di-

147 2079 339 2125 νουσα,
379 2063 584 2116 καὶτοῦ
613 2061 886 2134 θειοτέρου
920 2062 1080 2130 λόγου
1127 2063 1236 2115 τῶν
1278 2062 1614 2132 τελουμένων
1654 2079 1734 2114 σε-

149 2170 280 2223 σιγη
289 2154 472 2224 μένου,
494 2154 669 2206 πειθοῖ
685 2155 776 2206 καὶ
789 2151 1195 2225 θεορρημοσυνῃ
1210 2151 1409 2222 τὴντοῦ
1425 2151 1734 2223 προσιόντος

140 2244 572 2315 εὐξωῖαν-ίερῶς
613 2246 1219 2317 διαπραγματευομένη,
1258 2247 1350 2298 καὶ
1381 2246 1479 2318 τὴν
1515 2247 1735 2314 ἀπάσης

138 2332 286 2404 ὁμοῦ
312 2335 508 2398 κακίας
531 2337 600 2387 δι’
618 2337 870 2407 ἐναρέτου
897 2339 989 2390 καὶ
1013 2337 1158 2400 θείας
1176 2337 1316 2406 ζωῆς
1338 2337 1732 2408 ἀποκάθαρσιν,

144 2429 215 2498 τῇ
251 2426 317 2477 δι’
348 2425 536 2490 ὓδατος
557 2432 762 2500 ,φυσικῇ
798 2429 1081 2501 καθάρσει,
1108 2430 1557 2501 σωματικώτερον
1588 2431 1735 2502 αὐτῷ

140 2518 543 2587 διαγγέλλουσα
555 2537 570 2584 ;

221 2610 372 2681 Αὐτὴ
397 2613 442 2642 ¹¹
482 2612 525 2664 δ’
559 2607 672 2676 οὖν,
707 2614 755 2665 εἰ
795 2613 888 2666 καὶ
927 2613 1090 2683 μηδέν
1125 2629 1178 2664 τι
1223 2611 1487 2684 θειότερον
1523 2609 1664 2683 εἶχεν
1698 2615 1730 2685 ἡ

146 2701 263 2756 τῶν
296 2703 634 2773 τελουμένων
669 2705 964 2774 συμϐολικὴ
1010 2704 1336 2774 παράδοσις,
1373 2705 1470 2755 οὐκ
1521 2703 1733 2774 ἁνίερος

146 2789 252 2865 ἦν,
288 2794 364 2857 ὼς
420 2791 590 2866 οἶμαι,
631 2795 973 2848 διδασκαλίαν
1011 2795 1108 2865 μὲν
1153 2793 1368 2846 εὐθέτου
1399 2793 1546 2864 ζωῆς
1586 2795 1732 2862 εἰση-

148 2886 417 2958 γουμένη,
446 2888 545 2958 τὴν
568 2888 806 2957 παντελῆ
834 2888 888 2940 δὲ
912 2887 1012 2957 τῆς
1035 2890 1090 2939 ὲν
1104 2887 1269 2957 κακίᾳ
1302 2885 1574 2948 πολιτείας
1590 2886 1726 2938 ἁπο-

1833 2063 2028 2118 viniori
2059 2064 2221 2116 etiam
2251 2063 2631 2132 mysteriorum
2662 2062 2878 2115 silentio
2909 2077 3201 2130 suppressa
3230 2062 3396 2114 ratio-

1833 2170 1920 2221 ne,
1952 2170 2073 2209 eum
2100 2155 2281 2208 divina
2311 2154 2650 2209 institutione
2675 2155 2806 2207 satis
2833 2156 3024 2223 probet
3059 2153 3393 2215 accedentis,

1832 2259 1991 2312 quam
2024 2253 2211 2299 sancte
2253 2253 2530 2315 operatur,
2581 2247 2704 2300 vitae
2751 2246 3151 2315 integritatem,
3199 2253 3254 2300 et
3300 2260 3397 2313 per

1831 2336 1996 2389 vitam
2030 2337 2253 2406 probam
2291 2352 2356 2392 ac
2379 2338 2636 2404 divinam,
2666 2338 2938 2393 universae
2968 2338 3129 2393 simul
3176 2337 3397 2393 malitiae

1827 2429 2324 2498 perpurgationem,
2372 2430 2602 2484 naturali
2649 2431 3029 2486 emundatione
3076 2444 3228 2499 aqua:
3273 2445 3395 2484 cor-

1832 2520 2070 2589 poralins
2100 2519 2195 2586 ipsi
2225 2520 2540 2574 denuntiet?

1905 2608 1974 2665 Ut
2001 2611 2181 2681 itaque
2196 2612 2490 2681 symbolica
2520 2613 2881 2667 initiationum
2897 2613 3116 2667 traditio
3136 2613 3270 2666 nihil
3293 2617 3396 2666 hoc

1835 2703 2069 2758 divinius
2109 2705 2356 2768 haberet,
2392 2718 2752 2774 nequaquam,
2781 2717 2837 2759 ut
2865 2721 2991 2760 reor
3017 2721 3212 2773 expers
3250 2717 3397 2761 esset

1829 2793 2154 2859 sanctitatis,
2181 2808 2300 2847 cum
2331 2805 2384 2850 et
2435 2807 2579 2849 recte
2612 2797 2821 2850 vivendi
2856 2797 3190 2864 disciplinam
3228 2797 3396 2851 intro-

1828 2887 2014 2950 ducat,
2035 2895 2089 2939 et
2109 2887 2473 2941 omnimodam
2499 2889 2550 2942 in
2577 2888 2722 2942 vitiis
2750 2897 3038 2943 transacta:
3062 2889 3183 2942 vita:
3205 2901 3396 2942 emun-

148 2978 443 3049 κάθαρσιν,
475 2980 668 3042 ὁλικῶς
707 2979 786 3050 τῷ
834 2978 1042 3049 σώματι
1077 2977 1456 3049 καθαιρομένῳ
1484 2977 1725 3047 φυσικῶς

1831 2977 2117 3042 dationem,
2155 2987 2268 3033 toto
2321 2995 2551 3049 corpore
2583 2995 2722 3052 aqua
2773 2982 2989 3051 penitus
3037 2992 3395 3052 perpurgato,

147 3076 222 3129 δι’
251 3075 441 3139 ὓδατος
465 3077 836 3146 αἰνισσομένη.

1822 3068 2142 3123 naturaliter
2167 3067 2428 3124 insinuet.

1727 3226 1864 3302 gn.

237 3415 380 3468 Ἀλλ»
408 3413 545 3468 εστι.
565 3415 662 3486 μὲν
697 3414 832 3486 αὕτη
1003 3414 1248 3468 ἀτελέσιν
1272 3413 1604 3485 εισαγωγικὴ
1629 3415 1730 3484 ψυ-

1910 3413 2107 3469 Veru-m
2135 3415 2331 3484 sitlhzec
2359 3415 2574 3485 quidem
2608 3417 2911 3474 mdiorib’us
2935 3417 3260 3474 introductio
3285 3421 3394 3489 spi-

148 3508 424 3576 χαγωγία,
452 3508 521 3560 τά
554 3523 613 3558 τε
652 3507 938 3578 ἰεραρχικὰ
961 3508 1053 3561 καὶ
1095 3503 1298 3576 ένοειδλῆ
1338 3506 1434 3577 τῆς
1474 3506 1730 3577 πληθύος,

147 3599 232 3662 ὡς
267 3598 444 3668 θέμις,
479 3599 980 3663 ἀποδιαστέλλουσα,
1031 3599 1123 3653 καὶ
1174 3599 1556 3670 συμμετροῦσα
1607 3601 1728 3661 ταῖς

143 3691 299 3746 κατά
346 3692 509 3762 μέρος
559 3691 772 3757 τάξεσιν
818 3695 918 3763 τὴν
964 3692 1278 3763 ἐναρμόνιον
1330 3692 1615 3762 ἀναγωγήν
1641 3692 1686 3722 ³³
1715 3709 1727 3722 ·

149 3784 320 3852 ἡμεῖς
349 3782 426 3845 δὲ,
462 3782 785 3835 ἀναϐάσεσιν
823 3785 990 3854 ἱεραῖς
1016 3783 1108 3835 ἐπὶ
1132 3785 1230 3845 τὰς
1263 3782 1371 3834 τῶν
1394 3781 1729 3852 τελουμένων

150 3873 332 3945 ἀρχὴ
373 3874 790 3942 ἀναϐλέψαντες,
831 3876 924 3927 καὶ
971 3873 1172 3938 ταύτας
1212 3874 1372 3944 ίερῶς
1413 3872 1728 3944 μυηθέντες,

153 3965 570 4035 ὲπιγνωσόμεθα
601 3967 760 4019 τίνων
786 3967 890 4018 εἰσὶ
913 3969 1270 4038 χαρακτήρων
1298 3965 1366 4018 τὰ
1405 3964 1730 4036 ἐκτυπώμα-

152 4075 246 4120 τα,
295 4058 387 4110 καὶ
421 4059 581 4110 τίνων
622 4057 845 4127 ἀφανῶν
883 4061 937 4112 αἱ
967 4059 1191 4123 εἰκόνες.
1225 4060 1380 4112 Ἔστι
1423 4059 1551 4132 γὰρ,
1577 4057 1651 4123 ὡς
1673 4059 1730 4111 ἐν

149 4154 222 4220 τῇ
249 4152 388 4218 Περί
422 4150 652 4217 νοητῶν
695 4168 758 4205 τε
792 4154 889 4205 καὶ
920 4151 1218 4220 αἰσθητῶν
1257 4150 1603 4223 πραγματείᾳ
1639 4166 1732 4202 σα-

153 4245 274 4313 φῶς
299 4243 662 4313 διηγόρευται,
690 4242 759 4296 τὰ
793 4243 890 4315 μὲν
933 4243 1202 4314 αἰσθητῶς
1228 4245 1347 4316 ἱερὰ
1383 4245 1488 4296 τῶν
1525 4241 1731 4315 νοητῶν

153 4336 609 4407 ἀπεικονίσματα,
646 4339 742 4392 καὶ
774 4337 859 4390 ἐπ’
904 4337 1041 4391 αὐτὰ
1084 4338 1416 4410 χειραγωγία
1459 4337 1553 4390 καὶ
1577 4336 1692 4400 ὁδός
1717 4353 1728 4365 ·

151 4430 227 4485 τὰ
255 4431 312 4483 δὲ
347 4427 532 4500 νοητὰ,
566 4428 676 4483 τῶν
709 4431 828 4482 κατ’
856 4428 1103 4500 αἴσθησιν
1127 4428 1453 4501 ίεραρχικῶν
1477 4429 1617 4499 ἀρχὴ
1641 4430 1730 4482 καὶ

156 4524 354 4587 ὲπιστή
362 4539 461 4592 μη.

1830 3508 2021 3569 ritalis,
2055 3522 2173 3576 quae
2198 3518 2250 3562 et
2297 3519 2631 3562 sacramenta
2685 3518 2875 3565 sancta
2941 3519 3103 3579 atque
3144 3505 3348 3566 unitiva
3374 3556 3390 3580 ,

1834 3601 1909 3654 uti
1933 3600 2017 3653 fas
2040 3611 2139 3663 est,
2168 3615 2196 3654 a
2224 3602 2542 3668 promiscuis
2568 3602 2877 3670 distinguat,
2907 3613 2960 3658 et
2997 3604 3221 3674 singulis
3247 3604 3394 3659 ordi-

1833 3694 1990 3748 nibus
2017 3695 2474 3761 accommodatam
2498 3693 2781 3747 concinnet
2807 3694 3268 3752 sublimationem:
3296 3713 3393 3752 nos

1833 3796 2048 3847 autem,
2095 3800 2216 3839 cum
2261 3785 2431 3838 sacris
2477 3785 2881 3840 ascensionihus
2931 3797 3391 3842 sacramentorum

1833 3876 2091 3946 principia
2138 3873 2588 3942 contemplantes,
2615 3888 2767 3928 sacro
2792 3875 2976 3929 eadem
3001 3875 3179 3931 alllatu
3206 3893 3392 3943 perce-

1831 3969 2101 4038 perinms,
2151 3979 2536 4035 cognoscemus
2580 3979 2807 4032 quorum
2859 3965 3234 4023 characterum
3284 3969 3395 4024 sint

1830 4059 2069 4130 elligies,
2118 4069 2173 4113 et
2222 4073 2449 4127 quarum
2499 4073 2678 4112 rerum
2740 4059 3070 4114 occultarum
3130 4061 3393 4131 imagines

1831 4151 2087 4205 existant.
2120 4148 2188 4205 Ut
2210 4150 2351 4202 enim
2384 4149 2437 4203 in
2466 4148 2640 4218 Opere
2666 4149 2742 4204 De
2763 4151 3178 4221 intelligibilibus
3198 4171 3260 4207 ac
3281 4171 3392 4208 scn-

1828 4244 2015 4298 silibus
2039 4242 2320 4310 perspicue
2356 4241 2681 4297 declaratum
2727 4253 2843 4310 est,
2890 4245 3160 4300 sensibilia
3204 4262 3388 4302 saera-

1833 4345 2038 4398 menta,
2066 4334 2349 4390 simulacra
2375 4342 2499 4388 sunt
2539 4335 2976 4404 intelligibilium,
3021 4339 3087 4392 ad
3129 4354 3248 4408 qua:
3275 4357 3389 4394 ma-

1833 4430 2107 4482 nuducunt
2148 4441 2210 4481 ac
2245 4427 2384 4479 viam
2424 4434 2701 4492 sternunt;
2734 4428 3082 4497 intelligibilia
3126 4446 3391 4497 vero,-sa-

1848 4569 1856 4574 .
1897 4527 2229 4572 amentorum
2279 4515 2611 4572 sensibilium
2680 4519 3001 4589 principium
3052 4531 3178 4577 sunt
3228 4533 3390 4594 atque

1831 4608 2077 4665 scientia.

1703 4769 1872 4842 μη.

311 4939 571 5007 Λέγωμεν
603 4938 779 4989 τοίνυν
802 4935 868 4998 ³⁸,
903 4937 977 4999 ὡς
1009 4938 1155 4988 ἔστιν
1187 4936 1219 5006 ὴ
1247 4934 1342 5004 τῆς
1384 4932 1531 4996 θείας
1558 4949 1730 5004 μακα-

1906 4932 2141 4986 Dicimus
2178 4931 2378 5001 itaque,
2425 4929 2620 4986 divina
2673 4930 3019 4987 beatitudinis
3064 4932 3385 5000 bonitatem,

163 5029 411 5097 ριότητος
433 5025 700 5095 άγαθότης
727 5027 813 5078 ἀεὶ
837 5025 976 5079 κατὰ
997 5025 1166 5078 ταύτὰ
1189 5026 1280 5077 καὶ
1310 5024 1565 5087 ὡσαύτως
1588 5023 1730 5093 έχου-

1833 5027 2074 5081 eamdem
2103 5040 2316 5092 semper
2338 5033 2394 5079 et
2415 5024 2601 5080 eodem
2627 5024 2788 5080 modo
2812 5039 2871 5079 se
2893 5025 3198 5090 habentem,
3224 5027 3387 5081 benc-

165 5138 236 5174 σα
266 5122 365 5184 τὰς
401 5120 495 5173 τοῦ
528 5119 728 5172 οἰκείου
783 5119 957 5188 φωτὸς
998 5118 1448 5189 ἀγαθοεργέτιδας
1492 5119 1734 5181 ἀκτῖνας,

164 5215 260 5268 ἐπὶ
315 5215 490 5278 πάσας
539 5213 780 5282 ἀφθόνως
844 5210 1091 5265 άπλοῦσα
1155 5211 1254 5274 τὰς
1319 5210 1509 5282 νοερὰς
1564 5210 1733 5278 ὄψεις.

164 5308 281 5364 Εἶτ’
306 5303 400 5360 οὖν
423 5308 466 5338 ’⁸
491 5303 757 5374 ἀποσταίη
781 5302 874 5356 τοῦ
899 5302 1087 5374 νοητοῦ
1113 5303 1288 5371 φωτὸς
1322 5305 1356 5375 ἡ
1389 5302 1498 5356 τῶν
1533 5301 1730 5374 νοερῶν

1834 5117 1963 5170 lices
2022 5115 2157 5169 lucis
2202 5130 2309 5170 sua:
2357 5115 2540 5169 radios
2570 5114 2789 5168 .cunctis
2848 5113 3019 5169 oculis
3069 5115 3387 5170 mentalibus

1831 5209 2166 5263 abundanter
2236 5206 2588 5276 expandisse;
2666 5208 2908 5274 adeoque
2977 5205 3021 5259 si
3091 5215 3382 5274 spontanea

1831 5311 2010 5355 mente
2036 5299 2378 5370 praeditorum
2422 5296 2628 5352 arbitrii
2659 5296 2881 5352 libertas
2922 5297 3163 5368 spiritale
3207 5295 3382 5350 lumen

1428 5474 1662 5532 VARle
1698 5473 2095 5530 LECTIONES.

259 5660 414 5720 ιδοῦν
462 5679 566 5718 non
612 5661 813 5715 habent
857 5659 916 5714 Ρ.
970 5660 1071 5716 Ch.
1127 5657 1186 5712 D.

1251 5655 1308 5710 S.
1356 5655 1445 5709 Sc.
1500 5653 1622 5707 Sar.
1659 5665 1714 5708 et
1749 5655 1782 5708 5
1812 5655 1963 5713 Vien.

2067 5658 2108 5687 ¹⁹
2133 5655 2352 5726 τελετῆς
2403 5653 2730 5726 θεογενεσία,
2758 5652 2827 5706 Μ.
2856 5652 3038 5726 θοοὶ.-
3108 5654 3164 5726 1°
3187 5653 3259 5726 ἐκ
3276 5653 3386 5726 τῷν

167 5736 459 5808 αισθητῶν,
605 5733 694 5786 Sc.
725 5732 813 5808 ﬂ“
847 5728 1231 5808 εἰκονιζομένη·
1259 5725 1400 5808 κατὰ
1422 5724 1472 5777 τί
1495 5723 1712 5808 γὰρςᾶν,
1743 5725 1810 5806 Μἶ
1844 5727 1972 5808 Sc.;_
2001 5722 2454 5808 ἐνεικονιςόμενα,
2484 5722 2542 5779 S.
2567 5724 2626 5777 P.
2661 5795 2674 5808 ο
2700 5727 2744 5756 ’³
2771 5722 3074 5808 τρτῃλὶίὲ
3097 5723 3194 5778 Ch.
3233 5724 3377 5808 Ρ.

170 5793 231 5886 ξ.
279 5793 335 5863 εἰ
361 5793 468 5886 ιιιιρ
495 5804 648 5886 Yien.
691 5802 768 5886 1"
790 5803 937 5886 ταῖςη
957 5793 1212 5886 ἀινιέροις
1233 5796 1439 5862 τάξεσι,
1466 5793 1582 5865 τὴν
1608 5795 1922 5867 ἐναρμόνιον
1950 5797 2188 5866 ἀγωγήν.
2266 5793 2311 5830 ’ί
2339 5797 2566 5886 λέγομεν
2592 5795 2790 5858 τοίνυν,
2819 5793 3010 5852 CIIII).
3043 5793 3163 5852 Sar.
3197 5804 3250 5848 et
3277 5796 3382 5848 duo

173 5876 325 5934 Vien.
403 5877 448 5909 ’³
472 5872 628 5937 εἴτις
659 5866 772 5937 οὖν,
798 5870 866 5924 Μ.
900 5870 958 5924 Ρ.
987 5871 1078 5925 Sc.
