4162 6304
787 450 891 509 399

1944 446 2001 503 S.
2034 445 2337 502 DlONYSll
2377 444 2841 504 AREOPAGITE

3913 448 4016 505 ‘00

792 568 1022 624 deserat,
1052 578 1079 613 a
1117 569 1304 615 natura
1335 559 1434 614 sibi
1480 558 1665 613 insitas
1710 556 1813 611 luci
1856 558 2186 627 excipiendas
2214 562 2356 615 vires

2458 558 2772 630 αὐθαίρετος
2806 559 3229 630 αὐτεξουσιότης,
3273 560 3467 625 κακίας
3501 560 3658 632 ἔρωτι
3693 564 4016 633 συμμύσασα

790 671 975 711 amore
1020 655 1169 724 pravi
1209 652 1559 722 praecludens,
1592 651 1843 720 presenti
1886 652 2102 720 quidem
2149 654 2251 707 luci
2293 669 2352 709 se

789 749 1065 812 subducit,
1098 750 1213 801 haec
1246 756 1419 801 tamen
1452 760 1568 799 eam
1600 746 1817 799 minime
1860 745 2121 810 destituit,
2149 746 2240 800 sed
2269 745 2351 800 vel

791 842 1167 897 cannivetitem
1225 837 1488 893 illuminat
1516 876 1532 901 ,
1579 847 1739 906 atque
1804 832 2075 893 aversanti
2122 838 2352 908 benigne

790 946 1015 1001 prorsus
1045 929 1304 984 occurrit.
1346 928 1499 997 171
1536 928 1685 994 Quod
1709 927 1752 982 si
1792 928 2045 983 mediocri
2089 928 2348 983 instructa

789 1022 1008 1077 videndi
1039 1019 1293 1074 facultate
1322 1022 1575 1073 terminos
1618 1018 1947 1081 transilierit,
1975 1018 2246 1089 radiisque
2271 1021 2351 1072 vi-

790 1130 907 1171 sum
941 1111 1323 1182 superantibus
1370 1120 1570 1164 temere
1610 1126 1741 1163 ausa
1793 1109 1956 1165 fuerit
2001 1110 2229 1175 obtueri,
2264 1113 2352 1167 lux

792 1207 1007 1276 quidem
1040 1203 1172 1258 nihil
1209 1218 1236 1256 a
1269 1216 1326 1257 se
1360 1201 1592 1255 alienum
1624 1201 1803 1269 faciet,
1837 1218 2021 1256 verum
2065 1203 2179 1271 ipsa
2227 1219 2351 1271 per-

790 1298 946 1351 fectis
977 1296 1286 1365 imperfecte
1316 1311 1372 1349 se
1404 1296 1675 1364 ingerens,
1706 1296 1879 1349 alicna
1925 1297 2233 1363 neutiquam
2263 1311 2351 1349 as-

792 1396 1068 1455 sequetur,
1100 1386 1471 1439 mediocritate
1498 1400 1657 1454 porro
1682 1400 1776 1438 sua
1828 1384 2124 1438 insolenter
2159 1399 2351 1453 snper-

790 1481 965 1545 biens,
1011 1494 1105 1533 sua
1158 1478 1310 1545 culpa
1358 1477 1727 1531 frustrabitur.
1780 1474 2015 1545 Benigne
2064 1486 2264 1543 tamen,
2297 1484 2353 1531 ut

790 1570 923 1648 dixi,
971 1570 1150 1623 divina
1206 1570 1292 1621 lux
1340 1569 1665 1622 mentalibus
1708 1582 1922 1638 semper
1969 1570 2140 1623 oculis
2186 1578 2354 1637 patet,

788 1662 1134 1732 ejusdemque
1160 1659 1457 1729 praesentis,
1490 1668 1543 1713 et
1565 1660 1629 1713 ad
1655 1660 1762 1715 Deo
1787 1660 2002 1730 dignam
2030 1661 2111 1716 sui
2144 1675 2355 1730 semper

791 1752 1338 1807 communicationem
1382 1750 1755 1819 paratissime,
1783 1752 1990 1820 copiam
2040 1752 2239 1806 habere
2288 1752 2355 1805 li-

788 1854 898 1901 cet.
942 1846 1016 1898 Ad
1050 1846 1205 1914 hujus
1239 1844 1594 1897 imitationem
1627 1843 1837 1898 divinus
1872 1844 2097 1900 antistes
2144 1844 2352 1915 efﬁngi-

2451 650 2551 714 τάς
2584 651 2825 718 φυσικῶς
2860 652 3265 723 ὲνεσπαρμένας
3300 654 3598 725 αὑτῇνπρὸς
3620 654 4015 723 τὸφωτίζεσθαι

2451 742 2725 813 δυνάμεις,
2764 745 3070 815 ἀπήρτηται
3117 744 3209 796 τοῦ
3245 745 3504 815 παρόντος
3544 747 3677 817 αὐτῇ
3716 750 3885 813 φωτὸς
3917 748 4016 799 οὐκ

2452 837 2804 900 ἀποστάντος,
2840 837 2950 889 ἀλλ’
3001 836 3393 907 ὲπιλάμποντος
3435 839 3567 908 αὐτῇ
3621 838 4014 909 μυωπαζούσῃ,

2452 928 2544 979 καὶ
2577 928 3021 998 ἀποστρεφομένη
3058 928 3477 998 προστρέχοντος
3520 927 3842 994 ἀγαθοειδῶς
3864 945 3875 958 ’
3904 930 4016 979 εἴτε

2450 1017 2545 1070 τοῦ
2582 1019 2814 1089 μετρίως
2838 1020 2971 1088 αὐτῇ
3000 1018 3239 1081 δοθέντος
3267 1018 3460 1089 ὁρατοῦ
3507 1020 3629 1081 τοὺς
3661 1019 3815 1089 ὅρους
3852 1019 4020 1086 ὑπερ-

2454 1110 2701 1181 πηδήσοι,
2731 1111 2824 1163 καὶ
2859 1111 2994 1182 πρὸς
3020 1110 3115 1174 τὰς
3148 1111 3286 1181 ὑπὲρ
3319 1110 3415 1180 τὴν
3442 1112 3559 1162 κατ’
3587 1112 3748 1180 αὐτὴν
3780 1112 3896 1179 ὄψιν
3923 1110 4021 1161 αὖ·

2452 1202 2553 1271 γάς
2577 1203 2895 1272 αὑτωπῆσαι
2930 1205 2973 1236 ³⁸
2999 1202 3280 1273 τολμηρῶς
3315 1202 3667 1272 ὲπιῃειρήσοι,
3692 1202 3750 1255 τὸ
3782 1204 3873 1273 μὲν
3897 1203 4022 1271 φῶς

2453 1295 2734 1366 ἐνεργήσει
2773 1295 2920 1366 παρὰ
2952 1294 3019 1347 τὰ
3070 1293 3243 1361 φωτὸς
3282 1293 3463 1346 οὐδέν·
3501 1294 3633 1363 αὐτὴ
3666 1278 3747 1355 δὲ,
3779 1298 3884 1357 τοῖς
3927 1310 4023 1345 τε-

2452 1383 2616 1446 λείοις
2664 1384 2869 1447 ἀτελῶς
2915 1385 3293 1443 ὲπιϐἀλλουσα,
3330 1383 3438 1436 τῶν
3474 1384 3571 1455 μὲν
3607 1386 3875 1439 ἀνοικείων
3914 1386 4022 1438 οὐκ

2455 1475 2521 1527 ἂν
2553 1473 2809 1542 ἐφίκοιτο,
2837 1475 2929 1527 τοῦ
2974 1475 3188 1546 μετρίου
3228 1474 3283 1526 δὲ
3320 1473 3573 1545 ἀκόσμως
3609 1476 4023 1548 ὑπερφρονοῦσι

2453 1562 2517 1617 δι’
2546 1566 2741 1635 ἑαυτὴν
2775 1567 3143 1632 ἀποτεύξεται.
3194 1564 3361 1636 Πλὴν,
3396 1566 3529 1635 ὅπερ
3563 1567 3713 1636 ἔφην,
3752 1568 4024 1639 ἀγαθουρ-

2454 1656 2623 1722 γικῶς
2646 1658 2729 1708 ἀεὶ
2757 1660 2874 1720 ταῖς
2902 1663 3111 1728 νοεραῖς
3144 1660 3294 1729 ὕψεσι
3316 1659 3378 1713 τὸ
3412 1660 3563 1714 Θεῖον
3588 1659 3823 1730 ἡπλωται
3857 1658 3979 1726 φῶς
4004 1676 4017 1688 ⁸

2455 1747 2626 1801 ἔνεστί
2662 1766 2720 1801 τε
2749 1750 2933 1812 αὑταῖς
2957 1751 3335 1805 ἀντιλαϐέσθαι
3361 1753 3403 1783 ’⁷
3430 1752 3689 1824 παρόντος
3714 1751 3894 1813 αὑτοῦ,
3923 1751 4021 1802 καὶ

2456 1840 2540 1892 ἀεὶ
2575 1838 2708 1910 πρὸς
2732 1840 3002 1912 θεοπρεπῆ
3036 1840 3143 1896 τῶν
3168 1842 3379 1895 οἰκείων
3407 1844 3683 1913 μετάδοσιν
3710 1843 3851 1904 ὄντος
3884 1844 4023 1894 ἐτοιο

789 1948 899 2005 tur,
936 1937 1142 1991 lucidos
1174 1937 1368 1991 divinae
1398 1935 1714 1991 eruditionis
1757 1936 1935 1989 radios
1977 1950 2139 2003 super
2167 1951 2355 1990 omnes

2462 1931 2709 2001 μοτάτου.
2753 1932 2894 2002 Πρὸς
2920 1933 3120 2003 ταύτην
3146 1938 3173 1988 ὁ
3199 1935 3337 2000 θεῖος
3372 1938 3626 2007 ίεράρχης
3652 1932 4021 1987 ἀπστυποῦται

788 2030 1092 2084 luculenter
1118 2026 1416 2094 explicans,
1443 2038 1497 2081 et
1540 2042 1600 2081 se
1632 2025 2013 2081 accendentem
2046 2025 2138 2079 Dei
2180 2026 2357 2081 imita-

792 2122 938 2175 tione
965 2118 1301 2171 illuminandi
1328 2114 1785 2187 premptissimus.
1814 2116 1955 2172 nulla
1985 2126 2140 2171 utens
2167 2116 2353 2185 objur-

790 2212 1027 2279 gatione,
1060 2209 1143 2263 vel
1174 2211 1289 2263 dira
1322 2219 1543 2280 propter
1585 2208 1823 2277 priorem
1867 2206 2221 2262 defectionem
2272 2206 2352 2262 vel

790 2305 1262 2373 intemperantiam
1312 2302 1719 2369 imprecatione,
1748 2302 1841 2354 sed
1866 2301 2119 2370 exemplo
2144 2302 2258 2366 Dei,
2286 2303 2352 2355 ad

790 2411 850 2450 se
875 2396 1257 2449 accedentibus
1299 2393 1411 2448 suis
1447 2407 1662 2461 semper
1704 2392 2187 2447 illuminationibus
2215 2408 2353 2463 pon-

793 2486 1066 2540 tiﬁcaliter
1095 2484 1357 2554 affulgens
1384 2498 1505 2537 cum
1532 2484 1728 2536 decore
1756 2492 1919 2551 atque
1946 2484 2155 2547 ordine,
2179 2493 2231 2538 et
2255 2497 2354 2553 pro

789 2578 1054 2647 cujusque
1081 2578 1144 2631 ad
1173 2592 1324 2632 sacra
1359 2575 1671 2646 capacitatis
1696 2575 1929 2630 ratione.

2458 2024 2557 2093 τὴν
2595 2023 2842 2095 μίμησιν,
2880 2026 2975 2090 τὰς
3010 2029 3312 2098 φωτοειδεῖς
3344 2029 3505 2083 αὑτοῦ
3538 2031 3634 2100 τῆς
3667 2028 3840 2080 ἐνθέου
3870 2027 4023 2079 διδα-

2461 2114 2681 2178 σκαλίας
2710 2116 2880 2183 αὐγὰς
2904 2119 3147 2186 ἀφθόνως
3182 2120 3275 2172 ἐπὶ
3309 2122 3519 2185 πάντας
3566 2114 3767 2183 ἁπλῶν,
3796 2120 3887 2172 καὶ
3928 2120 4023 2171 τὸν

2459 2208 2745 2277 προσιόντα
2796 2210 3026 2278 φωτίσαι
3069 2211 3408 2285 θεομιμήτως
3439 2214 3774 2285 ἑτοιμότατος
3804 2212 3879 2264 ὣν
3902 2252 3915 2273 ,
3961 2212 4021 2265 οὐ

2460 2297 2655 2368 φθόνῳ,
2690 2300 2809 2352 οὐδὲ
2842 2300 3039 2373 ἀνιέρῳ
3064 2302 3163 2373 τῆς
3209 2306 3477 2375 προτέρας
3520 2307 3565 2337 ’⁸
3605 2303 3933 2365 ἀποστασίας
3989 2304 4020 2371 ἦ

2458 2387 2721 2458 ἀμετρίας
2755 2389 2929 2459 μήνιδι
2950 2390 3245 2461 χρώμενος,
3270 2395 3381 2446 ἀλλ’
3398 2395 3591 2457 ὲνθέως
3614 2395 3695 2449 ἀεὶ
3719 2396 3825 2455 τοῖς
3850 2407 4023 2461 προσ-

2463 2479 2601 2531 ιοῦσι
2673 2484 2791 2543 ταῖς
2834 2482 2995 2535 αὐτοῦ
3037 2484 3417 2551 φωταγωγίαις
3462 2484 3778 2555 ίεραρχικῶς
3820 2480 4013 2551 ἐλλάμ-

2458 2588 2576 2625 πων
2610 2575 2667 2625 ὲν
2708 2574 2973 2646 εὐκοσμίᾳ
3003 2577 3095 2628 καὶ
3129 2577 3293 2641 τάξει,
3330 2579 3419 2630 καί
3456 2577 3715 2647 ἀναλογίᾳ
3754 2576 3847 2646 τῆς
3889 2574 4022 2627 ἑκά-

2461 2681 2587 2718 στου
2618 2665 2753 2736 πρὺς
2779 2666 2847 2719 τά
2875 2667 2991 2739 ίερά
3026 2670 3379 2741 συμμετρίας.

2344 2796 2373 2870 ς
2403 2795 2507 2855 ιν.

860 2979 967 3036 Sed
1019 2977 1275 3047 quoniam
1320 2975 1555 3031 divinum
1602 2973 1814 3029 Numen
1863 2986 2033 3027 sacra
2060 2971 2355 3042 disciplinae

789 3070 1113 3144 principium
1141 3067 1373 3133 exsistit,
1395 3082 1498 3135 qua
1542 3078 1743 3119 sanetae
1768 3074 1976 3119 mentes
2007 3066 2057 3118 in
2082 3066 2163 3118 sui
2193 3066 2357 3119 deve-

2541 2975 2677 3029 Ἀλλ’
2712 2978 2938 3052 ἐπείπερ
2970 2981 3013 3012 ’⁸
3046 2981 3293 3047 εὐταξίας
3333 2983 3476 3034 ἐστὶν
3507 2982 3646 3053 ἀρχὴ
3669 2982 3729 3034 τὸ
3761 2982 3912 3034 Θεῖον
3952 2984 4025 3034 ἱε-

2464 3071 2583 3143 ρᾶς,
2619 3072 2741 3124 καθ’
2779 3074 2843 3143 ἣν
2892 3073 3097 3126 ἑαυτῶν
3156 3074 3521 3144 ἐπιγνώμονες
3558 3077 3607 3127 οἱ
3648 3076 3778 3144 ἱεροὶ
3811 3076 3951 3137 νόες,
3998 3077 4025 3127 ὁ

792 3168 947 3221 ιιὶυιιι
978 3164 1368 3233 cognitionem;
1399 3159 1642 3228 quisquis
1683 3160 1749 3213 ad
1779 3159 1997 3212 insitum
2044 3170 2249 3213 naturae
2272 3157 2356 3213 lu-

2463 3166 2597 3237 πρὸς
2639 3165 2699 3218 τὸ
2745 3167 2938 3219 οἰκεῖον
2980 3166 3081 3236 τῆς
3121 3166 3329 3234 φύσεως
3364 3166 3555 3236 ὁρατὸν
3596 3167 3922 3236 ἀνατρέχων,
3967 3169 4025 3218 ὲν

792 3274 913 3313 men
942 3254 1255 3317 recurrerit,
1284 3252 1551 3322 principio
1578 3252 1797 3319 quidem
1823 3252 1943 3319 quis
1975 3251 2193 3305 tandem
2241 3253 2358 3321 ipse

793 3352 865 3403 sit
893 3348 1117 3411 videbit,
1151 3349 1359 3413 hocque
1392 3343 1525 3397 lucis
1556 3342 1865 3397 accessione
1916 3356 2110 3396 munus
2141 3356 2356 3398 sacrum

794 3442 1031 3505 referet;
1066 3454 1226 3507 porro
1253 3437 1342 3505 qui
1374 3436 1585 3505 propria
1611 3450 1703 3489 sua
1740 3444 1883 3487 recte
1908 3433 2171 3489 irreﬂexis
2190 3434 2360 3489 oculis

793 3530 1169 3592 considerarit,
1202 3526 1410 3579 abditas
1442 3525 1654 3592 quidem
1699 3525 2051 3593 ignorationis
2083 3524 2168 3577 sui
2210 3536 2359 3579 tene-

798 3622 920 3675 bras
944 3619 1248 3673 eliminabit
1279 3616 1687 3685 perfectissima:
1720 3627 1893 3669 tamen
1924 3611 2018 3668 Dei
2068 3616 2281 3668 unionis
2305 3623 2361 3669 et

796 3710 1225 3780 participationis
1276 3710 1449 3760 adhuc
1510 3721 1733 3770 exsors,
1783 3705 2024 3773 ejusdem
2089 3706 2360 3761 desiderio

794 3813 983 3872 sponte
1011 3818 1118 3856 non
1148 3782 1586 3864 aﬂicieturpsed
1628 3799 1827 3853 sensim
1874 3799 2103 3866 primum
2153 3812 2181 3849 a
2229 3812 2358 3867 pro-

795 3894 929 3962 priis
975 3891 1041 3944 ad
1072 3891 1303 3960 potiora,
1333 3900 1387 3942 et
1420 3905 1488 3943 ex
1537 3888 1605 3943 iis
1648 3889 1715 3942 ad
1760 3887 2059 3956 potissima,
2109 3900 2208 3941 nec
2252 3900 2357 3939 non

798 3983 1067 4053 perfectus
1087 3981 1195 4049 jam
1227 3982 1279 4035 in
1305 3979 1519 4054 ordine,
1554 3980 1620 4033 ad
1671 3977 2023 4048 principalem
2076 3978 2167 4032 Dei
2200 3977 2363 4031 celsi-

796 4077 1035 4130 tudinem
1066 4089 1224 4131 sacro
1256 4071 1484 4141 quodam
1516 4071 1671 4125 modo
1700 4073 1978 4139 evelietur.
2009 4068 2241 4139 llujusce
2271 4084 2361 4123 ve-

796 4167 940 4220 nusti
987 4164 1239 4230 sacrique
1284 4162 1488 4216 ordinis
1519 4169 1892 4229 argumentum
1920 4168 2022 4223 est,
2054 4158 2359 4214 accedentis

796 4256 1142 4320 verecundia,
1172 4266 1461 4320 rerumque
1509 4252 1574 4304 ad
1622 4264 1679 4303 se
1712 4251 2067 4319 spectantium
2102 4250 2358 4318 cognitio,

799 4351 865 4403 ad
896 4361 1163 4401 summum
1210 4344 1543 4397 sacerdotem
1589 4342 1686 4394 via:
1740 4342 1929 4395 ducem
1978 4351 2132 4393 nacta
2179 4354 2361 4393 susce-

799 4449 1025 4509 ptorem.
1061 4437 1153 4493 Sic
1181 4435 1487 4500 adductum,
1528 4433 1706 4486 divina
1737 4431 2013 4484 beatitudo
2053 4431 2119 4483 ad
2152 4431 2231 4483 sui
2263 4430 2360 4483 ad—

2460 3258 2599 3327 ἀρχῇ
2638 3256 2733 3327 μὲν
2762 3258 2907 3320 ὅστις
2940 3257 3065 3309 ποτέ
3100 3258 3263 3319 ἐστιν,
3297 3258 3455 3319 αὐτὸς
3499 3257 3705 3325 ὄψεται,
3743 3257 3834 3308 καὶ
3865 3256 4026 3309 τοῦτο

2459 3348 2682 3419 λήψεται
2719 3348 2928 3418 πρῶτον
2962 3348 3026 3399 ἐκ
3065 3348 3159 3418 τῆς
3198 3347 3329 3417 πρὸς
3363 3347 3422 3399 τὸ
3455 3348 3567 3415 φῶς
3594 3347 3927 3410 ἀνανεώσεως
3957 3349 4027 3398 ἱε-

2460 3438 2551 3510 ρὸν
2611 3437 2806 3507 δῶρον·
2867 3440 2894 3490 ό
2957 3437 3012 3489 δὲ
3051 3436 3118 3489 τὰ
3173 3438 3344 3489 οἰκεῖα
3400 3437 3576 3500 καλῶς
3622 3438 4024 3508 ἀπροσπαθέσιν

2458 3526 2749 3597 ὀφθαλμοῖς
2790 3528 3179 3596 ἐπισκοπήσας,
3214 3525 3322 3577 τῶν
3356 3524 3619 3595 ἀλαμπῶν
3656 3526 3753 3595 μὲν
3796 3527 4023 3594 ἀποφοι-

2456 3617 2610 3687 τήσει
2633 3618 2728 3686 τῆς
2752 3615 3019 3683 ἀγνωσίας
3038 3614 3222 3685 μυχῶν
3244 3634 3255 3645 ·
3279 3615 4024 3690 τῆςΘεοῦδὲ

2459 3707 2699 3771 ὲνώσεως
2734 3709 2824 3760 καὶ
2859 3707 3121 3777 μεθέξεως
3154 3708 3344 3778 ἀτελὴς
3374 3708 3466 3771 ὢν,
3491 3710 3649 3772 αὐτὸς
3672 3711 3770 3761 οὐκ
3804 3711 4028 3765 αὐτόθεν

2459 3800 2803 3872 ἐπιθυμήσει,
2832 3802 2972 3855 κατά
3007 3802 3176 3872 βραχὺ
3212 3800 3267 3854 δὲ
3300 3801 3387 3853 διὰ
3409 3802 3514 3854 τῶν
3544 3801 3705 3852 αὑτοῦ
3730 3802 3769 3833 ³³
3796 3802 4026 3872 πρώτων

2459 3894 2549 3944 ἐπὶ
2582 3890 2650 3942 τὰ
2681 3892 2758 3943 ἔτι
2787 3889 3041 3962 πρότερα,
3068 3892 3157 3942 καὶ
3180 3891 3247 3942 δι’
3274 3891 3493 3943 ἐκείνων
3518 3891 3608 3942 ἐπὶ
3638 3888 3705 3943 τά
3724 3891 4023 3963 πρώτιστα,

2460 3982 2552 4034 καὶ
2584 3981 2884 4044 τελειωθεὶς
2925 3982 3016 4033 ἐπὶ
3049 3982 3145 4051 τὴν
3184 3982 3459 4052 ἀκρότητα
3502 3980 3598 4051 τὴν
3641 3981 3932 4053 θεαρχικὴν
3966 3986 4027 4035 ἐν

2457 4073 2605 4138 τάξει
2636 4072 2682 4105 ⁸²
2713 4074 2805 4126 καὶ
2838 4074 2997 4146 ἱερῶς
3018 4071 3397 4151 ἀναχθήσεται.
3427 4070 3638 4140 Ταύτης
3662 4074 3775 4124 ἐστὶ
3808 4073 3902 4143 τῆς
3940 4076 4027 4127 5'3-

2460 4162 2664 4231 κόσμου
2693 4163 2735 4192 ³⁸
2768 4164 2859 4214 καὶ
2889 4163 3036 4231 ἱερᾶς
3067 4162 3269 4227 τάξεως
3305 4162 3464 4214 εἰκὼν
3507 4165 3538 4232 ἡ
3573 4163 3665 4215 ’.νῦ
3714 4167 4025 4233 προσιόντος

2460 4253 2640 4317 αἰδὼς,
2669 4253 2760 4306 καὶ
2798 4253 3048 4311 τῶνκαθ’
3096 4253 3285 4305 ἑαυτὸν
3325 4252 3751 4321 ὲπιγνωμοσύνη,
3796 4256 3897 4323 τῆς
3936 4258 4025 4307 ἐπὶ

2458 4344 2548 4396 τὸν
2577 4345 2834 4414 ίεράρχην
2858 4342 2975 4395 ὁδοῦ
3017 4344 3105 4394 τὸν
3137 4342 3389 4411 ἀνάδοχον
3425 4342 3619 4411 ἔχουσα
3655 4344 4022 4416 καθηγεμόνα.

2462 4437 2563 4488 Τὸν
2587 4437 2631 4488 δ’
2657 4435 2701 4466 ³⁵
2724 4436 2895 4498 οὕτως
2925 4432 3251 4505 ἀναγόμενον
3276 4438 3308 4505 ή
3332 4434 3446 4486 θεία
3474 4436 3801 4505 μακαριότης
3828 4440 3908 4501 είς
3928 4441 4024 4508 τὴν

800 4530 964 4585 mittit
1009 4524 1560 4583 communicationem
1594 4520 1933 4590 propriaeque
1974 4520 2143 4585 lucis,
2193 4518 2356 4573 in'star

2469 4528 2665 4597 ἑαυτῆς
2692 4528 2973 4596 μετουσίαν
3002 4526 3317 4595 εἰσδέχεται,
3348 4526 3438 4577 καὶ
3469 4526 3562 4578 τοῦ
3591 4527 3788 4579 οίκείου
3827 4530 4022 4596 φωτὸς,

801 4624 937 4692 signi
968 4621 1268 4689 cujusdam,
1302 4618 1473 4687 ipsum
1502 4614 1812 4683 participat,
1843 4614 1950 4666 Deo
1975 4613 2220 4666 intimum
2245 4612 2363 4666 red-

804 4716 955 4779 dens,
986 4728 1047 4766 ac
1074 4721 1377 4765 consortem
1408 4720 1687 4759 munerum
1726 4704 2051 4769 divinorum,
2085 4714 2245 4772 atque
2270 4720 2360 4757 or-

803 4805 943 4859 dinis
978 4804 1148 4865 sacri;
1174 4815 1400 4869 quorum
1442 4812 1596 4853 sacra
1638 4807 1720 4850 est
1770 4807 1999 4861 tessera,
2048 4797 2240 4850 summi
2270 4811 2361 4850 sa—

804 4896 1040 4951 cerdotis
1089 4892 1367 4947 accedenti
1421 4891 1601 4945 datum
1657 4889 2041 4958 signaculum,
2102 4905 2203 4943 nec
2254 4906 2359 4944 non

804 4986 1057 5041 salutaris
1127 4981 1417 5050 descriptio
1483 4978 2181 5059 sacerdotutuksalvaudis
2238 4994 2359 5032 eum

806 5090 1123 5146 aggregans,
1158 5085 1315 5142 atque
1365 5072 1539 5126 sacris
1573 5071 1817 5124 inserens
1865 5072 2231 5125 monumentis
2256 5086 2360 5123 una

807 5183 927 5222 cum
954 5177 1347 5237 susceptorexn,
1379 5179 1631 5234 tamquam
1658 5162 1949 5219 salutiferae
1977 5164 2059 5223 ad.
2073 5165 2359 5219 veritatem

2464 4620 2651 4690 ὥσπερ
2674 4620 2815 4682 τινὸς
2849 4619 2994 4690 αὐτῷ
3027 4621 3251 4689 σημείου
3295 4622 3653 4690 μεταδίδωσιν,
3684 4620 3860 4673 ἔνθεον
3894 4623 4025 4673 ἀπο-

2463 4710 2687 4762 τελοῦσα
2712 4712 2802 4762 καὶ
2829 4710 3077 4762 κοινωνὸν
3098 4711 3195 4779 τῆς
3224 4710 3329 4761 τῶ)
3366 4711 3560 4763 ἐνθέων
3598 4711 4025 4781 ἀποκληρώσεως

2466 4803 2557 4854 καὶ
2583 4802 2730 4872 ἱερᾶς
2763 4800 3102 4882 κατατάξεως
3130 4816 3141 4829 ·
3169 4794 3243 4852 ὧν
3276 4803 3387 4854 ἐστι
3415 4801 3675 4872 σύμϐολον
3705 4802 3841 4871 ἱερὸν
3875 4806 3907 4875 ή
3932 4802 4021 4854 τοῦ

2468 4894 2715 4963 ἱεράρχου
2749 4893 2825 4963 τῷ
2861 4892 3133 4963 προσιόντι
3158 4891 3469 4964 δωρουμένη
3508 4894 3760 4965 σφραγὶς,
3788 4896 3881 4945 καὶ
3918 4895 4024 4946 τῶν

2468 4983 2653 5053 ἱερέων
2680 4984 2710 5053 ή
2739 4983 3081 5053 σρπηριώδης
3108 4985 3420 5054 ἀπογραφὴ,
3447 4988 3557 5046 τοῖς
3575 4983 3898 5053 σωζομένοις
3931 4984 4025 5034 αὐε-

2464 5078 2555 5129 τὸν
2580 5078 3031 5145 ὲγκαταλέγουσα,
3050 5078 3141 5130 καὶ
3160 5078 3517 5147 μνημοσύνοις
3536 5078 3696 5148 ἱεροῖς
3716 5075 4025 5129 ἀνατιθεῖσα

2470 5169 2602 5240 πρὸς
2639 5168 2786 5239 αὑτῷ
2811 5170 3014 5222 καὶτὸν
3048 5169 3320 5238 ἀνάὃοχον,
3359 5170 3433 5231 ὡς
3464 5170 3561 5239 τῆς
3601 5166 3861 5232 ζωοποιοῦ
3891 5167 4022 5237 πρὸς

2063 5409 2301 5465 VARIE
2340 5408 2740 5466 LECTIONES.

894 5570 939 5600 ¹⁶
964 5586 1051 5638 γρ.
1106 5568 1438 5636 ἁντωπῆσαι.
1509 5568 1555 5638 γ¹⁷
1581 5583 1684 5638 γρ.
1727 5566 2233 5638 ἀντιλαμϐάνεσθαι.
2310 5570 2355 5600 ’⁸
2387 5571 2525 5623 hunc
2557 5568 2829 5638 locumita
2869 5566 3134 5638 ItalietM.
3166 5575 3219 5621 et
3262 5563 3536 5638 vertit_Sc.
3574 5563 4016 5638 ξοὺόὲηάνιέρως

810 5635 939 5720 Ῐῆς..
957 5632 1221 5720 ᾖρροτέρας
1252 5632 1603 5720 ἀτῖῗσίτασίαςέ
1620 5632 1630 5636 '
1661 5636 1692 5706 ἦ
1735 5632 2003 5720 ,ἀμετρίας
2038 5637 2197 5720 ιεηδὲν
2222 5638 2307 5720 ᾁεὶ
2330 5638 2629 5720 χρωμένονῑ
2673 5637 3008 5720 ἀλλἰένθιέως
3032 5637 3115 5689 ἀεὶ
3137 5639 3247 5697 τοῖς
3272 5633 3537 5720 προῑοιῖοσιε
3595 5637 3657 5720 ὐ
3674 5632 3786 5685 ἀλλ’
3825 5632 4013 5720 sheep:

812 5706 870 5760 S;
906 5708 959 5760 Β.
995 5716 1081 5760 bc.
1117 5712 1235 5761 δατ.
1315 5708 1357 5737 ³⁰
1386 5708 1499 5771 lege
1522 5706 1871 5775 τελεωτάτης.
1909 5708 1961 5759 \‘.

815 5844 872 5900 1⁸.
908 5844 1025 5902 Sani
1140 5844 1260 5899 “6i
1289 5844 1576 5904 nonestln
1608 5848 1662 5901 ὃ.
1694 5844 1750 5899 Ρ.
1789 5846 1846 5899 υ.
1889 5845 1988 5899 Cit.
2020 5847 2141 5901 Sar.

2002 5703 2378 5777 τελειοτάτηςΪ
2403 5703 2459 5739 ³⁸⁷
2479 5709 2545 5759 δι’
2576 5708 2771 5767 αὐτῶν,
2800 5708 2866 5758 Μ.
2898 5708 2989 5760 Sc.
3020 5717 3072 5761 et
3097 5722 3217 5759 mox
3247 5703 3342 5777 pro
3366 5707 3455 5757 ὲπί
3480 5704 3567 5777 τά,
3588 5703 3799 5777 ἒπειτα.
3862 5706 3904 5735 ³³
3923 5705 4016 5777 επὶ

809 5779 905 5845 τὴν
933 5780 1227 5847 ἀκροτάτην
1250 5777 1561 5847 γοεαρχικήν,
1593 5780 1655 5828 .\t.
1690 5778 1777 5847 ξω.
1813 5778 1868 5828 ιι.
1902 5776 2006 5847 Ρη)
2040 5776 2096 5827 ὲν
2130 5776 2305 5842 τάξει,
2332 5779 2387 5834 S.
2422 5789 2474 5832 et
2504 5779 2562 5832 P.
2591 5778 2739 5840 τάξιν
2768 5780 2983 5832 habenL

3087 5777 3129 5809 ³³
3158 5776 3445 5846 ἑγκόσμου,
3478 5776 3544 5829 Μ.
3581 5775 3665 5830 Sc.
3705 5773 4012 5845 εὐκοσμίαν,
