4162 6304
173 339 294 397 ιοι

1262 336 1350 401 DE
1387 338 1669 396 ECCLES.
1704 338 2100 405 HIERARCH.,
2127 338 2281 396 CAP.
2318 337 2382 393 11.

3327 338 3430 396 408

167 452 447 525 ἀλήθειαν
500 455 745 524 πορείας,
797 454 887 506 τὸν
937 454 1055 524 μὲν,
1106 455 1339 527 ἐραστὴν
1387 456 1559 527 ἀληθῆ
1594 458 1638 489 ³⁵
1675 458 1761 509 καὶ

1871 457 1970 512 via:
2003 473 2018 512 :
2049 457 2198 512 illum
2229 458 2474 527 quidem,
2509 464 2801 509 amatorem
2845 459 3115 509 sincerum
3157 470 3221 510 ac
3263 459 3429 512 comi-

173 546 486 599 συνοπαδὸν
530 547 792 616 ἡγεμόνος
830 545 1011 599 ἐνθέου
1028 564 1039 575 ⁸
1069 547 1159 600 τὸν
1187 547 1242 601 δὲ
1267 548 1478 618 ἀπλανῆ
1502 551 1621 614 ταῖς
1648 549 1765 603 θεο-

171 636 512 705 παραδότοις
544 639 773 709 ήγήσεσι
804 638 898 691 τοῦ
923 639 1186 708 ἑπομένου
1214 640 1572 710 χειραγωγὸν.

1864 559 1970 604 tem
1996 551 2236 604 ductoris
2267 550 2464 614 divini;
2499 549 2642 603 hunc
2673 562 2798 602 vero
2825 548 3046 604 minime
3070 551 3428 606 errabundum

1864 641 2130 696 divinitus
2181 643 2337 712 172
2391 640 2605 696 traditis
2656 639 3083 696 institutionibus
3141 644 3428 713 sequendis

1867 735 2341 789 manuductorem.

1736 913 1885 988 §V.

269 1097 410 1152 Ἀλλ’
435 1098 532 1151 οὑκ
574 1097 748 1150 ἔνεστι
781 1097 888 1151 τῶν
922 1095 1107 1169 ἄκρως
1149 1098 1404 1154 ἐναντίων
1445 1101 1560 1173 ἅμα
1604 1101 1761 1173 μετέ-

172 1208 302 1261 χειν
329 1192 392 1253 ³⁶,
419 1191 537 1242 οὐδὲ
570 1190 660 1242 τὸν
685 1189 967 1242 κοινωνίαν
991 1189 1112 1242 τινά
1145 1192 1279 1261 πρὸς
1303 1191 1363 1244 τὸ
1387 1192 1443 1245 ἓν
1465 1193 1760 1264 ἐσχηκότα,

178 1281 454 1353 μεριστάς
478 1281 620 1350 ἔχειν
649 1280 812 1344 ζωὰς,
839 1283 886 1333 εί
925 1281 1024 1351 τῆς
1060 1282 1153 1334 τοῦ
1200 1284 1316 1347 ἐνὸς
1358 1286 1640 1355 ἀντέχεται
1677 1285 1764 1355 βε-

174 1373 348 1437 ϐαίας
375 1372 642 1444 μεθέξεως
667 1390 680 1403 ο
709 1373 823 1425 ἀλλ’
847 1373 1073 1443 ἄσχετον
1098 1369 1234 1427 εἶναι
1262 1377 1353 1429 καὶ
1386 1371 1763 1432 ἀκατάτακτον

175 1467 244 1516 ἐν
263 1466 466 1527 πάσαις
498 1467 615 1526 ταῖς
646 1463 738 1515 τοῦ
773 1463 1032 1528 ἐνοειδοῦς
1057 1465 1378 1536 διαιρέσεσιν
1401 1485 1412 1496 ·
1441 1469 1575 1539 ὅπερ
1602 1468 1762 1539 ἡτῶν

176 1557 470 1626 συμϐόλων
515 1556 807 1626 παράδοσις
845 1557 1004 1627 ίερῶς
1043 1559 1387 1630 αίνισσομένη
1419 1601 1431 1624 ,
1473 1560 1564 1612 τὸν
1594 1577 1760 1631 προσ-

179 1649 337 1700 ιόντα
369 1647 468 1718 τὴν
512 1641 620 1699 οἷον
665 1648 705 1678 ³⁷
748 1649 1017 1718 προτέραν
1065 1648 1209 1720 ζωὴν
1266 1650 1614 1704 ἁπεκδύσασα
1669 1653 1762 1704 καὶ

179 1740 353 1809 μέχρι
379 1738 486 1790 τῶν
516 1740 633 1792 κατ’
672 1739 885 1809 ἐκείνην
923 1741 1171 1810 ἐσχάτων
1213 1742 1447 1811 σχέσεων
1488 1743 1761 1797 ἀπολύσα-

1937 1101 2205 1157 thterum
2239 1117 2344 1156 nou
2378 1100 2500 1157 licet
2535 1116 2744 1159 summe
2768 1102 3036 1158 contraria
3072 1100 3228 1157 simul
3261 1102 3429 1172 parti-

1864 1195 2070 1264 cipare,
2098 1209 2278 1264 neque
2315 1195 2856 1250 communicationem
2894 1195 3128 1263 aliquam
3171 1210 3291 1249 cum
3320 1211 3428 1249 uno

1867 1287 2082 1341 habenti
2117 1288 2319 1342 divisas
2346 1286 2546 1341 habere
2579 1287 2740 1350 vitas,
2768 1287 2810 1338 si
2844 1285 3000 1340 unius
3025 1285 3266 1340 stabilem
3294 1302 3428 1356 prte-

1866 1379 2002 1434 l'erat
2027 1381 2527 1449 participationem;
2557 1378 2648 1433 sed
2681 1387 2952 1431 exsortem
2985 1393 3105 1432 esse
3148 1379 3300 1434 det-et
3327 1395 3423 1433 ex-

1864 1481 2179 1541 pertemque
2223 1471 2465 1525 onmium
2515 1468 2903 1524 uniformitatis
2951 1469 3268 1524 divisionum
3315 1491 3328 1526 :
3371 1470 3424 1524 id

1864 1563 2007 1633 quod
2043 1564 2316 1632 signorum
2355 1562 2572 1616 traditio
2601 1575 2754 1616 sacra
2789 1559 2986 1624 innuit,
3015 1561 3138 1612 dum
3167 1561 3427 1614 acceden-

1865 1667 1970 1711 tem
2009 1656 2176 1726 priori
2210 1655 2604 1724 quodammodo
2647 1655 2754 1706 vita
2794 1667 3021 1715 exuens,
3054 1660 3108 1705 et
3147 1651 3212 1703 ad
3246 1661 3428 1705 extre-

1865 1764 1983 1803 mos
2013 1762 2184 1817 usque
2212 1745 2437 1802 aﬂ‘ectus
2463 1746 2796 1816 exspolians,
2825 1745 3020 1798 nudum
3048 1753 3102 1799 et
3129 1744 3426 1800 discalcea-

177 1846 253 1883 σα
303 1831 368 1892 ³⁸,
397 1832 601 1901 γυμνὸν
648 1833 741 1886 καὶ
789 1833 1110 1886 ἀνυπόδετον
1155 1834 1332 1904 ἵστησι
1381 1835 1515 1904 πρὸς
1554 1835 1761 1906 δυσμὰς

1865 1851 1974 1896 tum
2004 1840 2191 1895 statuit
2221 1855 2407 1894 versus
2436 1840 2774 1893 occidentem
2810 1847 3164 1906 spectantem,
3195 1852 3292 1891 nec
3320 1852 3424 1890 non

175 1925 495 1998 ἀφορῶντα,
539 1927 630 1980 καὶ
676 1929 740 1997 τῇ
790 1926 896 1978 τῶν
947 1926 1143 1997 χειρῶν
1189 1925 1396 1981 ἀπώσει
1432 1929 1474 1960 ³⁸
1517 1928 1613 1993 τὰς
1661 1931 1759 2000 τῆς

175 2016 472 2085 ἀλαμποῦς
497 2018 693 2080 κακίας
733 2019 1080 2090 ἀναινόμενον
1107 2020 1409 2083 κοινωνίας,
1437 2021 1528 2073 καὶ
1550 2021 1646 2091 τὴν
1671 2022 1760 2090 ἐγ-

175 2109 482 2178 γενομένην
532 2110 680 2179 αὑτῷ
727 2110 827 2179 τῆς
872 2109 1247 2180 ἀνομοιότητος
1293 2109 1402 2176 ἕξιν
1445 2109 1631 2182 ῶσπερ
1671 2112 1763 2164 ἐκ-

176 2199 436 2261 πνέοντα,
463 2201 556 2253 καὶ
601 2200 700 2262 τάς
725 2200 907 2264 ὁλικὰς
934 2199 1359 2272 ὁμολογήσαντα,
1400 2201 1533 2274 πρὸς
1573 2202 1634 2254 τὸ
1666 2201 1759 2254 τοῦ

176 2290 451 2355 ϐεοειδοῦς
476 2290 732 2350 ἐναντίον,
775 2293 1072 2360 ἀποταγάς.
1102 2293 1254 2346 Οὕτω
1281 2293 1556 2357 παντελῶς
1600 2293 1762 2365 ἄσχε-

172 2400 276 2436 τον
313 2386 472 2438 αὐτὸν
513 2387 603 2437 καὶ
641 2384 1000 2456 ἀκοινώνητον
1025 2386 1282 2453 γεγονότα
1320 2386 1455 2457 πρὸς
1489 2386 1561 2438 ἕω
1605 2385 1761 2456 μετά-

173 2493 272 2544 γει
299 2475 364 2537 ⁸⁸,
392 2477 490 2546 τὴν
535 2477 594 2527 ἐν
619 2476 696 2546 τῷ
723 2475 1019 2546 θείῳφωτὶ
1048 2476 1233 2530 στάσιν
1259 2495 1316 2530 τε
1345 2478 1436 2530 καὶ
1478 2478 1760 2530 ἀνάνευσιν

179 2566 408 2620 ἔσεσθαι
438 2566 692 2636 καθαρῶς
717 2569 773 2618 ἐν
803 2569 868 2636 τῇ
908 2567 1160 2620 παντελεῖ
1180 2566 1277 2637 τῆς
1313 2567 1509 2629 κακίας
1535 2567 1760 2634 ἀποφοι-

173 2661 342 2730 τήσει
374 2658 777 2726 διαγγέλλουσα,
810 2658 902 2710 κα)⁸
927 2657 1022 2721 τὰς
1054 2657 1202 2728 ἱερὰς
1230 2657 1392 2710 αὐτοῦ
1417 2659 1518 2728 τῆς
1544 2657 1678 2728 πρὸς
1701 2659 1762 2712 τὺ

174 2748 240 2800 ἓν
287 2749 473 2819 όλικῆς
516 2749 844 2812 συννεύσεως
882 2749 1200 2819 ὁμολογίας,
1238 2747 1498 2812 ἐνοειδοῦς
1538 2752 1754 2821 γενομέ-

175 2857 278 2892 νου
329 2841 632 2911 φιλαλήθως
675 2839 1064 2909 ἀποδεχομένη.
1107 2839 1242 2892 Ἀλλ’
1281 2839 1393 2891 ἐστι
1443 2856 1543 2892 που
1581 2840 1759 2910 δῆλον,

178 2935 258 2996 ὠς
286 2929 458 3002 οἶμαι,
482 2936 593 2995 τοῖς
627 2932 732 2988 τῶν
763 2931 1085 3003 ίεραρχικῶν
1123 2933 1497 3002 ἐπιστήμοσιν,
1524 2933 1602 2984 ὅτι
1643 2936 1763 2996 ταῖς

177 3023 489 3092 διηνεκέσιν
515 3024 572 3074 ἐν
603 3023 848 3092 συντονίᾳ
878 3023 1012 3092 πρὸς
1038 3021 1094 3073 ἓν
1121 3021 1162 3052 ⁸³
1189 3021 1500 3086 ἀνατάσεσι,
1525 3025 1622 3078 καὶ
1644 3027 1764 3088 ταῖς

177 3116 296 3170 τῶν
323 3114 573 3166 ἐναντίων
599 3114 803 3175 ὁλικαῖς
843 3112 1136 3184 νεκρώσεσι
1175 3115 1267 3167 καὶ
1290 3115 1667 3185 ἀνυπαρξίαις,
1701 3117 1761 3170 τὸ

1862 1949 2120 1988 manuum
2154 1930 2447 2001 rejectione
2479 1928 2826 1984 tenebricosa:
2851 1926 3067 1980 malitiae
3093 1929 3429 1981 communio-

1862 2044 1982 2082 nem
2013 2027 2536 2090 abnuentem,atque
2560 2032 2810 2090 agnatum
2840 2020 2938 2074 sibi
2971 2016 3427 2072 dissimilitudinis

1862 2109 2058 2176 statum
2096 2119 2495 2190 quodammodo
2555 2117 2860 2179 efﬂantem,
2915 2115 3211 2183 totalesque
3257 2113 3425 2182 proli-

1863 2223 2062 2268 tentem
2132 2210 2484 2265 deiformitati
2551 2206 2953 2261 adversantium
3003 2204 3428 2259 abrenuntiatio-

1861 2320 1978 2360 nes.
2015 2304 2105 2360 Sic
2128 2304 2347 2359 omnino
2375 2303 2545 2372 ipsum
2577 2298 2918 2368 al'l'ectusjam
2942 2300 3216 2366 expertem
3242 2311 3428 2350 exsor-

1864 2407 2078 2466 temque
2111 2394 2344 2449 traducit
2375 2394 2440 2448 ad
2485 2393 2772 2456 orientem,
2814 2390 3008 2444 divina:
3051 2388 3185 2443 lucis
3226 2397 3424 2442 statum

1863 2489 1938 2543 illi
1965 2497 2371 2557 aspectumque,
2399 2487 2708 2541 omnimoda
2760 2482 2979 2537 malitia:
3011 2481 3154 2552 fuga,
3185 2480 3299 2534 fore
3329 2494 3429 2548 pu-

1863 2594 1982 2634 rum
2020 2580 2386 2642 annuntians;
2419 2580 2699 2647 ipsumque
2731 2575 3114 2636 sacrosanctis,
3154 2589 3275 2627 cum
3319 2585 3428 2626 uno

1864 2673 2014 2727 t0tali
2039 2671 2465 2740 conspiratione,
2502 2669 2930 2739 professionibus
2975 2666 3300 2720 uniformem
3343 2663 3430 2718 ef-

1861 2764 2084 2827 fectum,
2113 2777 2240 2818 vere
2267 2771 2511 2816 amanter
2537 2761 2852 2831 suscipiens.
2883 2758 3105 2823 Verum,
3131 2771 3188 2811 ut
3211 2757 3423 2826 opinor,

1863 2872 2145 2912 sacrorum
2186 2855 2374 2926 peritis
2403 2853 2788 2922 principiorum
2836 2861 3173 2919 perspectum
3203 2856 3306 2914 est,
3336 2862 3431 2901 as-

1864 2945 2036 3001 siduis
2088 2946 2154 3000 ad
2207 2959 2370 2998 unum
2418 2941 2746 2997 connitendo
2796 2940 3232 3008 aspirationibus,
3265 2947 3427 3005 atque

1865 3033 2121 3089 totalibus
2163 3032 2562 3086 contrariorum
2615 3027 3119 3084 mortiﬁcationibus
3161 3037 3214 3082 et
3257 3026 3425 3082 aboli-

1867 3126 2124 3191 tionibus,
2151 3141 2235 3180 res
2262 3124 2531 3192 spiritales
2553 3133 2724 3180 status
2759 3122 3036 3178 deiformis
3068 3122 3419 3176 immutabili-

178 3203 543 3257 ἀναλλοίωτον
578 3204 714 3272 ἴσχει
747 3201 815 3254 τὰ
844 3201 1006 3272 νοερὰ
1044 3201 1143 3270 τῆς
1169 3201 1432 3267 θεοειδοῦς
1473 3204 1656 3268 ἕξεως.
1686 3205 1757 3256 Οὐ

1866 3223 1974 3269 late
2011 3190 2190 3285 potiri.
2216 3190 2331 3269 Non
2357 3218 2503 3269 enim
2539 3216 2606 3268 ab
2635 3214 2777 3267 omni
2809 3218 3069 3268 duntaxat
3106 3213 3309 3266 malitia
3340 3221 3424 3266 est

180 3296 300 3366 γὰρ
325 3296 669 3366 ἀναχωρῆσαι
695 3295 798 3366 χρὴ
828 3294 983 3363 μόνον
1011 3294 1117 3346 ἀπὸ
1138 3296 1334 3358 κακίας
1361 3298 1597 3368 ἀπάσης,
1630 3295 1764 3349 ἀλλά

180 3389 284 3442 καὶ
313 3386 643 3458 ἀρῤενωπῶς
690 3387 1035 3456 ἀμάλθακτον
1078 3384 1234 3451 εἶναι,
1287 3388 1329 3419 ⁸¹
1377 3389 1642 3458 ἀφόϐητον
1677 3389 1762 3441 ἀεὶ

181 3477 328 3550 πρὸς
369 3479 468 3549 τὴν
509 3478 595 3528 ἐπ’
624 3477 788 3547 αὐτὴν
825 3476 1062 3546 ὀλέθριον
1109 3476 1314 3544 ὕφεσιν,
1342 3477 1460 3529 οὐδὲ
1495 3476 1587 3528 τοῦ
1615 3474 1760 3545 ἱεροῦ

180 3568 294 3638 τῆς
339 3567 592 3634 ἀληθείας
639 3566 836 3636 ἔρωτος
885 3567 939 3616 ἐν
990 3565 1276 3636 καταλήξει
1319 3566 1447 3618 ποτέ
1490 3565 1757 3634 γενέσθαι,

184 3659 475 3732 προσεχῶς
509 3660 565 3712 δέ
603 3661 695 3712 καὶ
726 3657 957 3720 αἰωνίως
986 3658 1069 3708 ἐπ’
1101 3658 1288 3728 αὐτὴν,
1318 3658 1413 3728 ὃση
1442 3657 1666 3728 δύναμις
1691 3659 1754 3722 ⁸³,

185 3754 584 3814 ἀνατείνεσθαι,
609 3754 707 3823 τὴν
738 3753 828 3805 ἐπὶ
870 3750 936 3806 τὰ
966 3752 1272 3823 τελειότερα
1298 3751 1342 3782 ’⁸⁵
1376 3751 1476 3822 τῆς
1506 3750 1764 3822 θεαρχίας

184 3847 478 3918 ἀναγωγὴν
507 3845 662 3916 ίερῶς
689 3845 774 3898 ἀεὶ
794 3845 1391 3916 διαπραγματευόμενον

1864 3309 2243 3368 recedendum,
2291 3307 2386 3361 sed
2429 3307 2804 3361 obdurandum
2847 3305 3095 3369 viriliter,
3125 3313 3179 3357 et
3223 3303 3422 3371 imper-

1864 3401 2050 3454 territe
2077 3415 2290 3468 semper
2319 3399 2688 3453 obsistendum
2739 3399 2836 3468 ipsi
2882 3399 3056 3451 noxiae
3086 3397 3420 3461 remissiooi;

1862 3505 1961 3543 nec
1992 3506 2020 3541 a
2051 3505 2206 3544 sacro
2235 3499 2318 3544 est
2347 3504 2580 3558 unquam
2607 3504 2791 3542 amore
2817 3490 3157 3550 cessandum,
3182 3488 3274 3541 sed
3296 3501 3427 3541 con-

1865 3581 2099 3634 tinenter
2125 3595 2189 3634 ac
2228 3589 2484 3649 perpetuo
2523 3596 2620 3649 pro
2665 3581 2869 3634 viribus
2919 3578 2994 3633 illi
3047 3579 3420 3640 insistendum,

1870 3673 1936 3724 ad
1973 3673 2351 3739 perfectiorem
2396 3673 2562 3726 divini
2610 3673 2943 3742 principatus
2991 3671 3424 3728 sublimationetn

1866 3771 2052 3818 sancte
2078 3777 2290 3833 semper
2322 3763 2536 3833 negotia
2565 3777 2659 3818 sua
2687 3763 2956 3833 dirigenti.

1737 4029 1899 4105 §Vl.

278 4240 438 4312 Ὁρᾷς
457 4239 511 4291 δὲ
535 4238 632 4303 τὰς
653 4239 854 4293 τούτων
877 4240 1120 4312 ἀκριϐεῖς
1148 4241 1358 4304 εἰκόνας
1381 4243 1435 4292 ἐν
1459 4243 1571 4302 τοῖς
1592 4239 1766 4311 ίεραρ-

187 4351 363 4408 χικως
386 4333 723 4403 τελουμένοις
746 4350 758 4364 ο
804 4335 830 4386 ό
883 4334 979 4404 μέν
1020 4333 1127 4404 γὰρ
1165 4332 1397 4402 θεοειδὴς
1426 4332 1468 4363 ⁸⁵
1507 4333 1762 4403 ἱεράρχης

189 4427 498 4498 ἀπάρχεται
523 4425 620 4494 τῆς
651 4425 798 4496 ἱερᾶς
821 4425 1066 4494 ἀλοιφῆς,
1093 4427 1140 4477 οἱ
1165 4425 1219 4477 δέ
1249 4427 1410 4495 ἱερεῖς
1436 4426 1526 4477 ὑπ’
1552 4424 1698 4494 αὐτῷ
1719 4424 1762 4456 ⁸⁸

1939 4235 2142 4290 Horum
2170 4246 2347 4291 autem
2373 4245 2588 4293 exactas
2613 4235 2789 4290 cernis
2815 4234 2866 4289 in
2900 4233 2966 4289 iis
3000 4249 3118 4304 quae
3146 4236 3426 4305 pontiﬁca-

1870 4329 1991 4385 liter
2015 4331 2463 4385 administrantur
2495 4320 2806 4398 imagines:
2848 4329 2961 4397 ipse
3008 4327 3268 4397 siquidem
3321 4344 3420 4383 au-

1872 4424 2025 4478 tistes
2086 4423 2363 4477 deiformis
2415 4437 2624 4475 sacram
2697 4421 3005 4488 auspicatur
3072 4419 3421 4484 unctionem,

190 4520 404 4572 τελοῦσι
430 4521 526 4589 τὴν
554 4520 651 4589 τῆς
681 4519 910 4589 χρίσεως
938 4519 1262 4588 ἱερουργίαν,
1293 4520 1384 4571 ἐπὶ
1417 4520 1542 4581 τοὺς
1588 4520 1761 4587 ἱεροὺς

1869 4530 2029 4583 quam
2079 4514 2256 4569 caeteri
2317 4513 2511 4566 exinde
2559 4515 2871 4568 sacerdotes
2925 4521 3318 4577 consummant,
3355 4514 3426 4566 ad

192 4618 252 4668 ἐν
307 4612 464 4680 τύπῳ
527 4613 614 4664 τὸν
687 4610 1002 4680 τελούμενον
1073 4612 1285 4678 ἀγῶνας
1335 4611 1757 4682 ἐκκαλούμενοι,

193 4705 410 4767 καθόὒς
451 4704 537 4755 ὑπ’
576 4702 832 4772 ἀθλοθέτῃ
874 4702 1089 4772 Χριστῷ
1128 4703 1425 4772 γινόμενος,
1467 4702 1648 4773 ἐπειδὴ
1689 4704 1763 4767 ὡς

190 4797 324 4859 θεός
355 4799 468 4848 ἐστι
507 4798 605 4866 τῆς
653 4797 964 4860 ἀθλοθεσίας
1011 4795 1356 4866 δημιουργὸς,
1397 4795 1468 4858 ὡς
1508 4797 1666 4862 σοφὸς
1708 4795 1764 4847 δέ

189 4890 316 4950 τοὺς
345 4888 538 4958 νόμους
574 4890 740 4957 αὐτῆς
765 4890 1030 4955 τέθεικεν,
1073 4889 1362 4957 εἰργάσατο
1401 4887 1454 4938 δέ
1496 4887 1569 4949 ὡς
1606 4887 1766 4950 καλὸς

193 4981 443 5050 εὐπρεπῆ
474 4981 512 5010 ’⁵⁷
538 4984 648 5042 τοῖς
674 4982 861 5033 νικῶσι
886 4983 953 5033 τὰ
976 4981 1202 5034 ἔπαθλα.
1233 4982 1340 5032 Καὶ
1377 4981 1436 5032 τὸ
1466 4980 1544 5032 ἔτι
1571 4980 1767 5032 θειότε-

196 5091 310 5143 ρον,
353 5073 578 5141 ἐπείπερ
619 5072 692 5135 ὡς
727 5072 924 5140 ἀγαθὸς
967 5075 1024 5124 ἐν
1070 5076 1179 5134 τοῖς
1222 5071 1479 5141 ἀθληταῖς
1527 5071 1767 5138 ἐγεγόνει

199 5166 317 5232 μετ’
343 5164 518 5217 αὐτῶν
547 5165 723 5236 ἱερῶς,
751 5166 890 5237 ὑπὲρ
911 5165 1008 5236 τῆς
1036 5164 1212 5218 αὐτῶν
1237 5164 1546 5235 ἐλευθερίας
1571 5165 1664 5216 καὶ
1689 5163 1765 5216 νί-

1867 4622 2024 4662 sacra
2065 4622 2158 4678 per
2194 4608 2418 4678 tiguram
2468 4606 2604 4659 hanc
2651 4607 2949 4660 certamina
2978 4607 3246 4661 initiatum
3275 4607 3422 4661 exci-

1869 4709 2042 4764 tantes
2069 4700 2166 4754 sub
2190 4700 2404 4754 Christo
2430 4700 2736 4755 munerario
2760 4701 3133 4765 constitutum,
3163 4699 3252 4768 qui
3280 4698 3432 4753 vitle-

1867 4792 1992 4846 licet
2019 4802 2076 4845 ut
2108 4793 2247 4846 Deus
2278 4794 2631 4847 certaminum
2678 4794 2971 4858 exhibitor,
3003 4801 3058 4845 ut
3100 4793 3312 4859 sapiens
3342 4790 3419 4844 le—

1867 4901 1990 4953 gum
2049 4895 2364 4954 przeceptor,
2421 4886 2762 4955 praemiorum
2833 4886 3064 4953 denique
3128 4883 3422 4940 victoribus

1865 4979 2300 5031 convenientium
2351 4988 2409 5030 ut
2456 4977 2680 5046 pulcher
2720 4987 3026 5030 muneratur
3077 4974 3313 5029 exsistit.
3359 4973 3444 5042 Et

1864 5068 2006 5138 quod
2036 5070 2122 5124 his
2169 5069 2400 5124 divinius
2441 5079 2544 5135 est,
2595 5085 2714 5122 cum
2769 5069 2820 5120 in
2853 5068 3096 5134 ipsismet
3152 5064 3420 5134 pugilibus

1867 5173 1926 5217 ut
1952 5164 2125 5219 bonus
2149 5163 2438 5229 exstiterit,
2463 5161 2930 5217 sacramentaliter
2968 5176 3067 5231 pro
3113 5159 3325 5214 illorum
3357 5158 3420 5211 li-

1508 5361 1745 5418 VARUE
1791 5360 2193 5421 LECTIONES.

291 5551 334 5579 ³³
362 5546 736 5619 ἐραστὴνήτῆς
763 5547 1012 5619 ἀληθείας
1037 5549 1226 5619 ἀληθῆ,
1255 5549 1311 5603 S.
1346 5549 1406 5602 Ρ.
1431 5549 1490 5603 Β.

198 5617 775 5694 ξ’λάποτάσειιιΜζὸρ.
851 5617 858 5619 “
891 5620 933 5649 ’⁵ο
961 5617 1145 5689 πρόσω

193 5687 226 5746 ἡ
251 5688 482 5755 δύναμις
501 5727 516 5749 ,
545 5687 612 5739 Μ.
641 5689 729 5741 Sc.

197 5757 242 5789 “
266 5759 352 5812 ἀπ’
377 5756 550 5826 αὐτῷ,
575 5757 632 5811 Ρ.
661 5760 779 5813 Sar.
891 5761 934 5791 ⁸⁷
965 5756 1258 5830 εὐπρεπής,
1289 5759 1358 5812 Μ.
1391 5760 1478 5814 Sc.

1589 5551 1633 5580 ³⁶
1665 5551 1968 5619 μειασχεῖν,
1997 5547 2052 5602 Ρ.
2131 5548 2173 5578 ³⁷
2201 5547 2380 5613 οίοθεί,
2523 5548 2637 5619 rCh.

1173 5621 1412 5689 μετάγει,
1438 5621 1504 5672 Μ.
1542 5619 1630 5672 Sc.
1689 5623 1739 5671 in
1788 5632 2154 5686 conspectum.

828 5689 870 5720 ⁸³
892 5689 1190 5759 τελεώτερα
1212 5729 1224 5752 ,
1264 5689 1321 5741 D.
1367 5692 1490 5754 CIL;
1518 5689 1817 5742 τελεώτατα
1838 5729 1850 5753 ,
1881 5690 1946 5742 Μ.
1979 5690 2067 5744 Sc.

2715 5547 2758 5578 ³³
2783 5547 3124 5612 ἀποδύσασα,
3177 5547 3234 5602 8.
3268 5547 3322 5601 Ρ.
3353 5549 3412 5603 Β.

2272 5622 2312 5649 ⁴¹
2341 5618 2547 5689 πρὸςτὸ
2571 5618 2649 5680 ἐν,
2674 5615 2730 5670 S.
2764 5619 2825 5672 D.
2855 5618 2952 5671 Ch.
3027 5619 3069 5648 δ’
3094 5623 3203 5672 καί.
3279 5619 3319 5649 ⁸³
3340 5620 3416 5684 ὡς

2181 5688 2228 5720 ⁸³
2251 5689 2356 5759 γάρ
2383 5688 2486 5743 non
2521 5690 2722 5744 habent
2748 5689 2814 5742 Μ.
2847 5690 2944 5744 Ch‘.
2973 5689 3308 5758 ἀγαθοειδήςι
3345 5692 3410 5742 Μι
