4162 6304
763 322 865 378 405

1921 329 1980 386 S.
2033 330 2328 387 DIONYSII
2353 331 2820 388 AREOPAGITIE

3903 326 4006 388 4οι

763 440 974 493 bertate
999 448 1161 510 atque
1186 443 1436 508 Victoria,
1471 443 1664 500 mortis
1721 459 1786 500 ac
1832 449 2195 517 corruptionis
2239 447 2339 500 im-

2448 469 2547 522 κης
2574 451 2708 522 πρὸς
2732 451 2792 502 τὸ
2813 449 2906 502 τοῦ
2932 450 3159 504 θανάτου
3186 452 3278 504 καὶ
3305 452 3403 522 τῆς
3448 451 3648 522 φθορᾶς
3680 449 4010 522 ἀγωνιζόμε-

763 534 976 601 perium
1009 533 1346 602 debellando,
1379 537 1434 592 in
1483 537 1780 592 certamina
1810 539 2026 609 quidem
2072 540 2334 610 gaudens,

764 634 952 694 utpote
982 626 1137 696 173
1166 629 1370 694 divina,
1402 629 1648 684 initiatus
1683 633 1971 696 ascendet,
2003 632 2208 702 legibus
2243 646 2341 684 au-

765 728 872 769 tem
950 719 1210 786 sapientis
1263 720 1518 789 insistet,
1590 720 1856 791 juxtaque
1912 721 2030 779 illas
2087 721 2339 777 inviolate

765 809 1029 874 certabit,
1084 811 1372 867 illustrium
1425 814 1770 883 praemiorum
1808 826 1956 869 certa
2000 831 2095 885 spe
2151 814 2336 880 fultus,

772 897 872 952 sub
904 899 1044 954 bono
1092 903 1451 957 certaminum
1499 903 1804 960 exbibitore
1838 903 2065 961 Domino
2115 920 2178 960 ac
2241 905 2342 959 du-

765 1002 918 1048 ctore
973 995 1347 1058 constitutus;
1400 997 1704 1068 divinisque
1765 999 2067 1055 insistendo
2100 999 2341 1069 vestigiis

765 1085 934 1154 ipsius
965 1086 1224 1158 pugillum
1274 1090 1521 1158 primatis
1564 1107 1661 1160 per
1707 1093 2054 1162 probitatem,
2108 1093 2173 1146 ad
2217 1092 2340 1147 imi-

767 1178 1026 1233 tationem
1093 1180 1184 1235 Dei
1252 1183 1642 1238 certaminibus
1695 1184 2024 1238 deilicationi
2069 1197 2180 1237 suae
2244 1183 2341 1237 ad-

766 1281 1048 1329 versatiles
1116 1275 1343 1342 Spiritus
1399 1284 1562 1344 atque
1637 1278 2010 1348 suggestiones
2088 1275 2342 1345 supplan-

772 1367 970 1429 tando,
1015 1366 1405 1420 commorietur
1451 1366 1667 1422 Christo
1715 1369 1791 1439 (id
1844 1370 1946 1436 cst)
1994 1369 2218 1440 mystice
2259 1368 2340 1424 lo-

770 1456 1003 1521 quendo,
1039 1467 1286 1526 peccato,
1319 1473 1416 1528 per
1441 1459 1791 1528 baptismum.

2442 557 2530 604 νος
2556 541 2772 611 κράτος,
2808 543 2920 604 τοῖς
2958 541 3054 611 μὲν
3091 541 3296 610 ἀγῶσιν
3333 541 3408 604 ὡς
3434 542 3594 604 θείοις
3619 541 3662 572 ⁸⁸
3697 543 3724 593 ό
3757 541 3983 613 τελούμε

2441 651 2529 696 νος
2559 634 2873 705 ἐπιϐήσεται
2902 633 3124 705 χαίρων,
3157 634 3380 704 ἐμμένει
3421 634 3474 686 δέ
3502 635 3543 665 ’δ’
3571 638 3689 696 ταῖς
3712 632 3803 685 τοῦ
3843 651 4009 702 scapo-3

2442 726 2797 796 νομοθεσίαις,
2817 728 2909 780 καὶ
2947 727 3066 781 κατ’
3093 727 3258 790 αὑτὰς
3290 727 3334 758 ⁸⁸
3363 725 3725 797 ἀπαραϐἀτως
3761 727 4006 794 ἀγωνιεῖ-

2437 837 2549 884 ται,
2601 821 2735 891 πρὸς
2770 821 2866 892 τὴν
2908 820 3016 872 τῶν
3055 819 3233 872 καλῶν
3275 818 3519 873 ἐπάθλων
3558 819 3743 871 ἐλπίδα
3781 819 4010 889 βεϐαίως

2443 905 2600 977 ἔχων,
2628 907 2717 959 ὑπ’
2740 907 2929 978 ἀγαθῴ
2962 908 3059 977 τῆς
3095 906 3409 970 ἀθλοθεσίας
3434 908 3619 977 Κυρίῳ
3658 909 3750 960 καὶ
3787 910 4011 978 ἡγεμόνι

2440 999 2763 1069 ταττόμενος
2791 1017 2804 1032 ·
2826 998 3019 1061 ἐπιϐὰς
3043 997 3098 1049 δὲ
3123 1001 3234 1060 τοῖς
3259 996 3421 1061 θείοις
3449 998 3615 1067 ἴχνεσι
3651 999 4012 1070 τοῦ,ἀθλητῶν

2443 1088 2658 1159 πρώτου
2692 1090 2759 1143 δι’
2785 1089 3113 1161 ἀγαθότητα,
3138 1092 3255 1152 ταῖς
3271 1087 3618 1160 θεόμιμήτοις
3643 1091 3896 1162 ἀθλήσεσι
3915 1092 4011 1154 τὰς

2443 1180 2581 1251 πρὸς
2608 1180 2801 1234 θέωσιν
2836 1180 3079 1244 ἐναντίας
3116 1180 3265 1250 αὑτῷ
3307 1182 3715 1244 καταπαλαίσας
3741 1183 4012 1253 ἐνεργείας

2441 1291 2499 1327 τε
2534 1275 2627 1327 καὶ
2677 1273 2956 1346 ὑπάρξεις,
2999 1274 3421 1345 συναποθνήσκει
3449 1274 3687 1346 Χριστῷ,
3740 1274 4014 1344 μυστικῶς

2449 1370 2626 1422 εἰπεῖν
2651 1371 2716 1439 τῇ
2742 1367 2982 1440 ἁμαρτίᾳ
3005 1367 3146 1421 κατά
3167 1367 3228 1420 τὸ
3263 1366 3557 1437 βάπτισμα.

2314 1579 2340 1652 §
2374 1577 2505 1637 VII.

842 1760 1060 1815 Attento
1103 1762 1190 1815 ltic
1235 1760 1418 1815 animo
1462 1761 1766 1830 perpende,
1798 1768 2134 1815 sacramenta
2166 1774 2331 1828 quam

2507 1760 2619 1813 Καί
2646 1777 2735 1830 μοι
2765 1757 2999 1822 συνετῶς
3023 1756 3210 1820 ἐννόει,
3252 1756 3322 1810 τὰ
3363 1755 3484 1827 ίερά
3511 1755 3625 1826 μεθ’
3654 1756 3781 1827 ὅσης
3811 1753 4010 1808 οίκειό-

772 1852 1012 1920 propriis
1057 1850 1296 1905 involuta
1339 1852 1447 1906 sint
1476 1851 1666 1920 signis.
1701 1851 1915 1906 Etenim
1947 1866 2070 1905 cum
2101 1851 2152 1904 in
2186 1850 2341 1904 nobis

772 1959 922 1996 mors
980 1958 1085 1997 non
1137 1943 1243 2008 sit,
1297 1953 1356 1995 ut
1404 1943 1727 2010 quibusdam
1773 1943 1979 2013 placet,
2023 1942 2344 1997 substantias

774 2030 1039 2096 abolitio,
1081 2032 1174 2084 sed
1216 2028 1632 2096 conjunctarum
1663 2032 1894 2099 partium
1931 2033 2232 2101 separatio,
2275 2031 2343 2085 ad

773 2123 826 2175 id
859 2123 1000 2190 quod
1043 2138 1142 2176 nos
1171 2123 1305 2177 latet
1333 2124 1631 2189 abducens,
1659 2125 1893 2177 animam
1919 2125 2134 2193 quidem
2153 2165 2167 2191 ,
2188 2124 2343 2193 quasi

775 2230 1004 2284 corpore
1038 2225 1298 2286 perpetuo
1338 2219 1658 2286 privandam
1684 2263 1696 2282 ,
1741 2233 1938 2286 corpus
1977 2232 2138 2284 vero,
2197 2217 2345 2269 velut

775 2307 941 2361 immo
976 2309 1214 2362 abditum
1239 2352 1252 2375 ,
1287 2309 1394 2362 alia
1424 2310 1677 2378 quapiam
1707 2302 2026 2364 alteratione
2052 2323 2341 2378 corporea,

778 2412 844 2451 ex
883 2399 1119 2453 humana
1154 2401 1334 2469 specie
1365 2403 1834 2455 exterminandum
1869 2419 1882 2467 ;
1920 2416 2023 2454 non
2055 2399 2348 2469 improprie

777 2488 960 2542 totalis
1000 2489 1101 2541 ista
1145 2504 1299 2558 aqua:
1339 2491 1616 2559 coopertio
1653 2493 1706 2544 in
1747 2491 1939 2545 mortis
1977 2501 2138 2559 atque
2180 2489 2349 2542 infor-

779 2580 884 2634 mis
917 2582 1205 2649 sepulturm
1239 2581 1467 2652 ﬁguram
1500 2582 1823 2650 accipiatur.
1862 2581 2348 2636 Sacramentaliter

778 2670 965 2740 itaque
1023 2672 1356 2741 baptizatum
1412 2671 1710 2742 symbolica
1772 2671 2060 2741 disciplina
2120 2670 2349 2741 mystice

780 2765 940 2817 docet
972 2765 1149 2818 tribus
1178 2763 1283 2817 illis
1315 2764 1366 2817 in
1401 2779 1593 2832 aquam
1632 2763 2068 2818 immersionibus
2095 2771 2150 2817 et
2172 2776 2350 2816 cmer-

780 2855 1028 2910 sionibus
1063 2856 1301 2909 divinam
1336 2856 1496 2908 trium
1535 2856 1746 2909 dierum
1784 2870 1846 2909 ac
1888 2854 2127 2909 noctium
2167 2851 2349 2921 sepul-

784 2958 920 3001 turae
951 2947 1076 3002 Jesu
1110 2947 1232 3000 vita:
1264 2948 1508 3000 aucturis
1541 2954 1771 3000 mortem
1811 2947 2050 3010 imitari,
2084 2955 2350 3014 quatenus

783 3041 1094 3094 hominibus
1127 3039 1448 3092 conceditur
1475 3039 1593 3106 ejus
1629 3038 1860 3092 imitatio
1882 3079 1896 3102 ,
1932 3039 1982 3091 in
2018 3052 2125 3107 quo
2148 3080 2163 3104 ,
2192 3038 2345 3107 juxta

2443 1866 2604 1920 τητος
2633 1847 2742 1918 ἔχει
2769 1847 2838 1900 τά
2863 1847 3125 1918 σύμϐολα.
3150 1846 3260 1898 Καὶ
3277 1845 3386 1917 γὰρ
3410 1845 3594 1916 ἐπειδὴ
3618 1846 3836 1910 θάνατός
3860 1847 4013 1898 ἐστιν

2445 1940 2530 2008 ἐφ’
2563 1938 2719 2008 ἡμῶν
2745 1939 2804 1989 οὐ
2832 1937 2928 2007 τῆς
2973 1937 3158 1998 οὐσίας
3197 1935 3556 2007 ἀνυπαρξία⁵¹
3586 1935 3726 1989 κατά
3765 1937 3818 1989 τὸ
3854 1936 4013 2001 δόξαν

2444 2032 2690 2110 ἐτέροιςθ,
2737 2030 2850 2083 ἀλλ’
2894 2032 2928 2101 ἡ
2964 2029 3074 2082 τῶν
3101 2029 3391 2099 ἡνωμένων
3413 2029 3457 2059 δ’
3495 2029 3794 2099 διάκρισις,
3839 2032 3922 2092 εἰς
3953 2031 4014 2084 τὸ

2442 2126 2574 2196 ήμῖν
2603 2124 2805 2192 ἀφανὲς
2842 2121 3046 2189 ἄγουσα
3079 2123 3178 2191 τὴν
3205 2121 3380 2191 ψυχὴν
3410 2120 3526 2190 μὲν,
3552 2120 3627 2184 ὡς
3660 2122 3716 2172 ἐν
3763 2123 4012 2194 στερήσει

2447 2215 2695 2286 σώματος
2724 2215 2873 2284 ἀειδῆ
2901 2214 3244 2284 γιγνομένην,
3268 2214 3328 2265 τὸ
3353 2212 3508 2282 σῶμα
3546 2212 3620 2275 δὲ,
3647 2213 3721 2276 ὡς
3746 2215 3802 2266 ἐν
3822 2215 3892 2285 γῇ
3918 2231 4013 2266 κα-

2445 2308 2799 2377 λυπτόμενον,
2845 2305 2964 2358 καθ’
2991 2307 3180 2376 ἑτέραν
3215 2304 3338 2357 τινὰ
3374 2304 3478 2357 τῶν
3523 2305 3893 2372 σωματοειδῶν
3919 2306 4012 2360 ἀλ-

2446 2397 2713 2452 λοιώσεων
2731 2399 2795 2462 ",
2823 2399 2885 2449 ἐκ
2907 2398 3005 2467 τῆς
3042 2396 3160 2450 κατ’
3191 2395 3474 2467 ἄνθρωπον
3507 2396 3646 2458 ίδέας
3686 2395 4015 2467 ἀφανιζόμε-

2449 2509 2535 2544 νον
2555 2507 2566 2519 ·
2595 2491 2806 2552 οἰκείως
2833 2492 2866 2559 ἡ
2891 2490 2956 2542 δι’
2987 2489 3174 2550 ὓδατος
3212 2490 3366 2560 ὁλικὴ
3400 2489 3630 2558 κάλυψις
3671 2492 3748 2552 εἰς
3788 2491 3886 2560 τὴν
3923 2488 4015 2543 τοῦ

2451 2582 2675 2636 θανάτου
2716 2580 2921 2634 καὶτοῦ
2958 2582 3054 2651 τῆς
3072 2582 3116 2612 ⁵⁸
3141 2582 3315 2651 ταφῆς
3356 2579 3565 2644 ἀειδοῦς
3610 2581 3791 2633 εἰκόνα
3831 2582 4016 2651 παρεί-

2448 2674 2671 2746 ληπται.
2700 2675 2801 2727 Τὸν
2825 2670 2914 2726 οὖν
2941 2673 3100 2744 ίερῶς
3130 2672 3519 2743 βαπτιζόμενον
3543 2674 3574 2743 ἡ
3622 2673 3919 2744 συμϐολικὴ
3942 2673 4018 2724 δι-

2447 2766 2711 2818 δασκαλία
2739 2769 3086 2837 μυσταγωγεῖ
3125 2768 3242 2829 ταῖς
3282 2764 3441 2834 ἐντῷ
3480 2764 3629 2816 ’ὑδατι
3671 2765 3816 2835 τρισὶ
3855 2780 4018 2816 κατα-

2449 2856 2698 2908 δύσεσι⁵⁵
2745 2857 2835 2908 τὸν
2873 2851 3158 2925 θεαρχικὸν
3200 2852 3299 2922 τῆς
3341 2852 3799 2923 τριημερονύκτου
3846 2852 4018 2922 ταφῆς

2463 2947 2636 3018 Ἰησοῦ
2681 2947 2774 3000 τοῦ
2813 2948 3071 3012 ζωοδότου
3119 2946 3399 3018 μιμεῖσθαι
3431 2945 3673 3010 θάνατον,
3703 2946 3778 3008 ὡς
3807 2946 4019 3014 ἐφικτὸν

2452 3039 2676 3108 ἀνδράσι
2702 3039 2761 3091 τὸ
2786 3039 3116 3110 θεομίμητον
3135 3079 3149 3103 ,
3179 3039 3238 3092 ἐν
3264 3032 3326 3104 ᾧ,
3358 3037 3500 3090 κατά
3525 3037 3621 3106 τὴν
3645 3036 3737 3088 τοῦ
3779 3037 3955 3105 λογιου
3975 3036 4020 3065 ⁸⁸

783 3131 1070 3200 tuySticam
1100 3142 1152 3184 et
1179 3127 1757 3199 arcanam-Scriptura:
1789 3130 2136 3184 traditionem
2158 3175 2171 3196 ,
2197 3130 2349 3198 prin-

2460 3129 2809 3203 μυστηριώδη
2836 3132 2930 3184 καί
2956 3131 3189 3203 κρυφίαν
3215 3129 3530 3202 παράδοσιν,
3553 3128 3703 3182 οὐδὲν
3731 3129 3959 3201 εὕρηκεν
3976 3126 4020 3159 ³¹

785 3237 912 3294 ceps
956 3222 1116 3292 hujus
1155 3221 1340 3276 mundi
1373 3237 1482 3277 non
1517 3221 1723 3276 invenit
1748 3220 2066 3290 quidquam.

2455 3227 2484 3279 ὁ
2505 3223 2599 3278 τοῦ
2625 3223 2830 3295 κόσμου
2856 3223 3060 3295 ἄρχων.

2293 3380 2322 3453 §
2357 3377 2526 3440 Vill.

856 3515 1115 3574 Cantlidis
1150 3520 1347 3575 deinde
1383 3523 1725 3577 vestimentis
1765 3521 1992 3577 induunt
2031 3521 2302 3575 initiatum
2333 3538 2349 3577 :

790 3609 929 3662 virili
961 3611 1104 3664 enim
1137 3626 1202 3667 ac
1234 3613 1484 3667 deiformi
1519 3630 1810 3684 pravorum
1842 3615 2133 3670 alfcctuum
2167 3614 2354 3668 vacui-

790 3709 898 3755 tate
923 3743 938 3767 ,
981 3717 1079 3756 nec
1111 3719 1215 3757 non
1251 3705 1463 3760 intenta
1507 3707 1560 3760 in
1601 3721 1770 3759 unum
1812 3706 1981 3760 animi
2026 3704 2353 3769 ali'ectione,

791 3807 913 3844 cum
950 3794 1000 3846 id
1036 3796 1177 3863 quod
1209 3805 1406 3850 ornatu
1437 3797 1657 3851 carebat
1687 3806 1937 3863 ornatur,
1973 3808 2086 3851 tum
2128 3796 2180 3850 id
2211 3796 2355 3866 quod

791 3881 1036 3937 deforme
1071 3895 1191 3940 erat
1227 3888 1509 3955 pulchrum
1554 3888 1806 3955 edicitur,
1847 3890 1971 3943 dum
2006 3888 2205 3943 illustri
2239 3903 2358 3942 om-

791 3976 921 4030 nino
958 3977 1070 4032 vita
1129 3978 1479 4047 splendescit.
1520 3982 1759 4050 Denique
1795 3983 2054 4051 unguenti
2093 3981 2182 4034 illa
2223 3995 2357 4035 con-

792 4087 1076 4127 summans
1106 4075 1289 4128 unctio
1324 4089 1444 4129 eum
1473 4077 1564 4144 qui
1596 4076 1841 4130 initiatur
1871 4076 2058 4131 odoris
2086 4075 2359 4130 suavitate

793 4162 1115 4230 perfundit;
1149 4179 1303 4219 sacra
1343 4167 1484 4220 enim
1527 4167 1722 4221 divina:
1763 4167 2132 4238 generationis
2169 4167 2358 4221 initia-

797 4253 872 4305 tio
899 4292 914 4317 ,
938 4267 1008 4317 ,ea
1041 4269 1159 4322 qua:
1193 4254 1402 4308 initiata
1437 4265 1564 4309 sunt
1594 4256 1777 4311 divino
1805 4256 2032 4326 Spiritui
2060 4254 2360 4324 conjungit.

2533 3523 2689 3594 Ἑξῆς
2713 3523 2768 3576 δέ
2794 3522 3101 3593 φωοειδεῖς
3127 3522 3360 3593 ἐσθῆτας
3383 3521 3726 3576 ἐπιϐάλλουσι
3751 3521 3829 3592 τῷ
3852 3522 4023 3574 τελου-

2456 3617 2599 3687 μένῳ
2620 3634 2631 3646 ·
2647 3619 2713 3686 τῇ
2735 3615 2846 3688 γὰρ
2869 3616 3092 3686 ἀνδρικῇ
3114 3616 3208 3667 καὶ
3236 3615 3459 3667 θεοειδεῖ
3481 3613 3586 3665 τῶν
3613 3614 3872 3666 ἐναντίων
3889 3613 4022 3665 ἀπα-

2454 3710 2695 3780 θείᾳριαὶ
2711 3713 2776 3780 τῇ
2795 3710 2927 3780 πρὸς
2941 3709 3000 3761 τὸ
3015 3709 3070 3760 ἓν
3087 3709 3144 3759 ἐν
3159 3709 3405 3778 συντονίᾳ
3418 3708 4023 3777 συννεύσει,τὸᾶκοσμον

2457 3803 2764 3871 κοσμεῖται,
2789 3802 2882 3852 καὶ
2906 3800 2967 3852 τὸ
2994 3799 3229 3854 ἀνείδεον
3253 3799 3594 3852 είδοποιεῖται
3615 3840 3628 3862 ,
3656 3801 3723 3868 τῇ
3750 3799 4025 3867 φωτοειδεῖ

2461 3894 2686 3946 καθόλου
2713 3893 2823 3963 ζωῇ
2852 3892 3315 3964 λαμπρυνόμενον.
3335 3892 3396 3943 Ἡ
3419 3891 3474 3944 δὲ
3493 3890 3584 3942 τοῦ
3615 3890 3785 3961 μύρου
3811 3889 4024 3942 τελειω-

2459 3987 2585 4058 τικὴ
2611 3987 2787 4057 χρίσις
2813 3985 2983 4056 εὐώδη
3013 3987 3154 4038 ποιεῖ
3177 3985 3268 4037 τὸν
3288 3983 3663 4052 τετελεσμένον
3682 3999 3694 4010 ·
3719 3984 3750 4051 ὴ
3781 3982 3889 4052 γὰρ
3908 3981 4025 4052 ίερά

2461 4079 2561 4150 τῆς
2609 4078 2951 4146 θεογενεσίας
3009 4075 3284 4139 τελείωσις
3329 4076 3440 4128 ἐνοϊ
3483 4074 3552 4126 τά
3591 4073 3906 4125 τελεσθέντα
3951 4073 4023 4143 τῷ

2464 4166 2740 4239 θεαρχικῷ
2778 4165 3074 4237 Πνεῦματι.
3120 4164 3229 4234 Τὴν
3268 4163 3325 4216 δὲ
3352 4162 3556 4234 νοητῶς
3596 4162 3898 4214 εὐοδοποιὺν
3936 4164 4026 4214 καὶ

2464 4261 2837 4332 τελεσιουργὸν
2878 4256 3248 4328 ἐπιφοίτησιν,
3275 4255 3645 4328 ἀρρητοτάτην
3680 4251 3845 4307 οὖσαν
3863 4294 3879 4315 ,
3907 4255 4020 4306 ἐπι-

795 4344 966 4399 Porro
1003 4346 1254 4413 illapsum
1295 4346 1480 4412 illum,
1516 4349 1606 4416 qui
1647 4348 1946 4418 spiritalem
1985 4348 2143 4400 istam
2176 4346 2349 4401 odori:

2469 4355 2670 4423 γνῶναι
2697 4353 2896 4424 νοερῶς
2920 4351 3156 4423 παρίημι
3181 4353 3296 4412 τοῖς
3318 4349 3637 4418 ἠξιωμένοις
3657 4348 3757 4418 τῆς
3783 4346 3922 4399 κατά
3939 4347 4027 4398 τὸν

796 4439 1121 4493 suavitatem
1153 4437 1310 4491 τίσει-ι
1331 4477 1347 4503 ,
1383 4454 1503 4491 cum
1539 4439 1607 4492 sit
1636 4454 1858 4507 prorsus
1893 4431 2215 4501 ineﬂ'abilis,
2245 4437 2360 4505 spi-

799 4529 1028 4583 ritaliter
1063 4527 1307 4596 relinquo
1347 4527 1777 4596 cognoscendum
1822 4529 1886 4582 iis
1924 4529 2015 4597 qui
2057 4527 2360 4582 secundum

800 4627 1036 4672 mentem
1082 4625 1270 4672 sancta
1312 4627 1365 4672 et
1420 4619 1611 4671 deiﬁca
1657 4619 1820 4672 divini
1858 4619 2093 4688 Spiritus
2124 4633 2366 4674 commu-

802 4713 966 4766 nione
1003 4711 1146 4780 tligui
1179 4721 1303 4765 sunt
1335 4713 1525 4766 habiti.
1558 4712 1783 4766 Demum
1810 4715 2062 4769 omnibus
2093 4715 2364 4782 peractis,

800 4818 923 4857 cum
947 4804 1037 4872 qui
1073 4804 1311 4855 initiatus
1341 4812 1420 4856 est
1450 4803 1516 4857 ad
1545 4803 1940 4857 sanctissimam
1962 4802 2368 4858 Eucbaristiam

803 4906 960 4948 votat
987 4940 999 4958 ,
1033 4907 1084 4949 ct
1120 4895 1507 4964 mysteriorum
1539 4896 1853 4958 perﬁciendi
1895 4894 2005 4950 vim
2051 4895 2365 4951 habentium

806 4988 1244 5042 communionem
1277 4987 1351 5041 illi
1392 4987 1574 5042 tradit.

2471 4447 2596 4502 νοῦν
2629 4446 2721 4499 τοῦ
2751 4447 2893 4500 θείου
2918 4445 3231 4517 Πνεύματος
3258 4444 3407 4514 ἱερᾶς
3443 4442 3534 4495 καὶ
3560 4441 3676 4493 θεου
3688 4437 3814 4510 ργοῦ
3843 4454 4028 4490 κοινω-

2473 4541 2611 4604 νίας.
2658 4541 2743 4594 Ἐν
2765 4538 2907 4592 τέλει
2949 4539 3006 4591 δὲ
3044 4538 3258 4592 πάντων
3283 4537 3310 4588 ό
3338 4535 3592 4605 ίεράρχης
3617 4534 3708 4584 ἐπὶ
3743 4530 3840 4601 τὴν
3879 4533 4028 4600 ἱερω-

2471 4636 2642 4704 τάτην
2688 4631 3049 4703 Εὑχαριστίαν
3103 4630 3259 4684 καλεῖ
3317 4628 3410 4681 τὸν
3463 4623 3873 4693 τετελεσμένον,
3939 4621 4029 4672 καὶ

2472 4722 2571 4792 τῆς
2628 4720 2736 4774 τῶν
2775 4719 3098 4774 τελεπικῶν
3161 4715 3472 4790 μυστηρίων
3514 4713 3660 4783 αὐτῷ
3711 4710 4028 4782 μεταδίδωσι

2472 4813 2771 4876 κοινωνίας.

2068 5143 2304 5201 νΑιιιιΕ
2344 5142 2634 5199 LECTlON
2641 5143 2743 5198 ES.

881 5311 927 5343 ⁵⁸
963 5309 1104 5372 θεός,
1133 5308 1202 5380 lii.
1236 5308 1378 5380 Sc.”
1401 5304 1443 5336 ⁸⁵
1469 5303 1528 5380 [η
1557 5307 1771 5380 ‘futuro
1819 5307 2154 5380 ippevei,_s.
2182 5305 2348 5380 PLCh

2455 5345 2467 5357 .
2493 5305 2551 5358 Β.
2581 5305 2701 5359 Sar.
2797 5304 2841 5333 ⁸ο
2875 5303 2988 5373 μετ’
3017 5303 3202 5366 αὐτάς,
3229 5303 3289 5356 Ρ.
3368 5303 3497 5380 "tu?
3524 5303 3621 5380 τῆς
3656 5303 3841 5380 οὐρίας
3867 5303 3966 5380 αυτ

2241 5378 2284 5408 ⁵³
2315 5387 2625 5445 praeponunt
2651 5379 2710 5446 ἦ,
2740 5376 2794 5427 S.
2922 5376 2980 5427 Ι).
3011 5373 3072 5428 Β.
3100 5364 3876 5446 8οςδεδι-...εάλλοίωσινριιρει
3931 5364 4031 5446 (lli.

810 5383 1136 5454 ἀνυπαρξία,
1167 5379 1224 5430 Ρ.
1257 5393 1308 5431 et
1466 5376 1834 5454 “jvaévwv
1855 5376 1934 5442 δέ,
1966 5379 2035 5432 Μ.
2056 5378 2158 5454 _Sc.

2875 5302 2988 5373 μετ’
3017 5303 3202 5366 αὐτάς,
3229 5301 3289 5356 Ρ.
3368 5300 3409 5331 ⁸¹
3439 5297 3497 5373 ου
3524 5296 3621 5373 τῆς
3656 5295 3841 5373 οὐσίας
3867 5293 4031 5373 αὐτῆς

3795 5431 3818 5452 1'

809 5454 970 5524 “
998 5432 1091 5506 ‘sz1
1118 5447 1433 5521 τῆςταιιῆς.
1512 5432 1791 5506 “aditum
1816 5453 1915 5507 cu.
1955 5452 2011 5505 υ.
2051 5450 2110 5505 s.
2145 5449 2205 5502 Ρ.
2239 5432 2344 5501 Sco

2448 5448 2559 5503 Sar.
2589 5432 2684 5502 καῖ
2703 5432 3009 5500 ἀναδύσεσι.
3087 5447 3133 5476 ³⁵
3161 5443 3337 5512 λόγου,
3365 5439 3466 5494 Cb.
3498 5437 3620 5494 Sar.
3696 5437 3740 5468 ⁵⁷
3765 5432 3942 5506 εὗρεν,
3970 5432 4032 5487 Ρ.
