4162 6304
773 363 873 423 Ill

1943 368 1998 424 Β.
2036 368 2337 427 DIONYSH
2369 369 2834 427 AREOPAGITJE

3918 368 4032 425 ΗΞ

772 487 987 545 quoque
1007 472 1061 529 in
1085 472 1268 529 divina
1287 479 1706 549 regeneratione
1727 494 1828 535 usu
1854 484 2041 538 venit:
2075 485 2312 554 quocirc:

2414 536 2416 543 ,
2444 485 2536 539 καὶ
2564 486 2621 538 ἐν
2648 488 2715 556 τῇ
2747 486 2866 557 θείᾳ
2888 480 3243 554 ἀναγεννήσει
3274 481 3421 536 ἐστι·
3441 481 3461 555 )
3480 482 3567 538 διὰ
3598 484 3757 540 τοῦτο
3786 492 4029 557 πρώτως

770 566 1004 635 primum
1036 574 1241 623 tractat
1270 568 1338 624 de
1365 570 1550 627 divino
1593 570 1947 643 baptismate.
2001 576 2217 635 Dictum
2256 590 2342 638 est

771 660 978 728 itaque,
1014 673 1242 729 scopum
1288 669 1488 717 nostra
1546 662 1877 722 bierarcbiae
1908 681 2029 723 esse
2073 670 2142 724 ad
2176 670 2344 727 Deum

770 753 1244 819 assimilationem;
1267 754 1411 811 hanc
1436 762 1619 811 autem
1646 772 1750 812 non
1779 758 1943 813 aliter
1961 760 2087 816 licet
2115 763 2343 832 adipisci

768 858 929 913 quam
962 858 1061 913 per
1086 844 1183 901 Dei
1214 845 1593 913 dilectionem,
1624 848 1702 902 uti
1732 847 1913 904 divina
1945 860 2000 906 et
2025 853 2342 923 evangelica

765 937 989 1006 eloquia
1033 939 1276 992 tradunt.
1310 936 1443 993 Cum
1486 940 1664 1009 igitur
1704 940 1806 997 ista
1853 943 2077 1000 dilectio
2128 956 2343 1003 constet

764 1025 1148 1080 observatione
1180 1027 1490 1082 divinorum
1544 1031 1923 1085 mandatorum
1946 1072 1961 1095 ,
1993 1034 2192 1102 quaerit
2229 1036 2337 1092 sibi

766 1120 959 1171 ducem
1011 1127 1120 1172 tam
1170 1120 1345 1174 sancti
1378 1120 1593 1188 operis,
1638 1121 1844 1176 scilicet
1882 1125 1948 1177 ad
1984 1133 2226 1179 sanctam
2261 1125 2341 1180 di-

760 1208 1012 1262 vinorum
1063 1212 1443 1267 mandatorum
1475 1213 1911 1281 exsecutionem,
1940 1226 2103 1287 atque
2136 1220 2337 1287 reperit

758 1314 865 1354 non
899 1316 1018 1357 esse
1048 1302 1247 1371 alium,
1298 1315 1501 1375 praeter
1549 1305 1697 1361 illam
1742 1322 1808 1361 ex
1852 1326 1991 1376 aqua
2039 1318 2096 1365 et
2128 1309 2333 1380 Spiritu

758 1396 1251 1462 regenerationem.
1296 1396 1576 1468 Siquidem
1641 1401 1854 1458 divinus
1887 1403 1975 1458 ille
2005 1405 2329 1473 baptismus,

761 1485 829 1537 ad
884 1485 986 1541 ‘Dei
1027 1486 1465 1544 familiaritatem
1516 1490 1907 1563 caelestemque
1956 1494 2329 1551 baereditatem

756 1576 1087 1646 principium
1127 1589 1213 1635 est
1258 1590 1312 1635 et
1363 1581 1721 1639 introductio.
1766 1585 1890 1639 Nisi
1915 1591 2087 1652 enim,
2133 1589 2328 1659 inquit,

750 1669 868 1735 quis
918 1680 1133 1724 renatus
1160 1672 1321 1742 fuerit
1355 1690 1420 1727 ea:
1450 1692 1586 1745 aqua
1633 1686 1681 1729 et
1726 1677 1947 1743 Spiritu,
1991 1696 2098 1733 non
2136 1682 2327 1736 videbit

751 1776 967 1828 regnum
1016 1762 1113 1815 Dei
1142 1764 1180 1817 ί.
1239 1763 1391 1819 Unde
1422 1767 1583 1820 homo
1628 1769 1914 1824 exterior'1
1946 1770 2219 1827 formatur
2256 1773 2325 1829 ad

748 1853 1026 1909 meliorem
1059 1870 1124 1910 ac
1151 1855 1446 1913 salutarem
1499 1859 1905 1927 habitudinem,
1939 1872 1993 1920 et
2030 1865 2097 1917 ad
2130 1866 2325 1923 verbo-

748 1958 867 1996 rum
897 1959 1237 2018 operumque
1268 1950 1361 2003 Dei
1387 1950 1807 2008 institutionem.
1833 1954 2115 2021 Quomodo
2138 1967 2321 2013 autem

745 2032 968 2088 divinus
1015 2038 1321 2105 baptismus
1371 2044 1650 2098 naturales
1696 2055 1914 2100 nostros
1958 2046 2178 2104 habitus
2223 2065 2323 2106 seu

745 2122 979 2180 atl'ectus
1010 2126 1304 2184 eliormat?
1344 2130 1544 2203 Utique
1573 2136 1679 2187 vim
1712 2139 1998 2204 quamdam
2036 2139 2321 2196 formatri-

745 2229 863 2269 cem
909 2217 1097 2273 inserit
1130 2220 1385 2289 ﬁgmento
1412 2237 1613 2292 nostro,
1644 2228 1853 2283 scilicet
1882 2232 2190 2299 appetendi,
2222 2235 2319 2290 sed

745 2306 990 2373 ctelestia
1016 2310 1187 2377 bona;
1218 2316 1499 2381 movendi,
1526 2320 1620 2371 sed
1651 2319 1716 2371 ad
1733 2334 1895 2375 omne
1922 2338 2063 2390 opus
2092 2326 2314 2392 bonum;

743 2398 1111 2454 ratiocinandi
1165 2418 1259 2459 seu
1309 2407 1621 2475 cogitandi,
1669 2412 1762 2465 sed
1813 2428 1933 2481 qua:
1966 2416 2155 2472 oculus
2207 2434 2314 2473 non

741 2486 897 2554 vidit,
932 2506 1109 2560 neque
1138 2497 1293 2552 auris
1321 2499 1561 2565 audivit;
1595 2506 2042 2573 concupiscendi,
2074 2511 2169 2565 sed
2198 2528 2314 2567 me-

740 2575 915 2644 liora;
968 2585 1283 2655 irascendi,
1331 2590 1425 2643 sed
1485 2592 1707 2650 inimico
1762 2597 1953 2653 salutis
2003 2612 2222 2667 nostrae,
2259 2613 2313 2658 et

736 2680 953 2728 caetera.
1000 2671 1267 2733 Praeclare
1314 2681 1458 2734 enim
1494 2684 1631 2738 dixit
1681 2686 1914 2757 inclytus
1961 2692 2308 2760 llierotbeus,

734 2764 968 2832 primum
1010 2776 1064 2821 et
1095 2769 1357 2825 eximium
1400 2776 1597 2829 mentis
1650 2789 1854 2833 motum
1895 2798 2015 2837 esse
2052 2786 2142 2840 Dei
2175 2788 2311 2844 dile-

732 2856 991 2909 ctionem.
1055 2858 1225 2925 Hujus
1273 2872 1457 2917 autem
1494 2865 1802 2923 dilectionis
1843 2876 1998 2940 quasi
2036 2880 2308 2944 quoddam

732 2946 1055 3015 principium
1086 2959 1169 3003 est
1194 2950 1377 3005 divina
1432 2958 1607 3009 nostri
1645 2958 1936 3015 fabricatio
1957 3004 1971 3028 ,
2003 2981 2123 3034 quae
2150 2968 2310 3021 nimi-

733 3050 851 3089 rum
887 3036 946 3089 ﬁt
989 3054 1085 3105 per
1114 3039 1443 3109 baptismum
1474 3086 1488 3108 ,
1536 3050 1831 3103 secundum
1870 3069 2031 3121 quam
2066 3058 2303 3114 divinum

2446 574 2797 644 διαλαμϐάνει
2849 576 2976 644 περὶ
3022 573 3116 627 τοῦ
3162 574 3309 627 θείου
3354 574 3744 646 βαπτίσματος.
3788 576 4025 647 Εἴρηται

2444 664 2623 717 τοίνυν
2655 665 2734 718 ea
2765 665 2965 725 σκοπὸς
3008 666 3107 736 τῆς
3176 664 3299 719 καθ’
3336 667 3483 736 ἡμᾶς
3534 667 3813 738 ἱεραρχίας
3860 667 4024 720 ἐστὶν

2445 756 2479 826 ἡ
2506 757 2640 827 πρὸς
2669 757 2800 812 Θεὸν
2826 758 3187 829 ἀφομοίωσις·
3215 757 3419 829 ταύτης
3444 759 3502 812 δὲ
3547 761 3646 814 οὐκ
3672 760 3839 827 ἄλλως
3859 761 4022 816 ἐστιν

2442 849 2717 920 ἐπιτυχεῖν
2753 851 2801 903 εί
2834 849 2907 922 μὴ
2932 850 3019 904 διὰ
3047 850 3147 920 τῆς
3176 849 3315 922 πρὸς
3361 850 3492 905 Θεὸν
3517 853 3875 924 ἀγαπήσεως,
3911 871 4021 907 κα-

2443 937 2550 1002 θὼς
2582 939 2673 993 καὶ
2710 938 2782 993 τά
2829 940 2946 993 θεῖα
2990 946 3085 994 καὶ
3130 939 3462 1008 εὐαγγελικά
3503 942 3799 1015 παριστῶσι
3827 942 4013 1011 λόγια.

2454 1030 2603 1084 Ἐπεὶ
2640 1030 2819 1085 τοίνυν
2849 1032 2881 1102 ή
2912 1031 3131 1103 τοιαύτη
3170 1033 3447 1104 ἀγάπησις
3476 1033 3539 1084 ἐκ
3565 1032 3659 1086 τοῦ
3697 1036 3877 1105 τηρεῖν
3909 1035 4019 1098 τὰς

2438 1118 2589 1186 θείας
2612 1122 2829 1186 ἐντολὰς
2860 1123 3197 1187 συνίσταται,
3228 1123 3383 1194 ζητεῖ
3409 1124 3508 1196 τὴν
3534 1125 3771 1197 ἀρχηγὸν
3794 1127 4018 1197 ἱερουρ-

2436 1213 2587 1282 γίαν,
2635 1213 2875 1285 δηλονότι
2912 1213 3064 1286 ίεράν
3102 1216 3367 1287 ἐργασίαν
3412 1216 3518 1271 τῶν
3558 1216 3715 1270 θείων
3753 1218 4013 1281 ἐντολῶν,

2435 1304 2531 1356 καὶ¹
2560 1304 2805 1376 εὑρίσκει
2832 1305 3086 1377 οὐδεμίαν
3110 1306 3273 1378 ἀλλην
3299 1310 3348 1362 εί
3381 1308 3456 1381 μὴ
3484 1308 3580 1380 τὴν
3602 1308 3670 1362 δι’
3700 1308 4016 1373 ῦδατος,καὶ

2432 1395 2742 1467 πνεύματος
2783 1397 3156 1469 ἀναγέννησιν.
3199 1399 3365 1471 Ἀρχὴ
3406 1398 3515 1471 γὰρ
3563 1402 3656 1454 καὶ
3699 1401 4012 1472 ὁδοποίησις

2430 1488 2530 1559 τῆς
2559 1490 2695 1559 πρὸς
2732 1489 2866 1545 Θεὸν
2915 1489 3242 1555 οίκειώσεως
3276 1491 3491 1562 καὶτῆς
3520 1492 3832 1563 ἐπουρανίου
3860 1491 4009 1563 κλη-

2431 1584 2687 1653 ρονομίας
2710 1583 2773 1636 τὸ
2794 1584 2932 1637 θεῖον
2965 1583 3200 1655 ὑπάρχει
3235 1584 3537 1654 βάπτισμα.
3570 1584 3678 1636 Καὶ
3699 1582 3821 1653 γάρ,
3855 1584 4010 1637 Ἐὰν

2422 1672 2506 1742 μή
2535 1691 2651 1739 τις,
2680 1674 2832 1745 φησι,
2862 1675 3124 1744 γεννηθῇ
3154 1674 3231 1729 δι’
3257 1675 3474 1742 ὕδατος
3505 1675 3602 1729 καὶ
3630 1677 3965 1744 πνεύματος
3984 1715 4003 1738 ,

2427 1768 2499 1821 σὺ
2522 1765 2607 1835 μὴ
2640 1767 2756 1821 ἴδοι
2781 1770 2895 1837 τὴν
2918 1769 3249 1833 ,ϐασιλείαν
3276 1769 3383 1823 τσῦ
3405 1768 3737 1841 ΘεοῦξὉθεν
3765 1767 4006 1839 μορφοῦε

2425 1874 2514 1910 ται
2538 1860 2569 1911 ὁ
2591 1858 2698 1923 ἐξω
2720 1858 2815 1914 ἄνθ
2826 1878 3005 1931 ρωπος
3022 1860 3158 1932 πρὸς
3172 1862 3455 1932 κρείττονα
3471 1859 3583 1925 ’ἐξιν
3599 1860 3688 1913 καὶ
3707 1862 3996 1931 σωτήριον,

2426 1947 2520 1999 καὶ
2546 1945 2652 1999 τῶν
2680 1946 2819 2000 κατά
2847 1947 2977 2001 Θεὸν
3007 1947 3177 2017 λόγων
3202 1966 3260 2002 τε
3282 1950 3375 2002 καὶ
3398 1949 3730 2021 πραγμάτων
3757 1949 3849 2020 τὴν
3880 1950 4003 2002 ἐπι-

2422 2038 2690 2110 τήδευσιν.
2723 2040 2847 2104 Πῶς
2874 2040 2931 2094 δὲ
2963 2044 3159 2111 μορφοῖ
3189 2040 3288 2105 τὰς
3318 2041 3552 2112 φυσικὰς
3581 2040 3732 2113 ἡμῶν
3766 2041 3909 2107 ἕξεις
3934 2042 4002 2096 τὸ

2424 2128 2565 2182 θεῖον
2594 2131 2910 2208 βάπτισμα;
2948 2134 3020 2187 Ἦ
3061 2134 3279 2196 πάντως
3308 2132 3535 2207 δύναμιν
3561 2137 3732 2207 ἐνίησι
3775 2154 4000 2208 μορφω-

2422 2222 2583 2293 τικὴν
2620 2202 3008 2291 ἀναπλάσεως,
3042 2222 3140 2278 τοῦ
3168 2202 3456 2297 ὀρέγεσθαι
3475 2267 3489 2291 ,
3530 2202 3792 2282 ἀλλά-
3823 2202 3994 2299 οὐρα-

2421 2316 2549 2369 νίων
2599 2317 2850 2383 ἀγαθῶν·
2902 2316 2996 2371 τοῦ
3047 2319 3344 2383 κινεῖσθαι,
3388 2320 3503 2373 ἀλλ’
3549 2322 3629 2385 εις
3675 2322 3780 2374 πᾶν
3829 2320 3997 2392 ἔργον

2418 2406 2619 2475 ἀγαθόν
2638 2407 2758 2461 ’τοῦ
2783 2408 3113 2478 λογίζεσθαι,
3135 2409 3359 2464 ἀλλά.τά
3384 2411 3420 2465 ὃ.
3439 2413 3713 2483 ὀφθαλμὸς
3737 2414 3833 2466 οὐκ
3858 2410 3991 2481 εἶδε,

2418 2500 2511 2550 καί¹
2540 2495 2633 2563 οὖς
2663 2501 2763 2553 οὑκ
2792 2499 2989 2571 ἤκουσε
3008 2516 3021 2530 ⁸
3053 2499 3147 2553 τοῦ
3179 2500 3487 2574 ἐπιθυμεῖν,
3515 2504 3647 2557 ἀλλά
3672 2505 3780 2558 τῶν
3809 2523 3995 2576 κρειτ-

2415 2591 2610 2644 τόνωνο
2642 2590 2736 2645 τοῦ
2782 2590 3117 2664 θυμοῦσθαι,
3170 2593 3306 2647 ἀλλά
3351 2595 3494 2649 κατά
3532 2596 3627 2648 τοῦ
3668 2596 3856 2668 ἐχθροῦ
3888 2596 3994 2667 τῆς

2417 2682 2690 2753 σωτηρίας
2716 2682 2870 2754 ἡμῶν
2894 2724 2907 2748 ,
2932 2685 3028 2738 καὶ
3054 2683 3251 2755 ἐφεξῆς
3275 2685 3343 2739 τὰ
3380 2685 3532 2740 ἄλλα.
3564 2687 3756 2752 Καλῶς
3778 2688 3884 2759 γὰρ
3913 2683 3991 2741 εί-

2415 2789 2513 2825 πεν
2541 2776 2567 2825 ὁ
2597 2774 2805 2838 κλεινὸς
2837 2775 3111 2847 Ἱερὸθεος,
3141 2777 3225 2828 ὅτι
3258 2778 3295 2847 ὴ
3321 2778 3689 2848 προτιμοτάτη
3723 2781 3815 2832 καὶ
3843 2778 3991 2843 ἐξαί-

2416 2882 2566 2933 ρετος
2607 2868 2821 2937 κίνησις
2864 2868 2957 2921 τοῦ
2988 2869 3083 2921 νοῦ
3130 2871 3163 2940 ἡ
3210 2872 3346 2943 πρὸς
3402 2870 3534 2923 Θεὸν
3581 2871 3767 2943 ἀγάπη
3814 2873 3988 2951 ἐστίν.

2411 2959 2626 3030 Ταύτης
2666 2961 2721 3014 δέ
2754 2963 2853 3031 τῆς
2894 2963 3115 3034 ἀγάπης
3156 2965 3295 3035 ἀρχή
3338 2981 3424 3027 τις
3474 2958 3584 3017 οἷόν
3612 2964 3756 3016 ἐστιν
3789 2967 3822 3035 ἡ
3868 2965 3989 3021 θεία

2408 3050 2737 3124 δημιουργία
2769 3054 2943 3124 ἡμῶν,
2982 3056 3014 3124 ἠ
3052 3054 3141 3106 διὰ
3178 3054 3273 3107 τοῦ
3307 3053 3693 3124 βαπτίσματος
3723 3055 3988 3125 δηλονότι,

732 3136 934 3181 statum
966 3130 1286 3186 inchoamus
1314 3152 1327 3189 :
1360 3137 1631 3203 siquidem
1662 3156 1721 3193 ea
1749 3158 1869 3209 quae
1895 3160 1957 3198 ex
1986 3150 2193 3205 semine
2224 3162 2305 3205 est

2414 3145 2530 3198 καθ’
2574 3146 2638 3216 ἢν
2676 3146 2833 3209 θείως
2874 3144 3013 3201 εἷναι
3054 3148 3367 3220 ἀρχόμεθα·
3399 3150 3431 3219 ἠ
3468 3150 3565 3220 μὲν
3591 3149 3698 3220 γάρ
3728 3151 3791 3204 ἐκ
3818 3152 3989 3223 σπέρ-

730 3223 902 3275 nostri
928 3220 1220 3279 fabricatio
1242 3266 1257 3289 ,
1292 3228 1394 3281 etsi
1442 3231 1513 3284 sit
1539 3247 1603 3285 ex
1636 3236 1919 3291 conditore
1947 3239 2073 3304 Deo,
2118 3254 2298 3299 tamen

731 3312 998 3366 naturalis
1028 3325 1132 3379 est,
1178 3331 1239 3369 ea
1271 3333 1399 3373 vero
1431 3337 1550 3388 qua:
1593 3339 1661 3376 ex
1713 3326 2037 3393 baptismate
2065 3336 2299 3405 exsistit,

732 3402 934 3477 divina.
971 3401 1162 3473 Neque
1191 3410 1335 3461 enim
1369 3427 1432 3463 ea:
1453 3415 1817 3481 sanguinibua,
1848 3436 2011 3489 neque
2032 3439 2094 3474 ex
2120 3427 2304 3479 eol’un-

732 3500 837 3545 tate
861 3495 977 3559 viri,
1032 3513 1122 3550 nec
1146 3514 1210 3551 ex
1238 3499 1505 3556 uoluntate
1546 3508 1783 3559 carnis".
1836 3509 2298 3574 Quemadmodum

730 3582 893 3649 igitur
927 3586 979 3639 in
1028 3589 1263 3643 naturali
1310 3594 1596 3650 nativitate
1630 3609 1847 3666 oportet
1885 3609 2117 3669 primum
2152 3610 2301 3662 exsi-

730 3682 876 3729 stere
911 3677 963 3731 in
998 3680 1375 3749 l79rerum
1402 3697 1620 3753 natura,
1650 3706 1711 3744 ac
1735 3692 1931 3747 deinde
1956 3695 2219 3763 vicissim,
2248 3710 2300 3756 et

728 3778 892 3834 agere
917 3778 973 3820 et
1005 3771 1139 3836 pati,
1174 3770 1423 3827 homines
1451 3777 1670 3845 quidem
1704 3796 1823 3848 qum
1871 3784 1974 3837 sibi
2010 3798 2139 3839 sunt
2171 3805 2298 3857 pros

728 3852 869 3923 pria,
904 3856 1059 3911 bruta
1097 3875 1226 3915 vero
1272 3878 1391 3931 quae
1431 3868 1560 3919 Sunt
1586 3870 1947 3926 conducibilia
1974 3891 1988 3924 :
2017 3875 2096 3929 sic
2134 3881 2298 3932 etiam

728 3945 784 4001 in
813 3948 995 4003 divina
1048 3951 1306 4023 baptismi
1355 3964 1772 4027 regeneratione
1805 3977 2022 4033 oportet
2056 3970 2297 4038 primum

728 4033 841 4091 Deo
868 4039 1104 4095 existere
1143 4082 1160 4109 ,
1207 4060 1269 4100 ac
1302 4047 1502 4104 deinde
1548 4052 1893 4108 dilectionem
1919 4055 2035 4124 ejus
2062 4062 2298 4127 Operari,

728 4126 806 4179 uti
844 4139 1040 4185 caetera
1071 4149 1192 4203 qua:
1227 4137 1295 4192 ad
1333 4149 1481 4195 recte
1524 4144 1811 4199 vivendum
1863 4126 2128 4216 spectant.
2176 4152 2301 4221 Ejus

726 4219 872 4272 enim
902 4223 1049 4290 quod
1081 4238 1429 4298 nequaquam
1470 4242 1570 4295 est,
1603 4248 1780 4302 neque
1813 4246 1994 4291 motus
2023 4248 2125 4303 est;
2156 4219 2298 4308 quod

728 4321 911 4365 autem
938 4328 1163 4384 quoquo
1191 4331 1351 4387 pacto
1379 4332 1483 4387 est,
1504 4325 1619 4379 sive
1649 4327 1793 4393 quod
1821 4330 1996 4383 solum
2028 4330 2300 4399 subsistit,

725 4407 1040 4474 operabitur
1068 4410 1297 4464 omnino
1333 4429 1452 4482 qua:
1495 4417 1597 4470 sibi
1648 4431 1781 4472 sunt
1832 4424 2206 4488 accommoda,
2242 4438 2299 4480 ut

2411 3256 2578 3308 ματος
2617 3240 2773 3309 ἡμῶν
2801 3241 3167 3313 δημιουργία,
3200 3246 3249 3296 εξ
3294 3243 3387 3296 καὶ
3438 3243 3501 3295 ἐκ
3542 3242 3675 3297 Θεοῦ
3720 3246 3984 3319 δημιουρο

2406 3330 2625 3398 γοῦντός
2658 3333 2838 3399 ἐστιν,
2881 3334 2994 3387 ἀλλ’
3025 3332 3120 3389 οῦν
3166 3339 3366 3409 φυσική
3408 3338 3593 3389 ἐστιν’
3627 3340 3659 3408 ἡ
3688 3338 3741 3392 δὲ
3784 3340 3846 3393 ἐκ
3886 3340 3981 3393 τοῦ

2408 3420 2779 3492 βαπτίσματος
2824 3423 2964 3478 θεία.
3015 3427 3095 3479 Οὐ
3138 3426 3248 3495 γὰρ
3282 3427 3351 3492 ἐξ
3396 3427 3687 3497 αἱμάτων,
3731 3430 3873 3484 οὐδὲ
3914 3432 3984 3487 ἐκ

2405 3512 2735 3581 θελήματος
2775 3515 3029 3583 ἀνδρὸς,
3080 3517 3313 3571 οὺδὲήέκ
3359 3517 3689 3587 θελήματος
3730 3524 3978 3588 σαρκός.

2407 3605 2617 3676 Ὠσπερ
2672 3608 2850 3659 τοίνυν
2894 3609 2952 3659 ἐν
2991 3611 3057 3677 τῇ
3099 3612 3299 3680 φυσικῇ
3356 3612 3601 3681 γεννήσει
3645 3609 3724 3661 δεῖ
3768 3613 3977 3682 πρῶτον

2406 3698 2642 3769 ὑπάρξαι
2673 3702 2751 3763 είς
2782 3701 2839 3753 τὸ
2869 3697 3039 3766 εἶναι,
3072 3703 3166 3755 καί
3203 3702 3325 3756 τότε
3362 3706 3650 3777 ἐνεργῆσαι
3691 3704 3756 3760 τὰ
3784 3709 3971 3763 κατάλο

2402 3790 2536 3861 ληλα
2562 3831 2574 3855 ,
2622 3794 2714 3845 καὶ
2754 3793 2977 3857 παθεῖν,
3010 3790 3117 3849 οἷον
3160 3796 3479 3867 ἀνθρώπους
3524 3800 3620 3869 μὲν
3674 3801 3743 3853 τά
3781 3804 3973 3866 οἰκεῖα,

2403 3881 2569 3949 ἀλογα
2590 3882 2645 3935 δὲ
2674 3884 2835 3936 πάλιν
2864 3886 2931 3938 τὰ
2957 3886 3238 3959 πρόσφορα
3257 3905 3268 3917 ·
3302 3888 3443 3942 οὕτω
3496 3892 3589 3943 καὶ
3634 3894 3690 3945 ἐν
3737 3896 3803 3965 τῇ
3854 3894 3975 3967 θείᾳ

2402 3972 2495 4025 τοῦ
2530 3974 2900 4045 βαπτίσματος
2932 3978 3286 4051 ἀναγεννήσει
3321 3982 3401 4033 δεῖ
3431 3982 3642 4053 πρῶτον
3662 3984 3780 4055 Θεῷ
3810 3987 3971 4058 ὑπάρ-

2404 4064 2520 4129 ξαι,
2564 4068 2655 4119 καὶ
2689 4068 2808 4120 τότε
2838 4070 3130 4141 ἐνεργῆσαι
3160 4073 3260 4145 τὴν
3299 4073 3521 4143 ἀγάπην
3547 4075 3710 4129 αὑτοῦ
3734 4115 3747 4138 ,
3782 4079 3873 4131 καὶ
3908 4079 3974 4131 τά

2400 4155 2561 4209 λοιπά
2606 4158 2741 4229 πρὸς
2780 4160 3039 4224 εὐζωῖαν·
3073 4161 3166 4215 τοῦ
3212 4163 3321 4235 γὰρ
3367 4165 3616 4235 μηδαμοῦ
3650 4166 3803 4232 ὄντος
3852 4169 3972 4222 οὐδὲ

2401 4250 2611 4321 κίνησίς
2638 4254 2781 4305 ἐστι’
2814 4254 2874 4307 τὸ
2905 4254 2960 4307 δέ
2992 4273 3107 4319 πως
3134 4256 3211 4320 ὃν,
3230 4258 3395 4328 ἤγουν
3414 4258 3474 4311 τὸ
3502 4263 3674 4329 μόνως
3706 4264 3967 4322 ὑποστὰν,

2398 4342 2677 4412 ἐνεργήσει
2720 4344 2933 4408 πάντως
2963 4345 3029 4398 τὰ
3064 4346 3345 4418 πρόσφορα
3381 4349 3458 4411 είς
3488 4348 3548 4400 τὸ
3586 4349 3835 4418 γενέσθαι
3872 4353 3970 4404 καὶ

2400 4433 2623 4487 τοιῶσδε
2661 4434 2718 4487 ὃν
2750 4435 2781 4505 ἢ
2812 4437 3039 4502 τοιόνδε,
3081 4434 3188 4491 οἷον
3218 4439 3402 4503 ἁπλῶς
3442 4442 3521 4503 είς
3552 4441 3779 4511 ὓπαρξιν
3805 4442 3970 4495 ἐλθὼν

726 4498 912 4554 taliter
940 4509 1033 4555 aut
1066 4503 1174 4558 tale
1204 4506 1336 4573 quid
1370 4508 1623 4576 exsistat,
1649 4526 1699 4568 v.
1733 4528 1786 4582 ει
1824 4513 2003 4578 homo,
2032 4517 2123 4586 qui
2171 4518 2296 4572 sim-

2414 4524 2699 4595 ἱνθρωπος.
2734 4498 2858 4591 Ilii);
2892 4524 2984 4580 οὖν
3020 4528 3097 4581 ἔτι
3122 4569 3135 4592 ,
3171 4530 3243 4599 μὴ
3291 4531 3587 4601 ἐνεργήσας
3620 4549 3702 4593 τι,
3747 4532 3968 4586 δύναται

722 4592 942 4661 pliciter
980 4594 1031 4647 in
1068 4610 1247 4650 rerum
1284 4609 1539 4655 naturam
1611 4606 1831 4673 prodiit.
1883 4606 2168 4672 Quomodo
2201 4612 2297 4680 igi-

725 4692 816 4738 tur
844 4685 935 4753 qui
969 4686 1199 4741 necdum
1234 4698 1496 4758 operatur
1522 4694 1843 4763 quidquam,
1876 4708 2053 4767 potest
2086 4716 2149 4756 eo
2174 4718 2295 4767 per-

724 4775 913 4829 venire
942 4787 999 4829 ιιι
1033 4778 1152 4833 talis
1188 4780 1294 4843 sit,
1352 4784 1502 4836 verbi
1536 4788 1743 4854 gratia,
1784 4788 1991 4858 justus,
2044 4790 2293 4850 faciendo

720 4864 1021 4935 justitiam;
1050 4872 1132 4926 vel
1169 4873 1309 4940 talis,
1342 4875 1487 4929 aliud
1518 4879 1647 4945 quid
1673 4884 1986 4948 operando9
2018 4883 2291 4951 Caeterum

726 4970 851 5012 cum
876 4960 1045 5015 divini
1075 4962 1415 5031 baptismatis
1445 4966 1683 5037 symbola
1716 4972 2061 5039 conspecturi
2092 4974 2279 5037 simus,

726 5065 885 5105 nemo
938 5050 1193 5119 profanus
1229 5054 1296 5107 ad
1352 5070 1531 5109 rerum
1598 5058 1865 5113 dictarunt
1917 5063 2285 5129 spectaculum

724 5141 978 5207 accedat;
1028 5157 1199 5212 neque
1243 5144 1385 5198 enim
1443 5147 1644 5201 debiles
1699 5151 1881 5204 oculos
1944 5152 2269 5209 habentibus

727 5242 905 5289 tutum
936 5243 1018 5289 est
1053 5237 1267 5290 obtueri
1317 5238 1484 5292 radiis
1534 5255 1671 5309 quos
1717 5241 1797 5295 sol
1847 5243 2147 5313 ejaculatur
2196 5246 2289 5314 (id

727 5328 873 5382 enim
904 5338 1006 5394 est,
1033 5343 1061 5379 a
1091 5329 1202 5383 sole
1244 5329 1554 5402 fabricatis)
1584 5349 1706 5387 cum
1737 5336 1901 5388 etiam
1936 5337 1986 5389 in
2016 5336 2149 5407 legis
2177 5354 2293 5391 um~

729 5420 844 5474 bris
878 5419 1035 5489 (quas
1067 5421 1229 5473 etiam
1263 5422 1625 5480 hierarcbiam
1655 5428 1913 5496 appellat)
1954 5430 2114 5484 Ozias
2145 5431 2292 5500 lepra

731 5522 1013 5581 correptus
1041 5512 1110 5566 sit
1134 5530 1317 5569 coram
1353 5518 1465 5571 Deo
1491 5518 1708 5574 adolens
1738 5522 2047 5589 incensum;
2075 5533 2127 5576 et
2156 5524 2292 5579 Core

814 5761 830 5791 ‘
860 5758 1007 5814 Joan.
1042 5777 1120 5827 tu,
1275 5766 1320 5804 ἰι
1348 5762 1522 5819 iMax.
1559 5766 1834 5838 intcrior.]
1913 5777 1939 5807 ⁷
1965 5768 2118 5825 Joan.
2151 5769 2287 5836 1,15.

2396 4616 2566 4669 ἐλθεῖν
2596 4618 2676 4681 είς
2702 4617 2762 4670 τὸ
2797 4619 3001 4672 τοιόσδε
3032 4616 3190 4682 εἶναι,
3224 4621 3388 4691 ἤγουν
3419 4622 3642 4684 δίκαιος,
3672 4623 3970 4695 ἐνεργήσας

2393 4708 2491 4779 τὴν
2518 4708 2863 4779 δικαιοσύνην
2883 4727 2895 4738 '
2932 4710 2963 4779 ἢ
2994 4710 3217 4773 τοιόσδε,
3249 4711 3372 4763 ἄλλο
3399 4729 3450 4764 τι
3478 4712 3802 4784 ἐνεργήσας
3823 4716 3972 4767 Ἐπεὶ

2392 4798 2449 4850 δέ
2494 4798 2754 4870 μέλλομεν
2806 4800 3125 4855 ἐποπτεύειν
3158 4802 3227 4855 τά
3276 4803 3369 4856 τοῦ
3412 4804 3555 4857 θείου
3597 4804 3970 4876 βαπτίσματος

2396 4889 2671 4961 σύμϐολα,
2718 4892 2902 4963 μηδεὶς
2948 4893 3230 4957 ἀτέλεστος
3280 4895 3401 4947 ἱέτω
3438 4896 3529 4948 ἐπὶ
3564 4896 3660 4965 τὴν
3694 4896 3820 4948 θέαν
3861 4898 3968 4950 τῶν

2393 4983 2728 5052 λεγομένων·
2758 4984 2850 5035 καὶ
2894 4983 3002 5055 γὰρ
3049 4986 3169 5037 οὐδὲ
3218 4988 3329 5047 τοῖς
3371 4986 3617 5038 ἀσθενέσι
3660 4986 3801 5039 κατὰ
3841 4988 3966 5051 τοὺς

2392 5073 2703 5142 ὀφθαλμοὺς
2735 5076 3015 5129 ἀκίνδυνον
3046 5077 3105 5129 τὸ
3132 5078 3470 5131 ἀντιϐλέπειν
3500 5079 3634 5149 πρὸς
3662 5081 3761 5141 τὰς
3793 5077 3965 5147 αὐγὰς

2393 5163 2457 5228 ἀς
2486 5168 2512 5219 ὀ
2542 5166 2690 5236 ἣλιος
2720 5168 2917 5238 τεύχει,
2952 5168 3129 5238 (τοῦτο
3155 5170 3262 5240 γάρ
3290 5172 3403 5223 ἐστι
3430 5172 3489 5223 τὸ
3524 5169 3961 5241 ήλιοτεύκτοις,)

2396 5256 2595 5325 ὃπουγε
2623 5261 2715 5309 καὶ
2743 5261 2797 5311 ἐν
2826 5262 2936 5322 τοῖς
2955 5259 3047 5311 τοῦ
3080 5260 3243 5331 νόμου
3284 5261 3551 5325 σκιώδεσι,
3581 5262 3825 5331 (κάκεῖνα
3857 5260 3965 5331 γὰρ

2399 5349 2676 5418 ἱεραρχίαν
2730 5350 2955 5418 καλεῖ,)
3005 5353 3096 5404 καὶ
3140 5351 3321 5416 Ὀζίας
3364 5352 3641 5424 ἐλεπρώθη
3668 5392 3681 5415 ,
3736 5352 3965 5407 ἐνώπιον

2398 5436 2530 5489 Θεοῦ
2562 5438 2860 5509 θυμιάσας·
2896 5441 2986 5493 καὶ
3018 5444 3161 5513 Κορέ
3198 5443 3493 5516 κατεπόθη,
3524 5444 3629 5497 τῶν
3660 5444 3734 5515 μὴ
3766 5461 3966 5515 προσηο

2398 5530 2598 5587 κόντων
2671 5534 2830 5605 ἱερῶν
2904 5536 3380 5609 ἀντιποιούμενος·
3438 5538 3528 5591 καὶ
3607 5534 3793 5589 Ναδάϐ
3869 5532 3961 5589 καὶ
