4172 6304
203 367 309 423 415

756 364 845 417 DE
871 362 1153 420 ECCLES.
1178 359 1585 424 HIERABCH.,
1624 354 1778 413 CAP.
1810 353 1877 411 11.
1913 384 1985 396 —
2018 351 2362 411 PARAPHR.
2391 346 2853 415 PACHYMERJE.

3310 349 3417 407 ιιι

214 475 447 541 'aﬁtobb,
482 474 618 545 ξένῳ
648 473 781 545 πυρὶ¹
810 474 1194 546 θυμιάσαντες,
1226 474 1359 545 ξένῳ
1386 473 1478 527 καὶ
1500 466 1759 525 κατεκαύ-

1873 473 2015 519 terra
2056 466 2341 534 absorptus
2366 473 2451 519 est
2478 464 2650 517 sacris
2689 462 2788 530 ipsi
2836 469 2942 517 nun
2970 459 3419 522 convenientibus

203 567 391 640 θησαν.

748 745 813 797 Il.
853 743 1218 813 Μυστήριον.

265 832 290 904 §
314 835 358 887 ῐ.
411 832 468 888 '0
499 835 595 904 μὲν
624 834 888 907 ίεράρχης
928 834 1190 905 ἀφομοιού
1201 850 1358 905 μενος
1382 831 1459 903 τῷ
1487 831 1602 904 Θεῷ
1622 871 1637 897 ,
1665 832 1759 886 καὶ

200 922 365 976 θέλων
395 925 487 977 καὶ
512 917 666 988 οὗτος
697 924 931 995 σωθῆναι
957 926 1184 987 πάντας,
1215 926 1307 977 καὶ
1352 911 1432 986 είς
1470 922 1758 992 ἐπίγνωσιν

198 1013 451 1082 ἀληθείας
491 1014 662 1067 ἐλθεῖν
683 1056 697 1080 ,
732 1016 1005 1086 ἀσιγήτως
1031 1015 1289 1087 κηρύττει
1318 1014 1388 1067 τὰ
1422 1014 1754 1083 Εὑαγγέλια,

197 1106 272 1157 ὅτι
295 1107 323 1157 ὁ
350 1104 481 1167 Θεὸς
504 1143 519 1168 ,
552 1104 611 1172 ἐξ
652 1106 859 1169 οἰκείας
884 1106 1199 1177 κινούμενος
1227 1105 1575 1176 ἀγαθότητος,
1602 1106 1757 1169 ἵλεως

196 1198 321 1267 ἡμῖν
356 1197 440 1248 ἀεὶ
476 1196 568 1261 ὢν,
613 1198 771 1269 μέχρι
800 1199 892 1250 καὶ
921 1199 1000 1261 είς
1036 1199 1180 1269 ἡμᾶς
1206 1197 1378 1251 ἐλθεῖν
1418 1198 1509 1251 καὶ
1541 1215 1756 1269 σαρκω-

196 1286 352 1356 θῆναι
381 1287 721 1354 κατεδέξατο.
751 1288 859 1340 Καὶ
905 1287 1090 1359 ὥσπερ
1130 1290 1194 1341 τὸ
1224 1289 1333 1360 πῦρ
1356 1327 1370 1352 ,
1418 1288 1621 1359 ψυχρὸν
1659 1288 1755 1341 καὶ

197 1376 400 1446 μέλανα
429 1376 558 1430 ὄντα
588 1377 679 1430 τὸν
710 1377 922 1449 σίδηρον
942 1418 956 1443 ,
982 1382 1049 1450 τῇ
1079 1379 1215 1450 πρὸς
1246 1378 1407 1431 ἑαυτὸ
1421 1380 1607 1431 ὲνώσει
1626 1378 1757 1446 ἀφο-

197 1470 366 1539 μοιοῖο
394 1467 535 1520 οὕτω
563 1470 656 1521 καὶ
684 1467 817 1533 Θεὸς
852 1470 923 1523 τά
951 1469 1039 1522 διὰ
1058 1470 1303 1533 ,πίστεως
1340 1469 1603 1523 ἐνωθέντα
1631 1470 1757 1538 ἀφο-

197 1559 339 1629 μοιοῖ
372 1557 513 1610 κατά
536 1558 634 1628 τὴν
658 1557 885 1615 ἑκάστου
914 1559 1051 1631 πρὸς
1092 1559 1284 1611 θέωσιν
1310 1559 1753 1631 ὲπιτηδειόςτητα,

194 1646 374 1711 καθὼς
415 1650 443 1701 ό
488 1648 795 1718 ὲπιστήθιος
825 1650 917 1715 καὶ
956 1650 1307 1720 ὴγαπημένος
1345 1652 1401 1702 ὲν
1436 1652 1547 1713 τοῖς
1591 1648 1753 1713 θείοις

192 1737 542 1807 Εὑαγγελίοις
582 1739 796 1805 διέξεισι
818 1756 831 1771 ο
860 1740 953 1792 καὶ
991 1740 1019 1791 ὁ
1054 1740 1149 1810 μὲν
1184 1739 1440 1811 ἱεράρχης
1486 1738 1752 1809 ὁσημέραι

190 1826 361 1879 ταῦτα
388 1827 479 1880 καὶ
505 1826 573 1879 τά
598 1827 818 1880 τοιαῦτα
844 1826 1118 1899 κηρύττει.

255 1918 282 1990 §
319 1919 385 1971 II.
439 1919 495 1971 '0
527 1918 584 1971 δὲ
605 1919 703 1990 τὴν
737 1920 1118 1991 ὑπερκοσμίων
1143 1921 1429 1990 μετουσίαν
1462 1919 1751 1989 ἀγαπήσας

188 2006 549 2072 αὐτεξουσίως
568 2047 583 2072 ,
614 2008 708 2062 καὶ
738 2009 811 2080 μὴ
841 2006 901 2072 ἐξ
921 2008 1162 2078 ἀνάγκης
1184 2009 1327 2072 τινος
1365 2008 1624 2078 βιασθεὶς,
1656 2006 1752 2079 ζη-

186 2101 355 2173 τήσας
387 2100 660 2170 ἀνάδοχον,
706 2102 799 2153 καὶ
825 2099 1021 2172 εὑρὼν,
1056 2100 1227 2152 πείθει
1258 2101 1419 2155 αὑτὸν
1445 2098 1750 2171 ἡγήσασθαι

187 2193 358 2265 τούτῳ
382 2194 482 2264 τῆς
508 2195 642 2265 πρὸς
666 2194 756 2247 τὸν
796 2194 1059 2265 ἱεράρχην
1098 2192 1217 2247 ὁδοῦ
1236 2210 1249 2223 ·
1281 2193 1668 2261 ἐπαγγέλλεται
1695 2191 1751 2245 δὲ

187 2288 672 2360 κατακολουθήσειν
695 2290 874 2353 αὐτὸς,
904 2290 1084 2353 καθὼς
1116 2292 1209 2343 καὶ
1237 2292 1294 2345 ἐν
1321 2290 1398 2361 τῷ
1422 2290 1569 2360 νόμῳ
1597 2290 1750 2360 εἴρη-

184 2394 269 2432 ται
287 2395 299 2410 ’
327 2380 491 2433 Κατὰ
516 2379 709 2433 πάντα
736 2380 1110 2449 ἀκουσόμεθα
1119 2380 1319 2449 φωνῆς
1340 2382 1575 2446 Κυρίου.
1595 2381 1650 2435 '0
1669 2381 1746 2445 δὲ,

185 2468 399 2538 πρῶτον
438 2470 535 2540 μὲν
568 2470 807 2533 ἀκούσας
835 2470 932 2541 τὴν
968 2470 1233 2543 ἀναδοχὴν
1255 2511 1270 2537 ,
1304 2473 1400 2525 καὶ
1437 2470 1750 2541 ἀποϐλέψας

187 2557 335 2611 ινθεν
370 2560 469 2629 μὲν
496 2560 557 2613 τὸ
586 2560 679 2613 τοῦ
707 2543 1026 2632 πράγματος
1068 2560 1227 2629 ὕψος,
1262 2562 1469 2615 ἐκεῖθεν
1490 2562 1545 2615 δὲ
1566 2562 1625 2613 τὸ
1663 2563 1751 2613 εὑ-

186 2651 542 2723 περίτρεπτον
573 2652 679 2707 τῶν
710 2652 1031 2723 ἀνθρώπων,
1063 2654 1270 2724 φρίττει
1306 2656 1397 2707 καὶ
1440 2655 1708 2724 ἀμηχανεῐ
1731 2694 1745 2719 ,

184 2741 527 2813 λογιζόμενος
552 2743 613 2796 τὸ
633 2740 725 2797 τοῦ
755 2744 1076 2815 πράγματος
1103 2744 1381 2814 δυσχερὲς,
1419 2744 1540 2814 (ὅρα
1560 2744 1634 2807 δὲ,
1662 2745 1746 2798 ὃτι

185 2836 277 2889 καὶ
308 2830 490 2899 οὗτος,
520 2836 642 2889 ἐπεὶ
685 2835 875 2897 πιστός
922 2836 1069 2888 ἐστιν
1089 2873 1103 2898 ,
1139 2835 1239 2906 ἐρᾷ
1266 2834 1364 2905 τῆς
1397 2834 1490 2888 τοῦ
1524 2834 1746 2904 πλησίον

187 2928 488 2999 σωτηρίας,
519 2926 700 2990 καθὼς
744 2928 838 2982 καὶ
876 2929 905 2980 ὀ
943 2927 1234 2998 ίεράρχης,
1282 2926 1425 2983 κατά
1465 2927 1564 2999 τὴν
1610 2929 1747 2999 πρὸς

186 3021 313 3075 Θεὸν
360 3019 765 3090 ἀφομοίωσιν,)
795 3020 943 3089 ὅμως
997 3019 1053 3074 δὲ
1092 3019 1231 3073 κατὰ
1268 3019 1366 3091 τὴν
1402 3018 1496 3073 τοῦ
1541 3016 1745 3087 ἀγαθοῦ

183 3113 316 3168 Θεοῦ
344 3113 677 3183 ἀφομοίωσιν
707 3112 802 3165 τοῦ
828 3112 1029 3175 πάντας
1053 3112 1459 3182 ἀναδεχομένου,
1501 3112 1749 3181 ὁμολογεῖ
1773 3152 1816 3210 c

184 3209 429 3274 ποιήσειν
450 3204 512 3257 τὸ
541 3202 780 3272 αἰτηθὲν,
799 3204 891 3256 καὶ
919 3203 1014 3255 σὺν
1042 3201 1191 3273 αὑτῷ
1222 3201 1627 3272 καταλαμϐάνει
1655 3200 1745 3255 τὸν

188 3298 465 3369 εεράρκηνυ

252 3387 280 3459 §
305 3389 400 3443 lli.
447 3387 503 3441 Ὀ
525 3386 601 3453 δὲ,
627 3386 743 3457 μετ’
773 3383 1105 3455 εὐφροσύνης
1138 3387 1213 3447 ὼς
1240 3385 1325 3436 ἐπ’
1349 3383 1512 3454 ὤμων
1540 3381 1599 3434 τὸ
1619 3380 1749 3434 ἀπο-

182 3476 345 3540 λωλὸς
372 3475 641 3548 πρόόατον
673 3474 1043 3544 είσδεξάμενος
1064 3474 1170 3525 ἀπὸ
1191 3473 1296 3525 τῶν
1320 3472 1547 3542 ἀνδρῶν,
1571 3469 1662 3522 τοῦ
1684 3485 1743 3520 τε

183 3565 439 3635 ἀναδόχου
458 3564 598 3632 λέγω
620 3564 713 3615 καὶ
739 3561 835 3614 τοῦ
857 3561 1261 3631 προσελθόντος,
1282 3558 1646 3629 ηὐχαρίστησε
1668 3554 1744 3626 τῷ

182 3656 295 3727 Θεῷ
320 3655 518 3726 νοερῶς
541 3655 634 3706 καὶ
662 3651 1034 3722 σωματοειδῶς
1054 3650 1139 3702 διὰ
1168 3650 1603 3720 προσκυνήσεως.
1622 3648 1743 3711 Πῶς

180 3747 234 3799 δὲ
261 3747 354 3798 καὶ
383 3745 492 3797 ἀπὸ
514 3744 622 3796 τῶν
648 3742 741 3796 δύο
779 3742 870 3795 τδν
899 3740 1259 3813 προσελθόντα
1291 3739 1635 3810 ἀναδέχεταις
1664 3739 1744 3792 ὅτι

180 3837 208 3888 ὁ
234 3836 329 3907 μὲν
357 3833 611 3903 ἀνάδοχος
635 3832 926 3904 προσφέρει
955 3830 1161 3894 τοῦτον,
1198 3831 1358 3893 αὐτὸς
1392 3830 1447 3882 δὲ
1476 3830 1741 3900 προσάγει

182 3926 270 3977 καὶ
302 3924 594 3995 ἐγχειρίζει
635 3924 842 3987 ἑαυτὸν,
890 3922 1030 3976 ὥστε
1076 3923 1110 3991 ἡ
1159 3922 1255 3994 μὲν
1302 3920 1612 3993 προσένεξις
1650 3922 1743 3975 καὶ

180 4016 522 4085 ἀμφοτέρων.

247 4104 374 4176 διν.
394 4102 527 4159 Εἶτα
542 4106 744 4167 πάντας
763 4104 886 4166 τοὺς
897 4102 987 4157 τοῦ
1006 4103 1204 4177 κλήρου
1224 4103 1459 4174 (τούτους
1476 4102 1580 4173 γὰρ
1596 4102 1741 4171 λέγει

180 4196 328 4267 ῐεράν
357 4197 745 4268 διακόσμησιν)
774 4198 855 4265 ἐφ’
882 4189 925 4263 ᾧ
951 4198 1044 4250 καὶ
1093 4198 1463 4267 συνεργήσωσι
1498 4197 1589 4247 καὶ
1618 4212 1742 4249 συν-

180 4289 478 4360 εορτάσωσι
501 4329 515 4353 ,
556 4288 900 4356 συγκαλεῖται
926 4328 941 4351 ,
983 4288 1076 4341 καὶ
1122 4287 1287 4359 ὕμνον
1322 4288 1442 4340 τινὰ
1479 4288 1741 4358 ίερολογεϊ

181 4379 242 4431 ὲκ
279 4379 389 4431 τῶν
430 4378 587 4432 θείων
610 4379 819 4446 λογίων.
847 4380 1154 4450 Σημείωσαι
1182 4379 1289 4449 γὰρ
1309 4419 1323 4441 ,
1360 4380 1439 4431 ὅτι
1470 4380 1533 4430 ὲκ
1559 4379 1736 4448 πάσης

1864 571 1925 611 se
1957 558 2239 627 ingerens;
2290 564 2347 611 et
2388 554 2574 609 Nadab
2616 561 2670 608 et
2706 553 2919 619 Abiud,
2958 553 3246 623 peregrino
3295 552 3419 622 igne

1863 648 2141 704 incensum
2177 649 2478 709 adolentes,
2501 649 2689 701 eodem
2722 660 2938 716 quoque
2971 646 3239 703 combusti
3267 656 3415 704 sunt.

2408 737 2473 793 ll.
2511 738 2842 808 Mysterium.

1941 831 1968 904 §
2006 831 2048 886 Ι.
2088 830 2389 887 Hierarcha
2432 833 2544 887 Deo
2592 832 2785 887 similis
2820 832 3042 889 eﬂ'ectus
3065 832 3255 887 volens
3283 846 3418 902 quo-

1859 936 1964 991 que
1998 922 2196 976 salvari
2227 939 2435 989 omnes,
2462 934 2518 980 et
2542 923 2607 977 ad
2640 924 2969 992 agnitionem
2999 925 3185 978 venire
3215 924 3416 978 verita-

1859 1011 1950 1075 tis,
1992 1012 2145 1066 clara
2189 1027 2323 1067 voce
2374 1013 2633 1082 praedicat
2661 1012 2951 1082 Evangelia
2984 1030 2998 1067 :
3032 1013 3300 1082 quomodo
3331 1016 3414 1067 ni-

1858 1103 2055 1157 mirum
2112 1102 2276 1168 Deus,
2306 1118 2371 1157 ex
2422 1105 2638 1173 propria
2690 1114 2866 1157 motus
2918 1106 3201 1169 bonitate,
3256 1105 3413 1159 nohis

1858 1207 2071 1262 semper
2115 1194 2378 1263 propitius
2406 1196 2674 1251 exsistens
2695 1237 2710 1262 ,
2742 1211 2982 1265 eousque
3022 1197 3184 1251 etiam
3206 1238 3222 1263 ,
3250 1205 3309 1250 ut
3346 1197 3412 1249 ad

1857 1300 1955 1339 nos
1984 1287 2171 1340 venire
2221 1300 2285 1341 ac
2332 1300 2550 1341 carnem
2597 1303 2874 1343 assumere
2923 1289 3175 1359 dignatus
3219 1288 3310 1344 sit.
3340 1288 3418 1341 ‘Et

1856 1375 1997 1430 sicut
2038 1376 2178 1446 ignis
2205 1376 2461 1447 frigidum
2492 1377 2810 1447 nigrumque
2842 1378 3047 1433 ferrum
3077 1380 3275 1434 unione
3315 1393 3412 1433 sua

1855 1466 1953 1520 sibi
1983 1466 2158 1521 simile
2192 1469 2406 1533 reddit;
2441 1467 2519 1522 sic
2566 1467 2729 1521 etiam
2764 1469 2903 1522 Deus
2932 1484 3027 1537 per
3057 1469 3216 1524 [idem
3259 1468 3410 1522 unita

1854 1558 1953 1613 sibi
1984 1557 2182 1612 similia
2210 1557 2372 1612 edicit
2400 1599 2414 1625 ,
2446 1560 2747 1612 secundum
2784 1560 3047 1628 cujusque
3090 1561 3155 1613 ad
3193 1559 3413 1613 deiﬁca-

1856 1649 2053 1703 tionem
2092 1648 2487 1717 aptitudinem,
2535 1658 2695 1719 prout
2732 1649 2959 1704 dilectus
2991 1649 3080 1703 ille
3120 1649 3290 1719 quiin
3321 1663 3413 1718 pe.

1853 1749 2003 1799 etore
2050 1739 2295 1794 recubuit
2330 1740 2383 1793 in
2424 1740 2622 1795 divinis
2653 1740 2957 1810 Evangeliis
2984 1739 3274 1795 declaravit
3304 1757 3315 1791 :
3357 1747 3415 1793 et

1853 1831 2069 1899 quidem
2104 1831 2361 1885 sacerdos
2385 1830 2499 1885 haec
2525 1840 2581 1885 et
2617 1832 2816 1886 similia
2853 1832 3091 1900 quotidie
3130 1831 3409 1900 praedicat.

1924 1920 1949 1992 ς
1984 1922 2043 1976 Il.
2082 1920 2255 1976 Porro
2286 1922 2378 1991 qui
2405 1922 2907 1989 supermundalium
2937 1924 3426 1991 participationem-

1851 2012 2019 2067 lihere
2050 2022 2234 2077 amat,
2265 2022 2319 2067 et
2348 2028 2455 2068 non
2489 2014 2555 2066 ex
2586 2014 2914 2067 necessitate
2945 2013 3129 2083 aliqua
3155 2024 3405 2078 coactus,

1852 2114 2218 2173 susceptorem
2244 2105 2459 2173 quaerit,
2491 2115 2545 2159 et
2575 2105 2805 2168 invenit,
2835 2106 3125 2174 persuadet
3148 2103 3221 2156 illi
3257 2113 3315 2156 ut
3341 2103 3406 2157 ad

1851 2194 2193 2265 hierarcham
2242 2212 2301 2250 se
2330 2198 2701 2249 manuducat:
2741 2196 2854 2265 ipse
2890 2202 3072 2248 autem
3120 2194 3312 2263 recipit
3350 2208 3409 2249 se

1851 2284 2003 2337 illum
2058 2292 2408 2349 secuturum,
2439 2285 2898 2353 quemadmodum
2946 2283 2998 2337 in
3047 2282 3163 2351 lege
3203 2283 3407 2337 dictum

1850 2382 1968 2430 est:
1998 2373 2293 2428 Secundum
2317 2379 2489 2429 omnia
2524 2377 2794 2429 audiemus
2820 2391 2989 2430 vocem
3008 2375 3289 2429 Domini".
3310 2374 3408 2429 Hic

1850 2466 2089 2534 primum
2116 2466 2329 2532 quidem
2363 2464 2586 2519 audiens
2633 2465 3033 2533 iidejussionem
3059 2504 3074 2529 ,
3127 2474 3183 2518 et
3205 2478 3404 2534 expen-

1852 2555 1984 2608 dens
2016 2556 2141 2607 hinc
2172 2554 2386 2621 quidem
2423 2555 2497 2607 rei
2526 2555 2929 2624 celsitudinem,
2958 2555 3078 2609 inde
3097 2554 3257 2624 180
3281 2567 3409 2607 vero

1848 2646 2127 2699 hominum
2166 2648 2610 2714 mutabilitatem,
2650 2648 2841 2701 horret
2883 2662 2947 2700 ac
2980 2646 3202 2717 refugit,
3231 2644 3409 2699 consi-

1849 2738 2046 2793 derans
2083 2738 2158 2792 rei
2196 2736 2556 2793 dilIicultatem
2614 2737 2864 2809 (observa
2903 2748 3104 2801 autem,
3133 2736 3405 2807 quomodo

1848 2830 2010 2884 etiam
2044 2829 2131 2882 hic
2162 2843 2283 2882 cum
2334 2828 2510 2883 iidelis
2558 2829 2649 2893 sit,
2696 2829 2928 2897 proximi
2976 2810 3204 2882 salutem
3236 2836 3406 2892 amet,

1848 2918 1926 2970 uti
1958 2926 2012 2971 et
2037 2918 2311 2982 sacerdos,
2342 2918 2408 2971 ad
2449 2917 2539 2972 Dei
2568 2920 3015 2991 similitudinem)
3050 2918 3403 2973 nihilominus

1847 3010 2144 3064 secundum
2180 3009 2307 3063 boni
2360 3011 2451 3062 Dei
2503 3020 2728 3064 cunctos
2761 3010 3107 3078 suscipientis
3153 3009 3408 3064 similitu-

1848 3100 2026 3154 dinem
2055 3101 2374 3177 ,vpromittit
2406 3115 2463 3155 se
2495 3102 2739 3169 petitioni
2770 3101 3213 3169 satisfacturum,
3246 3108 3407 3171 atque

1851 3209 1955 3247 una
1985 3208 2107 3247 cum
2141 3192 2230 3247 illo
2261 3192 2605 3247 hierarchain
2638 3192 2777 3246 adit.

1922 3370 1949 3441 §
1990 3370 2076 3425 lll.
2118 3371 2215 3425 llic
2242 3384 2370 3426 vero
2402 3387 2524 3425 cum
2554 3371 2737 3425 laetitia
2771 3369 2915 3425 viros
2943 3370 3098 3435 istos,
3129 3381 3406 3441 suscepto-

1847 3476 1964 3516 rem
1995 3464 2219 3532 inquam
2267 3473 2321 3517 ct
2366 3465 2733 3529 accedentem,
2766 3464 2919 3531 quasi
2949 3477 3101 3516 ovem
3140 3465 3403 3532 perditam

1845 3554 1902 3609 in
1930 3554 2183 3608 humeros
2197 3555 2488 3623 accipiens,
2510 3554 2711 3623 gratias
2744 3555 2854 3624 agit
2875 3554 3405 3625 Deo,spiritaiisimul

1843 3655 1898 3701 et
1945 3648 2208 3714 corporali
2257 3649 2596 3702 adoratione.
2647 3649 2752 3701 Sed
2797 3648 3070 3716 quomodo
3120 3662 3150 3701 e
3193 3646 3405 3702 duobus

1845 3754 1967 3793 eum
2000 3743 2090 3806 qui
2140 3740 2348 3792 accedit
2376 3738 2644 3805 suscipit?
2673 3739 2799 3807 quia
2836 3740 3092 3791 nimirum
3119 3737 3423 3807 ﬁdeiussor‘

1844 3829 2059 3896 quidem
2097 3827 2268 3896 ipsum
2302 3827 2485 3891 ollert,
2539 3828 2651 3894 ipse
2698 3843 2828 3881 vero
2869 3828 3223 3895 semetipsum
3260 3829 3407 3883 sistit

1842 3934 1906 3973 ac
1938 3920 2134 3984 tradit;
2172 3921 2244 3972 ita
2273 3931 2329 3972 ut
2364 3919 2679 3973 conciliatio
2706 3922 2871 3973 etiam
2917 3920 2989 3973 sit
3026 3930 3401 3997 utrorumque.

1912 4099 1940 4172 δ
1968 4098 2053 4153 ιν.
2090 4098 2412 4154 Universum
2442 4098 2636 4155 exinde
2652 4099 2994 4171 cierum(hos
3023 4101 3166 4155 enim
3191 4116 3401 4157 sacram

1840 4195 2076 4263 appellat
2123 4195 2575 4263 όῑεροηίιίοιιειιι)
2605 4209 2727 4248 cum
2762 4203 2821 4247 ut
2865 4206 3254 4263 cooperentur,
3286 4205 3398 4248 tum

1841 4297 1901 4339 nt
1932 4288 2399 4355 congratulenlut‘,
2418 4295 2699 4343 convocat.
2733 4298 2790 4341 et
2820 4303 2851 4341 e
2879 4287 3076 4340 divinis
3106 4286 3399 4355 Scripturis

1841 4377 2100 4446 hymnum
2128 4379 2357 4447 aliquem
2385 4378 2550 4432 canit.
2580 4378 2716 4433 Nota
2746 4388 2946 4446 autem,
2971 4396 3036 4434 ex
3065 4381 3210 4434 omni
3238 4394 3393 4435 sacra

179 4470 276 4539 τῆς
300 4471 454 4542 ἱερᾶς
476 4470 516 4521 Γ
520 4470 694 4540 ραφῆς
716 4471 934 4524 δυνατὸν
962 4470 1125 4540 ὕμνον
1153 4468 1479 4541 προσφέρειν
1504 4467 1580 4537 τῷ
1596 4468 1732 4538 Θεῷ,

1845 4468 2126 4549 Scriptura
2160 4483 2320 4537 posse
2353 4470 2611 4539 hymnum
2642 4485 2733 4523 seu
2784 4470 2997 4523 laudem
3029 4469 3212 4523 oii'erri
3248 4470 3357 4523 Deo
3378 4508 3395 4534 ,

182 4559 371 4630 οὺιμὴν
398 4561 462 4612 ἐκ
488 4560 644 4630 μόνου
668 4560 759 4613 τοῦ
787 4561 1073 4631 Ψαλτῆρος
1092 4577 1103 4589 ’
1130 4560 1162 4629 ἢ
1185 4561 1281 4629 τὴν
1306 4560 1444 4631 ᾠδὴν
1469 4559 1593 4624 ἴσως
1622 4561 1740 4613 Μα-

184 4650 301 4720 ρίας
334 4651 438 4721 τῆς
462 4651 691 4722 ἀδελφῆς
717 4651 1009 4715 Μωῡσέως,
1043 4653 1311 4722 ’ᾼσωμεν
1342 4649 1419 4714 τῷ
1456 4650 1677 4716 Κιιρίῳ·
1704 4650 1738 4721 ἢ

180 4740 267 4793 τὸν
296 4740 375 4810 λγ
403 4740 614 4811 ψαλμὸν
638 4782 652 4805 ,
697 4742 728 4812 ἦ
770 4742 863 4794 καὶ
891 4742 1052 4810 μέρος
1097 4740 1283 4792 τούτου
1308 4778 1323 4803 ,
1377 4740 1741 4806 Προσέλθετε

183 4833 330 4900 πρὸς
366 4834 572 4896 αὑτὸν,
613 4833 709 4885 καὶ
738 4832 1085 4900 φωτίσθητε.
1116 4833 1225 4883 Καὶ
1253 4830 1389 4901 μετά
1412 4830 1602 4894 ταῦτα,
1642 4830 1741 4901 τὴν

184 4925 331 4995 ίεράν
355 4922 730 4995 ἀσπαζόμενος
751 4923 1047 4996 τράπεζαν,
1075 4922 1239 4988 ἔξεισι
1258 4963 1272 4988 ,
1301 4925 1395 4976 καὶ
1417 4922 1740 4977 πυνθάνεται

182 5016 258 5078 εἰς
281 5016 341 5067 τὸ
368 5015 562 5085 μαθεῖν
587 5016 713 5086 παρ’
739 5014 923 5080 αὑτοῦ,
949 5015 1000 5068 τί
1026 5014 1341 5085 βουλόμενος
1368 5015 1509 5085 ἥκοι.

246 5106 273 5178 ς
310 5106 373 5161 ν.
429 5107 533 5160 Τοῦ
559 5108 634 5171 δὲ,
671 5106 810 5161 κατά
843 5108 940 5178 τὴν
966 5106 1291 5175 ἐπαγγελίαν
1315 5106 1408 5158 τοῦ
1450 5106 1739 5176 ἀναδόχου,

183 5198 691 5270 μετακλαυσαμὲνου
715 5198 805 5252 τὸν
831 5198 1088 5271 πρότερον
1112 5199 1313 5250 ἐκεῖνον
1336 5199 1428 5250 καὶ
1449 5196 1603 5249 ἄθεον
1631 5196 1741 5265 βίον

182 5287 363 5353 αὐτοῦ,
383 5287 660 5353 ἀξιοῦντος
684 5307 742 5342 τε
767 5293 944 5360 τυχεῖν
967 5290 1059 5343 τοῦ
1086 5288 1217 5343 Θεοῦ
1244 5288 1309 5342 δι’
1325 5288 1511 5352 αὐτοῦ,
1540 5287 1743 5359 μαρτύ-

185 5394 332 5447 ρεται
360 5378 461 5450 μὲν
486 5379 631 5448 αὐτῷ
650 5419 663 5441 ,
705 5380 863 5433 ὁποία
903 5381 1102 5451 ὀφείλει
1127 5376 1263 5433 εἶναι
1287 5382 1319 5450 ἡ
1352 5380 1702 5451 προσέλευσις
1721 5419 1735 5443 ,

184 5470 260 5522 ὅτι
282 5470 481 5533 ὁλικῶς
509 5473 602 5523 καὶ
624 5470 685 5534 ἐξ
705 5471 832 5541 ὅλης
860 5473 1035 5542 ψυχῆς
1061 5474 1154 5525 καὶ
1184 5473 1472 5544 παντελὴς,
1500 5472 1621 5523 ἐπεὶ
1648 5472 1742 5525 καὶ

181 5561 209 5614 ὁ
227 5564 362 5632 πρὸς
384 5562 491 5634 avi]
514 5560 877 5633 προσὲλωσις,
896 5563 1205 5626 παντέλειός
1230 5564 1344 5616 ἐστι
1368 5566 1458 5617 καὶ
1481 5562 1734 5634 ἄμωμος·

266 5734 492 5790 "Exod.
515 5739 854 5806 xtx,$‘.;.\xiv,
884 5737 936 5804 3,
966 5738 1017 5792 7.

1842 4571 1895 4616 et
1920 4578 2023 4615 non
2053 4577 2117 4615 ex
2149 4564 2262 4615 solo
2293 4561 2596 4629 Psalterio;
2626 4562 2707 4616 vel
2736 4563 3007 4616 canticum
3039 4562 3181 4617 lorte
3212 4562 3397 4619 Maria

1844 4655 2045 4708 soro‘ris
2098 4653 2335 4724 Moysis:
2368 4654 2649 4708 Cantemus
2702 4654 2957 4719 Domino;
3010 4654 3093 4707 vel
3130 4656 3395 4725 psalmum

1844 4747 2175 4800 tricesimum
2205 4747 2419 4799 tertium
2444 4785 2460 4809 ,
2490 4756 2581 4798 aut
2614 4746 2733 4815 ejus
2775 4756 2981 4815 partem
3008 4762 3021 4798 :
3054 4747 3296 4800 Accedite
3325 4750 3395 4801 ad

1843 4852 1984 4897 eum,
2030 4845 2076 4888 et
2110 4835 2511 4889 illuminamini.
2562 4835 2627 4889 Et
2676 4847 2800 4905 post
2837 4837 2949 4891 hrec
2979 4852 3192 4891 sacrum
3224 4836 3397 4891 altare

1842 4925 2114 4978 osculatus
2138 4924 2433 4994 egreditur,
2467 4935 2522 4982 et
2551 4926 2882 4993 sciscitatur,
2915 4934 2972 4980 ut
3001 4926 3070 4980 ab
3096 4940 3162 4981 eo
3194 4926 3396 4981 intelli-

1842 5027 1952 5087 gat,
1985 5018 2180 5085 ecquid
2209 5018 2435 5086 petitum
2474 5018 2677 5071 veniat.

1915 5105 1943 5175 §
1990 5102 2051 5156 V.
2085 5104 2203 5174 ipso
2249 5115 2424 5160 autem
2446 5146 2459 5170 ,
2490 5104 2647 5172 juxta
2677 5113 3003 5175 praeceptum
3036 5108 3391 5176 susceptoris,

1842 5200 2075 5269 priorem
2106 5198 2251 5253 illam
2282 5213 2346 5251 ac
2371 5198 2462 5252 Dei
2482 5210 2753 5254 exsortem
2773 5198 2938 5253 vitam
2968 5199 3304 5267 deplorante,
3327 5213 3391 5253 ac

1842 5309 1941 5361 per
1968 5308 2087 5347 eum
2126 5293 2219 5346 Dei
2251 5300 2559 5345 consortem
2611 5291 2728 5346 ﬁeri
2780 5292 3116 5360 postulante,
3164 5301 3393 5343 testatur

1844 5386 1947 5451 ipsi
1980 5385 2155 5452 qualis
2184 5397 2304 5439 esse
2336 5382 2532 5437 habeat
2566 5382 2838 5447 accessio,
2876 5398 3067 5451 nempe
3098 5382 3299 5445 totaiis,
3333 5390 3390 5436 et

1844 5490 1909 5529 ex
1944 5482 2050 5527 tota
2082 5474 2278 5537 anima,
2306 5485 2357 5526 et
2380 5474 2600 5527 omnino
2628 5473 2892 5541 perfecta,
2914 5488 3035 5526 cum
3068 5474 3112 5527 is
3133 5473 3200 5527 ad
3228 5486 3393 5539 quem

1846 5565 2141 5632 acceditur,
2192 5580 2414 5634 prorsus
2445 5580 2658 5635 quoque
2714 5564 2986 5634 perfectus
3015 5565 3085 5620 sit
3113 5575 3165 5619 et
3196 5565 3389 5618 'mma-
