4172 6304
742 329 845 388 415
1916 324 1971 380 8.
2012 325 2309 380 DlONYSlI

2429 320 2803 376 ΕΟΡΛΩΙΤᾸΞ
3872 309 3983 367 “6

734 455 945 511 cui-atus
972 471 985 507 :
1011 463 1138 504 tunc
1166 450 1309 505 enim
1351 448 1489 502 forte
1520 460 1623 499 non
1657 452 1838 498 totans
1878 452 2021 497 esset
2057 443 2299 506 dilectio,

2429 450 2527 493 τότε
2581 442 2687 507 γὰρ
2718 438 2871 504 τυχὸν
2896 432 2993 504 οὐχ
3015 430 3167 504 ὁλικὴ
3196 429 3403 500 ἐγίνετο
3424 427 3489 484 ἂν
3512 428 3545 497 ἡ
3582 428 3876 499 ἀγάπησις,
3901 425 3985 478 5'!-

734 545 906 598 sicubi
963 541 1267 597 secundum
1303 539 1433 608 quid
1468 537 1547 601 is,
1594 535 1661 589 ad
1700 548 1861 604 quem
1909 534 2157 589 accessio
2207 534 2305 599 tit,

2429 548 2512 583 του
2541 528 2680 581 κατά
2718 544 2771 579 τι
2798 525 2825 576 6
2849 524 2984 595 πρὸς
3009 523 3067 577 ὃν
3093 525 3127 594 ἠ
3153 521 3502 594 προσέλευσις
3525 520 3833 582 παντέλειός
3861 520 3983 571 ἐστι

738 639 1005 707 perfectus
1054 645 1197 689 esset
1232 643 1285 687 et
1316 629 1725 695 immaculatus,
1778 629 1922 697 quod
1954 644 2058 682 non
2090 636 2307 681 vacaret

2429 624 2501 674 cal
2540 621 2799 690 ἄμωμος,
2840 619 2901 671 τὸ
2940 617 3249 687 ἐπίμομφον
3272 611 3435 685 εἶχεν.
3466 617 3584 668 Ἐτι
3617 613 3673 666 δέ
3698 615 3790 665 καὶ
3829 614 3983 676 ὅπως

2408 711 2612 778 διάγειν
2638 710 2732 761 καὶ
2760 706 3134 760 πολιτεύεσθαι
3159 706 3577 776 ὑφηγησάμενος
3596 744 3610 769 ,
3651 704 3745 756 καὶ
3784 720 3987 774 προσε-

2410 801 2677 872 ρωτήσας,
2710 797 2845 869 μετά
2871 797 2965 867 τὴν
2989 796 3277 867 ὁμολογίαν
3303 795 3532 859 ἐκείνου,
3555 795 3678 851 τότε
3701 796 3799 865 τὴν
3824 797 3985 865 χεῖρα

2406 896 2471 964 τῇ
2517 892 2724 961 κεφαλῇ
2767 889 3075 961 ἐπιτίθησι,
3123 889 3218 941 καὶ
3266 888 3476 943 κελεύει
3525 890 3637 952 τοῖς
3684 888 3773 941 ὑπ’
3817 887 3986 940 αὑτὸν

2408 982 2795 1055 πρεσϐυτέροις
2839 983 2933 1036 καὶ
2979 981 3245 1044 διακόνοις
3292 982 3349 1033 ἐν
3386 980 3591 1037 δέλτοις
3630 980 3800 1049 ἱεραῖς
3846 979 3986 1031 ἀπο-

2407 1074 2717 1144 γράψασθαι
2757 1074 2825 1127 τὰ
2861 1074 3132 1144 ὀνόματα,
3195 1071 3289 1125 τοῦ
3326 1064 3389 1123 τέ
3447 1070 3830 1142 προσελθόντος
3886 1068 3985 1125 καὶ

2406 1162 2500 1216 τοῦ
2526 1163 2802 1232 ἀναδόχου.
2841 1162 3024 1215 Ταῦτα
3050 1163 3107 1215 δέ
3127 1202 3143 1230 ,
3175 1157 3358 1233 οἶμαι,
3386 1162 3493 1214 είσὶ
3522 1160 3589 1214 τὰ
3622 1160 3727 1213 τῶν
3765 1158 3987 1223 ζώντων

2405 1253 2653 1326 δίπτυχα.

740 727 1183 799 reprehensione.
1229 725 1307 778 Ad
1343 724 1455 775 hzec
1490 735 1642 785 vero,
1689 729 1977 789 postquam
2009 719 2183 787 ipsum
2227 718 2307 771 in-

738 822 934 875 struxit
961 818 1232 888 quomodo
1266 816 1433 869 vitam
1464 826 1626 880 agere
1668 826 1731 864 ac
1764 810 2051 867 instituere
2081 808 2306 871 debeat,

737 923 789 967 et
855 908 1253 978 interrogavit,
1310 915 1432 977 post
1476 902 1925 972 astipulationem
1976 901 2091 967 ejus
2143 900 2307 967 capiti

737 1019 955 1059 manum
991 1000 1218 1071 imponit
1250 996 1594 1066 subditisque
1629 995 1737 1051 sibi
1781 994 2165 1048 sacerdotibus
2195 992 2309 1045 dia-

738 1097 999 1163 conisque
1030 1092 1275 1153 mandat,
1311 1098 1369 1143 ut
1404 1089 1457 1143 in
1488 1102 1677 1143 sacras
1728 1084 1946 1139 tabulas
1976 1083 2195 1137 nomina
2227 1096 2309 1137 re-

740 1186 919 1240 ferant
952 1194 1063 1238 tam
1096 1180 1411 1238 accedentis
1440 1193 1603 1248 quam
1636 1177 1992 1245 susceptoris.
2028 1172 2186 1231 Hunc
2210 1188 2308 1229 au-

742 1289 849 1333 tctn
884 1278 1139 1331 existimo
1166 1289 1289 1330 esse
1323 1274 1523 1326 librum
1556 1269 1880 1325 viventium.

820 1371 845 1441 §
888 1370 970 1424 Vl.
1014 1367 1298 1436 Completa
1329 1364 1526 1419 deinde
1562 1377 1728 1432 super
1755 1361 1871 1429 ipso
1900 1372 2004 1412 una
2034 1371 2157 1413 eum
2187 1356 2309 1412 aliis

739 1462 1030 1525 Oratione,
1088 1458 1263 1527 ipsum
1315 1456 1503 1518 exuit,
1550 1455 1713 1508 unica
1758 1451 2049 1514 nimirum,
2101 1460 2155 1504 et
2201 1465 2305 1503 non

739 1552 883 1606 omni
920 1561 1100 1614 veste;
1133 1548 1331 1603 exinde
1378 1554 1630 1601 statuens
1666 1559 1791 1599 eum
1833 1544 1897 1597 ad
1930 1545 2267 1598 occidentem
2291 1582 2305 1605 ,

2480 1372 2505 1443 §
2532 1373 2616 1429 VI.
2646 1368 2798 1436 Εἶτα,
2828 1370 3233 1444 συμπληρώσας
3257 1374 3371 1435 τοῖς
3393 1370 3572 1435 ἄλλοις
3600 1370 3685 1423 ἐπ’
3713 1369 3862 1440 αὑτῷ
3885 1370 3991 1442 τὴν

2409 1463 2573 1534 εὐχὴν
2593 1503 2606 1527 ,
2657 1463 3086 1533 ἀπαμφιέννυσιν
3106 1499 3131 1528 ,ι
3149 1463 3207 1516 ἐν
3234 1466 3447 1533 ίμάτιον
3470 1462 3710 1531 δηλονότι
3734 1502 3747 1527 ,
3790 1465 3881 1516 καὶ
3922 1463 3989 1515 οὐ

2408 1556 2588 1607 πᾶσαν
2625 1554 2720 1625 τὴν
2758 1555 2957 1625 ἐσθῆτα
2981 1571 2993 1583 ⁸
3034 1551 3153 1607 εἶτα
3195 1554 3533 1626 ἐπιστρέψας
3575 1555 3714 1625 πρὸς
3752 1554 3991 1625 δυσμὰς,

746 1644 1001 1707 tcrjubet
1052 1638 1323 1694 insuﬂlare
1374 1638 1629 1700 Satante,
1668 1648 1722 1690 et
1772 1636 2306 1689 abrenuntiationem

2429 1648 2523 1719 τρὶς
2548 1649 2859 1717 ἐμφυσῆσαι
2886 1647 2963 1717 τῷ
2992 1648 3206 1717 Σατανᾷ
3242 1646 3635 1710 διακελεύεται,
3666 1649 3758 1699 καὶ
3794 1646 3992 1717 ὁμολο-

741 1735 1302 1804 ρι·υίὶιι·ιί,ιει·ειὶρεε
1330 1730 1872 1799 181contestatus;
1910 1728 2165 1797 quoniam
2202 1726 2304 1779 hoc

2429 1735 2577 1804 τῆσαι
2601 1738 2668 1789 τὰ
2686 1738 2782 1807 τῆς
2804 1737 3100 1807 ἀωταγῆς,
3120 1736 3237 1806 τρὶς
3258 1737 3349 1789 καὶ
3370 1737 3530 1801 αὐτὸς
3554 1738 3987 1808 μαρτυρόμενος,

741 1796 894 1879 lacis.
939 1796 1143 1879 Deinde
1184 1796 1562 1879 transiertwad
1592 1824 1889 1884 orientem,
1913 1822 2131 1889 Deoque
2149 1820 2310 1888 jubet

2530 1828 2699 1889 ποιεῖς
2729 1796 2905 1879 τοῦτο.
2940 1796 3073 1878 Et};
3089 1796 3323 1897 pelta—tvm
3352 1796 3603 1895 πρὸς
3636 1796 3744 1878 ¹καί
3764 1796 3842 1896 vi};
3864 1796 3990 1896 Θεῷ

739 1917 1069 1981 consentire,
1123 1924 1465 1987 protestatus
1500 1924 1555 1968 et
1608 1915 1696 1969 hic
1743 1914 1943 1983 triplici
1972 1913 2313 1983 professione

2429 1919 2621 1973 ιελεύει
2646 1920 3024 1985 συντάξασθαι,
3066 1919 3474 1991 μαρτυρόμενος
3500 1918 3773 1972 κάνταῦθα
3800 1919 3890 1971 ἐπὶ
3916 1920 3990 1989 τῇ

741 2010 923 2063 ﬁdem.
2412 2015 2602 2083 τρισσῇ
2630 2012 2887 2083 ὁμολογίᾳ
2910 2013 3009 2082 τῆς
3035 2013 3290 2075 πίστεως.

815 2101 969 2175 §Vll.
994 2102 1301 2170 llacitaqne
1327 2115 1487 2170 prece
1514 2100 1675 2167 facta,
1702 2098 1935 2154 ministri
1957 2097 2113 2167 plane
2138 2098 2313 2168 ipsum

2487 2104 2513 2174 §
2548 2103 2657 2156 ΥΠ.
2716 2105 2844 2156 Τότε
2889 2104 3018 2171 γοῦν
3064 2105 3382 2175 εὐξαμένου,
3419 2104 3617 2169 τελέως
3660 2103 3998 2157 ἀπεκδὺουσι

742 2206 965 2258 exuunt,
995 2205 1053 2248 ut
1076 2210 1232 2248 sacro
1254 2194 1373 2249 oleo
1417 2195 1727 2262 inungatur.
1763 2192 1899 2246 Dum
1923 2201 2103 2245 autem
2133 2208 2316 2247 sacer-

2429 2197 2601 2251 ιοῦτον
2625 2198 2669 2248 οί
2697 2197 3015 2268 λειτουργοὶ,
3044 2197 3127 2267 ἐφ’
3152 2191 3195 2265 ᾧ
3221 2198 3505 2269 χρισθῆναι
3531 2197 3591 2251 τὸ
3612 2196 3764 2265 ἅγιον
3789 2197 3994 2250 ἔλαιον.

742 2288 898 2342 dotes
947 2303 1068 2342 eum
1117 2289 1411 2358 inungunt,
1456 2286 1710 2342 Pontifex
1754 2287 1822 2341 ad
1870 2287 2176 2355 adoptionis
2203 2303 2316 2340 ma-

2429 2290 2534 2341 Γῶν
2561 2290 2688 2358 γοῦν
2716 2290 2903 2360 ἱερέων
2928 2290 3207 2360 χριόντων,
3234 2290 3392 2353 αὐτὸς
3418 2290 3510 2342 ἐπὶ
3531 2289 3627 2361 τὴν
3655 2290 3861 2361 μητέρα
3884 2286 4001 2359 τῆς

746 2390 883 2434 trem
940 2381 1058 2435 sive
1111 2380 1488 2450 baptisterium
1538 2378 1769 2444 accedit,
1832 2377 2145 2447 ibidemque
2192 2394 2315 2435 cum

2429 2381 2684 2445 υἱοθεσίας
2737 2380 2834 2452 τὴν
2889 2380 3271 2453 κολυμϐήθραν
3319 2380 3557 2452 ἔρχεται,
3591 2383 3681 2434 καί
3726 2382 3787 2434 τὸ
3810 2382 4003 2433 ἐκεῖσε

744 2484 939 2537 aquam
971 2469 1274 2534 benedixit,
1306 2479 1468 2539 atque
1495 2469 1746 2522 recitavit
1796 2482 2015 2523 sacrum
2055 2470 2316 2538 hymnum

2429 2474 2647 2541 Ξγιόισας
2695 2470 2855 2541 ὕδωρ,
2915 2472 3006 2523 καὶ
3051 2470 3217 2525 εἰπὼν
3260 2470 3322 2524 τὸ
3364 2471 3506 2542 ἱερὸν
3557 2470 3845 2542 μελῴδημα
3889 2468 4003 2522 τοῦ

746 2560 922 2612 sancti
950 2558 1185 2630 Spiritus
1212 2561 1326 2630 (qui
1368 2572 1593 2615 sanctus
1640 2558 1877 2629 Spiritus
1901 2571 1985 2616 est
2011 2562 2317 2616 divinorum

2429 2564 2571 2633 Ξγίου
2625 2563 2961 2633 Πνεύματος,
3008 2563 3165 2636 (ὅπερ
3214 2564 3365 2632 ἅγιον
3413 2563 3635 2634 Πνεῦμα
3669 2564 3701 2634 ἡ
3739 2562 4006 2617 ἐπίπνοιά

746 2653 1130 2721 prophetarum
1186 2653 1708 2724 inspiratio)tvirum
1742 2654 1961 2722 accipit.
1993 2652 2110 2706 Non
2137 2663 2317 2709 autem

2429 2661 2534 2711 ἐστι
2567 2656 2673 2710 τῶν
2709 2656 2865 2709 θείων
2918 2654 3255 2728 προφητῶν,)
3302 2654 3516 2725 δέχεται
3559 2654 3650 2709 τὸν
3697 2654 3877 2725 ἄνδρα.
3916 2654 4007 2707 Οὔ

747 2742 887 2797 dixit
937 2759 1157 2799 sacrum
1215 2746 1477 2814 hymnum
1528 2746 1837 2800 divinorum
1895 2746 2311 2813 prophetarum,

2429 2752 2527 2822 γάρ
2561 2750 2620 2802 τὸ
2656 2750 2795 2819 ἱερὸν
2828 2749 3116 2821 μελῴδημα
3141 2747 3247 2800 τῶν
3275 2748 3433 2800 θείων
3482 2747 3771 2820 προφητῶν
3804 2763 4007 2815 φησιν,

748 2850 925 2905 neque
977 2838 1122 2891 enim
1170 2839 1451 2906 propheta:
1501 2853 1694 2893 omnes
1746 2854 1911 2891 unum
1968 2849 2131 2907 atque
2176 2840 2317 2894 idem

2429 2840 2479 2892 οὐ
2503 2837 2611 2910 γάρ
2636 2838 2835 2900 πάντες
2868 2840 2913 2888 οί
2950 2836 3222 2907 προφῆται
3258 2831 3407 2888 εἷπον
3454 2836 3583 2889 αὐτὸ
3616 2836 3676 2888 τὸ
3711 2836 3767 2888 ἓν
3798 2832 3961 2906 ᾆσμα
3987 2852 4005 2865 ·

746 2910 1369 3009 οιιιιιὶςυιηξεεῑιατυηι.
1398 2932 1493 2985 Est
1522 2940 1702 2984 autem
1747 2931 1995 2999 psalmus
2024 2931 2321 2988 vicesimus

2429 2930 2536 2983 ἐστι
2564 2930 2621 2983 δέ
2643 2930 2670 2982 6
2702 2936 2786 2994 κη’
2820 2927 3056 2998 ψαλμόςο
3089 2925 3261 2994 Φωνὴ
3290 2928 3511 2994 Κυρίου
3542 2927 3637 2979 ἐπὶ
3688 2927 3803 2978 τῶν
3844 2925 4012 2979 ὑδά-

748 3032 1012 3076 oclavus:
1056 3020 1165 3075 νοω
1216 3022 1426 3076 Domini
1490 3038 1646 3090 super
1711 3038 1898 3091 aquas,
1954 3031 2010 3077 et
2068 3022 2317 3079 Alleluia.

2429 3039 2558 3083 των,
2593 3021 2685 3074 καὶ
2715 3018 2777 3071 τὸ
2822 3019 3200 3085 Ἀλληλούϊα.
3220 3017 3330 3071 Καὶ
3344 3019 3519 3070 πάντα
3547 3017 3633 3069 ἐπ’
3666 3015 3806 3085 αὑτῷ
3831 3015 4013 3086 ίερῶς

750 3113 959 3180 Quibus
1012 3115 1267 3170 omnibus
1317 3131 1479 3183 super
1524 3114 1641 3184 ipso
1698 3116 1804 3169 rite
1861 3117 2123 3184 peractis,
2161 3132 2320 3172 sacro

2429 3114 2873 3185 διαπραξάμενος,
2920 3112 2997 3183 τῷ
3046 3113 3185 3183 ἁγίῳ
3233 3112 3489 3184 ἐγχρίσας
3548 3110 3722 3181 μύρῳ,
3772 3110 4015 3180 μέτοχον

750 3210 872 3260 oleo
925 3208 1229 3271 inunctum,
1267 3209 1586 3277 participem
1648 3208 1796 3260 illum
1854 3208 1983 3261 facit
2037 3208 2321 3263 immorta-

2429 3206 2585 3258 αὑτὸν
2619 3207 2713 3258 καὶ
2758 3205 2865 3257 τῶν
2911 3205 3189 3257 ἀθανάτων
3240 3203 3547 3274 μυστηρίων
3601 3201 4012 3255 ἀποδείκνυσιν.

753 3295 883 3350 lium
915 3297 1316 3366 mysteriorum.
1353 3296 1466 3349 Non
1513 3304 1729 3364 oportet
1790 3305 1973 3349 autem
2020 3298 2229 3363 mirari,
2278 3299 2322 3352 si

2429 3298 2498 3349 Οὐ
2537 3297 2641 3369 χρὴ
2673 3298 2727 3351 δὲ
2755 3297 3070 3367 θαυμάζειν,
3100 3298 3146 3350 εί
3181 3295 3331 3368 παρά
3364 3296 3460 3366 τὴν
3486 3295 3579 3348 νῦν
3606 3293 3915 3364 κρατοῦσαν
3948 3293 4017 3344 ἐν

752 3396 973 3441 sanctus
1004 3388 1092 3441 hic
1117 3388 1278 3441 Pater
1314 3388 1559 3457 quaedam
1603 3387 1670 3440 ab
1696 3387 1886 3440 ordine
1910 3388 2021 3457 jam
2050 3388 2103 3441 in
2146 3389 2323 3443 eccle-

2429 3394 2543 3452 ταίς
2594 3391 2906 3459 ἐκκλησίαις
2954 3390 3125 3456 τάξιν,
3178 3386 3605 3460 παρηλλαγμένα
3640 3387 3782 3455 λέγει
3815 3386 3951 3439 τινὰ
3987 3389 4019 3440 6

755 3477 853 3532 siis
889 3489 1107 3547 recepto
1142 3481 1354 3533 diversa
1395 3488 1825 3533 cmnmemoret:
1857 3478 2151 3533 verisimile
2177 3480 2323 3533 enim

2429 3483 2617 3553 Πατήρ
2638 3500 2650 3512 ”
2680 3483 2824 3545 εἰκὸς
2850 3481 2958 3553 γὰρ
3001 3482 3175 3534 ταῦτα
3222 3482 3407 3554 ἐκείνῃ
3435 3483 3531 3553 μὲν
3562 3484 3625 3551 τῇ
3653 3482 3758 3532 τῶν
3792 3479 4020 3550 χρόνων

753 3577 857 3634 est,
894 3569 1008 3624 haec
1040 3586 1138 3639 pro
1171 3571 1275 3624 isto
1304 3572 1565 3640 temporis
1597 3578 1743 3625 statu
1786 3570 2128 3640 congruisse,
2181 3585 2323 3625 nunc

2429 3576 2754 3631 καταστάσει
2809 3575 3082 3646 ἁρμόζειν,
3143 3573 3238 3627 νῦν
3297 3575 3353 3627 δὲ
3413 3574 3793 3646 ἀκριϐέστερον
3846 3572 4020 3639 τίνε-

754 3672 931 3717 antem
967 3664 1273 3717 accuratius
1310 3663 1445 3718 fleri.
2430 3664 2571 3718 σθαι.

826 3752 1000 3827 ςνιιι.
1027 3753 1120 3808 His
1154 3755 1747 3822 absolutis,hierarcha
1776 3755 1951 3809 denuo
1982 3753 2052 3806 ad
2092 3753 2321 3823 primam

2504 3753 2681 3825 §VIIL
2712 3754 2893 3808 Ταῦτα
2927 3756 3149 3821 τελέσας
3182 3758 3210 3810 6
3235 3755 3513 3827 ίεράρχης,
3540 3756 3631 3807 ἐπὶ
3656 3755 3750 3825 τὴν
3780 3754 4024 3828 πρώτην

756 3846 1413 3914 contemplationem,sive
1429 3849 1713 3917 mysticam
1738 3848 2123 3917 precationem,
2144 3844 2195 3898 id
2221 3852 2323 3909 est,

2431 3848 2525 3901 καὶ
2553 3847 2713 3902 πάλιν
2762 3848 3097 3902 ἀνατείνεται
3124 3847 3427 3919 θεωρίαν,ἢ
3466 3847 3627 3919 εὐχὴν
3659 3848 3954 3918 μυστικὴν,
3983 3850 4023 3921 ἢ

758 3939 937 3994 misere
983 3938 1311 3994 sacriﬁcium
1363 3941 1731 3994 coavertitnr:
1765 3953 1938 4007 neque
1967 3939 2114 3991 enim
2151 3936 2323 4001 decet,

2429 3940 2527 4012 τὴν
2560 3940 2708 4012 ἱερὰν
2736 3939 3099 4011 λειτουργίαν·
3135 3941 3193 3993 οὐ
3222 3939 3329 4011 γὰρ
3362 3940 3443 3991 δεῖ
3486 3940 3569 3991 ἐπ’
3595 3938 3850 4011 ἀλλοτρίῳ
3898 3944 4026 3994 τινὶ

761 4041 823 4084 ιιι
851 4031 1146 4100 quidquam
1190 4046 1217 4083 a
1264 4032 1375 4086 suis
1401 4032 1667 4085 institutis
1712 4039 1909 4084 tractet
1937 4030 2196 4083 alienum.
2233 4028 2323 4079 De-

2432 4033 2583 4103 παρά
2615 4032 2685 4085 τὰ
2727 4034 2900 4086 οίκεῐα
2949 4030 3266 4103 τρέπεσθαι.
3304 4031 3465 4102 Δηλοῖ
3494 4029 3549 4081 δὲ
3596 4031 3624 4081 6
3658 4028 3828 4097 λόγος,
3861 4029 3963 4082 δτι
3994 4034 4025 4085 6

760 4120 936 4175 clarat
985 4128 1164 4174 autem
1220 4121 1305 4175 hic
1353 4135 1557 4185 sermo,
1612 4122 1753 4189 quod
1781 4114 2089 4191 episcopus,
2118 4118 2207 4186 qui
2238 4116 2323 4169 Dei

2433 4125 2746 4187 ἐπίσκοπος,
2781 4124 2964 4175 εἰκόνα
2998 4122 3206 4191 ἐπέχων
3244 4121 3337 4174 τοῦ
3365 4122 3581 4175 πάντων
3626 4117 3777 4183 Θεοῦ,
3812 4119 4027 4193 ὥσπερ

762 4208 1005 4264 omnium
1052 4222 1339 4277 personam
1388 4210 1647 4276 sustinet,
1696 4210 2151 4280 quemadmodum
2191 4208 2323 4261 Deus

2433 4220 2461 4271 6
2492 4216 2624 4280 Θεὸς
2647 4218 2737 4268 ἐπὶ
2759 4216 2856 4287 τῆς
2880 4214 3085 4278 οἰκείας
3120 4215 3369 4285 ἐνότητος
3412 4214 3506 4267 καὶ
3554 4214 3870 4281 ταύτότητος
3929 4214 4030 4266 ἀεὶ

766 4301 822 4355 in
863 4315 964 4355 suo
996 4299 1087 4354 illo
1111 4316 1219 4354 uno
1253 4302 1554 4370 eodemque
1596 4312 1738 4355 statu
1771 4316 1982 4371 semper
2008 4316 2256 4365 manens,
2281 4309 2323 4353 el

2439 4310 2635 4381 μένων,
2672 4308 2765 4361 καὶ
2798 4307 3194 4377 ἀνεκφοιτήτως
3240 4307 3317 4369 είς
3352 4306 3540 4357 ἐαυτὸν
3575 4304 3867 4376 ἱδρυμένος,
3910 4322 4029 4360 σω-

767 4391 820 4447 ἰη
854 4393 966 4460 ipso
1013 4391 1153 4445 ﬁxus
1183 4406 1457 4461 nunquam
1486 4407 1546 4447 se
1574 4392 1851 4455 deserens,
1884 4393 2073 4448 salutis
2093 4394 2323 4446 omnium

2434 4401 2628 4471 τηρίας
2664 4400 2825 4452 ’ἑνεκα
2870 4400 3087 4451 πάντων
3129 4400 3250 4461 ταῖς
3292 4398 3675 4467 προνοητικαῖς
3739 4394 4026 4464 προὸδοις,

766 4497 955 4547 causa,
993 4482 1347 4551 providentiae
1397 4498 1509 4539 sua:
1567 4484 2039 4552 progressionibus
2063 4484 2129 4535 ad
2153 4482 2323 4535 omnia

2441 4495 2532 4547 ἐπὶ
2557 4494 2730 4547 πάντα
2770 4491 2867 4554 τὰς
2911 4492 3007 4562 τῆς
3054 4489 3383 4560 ἀγαθότητος
3429 4488 3718 4558 ἐλλάμψεις
3754 4488 4026 4553 ἐκτείνει,

770 4575 1027 4629 bonitatis
1068 4575 1455 4630 illustrationes
1496 4576 1760 4638 extendit,
1807 4575 2167 4643 omnibusque
2199 4588 2337 4643 prae-

775 4683 901 4720 sens
925 4677 1031 4727 est.
1068 4682 1097 4719 a
1146 4667 1442 4721 stabilitate
1487 4682 1581 4721 sua
1633 4667 1853 4720 minime
1894 4666 2203 4726 discedens,
2249 4664 2327 4717 sic

772 4762 939 4815 etiam
970 4762 1276 4831 episc0pus,
1311 4762 1376 4814 ad
1412 4762 1770 4815 imitationem
1803 4761 1896 4814 Dei
1935 4760 2255 4831 symbolice,
2285 4768 2341 4814 et

770 4864 931 4925 prout
959 4863 1155 4924 potest,
1196 4854 1248 4909 in
1302 4870 1396 4909 sua
1448 4854 1701 4917 statione,
1760 4854 1813 4908 id
1865 4862 1968 4916 est,
2002 4854 2053 4907 in
2080 4854 2341 4906 ecclesia-

774 4948 912 5004 SIico
942 4948 1245 5017 principatu
1300 4962 1645 5017 permanens,
1678 4947 1742 5000 ad
1782 4944 2039 5000 inferiora
2092 4943 2341 4999 humani-

777 5038 908 5093 tatis
934 5038 1271 5107 providentia
1315 5038 1559 5106 procedit
1586 5049 1692 5091 ret
1726 5037 2042 5091 inferiorum
2074 5039 2342 5105 guberna-

776 5130 924 5185 tione
975 5129 1191 5199 impleta
1247 5144 1456 5183 rursum
1501 5130 1567 5183 ad
1611 5129 1783 5183 altare
1822 5130 1987 5193 redit,
2042 5128 2343 5198 symbolice

777 5222 1081 5287 declarans,
1123 5236 1179 5275 se
1210 5221 1525 5275 inferiorum
1562 5222 1898 5291 providentia
1926 5230 2152 5282 motum,
2182 5220 2344 5275 rebus

780 5314 978 5370 divinis
1025 5314 1219 5369 ibidem
1264 5316 1523 5383 peractis,
1562 5330 1591 5367 a
1620 5315 1816 5369 divinis
1868 5313 2225 5369 sacramentis
2259 5328 2343 5365 re-

781 5422 909 5463 cens
936 5406 1206 5478 baptizato
1250 5408 1479 5472 collatis,
1532 5407 1597 5465 ad
1649 5408 1886 5461 divinum
1920 5406 2225 5459 institutum
2257 5420 2343 5459 re-

787 5499 946 5561 verti,
970 5508 1027 5551 ut
1058 5511 1332 5568 appareat,
1369 5500 1542 5566 ipsum
1571 5514 1599 5553 a
1628 5508 1817 5554 sancto
1870 5498 2075 5569 Spiritu
2123 5497 2244 5550 duci
2292 5504 2345 5551 et

779 5591 986 5645 reduci.

1212 5683 1369 5752 182
1418 5681 1506 5733 111.
1552 5680 1956 5749 Contemplalio.

863 5780 942 5845 ξι.
979 5776 1087 5829 llm:
1113 5780 1293 5842 itaque
1315 5782 1393 5829 est
1417 5783 1813 5829 sacramentum
1840 5781 2035 5826 nostra:
2062 5786 2342 5839 regenera—

2442 4584 2536 4639 καὶ
2567 4586 2699 4637 πᾶσι
2733 4584 2983 4654 πάρεστι,
3011 4582 3109 4652 τῆς
3137 4580 3393 4651 ίδρύσεως
3420 4582 3517 4633 οὐκ
3553 4581 3787 4643 ἀποστάς
3811 4598 3822 4608 ·
3859 4580 4033 4635 οὕτω

2443 4682 2535 4735 καὶ
2558 4681 2585 4731 6
2610 4679 2903 4739 ἐπίσκοπος
2927 4675 3067 4729 κατά
3093 4674 3319 4747 μίμησιν
3344 4674 3436 4726 τοῦ
3471 4672 3604 4726 Θεοῦ
3650 4671 4032 4743 συμϐολικῶς,

2444 4771 2537 4824 καὶ
2562 4773 2635 4833 ὼς
2670 4770 2816 4839 αὑτῷ
2862 4768 3103 4832 δυνατὸν,
3129 4765 3220 4820 ἐπὶ
3254 4766 3352 4835 τῆς
3386 4766 3589 4829 οἰκείας
3635 4768 3871 4826 στάσεως
3916 4768 4031 4835 μέ-

2444 4882 2567 4926 νων,
2603 4862 2847 4915 τουτέστι
2893 4860 2992 4929 τῆς
3039 4859 3494 4931 ἐκκλησιαπικῆς
3556 4858 3744 4927 ἀρχῆς,
3793 4855 4037 4923 πρόεισι

2444 4954 2665 5025 προνοίᾳ
2688 4952 3087 5022 φιλανθρωπίας
3122 4953 3212 5004 ἐπὶ
3255 4949 3323 5003 τὰ
3360 4948 3584 5021 δεύτερα
3608 4966 3622 4979 ’
3659 4949 3747 5001 καὶ
3792 4945 4036 5018 πληρώ-

2446 5063 2542 5109 σας
2566 5046 2664 5116 τὴν
2708 5044 2813 5097 τῶν
2860 5043 3124 5112 δευτέρων
3170 5041 3498 5113 οίκονομίαν,
3535 5038 3691 5092 πάλιν
3734 5039 4035 5093 ἐπάνεισιν

2444 5138 2534 5190 ἐπὶ
2586 5136 2645 5187 τὸ
2694 5134 3116 5207 θυσιαστήριονο
3178 5130 3453 5204 παριστῶν
3510 5128 3884 5200 συμϐολικῶς,
3944 5131 4036 5185 ὅτι

2446 5226 2817 5298 προνοητικῶς
2845 5226 2935 5277 ἐπὶ
2978 5224 3047 5276 τά
3091 5222 3314 5295 δεύτερα
3361 5221 3618 5291 κινηθεὶς,
3666 5221 3755 5273 καὶ
3788 5218 3855 5271 τὰ
3896 5221 4035 5278 θεῖα

2447 5320 2625 5371 ἐκεῖσε
2649 5315 3099 5387 διαπραξάμενος,
3140 5314 3247 5368 ἀπὸ
3278 5312 3386 5365 τῶν
3419 5312 3575 5365 θείων
3598 5313 3687 5362 ἐπὶ
3709 5309 3783 5379 τῷ
3808 5327 4036 5379 νεοφω-

2443 5410 2609 5481 τίστῳ
2656 5408 3011 5462 τελεσθέντων
3040 5406 3175 5477 πρὸς
3222 5406 3362 5458 θεῖον
3396 5403 3729 5473 ἐπιτήδευμα
3764 5403 4035 5474 ἐπιστρέ-

2448 5520 2554 5573 φει,
2583 5500 2716 5570 πρὸς
2749 5500 2809 5551 τὸ
2834 5499 2911 5568 τῷ
2936 5498 3073 5568 ἁγίῳ
3117 5494 3390 5565 Πνεύματι
3412 5492 3602 5547 δοκοῦν
3626 5492 3902 5561 ἀγόμενος
3932 5500 4033 5549 καὶ

2450 5592 2649 5663 μεταγό
2656 5607 2829 5661 μενος.

3047 5681 3137 5731 Ill.
3189 5678 3420 5743 Θεωρία.

2519 5772 2877 5843 ς1.Αῦτημέν
2914 5768 3001 5823 οὖν
3028 5774 3170 5823 ἐστιν
3196 5775 3227 5839 ἡ
3253 5768 3437 5838 τελετὴ
3460 5767 3556 5837 τῆς
3579 5769 3855 5837 ἡμετερας
3888 5770 3995 5823 ἀνα
