4162 6304
182 402 310 459 417

774 400 862 455 DE
894 398 1174 455 ECCLES.
1211 398 1613 465 IllERARCH.,
1639 399 1793 456 CAP.
1823 400 1890 454 ll.
1924 427 1986 439 —
2017 397 2362 456 PARAPHR.
2397 397 2863 453 PACHYMERAE.

3320 399 3424 456 418

183 520 539 589 γεννήσεως·
569 519 652 587 ἦν,
679 517 764 569 ὅτε
817 517 910 568 καὶ
958 513 1094 584 πρὸς
1137 514 1236 585 τὴν
1281 513 1537 585 αἰσθητὴν
1583 515 1766 569 είκόνα
1796 524 1826 579 Α

1796 524 1839 579 Α
1871 511 2054 575 tionis,
2074 511 2237 580 quod,
2252 512 2414 566 etiam
2429 512 2553 565 dum
2579 512 2704 581 quis
2720 512 2786 565 ad
2805 512 3110 568 sensibilem
3137 515 3421 582 imaginem

187 607 386 660 ἀπίδοι
414 625 514 670 τις,
547 607 646 659 οὐκ
678 606 744 659 ἂν
774 604 921 658 είποι·
958 604 1170 676 ἀνίερον
1214 604 1318 656 οὐδ’
1350 605 1589 675 ’ἀπρεπῆ
1613 622 1627 635 ·
1655 605 1769 675 ἔχει

188 695 317 768 γὰρ
361 697 452 749 καὶ
484 697 775 766 αίνίγματα
811 694 1041 765 θεωρίας
1090 693 1438 765 ὑψηλοτέρας.
1476 697 1549 748 Ub
1587 695 1691 766 μὴν
1715 695 1770 749 δὲ

189 787 303 840 καὶ
353 790 659 841 παντάπασι
703 787 811 840 τῶν
857 785 1100 856 φυσικῶν
1146 785 1516 856 ἀλλοτριοῦται
1546 787 1640 840 καὶ
1682 787 1772 840 ἀν-

191 875 657 950 θρωποπρεπῶςο
708 879 797 930 ὅντε
843 877 950 948 γὰρ
996 879 1137 932 καὶὸ
1173 876 1368 946 ὑψηλὸς
1400 878 1496 946 τῆς
1541 876 1770 948 θεωρίας

193 969 456 1040 σιγηθείη
491 969 667 1036 λόγος,
701 967 873 1032 οὕτως
918 969 1186 1038 αἰσθητὰ
1230 967 1585 1039 ἐξεταζομένη
1632 969 1773 1021 κατά

188 1077 265 1114 τι
283 1063 475 1134 φανείη
526 1062 1136 1134 διαμαρτάνουσα,.ὄτι,
1185 1061 1774 1133 διαπραγματευομένη

188 1153 304 1225 τὴν
338 1155 429 1208 τοῦ
475 1155 784 1225 προσιόντος
819 1155 926 1208 ἀπὸ
958 1155 1136 1225 πάσης
1177 1154 1372 1217 κακίας
1395 1153 1676 1225 κάθαρσιν,
1715 1155 1771 1206 ὲν

193 1246 385 1299 πειθοῖ
415 1246 474 1299 οὗ
503 1247 691 1316 σοφίας
735 1246 1099 1317 ἀνθρωπίνης,
1144 1245 1256 1299 ἀλλ’
1291 1247 1354 1299 ἐκ
1380 1246 1556 1299 θείων
1588 1230 1769 1316 ῥημά-

191 1350 334 1398 των,
360 1337 422 1406 τῇ
450 1339 646 1408 φυσικῇ
682 1335 945 1407 καθάρσει
968 1335 1061 1388 τοῦ
1097 1334 1285 1398 ὓδατος
1321 1334 1769 1406 σωματικώτερον

192 1423 394 1476 τοῦτον
431 1425 704 1481 ἐκπλύνει.
749 1427 928 1497 Ὅπερ
949 1427 997 1479 εί
1035 1426 1128 1479 κα)⁴
1153 1425 1313 1496 μηδὲν
1337 1422 1480 1496 εἶχεν
1506 1425 1767 1497 ὑψηλότε-

197 1531 320 1587 ρον,
345 1517 442 1571 οὐκ
475 1518 685 1588 ἀνίερος
717 1519 1060 1572 παντάπασιν
1100 1512 1168 1588 ἦν
1192 1516 1279 1570 διά
1315 1532 1372 1569 τε
1397 1517 1495 1587 τὴν
1519 1516 1772 1569 διδασκα-

193 1603 324 1659 λίαν
351 1605 449 1675 τῆς
472 1607 724 1679 ἐναρέτου
759 1606 924 1678 ζωῆς,
968 1605 1059 1661 διά
1088 1623 1147 1660 τε
1173 1604 1268 1677 τὴν
1300 1605 1366 1660 δι’
1393 1603 1577 1669 ὓδατος
1610 1620 1770 1674 φυσι-

195 1695 306 1768 κὴν
342 1697 715 1771 ἀποκάθαρσιν
731 1714 745 1728 ’
769 1697 928 1752 τοῦτο
948 1697 991 1754 δ’
1015 1697 1112 1751 οὐκ
1143 1697 1309 1752 ἐστιν.

1872 602 2126 667 attendit,
2142 617 2484 673 nequaquam
2497 602 2695 657 dixerit
2715 601 3000 672 profanum
3023 606 3422 661 autabsonum:

1871 695 2036 749 habet
2075 692 2218 747 enim
2249 681 2419 747 etiam
2460 691 2655 746 indicia
2705 692 3049 768 sublimioris_
3085 697 3423 767 contempla-

1874 784 2056 838 tionis.
2106 782 2362 848 Quiaimo
2417 796 2515 836 nec
2560 783 2781 836 omnino
2809 800 2838 836 a
2866 781 3200 840 naturalibus
3229 796 3285 842 ct
3327 789 3425 843 hu-

1874 875 2048 928 manis
2083 873 2384 926 rationibus
2423 873 2680 928 abhorret
2713 890 2728 926 :
2766 855 2890 928 nam
2934 875 3035 929 etsi
3095 879 3308 946 quando
3331 894 3426 935 su-

1871 960 2050 1015 blimis
2077 960 2173 1014 illa
2200 960 2596 1029 contemplandi
2641 962 2782 1016 ratio
2827 961 3103 1027 sileretur,
3139 967 3222 1020 vel
3243 968 3323 1024 sic
3347 979 3424 1023 ta-

1873 1064 1994 1103 men
2044 1049 2376 1104 sensibiliter
2431 1051 2624 1119 inquiri
2682 1061 2883 1121 posset,
2941 1054 3232 1108 secundum
3297 1059 3423 1127 quid

1873 1141 2125 1195 aberrare
2181 1141 2443 1208 videatur,
2496 1142 2749 1210 quoniam
2803 1145 3111 1199 accedentis
3159 1149 3227 1201 ab
3278 1146 3425 1203 omni

1874 1230 2079 1286 malitia
2121 1233 2556 1287 emundationem
2615 1242 2891 1302 operatur,
2950 1249 3054 1288 non
3087 1234 3140 1289 in
3174 1237 3427 1292 humanae

1873 1319 2154 1391 sapientia:
2183 1319 2556 1389 persuasione,
2589 1323 2682 1374 sed
2712 1334 2776 1373 ex
2811 1319 3009 1374 divinis
3035 1323 3239 1388 verbis,
3271 1333 3429 1376 naltt-

1874 1413 1969 1466 rali
1995 1427 2149 1482 aqua:
2193 1411 2597 1474 emundatione,
2625 1411 2768 1465 hunc
2790 1410 2981 1482 abluit.
3016 1412 3130 1478 Quo
3154 1415 3254 1468 etsi
3295 1414 3426 1469 nihil

1872 1504 2156 1559 sublimius
2187 1502 2412 1558 [ruberet
2444 1503 2609 1571 (quod
2632 1515 2737 1556 non
2763 1503 2866 1570 est)
2891 1517 3225 1571 nequaquam
3250 1506 3427 1559 omnis

1872 1613 2068 1669 expers
2104 1605 2250 1653 esset
2279 1599 2586 1652 sanctitatis
2617 1613 2635 1664 ;
2667 1612 2792 1653 cum.
2831 1607 3053 1668 propter
3088 1600 3266 1669 probae
3305 1602 3427 1656 vitae

1875 1690 2238 1759 disciplinam,
2267 1697 2382 1744 tum
2409 1698 2630 1759 propter
2651 1691 2955 1745 naturalem
2988 1705 3139 1760 aquae
3169 1692 3428 1747 emunda-

1876 1782 2098 1836 tionem.

273 1868 305 1942 ᾗ
329 1871 394 1924 Π.
426 1871 602 1924 Ἔστω
619 1869 676 1924 δὲ
691 1869 828 1936 τέως
853 1871 1184 1943 είσαγωγική
1210 1888 1293 1934 τις
1313 1869 1633 1941 ψυχαγωγία
1656 1873 1769 1936 τοῖς
1802 1858 1844 1913 Β

1802 1858 1844 1913 Β
1944 1870 2258 1944 §ll.Yerum
2282 1873 2347 1928 sit
2376 1872 2493 1928 haec
2519 1872 2823 1928 rudioribus
2841 1872 3425 1943 introductioquaedam

195 1961 439 2026 ἀτελέσι,
473 1961 535 2015 τὸ
559 1948 799 2017 τοιοῦτον
845 1961 959 2018 τῶν
997 1961 1204 2016 πολλῶν
1245 1963 1347 2016 καὶ.
1383 1961 1611 2034 ἀνιέρων
1636 1961 1771 2016 ἀπο-

193 2052 584 2107 διαστέλλουσα
629 2053 698 2107 τά
729 2054 952 2126 ένοειδῆ.
1003 2054 1237 2132 Ἑνοειδῆ
1271 2054 1326 2108 δὲ
1351 2054 1518 2124 λέγει,
1539 2054 1768 2120 caestu,

195 2137 278 2207 ὡς
303 2143 501 2215 ὑψηλὰ,
548 2146 641 2198 καὶ
663 2145 738 2216 νῷ
779 2144 922 2217 μόνῳ
969 2145 1166 2218 ληπτά.
1192 2146 1351 2215 Λέγει
1390 2146 1497 2218 γὰρ
1528 2146 1769 2210 ὡσανεί,

197 2232 285 2285 ὃτι
323 2233 371 2284 εί
405 2235 496 2287 καὶ
529 2236 726 2298 πάντες
763 2236 862 2288 οὐκ
902 2236 1007 2288 είσὶ
1037 2235 1248 2299 τέλειοι,
1286 2235 1419 2291 ἀλλά
1452 2236 1546 2290 καὶ
1591 2235 1772 2289 πολλοὶ⁴

199 2323 438 2390 ἀτελεῖς,
469 2324 646 2396 ἔχουσι
692 2326 930 2382 κάκεῖνοι
975 2328 1263 2398 ἀναγωγήν
1289 2345 1410 2382 τινα
1441 2330 1507 2398 τῇ
1552 2328 1772 2398 δυνάμει

201 2415 417 2468 ἑαυτῶν
463 2417 860 2494 προσήκουσαν,
909 2421 966 2472 ὲν
1075 2417 1622 2489 ἀποδιασταλήσονται
1646 2402 1772 2471 τῶν

201 2506 385 2576 πάντη
419 2506 644 2576 ἀνιέρων
679 2509 771 2561 καί
815 2507 1177 2580 χλευαζόντων
1204 2509 1263 2563 τὸ
1289 2508 1583 2581 βάπτισμα.
1625 2511 1773 2563 Ἐπεὶ

201 2595 322 2668 γάρ
360 2599 418 2650 οὐ
456 2598 652 2664 πάντες
697 2597 932 2671 χωροῦσι
975 2599 1074 2664 τάς
1107 2600 1354 2672 θεωρίας,
1391 2601 1472 2654 δεῖ
1507 2601 1772 2655 ποιεῖσθαι

200 2690 304 2742 καὶ
340 2691 482 2759 ἡμᾶς
504 2690 922 2763 τάςέρμηνείαςμ
957 2692 1091 2763 πρὸς
1119 2695 1241 2757 τοὺς
1269 2692 1582 2757 ἀκούοντας,
1608 2693 1684 2756 ὼς
1709 2693 1773 2747 ἃν

200 2781 539 2852 συμμέτρως
581 2785 673 2836 καὶ
704 2784 855 2836 αὐτοὶ
895 2784 985 2837 καὶ
1035 2784 1416 2856 προσηκόντως
1461 2787 1524 2854 τῇ
1552 2783 1774 2854 δυνάμει

200 2873 321 2924 τῶν
354 2867 606 2942 νοήσεων,
640 2877 979 2944 ἀνάγωνται·
1017 2878 1176 2948 ἡμεῖς
1209 2876 1286 2939 δὲ,
1319 2875 1606 2939 ἀναϐάσεις
1629 2878 1686 2928 ὲν
1708 2879 1773 2948 τῇ

200 2965 406 3036 καρδίᾳ
432 2966 642 3038 θέμενοι
678 2968 848 3039 ἱερὰς,
894 2969 1054 3021 τίνων
1079 2970 1435 3040 χαρακτήρων
1459 2967 1594 3021 εἰσὶν
1620 2970 1776 3022 ἐκτυ-

201 3056 445 3126 πὼματα
467 3059 535 3111 τά
559 3058 781 3112 τοιαῦτα
804 3057 1248 3130 ὲπιγνωσὼμεθα.

1875 1962 2156 2032 spiritalis,
2187 1978 2306 2032 qua
2341 1977 2370 2018 a
2399 1964 2722 2033 promiscuis
2750 1974 2807 2017 et
2849 1962 3092 2034 profanis
3137 1964 3431 2032 distinguat

1874 2053 2187 2108 uniformia.
2241 2052 2547 2109 Uniformia
2608 2062 2789 2109 autem
2839 2063 2997 2109 vocat
3050 2052 3251 2119 divina,
3289 2065 3426 2112 .tan-

1873 2158 2035 2214 quam
2084 2144 2334 2199 sublimia
2376 2145 2595 2213 solaque
2650 2154 2831 2198 mente
2873 2144 3286 2213 comprehensa.
3337 2145 3431 2198 Ait

1875 2243 2057 2290 autent
2107 2235 2534 2304 quodammodo;
2565 2234 2692 2304 quia
2728 2235 2855 2290 licet
2883 2249 2985 2290 non
3014 2248 3200 2289 omnes
3243 2235 3427 2304 perfe-

1874 2328 1968 2389 cti.
1998 2326 2092 2383 sed
2125 2328 2277 2382 multi
2327 2325 2624 2395 imperfecti
2651 2327 2779 2392 sint,
2823 2320 3024 2383 habent
3049 2333 3226 2381 tamen
3262 2327 3425 2381 etiam

1873 2420 1974 2491 ipsi
2007 2435 2301 2490 anagogem
2331 2419 2618 2490 quamdam
2648 2419 2828 2472 virtuti
2863 2434 2976 2473 suae
3015 2429 3428 2486 congruentem,

1875 2524 1977 2578 qua
2013 2509 2409 2579 distinguantur
2455 2509 2523 2562 ab
2567 2509 2793 2562 omnino
2836 2506 3075 2578 profanis
3100 2519 3153 2561 et
3178 2507 3427 2576 baptismi

1874 2599 2208 2654 irrisoribus.
2240 2600 2373 2653 Cum
2403 2601 2544 2652 enim
2594 2614 2696 2652 non
2729 2614 2917 2654 omnes
2946 2600 3162 2666 capiant
3186 2608 3432 2653 contem-

1877 2689 2169 2758 plationes,
2208 2699 2423 2758 oportet
2453 2703 2553 2744 nos
2580 2689 2744 2742 etiam
2780 2689 3251 2757 interpretationes
3277 2689 3434 2742 audi-

1879 2775 2085 2830 toribus
2124 2778 2560 2842 accommodare,
2608 2787 2668 2832 ut
2715 2785 2771 2832 et
2799 2777 2898 2845 ipsi
2949 2793 3047 2846 pro
3092 2778 3308 2833 modulo
3331 2793 3429 2835 suo

1877 2865 2266 2919 convenienter
2315 2865 2382 2919 ad
2432 2866 2683 2919 virtutem
2745 2865 3213 2935 lntelligentiarum
3265 2868 3432 2922 addu-

1879 2965 2070 3009 cantur
2100 2971 2114 3020 ;
2148 2971 2247 3009 nos
2269 2970 2396 3010 vero
2421 2958 2767 3017 ascensiones
2817 2971 3005 3011 sacras
3033 2957 3085 3011 in
3108 2959 3270 3013 corde
3320 2973 3432 3012 sta-

1879 3054 2108 3110 tuentes,
2133 3059 2519 3114 cognoscamus
2559 3059 2788 3114 quorum
2839 3047 3215 3102 character-um
3247 3047 3433 3102 istius-

1877 3137 2020 3190 modi
2051 3137 2158 3190 sint
2185 3135 2405 3205 eﬂigies.

283 3234 424 3307 §IIL
485 3235 766 3292 Είσϐάλλει
798 3229 983 3291 λοιπὸν
1007 3237 1087 3300 είς
1108 3235 1204 3307 τὴν
1237 3235 1466 3306 θεωρίαν
1485 3251 1499 3266 ⁶
1537 3235 1630 3289 καὶ
1655 3236 1773 3290 ἐπεὶ
1802 3206 1843 3262 C‘

1802 3206 1843 3262 C
1946 3226 2346 3298 §lll.Cmterum
2363 3226 3187 3296 aggrediturcontemplationem
3205 3245 3218 3282 :
3242 3240 3427 3285 etcum

202 3327 394 3399 μέλλει
417 3328 582 3392 δεῖξαι
626 3327 716 3382 τὸν
742 3329 1002 3401 ίεράρχην
1036 3327 1177 3383 κατά
1201 3328 1297 3400 τὴν
1315 3327 1646 3397 ἀφομοίωσιν
1679 3328 1772 3380 τοῦ

197 3418 344 3471 Θεοῦ
396 3420 526 3470 πᾶσι
574 3420 671 3490 τὴν
721 3418 989 3489 σωτηρίαν
1027 3417 1523 3488 εὐαγγελιζόμενον,
1549 3418 1772 3489 ἄρχεται

196 3511 384 3578 λέγειν
410 3511 535 3581 περὶ
561 3507 692 3563 Θεοῦ
719 3509 787 3563 τά
837 3510 1040 3562 εἰκότα.
1088 3511 1223 3578 Φησὶ
1263 3509 1460 3571 τοίνυν,
1496 3509 1568 3571 ὡς
1610 3510 1641 3578 ἡ
1676 3509 1769 3560 τοῦ

196 3596 342 3656 Θεοῦ
371 3600 638 3672 ἀγαθότης
669 3602 761 3653 ὲπὶ
786 3601 963 3661 πάσας
1000 3598 1098 3661 τάς
1131 3597 1318 3669 νοεράς
1345 3596 1495 3666 ὄψεις
1537 3598 1644 3660 τάς
1676 3596 1768 3649 τοῦ

196 3691 404 3745 οίκείου
430 3689 603 3759 φωτὸς
631 3691 874 3751 ἀκτῖνας,
903 3686 1145 3756 ἀφθόνως
1170 3686 1403 3752 ὲξαπλοῖ.
1459 3685 1611 3738 Ἐπεὶ
1638 3684 1768 3753 γοῦν

198 3785 315 3836 πᾶν
342 3782 522 3850 νοερὸν
568 3779 906 3846 αὐτεξούσιόν
957 3782 1119 3843 ἐστιν,
1157 3779 1210 3832 εί
1230 3796 1311 3842 τις
1333 3777 1491 3848 νοερά
1538 3775 1647 3841 ἕξις
1686 3776 1773 3829 διά

197 3876 305 3944 τὴν
355 3871 608 3942 τοιαύτην
652 3871 1122 3940 αὑτεξουσιότητα,
1169 3869 1428 3942 ἢτελέως
1485 3871 1772 3938 ἀφίσταται

198 3963 300 4017 τοῦ
324 3964 464 4016 θείου
510 3963 706 4032 φωτὸς,
741 3961 842 4032 τῆς
875 3961 1071 4022 κακίας
1088 3960 1298 4031 ἐρῶσα,
1329 3959 1360 4030 ἢ
1388 3961 1493 4032 μὴν
1513 3960 1572 4012 τὸ
1595 3960 1772 4013 δεύτε-

203 4071 320 4125 ρον,
345 4053 403 4106 τὸ
424 4052 570 4106 δοθὲν
586 4041 593 4127 ί
618 4052 751 4122 αὐτῇ
798 4051 895 4120 τῆς
938 4049 1249 4119 ὲλλάμψεως
1286 4049 1479 4119 μέτρον
1514 4065 1773 4119 περιφρο-

202 4149 411 4218 νήσασα
462 4145 760 4218 ὑπερϐῆναι
803 4145 1102 4212 ἐπιχειρεῖ,
1148 4143 1460 4214 ἀπήρτηται
1503 4141 1763 4212 δηλονότι,

203 4235 823 4315 ἀποτυγχάνεμείκότως
847 4233 940 4284 καὶ
972 4231 1063 4283 τοῦ
1092 4231 1330 4296 δοθέντος
1353 4231 1500 4302 αὑτῷ
1551 4221 1768 4303 μέτρου,

202 4331 298 4386 τοῦ
334 4329 474 4383 θείου
510 4330 682 4398 φωτὸς
727 4325 1078 4380 ἀναλλοιώτου
1133 4325 1397 4396 μένοντος.
1433 4325 1640 4394 ’Ὠσπερ
1662 4323 1769 4395 γὰρ

204 4419 266 4474 τὸ
335 4417 700 4491 συνηρτῆσθαι
732 4457 747 4483 ,
812 4417 874 4470 τὸ
952 4415 1316 4485 συνηρμόσθαι
1385 4413 1562 4483 δηλοῖ·
1625 4412 1767 4465 οὕτω

208 4514 301 4566 καὶ
325 4512 385 4564 τὺ
411 4511 774 4583 ἀπηρτῆσθαι,
821 4508 881 4561 τὸ
925 4507 1329 4561 ἐκπεπτωκέναι
1375 4505 1472 4575 τῆς
1520 4503 1765 4574 ἀρμογῆς
1802 4531 1841 4584 D

209 4606 303 4658 καὶ
339 4604 624 4674 συμφυΐας.
676 4599 828 4654 Ἔστι
872 4600 926 4652 δὲ
971 4601 1058 4652 ὅτε
1109 4596 1199 4651 καὶ
1230 4597 1289 4650 τὸ
1339 4593 1764 4667 ὲκκρεμάσθαιή

206 4697 347 4762 λέξις
379 4692 575 4766 δηλοῖ·’
611 4686 838 4747 ἐνταῦθα
877 4691 1056 4762 μέντοι
1103 4689 1241 4744 κατά
1289 4686 1349 4741 τὸ
1371 4677 1645 4759 πρότερον
1674 4703 1770 4756 ση-

211 4789 528 4860 μαινόμενον
564 4785 831 4856 είληπται.
873 4767 1196 4854 Ἐπιλάμπει
1217 4781 1395 4834 τοίνυν
1415 4781 1548 4849 αὐτῇ
1573 4775 1631 4829 τὸ
1654 4777 1767 4844 φῶς

210 4876 588 4953 μυωπαζούσῃ,
634 4877 727 4930 καὶ
752 4877 851 4929 οὐκ
883 4875 1172 4944 ἀφίσταται
1193 4891 1204 4904 ’
1245 4872 1335 4926 καὶ
1360 4872 1420 4925 τὸ
1444 4870 1556 4940 φῶς
1580 4870 1677 4923 οὐκ
1701 4870 1765 4922 ἀν

207 4970 517 5044 ὲνεργήσειέ
542 4986 593 5021 τι
618 4967 744 5022 ἀλλο
770 4966 920 5036 παρά
951 4962 1020 5018 τὰ
1052 4965 1225 5035 φωτὸς
1266 4965 1458 5027 οίκεῖα,
1508 4962 1607 5015 κᾶν
1631 4961 1767 5032 αὐτὴ

207 5061 412 5123 ἀτελῶς
458 5058 748 5139 ὲπιϐάλλοι.
810 5053 1239 5127 Ἀγαθουργικῶς
1287 5053 1415 5122 γοῦν
1466 5052 1768 5123 ὲξήπλωται

207 5154 269 5208 τὸ
310 5153 448 5205 θεῖον
492 5149 604 5220 φῶς
647 5149 766 5211 ταῖς
799 5149 1009 5218 νοερα-ῖς
1046 5147 1246 5216 ὄψεσιν,
1281 5144 1452 5211 ἔξεστι
1476 5143 1531 5197 δὲ
1552 5142 1769 5205 ταύταις

208 5242 690 5314 ἀντιλαμϐάνεσθαι
722 5240 813 5292 τοῦ
847 5240 1021 5308 φωτὸς
1065 5239 1224 5292 ὁπότε
1270 5235 1566 5305 θελήσειαν,
1626 5235 1768 5303 Πρὸς

207 5335 306 5407 τὴν
349 5315 599 5402 τοιαύτην
657 5331 838 5384 είκόνα
881 5328 1339 5388 καὶὸὲπίσκοπος
1398 5324 1616 5390 ὲξαπλοῖ
1666 5324 1763 5386 τὰς

207 5426 305 5497 τῆς
350 5423 690 5486 διδασκαλίας
733 5423 954 5490 ἀκτῖνας
993 5422 1224 5482 καὶτοῖς
1267 5418 1588 5488 ἐπιτηδείοις
1634 5417 1769 5486 πρὸς

207 5515 304 5588 τὴν
329 5505 617 5592 ’ὗποδοχηη
674 5507 930 5574 καὶτοῖς
976 5510 1070 5581 μὴ,
1128 5510 1186 5562 οὐ
1224 5508 1397 5577 φθόνῳ
1440 5509 1537 5572 ,καὶ
1570 5507 1767 5576 ἀνιέρῳ

210 5607 388 5680 μήνιδι
419 5609 518 5678 τῆς
545 5607 809 5676 προτέρας
833 5602 1170 5666 ἀποστασίας-
1195 5599 1227 5670 ἦ
1250 5597 1524 5669 ¹ἀμετρίας
1548 5597 1766 5669 χρώμε-

208 5716 312 5762 νος.
339 5698 521 5751 Ταῦτα
545 5699 600 5751 δὲ
622 5697 765 5765 λέγει
794 5696 927 5767 πρὸς
950 5681 1018 5747 τά
1040 5691 1290 5762 ἀνωτέρω
1315 5690 1544 5760 ῥηθέντα
1567 5705 1580 5719 ο
1618 5690 1766 5756 ἔλεγε

205 5792 331 5862 γὰρ,
363 5790 452 5843 δύο
477 5790 674 5850 κακίας
699 5784 834 5841 εἶναι
856 5787 963 5838 τῶν
990 5784 1186 5854 νοερῶν
1202 5782 1285 5834 διὰ
1302 5781 1397 5850 τὴν
1427 5780 1558 5832 ἰδίαν
1586 5779 1768 5843 αὐτεξ-

1877 3328 2193 3371 ostensurns
2229 3318 2304 3370 sit
2355 3315 2697 3370 hierarcham
2739 3319 3032 3371 secundum
3067 3317 3431 3373 Deisimilitu-

1879 3408 2058 3462 dinem
2085 3408 2338 3461 omnibus
2397 3407 2623 3461 salutem
2655 3402 2998 3470 annuntiare,
3031 3408 3220 3476 incipit
3250 3411 3432 3463 dicere

1878 3498 1944 3550 de
1972 3499 2079 3551 Deo
2115 3513 2234 3566 qua:
2270 3499 2481 3550 decent.
2515 3496 2607 3549 Ait
2652 3497 2854 3567 itaque,
2907 3501 3178 3568 quomodo
3205 3500 3294 3553 Dei
3336 3502 3430 3554 bo-

1877 3577 2020 3641 nitas
2043 3601 2206 3654 super
2231 3601 2421 3639 omnes
2451 3586 2714 3641 mentales
2743 3588 2926 3642 oculos
2950 3588 3086 3650 lucis
3117 3605 3226 3644 suae
3253 3590 3431 3644 radios

1876 3677 2173 3733 luculenter
2209 3679 2482 3746 expandit.
2524 3677 2654 3731 Cum
2702 3679 2884 3747 itaque
2910 3694 3068 3733 omne
3099 3682 3239 3749 quod
3269 3681 3428 3734 intel-

1872 3772 2015 3826 lectu
2043 3772 2324 3841 prmditum
2361 3779 2442 3824 est
2482 3770 2706 3824 liberum
2735 3771 2826 3835 sit,
2861 3770 2903 3824 si
2935 3772 3058 3838 quis
3088 3772 3428 3826 intellectum

1879 3865 2106 3928 habens,
2139 3873 2358 3933 propter
2407 3864 2566 3918 talem
2599 3862 2900 3916 libertatem
2935 3863 3017 3916 vel
3039 3864 3260 3918 omnino
3293 3866 3430 3916 divi-

1877 3965 2002 4003 num
2035 3950 2214 4004 lumen
2261 3950 2498 4016 deserat,
2531 3954 2721 4005 amans
2758 3951 3081 4020 pravitatem
3114 3971 3128 4018 ;
3165 3953 3247 4007 vel
3282 3948 3431 4008 certe

1874 4042 2256 4096 secundariam
2305 4041 2684 4098 illustrationis
2734 4057 3040 4096 mensuram
3094 4045 3218 4112 ipsi
3249 4047 3427 4101 datam

1874 4143 2248 4198 contemnens,
2280 4134 2448 4202 ipsam
2496 4135 2795 4204 transgredi
2822 4142 3068 4200 conetur,
3097 4137 3280 4204 utique
3302 4138 3429 4190 sub-

1878 4223 2218 4286 trahitur.et
2257 4225 2463 4280 indulta
2496 4227 2596 4279 sibi
2645 4240 2898 4280 mensura
2947 4229 3142 4282 merito
3200 4229 3430 4284 frustra-

1875 4325 1982 4378 tur,
2030 4316 2470 4371 divinolumine
2520 4317 2570 4370 in
2608 4331 2666 4370 se
2718 4317 3001 4371 immutata
3057 4332 3424 4386 permanente.

1872 4404 2330 4471 Quemadmodum
2382 4406 2537 4476 183
2587 4407 2730 4460 enim
2797 4410 3158 4480 συνηρτῆσθαι
3227 4413 3430 4482 signiti-

1874 4509 1960 4553 cat
1990 4511 2301 4570 coaptatum
2353 4515 2496 4567 esse,
2557 4501 2647 4555 sic'
2679 4501 2844 4558 etiam
2890 4502 3232 4574 ἀπηρτῆσθαι
3285 4506 3426 4558 exci-

1873 4592 2019 4647 disse
2054 4591 2487 4647 aconl‘ormitate
2520 4602 2682 4661 atque
2726 4595 3098 4664 congruentia.
3154 4595 3422 4648 Interdum

1874 4680 2000 4735 vero
2023 4682 2187 4735 etiam
2224 4681 2327 4735 hoc
2348 4681 2571 4736 verbum
2600 4681 2870 4742 signiﬁcat
2918 4696 3234 4748 suspensum
3264 4693 3422 4747 esse;

1876 4769 2125 4826 hoc'loco
2171 4782 2351 4825 tamen
2395 4772 2447 4824 in
2495 4772 2660 4840 priori
2706 4771 3103 4842 signiﬁcatione
3142 4781 3422 4841 acceptum

1873 4869 1974 4916 est.
2004 4862 2189 4917 lllucet
2213 4863 2393 4936 itaque
2423 4864 2513 4916 lux
2549 4863 2648 4931 ipsi
2680 4864 2841 4916 etiam
2884 4862 3218 4926 conniventi,
3251 4875 3425 4930 neque

1873 4954 2116 5021 deserit;
2151 4971 2325 5025 neque
2369 4957 2530 5009 etiam
2581 4956 2669 5010 lux
2726 4957 3015 5024 quidquam
3051 4955 3181 5009 facit
3231 4965 3424 5024 praeter

1873 5061 1931 5099 ea
1958 5061 2075 5113 qua:
2105 5046 2241 5099 lucis
2267 5055 2388 5099 sunt
2418 5048 2657 5115 propria,
2694 5047 2902 5099 tametsi
2938 5060 3087 5098 mens
3114 5047 3424 5113 imperfecte

1872 5141 2186 5193 accesserit.
2237 5136 2476 5205 Benigne
2527 5137 2689 5206 igitur
2734 5135 2912 5189 divina
2959 5135 3049 5188 lux
3103 5135 3426 5190 mentalibus

1872 5242 2086 5298 semper
2125 5228 2298 5282 oculis
2332 5236 2500 5296 patet,
2545 5226 2776 5296 licetque
2827 5226 2909 5279 his
2951 5225 3125 5279 lucem
3175 5225 3425 5294 excipere

1872 5319 2303 5387 qnandocunque
2345 5318 2631 5372 voluerint.
2686 5316 2768 5369 Ad
2827 5315 2986 5385 hujus
3016 5315 3420 5368 similitudinem

1871 5407 2033 5465 etiam
2067 5410 2357 5479 episcopus
2409 5409 2665 5462 doctrina:
2709 5407 2890 5461 radios
2941 5406 3194 5474 expandit
3227 5415 3330 5458 tam
3356 5405 3422 5457 iis

1870 5505 1961 5572 qui
1995 5502 2102 5573 apti
2133 5511 2257 5554 sunt
2303 5501 2368 5554 ad
2393 5502 2484 5554 eos
2516 5499 2881 5567 excipiendos,
2911 5513 3070 5568 quam
3104 5495 3168 5549 iis
3197 5495 3289 5564 qni
3315 5509 3420 5547 non

1873 5605 1999 5649 sunt
2023 5591 2328 5662 apti,nullo
2355 5591 2480 5646 odio
2531 5591 2715 5644 dirave
2768 5589 3153 5658 imprecatione
3202 5595 3420 5655 propter

1874 5688 2103 5756 priorem
2173 5685 2528 5738 defectionem
2611 5681 3191 5752 intemperantiamque
3242 5691 3418 5732 utens.

1876 5779 1997 5832 Haec
2035 5786 2213 5830 autem
2257 5777 2386 5831 dicit
2437 5785 2654 5845 propter
2709 5791 2770 5828 ea
2823 5788 2936 5842 qua:
2973 5774 3220 5842 superius
3276 5773 3416 5822 dicta
