4172 6304
724 368 828 428 ιω

1900 374 1958 430 S.
1994 370 2289 429 DlONYSll
2329 372 2793 431 AREOPAGITE

3862 387 3973 444 820

723 497 882 544 sunt:
916 487 1128 543 dixerat
1175 486 1344 553 enim,
1391 487 1499 543 duo
1525 503 1644 544 esse
1674 486 1815 541 mala
1843 488 2122 544 intellectu
2157 505 2279 560 prae.

2398 489 2713 561 ουσιότητα.
2742 493 2811 543 Ἢ
2859 493 2964 563 γὰρ
3007 494 3299 565 ἀφίσταταί
3329 513 3414 561 τις
3457 489 3551 552 τοῦ
3586 489 3732 556 θείου
3769 505 3974 575 φωτὸς,

722 582 956 634 ditorum
1005 589 1228 650 propter
1274 581 1554 649 propriam
1607 579 1942 634 libertatem.
2001 579 2099 635 Vel
2149 580 2295 634 enim

722 673 924 726 deserit
958 671 1079 741 quis
1103 671 1342 726 divinam
1374 672 1576 733 lucem,
1621 671 1705 725 vel
1741 671 1881 739 sapit
1905 685 2068 740 supra
2111 672 2293 727 modu-

723 761 829 814 lum
857 777 1034 827 suum,
1064 769 1118 814 et
1145 762 1286 831 quod
1325 777 1430 814 non
1471 761 1723 814 convenit
1756 761 1971 829 quatrit.

795 850 927 923 ειν.
957 850 1191 915 Rursus,
1216 867 1339 905 cum
1359 850 1599 904 divinum
1627 865 1828 905 numen
1856 851 1927 904 sit
1951 850 2107 921 origo
2134 859 2296 906 rectas

720 941 1084 995 ordinationis
1135 955 1306 994 sacrae
1360 941 1660 995 secundum
1719 955 1880 1009 quam
1916 941 2079 994 etiam
2119 940 2294 1010 angeli

721 1044 891 1089 semet
935 1034 1082 1103 ipsos
1139 1041 1357 1097 norunt,
1388 1046 1486 1086 nec
1543 1031 1853 1086 inordinate
1911 1029 2197 1100 prosiliunt
2226 1030 2291 1083 ad

719 1141 782 1180 ea
819 1141 938 1195 qua:
963 1142 1068 1180 non
1104 1125 1318 1188 decent,
1375 1126 1609 1194 primum
1654 1140 1848 1179 munus
1876 1139 1942 1178 ex
1968 1122 2148 1176 divina
2196 1120 2293 1174 do-

719 1220 893 1273 ctrina
927 1219 1049 1288 quis
1080 1219 1457 1284 consequitur,
1513 1219 1654 1285 quod
1699 1217 1937 1286 seipsum
1993 1221 2205 1277 noscat,
2235 1219 2291 1266 ut

719 1309 848 1363 illud
879 1311 1020 1379 quod
1054 1311 1104 1364 in
1133 1311 1248 1377 lege
1293 1310 1554 1380 scriptum
1597 1318 1680 1363 est
1709 1317 1908 1374 servet,
1938 1308 2143 1359 attende
2191 1304 2286 1357 tibi

717 1401 817 1467 ipsi
858 1413 904 1466 ι,
930 1400 1383 1468 quemadmodum
1410 1401 1570 1453 etiam
1603 1400 1824 1468 Magnus
1867 1396 2101 1451 Basilius
2168 1395 2280 1447 ait:

718 1488 952 1542 Eatenus
979 1490 1117 1542 enim
1147 1491 1217 1542 ad
1247 1492 1516 1558 premium
1557 1500 1763 1543 naturw
1814 1489 2010 1553 lumen,
2035 1488 2140 1540 sive
2161 1501 2286 1538 con-

718 1582 1102 1649 templationem
1147 1584 1480 1636 scientiamve
1527 1599 1822 1644 recurrens,
1873 1580 2083 1649 angelos
2107 1578 2284 1630 imita-

718 1652 827 1735 tur,
857 1673 944 1738 qui
973 1677 1169 1740 seipsos
1223 1683 1465 1725 noscunt.
1523 1673 1695 1726 Porro
1723 1673 1811 1741 qui
1844 1673 2083 1739 seipsum
2108 1666 2282 1720 oculis

717 1761 1000 1815 affectione
1051 1763 1238 1817 vacuis
1293 1765 1676 1828 considerarit,
1711 1762 2126 1831 profundissima
2160 1756 2282 1827 qui-

2400 580 2433 734 ?
2484 581 2812 653 ὑπερφρονεῖ
2865 584 2959 637 τοῦ
3017 587 3272 660 μετρίου,
3307 589 3496 644 καὶτὸ
3537 591 3801 647 ἀνοίκειον
3846 599 3974 651 ὲπι-

2433 674 2572 734 ητεῖ.

2433 674 2572 741 ητεῖ.

2471 856 2499 920 §
2526 850 2614 904 IV.
2631 853 2820 918 Πάλιν,
2850 854 2972 907 ἐπεὶ
2996 855 3243 922 εὐταξίας
3257 857 3406 927 ἱερᾶς
3421 857 3642 930 ἀρχήτὸ
3663 859 3813 912 Θεῖόν
3830 861 3971 924 ἐστι,

2396 943 2518 996 καθ’
2545 943 2612 1013 ἣν
2641 945 2734 998 καὶ
2780 947 2827 998 οἱ
2877 946 3095 1015 ἄγγελοι
3134 947 3578 1015 ἐπιγινώσκουσιν
3605 951 3845 1015 ἑαυτοὺς,
3873 952 3974 1006 καὶ

2393 1033 2491 1103 οὐχ
2543 1035 2926 1107 ὑπερπηδῶσιν
2971 1039 3220 1100 ἀτάκτως
3270 1039 3407 1109 πρὸς
3433 1039 3503 1092 τὰ
3534 1041 3793 1106 ἀνοίκεια,
3819 1041 3974 1113 πρῶ-

2391 1139 2484 1177 τον
2533 1124 2704 1195 δῶρον
2731 1128 2796 1179 ὲκ
2821 1127 2920 1197 τῆς
2968 1128 3117 1192 Θείας
3170 1129 3534 1195 διδασκαλίας,
3577 1133 3768 1187 κτᾶταί
3795 1152 3878 1197 τις
3906 1133 3972 1187 τὸ

2391 1214 2686 1283 ἐπιγνῶναι
2719 1217 2927 1280 ἑαυτὸν,
2972 1217 3058 1270 ἵνα
3080 1218 3139 1270 τὸ
3168 1220 3225 1271 ὲν
3255 1219 3333 1290 τῷ
3357 1221 3505 1290 νόμῳ
3537 1221 3763 1294 φυλάξῃ,
3779 1226 3857 1290 Πί.
3871 1219 3980 1288 ός-

2387 1325 2489 1374 exs
2518 1307 2770 1374 σεαυτῷ,
2811 1310 2886 1373 ὡς
2918 1311 3011 1363 καὶ
3041 1312 3069 1362 ὁ
3089 1309 3277 1380 Μέγας
3302 1312 3403 1384 ἔφη
3435 1313 3709 1379 Βασίλειος
3730 1330 3746 1346 ·
3805 1317 3974 1370 Οὕτω

2389 1398 2499 1464 γὰρ
2544 1398 2687 1465 τέως
2720 1399 2868 1468 πρὸς
2917 1402 2982 1454 τὸ
3027 1402 3246 1455 οἰκεῖον
3291 1403 3401 1471 τῆς
3448 1405 3687 1472 φύσεως
3729 1405 3968 1472 ὁρατὸν,

2388 1488 2580 1558 ἤγουν
2604 1491 2896 1559 θεωρητόν
2923 1493 2961 1560 ἢ
2991 1493 3335 1562 ἐπιστητὸν,
3384 1496 3746 1565 ἀνατρέχων,
3774 1497 3971 1568 μιμεῖ-

2385 1598 2480 1634 ται
2529 1582 2823 1651 ἀγγέλους
2869 1584 3010 1650 τοὺς
3057 1586 3458 1655 γινώσκοντας
3505 1589 3774 1656 ἑαυτούς.
3829 1591 3886 1642 Ὀ
3912 1589 3972 1642 δὲ

2387 1673 2577 1725 ἑαυτὸν
2627 1675 3030 1745 ἀπροσπαθέσιν
3085 1678 3205 1730 ἰδὼν
3255 1679 3568 1750 ὀφθαλμοῖς,
3613 1681 3971 1754 ἀποφοιτήσει

2389 1766 2485 1835 μὲν
2516 1767 2624 1819 τῶν
2649 1767 2960 1836 βαθυτάτων
2989 1769 3172 1824 τόπων
3210 1773 3310 1841 τῆς
3360 1773 3651 1841 ἀγνωσίας,
3683 1775 3779 1827 οὐκ
3810 1776 3971 1828 αὐτό-

717 1853 836 1906 dcm
871 1853 1227 1921 ignorationis
1276 1853 1390 1907 loca
1424 1852 1660 1924 effugiet.
1712 1869 1816 1908 non
1876 1863 2050 1906 tamen
2084 1866 2179 1920 per
2205 1862 2279 1912 se,

2392 1857 2484 1911 θεν
2515 1858 2592 1923 δὲ,
2626 1858 2761 1911 ἀλλὰ
2809 1860 2875 1912 δι’
2929 1860 3120 1932 ὁδηγοῦ
3170 1840 3274 1914 και
3310 1863 3588 1933 ἀναδόχου,
3637 1865 3970 1936 ἐπιθυμήσει

715 1944 811 1999 sed
841 1960 933 2014 per
965 1947 1154 2000 ducem
1193 1961 1255 1999 ac
1281 1957 1652 2014 suseeptorem
1680 1944 2016 2000 desiderabit
2041 1942 2280 1996 divinam

714 2038 1210 2105 participationem.
1259 2034 1326 2088 Et
1357 2052 1452 2105 per
1487 2037 1790 2090 doctrinam
1850 2035 2068 2104 quidem
2100 2033 2166 2085 ad
2200 2029 2283 2084 sui

715 2128 984 2190 notitiam,
1038 2129 1258 2182 devenit
1311 2144 1408 2196 per
1456 2129 1803 2196 semetipsum
1849 2126 1915 2179 ad
1967 2126 2046 2179 sui
2080 2123 2284 2193 princi-

714 2223 860 2292 pium
896 2239 910 2284 ;
943 2237 1038 2290 per
1069 2221 1172 2274 hoc
1202 2230 1408 2284 autem,
1457 2221 1522 2273 ad
1557 2221 1608 2273 id
1633 2221 1776 2288 quod
1808 2219 1899 2273 illo
1927 2219 2074 2287 prius
2097 2225 2201 2280 est,
2230 2223 2286 2269 et

711 2296 813 2382 per
841 2313 966 2366 illud
992 2313 1058 2366 ad
1091 2313 1325 2382 primum
1379 2311 1696 2366 adducetur.
1745 2310 1869 2364 Haec
1900 2308 2169 2378 signiﬁcat
2195 2322 2285 2360 ac-

716 2403 965 2459 cedentis
987 2405 1250 2458 modestia
1284 2404 1714 2471 reverentiaque,
1741 2410 1792 2455 et
1821 2400 1889 2454 ad
1915 2406 2280 2466 susceptorum

714 2495 982 2558 accessio,
1033 2497 1116 2549 cui
1170 2496 1357 2565 utique
1414 2496 1700 2548 character
1763 2489 2116 2560 imprimitur,
2165 2497 2284 2540 tan-

712 2601 875 2655 quam
908 2600 1121 2656 SIgnum
1169 2586 1340 2656 partis
1380 2585 1712 2640 baereditatis
1752 2583 1806 2636 in
1846 2581 2086 2644 Christo,
2113 2589 2168 2632 et
2203 2579 2283 2631 in-

711 2677 934 2745 scriptio
968 2677 1122 2731 litad
1161 2679 1359 2732 bonam
1405 2674 1722 2731 memoriam
1773 2672 1943 2742 ipsius
1991 2685 2054 2724 ac
2099 2683 2282 2723 susce-

711 2768 1129 2837 ptoris;ipsius
1196 2769 1435 2837 quidem,
1510 2775 1768 2832 tauquam
1845 2762 1957 2816 veri
2011 2763 2279 2814 bonorum

713 2858 971 2912 amatoris
1003 2875 1017 2922 ;
1049 2858 1384 2927 susceptoris
1432 2870 1561 2910 vero
1623 2863 1882 2922 tanquam
1905 2849 2144 2905 ductoris
2177 2849 2280 2902 mi-

711 2950 858 3002 nime
884 2949 1136 3001 errantis.

781 3038 809 3109 §
853 3037 918 3095 ν.
961 3039 1162 3092 Deinde
1206 3038 1339 3091 dicit
1383 3037 1449 3091 de
1489 3036 1720 3091 vestium
1761 3031 2116 3103 depositione.
2147 3032 2278 3086 Cum

710 3129 856 3182 enim
889 3143 996 3181 non
1028 3127 1188 3182 liceat
1231 3127 1392 3182 alicui
1441 3141 1651 3181 summe
1679 3125 2075 3180 contrariorum
2106 3123 2277 3192 parti-

711 3221 882 3289 cipem
915 3221 1205 3284 exsistere,
1235 3220 1489 3273 sanitatis
1511 3234 1565 3272 v.
1599 3225 1738 3288 g.’et
1760 3218 1955 3284 morbi,
1983 3227 2037 3271 et
2066 3217 2274 3285 peccati

708 3327 772 3367 ac
797 3312 1033 3377 virtutis,
1065 3320 1117 3366 et
1163 3311 1481 3381 ignorantiae
1530 3311 1969 3379 cognitionisque
2000 3311 2119 3373 Dei,
2146 3309 2280 3362 divi-

709 3418 821 3458 sam
843 3403 1007 3456 etiam
1035 3416 1258 3457 necesse
1290 3401 1451 3472 184
1480 3402 1551 3456 sit
1578 3402 1778 3455 habere
1817 3401 1980 3454 vitam
2005 3403 2094 3470 qui
2127 3411 2279 3454 utra-

707 3509 812 3564 que
838 3495 1208 3563 amplectitur,
1257 3503 1656 3563 proptereaque
1702 3493 1932 3547 liberum
1959 3508 2079 3548 esse
2118 3509 2278 3562 opor-

708 3594 818 3641 teat
840 3589 929 3656 qui
956 3587 1020 3641 ad
1051 3588 1277 3640 alteram
1332 3587 1497 3640 vitam
1552 3585 1902 3650 transfertur,
1949 3587 2155 3640 nullum
2197 3588 2280 3639 al-

706 3680 910 3735 lectum
942 3679 1226 3733 retinendo
1269 3678 1468 3748 prioris
1516 3677 1639 3732 vitae
1668 3693 1682 3743 ;
1714 3679 1915 3732 Idcirco
1941 3680 2030 3748 qui
2066 3677 2279 3732 adduci-

705 3781 813 3836 tur,
843 3772 1019 3826 nudus
1064 3771 1296 3825 sistitur.
1340 3770 1420 3824 Ad
1470 3770 1585 3824 haec
1629 3785 1780 3835 vero,
1806 3770 2063 3839 quoniam
2091 3771 2158 3823 ab
2181 3785 2278 3823 ex-

706 3863 896 3917 tremis
945 3862 1361 3930 minoribusque
1404 3860 1605 3930 prioris
1629 3861 1755 3916 vitae
1782 3859 2156 3916 allectionibus
2178 3863 2274 3916 ab-

705 3955 837 4008 solvi
867 3954 1048 4018 debet,
1078 3955 1144 4007 ad
1173 3963 1447 4007 extremos
1492 3969 1660 4023 usque
1708 3955 1873 4023 pedes
1901 3954 2063 4009 totius
2087 3969 2276 4023 corpo-

705 4047 780 4100 ris
807 4047 1139 4100 indumentis
1183 4046 1403 4101 exuitur
1433 4062 1449 4112 ;
1482 4054 1693 4116 spectat
1717 4057 1903 4101 autem
1931 4047 1999 4099 ad
2023 4046 2277 4100 occiden-

704 4145 833 4202 tem,
859 4138 1150 4191 obseurum
1182 4136 1332 4190 illum
1372 4135 1572 4203 locum,
1600 4145 1654 4190 et
1688 4137 2084 4192 tenebricosam
2111 4137 2274 4191 madi-

704 4229 839 4282 tiam
867 4229 1112 4297 expellit,
1145 4228 1478 4296 insitumque
1503 4227 1607 4282 sibi
1636 4229 1986 4298 malignitatis
2032 4230 2273 4286 habitum

702 4321 865 4385 emat,
911 4334 1144 4391 eumque
1168 4334 1198 4373 a
1235 4321 1400 4375 corde
1427 4335 1526 4376 suo
1569 4320 1732 4387 ejicit.
1781 4322 1960 4391 Atque
1983 4324 2082 4377 hoc
2112 4325 2274 4380 modo

701 4413 997 4468 universali
1023 4413 1496 4467 abrenuntiatioue
1524 4411 1666 4467 facta
1695 4412 1764 4467 ad
1791 4416 2056 4469 orientem
2088 4418 2273 4471 tradu-

2387 1948 2484 2018 τῆς
2537 1949 2685 2012 θείας
2745 1950 3030 2020 μεθέξεως.
3058 1953 3168 2006 Καὶ
3196 1952 3282 2006 διὰ
3325 1952 3421 2024 μὲν
3470 1954 3570 2024 τῆς
3621 1953 3971 2021 διδασκαλίας

2385 2041 2478 2093 ἐπὶ
2502 2040 2561 2092 τὸ
2594 2041 2795 2109 γνῶναι
2843 2043 3033 2096 ἑαυτὸν
3088 2043 3349 2113 βαδιεῖται
3400 2044 3470 2096 δι’
3511 2045 3701 2097 ἑαυτοῦ
3745 2045 3840 2097 ἐπὶ
3869 2045 3969 2100 τὸν

2385 2130 2549 2182 αὑτοῦ
2598 2131 2811 2201 πρῶτον
2831 2149 2844 2161 ο
2889 2132 2977 2184 διὰ
3004 2133 3060 2185 δὲ
3088 2133 3276 2185 τούτου
3305 2135 3394 2185 ἐπὶ
3424 2134 3513 2186 τὸν
3543 2135 3621 2186 ἐτι
3657 2135 3923 2205 πρότερον
3947 2150 3964 2166 ·

2387 2221 2481 2274 καὶ
2529 2219 2596 2273 δι’
2639 2221 2846 2273 ἐκείνου
2916 2222 3008 2274 ἐπὶ
3061 2222 3152 2276 τὸν
3208 2221 3511 2293 πρώτιστον
3573 2225 3965 2295 ἀναχθήσεται.

2385 2311 2568 2364 Ταῦτα
2603 2311 2800 2383 δηλοῖὴ
2826 2311 2920 2364 τοῦ
2963 2314 3275 2384 προσιόντος
3303 2315 3716 2386 ὲπιγνωμοσύνη
3757 2317 3851 2368 καὶ
3875 2315 3972 2368 εὐ-

2383 2403 2590 2467 λάϐεια,
2638 2404 2732 2456 καὶ
2757 2405 2790 2474 ἡ
2819 2403 2952 2474 πρὸς
3000 2405 3092 2458 τὸν
3146 2405 3399 2475 ἀνάδοχον
3447 2407 3724 2476 πρόσοδος,
3762 2400 3806 2473 ᾧ
3834 2407 3964 2480 δὴή

2385 2495 2620 2566 σφραγὶς
2656 2494 2873 2557 δίδοται,
2906 2495 2980 2558 ὼς
3013 2498 3238 2566 σημεῖον
3268 2496 3360 2549 τοῦ
3379 2497 3584 2567 κλήρου
3610 2497 3708 2566 τῆς
3733 2500 3789 2550 ὲν
3821 2500 3966 2570 Χρι-

2386 2582 2498 2655 στῷ
2550 2584 2784 2656 μερίδος,
2818 2586 2912 2638 καὶ
2937 2588 2970 2657 ἡ
2997 2586 3288 2657 ἀπογραφὴ
3315 2589 3669 2658 οἰκονομεῖται
3715 2592 3793 2654 είς
3826 2608 3967 2661 μνη·

2384 2676 2613 2747 μόσυνον
2660 2675 2877 2744 ἀγαθῶν
2917 2676 3079 2729 αὐτοῦ
3129 2694 3190 2729 τε
3240 2678 3332 2730 καί
3357 2679 3447 2730 τοῦ
3480 2681 3733 2749 ἀναδόχου
3754 2699 3765 2710 ·
3794 2681 3962 2734 αὐτοῦ

2385 2766 2504 2836 μὲν,
2539 2766 2614 2829 ὡς
2637 2765 2890 2837 ἀληθινοῦ
2918 2767 3024 2820 τῶν
3053 2767 3230 2821 καλῶν
3277 2770 3535 2840 ὲραστοῦ·
3568 2771 3660 2824 τοῦ
3685 2771 3740 2824 δὲ
3768 2769 3966 2826 ἀναδό-

2382 2873 2498 2930 χου,
2527 2856 2600 2919 ὠς
2629 2856 2898 2919 ἀπλανοῦς
2920 2857 3131 2927 ὁδηγοῦ.

2453 3045 2562 3119 §V.
2583 3046 2856 3100 Ἐντεῦθεν
2871 3046 3018 3115 λέγει
3038 3048 3279 3118 περὶτῆς
3294 3047 3496 3102 ἀπεκδύ
3506 3067 3657 3112 σεως.
3677 3049 3823 3104 Ἐπεὶ
3848 3052 3962 3124 γὰρ

2380 3139 2479 3193 οὐκ
2500 3138 2616 3193 ἐστι
2646 3143 2933 3209 μετασχεῖν
2957 3156 3077 3192 τινα
3100 3139 3206 3193 τῶν
3232 3140 3414 3212 ἄκρως
3448 3143 3720 3204 ἐναντίων,
3769 3145 3961 3210 ὑγείας

2381 3231 2622 3302 δηλονότι
2659 3232 2751 3285 καὶ
2798 3231 2975 3296 νόσου,
3030 3231 3121 3284 καὶ
3167 3230 3438 3303 ἁμαρτίας
3489 3235 3584 3286 καὶ
3615 3235 3834 3304 ἀρετῆς,
3859 3236 3962 3288 καὶ

2379 3322 2599 3391 ἀγνοίας
2630 3324 2721 3376 καὶ
2748 3321 3095 3391 θεογνωσίας,
3122 3321 3392 3391 ὲπείτοιγε
3416 3319 3515 3376 ¹καὶ
3540 3327 3797 3396 μεριστὴν
3826 3344 3964 3396 συμ-

2379 3413 2603 3484 ϐήσεται
2629 3414 2772 3485 ἔχειν
2813 3413 2910 3484 τὴν
2941 3413 3085 3484 ζωὴν
3113 3414 3202 3468 τὸν
3237 3416 3328 3467 καὶ
3358 3416 3682 3487 ἀμφοτέρων
3731 3418 3954 3487 ἀντεχός

2382 3524 2560 3578 μενον,
2591 3509 2681 3560 καὶ¹
2705 3507 2791 3561 διὰ
2821 3507 2974 3560 τοῦτο
3023 3506 3247 3576 ἄσχετον
3291 3502 3427 3560 εἶναι
3455 3509 3534 3560 δεῖ
3565 3509 3654 3560 τὸν
3681 3509 3813 3580 πρὸς
3835 3511 3962 3563 δευ-

2378 3601 2539 3671 τέραν
2574 3600 2718 3671 ζωὴν
2753 3597 3190 3670 μετατιθέμενον,
3245 3597 3512 3670 μηδεμίαν
3559 3600 3737 3670 σχέσιν
3763 3600 3960 3670 ἔχοντα

2379 3692 2514 3763 πρὸς
2563 3691 2661 3762 τὴν
2717 3691 2987 3762 προτέραν
3038 3692 3201 3762 ζωὴν,
3249 3691 3455 3762 γυμνὸς
3484 3693 3512 3745 ὁ
3547 3692 3959 3762 προσαγόμενος

2379 3784 2611 3835 ἵσταται.
2650 3776 2771 3835 ’Έτι
2803 3781 2878 3845 δὲ,
2908 3782 3028 3834 ἐπεὶ
3055 3781 3149 3834 καὶ
3194 3782 3355 3852 μέχρι
3398 3781 3503 3834 τῶν
3527 3782 3661 3853 πρὸς
3690 3783 3788 3852 τὴν
3820 3800 3958 3853 προ-

2376 3876 2541 3946 τέραν
2571 3875 2713 3946 ζωὴν
2739 3876 2981 3943 ἐσχάτων
3010 3876 3101 3927 καὶ
3147 3874 3482 3946 μικροτέρων
3532 3874 3766 3944 σχέσεων
3800 3874 3957 3943 ὀφεί-

2376 3967 2456 4020 λει
2483 3967 2832 4029 ἀπολύεσθαι,
2861 3967 2952 4018 καὶ
2974 3964 3042 4017 τά
3074 3969 3153 4027 εἰς
3176 3967 3305 4028 τοὺς
3343 3965 3508 4028 πόδας
3532 3964 3657 4028 τοὺς
3688 3964 3959 4034 ἐσχάτους

2375 4061 2494 4115 ὅλου
2518 4059 2611 4112 τοῦ
2637 4058 2884 4129 σώματος
2908 4057 3198 4128 φορήματα
3221 4055 3509 4109 ὑπολύεται
3533 4073 3546 4085 ·
3579 4055 3757 4127 ἀφορᾷ
3780 4057 3831 4108 δὲ
3855 4059 3958 4112 καὶ

2377 4153 2512 4224 πρὸς
2543 4152 2794 4222 δυσμαῖς,
2821 4150 2898 4221 τῷ
2919 4150 3160 4220 ἀλαμπεῖ
3187 4149 3356 4218 τόπῳ,
3390 4150 3484 4202 καὶ
3510 4149 3804 4203 ἀπωθεῖται
3847 4153 3957 4222 τὴν

2374 4243 2601 4313 ἀλαμπῆ
2653 4242 2869 4304 κακίαν,
2918 4242 3010 4295 καὶ
3060 4243 3122 4293 ὲκ
3163 4239 3257 4292 τοῦ
3316 4242 3560 4311 ὲμφυσᾷν
3604 4240 3705 4309 τῆς
3749 4241 3954 4306 κακίας

2372 4333 2469 4403 τὴν
2494 4332 2604 4398 ἕξιν
2639 4331 2876 4392 ὲκπνέει,
2910 4331 3002 4383 καὶ
3031 4331 3137 4384 ἀπὸ
3160 4331 3259 4400 τῆς
3282 4329 3469 4383 ἑαυτοῦ
3503 4331 3726 4401 καρδίας
3753 4332 3954 4386 ἐκϐάλ-

2373 4429 2471 4481 λει.
2504 4428 2611 4481 Καὶ
2652 4427 2821 4489 οὕτως
2865 4425 3056 4488 ὁλικῶς
3103 4425 3199 4495 τὴν
3246 4426 3525 4496 ἀποταγὴν
3561 4427 3950 4497 ποιησάμενος,

699 4505 861 4569 citur,
891 4505 959 4559 ad
984 4505 1124 4558 Solis
1165 4503 1391 4571 iustitiae
1435 4512 1650 4567 ortum,
1678 4515 1734 4561 et
1759 4506 1976 4562 totalem
2003 4509 2068 4562 ad
2098 4524 2264 4563 unum

2380 4517 2600 4588 πρὸςὲω
2633 4518 2942 4587 μετάγεται,
2985 4515 3083 4587 τὴν
3135 4517 3396 4588 ἀνατολὴν
3441 4516 3534 4569 τοῦ
3590 4518 3690 4587 τῆς
3741 4518 3953 4572 δικαιο-

701 4597 1110 4652 conversionem
1171 4597 1657 4667 proﬁteturzcum
1722 4608 1983 4667 praeterea
2038 4599 2266 4654 manife-

700 4699 844 4745 stum
871 4691 962 4753 sit,
1013 4688 1282 4742 initiatum
1311 4687 1362 4740 in
1405 4687 1754 4741 contentione
1782 4697 1835 4741 et
1860 4703 2034 4757 agone
2061 4690 2264 4743 versari

697 4784 918 4847 debere,
947 4791 1003 4835 ut
1032 4777 1528 4834 immutabilitatem
1552 4779 1819 4832 obtineat.
1851 4778 2068 4833 Declina
2099 4781 2263 4844 enim,

699 4878 895 4947 inquit,
923 4894 956 4930 a
996 4874 1161 4936 mala.
1185 4885 1232 4928 et
1277 4875 1362 4943 {ac
1385 4873 1575 4925 bonum
1602 4873 1677 4926 ι’.
1712 4873 1777 4926 Et
1826 4874 2019 4928 iterum
2050 4893 2062 4926 :
2111 4875 2265 4930 Beati

697 4972 1023 5025 imuaculati
1051 4976 1101 5023 in
1121 4971 1201 5022 via
1223 4971 1313 5039 qui
1338 4968 1608 5022 ambulant
1631 4978 1682 5020 θ’.
1710 4965 1916 5022 Bonum
1945 4971 2087 5022 enim
2115 4980 2262 5025 stare

699 5065 899 5131 nescit,
948 5078 1124 5133 neque
1190 5061 1350 5118 facile
1396 5071 1479 5116 est
1525 5061 1765 5115 divimun
1819 5076 2062 5116 amorem
2111 5062 2261 5116 cohi-

695 5158 848 5213 bere.

771 5251 800 5322 ς
841 5249 927 5305 Vl.
973 5249 1102 5304 Vide
1126 5245 1394 5318 quomodo
1420 5245 1522 5301 olei
1557 5244 1875 5299 inunctione
1923 5244 2168 5300 initiatus
2192 5245 2258 5300 ad

697 5344 996 5398 certamina
1040 5342 1363 5404 adducatur,
1402 5340 1503 5392 sub
1545 5338 1764 5393 Christo
1792 5337 2102 5392 munerario
2126 5353 2259 5392 con-

695 5436 937 5490 stitutus.
981 5431 1326 5488 Constructio
1372 5431 1488 5485 haec
1511 5440 1594 5484 est
1621 5443 1718 5497 per
1744 5429 2105 5498 hyperbaton,
2136 5444 2257 5483 cer-

697 5528 920 5593 tamina,
945 5528 1187 5597 quidem,
1213 5534 1401 5596 utpote
1449 5523 1654 5588 divina,
1685 5523 1839 5575 laetus
1886 5523 2253 5592 agg’redietur.

694 5618 1016 5674 lnercdie
1056 5629 1260 5684 autem,
1307 5631 1428 5670 cum
1479 5614 1848 5668 munerarium
1897 5613 2248 5682 appellaverit

767 5782 832 5836 Il
869 5781 1010 5835 Tim.
1036 5796 1106 5844 tv,
1142 5779 1225 5834 16.
1305 5777 1396 5832 1L‘l
1433 5778 1574 5833 Petr.
1619 5791 1699 5835 ιιι.
1734 5775 1820 5828 Η.

2374 4607 2538 4680 σύνης
2580 4607 2782 4670 Ἠλίου,
2814 4607 2905 4660 καὶ
2932 4605 3029 4676 τὴν
3064 4606 3202 4675 πρὸς
3232 4606 3292 4658 τὸ
3341 4605 3398 4659 ἓν
3440 4606 3623 4677 ὀλικὴν
3668 4606 3955 4664 σύννευσιν

2371 4699 2623 4771 ὁμολογεῖ
2641 4716 2652 4727 ·
2680 4699 2838 4752 πάλιν
2867 4699 2986 4750 ἐπεὶ
3022 4697 3178 4767 δῆλόν
3207 4699 3370 4760 ἐστιν,
3399 4696 3472 4760 ὡς
3494 4699 3549 4749 ὲν
3577 4698 3820 4769 συντονίᾳ
3847 4701 3958 4773 καὶ

2372 4791 2541 4860 ἀγῶνι
2563 4791 2644 4844 δεῖ
2672 4787 2808 4843 εἷναι
2849 4789 2938 4842 τὸν
2987 4788 3320 4859 τελούμενον,
3353 4790 3438 4841 ἵνα
3482 4791 3543 4842 τὸ
3589 4789 3954 4845 ἀναλλοίωτον

2373 4881 2491 4953 ἔχῃ.
2534 4883 2858 4935 Ἕκκλινον
2883 4883 2990 4949 γὰρ
3007 4881 3124 4933 ἀπὸ
3149 4881 3353 4945 κακοῦ,
3377 4880 3527 4951 φησὶ,
3559 4881 3654 4934 καὶ
3683 4884 3949 4949 ποίησον

2369 4973 2621 5042 ἀγαθόν·
2665 4973 2759 5024 καὶ
2808 4972 3000 5026 πάλινο
3048 4971 3333 5040 Μακάριοι
3383 4977 3436 5027 οἱ
3465 4973 3685 5042 ἄμωμοι
3709 4973 3778 5024 ὲν
3798 4972 3942 5040 ὁδῷ,

2368 5068 2423 5118 οἱ
2466 5065 2884 5133 πορευόμενοι·
2917 5065 3036 5117 οὐδὲ
3088 5064 3195 5136 γὰρ
3235 5066 3417 5118 στάσιν
3469 5061 3574 5117 οἶδε
3612 5064 3671 5117 τὸ
3714 5063 3944 5132 ἀγαθὸν,

2369 5157 2475 5209 οὐδ’
2501 5155 2693 5223 εὐαγές
2720 5173 2848 5208 ποτε
2889 5154 3042 5226 λῆξαι
3067 5157 3156 5209 τὸν
3187 5157 3326 5209 θεῖον
3352 5156 3546 5228 ἔρωτα.

2443 5247 2471 5319 §
2499 5245 2588 5300 Vl.
2619 5248 2760 5318 Ὅρα
2782 5246 2898 5310 πῶς
2922 5246 3009 5299 διὰ
3033 5248 3132 5317 τῆς
3173 5247 3264 5300 τοῦ
3293 5248 3467 5300 ὲλαίου
3521 5246 3750 5318 χρίσεως
3797 5245 3946 5316 πρὸς

2367 5337 2583 5406 ἀγῶνας
2645 5340 2836 5404 ἄγεται
2865 5339 2893 5389 ὁ
2921 5337 3261 5407 τελούμενος,
3285 5337 3404 5391 καθ’
3435 5336 3527 5401 οὓς
3555 5339 3642 5390 ὑπ’
3670 5335 3946 5412 ἀθλοθέτῃ

2362 5429 2581 5501 Χριστῷ
2606 5428 2912 5499 γενόμενος.
2948 5429 3144 5493 Σύνθες
3166 5429 3225 5481 τὸ
3249 5429 3409 5500 ῥητὸν
3433 5428 3553 5480 καθ’
3586 5426 3896 5499 ὑπερϐατόν
3923 5447 3939 5460 ο

2362 5525 2475 5585 τοῖς
2499 5523 2594 5592 μὲν
2620 5521 2843 5590 ἀγῶσιν,
2874 5521 2946 5584 ὠς
2978 5521 3166 5584 θείοις,
3209 5521 3411 5590 χαίρων
3455 5522 3788 5590 ὲπιῦήσεται.
3829 5522 3946 5575 Διὰ

2368 5615 2530 5684 μέσου
2561 5613 2635 5677 δὲ,
2667 5613 2788 5666 ἐπεὶ
2830 5613 3122 5683 ἀθλοθέτην
3175 5612 3396 5667 ἐκάλεσε
3424 5615 3516 5668 τὸν
3545 5612 3746 5680 Κύριον
3774 5614 3943 5680 ἡμῶν

1897 5783 1924 5823 .V
1948 5773 2089 5830 Psal.
2123 5789 2316 5832 cxvm.
2362 5776 2412 5828 l.
