4172 6304
153 343 248 407 ιιι

715 347 803 404 DE
834 347 1114 404 ECCLES.
1151 342 1548 406 HlEﬂARCH.,
1573 340 1726 398 CAP.
1764 341 1829 397 11.
1862 370 1935 383 -
1965 337 2313 395 PARAPHR.
2346 335 2814 394 PACHYMERE.

3274 336 3387 394 422

162 467 368 541 Ἰησοῦν
386 463 618 538 Χριστὸν
643 462 739 517 καὶ
762 461 1105 532 Θεὸν,’-δηλοϊ,
1133 459 1250 522 πῶς
1278 459 1374 528 μὲν
1404 453 1711 526 ἀθλοθέτης,

1819 453 2108 508 Dominum
2153 463 2400 508 nostrum
2442 450 2627 508 Iesum
2671 452 2959 509 Christum.
2977 466 3041 506 ac
3071 451 3258 515 Deum,
3287 453 3383 512 de-

153 564 268 626 πῶς
283 562 343 614 δὲ
366 557 681 630 νομοθέτης,
711 555 827 619 πῶς
859 552 1179 621 στεφοδὸτης
1202 548 1382 603 καλῶν
1405 545 1495 601 καὶ
1516 545 1718 616 ἀφθάρ-

151 669 257 707 των
288 652 582 719 στεφάνων,
613 645 728 708 πῶς
747 645 802 698 δὲ
829 644 922 697 καὶ
953 639 1370 710 συναγωνιστὴς,
1401 638 1558 691 οἱονεὶ
1582 635 1718 689 ἀλεί-

153 762 291 816 πτης
314 744 480 798 ἐστίν.
514 742 572 794 '0
601 740 776 794 τοίνυν
835 736 1041 808 Ἰησοῦς
1068 733 1316 806 Χριστὸς,
1361 733 1436 794 ὼς
1465 731 1559 801 μὲν
1587 729 1716 791 Θεὸς

153 835 266 910 (καὶ
310 836 612 907 σημείωσαι
664 832 724 884 τδ
775 830 933 901 ῥητὸν
980 826 1121 882 κατὰ
1180 820 1576 894 νεστοριανῶν,)
1626 821 1718 890 δη-

156 930 399 1000 μιουργεῖ
448 926 546 996 τὴν
593 923 928 983 ἀθλοθεσίαν,
957 920 986 971 6
1015 918 1122 990 γὰρ
1157 916 1436 988 ὑπερέχων
1487 914 1580 966 καὶ
1630 912 1718 963 δυ-

150 1023 398 1093 νάμενος,
455 1018 757 1072 ἁθλοθετεῖ·
793 1017 868 1078 ὠς
898 1015 954 1067 δὲ
996 1013 1157 1081 σοφὸς
1206 1010 1500 1080 νομοθετεῖ,
1550 1003 1714 1093 σοροῦ

152 1118 256 1189 γὰρ
284 1120 318 1188 ἡ
349 1114 656 1186 νομοθεσία,
706 1112 842 1181 ὅπερ
876 1109 1020 1162 ἐστὶν
1064 1108 1111 1159 εἰ
1153 1105 1293 1157 οὕτω
1348 1102 1505 1172 τυχὸν
1558 1117 1716 1170 περι-

151 1211 434 1280 γενήσεται
460 1208 488 1260 δ
521 1203 932 1274 ἀγωνιζόμενος,
976 1197 1116 1252 οὕτω
1164 1195 1415 1261 τεύξεται
1467 1192 1560 1246 τοῦ
1605 1207 1718 1244 στε-

152 1302 342 1371 φάνου,
376 1302 425 1353 εί
455 1299 527 1370 μὴ
551 1296 712 1357 οὓτω,
742 1294 803 1348 τὸ
828 1291 1079 1365 βραϐεῖον
1123 1293 1181 1344 οὐ
1225 1289 1483 1360 λήψεται·
1514 1287 1590 1348 ὡς
1618 1300 1718 1337 κα-

149 1395 235 1459 λὸς
266 1391 519 1448 καλλύνει
549 1389 618 1444 τὰ
647 1387 849 1442 ἔπαθλα
869 1403 882 1416 °
939 1387 1006 1439 "A
1030 1384 1139 1453 γὰρ
1162 1383 1485 1451 ἡτοίμασεν
1511 1382 1543 1432 ὀ
1574 1375 1717 1442 Θεὸς

148 1488 268 1554 τοῖς
295 1483 609 1555 ἀγαπῶσιν
642 1480 848 1542 αὑτὸν,
874 1478 1010 1532 οὔτε
1034 1475 1336 1544 ὀφθαλμὸς
1373 1472 1550 1532 εἶδεν,
1579 1470 1716 1523 οὔτε

147 1581 251 1646 οὖς
277 1578 565 1647 ἤκουσεν,
591 1575 726 1628 οὔτε
759 1571 855 1626 ἐπὶ
883 1569 1132 1636 καρδίαν
1163 1565 1470 1634 ἀνθρώπου
1499 1563 1679 1628 ἀνέϐη
1699 1575 1715 1591 ⁸

148 1673 219 1736 ὡς
244 1672 304 1724 δὲ
335 1669 537 1738 ἀγαθὸς
563 1666 746 1738 βοηθεῖ
795 1664 886 1716 καὶ
918 1659 1355 1726 συναγωνίζεται,
1403 1655 1562 1718 αὐτὸς
1603 1653 1712 1724 γάρ

148 1767 291 1818 ἐστιν
323 1767 350 1817 6
375 1762 577 1831 λέγων’
610 1757 909 1826 Θαρσεῖτε,
1124 1752 1412 1815 νενίκηκα
1468 1749 1574 1800 τὸν
1617 1746 1716 1798 κό-

145 1869 323 1924 σμον.
354 1827 590 1905 ’Δνωθεν
618 1850 747 1917 γοῦν
795 1846 1002 1919 ῥητέον,
1037 1841 1158 1897 καθ’
1189 1839 1301 1903 οὒς,
1341 1839 1429 1891 ὑπ’
1452 1837 1712 1908 ὰθλοθὲτῃ
1744 1827 1785 1880 Β
1815 1843 1868 1924 ετ
1898 1836 1919 1862 ²
1957 1844 1970 1878 :

143 1945 362 2018 Χριστῷ
387 1943 724 2012 γιγνόμενος,
749 1937 1075 1992 ἀποδώσεται
1105 1933 1239 2004 πρὸς
1267 1931 1439 1994 θείους
1472 1930 1706 1996 ἀγῶνας,

145 2039 244 2095 ὗπὺ
265 2028 534 2107 νομοθέτῃ
563 2033 788 2104 ὲμμενεῖ
829 2019 949 2094 ταῖς
986 2026 1082 2080 τοῦ
1134 2024 1296 2095 σοφοῦ
1350 2022 1706 2094 νομοθεσίαις,

142 2129 244 2182 ὑπὸ
293 2125 444 2196 καλῷ
494 2116 728 2195 ’βεϐαίως
762 2120 872 2185 ἕξει
898 2119 987 2174 διὰ
1008 2119 1076 2172 τὰ
1103 2117 1241 2173 καλὰ
1268 2115 1494 2176 ἔπαθλα,
1525 2114 1628 2166 ὑπὸ
1653 2113 1709 2164 δὲ

142 2218 330 2288 αγαθῷ
376 2215 730 2288 βοηθούμενος
779 2213 875 2282 οὐχ
926 2210 1300 2283 ήττηθήσεται.
1369 2205 1576 2268 Επιϐὰς
1604 2202 1711 2273 γὰρ

141 2312 249 2373 τοῖς
281 2307 452 2378 ἴχνεσι
481 2306 574 2360 τοῦ
602 2304 816 2377 πρώτου
843 2302 951 2356 τῶν
978 2299 1222 2371 ἀθλητῶν
1264 2298 1436 2369 Ἰησού
1475 2293 1709 2366 Χριστοῦ

141 2401 233 2453 τοῦ
256 2399 460 2469 Κυρίου
494 2400 668 2468 ἡμων,
693 2397 750 2459 ὃς
776 2393 866 2448 διὰ
896 2395 1061 2465 μόνην
1087 2391 1388 2461 ἀγαθὸτητα
1418 2388 1551 2441 ἰδίαν
1577 2385 1711 2456 πρὸς

140 2489 200 2544 τὸ
241 2489 340 2543 τοῦ
392 2490 619 2543 θανάτου
682 2486 982 2556 ἠγωνίσατο
1053 2485 1269 2554 κράτος,
1317 2481 1414 2544 τὰς
1465 2478 1710 2542 ζεναντίας

142 2580 288 2651 αὐτῷ
321 2580 455 2650 πρὸς
492 2580 590 2650 τὴν
617 2567 809 2630 θέωσιν
833 2574 1200 2636 ἀποστατικὰς
1227 2571 1504 2643 ἐνεργείας
1529 2586 1585 2621 τε
1617 2569 1711 2621 καὶ

145 2672 406 2742 ὑπάρξεις
434 2668 861 2733 καταπαλαίσας,
889 2665 1313 2735 συναποθνήσκει
1364 2658 1583 2731 Χριστῷ
1624 2656 1711 2711 διὰ

141 2763 242 2833 τῆς
264 2764 486 2834 τριττῆς
508 2761 873 2825 καταδύσεως,
903 2759 1071 2812 τύπον
1103 2755 1329 2826 ἐχούσης
1357 2754 1455 2822 τῆς
1482 2752 1708 2823 τριημέ-

146 2873 237 2926 ρου
287 2856 464 2922 mea;
512 2853 605 2905 τοῦ
651 2854 874 2922 Κυρίου.
936 2848 1243 2920 Ἐνεργείας
1299 2846 1355 2900 δὲ
1402 2844 1547 2911 λέγει
1611 2842 1709 2904 τὰς

142 2947 421 3019 ἁμαρτίας
446 2947 538 2999 καὶ
562 2945 659 3008 τὰς
685 2943 948 3015 ἐμπαθεῖς
979 2941 1290 3010 ἐπιθυμίας,
1350 2935 1609 3007 ὑπάρξεις
1631 2934 1706 2997 δὲ,

141 3040 238 3104 τὰς
277 3057 483 3092 τουτων
528 3034 881 3108 ὲνεργητικὰς
926 3034 1033 3087 τῶν
1081 3030 1344 3101 δαιμόνων
1388 3026 1612 3096 φύσεις·
1654 3026 1708 3078 αἱ

142 3135 248 3206 γὰρ
304 3131 543 3204 πονηραὶ
595 3128 819 3202 πράξεις
877 3128 975 3182 οὐκ
1024 3126 1082 3180 ὲν
1141 3124 1249 3194 ἰδίᾳ
1290 3120 1519 3193 ὑπάρξει
1571 3118 1705 3171 θεω-
1739 3163 1778 3219 C

143 3225 383 3297 ροῦνται.

215 3494 242 3566 §
279 3493 387 3547 VII.
432 3492 545 3546 Καί
582 3509 668 3562 μοι
698 3489 807 3543 νόει
854 3489 1035 3541 ἐκεῖνα
1079 3483 1148 3537 τὰ
1194 3482 1314 3553 ἱερὰ
1344 3481 1473 3550 ὅσην
1519 3477 1711 3530 οἰκειό-

135 3595 273 3658 τητα
324 3586 460 3656 πρὸς
495 3585 668 3638 ταῦτα
701 3581 771 3636 τὰ
815 3579 1055 3651 σύμϐολα
1088 3577 1316 3647 ἔχουσιν.
1355 3571 1570 3641 Ἐπειδὴ
1602 3569 1709 3640 γὰρ

136 3681 166 3734 6
195 3683 324 3752 παρ’
352 3682 483 3750 ἡμῖν
527 3677 750 3738 θάνατος
782 3675 880 3727 οὐκ
914 3673 1060 3724 ἔστιν
1104 3666 1408 3738 ἀνύπαρξία
1441 3664 1710 3734 παντελὴς

136 3751 285 3828 χατὰῗ
319 3773 382 3825 τὸ
421 3769 576 3836 δόξαν
616 3768 841 3838 ἑτέροις,
875 3765 1066 3826 οἵτινες
1103 3764 1195 3815 καὶ
1231 3761 1329 3830 τὴν
1360 3757 1537 3827 ψυχὴν
1572 3751 1708 3808 εἶναι

137 3864 338 3936 θνητὴν
365 3864 570 3930 ἔλεγον,
591 3862 683 3913 καὶ
706 3859 784 3921 εἰς
804 3859 864 3910 τὸ
897 3856 1116 3928 μηδαμῇ
1154 3851 1415 3923 μηδαμῶς
1449 3845 1585 3901 εἶναι
1617 3845 1709 3899 τὸν

137 3962 424 4032 ἄνθρωπον
496 3952 835 4024 φθείρεσθαυ
881 3950 994 4002 ἀλλ’
1033 3950 1147 4000 ἐστι
1197 3947 1464 4017 διάκρισις
1534 3944 1708 4014 ψυχῆς

136 4054 243 4108 ἀπὸ
279 4051 552 4121 σώματος,
577 4048 676 4116 τὴν
723 4045 820 4114 μὲν
850 4041 1021 4112 ψυχὴν
1055 4043 1134 4103 εἰς
1162 4041 1225 4091 τὸ
1255 4037 1455 4107 ἀφανὲς
1483 4035 1706 4103 ἄγουσα,

137 4144 301 4214 (κατὰ
325 4141 484 4194 τοῦτο
513 4137 621 4208 γὰρ
649 4133 743 4189 καὶ
777 4134 907 4204 ᾅδης
935 4129 1314 4201 λέγεται,τοῦτ’
1339 4128 1502 4190 ἔστιν,
1530 4131 1558 4182 6
1578 4129 1711 4196 ἀφα-

135 4239 229 4309 νὴς
258 4233 541 4307 χωρισμὸς
565 4231 740 4301 ψυχῆς
763 4229 868 4282 ἀπὸ
903 4224 1193 4296 sebum:qu
1220 4223 1278 4275 τὸ
1305 4221 1460 4292 σῶμα
1484 4221 1538 4274 δὲ
1568 4222 1599 4291 ἢ
1630 4224 1708 4285 εις

135 4329 236 4400 γῆν
269 4321 736 4398 παραπέμπουσα,
764 4320 797 4391 ἢ
827 4319 922 4372 καὶ⁸
948 4317 1065 4372 καθ’
1089 4316 1278 4386 ὲτέραν
1309 4314 1429 4367 τινὰ
1453 4313 1562 4367 τῶν
1600 4331 1707 4366 σω-

138 4418 384 4490 ματικῶν
412 4413 744 4469 ἀλλοιώσεων
775 4408 1123 4480 ἀφανίζουσα.
1168 4405 1496 4467 ’Λλλοιώσεις
1516 4405 1572 4457 δὲ
1600 4406 1707 4458 νόει

1818 546 1990 601 clarat
2020 547 2292 616 quomodo
2314 546 2690 610 munerarius,
2711 545 2982 614 quomodo
3007 545 3224 616 legifer,
3247 550 3384 615 quo-

1819 641 1979 693 modo
2020 640 2364 710 pulchrarum
2414 648 2470 694 et
2519 638 2907 694 immortalium
2958 652 3284 695 coronarum
3312 639 3386 692 sit

1818 731 2096 802 elargitor,
2145 732 2416 800 quomodo
2450 731 2626 786 etiam
2671 731 2971 794 commilito
2995 733 3066 786 sit
3110 740 3166 785 et
3212 729 3379 785 veluti

1820 824 2089 879 inunctor.
2116 821 2272 879 Jesus
2298 824 2482 892 itaque
2503 824 2774 888 Christus,
2804 832 3059 893 tanquam
3089 824 3233 878 Dens
3249 822 3384 892 ηιιί-

1820 917 1940 970 dem
1989 915 2152 985 (quod
2206 916 2432 970 observa
2503 915 2709 970 dictum
2759 923 2949 969 contra
3000 913 3380 984 Nestorianos)

1819 1006 2164 1073 praemiorum
2217 1005 2636 1074 propositionem
2667 1005 2927 1059 instituit
2955 1022 2968 1058 :
2995 1005 3085 1073 qui
3108 1007 3257 1059 enim
3285 1021 3379 1058 su-

1820 1098 2120 1166 pereminet
2168 1106 2220 1152 et
2242 1107 2432 1166 potens
2458 1104 2562 1157 est.
2593 1097 2638 1150 is
2664 1097 2886 1165 praemia
2936 1098 3191 1166 proponit
3217 1113 3230 1149 :
3263 1105 3384 1149 tan-

1819 1200 1982 1254 quam
2029 1187 2248 1254 sapiens
2299 1201 2428 1240 vero
2475 1185 2622 1255 leges
2673 1185 2820 1245 fert;
2855 1186 3113 1251 sapientis
3136 1185 3281 1240 enim
3305 1193 3387 1240 est

1819 1275 1962 1344 leges
1994 1274 2153 1337 ferre,
2184 1277 2242 1328 υι
2269 1275 2313 1328 si
2342 1291 2394 1330 ν.
2422 1290 2473 1343 g.
2519 1273 2623 1326 hoc
2669 1274 2830 1326 modo
2855 1273 3070 1326 vincere
3093 1272 3387 1344 contigerit

1819 1376 2136 1426 certantem.
2170 1367 2241 1419 ita
2284 1381 2498 1434 quoque
2548 1380 2805 1418 coronam
2857 1374 3246 1432 consequatur,
3297 1338 3381 1418 siit

1819 1472 1995 1520 secus,
2041 1458 2290 1513 bravium
2340 1470 2558 1524 quoque
2587 1471 2692 1509 non
2718 1456 3090 1523 adipiscatur:
3121 1461 3375 1522 tanquam

1818 1549 2043 1619 pulcher
2094 1559 2272 1602 autem
2326 1547 2550 1616 pulchra
2617 1546 3177 1615 praemia-praponit:
3223 1558 3384 1612 neque

1819 1643 1953 1694 enim
1998 1639 2178 1693 oculus
2227 1641 2573 1706 uidit,neque
2621 1639 2767 1690 attrit
2821 1638 3046 1701 audivit,
3090 1653 3180 1690 nec
3209 1636 3263 1688 in
3294 1651 3375 1687 cat

1819 1733 2041 1786 hominis
2079 1725 2310 1785 (iacenJit
2342 1749 2454 1800 qua:
2479 1732 2792 1798 prmparuvit
2849 1729 2990 1782 Deus
3043 1729 3379 1795 diligentibus

2017 1838 2273 1895 tanquam
2321 1825 2496 1878 bonus
2542 1837 2669 1875 vero
2698 1823 2798 1873 fert
2824 1821 3079 1872 auxilium
3109 1831 3160 1872 et
3186 1834 3374 1888 snppe-

1817 1920 1938 1987 tias,
1985 1921 2099 1989 ipse
2148 1920 2290 1974 enim
2343 1927 2428 1971 est
2473 1916 2562 1984 qui
2613 1914 2782 1968 dicit:
2813 1913 3096 1981 Conﬁdite,
3149 1930 3240 1980 ego
3274 1915 3374 1965 vici

1813 2015 2069 2066 mundum
2097 2023 2147 2064 ⁸.
2183 2013 2366 2063 Denuo
2394 2008 2554 2076 igitur
2582 2007 2892 2070 dicendum,
2922 2021 3042 2058 eum
3070 2005 3157 2072 qui
3187 2018 3379 2058 secun-

1814 2104 1938 2156 dum
1961 2105 2061 2156 hos
2087 2102 2185 2156 sub
2223 2099 2441 2154 Christo
2481 2098 2791 2150 munerario
2840 2096 3170 2150 consumtus
3195 2095 3259 2146 ad
3298 2094 3381 2144 di-

1815 2197 1939 2248 vina
1969 2193 2264 2248 certamina
2309 2202 2502 2245 exutus
2548 2189 2735 2248 fuerit,
2795 2188 2892 2257 qui
2951 2185 3274 2254 lt-gislatoris
3292 2199 3380 2236 sa-

1814 2286 2013 2355 pientis
2057 2282 2430 2337 sanctionibus
2480 2281 2786 2336 adllft'serll.
2826 2295 2852 2330 a
2901 2277 3122 2344 pulchro
3167 2288 3379 2342 quoque

1813 2378 2037 2447 pulchra
2067 2376 2291 2446 praemia
2321 2383 2472 2427 certo
2501 2383 2938 2430 consecuturum,
2987 2378 3040 2422 et
3066 2384 3093 2420 a
3123 2369 3260 2421 bono
3284 2366 3378 2418 ad-

1807 2474 2007 2542 jutum,
2055 2468 2277 2523 minime
2327 2467 2596 2520 devictum
2655 2461 2812 2535 185
2863 2465 2948 2517 iri.
3000 2461 3166 2516 Primi
3229 2460 3375 2514 enim

1812 2564 2141 2617 athletarum
2166 2560 2289 2616 Jesu
2321 2561 2520 2613 Christi
2576 2560 2785 2613 Domitii
2819 2558 2987 2611 nostri
3022 2555 3260 2624 vestigiis
3301 2555 3380 2606 in-

1813 2659 2037 2719 sistens,
2070 2657 2161 2725 qui
2209 2655 2326 2708 sola
2375 2653 2617 2706 bonitate
2664 2668 2758 2706 sua
2786 2667 2906 2704 cum
2936 2650 3124 2704 mortis
3153 2648 3379 2716 imperio

1814 2749 2116 2812 dimicavit,
2145 2747 2387 2800 actiones
2412 2745 2858 2813 substantiasque
2903 2743 3230 2796 deiticatioui
3264 2755 3379 2794 sum

1813 2841 2161 2896 adversantes
2192 2847 2566 2908 prosternens,
2619 2837 2838 2890 Christo
2883 2837 3244 2889 commoritur
3277 2847 3375 2900 per

1815 2935 2081 3003 triplicem
2135 2931 2560 2996 imrnersionem,
2596 2945 2715 2999 quae
2763 2928 3024 2982 triduana:
3076 2925 3372 2994 sepultura:

1816 3026 2025 3080 Domini
2064 3024 2287 3094 ﬁguram
2322 3023 2506 3076 refert.
2556 3023 2808 3075 Actiones
2836 3027 3017 3073 autem
3043 3027 3218 3081 vocat,
3246 3031 3377 3084 pec-

1815 3128 1934 3170 cata
1972 3116 2404 3185 cupiditatesque
2449 3112 2788 3165 turbulentas
2819 3127 2833 3169 :
2866 3107 3199 3163 substantias
3229 3121 3377 3172 vero,

1815 3211 2120 3264 dzemonum
2155 3218 2396 3268 naturas,
2423 3219 2544 3272 quae
2584 3202 2885 3257 istiusmodi
2912 3199 3104 3268 agendi
3140 3199 3246 3252 vim
3284 3199 3381 3251 ha»

1814 3303 1982 3358 bent:
2016 3300 2274 3367 improba:
2319 3301 2463 3351 enim
2516 3293 2759 3349 actiones
2807 3308 3146 3362 nequaquam
3173 3292 3223 3343 in
3253 3305 3373 3356 pro—

1814 3395 1932 3464 pria
1960 3409 2054 3447 sua
2086 3390 2388 3446 substantia
2414 3391 2686 3442 videntur.

1885 3485 1912 3557 §
1949 3486 2052 3538 VII.
2085 3483 2400 3546 Considera,
2428 3494 2628 3548 qumso,
2664 3480 2762 3532 ista
2791 3487 3153 3537 sacramenta,
3193 3491 3371 3545 quan-

1819 3590 1925 3630 tam
1955 3592 2076 3631 cuin
2109 3574 2372 3644 symbolis
2400 3575 2509 3626 suis
2538 3572 2920 3639 proprietatem
2964 3569 3214 3622 habeant.
3237 3567 3370 3628 Cum

1811 3672 1955 3724 enim
1987 3671 2039 3722 in
2065 3669 2218 3722 nobis
2266 3681 2410 3721 mors
2442 3681 2549 3719 non
2596 3664 2667 3719 sit
2709 3664 3016 3716 omnimodo
3058 3662 3374 3716 substantiae

1814 3761 2052 3821 abolitio,
2085 3762 2162 3814 uti
2207 3759 2529 3828 quibusdam
2578 3757 2782 3826 placet,
2821 3757 2913 3826 qui
2942 3757 3106 3810 etiam
3139 3757 3372 3811 animam

1814 3853 2096 3908 mortalem
2144 3868 2284 3916 esse,
2340 3853 2724 3918 hominemque
2775 3851 2988 3919 penitus
3032 3850 3097 3902 ad
3147 3848 3370 3902 nihilum

1815 3946 1978 4014 redigi
2002 3954 2056 3999 et
2078 3943 2353 4011 corrumpi
2389 3942 2702 3996 asserebant
2725 3959 2738 4005 ;
2761 3940 2853 3994 sed
2884 3938 3153 4007 separatio
3179 3937 3376 3992 animat

1811 4054 1840 4092 a
1871 4051 2113 4106 corpore,
2154 4035 2387 4088 animam
2417 4033 2632 4101 quidem
2662 4031 2727 4084 ad
2755 4031 2804 4085 id
2835 4030 2974 4099 quod
3001 4028 3157 4082 nobis
3185 4029 3374 4082 obscu-

1812 4144 1929 4183 rum
1975 4136 2059 4182 est
2102 4128 2307 4182 ducens
2350 4125 2520 4193 (juxta
2576 4124 2716 4194 quod
2766 4120 2926 4176 etiam
2969 4122 3054 4175 ille
3096 4123 3288 4174 animae
3341 4135 3370 4173 a

1810 4235 2036 4289 corpore
2065 4219 2334 4273 discessus
2370 4216 2502 4286 ᾅδης
2529 4230 2624 4271 selt
2647 4214 2903 4285 infernus,
2932 4211 2982 4267 id
3013 4221 3093 4266 est
3123 4212 3370 4266 obscurus

1810 4311 2027 4380 dicitur)
2058 4325 2254 4376 corpus
2306 4323 2432 4361 vero
2473 4304 2557 4363 vel
2606 4315 2758 4359 terrae
2811 4305 3105 4369 mandans,
3145 4303 3231 4355 vel
3268 4304 3370 4357 alia

1809 4405 2063 4475 quapiam
2107 4401 2374 4472 corporali
2418 4400 2799 4454 immutatione
2832 4398 3070 4451 abolens.
3111 4396 3368 4448 lmmuta-

132 4484 231 4576 τὰς
257 4507 656 4578 είςνσκὼληκας
677 4506 770 4557 καὶ
795 4505 872 4566 είς
895 4502 1026 4556 ἄλλα
1054 4499 1264 4568 ζωΰφια
1298 4497 1711 4569 μεταστοιχειώ-

1818 4497 1994 4548 tiones
2022 4501 2202 4547 autem
2233 4501 2392 4545 vocat
2417 4489 2540 4543 illas
2567 4502 2686 4557 qua
2730 4489 2782 4541 in
2837 4500 3047 4540 vermes
3097 4485 3250 4551 ﬁunt,
3281 4484 3364 4539 vel

137 4621 246 4667 σεις
272 4602 369 4656 τοῦ
394 4599 675 4668 ’σώματος’
701 4595 788 4649 διὰ
813 4593 970 4647 τοῦτο
1008 4595 1041 4662 ἡ
1073 4591 1225 4661 ὑλικὴ
1259 4591 1354 4642 τοῦ
1391 4590 1578 4652 ὓδατος
1604 4590 1704 4643 κά-

131 4695 288 4765 λυψις
309 4694 414 4765 τὴν
438 4690 689 4759 τοιαύτην
711 4685 882 4741 ἀϊδίαν
905 4679 1004 4754 τῆς
1032 4699 1090 4736 τε
1129 4682 1305 4752 ψυχῆς
1344 4683 1435 4733 καὶ
1476 4680 1568 4734 τοῦ
1599 4680 1704 4732 σώ-

136 4802 324 4857 ματος,
358 4782 600 4855 δηλονότι
631 4780 721 4832 τὸν
754 4779 985 4832 θάνατον’
1021 4774 1338 4846 παραδηλοῖ.
1367 4773 1474 4824 Καὶ
1506 4773 1625 4825 ἐπεὶ
1646 4773 1706 4824 ὲν

131 4878 307 4951 τρισὶν
346 4876 602 4948 ἡμέραις,
636 4873 728 4925 καὶ
753 4873 807 4923 ὲν
843 4869 988 4941 τρισὶ
1029 4867 1173 4931 νυξὶν
1204 4869 1262 4920 ἐν
1299 4870 1359 4937 τῇ
1401 4866 1575 4936 κοιλίᾳ
1604 4865 1699 4934 τῆς

131 4971 230 5041 τῆς
262 4972 291 5023 6
333 4965 636 5038 ζωαρχικδς
677 4961 882 5035 Ἰησοῦς
923 4960 1121 5031 ἔμεινε,
1152 4958 1246 5011 ’διὰ
1286 4960 1381 5029 μὲν
1407 4958 1514 5010 τῶν
1537 4955 1702 5026 τριῶν

129 5058 478 5118 καταδύσεων
512 5056 568 5108 αἱ
606 5056 753 5126 τρεῖς
799 5052 991 5114 νύκτες
1038 5048 1499 5120 παραδηλοῦνται·
1536 5044 1626 5098 διὰ
1650 5045 1706 5097 δὲ

130 5153 236 5207 τῶν
264 5149 437 5224 τριῶν
469 5147 773 5202 ἀναδύσεων
803 5145 858 5197 αἱ
882 5145 1028 5212 τρεῖς
1049 5140 1272 5211 ἡμέραι.

201 5336 230 5408 §
265 5331 408 5391 VIII.
470 5330 630 5401 Ἑξῆς
679 5330 733 5382 δὲ
770 5326 1031 5398 φωτοειδῆ
1079 5323 1266 5394 ἱμάτια
1310 5323 1337 5374 6
1381 5319 1700 5390 τελούμενος

131 5431 492 5502 ἀμφιέννυται
526 5425 614 5478 διὰ
645 5424 706 5477 τὸ
747 5422 953 5484 ἀπαθὲς
996 5420 1088 5472 καὶ
1112 5417 1451 5488 ape-5mm,
1481 5413 1575 5467 καὶ
1602 5414 1700 5482 τὴν

134 5519 268 5594 πρὸς
296 5521 362 5575 τὸ
406 5520 462 5572 ἓν
494 5517 610 5586 φῶς
652 5515 950 5574 σύννευσιν,
1001 5509 1119 5564 καθ’
1154 5510 1219 5579 ἢν
1249 5510 1276 5559 6
1307 5506 1547 5576 ῥυπαρὸς
1591 5504 1701 5572 βίος

132 5614 221 5668 καὶ
249 5614 493 5683 ἄκοσμος
538 5609 630 5662 καὶ
671 5605 906 5667 ἀνείδεος
933 5603 1094 5657 οἱονεὶ
1128 5599 1393 5665 δυσειδὴς,
1420 5595 1557 5660 (οῦδὲ
1586 5595 1693 5665 γὰρ

202 5801 224 5828 ⁸
251 5791 272 5847 l
299 5793 426 5846 Cor.
459 5805 523 5856 ιι,
553 5788 609 5844 9.
687 5799 712 5826 ι
745 5785 897 5841 Joan.
933 5800 1044 5849 xu,
1085 5783 1172 5836 55.

1814 4584 2016 4641 similes
2058 4583 2113 4636 in
2151 4581 2252 4634 alia
2304 4577 2894 4644 animalcula'corporis
2938 4573 3370 4628 transformatio~

1815 4691 1939 4739 nes;
1991 4675 2247 4743 quocirca
2299 4673 2460 4725 etiam
2514 4670 2698 4726 totalis
2746 4669 2850 4724 ista
2895 4682 3047 4735 aquae
3093 4668 3368 4739 coopertio

1814 4766 2114 4822 istiusmodi
2147 4775 2459 4835 perpetuam
2501 4763 2695 4816 anima:
2743 4760 3092 4831 corporisque
3142 4771 3365 4815 mortem

1813 4859 2101 4928 signiﬁcat.
2134 4857 2198 4912 Et
2237 4857 2493 4925 quoniam
2521 4856 2695 4910 tribus
2731 4854 2920 4909 diebus
2956 4868 3019 4907 ac
3065 4852 3237 4906 tribus
3269 4867 3364 4906 no.

1811 4954 1987 5006 ctibus
2019 4950 2176 5006 Jesus
2207 4951 2295 5020 qui
2321 4949 2443 5004 vita:
2485 4951 2738 5018 princeps
2774 4955 2875 5010 est,
2906 4947 2957 4998 in
2991 4955 3178 4998 ventre
3209 4953 3363 4997 terra:

1808 5045 2107 5114 permansit
2132 5057 2268 5113 ,‘per
2298 5051 2408 5096 tres
2448 5041 2662 5110 quidem
2707 5039 3098 5100 immersiones,
3134 5046 3241 5089 tres
3271 5051 3365 5088 no—

1811 5145 1960 5200 ctes,
1991 5151 2088 5204 per
2134 5146 2245 5192 tres
2285 5144 2463 5190 autem
2508 5132 2866 5193 emersiones,
2902 5137 3012 5183 tres
3056 5129 3173 5182 dies
3221 5127 3365 5183 desi-

1806 5237 2058 5296 guantur.

1873 5315 2049 5388 §\"lll.
2075 5314 2329 5370 Candidis
2358 5312 2550 5367 deinde
2571 5309 2908 5366 vestimentis
2931 5307 3172 5361 initiatus
3197 5307 3366 5361 indui-

1807 5421 1913 5470 tur,
1943 5419 2166 5476 propter
2199 5407 2507 5474 passionum
2541 5417 2603 5456 ac
2645 5402 2882 5456 sordium
2921 5397 3279 5461 vacuitatem,
3310 5408 3362 5450 et

1803 5516 1922 5552 cum
1959 5515 2066 5552 uno
2100 5499 2301 5551 lumine
2341 5496 2788 5558 consensiOnem,
2829 5507 2922 5561 per
2951 5507 3111 5561 quam
3145 5490 3360 5544 sordida

1811 5604 1862 5646 ct
1901 5592 2174 5647 immunda
2212 5589 2580 5660 informisque
2606 5589 2714 5643 vita
2746 5586 2897 5658 quasi
2935 5583 3213 5656 disparuit.
3245 5581 3360 5638 Non
