4162 6304
192 406 301 462 ωε

1207 407 1293 461 DE
1325 404 1603 462 ECCLES.
1640 402 2040 469 HIERARCH.,
2084 401 2235 458 CAP.
2278 402 2363 458 Ill.

3297 403 3399 460 4‘26

190 519 670 592 τελεσιουργοὺσης
702 518 862 574 αὑτοῦ
894 520 991 593 τὴν
1031 522 1166 594 πρὸς
1197 521 1328 576 Θεὸν
1367 522 1666 577 κοινωνίαν.
1692 524 1749 575 El

1785 528 1830 585 Α
1859 520 2121 576 mantium
2166 518 2546 587 mysteriorum
2582 517 2721 572 dono
2755 520 2989 574 divinam
3028 519 3128 588 ipsi
3158 519 3400 574 conferat

188 614 372 665 τοίνυν
412 614 614 682 ἑκάστη
654 611 763 664 τῶν
806 613 1131 684 ίεραρχικῶν
1156 616 1405 677 τελετῶν,
1430 616 1622 686 ἀτελὴς
1656 614 1754 685 μὲν

186 699 326 756 οὖσα
346 703 413 766 ⁸⁸,
431 704 529 773 τὴν
549 702 683 773 πρὸς
704 702 761 754 τὸ
782 701 838 755 ἓν
860 704 892 773 ὴ
901 702 1016 772 μῶν
1040 706 1319 757 κοινωνίαν
1346 708 1437 758 καὶ
1458 706 1670 772 σύναξιν
1694 708 1752 759 οὑ

186 795 647 871 τελεσιουργήσει,
670 794 762 847 καὶ
780 794 839 846 τὸ
863 790 1000 847 εἶναι
1018 794 1204 867 τελετή
1229 797 1313 849 διὰ
1328 798 1386 849 τὸ
1409 797 1685 850 ἀτέλεστον
1711 800 1750 830 ⁶¹

188 886 517 957 ἀφῃρημένη
536 902 548 914 ·
576 885 638 937 τὸ
666 885 722 937 δὲ
762 885 912 947 τέλος
940 888 1154 958 ἀπάσης
1176 889 1218 919 ⁸³
1238 890 1330 941 καὶ
1370 888 1430 940 τὸ
1466 888 1754 957 κεφάλαιον

188 980 225 1049 ἠ
265 978 376 1029 τῶν
419 978 719 1050 θεαρχικῶν
768 981 1077 1051 μυστηρίων
1123 981 1199 1051 τῷ
1237 982 1537 1053 τελουμένῳ
1589 982 1753 1053 μετά-

188 1069 359 1131 δοσις,
393 1069 610 1132 εἰκότως
640 1071 672 1138 ή
699 1070 983 1141 ίεραρχικὴ
1018 1072 1226 1135 σύνεσις
1273 1073 1580 1144 ἐπωνυμίαν
1617 1070 1751 1145 αὐτῇ

190 1165 387 1235 κυρίαν
416 1165 480 1217 ὲκ
518 1165 614 1235 τῆς
645 1162 752 1216 τῶν
806 1164 1159 1236 πραγμάτων
1197 1166 1448 1237 ἀληθείας
1495 1166 1749 1237 ἐφεῦρεν⁸

188 1255 338 1307 οὓτω
372 1253 435 1325 δὴ
490 1256 582 1308 καὶ
633 1254 731 1326 τὴν
770 1243 925 1328 ἱεράν
973 1256 1071 1325 τῆς
1125 1256 1459 1325 θεογενεσίας
1503 1257 1748 1327 τελετὴν,

188 1343 380 1413 ἐπειδὴ
410 1343 623 1415 πρώτου
665 1344 837 1412 φωτὸς
869 1344 1209 1413 μεταδίδωσι,
1252 1345 1343 1397 καὶ
1387 1344 1571 1397 πασῶν
1610 1345 1751 1395 ἐστιν

189 1434 340 1503 ἀρχὴ
379 1432 486 1485 τῶν
533 1432 689 1485 θείων
734 1428 1103 1501 φωταγωγιῶν
1123 1472 1137 1496 ,
1184 1433 1248 1486 ὲκ
1294 1432 1384 1485 τοῦ
1435 1431 1749 1502 τελουμένου

190 1522 292 1593 τὴν
321 1522 491 1593 ἀληθῆ
530 1521 624 1575 τοῦ
657 1524 998 1593 φιιγτίσματος
1025 1522 1334 1593 ἐπωνυμίαν
1374 1522 1664 1594 ὑμνοῦμεν.
1688 1523 1751 1574 El

190 1613 305 1685 γὰρ
347 1616 440 1667 καὶ
472 1596 603 1668 πᾶσι
650 1614 826 1667 κοινὸν
873 1618 984 1677 τοῖς
1032 1614 1355 1685 ἱεραρχικοίς
1385 1615 1429 1647 ⁸⁸
1470 1615 1530 1667 τὸ
1575 1613 1751 1683 quasi);

192 1704 346 1776 ἱεροῦ
398 1705 729 1775 μεταδιδόναι
778 1708 888 1768 τοῖς
936 1705 1306 1776 τελουμένοις,
1357 1705 1468 1758 ἀλλ’
1510 1704 1645 1776 αὕτη
1692 1704 1751 1757 τὸ

191 1793 428 1866 πρώτως
465 1797 661 1868 ⁵⁸,ίδεῖν
697 1796 1005 1867 ἐδωρήσατό
1040 1813 1147 1867 μοι,
1186 1797 1275 1849 καὶ
1316 1795 1403 1847 διὰ
1430 1794 1521 1847 τοῦ
1552 1796 1750 1865 ταύτης

190 1888 765 1959 ἀρχικωτάτουφωτδς
795 1892 884 1942 ἐπὶ
908 1889 1006 1959 τὴν
1039 1888 1147 1941 τῶν
1181 1888 1223 1920 ⁸⁵
1250 1883 1421 1938 ἄλλων
1441 1886 1604 1957 ἱερῶν
1623 1889 1749 1940 ἐπο-

187 1978 326 2048 ψίαν
356 1980 789 2052 φωταγωγοῦμαι
838 1983 903 2033 ⁵⁸.
944 1980 1124 2033 Ταῦτα
1149 1981 1204 2033 δὲ
1233 1980 1491 2044 εἰπόντες,
1526 1982 1752 2033 ἀνασκε-

186 2068 422 2140 ψώμεθα
448 2072 538 2124 καὶ
567 2070 865 2141 κατίδωμεν
905 2070 1230 2143 ίεραρχικῶς
1258 2071 1353 2142 τὴν
1384 2071 1499 2124 καθ’
1528 2072 1751 2125 ἕκαστον

134 2176 147 2193 ε
186 2158 396 2230 ἀκριΘῆ
427 2160 525 2230 τῆς
563 2161 869 2232 ἁγιωτάτης
901 2160 1121 2231 τελετῆς
1152 2160 1458 2232 ἱερουργίαν
1493 2160 1584 2212 καὶ
1618 2159 1752 2212 θείη-η

194 2267 337 2319 ριαν.

265 2443 332 2498 ΙΙ.
369 2446 714 2514 Μυστήριον
742 2447 1070 2514 συνάξεως,
1111 2450 1311 2503 εἷτουν
1356 2455 1679 2521 κοινωνίας.

275 2558 335 2609 Ὁ
367 2558 465 2627 μὲν
488 2560 763 2630 ίεράρχης,
795 2562 956 2632 εὐχὴν
988 2562 1138 2634 ἱερὰν
1164 2564 1254 2617 ἐπὶ
1278 2565 1369 2618 τοῦ
1398 2566 1536 2619 θείου
1564 2568 1745 2622 θυσια-

190 2649 417 2719 στηρίου
464 2649 712 2716 τελέσας,
762 2651 819 2717 ἐξ
854 2652 1013 2705 αὑτοῦ
1066 2654 1156 2707 τοῦ
1189 2654 1382 2726 θυμιᾷν
1428 2657 1745 2728 ἀρξάμενος,

186 2742 288 2795 ἐπὶ
324 2742 497 2793 πᾶσαν
528 2741 741 2812 ἔρχεται
769 2743 868 2813 τὴν
895 2744 987 2797 τοῦ
1018 2747 1161 2818 ἱεροῦ
1194 2748 1370 2819 χωροῦ
1393 2748 1433 2779 ⁸⁷
1466 2756 1743 2822 περιοχὴν·

188 2832 464 2896 ἀναλύσας
496 2832 552 2885 δὲ
577 2833 735 2887 πάλιν
764 2836 854 2888 ἐπὶ
880 2836 940 2888 τὸ
972 2836 1111 2889 θεῖον
1148 2837 1541 2912 θυσιαστήριον,
1568 2843 1745 2914 ἀπάρ-

188 2940 347 2995 χεται
376 2924 472 2994 τῆς
502 2926 649 2994 ἱερᾶς
679 2925 785 2977 τῶν
815 2927 1043 2998 ψαλμῶν
1088 2929 1367 3000 μελῳδίας,
1421 2934 1745 3004 συνᾳδοὺσης

186 3016 345 3085 αὑτῷ
374 3018 471 3088 τὴν
497 3016 772 3088 ψαλμικὴν
802 3019 847 3050 ⁸⁸
876 3020 1171 3090 ἱερολογίαν
1195 3022 1408 3093 ἀπάσης
1429 3023 1526 3090 τῆς
1548 3026 1739 3095 ἐκκληο

187 3108 910 3181 σιαστικῆςδιακοσμήσεως.
930 3110 1083 3181 Ἑξῆς
1100 3112 1156 3163 δὲ
1190 3111 1275 3185 διὰ
1298 3113 1403 3165 τῶν
1424 3113 1740 3186 λειτουργῶν

1858 612 2310 667 communionem.
2336 610 2546 676 Quare,
2583 611 2628 663 si
2659 610 2904 679 quaelibet
2934 611 3397 665 ltierarchicarnut

1855 703 2328 760 consecrationum
2359 702 2672 769 imperfecta
2702 709 2900 764 manet,
2933 703 3055 754 dum
3086 702 3252 755 nostri
3277 716 3401 755 cum

1856 792 1944 846 illo
1965 806 2071 846 uno
2099 792 2525 845 communionem
2552 790 2909 857 uniunemque
2936 805 3038 843 non
3060 792 3271 858 perﬁcit
3297 790 3402 846 hoc

1854 884 1970 952 ipso
2000 882 2139 951 quod
2160 896 2263 934 non
2287 879 2584 949 perficitur,
2621 879 2930 949 perficiendi
2960 879 3065 932 vim
3109 883 3398 947 amittens;

1854 972 1975 1027 ﬁnis
1997 982 2173 1025 autem
2192 971 2434 1025 omnium
2451 981 2531 1024 est
2549 981 2601 1024 et
2619 980 2798 1039 caput,
2816 980 2871 1023 ut
2889 984 3007 1023 eum
3026 971 3115 1038 qui
3137 973 3396 1037 iuitiatur,

1852 1066 2249 1134 prtecipuorum
2295 1063 2385 1117 Dei
2421 1065 2795 1133 mysteriorum
2832 1064 3145 1133 participem
3184 1063 3397 1132 efﬁciat,

1854 1156 1977 1226 jure
2008 1155 2201 1209 merito
2258 1152 2580 1223 pontificalis
2630 1154 2853 1208 scientia
2906 1155 3182 1222 proprium
3234 1155 3308 1209 illi
3367 1173 3399 1210 ιι

1854 1261 2031 1299 rerum
2057 1245 2281 1300 veritate
2299 1258 2493 1297 nomen
2514 1244 2786 1298 adinvcnit
2812 1263 2824 1297 ς
2853 1245 2922 1297 ita
2942 1260 3159 1314 quoque
3181 1260 3397 1302 sacram

1853 1334 2044 1390 divina:
2090 1334 2512 1406 regenerationis
2545 1333 2931 1397 initiationem,
2983 1339 3122 1405 quod
3171 1338 3397 1407 primam

1852 1429 2023 1482 lucem
2068 1427 2329 1491 conferat,
2362 1422 2711 1494 Omniumque
2750 1427 3048 1481 divinarum
3084 1428 3401 1484 illustratio-

1852 1534 1977 1573 num
1996 1519 2314 1588 principium
2337 1517 2534 1571 existat
2552 1555 2568 1577 ,
2586 1531 2652 1570 ex
2668 1516 2859 1571 eﬂ‘cctu
2881 1533 3003 1571 vero
3025 1519 3398 1575 illustratimii's

1854 1615 2067 1663 nomine
2115 1609 2474 1663 celebramus.
2537 1609 2793 1673 Quamvis
2846 1610 2991 1662 enim
3058 1611 3219 1663 etiam
3280 1611 3399 1667 aliis

1854 1698 2210 1752 hierarcbicis
2264 1698 2633 1761 {unctionibus
2686 1713 2969 1753 commune
3021 1699 3110 1765 sit,
3161 1715 3252 1755 eos
3306 1704 3398 1770 qui

1859 1790 2140 1843 initiantur
2190 1802 2358 1843 sacra:
2405 1790 2542 1843 lucis
2588 1799 2869 1843 consortes
2920 1788 3129 1857 facere;
3164 1802 3399 1847 attamen

1780 1858 1822 1912 Β
1851 1882 1965 1935 hcce
1992 1881 2079 1933 illa
2135 1890 2216 1933 est
2261 1896 2377 1947 quae
2417 1881 2645 1948 primum
2698 1880 2824 1933 mihi
2860 1882 3032 1934 visum
3082 1882 3394 1951 impertivit,

1850 1986 2053 2040 perque
2115 1971 2255 2023 illius
2310 1970 2481 2024 lucem
2552 1972 3000 2038 principaliorcrn
3065 1973 3131 2025 ad
3205 1986 3399 2027 cetera

1852 2077 2064 2131 quoque
2113 2077 2268 2115 sacra
2331 2061 2630 2113 contuenda
2695 2060 2875 2113 lumen
2927 2062 3154 2131 accipio.
3206 2062 3401 2117 llisita

1851 2158 2192 2219 constitutis,
2246 2157 2653 2210 consideremus
2712 2164 2766 2207 et
2843 2157 3184 2218 intueamur,
3252 2174 3401 2213 more

1852 2248 2209 2309 hierarchico,
2239 2246 2534 2315 quemlibet
2581 2257 2826 2299 exaCtum
2870 2246 3193 2300 sanctissimi
3246 2248 3399 2315 hujus

1849 2344 2169 2392 sacramenti
2197 2339 2351 2391 ritum
2383 2347 2435 2390 ct
2460 2338 2921 2407 signiﬁcationem.

2004 2452 2063 2506 ll.
2104 2452 2406 2521 Mysterium
2429 2468 2704 2521 synaxeos,
2730 2470 2816 2504 seu
2847 2455 3242 2506 Communiom's.

1914 2566 2163 2621 Pontifex
2209 2580 2421 2632 precem
2453 2578 2661 2619 sacram
2696 2565 2766 2623 ad
2813 2565 2980 2620 altare
3025 2566 3116 2620 Dei
3158 2566 3396 2620 celebra-

1850 2665 2023 2725 turus,
2056 2659 2121 2712 ab
2166 2656 2406 2725 ejusdem
2444 2656 2716 2712 suﬂitione
2764 2658 2973 2711 initium
3017 2656 3239 2722 faciens,
3274 2659 3395 2711 uni-

1852 2764 2067 2803 versum
2122 2748 2313 2802 circuit
2361 2748 2511 2803 chori
2556 2748 2854 2811 ambitum;
2889 2750 3057 2802 donec
3092 2763 3299 2801 rursum
3330 2751 3396 2803 ad

1847 2839 2021 2893 altare
2079 2839 2317 2892 divinum
2365 2839 2611 2902 rediens,
2662 2852 2871 2891 sacrum
2908 2839 3022 2890 infit
3066 2838 3397 2906 psalmorum

1848 2929 2037 2992 melos,
2071 2928 2216 2982 omni
2253 2927 2442 2980 ordine
2474 2925 2841 2980 ecclesiastico
2872 2941 3081 2980 sacram
3125 2927 3220 2994 ipsi
3251 2929 3397 2996 psal-

1846 3020 2079 3074 modiam
2133 3019 2470 3073 succinente.
2506 3017 2608 3071 Per
2660 3016 2934 3070 ministros
2982 3019 3174 3073 exinde
3206 3034 3396 3073 conse~

1844 3119 2074 3184 quenter
2113 3124 2390 3163 sacrarum
2442 3109 2843 3178 Scripturarum
2894 3109 3051 3162 lectio
3098 3110 3391 3176 recitatur;

186 3195 223 3264 ἡ
242 3194 353 3247 τῶν
376 3196 719 3267 ἁγιογράφων
742 3198 936 3252 δέλτων
958 3200 1256 3268 ἀνάγνωσις
1285 3203 1585 3268 ἀκολούθως
1604 3206 1744 3273 γίνε-

1780 3207 1812 3263 [1
1845 3212 1948 3266 qua
1977 3198 2126 3251 finita
2149 3239 2164 3265 ,
2195 3213 2351 3252 sacro
2382 3199 2582 3262 ambitu
2633 3210 2886 3252 arcentur
2915 3200 3311 3262 catecltumeni,
3340 3209 3396 3254 et

182 3300 299 3336 ται·
321 3284 411 3337 καί¹
430 3284 565 3356 μετά
583 3288 783 3350 ταύτας
798 3286 899 3351 ἔξω
920 3289 1189 3355 γίγνονται
1207 3287 1303 3359 τῆς
1328 3292 1475 3360 ἱερᾶς
1492 3295 1744 3364 περιοχῆς

181 3374 236 3425 οἱ
278 3376 687 3447 κατηχούμενοι,
732 3380 822 3431 καὶ
878 3381 1011 3448 πρὸς
1054 3382 1229 3445 αὐτοῖς
1282 3384 1329 3434 oi
1377 3386 1745 3456 ὲνεργούμενοι

185 3464 288 3515 καὶ
316 3465 364 3514 οί
411 3468 467 3518 ὲν
498 3468 751 3537 μετανοίᾳ
793 3469 973 3529 ὄντες,
1017 3468 1232 3538 μένουσι
1258 3468 1311 3521 δὲ
1353 3472 1400 3521 oi
1446 3472 1541 3542 τῆς
1587 3472 1742 3525 θείων

182 3558 418 3627 ὲποψίας
453 3559 547 3611 καὶ
588 3559 868 3620 κοινωνίας
901 3558 1056 3622 ἄξιοι.
1099 3560 1217 3612 Τῶν
1252 3560 1570 3631 λειτουργῶν
1601 3564 1655 3615 δὲ
1692 3565 1739 3615 oi

186 3652 293 3721 μὲν
315 3652 499 3702 ἑστᾶσι
529 3649 677 3720 παρὰ
701 3648 797 3712 τὰς
822 3648 914 3701 τοῦ
955 3649 1097 3720 ἱεροῦ
1132 3650 1299 3714 πύλας
1330 3653 1738 3724 συγκεκλεισμέ-

184 3761 310 3805 νας,
339 3743 388 3793 οἱ
415 3741 470 3793 δὲ
491 3740 614 3795 ἄλλο
634 3758 686 3793 τι
708 3740 814 3812 τῶν
844 3740 941 3809 τῆς
963 3742 1163 3802 οἰκείας
1189 3741 1387 3806 τάξεως
1412 3744 1493 3794 ὲνε
1504 3744 1737 3815 ργοῦσιν.

182 3834 249 3885 Οἱ
279 3832 335 3884 δὲ
376 3833 476 3901 τῆς
514 3831 885 3901 λειτουργικῆς
917 3831 1322 3903 διακοσμήσεως
1369 3833 1601 3904 ἔκκριτοι
1648 3838 1743 3888 σὺν

179 3926 300 3987 τοῖς
330 3922 564 3993 ἱερεῦσιν
588 3923 680 3974 ἐπὶ
710 3922 804 3974 τοῦ
839 3921 979 3974 θείου
1014 3922 1387 3994 θυσιαστηρίου
1433 3925 1740 3994 προτιθέασι

179 4014 277 4066 τὸν
306 4013 445 4077 ἱερὸν
475 4002 637 4083 ἄρτον
676 4013 768 4065 καὶ
793 4012 853 4063 τὸ
890 4013 987 4082 τῆς
1014 4012 1257 4080 εὐλογίας
1284 4015 1551 4084 ποτήριον,
1585 4032 1741 4087 προο-

185 4102 575 4175 μολογηθείσης
602 4103 705 4155 ὑπὸ
756 4104 949 4165 παντὸς
991 4103 1083 4155 τοῦ
1125 4105 1220 4173 τῆς
1272 4106 1558 4176 ἐκκλησίας
1604 4108 1739 4178 πλη-

182 4191 437 4265 ρώματος
479 4192 573 4263 τῆς
601 4191 891 4260 καθολικῆς
924 4192 1257 4263 ὑμνολογίας.
1281 4194 1421 4265 Πρὸς
1446 4188 1525 4257 οἷς
1548 4197 1575 4247 ὁ
1601 4196 1739 4259 θεῖος

184 4283 448 4354 ίεράρχης
479 4284 637 4353 εὐχὴν
671 4277 833 4354 ’ἱερὰν
867 4284 1024 4347 τελεῖ,
1071 4286 1160 4337 καὶ
1199 4284 1294 4355 τὴν
1323 4286 1479 4353 ἁγίαν
1522 4288 1736 4357 εἰρήνην

180 4375 359 4429 ἆπασι
388 4373 711 4443 διαγγέλλει·
745 4374 856 4435 καὶ,
873 4374 1268 4445 ἀσπασαμένων
1291 4375 1545 4445 ἀλλήλους
1567 4378 1736 4430 ἁπάν-

178 4483 313 4528 των,
358 4468 390 4536 ὴ
440 4465 669 4536 μυστικὴ
694 4465 802 4518 τῶν
844 4464 999 4535 ἱερῶν
1043 4465 1256 4535 πτυχῶν
1286 4466 1577 4536 ἁνάρρησις
1615 4468 1731 4520 ἑπι-

1847 3302 1967 3341 cum
2000 3288 2065 3342 iis
2100 3289 2443 3357 energumeni
2482 3304 2547 3342 ac
2590 3291 2933 3358 pcenitentes,
2978 3290 3081 3343 illis
3130 3290 3219 3358 qui
3257 3292 3394 3343 divi-

1846 3393 2036 3433 norum
2083 3390 2299 3447 aspectu
2332 3388 2384 3433 et
2424 3380 2798 3433 communione
2845 3381 2990 3448 digni
3041 3388 3165 3433 sunt
3216 3397 3393 3435 reuna—

1845 3472 2115 3525 nentibus.
2153 3469 2322 3525 Porro
2375 3471 2748 3545 ministrorum
2793 3471 3008 3539 quidem
3058 3473 3148 3526 alii
3181 3473 3384 3528 clausis

1845 3559 2027 3627 templi
2062 3559 2269 3613 foribus
2313 3561 2591 3623 assistunt,
2641 3561 2731 3614 alii
2770 3577 2897 3616 vero
2948 3562 3087 3615 aliud
3119 3564 3389 3632 quidpiam

1843 3652 1984 3721 quod
2018 3652 2087 3705 sit
2118 3650 2324 3725 ordinis
2356 3652 2440 3706 sui
2470 3663 2659 3720 agunt.
2687 3650 2787 3717 Qui
2829 3661 3003 3706 autem
3039 3654 3091 3707 in
3118 3656 3389 3708 ministro-

1842 3757 1961 3797 rum
2007 3744 2193 3798 ordine
2222 3742 2427 3812 primas
2470 3752 2693 3807 tenent,
2726 3759 2832 3797 una
2855 3759 2977 3798 cun:
3027 3747 3389 3802 sacerdotibus

1843 3832 2019 3885 divino
2058 3830 2214 3886 altari
2270 3846 2459 3900 panem
2514 3847 2726 3886 sacrum
2784 3833 3113 3903 calicemque
3164 3836 3388 3890 benetlio

1841 3921 2035 3975 ctionis
2085 3922 2389 3990 imponunt,
2419 3922 2485 3975 ab
2512 3924 2765 3977 universa
2828 3924 3157 3989 plenitudine
3196 3924 3386 3981 Eccle-

1842 4012 1934 4065 sia:
1975 4010 2136 4079 188
2170 4011 2440 4064 communi
2471 4011 2806 4081 liytnnologia
2830 4013 3123 4079 prmmissa.
3157 4013 3236 4067 Ad
3272 4015 3387 4069 Iuno

1841 4102 2055 4156 divinus
2088 4100 2330 4171 pontifex
2366 4116 2573 4155 sacram
2608 4102 2818 4170 peragit
2846 4102 3231 4169 preCationcm,
3258 4118 3386 4156 san-

1843 4204 2091 4261 ctamque
2128 4192 2343 4246 cunctis
2376 4204 2563 4261 pacem
2586 4199 2930 4260 apprecatur;
2966 4199 3019 4244 et
3046 4191 3170 4243 dum
3199 4206 3385 4247 omnes

1847 4285 2069 4337 invicem
2093 4282 2486 4352 amplexantur,
2510 4280 2733 4350 mystica
2758 4295 3033 4335 sacrorum
3057 4281 3383 4336 voluminum

1848 4374 2089 4429 recitatio
2119 4374 2324 4427 linitur.
2359 4372 2491 4427 Tum
2524 4373 2649 4427 lotis
2678 4386 2813 4440 aqua
2838 4373 3083 4426 manibus
3114 4371 3381 4441 pontificis

1846 4478 1909 4517 ac
1944 4463 2313 4527 sacerdotum,
2346 4460 2583 4531 pontifex
2609 4461 2772 4515 divini
2811 4460 2993 4514 altaris
3042 4461 3216 4516 medio
3245 4464 3381 4516 assi-

176 4558 435 4609 τελεῖται.
455 4557 579 4618 Καὶ,
601 4555 906 4625 νιψαμένων
934 4553 1031 4617 τὰς
1060 4558 1243 4624 χεῖρας
1262 4554 1408 4607 ὕδατι
1434 4554 1525 4606 τοῦ
1561 4556 1739 4626 ίεράρ-

1780 4547 1811 4600 D
1841 4554 1955 4617 Stit,
1984 4552 2461 4606 circumstantibus
2503 4551 2652 4605 illum
2697 4548 2825 4604 solis
2862 4550 3229 4604 ministrorum
3266 4552 3380 4618 pri-

178 4663 280 4715 χου
318 4648 411 4698 καὶ
456 4644 563 4697 τῶν
609 4646 813 4716 ἱερέων,
842 4646 870 4697 ὁ
918 4644 1011 4714 μὲν
1056 4646 1309 4716 ἱεράρχης
1348 4647 1404 4696 ὲν
1451 4645 1597 4715 μέσῳ
1639 4646 1729 4697 τοῦ

178 4736 328 4789 θείου
360 4735 732 4807 θυσιαστηρίου
779 4734 1119 4799 καθίσταται,
1152 4737 1460 4806 περιεστᾶσι
1498 4736 1551 4788 δὲ
1586 4736 1731 4806 μόνοι

181 4828 325 4900 μετά
354 4827 462 4881 τῶν
509 4830 695 4898 ἱερέων
732 4830 779 4880 oi
826 4828 931 4881 τῶν
976 4828 1295 4899 λειτουργῶν
1341 4827 1594 4899 ἔκκριτοι.
1625 4829 1731 4879 Καὶ

175 4918 279 4980 τὰς
308 4919 456 4987 ἱεράς
494 4917 776 4988 θεουργίας
802 4921 829 4969 ὁ
865 4917 1116 4988 ίεράρχης
1157 4919 1399 4988 ὑμνήσας
1422 4920 1485 4984 °°,
1527 4919 1730 4988 ἱερουρ-

176 5010 269 5075 γεῖ
292 5006 363 5059 τὰ
388 5007 649 5069 θειότατα,
676 5009 766 5060 καὶ
800 5008 889 5061 ὑπ’
918 5007 1040 5077 ὄψιν
1064 5009 1184 5076 ἄγει
1222 5008 1291 5061 τὰ
1329 5010 1608 5079 ὑμνημένα
1645 5007 1730 5060 διὰ

173 5098 290 5151 τῶν
320 5099 478 5169 ἱερῶς
517 5098 886 5170 προκειμένων
924 5099 1202 5169 συμϐόλων
1221 5118 1233 5130 ·
1265 5103 1356 5154 καὶ
1387 5104 1483 5165 τὰς
1526 5100 1730 5171 δωρεὰς

174 5190 287 5242 τῶν
313 5188 603 5260 θεουργιῶν
631 5190 929 5256 ὑποδείξας,
963 5192 1040 5254 είς
1066 5191 1342 5244 κοινωνίαν
1385 5193 1558 5247 αὑτῶν
1585 5195 1731 5265 ἱερὰν

174 5282 340 5346 αὑτός
366 5300 424 5335 τε
466 5283 697 5354 ἔρχεται,
724 5284 812 5338 καὶ
848 5284 970 5346 τοὺς
995 5282 1183 5348 ἀλλους
1210 5286 1586 5358 προτρέπεται.
1617 5288 1730 5341 Με-

1838 4648 2076 4702 moribus
2107 4662 2211 4700 una
2243 4661 2367 4701 cum
2406 4643 2796 4700 sacerdotibus.
2825 4641 2994 4698 Porro
3020 4641 3107 4696 ubi
3143 4642 3377 4710 pontifex

1836 4748 2179 4795 sacrosancta
2224 4737 2315 4792 Dei
2366 4751 2588 4791 munera
2638 4734 2993 4801 collaudavit,
3046 4733 3374 4788 divinissima

1836 4838 2115 4883 consecrat
2143 4828 2423 4897 mysteria,
2457 4840 2575 4895 qua:
2607 4825 2766 4879 etiam
2795 4823 3061 4879 celebrata
3103 4825 3203 4878 sub
3229 4838 3373 4895 sym-

1834 4920 1970 4976 bolis
2018 4928 2368 4975 sacrosancte
2416 4918 2709 4989 propositis
2758 4919 2811 4971 in
2867 4925 3138 4985 aspectum
3185 4916 3367 4981 ducit;

1835 5014 2196 5080 exltibitisque
2240 5011 2541 5065 divinorum
2567 5023 2787 5079 operum
2830 5008 3139 5062 muneribus
3186 5007 3252 5060 ad
3280 5022 3369 5061 sa-

1832 5112 2165 5159 crosanctam
2252 5101 2584 5156 corumdem‘
2643 5100 3180 5155 communicationem
3248 5115 3368 5153 cum

1834 5197 2062 5269 ipsemet
2090 5193 2318 5259 accedit,
2349 5200 2463 5247 tum
2502 5199 2723 5247 caeteros
2759 5191 2970 5244 invitat.
3013 5191 3243 5258 Accepta
3278 5191 3369 5244 de-

1832 5287 1995 5357 nique
2017 5284 2247 5355 dataque
2274 5285 2452 5340 divina
2474 5282 2844 5337 communione
2867 5282 2919 5334 in
2940 5286 3148 5336 sacram
3173 5281 3368 5335 desinit

1430 5464 1659 5521 VARle
1696 5463 2091 5521 LECTIONES.

248 5604 294 5683 ξ’
319 5603 579 5683 μένουσα,
611 5603 665 5683 S:
705 5606 896 5683 [λι-(ΙΙΙ.
928 5616 980 5683 et
1011 5607 1140 5683 Bud.
1172 5609 1240 5661 ita
1267 5608 1530 5683 correxit.
1608 5604 2054 5683 ⁶¹ιὰτελέσῖατορη
2083 5597 2145 5683 [2:
2170 5596 2281 5677 Sc._
2314 5596 2381 5683 7“
2408 5592 2797 5683 thZiO'RKP-LP:
2824 5593 2931 5683 Ch‘;
3067 5594 3366 5683 FiA‘féPifai

174 5675 285 5745 τοῖς
310 5650 705 5745 ἀλλοιςκόινόν,
734 5677 919 5745 (ΣΙιηει
944 5676 1024 5742 ν.;
1056 5680 1183 5730 πᾶσι
1207 5681 1314 5740 τοῖς
1340 5676 1515 5739 ἄλλοις
1543 5675 1713 5745 κοινὸν
1742 5676 1839 5744 ίερ.
1966 5670 2023 5722 Ρ.
2042 5650 2054 5662 1
2103 5666 2147 5696 ⁸⁵
2172 5665 2403 5745 πρῶτογὶ
2447 5668 2530 5745 ,Μρ
2561 5650 2649 5745 έςο
2699 5665 2841 5745 βπλ
2888 5664 2931 5695 ⁸⁵
2956 5664 3087 5745 ῖξρᾷς
3112 5650 3363 5745 τὴνῖτῶν,

179 5742 239 5815 9-
272 5746 395 5815 δίη·
469 5743 514 5773 ⁸⁸
541 5743 1007 5815 χειραγωγοῦμαι,
1036 5749 1092 5802 S.
1128 5748 1185 5801 Β.
1260 5749 1300 5778 ⁶⁷
1330 5749 1647 5814 interpretes
1675 5744 1763 5798 Sc.
1797 5742 1851 5796 et
1878 5744 2019 5805 Sun,

176 5810 236 5865 S.
268 5814 325 5866 Β.

462 5902 701 5963 Parum.
753 5899 868 5959 Gn.
912 5900 1016 5962 Ill.

2079 5732 2261 5805 χοροῦ.
2361 5737 2402 5767 ⁸⁸
2432 5732 2774 5803 ψαλμοδικήν,
2805 5734 2862 5787 Ρ.
2959 5734 3000 5764 ⁶⁹
3028 5732 3360 5803 ὑπομνήσας,

3020 5896 3089 5955 ιι
