4172 6304
781 368 880 423 427

1947 373 2000 425 5.
2042 370 2339 428 DlONYSll
2391 372 2851 431 AREOPAGITXE

3901 389 4010 443 428

783 486 1073 553 gratiarum
1130 484 1443 546 actionem;
1496 482 1802 554 populoque
1868 484 2050 541 divina
2123 496 2332 541 tantum
2365 494 2410 549 Α

2365 494 2410 549 Α
2438 488 2652 558 τασχὼν
2672 490 2728 542 δὲ
2754 493 2843 543 καὶ
2874 492 3130 560 μεταδοὺς
3154 496 3250 564 τῆς
3274 493 3567 566 θεαρχικῆς
3594 500 3895 563 κοινωνίας,
3926 505 4008 564 εἰς

784 574 1021 645 symbola
1072 583 1391 637 contuente,
1432 574 1545 643 ipse
1601 590 1812 643 semper
1852 575 2055 645 Spiritu
2108 579 2328 643 divino,

783 681 878 733 per
934 666 1114 721 beatas
1162 681 1223 721 ac
1271 668 1535 736 spiritales
1577 669 2085 737 contemplationes,
2131 671 2332 725 liierar-

784 757 939 811 cliice
987 758 1052 808 ad
1105 768 1447 812 sacrosancta
1508 758 1890 828 mysteriorum
1946 762 2233 826 primordia
2286 765 2336 813 in

781 846 942 901 divini
977 856 1149 902 status
1180 848 1414 917 puritate
1446 848 1683 901 ducitur.

1293 1156 1376 1211 Ill.
1417 1156 1813 1226 Contemplatio.

2441 579 2783 649 εὐχαριστίαν
2830 581 2975 652 ἱερὰν
3024 584 3337 655 καταλήγει,
3382 586 3489 638 τῶν
3535 587 3742 640 πολλῶν
3788 590 3887 659 μὲν
3927 593 4008 655 είς

2444 673 2575 740 μόνα
2600 672 2665 724 τὰ
2704 673 2819 725 θεῖα
2863 672 3103 743 σύμὸολα
3144 677 3599 746 παρακυψάντων,
3645 678 3808 731 αὐτοῦ
3835 681 3891 733 δὲ
3918 682 4010 735 ἀεὶ

2438 763 2513 831 τῷ
2553 763 2823 833 θεαρχικῷ
2867 765 3141 835 Πνεῦματι
3179 768 3311 836 πρὸς
3350 766 3447 830 τὰς
3487 769 3645 836 ἀγίας
3686 770 3793 823 τῶν
3817 773 3996 826 τελου-

2442 856 2615 923 μένων
2645 855 2815 925 ἁρχάς
2857 858 2911 906 ἐν
2959 858 3242 927 μακαρίοις
3284 859 3374 910 καὶ
3412 864 3621 928 νοητοῖς
3660 862 3704 891 ⁷⁰
3736 857 4008 932 θεάμάσιν

2441 947 2763 1016 ίεραρχικῶς
2792 949 2847 998 ὲν
2875 947 3201 1019 καθαρότητι
3240 951 3336 1018 τῆς
3365 950 3625 1013 θεοειδοῦς
3665 950 3831 1016 ἕξεως
3875 956 4007 1005 ἀναν

2438 1039 2686 1107 γομένου.

3039 1157 3128 1207 Ill.
3171 1152 3405 1224 Θεωρία]

2330 1315 2428 1392 ει.

847 1455 1086 1524 Agedum
1141 1472 1292 1525 ergo,
1342 1458 1506 1525 probe
1562 1460 1677 1522 lili,
1732 1468 1849 1527 post
1896 1459 2096 1529 ﬁguras
2146 1459 2332 1513 ordine

776 1558 1067 1615 sancteque
1099 1548 1356 1617 digestas,
1404 1549 1719 1603 deiformem
1761 1534 2206 1620 primigeniorum
2240 1565 2331 1603 ve-

778 1641 991 1694 ritatem
1044 1640 1112 1692 iis
1164 1642 1252 1707 qui
1310 1642 1486 1693 adhuc
1560 1642 1840 1695 initiantur
1899 1642 2212 1707 declarabo,
2264 1642 2329 1694 ad

775 1747 963 1785 eorum
1001 1733 1218 1785 animos
1244 1748 1482 1802 congrue
1518 1734 1865 1798 excitandos;
1900 1749 1964 1787 ne
2006 1735 2215 1787 diversa
2246 1732 2329 1786 illa

777 1822 1137 1892 symbolorum
1181 1836 1333 1875 sacra
1382 1822 1699 1889 compositio
1751 1822 1879 1890 ipsis
1912 1821 2138 1888 insipida
2191 1820 2332 1889 (inu-

2505 1456 2672 1526 Δεῦρο
2698 1456 2759 1526 δὴ
2788 1450 2901 1515 οὖν,
2929 1449 2973 1506 ὦ
3000 1457 3098 1505 παῖ
3121 1454 3271 1517 καλὲ,
3304 1456 3436 1524 μετά
3462 1454 3557 1518 τὰς
3584 1456 3794 1518 εἰκόνας
3824 1458 3881 1508 ὲν
3904 1457 4002 1509 τά-

2437 1549 2514 1612 ξει
2542 1549 2633 1600 καὶ
2672 1546 2829 1617 ίερῶς
2871 1546 2961 1598 ἐπὶ
3001 1544 3097 1615 τὴν
3138 1546 3340 1616 θεοειδῆ
3381 1545 3488 1599 τῶν
3525 1548 3844 1618 ἀρχετύπων
3870 1550 4002 1621 ἀλή-

2436 1640 2604 1700 θειαν,
2636 1639 2810 1689 ἐκεῖνο
2845 1640 2955 1699 τοῖς
2980 1636 3057 1688 ἔτι
3083 1636 3471 1707 τελειουμένοις
3496 1639 3539 1668 ⁷¹
3567 1640 3644 1700 είς
3683 1638 4001 1708 ἐναρμόνιον

2436 1727 2612 1779 αὐτῶν
2639 1726 2993 1795 ψυχαγωγίαν
3040 1724 3206 1778 είπὼν
3234 1728 3297 1789 ⁷³,
3328 1726 3401 1789 ὡς
3443 1727 3559 1778 οὐδὲ
3582 1727 3686 1779 τῶν
3716 1728 4000 1797 συμᾶῦλων

2436 1823 2467 1889 ἡ
2499 1818 2710 1888 ποικίλη
2738 1820 2828 1870 καὶ
2857 1817 2975 1889 ἱερά
3001 1816 3242 1879 σύνθεσις
3283 1819 3503 1887 ἀνόητος
3535 1819 3580 1850 ⁷³
3618 1821 3797 1882 αὐτοῖς
3824 1820 4003 1891 ὑπάρ-

778 1914 906 1980 tilis)
935 1914 1152 1975 existat,
1186 1914 1229 1968 si
1283 1915 1843 1998 eneriorenltantum
1871 1922 2187 1982 apparatum
2216 1926 2326 1980 pra!
2358 1915 2402 1970 B

2358 1915 2402 1970 B
2428 1929 2530 1983 χει,
2565 1912 2720 1982 μέχρι
2755 1908 2861 1962 τῶν
2890 1910 2932 1939 ⁷⁸
2956 1911 3110 1973 ἐκτὸς
3139 1910 3431 1980 φαινομένη
3465 1912 3639 1979 μόνον.
3662 1913 3724 1963 Αἱ
3756 1912 3853 1981 μὲν
3887 1912 4002 1982 γὰρ

776 2020 833 2058 se
868 2004 1024 2058 ferat.
1066 2006 1143 2060 Ac
1169 2006 1533 2060 sacratissima
1575 2006 1789 2075 quidem
1837 2005 2170 2072 cloquiorum
2200 2019 2327 2057 can-

776 2094 878 2147 tica
912 2107 967 2148 et
996 2094 1255 2149 lectiones
1280 2098 1460 2163 proba:
1487 2096 1629 2163 ipsis
1656 2095 1890 2147 innuunt
1929 2094 2048 2147 vitae
2090 2093 2320 2161 discipli—

774 2198 918 2248 nam,
950 2193 1003 2236 et
1036 2199 1155 2251 quze
1185 2185 1323 2236 hanc
1359 2183 1638 2251 prmcedit,
1670 2182 2034 2237 omnimodam
2066 2195 2330 2251 corrupta:

772 2274 1055 2340 pravitatis
1113 2274 1526 2340 expiationem:
1587 2272 1921 2327 divinissima
1982 2287 2111 2327 vero
2174 2272 2330 2327 unius

772 2364 1122 2432 ejusdemque
1177 2379 1300 2417 cum
1330 2367 1483 2434 panis
1514 2374 1625 2418 tum
1678 2363 1867 2419 calicis
1912 2366 2217 2419 communis
2263 2379 2328 2419 ac

774 2458 1006 2526 pacifica
1053 2457 1419 2525 participatio,
1471 2457 1708 2509 divinam
1744 2456 1809 2509 iis
1862 2471 2067 2510 morum
2116 2454 2329 2510 confor-

773 2551 1055 2612 mitatem,
1116 2559 1376 2616 tauquam
1429 2547 1814 2611 connutritiis,
1849 2548 2180 2616 praescribit;
2232 2562 2330 2602 nec

775 2655 878 2694 non
909 2654 1078 2694 coenae
1109 2639 1459 2693 divinissimae
1504 2648 1661 2708 atque
1690 2639 2100 2709 asclilsymbolze
2135 2648 2333 2708 myste-

772 2731 977 2783 riorum
1020 2732 1212 2783 horum
1271 2740 1681 2784 sacrosanctam
1736 2731 2033 2785 introducit
2091 2745 2332 2785 comme-

774 2822 1182 2887 morationem;
1232 2820 1387 2889 cujus
1440 2823 1605 2877 etiam
1665 2822 1890 2891 ipsemet
1958 2822 2325 2891 symbolarum

773 2922 963 2967 auctor
1013 2911 1135 2979 jure
1178 2912 1528 2965 meritissimo
1580 2920 1820 2966 exortem
1871 2911 2001 2967 facit
2046 2927 2189 2979 eum,
2234 2912 2328 2982 qui

773 3018 947 3072 neque
979 3012 1165 3058 sancte
1191 3018 1365 3069 neque
1391 3004 1573 3057 animo
1615 3003 1873 3058 concordi
1905 3018 2117 3057 sacram
2144 3018 2327 3057 secum

773 3109 983 3149 coenam
1030 3096 1423 3162 frequentant;
1460 3094 1658 3149 docens
1702 3095 1858 3149 simul
1900 3102 2086 3149 sancte
2116 3094 2329 3162 Deoque

2428 2006 2471 2055 ίε
2482 2002 2710 2072 ρώταται
2726 2000 2829 2052 τῶν
2846 2000 3037 2069 λογίων
3057 2001 3191 2071 ᾠδαὶ
3207 2003 3297 2054 καὶ
3314 2000 3639 2070 ἀναγνώσεις
3655 2003 4004 2056 διδασκαλίαν

2427 2094 2606 2154 αὐτοῖς
2632 2090 2885 2160 ἐναρέτου
2908 2089 3049 2159 ζωῆς
3080 2090 3431 2161 ὑφηγοῦνται,
3464 2092 3555 2143 καὶ
3579 2092 3681 2161 πρό
3711 2109 3773 2159 γε
3803 2092 4002 2145 τούτου

2425 2185 2521 2255 τὴν
2549 2182 2785 2251 παντελῆ
2812 2183 2856 2213 ⁷⁸
2882 2182 2981 2251 τῆς
3022 2180 3340 2252 φθοροποιοῦ
3368 2181 3562 2244 κακίας
3600 2182 4001 2253 ἀποκάθαρσιν·

2428 2279 2461 2347 ή
2488 2277 2542 2329 δὲ
2571 2274 2815 2345 θειοτάτη
2843 2274 2936 2326 τοῦ
2964 2273 3080 2336 ἐνὸς
3124 2275 3216 2325 καὶ
3240 2272 3434 2325 ταύτοῦ
3474 2274 3567 2325 καὶ
3591 2272 3753 2343 ἄρτου
3784 2275 3876 2325 καὶ
3904 2291 4003 2327 πο-

2427 2365 2615 2437 τηρίου
2643 2365 2793 2435 κοινὴ
2837 2366 2931 2416 καὶ
2958 2364 3204 2435 είρηναία
3236 2364 3513 2433 μετάδοσις
3548 2363 3874 2432 ὁμοτροπίαν
3901 2364 4003 2415 αὐ-

2427 2460 2539 2518 τοῖς
2567 2454 2742 2507 ἔνθεον
2771 2454 2845 2517 ὠς
2869 2454 3187 2527 όμοτρόφοις
3210 2452 3258 2483 ⁷⁸
3283 2454 3576 2524 νομοθετεῖ,
3606 2453 3698 2505 καὶ
3730 2452 3822 2505 τοῦ
3852 2453 4002 2506 θειο-

2429 2548 2589 2601 τάτου
2615 2548 2827 2600 δείπνου
2856 2548 2951 2600 καὶ⁵
2996 2534 3389 2617 ἀρχισυμϐόλου
3416 2545 3523 2597 τῶν
3547 2545 3877 2615 τελουμένων
3919 2547 4003 2607 είς

2435 2641 2654 2709 μνήμην
2684 2638 2833 2709 ἱεράν
2859 2637 2979 2705 ἄγει
2999 2654 3011 2665 ⁸
3052 2637 3172 2690 καθ’
3196 2638 3224 2690 ὃ
3250 2639 3342 2690 καὶ
3357 2636 3516 2699 αὐτὸς
3542 2638 3569 2688 ό
3591 2636 3701 2687 τῶν
3716 2634 4005 2705 συμϐόλων

2430 2728 2495 2798 δη
2505 2728 2756 2798 μιουργὸς
2783 2728 2990 2798 ἀποκλη
3001 2731 3081 2799 ροῖ
3101 2728 3408 2780 δικαιότατα
3435 2727 3525 2778 τὸν
3549 2727 3644 2795 οὐχ
3664 2727 3820 2788 ὁσίως
3847 2726 4005 2795 αὐτῷ

2431 2822 2523 2872 καὶ
2560 2819 2875 2889 ὁμοτρόπως
2924 2818 2992 2871 τὰ
3041 2818 3161 2888 ἱερά
3204 2818 3690 2889 συνδειπνήσαντα,
3733 2818 4006 2870 διδάσκων

2430 2912 2641 2979 εὐαγῶς
2668 2930 2725 2964 τε
2754 2914 2867 2983 ἄμα
2893 2914 2985 2965 καὶ
3019 2912 3352 2984 θεοπρεπῶς.
3381 2912 3455 2974 ὼς
3497 2913 3529 2981 ἡ
3573 2910 3691 2963 καθ’
3719 2909 3827 2975 ἕξιν
3863 2910 4007 2980 ἀλη-

2431 3002 2527 3072 θὴς
2555 3003 2645 3055 ἐπὶ
2667 3002 2734 3055 τὰ
2757 3003 2873 3056 θεῖα
2901 3004 3269 3074 προσέλευσις,
3307 3003 3404 3073 τὴν
3444 3002 3577 3072 πρὸς
3601 3002 3661 3054 τὸ
3695 3002 3872 3071 ὅμοιον
3902 3002 4008 3052 αὐ-

2429 3095 2534 3147 τῶν
2558 3095 2837 3148 κοινωνίαν
2864 3097 2973 3158 τοῖς
3002 3094 3281 3165 προσιοῦσι
3309 3094 3602 3165 χαρίζεται.

774 3195 1144 3241 eonsentanee
1178 3188 1376 3242 sinceri
1431 3186 1496 3240 ad
1535 3187 1713 3241 divina
1770 3188 1937 3242 animi
1989 3189 2382 3255 accessionem,
2412 3189 2787 3244 similitudinis
2825 3204 3039 3259 quoque
3091 3190 3284 3244 divinae
3338 3188 3628 3257 participes
3664 3188 3870 3244 eﬂicere
3919 3192 4007 3246 sic

772 3278 1107 3333 accedentes.

2306 3376 2332 3447 §
2379 3373 2456 3433 ll.

833 3538 1097 3592 Caeterum
1140 3535 1241 3598 his,
1286 3548 1407 3603 quae
1450 3535 1714 3589 aditorum
1754 3534 2036 3589 vestibulis
2062 3534 2329 3606 eleganter
2358 3544 2399 3601 ς

2361 3544 2399 3601 c
2505 3536 2689 3590 Ταῦτα
2717 3538 2816 3606 μὲν
2838 3533 2952 3601 οῦν,
2979 3538 3054 3601 ὡς
3081 3537 3235 3607 ἔφην,
3274 3538 3365 3590 ἐπὶ
3401 3537 3469 3592 τά
3491 3537 3598 3589 τῶν
3637 3538 3837 3592 ἀδύτων
3861 3558 4008 3613 πριο-

771 3630 983 3698 adpicta
1029 3627 1301 3679 rudiorum
1349 3625 1508 3695 189
1550 3625 1985 3693 contemplationi
2015 3627 2145 3679 satis
2185 3633 2329 3687 sunt,

776 3722 1000 3784 relictis,
1027 3719 1093 3772 ab
1127 3717 1337 3771 cll‘ectis
1364 3723 1429 3771 ad
1456 3734 1647 3772 causas
1681 3718 2111 3788 progrediemur,
2140 3718 2331 3772 deinde

772 3826 983 3867 sacram
1017 3822 1253 3865 nostram
1303 3812 1552 3881 synaxin,
1587 3822 1747 3879 atque
1790 3822 2212 3865 consentaneam
2246 3827 2333 3865 ΓΘ·

774 3922 890 3959 rum
916 3905 1264 3973 spiritalium,
1288 3901 1411 3956 Jesu
1444 3904 1795 3971 prwlucenle,
1822 3905 2329 3974 contemplationem

772 3996 1231 4065 couspicabimur,
1271 3992 1480 4047 beatam
1536 3994 1932 4062 priinitivorum
1976 3974 2332 4064 pulchritudi-

776 4104 896 4141 nem
926 4086 1185 4153 praeclare
1226 4101 1450 4153 prorsus
1476 4086 1834 4139 evilirantem.
1863 4086 1968 4140 Sed
2010 4099 2163 4159 ιιι,σο
2198 4086 2330 4139 divi-

775 4182 1055 4233 nissinium
1088 4194 1151 4232 ac
1181 4188 1587 4232 sacrosanctum
1632 4188 2025 4232 sacramentum
2046 4218 2060 4243 ,
2095 4179 2331 4234 circum-

776 4272 945 4336 posita
984 4270 1076 4321 tibi
1108 4268 1405 4338 symbolice
1433 4270 1778 4338 :enigmatuni
1817 4270 2149 4337 operimenta
2180 4284 2331 4322 reve-

777 4361 934 4423 Ians,
1007 4361 1212 4428 liquido
1285 4360 1441 4413 nobis
1496 4358 1900 4424 manifesleris,
1965 4359 2330 4427 mentalesque

776 4465 988 4506 nostros
1041 4454 1262 4506 obtutus
1318 4451 1579 4520 singulari
1635 4462 1706 4509 et.
1760 4459 1941 4519 aperta
1992 4449 2107 4504 luce
2160 4452 2331 4505 adiui-

776 4545 939 4612 plcto.

2433 3628 2632 3681 πύλαια
2657 3629 2836 3692 καλῶς
2862 3629 3302 3700 διαγεγραμμένα
3347 3632 3458 3693 τοῖς
3485 3630 3727 3683 ἀτελέσιν
3754 3632 3830 3684 ἔτι
3854 3636 4006 3704 πρὸς

2432 3722 2661 3794 θεωρίαν
2706 3724 2948 3793 αὐτάρκη
2997 3723 3445 3787 καταλείποντες,
3474 3725 3825 3794 κείσέλθωμεν
3890 3729 4007 3782 ἀπὺ

2432 3813 2538 3865 τῶν
2563 3814 2819 3866 αἰτιατῶν
2845 3816 2923 3877 εἰς
2947 3814 3015 3867 τὰ
3041 3814 3208 3877 αἴτια,
3236 3815 3374 3867 κατὰ
3396 3816 3493 3886 τὴν
3524 3816 3671 3887 ίεράν
3697 3816 3848 3885 ἡμῶν
3881 3818 4007 3871 σύν-

2433 3904 2581 3970 αξιν,
2626 3906 2717 3957 καὶ
2758 3905 2855 3975 τὴν
2898 3905 3145 3975 εὐπρεπῆ
3187 3906 3292 3957 τῶν
3331 3906 3533 3975 νοητῶν
3568 3908 3634 3969 "',
3676 3908 3844 3977 Ἰησοῦ
3883 3927 4005 3977 φω-

2432 3998 2805 4067 ταγωγοῦντος
2831 4000 2894 4059 ⁷⁸,
2928 3997 3168 4083 ὀψόμεθα
3192 3997 3440 4068 θεωρίαν,
3468 3999 3527 4050 τὸ
3569 4001 3828 4069 μακάριον
3857 4001 4005 4055 ἀπο-

2438 4089 2753 4142 στίλϐουσαν
2776 4089 3030 4159 ἐμφανῶς
3068 4088 3177 4140 τῶν
3202 4088 3521 4159 ἀρχετύπων
3562 4089 3769 4151 κάλλος.
3812 4089 4000 4154 Ἀλλὰ,

2432 4174 2475 4231 ὦ
2500 4179 2743 4250 θειοτάτη
2771 4180 2863 4239 καὶ
2891 4178 3009 4248 ἱερά
3047 4176 3252 4247 τελετὴ,
3282 4177 3349 4229 τὰ
3374 4178 3727 4250 περικείμενα
3750 4195 3828 4230 σοι
3856 4196 4004 4250 cup,-

2433 4269 2659 4332 ϐολικῶς
2705 4268 3057 4339 ἀμφιέσματα
3106 4267 3215 4319 τῶν
3261 4268 3589 4337 αἰνιγμάτων
3645 4268 4002 4338 ἀποκαλυψα-

2436 4360 2567 4430 μένη
2589 4400 2603 4423 ,
2646 4358 2926 4429 τηλαυγῶς
2969 4361 3097 4429 ἡμῖν
3140 4358 3511 4428 ἀναδείχθητι,
3540 4360 3630 4411 καὶ
3668 4360 3765 4421 τὰς
3800 4360 4001 4430 νοεράς

2435 4453 2587 4524 ήμῶν
2611 4453 2759 4521 ὄψεις
2809 4452 3006 4506 ἑνιαίου
3050 4454 3141 4505 καὶ
3183 4450 3616 4521 ἀπερικαλύπτου
3656 4450 3828 4520 φωτὸς
3854 4451 4003 4505 ἀπο-

2436 4547 2737 4616 πλήρωσον.

2300 4703 2326 4773 ς)
2364 4701 2473 4763 ΙΙΙ.

848 4842 1046 4894 Sancta
1076 4843 1253 4908 itaque
1300 4843 1454 4895 nobis
1520 4844 1845 4910 penetranda
1873 4856 2089 4906 censeo,
2136 4850 2216 4905 ut,
2250 4842 2331 4894 in-
2362 4857 2405 4910 ι)

2362 4857 2405 4910 ο
2504 4846 2592 4896 Δεῖ
2615 4846 2678 4915 δὴ
2702 4840 2794 4897 οὖν
2822 4846 2963 4915 ἡμᾶς
2990 4845 3135 4907 ἐντὸς
3183 4846 3431 4916 παρεῖναι
3476 4846 3519 4875 ⁷⁹
3543 4852 3647 4896 των
3696 4845 3998 4915 πανιέρων,

779 4933 1065 5000 telligcntia
1133 4931 1289 4998 primi
1364 4932 1641 4985 simulacri
1713 4931 2029 5003 spiritaliter
2093 4932 2329 4993 detecta,

778 5023 1091 5077 deiformem
1120 5024 1232 5091 ejus
1256 5024 1707 5092 pulchritudinem
1743 5025 2068 5087 intueamur,
2108 5040 2204 5078 nec
2228 5040 2329 5079 non

782 5115 1069 5168 antistitem
1102 5116 1282 5168 divino
1311 5131 1530 5185 prorsus
1577 5118 1739 5171 modo
1790 5119 2066 5173 videamus
2096 5132 2123 5169 a
2150 5117 2331 5171 divino

782 5208 936 5260 altari
962 5208 1025 5259 ad
1052 5209 1423 5264 extremitates
1452 5225 1619 5278 usque
1651 5211 1834 5279 templi
1863 5227 1982 5265 cum
2008 5211 2189 5265 odoris
2209 5225 2332 5263 sua-

2429 4936 2629 5006 οίομαι,
2673 4938 2732 4989 τὸ
2780 4938 2964 5008 νοητὸν
3004 4938 3049 4968 ⁸ο
3102 4936 3195 4989 τοῦ
3245 4936 3457 5008 πρώτου
3507 4936 3613 4987 τῶν
3661 4936 4002 5005 ἀγαλμάτων

2430 5028 2945 5098 ἀπογυμνώσαντας,
2972 5030 3049 5092 εἱς
3092 5030 3150 5082 τὸ
3197 5028 3421 5091 θεοειδὲς
3446 5027 3607 5080 αὐτοῦ
3655 5027 3844 5088 κάλλος
3871 5029 4000 5079 ὲνα-

2429 5120 2650 5183 τενίσαι,
2674 5122 2765 5172 καὶ
2788 5121 2877 5173 τὸν
2906 5122 3163 5191 ἱεράρχην
3186 5120 3380 5184 ὲνθέως
3430 5121 3555 5173 ἰδεῖν
3580 5120 3686 5172 ἀπὸ
3728 5118 3818 5171 τοῦ
3839 5118 3997 5173 θείου

2430 5210 2808 5281 θυσιαστηρίου
2838 5211 3002 5281 μέχρι
3022 5210 3128 5265 τῶν
3152 5212 3389 5279 ἐσχάτων
3412 5211 3504 5264 τοῦ
3534 5212 3673 5282 ἱεροῦ
3725 5212 3836 5281 μετ’
3871 5214 4000 5265 εὐο-

2038 5387 2265 5441 VARLE
2304 5388 2697 5444 LECTIONES.

864 5568 905 5595 ⁷⁰
939 5569 1006 5619 Μ.
1043 5568 1129 5619 Sc.
1159 5572 1373 5637 νοεωῖς.
1473 5572 1511 5599 ⁷¹
1542 5570 1893 5637 τελουμένοις,
1932 5570 1993 5623 Ρ.

785 5712 841 5761 1³.
877 5709 931 5760 li.
1008 5710 1046 5733 ⁷⁷
1078 5690 1375 5789 γρ.”ὃντ‹υν.
1451 5713 1491 5739 ⁷⁸
1525 5710 1615 5760 τοῦ
1644 5710 2113 5776 φωταγωγοῦντος,
2146 5709 2199 5762 S.
2234 5712 2291 5766 Ρ.

785 5784 873 5830 καὶ
898 5782 952 5829 τὸ
981 5779 1179 5843 νοττέιν,
1212 5779 1276 5830 Μ.
1308 5780 1391 5832 ὃς.
1425 5780 1493 5842 ὡς
1524 5782 1720 5848 οἴομαι,
1749 5781 1834 5829 καί
1866 5779 1993 5831 llud.
2033 5781 2267 5850 corrigit.

2090 5571 2131 5600 ’71

864 5572 905 5595 ⁷⁰
939 5572 1006 5619 Μ.
1043 5572 1129 5619 Sc.
1159 5572 1373 5637 vozpriig.
1473 5572 1511 5599 ⁷¹
1542 5572 1893 5637 τελουμένοις,
1932 5572 1993 5623 Ρ.
2090 5572 2131 5600 ⁷⁸
2160 5572 2313 5632 εἴπω,
2345 5573 2398 5627 S.
2435 5573 2490 5625 P.
2529 5572 2589 5626 Β.
2626 5574 2713 5628 Sc.
2816 5574 2859 5604 ⁷³
2885 5574 3158 5644 ἀνόνητος,
3185 5576 3282 5629 Ch.

782 5640 833 5689 τὶ.
911 5640 953 5667 7"
980 5640 1067 5689 καὶ
1100 5638 1254 5706 μέχοι
1279 5640 1402 5695 των,
1434 5640 1488 5694 S.
1525 5642 1579 5690 I’.
1626 5642 1683 5689 υ.
1721 5639 1777 5690 Β.
1814 5641 1902 5691 Sc.
1938 5642 2057 5691 Sar.
2137 5641 2179 5669 ⁷⁸
2208 5645 2299 5693 καὶ
2329 5645 2459 5713 πρός
2484 5662 2545 5711 γε
2573 5644 2780 5706 τούτοις
2807 5645 3011 5713 ἐντελῆ,
3044 5646 3113 5696 Μ.
3160 5647 3249 5698 Sc.

785 5712 841 5761 1³.
877 5709 931 5760 li.
1008 5710 1046 5733 τ’
1078 5724 1164 5768 γρ.
1196 5690 1375 5759 ὅντων.
1451 5713 1491 5739 ⁷⁸
1525 5710 1615 5760 τοῦ
1644 5710 2113 5768 φωταγωγοῦντος,
2146 5709 2199 5762 S.
2234 5712 2291 5766 Ρ.
2384 5716 2423 5745 7"
2455 5715 2599 5768 ἐντὸς
2625 5714 2728 5768 γὰο
2758 5710 2912 5768 εἶναι.
2946 5715 3001 5766 Ρ.
3037 5716 3095 5768 υ.
3122 5716 3217 5768 Cli.
3253 5715 3287 5768 S

2389 5731 2423 5745 "'
2455 5731 2599 5775 εντος
2625 5731 2728 5784 γαρ
2758 5731 2912 5771 ειναι.
2946 5731 3001 5766 l'.
3037 5731 3095 5768 υ.
3122 5731 3217 5768 ιλιι.
3253 5731 3370 5769 bar.

2816 5574 2859 5604 ⁷³
2885 5574 3158 5644 ἀνόνητος,
3185 5576 3282 5629 Ch.
3311 5575 3371 5629 D.
3408 5576 3465 5629 S.
3497 5574 3555 5628 P.
3586 5576 3707 5628 Sar.
3742 5586 3797 5628 et
3832 5576 3997 5631 Vicn.
