4162 6304
787 381 882 438 Eii
1947 374 1997 432 S.
2035 373 2334 431 DIONYSII
2371 373 2834 430 AREOPAGITE
3919 374 4018 430 432

788 500 1023 569 quiaque
1055 497 1350 560 celebrare,
1381 509 1480 550 nec
1505 508 1611 549 non
1650 506 1842 548 sacros
1872 491 2117 547 virorum
2147 490 2354 544 divino-

2456 489 2555 558 κῆς
2600 487 2820 558 τελετῆς
2867 488 3128 559 ὑποδοχὴν
3177 489 3270 541 καὶ
3315 485 3594 557 μετάδοσιν
3639 486 3753 552 ἕξιν
3814 486 4018 541 οἰκείαν

788 607 908 646 rum
938 607 1059 644 cum
1094 601 1374 644 sermones
1414 597 1524 641 tum
1554 586 1796 640 actiones
1825 583 2135 640 collaudare
2154 595 2352 652 propo-

2459 577 2758 648 ἐμποιοῦσα
2801 582 2911 643 τοῖς
2938 580 3130 641 ἐνθέως
3155 579 3320 650 αὐτὴν
3345 576 3717 649 ἱερολογοὖσιν.

785 685 947 737 situm
989 692 1092 746 est,
1158 681 1468 750 generalem
1514 678 1815 734 introducit
1849 692 2029 733 rerum
2075 676 2386 730 divinarum
2415 685 2634 727 cautum
2666 683 2718 728 et
2749 674 3161 743 expositionem,
3196 674 3320 728 dum
3348 672 3415 726 ad
3465 671 3641 726 omnia
3692 671 3832 727 sacri
3879 671 4019 726 ordi-

779 776 870 829 nis
921 783 1287 837 sacramenta,
1346 773 1459 827 sive
1513 769 1855 839 suscipienda
1902 771 2019 826 sive
2061 765 2350 829 tradenda,
2385 773 2571 831 aptum
2607 764 2713 820 illis
2743 766 2984 820 animum
3018 764 3173 820 aﬂ‘ert
3233 765 3322 834 qui
3380 765 3552 835 ipsum
3576 764 3756 821 divine
3806 779 3869 819 ac
3899 777 4017 816 ssn-

785 885 870 924 ete
901 870 1154 924 recitant.

2346 993 2480 1066 εν.

858 1166 958 1221 Ubi
981 1179 1113 1235 ergo
1147 1164 1236 1218 illa
1266 1176 1385 1231 quae
1417 1177 1504 1218 res
1545 1178 1786 1232 quasque
1812 1179 2001 1220 sacras
2050 1170 2362 1239 complecti-

787 1271 873 1312 tur
903 1258 1224 1330 hymnorum
1261 1255 1558 1310 modulatio
1580 1256 1776 1309 animae
1798 1267 2001 1310 nostrm
2024 1258 2358 1331 affectiones,

786 1362 842 1405 et
882 1365 945 1406 ea
976 1364 1130 1403 sacra
1164 1362 1285 1417 qua:
1320 1347 1484 1416 paulo
1528 1356 1651 1417 post
1700 1348 2020 1404 celebranda
2073 1361 2220 1419 sunt,
2256 1357 2359 1411 rite

788 1443 1077 1513 disposuit,
1136 1441 1555 1510 divinorumque
1590 1442 1893 1495 carminum
1935 1454 2202 1500 concentu
2235 1462 2355 1503 cum

788 1535 855 1589 ad
886 1547 973 1588 res
1005 1531 1238 1596 divinas,
1272 1541 1384 1584 tum
1413 1530 1478 1583 ad
1512 1531 1830 1601 semetipsas
1857 1542 2206 1604 mutuamque
2229 1552 2358 1592 con-

782 1625 1117 1690 sensiouem,
1151 1638 1254 1677 ceu
1305 1623 1460 1677 unica
1513 1623 1879 1693 concordique
1931 1625 2130 1680 eborea
2171 1642 2352 1684 sacro-

783 1735 902 1774 rum
938 1717 1231 1786 coaptavit,
1268 1732 1329 1770 ea
1354 1731 1471 1785 quae
1516 1716 1568 1769 in
1608 1716 1843 1784 spiritali
1876 1717 2218 1774 Psalmorum
2250 1737 2336 1778 mo

2539 1177 2702 1228 Ὅταν
2727 1169 2817 1227 οὖν
2846 1177 2877 1245 ἡ
2903 1175 3219 1247 περιεκτικὴ
3255 1174 3364 1227 τῶν
3409 1174 3688 1246 ,πανώρων
3733 1175 4020 1247 ὑμνολογία

2460 1263 2556 1327 τὰς
2582 1265 2816 1334 ψυχικὰς
2844 1265 2888 1297 ³³
2930 1264 3086 1336 ἡμῶν
3133 1265 3272 1331 ἕξεις
3320 1267 3649 1338 ἐναρμονίως
3687 1266 3843 1339 διαθῇ
3887 1266 4017 1338 πρὸς

2459 1355 2527 1408 τὰ
2552 1357 2741 1426 μικρὸν
2792 1356 3015 1426 ὕστερον
3073 1357 3618 1428 ἱερουργηθησόμενα,
3663 1361 3755 1413 καὶ
3804 1364 3871 1431 τῇ
3917 1360 4019 1413 τῶν

2460 1447 2616 1500 θείων
2638 1445 2788 1516 ᾠδῶν
2818 1446 3094 1516 ὁμοφωνίᾳ
3139 1448 3234 1518 τὴν
3261 1448 3393 1518 πρὸς
3437 1447 3505 1500 τὰ
3530 1447 3645 1501 θεῖα
3669 1451 3761 1503 καὶ
3798 1449 4017 1513 ἑαυτοὺς

2457 1541 2551 1593 καὶ
2578 1539 2839 1610 ἀλλήλους
2864 1538 3259 1610 ὁμοφροσύνην,
3288 1541 3362 1603 ῶς
3390 1543 3487 1612 μιᾷ
3528 1542 3620 1594 καὶ
3645 1542 3890 1612 ὁμολόγῳ
3914 1539 4017 1592 τῶν

2457 1631 2618 1702 ίερῶν
2646 1633 2835 1702 χορείᾳ
2879 1632 2945 1694 ⁸⁵,
2973 1631 3328 1707 νομοθετήσῃ,
3373 1633 3442 1686 τὰ
3486 1634 3894 1705 συντετμημένα
3930 1633 4017 1685 καὶ

2460 1724 2889 1793 συνεσκιασμένα
2957 1725 3153 1794 μᾶλλον
3197 1726 3254 1778 ἐν
3304 1727 3367 1796 τῇ
3438 1728 3598 1797 νοερᾷ
3645 1725 3749 1778 τῶν
3793 1724 4018 1795 ψαλμῶν

783 1814 1059 1869 dulatione
1093 1813 1311 1867 concisa
1370 1819 1496 1865 sunt
1549 1819 1603 1864 et
1661 1811 1833 1878 magis
1884 1810 2228 1878 obumbrata,
2261 1829 2354 1884 per

2457 1818 2500 1868 ἱε
2512 1817 2727 1888 ρολογίᾳ
2775 1816 2864 1869 διὰ
2890 1815 3147 1868 πλειόνων
3176 1817 3269 1869 καὶ
3316 1819 3658 1888 σαφεστέρων
3684 1817 3906 1870 είκόνων
3931 1815 4019 1868 καὶ

785 1907 970 1975 plures
996 1916 1051 1960 et
1083 1905 1488 1959 manil’estiores
1527 1907 1721 1974 Iiguras
1774 1911 1936 1973 atque
1970 1903 2355 1973 explicationes

782 1999 1165 2053 sacratissimis
1210 1997 1734 2066 scripturisticarum
1793 1998 2249 2067 compositionum
2279 1998 2356 2054 le-

789 2091 1064 2147 ctionibus
1090 2089 1413 2144 dilatantur.
1477 2088 1534 2142 In
1569 2090 1652 2144 bis
1682 2105 1962 2143 sacrarum
2017 2106 2198 2145 rerum
2225 2105 2349 2145 cou-

784 2170 1078 2252 templator
1107 2181 1435 2237 uniformem
1495 2182 1783 2250 quamdam
1835 2191 1994 2250 atque
2023 2183 2352 2252 singularem

786 2277 1039 2329 advertet
1070 2275 1554 2344 conspirationem,
1591 2282 1775 2340 utpote
1827 2275 1894 2328 ab
1928 2289 2036 2327 uno
2059 2275 2356 2345 eodemque

788 2366 882 2420 Dei
917 2365 1203 2435 principali
1233 2365 1426 2434 spiritu
1451 2364 1814 2428 concitatam;
1851 2364 1992 2418 unde
2015 2366 2138 2433 jure
2162 2369 2358 2423 merito

783 2459 838 2512 iu
870 2460 1003 2510 orbe
1044 2465 1165 2524 post
1193 2453 1554 2522 antiquiorem
1583 2452 1728 2506 illam
1764 2453 2131 2520 traditionem,
2166 2455 2358 2513 Testa-

783 2559 1026 2604 mentum
1077 2563 1276 2603 novum
1310 2547 1706 2616 promulgatur,
1769 2546 1950 2601 divino
1988 2548 2199 2603 scilicet
2240 2552 2356 2607 hie-

783 2640 1140 2707 rarcbicoque
1192 2639 1404 2702 ordine,
1465 2653 1583 2692 mea
1637 2638 1854 2706 quidem
1916 2641 2208 2705 sententia,
2252 2658 2352 2712 per

783 2732 888 2787 hoc
913 2731 1250 2799 declarante,
1275 2733 1352 2786 uti
1391 2730 1562 2786 Vetus
1592 2729 1992 2784 Testamentum
2017 2729 2195 2786 futura
2218 2749 2355 2803 prer-

785 2825 1009 2890 dixerit,
1059 2823 1263 2878 Novum
1326 2839 1458 2880 vero
1505 2825 1736 2892 ipsamet
1784 2822 1967 2877 divina
2023 2823 2150 2879 Jesu
2195 2840 2360 2895 opera

786 2918 1134 2982 exhibuerit;
1172 2926 1336 2986 atque
1392 2916 1522 2969 illud
1569 2917 1781 2984 quidem
1838 2917 1992 2985 quasi
2033 2918 2353 2986 quibusdam

781 3006 1111 3074 imaginibus
1161 3006 1465 3074 depinxerit
1492 3007 1796 3073 veritatem,
1827 3006 1929 3060 boc
1969 3023 2096 3063 vero
2123 3025 2359 3078 praesen-

2459 1912 2810 1982 ἀναρρήσεων
2839 1909 3116 1982 εὐρύνεται
3140 1912 3258 1972 ταῖς
3286 1911 3600 1981 ίερωτάταις
3629 1910 3734 1962 τῶν
3761 1909 4015 1979 ἀγιογρά-

2459 2022 2571 2074 φων
2599 2004 2899 2068 συντάξεων
2925 2007 2969 2036 ⁸⁸
3019 2003 3400 2071 ἀναγνώσεσιν.
3465 2003 3551 2056 Ἐν
3595 2003 3817 2065 ταύταις
3861 2003 3889 2053 ὁ
3915 2000 4020 2072 βλέ-

2457 2116 2573 2150 πων
2601 2098 2757 2167 ἱερῶς
2783 2096 2966 2165 ὄψεται
3016 2097 3111 2166 τὴν
3136 2095 3335 2164 ἐνοειδῆ
3359 2097 3451 2149 καὶ
3478 2097 3602 2166 μίαν
3631 2094 3932 2164 σύμπνοιαν
3954 2096 4016 2157 ’⁸,

2457 2191 2530 2252 ὼς
2558 2191 2646 2258 ὑφ’
2674 2189 2789 2252 ἐνὸς
2832 2192 2874 2221 ⁸⁷
2901 2191 2993 2243 τοῦ
3037 2191 3323 2262 θεαρχικοῦ
3375 2190 3684 2259 Πνεύματος
3731 2184 4018 2256 κεκινημέ-

2456 2299 2552 2351 νην
2574 2297 2586 2310 ·
2617 2281 2737 2333 ὅθεν
2771 2281 2992 2344 εἰκότως
3041 2284 3095 2334 ἐν
3137 2283 3321 2352 κόσμῳ
3349 2280 3480 2351 μετὰ
3521 2279 3618 2350 τὴν
3665 2276 4042 2348 ἀρχαιοτέραν¹

2458 2375 2751 2446 παράδοσιν
2776 2377 2808 2445 ἡ
2833 2374 2991 2445 καινὴ
3016 2373 3254 2444 Διαθήκη
3301 2372 3649 2444 κηρύσσεται,
3696 2370 3796 2440 τῆς
3837 2369 4018 2422 ἐνθέου

2457 2472 2549 2521 καὶ
2577 2468 2894 2539 ἱεραρχικῆς
2917 2467 3121 2531 τάξεως
3145 2469 3336 2532 ἐκεῖνο,
3387 2461 3556 2535 οἶμαι,
3580 2463 3863 2534 δηλούσης,
3891 2464 3964 2526 ὡς
3984 2465 4017 2532 ἡ

2458 2562 2556 2632 μὲν
2589 2561 2693 2632 ἔφη
2738 2561 2835 2623 τὰς
2884 2561 3143 2631 ἐσομένας
3202 2558 3373 2631 Ἰησοῦ
3405 2558 3708 2630 θεουργίας,
3747 2561 3780 2627 ἡ
3824 2557 3881 2609 δὲ
3909 2556 4019 2608 ἑτέ-

2452 2653 2594 2715 λεσε,
2619 2653 2713 2704 καὶ
2744 2652 2816 2714 ὡς
2847 2652 3024 2722 ἐκείνη
3054 2651 3148 2721 μὲν
3174 2653 3230 2702 ἐν
3254 2649 3424 2702 εἰκόσι
3462 2648 3555 2718 τὴν
3583 2646 3832 2717 ἀλήθειαν
3859 2644 4018 2715 ἐγρα-

2450 2743 2569 2813 ψεν,
2597 2743 2732 2813 αὕτη
2761 2744 2815 2796 δὲ
2871 2743 3146 2814 παροῦσαν
3174 2741 3415 2807 ὑπέδειξε
3441 2757 3453 2770 ·
3507 2740 3612 2793 τῶν
3656 2738 3762 2809 γὰρ
3809 2737 4019 2807 ἐκείνης

2456 2837 2911 2906 προαναρῤήσεων
2941 2838 2972 2905 ἡ
3005 2834 3143 2888 κατὰ
3163 2833 3364 2904 ταύτην
3385 2832 3750 2902 τελεσιουργία
3777 2831 3874 2902 τὴν
3897 2828 4018 2899 ἀλή-

2463 2923 2609 2978 θειαν
2635 2926 2989 2989 ἐπιστώσατο,
3017 2927 3110 2978 καὶ
3133 2924 3247 2977 ἔστι
3270 2925 3368 2995 τῆς
3398 2923 3668 2992 θεολογίας
3693 2923 3728 2994 ὴ
3767 2920 4015 2990 θεουργία

2467 3019 2954 3087 συγκεφαλαίωσις.

785 3112 892 3155 tem
950 3100 1363 3162 demonstravit,
1417 3112 1540 3150 cum
1592 3097 2004 3166 praedictionum
2081 3099 2199 3170 ejus
2258 3105 2545 3162 veritatem
2609 3109 2836 3166 eﬂcctus
2862 3111 3021 3180 bujus
3052 3110 3877 3182 comprobavit,divinorumque
3903 3121 4012 3163 ser-

786 3210 1000 3250 monum
1032 3192 1274 3264 operatio
1306 3192 1487 3246 divina
1530 3191 1602 3246 sit
1626 3206 1858 3246 summa.

2329 3336 2357 3408 §
2391 3334 2499 3397 Vl.

860 3503 1011 3575 191
1044 3501 1146 3569 Qui
1176 3499 1393 3571 quidem
1416 3500 1612 3554 horum
1637 3509 2105 3555 sacramentorum
2134 3500 2352 3571 penitus
2380 3513 2421 3569 ρ

784 3597 957 3668 ignari
990 3606 1138 3658 sunt,
1190 3593 1266 3647 illi
1307 3609 1374 3647 nc
1402 3592 1666 3661 imagines
1691 3590 1906 3662 quidem
1935 3601 2189 3660 cernunt,
2213 3596 2358 3663 quod

785 3687 1040 3743 nimirum
1083 3684 1428 3754 impudenter
1463 3683 1758 3738 salutarem
1805 3683 2004 3738 divina:
2032 3685 2351 3754 generatio-

787 3781 876 3834 nis
912 3777 1261 3845 discipliuam
1296 3775 1599 3845 repudient.
1652 3774 2003 3845 Eloquiisque
2037 3779 2213 3832 sacris
2241 3779 2358 3833 exi-

787 3874 926 3926 tiose
980 3885 1205 3940 prorsus
1257 3869 1599 3940 obstrepant,
1663 3865 1787 3922 Via:
1838 3878 1956 3923 tua:
2014 3870 2148 3924 scire
2215 3868 2356 3924 nolo.

783 3965 957 4021 Porro
982 3964 1400 4018 catechumenos
1446 3970 1502 4016 et
1549 3975 1963 4030 energumenos,
2027 3975 2227 4030 eosque
2265 3961 2357 4031 qui

787 4061 1109 4131 poenitentia
1137 4061 1432 4123 ducuntur,
1479 4065 1842 4112 sacrosancta:
1885 4057 2211 4111 bierarchiaa
2242 4071 2359 4112 mos

786 4154 993 4223 patitur
1032 4151 1248 4218 quidem
1306 4149 1499 4203 audire
1547 4162 1759 4202 sacram
1797 4146 2177 4216 psalmodiam,
2217 4147 2358 4203 divi-

789 4259 1023 4312 uamquc
1059 4257 1338 4297 sacrarum
1370 4239 1781 4310 Scripturarum
1820 4239 2234 4305 recitationem;
2266 4254 2358 4294 ve-

791 4353 908 4391 rum
939 4337 1004 4389 ad
1045 4351 1107 4389 ea
1138 4351 1258 4404 quae
1289 4335 1543 4404 deinceps
1573 4341 1878 4402 sequuntur
1923 4332 2196 4387 sacriﬁcia
2237 4347 2358 4402 spe-

789 4432 1112 4499 ctaculaque
1172 4443 1518 4496 nequaquam
1569 4427 1668 4482 bos
1701 4437 1990 4493 convocat,
2049 4429 2143 4482 sed
2181 4427 2359 4497 perfe-

791 4534 909 4578 ctos
945 4520 1306 4591 perfectorum
1345 4521 1552 4574 oculos.
1598 4520 1692 4573 Est
1731 4519 1872 4572 enim
1923 4518 2205 4574 deiformis
2265 4519 2358 4573 ille

791 4617 924 4670 ordo
957 4630 1110 4670 sacer
1139 4623 1339 4668 sanctae
1362 4613 1553 4682 plenus
1586 4613 1830 4683 justitiae,
1864 4628 1963 4668 nec
1991 4628 2096 4667 non
2125 4613 2359 4668 salubri-

795 4719 873 4762 ter
905 4709 1094 4774 cuique
1119 4713 1541 4759 consentaneam
1568 4718 1666 4774 pro
1720 4706 1917 4760 merito
1964 4704 2234 4776 cujusque
2281 4720 2360 4761 re-

795 4816 910 4854 rum
938 4800 1241 4854 divinarum
1305 4797 1494 4850 tribuit
1547 4797 2048 4865 participationem,
2097 4809 2151 4852 et
2201 4797 2356 4867 juxta

794 4902 1007 4961 captum
1035 4894 1357 4958 modumque
1401 4888 1739 4958 singulorum
1775 4904 1871 4944 suo
1909 4900 2151 4958 tempore
2173 4900 2357 4944 sancte

796 4985 1070 5040 concedit.
1113 4985 1188 5035 Ac
1215 4992 1519 5051 postremus
1545 4982 1758 5049 quidem
1789 4983 1921 5036 ordo
1949 4983 2357 5037 catechumenis

797 5081 1030 5132 tributus
1066 5087 1170 5139 est,
1202 5075 1341 5142 quod
1379 5083 1598 5129 exortes
1621 5074 1730 5127 sint
1751 5082 1804 5128 et
1834 5074 2005 5144 ignari
2037 5074 2213 5128 omnis
2240 5075 2356 5130 hie-

799 5172 1055 5225 rarcbica:
1093 5166 1462 5237 perfectionis,
1495 5181 1673 5236 neque
1705 5167 1829 5219 dum
1861 5180 1956 5233 per
1978 5165 2217 5220 divinam
2262 5182 2356 5220 na-

799 5265 1059 5315 tivitatem
1096 5261 1335 5314 divinum
1360 5267 1557 5313 statum
1591 5256 1854 5321 assecuti,
1901 5256 2142 5324 paternis
2175 5257 2352 5312 adhuc

2527 3504 2739 3557 Τούτων
2765 3504 2812 3556 oi
2841 3504 2937 3574 μὲν
2959 3502 3439 3574 ἀπερισάλπιγκτοι
3464 3500 3685 3555 καθόλου
3723 3500 3830 3554 τῶν
3859 3500 4017 3572 ἱερῶν

2459 3596 2685 3649 τελετῶν
2711 3596 2828 3649 οὐδὲ
2867 3596 2964 3660 τὰς
3013 3596 3221 3660 εἰκόνας
3271 3595 3486 3666 ὁρῶσιν,
3518 3593 3741 3656 ἀναιδῶς
3784 3594 4015 3648 ἀπειπά-

2462 3703 2608 3756 μενοι
2638 3687 2734 3758 τὴν
2763 3685 3074 3757 σωτηριώδη
3102 3688 3201 3757 τῆς
3232 3686 3565 3754 θεογενεσίας
3589 3687 3632 3718 ⁸⁸
3681 3685 3898 3757 μύησιν,
3924 3688 4016 3740 καὶ

2457 3783 2569 3843 τοῖς
2593 3779 2790 3848 λογίοις
2845 3779 3102 3851 ὀλεθρίως
3150 3778 3626 3850 ἀντιφθεγξάμενοι
3658 3779 3749 3831 τό·
3814 3779 4015 3846 Ὀὃούς

2459 3885 2572 3924 σου
2601 3871 2818 3924 ειδέναι
2852 3873 2921 3924 οὐ
2945 3871 3262 3939 βούλομαι.
3290 3870 3427 3934 Τοὺς
3468 3870 3524 3922 δὲ
3562 3871 4014 3941 κατηχουμένους,

2458 3964 2879 4034 ἑνεργουμένους
2903 3980 2981 4027 τε,
3013 3963 3105 4014 καὶ
3145 3963 3269 4025 τοὺς
3294 3964 3351 4014 ἐν
3376 3964 3626 4034 μετανοίᾳ
3669 3965 3844 4029 ὄντας,
3874 3967 3901 4018 ό
3918 3965 4014 4035 τῆς

2457 4056 2615 4124 ἁγίας
2661 4057 2937 4128 ίεραρχίας
2983 4054 3178 4125 θεσμὸς
3223 4056 3405 4126 ἐφίησι
3453 4057 3549 4127 μὲν
3575 4057 3876 4110 ἐπακοῦσαι
3916 4058 4014 4128 τῆς

2457 4148 2735 4219 ψαλμικῆς
2764 4151 3080 4221 ίερολογίας,
3138 4153 3233 4205 καὶ
3263 4151 3361 4221 τῆς
3409 4149 3588 4202 ἐνθέου
3617 4149 3721 4202 τῶν
3747 4150 4014 4221 πανιέρων

2458 4240 2688 4312 Γραφῶν
2715 4243 3069 4311 ἀναγνώσεως
3089 4261 3100 4274 ’
3130 4246 3209 4308 εἰς
3232 4245 3288 4297 δὲ
3315 4243 3410 4308 τὰς
3434 4244 3557 4314 ἑξῆς
3597 4244 3902 4314 ἱερουργίας
3922 4244 4014 4297 καὶ

2459 4330 2688 4403 θεωρίας
2742 4333 2784 4363 ³³
2840 4333 2898 4384 οὐ
2933 4333 3274 4401 συγκαλεῖται
3309 4333 3545 4395 τούτους,
3594 4329 3728 4383 ἀλλὰ
3771 4330 3894 4393 τοὺς
3934 4346 4014 4381 τε-

2458 4422 2631 4486 λείους
2683 4421 2790 4475 τῶν
2838 4423 3224 4494 τελεσιουργῶν
3279 4422 3602 4493 ὀφθαλμούς.
3657 4422 3812 4474 Ἔστι
3852 4418 4013 4490 γὰρὴ

2459 4515 2692 4584 θεοειδὴς
2711 4517 2956 4587 ἱεραρχία
2977 4516 3318 4588 δικαιοσύνης
3348 4519 3497 4588 ἱερᾶς
3512 4514 3811 4580 ἀνάπλεως,
3840 4516 3930 4566 καὶ
3953 4515 4013 4565 τὸ

2460 4612 2574 4662 κατ’
2601 4609 2752 4672 ἀξίαν
2777 4610 2989 4680 ἑκάστῳ
3013 4611 3289 4680 σωτηρίως
3341 4610 3598 4680 ἀπονέμει
3643 4610 3740 4679 τὴν
3789 4608 4014 4679 ἐναρμό-

2459 4720 2567 4754 νιον
2595 4702 2820 4754 ἑκάστου
2870 4701 2976 4754 τῶν
3032 4700 3187 4754 θείων
3243 4700 3450 4771 μέθεξιν
3493 4701 3546 4751 ἐν
3574 4698 3882 4771 συμμετρίᾳ
3921 4700 4013 4751 καὶ

2461 4795 2716 4866 ἀναλογίᾳ
2747 4796 2885 4848 κατὰ
2918 4795 3102 4865 καιρὸν
3136 4794 3293 4866 ἱερῶς
3309 4794 3639 4866 δωρουμένη.
3701 4796 3764 4848 Ἡ
3789 4796 3884 4864 μὲν
3919 4791 4010 4847 οὗν

2461 4889 2658 4958 ἐσχάτη
2682 4891 2792 4951 τοῖς
2820 4887 3242 4958 κατηχουμένοις
3280 4887 3675 4959 ἀπονενέμηται
3704 4886 3876 4950 τάξις·
3905 4888 4011 4940 sici

2460 4982 2567 5053 γὰρ
2615 4981 2904 5051 ἀμέθεκτοι
2940 4982 3004 5012 ¹⁰⁰
3057 4982 3149 5033 καὶ¹
3191 4981 3421 5050 ἀμύητοι
3468 4980 3664 5044 παντὸς
3701 4980 4008 5051 ίεραρχικοῦ

2457 5073 2826 5145 τελεστηρίου,
2855 5074 2986 5145 μηδὲ
3014 5075 3114 5146 τὴν
3136 5074 3276 5127 κατὰ
3324 5073 3471 5127 θείαν
3519 5072 3771 5136 ἀπότεξιν
3795 5072 4010 5127 ¹·ἔνθεον

2458 5165 2744 5236 ἐσχηκότες
2771 5163 3019 5235 ὓπαρξιν,
3074 5164 3185 5217 ἀλλ’
3212 5164 3290 5217 ἔτι
3333 5165 3468 5235 πρὸς
3494 5163 3598 5216 τῶν
3623 5162 3898 5232 πατρικῶν
3930 5161 4011 5214 λο-

2459 5257 2593 5322 γίων
2627 5256 2988 5326 μαιευόμενοι,
3029 5257 3122 5309 καὶ
3170 5253 3448 5319 ζωποιοῖς
3499 5252 3824 5325 μορφώμασι
3851 5253 4008 5305 ¹διαε-

2075 5494 2302 5551 ἻΑΒΙᾸΕ
2343 5496 2743 5554 LECTIONES.

871 5654 914 5682 93
940 5653 1188 5719 φυσικάς.
1222 5651 1277 5702 l’.
1315 5651 1373 5703 Ι).
1410 5649 1508 5702 Cll.
1584 5653 1625 5681 θλ
1653 5650 1816 5720 χώρῇ,
1849 5650 1896 5703 Μ
1968 5651 2060 5705 SC-

806 5795 870 5845 Μ.
908 5798 1051 5844 ἥκοι.
1145 5797 1161 5820 ³
1192 5793 1266 5841 ἔτι
1291 5792 1489 5852 ὁποίοις
1522 5792 1846 5861 μορφώσεσι,
1877 5791 1941 5845 Μ.
1973 5791 2059 5847 Sc.

1120 5653 1188 5712 ig,
1222 5651 1277 5702 Ρ.
1315 5651 1373 5703 Ι).
1410 5649 1508 5702 Ch.
1584 5653 1625 5681 θλ
1653 5650 1816 5720 χώρα,
1849 5650 1896 5703 Μ
1968 5651 2060 5705 Sc.
2164 5657 2207 5684 9⁵
2237 5652 2587 5722 ἀπογράφω),
2621 5651 2687 5705 Μ.
2722 5650 2810 5706 Sc.
2839 5652 3225 5720 professarum.
3285 5650 3381 5701 “5
3433 5667 3670 5714 πνευσιν,
3699 5651 3797 5704 Cb.
3841 5650 3900 5702 Ι).
3933 5649 4002 5705 Η.

1120 5723 1134 5748 ⁷
1164 5724 1246 5774 és‘
1275 5721 1409 5774 ἐνὸς.
1444 5721 1496 5772 l’.
1531 5722 1573 5750 9"
1602 5721 1992 5774 οεογονίας.·Μ.
2035 5724 2077 5752 99
2105 5723 2406 5774 θεουογίας.
2437 5725 2494 5774 l).
2540 5725 2603 5755 ¹⁰⁰
2631 5723 2690 5774 Ρ.
2717 5724 2896 5774 subdit
2926 5723 3141 5774 πάντες.
3193 5725 3209 5754 ¹
3238 5724 3354 5774 κατ’
3380 5670 3554 5774 ἓΞίαν.
3583 5722 3668 5774 Ρ.;
3698 5719 4002 5774 ἀπόδειξιν.

805 5725 890 5774 Sr.
937 5725 1050 5773 sar.
1096 5723 1134 5751 ντ
1164 5724 1246 5794 ἐφ’
1275 5721 1409 5794 ἐνὸς,
1444 5721 1496 5772 l’.
1531 5722 1573 5750 9"
1602 5721 2001 5794 θεοί-γονίαςίΜἒ
2035 5724 2077 5752 99
2105 5721 2406 5794 Osoupylag,
2437 5725 2494 5777 υ.
2540 5725 2603 5755 ¹⁰⁰
2631 5723 2690 5776 Ρ.
2717 5724 2896 5779 subdit
2926 5723 3141 5784 πάντες.
3193 5725 3209 5754 ¹
3238 5724 3354 5774 κατ’

3419 5722 3554 5786 ξίαν,
3583 5722 3668 5781 l’.;
3698 5719 3968 5781 ἀπόδειξιν
3986 5755 4004 5778 .
