4162 6304
180 360 296 416 633

1202 360 1286 414 DE
1321 359 1595 416 ECCLES.
1633 360 2018 428 lllERARCH.,
2053 363 2204 420 CAP.
2242 363 2307 418 Ill

3283 368 3385 424 43-1

178 478 542 548 πλαττόμενοι
573 475 704 548 πρὸς
741 475 836 546 τὴν
865 476 926 528 ἐκ
971 475 1306 542 θεογενεσίας
1343 475 1608 545 ἀρχίζωον
1654 476 1744 528 καὶ
1773 481 1819 536 Α

1739 517 1744 528 .
1773 481 1819 536 Α
1846 477 2072 546 eloquiis
2100 479 2400 540 foveantur,
2460 475 2790 547 viviﬁcisque
2820 477 3008 533 formis
3049 481 3116 533 ad
3171 480 3382 535 beatum

175 573 491 641 ἀρχίφωτον
546 572 639 623 καὶ
703 567 972 638 μακαρίαν
1017 568 1378 636 προσαγωγὴν
1445 568 1482 618 ³.
1537 569 1740 638 Ὥσπερ

173 659 298 725 οὖν,
326 664 373 715 εἰ
397 662 653 715 ἀτέλεστα
678 653 772 712 καῖ
816 659 1110 728 ἀμόρφωτα
1153 658 1476 727 προεκπεσοι
1502 656 1569 708 τὰ
1605 656 1742 710 κατά

173 759 362 828 σάρκα
392 757 560 826 βρέφη
601 752 698 820 τῆς
737 749 940 812 οἰκείας
972 749 1288 818 μαιεύσεως,
1331 749 1403 812 ὡς
1448 748 1741 820 ἀμϐλωθρί-

169 851 262 903 δια
289 851 386 902 καὶ
438 845 783 917 ἐκτρώματα,
833 843 932 913 τὴν
979 842 1265 910 ἀγέννητον
1311 841 1402 893 καὶ
1458 839 1626 904 ἀζωον
1649 841 1739 892 καὶ

167 940 477 1009 ἀφώτιστον
503 939 593 992 ἐπὶ
621 937 725 1006 γῆς
773 936 1082 988 ἀπόπτωσιν
1113 933 1242 996 ἕξει,
1299 933 1390 985 καὶ
1414 933 1509 984 οὐκ
1546 931 1609 984 ἄν
1655 947 1736 993 τις

167 1030 453 1102 εὐφρονῶν
483 1028 644 1091 εἴποι,
677 1029 813 1098 πρὸς
839 1025 897 1078 τὸ
927 1023 1244 1094 φαινόμενον
1278 1021 1620 1083 ἀποσκοπῶν,
1648 1021 1738 1073 ἐπὶ

165 1123 226 1174 τὸ
260 1123 379 1191 φῶς
408 1119 546 1173 αὖτά
592 1117 945 1190 προαχθῆναι,
978 1114 1070 1167 τοῦ
1094 1113 1231 1167 κατά
1250 1112 1485 1184 γαστέρα
1519 1113 1735 1174 σκότους

165 1213 582 1281 ἀπαλλαγέντα’
615 1210 765 1280 (φαίη
790 1208 897 1280 γὰρ
937 1207 1002 1260 ἂν
1029 1206 1189 1277 ἡτῶν
1227 1206 1488 1274 σωμάτων
1517 1204 1736 1273 ἐπιστη-

168 1303 368 1374 μονικὴ
401 1302 690 1373 προστάτις
737 1299 970 1369 ἰατρικὴ,
999 1298 1056 1349 τὸ
1084 1295 1198 1365 φῶς
1241 1295 1479 1364 ἐνεργεῖν
1506 1294 1524 1324 ⁵
1550 1294 1627 1356 είς
1668 1291 1736 1344 τὰ

164 1393 396 1448 δεκτικά
416 1393 508 1445 τοῦ
537 1392 711 1461 φωτός
731 1408 742 1420 ο
767 1389 786 1460 )
834 1388 974 1442 οὓτω
1029 1387 1121 1441 καὶ
1152 1385 1258 1438 τῶν
1289 1384 1447 1454 ἱερῶν
1474 1386 1505 1454 ἡ
1535 1383 1730 1436 πάνσο-⁵

165 1502 266 1554 φος
292 1487 568 1555 ἐπιστήμη
623 1483 813 1554 πρῶτα
863 1481 959 1551 μὲν
1002 1479 1197 1542 αὐτοὺς
1222 1481 1286 1549 τῇ
1321 1477 1427 1529 τῶν
1461 1493 1730 1548 μορφωτι-

164 1577 280 1629 κῶν
306 1577 399 1629 καὶ
426 1574 704 1639 ζωοποιῶν
725 1573 919 1641 λογίων
946 1572 1275 1640 εἰσαγωγικῇ
1315 1572 1485 1640 τροφῇ
1519 1567 1733 1638 μαιεύε-

161 1687 252 1721 ται
274 1709 288 1732 ,
320 1667 761 1738 τελεσφορήσασα
789 1666 844 1718 δέ
869 1666 966 1736 τὴν
1008 1664 1142 1734 πρὸς
1192 1661 1528 1730 θεογενεσίαν
1555 1659 1730 1712 αὐτῶν

164 1760 485 1822 ὑπόστασιν,
538 1759 776 1811 ἐνδίδωσι
825 1756 1102 1826 σωτηρίως
1129 1755 1310 1816 αὐτοῖς
1358 1752 1414 1805 ἐν
1455 1751 1604 1815 τάξει
1632 1751 1730 1822 τὴν

1845 571 2014 634 ἰΙΙιιιη,
2042 571 2130 639 qui
2162 585 2228 625 ex
2252 570 2428 625 divina
2453 570 2802 638 generatione
2845 573 3228 638 proficiscitur,
3261 575 3383 628 vita:

1839 664 2079 731 lucisque
2110 664 2405 733 principem
2434 677 2770 732 progressum
2801 663 3381 732 eﬂ‘ormentur.Qnem-

1839 755 2122 809 admodum
2172 755 2351 822 itaque
2399 754 2642 808 carnales
2685 755 2856 816 liberi,
2891 758 2935 810 si
2983 757 3280 825 imperfecti
3328 769 3382 812 et

1841 846 2118 907 informes,
2155 845 2468 899 obstetricis
2507 860 2635 899 cura
2704 847 2969 912 destituti,
3001 855 3122 900 ante
3177 858 3384 917 tempus

1837 937 2108 1001 excidant,
2139 946 2198 992 ut
2226 937 2455 993 abortivi
2494 948 2549 993 et
2570 939 2812 1002 abortus,
2847 939 3139 993 nativitatis
3167 954 3229 993 ac
3257 939 3380 992 vita:

1835 1029 2079 1097 lucisque
2111 1039 2379 1084 exsortem
2409 1029 2462 1082 in
2491 1038 2690 1083 terram
2723 1029 2926 1096 lapsum
2952 1029 3184 1082 habituri
3216 1037 3374 1084 sunt:

1833 1135 2006 1191 neque
2033 1120 2317 1190 quisquam
2370 1122 2461 1190 qui
2517 1131 2665 1176 recte
2707 1119 2974 1189 jndicabit
3022 1120 3076 1174 id
3108 1121 3246 1189 quod
3289 1135 3380 1189 ap-

1832 1223 1988 1284 paret
2013 1215 2288 1279 intuendo,
2330 1214 2525 1268 dixerit
2555 1215 2607 1268 in
2653 1214 2826 1268 lucem
2862 1215 3006 1284 ipsos
3037 1227 3153 1269 esse
3183 1216 3375 1278 editos,

1831 1305 1972 1372 quod
2000 1305 2107 1359 sint
2133 1308 2200 1361 ab
2232 1305 2338 1358 alvi
2369 1306 2606 1359 tenebris
2637 1305 2847 1360 liberati
2890 1305 3053 1375 (dicet
3094 1305 3234 1358 enim
3266 1321 3378 1358 me-

1831 1395 2025 1459 dicina,
2072 1397 2242 1464 perita
2274 1409 2561 1465 corporum
2588 1410 2808 1465 praeses,
2858 1395 3030 1448 lucem
3071 1397 3175 1448 vim
3224 1410 3375 1448 suam

1829 1500 2047 1556 egerere
2073 1489 2126 1541 in
2152 1487 2239 1541 illa
2272 1502 2390 1556 quae
2418 1488 2555 1542 lucis
2605 1496 2729 1541 sunt
2778 1488 3020 1557 capacia)
3046 1505 3059 1552 ;
3089 1488 3166 1541 sic
3194 1500 3375 1540 sacro-

1828 1594 1948 1634 rum
1989 1581 2204 1647 sapiens
2236 1579 2514 1649 disciplina
2568 1579 2797 1648 primum
2855 1580 3067 1647 quidem
3114 1580 3258 1648 ipsos
3295 1581 3374 1633 in-

1832 1669 2167 1724 troductorio
2197 1668 2466 1723 formandi
2499 1677 2551 1724 et
2575 1668 2885 1722 viviticandi
2914 1668 3021 1722 vim
3055 1669 3373 1723 habentium

1828 1759 2165 1829 eloquiorum
2195 1759 2316 1814 cibo
2343 1759 2504 1822 fovet,
2553 1759 2645 1814 ubi
2690 1773 2818 1813 vero
2850 1769 3048 1813 statum
3081 1774 3265 1812 eorum
3291 1761 3374 1812 di-

164 1851 303 1920 πρὸς
353 1848 421 1902 τὰ
469 1848 729 1918 φωτοειδῆ
776 1849 867 1900 καὶ
910 1841 1313 1914 τελεσιουργικά
1356 1844 1376 1874 ⁸
1416 1843 1723 1895 κοινωνίαν’
1759 1826 1799 1880 Β

1759 1826 1799 1880 Β
1831 1826 1966 1906 vina:
1990 1850 2380 1920 regenerationi
2433 1859 2613 1918 aptum
2660 1849 2966 1914 absolverit,
3005 1859 3114 1904 tum
3159 1851 3371 1906 demum

162 1942 255 1995 νῦν
279 1942 338 1995 δὲ
359 1942 434 2004 ὡς
463 1941 760 1994 ἀτελέστων
806 1936 1206 1991 ἀποδιαστέλλει
1228 1936 1294 1989 τὰ
1314 1935 1511 2000 τέλεια,
1539 1935 1637 2005 τῆς
1665 1953 1723 1988 τε

162 2034 458 2104 εὐκοσμίας
505 2033 610 2084 τῶν
654 2030 811 2102 ἱερῶν
857 2028 1299 2100 προμηθουμένη,
1333 2028 1424 2080 καὶ
1471 2027 1575 2096 τῆς
1617 2027 1723 2080 τῶν

163 2123 583 2193 κατηχουμένων
631 2121 689 2172 ἐν
741 2120 959 2174 θεοειδεῖ
1017 2118 1123 2171 τῶν
1195 2117 1516 2188 ίεραρχικῶν
1575 2117 1721 2184 τάξει

164 2215 469 2283 μαιεύσεως
494 2215 585 2268 καὶ
611 2213 770 2282 ζωῆς.

1833 1946 1900 2000 iis
1924 1942 2211 1999 salubriter
2239 1943 2428 1997 ordine
2460 1941 2706 1997 concedit
2731 1956 2907 1995 rerum
2934 1939 3295 1994 luciformium
3319 1949 3375 1992 et

1829 2033 2226 2102 perﬁcientium
2272 2032 3020 2098 commnnicationem;nune
3049 2046 3177 2084 vero
3225 2030 3373 2085 velut

1827 2127 1896 2180 ab
1927 2124 2257 2193 imperfectis
2289 2123 2527 2193 perfecta
2568 2123 2826 2188 secernit,
2883 2138 3002 2176 cum
3041 2123 3250 2177 decoris
3278 2137 3368 2176 sa-

1825 2234 2061 2284 crorum,
2101 2227 2209 2272 tum
2239 2219 2750 2273 catechumenorum
2787 2215 3130 2270 educationis
3154 2230 3217 2269 ac
3247 2215 3368 2269 vitae

1823 2327 2007 2366 curam
2038 2325 2251 2381 gerens,
2283 2309 2436 2379 juxta
2469 2309 2782 2363 deiformem
2813 2307 3018 2362 ordinis
3045 2305 3364 2360 hierarchici

1820 2403 2272 2458 constitutionem.

1659 2565 1687 2636 §
1718 2564 1852 2625 VII.

236 2735 302 2788 'H
332 2733 518 2789 δὲτῶν
565 2733 962 2804 ἐνεργουμένων
1007 2731 1213 2804 πληθὺς
1256 2731 1464 2802 ἀνίερον
1508 2728 1604 2801 μὲν
1629 2728 1722 2781 καὶ

163 2827 316 2897 αὕτη,
342 2825 567 2895 δευτέρα
591 2824 646 2877 δὲ
669 2825 803 2897 πρὸς
833 2825 892 2877 τὸ
918 2825 1028 2878 ἀνω
1049 2824 1148 2892 τῆς
1170 2823 1278 2875 τῶν
1305 2821 1722 2893 κατηχουμένων

160 2919 300 2971 ἐστὶν
326 2918 601 2989 ἐσχατιᾶς.
630 2917 764 2969 Οὑδέ
790 2917 896 2988 γὰρ
924 2916 1058 2980 ῐσον,
1097 2914 1170 2978 ὼς
1204 2912 1375 2985 οἶμαι,
1408 2914 1501 2967 τοῦ
1529 2932 1721 2967 παντε-

161 3009 262 3072 MT);
282 3009 527 3078 ἀμυήτου
553 3009 644 3060 καὶ
683 3007 790 3059 τῶν
818 3007 972 3059 θείων
1016 3006 1239 3058 τελετῶν
1273 3004 1455 3075 ἄκρως
1497 3004 1716 3057 ἀκοινω-

159 3099 314 3168 νήτου
336 3098 396 3150 τὸ
427 3097 714 3167 μετουσίαν
741 3095 862 3148 τινὰ
885 3096 992 3149 τῶν
1040 3096 1340 3167 ίερωτάτων
1370 3093 1597 3165 ἐσχηκὸς
1625 3111 1713 3146 τε-

159 3186 469 3259 λεστηρίων,
498 3188 576 3241 ἔτι
619 3187 673 3240 δὲ
715 3191 832 3250 ταῖς
877 3188 1139 3248 ἐναντίαις
1165 3187 1196 3256 ἢ
1224 3186 1456 3253 θέλξεσιν
1491 3185 1522 3254 ἢ
1549 3203 1709 3256 ταρα-

1885 2725 2054 2779 Porro
2085 2738 2569 2794 energnmenorum
2613 2724 2766 2778 turba
2822 2724 3098 2778 immunda
3149 2723 3362 2792 quidem

1815 2827 1895 2873 est
1918 2825 1974 2872 et
1995 2818 2130 2886 ipsa,
2162 2825 2530 2870 verumtamen
2565 2815 2859 2869 secundum
2917 2815 3089 2867 locum
3117 2816 3362 2882 superio-

1813 2925 1926 2965 rem
1957 2924 1986 2963 a
2033 2909 2541 2963 catechumenorum
2601 2908 2947 2985 extremitate
2992 2909 3216 2960 obtinet.
3260 2905 3361 2960 Ne-

1810 3016 1912 3071 que
1938 3001 2080 3056 enim
2108 2999 2320 3070 penitus
2343 2998 2591 3067 profano,
2617 2999 3026 3066 divinorumque
3048 3012 3358 3051 sacramen-

1814 3104 1990 3149 torum
2027 3106 2250 3164 prorsns
2305 3091 2478 3145 exorti
2525 3105 2619 3160 par
2657 3100 2711 3144 et
2759 3090 2960 3158 :equale
3013 3090 3255 3143 duxerim
3305 3089 3356 3141 id

1810 3184 1966 3254 192
1998 3183 2138 3251 quod
2167 3181 2219 3234 in
2252 3180 2488 3248 aliquam
2514 3179 3001 3234 sacratissimorum
3036 3191 3354 3231 sacramen-

156 3282 274 3348 χαῖς
294 3280 669 3350 ἐνεσχημένον,
699 3278 831 3332 ἀλλὰ
860 3279 949 3330 καὶ
981 3279 1114 3348 πρὸς
1144 3279 1335 3340 αὐτοὺς
1370 3278 1403 3347 ἡ
1447 3276 1553 3329 τῶν
1577 3295 1712 3330 παν·
1740 3277 1782 3337 C

1710 3310 1712 3315 μ
1740 3277 1782 3337 C
1816 3282 1987 3327 torum
2018 3279 2222 3341 partem
2249 3269 2417 3330 venit,
2466 3267 2676 3322 tametsi
2716 3267 3016 3321 contrariis
3067 3265 3353 3319 etiamnum

160 3379 311 3447 ιέρων
355 3379 450 3432 θέα
493 3381 585 3432 καὶ
608 3379 856 3432 κοινωνία
885 3379 906 3410 ⁸
946 3378 1305 3442 συστέλλεται,
1342 3378 1436 3432 καὶ
1461 3377 1600 3450 μάλα
1642 3395 1703 3445 γε

157 3465 390 3528 εἰκότως.
437 3467 499 3518 Ei
551 3465 658 3536 γάρ
703 3466 848 3516 ἐστιν
879 3463 1090 3533 ἀληθὲς,
1128 3464 1203 3526 ὡς
1239 3465 1268 3516 ό
1313 3463 1538 3517 καθόλου
1565 3463 1704 3526 θεῖος

157 3553 309 3624 ἀνὴρ,
358 3557 386 3607 ό
436 3558 541 3609 τῶν
572 3554 732 3608 θείων
767 3553 912 3620 ἀξιος
961 3556 1231 3620 κοινωνὸς,
1280 3555 1308 3606 ό
1357 3553 1491 3626 πρὸς
1527 3553 1702 3606 τὸτοῦ

159 3645 268 3693 κατ’
292 3645 450 3697 αὐτὸν
481 3643 738 3706 θεοειδοῦς
759 3642 922 3712 ἄκρον
946 3644 1001 3694 ἐν
1029 3641 1309 3695 παντελέσι
1334 3644 1427 3695 καὶ
1448 3642 1706 3695 τελειωτι-

159 3733 276 3794 atat;
307 3732 558 3786 θεώσεσιν
589 3733 908 3803 ἀνηγμένος,
937 3733 1055 3784 οὐδὲ
1095 3732 1164 3784 τὰ
1205 3733 1400 3804 σαρκὸς
1427 3735 1703 3804 ἐνεργήσει

159 3824 299 3894 παρὰ
334 3826 432 3894 τὴν
477 3825 614 3877 κατά
671 3827 828 3894 φύσιν
876 3827 1293 3897 ἀναγκαιότητα,
1343 3825 1436 3878 zeal.
1477 3825 1630 3876 τοῦτο
1656 3827 1703 3876 εί

158 3915 296 3984 τύχοι
325 3917 632 3987 παρέργως,
669 3917 790 3980 ναὸς
812 3918 865 3970 δὲ
894 3918 1006 3987 ἅμα
1030 3919 1121 3970 καὶ
1165 3917 1360 3980 όπαδὸς
1407 3918 1462 3968 ἐν
1488 3919 1552 3985 τῇ
1581 3915 1700 3969 κατ’

158 4005 307 4057 αὑτὸν
351 4007 618 4077 ἀκροτάτῃ
665 4007 852 4061 θεώσει
906 4009 998 4060 τοῦ
1045 4009 1330 4080 θεαρχικοῦ
1394 4009 1702 4079 Πνεύματος

159 4091 316 4159 ἔσται,
343 4099 421 4168 τῷ
447 4101 613 4170 ὁμοίῳ
635 4099 697 4150 τὸ
721 4099 902 4169 ὅμοιον
943 4101 1198 4173 ἐνιδρύων
1217 4118 1229 4130 ·
1268 4101 1366 4154 οὐκ
1398 4101 1461 4154 ἂν
1482 4104 1508 4154 ό
1530 4101 1702 4153 τοιοῦ-

158 4185 238 4249 τός
259 4205 380 4241 ποτε
407 4191 540 4261 πρὸς
566 4192 671 4244 τῶν
699 4193 949 4246 ἐναντίων
991 4192 1305 4263 ἐνεργηθείη
1336 4193 1640 4261 φαντασιῶν
1665 4192 1697 4262 ἢ

157 4273 428 4346 δειμάτων,
451 4281 732 4348 γελάσεται
758 4283 814 4336 δὲ
844 4282 998 4348 αὐτὰ,
1029 4285 1121 4336 καὶ
1149 4284 1437 4354 προσιόντα
1468 4301 1700 4336 καταπα-

160 4361 336 4431 λαίσει,
363 4371 457 4423 καὶ
482 4371 810 4438 ἐκδιώξεται,
857 4375 950 4426 καὶ
1006 4375 1191 4446 δράσει
1220 4374 1413 4445 μᾶλλον
1440 4375 1473 4445 ἢ
1520 4376 1698 4427 πείσε-

158 4471 256 4520 ται,
281 4463 368 4515 καὶ
424 4464 555 4535 πρὸς
601 4465 677 4535 τῷ
717 4467 736 4494 ’⁷
772 4465 870 4536 τῆς
915 4467 1116 4529 οίκείας
1167 4466 1328 4530 ἕξεως
1385 4466 1582 4518 ἀπαθεῖ
1607 4468 1698 4519 καὶ

159 4546 401 4623 ἀνενδότῳ
427 4555 518 4606 καὶ
543 4555 746 4625 ἑτέροις
775 4556 954 4628 ἰατρὸς
997 4557 1286 4628 ὀφθήσεται
1321 4557 1426 4610 τῶν
1449 4557 1695 4610 τοιούτων

1805 3363 2077 3418 illecebris
2152 3360 2717 3429 perturbationibusve
2798 3359 3131 3426 implicetur;
3194 3371 3356 3424 quan-

1803 3470 1964 3525 quam
1994 3456 2154 3508 etiam
2188 3453 2320 3521 ipsis
2346 3468 2523 3506 rerum
2577 3451 3066 3506 sacratissimarum
3105 3463 3354 3518 aspectus

1803 3543 2214 3613 communioth
2237 3543 2596 3608 subtrahitur,
2633 3550 2686 3597 et
2711 3543 2924 3610 quidem
2983 3541 3104 3610 jure
3138 3543 3347 3595 merito.

1803 3638 1936 3692 Nam
1968 3637 2013 3693 si
2043 3651 2228 3690 verum
2287 3636 2357 3690 sit
2410 3636 2648 3689 divinum
2699 3650 2915 3704 prorsus
2943 3635 3114 3687 virum
3144 3634 3348 3687 divino-

1804 3744 1920 3782 rum
1945 3728 2326 3783 communione
2381 3727 2619 3794 dignnm,
2651 3740 2745 3794 pro
2776 3741 2872 3780 suo
2899 3724 3110 3778 modulo
3140 3725 3206 3776 ad
3237 3723 3347 3776 dei-

1803 3819 2090 3874 forutitatis
2112 3819 2377 3887 fastigium
2395 3818 2796 3888 perfectissimis
2819 3817 3227 3886 perfectivisquc
3240 3818 3340 3869 dei-

1803 3909 2147 3964 ficationibus
2175 3919 2436 3972 evectum,
2476 3925 2534 3962 ea
2563 3923 2680 3977 qua:
2735 3909 2908 3961 carnis
2958 3919 3081 3960 sunt
3130 3907 3348 3960 minime

1802 4011 2110 4056 curaturum
2144 4000 2278 4054 citra
2312 4009 2512 4052 natura:
2539 3999 2939 4061 necessitatem,
2989 3997 3169 4064 idque,
3191 4008 3346 4064 prout

1800 4108 1931 4148 usus
1969 4093 2090 4157 fert,
2121 4092 2314 4156 obiter,
2347 4091 2437 4145 sed
2470 4091 2523 4144 itt
2557 4089 2941 4144 sublimissima
2981 4088 3067 4141 illa
3095 4105 3211 4156 qua:
3243 4090 3343 4156 ipsi

1801 4185 2058 4252 competit
2111 4183 2452 4236 deificatione
2502 4181 2753 4250 templum
2789 4180 2947 4235 simul
2982 4179 3209 4250 Spiritus
3249 4179 3340 4232 Dci

1798 4278 2116 4347 principalis
2155 4285 2586 4345 sectatoremqne
2636 4275 2894 4340 futurum,
2937 4278 3060 4329 dum
3092 4275 3339 4329 similein

1798 4371 1960 4425 simili
1989 4370 2178 4424 fundat
2235 4369 2607 4438 collocatque:
2663 4369 2900 4437 profecto
2961 4369 3208 4437 quisquis
3258 4376 3340 4422 est

1797 4465 2080 4532 ejusmodi,
2101 4463 2389 4518 contrariis
2416 4475 2688 4530 nunquam
2733 4460 3206 4530 imaginationibus
3234 4468 3338 4513 ter-

1805 4556 2120 4624 roribusque
2145 4555 2452 4619 vexabitur,
2485 4567 2668 4606 verum
2730 4552 2975 4606 irridebit
3027 4565 3141 4615 eos,
3179 4565 3335 4604 accc-

160 4636 541 4712 ἑνεργημάτων.
591 4641 752 4714 Οἶμαι
802 4626 994 4714 stt-(6)
1023 4626 1152 4716 προς
1190 4647 1378 4717 τούτῳ,
1415 4648 1608 4717 μᾶλλον
1634 4646 1687 4699 δὲ
1727 4626 1803 4694 θη

1727 4626 1770 4680 D
1798 4645 2087 4714 dentesque
2119 4643 2425 4715 proﬂigabit
2453 4660 2516 4699 ac
2542 4655 2911 4714 persequetur,
2945 4653 3169 4714 agatque
3231 4658 3335 4696 ma-

158 4724 262 4782 οἶδα
292 4736 491 4803 σαφῶς,
519 4737 591 4800 ὡς
615 4738 646 4808 ὴ
672 4738 776 4790 τῶν
831 4739 1152 4809 ἱεραρχικῶν
1183 4739 1203 4771 ⁸
1230 4741 1558 4811 ἀμιγεστάτη
1587 4741 1691 4792 διὰ-

162 4834 319 4888 κρισις
341 4827 444 4897 πρὸ
466 4827 666 4880 τούτων
695 4826 831 4882 οἶδεν
884 4829 1302 4899 ἐνεργουμένους
1333 4832 1689 4900 ὲναγεστάτην

161 4909 433 4982 ἐνέργειαν,
463 4918 594 4982 ὅσοι,
618 4919 716 4989 τῆς
741 4919 1001 4985 θεοειδοῦς
1027 4922 1354 4984 ἀποστάντες
1381 4920 1541 4992 ζωῆς,
1570 4922 1690 4990 ὁμό·

162 5004 331 5070 φρονὲς
357 5023 412 5058 τε
439 5009 532 5059 καὶ
558 5008 850 5079 όμότροποι
873 5015 982 5074 τοῖς
1004 5010 1260 5081 ὀλεθρίοις
1287 5011 1556 5077 γίγνονται
1579 5011 1690 5062 δαί-

165 5106 290 5159 μοσι,
322 5095 384 5147 τὰ
408 5098 506 5167 μὲν
533 5097 694 5162 ὅντως
721 5100 867 5163 ὄντα,
896 5102 988 5153 καὶ
1036 5101 1311 5164 άθανάτως
1351 5101 1543 5172 κτητὰ,
1593 5103 1686 5154 καὶ

163 5175 365 5244 altovid);
421 5183 569 5252 ἡδέα,
637 5186 702 5238 δι’
751 5188 981 5260 ἐσχάτην
1034 5189 1125 5241 καὶ
1181 5189 1390 5251 ἑαυτοῖς
1447 5189 1683 5260 ὀλέθριον

163 5265 385 5340 ἀνοησίαν
415 5278 906 5348 ἀποστρεφόμενοι·
946 5281 1042 5351 τὴν
1102 5280 1361 5350 πρόσυλον
1387 5281 1441 5332 δὲ
1479 5283 1568 5334 καὶ
1591 5299 1682 5334 πο-

1792 4734 1874 4801 gis
1905 4751 2064 4805 quam
2090 4735 2343 4804 patietur,
2377 4743 2431 4788 et
2475 4749 2571 4803 pro
2625 4733 2846 4789 affectus
2876 4735 2956 4788 sui
2992 4734 3334 4803 itnpassibili-

1795 4833 1903 4879 tate
1927 4835 2087 4895 atque
2111 4826 2418 4881 constantia
2441 4825 2560 4880 aliis
2585 4842 2795 4896 quoque
2817 4826 3072 4881 similium
3100 4826 3332 4878 vexatio-

1791 4931 1917 4969 nutn
1951 4916 2214 4970 medicum
2274 4931 2332 4970 se
2390 4917 2954 4984 prazbebit.Caeterum
2981 4919 3192 4987 opinor,
3225 4917 3330 4970 imo

1792 5022 1920 5061 vero
1945 5020 2282 5076 compertum
2337 5008 2530 5074 habeo,
2575 5010 2995 5063 sincerissimum
3052 5024 3324 5064 sacrorum

1792 5101 2041 5154 ordinum
2081 5100 2344 5168 judicium
2375 5117 2616 5164 censere,
2670 5119 2778 5173 prae
2821 5104 2936 5158 istis
2966 5105 3323 5160 detestabilis-

1789 5191 1924 5246 sima
1949 5192 2226 5247 obsidione
2250 5193 2417 5247 teneri
2442 5195 2678 5262 eos,_qui
2706 5193 3014 5249 deiformem
3047 5197 3207 5248 vitam
3235 5197 3324 5250 de-

1785 5292 2044 5348 serentes,
2072 5285 2353 5339 sententiis
2387 5286 2730 5354 moribusque
2787 5287 3005 5356 perditis
3061 5288 3320 5341 dannoni-

163 5353 536 5437 λυπαθεπάτην
585 5368 895 5434 ἀλλοίωσιν,
953 5372 1047 5422 καὶ
1092 5369 1188 5433 τὰς
1253 5371 1544 5441 ὀλλυμένας
1590 5374 1681 5426 καὶ
1782 5375 1806 5428 h

1672 5391 1681 5426 ι
1782 5375 1883 5430 bus
1905 5361 2244 5430 consentiunt
2305 5377 2430 5431 dum
2456 5394 2516 5432 ea
2539 5353 2748 5446 quidem
2784 5353 2900 5448 qua:
2930 5389 2981 5434 et
3022 5395 3146 5434 vere
3175 5393 3315 5438 sunt.

1408 5592 1639 5646 V'ARIAS
1678 5591 2070 5647 LECTIONES.

223 5714 572 5799 .‘nf’an'Wﬁv
595 5762 608 5782 ,
640 5723 695 5774 Ρ.
727 5725 784 5776 ll.
815 5725 911 5799 Cll.
941 5726 1246 5799 oranwﬁvp
1363 5729 1417 5780 S‘
1447 5728 1504 5781 ni.
1569 5732 1586 5761 ι
1612 5733 1693 5782 ἐνί

167 5776 336 5852 θεθειδῆ
364 5776 448 5842 xi"-
475 5776 928 5863 ἓεἈεσιυυργικήν,
957 5776 1141 5852 Μ.’8ς’.
1166 5776 1344 5851 Vest:
1373 5802 1642 5866 κοινωνία,
1677 5776 1741 5857 Ill.

1704 5733 1939 5802 Ργήσειν,
1998 5735 2092 5805 (Ili.
2149 5737 2443 5805 ἐνεργηπή

1777 5806 1833 5856 ὃ.
1911 5805 1926 5834 ⁷
1960 5803 2087 5873 πρὸς
2114 5805 2190 5869 τό,
2225 5803 2288 5857 Μ.
2320 5811 2383 5859 ι’.-
2416 5819 2499 5860 :c.

2507 5741 2559 5790 S.
2600 5739 2651 5814 ιι
2712 5741 2862 5814 Sar._
2922 5746 2937 5765 ⁵
2969 5745 3093 5811 πρὸς
3123 5744 3177 5796 2e,
3205 5745 3313 5814 ge);

2599 5810 2615 5834 "
2642 5811 2928 5879 ἰεριρχῶν,
2956 5810 3051 5865 (In.
