4172 6304
815 364 924 428 438

1981 373 2034 429 S.
2068 372 2361 429 DIONYSII
2387 372 2846 430 AREOPAGITE

3933 370 4033 425 ιδθ

814 499 869 544 et
889 488 1269 545 immortaliter
1305 489 1662 558 possidentur,
1694 504 1856 561 atque
1905 495 2236 548 mterualiter
2274 495 2367 546 de-
2404 537 2410 562 γ

2475 493 2821 563 φθοροποιοὺς
2865 492 3073 563 ἡδονὰς,
3104 492 3196 544 καὶ
3252 492 3352 564 τὴν
3401 490 3650 546 ἀϐέϐαιον
3673 493 3730 545 ἐν
3757 495 3870 556 τοῖς
3894 491 4038 547 ἀλλο·

819 581 1041 647 lectant,
1070 595 1167 649 per
1187 589 1489 634 extremam
1515 581 1727 650 sibique
1772 582 2130 650 perniciosam
2159 583 2375 637 demen-

817 672 944 724 tiam
973 679 1313 733 aversantur;
1341 671 1678 726 materialem
1713 686 1840 726 vero
1872 672 2221 740 pluribusque
2248 683 2374 739 perv

817 760 1213 815 turbationibus
1258 762 1551 817 obnoxiam
1611 763 2065 826 immutationem,
2114 763 2375 832 perditas-

815 866 922 920 que
947 867 1011 906 ac
1037 857 1402 922 corruptrices
1429 857 1751 925 voluptates,
1780 864 1836 909 et
1864 856 2197 918 instabilem,
2222 868 2375 907 eam-

814 958 921 1012 que
951 944 1208 1008 alienam,
1235 962 1407 1015 neque
1459 963 1584 1001 vere
1611 949 1954 1011 existentem,
1989 949 2083 1003 sed
2111 959 2374 1024 apparen-

819 1027 926 1090 tem
979 1037 1398 1092 delecta-tionem
1450 1041 1695 1094 ambiunt
1761 1051 1816 1095 et
1859 1049 2256 1094 consectantur.
2310 1035 2375 1090 Hi

815 1143 944 1196 ergo
968 1129 1151 1197 primi,
1185 1138 1238 1182 et
1261 1131 1474 1196 quidem
1509 1133 1678 1200 magis
1737 1133 1954 1201 proprie
1976 1147 2134 1200 quam
2164 1131 2260 1196 illi,
2287 1143 2372 1185 se-

815 1208 1092 1287 gregativa
1124 1219 1356 1272 ministri
1403 1234 1532 1273 voce
1573 1230 1897 1284 arceantur;
1927 1236 2098 1287 neque
2124 1219 2265 1272 enim
2297 1217 2376 1270 fas

816 1311 886 1364 sit
916 1311 994 1365 eis
1025 1311 1312 1377 cujuslibet
1347 1315 1572 1367 alterius
1603 1315 1678 1366 rei
1715 1329 1885 1367 sacrae
1934 1315 2228 1383 participes
2251 1325 2374 1364 eva-

817 1405 968 1469 dere,
1001 1416 1358 1474 praeterquam
1389 1408 1724 1475 eloquiorum
1778 1407 1893 1466 Dei.
1946 1422 2175 1474 quormn
2206 1405 2378 1474 magi-

815 1497 982 1550 sterio
1011 1499 1076 1551 ad
1110 1500 1385 1554 meliorem
1436 1499 1643 1567 frugem
1693 1500 1934 1553 converti
1967 1499 2194 1566 possint.
2242 1497 2373 1551 Nam

816 1593 858 1647 si
892 1592 1344 1660 supermuudialis
1383 1593 1469 1646 illa
1488 1608 1774 1649 sacrorum
1804 1595 2105 1648 divinorum
2131 1593 2374 1655 celebra-

818 1683 912 1745 tio,
937 1683 1231 1737 etiamdum
1282 1687 1633 1753 pmnitentes,
1688 1683 1899 1738 tametsi
1940 1683 2211 1752 quondam
2261 1682 2375 1754 ejus

814 1786 1116 1842 compotes,
1158 1776 1390 1845 repellit,
1447 1792 1553 1831 non
1615 1776 1716 1830 nisi
1776 1775 2119 1830 sanctissimo
2161 1791 2376 1846 quoque

2474 587 2642 656 τρίοις
2668 587 2765 638 οὐκ
2794 581 2978 648 οὖσαν,
3029 584 3164 638 ἀλλά
3215 585 3473 638 δοκοῦσαν
3519 584 3813 638 εὐπάθειαν
3861 584 4038 638 ἐπιθυ-

2479 675 2702 745 μοῦντες
2732 678 2825 729 καὶ
2856 675 3222 746 ἐνεργοῦντες.
3255 677 3316 728 Οί
3348 671 3554 746 πρῶτοι
3613 675 3657 726 δ’
3679 676 3700 707 ³
3760 670 3854 727 οὖν
3893 671 4035 730 οὗτοι

2473 771 2567 822 καὶ
2596 767 2925 840 κυριώτερον
2948 769 3170 821 ἐκείνων
3196 768 3299 820 ὑπὸ
3347 768 3445 839 τῆς
3477 768 3570 820 τοῦ
3601 762 3910 835 λειτουργοῦ
3935 767 4037 820 δια-

2474 863 2727 932 κριτικῆς
2755 863 2940 931 φωνῆς
2965 861 3408 931 ἀφοριζέσθωσαν
3428 879 3441 892 ο
3469 863 3528 913 οὐ
3561 860 3669 932 γὰρ
3701 861 3921 930 θεμιτὸν
3949 860 4040 913 αύ-

2473 955 2584 1014 τοῖς
2611 953 2796 1026 ἐτέρου
2837 953 2978 1015 τινὸς
3009 951 3153 1023 ἱεροῦ
3178 952 3494 1023 μετασχεῖν,
3526 953 3558 1022 ἢ
3583 953 3682 1020 τῆς
3711 952 3818 1004 τῶν
3845 951 4038 1019 λογίων

2475 1043 2898 1113 ὲπιστρεπτικῆς
2928 1045 3019 1097 ἐπὶ
3047 1044 3115 1096 τὰ
3151 1045 3383 1115 κρείττω
3427 1044 3792 1107 διδασκαλίας.
3844 1046 3906 1097 Et
3930 1044 4038 1115 γάρ

2476 1136 2506 1202 ἡ
2535 1136 2641 1188 τῶν
2673 1136 2828 1188 θείων
2857 1137 3222 1206 ὑπερκόσμιος
3269 1136 3545 1206 ἱερουργία
3590 1136 3684 1188 καὶ
3712 1137 3837 1200 τοὺς
3867 1140 3923 1190 ὲν
3956 1152 4040 1206 μι-

2473 1227 2678 1297 τανοίᾳ,
2707 1229 2798 1280 καὶ
2823 1227 2950 1288 τοὺς
2981 1228 3022 1258 ιο
3050 1226 3184 1297 πρὸς
3212 1226 3378 1297 αὐτὴν
3425 1227 3523 1297 ἤδη
3581 1227 3885 1297 γεγονότας,
3915 1229 4041 1280 ἀπο-

2476 1317 2772 1387 κρύπτεται
2800 1319 2862 1382 “,
2892 1319 2951 1370 τὸ
2982 1318 3052 1389 μὴ
3101 1318 3377 1381 παντελῶς
3424 1317 3713 1387 ἱερώτατον
3742 1319 3802 1370 οὐ
3831 1335 4042 1388 προσιε-

2479 1407 2613 1478 μένη
2637 1424 2649 1436 ·
2700 1411 3009 1478 προσφωνεῖ
3029 1407 3084 1459 δὲ
3113 1410 3205 1461 καὶ
3246 1410 3403 1462 τοῦτο
3450 1410 3739 1477 πανάγνως
3759 1449 3773 1473 ,
3818 1410 3898 1461 ὅτι
3932 1408 4040 1462 Καὶ

2472 1504 2585 1562 τοῖς
2610 1500 2747 1552 κατά
2772 1516 2824 1551 τι
2864 1499 2999 1570 πρὸς
3049 1501 3108 1552 τὸ
3151 1501 3243 1553 τοῦ
3299 1500 3564 1565 θεοειδοῦς
3615 1501 3784 1571 ἀκρον
3835 1498 4040 1563 ἀτελῶς

2475 1587 2847 1653 ὲξασθενοῦσιν
2880 1589 3104 1653 ἀθέατος
3129 1591 3243 1660 εἰμι
3294 1591 3387 1642 καὶ
3429 1589 3786 1660 ἀκοινώνητος
3814 1588 4036 1659 (ἀποσο-

2476 1679 2560 1730 ϐεῖ
2598 1679 2706 1750 γὰρ
2733 1681 2765 1748 ἡ
2792 1678 2932 1731 κατὰ
2988 1680 3091 1731 πᾶν
3125 1678 3464 1750 ἀμιγεστάτη
3496 1677 3644 1749 φωνὴ
3669 1677 3764 1731 καὶ
3810 1677 3937 1739 τοὺς
3967 1675 4037 1746 μὴ

2474 1772 2806 1842 δυναμένους
2837 1771 3149 1843 ωνδεθῆναι
3192 1773 3306 1834 τοῖς
3331 1771 3437 1823 τῶν
3469 1770 3756 1823 θειοτάτων
3805 1768 3971 1833 ἀξίως
3997 1769 4041 1800 ¹¹

815 1866 1084 1934 admisso;
1111 1870 1240 1937 quin
1271 1870 1434 1924 etiam
1477 1870 1814 1937 proclamat:
1857 1867 1971 1934 Ego
2001 1867 2067 1921 ad
2093 1868 2371 1923 deil‘ormi-
2407 1866 2410 1916 1

2475 1863 2799 1933 κοινωνοῖς),
2865 1863 3040 1933 πολλῷ
3061 1881 3123 1932 γε
3177 1864 3372 1935 μᾶλλον
3398 1865 3430 1934 ἡ
3474 1862 3581 1915 τῶν
3609 1860 3868 1932 ἐμπαθῶς
3894 1862 4042 1932 ἐνερ-

820 1960 948 2014 tatis
987 1961 1200 2015 culmen
1252 1973 1472 2032 propter
1525 1977 1676 2015 suam
1752 1959 2213 2028 imperfectionem
2268 1975 2374 2014 non

817 2054 1525 2123 assurgentibusinvisibilis
1545 2064 1599 2108 et
1626 2050 2152 2108 incommunicabilis
2195 2057 2376 2111 existo

817 2153 986 2200 (arcet
1014 2147 1157 2198 enim
1184 2147 1475 2215 purissima
1506 2162 1610 2200 vox
1653 2146 1750 2202 ista
1779 2163 1992 2217 quoque
2025 2149 2148 2204 illos
2174 2150 2263 2216 qui
2294 2163 2377 2203 re-

817 2238 917 2292 bus
948 2239 1302 2293 divinissimis
1353 2238 1514 2306 digne
1544 2240 2073 2296 communicantihus
2122 2242 2374 2313 conjungi

819 2347 926 2383 non
953 2337 1198 2400 possunt)
1234 2333 1479 2400 adeoque
1529 2333 1699 2401 magis
1733 2347 1944 2397 eorum,
1967 2334 2058 2404 qui
2103 2335 2376 2403 passioni-

817 2427 917 2477 Iius
965 2425 1333 2492 exagitantur,
1364 2425 1521 2478 turba
1563 2424 1785 2493 profana
1814 2427 1942 2488 erit,
1973 2434 2027 2478 et
2057 2425 2125 2480 ab
2153 2436 2371 2496 aspectu

814 2515 1301 2582 minmunioneque
1358 2530 1637 2570 sacrorum
1674 2516 1828 2586 193
1865 2517 2068 2588 aliena,
2120 2518 2219 2573 Ubi
2277 2516 2372 2571 de-

815 2623 959 2658 mum
988 2606 1170 2660 divino
1193 2608 1394 2676 templo
1417 2608 1720 2678 sacrisque,
1753 2625 1871 2677 qua:
1894 2612 2247 2679 capacitatem
2276 2623 2375 2665 eo-

815 2712 932 2748 rmn
965 2706 1244 2766 superant,
1275 2698 1480 2752 exclusi
1536 2709 1677 2759 sunt,
1733 2699 1809 2754 illi
1842 2701 1933 2769 qui
1982 2699 2144 2755 nullis
2197 2700 2374 2754 adhuc

813 2788 1396 2842 sacramentisinitiati
1443 2791 1769 2859 omninoque
1819 2790 2288 2866 rudes_existunt,
2324 2798 2378 2845 et

813 2893 933 2930 cum
969 2877 1035 2931 iis
1062 2885 1325 2947 apostataa
1356 2869 1482 2933 vita
1514 2880 1830 2945 sanctioris,
1877 2890 1930 2935 et
1964 2880 2050 2936 his
2084 2881 2376 2935 conformi-

817 2969 996 3040 ter‘illi
1034 2971 1125 3037 qni
1190 2969 1625 3025 adverSariorum
1659 2970 1958 3025 terroribus
1993 2972 2233 3040 visisque
2268 2990 2376 3041 pra:

815 3065 1026 3132 ignavia
1062 3062 1217 3117 facile
1271 3071 1576 3124 moventur,
1625 3063 1824 3132 quippe
1862 3064 1954 3132 qui
1992 3079 2089 3133 per
2117 3076 2376 3119 constan-

817 3170 921 3210 tem
967 3158 1292 3223 tirmamque
1328 3170 1450 3208 cum
1503 3154 1700 3207 divinis
1753 3153 1913 3208 rebus
1963 3155 2368 3209 consensionem

814 3249 1044 3302 necdum
1070 3246 1352 3302 deiformis
1378 3247 1536 3299 istius
1572 3254 1746 3299 status
1796 3245 2164 3301 habitudinem
2191 3244 2374 3300 eﬂica-
2401 3232 2442 3288 (ἶ

813 3340 1064 3406 ciamquc
1091 3338 1200 3392 sint
1235 3338 1456 3405 adepti;
1487 3337 1681 3391 deinde
1706 3351 1830 3391 cum
1865 3338 1952 3392 his
1981 3338 2015 3391 ii
2046 3353 2263 3407 quoque
2286 3340 2376 3405 qui

815 3429 1103 3482 contrariae
1135 3428 1350 3496 quidem
1386 3428 1462 3481 illi
1493 3431 1616 3481 vita:
1649 3429 1896 3482 nuntium
1931 3428 2215 3496 miserunt,
2249 3443 2378 3482 non-

814 3523 941 3574 «ιυιιι
972 3518 1151 3575 tamen
1177 3535 1206 3572 a
1245 3519 1370 3573 visis
1424 3520 1607 3573 habitu
1647 3534 1943 3587 amoreque
1990 3521 2170 3578 divino
2207 3535 2377 3590 eoque

818 3614 1108 3680 purissimo
1137 3614 1348 3682 purgati
1383 3623 1526 3676 sunt,
1557 3623 1717 3682 atque
1746 3616 2039 3668 secundum
2070 3617 2168 3668 hos
2201 3615 2258 3681 ii,
2285 3615 2373 3684 qui

817 3721 922 3760 nou
946 3706 1166 3759 omnino
1193 3705 1508 3770 uniformcs,
1539 3716 1613 3770 et,
1649 3717 1709 3760 ut
1729 3706 1862 3774 legis
1896 3707 2076 3774 phrasi
2106 3720 2248 3773 ntar,
2270 3723 2374 3762 non

815 3799 1038 3852 omnino
1070 3798 1400 3852 immaculati
1431 3809 1484 3850 et
1508 3800 1916 3854 incontaminati
1939 3811 2085 3855 sunt.
2117 3801 2250 3854 Tum
2285 3803 2378 3856 dc—

817 3890 977 3959 nique
1025 3889 1200 3966 sancti
1249 3905 1528 3944 sacrorum
1585 3891 1890 3946 administri
1935 3904 2375 3965 speetatoresque

814 3981 1065 4046 studiosi,
1093 3981 1516 4036 sacratissimam
1545 3983 1775 4038 hosuam
1803 3999 1958 4040 sacro
1988 3986 2090 4040 ritu
2113 3996 2374 4040 contuen-

819 4087 918 4137 tes,
975 4075 1212 4143 generali
1272 4076 1581 4133 laudatione
1647 4079 2030 4135 concelebrant
2077 4082 2373 4136 beneficum

818 4168 1244 4237 muniﬁcumqne
1278 4169 1620 4240 principium,
1668 4186 1696 4224 a
1757 4187 1864 4240 quo
1907 4173 2168 4228 salutaria
2221 4174 2377 4227 nobis

819 4261 1058 4314 «exhibita
1091 4270 1215 4314 sunt
1242 4273 1605 4330 sacramenta,
1656 4278 1773 4331 qum
1797 4276 2196 4319 sacrosanctam
2232 4263 2374 4318 illam

819 4351 1150 4406 initiatorum
1211 4364 1588 4407 consummant
1622 4355 2042 4410 deiﬁcationem.
2093 4357 2248 4412 Hunc
2279 4372 2377 4410 au-

820 4457 923 4498 tem
955 4445 1210 4514 hymnum
1261 4448 1349 4500 alii
1404 4447 1574 4502 laudis
1619 4451 1909 4513 canticum,
1960 4451 2047 4504 alii
2102 4452 2376 4520 religionis

818 4537 1116 4605 symbolum
1170 4538 1460 4606 appellant,
1522 4541 1615 4593 alii
1673 4543 1928 4611 denique,
1991 4558 2107 4597 mea
2157 4544 2373 4611 quidem

819 4632 1130 4694 sententia,
1197 4633 1434 4685 divinius
1485 4633 1882 4688 hierarchicam
1948 4637 2368 4700 eucharistiam,

820 4725 933 4775 sive
967 4725 1480 4792 sacroprmcipalem
1510 4729 1801 4795 gratiarum
1835 4729 2125 4794 actionem,
2157 4737 2214 4782 ut
2254 4745 2372 4797 qua:

820 4817 1078 4870 divinitus
1103 4818 1165 4870 ad
1206 4834 1302 4871 nos
1328 4819 1658 4873 dimanantia
1695 4837 1846 4875 sacra
1874 4823 2011 4875 dona
2051 4820 2373 4889 complecta-

821 4918 945 4959 Inr:
989 4909 1198 4962 videtur
1252 4911 1394 4963 enim
1430 4911 1766 4966 laudatarum
1798 4915 2035 4966 omnium
2070 4913 2370 4965 divinarum

819 5004 1195 5066 operationnm
1229 5004 1365 5057 ratio
1415 5007 1569 5059 nobis
1616 5007 1910 5070 exstitisse,
1943 5023 2066 5060 etnn
2119 5007 2373 5060 substan-

823 5094 950 5145 tiam
989 5095 1259 5161 vitamque
1289 5107 1528 5151 nostram
1579 5097 1818 5152 beneﬁce
1879 5099 2259 5168 sustentando,
2310 5112 2375 5152 ac

2479 1953 2755 2024 γουμένων
2783 1953 2988 2022 πληθὺς
3018 1953 3227 2024 ἀνίερος
3261 1953 3413 2006 ἔσται
3459 1953 3553 2006 καὶ
3586 1953 3764 2020 πάσης
3791 1950 4042 2020 ἀλλοτρία

2476 2045 2575 2114 τῆς
2599 2043 2707 2097 τῶν
2731 2045 2890 2114 ἱερῶν
2918 2042 3144 2112 ὲποψίας
3187 2045 3279 2096 καὶ
3331 2042 3633 2105 κοινωνίας.
3677 2031 4041 2111 Ἐπειδὴ⁸⁸τοῦ

2477 2137 2619 2190 θείου
2708 2136 2992 2205 γεγόνασιν
3037 2135 3139 2201 ἔξω
3174 2134 3301 2188 ναοῦ
3351 2135 3446 2188 καὶ
3490 2136 3588 2205 τῆς
3643 2133 4042 2204 ὑπερκειμένης

2476 2230 2670 2291 αὐτοὺς
2722 2227 2766 2259 ’⁸
2815 2227 3121 2298 ἱερουργίας
3154 2228 3200 2278 oi
3258 2225 3367 2279 τῶν
3403 2223 3632 2278 τελετῶν
3683 2223 3918 2295 ἀμύητοι
3951 2224 4041 2277 καὶ

2475 2322 2767 2384 ἀτέλεστοι,
2798 2321 2891 2374 καὶ
2939 2321 3072 2389 πρὸς
3105 2320 3286 2382 αὐτοῖς
3318 2321 3365 2372 oi
3407 2319 3504 2389 τῆς
3539 2319 3687 2389 ἱερᾶς
3741 2319 4038 2372 ἀποστάται

2475 2414 2639 2483 ζωῆς,
2666 2415 2943 2484 ἑπομένως
2972 2431 3028 2467 τε
3053 2413 3262 2476 τούτοις
3289 2415 3338 2466 oi
3375 2413 3510 2483 πρὸς
3543 2411 3610 2465 τά
3639 2410 3749 2464 τῶν
3786 2411 4044 2463 ἐναντίων

2474 2505 2702 2576 δείματά
2741 2523 2801 2558 τε
2840 2507 2881 2538 ¹³
2928 2506 3020 2559 καὶ
3046 2507 3303 2575 φάσματα
3353 2505 3419 2557 δι’
3446 2503 3730 2573 ἀνανδρίαν
3767 2500 4040 2564 εὐπαθεῖς,

2474 2597 2549 2661 ὡς
2582 2599 2680 2651 οὐκ
2708 2598 3021 2668 ἀφικόμενοι
3067 2598 3155 2650 διὰ
3210 2599 3307 2668 τῆς
3347 2597 3482 2665 πρὸς
3513 2596 3581 2650 τά
3620 2596 3736 2648 θεῖα
3795 2595 4041 2649 συντόνου

2477 2689 2569 2742 καὶ
2592 2691 2868 2743 ἀνενδότου
2897 2689 3224 2752 συννεύσεως
3247 2690 3339 2742 ἐπὶ
3369 2689 3429 2745 τὸ
3461 2688 3560 2758 τῆς
3594 2686 3854 2750 θεοειδοῦς
3878 2687 4043 2751 ἕξεως

2476 2781 2726 2850 ἀκίνητον
2772 2783 2865 2835 καὶ
2921 2781 3240 2853 δραστήριον
3269 2798 3282 2810 ·
3320 2776 3437 2833 εἶτα
3467 2780 3602 2851 πρὸς
3648 2780 3831 2842 αὐτοῖς
3863 2781 3912 2831 οῖ
3945 2776 4044 2848 τῆς

2475 2874 2720 2937 ἐναντίας
2748 2874 2842 2943 μὲν
2863 2873 3192 2935 ἀποστάντες
3214 2871 3377 2943 ζωῆς,
3407 2869 3558 2924 οὔπω
3586 2871 3645 2924 δὲ
3677 2871 3771 2924 καὶ
3792 2871 3898 2924 τῶν
3916 2887 4043 2939 φαν-

2475 2975 2674 3028 τασιῶν
2713 2975 2879 3045 αὐτῆς
2925 2973 3035 3038 ἕξει
3063 2975 3153 3028 καλ⁴
3178 2973 3338 3044 ἔρωτι
3372 2973 3498 3045 θείῳ
3521 2975 3613 3026 καὶ
3635 2973 3822 3044 ἀμιγεῖ
3841 2971 4045 3042 καθαρ-

2476 3067 2676 3130 θέντες,
2713 3067 2804 3119 καὶ¹
2827 3066 2943 3134 μετ’
2963 3065 3156 3128 αὐτοὺς
3188 3066 3236 3117 oi
3277 3064 3349 3135 μὴ
3372 3063 3622 3127 καθάπαξ
3647 3061 3913 3125 ὲνοειδεϊς,
3931 3062 4044 3122 καὶ,

2475 3159 2710 3230 νομικῶς
2746 3159 2938 3219 εἰπεῖν,
2964 3157 3179 3227 ἀμωμοι
3199 3156 3292 3208 καὶ
3324 3154 3590 3225 ἀλώϐητοι
3623 3152 3920 3216 παντελῶς.
3984 3154 4046 3205 Ol

2479 3251 2718 3321 πανίεροι
2752 3251 2794 3280 ¹⁶
2839 3248 2944 3301 τῶν
2980 3247 3249 3318 πανιέρων
3274 3247 3542 3318 ἱερουργοὶ
3597 3245 3690 3297 καὶ
3724 3242 4044 3315 φιλοθεάμο-

2479 3360 2586 3406 νες,
2622 3342 2720 3413 τὴν
2747 3340 3053 3410 ἀγιωτάτην
3077 3339 3295 3410 τελετὴν
3336 3325 3682 3408 ἀγιοπρεπῶς
3720 3337 4045 3390 ἐποπτεύον-

2477 3451 2586 3497 τες,
2647 3431 2906 3502 ὑμνοῦσιν
2950 3428 3242 3500 ὑμνολογίᾳ
3277 3427 3534 3496 καθολικῇ
3569 3426 3670 3496 τὴν
3710 3425 4047 3497 ἀγαθουργδν

2476 3527 2570 3578 καὶ
2594 3514 2903 3592 ἀγαθοδύτιν
2930 3523 3122 3595 ἀρχὴν,
3176 3521 3266 3589 ὑφ’
3301 3514 3366 3590 ἧς
3400 3521 3454 3572 αἱ
3512 3517 3869 3589 σωτηριὼδεις
3913 3519 4046 3588 ἡμῖν

2478 3615 2854 3686 ἀνεδείχθησαν
2908 3613 3150 3676 τελεταὶ,
3194 3613 3293 3682 τὴν
3349 3610 3497 3682 ίεράν
3541 3608 3650 3662 τῶν
3706 3608 4044 3678 τελουμένων

2480 3709 2670 3761 θέωσιν
2717 3706 3111 3778 ίερουργοῦσαι.
3165 3703 3267 3759 Τὸν
3310 3704 3473 3776 ὕμνον
3526 3704 3581 3757 δὲ
3616 3703 3800 3756 τοῦτον
3843 3705 3895 3755 οἱ
3951 3703 4045 3772 μὲν

2479 3802 2803 3871 ύμνολογίαν
2851 3799 3106 3854 καλοῦσιν
3164 3801 3228 3862 ³⁷,
3285 3800 3333 3851 οἱ
3390 3798 3446 3852 δὲ
3508 3797 3606 3866 τῆς
3661 3796 3958 3868 θρησκείας
3988 3795 4046 3848 τὸ

2480 3891 2541 3943 σύ
2553 3890 2763 3960 μ6ολον,
2789 3889 2936 3943 ἄλλοι
2967 3890 3043 3953 δὲ,
3065 3880 3148 3952 ¹ὡς
3179 3884 3632 3960 οἷμαι,θειότερον
3657 3888 3977 3959 ίεραρχικὴν
4004 3885 4043 3917 ¹³

2479 3983 2856 4054 εὐχαριστίαν,
2909 3982 2984 4044 ὡς
3030 3980 3380 4052 περιεκτικὴν
3427 3978 3536 4033 τῶν
3597 3981 3674 4043 είς
3721 3981 3862 4050 ἡμᾶς
3927 3979 4043 4033 θεό-

2479 4075 2568 4128 θεν
2601 4075 2941 4145 ἀφικομένων
2964 4073 3121 4144 ἱερῶν
3144 4072 3326 4144 δώρων
3363 4074 3402 4104 "
3424 4090 3435 4102 '
3484 4071 3629 4130 δοκεῖ
3676 4072 3783 4142 γάρ
3813 4089 3902 4142 μοι
3936 4072 4042 4124 τῶν

2479 4170 2643 4238 ύμνου
2652 4167 2823 4238 μένων
2869 4167 3092 4221 ἀπασῶν
3139 4165 3259 4218 θεου
3269 4164 3432 4236 ργιῶν
3463 4167 3494 4236 ἡ
3545 4164 3896 4236 πραγματεία
3918 4182 3985 4217 πε
3995 4164 4044 4233 pi.

2478 4261 2622 4329 ἡμᾶς
2656 4259 2973 4328 γεγονέναι,
3033 4257 3130 4327 τὴν
3197 4257 3292 4327 μὲν
3322 4258 3504 4310 οὐσίαν
3536 4257 3693 4327 ἡμῶν
3745 4257 3834 4310 καὶ
3897 4255 4041 4326 ζωὴν

2479 4351 2805 4420 ἀγαθοειδῶς
2870 4352 3242 4422 ὑποστήσασα,
3299 4353 3392 4405 καὶ
3452 4349 3775 4421 ἀρχετύποις
3821 4348 4042 4401 κάλλεσι

2477 4445 2536 4496 τὸ
2570 4445 2795 4508 θεοειδές
2843 4443 2997 4515 ὴμῶν
3050 4443 3400 4513 μορφώσασα,
3438 4443 3531 4496 καὶ
3567 4441 3838 4511 θειοτέρας
3875 4440 4042 4506 ἕξεως

2481 4537 2572 4588 καὶ
2605 4536 2888 4606 ἀναγωγῆς
2919 4537 2974 4590 ὲν
3012 4536 3263 4606 μετουσίᾳ
3298 4526 3719 4604 καταστήσασα,’
3753 4531 4044 4585 κατιδοῦσα

2479 4640 2534 4692 δὲ
2560 4639 2656 4708 τὴν
2684 4639 2739 4704 ἐξ
2778 4637 3106 4707 ἀπροσεξίας
3137 4636 3498 4706 ἐγγενομένην
3521 4636 3648 4704 ἡμῖν
3677 4632 3912 4703 ἐρημίαν
3937 4631 4042 4685 τῶν

2481 4731 2636 4783 θείων
2660 4729 2894 4799 δωρεῶν,
2952 4731 3359 4791 ὲπισκευαστοῖς
3405 4729 3549 4798 ἡμᾶς
3607 4725 3826 4792 ἀγαθοῖς
3871 4727 3954 4788 είς
3987 4724 4044 4776 τὸ

2481 4825 2701 4894 ἀρχαῖον
2727 4821 3179 4882 ἀνακαλέσασθαι,
3213 4820 3305 4871 καὶ
3334 4822 3399 4889 τῇ
3437 4816 3687 4870 παντελεῖ
3707 4815 3814 4868 τῶν
3845 4814 4044 4886 ἡμετέ-

2484 4934 2588 4986 ρων
2632 4913 2925 4985 προσλήψει
2979 4913 3075 4983 τὴν
3119 4911 3453 4982 τελειοτάτην
3477 4908 3582 4961 τῶν
3608 4909 3820 4960 οἰκείων
3875 4909 4041 4977 μετά-

2477 5005 2619 5056 δοσιν
2652 5003 3074 5074 ὰγαθουργῆσαι,
3103 5002 3193 5054 καὶ
3226 4999 3395 5071 ταύτῃ
3429 4997 3707 5051 κοινωνίαν
3742 4995 3871 5065 ἡμῖν
3908 4996 4041 5049 Θεοῦ

2480 5098 2571 5148 καὶ
2604 5097 2709 5149 τῶν
2742 5095 2899 5149 θείων
2933 5093 3295 5165 δωρήσασθαι.

821 5183 1112 5252 primitivis
1146 5186 1642 5254 pulchritudiuibns
1692 5181 2012 5242 deifurmem
2062 5179 2231 5243 nostri
2293 5186 2593 5256 portionem
2649 5185 3000 5248 eﬂ‘ormando,
3050 5195 3213 5251 atque
3247 5183 3313 5235 ad
3376 5177 3658 5235 divinioris
3706 5178 3928 5233 habitus
3989 5189 4041 5232 et

825 5295 1108 5348 anagogcs,
1141 5297 1242 5347 qua
1277 5298 1489 5336 sursum
1527 5283 1820 5347 clevemur,
1841 5295 2044 5352 partem
2066 5283 2426 5344 admittendo;
2471 5291 2578 5332 tum
2609 5282 2829 5348 provide
2863 5279 3124 5341 curando,
3151 5286 3209 5330 ut
3236 5291 3301 5328 ex
3342 5273 3575 5344 ingenita
3620 5272 3772 5326 nobis
3801 5286 3905 5340 per
3948 5281 4038 5322 no-

2107 5496 2336 5549 VAlile
2378 5495 2776 5552 LECTIONES.

893 5592 912 5622 ’
941 5592 1032 5642 καὶ
1058 5591 1447 5659 ὲνεργούμενοι.
1479 5592 1686 5658 Πρῶτοι
1712 5591 1753 5640 δ’
1782 5586 1890 5650 οὖν,
1923 5591 1978 5640 [ι.
2012 5589 2069 5659 ι’.
2107 5590 2202 5640 (Σίι.
2238 5591 2296 5639 S.
2330 5597 2381 5639 et
2425 5589 2484 5640 V.
2529 5590 2569 5618 ¹⁰
2598 5605 2685 5657 γρ.
2715 5587 2910 5639 καίτοι.
3031 5582 3596 5659 ’ἀποκηρύττεταιΔτδν
3625 5583 3858 5659 μήτιςίξζυ
3906 5579 4034 5659 Βηιῆ

827 5677 917 5712 sua
947 5679 1102 5712 unum:
1129 5650 1385 5717 coiri-itit,
1418 5675 1464 5710 et
1498 5650 1657 5713 τίη-ιιι
1705 5662 1823 5711 Snr.
1907 5662 1946 5688 ¹⁹
1972 5658 2159 5720 ἀξίοις,
2197 5661 2293 5712 (lli.
2377 5661 2416 5688 ¹³
2446 5660 2561 5709 ἐπεὶ
2591 5650 2664 5718 δέ’,
2699 5659 2754 5708 D.
2784 5659 2878 5710 Ch.
2959 5657 3001 5686 ”
3031 5654 3162 5706 Bud.
3190 5650 3424 5706 correxit
3447 5655 3641 5714 αὐτοῖς.
3688 5650 3693 5651 ⁷
3728 5653 3770 5682 ³⁸
3798 5650 4038 5720 δέσματά

826 5748 902 5790 ἐξ,
938 5731 1001 5782 Μ.
1039 5731 1126 5783 Sc.
1224 5733 1264 5762 ¹⁶
1291 5733 1405 5782 τότε
1433 5733 1479 5782 οἱ
1511 5734 1769 5798 Ioc/5:901,
1806 5732 1869 5782 M.
1905 5730 1960 5780 D.
1999 5730 2092 5780 Ch.
2128 5731 2214 5779 Sc.
2250 5733 2367 5780 bar.
2401 5731 2444 5779 οἱ
2473 5729 2526 5780 δὲ
2552 5731 2814 5796 πανίεροι,
2843 5728 2898 5779 Β.
2934 5742 3092 5798 (οι-ι-Ἀ
3115 5724 3429 5798 Ὑμὶθολογὶα
3459 5721 3768 5794 legendum.
3845 5723 3886 5752 ”
3916 5722 4037 5792 ὀμο-

828 5801 1027 5862 ὶογὶαν,
1062 5801 1115 5853 Ρ.
1150 5802 1206 5853 υ.
1244 5801 1361 5855 δάι’.
1395 5813 1446 5856 ct
1483 5803 1629 5857 \‘icu.
1668 5793 1856 5856 minor.
1939 5801 1977 5830 "
2009 5800 2253 5870 ἀρχικήν,
2290 5801 2345 5854 ἱ).
2381 5800 2673 5870 ἱερατικὴν,
2704 5793 2757 5850 [³.
2864 5799 2906 5827 ’τ’
2936 5795 3167 5866 δωρεῶν,
3202 5793 3261 5847 Ρ.
