4172 6304
214 364 316 419 ιδι

1227 360 1314 414 DE
1352 359 1626 416 ECCLES.
1660 358 2054 426 lllEllARClL,
2089 359 2238 416 CAP.
2275 358 2358 416 111.

3325 356 3424 414 158

219 493 392 543 stram
427 488 699 556 ignavnam
723 504 1008 543 munerum
1034 487 1267 543 ornitate
1322 489 1649 550 divinorum,
1682 487 1974 556 propositis
2024 481 2338 538 muneribus
2393 477 2446 531 in
2513 477 2794 544 pristinum
2851 485 3051 532 statum
3091 490 3424 539 revocemur,

221 580 567 650 perfectaque
624 595 798 633 rerum
858 583 1177 635 nostratium
1234 583 1619 648 assumptione,
1650 597 1870 633 suarum
1896 594 1992 634 nos
2023 576 2323 647 participes
2356 570 2585 635 eﬂiciat,
2624 584 2792 639 eaque
2837 571 3044 630 ratione
3131 569 3222 622 Dei
3273 567 3429 622 nobis

219 669 632 738 divinarumque
723 685 901 724 rerum
985 673 1419 725 communionem
1511 671 1772 739 largiatur

1698 826 1725 898 δ
1770 822 1934 883 Vill.

290 971 450 1024 Οὕτω
463 970 518 1021 δὲ
538 971 634 1039 τῆς
662 969 954 1042 θεαρχικῆς
983 970 1393 1040 φιλανθρωπίας
1424 969 1581 1041 ίερῶς
1609 972 1778 1038 ὑμνη-

1811 977 1853 1032 Α
1949 964 2004 1017 ln
2031 966 2174 1018 hunc
2219 927 2399 1018 autem
2442 961 2672 1018 modum
2701 961 3067 1032 deiprincipali
3104 961 3428 1031 benignitate

222 1062 910 1134 θείσης,ἐγκεκαλυμμένος
943 1063 1038 1133 μὲν
1065 1066 1093 1114 6
1121 1062 1260 1125 θεῖος
1286 1062 1447 1132 ἄρτος
1472 1061 1777 1133 προτίθεται

224 1157 269 1187 ¹⁹
313 1157 406 1209 καὶ
448 1156 508 1207 τὸ
556 1157 652 1226 τῆς
701 1155 948 1224 εὐλογίας
993 1155 1279 1226 ποτήριονο
1324 1155 1350 1205 ὁ
1397 1154 1454 1207 δὲ
1497 1154 1778 1216 θειότατος

222 1247 510 1317 ἀσπασμὸς
541 1248 917 1318 ἱερουργεῖται,
935 1248 1030 1300 καὶ
1056 1245 1162 1297 τῶν
1190 1245 1534 1316 ἁγιογράφων
1564 1245 1776 1316 πτυχῶν

222 1341 254 1408 ἡ
277 1338 510 1410 μυστιιιὴ
531 1339 623 1392 καὶ
645 1339 1009 1409 ὑπερκόσμιος
1035 1339 1350 1410 άνάρῤησις.
1376 1339 1448 1392 Οὐ
1471 1338 1579 1410 γὰρ
1610 1338 1778 1390 ἔνεστι

221 1431 360 1500 πρὸς
404 1429 464 1480 τὸ
501 1428 557 1482 ἓν
612 1429 933 1497 συνάγεσθαι
985 1432 1203 1501 καὶτῆς
1244 1430 1335 1483 τοῦ
1378 1430 1494 1492 ἐνὸς
1541 1430 1778 1500 μετέχειν

219 1519 768 1589 είρηναίαςὲνώσεως
813 1522 938 1583 τοὺς
983 1521 1119 1592 πρὸς
1160 1523 1381 1584 ἑαυτοὺς
1403 1521 1775 1594 διῃρημένους.

220 1609 283 1687 El
310 1607 420 1676 γὰρ
449 1609 553 1662 ὑπὸ
591 1610 690 1679 τῆς
716 1611 809 1663 τοῦ
855 1612 972 1674 ἑνὸς
1013 1611 1241 1683 θεωρίας
1270 1613 1362 1666 καὶ
1406 1611 1653 1681 γνώσεως
1692 1613 1776 1677 έλ-

217 1691 748 1772 λαμπόμενοι,’πρὸς
782 1703 879 1774 τὴν
921 1703 1122 1775 ένοειδῆ
1157 1706 1248 1757 καὶ
1279 1703 1426 1757 θείαν
1462 1705 1779 1774 συναγωγὴν

215 1792 620 1863 ἑνοποιηθῶμεν
641 1795 706 1855 ²¹,
725 1795 824 1847 οὐκ
845 1794 908 1848 ἂν
929 1795 1020 1847 ἐπὶ
1035 1795 1130 1858 τὰς
1150 1795 1404 1866 μεριστάς
1419 1796 1782 1866 ἀνασχοίμεθα

216 1881 580 1934 καταπίπτειν
613 1882 922 1953 ἐπιθυμίας,
955 1884 1012 1950 eg
1041 1878 1112 1935 ὧν
1147 1884 1204 1936 αί
1242 1885 1496 1953 πρόσυλοι
1523 1885 1778 1956 δημιουρ-

217 1970 442 2041 γοῦνται
465 1975 555 2027 καὶ
583 1958 845 2044 ἐμπαθεῖς
870 1976 1004 2044 πρὸς
1018 1975 1078 2026 τὸ
1104 1975 1243 2028 κατὰ
1270 1975 1427 2042 φύσιν
1455 1976 1714 2046 ὁμοειδεῖς
1735 1977 1779 2007 ²¹

219 2063 524 2132 ἀπέχθειαι.
569 2063 781 2136 Ταύτην
825 2061 937 2128 οὖν,
982 2065 1060 2128 ὡς
1097 2061 1270 2136 οἶμαι,
1317 2060 1416 2139 τὴν
1459 2068 1656 2139 ὲνοειδῆ
1689 2071 1780 2121 καὶ

219 2140 754 2227 ἀδιαίρετονκζωὴνῆ
783 2157 881 2228 τῆς
920 2159 1140 2229 εἰρήνης
1187 2160 1460 2231 ἱερουργία
1486 2162 1777 2232 νομοθετεῖ,

228 2246 298 2316 τῷ
338 2248 507 2318 ὁμοίῳ
546 2249 608 2300 τὸ
649 2249 832 2318 ὅμοιον
873 2249 1206 2321 ὲνιδρύουσα,
1244 2253 1337 2304 καὶ
1377 2253 1483 2304 τῶν
1517 2254 1779 2325 μεριστῶν

221 2337 706 2392 ἀποδιαστέλλουσα
734 2338 802 2392 τὰ
830 2339 944 2393 θεῖα
968 2342 1060 2394 καὶ
1089 2343 1266 2396 ένιαῖα
1291 2343 1552 2414 θεάματα.

1878 1066 2063 1111 sancte
2107 1055 2430 1118 collaudata,
2490 1061 2782 1123 coopertus
2823 1054 3038 1121 quidem
3081 1052 3296 1107 divinus
3341 1051 3430 1106 ille

1879 1149 2033 1217 panis
2062 1147 2344 1237 calixque‘
2367 1145 2770 1228 benedictionis
2812 1145 3128 1214 proponitur
3159 1160 3174 1197 :
3207 1142 3429 1198 divinis-

1876 1242 2015 1294 sima
2041 1254 2171 1293 vero
2194 1235 2450 1292 salutatio
2482 1236 2596 1290 sive
2625 1235 2890 1299 osculum,
2923 1247 3315 1302 sacrarumque
3347 1240 3432 1286 ta-

1879 1331 2118 1385 bularum
2159 1329 2386 1400 mystica
2417 1336 2472 1382 et
2513 1326 2971 1396 supermundialis
3003 1325 3249 1380 recitatio
3293 1322 3434 1378 cele-

1877 1425 2084 1480 bratur.
2109 1419 2232 1478 Non
2275 1411 2418 1477 enim
2461 1431 2694 1492 possunt
2727 1419 2795 1475 ad
2842 1433 3009 1474 unum
3040 1419 3234 1489 colligi,
3271 1427 3432 1486 atque

1879 1515 2035 1569 unius
2069 1513 2313 1582 paciﬂcze
2343 1513 2561 1566 unionis
2586 1511 2878 1582 participes
2900 1512 3160 1574 existere,
3215 1511 3305 1578 qui
3343 1524 3435 1563 se—

1881 1620 2004 1659 cum
2036 1605 2134 1674 ipsi
2170 1604 2454 1659 dissident.
2506 1602 2637 1657 Nam
2684 1605 2731 1658 si
2781 1605 2941 1658 unius
2972 1601 3434 1670 contemplatione

1880 1704 2039 1765 atque
2062 1695 2371 1766 cognitione
2400 1695 2678 1756 illustrati,
2706 1695 2772 1748 ad
2798 1694 3120 1748 uniformem
3145 1691 3434 1762 quamdam

1882 1804 1944 1844 ac.
1974 1788 2206 1842 divinam
2245 1786 2403 1859 194
2440 1786 2871 1856 conjunctionem
2917 1785 3303 1854 redigeremur,
3339 1799 3435 1838 ne-

1881 1895 2146 1950 quaquam
2182 1880 2235 1934 in
2282 1879 2487 1934 divisas
2519 1878 2849 1946 cupiditates
2895 1877 3057 1932 dilabi
3090 1893 3187 1931 nos
3223 1885 3439 1945 patere-

1880 1985 2104 2036 tnur,ex
2126 1970 2324 2041 quibus
2348 1970 2464 2024 ista:
2486 1969 2800 2023 materiales
2825 1968 3104 2038 plenaeque
3127 1968 3434 2034 passionum

1882 2064 2137 2118 adversus
2159 2062 2392 2132 aequales
2419 2062 2660 2115 existunt
2688 2061 3002 2116 inimicitiae.
3034 2060 3182 2114 Hanc
3221 2059 3432 2127 itaque,

1879 2155 1956 2208 uti
1987 2170 2129 2219 reor,
2157 2152 2489 2208 uniformem
2515 2161 2677 2220 atque
2709 2151 2993 2205 indivisam
3018 2150 3144 2204 vitae
3173 2148 3436 2202 rationem

1881 2261 2035 2300 sacra
2079 2247 2176 2299 ista
2228 2245 2378 2312 pacis
2418 2243 2722 2299 conciliatio
2761 2242 2960 2307 sancit,
2998 2241 3122 2296 dum
3162 2240 3339 2296 simile
3385 2239 3439 2293 in

1811 2335 1855 2386 Β
1884 2337 2043 2392 simili
2073 2337 2320 2400 collocat,
2353 2343 2410 2389 et
2451 2333 2632 2389 divina
2667 2331 3071 2403 singulariaque
3116 2327 3429 2400 spectacula

1887 2445 1915 2483 a
1953 2428 2188 2483 dividuis
2215 2427 2470 2482 secernit.

1724 2542 1895 2618 §IX.

293 2679 416 2734 Τῶν
444 2680 500 2733 δὲ
533 2680 691 2752 ίερῶν
734 2667 952 2752 ’πτωχῶν
983 2685 1015 2752 ὴ
1062 2683 1199 2754 μετὰ
1224 2684 1324 2756 τὴν
1354 2687 1572 2758 εἰρήνην
1612 2688 1782 2758 ἀνάρ-

223 2763 387 2846 prius:
411 2771 770 2845 ἀνακηρύττει
795 2776 920 2838 τοὺς
945 2776 1104 2836 ὁσίως
1134 2775 1476 2844 βεσιωκὸτας,
1519 2781 1611 2832 καὶ
1652 2779 1787 2850 πρὸς

221 2865 480 2937 ὲναρὲτου
506 2867 652 2936 ζωῆς
677 2868 948 2921 τελείωσιν
979 2869 1363 2937 ἀμεταστάτως
1393 2871 1751 2940 ἀφικομένους
1768 2889 1781 2902 ο

222 2959 372 3030 ἡμᾶς
413 2959 509 3030 μὲν
539 2961 630 3014 ἐπὶ
670 2962 768 3033 τὴν
797 2962 860 3016 δι’
890 2961 1200 3035 ὁμοιότητος
1240 2964 1415 3018 αὐτῶν
1449 2965 1785 3037 μακαριστὴν

220 3047 339 3112 ἕξιν
366 3050 412 3081 ⁸³
439 3051 533 3104 καὶ
560 3049 761 3123 θεοειδῆ
811 3052 960 3123 λῆξιν
987 3054 1366 3126 προτρέπουσα
1403 3055 1495 3107 καὶ
1525 3073 1790 3126 χειραγω-

223 3139 418 3208 γοῦσα,
451 3143 576 3206 τοὺς
601 3143 656 3196 δὲ
684 3145 758 3207 ὡς
789 3143 993 3209 ζῶντας
1030 3149 1201 3220 άνακη
1213 3148 1494 3217 ρύττουσα,
1529 3152 1621 3203 καὶ
1648 3152 1722 3214 ὡς
1751 3154 1785 3223 ἡ

224 3227 476 3299 θεολογία
503 3234 686 3303 φησὶν,
717 3235 776 3288 ού
809 3236 1194 3307 νεκρωθέντας,
1242 3238 1375 3291 ἀλλὰ
1401 3244 1480 3302 είς
1511 3240 1786 3314 θειοτάτην

226 3320 374 3390 ζωὴν
401 3322 467 3374 ὲκ
510 3323 738 3390 θανάτου
788 3329 1302 3404 μεταφοιτησαντας.
1349 3331 1544 3384 Σκόπει
1587 3332 1665 3396 δὲ,
1711 3335 1791 3389 ὅτι

225 3414 323 3467 καὶ
347 3415 708 3484 μνημοσύναις
737 3419 901 3489 ίεροῖς
925 3421 1260 3475 ἀνατίθενται
1285 3425 1350 3485 ³⁸,
1374 3424 1470 3494 τῆς
1489 3424 1633 3488 θείας
1657 3428 1791 3498 μνή-

231 3521 341 3576 μης
366 3507 464 3559 οὐκ
485 3505 842 3578 ἀνθρωπικῶς
870 3511 927 3563 έν
954 3514 1019 3582 τῇ
1045 3511 1137 3565 τοῦ
1170 3514 1502 3584 μνημονικοῦ
1528 3517 1792 3588 φαντασίᾳ

229 3597 593 3669 δηλουμένης,
643 3601 849 3664 ἀλλ’ὡς
881 3603 945 3658 ἄν
987 3621 1071 3668 τις
1107 3607 1238 3676 φαίη
1281 3606 1613 3677 θεοπρεπῶς,
1654 3609 1794 3662 κατὰ

225 3686 328 3757 τὴν
358 3688 413 3738 ὲν
442 3687 558 3757 Θεῷ
587 3690 632 3720 ³⁵
659 3690 764 3743 τῶν
793 3693 1185 3762 τετελεσμένων
1217 3694 1457 3750 θεοειδῶν
1483 3701 1668 3766 τιμίαν
1701 3699 1793 3751 καὶ
1833 3767 1835 3770 γ

1960 2688 2255 2743 Sacrarum
2295 2703 2456 2757 porro
2489 2685 2794 2741 tabularum
2824 2698 2942 2753 quae
2978 2691 3099 2753 post
3127 2695 3313 2752 pacem
3345 2682 3441 2732 ad-

1891 2779 2109 2834 hibetur
2139 2779 2403 2846 recitatio,
2440 2776 2770 2847 deprtedicat
2807 2790 2901 2830 eos
2938 2775 3028 2843 qui
3069 2781 3256 2828 sancte
3285 2773 3444 2824 vixe-

1892 2881 2036 2936 runt,
2062 2879 2226 2940 atque
2253 2871 2321 2926 ad
2345 2869 2528 2939 probae
2558 2868 2685 2922 vita:
2722 2866 3106 2936 perfectionem
3133 2870 3446 2919 constanter

1891 2973 2284 3032 pervenerunt;
2340 2975 2438 3016 nos
2483 2959 2730 3030 quidem',
2763 2973 2951 3014 eorum
2998 2956 3326 3021 imitatione,
3377 2952 3443 3007 ad

1891 3055 2266 3109 beatissimum
2322 3053 2472 3107 illum
2518 3059 2717 3106 statum
2749 3050 3096 3121 quietemque
3127 3047 3446 3110 deiformem

1896 3146 2236 3201 adhortando
2292 3161 2354 3200 ac
2397 3145 2836 3210 manuducendo,
2874 3143 2997 3197 illos
3043 3157 3174 3197 vero
3215 3157 3311 3196 ceu
3369 3141 3448 3192 vi-

1895 3249 2082 3293 ventes
2111 3236 2459 3306 celebrando,
2506 3237 2702 3306 Quippe
2740 3245 2800 3289 ut
2832 3234 3100 3305 theologia
3127 3233 3304 3296 docet,
3351 3245 3448 3284 ne-

1888 3343 2162 3397 quaquam
2197 3335 2462 3392 mortuos,
2504 3327 2596 3380 sed
2631 3342 2698 3380 ex
2730 3333 2903 3381 morte
2935 3325 2999 3379 ad
3030 3324 3192 3378 vitam
3225 3321 3447 3400 divinis-

1889 3422 2082 3475 simam
2114 3421 2427 3475 translatos.
2455 3420 2690 3474 Adverte
2718 3429 2922 3482 autem,
2951 3425 3006 3473 ut
3033 3426 3090 3472 et
3126 3418 3299 3472 sacris
3329 3430 3443 3469 me-

1888 3511 2199 3567 morialibus
2251 3511 2584 3576 inserantur,
2634 3526 2738 3566 non
2790 3512 2949 3580 quasi
3003 3510 3243 3564 humano
3291 3524 3444 3562 more

1888 3603 2203 3656 memoriam
2251 3603 2518 3667 divinam,
2561 3590 2628 3656 in
2679 3618 2742 3657 ea
2796 3611 2949 3672 parte
3007 3600 3279 3656 memoriae
3328 3614 3447 3668 qua:

1891 3695 2001 3748 visa
2033 3694 2247 3763 recipit,
2281 3695 2460 3749 inesse
2485 3694 2750 3758 declaret,
2777 3694 2871 3748 sed
2900 3703 2958 3746 ut
2986 3694 3107 3763 quis
3129 3691 3327 3774 dixerit
3349 3705 3446 3759 pro

229 3777 600 3847 ἀμετάστατον
632 3781 676 3812 ²⁶
719 3781 937 3850 γνῶσιν.
975 3776 1166 3854 Ἔγνω
1195 3788 1303 3856 γὰρ
1339 3788 1458 3858 (ἔφη
1503 3788 1571 3840 τὰ
1614 3789 1784 3860 λόγια)

1813 3779 1853 3836 C
1890 3785 1980 3839 Dei
2006 3787 2283 3855 dignitate,
2311 3788 2604 3840 secundum
2633 3801 2754 3839 eam
2783 3801 2902 3855 qua:
2929 3786 2982 3838 in
3011 3786 3119 3839 Deo
3149 3795 3229 3839 est
3259 3800 3442 3837 rerum

232 3867 372 3930 τοὺς
406 3867 582 3934 ὄντας
615 3871 828 3923 αὐτοῦ’
878 3873 988 3937 καὶ,
1032 3874 1222 3943 Τίμιος
1261 3877 1538 3930 ἐναντίον
1570 3879 1788 3946 Κυρίου

230 3963 263 4014 ὁ
285 3959 540 4026 θάνατος
560 3960 675 4014 τῶν
697 3963 881 4015 ὁσίων
902 3967 1104 4030 αὑτοῦ,
1126 3967 1217 4019 τοῦ
1250 3967 1476 4022 θανάτου
1498 3969 1603 4022 τῶν
1631 3971 1790 4022 ὁσίων

229 4051 356 4103 ἀντὶ
373 4051 470 4121 τῆς
493 4054 550 4104 ὲν
577 4053 809 4124 ὁσιότητι
831 4055 1153 4119 τελειώσεως
1183 4060 1612 4131 είρημένου.Καὶ
1637 4061 1792 4114 τοῦτο

230 4144 288 4198 δὲ
323 4143 482 4215 ίερῶς
523 4146 790 4215 ἐννόησον,
820 4149 1282 4212 ὠς,έπιτεθὲντων
1325 4153 1402 4222 τῷ
1445 4154 1570 4224 θείῳ
1602 4154 1790 4208 θυσια-

234 4239 444 4309 στηρίῳ
469 4238 575 4292 τῶν
608 4240 914 4312 σεϐασμίων
943 4245 987 4275 ’⁷
1010 4244 1308 4314 συμϐόλων,
1325 4245 1390 4299 δι’
1408 4241 1481 4299 ὧν
1508 4251 1535 4300 ὁ
1561 4249 1792 4319 Χριστὸς

236 4329 559 4398 σημαίνεται
604 4331 697 4385 καὶ
743 4334 1039 4403 μετέχεται,
1089 4337 1347 4408 πάρεστιν
1389 4321 1720 4404 ἀδιαστάτως
1759 4344 1792 4412 ἡ

231 4417 345 4471 τῶν
367 4419 535 4485 ἁγίων
562 4421 871 4492 ἀπογραφὴ,
900 4425 960 4476 τὸ
983 4426 1399 4496 συνεζευγμένον
1420 4427 1593 4481 αὐτῶν
1623 4428 1792 4485 ἀδιαι-

238 4507 410 4578 ρέτως
437 4511 765 4580 ἐμφαίνουσα
792 4514 891 4583 τῆς
933 4517 1068 4587 πρὸς
1098 4517 1256 4572 αὑτὸν
1296 4519 1659 4591 ὑπερκοσμίου
1703 4523 1793 4573 καὶ

235 4597 390 4670 ίερᾶς
428 4599 685 4666 ὲνώσεως.

1894 3877 2260 3947 perfectarum
2304 3894 2368 3932 ac
2397 3879 2742 3934 deiformium
2771 3879 3063 3949 pretiosam
3108 3887 3162 3930 et
3194 3877 3447 3930 immuta-

1893 3970 2052 4022 bilem
2077 3971 2459 4038 cognitionem.
2496 3970 2649 4024 Novit
2679 3971 2844 4036 enim,
2890 3972 2969 4039 (ut
2999 3953 3210 4038 eloquia
3241 3975 3446 4023 testan-

1894 4069 2019 4126 tur),
2049 4077 2138 4130 qut
2192 4071 2314 4114 sunt
2357 4062 2470 4131 ejus
2516 4072 2583 4126 c;
2625 4070 2680 4116 et
2720 4080 2733 4115 :
2783 4061 3022 4114 Pretiosa
3070 4061 3126 4113 in
3171 4070 3446 4127 conspectu

1895 4153 2102 4206 Domini
2150 4170 2286 4207 mors
2333 4164 2629 4208 sanctorum
2667 4155 2779 4220 ejus
2821 4153 2872 4218 ἀ,
2925 4137 3103 4208 morte
3137 4162 3444 4208 sanctorum

1893 4261 1987 4312 pro
2027 4253 2215 4298 sancta
2265 4247 2738 4300 consummatione
2784 4231 3026 4312 accepta.
3072 4245 3178 4300 Sed
3229 4254 3283 4298 et
3317 4244 3445 4298 illud

1895 4350 2108 4403 quoque
2149 4347 2337 4391 sancte
2369 4338 2619 4398 observa,
2670 4346 2728 4416 ut
2778 4337 3043 4406 impositis
3077 4337 3256 4391 divino
3284 4335 3445 4389 altari

1895 4429 2067 4481 sacris
2096 4429 2352 4500 symbolis
2384 4432 2580 4498 quibus
2615 4430 2866 4485 Christus
2893 4430 3233 4491 signiﬁcatur
3259 4445 3322 4489 ac
3351 4443 3447 4482 su-

1898 4521 2090 4585 mitur,
2140 4522 2382 4590 protinus
2429 4522 2571 4575 adsit
2619 4531 2929 4576 sanctorum
2981 4520 3065 4575 illa
3117 4519 3443 4588 descriptio;

1894 4627 2013 4680 quze
2044 4611 2376 4667 individuam
2410 4627 2597 4666 eorum
2626 4603 3054 4681 conjunctionem
3084 4613 3447 4680 unionemque

1896 4718 2019 4758 cum
2049 4701 2142 4757 illo
2173 4705 2676 4773 supermundialem
2706 4718 3034 4772 sacramque
3065 4704 3319 4758 insinuat.

1774 4861 1913 4932 5X.

310 4986 523 5041 Τούτων
547 4989 603 5042 δὲ
636 4992 754 5044 καθ’
785 4994 842 5046 ὃν
864 4997 1070 5066 εἴρηται
1097 4992 1290 5066 θεσμὸν
1313 4998 1786 5068 ίερουργηθέντων,

1821 5006 1867 5065 D
1967 5001 2060 5057 His
2088 5013 2268 5060 autem
2303 5021 2367 5061 eo
2391 5022 2498 5076 quo
2531 5007 2729 5062 dictum
2766 5017 2848 5063 est
2875 5008 2979 5062 ritu
3011 5007 3317 5072 celebratis,
3352 5010 3447 5062 ad-

233 5080 411 5142 ἑστὼς
441 5081 762 5152 ἐπίπροσθεν
785 5085 890 5137 τῶν
919 5088 1231 5154 ἁγιωτάτων
1262 5089 1307 5119 ’⁸
1340 5091 1615 5161 συμϐόλων
1646 5091 1794 5144 ὕδατι

230 5171 339 5234 τὰς
366 5174 548 5242 χεῖρας
569 5176 596 5226 ὁ
627 5175 881 5246 ίερὰρχης
907 5178 1149 5232 νίπτεται
1184 5179 1318 5250 μετὰ
1340 5181 1431 5234 τοῦ
1462 5183 1656 5252 σεμνοῦ
1689 5183 1795 5236 τῶν

360 5338 381 5365 ε
412 5329 448 5381 ιι
485 5328 621 5384 Tim.
653 5349 711 5385 ιι.
817 5332 843 5371 ἀ
870 5333 1008 5390 Psal.
1041 5351 1161 5402 cxv,
1190 5337 1271 5392 l5.

1897 5105 2044 5150 stans
2089 5112 2268 5150 coram
2312 5099 2567 5168 symbolis
2613 5098 2969 5154 sanctissimis
3017 5098 3257 5168 pontifex
3304 5114 3443 5169 aqua

1899 5201 2087 5240 manus
2122 5189 2290 5244 abluit
2335 5206 2437 5244 una
2489 5206 2609 5258 cum
2662 5193 3000 5246 sacerdotum
3044 5191 3239 5246 ordine
3285 5206 3444 5245 venev

1469 5476 1700 5533 VARIIE
1740 5480 2142 5535 LECTIONES.

305 5630 352 5660 ¹⁹
379 5629 741 5698 προστίθεται,
769 5633 833 5687 Μ.
866 5636 956 5689 Sc.
982 5633 1104 5689 Sar.

234 5699 284 5730 ⁸⁸
314 5698 473 5781 ἱεροῖς
501 5700 888 5781 ὰνατέθεινται,
1015 5703 1115 5758 Ch.
1143 5707 1229 5781 ιξκ
1277 5709 1321 5738 ’⁵
1349 5698 1564 5781 ὲγθέὼς,

238 5770 582 5838 σμιωτάτων,
612 5770 712 5830 Ch.
791 5776 832 5807 ²⁸
857 5773 1021 5839 ἁγίων
1044 5774 1342 5842 συμϐόλων,
1369 5779 1466 5836 Ch.

1199 5638 1240 5668 “
1270 5638 1732 5768 frenosqeshbpsv,
1762 5640 1822 5693 D.
1853 5642 1911 5696 S.
1942 5710 1966 5722 η
2023 5643 2065 5672 ²¹
2090 5641 2277 5722 ὁμοειδέ

1199 5744 1231 5783 ,η
1349 5711 1564 5783 ἐνθέως,
1637 5751 1648 5768 .
1681 5711 1776 5783 τὴν
1801 5713 1858 5764 ὲν
1900 5729 1976 5780 τῳ
2022 5711 2167 5780 Θεῳ,
2220 5713 2277 5766 D.

2023 5643 2065 5722 2
2090 5641 2344 5722 εἶμθεᾷδέςν
2523 5641 2611 5697 Sc.

2361 5643 2470 5712 Ωιι.
2523 5641 2611 5697 Sc.
2689 5643 2731 5674 "
2759 5643 3092 5765 μακαρξστην
3144 5641 3255 5706 ἕξιν
3305 5641 3441 5765 lege.

2387 5713 2430 5744 ’“
2459 5712 2858 5765 ἀμετάπτωτον.
2957 5750 2969 5765 .
3013 5713 3108 5765 Ch.
3219 5713 3262 5745 ³⁷
3291 5728 3347 5764 σε
3384 5730 3441 5765 σ-

2387 5713 2430 5744 ²⁶
2459 5712 2858 5782 ἀμετάπτωτον,

2957 5750 2969 5766 .
3013 5713 3108 5770 Ch.
3219 5713 3262 5745 ³⁷
3291 5713 3442 5765 σεϐα-
