4162 6304
793 327 896 384 439

1974 332 2029 387 S.
2070 331 2368 387 DIONYSII
2406 331 2868 387 AREOPAGITAE

3903 337 4003 392 MO

795 451 988 503 rando.
1023 447 1149 502 Nam
1183 450 1268 518 qui
1315 450 1458 503 lotus
1509 459 1594 504 est
1651 451 1733 518 (ut
1773 450 1988 518 eloquia
2052 451 2344 520 testantur)
2376 466 2420 520 Α

2376 466 2420 520 Α
2453 453 2641 521 ἱερέων
2675 453 2966 520 τάγματος.
3004 451 3118 502 Ὅτι
3167 452 3260 520 μέν
3304 446 3414 511 οῦν,
3444 449 3517 512 ῶς
3546 449 3612 502 τά
3644 450 3796 517 λόγιά
3823 467 3998 521 φησιν,

794 556 898 596 non
933 559 1064 610 Opus
1105 545 1265 596 habet
1299 545 1402 596 alia
1448 559 1606 612 quam
1637 546 2004 599 summitatum
2036 560 2128 597 seu
2160 553 2346 600 extre-

796 636 1039 686 ntitalum
1096 652 1312 687 suarutn
1373 635 1571 688 lotione
1605 647 1651 698 ⁸,
1700 653 1798 706 per
1828 651 1989 705 quam
2025 636 2212 703 utique
2254 651 2346 687 su-

794 740 1029 790 premam
1085 728 1402 779 munditiatn
1447 727 1559 792 fiet,
1600 737 1658 783 ut
1706 728 2044 781 divinissimo
2088 728 2347 795 praeditus

797 817 975 870 habitu
1011 817 1410 880 deiformitatis,
1445 820 1568 872 dum
1610 819 1674 872 ad
1703 821 1982 888 sequentia
2008 833 2220 887 quoque
2247 820 2345 872 be-

795 908 950 975 nigne
976 909 1237 974 procedit,
1257 909 1387 961 liber
1413 909 1624 965 futurus
1649 911 1716 965 sit
1736 921 1788 965 et
1811 911 2110 978 expeditus,
2143 913 2342 978 quippe

792 1011 1013 1065 prorsus
1045 997 1354 1061 uniformis,
1385 1009 1437 1051 et
1468 1001 1534 1053 ad
1567 1016 1728 1053 unum
1763 1016 1949 1054 rursus
1982 1001 2185 1054 nnitive
2217 1015 2346 1054 con-

793 1101 999 1151 versus,
1042 1089 1442 1142 immaculatain
1491 1090 1650 1144 simul
1685 1100 1740 1145 et
1773 1093 2146 1145 intemeratum
2186 1106 2342 1144 suam

792 1178 950 1232 faciet
1006 1183 1437 1246 conversionem,
1497 1193 1752 1253 tanquam
1813 1185 1903 1252 qui
1961 1184 2345 1239 deiformitatis

791 1286 897 1323 suae
920 1270 1307 1339 plenitudinem
1337 1284 1389 1327 et
1420 1275 1786 1343 integritatem
1819 1287 2024 1329 servet.
2058 1277 2228 1331 Porro
2259 1293 2345 1330 sa-

791 1379 941 1417 crum
977 1364 1270 1431 lavacrum,
1306 1369 1381 1421 uti
1414 1369 1670 1428 diximus.
1711 1370 1760 1422 in
1801 1368 1954 1438 legali
1989 1380 2104 1423 erat
2137 1371 2346 1424 ltierar-

790 1454 952 1514 cbia;
1003 1455 1162 1508 modo
1213 1468 1390 1509 autem
1439 1459 1708 1525 pontificis
1757 1475 1822 1512 ac
1863 1461 2200 1514 sacerdotum
2256 1461 2343 1513 illa

793 1562 1042 1597 manuurn
1069 1547 1272 1600 ablutio
1306 1549 1430 1600 illud
1461 1551 1632 1618 ipsum
1664 1551 1921 1604 insinuat.
1960 1552 2060 1605 Eos
2087 1553 2226 1605 enim
2252 1554 2344 1620 qui

790 1638 854 1690 ad
888 1640 1234 1703 ptuissinnnn
1276 1643 1543 1696 accedunt
1576 1643 1904 1698 sacrificium
1938 1646 2184 1711 expiatos
2225 1660 2345 1699 esse

788 1734 940 1785 decet
976 1734 1132 1803 195
1180 1737 1440 1790 extremis
1489 1737 1652 1790 etiam
1702 1738 1893 1791 animae
1934 1738 2259 1804 pbantasiis,
2289 1746 2345 1789 et

2448 542 2475 592 ὁ
2509 541 2822 610 λελουμένος
2866 540 2924 591 οὑ
2968 539 3133 591 δεῖταί
3166 556 3307 602 τινος
3338 541 3525 608 ἐτέρας
3568 542 3613 593 εἰ
3651 541 3721 612 μὴ
3764 541 3864 610 τῆς
3899 543 4000 595 τῶν

2447 633 2649 704 ἄκρων,
2674 635 2846 684 εἲτουν
2871 633 3108 702 ἐσχάτων
3138 631 3327 684 ἐαυτοῦ
3358 633 3403 662 ²⁹
3422 632 3634 699 νίψεως,
3663 634 3727 685 δι’
3753 627 3819 703 ἦς
3839 634 4000 703 ἀκρο-

2446 733 2609 801 τάτης
2646 731 2688 760 ³⁰
2719 730 3054 800 καθάρσεως,
3081 732 3136 780 ἐν
3163 729 3420 799 πανάγνῳ
3461 728 3552 781 τοῦ
3585 728 3846 792 θεοειδοῦς
3875 728 4000 792 ἕξει.

2447 817 2538 869 καὶ
2560 817 2693 886 πρὸς
2712 816 2776 868 τά
2791 816 3010 884 δεύτερα
3036 816 3234 886 προῖὼν
3250 817 3588 884 ἀγαθοειδῶς,
3614 815 3836 885 ἄσχετος
3857 818 4001 870 ἔσται

2446 909 2538 961 καὶ
2570 907 2850 971 ἀπόλυτος,
2877 909 2949 970 ὡς
2990 906 3242 970 καθάπαξ
3273 908 3521 977 ἐνοειδὴς,
3556 910 3645 960 καὶ
3675 908 3808 979 πρδς
3850 910 3911 960 τὸ
3952 909 4004 961 ἓν

2447 997 2598 1062 αὖθις
2644 1001 2856 1062 ἐνιαίως
2898 999 3375 1070 ἐπιστρεφόμενος,
3426 1000 3685 1071 ἄχραντον
3725 1003 4004 1070 ποιήσεται

2445 1093 2538 1146 καί
2581 1092 2908 1162 ἀκηλίδωτον
2949 1093 3045 1161 τὴν
3091 1094 3442 1161 ἐπιστροφὴν,
3485 1091 3558 1154 ὡς
3597 1092 3688 1143 τοῦ
3743 1093 4003 1156 θεοειδοῦς

2445 1183 2739 1247 ἀποσώζων
2773 1183 2830 1234 τὸ
2867 1183 3067 1254 πλῆρες
3097 1186 3187 1237 καί
3222 1184 3529 1255 ὁλόκληρον.
3566 1186 3621 1236 Ὀ
3655 1186 3750 1254 μὲν
3783 1187 3824 1216 ³³
3865 1186 4004 1255 ἱερὸς

2445 1275 2660 1346 λουτὴρ,
2695 1276 2768 1338 ὡς
2815 1276 3131 1346 εἰρήκαμεν,
3175 1277 3231 1326 ἐν
3269 1279 3334 1345 τῇ
3372 1276 3512 1328 κατά
3553 1276 3711 1344 νόμον
3743 1277 3787 1307 ⁸²
3827 1274 3899 1346 ἦν
3931 1280 4002 1330 ἰε-

2449 1369 2676 1440 ραρχίᾳ·
2713 1369 2805 1421 νῦν
2837 1370 2891 1422 δέ
2939 1368 3029 1420 τοῦ
3065 1369 3314 1438 ἱεράρχου
3348 1369 3439 1420 καὶ
3468 1367 3573 1419 τῶν
3605 1367 3789 1437 ἱερέων
3823 1371 3856 1438 ἡ
3896 1368 4001 1420 τῶν

2446 1459 2639 1532 χειρῶν
2667 1460 3037 1530 ἀποκάθαρσις
3074 1458 3661 1540 αὑτὸνθὺπαινίσσεται.
3713 1456 3852 1519 Τοὺς
3898 1459 4002 1529 γὰρ

2446 1554 2536 1605 ἐπί
2565 1552 2662 1622 τὴν
2703 1553 3112 1620 παναγεστάτην
3157 1550 3328 1611 ἰόντας
3379 1549 3682 1618 ἱερουργίαν
3729 1549 4003 1600 ἀποκεκα-

2447 1645 2638 1715 θάρθαι
2659 1645 2737 1696 δεῖ
2767 1645 2857 1696 καὶ
2885 1643 2980 1706 τὰς
3002 1643 3228 1710 ἐσχάτας
3255 1640 3351 1709 τῆς
3378 1639 3551 1708 ψυχῆς
3568 1637 3882 1706 φαντασίας,
3911 1640 4000 1690 καὶ

2446 1738 2512 1789 δι’
2537 1737 2849 1806 ὁμοιότητος
2873 1734 3006 1804 αὑτῇ
3033 1733 3168 1787 κατά
3189 1732 3245 1784 τὸ
3276 1731 3488 1784 δυνατὸν
3511 1731 3817 1800 προσιέναι·
3842 1747 3998 1796 φανο-

787 1837 886 1890 per
939 1825 1345 1878 similitudinem
1399 1827 1534 1894 ipsi,
1585 1830 1764 1896 quoad
1810 1839 2010 1896 potest,
2055 1827 2418 1898 appropin-B

2375 1827 2418 1884 B
2447 1827 2608 1896 τέρας
2639 1827 2681 1856 ³³
2727 1825 2834 1896 γάρ
2865 1825 3003 1877 οὑτω
3031 1823 3126 1885 τὰς
3158 1819 3468 1889 θεοφανείας
3509 1818 3998 1890 περιαυγασθήσον-

787 1928 987 1980 quare;
1027 1916 1349 1972 clarioribus
1381 1921 1520 1971 enim
1548 1919 1648 1972 hoc
1676 1922 1833 1974 modo
1865 1920 1956 1973 Dei
1985 1917 2345 1990 apparitioni-

787 2007 883 2058 bus
936 2008 1383 2072 illustrabuntur,
1431 2012 1964 2078 supermnndialibus
2014 2012 2136 2065 istis
2191 2028 2347 2066 coru-

784 2099 1120 2154 scationibns
1156 2101 1206 2152 in
1241 2103 1539 2155 consimilis
1571 2103 1772 2170 speciei
1807 2103 2022 2170 specula
2067 2104 2345 2171 limpidius

785 2191 1112 2257 ulteriusque.
1163 2192 1323 2259 jnbar
1393 2207 1547 2246 suum
1617 2194 2014 2249 evibrantibus.
2073 2194 2341 2247 Cmterunt

783 2281 1052 2343 pontiﬁcis
1089 2281 1174 2332 illa
1213 2285 1666 2351 sacerdotumque
1700 2283 1926 2346 ablutio,
1963 2302 2084 2355 quae
2119 2287 2345 2340 summis

781 2372 1148 2439 extremisque
1178 2373 1358 2443 digitis
1395 2376 1703 2439 adhibetur,
1752 2392 1936 2430 coram
1977 2379 2342 2432 sacrosanctis

783 2463 898 2515 i3tis
922 2465 1178 2532 symbolis
1205 2468 1529 2530 instituitur,
1563 2484 1665 2520 non
1696 2483 1851 2523 secus
1885 2485 1947 2524 ac
1973 2485 2154 2523 coram
2188 2471 2342 2525 Cbri-

780 2563 882 2614 sto,
915 2554 1003 2621 qui
1049 2557 1446 2612 occultissimas
1476 2574 1716 2626 quasque
1757 2560 2116 2628 cogitationes
2164 2562 2344 2616 intue-

783 2655 885 2707 tur;
911 2657 1071 2713 atqne
1097 2647 1185 2699 ubi
1203 2663 1451 2715 suprema
1481 2649 1567 2702 illa
1585 2651 1822 2718 expiatio
1849 2653 2338 2719 perspicacissimis

782 2734 900 2787 istis
932 2738 1377 2802 scrutationibns,
1417 2755 1515 2793 nec
1560 2756 1665 2792 non
1701 2741 2025 2809 iustissimis
2055 2743 2340 2812 integerri-

781 2824 990 2891 tnisque
1023 2826 1240 2891 jttdiciis
1271 2837 1354 2881 est
1376 2830 1644 2891 absoluta,
1676 2841 1784 2882 tum
1817 2832 1926 2900 jam
1952 2832 2152 2885 divinis
2185 2834 2341 2888 rebus

780 2916 1024 2981 pontifex
1060 2919 1426 2989 conjungitur,
1455 2922 1761 2990 sanctisque
1801 2923 1893 2976 Dei
1939 2925 2195 2991 operibus
2227 2925 2341 2976 lau-

780 3011 954 3078 datis,
989 3015 1325 3069 divinissitna
1363 3027 1643 3071 consecrat
1679 3017 1960 3086 mysteria,
2005 3027 2059 3072 et
2095 3019 2148 3072 in
2181 3035 2337 3090 aspe-

781 3109 923 3154 ctum
952 3103 1096 3160 ducit
1128 3122 1245 3174 qua:
1275 3108 1590 3162 celebravit.

2447 1936 2531 1969 ται
2585 1917 2692 1968 τῶν
2756 1916 3133 1985 ὑπερκοσμίων
3187 1912 3556 1983 μαρμαρυγῶν
3611 1912 3688 1974 εἰς
3741 1911 3838 1980 τὴν
3894 1910 3998 1962 τῶν

2446 2009 2819 2080 ὁμοιοειδῶνξδ
2849 2009 3126 2078 ἐσόπτρων
3153 2006 3377 2072 ἀγλαΐαν
3398 2002 3714 2072 ὁλικώτερον
3745 2002 3835 2054 καὶ
3858 2001 4000 2054 διαυ-

2448 2110 2701 2180 γέστερον
2734 2108 2986 2175 ἐφιέντων
3016 2108 3204 2159 διεῖναι
3250 2105 3292 2135 ³⁸
3324 2105 3421 2173 τὴν
3451 2102 3655 2155 οἰκείαν
3685 2101 3891 2170 αἴγλην.
3937 2101 3998 2152 Ἠ

2444 2204 2497 2254 δὲ
2529 2201 2620 2253 τοῦ
2655 2201 2901 2272 ἰεράρχου
2932 2201 3023 2252 καὶ
3062 2198 3170 2250 τῶν
3213 2197 3397 2267 ἱερέων
3423 2197 3545 2266 ἄχρι
3577 2193 3684 2246 τῶν
3713 2194 3893 2263 ἄκρων
3927 2192 4000 2242 εί-

2443 2311 2566 2345 τουν
2590 2293 2828 2362 ἐσχάτων
2853 2291 3099 2360 ἀπόνιψις
3116 2290 3438 2360 ἐπίπροσθεν
3455 2288 3692 2354 γίγνεται
3710 2285 3816 2337 τῶν
3835 2287 3998 2350 ἁγιω-

2442 2384 2615 2435 τάτων
2635 2401 2696 2434 συ
2707 2384 2933 2454 μϐόλων,
2951 2383 3022 2444 ὡς
3039 2382 3129 2433 ἐπὶ
3149 2379 3381 2450 Χριστοῦ
3402 2377 3493 2429 τοῦ
3512 2379 3687 2437 πάσας
3703 2374 3998 2443 ἐφορῶντος

2444 2476 2595 2546 ἡμῶν
2625 2476 2719 2538 τάς
2751 2477 3128 2545 κρυφιωτάτας
3169 2473 3392 2532 ἐννοίας,
3429 2471 3519 2521 καὶ
3560 2469 3657 2537 τῆς
3699 2465 3999 2537 ἀκροτάτης

2444 2568 2758 2638 καθάρσεως
2799 2569 2854 2618 ἐν
2884 2570 2993 2629 τοῖς
3031 2563 3190 2617 αὑτοῦ
3234 2564 3278 2594 ⁸⁸
3311 2561 3732 2622 πανεπισκόποις
3776 2555 4000 2628 ἀκριϐα-

2445 2662 2617 2728 σμοῖς,
2635 2659 2725 2710 καὶ
2752 2660 2868 2720 ταῖς
2880 2657 3239 2716 δικαιοτάταις
3252 2655 3344 2706 καὶ
3360 2653 3669 2713 ἀδεκάστοις
3693 2650 3931 2719 κρίσεσιν
3954 2647 3996 2678 ³⁷

2442 2749 2797 2819 ὁριζομένης·
2841 2748 2980 2800 οὑτω
3013 2749 3121 2808 τοῖς
3175 2745 3337 2806 θείοις
3393 2744 3419 2794 ὁ
3454 2743 3712 2813 ίεράρχης
3766 2737 3997 2797 ἑνοῦται,

2442 2843 2532 2892 καὶ
2558 2841 2653 2903 τὰς
2686 2839 2830 2910 ἱερὰς
2867 2838 3148 2907 θεουργίας
3177 2836 3438 2905 ὑμνήσας,
3471 2833 3740 2903 ίερουργεῖ
3768 2829 3837 2882 τὰ
3863 2827 3995 2880 θειό-

2441 2951 2596 2997 τατα,
2629 2933 2722 2985 καλ⁴
2754 2935 2842 2984 ὑπ’
2866 2931 2982 3000 ὄψιν
3006 2930 3125 2997 ἄγει
3151 2928 3218 2980 τά
3246 2925 3540 2998 ὑμνημένα.

2313 3272 2474 3346 5X1.

850 3419 1107 3485 Quaenam
1161 3431 1326 3486 porro
1384 3431 1708 3471 censeamus
1749 3417 1929 3473 divina
1980 3418 2033 3470 in
2080 3433 2178 3472 nos
2217 3431 2335 3471 esse
2364 3423 2405 3479 C

2364 3423 2405 3479 C
2508 3415 2668 3477 Τίνας
2697 3417 2791 3485 μὲν
2826 3411 2964 3467 εἶναι
3004 3413 3048 3443 ⁸³
3083 3410 3181 3475 τὰς
3210 3411 3287 3473 εἰς
3316 3410 3461 3481 ἡμᾶς
3490 3405 3773 3477 θεουργίας
3804 3405 3993 3475 φαμὲν,

781 3523 967 3577 opera,
1001 3507 1256 3574 deinceps
1280 3521 1377 3574 pro
1402 3506 1542 3558 virili
1586 3511 1964 3576 exponendum
1997 3515 2103 3565 est.
2154 3505 2338 3574 Neque

783 3597 923 3650 enim
982 3596 1259 3649 laudandis
1316 3597 1567 3651 omnibus
1607 3598 1845 3663 suﬂieio,
1908 3600 2014 3652 imo
2077 3613 2143 3651 ne
2193 3598 2340 3651 clare

782 3689 995 3758 quidem
1021 3691 1405 3756 cognoscendis
1425 3689 1985 3758 aliisquetradendis;
2019 3707 2135 3758 qua:
2159 3700 2337 3743 autem

785 3797 813 3832 a
859 3778 1184 3848 prmsulibus
1233 3779 1418 3834 divino
1475 3781 1693 3834 numine
1744 3780 1938 3836 aﬂlatis
1987 3782 2339 3836 conformiter

784 3873 1014 3942 eloquiis
1056 3872 1348 3925 laudantur
1377 3889 1440 3926 ac
1472 3874 1842 3938 celebrantur,
1873 3875 2060 3928 eadem
2096 3890 2192 3942 pro
2226 3891 2340 3929 mo-

785 3963 908 4016 dulo
958 3974 1162 4030 nostro,
1217 3964 1360 4018 sacri
1405 3966 1611 4020 ordinis
1645 3968 1960 4035 aspirationi
2009 3968 2290 4036 implorata
2320 4009 2334 4030 ,

783 4055 1137 4125 proferemus.
1183 4055 1442 4110 Naturam
1479 4058 1789 4122 humanam,
1829 4061 1897 4113 ab
1940 4062 2098 4115 initio
2145 4062 2340 4115 divinis

784 4149 940 4201 bonis
982 4150 1342 4217 imprudentia
1374 4165 1468 4202 sua
1508 4153 1814 4219 spoliatam,
1849 4153 1957 4206 vita
1996 4154 2339 4222 passionibus

785 4242 1016 4294 obnoxia
1064 4250 1117 4294 et
1167 4250 1323 4294 terra:
1377 4243 1568 4296 mortis
1611 4245 1795 4298 exitus
1848 4246 2094 4314 excepit,
2138 4249 2338 4314 quippe

784 4335 1091 4403 perniciosa
1134 4336 1234 4388 ista
1264 4335 1375 4389 veri
1409 4336 1530 4389 boni
1565 4336 1821 4401 descrtio,
1850 4353 2127 4408 sacrazque
2159 4339 2212 4392 in
2240 4355 2338 4408 pa-

786 4429 967 4482 radiso
999 4428 1130 4498 legis
1157 4431 1533 4497 prmvaricatio
1565 4446 1686 4484 eum
1726 4433 1817 4499 qui
1852 4433 2065 4496 blande,
2100 4433 2341 4486 mulcen-

784 4523 928 4575 tibus
967 4532 1019 4576 et
1052 4521 1264 4577 infestis
1309 4523 1610 4578 adversarii
1660 4525 1939 4581 fraudibus
1984 4526 2213 4592 illectus,
2265 4527 2340 4580 vi-

785 4613 893 4667 tale
931 4612 1117 4684 jugum
1160 4625 1504 4679 excusserat,
1551 4620 2002 4686 propensionibus
2047 4620 2176 4684 suis,
2223 4635 2340 4688 quae

784 4704 984 4760 divinis
1032 4706 1185 4760 bonis
1236 4707 1626 4774 adversantur,
1670 4709 1893 4776 dimisit,
1946 4710 2085 4766 unde
2139 4711 2334 4764 misere

783 4799 1137 4854 cternitatem
1185 4788 1308 4853 cum
1346 4800 1679 4856 mortalitate
1720 4805 2104 4867 commutavit;
2149 4813 2203 4856 et
2241 4804 2332 4871 qui
2371 4806 2408 4858 D

2281 4804 2332 4856 tti
2371 4806 2408 4858 D
2439 4801 2631 4860 εωκεν,
2674 4796 2820 4848 ἐνθεν
2863 4792 3103 4854 ἐλεεινῶς
3133 4788 3251 4842 ἀντὶ
3299 4788 3392 4859 μὲν
3437 4782 3648 4839 αἰωνίου
3695 4779 3755 4831 τὸ
3801 4779 3920 4846 θνητ

781 4893 1042 4962 originem
1087 4906 1116 4944 a
1160 4892 1499 4961 corruptibili
1535 4895 1879 4961 generatione
1915 4903 2224 4963 acceperat,
2268 4893 2334 4946 ad

961 5083 983 5110 ε
1006 5070 1158 5122 Joan.
1194 5087 1310 5131 xm,
1358 5072 1440 5122 l0.

2443 3508 2566 3577 ἑξῆς
2598 3507 2903 3576 ἁφηγητέον
2933 3506 3028 3574 ὅση
3057 3503 3283 3573 δύναμις
3302 3519 3314 3531 ·
3345 3499 3404 3552 οὐ
3434 3496 3540 3568 γὰρ
3563 3495 3780 3557 ἁπάσας
3813 3495 3997 3563 ὑμνεῖν

2445 3606 2621 3667 ἱκανὸς
2659 3605 2784 3673 ἐγὼ,
2833 3606 2902 3674 μή
2946 3603 2996 3655 τί
3033 3620 3094 3670 γε
3150 3599 3333 3668 σαφῶς
3379 3595 3571 3650 εἰδέναι
3631 3595 3722 3646 καί
3780 3593 3994 3661 ἐτέρους

2445 3701 2847 3768 μυσταγωγεῖν·
2903 3697 2999 3748 ὅσα
3045 3696 3098 3747 δέ
3146 3693 3281 3763 πρὸς
3328 3690 3435 3742 τῶν
3481 3686 3674 3739 ἐνθέων
3731 3681 3993 3754 ἱεραρχῶν

2440 3789 2740 3851 ἀκολούθως
2785 3791 2893 3850 τοῖς
2946 3788 3141 3854 λογίοις
3189 3785 3431 3854 ὑμνεῖται
3470 3781 3558 3833 καὶ
3605 3777 3980 3849 ίερουργεῖται,

2440 3880 2629 3942 ταῦτα,
2673 3878 2746 3942 ὡς
2792 3882 2917 3950 ἡμῖν
2969 3877 3205 3945 ἐφικτὸν,
3255 3872 3503 3944 ἐροῦμεν,
3540 3869 3638 3937 τὴν
3676 3863 3992 3936 ἱεραρχικὴν

2441 3973 2722 4022 ἐπίπνοιαν
2743 3967 2951 4040 ἀρωγὸν
2973 3968 3014 3998 ³³
3043 3964 3505 4032 ἐπικαλεσάμενοι.
3527 3955 3632 4027 Τὴν
3653 3952 3992 4026 ἀνθρωπείαν

2443 4064 2634 4132 φύσιν,
2685 4059 2918 4132 ἀρχῆθεν
2970 4051 3074 4111 ἀπὸ
3123 4057 3228 4108 τῶν
3287 4054 3442 4106 θείων
3487 4048 3705 4116 ἀγαθῶν
3755 4046 3994 4114 ἀνοήτως

2441 4152 2888 4223 ἐξολισθήσασαν,
2933 4151 2964 4219 ἡ
3009 4145 3448 4214 πολυπαθεστάτη
3507 4140 3616 4209 ζωὴ
3658 4137 3988 4205 διαδέχεται.

2441 4246 2533 4299 καὶ
2579 4244 2638 4296 τὸ
2681 4244 2773 4296 τοῦ
2813 4240 3131 4312 φθοροποιοῦ
3178 4237 3404 4292 θανάτου
3442 4234 3645 4304 πέρας·
3690 4225 3991 4288 ἀκολούθως

2440 4341 2547 4410 γὰρ
2587 4340 2618 4408 ἠ
2662 4337 2759 4405 τῆς
2799 4337 2963 4396 ὅντως
3014 4331 3342 4402 άγαθότητος
3385 4325 3619 4396 ὀλέθριος
3667 4317 3990 4410 ἀποστασία,

2441 4408 2534 4484 καί
2564 4430 2662 4499 τῆς
2697 4428 2844 4498 ἱερᾶς
2876 4426 2931 4478 ἐν
2956 4421 3260 4493 παραδείσῳ
3290 4415 3636 4488 θεσμοθεσίας
3666 4408 3988 4481 ὑπερϐασία,

2441 4521 2529 4575 τὸν
2555 4521 2971 4590 ἐξοιστρήσαντα
2998 4514 3089 4567 τοῦ
3121 4510 3380 4577 ζωοποιοῦ
3409 4507 3592 4576 ζυγοῦ,
3620 4507 3734 4567 ταῖς
3766 4502 3990 4562 οἰκείαις

2447 4618 2636 4687 ῥοπαῖς
2663 4614 2708 4645 ¹⁵⁰
2749 4614 2842 4665 καὶ
2869 4609 3168 4669 θελκτικαῖς
3188 4604 3281 4658 τοῦ
3304 4601 3542 4656 ἐναντίου
3566 4601 3657 4654 καί
3677 4597 3988 4687 δυσμενέσιν

2443 4686 2694 4769 ἀπάταις,
2723 4706 2834 4766 τοῖς
2880 4700 3136 4763 ἐναντίοις
3165 4699 3270 4750 τῶν
3311 4697 3465 4750 θείων
3506 4691 3721 4761 ἀγαθῶν
3754 4686 3986 4760 παραδέο

2443 4801 2466 4818 ι-
2675 4796 2819 4818 uno“.
2865 4792 3103 4818 xx--...:'.-
3135 4788 3245 4818 1....\
3299 4788 3392 4818 ..ι-ι
3438 4782 3648 4818 ..ιωυτηη
3695 4779 3755 4818 τὺ
3801 4776 3986 4818 nuntiat

3898 4793 3989 4828 τον

2446 4890 2836 4961 ἀντηλλάξατο”
2870 4886 2965 4957 τὴν
3012 4884 3067 4937 δὲ
3110 4881 3310 4935 οἰκείαν
3353 4879 3524 4951 ἀρχὴν
3569 4876 3624 4927 ἐν
3671 4870 3988 4944 φθαρτικαξ

2057 5284 2290 5339 VARI/13
2331 5281 2728 5340 LECTIONES.

852 5443 896 5474 "
938 5440 1104 5492 Aliter
1153 5435 1208 5489 in
1271 5441 1391 5500 cod.
1426 5440 1526 5494 Ch.

783 5511 845 5582 1).
949 5513 991 5542 ³³
1021 5513 1418 5582 φανερωτέρας,
1447 5509 1545 5582 QII.
1589 5511 1647 5562 D.
1682 5513 1792 5582 γάρ
1818 5526 1918 5582 non
1940 5521 2042 5582 est
2087 5512 2136 5582 in
2167 5510 2235 5562 Μ.
2270 5511 2438 5582 et_Sc.

1603 5441 1646 5471 ’°
1673 5440 1806 5492 Bud.
1831 5439 2037 5496 scribit.
2063 5441 2128 5491 δι’
2156 5435 2221 5508 ἧς
2244 5439 2302 5491 τὺ
2330 5439 2650 5508 ἀκροτάτης.

3449 5432 3490 5462 ³²
3518 5431 3656 5484 κατά
3681 5429 3770 5481 τὸν
3796 5428 3982 5496 νόμον,

3441 5502 3482 5532 ³⁵
3512 5501 3796 5569 ἀφιέντων,
3927 5497 3983 5569 Β,

2750 5439 2790 5469 εί
2820 5439 2846 5489 ὁ
2880 5437 2974 5507 μὲν
2997 5432 3108 5498 οὖν,
3145 5434 3214 5507 bl.

2562 5504 2605 5540 "
2628 5504 2903 5578 ὁμοειδῶν,
2933 5508 3028 5578 Cb.
3066 5507 3122 5559 D.
3147 5505 3229 5578 _P.
3256 5504 3324 5578 Β.

781 5578 992 5650 διιέναι,
1023 5565 1118 5635 Cb.
1249 5565 1316 5633 M':
1348 5565 1417 5632 P1.
1437 5579 1491 5650 7'7‘
1516 5565 1726 5642 ἐαυτοῦ,
1756 5565 1810 5631 1).
1856 5579 1897 5650 ξτ
1927 5580 2271 5650 ἀνακρίσεσιν
2293 5618 2306 5642 ,
2335 5578 2430 5640 Ρ.;
2464 5565 2691 5650 Βιιιιαξιιὶ
2717 5565 2919 5650 notavit
2950 5575 3470 5650 alia‘tndectionem,
3509 5565 3766 5650 xilioectv.
3828 5566 3870 5597 ³³
3893 5565 3986 5650 καὶ

782 5649 868 5702 ἐπ’
894 5651 1032 5718 ὄψιν,
1067 5651 1225 5716 ΒυιΙ.;
1283 5649 1606 5720 ὑμνηθέντα·
1649 5650 1796 5712 τίνας
1825 5645 2032 5720 μὲνοῦν
2059 5645 2214 5720 εἶναι,
2246 5650 2304 5701 D.

2341 5717 2364 5724 ἡ
2401 5650 2443 5680 ³⁸
2472 5649 2706 5719 ἀγωγόν,
2737 5648 2804 5701 Μ.
2840 5647 2927 5702 Sc.

785 5722 904 5774 bent
937 5717 997 5774 S.
1036 5723 1088 5774 l’.
1132 5727 1186 5775 tt.
1218 5717 1420 5776 beBy
1455 5719 1574 5771 ειη.
1610 5725 1700 5774 sed
1725 5717 1841 5788 pen
1872 5717 1975 5769 τῶν
2005 5718 2161 5772 θείων
2189 5717 2427 5786 ἀγαθῶν,

3025 5647 3068 5677 ⁸ο
3097 5645 3218 5699 Haec
3253 5645 3408 5697 verba
3461 5644 3559 5697 hoc
3594 5641 3711 5694 loco
3758 5651 3862 5690 non
3893 5635 3988 5690 ln-
