4162 6304
166 391 270 447 Ml

1183 393 1267 447 DE
1303 391 1583 447 ECCLES.
1620 389 1972 446 HIERARCH
2001 427 2020 456 ,
2053 389 2209 448 CAP.
2247 388 2334 446 Ill.

3273 391 3380 445 4η

170 507 437 573 ἐσχηκυῖα
461 505 730 573 γενέσεσιν
749 503 837 560 ἐπὶ
861 505 919 561 τὸ
939 505 1037 575 τῆς
1054 505 1223 576 ἀρχῆς
1249 505 1574 576 κατάλληλον
1599 506 1736 558 εἰκό-
1765 512 1807 566 Α

1735 512 1807 566 ηΑ
1838 506 2115 561 interitum
2163 505 2360 577 origini
2411 519 2523 560 ante
2563 513 2982 560 consentaneum
3019 505 3142 575 jure
3185 507 3378 559 merito

167 611 284 659 τως
307 590 408 665 ἦγε
430 596 487 652 τὸ
517 597 685 666 πέρας
705 614 718 626 ⁸
763 596 895 650 ἀλλά
927 597 1019 650 καὶ
1055 599 1152 668 τῆς
1177 597 1323 661 θείας
1339 601 1430 652 καὶ
1455 597 1732 666 ἀναγώγου

173 683 326 753 ζωῆς
381 685 692 749 ἐθελουσίως
744 687 1111 751 ἀποπεσοῦσα,
1146 688 1278 759 πρὸς
1332 689 1431 758 τὴν
1489 689 1735 741 ἐναντίαν

174 774 435 844 ἐσχατιὰν
487 765 685 848 ἠνέχθη
712 817 726 841 ,
762 767 856 848 τὴν
901 778 1380 850 πολυπαθεστάτην
1437 780 1733 834 ἀλλοίωσιν.

174 866 506 939 Πλανωμένη
527 868 581 922 δὲ
609 871 700 922 καὶ
728 871 822 940 τῆς
852 870 1057 934 εὐθείας
1081 870 1200 924 ὁδοῦ
1223 871 1319 942 τῆς
1348 871 1438 923 ἐπὶ
1463 871 1546 924 τὸν
1572 871 1736 936 ὅντως

173 956 308 1009 ὄντα
336 960 462 1012 Θεὸν
490 962 921 1031 ἐκτετραμμένη,
960 963 1050 1014 καὶ
1083 965 1202 1025 ταῖς
1227 962 1493 1033 ὀλεθρίαις
1520 964 1614 1016 καὶ
1642 980 1739 1016 κα-

175 1051 484 1122 κεργέτισιν
536 1053 940 1124 ὑποταττομένη
987 1054 1282 1126 πληθύσιν,
1338 1056 1622 1110 ἐλάνθανεν
1677 1056 1736 1108 οὐ

177 1137 339 1201 θεοὺς
359 1138 476 1191 οὑδέ
501 1138 701 1205 φίλους,
729 1140 861 1194 ἀλλά
894 1143 1174 1212 δυσμενεῖς
1203 1145 1570 1215 θεραπεύουσα
1589 1163 1600 1174 ·
1631 1147 1737 1198 τῶν

176 1230 238 1285 δὲ
267 1233 500 1300 ἀφειδῶς
526 1234 660 1306 αὐτῇ
685 1236 822 1288 κατὰ
859 1236 919 1289 τὸ
949 1239 1144 1290 οἰκεῖον
1173 1238 1390 1309 ἀνηλεές
1430 1239 1738 1310 ἀποκεχρη-

182 1323 384 1395 μὲνων,
427 1328 504 1390 εἰς
547 1328 878 1402 ἀνυπαρξίας
918 1330 1150 1402 οἰκτρῶς
1182 1331 1532 1400 ἐμπεπτώκει
1558 1331 1598 1362 ⁸⁸
1648 1332 1745 1384 καὶ

176 1414 457 1481 ἀπωλείας
480 1419 737 1474 κίνδυνον.
781 1419 842 1473 Ἠ
871 1422 925 1475 δὲ
962 1424 1060 1493 τῆς
1098 1422 1388 1495 θεαρχικῆς
1415 1423 1740 1494 ἀγαθὸτητος

178 1504 514 1578 ἀπειροτάτη
566 1511 936 1580 φιλανθρωπία
982 1513 1073 1566 καὶ
1120 1514 1216 1585 τὴν
1257 1515 1550 1586 αὐτουργὸν
1588 1515 1741 1586 ἡμῶν

178 1593 583 1667 ἀγαθοπρεπῶς
603 1599 701 1651 οὐκ
726 1600 1034 1672 ἀπηνήνατο
1054 1603 1327 1674 πρόνοιαν,
1358 1603 1491 1657 ἀλλὰ
1518 1599 1740 1672 ἐν’ἀλη-

180 1682 270 1738 θεῖ
317 1685 525 1756 μεθέξει
568 1688 674 1742 τῶν
717 1691 838 1744 καθ’
880 1693 1026 1762 ἡμᾶς
1058 1694 1319 1764 γενομένη
1351 1696 1565 1748 πάντων
1613 1696 1742 1747 ἀνα-

185 1780 500 1850 μαρτήτως,
531 1781 623 1835 καὶ
651 1783 786 1854 πρὸς
811 1783 870 1835 τὸ
894 1785 1146 1836 ταπεινὸν
1167 1785 1319 1855 ἡμῶν
1351 1785 1743 1851 ἐνοποιηθεῖσα,

1836 597 2170 666 properavit,
2200 611 2298 653 nec
2327 611 2433 652 non
2460 611 2499 650 ,ι
2541 596 2652 650 vita
2698 595 2902 658 divina,
2954 609 3074 663 qua!
3102 597 3288 665 ipsum
3312 597 3383 648 ad

1835 703 2027 756 supera
2076 688 2412 755 subrigebat,
2457 687 2720 757 dilapsus,
2768 696 2824 741 et
2858 687 2923 740 ad
2959 697 3200 742 extrema
3248 703 3378 741 con—

1838 781 2001 837 traria
2043 779 2154 849 jam
2189 795 2422 849 praeceps
2458 784 2637 844 datus,
2679 781 2846 836 variis
2885 781 3380 848 perturbationibus

1834 872 2116 926 obnoxiam
2176 883 2367 927 nactus
2419 880 2500 926 est
2546 873 3000 926 immutationem.
3064 869 3192 925 Cum
3251 887 3382 925 vero

1835 961 1998 1016 etiam
2030 977 2059 1015 a
2087 971 2232 1015 recto
2256 961 2473 1017 tramite
2499 962 2566 1015 ad
2597 960 2761 1017 Deum
2794 977 2978 1016 verum
3009 963 3262 1016 tendente
3287 963 3378 1017 de-

1835 1052 2103 1118 ﬂecteret,
2147 1063 2308 1122 atque
2338 1053 2584 1107 exitiosis
2625 1055 2991 1123 maleilcisque
3028 1054 3218 1108 turmis
3259 1054 3384 1108 sub-

1837 1146 1980 1200 ditus
2026 1155 2337 1209 teneretur,
2399 1145 2618 1199 minime
2663 1146 2894 1199 advertit
2931 1162 2993 1198 se
3041 1161 3144 1198 non
3183 1145 3284 1197 diis
3331 1153 3385 1197 et

1839 1238 2061 1303 amicis,
2113 1240 2205 1293 sed
2259 1238 2470 1293 infestis
2518 1237 2766 1302 hostibus
2820 1237 2986 1291 fuisse
3037 1239 3345 1291 obsecutum
3365 1249 3392 1296 ι·

1838 1330 2027 1399 quibus
2065 1343 2129 1383 eo
2163 1329 2453 1383 crudeliter
2483 1343 2580 1397 pro
2618 1329 2951 1382 immanitate
2984 1342 3078 1381 sua
3112 1328 3386 1383 abutenti—

1839 1420 1959 1483 bns,
1992 1421 2044 1474 in
2090 1429 2263 1474 status
2298 1419 2792 1488 iuternecionisque
2822 1418 3111 1474 discrimen
3146 1429 3382 1472 venerat.

1839 1512 2037 1568 Verum
2068 1510 2162 1565 Dei
2197 1510 2516 1580 principalis
2553 1510 2816 1566 bonitatis
2845 1511 3055 1568 inﬁnita
3086 1511 3390 1580 benignitas

1840 1601 2095 1657 benevole
2125 1616 2220 1670 per
2257 1616 2321 1658 se
2352 1603 2524 1657 nostri
2551 1618 2739 1658 curam
2768 1618 2960 1672 gerere
3003 1618 3110 1657 non
3157 1603 3384 1660 destitit.

1843 1695 1936 1748 sed
1976 1703 2278 1749 nostrorum
2312 1695 2552 1749 omnium
2582 1709 2709 1749 vere
2753 1695 2892 1750 facta
2930 1696 3220 1763 particeps,
3254 1694 3347 1747 abs
3372 1723 3392 1736 ς

1843 1799 1946 1854 que
1986 1795 2204 1854 peccato
2245 1783 2290 1848 τ,
2337 1784 2736 1854 bumilitatique
2787 1793 2989 1839 nostra:
3024 1784 3196 1848 unita,
3231 1783 3389 1853 196

186 1869 329 1940 μετὰ
363 1871 460 1940 τῆς
481 1871 586 1924 τῶν
627 1873 838 1926 οἰκείων
866 1875 1166 1945 ἀσυγχύτου
1196 1877 1287 1929 καὶ
1312 1876 1585 1948 ἀλωὸήτου
1611 1896 1746 1931 παν-
1777 1869 1819 1929 Β

1777 1869 1819 1929 Β
1847 1875 1993 1929 salvo
2037 1875 2423 1944 proprietatum
2474 1890 2694 1929 suarum
2747 1883 2919 1940 statu,
2961 1889 3131 1942 eoque
3173 1888 3389 1942 prorsus

181 1959 356 2023 τελῶς
405 1961 585 2026 ἕξεως,
631 1962 730 2032 τὴν
775 1964 908 2034 πρὸς
960 1965 1128 2037 αὐτὴν
1172 1967 1303 2036 ἡμῖν
1346 1969 1627 2023 κοινωνίαν
1670 1970 1743 2031 ὡς

181 2050 468 2119 ὀμογενέσι
507 2052 689 2104 λοιπὸν
719 2053 1048 2125 ἐδωρήσατο,
1092 2057 1184 2109 καὶ
1228 2058 1337 2111 τῶν
1377 2060 1589 2112 οἰκείων
1620 2058 1744 2112 ἀνέ-

182 2139 329 2203 δειξε
349 2141 604 2211 μετόχους
621 2143 800 2196 καλῶν
819 2161 831 2173 ο
853 2144 954 2214 τῆς
983 2146 1079 2216 μὲν
1097 2147 1466 2219 ἀποστατικῆς
1490 2149 1742 2220 πληθύος,

181 2230 262 2294 ὡς
290 2233 323 2304 ἡ
353 2232 556 2301 κρυφία
588 2235 886 2306 παράδοσις
928 2236 1060 2307 ἔχει,
1093 2238 1154 2290 τὸ
1185 2238 1302 2292 καθ’
1333 2239 1486 2310 ἡμῶν
1514 2239 1745 2293 καταλύ-

188 2338 330 2376 σασα
377 2326 574 2396 κράτος
622 2324 682 2378 οὺ
729 2325 869 2380 κατά
914 2324 1154 2397 δύναμιν,
1202 2325 1276 2391 ὡς
1328 2329 1744 2401 ὑπερισχύουσα,

185 2415 333 2469 κατὰ
363 2416 416 2469 δὲ
442 2415 501 2469 τὸ
531 2417 804 2488 μυστικῶς
838 2419 965 2489 ἡμῖν
1001 2419 1301 2490 παραδοθὲν
1329 2419 1523 2489 λόγιον,
1547 2423 1602 2475 ἐν
1631 2422 1749 2493 κρί-

186 2522 272 2559 σει
305 2507 397 2558 καὶ
421 2505 746 2578 δικαιοσύνῃ.
773 2506 850 2560 Τὰ
883 2508 1002 2561 καθ’
1031 2511 1177 2578 ἡμᾶς
1203 2508 1262 2561 at
1290 2508 1424 2580 πρὸς
1445 2509 1748 2561 τούναντίον

187 2596 338 2650 ἀπαν
395 2597 744 2668 ἀγαθουργῶς
798 2601 1223 2669 μετεσκευάσατο
1272 2599 1316 2655 β’
1343 2617 1356 2629 ’
1408 2599 1468 2652 τὸ
1515 2600 1610 2671 μὲν
1643 2598 1750 2670 γὰρ

187 2686 334 2740 κατὰ
361 2685 487 2740 νοῦν
514 2688 669 2757 ἡμῶν
694 2687 940 2756 ἀλαμπὲς
971 2688 1259 2760 ἐνέπλησεν
1283 2689 1458 2741 ὀλδίου
1493 2689 1585 2743 καὶ
1615 2688 1751 2741 θειο-

185 2779 352 2832 τάτου
375 2779 566 2847 φωτὸς,
593 2780 683 2831 καὶ
706 2782 814 2843 τοῖς
843 2779 1124 2833 θεοειδέσιν
1146 2780 1414 2851 ἐκόσμησε
1439 2779 1498 2832 τὸ
1518 2779 1750 2832 ἀνείδεον

189 2868 414 2922 κάλλεσι
497 2870 558 2921 τὸ
603 2868 658 2921 δὲ
703 2870 800 2939 τῆς
839 2868 1014 2940 ψυχῆς
1061 2872 1371 2941 οἰκητήριον
1401 2872 1455 2923 ἐν
1502 2869 1754 2922 παντελεῖ

193 2957 438 3029 σωτηρίᾳ
466 2958 565 3027 τῆς
597 2959 718 3010 ὅσον
743 2958 893 3012 οὔπω
925 2959 1333 3031 καταπεσούσης
1362 2960 1514 3031 ἡμῶν
1566 2961 1751 3024 οὐσίας

191 3048 563 3115 εναγεστάτων
587 3048 773 3102 παθῶν
797 3050 890 3103 καὶ
912 3049 1246 3121 φθοροποιῶν
1277 3051 1563 3120 μολυσμῶν
1597 3051 1752 3121 ἠλευ-

193 3136 454 3207 θέρωσεν,
511 3138 796 3209 ἀναγωγὴν
843 3141 972 3209 ἡμῖν
1033 3139 1394 3212 ὑπερκόσμιον
1443 3140 1658 3204 δείξασα
1708 3140 1751 3172 ’⁵⁸

1843 1967 2125 2025 brcoul‘uso
2166 1979 2219 2022 et
2259 1968 2538 2032 inviolato,
2582 1967 2738 2037 cujus
2776 1967 2939 2020 etiam
2986 1967 3165 2032 nobis,
3209 1975 3392 2034 utpote

1843 2060 2153 2128 congeneis.
2177 2059 2506 2113 consortium
2536 2058 2705 2123 dedit,
2742 2070 2947 2126 nosque
2973 2058 3239 2111 bonorum
3264 2068 3391 2108 suo-

1846 2165 1963 2204 rum
2027 2150 2313 2219 participes
2378 2148 2714 2212 declaravit,
2770 2147 3076 2215 apostath
3137 2145 3391 2200 nimirum

1846 2240 2014 2296 turba:
2049 2241 2310 2310 imperio,
2333 2238 2472 2308 quod
2519 2238 2804 2292 adversum
2834 2251 2933 2292 nos
2963 2237 3216 2302 habebat,
3243 2235 3391 2304 juxta

1847 2331 2192 2386 traditionem
2240 2343 2526 2392 arcanam,
2572 2323 2876 2396 proﬂigato,
2917 2339 3024 2379 non
3066 2325 3267 2378 viribus
3294 2339 3393 2378 ceu

1848 2422 2167 2492 przevalens,
2201 2421 2315 2484 sed,
2349 2421 2650 2474 secundum
2677 2418 2960 2488 mysticum
3011 2417 3305 2483 eloquium,
3340 2416 3392 2468 iu

1843 2514 2046 2584 judicio
2075 2521 2130 2567 et
2156 2513 2384 2580 justitia.
2428 2511 2686 2565 Nostrum
2712 2522 2840 2564 vero
2885 2517 3088 2562 statum
3119 2521 3149 2558 e
3179 2506 3400 2560 diverso

1848 2604 2139 2659 clementer
2175 2603 2518 2666 irnmutavit;
2554 2617 2678 2654 nam
2724 2599 2921 2654 mentis
2949 2599 3166 2666 quidem
3199 2608 3398 2649 nostra:

1849 2697 2227 2752 obscuritatem
2275 2696 2436 2750 beato
2472 2694 2765 2761 divinoqne
2795 2691 2996 2746 lumine
3027 2689 3274 2760 replevit,
3304 2688 3400 2740 de-

1851 2787 2282 2854 formitatemque
2343 2792 2583 2839 nostram
2657 2783 3011 2838 deil'ormibus
3063 2779 3399 2836 ornamentis

1853 2876 2186 2940 illustravit;
2231 2876 2394 2929 animi
2441 2885 2618 2930 autem
2656 2873 2982 2928 domicilium
3012 2888 3131 2926 cum
3164 2869 3399 2938 perlecta

1853 2966 2027 3021 salute
2053 2968 2304 3022 essentia:
2330 2979 2645 3034 naturaeque
2675 2975 2900 3028 nostra‘,
2928 2977 3049 3031 qum
3091 2951 3399 3016 lerme‘col-

1852 3060 2001 3129 lapsa
2033 3066 2150 3113 erat
2173 3067 2227 3112 et
2253 3058 2580 3122 conciderat,
2611 3055 2927 3111 foedissimis
2948 3053 3252 3124 quibusque
3280 3065 3402 3120 pas-

1853 3151 2094 3206 sionibus
2153 3158 2316 3218 atque
2387 3148 2814 3218 inquinamentis
2878 3145 3056 3200 noxiis
3109 3141 3398 3205 liberavit,

196 3227 293 3281 καὶ
323 3229 591 3281 πολιτείαν
614 3229 789 3282 ἔνθεον
814 3231 870 3282 ἐν
898 3233 1014 3292 ταῖς
1045 3230 1178 3299 πρὸς
1205 3229 1368 3299 αὐτὴν
1399 3228 1551 3300 ἡμῶν
1584 3231 1753 3300 ἱεραῖς
1779 3220 1820 3276 C

1779 3220 1820 3276 Ο
1857 3252 2274 3299 commonstrata
2327 3241 2483 3296 nobis
2539 3237 2960 3310 supermundiali
3005 3248 3287 3304 anagoge,
3337 3248 3401 3287 ac

196 3320 340 3374 κατά
363 3322 421 3374 τὸ
447 3323 664 3376 δυνατὸν
696 3323 1076 3393 ἁςςομοιώσεσι.

1861 3337 2048 3391 divinae
2071 3335 2194 3388 vita:
2227 3348 2436 3397 norma,
2478 3347 2575 3401 per
2603 3346 2765 3399 quam
2796 3327 2862 3384 ad
2898 3342 3082 3384 sacras
3107 3327 3222 3395 eius
3251 3324 3402 3382 simi-

1860 3427 2129 3491 litudines,
2155 3425 2208 3480 in
2239 3433 2497 3495 quantum
2524 3422 2638 3477 ﬁeri
2664 3428 2864 3492 potest,
2894 3420 3204 3476 evehamur.

1715 3586 1904 3665 gxrt.

275 3749 700 3821 τὸνθεομίμητον
723 3751 779 3803 δέ
807 3751 924 3814 πῶς
949 3750 1013 3803 ἂν
1052 3750 1182 3822 ἡμῖν
1221 3751 1421 3822 ἑτέρως
1465 3747 1757 3820 ἐγγένοιτο,

203 3844 280 3914 μὴ
316 3843 414 3913 τῆς
440 3841 548 3893 τῶν
583 3842 885 3911 ίερωτάτων
923 3841 1215 3912 θεουργιῶν
1248 3843 1462 3913 μνήμης
1505 3843 1757 3895 ἀνανεού-

203 3932 375 4002 μένης
421 3933 506 3984 ἀεὶ
553 3934 672 3993 ταῖς
721 3929 1057 4001 ίεραρχικαῖς
1105 3932 1423 4001 ίερολογίαις
1472 3931 1517 3961 ⁸⁵
1565 3948 1622 3982 τε
1668 3931 1761 3984 καὶ

203 4022 535 4094 ἱερουργίαις
560 4037 573 4083 ;
603 4019 767 4073 Τοῦτο
791 4017 936 4074 οὖν“
965 4021 1329 4092 ποιοῦμεν,ὼς
1351 4020 1421 4075 τὰ
1463 4021 1617 4089 λόγιά
1653 4039 1757 4092 φη-

203 4129 310 4175 σιν,
338 4112 416 4173 είς
437 4110 533 4180 τὴν
557 4109 724 4178 αὐτῆς
744 4110 1263 4179 ἀνάμνησιν.”Ενθεν
1283 4110 1459 4173 ὁθείος
1483 4110 1759 4181 ίεράρχης,

203 4203 300 4256 ἐπὶ
351 4201 444 4253 τοῦ
496 4201 636 4254 θείου
687 4201 1067 4273 Θυσιαστηρίου
1112 4201 1406 4264 καταστάς,
1455 4203 1613 4291 ὑμνεῖ
1664 4199 1762 4262 τὰς

202 4291 499 4364 εἰρημένας
523 4292 668 4364 ίερδις
700 4293 981 4363 θεουργίας
1005 4292 1176 4364 Ἰησοῦ
1195 4293 1294 4363 τῆς
1317 4290 1594 4363 θειοτάτης
1610 4290 1763 4362 ἡμῶν

203 4383 480 4453 προνοίας,
509 4385 574 4447 ἀς
608 4387 700 4438 ἐπὶ
731 4385 969 4456 σωτηρίᾳ
1016 4385 1109 4438 τοῦ
1142 4385 1330 4453 γένους
1370 4384 1522 4454 ἡμῶν
1551 4384 1762 4454 εὐδοκία

1929 3749 2217 3803 Enimvero
2264 3744 2534 3815 quomodo
2588 3741 2746 3797 nobis
2803 3738 2981 3795 divina
3029 3737 3127 3791 ista
3179 3733 3408 3789 imitatio

1860 3840 2017 3894 aliter
2045 3836 2320 3899 obveniat,
2352 3833 2452 3888 nisi
2483 3841 2591 3887 tam
2621 3829 2988 3901 prtestantium
3015 3824 3273 3880 memoria
3308 3823 3406 3878 be-

1861 3930 2175 3984 neﬁciorum
2201 3925 2292 3980 Dei
2316 3922 2737 3978 sacerdotalibus
2759 3917 3230 3990 praedicationibus
3246 3921 3407 3983 atque

1860 4019 2130 4092 mysteriis
2167 4018 2368 4088 iugiter
2407 4012 2737 4069 innovetur?
2784 4011 2898 4066 Hoc
2937 4011 3118 4077 itaque
3162 4007 3404 4068 iacimus,

1861 4125 1917 4167 ut
1955 4111 2164 4180 eloquia
2197 4109 2420 4178 iubent,
2470 4108 2521 4161 in
2575 4104 2687 4174 ejus
2725 4100 3296 4158 commemorationem
3359 4100 3407 4154 ⁸.

1860 4204 2196 4273 Quapropter
2223 4201 2438 4255 divinus
2465 4212 2677 4267 quoque
2709 4193 2906 4267 pra‘sul
2943 4191 3116 4246 sacris
3146 4189 3411 4245 altaribus

1864 4294 2124 4350 assistens
2167 4301 2351 4347 sancta
2390 4291 2680 4358 divinaque
2715 4285 2842 4342 Jesu
2881 4298 3048 4354 opera
3096 4279 3410 4345 collaudat,

1866 4405 1984 4459 qua:
2025 4402 2091 4443 ex
2120 4385 2457 4442 divinissima
2506 4382 2675 4437 nostri
2718 4376 3056 4450 providentia
3104 4376 3155 4429 in
3186 4365 3410 4428 salutem

202 4475 301 4528 τοῦ
336 4477 737 4544 παναγεστάτου
764 4475 973 4548 [ἰατρὸς
1017 4479 1072 4528 ἐν
1108 4475 1378 4546 Πνεύματι
1426 4476 1583 4546 ἁγίῳ,
1622 4474 1762 4527 κατά
1795 4548 1826 4555 _

1795 4548 1826 4555 _
1867 4482 2080 4555 generis
2106 4478 2347 4539 humani,
2390 4471 2720 4530 sanctissimi
2756 4470 2934 4524 Patris
2968 4466 3325 4534 beneplacito,
3358 4464 3410 4516 in

203 4564 270 4616 τὺ
304 4563 499 4631 λόγιον,
533 4566 857 4617 ἐτελείωσεν.
910 4564 1182 4635 ’Υμνήσας
1227 4565 1285 4618 δέ
1319 4565 1412 4617 καὶ
1459 4564 1556 4635 τὴν
1600 4564 1761 4616 σεῦα·
1794 4548 1836 4602 D

1794 4548 1836 4602 Β
1867 4548 2070 4646 έρίτίιιι
2099 4581 2308 4634 sancto,
2355 4580 2413 4623 ut
2435 4567 2647 4635 eloquia
2673 4571 2963 4624 testantur,
2996 4555 3411 4614 consummavit.

207 4656 376 4726 σμίαν
405 4655 580 4708 αὐτῶν
603 4656 695 4709 καὶ
717 4657 908 4728 νοητὴν
934 4657 1160 4728 θεωρίαν
1187 4659 1244 4708 ἐν
1270 4659 1468 4726 νοεροῖς
1494 4655 1538 4688 ⁸⁸
1562 4654 1761 4723 ὀφθαλ-

209 4751 333 4817 μοῖς
365 4747 718 4814 ἐποπτεύσας,
749 4750 839 4802 ἐπὶ
869 4750 968 4821 τὴν
997 4749 1325 4820 ωμῦολικὴν
1356 4748 1530 4802 αὐτῶν
1556 4749 1764 4819 ἱερουρ-

205 4838 335 4906 γίαν
362 4836 593 4909 ἔρχεται,
620 4842 710 4893 καὶ
735 4838 891 4892 τοῦτο
917 4839 1322 4911 θεοπαραδότως
1339 4856 1351 4869 ·
1377 4837 1498 4892 ὅθεν
1525 4837 1762 4900 εὐλαϐῶς

205 4947 269 4984 τε
302 4931 417 5000 ἅμα
448 4933 539 4984 καὶ
564 4932 885 5002 ίεραρχικῶς
910 4933 1044 5002 μετά
1084 4934 1210 4995 τοὺς
1235 4933 1408 5004 ἱεροὺς
1437 4932 1545 4984 τῶν
1577 4931 1764 5001 θεουρ-

205 5025 349 5093 τιῶν
379 5023 575 5094 ὕμνους
625 5027 763 5097 ὑπὲρ
796 5026 895 5094 τῆς
922 5025 1058 5096 ὑπὲρ
1094 5025 1252 5078 αὑτὸν
1301 5024 1605 5096 ἱερουργίας
1635 5023 1769 5076 ἀπο-

207 5113 470 5181 λογεῖται,
517 5114 777 5185 πρότερον
832 5115 988 5185 ίερῶς
1029 5114 1163 5185 πρὸς
1208 5113 1368 5166 αὑτὸν
1411 5114 1766 5170 ἀναϐοῶν.Σὺ

209 5197 398 5266 εἴπας·
453 5203 628 5258 Τοῦτο
675 5205 892 5259 ποιεῖτε
931 5207 1018 5270 εὶς
1056 5206 1170 5274 τὴν
1216 5204 1368 5274 ἐμὴν
1392 5204 1765 5274 ἀνάμνησιν.

344 5356 526 5413 (Ιίνιιι-
568 5374 645 5422 tv,
681 5359 766 5414 15.
848 5363 872 5401 ⁸
897 5359 1030 5414 Luc.
1066 5359 1313 5422 xxrt,19.

1866 4663 2036 4719 Porro
2060 4659 2365 4716 veneranda
2397 4655 2737 4726 spiritalique
2767 4650 3146 4721 mysteriorum
3172 4653 3414 4700 contem-

1866 4752 2125 4824 platione,
2155 4765 2313 4819 quam
2339 4745 2668 4818 spiritalibus
2692 4741 2861 4797 oculis
2886 4737 3185 4806 conspexit,
3210 4734 3415 4788 collau-

1871 4846 2017 4909 data,
2046 4844 2110 4897 ad
2142 4839 2453 4897 eorumdem
2499 4843 2902 4892 sacrosanctam
2931 4846 2996 4885 ex
3031 4829 3218 4882 divino
3261 4826 3385 4879 lnsti

1873 4945 1986 4989 tuto
2007 4933 2251 5004 procedit
2275 4929 2774 4988 consecrationem;
2815 4921 3068 4992 quocirca
3103 4925 3415 4972 reverenter

1873 5025 2052 5088 simul,
2092 5033 2145 5077 et
2177 5033 2233 5076 ut
2259 5021 2562 5090 pontiﬁcem
2604 5017 2779 5079 decet,
2821 5023 2944 5083 post
2969 5023 3151 5064 sacras
3184 5007 3303 5060 illas
3334 5005 3416 5058 di-

1875 5117 2122 5170 vitiorum
2167 5126 2390 5183 Operum
2424 5109 2648 5175 laudes,
2681 5107 2747 5160 de
2788 5099 3055 5159 sacriﬁcio
3099 5097 3413 5167 dignitatem

1875 5207 2345 5272 suam‘superante
2384 5213 2443 5255 se
2479 5205 2696 5270 purgat,
2729 5196 2795 5250 ad
2822 5191 3095 5250 Christum
3131 5188 3280 5257 prius
3322 5197 3414 5238 ex—

1507 5573 1734 5628 VARLE
1769 5569 2166 5626 LECTIONES.

291 5735 334 5767 “
357 5730 745 5790 ἐνεπεπτώκει,
772 5730 869 5786 Ch.
893 5729 1253 5794 ἐκπεπτώκει,
1283 5729 1350 5782 Μ.
1379 5728 1435 5783 S.
1461 5729 1519 5782 Β.
1580 5728 1624 5760 ⁸³

1657 5722 2095 5796 μετασκευάσασα
2120 5719 2401 5796 ,_S.__P.__D.
2434 5717 2532 5774 Ch.
2567 5716 2690 5774 Sztr.
2727 5717 2779 5776 ct'
2801 5716 2949 5776 Vica.
2993 5715 3038 5748 δ’
3063 5710 3387 5777 ὕποδείξασα

219 5800 282 5861 Ρ.
312 5803 371 5861 Β.
461 5804 508 5838 ⁸⁵
537 5801 852 5870 θεολογίαις,
882 5801 937 5856 ιν.
981 5801 1026 5835 ⁸⁸
1053 5800 1209 5856 τοῦτο
1235 5791 1360 5872 γάρ,
1389 5799 1484 5856 Ch.
1522 5797 1580 5851 Ι).
1609 5791 1667 5852 SI
1695 5796 1754 5851 Β.
1799 5795 1841 5827 ⁸⁸
1867 5793 2098 5865 νοητοῖς,
2127 5791 2185 5846 S.
2221 5791 2279 5846 Ρ.
2312 5792 2435 5847 ςξιν.
