4172 6304
780 343 884 397 “3

1989 341 2041 400 S.
2081 343 2374 401 DlONYSll
2412 343 2867 400 ABEOPAGITIE

3892 341 4006 398 Ml

781 455 1105 511 clamando:
1138 458 1217 513 Tu
1244 457 1425 513 dixisti
1464 474 1479 511 :
1516 456 1631 511 Hoc
1658 459 1814 525 facite
1838 459 1891 511 in
1920 474 2085 512 meum
2111 476 2333 512 commc-
2364 464 2406 519 Α

2364 464 2406 519 Α
2434 457 2560 511 Εἶτα
2589 459 2687 527 τῆς
2713 459 3036 529 θεομιμήτου
3063 458 3263 530 ταύτης
3286 458 3589 529 ἱερουργίας
3604 458 3749 525 ἄξιος
3768 461 4004 530 αἰτήσας

781 550 1123 603 mentionem
1170 552 1221 604 ι.
1269 550 1555 604 Postulans
1594 551 1787 605 deinde
1814 550 1913 603 hoc
1944 549 2214 603 sacriﬁcio
2240 549 2329 603 Dei

780 640 1083 694 imitatione
1110 641 1304 711 dignus
1342 642 1501 704 edici,
1534 656 1630 693 nec
1675 656 1781 694 non
1816 642 2109 694 secundum
2133 640 2328 693 Christi

781 730 1189 785 similitudinem
1240 734 1423 785 divina
1469 732 1780 794 celebrare,
1826 722 2152 800 omninoque
2198 745 2332 798 pure

779 822 1128 887 distribuere,
1166 838 1369 890 eosque
1410 824 1500 891 qui
1538 837 1819 877 sacrorum
1856 823 2021 876 futuri
2053 831 2179 877 sunt
2205 837 2331 891 par-

779 914 971 981 ticipes
1006 916 1407 986 mysteriorum,
1443 916 1632 969 iisdem
1666 914 1827 984 digne
1858 923 2153 982 sancteque
2184 928 2332 972 com-

777 1006 1075 1069 municare,
1112 1006 1464 1059 'divinissima
1521 1006 1608 1059 illa
1658 1007 1914 1075 mysteria
1970 1003 2228 1067 celebrat,
2279 1013 2333 1058 et

769 1096 880 1166 iam
913 1107 1256 1161 consecrata,
1293 1099 1393 1151 sub
1429 1098 1690 1168 symbolis
1714 1097 2008 1167 propositis
2043 1095 2145 1149 ritu
2176 1110 2332 1150 sacro

776 1189 1002 1244 visenda
1052 1191 1330 1259 proponit;
1380 1191 1645 1258 siquidem
1699 1200 1893 1258 operto
1942 1174 2331 1257 individuoque

777 1296 914 1350 pane
950 1280 1213 1341 revelato.
1241 1290 1297 1334 et
1323 1283 1373 1334 in
1405 1281 1571 1333 multa
1608 1280 1803 1344 diviso,
1835 1277 2214 1348 singularique
2242 1292 2334 1331 ca-

776 1371 882 1427 lice
920 1372 1170 1426 omninus
1202 1371 1496 1440 impertita,
1534 1372 1790 1425 unitatem
1830 1370 2122 1439 symbolice
2152 1368 2336 1422 multi-

776 1462 947 1535 plicat
1003 1460 1435 1528 distribuitque,
1490 1471 1895 1516 sacrosanctum
1952 1461 2005 1514 in
2060 1461 2124 1514 iis
2178 1458 2333 1528 197

774 1552 1103 1608 sacriﬁcium
1146 1554 1596 1608 consummando.
1650 1553 1881 1608 Unicum
1923 1553 2068 1607 enim
2102 1550 2228 1605 illud
2270 1564 2335 1604 ac

772 1644 1002 1713 simplex
1050 1660 1421 1715 arcanumque
1474 1644 1600 1701 Jesu
1651 1647 1887 1700 Verbum
1936 1644 2332 1697 divinissimnm

776 1745 871 1801 per
898 1734 1325 1799 assumptionem
1377 1734 1730 1787 humanitatis
1770 1744 1989 1797 nostrae,
2022 1734 2073 1787 in
2118 1735 2333 1797 compo-

775 1824 1029 1878 sitionem
1064 1824 1225 1878 simnl
1258 1834 1312 1879 et
1345 1834 1646 1893 aspectum,
1682 1825 1800 1878 sine
1829 1824 1931 1877 ulla
1962 1826 2043 1879 sui
2084 1826 2334 1878 immuta-

777 1914 944 1979 tione.
980 1930 1078 1983 pro
1122 1930 1218 1968 sua
1264 1916 1507 1971 bonitate
1555 1915 1996 1986 benignitateque
2042 1917 2328 1984 processit,

777 2006 1061 2071 nostrique
1104 2021 1290 2061 secum
1336 2006 1587 2060 unitlcam
1622 2009 2060 2062 communionem
2094 2008 2331 2062 beneﬁce

778 2095 1134 2165 excogitavit,
1165 2110 1229 2163 ea
1258 2112 1375 2160 quae
1412 2098 1463 2150 in
1499 2098 1653 2150 nobis
1688 2098 1912 2151 humilia
1944 2109 2069 2151 sunt
2107 2097 2332 2152 divinis-

775 2187 932 2243 simis
974 2188 1087 2242 suis
1120 2188 1317 2242 uniens
1346 2188 1704 2250 excellentiis,
1735 2199 1793 2241 ut
1826 2201 1879 2243 et
1916 2204 2014 2243 nos
2044 2190 2164 2258 ipsi,
2212 2200 2329 2243 tan-

776 2290 938 2345 quam
966 2280 1208 2332 membra
1232 2280 1473 2348 corpori,
1499 2295 1595 2347 per
1620 2278 1857 2345 ejusdem
1890 2280 2246 2335 immaculata:
2271 2296 2333 2333 ac

778 2368 977 2427 divinae
1006 2369 1132 2424 vitae
1162 2370 1499 2424 identitatem
1545 2388 1926 2440 congruamus,
1969 2389 2036 2425 ne
2068 2375 2333 2441 corrupti-

779 2455 974 2511 bilibus
1006 2460 1184 2512 necati
1217 2460 1577 2528 passionibus,
1609 2461 1807 2514 divinis
1840 2461 1959 2514 istis
1994 2463 2329 2517 sanissimis-

780 2565 884 2618 que
914 2552 1169 2606 membris
1199 2557 1483 2623 incongrut
1518 2554 1747 2622 vitaeque
1804 2555 2090 2625 incapaces
2135 2556 2333 2610 exista-

781 2658 931 2709 mus;
956 2654 1177 2713 oportet
1209 2648 1354 2699 enim
1406 2660 1523 2707 nos.
1557 2647 1599 2698 si
1632 2646 1697 2699 ad
1738 2647 2175 2700 communionem
2218 2645 2331 2714 ejus

780 2735 1101 2802 aspirumus.
1136 2736 1529 2790 divinissimam
1553 2736 1670 2803 ejus
1703 2738 1754 2791 in
1789 2751 1955 2793 carne
1990 2741 2159 2792 vitam
2201 2755 2332 2793 con-

782 2826 1053 2892 templari,
1080 2836 1243 2894 atque
1268 2835 1511 2879 sanctam
1556 2826 1724 2894 ipsius
1759 2828 2178 2896 impeccantiam
2214 2830 2335 2884 imi-

2436 551 2705 618 γενέσθαι,
2740 552 2831 603 καί
2859 554 2925 621 τῇ
2956 552 3091 621 πρὸς
3134 552 3293 603 αὐτὸν
3321 552 3363 582 ’⁵⁷
3405 551 3635 623 Χριστὸν
3665 550 4004 621 ἀφομοιώσει

2433 640 2502 692 τὰ
2544 640 2660 694 θεῖα
2699 641 2932 702 τελέσαι,
2964 642 3056 692 καὶ
3081 640 3346 693 διαδοῦναι
3385 642 3691 708 πανάγνως,
3736 643 3827 694 καὶ
3867 642 4003 703 τοὺς

2434 731 2540 782 τῶν
2568 732 2725 801 ἱερῶν
2754 729 3073 800 μεθέξοντας
3096 732 3432 802 ἱεροπρεπῶς
3455 735 3759 802 μετασχεῖν,
3788 734 4006 802 ἱερουρ-

2432 825 2521 890 γεῖ
2555 820 2621 873 τὰ
2646 820 2912 883 θειότατα,
2944 821 3040 873 καὶ
3078 821 3166 871 ὑπ’
3202 821 3320 890 ὄψιν
3348 820 3469 887 ἄγει
3496 820 3563 872 τὰ
3594 822 3874 891 ὑμνημένα
3907 820 4007 872 διὰ

2431 914 2537 965 τῶν
2582 914 2740 984 ἱερῶς
2790 914 3162 984 προκειμένων
3208 915 3518 984 συμϐόλωνο
3562 916 3650 969 τὸν
3693 905 3800 986 γὰρ
3836 918 4006 983 ὲγκε-

2436 1004 2785 1075 καλυμμένον
2816 1007 2907 1059 καὶ
2957 1005 3254 1077 ἀδιαίρετον
3298 1006 3459 1077 ἄρτον
3492 1007 3854 1076 ἀνακαλύψας,
3902 1008 4007 1059 καὶ

2434 1096 2511 1158 είς
2543 1094 2709 1146 πολλὰ
2734 1093 2939 1157 διελὼν,
2972 1096 3065 1147 καλ⁸
3096 1097 3156 1147 τὸ
3204 1098 3398 1147 ἐνιαῖον
3424 1095 3517 1171 τρῦ
3566 1097 3819 1167 ποτηρίου
3861 1098 4007 1149 πᾶσι

2437 1187 2825 1255 καταμερίσας,
2862 1185 3201 1256 συμϐολικῶς
3242 1186 3339 1257 τὴν
3362 1185 3587 1257 ἑνότητα
3628 1187 3883 1257 πληθύνει
3928 1188 4005 1251 ⁸⁸,

2434 1277 2529 1331 καὶ
2569 1277 2827 1346 διανέμει,
2877 1277 3293 1348 παναγεστάτην
3334 1278 3389 1329 ὲν
3429 1276 3638 1340 τούτοις
3689 1260 4009 1350 ἱερουργίαν

2434 1368 2619 1421 τελῶν.
2661 1367 2732 1420 Τὸ
2773 1367 2881 1438 γὰρ
2925 1368 2982 1422 ἓν
3020 1369 3111 1421 καὶ
3156 1366 3358 1421 ἁπλοῦν
3408 1369 3500 1421 καὶ
3543 1368 3769 1439 κρύφιον
3824 1369 4008 1439 Ἰησοῦ

2436 1458 2528 1512 τοῦ
2555 1458 2986 1530 θεαρχικωτάτου
3010 1460 3167 1527 λόγου
3192 1463 3257 1530 τῇ
3282 1459 3403 1512 καθ’
3426 1462 3570 1531 ἡμᾶς
3595 1460 3748 1513 ὲνανθ
3759 1462 4009 1531 ρωπήσει

2438 1551 2573 1623 πρὸς
2602 1550 2663 1603 τὸ
2696 1550 2941 1603 σύνθετόν
2966 1568 3031 1603 τε
3056 1550 3366 1624 καὶξὸρατδν
3397 1551 3765 1615 ἀναλλοιὼτως
3790 1551 3835 1583 δ’
3858 1553 4009 1620 ἀγα-

2439 1642 2620 1711 θότητι
2660 1641 2753 1693 καὶ
2799 1640 3170 1712 φιλανθρωπίᾳ
3206 1642 3557 1713 προελήλυθε,
3588 1643 3679 1696 καὶ
3719 1644 3816 1713 τὴν
3862 1641 4010 1712 πρὸς

2441 1733 2599 1785 αὑτὸν
2620 1732 2772 1802 ἡμῶν
2790 1733 3025 1784 ἑνοποιὸν
3050 1734 3331 1786 κοινωνίαν
3357 1732 3708 1803 ἀγαθουργῶς
3733 1734 4008 1803 διεπραγέ

2445 1824 2761 1894 ματεύσατο,
2807 1824 2874 1876 τὰ
2916 1824 3035 1877 καθ’
3068 1826 3211 1895 ἡμᾶς
3254 1827 3481 1880 ταπεινὰ
3533 1831 3643 1889 τοῖς
3706 1827 4011 1889 θειοτάτοις

2441 1915 2604 1969 αὐτοῦ
2636 1918 2755 1969 κατ’
2786 1916 2949 1988 ἀκρον
2984 1917 3204 1981 ὲνώσας,
3248 1918 3406 1989 είπερ
3438 1920 3530 1973 καὶ
3568 1922 3725 1989 ἡμεῖς
3751 1920 3824 1982 ὡς
3862 1921 4011 1990 μέλη

2443 2006 2651 2077 σώματι
2694 2008 2740 2038 ⁸⁸
2767 2008 3321 2079 συναρμολογηθῶμεν
3347 2009 3512 2079 αὐτῷ,
3539 2010 3678 2063 κατά
3711 2011 3770 2063 τὸ
3807 2011 4011 2063 ταὺτὺν

2438 2096 2538 2166 τῆς
2564 2097 2839 2169 ἀλωδήτου
2880 2100 2973 2151 καὶ
3016 2099 3163 2162 θείας
3205 2101 3371 2171 ζωῆς,
3416 2101 3510 2154 καὶ
3550 2101 3623 2171 μὴ
3656 2103 3765 2164 τοῖς
3804 2102 4010 2171 φθορο-

2442 2194 2614 2254 ποιοῖς
2659 2191 2852 2245 πάθεσι
2917 2192 3417 2262 κατανεκρωθέντες
3445 2232 3459 2255 ,
3528 2192 3856 2263 ἀνάρμοστοι
3906 2192 4012 2245 καὶ

2438 2283 2720 2353 ἁκόλλητοι
2753 2285 2842 2337 καὶ
2886 2283 3117 2347 ἀσύζωοι
3143 2285 3423 2355 γενώμεθα
3451 2287 3491 2317 ⁸¹
3540 2272 3673 2356 πρὸς
3702 2285 3817 2339 θεῖα
3864 2285 4014 2355 μέλη

2437 2376 2534 2426 καὶ
2568 2374 2861 2441 ύγιέστατα
2901 2377 2977 2407 ⁸¹·
3013 2376 3115 2447 χρὴ
3145 2376 3250 2447 γὰρ
3275 2377 3438 2446 ἡμᾶς,
3478 2378 3524 2429 εί
3547 2378 3644 2446 τῆς
3673 2376 3806 2447 πρὸς
3840 2376 4011 2429 αὐτὸν

2438 2468 2703 2538 ἐφιέμεθα
2743 2469 3043 2533 κοινωνίας,
3086 2472 3163 2534 εἰς
3200 2471 3296 2540 τὴν
3334 2468 3612 2541 θειοτάτην
3655 2468 3814 2522 αὑτοῦ
3859 2470 4015 2523 κατὰ

2442 2558 2617 2627 σάρκα
2660 2557 2804 2627 ζωὴν
2848 2557 3274 2622 ἀποσκοπεῦσαι,
3317 2560 3410 2611 καὶ
3447 2562 3512 2628 τῇ
3557 2559 3693 2629 πρὸς
3741 2558 3911 2628 αὐτὴν
3954 2558 4011 2591 ³³

2443 2648 2770 2717 ἀφομοιώσει
2796 2649 2893 2718 τῆς
2927 2651 3075 2720 ἱερᾶς
3112 2650 3523 2721 ἀναμαρτησίας
3560 2652 3637 2713 είς
3663 2650 3759 2719 τὴν
3795 2648 4015 2718 θεοειᾶἧ

2443 2742 2537 2794 καὶ
2568 2741 2841 2811 ἀλώὸητον
2862 2741 2971 2805 ἕξιν
2995 2742 3319 2811 ἀναδραμεῖν
3338 2758 3351 2770 ο
3382 2741 3519 2793 οὕτω
3542 2740 3647 2810 γάρ
3673 2739 4015 2811 ὲναρμονίως

2442 2833 2572 2902 ἡμῖν
2594 2835 2690 2904 τὴν
2718 2834 2851 2906 πρὸς
2874 2834 2934 2885 τὸ
2960 2835 3140 2904 ὅμοιον
3164 2835 3442 2887 κοινωνίαν
3469 2835 3785 2905 δωρήσεται.

784 2919 969 2981 tando.
994 2921 1067 2974 ad
1095 2921 1410 2977 deil'ormem
1443 2931 1497 2977 et
1530 2921 1934 2978 immaculatum
1966 2932 2167 2977 statum
2212 2926 2577 2992 contendere;
2631 2927 2732 2982 hac
2780 2938 3011 2996 namque
3048 2928 3277 2991 ratione,
3342 2937 3501 2994 prout
3541 2927 3693 2983 nobis
3730 2925 3978 2996 congruit

782 3012 1191 3069 similitudinem
1232 3029 1382 3069 suam
1410 3016 1852 3070 communicabit.

2296 3134 2521 3209 5x111.

856 3316 979 3372 Haec
1023 3318 1259 3385 pontifex
1305 3318 1463 3372 rebus
1508 3318 1573 3373 iis
1613 3334 1731 3388 quae
1780 3319 2151 3374 sacriﬁcantur
2200 3324 2339 3378 insi-
2367 3344 2411 3403 ρ

2369 3344 2411 3403 C
2517 3322 2698 3375 Ταῦτα
2720 3325 2829 3385 τοῖς
2849 3323 3015 3394 ’ίερῶς
3030 3325 3075 3355 ⁵⁸
3099 3325 3390 3396 δρωμένοις
3405 3326 3432 3377 ὁ
3458 3324 3717 3396 ἱεράρχης
3737 3326 4016 3395 ἐμφαίνει,

784 3419 934 3473 nuat,
970 3408 1095 3461 dum
1129 3408 1342 3463 obtecta
1390 3424 1614 3463 munera
1667 3412 1719 3466 in
1770 3421 2013 3479 apertum
2071 3412 2337 3481 producit,

786 3501 1131 3569 ipsorumque
1167 3502 1426 3555 unitatem
1457 3503 1507 3554 in
1542 3502 1696 3571 plura
1738 3504 1949 3565 dividit,
1992 3514 2041 3556 et
2078 3518 2173 3571 per
2198 3519 2343 3557 sum-

788 3605 931 3643 tnam
964 3604 1141 3642 rerum
1167 3590 1574 3643 distributarum
1608 3606 1729 3644 cum
1758 3593 2172 3661 suscipientibus
2198 3593 2345 3646 unio-

790 3698 937 3745 nem,
964 3681 1275 3736 earumdem
1310 3690 1590 3736 consortes
1631 3684 1806 3737 reddit
1835 3699 1927 3738 eos
1966 3685 2057 3753 qui
2099 3698 2342 3736 commu-

790 3775 1000 3828 nicant.
1036 3774 1307 3827 Describit
1339 3774 1480 3827 enim
1517 3773 1599 3827 his
1636 3775 1967 3828 sensilsiliter
2004 3775 2129 3827 dum
2164 3775 2217 3828 in
2262 3789 2345 3827 as-

788 3874 1003 3933 pectum
1039 3865 1185 3918 ducit
1216 3861 1395 3917 Jesum
1424 3862 1717 3930 Christum,
1771 3864 2065 3932 spiritalem
2105 3874 2344 3919 nostram

789 3953 957 4008 veluti
977 3954 1279 4020 inimagine
1310 3955 1495 4017 vitam,
1519 3967 1581 4006 ex
1615 3954 1792 4006 abdito
1813 3955 1900 4007 illo
1930 3956 2227 4009 divinitatis
2252 3970 2346 4023 per

791 4043 1091 4098 absolutam
1123 4055 1177 4097 et
1199 4044 1532 4099 incunfusam
1555 4045 1906 4100 humanitatis
1926 4055 2123 4099 nostra:
2141 4062 2350 4100 assum-

793 4137 1053 4203 ptionem,
1103 4136 1331 4205 benigne
1364 4147 1603 4189 nostram
1636 4138 1870 4205 speciem
1902 4138 2233 4203 induentem,
2265 4148 2349 4190 at-

791 4245 900 4299 que
928 4229 991 4281 ad
1021 4230 1391 4284 dividuitatem
1426 4240 1661 4284 nostram
1711 4233 1826 4285 sine
1862 4234 1944 4285 sui
1980 4234 2352 4287 innuutatione

794 4336 862 4373 cx
890 4321 1091 4375 unitate
1122 4321 1347 4375 naturali
1378 4322 1750 4390 prodeuntem,
1784 4338 1985 4392 perque
2018 4325 2156 4378 hanc
2187 4324 2351 4377 bene-

797 4414 953 4467 ficam
981 4412 1345 4479 clementiam,
1376 4414 1442 4465 ad
1472 4415 1550 4467 sui
1584 4416 1954 4483 bonorumque
1981 4430 2200 4469 suorum
2232 4431 2353 4485 par-

797 4505 1159 4571 ticipationem
1187 4522 1354 4575 genus
1387 4508 1674 4563 humanum
1704 4508 2038 4571 invitantem,
2066 4506 2354 4561 dummodo

796 4595 1141 4649 divinissimae
1168 4598 1331 4666 ipsius
1354 4598 1475 4652 vita
1504 4597 1908 4665 conjungamur,
1931 4612 2027 4665 pro
2051 4597 2189 4649 virili
2211 4596 2354 4650 illam

2444 3412 2514 3464 τὰ
2552 3412 2647 3482 μὲν
2672 3412 3125 3484 ὲγκεκαλυμμένα
3150 3414 3297 3485 δῶρα
3329 3415 3465 3484 πρὸς
3486 3416 3545 3467 τὸ
3569 3417 3803 3485 ἐμφανὲς
3836 3416 4016 3483 ἄγων,

2444 3503 2503 3555 τὸ
2529 3503 2583 3554 δὲ
2621 3504 2818 3555 ὲνιαῖον
2852 3504 3026 3555 αὐτῶν
3061 3506 3137 3567 εἰς
3174 3504 3341 3557 πολλὰ
3377 3503 3629 3568 διαιρῶν,
3670 3505 3762 3557 καὶ
3798 3506 3864 3573 τῇ
3903 3503 4019 3556 τῶν

2443 3593 2840 3663 διανεμομένων
2875 3594 3006 3664 πρὸς
3046 3594 3113 3646 τὰ
3138 3596 3191 3645 ὲν
3230 3592 3307 3658 οἷς
3341 3594 3733 3662 γίγνεταικκαιί
3772 3594 3940 3664 ἀκρον
3967 3596 4017 3626 ⁸³

2448 3684 2656 3747 ὲνώσει,
2685 3686 2971 3747 κοινωνοὺς
2999 3684 3173 3736 αὐτῶν
3201 3684 3477 3736 ἀποτελῶν
3516 3685 3638 3747 τοὺς
3666 3683 4014 3754 μετέχοντας.

2449 3778 2745 3847 Διαγράφει
2772 3776 2879 3847 γὰρ
2916 3778 2973 3827 ὲν
2998 3777 3203 3839 τούτοις
3242 3775 3541 3847 αἰσθητῶς,
3577 3776 3666 3827 ὑπ’
3706 3775 3827 3844 ῑψιν
3866 3776 4020 3842 ἄγων

2461 3869 2665 3939 ’ῐησοῦν
2688 3870 2777 3921 τὸν
2804 3868 3055 3939 Χριστὸν,
3089 3869 3184 3938 τὴν
3222 3868 3412 3938 νοητὴν
3450 3867 3604 3937 ἡμῶν
3639 3867 3714 3931 ὡς
3752 3869 3808 3919 ὲν
3842 3868 4016 3920 εἰκόσι

2450 3956 2614 4029 ζωὴν,
2644 3959 2707 4011 ὲκ
2738 3958 2829 4010 τοῦ
2855 3957 2994 4010 κατά
3026 3957 3114 4009 τὸν
3138 3957 3287 4008 Θεῖον
3310 3956 3353 3986 ⁸⁸
3380 3954 3627 4025 κρυφίου,
3661 3957 3725 4023 τῇ
3762 3952 4021 4005 παντελεῖ

2450 4051 2543 4103 καὶ
2576 4049 2859 4119 ἀσυγχύτῳ
2881 4049 2999 4101 καθ’
3030 4044 3171 4117 sua;
3196 4046 3595 4117 ὲνανθρωπήσει
3620 4042 4017 4114 φιλανθρώπως

2452 4142 2510 4207 ἐξ
2555 4141 2767 4211 ἡμῶν⁵⁷
2825 4141 3287 4209 είδοποιούμενον,
3335 4138 3426 4192 καὶ
3470 4138 3605 4209 πρὸς
3655 4137 3733 4188 τὸν
3761 4135 4018 4208 μεριστὸν

2453 4234 2607 4303 ἡμῶν
2633 4229 2997 4293 ἀναλλοιώτως
3022 4232 3083 4281 ὲκ
3114 4229 3207 4281 τοῦ
3232 4227 3371 4281 κατά
3401 4226 3560 4295 φύσιν
3584 4226 3699 4287 ἐνὸς
3734 4226 4013 4296 προϊόντα,

2454 4324 2652 4390 καιδιά
2674 4324 2769 4394 τῆς
2804 4321 3138 4392 ἁγαθουργοῦ
3162 4320 3361 4389 ταύτης
3390 4316 3795 4387 φιλανθρωπίας
3822 4318 3903 4378 είς
3929 4332 4018 4385 με·

2455 4416 2666 4468 τουσίαν
2691 4413 2880 4466 ἑαυτοῦ
2909 4414 3001 4465 καὶ
3032 4411 3138 4464 τῶν
3172 4412 3383 4464 οἰκείων
3422 4406 3636 4477 ἀγαθῶν
3661 4406 3931 4459 καλοῦντα
3956 4408 4017 4458 τὸ

2457 4503 2786 4576 ἀνθρώπειον
2802 4502 2845 4534 ³⁸
2872 4502 3053 4571 φῦλον,
3083 4501 3237 4571 εἴπερ
3274 4498 3557 4569 ὲνωθῶμεν
3596 4496 3757 4549 αὑτοῦ
3784 4499 3850 4567 τῇ
3880 4497 4017 4549 θειο-

2456 4599 2592 4670 τάτῃ
2637 4597 2769 4666 ζωῇ,
2807 4596 2939 4667 πρὸς
2972 4594 3135 4663 αὐτὴν
3162 4595 3204 4625 ⁸³
3247 4591 3401 4663 ἡμῶν
3445 4588 3584 4643 κατά
3619 4589 3845 4658 δύναμιν
3892 4590 4016 4657 ἀφο-

797 4687 1060 4743 imitando
1089 4708 1103 4742 :
1133 4706 1253 4743 nam
1283 4691 1358 4744 sic
1402 4704 1527 4743 vere
1566 4698 1846 4744 consortes
1878 4690 1969 4744 Dei
2008 4690 2347 4744 divinarum-
2380 4678 2424 4733 Ῑ)

2380 4678 2424 4733 Ῑ)
2456 4688 2695 4759 μοιώσει,
2730 4689 2822 4738 καὶ
2855 4685 3023 4756 ταύτῃ
3048 4683 3178 4754 πρὸς
3214 4682 3463 4753 ἀλήθειαν
3500 4682 3739 4735 κοινωνοὶ
3760 4678 3897 4732 Θεοῦ
3926 4680 4016 4731 καὶ

797 4792 904 4849 que
935 4794 1113 4834 rerum
1140 4783 1429 4851 participes
1462 4782 1765 4835 reddentur.

2454 4779 2560 4832 τῶν
2587 4780 2741 4833 θείων
2762 4776 3297 4847 ἁποτελεσθησόμεθα
3314 4776 3360 4806 ⁸ο

2288 4917 2317 4992 s
2348 4914 2516 4979 xw.

874 5104 1099 5177 Sumpta
1129 5108 1360 5178 denique
1395 5123 1457 5162 ac
1498 5108 1691 5162 tradita
1735 5105 2079 5159 divinissima“
2111 5118 2355 5159 commn-

805 5204 987 5265 uione,
1030 5217 1131 5254 una
1164 5216 1283 5253 cum
1330 5204 1491 5255 totius
1535 5200 1787 5255 Ecclesia
1824 5214 1979 5252 sacra
2023 5195 2355 5266 plenitudine

932 5335 1062 5390 Luc.
1090 5349 1224 5400 nn,
1250 5335 1334 5390 l9.

2532 5100 2831 5172 Μετασχὼν
2863 5101 2917 5152 δὲ
2950 5101 3041 5153 καὶ
3079 5102 3334 5171 μεταδοὺς
3368 5103 3464 5172 τῆς
3507 5102 3797 5172 θεαρχικῆς
3832 5119 4019 5154 κοινω-

2460 5192 2595 5256 νίας,
2630 5194 2707 5255 είς
2754 5192 3099 5263 εὐχαριστίαν
3133 5193 3281 5263 ἱεράν
3318 5193 3607 5263 καταλήγει
3649 5192 3787 5263 μετά
3822 5192 4019 5252 mwb;

2173 5444 2406 5502 VARIE
2446 5441 2845 5498 LECTIONES.

890 5586 931 5619 ⁸⁷
958 5587 1047 5639 τόν
1073 5586 1131 5640 Ρ.
1196 5588 1239 5620 ’⁵⁸
1264 5587 1510 5655 πληθύει,
1540 5588 1639 5640 Ch.
1674 5588 1729 5639 S.
1765 5586 1821 5639 Ρ.
1854 5586 1913 5638 Β.

2014 5587 2053 5617 ⁵³
2090 5584 2448 5651 ἀναλλοιιλιτῳ,
2481 5580 2547 5632 Μ.
2578 5579 2667 5631 Sc.

2763 5578 2808 5607 ⁸ο
2839 5574 3103 5645 σώματος,
3134 5572 3190 5627 S.
3236 5573 3301 5645 Β.
3324 5643 3335 5645 _
3388 5571 3429 5645 ‘_”
3450 5566 3796 5645 jgwipfba._
3857 5566 3903 5645 ξς
3931 5567 4025 5645 καὶ

803 5634 1147 5732 eruatis}!
1992 5656 2037 5687 ”
2378 5634 2475 5736 Sc:
2544 5651 2589 5680 ⁵⁵
2618 5648 2736 5734 κατ’
2766 5634 3007 5733 ἄκαιρον,
3041 5634 3107 5697 Pd.
3134 5646 3243 5727 δι’..
3293 5643 3339 5674 ³⁸
3360 5640 3420 5693 τὸ
3446 5634 3731 5697 θεῖονζωι.
3764 5637 3820 5691 8.
3857 5634 3918 5689 P.
3962 5636 4022 5691 Β.

817 5727 862 5761 ⁸⁷
893 5730 971 5793 είς
995 5674 1358 5799 quor/citum,
1386 5726 1452 5783 Μ.
1486 5724 1575 5784 Sc.
1656 5728 1698 5761 ⁵⁸
1725 5725 2083 5796 ἀνθρώπινον,
2110 5673 2265 5783 ἓκῆ
2345 5726 2388 5757 ⁵³
2416 5738 2481 5789 τῃ
2509 5720 2640 5790 πρὸς
2666 5714 2853 5786 αυτήν,
2883 5717 2981 5774 (λιι.
3009 5716 3073 5771 D.
3150 5716 3193 5747 ⁶⁰
3246 5709 3722 5777 Αποτελεσμὰτων,
3758 5705 3829 5762 Μ.
3862 5705 3952 5763 Sc.

817 5725 875 5761 ιτ·
893 5730 971 5793 εις
995 5727 1155 5799 φύσιν
1183 5725 1358 5799 ἡμῶν,
1386 5725 1457 5783 Μ.
1486 5725 1575 5784 Sc.
1656 5728 1698 5761 ‘°
1725 5725 2083 5796 ἀνθρώπινον,

2206 5705 2388 5781 7⁵³
2416 5724 2481 5789 τῇ
2509 5720 2640 5790 πρὸς
2666 5714 2853 5786 αὐτήν,
2883 5705 3073 5774 ClnD.
3150 5716 3193 5747 ⁶⁰
3231 5709 3722 5777 Ἀποτελεσμὰτων,
3758 5705 3829 5762 Μ.
3862 5705 3952 5763 Sc.
