  <div class='ocr_page' id='page_1' title='image "/cluster/home/n/w/nwhite01/storage/ocr_20150623/3/pst.000003853313/235.png"; bbox 0 0 4162 6304; ppageno 0'>
   <div class='ocr_carea' id='block_1_1' title="bbox 745 364 844 422">
    <p class='ocr_par' dir='ltr' id='par_1_1' title="bbox 745 364 844 422">
     <span class='ocr_line' id='line_1_1' title="bbox 745 364 844 422; baseline 0 0"><span class='ocrx_word' id='word_1_1' title='bbox 745 364 844 422; x_wconf 66' lang='grc' dir='ltr'><strong>ιιι</strong></span> 
     </span>
    </p>
   </div>
   <div class='ocr_carea' id='block_1_2' title="bbox 1912 352 2818 414">
    <p class='ocr_par' dir='ltr' id='par_1_2' title="bbox 1912 352 2818 414">
     <span class='ocr_line' id='line_1_2' title="bbox 1912 352 2818 414; baseline -0.006 -1"><span class='ocrx_word' id='word_1_2' title='bbox 1912 357 1970 414; x_wconf 89' lang='lat' dir='ltr'><strong>S.</strong></span> <span class='ocrx_word' id='word_1_3' title='bbox 2014 354 2314 411; x_wconf 82' lang='lat' dir='ltr'><strong>DlONYSll</strong></span> <span class='ocrx_word' id='word_1_4' title='bbox 2359 352 2818 410; x_wconf 62' lang='lat' dir='ltr'><strong>AREOPAGITE</strong></span> 
     </span>
    </p>
   </div>
   <div class='ocr_carea' id='block_1_3' title="bbox 3873 354 3988 411">
    <p class='ocr_par' dir='ltr' id='par_1_3' title="bbox 3873 354 3988 411">
     <span class='ocr_line' id='line_1_3' title="bbox 3873 354 3988 411; baseline -0.017 0"><span class='ocrx_word' id='word_1_5' title='bbox 3873 356 3905 411; x_wconf 76' lang='grc'><strong>4</strong></span> <span class='ocrx_word' id='word_1_6' title='bbox 3916 354 3988 409; x_wconf 65' lang='lat'><strong>5!</strong></span> 
     </span>
    </p>
   </div>
   <div class='ocr_carea' id='block_1_4' title="bbox 738 463 2302 547">
    <p class='ocr_par' dir='ltr' id='par_1_4' title="bbox 738 470 2302 547">
     <span class='ocr_line' id='line_1_4' title="bbox 738 470 2302 547; baseline -0.006 -13"><span class='ocrx_word' id='word_1_7' title='bbox 738 494 886 547; x_wconf 84' lang='lat' dir='ltr'><strong>mus,</strong></span> <span class='ocrx_word' id='word_1_8' title='bbox 920 490 1079 547; x_wconf 86' lang='lat' dir='ltr'><strong>quam</strong></span> <span class='ocrx_word' id='word_1_9' title='bbox 1109 476 1180 531; x_wconf 89' lang='lat' dir='ltr'><strong>ob</strong></span> <span class='ocrx_word' id='word_1_10' title='bbox 1209 488 1426 530; x_wconf 80' lang='lat' dir='ltr'><strong>causam</strong></span> <span class='ocrx_word' id='word_1_11' title='bbox 1458 472 1508 528; x_wconf 93' lang='lat' dir='ltr'><strong>id</strong></span> <span class='ocrx_word' id='word_1_12' title='bbox 1544 473 1687 543; x_wconf 89' lang='lat' dir='ltr'><strong>quod</strong></span> <span class='ocrx_word' id='word_1_13' title='bbox 1727 470 1849 526; x_wconf 87' lang='lat' dir='ltr'><strong>aliis</strong></span> <span class='ocrx_word' id='word_1_14' title='bbox 1876 486 2090 543; x_wconf 78' lang='lat' dir='ltr'><strong>quoque</strong></span> <span class='ocrx_word' id='word_1_15' title='bbox 2121 486 2302 525; x_wconf 85' lang='lat' dir='ltr'><strong>sacra-</strong></span> 
     </span>
    </p>
   </div>
   <div class='ocr_carea' id='block_1_5' title="bbox 2406 463 3995 547">
    <p class='ocr_par' dir='ltr' id='par_1_5' title="bbox 2407 463 3995 537">
     <span class='ocr_line' id='line_1_5' title="bbox 2407 463 3995 537; baseline 0.003 -20"><span class='ocrx_word' id='word_1_16' title='bbox 2407 466 2647 527; x_wconf 79' lang='grc' dir='ltr'>τελεταίς</span> <span class='ocrx_word' id='word_1_17' title='bbox 2686 464 2822 535; x_wconf 77' lang='grc' dir='ltr'>αὕτη</span> <span class='ocrx_word' id='word_1_18' title='bbox 2861 463 3255 537; x_wconf 80' lang='grc' dir='ltr'>ίδιοποιήσατο,</span> <span class='ocrx_word' id='word_1_19' title='bbox 3289 464 3382 517; x_wconf 79' lang='grc' dir='ltr'>καὶ</span> <span class='ocrx_word' id='word_1_20' title='bbox 3404 463 3646 517; x_wconf 77' lang='grc' dir='ltr'>καλεῖται</span> <span class='ocrx_word' id='word_1_21' title='bbox 3685 466 3834 533; x_wconf 76' lang='grc' dir='ltr'>ἰδίως</span> <span class='ocrx_word' id='word_1_22' title='bbox 3880 485 3995 522; x_wconf 81' lang='grc' dir='ltr'>κοι-</span> 
     </span>
    </p>
   </div>
   <div class='ocr_carea' id='block_1_6' title="bbox 746 562 2311 632">
    <p class='ocr_par' dir='ltr' id='par_1_6' title="bbox 746 562 2311 632">
     <span class='ocr_line' id='line_1_6' title="bbox 746 562 2311 632; baseline -0.006 -9"><span class='ocrx_word' id='word_1_23' title='bbox 746 568 949 623; x_wconf 86' lang='lat' dir='ltr'><strong>mentis</strong></span> <span class='ocrx_word' id='word_1_24' title='bbox 988 579 1274 622; x_wconf 90' lang='lat' dir='ltr'><strong>commune</strong></span> <span class='ocrx_word' id='word_1_25' title='bbox 1298 572 1404 628; x_wconf 89' lang='lat' dir='ltr'><strong>est,</strong></span> <span class='ocrx_word' id='word_1_26' title='bbox 1451 562 1579 619; x_wconf 86' lang='lat' dir='ltr'><strong>huic</strong></span> <span class='ocrx_word' id='word_1_27' title='bbox 1625 565 2021 632; x_wconf 82' lang='lat' dir='ltr'><strong>approprietur,</strong></span> <span class='ocrx_word' id='word_1_28' title='bbox 2057 571 2311 618; x_wconf 87' lang='lat' dir='ltr'><strong>vocetur-</strong></span> 
     </span>
    </p>
   </div>
   <div class='ocr_carea' id='block_1_7' title="bbox 741 655 2313 731">
    <p class='ocr_par' dir='ltr' id='par_1_7' title="bbox 741 655 2313 731">
     <span class='ocr_line' id='line_1_7' title="bbox 741 655 2313 731; baseline -0.005 -16"><span class='ocrx_word' id='word_1_29' title='bbox 741 675 849 731; x_wconf 90' lang='lat' dir='ltr'><strong>que</strong></span> <span class='ocrx_word' id='word_1_30' title='bbox 903 659 1123 729; x_wconf 85' lang='lat' dir='ltr'><strong>proprie</strong></span> <span class='ocrx_word' id='word_1_31' title='bbox 1171 657 1481 712; x_wconf 90' lang='lat' dir='ltr'><strong>communio</strong></span> <span class='ocrx_word' id='word_1_32' title='bbox 1511 665 1564 709; x_wconf 91' lang='lat' dir='ltr'><strong>et</strong></span> <span class='ocrx_word' id='word_1_33' title='bbox 1592 659 1835 727; x_wconf 80' lang='lat' dir='ltr'><strong>synaxis,</strong></span> <span class='ocrx_word' id='word_1_34' title='bbox 1874 671 1995 711; x_wconf 91' lang='lat' dir='ltr'><strong>cum</strong></span> <span class='ocrx_word' id='word_1_35' title='bbox 2037 655 2313 723; x_wconf 73' lang='lat' dir='ltr'><strong>quodlibet</strong></span> 
     </span>
    </p>
   </div>
   <div class='ocr_carea' id='block_1_8' title="bbox 740 748 2309 818">
    <p class='ocr_par' dir='ltr' id='par_1_8' title="bbox 740 748 2309 818">
     <span class='ocr_line' id='line_1_8' title="bbox 740 748 2309 818; baseline -0.002 -12"><span class='ocrx_word' id='word_1_36' title='bbox 740 765 1167 815; x_wconf 83' lang='lat' dir='ltr'><strong>sacramentum,</strong></span> <span class='ocrx_word' id='word_1_37' title='bbox 1198 750 1314 803; x_wconf 86' lang='lat' dir='ltr'><strong>sive</strong></span> <span class='ocrx_word' id='word_1_38' title='bbox 1352 749 1617 818; x_wconf 82' lang='lat' dir='ltr'><strong>baptisma</strong></span> <span class='ocrx_word' id='word_1_39' title='bbox 1659 750 1775 804; x_wconf 90' lang='lat' dir='ltr'><strong>sive</strong></span> <span class='ocrx_word' id='word_1_40' title='bbox 1812 750 2057 804; x_wconf 85' lang='lat' dir='ltr'><strong>ordinem</strong></span> <span class='ocrx_word' id='word_1_41' title='bbox 2087 748 2309 812; x_wconf 76' lang='lat' dir='ltr'><strong>dixeris,</strong></span> 
     </span>
    </p>
   </div>
   <div class='ocr_carea' id='block_1_9' title="bbox 740 840 2309 911">
    <p class='ocr_par' dir='ltr' id='par_1_9' title="bbox 740 840 2309 911">
     <span class='ocr_line' id='line_1_9' title="bbox 740 840 2309 911; baseline -0.001 -15"><span class='ocrx_word' id='word_1_42' title='bbox 740 842 902 896; x_wconf 86' lang='lat' dir='ltr'><strong>etiam</strong></span> <span class='ocrx_word' id='word_1_43' title='bbox 937 841 1068 894; x_wconf 84' lang='lat' dir='ltr'><strong>illud</strong></span> <span class='ocrx_word' id='word_1_44' title='bbox 1113 843 1298 908; x_wconf 84' lang='lat' dir='ltr'><strong>utique</strong></span> <span class='ocrx_word' id='word_1_45' title='bbox 1343 840 1556 905; x_wconf 77' lang='lat' dir='ltr'><strong>habeat,</strong></span> <span class='ocrx_word' id='word_1_46' title='bbox 1611 852 1669 894; x_wconf 92' lang='lat' dir='ltr'><strong>ut</strong></span> <span class='ocrx_word' id='word_1_47' title='bbox 1714 851 1768 895; x_wconf 89' lang='lat' dir='ltr'><strong>et</strong></span> <span class='ocrx_word' id='word_1_48' title='bbox 1810 851 2119 911; x_wconf 64' lang='grc' dir='ltr'>ροηδε-εδει,</span> <span class='ocrx_word' id='word_1_49' title='bbox 2154 849 2211 893; x_wconf 93' lang='lat' dir='ltr'><strong>et</strong></span> <span class='ocrx_word' id='word_1_50' title='bbox 2243 841 2309 894; x_wconf 88' lang='lat' dir='ltr'><strong>ad</strong></span> 
     </span>
    </p>
   </div>
   <div class='ocr_carea' id='block_1_10' title="bbox 739 928 2310 1005">
    <p class='ocr_par' dir='ltr' id='par_1_10' title="bbox 739 928 2310 1005">
     <span class='ocr_line' id='line_1_10' title="bbox 739 928 2310 1005; baseline 0 -22"><span class='ocrx_word' id='word_1_51' title='bbox 739 930 1180 984; x_wconf 83' lang='lat' dir='ltr'><strong>communionem</strong></span> <span class='ocrx_word' id='word_1_52' title='bbox 1212 928 1575 999; x_wconf 80' lang='lat' dir='ltr'><strong>ultionemque</strong></span> <span class='ocrx_word' id='word_1_53' title='bbox 1599 930 1820 985; x_wconf 87' lang='lat' dir='ltr'><strong>inducat</strong></span> <span class='ocrx_word' id='word_1_54' title='bbox 1849 951 1859 985; x_wconf 92' lang='lat'><strong>:</strong></span> <span class='ocrx_word' id='word_1_55' title='bbox 1893 931 1945 984; x_wconf 87' lang='lat' dir='ltr'><strong>in</strong></span> <span class='ocrx_word' id='word_1_56' title='bbox 1971 930 2119 985; x_wconf 88' lang='lat' dir='ltr'><strong>omni</strong></span> <span class='ocrx_word' id='word_1_57' title='bbox 2159 944 2310 1005; x_wconf 79' lang='lat' dir='ltr'><strong>nam-</strong></span> 
     </span>
    </p>
   </div>
   <div class='ocr_carea' id='block_1_11' title="bbox 739 1019 2308 1089">
    <p class='ocr_par' dir='ltr' id='par_1_11' title="bbox 739 1019 2308 1089">
     <span class='ocr_line' id='line_1_11' title="bbox 739 1019 2308 1089; baseline -0.001 -17"><span class='ocrx_word' id='word_1_58' title='bbox 739 1037 847 1089; x_wconf 92' lang='lat' dir='ltr'><strong>que</strong></span> <span class='ocrx_word' id='word_1_59' title='bbox 882 1028 1224 1075; x_wconf 86' lang='lat' dir='ltr'><strong>sacramento</strong></span> <span class='ocrx_word' id='word_1_60' title='bbox 1253 1020 1367 1074; x_wconf 69' lang='lat' dir='ltr'><strong>htcc</strong></span> <span class='ocrx_word' id='word_1_61' title='bbox 1398 1021 1621 1075; x_wconf 87' lang='lat' dir='ltr'><strong>initiatis</strong></span> <span class='ocrx_word' id='word_1_62' title='bbox 1665 1022 2037 1085; x_wconf 81' lang='lat' dir='ltr'><strong>conferuntur,</strong></span> <span class='ocrx_word' id='word_1_63' title='bbox 2074 1036 2129 1073; x_wconf 83' lang='grc' dir='ltr'>ν.</span> <span class='ocrx_word' id='word_1_64' title='bbox 2169 1035 2223 1088; x_wconf 69' lang='grc' dir='ltr'><strong>ᾳ.</strong></span> <span class='ocrx_word' id='word_1_65' title='bbox 2256 1019 2308 1072; x_wconf 90' lang='lat' dir='ltr'><strong>in</strong></span> 
     </span>
    </p>
   </div>
   <div class='ocr_carea' id='block_1_12' title="bbox 738 1108 2308 1179">
    <p class='ocr_par' dir='ltr' id='par_1_12' title="bbox 738 1108 2308 1179">
     <span class='ocr_line' id='line_1_12' title="bbox 738 1108 2308 1179; baseline -0.002 -14"><span class='ocrx_word' id='word_1_66' title='bbox 738 1111 1030 1179; x_wconf 79' lang='lat' dir='ltr'><strong>baptismo,</strong></span> <span class='ocrx_word' id='word_1_67' title='bbox 1076 1125 1200 1164; x_wconf 85' lang='lat' dir='ltr'><strong>cum</strong></span> <span class='ocrx_word' id='word_1_68' title='bbox 1249 1108 1353 1164; x_wconf 88' lang='lat' dir='ltr'><strong>hoc</strong></span> <span class='ocrx_word' id='word_1_69' title='bbox 1399 1125 1613 1179; x_wconf 90' lang='lat' dir='ltr'><strong>quoque</strong></span> <span class='ocrx_word' id='word_1_70' title='bbox 1644 1121 2039 1166; x_wconf 80' lang='lat' dir='ltr'><strong>sacramentum</strong></span> <span class='ocrx_word' id='word_1_71' title='bbox 2080 1110 2308 1164; x_wconf 83' lang='lat' dir='ltr'><strong>divisam</strong></span> 
     </span>
    </p>
   </div>
   <div class='ocr_carea' id='block_1_13' title="bbox 739 1202 2307 1267">
    <p class='ocr_par' dir='ltr' id='par_1_13' title="bbox 739 1202 2307 1267">
     <span class='ocr_line' id='line_1_13' title="bbox 739 1202 2307 1267; baseline -0.001 -10"><span class='ocrx_word' id='word_1_72' title='bbox 739 1202 980 1257; x_wconf 86' lang='lat' dir='ltr'><strong>hominis</strong></span> <span class='ocrx_word' id='word_1_73' title='bbox 1008 1202 1194 1267; x_wconf 82' lang='lat' dir='ltr'><strong>vitam,</strong></span> <span class='ocrx_word' id='word_1_74' title='bbox 1228 1202 1281 1257; x_wconf 88' lang='lat' dir='ltr'><strong>id</strong></span> <span class='ocrx_word' id='word_1_75' title='bbox 1312 1212 1394 1257; x_wconf 90' lang='lat' dir='ltr'><strong>est</strong></span> <span class='ocrx_word' id='word_1_76' title='bbox 1421 1204 1761 1267; x_wconf 63' lang='lat' dir='ltr'><strong>saecularem,</strong></span> <span class='ocrx_word' id='word_1_77' title='bbox 1796 1213 1851 1255; x_wconf 86' lang='lat' dir='ltr'><strong>et</strong></span> <span class='ocrx_word' id='word_1_78' title='bbox 1896 1203 1949 1256; x_wconf 91' lang='lat' dir='ltr'><strong>in</strong></span> <span class='ocrx_word' id='word_1_79' title='bbox 1976 1202 2145 1255; x_wconf 87' lang='lat' dir='ltr'><strong>multa</strong></span> <span class='ocrx_word' id='word_1_80' title='bbox 2193 1202 2307 1256; x_wconf 90' lang='lat' dir='ltr'><strong>dis-</strong></span> 
     </span>
    </p>
   </div>
   <div class='ocr_carea' id='block_1_14' title="bbox 740 1292 2309 1363">
    <p class='ocr_par' dir='ltr' id='par_1_14' title="bbox 740 1292 2309 1363">
     <span class='ocr_line' id='line_1_14' title="bbox 740 1292 2309 1363; baseline -0.001 -14"><span class='ocrx_word' id='word_1_81' title='bbox 740 1305 994 1360; x_wconf 88' lang='lat' dir='ltr'><strong>tractam,</strong></span> <span class='ocrx_word' id='word_1_82' title='bbox 1044 1295 1110 1350; x_wconf 90' lang='lat' dir='ltr'><strong>ad</strong></span> <span class='ocrx_word' id='word_1_83' title='bbox 1159 1292 1481 1348; x_wconf 82' lang='lat' dir='ltr'><strong>uniformem</strong></span> <span class='ocrx_word' id='word_1_84' title='bbox 1530 1296 1736 1363; x_wconf 76' lang='lat' dir='ltr'><strong>colligit</strong></span> <span class='ocrx_word' id='word_1_85' title='bbox 1772 1294 2192 1357; x_wconf 78' lang='lat' dir='ltr'><strong>deiﬁcaliouem,</strong></span> <span class='ocrx_word' id='word_1_86' title='bbox 2246 1310 2309 1348; x_wconf 89' lang='lat' dir='ltr'><strong>ac</strong></span> 
     </span>
    </p>
   </div>
   <div class='ocr_carea' id='block_1_15' title="bbox 739 1385 2307 1455">
    <p class='ocr_par' dir='ltr' id='par_1_15' title="bbox 739 1385 2307 1455">
     <span class='ocr_line' id='line_1_15' title="bbox 739 1385 2307 1455; baseline 0 -16"><span class='ocrx_word' id='word_1_87' title='bbox 739 1385 1040 1439; x_wconf 83' lang='lat' dir='ltr'><strong>secundum</strong></span> <span class='ocrx_word' id='word_1_88' title='bbox 1076 1386 1176 1439; x_wconf 91' lang='lat' dir='ltr'><strong>hoc</strong></span> <span class='ocrx_word' id='word_1_89' title='bbox 1209 1387 1369 1439; x_wconf 88' lang='lat' dir='ltr'><strong>etiam</strong></span> <span class='ocrx_word' id='word_1_90' title='bbox 1397 1385 1623 1455; x_wconf 80' lang='lat' dir='ltr'><strong>synaxis</strong></span> <span class='ocrx_word' id='word_1_91' title='bbox 1659 1386 1762 1440; x_wconf 90' lang='lat' dir='ltr'><strong>dici</strong></span> <span class='ocrx_word' id='word_1_92' title='bbox 1812 1387 1985 1453; x_wconf 78' lang='lat' dir='ltr'><strong>possit</strong></span> <span class='ocrx_word' id='word_1_93' title='bbox 2026 1400 2041 1439; x_wconf 86' lang='lat'><strong>:</strong></span> <span class='ocrx_word' id='word_1_94' title='bbox 2088 1399 2141 1439; x_wconf 89' lang='lat' dir='ltr'><strong>et</strong></span> <span class='ocrx_word' id='word_1_95' title='bbox 2188 1402 2307 1439; x_wconf 87' lang='lat' dir='ltr'><strong>rur-</strong></span> 
     </span>
    </p>
   </div>
   <div class='ocr_carea' id='block_1_16' title="bbox 740 1478 2309 1543">
    <p class='ocr_par' dir='ltr' id='par_1_16' title="bbox 740 1478 2309 1543">
     <span class='ocr_line' id='line_1_16' title="bbox 740 1478 2309 1543; baseline -0.001 -10"><span class='ocrx_word' id='word_1_96' title='bbox 740 1495 881 1543; x_wconf 89' lang='lat' dir='ltr'><strong>sum,</strong></span> <span class='ocrx_word' id='word_1_97' title='bbox 916 1480 967 1532; x_wconf 92' lang='lat' dir='ltr'><strong>in</strong></span> <span class='ocrx_word' id='word_1_98' title='bbox 1016 1478 1323 1534; x_wconf 79' lang='lat' dir='ltr'><strong>istiusmodi</strong></span> <span class='ocrx_word' id='word_1_99' title='bbox 1374 1479 1697 1534; x_wconf 88' lang='lat' dir='ltr'><strong>collectione</strong></span> <span class='ocrx_word' id='word_1_100' title='bbox 1740 1481 2036 1535; x_wconf 82' lang='lat' dir='ltr'><strong>divisurum</strong></span> <span class='ocrx_word' id='word_1_101' title='bbox 2079 1480 2309 1535; x_wconf 72' lang='lat' dir='ltr'><strong>saacula-</strong></span> 
     </span>
    </p>
   </div>
   <div class='ocr_carea' id='block_1_17' title="bbox 741 1572 2310 1641">
    <p class='ocr_par' dir='ltr' id='par_1_17' title="bbox 741 1572 2310 1641">
     <span class='ocr_line' id='line_1_17' title="bbox 741 1572 2310 1641; baseline -0.001 -15"><span class='ocrx_word' id='word_1_102' title='bbox 741 1572 992 1641; x_wconf 90' lang='lat' dir='ltr'><strong>riumque</strong></span> <span class='ocrx_word' id='word_1_103' title='bbox 1025 1584 1266 1627; x_wconf 87' lang='lat' dir='ltr'><strong>motuum</strong></span> <span class='ocrx_word' id='word_1_104' title='bbox 1290 1573 1355 1625; x_wconf 86' lang='lat' dir='ltr'><strong>ad</strong></span> <span class='ocrx_word' id='word_1_105' title='bbox 1400 1588 1587 1637; x_wconf 89' lang='lat' dir='ltr'><strong>unum,</strong></span> <span class='ocrx_word' id='word_1_106' title='bbox 1616 1572 1825 1627; x_wconf 89' lang='lat' dir='ltr'><strong>scilicet</strong></span> <span class='ocrx_word' id='word_1_107' title='bbox 1844 1572 2035 1639; x_wconf 90' lang='lat' dir='ltr'><strong>Deum,</strong></span> <span class='ocrx_word' id='word_1_108' title='bbox 2068 1589 2310 1627; x_wconf 80' lang='lat' dir='ltr'><strong>commu-</strong></span> 
     </span>
    </p>
   </div>
   <div class='ocr_carea' id='block_1_18' title="bbox 740 1664 2304 1733">
    <p class='ocr_par' dir='ltr' id='par_1_18' title="bbox 740 1664 2304 1733">
     <span class='ocr_line' id='line_1_18' title="bbox 740 1664 2304 1733; baseline 0.001 -16"><span class='ocrx_word' id='word_1_109' title='bbox 740 1665 958 1719; x_wconf 90' lang='lat' dir='ltr'><strong>nionem</strong></span> <span class='ocrx_word' id='word_1_110' title='bbox 986 1664 1268 1733; x_wconf 72' lang='lat' dir='ltr'><strong>elargitur,</strong></span> <span class='ocrx_word' id='word_1_111' title='bbox 1291 1677 1455 1733; x_wconf 88' lang='lat' dir='ltr'><strong>atque</strong></span> <span class='ocrx_word' id='word_1_112' title='bbox 1481 1668 1616 1720; x_wconf 87' lang='lat' dir='ltr'><strong>adeo</strong></span> <span class='ocrx_word' id='word_1_113' title='bbox 1644 1666 1952 1720; x_wconf 87' lang='lat' dir='ltr'><strong>communio</strong></span> <span class='ocrx_word' id='word_1_114' title='bbox 1983 1680 2084 1719; x_wconf 91' lang='lat' dir='ltr'><strong>non</strong></span> <span class='ocrx_word' id='word_1_115' title='bbox 2112 1665 2304 1718; x_wconf 88' lang='lat' dir='ltr'><strong>imme-</strong></span> 
     </span>
    </p>
   </div>
   <div class='ocr_carea' id='block_1_19' title="bbox 737 1740 2306 1827">
    <p class='ocr_par' dir='ltr' id='par_1_19' title="bbox 737 1740 2306 1827">
     <span class='ocr_line' id='line_1_19' title="bbox 737 1740 2306 1827; baseline 0.001 -18"><span class='ocrx_word' id='word_1_116' title='bbox 737 1758 841 1810; x_wconf 89' lang='lat' dir='ltr'><strong>rito</strong></span> <span class='ocrx_word' id='word_1_117' title='bbox 897 1757 1000 1811; x_wconf 90' lang='lat' dir='ltr'><strong>dici</strong></span> <span class='ocrx_word' id='word_1_118' title='bbox 1061 1757 1252 1826; x_wconf 88' lang='lat' dir='ltr'><strong>possit.</strong></span> <span class='ocrx_word' id='word_1_119' title='bbox 1304 1756 1413 1809; x_wconf 76' lang='lat' dir='ltr'><strong>Cur</strong></span> <span class='ocrx_word' id='word_1_120' title='bbox 1468 1744 1670 1825; x_wconf 87' lang='lat' dir='ltr'><strong>itaque,</strong></span> <span class='ocrx_word' id='word_1_121' title='bbox 1712 1773 1951 1827; x_wconf 57' lang='lat' dir='ltr'><strong>prasens</strong></span> <span class='ocrx_word' id='word_1_122' title='bbox 1995 1740 2306 1812; x_wconf 80' lang='lat' dir='ltr'><strong>sacramen-</strong></span> 
     </span>
    </p>
   </div>
   <div class='ocr_carea' id='block_1_20' title="bbox 2413 554 3993 631">
    <p class='ocr_par' dir='ltr' id='par_1_20' title="bbox 2413 554 3993 631">
     <span class='ocr_line' id='line_1_20' title="bbox 2413 554 3993 631; baseline -0.004 -23"><span class='ocrx_word' id='word_1_123' title='bbox 2413 554 2575 609; x_wconf 91' lang='grc' dir='ltr'>νωνία</span> <span class='ocrx_word' id='word_1_124' title='bbox 2604 556 2694 609; x_wconf 74' lang='grc' dir='ltr'><strong>καὶ</strong></span> <span class='ocrx_word' id='word_1_125' title='bbox 2722 554 2937 620; x_wconf 80' lang='grc' dir='ltr'>σύναξις</span> <span class='ocrx_word' id='word_1_126' title='bbox 2956 596 2969 619; x_wconf 90' lang='grc'><strong>,</strong></span> <span class='ocrx_word' id='word_1_127' title='bbox 3000 556 3235 626; x_wconf 80' lang='grc' dir='ltr'><strong>ἑκάστης</strong></span> <span class='ocrx_word' id='word_1_128' title='bbox 3258 555 3498 625; x_wconf 76' lang='grc' dir='ltr'>τελετῆς,</span> <span class='ocrx_word' id='word_1_129' title='bbox 3528 556 3631 609; x_wconf 79' lang='grc' dir='ltr'>κᾶν</span> <span class='ocrx_word' id='word_1_130' title='bbox 3650 556 3748 628; x_wconf 79' lang='grc' dir='ltr'>τὴν</span> <span class='ocrx_word' id='word_1_131' title='bbox 3770 559 3869 612; x_wconf 77' lang='grc' dir='ltr'>τοῦ</span> <span class='ocrx_word' id='word_1_132' title='bbox 3894 560 3993 631; x_wconf 60' lang='grc' dir='ltr'><strong>βας.</strong></span> 
     </span>
    </p>
   </div>
   <div class='ocr_carea' id='block_1_21' title="bbox 2415 644 3990 718">
    <p class='ocr_par' dir='ltr' id='par_1_21' title="bbox 2415 644 3990 718">
     <span class='ocr_line' id='line_1_21' title="bbox 2415 644 3990 718; baseline 0.003 -18"><span class='ocrx_word' id='word_1_133' title='bbox 2415 647 2712 717; x_wconf 81' lang='grc' dir='ltr'>πτίσματος</span> <span class='ocrx_word' id='word_1_134' title='bbox 2734 646 2927 709; x_wconf 83' lang='grc' dir='ltr'>είποις,</span> <span class='ocrx_word' id='word_1_135' title='bbox 2956 645 3059 699; x_wconf 82' lang='grc' dir='ltr'><strong>κᾶν</strong></span> <span class='ocrx_word' id='word_1_136' title='bbox 3081 645 3178 715; x_wconf 80' lang='grc' dir='ltr'><strong>τὴν</strong></span> <span class='ocrx_word' id='word_1_137' title='bbox 3199 644 3305 696; x_wconf 87' lang='grc' dir='ltr'><strong>τῶν</strong></span> <span class='ocrx_word' id='word_1_138' title='bbox 3333 646 3618 718; x_wconf 84' lang='grc' dir='ltr'>ίερατικῶν</span> <span class='ocrx_word' id='word_1_139' title='bbox 3632 647 3990 715; x_wconf 83' lang='grc' dir='ltr'>τελειῶσεων,</span> 
     </span>
    </p>
   </div>
   <div class='ocr_carea' id='block_1_22' title="bbox 2412 744 3994 817">
    <p class='ocr_par' dir='ltr' id='par_1_22' title="bbox 2412 744 3994 817">
     <span class='ocr_line' id='line_1_22' title="bbox 2412 744 3994 817; baseline 0.003 -18"><span class='ocrx_word' id='word_1_140' title='bbox 2412 746 2641 817; x_wconf 72' lang='grc' dir='ltr'>ἐχούσης</span> <span class='ocrx_word' id='word_1_141' title='bbox 2670 744 2826 799; x_wconf 82' lang='grc' dir='ltr'>τοῦτο</span> <span class='ocrx_word' id='word_1_142' title='bbox 2847 744 2911 815; x_wconf 77' lang='grc' dir='ltr'>δὴ</span> <span class='ocrx_word' id='word_1_143' title='bbox 2935 744 2995 797; x_wconf 85' lang='grc' dir='ltr'><strong>τὸ</strong></span> <span class='ocrx_word' id='word_1_144' title='bbox 3020 745 3267 814; x_wconf 77' lang='grc' dir='ltr'><strong>συνάγειν</strong></span> <span class='ocrx_word' id='word_1_145' title='bbox 3301 748 3395 799; x_wconf 81' lang='grc' dir='ltr'>καὶ</span> <span class='ocrx_word' id='word_1_146' title='bbox 3417 748 3497 809; x_wconf 86' lang='grc' dir='ltr'><strong>είς</strong></span> <span class='ocrx_word' id='word_1_147' title='bbox 3521 747 3801 800; x_wconf 77' lang='grc' dir='ltr'><strong>κοινωνίαν</strong></span> <span class='ocrx_word' id='word_1_148' title='bbox 3829 751 3931 817; x_wconf 78' lang='grc' dir='ltr'><strong>ἆγι</strong></span> <span class='ocrx_word' id='word_1_149' title='bbox 3941 767 3994 804; x_wconf 86' lang='grc' dir='ltr'><strong>ιν</strong></span> 
     </span>
    </p>
   </div>
   <div class='ocr_carea' id='block_1_23' title="bbox 2412 825 3992 910">
    <p class='ocr_par' dir='ltr' id='par_1_23' title="bbox 2412 825 3992 910">
     <span class='ocr_line' id='line_1_23' title="bbox 2412 825 3992 910; baseline 0.001 -19"><span class='ocrx_word' id='word_1_150' title='bbox 2412 840 2504 892; x_wconf 70' lang='grc' dir='ltr'><strong>καὶ</strong></span> <span class='ocrx_word' id='word_1_151' title='bbox 2541 825 2754 891; x_wconf 76' lang='grc' dir='ltr'>ἕνωσιν·</span> <span class='ocrx_word' id='word_1_152' title='bbox 2791 839 2977 892; x_wconf 73' lang='grc' dir='ltr'>ἅπασα</span> <span class='ocrx_word' id='word_1_153' title='bbox 3016 838 3124 907; x_wconf 74' lang='grc' dir='ltr'>γὰρ</span> <span class='ocrx_word' id='word_1_154' title='bbox 3156 838 3346 908; x_wconf 80' lang='grc' dir='ltr'>τελετὴ</span> <span class='ocrx_word' id='word_1_155' title='bbox 3375 837 3547 891; x_wconf 81' lang='grc' dir='ltr'>ταῦτα</span> <span class='ocrx_word' id='word_1_156' title='bbox 3575 838 3828 910; x_wconf 83' lang='grc' dir='ltr'>δωρεῖται</span> <span class='ocrx_word' id='word_1_157' title='bbox 3872 844 3992 905; x_wconf 80' lang='grc' dir='ltr'>τοῖς</span> 
     </span>
    </p>
   </div>
   <div class='ocr_carea' id='block_1_24' title="bbox 2410 926 3993 1004">
    <p class='ocr_par' dir='ltr' id='par_1_24' title="bbox 2410 926 3993 1004">
     <span class='ocr_line' id='line_1_24' title="bbox 2410 926 3993 1004; baseline 0.001 -19"><span class='ocrx_word' id='word_1_158' title='bbox 2410 931 2770 1002; x_wconf 81' lang='grc' dir='ltr'>τελουμένοις,</span> <span class='ocrx_word' id='word_1_159' title='bbox 2795 932 2869 995; x_wconf 88' lang='grc' dir='ltr'>ὼς</span> <span class='ocrx_word' id='word_1_160' title='bbox 2896 931 3025 1003; x_wconf 80' lang='grc' dir='ltr'>φέρε</span> <span class='ocrx_word' id='word_1_161' title='bbox 3050 933 3221 987; x_wconf 86' lang='grc' dir='ltr'>είπείν</span> <span class='ocrx_word' id='word_1_162' title='bbox 3239 932 3330 985; x_wconf 73' lang='grc' dir='ltr'>ἐπὶ</span> <span class='ocrx_word' id='word_1_163' title='bbox 3350 926 3443 985; x_wconf 75' lang='grc' dir='ltr'>τοῦ</span> <span class='ocrx_word' id='word_1_164' title='bbox 3470 930 3863 1004; x_wconf 82' lang='grc' dir='ltr'><strong>βαπτίσματος·</strong></span> <span class='ocrx_word' id='word_1_165' title='bbox 3892 937 3993 987; x_wconf 75' lang='grc' dir='ltr'>καὶ</span> 
     </span>
    </p>
   </div>
   <div class='ocr_carea' id='block_1_25' title="bbox 2410 1025 3991 1098">
    <p class='ocr_par' dir='ltr' id='par_1_25' title="bbox 2410 1025 3991 1098">
     <span class='ocr_line' id='line_1_25' title="bbox 2410 1025 3991 1098; baseline 0 -19"><span class='ocrx_word' id='word_1_166' title='bbox 2410 1026 2520 1097; x_wconf 80' lang='grc' dir='ltr'>γὰρ</span> <span class='ocrx_word' id='word_1_167' title='bbox 2543 1030 2575 1097; x_wconf 79' lang='grc' dir='ltr'>ὴ</span> <span class='ocrx_word' id='word_1_168' title='bbox 2599 1027 2823 1098; x_wconf 79' lang='grc' dir='ltr'><strong>τοιαύτη</strong></span> <span class='ocrx_word' id='word_1_169' title='bbox 2850 1025 3039 1097; x_wconf 79' lang='grc' dir='ltr'>τελετὴ</span> <span class='ocrx_word' id='word_1_170' title='bbox 3060 1026 3156 1096; x_wconf 81' lang='grc' dir='ltr'>τὴν</span> <span class='ocrx_word' id='word_1_171' title='bbox 3196 1026 3452 1097; x_wconf 85' lang='grc' dir='ltr'>μεριστὴν</span> <span class='ocrx_word' id='word_1_172' title='bbox 3486 1025 3629 1097; x_wconf 74' lang='grc' dir='ltr'>ζωὴν</span> <span class='ocrx_word' id='word_1_173' title='bbox 3654 1025 3745 1079; x_wconf 77' lang='grc' dir='ltr'>τοῦ</span> <span class='ocrx_word' id='word_1_174' title='bbox 3773 1026 3991 1097; x_wconf 80' lang='grc' dir='ltr'>ἀνθρὼ-</span> 
     </span>
    </p>
   </div>
   <div class='ocr_carea' id='block_1_26' title="bbox 2413 1117 3994 1197">
    <p class='ocr_par' dir='ltr' id='par_1_26' title="bbox 2413 1117 3994 1197">
     <span class='ocr_line' id='line_1_26' title="bbox 2413 1117 3994 1197; baseline -0.002 -25"><span class='ocrx_word' id='word_1_175' title='bbox 2413 1136 2536 1182; x_wconf 88' lang='grc' dir='ltr'>που,</span> <span class='ocrx_word' id='word_1_176' title='bbox 2563 1119 2800 1193; x_wconf 75' lang='grc' dir='ltr'>δηλονότι</span> <span class='ocrx_word' id='word_1_177' title='bbox 2832 1118 2928 1189; x_wconf 82' lang='grc' dir='ltr'>τὴν</span> <span class='ocrx_word' id='word_1_178' title='bbox 2955 1118 3244 1187; x_wconf 83' lang='grc' dir='ltr'>κοσμικὴν,</span> <span class='ocrx_word' id='word_1_179' title='bbox 3276 1119 3369 1170; x_wconf 74' lang='grc' dir='ltr'><strong>καὶ</strong></span> <span class='ocrx_word' id='word_1_180' title='bbox 3395 1120 3477 1197; x_wconf 65' lang='grc' dir='ltr'><strong>ρίς</strong></span> <span class='ocrx_word' id='word_1_181' title='bbox 3517 1117 3686 1169; x_wconf 84' lang='grc' dir='ltr'>πολλὰ</span> <span class='ocrx_word' id='word_1_182' title='bbox 3726 1117 3994 1188; x_wconf 68' lang='grc' dir='ltr'>πληθυνθ-</span> 
     </span>
    </p>
   </div>
   <div class='ocr_carea' id='block_1_27' title="bbox 2415 1206 3991 1280">
    <p class='ocr_par' dir='ltr' id='par_1_27' title="bbox 2415 1206 3991 1280">
     <span class='ocr_line' id='line_1_27' title="bbox 2415 1206 3991 1280; baseline 0 -19"><span class='ocrx_word' id='word_1_183' title='bbox 2415 1209 2601 1280; x_wconf 79' lang='grc' dir='ltr'>μένην,</span> <span class='ocrx_word' id='word_1_184' title='bbox 2642 1212 2721 1273; x_wconf 84' lang='grc' dir='ltr'><strong>είς</strong></span> <span class='ocrx_word' id='word_1_185' title='bbox 2756 1208 2958 1279; x_wconf 82' lang='grc' dir='ltr'>ὲνοειδῆ</span> <span class='ocrx_word' id='word_1_186' title='bbox 2998 1210 3249 1276; x_wconf 80' lang='grc' dir='ltr'><strong>συνάγειν</strong></span> <span class='ocrx_word' id='word_1_187' title='bbox 3282 1207 3493 1273; x_wconf 84' lang='grc' dir='ltr'><strong>θέωσιν,</strong></span> <span class='ocrx_word' id='word_1_188' title='bbox 3516 1210 3609 1262; x_wconf 77' lang='grc' dir='ltr'>καὶ</span> <span class='ocrx_word' id='word_1_189' title='bbox 3649 1208 3786 1262; x_wconf 81' lang='grc' dir='ltr'>κατά</span> <span class='ocrx_word' id='word_1_190' title='bbox 3826 1206 3991 1267; x_wconf 76' lang='grc' dir='ltr'>τοῦτο</span> 
     </span>
    </p>
   </div>
   <div class='ocr_carea' id='block_1_28' title="bbox 2414 1298 3989 1373">
    <p class='ocr_par' dir='ltr' id='par_1_28' title="bbox 2414 1298 3989 1373">
     <span class='ocr_line' id='line_1_28' title="bbox 2414 1298 3989 1373; baseline 0 -21"><span class='ocrx_word' id='word_1_191' title='bbox 2414 1300 2629 1367; x_wconf 76' lang='grc' dir='ltr'>σύναξις</span> <span class='ocrx_word' id='word_1_192' title='bbox 2658 1300 2721 1353; x_wconf 83' lang='grc' dir='ltr'><strong>ἂν</strong></span> <span class='ocrx_word' id='word_1_193' title='bbox 2750 1300 2975 1368; x_wconf 80' lang='grc' dir='ltr'><strong>λέγοιτο·</strong></span> <span class='ocrx_word' id='word_1_194' title='bbox 3002 1299 3094 1352; x_wconf 69' lang='grc' dir='ltr'><strong>καὶ</strong></span> <span class='ocrx_word' id='word_1_195' title='bbox 3129 1298 3290 1351; x_wconf 83' lang='grc' dir='ltr'>πάλιν</span> <span class='ocrx_word' id='word_1_196' title='bbox 3316 1300 3370 1351; x_wconf 75' lang='grc' dir='ltr'>ὲν</span> <span class='ocrx_word' id='word_1_197' title='bbox 3396 1302 3461 1370; x_wconf 77' lang='grc' dir='ltr'>τῇ</span> <span class='ocrx_word' id='word_1_198' title='bbox 3487 1299 3706 1373; x_wconf 77' lang='grc' dir='ltr'>τοιαύτῃ</span> <span class='ocrx_word' id='word_1_199' title='bbox 3730 1301 3989 1373; x_wconf 78' lang='grc' dir='ltr'>συμπτύ-</span> 
     </span>
    </p>
   </div>
   <div class='ocr_carea' id='block_1_29' title="bbox 2414 1390 3988 1463">
    <p class='ocr_par' dir='ltr' id='par_1_29' title="bbox 2414 1390 3988 1463">
     <span class='ocr_line' id='line_1_29' title="bbox 2414 1390 3988 1463; baseline -0.001 -19"><span class='ocrx_word' id='word_1_200' title='bbox 2414 1392 2490 1456; x_wconf 81' lang='grc' dir='ltr'><strong>ξει</strong></span> <span class='ocrx_word' id='word_1_201' title='bbox 2518 1393 2623 1444; x_wconf 86' lang='grc' dir='ltr'><strong>τῶν</strong></span> <span class='ocrx_word' id='word_1_202' title='bbox 2649 1391 2932 1463; x_wconf 85' lang='grc' dir='ltr'>διαιρετῶν</span> <span class='ocrx_word' id='word_1_203' title='bbox 2967 1392 3064 1444; x_wconf 76' lang='grc' dir='ltr'>καὶ</span> <span class='ocrx_word' id='word_1_204' title='bbox 3098 1390 3375 1462; x_wconf 85' lang='grc' dir='ltr'>κοσμικῶν</span> <span class='ocrx_word' id='word_1_205' title='bbox 3409 1393 3667 1461; x_wconf 80' lang='grc' dir='ltr'>κινήσεων</span> <span class='ocrx_word' id='word_1_206' title='bbox 3694 1392 3793 1461; x_wconf 79' lang='grc' dir='ltr'><strong>τὴν</strong></span> <span class='ocrx_word' id='word_1_207' title='bbox 3846 1391 3988 1462; x_wconf 78' lang='grc' dir='ltr'>πρὸς</span> 
     </span>
    </p>
   </div>
   <div class='ocr_carea' id='block_1_30' title="bbox 2410 1482 3988 1554">
    <p class='ocr_par' dir='ltr' id='par_1_30' title="bbox 2410 1482 3988 1554">
     <span class='ocr_line' id='line_1_30' title="bbox 2410 1482 3988 1554; baseline 0 -17"><span class='ocrx_word' id='word_1_208' title='bbox 2410 1485 2469 1537; x_wconf 89' lang='grc' dir='ltr'><strong>τὸ</strong></span> <span class='ocrx_word' id='word_1_209' title='bbox 2493 1484 2569 1546; x_wconf 82' lang='grc' dir='ltr'>ἓν,</span> <span class='ocrx_word' id='word_1_210' title='bbox 2598 1485 2688 1536; x_wconf 88' lang='grc' dir='ltr'><strong>τὸν</strong></span> <span class='ocrx_word' id='word_1_211' title='bbox 2716 1484 2845 1537; x_wconf 82' lang='grc' dir='ltr'>Θεὸν</span> <span class='ocrx_word' id='word_1_212' title='bbox 2871 1483 3086 1553; x_wconf 80' lang='grc' dir='ltr'>δηλαδὴ,</span> <span class='ocrx_word' id='word_1_213' title='bbox 3116 1483 3393 1554; x_wconf 70' lang='grc' dir='ltr'>κοινωνίαν</span> <span class='ocrx_word' id='word_1_214' title='bbox 3425 1482 3695 1554; x_wconf 84' lang='grc' dir='ltr'>δωρεῖται,</span> <span class='ocrx_word' id='word_1_215' title='bbox 3738 1483 3845 1535; x_wconf 77' lang='grc' dir='ltr'>ίδοὺ</span> <span class='ocrx_word' id='word_1_216' title='bbox 3887 1485 3988 1538; x_wconf 68' lang='grc' dir='ltr'><strong>καὶ</strong></span> 
     </span>
    </p>
   </div>
   <div class='ocr_carea' id='block_1_31' title="bbox 2412 1574 3985 1647">
    <p class='ocr_par' dir='ltr' id='par_1_31' title="bbox 2412 1574 3985 1647">
     <span class='ocr_line' id='line_1_31' title="bbox 2412 1574 3985 1647; baseline -0.002 -18"><span class='ocrx_word' id='word_1_217' title='bbox 2412 1576 2664 1629; x_wconf 86' lang='grc' dir='ltr'>κοινωνία</span> <span class='ocrx_word' id='word_1_218' title='bbox 2703 1577 2800 1627; x_wconf 87' lang='grc' dir='ltr'><strong>ούκ</strong></span> <span class='ocrx_word' id='word_1_219' title='bbox 2840 1577 3142 1639; x_wconf 84' lang='grc' dir='ltr'>ἀπεικότως</span> <span class='ocrx_word' id='word_1_220' title='bbox 3176 1574 3383 1643; x_wconf 80' lang='grc' dir='ltr'>λέγοιτο</span> <span class='ocrx_word' id='word_1_221' title='bbox 3412 1576 3496 1629; x_wconf 79' lang='grc' dir='ltr'><strong>ἄν.</strong></span> <span class='ocrx_word' id='word_1_222' title='bbox 3541 1576 3655 1627; x_wconf 89' lang='grc' dir='ltr'>’Ὶνα</span> <span class='ocrx_word' id='word_1_223' title='bbox 3693 1574 3746 1626; x_wconf 86' lang='grc' dir='ltr'><strong>τί</strong></span> <span class='ocrx_word' id='word_1_224' title='bbox 3788 1575 3919 1642; x_wconf 83' lang='grc' dir='ltr'>γοῦν</span> <span class='ocrx_word' id='word_1_225' title='bbox 3950 1579 3985 1647; x_wconf 84' lang='grc' dir='ltr'><strong>ή</strong></span> 
     </span>
    </p>
   </div>
   <div class='ocr_carea' id='block_1_32' title="bbox 2410 1666 3984 1739">
    <p class='ocr_par' dir='ltr' id='par_1_32' title="bbox 2410 1666 3984 1739">
     <span class='ocr_line' id='line_1_32' title="bbox 2410 1666 3984 1739; baseline 0.002 -22"><span class='ocrx_word' id='word_1_226' title='bbox 2410 1667 2743 1737; x_wconf 81' lang='grc' dir='ltr'>προκειμένη</span> <span class='ocrx_word' id='word_1_227' title='bbox 2765 1666 2951 1737; x_wconf 84' lang='grc' dir='ltr'>τελετὴ</span> <span class='ocrx_word' id='word_1_228' title='bbox 2969 1667 3074 1718; x_wconf 82' lang='grc' dir='ltr'><strong>τῶν</strong></span> <span class='ocrx_word' id='word_1_229' title='bbox 3098 1667 3354 1720; x_wconf 79' lang='grc' dir='ltr'>τοιούτων</span> <span class='ocrx_word' id='word_1_230' title='bbox 3374 1668 3650 1737; x_wconf 82' lang='grc' dir='ltr'>ὀνομάτων</span> <span class='ocrx_word' id='word_1_231' title='bbox 3684 1667 3827 1731; x_wconf 77' lang='grc' dir='ltr'>ἰδίως</span> <span class='ocrx_word' id='word_1_232' title='bbox 3860 1685 3984 1739; x_wconf 75' lang='grc' dir='ltr'><strong>μετ⁴</strong></span> 
     </span>
    </p>
   </div>
   <div class='ocr_carea' id='block_1_33' title="bbox 2411 1760 3985 1832">
    <p class='ocr_par' dir='ltr' id='par_1_33' title="bbox 2411 1760 3985 1832">
     <span class='ocr_line' id='line_1_33' title="bbox 2411 1760 3985 1832; baseline 0.002 -21"><span class='ocrx_word' id='word_1_233' title='bbox 2411 1760 2624 1831; x_wconf 75' lang='grc' dir='ltr'>είληχε;</span> <span class='ocrx_word' id='word_1_234' title='bbox 2655 1761 2762 1812; x_wconf 77' lang='grc' dir='ltr'>Καὶ</span> <span class='ocrx_word' id='word_1_235' title='bbox 2795 1761 2992 1832; x_wconf 76' lang='grc' dir='ltr'>φαμὲν,</span> <span class='ocrx_word' id='word_1_236' title='bbox 3031 1762 3108 1813; x_wconf 81' lang='grc' dir='ltr'><strong>ὅτι</strong></span> <span class='ocrx_word' id='word_1_237' title='bbox 3151 1763 3182 1832; x_wconf 82' lang='grc' dir='ltr'>ἡ</span> <span class='ocrx_word' id='word_1_238' title='bbox 3225 1761 3332 1814; x_wconf 90' lang='grc' dir='ltr'><strong>τῶν</strong></span> <span class='ocrx_word' id='word_1_239' title='bbox 3377 1760 3602 1815; x_wconf 82' lang='grc' dir='ltr'>τελετῶν</span> <span class='ocrx_word' id='word_1_240' title='bbox 3631 1761 3854 1814; x_wconf 76' lang='grc' dir='ltr'>ἐκείνων</span> <span class='ocrx_word' id='word_1_241' title='bbox 3899 1779 3985 1814; x_wconf 84' lang='grc' dir='ltr'>τε·</span> 
     </span>
    </p>
   </div>
   <div class='ocr_carea' id='block_1_34' title="bbox 738 1849 2302 1928">
    <p class='ocr_par' dir='ltr' id='par_1_34' title="bbox 738 1849 2302 1918">
     <span class='ocr_line' id='line_1_34' title="bbox 738 1849 2302 1918; baseline 0.001 -16"><span class='ocrx_word' id='word_1_242' title='bbox 738 1859 849 1902; x_wconf 89' lang='lat' dir='ltr'><strong>tum</strong></span> <span class='ocrx_word' id='word_1_243' title='bbox 884 1849 1185 1903; x_wconf 84' lang='lat' dir='ltr'><strong>istiusmodi</strong></span> <span class='ocrx_word' id='word_1_244' title='bbox 1218 1850 1431 1902; x_wconf 88' lang='lat' dir='ltr'><strong>nomina</strong></span> <span class='ocrx_word' id='word_1_245' title='bbox 1480 1850 1701 1918; x_wconf 84' lang='lat' dir='ltr'><strong>proprie</strong></span> <span class='ocrx_word' id='word_1_246' title='bbox 1743 1850 1844 1903; x_wconf 88' lang='lat' dir='ltr'><strong>sibi</strong></span> <span class='ocrx_word' id='word_1_247' title='bbox 1888 1850 2164 1903; x_wconf 84' lang='lat' dir='ltr'><strong>vindieat?</strong></span> <span class='ocrx_word' id='word_1_248' title='bbox 2222 1850 2302 1904; x_wconf 90' lang='lat' dir='ltr'><strong>Di-</strong></span> 
     </span>
    </p>
   </div>
   <div class='ocr_carea' id='block_1_35' title="bbox 2406 1849 3982 1928">
    <p class='ocr_par' dir='ltr' id='par_1_35' title="bbox 2411 1850 3982 1923">
     <span class='ocr_line' id='line_1_35' title="bbox 2411 1850 3982 1923; baseline 0.001 -21"><span class='ocrx_word' id='word_1_249' title='bbox 2411 1850 2624 1914; x_wconf 77' lang='grc' dir='ltr'>λείωσις</span> <span class='ocrx_word' id='word_1_250' title='bbox 2647 1855 2711 1904; x_wconf 78' lang='grc' dir='ltr'><strong>ἐκ</strong></span> <span class='ocrx_word' id='word_1_251' title='bbox 2728 1852 2836 1905; x_wconf 88' lang='grc' dir='ltr'><strong>τῶν</strong></span> <span class='ocrx_word' id='word_1_252' title='bbox 2870 1851 3068 1922; x_wconf 78' lang='grc' dir='ltr'>ταύτης</span> <span class='ocrx_word' id='word_1_253' title='bbox 3094 1852 3308 1923; x_wconf 82' lang='grc' dir='ltr'>δωρεῶν</span> <span class='ocrx_word' id='word_1_254' title='bbox 3334 1853 3466 1904; x_wconf 79' lang='grc' dir='ltr'>ἐστι-</span> <span class='ocrx_word' id='word_1_255' title='bbox 3496 1852 3586 1906; x_wconf 72' lang='grc' dir='ltr'><strong>καὶ</strong></span> <span class='ocrx_word' id='word_1_256' title='bbox 3611 1851 3719 1922; x_wconf 79' lang='grc' dir='ltr'><strong>γὰρ</strong></span> <span class='ocrx_word' id='word_1_257' title='bbox 3739 1852 3838 1904; x_wconf 87' lang='grc' dir='ltr'><strong>ούκ</strong></span> <span class='ocrx_word' id='word_1_258' title='bbox 3862 1851 3982 1903; x_wconf 76' lang='grc' dir='ltr'>ἔστι</span> 
     </span>
    </p>
   </div>
   <div class='ocr_carea' id='block_1_36' title="bbox 734 1941 2299 2012">
    <p class='ocr_par' dir='ltr' id='par_1_36' title="bbox 734 1941 2299 2012">
     <span class='ocr_line' id='line_1_36' title="bbox 734 1941 2299 2012; baseline 0 -15"><span class='ocrx_word' id='word_1_259' title='bbox 734 1942 929 2005; x_wconf 81' lang='lat' dir='ltr'><strong>cimus,</strong></span> <span class='ocrx_word' id='word_1_260' title='bbox 990 1941 1213 1994; x_wconf 81' lang='lat' dir='ltr'><strong>istorum</strong></span> <span class='ocrx_word' id='word_1_261' title='bbox 1263 1954 1729 1996; x_wconf 81' lang='lat' dir='ltr'><strong>sacramentorum</strong></span> <span class='ocrx_word' id='word_1_262' title='bbox 1795 1942 2186 2012; x_wconf 81' lang='lat' dir='ltr'><strong>perfectionem</strong></span> <span class='ocrx_word' id='word_1_263' title='bbox 2235 1959 2299 1997; x_wconf 78' lang='lat' dir='ltr'><strong>ex</strong></span> 
     </span>
    </p>
   </div>
   <div class='ocr_carea' id='block_1_37' title="bbox 734 2031 2303 2104">
    <p class='ocr_par' dir='ltr' id='par_1_37' title="bbox 734 2031 2303 2104">
     <span class='ocr_line' id='line_1_37' title="bbox 734 2031 2303 2104; baseline 0.002 -18"><span class='ocrx_word' id='word_1_264' title='bbox 734 2031 900 2099; x_wconf 86' lang='lat' dir='ltr'><strong>hujus</strong></span> <span class='ocrx_word' id='word_1_265' title='bbox 935 2032 1249 2087; x_wconf 77' lang='lat' dir='ltr'><strong>muneribus</strong></span> <span class='ocrx_word' id='word_1_266' title='bbox 1280 2035 1512 2087; x_wconf 76' lang='lat' dir='ltr'><strong>existere</strong></span> <span class='ocrx_word' id='word_1_267' title='bbox 1546 2055 1558 2088; x_wconf 84' lang='lat'><strong>:</strong></span> <span class='ocrx_word' id='word_1_268' title='bbox 1619 2049 1741 2087; x_wconf 87' lang='lat' dir='ltr'><strong>nam</strong></span> <span class='ocrx_word' id='word_1_269' title='bbox 1774 2050 1879 2089; x_wconf 92' lang='lat' dir='ltr'><strong>non</strong></span> <span class='ocrx_word' id='word_1_270' title='bbox 1921 2033 2046 2088; x_wconf 85' lang='lat' dir='ltr'><strong>licet</strong></span> <span class='ocrx_word' id='word_1_271' title='bbox 2083 2034 2303 2104; x_wconf 86' lang='lat' dir='ltr'><strong>aliquod</strong></span> 
     </span>
    </p>
   </div>
   <div class='ocr_carea' id='block_1_38' title="bbox 733 2123 2304 2194">
    <p class='ocr_par' dir='ltr' id='par_1_38' title="bbox 733 2123 2304 2194">
     <span class='ocr_line' id='line_1_38' title="bbox 733 2123 2304 2194; baseline 0.002 -18"><span class='ocrx_word' id='word_1_272' title='bbox 733 2133 1136 2176; x_wconf 80' lang='lat' dir='ltr'><strong>sacramentum</strong></span> <span class='ocrx_word' id='word_1_273' title='bbox 1176 2123 1577 2178; x_wconf 90' lang='lat' dir='ltr'><strong>hierarchicum</strong></span> <span class='ocrx_word' id='word_1_274' title='bbox 1604 2127 1892 2194; x_wconf 87' lang='lat' dir='ltr'><strong>perlicere,</strong></span> <span class='ocrx_word' id='word_1_275' title='bbox 1920 2127 2021 2180; x_wconf 90' lang='lat' dir='ltr'><strong>nisi</strong></span> <span class='ocrx_word' id='word_1_276' title='bbox 2052 2126 2304 2179; x_wconf 88' lang='lat' dir='ltr'><strong>videlicet</strong></span> 
     </span>
    </p>
   </div>
   <div class='ocr_carea' id='block_1_39' title="bbox 733 2204 2303 2287">
    <p class='ocr_par' dir='ltr' id='par_1_39' title="bbox 733 2204 2303 2287">
     <span class='ocr_line' id='line_1_39' title="bbox 733 2204 2303 2287; baseline 0.003 -20"><span class='ocrx_word' id='word_1_277' title='bbox 733 2213 1076 2267; x_wconf 86' lang='lat' dir='ltr'><strong>divinissima</strong></span> <span class='ocrx_word' id='word_1_278' title='bbox 1108 2204 1442 2273; x_wconf 47' lang='lat' dir='ltr'><strong>eucharls&#39;tia</strong></span> <span class='ocrx_word' id='word_1_279' title='bbox 1476 2231 1597 2269; x_wconf 91' lang='lat' dir='ltr'><strong>cum</strong></span> <span class='ocrx_word' id='word_1_280' title='bbox 1636 2232 1763 2281; x_wconf 91' lang='lat' dir='ltr'><strong>uno,</strong></span> <span class='ocrx_word' id='word_1_281' title='bbox 1807 2218 1860 2272; x_wconf 91' lang='lat' dir='ltr'><strong>id</strong></span> <span class='ocrx_word' id='word_1_282' title='bbox 1891 2226 1976 2270; x_wconf 90' lang='lat' dir='ltr'><strong>est</strong></span> <span class='ocrx_word' id='word_1_283' title='bbox 2004 2217 2164 2287; x_wconf 71' lang='lat'><strong>202</strong></span> <span class='ocrx_word' id='word_1_284' title='bbox 2198 2220 2303 2271; x_wconf 86' lang='lat' dir='ltr'><strong>Deo</strong></span> 
     </span>
    </p>
   </div>
   <div class='ocr_carea' id='block_1_40' title="bbox 732 2305 2302 2379">
    <p class='ocr_par' dir='ltr' id='par_1_40' title="bbox 732 2305 2302 2379">
     <span class='ocr_line' id='line_1_40' title="bbox 732 2305 2302 2379; baseline 0.003 -20"><span class='ocrx_word' id='word_1_285' title='bbox 732 2305 1170 2374; x_wconf 88' lang='lat' dir='ltr'><strong>conjunctionem</strong></span> <span class='ocrx_word' id='word_1_286' title='bbox 1210 2316 1487 2374; x_wconf 89' lang='lat' dir='ltr'><strong>operetur;</strong></span> <span class='ocrx_word' id='word_1_287' title='bbox 1537 2308 1641 2363; x_wconf 91' lang='lat' dir='ltr'><strong>hoc</strong></span> <span class='ocrx_word' id='word_1_288' title='bbox 1673 2308 1820 2362; x_wconf 89' lang='lat' dir='ltr'><strong>enim</strong></span> <span class='ocrx_word' id='word_1_289' title='bbox 1851 2318 1934 2362; x_wconf 89' lang='lat' dir='ltr'><strong>est</strong></span> <span class='ocrx_word' id='word_1_290' title='bbox 1974 2311 2302 2379; x_wconf 74' lang='lat' dir='ltr'><strong>praecipuum</strong></span> 
     </span>
    </p>
   </div>
   <div class='ocr_carea' id='block_1_41' title="bbox 730 2397 2302 2470">
    <p class='ocr_par' dir='ltr' id='par_1_41' title="bbox 730 2397 2302 2470">
     <span class='ocr_line' id='line_1_41' title="bbox 730 2397 2302 2470; baseline 0.003 -21"><span class='ocrx_word' id='word_1_291' title='bbox 730 2398 875 2466; x_wconf 91' lang='lat' dir='ltr'><strong>quod</strong></span> <span class='ocrx_word' id='word_1_292' title='bbox 924 2398 975 2450; x_wconf 94' lang='lat' dir='ltr'><strong>in</strong></span> <span class='ocrx_word' id='word_1_293' title='bbox 1024 2397 1255 2467; x_wconf 79' lang='lat' dir='ltr'><strong>singulis</strong></span> <span class='ocrx_word' id='word_1_294' title='bbox 1283 2399 1611 2454; x_wconf 86' lang='lat' dir='ltr'><strong>celebratur.</strong></span> <span class='ocrx_word' id='word_1_295' title='bbox 1644 2398 1703 2452; x_wconf 89' lang='lat' dir='ltr'><strong>Si</strong></span> <span class='ocrx_word' id='word_1_296' title='bbox 1749 2401 1931 2468; x_wconf 83' lang='lat' dir='ltr'><strong>itaque</strong></span> <span class='ocrx_word' id='word_1_297' title='bbox 1957 2402 2302 2470; x_wconf 87' lang='lat' dir='ltr'><strong>unumquod-</strong></span> 
     </span>
    </p>
   </div>
   <div class='ocr_carea' id='block_1_42' title="bbox 731 2488 2303 2563">
    <p class='ocr_par' dir='ltr' id='par_1_42' title="bbox 731 2488 2303 2563">
     <span class='ocr_line' id='line_1_42' title="bbox 731 2488 2303 2563; baseline 0.003 -25"><span class='ocrx_word' id='word_1_298' title='bbox 731 2502 839 2557; x_wconf 85' lang='lat' dir='ltr'><strong>que</strong></span> <span class='ocrx_word' id='word_1_299' title='bbox 876 2496 1301 2551; x_wconf 84' lang='lat' dir='ltr'><strong>sacramentum,</strong></span> <span class='ocrx_word' id='word_1_300' title='bbox 1350 2489 1501 2543; x_wconf 91' lang='lat' dir='ltr'><strong>hisce</strong></span> <span class='ocrx_word' id='word_1_301' title='bbox 1531 2489 1806 2559; x_wconf 89' lang='lat' dir='ltr'><strong>mysteriis</strong></span> <span class='ocrx_word' id='word_1_302' title='bbox 1850 2488 2193 2563; x_wconf 83' lang='lat' dir='ltr'><strong>frustratum,</strong></span> <span class='ocrx_word' id='word_1_303' title='bbox 2231 2490 2303 2543; x_wconf 86' lang='lat' dir='ltr'><strong>sit</strong></span> 
     </span>
    </p>
   </div>
   <div class='ocr_carea' id='block_1_43' title="bbox 731 2579 2298 2649">
    <p class='ocr_par' dir='ltr' id='par_1_43' title="bbox 731 2579 2298 2649">
     <span class='ocr_line' id='line_1_43' title="bbox 731 2579 2298 2649; baseline 0.001 -18"><span class='ocrx_word' id='word_1_304' title='bbox 731 2579 1129 2647; x_wconf 77' lang='lat' dir='ltr'><strong>imperfectum,</strong></span> <span class='ocrx_word' id='word_1_305' title='bbox 1159 2590 1212 2634; x_wconf 91' lang='lat' dir='ltr'><strong>et</strong></span> <span class='ocrx_word' id='word_1_306' title='bbox 1244 2593 1344 2633; x_wconf 89' lang='lat' dir='ltr'><strong>nec</strong></span> <span class='ocrx_word' id='word_1_307' title='bbox 1381 2580 1596 2649; x_wconf 81' lang='lat' dir='ltr'><strong>proprie</strong></span> <span class='ocrx_word' id='word_1_308' title='bbox 1627 2589 2035 2634; x_wconf 84' lang='lat' dir='ltr'><strong>sacramentum</strong></span> <span class='ocrx_word' id='word_1_309' title='bbox 2069 2580 2298 2646; x_wconf 86' lang='lat' dir='ltr'><strong>dicatur,</strong></span> 
     </span>
    </p>
   </div>
   <div class='ocr_carea' id='block_1_44' title="bbox 731 2670 2303 2739">
    <p class='ocr_par' dir='ltr' id='par_1_44' title="bbox 731 2670 2303 2739">
     <span class='ocr_line' id='line_1_44' title="bbox 731 2670 2303 2739; baseline 0.003 -17"><span class='ocrx_word' id='word_1_310' title='bbox 731 2683 911 2738; x_wconf 87' lang='lat' dir='ltr'><strong>neque</strong></span> <span class='ocrx_word' id='word_1_311' title='bbox 948 2684 1069 2724; x_wconf 90' lang='lat' dir='ltr'><strong>cum</strong></span> <span class='ocrx_word' id='word_1_312' title='bbox 1113 2686 1219 2725; x_wconf 88' lang='lat' dir='ltr'><strong>uno</strong></span> <span class='ocrx_word' id='word_1_313' title='bbox 1248 2670 1341 2724; x_wconf 89' lang='lat' dir='ltr'><strong>illo</strong></span> <span class='ocrx_word' id='word_1_314' title='bbox 1381 2672 1743 2726; x_wconf 87' lang='lat' dir='ltr'><strong>communicet</strong></span> <span class='ocrx_word' id='word_1_315' title='bbox 1770 2671 2074 2739; x_wconf 81' lang='lat' dir='ltr'><strong>copuletve,</strong></span> <span class='ocrx_word' id='word_1_316' title='bbox 2107 2672 2303 2726; x_wconf 89' lang='lat' dir='ltr'><strong>merito</strong></span> 
     </span>
    </p>
   </div>
   <div class='ocr_carea' id='block_1_45' title="bbox 729 2747 2301 2833">
    <p class='ocr_par' dir='ltr' id='par_1_45' title="bbox 729 2747 2301 2833">
     <span class='ocr_line' id='line_1_45' title="bbox 729 2747 2301 2833; baseline -0.002 -15"><span class='ocrx_word' id='word_1_317' title='bbox 729 2766 893 2818; x_wconf 87' lang='lat' dir='ltr'><strong>etiam</strong></span> <span class='ocrx_word' id='word_1_318' title='bbox 919 2761 1047 2819; x_wconf 83' lang='lat' dir='ltr'><strong>huic</strong></span> <span class='ocrx_word' id='word_1_319' title='bbox 1074 2747 1174 2818; x_wconf 78' lang='lat' dir='ltr'><strong>soli</strong></span> <span class='ocrx_word' id='word_1_320' title='bbox 1208 2762 1485 2833; x_wconf 77' lang='lat' dir='ltr'><strong>proprium</strong></span> <span class='ocrx_word' id='word_1_321' title='bbox 1508 2764 1610 2818; x_wconf 88' lang='lat' dir='ltr'><strong>hoc</strong></span> <span class='ocrx_word' id='word_1_322' title='bbox 1636 2777 1829 2817; x_wconf 88' lang='lat' dir='ltr'><strong>nomen</strong></span> <span class='ocrx_word' id='word_1_323' title='bbox 1858 2777 2123 2830; x_wconf 79' lang='lat' dir='ltr'><strong>synaxeos</strong></span> <span class='ocrx_word' id='word_1_324' title='bbox 2145 2764 2301 2815; x_wconf 86' lang='lat' dir='ltr'><strong>attri-</strong></span> 
     </span>
    </p>
   </div>
   <div class='ocr_carea' id='block_1_46' title="bbox 732 2851 2299 2923">
    <p class='ocr_par' dir='ltr' id='par_1_46' title="bbox 732 2851 2299 2923">
     <span class='ocr_line' id='line_1_46' title="bbox 732 2851 2299 2923; baseline -0.003 -15"><span class='ocrx_word' id='word_1_325' title='bbox 732 2852 945 2908; x_wconf 85' lang='lat' dir='ltr'><strong>buitur.</strong></span> <span class='ocrx_word' id='word_1_326' title='bbox 978 2852 1214 2923; x_wconf 79' lang='lat' dir='ltr'><strong>Synaxis</strong></span> <span class='ocrx_word' id='word_1_327' title='bbox 1262 2866 1433 2921; x_wconf 84' lang='lat' dir='ltr'><strong>porro</strong></span> <span class='ocrx_word' id='word_1_328' title='bbox 1465 2854 1686 2906; x_wconf 90' lang='lat' dir='ltr'><strong>minime</strong></span> <span class='ocrx_word' id='word_1_329' title='bbox 1725 2851 2071 2920; x_wconf 78' lang='lat' dir='ltr'><strong>intelligenda</strong></span> <span class='ocrx_word' id='word_1_330' title='bbox 2120 2852 2299 2921; x_wconf 87' lang='lat' dir='ltr'><strong>populi</strong></span> 
     </span>
    </p>
   </div>
   <div class='ocr_carea' id='block_1_47' title="bbox 729 2929 2303 3015">
    <p class='ocr_par' dir='ltr' id='par_1_47' title="bbox 729 2929 2303 3015">
     <span class='ocr_line' id='line_1_47' title="bbox 729 2929 2303 3015; baseline -0.003 -16"><span class='ocrx_word' id='word_1_331' title='bbox 729 2929 1104 3015; x_wconf 73' lang='lat' dir='ltr'><strong>congregatio,</strong></span> <span class='ocrx_word' id='word_1_332' title='bbox 1140 2953 1299 3013; x_wconf 90' lang='lat' dir='ltr'><strong>prout</strong></span> <span class='ocrx_word' id='word_1_333' title='bbox 1334 2943 1496 3013; x_wconf 84' lang='lat' dir='ltr'><strong>aliqui</strong></span> <span class='ocrx_word' id='word_1_334' title='bbox 1536 2958 1678 2997; x_wconf 90' lang='lat' dir='ltr'><strong>nunc</strong></span> <span class='ocrx_word' id='word_1_335' title='bbox 1720 2944 1976 3012; x_wconf 85' lang='lat' dir='ltr'><strong>temporis</strong></span> <span class='ocrx_word' id='word_1_336' title='bbox 2008 2958 2192 2998; x_wconf 90' lang='lat' dir='ltr'><strong>vocem</strong></span> <span class='ocrx_word' id='word_1_337' title='bbox 2242 2942 2303 2997; x_wconf 82' lang='lat' dir='ltr'><strong>il-</strong></span> 
     </span>
    </p>
   </div>
   <div class='ocr_carea' id='block_1_48' title="bbox 731 3033 2303 3103">
    <p class='ocr_par' dir='ltr' id='par_1_48' title="bbox 731 3033 2303 3103">
     <span class='ocr_line' id='line_1_48' title="bbox 731 3033 2303 3103; baseline -0.001 -14"><span class='ocrx_word' id='word_1_338' title='bbox 731 3037 838 3089; x_wconf 85' lang='lat' dir='ltr'><strong>lam</strong></span> <span class='ocrx_word' id='word_1_339' title='bbox 866 3036 1161 3103; x_wconf 84' lang='lat' dir='ltr'><strong>accipiunt.</strong></span> <span class='ocrx_word' id='word_1_340' title='bbox 1194 3034 1288 3089; x_wconf 87' lang='lat' dir='ltr'><strong>sed</strong></span> <span class='ocrx_word' id='word_1_341' title='bbox 1330 3050 1451 3088; x_wconf 89' lang='lat' dir='ltr'><strong>cum</strong></span> <span class='ocrx_word' id='word_1_342' title='bbox 1483 3033 1591 3088; x_wconf 91' lang='lat' dir='ltr'><strong>Deo</strong></span> <span class='ocrx_word' id='word_1_343' title='bbox 1623 3033 1935 3101; x_wconf 86' lang='lat' dir='ltr'><strong>conjunctio</strong></span> <span class='ocrx_word' id='word_1_344' title='bbox 1963 3034 2303 3088; x_wconf 88' lang='lat' dir='ltr'><strong>communio-</strong></span> 
     </span>
    </p>
   </div>
   <div class='ocr_carea' id='block_1_49' title="bbox 731 3123 2299 3195">
    <p class='ocr_par' dir='ltr' id='par_1_49' title="bbox 731 3123 2299 3195">
     <span class='ocr_line' id='line_1_49' title="bbox 731 3123 2299 3195; baseline -0.001 -18"><span class='ocrx_word' id='word_1_345' title='bbox 731 3140 859 3195; x_wconf 83' lang='lat' dir='ltr'><strong>que.</strong></span> <span class='ocrx_word' id='word_1_346' title='bbox 894 3126 1037 3179; x_wconf 89' lang='lat' dir='ltr'><strong>Idem</strong></span> <span class='ocrx_word' id='word_1_347' title='bbox 1061 3138 1280 3192; x_wconf 93' lang='lat' dir='ltr'><strong>quoque</strong></span> <span class='ocrx_word' id='word_1_348' title='bbox 1310 3123 1433 3192; x_wconf 85' lang='lat' dir='ltr'><strong>quis</strong></span> <span class='ocrx_word' id='word_1_349' title='bbox 1457 3124 1696 3177; x_wconf 85' lang='lat' dir='ltr'><strong>inveniat</strong></span> <span class='ocrx_word' id='word_1_350' title='bbox 1722 3124 1772 3176; x_wconf 91' lang='lat' dir='ltr'><strong>in</strong></span> <span class='ocrx_word' id='word_1_351' title='bbox 1806 3123 1974 3176; x_wconf 90' lang='lat' dir='ltr'><strong>divini</strong></span> <span class='ocrx_word' id='word_1_352' title='bbox 2002 3124 2299 3191; x_wconf 80' lang='lat' dir='ltr'><strong>baptisma-</strong></span> 
     </span>
    </p>
   </div>
   <div class='ocr_carea' id='block_1_50' title="bbox 2407 1940 3986 2013">
    <p class='ocr_par' dir='ltr' id='par_1_50' title="bbox 2407 1940 3986 2013">
     <span class='ocr_line' id='line_1_50' title="bbox 2407 1940 3986 2013; baseline 0.001 -20"><span class='ocrx_word' id='word_1_353' title='bbox 2407 1941 2525 1993; x_wconf 85' lang='grc' dir='ltr'>τινὰ</span> <span class='ocrx_word' id='word_1_354' title='bbox 2556 1941 2873 2011; x_wconf 79' lang='grc' dir='ltr'>τελεσθῆναι</span> <span class='ocrx_word' id='word_1_355' title='bbox 2898 1942 3212 2013; x_wconf 81' lang='grc' dir='ltr'>ίεραρχικὴν</span> <span class='ocrx_word' id='word_1_356' title='bbox 3248 1941 3487 2012; x_wconf 77' lang='grc' dir='ltr'>τελετὴν,</span> <span class='ocrx_word' id='word_1_357' title='bbox 3534 1942 3605 2011; x_wconf 78' lang='grc' dir='ltr'><strong>μὴ</strong></span> <span class='ocrx_word' id='word_1_358' title='bbox 3643 1941 3741 2011; x_wconf 80' lang='grc' dir='ltr'>τῆς</span> <span class='ocrx_word' id='word_1_359' title='bbox 3778 1940 3986 1994; x_wconf 72' lang='grc' dir='ltr'>θειοτά-</span> 
     </span>
    </p>
   </div>
   <div class='ocr_carea' id='block_1_51' title="bbox 2405 2029 3982 2103">
    <p class='ocr_par' dir='ltr' id='par_1_51' title="bbox 2405 2029 3982 2103">
     <span class='ocr_line' id='line_1_51' title="bbox 2405 2029 3982 2103; baseline -0.001 -19"><span class='ocrx_word' id='word_1_360' title='bbox 2405 2048 2503 2102; x_wconf 82' lang='grc' dir='ltr'><strong>της</strong></span> <span class='ocrx_word' id='word_1_361' title='bbox 2529 2033 2911 2103; x_wconf 83' lang='grc' dir='ltr'>Εύχαριστίας,</span> <span class='ocrx_word' id='word_1_362' title='bbox 2931 2032 3029 2102; x_wconf 78' lang='grc' dir='ltr'>τῆς</span> <span class='ocrx_word' id='word_1_363' title='bbox 3052 2031 3158 2085; x_wconf 87' lang='grc' dir='ltr'><strong>τῶν</strong></span> <span class='ocrx_word' id='word_1_364' title='bbox 3188 2031 3499 2101; x_wconf 76' lang='grc' dir='ltr'>μυστηρίων</span> <span class='ocrx_word' id='word_1_365' title='bbox 3525 2029 3746 2101; x_wconf 73' lang='grc' dir='ltr'>δηλαδὴ,</span> <span class='ocrx_word' id='word_1_366' title='bbox 3768 2032 3982 2102; x_wconf 78' lang='grc' dir='ltr'>ἱερουρ-</span> 
     </span>
    </p>
   </div>
   <div class='ocr_carea' id='block_1_52' title="bbox 2404 2112 3978 2194">
    <p class='ocr_par' dir='ltr' id='par_1_52' title="bbox 2404 2112 3978 2194">
     <span class='ocr_line' id='line_1_52' title="bbox 2404 2112 3978 2194; baseline -0.001 -19"><span class='ocrx_word' id='word_1_367' title='bbox 2404 2117 2604 2193; x_wconf 76' lang='grc' dir='ltr'>γούσης</span> <span class='ocrx_word' id='word_1_368' title='bbox 2638 2126 2732 2193; x_wconf 79' lang='grc' dir='ltr'><strong>τὴν</strong></span> <span class='ocrx_word' id='word_1_369' title='bbox 2769 2126 2859 2176; x_wconf 76' lang='grc' dir='ltr'>ἐπὶ</span> <span class='ocrx_word' id='word_1_370' title='bbox 2889 2124 2950 2176; x_wconf 88' lang='grc' dir='ltr'><strong>τὸ</strong></span> <span class='ocrx_word' id='word_1_371' title='bbox 2978 2125 3055 2188; x_wconf 81' lang='grc' dir='ltr'>ἓν,</span> <span class='ocrx_word' id='word_1_372' title='bbox 3092 2124 3181 2176; x_wconf 88' lang='grc' dir='ltr'><strong>τὸν</strong></span> <span class='ocrx_word' id='word_1_373' title='bbox 3206 2123 3337 2176; x_wconf 85' lang='grc' dir='ltr'>Θεὸν</span> <span class='ocrx_word' id='word_1_374' title='bbox 3376 2112 3592 2193; x_wconf 80' lang='grc' dir='ltr'>δηλαδὴ,</span> <span class='ocrx_word' id='word_1_375' title='bbox 3620 2126 3978 2194; x_wconf 63' lang='grc' dir='ltr'>συναγωγήν</span> 
     </span>
    </p>
   </div>
   <div class='ocr_carea' id='block_1_53' title="bbox 2403 2215 3978 2287">
    <p class='ocr_par' dir='ltr' id='par_1_53' title="bbox 2403 2215 3978 2287">
     <span class='ocr_line' id='line_1_53' title="bbox 2403 2215 3978 2287; baseline 0 -17"><span class='ocrx_word' id='word_1_376' title='bbox 2403 2216 2559 2270; x_wconf 85' lang='grc' dir='ltr'>τοῦτο</span> <span class='ocrx_word' id='word_1_377' title='bbox 2592 2218 2697 2287; x_wconf 81' lang='grc' dir='ltr'>γάρ</span> <span class='ocrx_word' id='word_1_378' title='bbox 2731 2218 2843 2273; x_wconf 70' lang='grc' dir='ltr'>ἐστι</span> <span class='ocrx_word' id='word_1_379' title='bbox 2883 2216 2945 2268; x_wconf 88' lang='grc' dir='ltr'><strong>τὸ</strong></span> <span class='ocrx_word' id='word_1_380' title='bbox 2987 2215 3510 2285; x_wconf 74' lang='grc' dir='ltr'>κεφαλαιωδέστερον</span> <span class='ocrx_word' id='word_1_381' title='bbox 3552 2216 3645 2268; x_wconf 76' lang='grc' dir='ltr'><strong>ἐπὶ</strong></span> <span class='ocrx_word' id='word_1_382' title='bbox 3684 2217 3798 2279; x_wconf 84' lang='grc' dir='ltr'>τοῖς</span> <span class='ocrx_word' id='word_1_383' title='bbox 3850 2216 3978 2270; x_wconf 81' lang='grc' dir='ltr'>καθ’</span> 
     </span>
    </p>
   </div>
   <div class='ocr_carea' id='block_1_54' title="bbox 2403 2290 3949 2377">
    <p class='ocr_par' dir='ltr' id='par_1_54' title="bbox 2403 2290 3949 2377">
     <span class='ocr_line' id='line_1_54' title="bbox 2403 2290 3949 2377; baseline -0.001 -18"><span class='ocrx_word' id='word_1_384' title='bbox 2403 2306 2608 2359; x_wconf 68' lang='grc' dir='ltr'>ἕκαστα</span> <span class='ocrx_word' id='word_1_385' title='bbox 2649 2290 3093 2377; x_wconf 59' lang='grc' dir='ltr'>τελουμένοιςςΕί</span> <span class='ocrx_word' id='word_1_386' title='bbox 3134 2306 3312 2359; x_wconf 79' lang='grc' dir='ltr'>τοίνυν</span> <span class='ocrx_word' id='word_1_387' title='bbox 3352 2305 3552 2377; x_wconf 73' lang='grc' dir='ltr'>ἑκάστη</span> <span class='ocrx_word' id='word_1_388' title='bbox 3586 2304 3695 2357; x_wconf 86' lang='grc' dir='ltr'><strong>τῶν</strong></span> <span class='ocrx_word' id='word_1_389' title='bbox 3715 2304 3949 2357; x_wconf 78' lang='grc' dir='ltr'>τελετῶν</span> 
     </span>
    </p>
   </div>
   <div class='ocr_carea' id='block_1_55' title="bbox 2404 2385 3978 2469">
    <p class='ocr_par' dir='ltr' id='par_1_55' title="bbox 2404 2385 3978 2469">
     <span class='ocr_line' id='line_1_55' title="bbox 2404 2385 3978 2469; baseline 0.001 -18"><span class='ocrx_word' id='word_1_390' title='bbox 2404 2398 2806 2469; x_wconf 79' lang='grc' dir='ltr'>ἀπολειπομένη</span> <span class='ocrx_word' id='word_1_391' title='bbox 2841 2398 2936 2469; x_wconf 83' lang='grc' dir='ltr'>τὴν</span> <span class='ocrx_word' id='word_1_392' title='bbox 2964 2402 2981 2419; x_wconf 75' lang='grc'><strong><em>⁸</em></strong></span> <span class='ocrx_word' id='word_1_393' title='bbox 3013 2385 3560 2469; x_wconf 77' lang='grc' dir='ltr'>μυστηρίων,ἁτελής</span> <span class='ocrx_word' id='word_1_394' title='bbox 3592 2400 3725 2463; x_wconf 77' lang='grc' dir='ltr'>ἐστι,</span> <span class='ocrx_word' id='word_1_395' title='bbox 3761 2399 3855 2451; x_wconf 75' lang='grc' dir='ltr'>καὶ</span> <span class='ocrx_word' id='word_1_396' title='bbox 3874 2400 3978 2452; x_wconf 76' lang='grc' dir='ltr'><strong>οὐκ</strong></span> 
     </span>
    </p>
   </div>
   <div class='ocr_carea' id='block_1_56' title="bbox 2405 2485 3979 2560">
    <p class='ocr_par' dir='ltr' id='par_1_56' title="bbox 2405 2485 3979 2560">
     <span class='ocr_line' id='line_1_56' title="bbox 2405 2485 3979 2560; baseline 0.001 -21"><span class='ocrx_word' id='word_1_397' title='bbox 2405 2486 2517 2557; x_wconf 75' lang='grc' dir='ltr'>ἔχει</span> <span class='ocrx_word' id='word_1_398' title='bbox 2540 2488 2741 2557; x_wconf 81' lang='grc' dir='ltr'>κυρίως</span> <span class='ocrx_word' id='word_1_399' title='bbox 2779 2486 2899 2539; x_wconf 80' lang='grc' dir='ltr'>οὔτε</span> <span class='ocrx_word' id='word_1_400' title='bbox 2936 2486 2997 2539; x_wconf 87' lang='grc' dir='ltr'><strong>τὸ</strong></span> <span class='ocrx_word' id='word_1_401' title='bbox 3027 2486 3215 2558; x_wconf 78' lang='grc' dir='ltr'>τελετὴ</span> <span class='ocrx_word' id='word_1_402' title='bbox 3245 2486 3527 2555; x_wconf 83' lang='grc' dir='ltr'>λέγεσθαι,</span> <span class='ocrx_word' id='word_1_403' title='bbox 3566 2485 3687 2539; x_wconf 73' lang='grc' dir='ltr'>οὔτε</span> <span class='ocrx_word' id='word_1_404' title='bbox 3732 2488 3840 2560; x_wconf 75' lang='grc' dir='ltr'>μὴν</span> <span class='ocrx_word' id='word_1_405' title='bbox 3878 2488 3979 2560; x_wconf 81' lang='grc' dir='ltr'>τὴν</span> 
     </span>
    </p>
   </div>
   <div class='ocr_carea' id='block_1_57' title="bbox 2406 2575 3977 2650">
    <p class='ocr_par' dir='ltr' id='par_1_57' title="bbox 2406 2575 3977 2650">
     <span class='ocr_line' id='line_1_57' title="bbox 2406 2575 3977 2650; baseline 0.001 -21"><span class='ocrx_word' id='word_1_406' title='bbox 2406 2577 2539 2647; x_wconf 90' lang='grc' dir='ltr'>πρὸς</span> <span class='ocrx_word' id='word_1_407' title='bbox 2572 2577 2632 2627; x_wconf 89' lang='grc' dir='ltr'><strong>τὸ</strong></span> <span class='ocrx_word' id='word_1_408' title='bbox 2661 2576 2717 2629; x_wconf 80' lang='grc' dir='ltr'>ἓν</span> <span class='ocrx_word' id='word_1_409' title='bbox 2748 2576 3028 2629; x_wconf 77' lang='grc' dir='ltr'>κοινωνίαν</span> <span class='ocrx_word' id='word_1_410' title='bbox 3058 2575 3150 2629; x_wconf 73' lang='grc' dir='ltr'><strong>καὶ</strong></span> <span class='ocrx_word' id='word_1_411' title='bbox 3175 2575 3411 2641; x_wconf 79' lang='grc' dir='ltr'>σύναξιν,</span> <span class='ocrx_word' id='word_1_412' title='bbox 3441 2576 3663 2639; x_wconf 76' lang='grc' dir='ltr'>εἰκότως</span> <span class='ocrx_word' id='word_1_413' title='bbox 3685 2578 3854 2650; x_wconf 74' lang='grc' dir='ltr'>ταύτῃ</span> <span class='ocrx_word' id='word_1_414' title='bbox 3878 2580 3977 2631; x_wconf 66' lang='grc' dir='ltr'><strong>καὶ</strong></span> 
     </span>
    </p>
   </div>
   <div class='ocr_carea' id='block_1_58' title="bbox 2407 2656 3977 2740">
    <p class='ocr_par' dir='ltr' id='par_1_58' title="bbox 2407 2656 3977 2740">
     <span class='ocr_line' id='line_1_58' title="bbox 2407 2656 3977 2740; baseline 0.003 -22"><span class='ocrx_word' id='word_1_415' title='bbox 2407 2666 2867 2739; x_wconf 73' lang='grc' dir='ltr'>μόνῃ³ὲπιτίθεται</span> <span class='ocrx_word' id='word_1_416' title='bbox 2891 2669 3107 2739; x_wconf 79' lang='grc' dir='ltr'>ή-κ-υρία</span> <span class='ocrx_word' id='word_1_417' title='bbox 3124 2669 3405 2739; x_wconf 70' lang='grc' dir='ltr'>ἐπωνυμία</span> <span class='ocrx_word' id='word_1_418' title='bbox 3426 2671 3522 2740; x_wconf 84' lang='grc' dir='ltr'>τῆς</span> <span class='ocrx_word' id='word_1_419' title='bbox 3538 2670 3826 2737; x_wconf 76' lang='grc' dir='ltr'>συνάξεως.</span> <span class='ocrx_word' id='word_1_420' title='bbox 3844 2656 3977 2722; x_wconf 80' lang='grc' dir='ltr'><strong>Σύν⁴</strong></span> 
     </span>
    </p>
   </div>
   <div class='ocr_carea' id='block_1_59' title="bbox 2404 2756 3977 2833">
    <p class='ocr_par' dir='ltr' id='par_1_59' title="bbox 2404 2756 3977 2833">
     <span class='ocr_line' id='line_1_59' title="bbox 2404 2756 3977 2833; baseline 0.003 -24"><span class='ocrx_word' id='word_1_421' title='bbox 2404 2756 2524 2821; x_wconf 78' lang='grc' dir='ltr'>αξιν</span> <span class='ocrx_word' id='word_1_422' title='bbox 2547 2757 2601 2809; x_wconf 84' lang='grc' dir='ltr'>δὲ</span> <span class='ocrx_word' id='word_1_423' title='bbox 2631 2760 2847 2830; x_wconf 84' lang='grc' dir='ltr'>νοητέον</span> <span class='ocrx_word' id='word_1_424' title='bbox 2904 2759 2961 2811; x_wconf 80' lang='grc' dir='ltr'><strong>οὐ</strong></span> <span class='ocrx_word' id='word_1_425' title='bbox 2992 2761 3089 2830; x_wconf 83' lang='grc' dir='ltr'>τὴν</span> <span class='ocrx_word' id='word_1_426' title='bbox 3126 2760 3218 2812; x_wconf 80' lang='grc' dir='ltr'>τοῦ</span> <span class='ocrx_word' id='word_1_427' title='bbox 3255 2758 3418 2825; x_wconf 80' lang='grc' dir='ltr'>λαοῦ,</span> <span class='ocrx_word' id='word_1_428' title='bbox 3464 2759 3647 2824; x_wconf 88' lang='grc' dir='ltr'>καθὼς</span> <span class='ocrx_word' id='word_1_429' title='bbox 3686 2761 3781 2833; x_wconf 75' lang='grc' dir='ltr'><strong>τὴν</strong></span> <span class='ocrx_word' id='word_1_430' title='bbox 3826 2759 3977 2827; x_wconf 78' lang='grc' dir='ltr'>λέξιν</span> 
     </span>
    </p>
   </div>
   <div class='ocr_carea' id='block_1_60' title="bbox 2401 2847 3975 2922">
    <p class='ocr_par' dir='ltr' id='par_1_60' title="bbox 2401 2847 3975 2922">
     <span class='ocr_line' id='line_1_60' title="bbox 2401 2847 3975 2922; baseline 0.001 -24"><span class='ocrx_word' id='word_1_431' title='bbox 2401 2847 2543 2909; x_wconf 80' lang='grc' dir='ltr'>τινὲς</span> <span class='ocrx_word' id='word_1_432' title='bbox 2561 2849 2796 2918; x_wconf 79' lang='grc' dir='ltr'>σήμερον</span> <span class='ocrx_word' id='word_1_433' title='bbox 2814 2848 3259 2918; x_wconf 72' lang='grc' dir='ltr'>ἐκλαμϐάνονται,</span> <span class='ocrx_word' id='word_1_434' title='bbox 3277 2847 3412 2901; x_wconf 83' lang='grc' dir='ltr'>ἀλλὰ</span> <span class='ocrx_word' id='word_1_435' title='bbox 3428 2849 3523 2919; x_wconf 79' lang='grc' dir='ltr'>τὴν</span> <span class='ocrx_word' id='word_1_436' title='bbox 3540 2849 3673 2919; x_wconf 83' lang='grc' dir='ltr'>πρὸς</span> <span class='ocrx_word' id='word_1_437' title='bbox 3698 2849 3828 2922; x_wconf 72' lang='grc' dir='ltr'>Θεὸν</span> <span class='ocrx_word' id='word_1_438' title='bbox 3854 2864 3975 2900; x_wconf 86' lang='grc' dir='ltr'>συν-</span> 
     </span>
    </p>
   </div>
   <div class='ocr_carea' id='block_1_61' title="bbox 2403 2934 3974 3012">
    <p class='ocr_par' dir='ltr' id='par_1_61' title="bbox 2403 2934 3974 3012">
     <span class='ocr_line' id='line_1_61' title="bbox 2403 2934 3974 3012; baseline 0 -21"><span class='ocrx_word' id='word_1_439' title='bbox 2403 2941 2623 3010; x_wconf 79' lang='grc' dir='ltr'>αγωγὴν</span> <span class='ocrx_word' id='word_1_440' title='bbox 2665 2941 2759 2994; x_wconf 63' lang='grc' dir='ltr'><strong>κα)⁵</strong></span> <span class='ocrx_word' id='word_1_441' title='bbox 2809 2941 3108 2994; x_wconf 88' lang='grc' dir='ltr'>κοινωνίαν.</span> <span class='ocrx_word' id='word_1_442' title='bbox 3150 2934 3333 3005; x_wconf 78' lang='grc' dir='ltr'>οὕτως</span> <span class='ocrx_word' id='word_1_443' title='bbox 3370 2940 3517 3012; x_wconf 79' lang='grc' dir='ltr'>εὖροι</span> <span class='ocrx_word' id='word_1_444' title='bbox 3546 2955 3628 3003; x_wconf 85' lang='grc' dir='ltr'><strong>τις</strong></span> <span class='ocrx_word' id='word_1_445' title='bbox 3654 2939 3717 2993; x_wconf 76' lang='grc' dir='ltr'>ἂν</span> <span class='ocrx_word' id='word_1_446' title='bbox 3749 2940 3841 2992; x_wconf 73' lang='grc' dir='ltr'>καὶ</span> <span class='ocrx_word' id='word_1_447' title='bbox 3878 2940 3974 2991; x_wconf 66' lang='grc' dir='ltr'><strong>ἐπὶ</strong></span> 
     </span>
    </p>
   </div>
   <div class='ocr_carea' id='block_1_62' title="bbox 2402 3028 3971 3112">
    <p class='ocr_par' dir='ltr' id='par_1_62' title="bbox 2402 3028 3971 3112">
     <span class='ocr_line' id='line_1_62' title="bbox 2402 3028 3971 3112; baseline 0 -21"><span class='ocrx_word' id='word_1_448' title='bbox 2402 3041 2501 3109; x_wconf 87' lang='grc' dir='ltr'>τῆς</span> <span class='ocrx_word' id='word_1_449' title='bbox 2534 3030 2751 3111; x_wconf 82' lang='grc' dir='ltr'>τελετῆς</span> <span class='ocrx_word' id='word_1_450' title='bbox 2789 3039 2883 3093; x_wconf 74' lang='grc' dir='ltr'><strong>τοῦ</strong></span> <span class='ocrx_word' id='word_1_451' title='bbox 2923 3040 3068 3094; x_wconf 83' lang='grc' dir='ltr'>θείου</span> <span class='ocrx_word' id='word_1_452' title='bbox 3109 3028 3498 3112; x_wconf 75' lang='grc' dir='ltr'>βαπτίσματοςο</span> <span class='ocrx_word' id='word_1_453' title='bbox 3535 3039 3757 3111; x_wconf 73' lang='grc' dir='ltr'>καὶγὰρ</span> <span class='ocrx_word' id='word_1_454' title='bbox 3793 3040 3886 3092; x_wconf 74' lang='grc' dir='ltr'>καὶ</span> <span class='ocrx_word' id='word_1_455' title='bbox 3911 3041 3971 3091; x_wconf 77' lang='grc' dir='ltr'>αἱ</span> 
     </span>
    </p>
   </div>
   <div class='ocr_carea' id='block_1_63' title="bbox 2405 3130 3971 3204">
    <p class='ocr_par' dir='ltr' id='par_1_63' title="bbox 2405 3130 3971 3204">
     <span class='ocr_line' id='line_1_63' title="bbox 2405 3130 3971 3204; baseline -0.001 -20"><span class='ocrx_word' id='word_1_456' title='bbox 2405 3131 2561 3184; x_wconf 77' lang='grc' dir='ltr'>ἄλλαι</span> <span class='ocrx_word' id='word_1_457' title='bbox 2587 3131 2877 3201; x_wconf 77' lang='grc' dir='ltr'>φωτίζουσι</span> <span class='ocrx_word' id='word_1_458' title='bbox 2900 3131 3131 3197; x_wconf 72' lang='grc' dir='ltr'>τελεταὶ,</span> <span class='ocrx_word' id='word_1_459' title='bbox 3159 3131 3272 3183; x_wconf 80' lang='grc' dir='ltr'>ἀλλ’</span> <span class='ocrx_word' id='word_1_460' title='bbox 3305 3132 3454 3202; x_wconf 78' lang='grc' dir='ltr'>ὅμως</span> <span class='ocrx_word' id='word_1_461' title='bbox 3482 3130 3653 3204; x_wconf 79' lang='grc' dir='ltr'>ταύτῃ</span> <span class='ocrx_word' id='word_1_462' title='bbox 3678 3131 3819 3193; x_wconf 78' lang='grc' dir='ltr'>ἰδίως</span> <span class='ocrx_word' id='word_1_463' title='bbox 3835 3132 3971 3183; x_wconf 61' lang='grc' dir='ltr'><strong>ἑπι-</strong></span> 
     </span>
    </p>
   </div>
   <div class='ocr_carea' id='block_1_64' title="bbox 732 3213 2302 3293">
    <p class='ocr_par' dir='ltr' id='par_1_64' title="bbox 732 3213 2295 3283">
     <span class='ocr_line' id='line_1_64' title="bbox 732 3213 2295 3283; baseline -0.003 -13"><span class='ocrx_word' id='word_1_464' title='bbox 732 3217 803 3270; x_wconf 85' lang='lat' dir='ltr'><strong>tis</strong></span> <span class='ocrx_word' id='word_1_465' title='bbox 833 3225 1175 3270; x_wconf 88' lang='lat' dir='ltr'><strong>sacramento</strong></span> <span class='ocrx_word' id='word_1_466' title='bbox 1211 3232 1224 3267; x_wconf 89' lang='lat'><strong>:</strong></span> <span class='ocrx_word' id='word_1_467' title='bbox 1258 3230 1380 3268; x_wconf 87' lang='lat' dir='ltr'><strong>nam</strong></span> <span class='ocrx_word' id='word_1_468' title='bbox 1415 3213 1543 3267; x_wconf 90' lang='lat' dir='ltr'><strong>licet</strong></span> <span class='ocrx_word' id='word_1_469' title='bbox 1569 3214 1674 3267; x_wconf 91' lang='lat' dir='ltr'><strong>alia</strong></span> <span class='ocrx_word' id='word_1_470' title='bbox 1700 3229 1915 3283; x_wconf 92' lang='lat' dir='ltr'><strong>quoque</strong></span> <span class='ocrx_word' id='word_1_471' title='bbox 1954 3225 2295 3267; x_wconf 85' lang='lat' dir='ltr'><strong>sacramenta</strong></span> 
     </span>
    </p>
   </div>
   <div class='ocr_carea' id='block_1_65' title="bbox 2406 3213 3971 3293">
    <p class='ocr_par' dir='ltr' id='par_1_65' title="bbox 2406 3217 3971 3293">
     <span class='ocr_line' id='line_1_65' title="bbox 2406 3217 3971 3293; baseline -0.002 -20"><span class='ocrx_word' id='word_1_472' title='bbox 2406 3220 2525 3292; x_wconf 81' lang='grc' dir='ltr'><strong>τὲθη</strong></span> <span class='ocrx_word' id='word_1_473' title='bbox 2546 3220 2608 3273; x_wconf 88' lang='grc' dir='ltr'><strong>τὸ</strong></span> <span class='ocrx_word' id='word_1_474' title='bbox 2642 3218 2813 3293; x_wconf 78' lang='grc' dir='ltr'>ὄνομα</span> <span class='ocrx_word' id='word_1_475' title='bbox 2834 3219 2927 3273; x_wconf 84' lang='grc' dir='ltr'>τοῦ</span> <span class='ocrx_word' id='word_1_476' title='bbox 2971 3220 3333 3293; x_wconf 82' lang='grc' dir='ltr'>φωτίσματος,</span> <span class='ocrx_word' id='word_1_477' title='bbox 3363 3220 3450 3273; x_wconf 78' lang='grc' dir='ltr'>διὰ</span> <span class='ocrx_word' id='word_1_478' title='bbox 3487 3220 3549 3273; x_wconf 89' lang='grc' dir='ltr'><strong>τὸ</strong></span> <span class='ocrx_word' id='word_1_479' title='bbox 3590 3217 3724 3274; x_wconf 72' lang='grc' dir='ltr'>εἶναι</span> <span class='ocrx_word' id='word_1_480' title='bbox 3767 3220 3971 3291; x_wconf 86' lang='grc' dir='ltr'>ταύτην</span> 
     </span>
    </p>
   </div>
   <div class='ocr_carea' id='block_1_66' title="bbox 732 3303 2295 3374">
    <p class='ocr_par' dir='ltr' id='par_1_66' title="bbox 732 3303 2295 3374">
     <span class='ocr_line' id='line_1_66' title="bbox 732 3303 2295 3374; baseline -0.003 -12"><span class='ocrx_word' id='word_1_481' title='bbox 732 3306 1062 3372; x_wconf 88' lang='lat' dir='ltr'><strong>illuminent,</strong></span> <span class='ocrx_word' id='word_1_482' title='bbox 1087 3304 1212 3359; x_wconf 86' lang='lat' dir='ltr'><strong>huic</strong></span> <span class='ocrx_word' id='word_1_483' title='bbox 1245 3313 1422 3358; x_wconf 86' lang='lat' dir='ltr'><strong>tamen</strong></span> <span class='ocrx_word' id='word_1_484' title='bbox 1458 3306 1672 3374; x_wconf 88' lang='lat' dir='ltr'><strong>pr0prie</strong></span> <span class='ocrx_word' id='word_1_485' title='bbox 1697 3320 1891 3359; x_wconf 89' lang='lat' dir='ltr'><strong>nomen</strong></span> <span class='ocrx_word' id='word_1_486' title='bbox 1917 3305 2018 3358; x_wconf 90' lang='lat' dir='ltr'><strong>hoc</strong></span> <span class='ocrx_word' id='word_1_487' title='bbox 2055 3303 2295 3359; x_wconf 87' lang='lat' dir='ltr'><strong>illustra-</strong></span> 
     </span>
    </p>
   </div>
   <div class='ocr_carea' id='block_1_67' title="bbox 734 3376 2295 3465">
    <p class='ocr_par' dir='ltr' id='par_1_67' title="bbox 734 3376 2295 3465">
     <span class='ocr_line' id='line_1_67' title="bbox 734 3376 2295 3465; baseline -0.003 -14"><span class='ocrx_word' id='word_1_488' title='bbox 734 3398 902 3452; x_wconf 89' lang='lat' dir='ltr'><strong>tionis</strong></span> <span class='ocrx_word' id='word_1_489' title='bbox 924 3396 1236 3465; x_wconf 83' lang='lat' dir='ltr'><strong>impositum</strong></span> <span class='ocrx_word' id='word_1_490' title='bbox 1262 3403 1361 3460; x_wconf 83' lang='lat' dir='ltr'><strong>est,</strong></span> <span class='ocrx_word' id='word_1_491' title='bbox 1400 3376 1543 3464; x_wconf 68' lang='lat' dir='ltr'><strong>quod</strong></span> <span class='ocrx_word' id='word_1_492' title='bbox 1575 3394 1811 3448; x_wconf 91' lang='lat' dir='ltr'><strong>omnium</strong></span> <span class='ocrx_word' id='word_1_493' title='bbox 1843 3394 2145 3449; x_wconf 80' lang='lat' dir='ltr'><strong>divinarum</strong></span> <span class='ocrx_word' id='word_1_494' title='bbox 2175 3394 2295 3448; x_wconf 89' lang='lat' dir='ltr'><strong>illu-</strong></span> 
     </span>
    </p>
   </div>
   <div class='ocr_carea' id='block_1_68' title="bbox 732 3481 2293 3557">
    <p class='ocr_par' dir='ltr' id='par_1_68' title="bbox 732 3481 2293 3557">
     <span class='ocr_line' id='line_1_68' title="bbox 732 3481 2293 3557; baseline -0.002 -15"><span class='ocrx_word' id='word_1_495' title='bbox 732 3489 1053 3542; x_wconf 88' lang='lat' dir='ltr'><strong>strationum</strong></span> <span class='ocrx_word' id='word_1_496' title='bbox 1102 3487 1426 3557; x_wconf 89' lang='lat' dir='ltr'><strong>principium</strong></span> <span class='ocrx_word' id='word_1_497' title='bbox 1468 3486 1690 3541; x_wconf 80' lang='lat' dir='ltr'><strong>existat.</strong></span> <span class='ocrx_word' id='word_1_498' title='bbox 1769 3481 1902 3537; x_wconf 85' lang='lat' dir='ltr'><strong>Nam</strong></span> <span class='ocrx_word' id='word_1_499' title='bbox 1935 3484 2036 3538; x_wconf 89' lang='lat' dir='ltr'><strong>nisi</strong></span> <span class='ocrx_word' id='word_1_500' title='bbox 2060 3486 2181 3555; x_wconf 87' lang='lat' dir='ltr'><strong>quis</strong></span> <span class='ocrx_word' id='word_1_501' title='bbox 2211 3486 2293 3539; x_wconf 90' lang='lat' dir='ltr'><strong>di-</strong></span> 
     </span>
    </p>
   </div>
   <div class='ocr_carea' id='block_1_69' title="bbox 730 3577 2291 3654">
    <p class='ocr_par' dir='ltr' id='par_1_69' title="bbox 730 3577 2291 3654">
     <span class='ocr_line' id='line_1_69' title="bbox 730 3577 2291 3654; baseline 0 -23"><span class='ocrx_word' id='word_1_502' title='bbox 730 3581 857 3634; x_wconf 80' lang='lat' dir='ltr'><strong>vino</strong></span> <span class='ocrx_word' id='word_1_503' title='bbox 901 3579 1229 3650; x_wconf 83' lang='lat' dir='ltr'><strong>baptismate</strong></span> <span class='ocrx_word' id='word_1_504' title='bbox 1274 3577 1437 3654; x_wconf 76' lang='lat' dir='ltr'><strong>fuerit</strong></span> <span class='ocrx_word' id='word_1_505' title='bbox 1468 3580 1753 3643; x_wconf 79' lang='lat' dir='ltr'><strong>initiatus,</strong></span> <span class='ocrx_word' id='word_1_506' title='bbox 1780 3577 2125 3648; x_wconf 81' lang='lat' dir='ltr'><strong>ejusdemque</strong></span> <span class='ocrx_word' id='word_1_507' title='bbox 2168 3578 2291 3633; x_wconf 86' lang='lat' dir='ltr'><strong>illu-</strong></span> 
     </span>
    </p>
   </div>
   <div class='ocr_carea' id='block_1_70' title="bbox 732 3670 2294 3742">
    <p class='ocr_par' dir='ltr' id='par_1_70' title="bbox 732 3670 2294 3742">
     <span class='ocr_line' id='line_1_70' title="bbox 732 3670 2294 3742; baseline 0.001 -18"><span class='ocrx_word' id='word_1_508' title='bbox 732 3672 995 3727; x_wconf 81' lang='lat' dir='ltr'><strong>stratioue</strong></span> <span class='ocrx_word' id='word_1_509' title='bbox 1041 3671 1234 3742; x_wconf 73' lang='lat' dir='ltr'><strong>dignus</strong></span> <span class='ocrx_word' id='word_1_510' title='bbox 1274 3672 1349 3725; x_wconf 86' lang='lat' dir='ltr'><strong>sit</strong></span> <span class='ocrx_word' id='word_1_511' title='bbox 1394 3672 1629 3736; x_wconf 86' lang='lat' dir='ltr'><strong>habitus,</strong></span> <span class='ocrx_word' id='word_1_512' title='bbox 1664 3685 1771 3725; x_wconf 92' lang='lat' dir='ltr'><strong>non</strong></span> <span class='ocrx_word' id='word_1_513' title='bbox 1836 3680 2012 3738; x_wconf 85' lang='lat' dir='ltr'><strong>potest</strong></span> <span class='ocrx_word' id='word_1_514' title='bbox 2072 3670 2294 3725; x_wconf 88' lang='lat' dir='ltr'><strong>alterius</strong></span> 
     </span>
    </p>
   </div>
   <div class='ocr_carea' id='block_1_71' title="bbox 732 3760 2295 3834">
    <p class='ocr_par' dir='ltr' id='par_1_71' title="bbox 732 3760 2295 3834">
     <span class='ocr_line' id='line_1_71' title="bbox 732 3760 2295 3834; baseline 0.001 -18"><span class='ocrx_word' id='word_1_515' title='bbox 732 3763 1033 3834; x_wconf 78' lang='lat' dir='ltr'><strong>cujuspism</strong></span> <span class='ocrx_word' id='word_1_516' title='bbox 1101 3763 1484 3819; x_wconf 77' lang='lat' dir='ltr'><strong>illustrationis</strong></span> <span class='ocrx_word' id='word_1_517' title='bbox 1546 3765 1816 3833; x_wconf 83' lang='lat' dir='ltr'><strong>particeps</strong></span> <span class='ocrx_word' id='word_1_518' title='bbox 1882 3764 2135 3818; x_wconf 77' lang='lat' dir='ltr'><strong>existere.</strong></span> <span class='ocrx_word' id='word_1_519' title='bbox 2200 3760 2295 3817; x_wconf 82' lang='lat' dir='ltr'><strong>His</strong></span> 
     </span>
    </p>
   </div>
   <div class='ocr_carea' id='block_1_72' title="bbox 732 3853 2290 3925">
    <p class='ocr_par' dir='ltr' id='par_1_72' title="bbox 732 3853 2290 3925">
     <span class='ocr_line' id='line_1_72' title="bbox 732 3853 2290 3925; baseline 0 -16"><span class='ocrx_word' id='word_1_520' title='bbox 732 3853 935 3920; x_wconf 82' lang='lat' dir='ltr'><strong>dictis,</strong></span> <span class='ocrx_word' id='word_1_521' title='bbox 1000 3854 1407 3911; x_wconf 84' lang='lat' dir='ltr'><strong>consideremus</strong></span> <span class='ocrx_word' id='word_1_522' title='bbox 1481 3856 1655 3925; x_wconf 84' lang='lat' dir='ltr'><strong>ipsam</strong></span> <span class='ocrx_word' id='word_1_523' title='bbox 1729 3853 1895 3924; x_wconf 82' lang='lat' dir='ltr'><strong>hujus</strong></span> <span class='ocrx_word' id='word_1_524' title='bbox 1968 3856 2290 3910; x_wconf 85' lang='lat' dir='ltr'><strong>sacramenti</strong></span> 
     </span>
    </p>
   </div>
   <div class='ocr_carea' id='block_1_73' title="bbox 732 3946 3197 4018">
    <p class='ocr_par' dir='ltr' id='par_1_73' title="bbox 732 3946 3197 4018">
     <span class='ocr_line' id='line_1_73' title="bbox 732 3946 3197 4018; baseline 0 -14"><span class='ocrx_word' id='word_1_525' title='bbox 732 3949 1225 4015; x_wconf 79' lang='lat' dir='ltr'><strong>consecrationem,</strong></span> <span class='ocrx_word' id='word_1_526' title='bbox 1273 3949 1546 4017; x_wconf 86' lang='lat' dir='ltr'><strong>quomodo</strong></span> <span class='ocrx_word' id='word_1_527' title='bbox 1586 3946 1834 4003; x_wconf 87' lang='lat' dir='ltr'><strong>videlicet</strong></span> <span class='ocrx_word' id='word_1_528' title='bbox 1883 3948 2200 4018; x_wconf 83' lang='lat' dir='ltr'><strong>mysterium</strong></span> <span class='ocrx_word' id='word_1_529' title='bbox 2255 3963 2525 4018; x_wconf 77' lang='lat' dir='ltr'><strong>synaxeos</strong></span> <span class='ocrx_word' id='word_1_530' title='bbox 2601 3952 2938 4018; x_wconf 81' lang='lat' dir='ltr'><strong>celebretur;</strong></span> <span class='ocrx_word' id='word_1_531' title='bbox 3008 3951 3197 4013; x_wconf 75' lang='lat' dir='ltr'><strong>deinde</strong></span> 
     </span>
    </p>
   </div>
   <div class='ocr_carea' id='block_1_74' title="bbox 734 4041 1214 4111">
    <p class='ocr_par' dir='ltr' id='par_1_74' title="bbox 734 4041 1214 4111">
     <span class='ocr_line' id='line_1_74' title="bbox 734 4041 1214 4111; baseline 0.002 -17"><span class='ocrx_word' id='word_1_532' title='bbox 734 4041 849 4111; x_wconf 69' lang='lat' dir='ltr'><strong>eius</strong></span> <span class='ocrx_word' id='word_1_533' title='bbox 876 4041 1214 4110; x_wconf 71' lang='lat' dir='ltr'><strong>indagemus.</strong></span> 
     </span>
    </p>
   </div>
   <div class='ocr_carea' id='block_1_75' title="bbox 1152 4133 1873 4206">
    <p class='ocr_par' dir='ltr' id='par_1_75' title="bbox 1152 4133 1873 4206">
     <span class='ocr_line' id='line_1_75' title="bbox 1152 4133 1873 4206; baseline 0.004 -19"><span class='ocrx_word' id='word_1_534' title='bbox 1152 4133 1216 4191; x_wconf 89' lang='lat' dir='ltr'><strong>ll.</strong></span> <span class='ocrx_word' id='word_1_535' title='bbox 1262 4134 1572 4205; x_wconf 76' lang='lat' dir='ltr'><strong>Hysterium</strong></span> <span class='ocrx_word' id='word_1_536' title='bbox 1596 4142 1873 4206; x_wconf 67' lang='lat' dir='ltr'><strong>synaxeos.</strong></span> 
     </span>
    </p>
   </div>
   <div class='ocr_carea' id='block_1_76' title="bbox 807 4225 2295 4296">
    <p class='ocr_par' dir='ltr' id='par_1_76' title="bbox 807 4225 2295 4296">
     <span class='ocr_line' id='line_1_76' title="bbox 807 4225 2295 4296; baseline -0.003 -14"><span class='ocrx_word' id='word_1_537' title='bbox 807 4227 1103 4282; x_wconf 83' lang='lat' dir='ltr'><strong>Hierarcha</strong></span> <span class='ocrx_word' id='word_1_538' title='bbox 1138 4240 1350 4294; x_wconf 86' lang='lat' dir='ltr'><strong>precem</strong></span> <span class='ocrx_word' id='word_1_539' title='bbox 1384 4240 1597 4279; x_wconf 84' lang='lat' dir='ltr'><strong>sacram</strong></span> <span class='ocrx_word' id='word_1_540' title='bbox 1640 4226 1814 4295; x_wconf 74' lang='lat' dir='ltr'><strong>(illum</strong></span> <span class='ocrx_word' id='word_1_541' title='bbox 1849 4227 2068 4296; x_wconf 87' lang='lat' dir='ltr'><strong>inquam</strong></span> <span class='ocrx_word' id='word_1_542' title='bbox 2102 4225 2295 4280; x_wconf 85' lang='lat' dir='ltr'><strong>introi-</strong></span> 
     </span>
    </p>
   </div>
   <div class='ocr_carea' id='block_1_77' title="bbox 735 4316 2296 4387">
    <p class='ocr_par' dir='ltr' id='par_1_77' title="bbox 735 4316 2296 4387">
     <span class='ocr_line' id='line_1_77' title="bbox 735 4316 2296 4387; baseline -0.003 -12"><span class='ocrx_word' id='word_1_543' title='bbox 735 4322 876 4387; x_wconf 88' lang='lat' dir='ltr'><strong>tum)</strong></span> <span class='ocrx_word' id='word_1_544' title='bbox 904 4320 971 4372; x_wconf 85' lang='lat' dir='ltr'><strong>ad</strong></span> <span class='ocrx_word' id='word_1_545' title='bbox 1007 4318 1178 4371; x_wconf 86' lang='lat' dir='ltr'><strong>altare</strong></span> <span class='ocrx_word' id='word_1_546' title='bbox 1205 4317 1507 4379; x_wconf 87' lang='lat' dir='ltr'><strong>celebrans,</strong></span> <span class='ocrx_word' id='word_1_547' title='bbox 1540 4328 1593 4370; x_wconf 90' lang='lat' dir='ltr'><strong>et</strong></span> <span class='ocrx_word' id='word_1_548' title='bbox 1641 4318 1706 4369; x_wconf 85' lang='lat' dir='ltr'><strong>ab</strong></span> <span class='ocrx_word' id='word_1_549' title='bbox 1748 4317 1983 4383; x_wconf 85' lang='lat' dir='ltr'><strong>ejusdem</strong></span> <span class='ocrx_word' id='word_1_550' title='bbox 2029 4316 2296 4371; x_wconf 82' lang='lat' dir='ltr'><strong>sullitione</strong></span> 
     </span>
    </p>
   </div>
   <div class='ocr_carea' id='block_1_78' title="bbox 2398 3310 3969 3384">
    <p class='ocr_par' dir='ltr' id='par_1_78' title="bbox 2398 3310 3969 3384">
     <span class='ocr_line' id='line_1_78' title="bbox 2398 3310 3969 3384; baseline -0.001 -19"><span class='ocrx_word' id='word_1_551' title='bbox 2398 3312 2589 3366; x_wconf 84' lang='grc' dir='ltr'>πασῶν</span> <span class='ocrx_word' id='word_1_552' title='bbox 2619 3310 2726 3364; x_wconf 89' lang='grc' dir='ltr'><strong>τῶν</strong></span> <span class='ocrx_word' id='word_1_553' title='bbox 2752 3310 2910 3366; x_wconf 87' lang='grc' dir='ltr'>θείων</span> <span class='ocrx_word' id='word_1_554' title='bbox 2934 3312 3303 3381; x_wconf 84' lang='grc' dir='ltr'>φωταγωγιῶν</span> <span class='ocrx_word' id='word_1_555' title='bbox 3335 3313 3528 3384; x_wconf 80' lang='grc' dir='ltr'>ἀρχήν.</span> <span class='ocrx_word' id='word_1_556' title='bbox 3567 3312 3629 3364; x_wconf 80' lang='lat' dir='ltr'><strong>El</strong></span> <span class='ocrx_word' id='word_1_557' title='bbox 3653 3311 3758 3381; x_wconf 77' lang='grc' dir='ltr'>γὰρ</span> <span class='ocrx_word' id='word_1_558' title='bbox 3789 3311 3863 3381; x_wconf 79' lang='grc' dir='ltr'>μὴ</span> <span class='ocrx_word' id='word_1_559' title='bbox 3885 3327 3969 3364; x_wconf 85' lang='grc' dir='ltr'>τε-</span> 
     </span>
    </p>
   </div>
   <div class='ocr_carea' id='block_1_79' title="bbox 2396 3399 3958 3472">
    <p class='ocr_par' dir='ltr' id='par_1_79' title="bbox 2396 3399 3958 3472">
     <span class='ocr_line' id='line_1_79' title="bbox 2396 3399 3958 3472; baseline -0.002 -19"><span class='ocrx_word' id='word_1_560' title='bbox 2396 3401 2612 3471; x_wconf 86' lang='grc' dir='ltr'>λεσθείη</span> <span class='ocrx_word' id='word_1_561' title='bbox 2630 3417 2717 3463; x_wconf 88' lang='grc' dir='ltr'><strong>τις</strong></span> <span class='ocrx_word' id='word_1_562' title='bbox 2740 3400 2817 3471; x_wconf 82' lang='grc' dir='ltr'>τῷ</span> <span class='ocrx_word' id='word_1_563' title='bbox 2839 3401 2967 3472; x_wconf 88' lang='grc' dir='ltr'>θείῳ</span> <span class='ocrx_word' id='word_1_564' title='bbox 2994 3400 3346 3472; x_wconf 82' lang='grc' dir='ltr'>βαπτίσματι,</span> <span class='ocrx_word' id='word_1_565' title='bbox 3372 3404 3465 3454; x_wconf 82' lang='grc' dir='ltr'><strong>καὶ</strong></span> <span class='ocrx_word' id='word_1_566' title='bbox 3485 3400 3577 3453; x_wconf 83' lang='grc' dir='ltr'>τοῦ</span> <span class='ocrx_word' id='word_1_567' title='bbox 3602 3399 3846 3453; x_wconf 79' lang='grc' dir='ltr'>ἐντεῦθεν</span> <span class='ocrx_word' id='word_1_568' title='bbox 3864 3416 3958 3467; x_wconf 58' lang='lat' dir='ltr'><strong>cur</strong></span> 
     </span>
    </p>
   </div>
   <div class='ocr_carea' id='block_1_80' title="bbox 2395 3488 3965 3569">
    <p class='ocr_par' dir='ltr' id='par_1_80' title="bbox 2395 3488 3965 3563">
     <span class='ocr_line' id='line_1_80' title="bbox 2395 3488 3965 3563; baseline -0.001 -18"><span class='ocrx_word' id='word_1_569' title='bbox 2395 3493 2590 3563; x_wconf 80' lang='grc' dir='ltr'>τισμοῦ</span> <span class='ocrx_word' id='word_1_570' title='bbox 2614 3492 2993 3563; x_wconf 82' lang='grc' dir='ltr'>καταξιωθείη,</span> <span class='ocrx_word' id='word_1_571' title='bbox 3015 3492 3311 3545; x_wconf 81' lang='grc' dir='ltr'>ού’δύναται</span> <span class='ocrx_word' id='word_1_572' title='bbox 3337 3493 3495 3546; x_wconf 73' lang='grc' dir='ltr'>ἄλλου</span> <span class='ocrx_word' id='word_1_573' title='bbox 3517 3488 3661 3556; x_wconf 86' lang='grc' dir='ltr'>τινὸς</span> <span class='ocrx_word' id='word_1_574' title='bbox 3685 3492 3965 3563; x_wconf 74' lang='grc' dir='ltr'>φωτισμοῦ</span> 
     </span>
    </p>
   </div>
   <div class='ocr_carea' id='block_1_81' title="bbox 2399 3572 3955 3654">
    <p class='ocr_par' dir='ltr' id='par_1_81' title="bbox 2399 3572 3955 3654">
     <span class='ocr_line' id='line_1_81' title="bbox 2399 3572 3955 3654; baseline 0.002 -18"><span class='ocrx_word' id='word_1_575' title='bbox 2399 3586 2627 3654; x_wconf 83' lang='grc' dir='ltr'>μετοχὴν</span> <span class='ocrx_word' id='word_1_576' title='bbox 2664 3584 2932 3650; x_wconf 78' lang='grc' dir='ltr'>δέξασθαι.</span> <span class='ocrx_word' id='word_1_577' title='bbox 2970 3582 3152 3637; x_wconf 78' lang='grc' dir='ltr'>Ταῦτα</span> <span class='ocrx_word' id='word_1_578' title='bbox 3196 3585 3439 3649; x_wconf 79' lang='grc' dir='ltr'>εἰπόντες</span> <span class='ocrx_word' id='word_1_579' title='bbox 3462 3625 3476 3649; x_wconf 92' lang='grc'><strong>,</strong></span> <span class='ocrx_word' id='word_1_580' title='bbox 3522 3572 3821 3654; x_wconf 85' lang='grc' dir='ltr'>κατίδωμεν</span> <span class='ocrx_word' id='word_1_581' title='bbox 3859 3586 3955 3654; x_wconf 78' lang='grc' dir='ltr'><strong>μὲν</strong></span> 
     </span>
    </p>
   </div>
   <div class='ocr_carea' id='block_1_82' title="bbox 2397 3675 3965 3748">
    <p class='ocr_par' dir='ltr' id='par_1_82' title="bbox 2397 3675 3965 3748">
     <span class='ocr_line' id='line_1_82' title="bbox 2397 3675 3965 3748; baseline -0.001 -19"><span class='ocrx_word' id='word_1_582' title='bbox 2397 3677 2534 3739; x_wconf 83' lang='grc' dir='ltr'>τέως</span> <span class='ocrx_word' id='word_1_583' title='bbox 2560 3677 2654 3747; x_wconf 81' lang='grc' dir='ltr'><strong>τὴν</strong></span> <span class='ocrx_word' id='word_1_584' title='bbox 2694 3677 2789 3747; x_wconf 82' lang='grc' dir='ltr'>τῆς</span> <span class='ocrx_word' id='word_1_585' title='bbox 2833 3676 3084 3748; x_wconf 81' lang='grc' dir='ltr'>τοιαύτης</span> <span class='ocrx_word' id='word_1_586' title='bbox 3117 3676 3333 3746; x_wconf 80' lang='grc' dir='ltr'>τελετῆς</span> <span class='ocrx_word' id='word_1_587' title='bbox 3364 3676 3688 3747; x_wconf 78' lang='grc' dir='ltr'>ἱερουργίαν,</span> <span class='ocrx_word' id='word_1_588' title='bbox 3724 3675 3965 3747; x_wconf 81' lang='grc' dir='ltr'>δηλονότι</span> 
     </span>
    </p>
   </div>
   <div class='ocr_carea' id='block_1_83' title="bbox 2400 3752 3963 3838">
    <p class='ocr_par' dir='ltr' id='par_1_83' title="bbox 2400 3752 3963 3838">
     <span class='ocr_line' id='line_1_83' title="bbox 2400 3752 3963 3838; baseline 0.001 -20"><span class='ocrx_word' id='word_1_589' title='bbox 2400 3767 2547 3829; x_wconf 80' lang='grc' dir='ltr'>ὅπως</span> <span class='ocrx_word' id='word_1_590' title='bbox 2576 3752 2807 3819; x_wconf 81' lang='grc' dir='ltr'>τελεῖται</span> <span class='ocrx_word' id='word_1_591' title='bbox 2827 3768 2887 3819; x_wconf 88' lang='grc' dir='ltr'><strong>τὸ</strong></span> <span class='ocrx_word' id='word_1_592' title='bbox 2920 3768 3342 3838; x_wconf 53' lang='grc' dir='ltr'>μυστήριονμτῆς·</span> <span class='ocrx_word' id='word_1_593' title='bbox 3361 3767 3649 3832; x_wconf 80' lang='grc' dir='ltr'>συνάξεως,</span> <span class='ocrx_word' id='word_1_594' title='bbox 3676 3768 3963 3837; x_wconf 74' lang='grc' dir='ltr'>μετέπειτα</span> 
     </span>
    </p>
   </div>
   <div class='ocr_carea' id='block_1_84' title="bbox 2402 3856 3372 3933">
    <p class='ocr_par' dir='ltr' id='par_1_84' title="bbox 2402 3856 3372 3933">
     <span class='ocr_line' id='line_1_84' title="bbox 2402 3856 3372 3933; baseline 0.002 -24"><span class='ocrx_word' id='word_1_595' title='bbox 2402 3856 2456 3909; x_wconf 88' lang='grc' dir='ltr'>δὲ</span> <span class='ocrx_word' id='word_1_596' title='bbox 2491 3857 2557 3909; x_wconf 87' lang='grc' dir='ltr'>τὰ</span> <span class='ocrx_word' id='word_1_597' title='bbox 2580 3858 2679 3927; x_wconf 77' lang='grc' dir='ltr'>τῆς</span> <span class='ocrx_word' id='word_1_598' title='bbox 2716 3858 2943 3933; x_wconf 81' lang='grc' dir='ltr'>θεωρίας</span> <span class='ocrx_word' id='word_1_599' title='bbox 2979 3860 3372 3930; x_wconf 81' lang='grc' dir='ltr'>ὲρευνήσωμεν.</span> 
     </span>
    </p>
   </div>
   <div class='ocr_carea' id='block_1_85' title="bbox 2854 3936 3955 4017">
    <p class='ocr_par' dir='ltr' id='par_1_85' title="bbox 2854 3936 3955 4017">
     <span class='ocr_line' id='line_1_85' title="bbox 2854 3936 3955 4017; baseline -0.004 -13"><span class='ocrx_word' id='word_1_600' title='bbox 2854 3936 2938 4017; x_wconf 71' lang='lat' dir='ltr'><strong>tr;</strong></span> <span class='ocrx_word' id='word_1_601' title='bbox 3008 3951 3197 4013; x_wconf 77' lang='lat' dir='ltr'><strong>deinde</strong></span> <span class='ocrx_word' id='word_1_602' title='bbox 3272 3966 3402 4007; x_wconf 78' lang='lat' dir='ltr'><strong>vero</strong></span> <span class='ocrx_word' id='word_1_603' title='bbox 3454 3946 3955 4017; x_wconf 81' lang='lat' dir='ltr'><strong>contentplationen.</strong></span> 
     </span>
    </p>
   </div>
   <div class='ocr_carea' id='block_1_86' title="bbox 2772 4137 3579 4207">
    <p class='ocr_par' dir='ltr' id='par_1_86' title="bbox 2772 4137 3579 4207">
     <span class='ocr_line' id='line_1_86' title="bbox 2772 4137 3579 4207; baseline 0.001 -16"><span class='ocrx_word' id='word_1_604' title='bbox 2772 4138 2837 4191; x_wconf 87' lang='lat' dir='ltr'><strong>ll.</strong></span> <span class='ocrx_word' id='word_1_605' title='bbox 2877 4138 3223 4207; x_wconf 79' lang='grc' dir='ltr'>Μυστήριον</span> <span class='ocrx_word' id='word_1_606' title='bbox 3254 4137 3579 4205; x_wconf 76' lang='grc' dir='ltr'>συνὸξεως.</span> 
     </span>
    </p>
   </div>
   <div class='ocr_carea' id='block_1_87' title="bbox 2486 4229 3959 4303">
    <p class='ocr_par' dir='ltr' id='par_1_87' title="bbox 2486 4229 3959 4303">
     <span class='ocr_line' id='line_1_87' title="bbox 2486 4229 3959 4303; baseline 0 -20"><span class='ocrx_word' id='word_1_607' title='bbox 2486 4231 2541 4283; x_wconf 89' lang='grc' dir='ltr'>Ὁ</span> <span class='ocrx_word' id='word_1_608' title='bbox 2574 4233 2669 4300; x_wconf 84' lang='grc' dir='ltr'><strong>μὲν</strong></span> <span class='ocrx_word' id='word_1_609' title='bbox 2702 4232 2979 4303; x_wconf 71' lang='grc' dir='ltr'>ἱερὰρχης,</span> <span class='ocrx_word' id='word_1_610' title='bbox 3017 4232 3180 4301; x_wconf 82' lang='grc' dir='ltr'>εὐχὴν</span> <span class='ocrx_word' id='word_1_611' title='bbox 3208 4232 3358 4301; x_wconf 86' lang='grc' dir='ltr'>ίερὰν</span> <span class='ocrx_word' id='word_1_612' title='bbox 3386 4232 3533 4294; x_wconf 80' lang='grc' dir='ltr'>ἐντὸς</span> <span class='ocrx_word' id='word_1_613' title='bbox 3564 4229 3654 4285; x_wconf 78' lang='grc' dir='ltr'>τοῦ</span> <span class='ocrx_word' id='word_1_614' title='bbox 3681 4229 3959 4303; x_wconf 80' lang='grc' dir='ltr'>θυσιαστη-</span> 
     </span>
    </p>
   </div>
   <div class='ocr_carea' id='block_1_88' title="bbox 2403 4318 3953 4394">
    <p class='ocr_par' dir='ltr' id='par_1_88' title="bbox 2403 4318 3953 4394">
     <span class='ocr_line' id='line_1_88' title="bbox 2403 4318 3953 4394; baseline -0.001 -21"><span class='ocrx_word' id='word_1_615' title='bbox 2403 4322 2515 4394; x_wconf 88' lang='grc' dir='ltr'>ρίου</span> <span class='ocrx_word' id='word_1_616' title='bbox 2550 4324 2929 4393; x_wconf 81' lang='grc' dir='ltr'>ποιησάμενος,</span> <span class='ocrx_word' id='word_1_617' title='bbox 2979 4323 3164 4391; x_wconf 64' lang='grc' dir='ltr'>(αύτὸν</span> <span class='ocrx_word' id='word_1_618' title='bbox 3207 4322 3269 4392; x_wconf 84' lang='grc' dir='ltr'>δὴ</span> <span class='ocrx_word' id='word_1_619' title='bbox 3308 4318 3459 4393; x_wconf 77' lang='grc' dir='ltr'>οἶμαι</span> <span class='ocrx_word' id='word_1_620' title='bbox 3503 4322 3592 4375; x_wconf 87' lang='grc' dir='ltr'><strong>τὸν</strong></span> <span class='ocrx_word' id='word_1_621' title='bbox 3629 4320 3953 4391; x_wconf 80' lang='grc' dir='ltr'>εύλογητόν,)</span> 
     </span>
    </p>
   </div>
   <div class='ocr_carea' id='block_1_89' title="bbox 736 4409 2302 4485">
    <p class='ocr_par' dir='ltr' id='par_1_89' title="bbox 736 4409 2297 4477">
     <span class='ocr_line' id='line_1_89' title="bbox 736 4409 2297 4477; baseline -0.003 -10"><span class='ocrx_word' id='word_1_622' title='bbox 736 4413 951 4467; x_wconf 87' lang='lat' dir='ltr'><strong>initium</strong></span> <span class='ocrx_word' id='word_1_623' title='bbox 1003 4409 1236 4472; x_wconf 80' lang='lat' dir='ltr'><strong>iaciens,</strong></span> <span class='ocrx_word' id='word_1_624' title='bbox 1283 4410 1594 4461; x_wconf 85' lang='lat' dir='ltr'><strong>universqu</strong></span> <span class='ocrx_word' id='word_1_625' title='bbox 1649 4409 1829 4477; x_wconf 90' lang='lat' dir='ltr'><strong>templi</strong></span> <span class='ocrx_word' id='word_1_626' title='bbox 1876 4411 2134 4463; x_wconf 87' lang='lat' dir='ltr'><strong>ambitum</strong></span> <span class='ocrx_word' id='word_1_627' title='bbox 2188 4410 2297 4462; x_wconf 89' lang='lat' dir='ltr'><strong>cir-</strong></span> 
     </span>
    </p>
   </div>
   <div class='ocr_carea' id='block_1_90' title="bbox 2406 4409 3936 4485">
    <p class='ocr_par' dir='ltr' id='par_1_90' title="bbox 2406 4412 3936 4485">
     <span class='ocr_line' id='line_1_90' title="bbox 2406 4412 3936 4485; baseline 0 -18"><span class='ocrx_word' id='word_1_628' title='bbox 2406 4415 2493 4467; x_wconf 78' lang='grc' dir='ltr'>καὶ</span> <span class='ocrx_word' id='word_1_629' title='bbox 2520 4414 2577 4481; x_wconf 79' lang='grc' dir='ltr'>ἐξ</span> <span class='ocrx_word' id='word_1_630' title='bbox 2599 4415 2762 4467; x_wconf 79' lang='grc' dir='ltr'>αὑτοῦ</span> <span class='ocrx_word' id='word_1_631' title='bbox 2785 4414 2877 4467; x_wconf 79' lang='grc' dir='ltr'><strong>τοῦ</strong></span> <span class='ocrx_word' id='word_1_632' title='bbox 2917 4415 3115 4485; x_wconf 81' lang='grc' dir='ltr'>θυμιᾷν</span> <span class='ocrx_word' id='word_1_633' title='bbox 3136 4413 3454 4483; x_wconf 83' lang='grc' dir='ltr'>ἀρξάμενος,</span> <span class='ocrx_word' id='word_1_634' title='bbox 3484 4412 3831 4484; x_wconf 84' lang='grc' dir='ltr'>περιέρχεται</span> <span class='ocrx_word' id='word_1_635' title='bbox 3861 4415 3936 4467; x_wconf 72' lang='grc' dir='ltr'>πᾶ</span> 
     </span>
    </p>
   </div>
   <div class='ocr_carea' id='block_1_91' title="bbox 735 4483 2302 4577">
    <p class='ocr_par' dir='ltr' id='par_1_91' title="bbox 735 4497 2291 4562">
     <span class='ocr_line' id='line_1_91' title="bbox 735 4497 2291 4562; baseline -0.004 -5"><span class='ocrx_word' id='word_1_636' title='bbox 735 4503 892 4557; x_wconf 88' lang='lat' dir='ltr'><strong>cuit:</strong></span> <span class='ocrx_word' id='word_1_637' title='bbox 937 4499 1133 4553; x_wconf 73' lang='lat' dir='ltr'><strong>exinde</strong></span> <span class='ocrx_word' id='word_1_638' title='bbox 1193 4513 1405 4551; x_wconf 89' lang='lat' dir='ltr'><strong>rursum</strong></span> <span class='ocrx_word' id='word_1_639' title='bbox 1451 4498 1517 4550; x_wconf 89' lang='lat' dir='ltr'><strong>ad</strong></span> <span class='ocrx_word' id='word_1_640' title='bbox 1559 4498 1799 4550; x_wconf 88' lang='lat' dir='ltr'><strong>divinum</strong></span> <span class='ocrx_word' id='word_1_641' title='bbox 1836 4497 2009 4552; x_wconf 87' lang='lat' dir='ltr'><strong>altare</strong></span> <span class='ocrx_word' id='word_1_642' title='bbox 2060 4498 2291 4562; x_wconf 88' lang='lat' dir='ltr'><strong>rediens,</strong></span> 
     </span>
    </p>
   </div>
   <div class='ocr_carea' id='block_1_92' title="bbox 2406 4483 3953 4577">
    <p class='ocr_par' dir='ltr' id='par_1_92' title="bbox 2406 4494 3953 4577">
     <span class='ocr_line' id='line_1_92' title="bbox 2406 4494 3953 4577; baseline 0 -19"><span class='ocrx_word' id='word_1_643' title='bbox 2406 4494 2500 4558; x_wconf 83' lang='grc' dir='ltr'><strong>σαν</strong></span> <span class='ocrx_word' id='word_1_644' title='bbox 2523 4506 2621 4562; x_wconf 68' lang='grc' dir='ltr'><strong>τὴν</strong></span> <span class='ocrx_word' id='word_1_645' title='bbox 2651 4507 2907 4577; x_wconf 74' lang='grc' dir='ltr'>περιοχὴν</span> <span class='ocrx_word' id='word_1_646' title='bbox 2927 4505 3019 4557; x_wconf 83' lang='grc' dir='ltr'>τοῦ</span> <span class='ocrx_word' id='word_1_647' title='bbox 3047 4504 3193 4557; x_wconf 77' lang='grc' dir='ltr'>ναοῦ·</span> <span class='ocrx_word' id='word_1_648' title='bbox 3222 4501 3358 4568; x_wconf 77' lang='grc' dir='ltr'>εἶτα,</span> <span class='ocrx_word' id='word_1_649' title='bbox 3388 4504 3653 4567; x_wconf 84' lang='grc' dir='ltr'>ἀναλύσας</span> <span class='ocrx_word' id='word_1_650' title='bbox 3683 4504 3841 4558; x_wconf 83' lang='grc' dir='ltr'>πάλιν</span> <span class='ocrx_word' id='word_1_651' title='bbox 3864 4506 3953 4558; x_wconf 76' lang='grc' dir='ltr'><strong>ἐπὶ</strong></span> 
     </span>
    </p>
   </div>
   <div class='ocr_carea' id='block_1_93' title="bbox 734 4587 2292 4657">
    <p class='ocr_par' dir='ltr' id='par_1_93' title="bbox 734 4587 2292 4657">
     <span class='ocr_line' id='line_1_93' title="bbox 734 4587 2292 4657; baseline -0.004 -10"><span class='ocrx_word' id='word_1_652' title='bbox 734 4609 841 4647; x_wconf 91' lang='lat' dir='ltr'><strong>una</strong></span> <span class='ocrx_word' id='word_1_653' title='bbox 871 4606 992 4646; x_wconf 90' lang='lat' dir='ltr'><strong>cum</strong></span> <span class='ocrx_word' id='word_1_654' title='bbox 1021 4590 1143 4645; x_wconf 90' lang='lat' dir='ltr'><strong>aliis</strong></span> <span class='ocrx_word' id='word_1_655' title='bbox 1180 4588 1301 4642; x_wconf 81' lang='lat' dir='ltr'><strong>iniit</strong></span> <span class='ocrx_word' id='word_1_656' title='bbox 1344 4587 1668 4656; x_wconf 89' lang='lat' dir='ltr'><strong>psalmorum</strong></span> <span class='ocrx_word' id='word_1_657' title='bbox 1704 4587 1910 4642; x_wconf 89' lang='lat' dir='ltr'><strong>melos:</strong></span> <span class='ocrx_word' id='word_1_658' title='bbox 1948 4598 2133 4657; x_wconf 84' lang='lat' dir='ltr'><strong>postea</strong></span> <span class='ocrx_word' id='word_1_659' title='bbox 2168 4604 2292 4641; x_wconf 86' lang='lat' dir='ltr'><strong>vero</strong></span> 
     </span>
    </p>
   </div>
   <div class='ocr_carea' id='block_1_94' title="bbox 735 4678 2291 4756">
    <p class='ocr_par' dir='ltr' id='par_1_94' title="bbox 735 4678 2291 4756">
     <span class='ocr_line' id='line_1_94' title="bbox 735 4678 2291 4756; baseline -0.006 -16"><span class='ocrx_word' id='word_1_660' title='bbox 735 4700 836 4756; x_wconf 91' lang='lat' dir='ltr'><strong>per</strong></span> <span class='ocrx_word' id='word_1_661' title='bbox 863 4687 1092 4739; x_wconf 87' lang='lat' dir='ltr'><strong>lectores</strong></span> <span class='ocrx_word' id='word_1_662' title='bbox 1140 4683 1263 4751; x_wconf 89' lang='lat' dir='ltr'><strong>(hos</strong></span> <span class='ocrx_word' id='word_1_663' title='bbox 1317 4679 1543 4749; x_wconf 76' lang='lat' dir='ltr'><strong>liturgos</strong></span> <span class='ocrx_word' id='word_1_664' title='bbox 1583 4678 1762 4748; x_wconf 85' lang='lat' dir='ltr'><strong>vocat)</strong></span> <span class='ocrx_word' id='word_1_665' title='bbox 1804 4679 2103 4733; x_wconf 87' lang='lat' dir='ltr'><strong>divinarum</strong></span> <span class='ocrx_word' id='word_1_666' title='bbox 2146 4680 2291 4734; x_wconf 87' lang='lat' dir='ltr'><strong>Scri-</strong></span> 
     </span>
    </p>
   </div>
   <div class='ocr_carea' id='block_1_95' title="bbox 735 4770 2290 4847">
    <p class='ocr_par' dir='ltr' id='par_1_95' title="bbox 735 4770 2290 4847">
     <span class='ocr_line' id='line_1_95' title="bbox 735 4770 2290 4847; baseline -0.004 -18"><span class='ocrx_word' id='word_1_667' title='bbox 735 4788 1036 4847; x_wconf 88' lang='lat' dir='ltr'><strong>pturarum,</strong></span> <span class='ocrx_word' id='word_1_668' title='bbox 1075 4775 1142 4826; x_wconf 83' lang='lat' dir='ltr'><strong>ut</strong></span> <span class='ocrx_word' id='word_1_669' title='bbox 1165 4770 1608 4841; x_wconf 85' lang='lat' dir='ltr'><strong>Prophetiarutn,</strong></span> <span class='ocrx_word' id='word_1_670' title='bbox 1658 4770 1884 4837; x_wconf 82' lang='lat' dir='ltr'><strong>apostoli</strong></span> <span class='ocrx_word' id='word_1_671' title='bbox 1920 4781 1973 4824; x_wconf 89' lang='lat' dir='ltr'><strong>et</strong></span> <span class='ocrx_word' id='word_1_672' title='bbox 2019 4770 2290 4840; x_wconf 78' lang='lat' dir='ltr'><strong>Evangelii</strong></span> 
     </span>
    </p>
   </div>
   <div class='ocr_carea' id='block_1_96' title="bbox 738 4861 2293 4930">
    <p class='ocr_par' dir='ltr' id='par_1_96' title="bbox 738 4861 2293 4930">
     <span class='ocr_line' id='line_1_96' title="bbox 738 4861 2293 4930; baseline -0.005 -7"><span class='ocrx_word' id='word_1_673' title='bbox 738 4864 910 4923; x_wconf 76' lang='lat' dir='ltr'><strong>divini</strong></span> <span class='ocrx_word' id='word_1_674' title='bbox 944 4863 1105 4921; x_wconf 87' lang='lat' dir='ltr'><strong>lectio</strong></span> <span class='ocrx_word' id='word_1_675' title='bbox 1133 4865 1422 4920; x_wconf 88' lang='lat' dir='ltr'><strong>recitatur:</strong></span> <span class='ocrx_word' id='word_1_676' title='bbox 1454 4861 1761 4930; x_wconf 61' lang='lat' dir='ltr'><strong>qua‘iinita,</strong></span> <span class='ocrx_word' id='word_1_677' title='bbox 1793 4864 2161 4915; x_wconf 77' lang='lat' dir='ltr'><strong>cateclmmeni</strong></span> <span class='ocrx_word' id='word_1_678' title='bbox 2205 4878 2293 4915; x_wconf 90' lang='lat' dir='ltr'><strong>ar-</strong></span> 
     </span>
    </p>
   </div>
   <div class='ocr_carea' id='block_1_97' title="bbox 735 4950 2293 5019">
    <p class='ocr_par' dir='ltr' id='par_1_97' title="bbox 735 4950 2293 5019">
     <span class='ocr_line' id='line_1_97' title="bbox 735 4950 2293 5019; baseline -0.004 -8"><span class='ocrx_word' id='word_1_679' title='bbox 735 4969 947 5019; x_wconf 89' lang='lat' dir='ltr'><strong>centur,</strong></span> <span class='ocrx_word' id='word_1_680' title='bbox 998 4965 1049 5007; x_wconf 87' lang='lat' dir='ltr'><strong>et</strong></span> <span class='ocrx_word' id='word_1_681' title='bbox 1104 4961 1227 5008; x_wconf 83' lang='lat' dir='ltr'><strong>ante</strong></span> <span class='ocrx_word' id='word_1_682' title='bbox 1269 4953 1365 5007; x_wconf 91' lang='lat' dir='ltr'><strong>hos</strong></span> <span class='ocrx_word' id='word_1_683' title='bbox 1414 4950 1785 5018; x_wconf 43' lang='lat' dir='ltr'><strong>e‘nergnmeni,</strong></span> <span class='ocrx_word' id='word_1_684' title='bbox 1832 4953 1919 5019; x_wconf 89' lang='lat' dir='ltr'><strong>qui</strong></span> <span class='ocrx_word' id='word_1_685' title='bbox 1963 4953 2215 5005; x_wconf 88' lang='lat' dir='ltr'><strong>nimirum</strong></span> <span class='ocrx_word' id='word_1_686' title='bbox 2264 4968 2293 5005; x_wconf 89' lang='lat' dir='ltr'><strong>a</strong></span> 
     </span>
    </p>
   </div>
   <div class='ocr_carea' id='block_1_98' title="bbox 736 5043 2295 5110">
    <p class='ocr_par' dir='ltr' id='par_1_98' title="bbox 736 5043 2295 5110">
     <span class='ocr_line' id='line_1_98' title="bbox 736 5043 2295 5110; baseline -0.004 -8"><span class='ocrx_word' id='word_1_687' title='bbox 736 5049 1071 5102; x_wconf 60' lang='lat' dir='ltr'><strong>damonibus</strong></span> <span class='ocrx_word' id='word_1_688' title='bbox 1114 5045 1453 5105; x_wconf 78' lang='lat' dir='ltr'><strong>infestantur,</strong></span> <span class='ocrx_word' id='word_1_689' title='bbox 1480 5053 1532 5095; x_wconf 93' lang='lat' dir='ltr'><strong>et</strong></span> <span class='ocrx_word' id='word_1_690' title='bbox 1560 5043 1920 5110; x_wconf 71' lang='lat' dir='ltr'><strong>ptenitentes;</strong></span> <span class='ocrx_word' id='word_1_691' title='bbox 1952 5054 2169 5096; x_wconf 88' lang='lat' dir='ltr'><strong>manent</strong></span> <span class='ocrx_word' id='word_1_692' title='bbox 2200 5060 2295 5095; x_wconf 85' lang='lat' dir='ltr'><strong>au-</strong></span> 
     </span>
    </p>
   </div>
   <div class='ocr_carea' id='block_1_99' title="bbox 738 5126 2290 5207">
    <p class='ocr_par' dir='ltr' id='par_1_99' title="bbox 738 5126 2290 5207">
     <span class='ocr_line' id='line_1_99' title="bbox 738 5126 2290 5207; baseline -0.004 -14"><span class='ocrx_word' id='word_1_693' title='bbox 738 5150 844 5193; x_wconf 90' lang='lat' dir='ltr'><strong>tem</strong></span> <span class='ocrx_word' id='word_1_694' title='bbox 876 5138 966 5207; x_wconf 88' lang='lat' dir='ltr'><strong>qui</strong></span> <span class='ocrx_word' id='word_1_695' title='bbox 1013 5136 1156 5207; x_wconf 74' lang='lat' dir='ltr'><strong>digni</strong></span> <span class='ocrx_word' id='word_1_696' title='bbox 1201 5146 1344 5190; x_wconf 85' lang='lat' dir='ltr'><strong>sunt.</strong></span> <span class='ocrx_word' id='word_1_697' title='bbox 1379 5134 1548 5189; x_wconf 86' lang='lat' dir='ltr'><strong>Porro</strong></span> <span class='ocrx_word' id='word_1_698' title='bbox 1584 5150 1614 5187; x_wconf 92' lang='lat' dir='ltr'><strong>e</strong></span> <span class='ocrx_word' id='word_1_699' title='bbox 1653 5136 1883 5203; x_wconf 81' lang='lat' dir='ltr'><strong>liturgis,</strong></span> <span class='ocrx_word' id='word_1_700' title='bbox 1926 5126 2290 5189; x_wconf 11' lang='lat' dir='ltr'><strong>ssiti‘bdiaconi-</strong></span> 
     </span>
    </p>
   </div>
   <div class='ocr_carea' id='block_1_100' title="bbox 735 5208 2292 5293">
    <p class='ocr_par' dir='ltr' id='par_1_100' title="bbox 735 5208 2292 5293">
     <span class='ocr_line' id='line_1_100' title="bbox 735 5208 2292 5293; baseline -0.001 -12"><span class='ocrx_word' id='word_1_701' title='bbox 735 5230 836 5281; x_wconf 84' lang='lat' dir='ltr'><strong>bus</strong></span> <span class='ocrx_word' id='word_1_702' title='bbox 862 5228 1101 5293; x_wconf 82' lang='lat' dir='ltr'><strong>inquam,</strong></span> <span class='ocrx_word' id='word_1_703' title='bbox 1132 5225 1220 5278; x_wconf 85' lang='lat' dir='ltr'><strong>alii</strong></span> <span class='ocrx_word' id='word_1_704' title='bbox 1249 5208 1460 5293; x_wconf 83' lang='lat' dir='ltr'><strong>quidem</strong></span> <span class='ocrx_word' id='word_1_705' title='bbox 1497 5224 1640 5279; x_wconf 80' lang='lat' dir='ltr'><strong>fores</strong></span> <span class='ocrx_word' id='word_1_706' title='bbox 1674 5225 2001 5287; x_wconf 89' lang='lat' dir='ltr'><strong>custodiunt,</strong></span> <span class='ocrx_word' id='word_1_707' title='bbox 2044 5226 2133 5279; x_wconf 89' lang='lat' dir='ltr'><strong>alii</strong></span> <span class='ocrx_word' id='word_1_708' title='bbox 2166 5241 2292 5279; x_wconf 83' lang='lat' dir='ltr'><strong>vero</strong></span> 
     </span>
    </p>
   </div>
   <div class='ocr_carea' id='block_1_101' title="bbox 737 5314 2291 5391">
    <p class='ocr_par' dir='ltr' id='par_1_101' title="bbox 737 5314 2291 5391">
     <span class='ocr_line' id='line_1_101' title="bbox 737 5314 2291 5391; baseline -0.005 -16"><span class='ocrx_word' id='word_1_709' title='bbox 737 5320 881 5375; x_wconf 88' lang='lat' dir='ltr'><strong>aliud</strong></span> <span class='ocrx_word' id='word_1_710' title='bbox 936 5316 1211 5385; x_wconf 89' lang='lat' dir='ltr'><strong>quidpiam</strong></span> <span class='ocrx_word' id='word_1_711' title='bbox 1262 5325 1458 5383; x_wconf 81' lang='lat' dir='ltr'><strong>agunt;</strong></span> <span class='ocrx_word' id='word_1_712' title='bbox 1503 5314 1607 5391; x_wconf 90' lang='lat' dir='ltr'><strong>qui</strong></span> <span class='ocrx_word' id='word_1_713' title='bbox 1639 5326 1813 5367; x_wconf 88' lang='lat' dir='ltr'><strong>autem</strong></span> <span class='ocrx_word' id='word_1_714' title='bbox 1862 5315 2100 5383; x_wconf 87' lang='lat' dir='ltr'><strong>primarii</strong></span> <span class='ocrx_word' id='word_1_715' title='bbox 2147 5328 2291 5378; x_wconf 88' lang='lat' dir='ltr'><strong>sunt,</strong></span> 
     </span>
    </p>
   </div>
   <div class='ocr_carea' id='block_1_102' title="bbox 736 5406 2290 5473">
    <p class='ocr_par' dir='ltr' id='par_1_102' title="bbox 736 5406 2290 5473">
     <span class='ocr_line' id='line_1_102' title="bbox 736 5406 2290 5473; baseline -0.005 -5"><span class='ocrx_word' id='word_1_716' title='bbox 736 5413 946 5468; x_wconf 87' lang='lat' dir='ltr'><strong>scilicet</strong></span> <span class='ocrx_word' id='word_1_717' title='bbox 973 5411 1212 5473; x_wconf 82' lang='lat' dir='ltr'><strong>diaconi,</strong></span> <span class='ocrx_word' id='word_1_718' title='bbox 1242 5423 1344 5461; x_wconf 87' lang='lat' dir='ltr'><strong>una</strong></span> <span class='ocrx_word' id='word_1_719' title='bbox 1389 5421 1510 5460; x_wconf 91' lang='lat' dir='ltr'><strong>cum</strong></span> <span class='ocrx_word' id='word_1_720' title='bbox 1537 5406 1906 5461; x_wconf 88' lang='lat' dir='ltr'><strong>sacerdotibus</strong></span> <span class='ocrx_word' id='word_1_721' title='bbox 1936 5408 2113 5461; x_wconf 86' lang='lat' dir='ltr'><strong>divino</strong></span> <span class='ocrx_word' id='word_1_722' title='bbox 2139 5408 2290 5461; x_wconf 84' lang='lat' dir='ltr'><strong>altari</strong></span> 
     </span>
    </p>
   </div>
   <div class='ocr_carea' id='block_1_103' title="bbox 737 5499 2290 5575">
    <p class='ocr_par' dir='ltr' id='par_1_103' title="bbox 737 5499 2290 5575">
     <span class='ocr_line' id='line_1_103' title="bbox 737 5499 2290 5575; baseline -0.002 -19"><span class='ocrx_word' id='word_1_723' title='bbox 737 5519 929 5575; x_wconf 84' lang='lat' dir='ltr'><strong>panem</strong></span> <span class='ocrx_word' id='word_1_724' title='bbox 960 5516 1193 5563; x_wconf 88' lang='lat' dir='ltr'><strong>sacrum,</strong></span> <span class='ocrx_word' id='word_1_725' title='bbox 1226 5510 1278 5553; x_wconf 88' lang='lat' dir='ltr'><strong>et</strong></span> <span class='ocrx_word' id='word_1_726' title='bbox 1307 5499 1527 5552; x_wconf 86' lang='lat' dir='ltr'><strong>calicem</strong></span> <span class='ocrx_word' id='word_1_727' title='bbox 1564 5500 1956 5555; x_wconf 88' lang='lat' dir='ltr'><strong>benedictionis</strong></span> <span class='ocrx_word' id='word_1_728' title='bbox 1990 5502 2290 5570; x_wconf 89' lang='lat' dir='ltr'><strong>imponunt,</strong></span> 
     </span>
    </p>
   </div>
   <div class='ocr_carea' id='block_1_104' title="bbox 736 5591 2291 5662">
    <p class='ocr_par' dir='ltr' id='par_1_104' title="bbox 736 5591 2291 5662">
     <span class='ocr_line' id='line_1_104' title="bbox 736 5591 2291 5662; baseline -0.003 -13"><span class='ocrx_word' id='word_1_729' title='bbox 736 5607 790 5649; x_wconf 87' lang='lat' dir='ltr'><strong>et</strong></span> <span class='ocrx_word' id='word_1_730' title='bbox 815 5595 1006 5648; x_wconf 84' lang='lat' dir='ltr'><strong>deinde</strong></span> <span class='ocrx_word' id='word_1_731' title='bbox 1052 5594 1357 5645; x_wconf 87' lang='lat' dir='ltr'><strong>communis</strong></span> <span class='ocrx_word' id='word_1_732' title='bbox 1398 5591 1740 5660; x_wconf 81' lang='lat' dir='ltr'><strong>hymnologia</strong></span> <span class='ocrx_word' id='word_1_733' title='bbox 1776 5592 2082 5662; x_wconf 79' lang='lat' dir='ltr'><strong>profertur;</strong></span> <span class='ocrx_word' id='word_1_734' title='bbox 2130 5593 2291 5645; x_wconf 86' lang='lat' dir='ltr'><strong>habe-</strong></span> 
     </span>
    </p>
   </div>
   <div class='ocr_carea' id='block_1_105' title="bbox 738 5685 2289 5758">
    <p class='ocr_par' dir='ltr' id='par_1_105' title="bbox 738 5685 2289 5758">
     <span class='ocr_line' id='line_1_105' title="bbox 738 5685 2289 5758; baseline -0.001 -17"><span class='ocrx_word' id='word_1_735' title='bbox 738 5689 867 5742; x_wconf 82' lang='lat' dir='ltr'><strong>bant</strong></span> <span class='ocrx_word' id='word_1_736' title='bbox 907 5687 1047 5739; x_wconf 84' lang='lat' dir='ltr'><strong>enim</strong></span> <span class='ocrx_word' id='word_1_737' title='bbox 1083 5692 1242 5741; x_wconf 68' lang='lat' dir='ltr'><strong>ct‘aln</strong></span> <span class='ocrx_word' id='word_1_738' title='bbox 1267 5699 1375 5743; x_wconf 84' lang='lat' dir='ltr'><strong>tum</strong></span> <span class='ocrx_word' id='word_1_739' title='bbox 1414 5688 1625 5758; x_wconf 83' lang='lat' dir='ltr'><strong>aliquod</strong></span> <span class='ocrx_word' id='word_1_740' title='bbox 1663 5690 2037 5743; x_wconf 81' lang='lat' dir='ltr'><strong>documentum</strong></span> <span class='ocrx_word' id='word_1_741' title='bbox 2072 5700 2131 5739; x_wconf 89' lang='lat' dir='ltr'><strong>ac</strong></span> <span class='ocrx_word' id='word_1_742' title='bbox 2170 5685 2289 5739; x_wconf 79' lang='lat' dir='ltr'><strong>ﬁdei</strong></span> 
     </span>
    </p>
   </div>
   <div class='ocr_carea' id='block_1_106' title="bbox 799 5779 1135 5843">
    <p class='ocr_par' dir='ltr' id='par_1_106' title="bbox 799 5779 1135 5843">
     <span class='ocr_line' id='line_1_106' title="bbox 799 5779 1135 5843; baseline -0.006 -12"><span class='ocrx_word' id='word_1_743' title='bbox 799 5785 814 5800; x_wconf 86' lang='lat'><strong><em>‘</em></strong></span> <span class='ocrx_word' id='word_1_744' title='bbox 848 5782 987 5843; x_wconf 76' lang='grc' dir='ltr'>ἴσως</span> <span class='ocrx_word' id='word_1_745' title='bbox 1014 5779 1135 5829; x_wconf 86' lang='grc' dir='ltr'>τῶν.</span> 
     </span>
    </p>
   </div>
   <div class='ocr_carea' id='block_1_107' title="bbox 2402 4595 3948 4669">
    <p class='ocr_par' dir='ltr' id='par_1_107' title="bbox 2402 4595 3948 4669">
     <span class='ocr_line' id='line_1_107' title="bbox 2402 4595 3948 4669; baseline -0.001 -20"><span class='ocrx_word' id='word_1_746' title='bbox 2402 4600 2463 4651; x_wconf 86' lang='grc' dir='ltr'><strong>τὸ</strong></span> <span class='ocrx_word' id='word_1_747' title='bbox 2484 4598 2622 4650; x_wconf 84' lang='grc' dir='ltr'>θεῖον</span> <span class='ocrx_word' id='word_1_748' title='bbox 2642 4598 3043 4669; x_wconf 78' lang='grc' dir='ltr'>θυσιαστήριον,</span> <span class='ocrx_word' id='word_1_749' title='bbox 3062 4596 3366 4667; x_wconf 86' lang='grc' dir='ltr'>ἀπάρχεται</span> <span class='ocrx_word' id='word_1_750' title='bbox 3382 4595 3527 4666; x_wconf 69' lang='grc' dir='ltr'>μετὰ</span> <span class='ocrx_word' id='word_1_751' title='bbox 3542 4595 3647 4647; x_wconf 84' lang='grc' dir='ltr'><strong>τῶν</strong></span> <span class='ocrx_word' id='word_1_752' title='bbox 3663 4595 3831 4649; x_wconf 74' lang='grc' dir='ltr'>ἄλλων</span> <span class='ocrx_word' id='word_1_753' title='bbox 3851 4595 3948 4665; x_wconf 84' lang='grc' dir='ltr'>τῆς</span> 
     </span>
    </p>
   </div>
   <div class='ocr_carea' id='block_1_108' title="bbox 2395 4684 3949 4758">
    <p class='ocr_par' dir='ltr' id='par_1_108' title="bbox 2395 4684 3949 4758">
     <span class='ocr_line' id='line_1_108' title="bbox 2395 4684 3949 4758; baseline -0.001 -19"><span class='ocrx_word' id='word_1_754' title='bbox 2395 4688 2725 4757; x_wconf 70' lang='grc' dir='ltr'>ψαλμῳδίας·</span> <span class='ocrx_word' id='word_1_755' title='bbox 2772 4688 2895 4757; x_wconf 76' lang='grc' dir='ltr'>ἑξῆς</span> <span class='ocrx_word' id='word_1_756' title='bbox 2932 4687 2987 4739; x_wconf 84' lang='grc' dir='ltr'>δὲ</span> <span class='ocrx_word' id='word_1_757' title='bbox 3024 4686 3111 4739; x_wconf 86' lang='grc' dir='ltr'>διὰ</span> <span class='ocrx_word' id='word_1_758' title='bbox 3162 4686 3268 4740; x_wconf 86' lang='grc' dir='ltr'><strong>τῶν</strong></span> <span class='ocrx_word' id='word_1_759' title='bbox 3309 4684 3661 4753; x_wconf 80' lang='grc' dir='ltr'>ἀναγνωστῶν</span> <span class='ocrx_word' id='word_1_760' title='bbox 3700 4684 3949 4758; x_wconf 23' lang='grc' dir='ltr'>(κτούτους</span> 
     </span>
    </p>
   </div>
   <div class='ocr_carea' id='block_1_109' title="bbox 2394 4776 3949 4850">
    <p class='ocr_par' dir='ltr' id='par_1_109' title="bbox 2394 4776 3949 4850">
     <span class='ocr_line' id='line_1_109' title="bbox 2394 4776 3949 4850; baseline -0.002 -18"><span class='ocrx_word' id='word_1_761' title='bbox 2394 4779 2500 4850; x_wconf 79' lang='grc' dir='ltr'>γὰρ</span> <span class='ocrx_word' id='word_1_762' title='bbox 2517 4779 2660 4847; x_wconf 84' lang='grc' dir='ltr'>λέγει</span> <span class='ocrx_word' id='word_1_763' title='bbox 2685 4776 3046 4849; x_wconf 84' lang='grc' dir='ltr'>λειτουργοὺς)</span> <span class='ocrx_word' id='word_1_764' title='bbox 3070 4778 3177 4830; x_wconf 84' lang='grc' dir='ltr'><strong>τῶν</strong></span> <span class='ocrx_word' id='word_1_765' title='bbox 3216 4778 3372 4830; x_wconf 86' lang='grc' dir='ltr'>θείων</span> <span class='ocrx_word' id='word_1_766' title='bbox 3411 4777 3664 4849; x_wconf 85' lang='grc' dir='ltr'>Γραφῶν,</span> <span class='ocrx_word' id='word_1_767' title='bbox 3697 4776 3805 4839; x_wconf 80' lang='grc' dir='ltr'><strong>τῶν</strong></span> <span class='ocrx_word' id='word_1_768' title='bbox 3829 4794 3949 4847; x_wconf 78' lang='grc' dir='ltr'>προ-</span> 
     </span>
    </p>
   </div>
   <div class='ocr_carea' id='block_1_110' title="bbox 2397 4868 3943 4941">
    <p class='ocr_par' dir='ltr' id='par_1_110' title="bbox 2397 4868 3943 4941">
     <span class='ocr_line' id='line_1_110' title="bbox 2397 4868 3943 4941; baseline -0.002 -19"><span class='ocrx_word' id='word_1_769' title='bbox 2397 4870 2651 4941; x_wconf 85' lang='grc' dir='ltr'>φητειῶν,</span> <span class='ocrx_word' id='word_1_770' title='bbox 2677 4870 2769 4922; x_wconf 85' lang='grc' dir='ltr'>τοῦ</span> <span class='ocrx_word' id='word_1_771' title='bbox 2815 4868 3156 4933; x_wconf 80' lang='grc' dir='ltr'>Ἀποστὸλου,</span> <span class='ocrx_word' id='word_1_772' title='bbox 3201 4868 3295 4921; x_wconf 83' lang='grc' dir='ltr'>τοῦ</span> <span class='ocrx_word' id='word_1_773' title='bbox 3330 4868 3473 4921; x_wconf 88' lang='grc' dir='ltr'>θείου</span> <span class='ocrx_word' id='word_1_774' title='bbox 3499 4868 3825 4936; x_wconf 83' lang='grc' dir='ltr'>Εύαγγελίου</span> <span class='ocrx_word' id='word_1_775' title='bbox 3846 4906 3860 4931; x_wconf 98' lang='grc'><strong>,</strong></span> <span class='ocrx_word' id='word_1_776' title='bbox 3910 4869 3943 4937; x_wconf 73' lang='grc' dir='ltr'>ἡ</span> 
     </span>
    </p>
   </div>
   <div class='ocr_carea' id='block_1_111' title="bbox 2394 4958 3944 5032">
    <p class='ocr_par' dir='ltr' id='par_1_111' title="bbox 2394 4958 3944 5032">
     <span class='ocr_line' id='line_1_111' title="bbox 2394 4958 3944 5032; baseline -0.004 -18"><span class='ocrx_word' id='word_1_777' title='bbox 2394 4962 2692 5031; x_wconf 77' lang='grc' dir='ltr'>ἀνάγνωσις</span> <span class='ocrx_word' id='word_1_778' title='bbox 2726 4961 2951 5029; x_wconf 89' lang='grc' dir='ltr'>γίνεται·</span> <span class='ocrx_word' id='word_1_779' title='bbox 2984 4961 3121 5032; x_wconf 82' lang='grc' dir='ltr'>μετὰ</span> <span class='ocrx_word' id='word_1_780' title='bbox 3143 4961 3316 5012; x_wconf 76' lang='grc' dir='ltr'>ταῦτα</span> <span class='ocrx_word' id='word_1_781' title='bbox 3343 4958 3687 5012; x_wconf 76' lang='grc' dir='ltr'>ὲκὸἀλλονται</span> <span class='ocrx_word' id='word_1_782' title='bbox 3721 4958 3768 5009; x_wconf 85' lang='grc' dir='ltr'>οἱ</span> <span class='ocrx_word' id='word_1_783' title='bbox 3792 4973 3944 5026; x_wconf 81' lang='grc' dir='ltr'>κατη-</span> 
     </span>
    </p>
   </div>
   <div class='ocr_carea' id='block_1_112' title="bbox 2394 5036 3941 5123">
    <p class='ocr_par' dir='ltr' id='par_1_112' title="bbox 2394 5036 3941 5123">
     <span class='ocr_line' id='line_1_112' title="bbox 2394 5036 3941 5123; baseline -0.004 -19"><span class='ocrx_word' id='word_1_784' title='bbox 2394 5053 2676 5123; x_wconf 87' lang='grc' dir='ltr'>χούμενοι,</span> <span class='ocrx_word' id='word_1_785' title='bbox 2718 5052 2821 5123; x_wconf 90' lang='grc' dir='ltr'><strong>πρὸ</strong></span> <span class='ocrx_word' id='word_1_786' title='bbox 2862 5055 3063 5107; x_wconf 86' lang='grc' dir='ltr'>τούτων</span> <span class='ocrx_word' id='word_1_787' title='bbox 3092 5054 3138 5103; x_wconf 86' lang='grc' dir='ltr'><strong>οί</strong></span> <span class='ocrx_word' id='word_1_788' title='bbox 3180 5036 3590 5121; x_wconf 76' lang='grc' dir='ltr'>ὲνεργὸύμενοι,</span> <span class='ocrx_word' id='word_1_789' title='bbox 3624 5048 3866 5117; x_wconf 68' lang='grc' dir='ltr'>δηλονότι</span> <span class='ocrx_word' id='word_1_790' title='bbox 3894 5051 3941 5098; x_wconf 78' lang='grc' dir='ltr'>οἱ</span> 
     </span>
    </p>
   </div>
   <div class='ocr_carea' id='block_1_113' title="bbox 2392 5128 3941 5212">
    <p class='ocr_par' dir='ltr' id='par_1_113' title="bbox 2392 5128 3941 5212">
     <span class='ocr_line' id='line_1_113' title="bbox 2392 5128 3941 5212; baseline -0.003 -18"><span class='ocrx_word' id='word_1_791' title='bbox 2392 5142 2746 5212; x_wconf 84' lang='grc' dir='ltr'>δαιμονῶντες</span> <span class='ocrx_word' id='word_1_792' title='bbox 2770 5182 2783 5203; x_wconf 85' lang='grc'><strong>,</strong></span> <span class='ocrx_word' id='word_1_793' title='bbox 2809 5142 2900 5194; x_wconf 76' lang='grc' dir='ltr'>καὶ</span> <span class='ocrx_word' id='word_1_794' title='bbox 2923 5144 2970 5193; x_wconf 82' lang='grc' dir='ltr'>οἱ</span> <span class='ocrx_word' id='word_1_795' title='bbox 3009 5144 3064 5194; x_wconf 79' lang='grc' dir='ltr'>ἐν</span> <span class='ocrx_word' id='word_1_796' title='bbox 3107 5143 3359 5212; x_wconf 76' lang='grc' dir='ltr'>μετανοίᾳ</span> <span class='ocrx_word' id='word_1_797' title='bbox 3388 5141 3556 5203; x_wconf 76' lang='grc' dir='ltr'>ὄντες,</span> <span class='ocrx_word' id='word_1_798' title='bbox 3584 5128 3798 5210; x_wconf 80' lang='grc' dir='ltr'>μένουσι</span> <span class='ocrx_word' id='word_1_799' title='bbox 3821 5140 3870 5192; x_wconf 83' lang='grc' dir='ltr'>δὲ</span> <span class='ocrx_word' id='word_1_800' title='bbox 3894 5141 3941 5190; x_wconf 85' lang='grc' dir='ltr'>οξ</span> 
     </span>
    </p>
   </div>
   <div class='ocr_carea' id='block_1_114' title="bbox 2394 5228 3939 5301">
    <p class='ocr_par' dir='ltr' id='par_1_114' title="bbox 2394 5228 3939 5301">
     <span class='ocr_line' id='line_1_114' title="bbox 2394 5228 3939 5301; baseline -0.004 -16"><span class='ocrx_word' id='word_1_801' title='bbox 2394 5232 2552 5295; x_wconf 80' lang='grc' dir='ltr'>ἄξιοι.</span> <span class='ocrx_word' id='word_1_802' title='bbox 2609 5232 2737 5283; x_wconf 85' lang='grc' dir='ltr'><strong>Ἀπὸ</strong></span> <span class='ocrx_word' id='word_1_803' title='bbox 2762 5230 2815 5282; x_wconf 84' lang='grc' dir='ltr'>δὲ</span> <span class='ocrx_word' id='word_1_804' title='bbox 2841 5232 2947 5282; x_wconf 86' lang='grc' dir='ltr'><strong>τῶν</strong></span> <span class='ocrx_word' id='word_1_805' title='bbox 2972 5231 3317 5301; x_wconf 83' lang='grc' dir='ltr'>λειτουργῶν,</span> <span class='ocrx_word' id='word_1_806' title='bbox 3347 5231 3487 5300; x_wconf 74' lang='grc' dir='ltr'>φημὶ</span> <span class='ocrx_word' id='word_1_807' title='bbox 3530 5229 3635 5281; x_wconf 83' lang='grc' dir='ltr'><strong>τῶν</strong></span> <span class='ocrx_word' id='word_1_808' title='bbox 3668 5228 3939 5281; x_wconf 78' lang='grc' dir='ltr'>ὑποδιακὸ-</span> 
     </span>
    </p>
   </div>
   <div class='ocr_carea' id='block_1_115' title="bbox 2394 5317 3940 5394">
    <p class='ocr_par' dir='ltr' id='par_1_115' title="bbox 2394 5317 3940 5394">
     <span class='ocr_line' id='line_1_115' title="bbox 2394 5317 3940 5394; baseline -0.006 -17"><span class='ocrx_word' id='word_1_809' title='bbox 2394 5344 2515 5388; x_wconf 86' lang='grc' dir='ltr'>νων,</span> <span class='ocrx_word' id='word_1_810' title='bbox 2552 5328 2597 5377; x_wconf 86' lang='grc' dir='ltr'>οἱ</span> <span class='ocrx_word' id='word_1_811' title='bbox 2637 5325 2731 5394; x_wconf 77' lang='grc' dir='ltr'><strong>μὲν</strong></span> <span class='ocrx_word' id='word_1_812' title='bbox 2755 5324 2850 5385; x_wconf 78' lang='grc' dir='ltr'>τὰς</span> <span class='ocrx_word' id='word_1_813' title='bbox 2886 5322 3054 5385; x_wconf 83' lang='grc' dir='ltr'>πύλας</span> <span class='ocrx_word' id='word_1_814' title='bbox 3081 5323 3453 5391; x_wconf 81' lang='grc' dir='ltr'>φυλάσσουσιν,</span> <span class='ocrx_word' id='word_1_815' title='bbox 3481 5320 3529 5371; x_wconf 85' lang='grc' dir='ltr'>οἱ</span> <span class='ocrx_word' id='word_1_816' title='bbox 3547 5320 3601 5371; x_wconf 80' lang='grc' dir='ltr'>δὲ</span> <span class='ocrx_word' id='word_1_817' title='bbox 3631 5319 3757 5373; x_wconf 68' lang='grc' dir='ltr'>ἄλλο</span> <span class='ocrx_word' id='word_1_818' title='bbox 3780 5317 3940 5370; x_wconf 78' lang='grc' dir='ltr'>τιδια-</span> 
     </span>
    </p>
   </div>
   <div class='ocr_carea' id='block_1_116' title="bbox 2394 5412 3936 5489">
    <p class='ocr_par' dir='ltr' id='par_1_116' title="bbox 2394 5412 3936 5489">
     <span class='ocr_line' id='line_1_116' title="bbox 2394 5412 3936 5489; baseline -0.005 -19"><span class='ocrx_word' id='word_1_819' title='bbox 2394 5421 2738 5489; x_wconf 80' lang='grc' dir='ltr'>πράττονται·</span> <span class='ocrx_word' id='word_1_820' title='bbox 2769 5418 2816 5468; x_wconf 84' lang='grc' dir='ltr'>οἱ</span> <span class='ocrx_word' id='word_1_821' title='bbox 2843 5417 2895 5468; x_wconf 82' lang='grc' dir='ltr'><strong>δὲ</strong></span> <span class='ocrx_word' id='word_1_822' title='bbox 2925 5416 3181 5485; x_wconf 76' lang='grc' dir='ltr'>ἔκκριτοι,</span> <span class='ocrx_word' id='word_1_823' title='bbox 3207 5415 3442 5485; x_wconf 79' lang='grc' dir='ltr'>δηλονότι</span> <span class='ocrx_word' id='word_1_824' title='bbox 3480 5415 3526 5467; x_wconf 82' lang='grc' dir='ltr'>οἱ</span> <span class='ocrx_word' id='word_1_825' title='bbox 3557 5414 3810 5476; x_wconf 83' lang='grc' dir='ltr'>διάκονοι,</span> <span class='ocrx_word' id='word_1_826' title='bbox 3848 5412 3936 5463; x_wconf 83' lang='grc' dir='ltr'><strong>σὺν</strong></span> 
     </span>
    </p>
   </div>
   <div class='ocr_carea' id='block_1_117' title="bbox 2392 5502 3932 5578">
    <p class='ocr_par' dir='ltr' id='par_1_117' title="bbox 2392 5502 3932 5578">
     <span class='ocr_line' id='line_1_117' title="bbox 2392 5502 3932 5578; baseline -0.006 -16"><span class='ocrx_word' id='word_1_827' title='bbox 2392 5513 2500 5571; x_wconf 86' lang='grc' dir='ltr'>τοῖς</span> <span class='ocrx_word' id='word_1_828' title='bbox 2537 5508 2766 5578; x_wconf 77' lang='grc' dir='ltr'>ἱερεῦσιν</span> <span class='ocrx_word' id='word_1_829' title='bbox 2805 5508 2895 5558; x_wconf 75' lang='grc' dir='ltr'>ἐπὶ</span> <span class='ocrx_word' id='word_1_830' title='bbox 2929 5506 3019 5558; x_wconf 82' lang='grc' dir='ltr'>τοῦ</span> <span class='ocrx_word' id='word_1_831' title='bbox 3056 5506 3196 5559; x_wconf 90' lang='grc' dir='ltr'>θείου</span> <span class='ocrx_word' id='word_1_832' title='bbox 3244 5506 3622 5575; x_wconf 86' lang='grc' dir='ltr'>θυσιαστηριου</span> <span class='ocrx_word' id='word_1_833' title='bbox 3655 5504 3746 5555; x_wconf 87' lang='grc' dir='ltr'><strong>τὸν</strong></span> <span class='ocrx_word' id='word_1_834' title='bbox 3786 5502 3932 5571; x_wconf 55' lang='grc' dir='ltr'>ἄρτοι</span> 
     </span>
    </p>
   </div>
   <div class='ocr_carea' id='block_1_118' title="bbox 2393 5593 3933 5671">
    <p class='ocr_par' dir='ltr' id='par_1_118' title="bbox 2393 5593 3933 5671">
     <span class='ocr_line' id='line_1_118' title="bbox 2393 5593 3933 5671; baseline -0.006 -18"><span class='ocrx_word' id='word_1_835' title='bbox 2393 5599 2632 5671; x_wconf 79' lang='grc' dir='ltr'>προτιθέε</span> <span class='ocrx_word' id='word_1_836' title='bbox 2653 5618 2721 5660; x_wconf 81' lang='grc' dir='ltr'><strong>σι,</strong></span> <span class='ocrx_word' id='word_1_837' title='bbox 2753 5600 2845 5650; x_wconf 68' lang='grc' dir='ltr'><strong>καὶ</strong></span> <span class='ocrx_word' id='word_1_838' title='bbox 2868 5598 2926 5649; x_wconf 88' lang='grc' dir='ltr'><strong>τὸ</strong></span> <span class='ocrx_word' id='word_1_839' title='bbox 2950 5600 3045 5667; x_wconf 79' lang='grc' dir='ltr'>τῆς</span> <span class='ocrx_word' id='word_1_840' title='bbox 3076 5597 3319 5666; x_wconf 84' lang='grc' dir='ltr'>εὐλογίας</span> <span class='ocrx_word' id='word_1_841' title='bbox 3334 5598 3604 5667; x_wconf 81' lang='grc' dir='ltr'>ποτήριον,</span> <span class='ocrx_word' id='word_1_842' title='bbox 3642 5595 3734 5646; x_wconf 70' lang='grc' dir='ltr'><strong>καὶ</strong></span> <span class='ocrx_word' id='word_1_843' title='bbox 3758 5593 3933 5645; x_wconf 73' lang='grc' dir='ltr'>ἔπειτα</span> 
     </span>
    </p>
   </div>
   <div class='ocr_carea' id='block_1_119' title="bbox 2395 5684 3932 5763">
    <p class='ocr_par' dir='ltr' id='par_1_119' title="bbox 2395 5684 3932 5763">
     <span class='ocr_line' id='line_1_119' title="bbox 2395 5684 3932 5763; baseline -0.002 -19"><span class='ocrx_word' id='word_1_844' title='bbox 2395 5691 2830 5763; x_wconf 85' lang='grc' dir='ltr'>προομολογεῖται</span> <span class='ocrx_word' id='word_1_845' title='bbox 2854 5691 2885 5758; x_wconf 81' lang='grc' dir='ltr'>ἡ</span> <span class='ocrx_word' id='word_1_846' title='bbox 2908 5688 3055 5758; x_wconf 82' lang='grc' dir='ltr'>κοινὴ</span> <span class='ocrx_word' id='word_1_847' title='bbox 3078 5688 3382 5758; x_wconf 82' lang='grc' dir='ltr'>ὑμνολογία.</span> <span class='ocrx_word' id='word_1_848' title='bbox 3410 5685 3563 5758; x_wconf 79' lang='grc' dir='ltr'>Εἶχον</span> <span class='ocrx_word' id='word_1_849' title='bbox 3583 5701 3690 5757; x_wconf 76' lang='grc' dir='ltr'><strong>γαρ</strong></span> <span class='ocrx_word' id='word_1_850' title='bbox 3710 5686 3801 5740; x_wconf 77' lang='grc' dir='ltr'>καὶ</span> <span class='ocrx_word' id='word_1_851' title='bbox 3822 5684 3932 5741; x_wconf 69' lang='grc' dir='ltr'>τότε</span> 
     </span>
    </p>
   </div>
  </div>
