4172 6304
144 391 251 447 855

664 392 751 447 DE
781 390 1061 448 ECCLES.
1098 390 1490 453 HIERARCH.,
1548 391 1700 446 CAP.
1743 390 1828 446 Ill.
1861 420 1926 431 ~—
1968 387 2313 443 PARAPl-IR.
2353 387 2812 448 PACHYMEBAE.

3242 395 3348 450 ιδι

148 505 376 578 μάθημά
399 523 452 559 τι
472 507 568 560 καὶ
582 507 918 576 συμμάθημα
937 506 1187 568 πίστεως.
1212 505 1354 575 Πρὸς
1376 500 1455 568 οἷς
1483 508 1510 558 ὁ
1537 506 1708 574 ἱεράρ-

1734 512 1776 565 Α
1813 503 2223 556 institutionem.
2257 504 2336 558 Ad
2368 505 2479 558 haec
2527 506 2804 573 pontifex,
2837 520 3050 567 sacram
3093 520 3353 580 peragens

145 615 263 668 κηςν
291 597 455 668 εὐχὴν
489 598 869 668 ποιησάμενος,
891 597 989 667 τὴν
1012 597 1230 667 εἰρήνην
1264 595 1583 664 διαγγέλλει,
1622 595 1706 666 δη-

143 687 317 740 λονότι
336 688 648 757 ’τό-Εἰρήνη
664 683 832 740 πᾶσι*
850 687 941 738 καὶ
970 686 1127 750 εὐθὺς
1152 686 1568 757 ἀσπασαμένων,
1586 689 1714 739 ἀνα-

141 775 494 844 γινώσκονται
526 778 594 830 τὰ
609 776 856 845 δίπτυχα.
881 777 990 828 Καὶ
1021 776 1344 845 νιψαμένων,
1373 778 1402 828 ό
1424 777 1699 848 ίεράρχης,

144 868 308 936 μέσον
344 869 646 938 ἱστάμενος,
672 867 784 936 ἔχει
810 868 1256 937 περιισταμένους
1278 868 1560 930 κάκείνους
1574 869 1700 930 τοὺς

140 958 248 1010 τῶν
267 957 594 1028 λειτουργῶν
618 959 920 1027 ἐκκρίτους,
944 957 1037 1010 καὶ
1061 959 1320 1028 ὑμνήσας,
1347 961 1614 1030 ἱερουργεῖ
1633 958 1701 1010 τὰ

143 1045 414 1109 θειότατα,
442 1049 533 1100 καὶ
554 1049 643 1100 ὑπ’
669 1048 788 1111 ὄψιν
809 1049 928 1115 ἀγει
949 1047 1017 1099 τὰ
1049 1049 1348 1118 ὑμνημένα,
1373 1046 1696 1119 σαφηνίζων,

139 1138 214 1202 ὡς
258 1138 496 1210 Χριστοῦ
534 1141 637 1192 είσι
669 1139 738 1191 τά
777 1138 997 1192 τοιαῦτα
1030 1138 1290 1208 σύμϐολα
1335 1141 1415 1192 ὅτι
1458 1140 1596 1210 μετὰ
1627 1120 1699 1192 ⁸τὸ

139 1230 351 1284 δεῖπνον
396 1229 573 1282 λαϐὼν
609 1232 789 1301 ἄρτον,
834 1231 925 1283 καὶ
954 1229 1024 1282 τὰ
1064 1221 1214 1300 νέξῆς·
1263 1231 1355 1283 καὶ
1400 1233 1478 1284 ὅτι
1522 1232 1696 1284 Τοῦτο

140 1321 357 1374 ποιεῖτε
388 1323 473 1385 εὶς
496 1318 610 1387 τὴν
638 1319 790 1388 ἐμὴν
815 1318 1165 1388 ἀνάμνησιν.
1212 1320 1575 1372 ’Υποδείκνυσι
1619 1318 1692 1382 δὲ,

140 1412 308 1482 ἤγουν
341 1411 531 1480 ἀνυψοῖ
555 1410 698 1473 τότε,
726 1409 1249 1480 ἀποκαλυπτομένων
1270 1409 1375 1462 τῶν
1418 1410 1694 1477 παναγίων

139 1501 326 1574 δώρων
348 1503 482 1573 μετά
517 1501 613 1565 τάς
643 1501 825 1572 εύχάς,
864 1501 1127 1571 μενόντων
1177 1501 1232 1553 δὲ
1271 1501 1694 1570 κεκαλυμμένων

141 1595 244 1656 ἓως
269 1593 462 1664 καιροῦ
507 1593 873 1664 μεταλήψεως.
899 1592 1054 1646 Μετὰ
1075 1591 1242 1645 ταῦτα
1269 1592 1425 1655 αύτός
1448 1609 1506 1644 τε
1534 1609 1695 1662 μετα-

138 1684 427 1755 λαμϐάνει,
461 1686 555 1738 καὶ
570 1687 694 1748 τοὺς
719 1684 906 1747 ἄλλους
923 1683 1303 1754 προτρέπεται.
1325 1683 1621 1753 Μετασχὼν
1638 1682 1693 1735 δὲ

141 1778 236 1830 καὶ
266 1777 547 1847 μεταδοὺς,
574 1778 652 1839 εἰς
680 1777 1023 1847 εὐχαριστίαν
1039 1776 1349 1847 καταλήγει.
1377 1777 1483 1829 Καὶ
1513 1775 1692 1828 πολλοὶ

1807 594 2193 659 precationem,
2213 609 2399 662 pacem
2445 601 2786 664 apprecatur,
2839 597 3066 654 dicendo
3112 601 3353 657 scilicet:

1801 684 1924 738 Pax
1946 687 2213 747 omnibus;
2292 686 2524 754 dumque
2577 685 2719 742 illico
2775 689 3134 750 se’salutaut,
3189 705 3356 744 sacra:

1808 772 1996 828 tabulae
2023 775 2336 830 recitantur.
2365 774 2430 828 Et
2461 782 2739 843 postquam
2765 777 2859 830 loti
2888 788 3032 844 sunt,
3070 781 3350 836 lticrarclts

1803 879 1951 918 stans
1977 866 2028 918 in
2055 865 2228 918 medio
2251 867 2485 920 selectos
2510 865 2624 918 illos
2646 867 2897 921 diaconos
2920 869 3021 928 sibi
3051 869 3205 923 habet
3227 873 3354 926 assi-

1802 964 2020 1016 stentes,
2041 954 2345 1022 ltymnoque
2369 957 2511 1009 dicto
2537 955 2869 1009 divinissima
2902 957 3058 1028 203
3076 973 3353 1015 consecrat

1799 1034 2173 1106 saeramenta,‘
2211 1055 2266 1097 et
2298 1046 2396 1099 sub
2425 1057 2698 1114 aspectum
2747 1049 2892 1102 ducit
2945 1065 3007 1103 ea
3047 1065 3165 1120 quae
3210 1052 3352 1108 cele-

1799 1136 1948 1190 brata
1999 1145 2152 1202 sunt,
2200 1135 2484 1190 declarans
2530 1152 2589 1190 ea
2634 1138 2832 1192 (lltristi
2895 1154 3014 1195 esse
3090 1143 3353 1211 symbols,

1797 1233 2048 1298 quoniam
2106 1240 2228 1300 post
2283 1246 2491 1286 omnem
2556 1242 2760 1299 accepto
2830 1250 2964 1302 parte
3004 1244 3070 1298 P,
3121 1245 3175 1289 et
3236 1250 3354 1306 qua:

1797 1329 2107 1387 sequuntur.
2167 1320 2292 1374 Item
2355 1339 2369 1372 :
2415 1318 2530 1374 Hoc
2582 1320 2737 1383 facile
2789 1324 2845 1378 in
2898 1341 3063 1380 meam
3132 1343 3354 1381 comme.

1795 1414 2135 1478 cierationem
2167 1422 2215 1463 ιι.
2241 1411 2490 1466 OSIendit
2533 1421 2734 1479 autem,
2782 1416 2831 1468 id
2871 1426 2976 1481 est,
3036 1430 3161 1472 tunc
3214 1417 3358 1473 dete—

1794 1512 1877 1556 cta
1910 1514 2095 1557 sancta
2134 1504 2268 1558 dona
2317 1513 2435 1572 post
2485 1519 2673 1573 preces
2726 1507 2922 1562 attollit
2988 1525 3080 1563 seu
3145 1511 3352 1577 elevat,

1795 1595 1860 1648 de
1881 1606 2078 1648 caetero
2110 1605 2247 1649 tecta
2283 1607 2501 1650 manent
2548 1613 2717 1665 usque
2744 1599 2810 1652 ad
2853 1607 3061 1669 tempus
3093 1604 3353 1670 sumptio-

1795 1687 1896 1740 nis.
1940 1685 2146 1742 Exinde
2212 1689 2574 1744 communicat
2623 1691 2737 1759 ipse
2769 1690 3083 1759 ,‘aliosque
3136 1693 3350 1750 invitat.

1795 1778 2030 1844 Accepta
2059 1780 2288 1848 denique
2314 1781 2542 1849 dataque
2563 1781 2957 1849 communione,
2981 1784 3036 1838 in
3061 1787 3353 1855 gratiarum

145 1868 242 1938 μὲν
271 1871 352 1931 είς
373 1869 506 1939 μόνα
537 1868 606 1921 τά
635 1867 751 1921 θεῖα
779 1868 1188 1940 παρακύπτουσι
1220 1868 1478 1938 σύμϐολα,
1507 1869 1601 1922 ἅτε
1627 1868 1700 1939 μὴ

1734 1867 1773 1920 Β
1803 1867 2066 1922 actionem
2112 1868 2327 1924 desinit.
2365 1868 2603 1938 Cumque
2651 1872 2896 1941 plerique
2931 1874 3108 1928 divina
3151 1888 3355 1931 tantum

136 1957 424 2028 δυνάμενοι
455 1950 773 2029 ὁψηλότερόν
801 1976 852 2011 τι
890 1959 1155 2028 ἐννοῆσαι*
1183 1959 1340 2022 αὐτὸς
1370 1959 1425 2011 δὲ
1465 1962 1492 2012 ὁ
1527 1960 1691 2030 ἱεράρ

139 2067 240 2120 χης
264 2049 400 2120 πρὸς
439 2051 618 2104 ἐκεῖνα
651 2050 720 2103 τὰ
761 2050 1086 2121 πρωτότυπα
1125 2049 1254 2101 αὐτὸ
1289 2050 1348 2102 τὸ
1370 2049 1460 2102 τοῦ
1494 2051 1697 2120 Κυρίου

137 2141 319 2211 τίμιον
347 2141 503 2212 σῶμα
529 2143 620 2195 καὶ
641 2138 796 2212 αἷμα,
821 2142 1098 2208 ἀνάγεται,
1115 2139 1399 2205 πιστεύων,
1418 2141 1497 2194 ὅτι
1520 2143 1612 2194 καὶ
1632 2140 1700 2194 τά

137 2233 474 2304 προκείμενα
523 2235 602 2297 εἰς
648 2235 828 2286 ἐκεῖνα
868 2214 1269 2304 μετεϐλήθησαν
1305 2232 1384 2304 τῷ
1418 2233 1554 2303 ἁγίῳ
1605 2235 1698 2287 κα).

142 2322 463 2394 παντουργῷ
483 2321 774 2394 Πνεύματι.

742 2464 832 2516 ΙΙΙ.
869 2465 1104 2532 Θεωρία.

207 2597 243 2668 §
275 2598 320 2651 Ι,
366 2598 484 2652 Ἐπὶ
519 2599 615 2670 τὴν
641 2599 870 2669 θεωρίαν
907 2597 1007 2670 ἤδη
1050 2596 1384 2667 μεταϐαίνων
1415 2599 1523 2652 τῶν
1557 2599 1697 2653 κατά

142 2688 358 2754 σύναξιν
381 2690 732 2760 τελουμένων,
759 2692 894 2761 ὅπερ
927 2691 1015 2742 ἐπὶ
1039 2688 1132 2742 τοῦ
1167 2691 1460 2762 μυστηρίου
1484 2691 1578 2743 τοῦ
1595 2709 1698 2760 φω-

138 2782 399 2851 τίσματος
426 2781 688 2850 πεποίηκε
711 2820 724 2842 ,
750 2781 845 2834 καὶ
870 2782 994 2844 τοὺς
1030 2781 1380 2844 ἀτελειώτους
1405 2779 1482 2832 ἔτι
1505 2779 1698 2850 ἐψυχα-

139 2872 309 2940 γὼγει
322 2873 409 2926 διὰ
420 2873 518 2943 τῆς
539 2873 798 2944 αίσθητῆς
821 2872 927 2926 τῶν
953 2872 1230 2942 συμϐόλων
1247 2872 1532 2935 ποικιλίας·
1557 2871 1695 2924 οῦτω

140 2963 234 3014 καὶ
261 2962 493 3016 ἐνταῦθα
525 2965 666 3016 ποιεῖ
684 2965 762 3026 είς
793 2961 1140 3032 ψυχαγωγίαν
1171 2963 1279 3015 τῶν
1300 2963 1378 3016 ἐτι
1402 2962 1696 3032 τελειουμέ-

141 3069 245 3104 νων
269 3051 362 3104 καὶ
384 3053 441 3104 οὐ
471 3051 578 3103 τῶν
611 3038 829 3104 τελείων
856 3052 1166 3123 ἐναρμόνιον
1185 3093 1198 3117 ,
1232 3052 1466 3123 δηλονότι
1504 3057 1698 3124 προσή-

140 3160 339 3196 κουσαν
366 3146 431 3214 τῇ
452 3143 672 3214 δυνάμει
704 3144 802 3212 τῆς
827 3143 1002 3197 αὐτῶν
1020 3143 1199 3210 ἕξεως.
1226 3145 1499 3197 Ποικιλίαν
1525 3146 1580 3199 δὲ
1605 3148 1696 3199 καὶ

142 3229 387 3282 σύνθεσιν
419 3230 505 3282 διὰ
550 3230 824 3300 συμϐόλων
866 3232 1028 3301 λέγει.
1084 3234 1232 3286 Ἐπεὶ
1264 3233 1370 3305 γὰρ
1423 3235 1458 3305 ἡ
1499 3235 1696 3307 θεωρία

141 3318 285 3389 ἁπλῆ
325 3321 419 3371 καὶ
439 3320 650 3383 ἑνιαία,
699 3319 920 3383 είκότως
957 3321 1026 3372 τά
1062 3321 1300 3391 σύμϐολα
1337 3321 1572 3375 ποικιλία
1604 3325 1696 3375 καὶ

143 3408 411 3473 σύνθεσιςσ
465 3412 512 3462 oi
562 3409 669 3481 γὰρ
715 3413 825 3473 τοῖς
874 3411 1159 3481 συμϐόλοις
1212 3413 1564 3484 προσέχοντες
1600 3416 1697 3467 οὐκ

142 3503 322 3572 ἔχουσι
352 3502 451 3572 τὴν
490 3501 692 3555 ἑνιαίαν
725 3504 817 3555 καὶ
843 3503 1018 3572 ἁπλῆν
1043 3503 1257 3571 γνῶσιν·
1283 3504 1396 3556 ἀλλ’
1421 3504 1591 3567 άλλως
1615 3505 1697 3558 ἀλ-

140 3593 232 3656 λος
250 3593 458 3660 ἀνάγει,
486 3591 657 3656 ἄλλως
685 3591 838 3653 ἄλλος
869 3591 934 3644 τά
960 3591 1059 3661 τῆς
1090 3591 1409 3663 ἀλληγορίας
1432 3592 1596 3660 λέγει,
1620 3595 1695 3657 ὼς

144 3683 410 3752 βούλεται.
435 3684 554 3736 Είσὶ
576 3684 618 3736 δ’
642 3683 854 3747 οἵτινες,
877 3683 970 3734 καὶ
995 3684 1104 3745 τοῖς
1131 3681 1411 3751 συμϐόλοις
1433 3683 1696 3736 ἐναπολει-

143 3773 389 3842 φθὲντες,
407 3773 528 3827 καθ’
553 3772 718 3835 αὑτὰς
735 3775 752 3794 ⁶
775 3772 1078 3842 ἐκδέχονται
1102 3770 1170 3823 τὰ
1192 3772 1326 3842 ὑπὲρ
1358 3773 1568 3836 αὐτοὺς,
1605 3773 1695 3825 καὶ

140 3864 347 3934 ψευδῶς
365 3862 666 3916 ὑπονοοῦσι·
692 3861 854 3916 καθ“δ
873 3862 936 3933 δὴ
958 3862 1146 3932 ψεῦδος
1161 3865 1254 3917 καὶ
1278 3863 1582 3935 μερίζονται
1605 3865 1696 3916 καὶ

142 3957 524 4010 ποικίλλονται.
564 3953 822 4008 Ἐνταῦθα
865 3954 990 4022 γοῦν
1017 3972 1178 4025 φησιν
1197 3956 1447 4026 όΠατήρ’
1487 3956 1573 4018 Ὠς
1589 3955 1694 4008 οὐδ’

143 4048 277 4118 αὑτὴ
312 4049 346 4117 ἡ
374 4046 588 4115 ποικίλη
603 4043 690 4097 διά
704 4044 983 4114 συμϐόλων
1011 4045 1254 4108 σύνθεσις
1279 4045 1500 4116 ἀνόητος
1524 4045 1697 4116 ὑπάρ-

141 4158 226 4212 χει
250 4139 362 4203 τοίς
385 4138 745 4207 τελουμένοις,
768 4137 862 4192 καὶ
893 4138 1049 4210 μέχρι
1083 4137 1191 4190 τῶν
1225 4137 1491 4208 αἰσθητῶν
1516 4154 1697 4206 φαινο-

145 4231 282 4303 μένη
312 4231 490 4302 μόνον*
518 4233 573 4283 αἱ
603 4229 712 4302 γὰρ
733 4228 1061 4299 ἀναγνώσεις
1083 4229 1189 4282 τῶν
1207 4229 1420 4297 λογίων,
1447 4230 1577 4282 ὅπου
1604 4229 1697 4281 καὶ

141 4320 427 4392 ἀναγωγὴν
449 4321 547 4373 οὐκ
571 4315 732 4391 εἶχον,
749 4320 1088 4373 διδασκαλίαν
1119 4320 1367 4390 ἐναρέτου
1395 4320 1536 4389 ζωῆς
1563 4319 1696 4390 ὑφη-

141 4409 361 4479 γοῦνται
394 4411 486 4462 καὶ
518 4409 886 4480 ἀποκάθαρσιν
910 4409 1009 4478 τῆς
1033 4409 1246 4470 κακίας.
1277 4408 1339 4461 Ἠ
1361 4409 1417 4461 δὲ
1432 4407 1580 4478 κοινὴ
1605 4409 1697 4462 καί

1798 1956 2038 2026 symbols
2067 1968 2448 2024 contueantur,
2479 1976 2542 2014 eo
2573 1962 2710 2028 quod
2751 1964 3030 2020 sublimius
3068 1959 3194 2036 quid
3226 1982 3354 2022 con-

1799 2047 2038 2101 siderare
2085 2058 2397 2116 nequeant;
2448 2053 2560 2118 ipse
2602 2060 2780 2105 tamen
2828 2054 3115 2108 ltierarclta
3170 2059 3238 2111 ad
3275 2057 3356 2126 ip-

1797 2147 1970 2192 samet
1999 2149 2304 2210 prototypa,
2338 2155 2550 2195 sacrum
2600 2142 2848 2197 videlicet
2889 2160 3086 2214 corpus
3127 2163 3189 2202 ac
3225 2165 3355 2203 san-

1797 2228 2010 2298 guinem
2043 2230 2273 2297 Domini,
2304 2232 2615 2297 adducitur,
2651 2236 2898 2300 credens,
2926 2251 3012 2290 res
3052 2241 3356 2308 propositae

1797 2320 1851 2374 in
1877 2319 1969 2374 illa
1997 2330 2187 2377 sancto
2222 2337 2284 2378 ac
2313 2324 2566 2379 omniiico
2597 2324 2803 2390 Spiritu
2834 2336 3038 2382 mutata
3072 2344 3214 2386 esse.

2316 2452 2406 2509 ΙΙΙ.
2445 2454 2845 2525 Contemplatio.

1866 2572 1962 2645 §l.
1997 2573 2076 2628 Ad
2112 2573 2620 2644 contemplationem
2660 2577 2821 2633 modo
2847 2581 3134 2646 ,transiens
3168 2596 3349 2639 eorum

1795 2681 1913 2736 quae
1948 2667 1998 2720 in
2025 2652 2211 2738 synaxi
2238 2667 2598 2732 celebrantur,
2625 2669 2703 2723 uti
2725 2672 2774 2723 iu
2805 2669 3142 2740 baptismatis
3167 2691 3356 2731 sacra-

1798 2766 1976 2812 mento
2021 2759 2268 2830 rudiores
2309 2758 2483 2812 adhuc
2527 2761 2734 2814 animas
2765 2777 2858 2828 per
2887 2753 3139 2818 sensiletn
3169 2767 3354 2837 signo-

1797 2864 1914 2902 rum
1941 2849 2259 2904 varietatem
2285 2851 2539 2914 instituit,
2564 2852 2641 2905 sic
2672 2863 2726 2906 et
2753 2852 2862 2918 hic,
2909 2855 2977 2909 ad
3016 2844 3350 2912 commodam

1795 2954 1981 2993 eorum
2019 2940 2108 3009 qui
2146 2939 2321 2994 adhuc
2351 2941 2705 3009 perficiuntur
2744 2951 2798 2996 et
2847 2944 3079 2999 necdum
3130 2947 3354 3016 perfecti

1794 3041 1921 3084 sunt
1973 3029 2406 3095 instructionem,
2452 3031 2703 3085 similiter
2749 3032 2891 3098 facit,
2943 3034 2995 3090 id
3043 3045 3124 3089 est
3168 3037 3353 3090 virtuti

1795 3119 2013 3181 habitus
2043 3119 2277 3192 ipsorum
2312 3121 2744 3175 convenientem.
2797 3117 3010 3176 Variam
3043 3135 3222 3178 autem
3262 3141 3354 3180 vo-

1722 3200 1764 3257 C
1797 3220 1884 3264 cat
1932 3220 1986 3265 et
2031 3211 2404 3280 compositam,
2455 3220 2674 3281 propter
2724 3214 2985 3281 symbols.
3037 3215 3170 3269 Cum
3208 3218 3350 3272 enim

1797 3301 2179 3370 contemplatio
2212 3302 2439 3372 simplex
2482 3305 2554 3357 sit
2587 3313 2639 3358 et
2680 3306 2957 3370 unimoda,
2992 3307 3181 3361 merito
3206 3323 3353 3379 sym-

1796 3394 1917 3454 bola
1961 3395 2198 3450 varietas
2228 3405 2353 3450 sunt
2392 3406 2445 3451 et
2492 3396 2862 3466 compositio:
2905 3399 2994 3468 qui
3026 3400 3168 3454 enim
3208 3417 3352 3471 synt-

1797 3485 1935 3539 bolis
1977 3486 2299 3553 intendunt,
2331 3501 2435 3540 non
2473 3483 2674 3542 habent
2725 3489 2925 3542 unitam
2963 3498 3016 3544 et
3055 3491 3350 3562 simplicem

1793 3577 2178 3644 cognitionem,
2233 3579 2326 3632 sed
2358 3577 2495 3632 alius
2525 3578 2685 3633 aliter
2727 3581 2963 3646 adducit,
3014 3593 3176 3652 atque
3213 3583 3352 3639 alius

1794 3669 1952 3721 aliter
1992 3667 2275 3737 allegorias
2329 3669 2514 3734 tradit,
2570 3680 2728 3738 prout
2757 3671 2893 3724 vult.
2936 3671 3187 3738 Quinimo
3225 3687 3348 3728 sun‘

1795 3760 2054 3826 nonnulli,
2100 3762 2192 3830 qui
2239 3760 2498 3831 symbolis
2546 3761 2890 3831 inluerentes,
2939 3767 3234 3834 secundum
3261 3767 3350 3822 illa

1795 3853 2067 3921 accipiunt
2114 3867 2176 3908 ea
2220 3869 2339 3923 qua
2385 3869 2546 3924 supra
2589 3856 2706 3924 ipsa
2735 3866 2884 3921 sunt,
2928 3867 2983 3910 et
3009 3855 3200 3913 falsum
3233 3861 3351 3930 opi-

1797 3954 2028 4011 nantur;
2063 3947 2355 4000 secundum
2387 3949 2549 4016 quam
2579 3947 2867 4002 falsitatem
2908 3949 3070 4003 etiam
3100 3950 3352 4006 dividun-

1795 4043 1884 4088 tur
1910 4045 1965 4089 et
1998 4035 2442 4104 multiplicantur.
2470 4037 2567 4092 Hic
2613 4039 2794 4108 itaque
2821 4040 2982 4093 Pater
3015 4042 3091 4095 ait
3123 4040 3236 4097 :Ne
3259 4045 3351 4106 di-.,

1793 4140 1949 4180 versa
1985 4127 2074 4180 illa
2103 4127 2469 4197 symbolarum
2525 4129 2844 4198 compositio
2881 4131 3112 4199 insipida
3151 4132 3350 4188 existat

1796 4217 1863 4271 iis
1886 4219 1983 4289 qui
2032 4219 2335 4282 initiantur,
2381 4220 2427 4273 si
2477 4234 2656 4273 rerum
2686 4221 2964 4275 sensilium
2994 4231 3201 4277 tantum
3225 4238 3347 4279 esse

1795 4310 2040 4365 videatur
2084 4330 2099 4366 :
2146 4310 2548 4383 Scripturarum
2593 4314 2735 4366 enim
2780 4312 3037 4368 lectiones
3089 4323 3146 4368 ut
3182 4315 3345 4369 etiam

1797 4417 2075 4474 anagogen
2124 4418 2228 4457 non
2266 4403 2546 4465 baberent,
2582 4405 2763 4472 proba:
2808 4412 2984 4458 tamen
3018 4405 3140 4460 vitm
3180 4406 3343 4461 disci-

142 4502 250 4555 ἀπὸ
286 4499 380 4553 τοῦ
412 4499 570 4552 αὑτοῦ
611 4499 771 4570 ἄρτου
816 4501 905 4552 καὶ
953 4500 1205 4570 ποτηρίου
1243 4500 1520 4570 μετάδοσις
1563 4502 1693 4570 ὁμο-

1723 4531 1769 4590 D
1799 4493 1998 4562 plinam
2029 4504 2081 4548 et
2108 4496 2385 4561 pravitatis
2413 4497 2644 4549 innuunt
2673 4495 3060 4565 expiationem.
3093 4491 3346 4552 Commu-

142 4592 367 4664 τροπίαν
402 4590 689 4660 νομοθετεῖ·
725 4590 784 4642 τὸ
816 4589 922 4660 γὰρ
955 4591 1250 4660 ὁμοδίαιτον
1277 4592 1369 4643 καὶ
1399 4591 1693 4661 ὁμότροπον

145 4684 239 4735 καὶ
262 4682 339 4734 ἔτι
372 4683 449 4744 είς
477 4681 692 4751 μνήμην
719 4680 837 4748 ἀγει
863 4679 954 4732 τοῦ
981 4680 1254 4750 Κυριακοῦ
1281 4680 1513 4744 δείπνου,
1548 4681 1575 4733 ὃ
1602 4682 1695 4733 καὶ

142 4779 588 4848 ἀρχισύμϐολον
601 4775 763 4843 λέγει,
777 4777 935 4828 οἱονεὶ
954 4775 1408 4845 ἀρχικοινωνικόν.
1427 4775 1694 4845 Σύμϐολον

142 4873 252 4942 γὰρ
287 4870 316 4922 ό
345 4868 551 4940 ἔρανος,
587 4867 678 4920 καί
700 4869 728 4918 ὁ
765 4867 1007 4920 ἐντεῦθεν
1044 4869 1217 4930 κοινὸς
1251 4868 1695 4938 οίκονομούμενος

141 4963 355 5016 δεῖπνον
385 4960 614 5026 λέγεται·
665 4957 723 5021 ἐξ
767 4953 826 5011 οῦ
870 4961 960 5010 καὶ
1012 4959 1272 5028 σύμϐολον
1303 4960 1362 5011 τὸ
1404 4960 1693 5030 διδόμενον,

141 5052 240 5105 καὶ
271 5048 570 5119 ἀσύμϐολος
601 5049 629 5099 ὁ
661 5048 972 5118 ἀσυντελής·
1007 5048 1126 5100 καθ’
1167 5048 1194 5100 ὃ
1222 5050 1314 5101 καὶ
1340 5050 1496 5112 αὐτὸς
1528 5050 1555 5100 ὁ
1586 5049 1692 5102 τῶν

142 5142 422 5213 συμϐόλων
455 5138 775 5210 δημιουργὸς
798 5138 849 5208 (ἢ
865 5138 1060 5209 δηλαδὴ
1079 5140 1176 5208 τῆς
1205 5141 1502 5202 κοινωνίας,
1537 5139 1569 5209 ἢ
1585 5139 1692 5192 τῶν

143 5234 591 5306 συμϐαλλομένων
623 5233 699 5292 είς
716 5231 774 5281 τὸ
801 5231 995 5283 κοινόνο
1015 5231 1117 5283 εἴτι
1149 5231 1254 5302 γὰρ
1271 5231 1333 5284 ἂν
1359 5233 1439 5303 εἴη
1467 5233 1526 5285 τὸ
1554 5248 1694 5303 συμ-

142 5326 482 5395 ϐαλλόμενον,
515 5324 649 5376 Θεοῦ
683 5325 795 5376 ἐστι
817 5323 1241 5394 δημιούργημα·)
1277 5323 1570 5392 ἀποκληροῖ
1601 5323 1692 5374 καὶ

141 5416 539 5472 ἁποδιαστέλλει
583 5415 884 5469 δικαιότατα
925 5417 1016 5469 τὸν
1051 5417 1147 5486 οὐχ
1180 5416 1338 5478 ὁσίως
1385 5417 1693 5486 συνδειπνή-

141 5528 308 5564 σαντα
347 5509 559 5562 Ἰούδαν.
588 5509 694 5562 Καὶ
719 5509 863 5580 αὐτῷ
889 5508 995 5580 γὰρ
1009 5509 1101 5562 τοῦ
1131 5507 1387 5578 μυστικοῦ
1413 5507 1574 5578 ἄρτου
1594 5509 1687 5561 καὶ

138 5603 233 5658 τοῦ
268 5603 520 5675 ποτηρίου
557 5604 829 5672 μεταδοὺς,
858 5602 926 5654 τὰ
947 5603 1213 5672 μυστήρια
1250 5600 1425 5670 μόνοις
1448 5603 1558 5663 τοῖς
1583 5618 1686 5669 μα-

140 5697 350 5766 θηταῖς.
371 5693 506 5764 μετά
529 5694 588 5746 τὸ
606 5693 833 5758 ἐξελθεῖν
853 5695 1057 5746 ἐκεῖνον
1079 5693 1141 5744 ἐκ
1164 5691 1253 5744 τοῦ
1270 5691 1504 5755 δείπνου,
1536 5708 1678 5762 παρ-

213 5853 386 5910 PLuc.
428 5866 560 5919 XXII,
600 5849 684 5906 l9.
763 5859 790 5899 ει
818 5848 948 5904 Ibid.
1042 5848 1228 5918 ‘i'o'wc'
1261 5849 1377 5900 κατ’
1413 5847 1552 5900 αὖτά

1801 4586 1884 4640 nis
1912 4596 2088 4640 autem
2122 4587 2279 4640 unius
2324 4587 2671 4656 ejusdemque
2710 4587 2862 4655 panis
2906 4603 2967 4642 ac
3007 4587 3191 4642 calicis
3223 4603 3346 4658 par-

1799 4677 2045 4746 ticipatio
2105 4693 2313 4731 morum
2369 4679 2805 4734 conformitatem
2856 4678 3097 4748 prazcipit
3148 4696 3163 4732 :
3219 4695 3342 4734 nam

1787 4769 1956 4822 etiam
2010 4769 2298 4823 Dominicae
2341 4784 2506 4824 comm
2554 4771 2854 4825 convivium
2887 4787 2950 4826 ac
2992 4772 3342 4825 conlormita-

1800 4867 1905 4911 tem
1934 4858 1984 4911 itt
2011 4864 2322 4914 memoriam
2353 4862 2582 4926 reducit,
2609 4873 2770 4930 quam
2794 4871 2848 4915 et
2908 4857 3345 4928 archirymbolam

1798 4961 1975 5015 vocat,
2005 4950 2161 5019 quasi
2194 4952 2445 5019 primitus
2491 4953 2962 5007 commonicatam.
3025 4952 3338 5023 Symbolum

1798 5043 1940 5094 enim
1973 5042 2277 5096 convivium
2328 5045 2546 5107 dicitur,
2604 5053 2658 5098 et
2708 5057 2884 5106 caena,
2937 5044 3182 5113 quodque
3230 5043 3342 5097 illic

1799 5135 1850 5187 in
1882 5150 2168 5208 commune
2214 5136 2514 5200 confertur,
2549 5137 2690 5189 unde
2732 5136 2892 5189 etiam
2931 5133 3228 5204 symbolmn
3257 5144 3342 5188 est

1795 5225 1846 5279 id
1876 5230 2019 5297 quod
2051 5231 2230 5296 datur,
2273 5240 2326 5284 et
2356 5229 2666 5299 asymbolns
2700 5225 2860 5297 204
2886 5238 2966 5280 est
2995 5224 3339 5294 imperfectus

1796 5333 1887 5372 seu
1915 5322 2148 5387 inutilis;
2174 5323 2322 5390 juxta
2351 5323 2490 5392 quod
2521 5321 2682 5375 etiam
2723 5321 2944 5388 ipsemet
2975 5317 3336 5387 symbolorum

1797 5430 1987 5472 auctor
2021 5415 2156 5486 (sive
2182 5413 2576 5470 communionis
2611 5411 2837 5475 scilicet,
2867 5411 2980 5464 sive
3007 5423 3190 5463 eorum
3219 5421 3339 5475 qua

1792 5510 1847 5564 in
1881 5522 2163 5562 commune
2207 5504 2582 5568 conferuntur;
2617 5501 2870 5571 quidquid
2903 5500 3043 5553 enim
3086 5500 3137 5552 iu
3182 5512 3337 5550 como

1792 5615 1954 5653 mune
1987 5597 2283 5659 confertur,
2312 5595 2402 5649 Dei
2435 5606 2680 5648 creatura
2712 5593 2810 5662 est)
2829 5592 2946 5662 jure
2983 5589 3338 5642 tueritissimo

1791 5699 2058 5747 exsortem
2087 5688 2211 5744 facit
2254 5700 2304 5744 et
2344 5687 2581 5742 excludit
2617 5685 2831 5751 ludam,
2881 5683 2971 5753 qui
3006 5699 3107 5738 non
3147 5689 3335 5736 sancte
