4172 6304
788 373 898 434 488

1949 365 2004 422 S.
2038 364 2337 421 DIONYSII
2373 363 2831 421 AREOPAGITIE

3916 376 4028 434 458

791 505 1000 548 comam
1029 483 1432 558 frequentabat.
1455 481 1592 538 Cum
1619 478 1764 535 enim
1795 478 1898 548 ipsi
1933 480 2222 550 mysticum
2255 491 2340 547 pa-

2452 476 2668 538 έδωκεν,
2702 476 2778 539 ὡς
2813 477 3032 540 ἀναξίου
3073 479 3274 533 τούτων
3300 480 3452 544 ὄντος
3475 480 3569 534 τοῦ
3622 483 3809 538 Ἰούδα.
3839 493 3938 542 Δια
3966 491 4030 542 τί

788 597 910 638 nem
937 579 1269 647 calicemqne
1329 568 1664 636 tradidisset,
1702 570 1956 641 mysteria
2006 569 2138 625 solis
2187 568 2348 623 disci-

789 673 930 744 pulis
962 667 1202 730 tradidit,
1240 674 1526 738 postquam
1556 663 1742 723 ludas.
1787 663 1932 730 quod
1983 663 2052 716 iis
2099 660 2350 732 indlgnus

787 771 952 829 esset,
1003 776 1032 815 a
1081 774 1239 816 coena
1288 756 1634 814 surrexisset.
1672 762 1674 766 '
1706 753 1904 823 thuid
1940 752 2121 822 itaque
2157 748 2348 805 ludam

786 857 1056 909 exsortem
1089 851 1218 906 facit
1249 847 1551 903 divinorum
1587 844 1992 915 mysteriorum,
2021 855 2144 896 cum
2173 848 2348 893 tamen

790 954 892 998 ιιιιέ
922 941 1188 998 cienarit!
1213 939 1298 995 “Ut
1332 937 1678 1001 ostenderet,
1709 947 1814 990 non
1847 934 1979 990 satis
2022 947 2140 989 esse
2163 944 2351 999 corpo-

793 1028 1218 1088 raliter'tantum
1248 1031 1439 1086 adesse
1481 1043 1543 1083 ac
1587 1034 1916 1087 concinnare
1955 1029 2157 1095 (neque
2205 1024 2348 1078 enim

788 1129 891 1182 hoc
918 1124 1138 1194 perinde
1164 1130 1248 1178 est
1278 1123 1346 1177 ad
1390 1118 1871 1185 communionem).
1919 1119 2013 1173 sed
2055 1116 2346 1173 secundum

788 1225 1021 1270 mentem
1047 1212 1234 1268 adesse
1261 1221 1494 1281 oportet.
1529 1211 1791 1278 Quoniam
1824 1209 1938 1276 illa,
1986 1223 2104 1277 quae
2155 1220 2349 1262 secun.

788 1308 914 1362 dum
964 1305 1206 1361 habitum
1256 1302 1513 1373 quasiet
1545 1301 1782 1356 scientia
1825 1299 1885 1354 fit
1926 1297 2190 1362 accessio,
2221 1312 2344 1351 vera

787 1407 888 1460 est,
922 1398 973 1452 id
994 1405 1160 1453 estut
1182 1395 1302 1465 quis
1343 1396 1524 1450 animo
1562 1393 1640 1448 sic
1673 1392 2003 1449 constitutus
2031 1391 2122 1453 sit,
2159 1398 2218 1442 ut
2252 1403 2347 1458 per

789 1489 947 1544 (idem
976 1503 1041 1543 ex
1083 1488 1277 1543 affectu
1315 1486 1561 1551 accedat,
1596 1487 1741 1556 quod
1772 1494 1980 1540 veram
2019 1482 2146 1537 facit
2181 1480 2612 1536 communionem
2664 1499 2678 1536 :

787 1597 918 1653 pore
944 1588 1177 1649 praesens
1207 1590 1530 1650 erat,‘alque
1562 1597 1669 1636 una
1701 1579 1974 1637 ctenabat.

864 1672 890 1743 ⁵
928 1672 988 1726 ll.
1029 1672 1295 1727 Caeterum
1338 1668 1475 1735 haec,
1506 1680 1566 1725 ut
1595 1670 1728 1738 dixi,
1756 1680 1972 1740 propter
2006 1681 2101 1722 eos
2130 1665 2221 1736 qui
2254 1663 2347 1718 ad-

2446 568 2744 628 τοίνυντὺν
2791 569 2988 625 Ἰούδαν
3021 572 3318 644 ἀποκληροί
3347 574 3455 626 τῶν
3489 574 3646 628 θείων
3687 581 4027 652 μυστηρίων..

2450 660 2622 712 καίτοι
2647 677 2709 728 γε
2743 660 3227 730 συνδειπνήσαντα;
3256 663 3475 728 Πάντως
3498 665 3780 731 διδάσκων,
3819 672 3892 734 ὡς
3921 673 4031 724 οὐκ

2449 752 2714 823 αῦταρκες
2748 753 2809 806 τὸ
2837 753 3161 823 σωματικῶς
3198 755 3354 825 μόνον
3380 746 3744 828 συμπαρεῖναι
3771 765 3862 814 καὶ
3892 781 4030 816 συν-

2449 845 2701 910 δειπνεῖν,
2740 844 2878 914 (οὐδὲ
2913 847 3020 916 γάρ
3055 847 3171 898 ὲστι
3216 847 3372 900 τοῦτο
3415 849 3546 918 πρὸς
3590 839 3686 922 τ’ὴν
3736 856 4028 910 κοινωνίαν

2449 934 2676 1005 ὅμοιον.)
2711 935 2845 988 ἀλλά
2882 936 2941 1000 τρ
2979 937 3116 988 κατὰ
3146 938 3382 991 διάνοιαν
3417 944 3666 994 συνεῖναι·
3707 945 3737 1013 ἡ
3771 945 3877 1016 γὰρ
3898 947 4026 1000 καθ’

2452 1025 2564 1092 ἕξιν
2589 1028 2746 1080 οἱονεὶ
2765 1028 2882 1080 κατ’
2908 1028 3198 1096 ἐπίγνωσιν
3231 1030 3433 1103 ἀληθὴς
3460 1036 3826 1104 προσέλευσις,
3855 1057 4013 1092 τουτ-

2446 1117 2562 1169 έστι
2625 1118 2686 1169 τὸ
2723 1118 3058 1183 ὲνδιαθέτως,
3089 1119 3258 1185 οὕτως
3286 1122 3447 1192 ἔχειν,
3485 1125 3577 1176 καὶ
3610 1128 3748 1180 κατά
3777 1131 3876 1200 τὴν
3901 1131 4026 1184 διά.-

2451 1224 2596 1260 νοιαν
2620 1207 2708 1259 διὰ
2747 1209 2980 1273 πίστεως
3009 1212 3253 1275 είσιέναι,
3287 1218 3353 1284 τῇ
3391 1215 3613 1286 ἀληθινῇ
3643 1221 3892 1290 κοινωνίᾳ
3918 1222 4026 1291 ἐμ·-

2451 1301 2626 1350 ποιεῖ·
2660 1299 2794 1370 ὅπερ
2831 1302 2928 1352 οὐκ
2967 1298 3032 1372 ἦν
3071 1302 3212 1356 τότεῖ
3238 1303 3315 1373 τῷ
3345 1306 3516 1377 Ἰούδᾳ
3549 1309 3640 1359 καὶ
3682 1313 4023 1383 συμπαρόντι

2450 1389 2770 1460 σωματικῶς
2805 1393 2897 1444 καὶ
2924 1394 3343 1448 συνδειπνοῦντι.

2747 1483 2886 1552 quod
2931 1485 3116 1552 utique
3168 1484 3317 1540 Iudae
3369 1486 3575 1560 deerat,
3630 1494 3839 1547 tametsi
3897 1507 4025 1547 cor.

2525 1659 2550 1731 δ
2588 1660 2652 1711 ll.
2701 1658 2856 1712 Ἀλλά
2880 1659 3048 1712 ταῦτα
3085 1661 3183 1730 μὲν
3205 1661 3317 1726 οὖν,
3341 1663 3415 1726 ὡς
3440 1663 3593 1736 ἔφην,
3619 1667 3921 1738 ἐρρέθησαν
3938 1685 4022 1722 αι·

788 1765 896 1818 huc
918 1763 1218 1832 imperfecti
1252 1772 1398 1831 sunt,
1436 1773 1493 1818 et
1521 1763 1652 1818 hinc
1688 1761 1755 1816 ad
1803 1758 2190 1816 subiimitatem
2219 1769 2340 1811 con-

2450 1753 2860 1823 σθητικωτέρως
2892 1751 2978 1804 διὰ
3009 1754 3135 1814 τοὺς
3163 1753 3240 1806 ἔτι
3282 1755 3655 1820 ἀτελειώτους,
3691 1761 3781 1810 καὶ
3811 1760 3884 1830 μὴ
3921 1761 4016 1812 δυσ

789 1853 1159 1923 templationis
1185 1855 1480 1909 ascendere
1510 1871 1616 1910 non
1639 1854 1846 1917 valent,
1870 1848 2177 1905 sensibillus
2207 1849 2348 1902 dicta

786 1943 914 2008 sint,
969 1945 1048 2000 ad‘
1085 1947 1494 1999 convenientem
1546 1946 1785 2014 ipsorum
1818 1943 2012 1996 animis
2041 1937 2347 1995 erudiendis

789 2037 1204 2091 institutionem.
1238 2034 1344 2090 Nos
1375 2043 1551 2089 autem
1594 2037 1664 2090 iis
1689 2049 1807 2104 quae
1831 2047 1939 2103 pra:
1970 2032 2178 2087 foribus
2221 2037 2348 2082 sunt

787 2128 1010 2188 relictis,
1042 2126 1106 2179 ad
1165 2127 1450 2194 ipsammet‘
1500 2124 2007 2194 contemplationem
2081 2118 2347 2190 ingredia-

786 2235 926 2283 mur,
959 2219 1025 2273 ab
1054 2216 1352 2273 cﬂectis'ad
1390 2232 1603 2283 causas,
1638 2216 1823 2280 idest,
1857 2216 1923 2268 ab
1968 2214 2030 2269 iis
2064 2228 2183 2282 quae
2217 2209 2347 2264 visi-

783 2311 965 2364 biliter
1012 2315 1277 2379 geruntur
1326 2308 1390 2360 ad
1447 2303 1737 2361 invisibiﬁa
1801 2306 2178 2376 mysticaque,
2229 2315 2344 2370 quae

785 2417 961 2456 causae
1010 2410 1134 2456 sunt
1168 2412 1221 2456 et
1261 2401 1586 2470 exemplaria
1625 2415 1812 2455 eorum
1842 2415 1961 2468 quae
1998 2398 2096 2453 sub
2125 2411 2339 2451 sensum

784 2496 1009 2548 cadunt.-
1054 2492 1223 2547 Porro
1270 2491 1493 2547 eiectus
1530 2490 1804 2553 dicuntur,
1855 2503 1918 2543 ea
1964 2503 2083 2558 qua:
2123 2485 2342 2540 aliunde

783 2597 1002 2638 causam
1051 2583 1254 2637 habent
1301 2592 1357 2634 ut
1397 2594 1617 2649 quoquo
1654 2579 1809 2633 modo
1847 2579 1974 2632 sint.
2018 2574 2118 2630 Vel
2147 2590 2342 2630 causas

783 2674 914 2728 dicit
949 2687 1075 2736 eas,
1125 2689 1244 2742 quae
1282 2666 1675 2742 quodammodo
1729 2671 1794 2723 ad
1843 2669 2107 2723 ultimum-
2140 2669 2339 2722 bonum

783 2772 1049 2831 spectant,
1074 2773 1128 2815 et
1156 2777 1385 2830 quarum
1436 2761 1608 2830 gratia
1649 2775 1715 2814 ac
1763 2760 1956 2813 intuitu
1990 2759 2087 2813 hos
2120 2757 2340 2814 eﬂ'cctus

783 2852 942 2921 idque
968 2863 1186 2922 propter
1229 2853 1376 2920 ipsas
1407 2849 1731 2919 perlicimus.
1777 2844 2339 2904 Sedodivinissimum

776 2958 844 2997 ac
869 2948 1270 2996 sacrosanctum
1301 2939 1729 2996 sacramentum!
1813 2940 1987 3007 ipsum
2042 2939 2185 2992 enim
2226 2947 2340 2991 tan-

2448 1843 2707 1914 ναμένους
2730 1845 2807 1905 είς
2837 1842 2899 1894 τὸ
2931 1843 3062 1912 ὕψος
3096 1845 3423 1900 ἀπεντεῦθεν
3443 1849 3539 1918 τῆς
3564 1848 3792 1919 θεωρίας
3819 1852 4018 1919 ἀνάγε-

2451 1934 2571 1986 σθαι
2606 1934 2682 1994 είς
2703 1932 3052 2002 ψυχαγωγίαν
3086 1935 3262 1988 αὐτῶν
3295 1939 3386 1989 καὶ
3421 1941 3798 2010 προσήκουσαν
3835 1945 4019 2007 αὐτοῖς

2451 2023 2704 2094 μάθησιν.
2747 2025 2932 2093 Ἡμεῖς
2956 2025 3011 2076 δὲ
3031 2066 3044 2089 ,
3076 2026 3145 2079 τὰ
3179 2029 3481 2099 προπύλαια
3506 2032 3916 2098 καταλιπόντες,
3934 2037 4020 2086 ὲν-

2445 2116 2535 2178 τὸς
2561 2115 2662 2184 τῆς
2689 2115 2920 2185 θεωρίας
2946 2116 3270 2188 εἰσέλθωμεν
3303 2121 3409 2173 ἀπὸ
3430 2121 3536 2173 τῶν
3559 2125 3812 2175 αἰτιατῶν
3839 2128 3922 2188 είς
3954 2126 4019 2178 τά

2446 2203 2614 2266 αἴτια,
2647 2202 2920 2255 τουτέστιν
2953 2205 3060 2258 ἀπὸ
3103 2207 3209 2258 τῶν
3235 2209 3443 2279 ὁρατῶς
3465 2212 3798 2282 τελουμένων
3833 2216 3928 2266 ἐπὶ
3952 2217 4019 2268 τὰ

2445 2297 2650 2384 ἀόρατα
2673 2299 2764 2349 καὶ
2800 2299 3052 2367 μυστικὰ,
3089 2300 3230 2371 ἅπερ
3256 2302 3362 2354 τῶν
3384 2305 3439 2356 ἐν
3466 2306 3708 2376 αἰσθήσει
3736 2308 3886 2361 αἴτιά
3913 2311 4018 2361 εἰσι

2444 2391 2538 2442 καὶ
2564 2389 2861 2460 ἀρχέτυπα.
2898 2392 3121 2445 Αἰτιατά
3158 2395 3214 2446 δὲ
3246 2395 3488 2463 λέγονται
3521 2400 3585 2451 τά
3619 2402 3884 2454 ἑτέρωθεν
3918 2404 4015 2471 τὴν

2445 2482 2620 2534 αἰτίαν
2653 2481 2745 2533 τοῦ
2779 2482 3024 2536 ὁπωσοῦν
3058 2480 3191 2537 εἶναι
3225 2487 3429 2555 ἔχοντα.
3478 2492 3545 2541 Ἦ
3586 2491 3727 2544 αἴτια
3759 2492 3909 2559 λέγει
3950 2493 4016 2545 τά

2447 2571 2639 2624 ὡσανεὶ
2669 2570 2858 2624 τελικὰ
2883 2612 2895 2634 ,
2952 2574 3043 2624 καὶ
3088 2567 3160 2625 ὧν
3214 2575 3394 2639 ἕνεκα,
3433 2578 3569 2647 πρὸς
3603 2578 3636 2630 ἀ
3677 2579 4011 2649 ἀφορῶντες,

2442 2663 2610 2716 ταῦτα
2636 2662 2698 2734 δὴ
2724 2662 2792 2715 τὰ
2807 2664 3038 2726 αίτιατά,
3075 2667 3164 2717 καὶ
3191 2666 3256 2719 τὰ
3283 2667 3441 2720 ἕνεκα
3459 2670 3699 2731 ἐκείνων,
3728 2670 4008 2740 τελοῦμεν.

2455 2753 2591 2805 Ἀλλ’
2624 2747 2667 2804 ὧ
2702 2752 2951 2823 θειοτάτη
2982 2755 3075 2806 καὶ
3110 2755 3228 2825 ἱερά
3268 2756 3489 2827 τελετὴί
3534 2759 3606 2820 ὡς
3641 2758 3871 2829 ἐμψύχῳ
3905 2761 4011 2831 γὰρ

2443 2848 2576 2917 αὐτῇ
2614 2847 2948 2914 διαλέγεται·
2993 2849 3085 2900 καὶ
3118 2849 3359 2910 εἰκότως,
3397 2851 3537 2902 καθά
3574 2852 3663 2903 καὶ
3695 2854 3722 2902 ό
3762 2851 4011 2916 θεολόγος

2446 2939 2613 3009 μέγας
2640 2939 2952 3016 Γρηγόριος·
2984 2939 3140 3001 Ἀλλ’,
3166 2933 3210 2992 ὧ
3234 2942 3413 3010 πάσχα
3445 2942 3504 2993 τὸ
3542 2942 3677 3011 μέγα
3712 2943 3804 2994 καὶ
3831 2941 4008 3012 ίερόνί

781 3043 940 3094 quam
1007 3031 1306 3082 animatum
1365 3028 1681 3098 alloquitur,
1757 3029 1914 3096 idque
1963 3028 2176 3091 merito,
2218 3042 2337 3083 cum

2443 3030 2518 3080 T6
2549 3031 2814 3100 ἡμέτερον
2849 3030 2954 3100 γὰρ
2984 3031 3184 3102 πάσχα,
3222 3034 3367 3104 καὶὴ
3397 3033 3614 3104 τοιαύτη
3653 3035 3770 3104 ἱερά
3794 3035 4007 3104 τελετὴ,

778 3122 941 3175 etiam
972 3122 1248 3192 theologus
1291 3119 1379 3176 ille
1422 3134 1647 3189 magnus
1678 3119 1973 3188 Gregorius
2011 3120 2195 3172 dicat:
2230 3117 2334 3174 Sed

778 3227 812 3265 ο
854 3215 1050 3279 pascha
1112 3228 1363 3281 magnum
1431 3229 1494 3267 ac
1561 3213 1842 3266 sanctum!
1892 3223 2133 3264 nostrum
2185 3213 2327 3265 enim

780 3303 1004 3370 pascha,
1035 3313 1110 3365 ut,
1163 3314 1216 3357 et
1250 3305 1350 3358 hoc
1379 3311 1624 3358 sanctum
1656 3313 2075 3365 sacramentum,
2105 3302 2330 3372 ipsemet

2441 3120 2601 3184 αὑτός
2647 3126 2792 3174 ἐστιν
2824 3125 2852 3173 6
2884 3124 3082 3192 Κύριος
3129 3125 3281 3194 ήμῶν
3332 3127 3534 3195 Ἰησοῦς
3581 3127 3832 3198 Χριστὸς,
3873 3125 4010 3196 πρὸς

2435 3213 2492 3266 ὃν
2520 3215 2744 3265 ποιεῖται
2779 3213 2869 3266 τὸν
2908 3214 3059 3282 λόγον
3083 3218 3109 3268 6
3143 3216 3312 3283 ἅγιος,
3343 3219 3425 3269 ἵνα
3450 3218 3769 3288 ἀποκαλύψῃ
3803 3216 3874 3268 τὰ
3896 3216 4006 3284 ἀμ-

2436 3303 2727 3375 φιέσματα,
2754 3306 2845 3356 καὶ
2870 3305 3236 3378 ἀποπληρώσῃ
3261 3307 3352 3359 τοῦ
3385 3309 3578 3360 ἑνιαίου
3606 3308 3801 3377 φωτός.

779 3395 1035 3451 Dominus
1081 3401 1265 3448 noster
1305 3394 1464 3449 Jcsus
1509 3393 1760 3448 Christus
1802 3401 1905 3456 est,
1935 3393 2002 3447 ad
2047 3408 2205 3462 quem
2241 3393 2327 3448 hic.
2368 3407 2585 3448 sanctus
2624 3410 2924 3448 sermonem
2960 3396 3139 3461 habet,
3190 3408 3246 3449 ut
3299 3399 3500 3451 revelat
3529 3398 3824 3463 involucra,
3885 3399 4008 3450 uui-

776 3502 946 3559 coqne
972 3485 1171 3541 lumine
1199 3495 1430 3541 mentem
1458 3484 1702 3554 impleat.

851 3577 996 3650 θυι.
1040 3576 1276 3630 Primum
1336 3577 1559 3644 itaque,
1616 3574 2052 3644 quandoquidem
2106 3574 2332 3643 ingressi

777 3685 999 3730 sumus,
1048 3668 1400 3721 simulacrum
1453 3669 1806 3734 detegendum
1869 3675 1971 3720 est.
2031 3665 2329 3719 Simulacra

775 3771 955 3814 autem
1011 3766 1167 3813 vocat
1223 3758 1487 3824 imagines
1555 3771 1734 3810 rerum
1784 3757 2132 3825 mysticarum
2193 3755 2333 3808 sicut

775 3854 936 3908 etiam
966 3853 1017 3905 in
1038 3852 1182 3906 libro
1215 3851 1288 3904 De
1324 3851 1513 3903 divinis
1537 3850 1829 3903 nominibus
1869 3850 1918 3903 id
1949 3849 2156 3915 planius
2182 3863 2332 3902 aette-

777 3948 971 4013 pitnus.
1005 3945 1244 3997 Primum
1295 3956 1456 4011 porro
1488 3942 1680 3996 horum
1717 3953 1984 4010 synaxeos
2014 3953 2327 3993 sacramen-

778 4043 891 4086 tum
921 4033 1228 4103 appellavit,
1281 4032 1434 4101 cujus
1473 4047 1716 4095 sensum,
1766 4032 1880 4084 sive
1935 4030 1987 4083 id
2043 4031 2185 4098 quod
2240 4045 2334 4098 per

773 4128 1281 4194 contemplatiOnem
1305 4124 1658 4192 signiﬁcatur,
1692 4122 1927 4192 postulat
1955 4120 2112 4191 205
2147 4125 2332 4189 expla-

777 4220 918 4272 nari.
951 4218 1083 4272 Cuiu
1127 4218 1286 4286 igitur
1321 4217 1604 4285 episcopus
1632 4216 1699 4268 sit
1725 4224 1881 4284 typus
1917 4214 2027 4276 Dei,
2060 4216 2333 4267 videamus

774 4312 1041 4379 quomodo
1070 4310 1286 4377 incipiat
1321 4309 1599 4362 incensum
1631 4307 1847 4360 adolere
1877 4305 1944 4358 ab
1967 4305 2126 4357 altari
2163 4319 2329 4370 usque

777 4403 843 4455 ad
871 4402 1236 4456 extimuit-ales
1271 4399 1480 4467 templi,
1522 4400 1826 4465 iterumque
1874 4397 1939 4449 ad
1971 4397 2209 4449 divinum
2248 4395 2326 4446 al-

2572 3570 2662 3620 llI.
2693 3571 2781 3621 Δεῖ
2804 3569 2864 3639 δὴ
2899 3566 3010 3632 οὖν,
3035 3572 3219 3643 ἐπειδὴ
3243 3574 3390 3637 ἐντὸς
3424 3575 3737 3643 ἐγενόμεθα,
3764 3577 3824 3629 τὸ
3851 3579 4006 3649 πρῶ-

2434 3680 2523 3715 τον
2548 3661 2655 3713 τῶν
2673 3661 2995 3730 ἀγαλμάτων
3016 3664 3188 3730 ἀπογυ
3198 3665 3421 3734 μνῶσαι.
3461 3667 3766 3738 Ἀγάλματα
3786 3669 3840 3721 δέ
3868 3689 4001 3742 φησι

2433 3753 2530 3815 τὰς
2563 3753 2772 3815 είκόνας
2807 3753 2912 3804 τῶν
2966 3756 3239 3822 μυστικῶν
3261 3795 3273 3817 ,
3310 3756 3487 3820 καθὼς
3534 3761 3626 3810 καὶ
3659 3763 3714 3811 ἐν
3745 3761 3823 3830 τῷ
3860 3764 4002 3831 Περί

2435 3843 2605 3894 θείων
2642 3841 2939 3908 ὀνομάτων
2975 3842 3300 3913 πλατύτερον
3326 3844 3653 3916 διελάϐομεν.
3692 3849 3914 3919 Πρῶτον
3940 3853 3997 3906 δὲ

2433 3932 2633 3984 τούτων
2665 3933 2726 3983 τὸ
2757 3932 2855 3999 τῆς
2884 3932 3151 3997 συνάξεως
3189 3938 3477 4006 μυστήριον
3512 3939 3866 4003 ἀπεκάλεε-εν,
3906 3938 3997 3996 οὗ-

2424 4041 2564 4086 τινος
2592 4024 2652 4075 τὸ
2690 4024 2892 4091 νοητὸν,
2929 4024 3092 4091 ἤγουν
3129 4026 3186 4076 τὸ
3221 4026 3357 4078 κατὰ
3391 4027 3614 4098 θεωρίαν
3647 4031 3993 4102 δηλούμενον,

2427 4113 2771 4183 ἀπογυμνοῦν
2804 4114 3209 4179 ἐπαγγέλλεται.
3261 4117 3471 4189 Ἐπειδὴ
3497 4120 3672 4171 τοίνυν
3692 4122 3860 4187 τύπος
3879 4127 3995 4180 ἐστὶ

2426 4205 2520 4258 τοῦ
2558 4204 2690 4257 Θεοῦ
2723 4208 2751 4257 6
2789 4204 3102 4281 επίσκοπος,
3141 4206 3334 4275 ἴδωμεν
3375 4207 3487 4271 πῶς
3535 4210 3753 4280 ἄρχεται
3794 4214 3993 4285 θυμιᾷν

2429 4298 2536 4350 ἀπὸ
2582 4296 2674 4349 τοῦ
2717 4297 3095 4367 θυσιαστηρίου
3129 4298 3231 4359 ἕως
3264 4298 3370 4350 τῶν
3403 4301 3660 4370 ἐσχάτων,
3704 4305 3799 4356 καὶ
3832 4307 3994 4359 πάλιν

2431 4387 2825 4457 ὲπαναστρέφει
2869 4389 2945 4448 εἰς
2990 4389 3048 4439 τὸ
3085 4388 3216 4439 Θεοῦ
3267 4389 3658 4462 θυσιαστήριον.
3709 4395 3770 4446 Ἦ
3813 4398 3990 4449 τοίνυν

777 4504 890 4547 tare
940 4501 1258 4545 revertatur.
1320 4491 1502 4558 Itaque
1557 4489 1648 4541 Dei
1684 4488 1913 4540 'bonitas
1965 4501 1992 4538 a
2044 4487 2324 4553 semetipsa

2441 4478 2695 4549 ὶγαθότης
2714 4479 2804 4530 τοῦ
2835 4478 2965 4530 Θεοῦ
2994 4480 3082 4547 ἀφ’
3111 4480 3305 4548 ἑαυτῆς
3331 4481 3419 4532 ἐπὶ
3447 4484 3617 4534 πάντα
3642 4485 3706 4536 τὰ
3732 4489 3989 4556 προνοού-

774 4587 839 4638 ad
871 4585 1046 4636 omnia
1096 4597 1215 4650 qua:
1245 4580 1587 4648 providentia
1633 4587 1885 4644 reguntur
1923 4580 2198 4644 procedit;
2234 4577 2323 4630 sed

775 4684 991 4747 propter
1023 4676 1156 4736 lucc,
1189 4673 1480 4725 secundum
1515 4671 1804 4724 essentiam
1835 4685 2010 4732 suam,
2051 4684 2322 4736 nunquam

777 4783 807 4822 ι
839 4767 1054 4836 propria
1095 4763 1325 4818 statione
1377 4763 1597 4825 recedit,
1648 4760 1797 4828 cujus
1843 4763 2026 4828 utique
2080 4761 2322 4812 essentia:

775 4870 1028 4911 arcanum
1056 4850 1320 4924 signiﬁcat
1350 4853 1518 4906 altare
1546 4851 1673 4904 illud
1711 4852 2064 4911 inaccessum,
2089 4849 2154 4901 ad
2183 4849 2322 4915 quod

774 4951 1058 5018 episc0pus
1091 4945 1396 4998 revertitur.
1447 4943 1522 4995 Ad
1570 4947 1707 4994 hunc
1752 4942 1933 5006 itaque
1961 4940 2172 5018 modum
2205 4952 2320 4992 sese

775 5041 928 5093 habet
963 5051 1226 5107 synaxeos
1257 5043 1673 5093 sacramentum,
1711 5034 1962 5099 quoniam
1997 5012 2085 5082 hic
2124 5028 2316 5096 duplex

772 5142 854 5186 est
885 5134 1021 5184 ratio
1050 5143 1337 5198 anagoges.
1367 5128 1570 5195 Estque
1602 5127 1718 5178 haec
1749 5126 1942 5194 prima.
1972 5123 2145 5188 Quod,
2194 5123 2318 5176 licet

773 5224 1011 5275 divinum
1049 5233 1315 5289 synaxeos
1362 5229 1761 5272 sacramentum
1837 5226 1891 5270 et
1956 5216 2209 5278 unicum,
2265 5225 2319 5267 ct

771 5312 1018 5380 simplex,
1063 5319 1116 5364 et
1145 5318 1480 5377 compactum
1527 5309 1724 5360 habeat
1757 5306 2099 5374 principium,
2138 5303 2318 5358 inulti.

2430 4585 2562 4638 μενα
2596 4569 2864 4639 πρόεισιν,
2901 4568 3012 4620 ἀλλ’
3064 4570 3161 4620 ούκ
3204 4569 3324 4634 ἔξω,
3365 4569 3450 4622 διὰ
3485 4573 3702 4638 τούτων,
3738 4577 3836 4645 τῆς
3871 4581 3988 4630 κατ’

2424 4662 2605 4712 οὐσίαν
2644 4661 2878 4722 στάσεως
2916 4663 3138 4728 γίνεται,
3173 4659 3237 4731 ἧς
3270 4663 3329 4733 δὴ
3355 4665 3534 4728 ούσίας
3555 4667 3613 4719 τὸ
3641 4670 3868 4738 κρύφιον
3897 4673 3988 4739 δη-

2423 4753 2521 4811 λοῖ,
2559 4753 2618 4805 τὸ
2654 4753 2841 4805 ἄδυτον
2887 4753 3261 4824 θυσιαστήριον
3286 4795 3299 4818 ,
3348 4758 3425 4818 είς
3462 4757 3489 4808 ὃ
3530 4759 3928 4832 ἐπαναστρέφει
3958 4768 3986 4818 6

2423 4851 2731 4910 ἐπίσκοπος.
2759 4847 2953 4900 Τοῦτον
2975 4841 3065 4900 οῦν
3092 4850 3180 4900 τὸν
3207 4851 3398 4920 τρόπον
3421 4851 3529 4920 ἔχει
3554 4855 3642 4904 καὶ
3668 4857 3698 4924 ὴ
3733 4855 3833 4924 τῆς
3861 4875 3984 4909 συν-

2422 4938 2590 5003 ἀξεως
2625 4938 2812 5005 τελετή
2840 4954 2851 4965 ·
2879 4937 3052 5000 διττὸς
3087 4937 3192 5008 γὰρ
3223 4940 3318 5009 τῆς
3364 4941 3588 4993 ἐνταῦθα
3616 4944 3905 5014 ἀναγωγῆς
3956 4946 3982 4996 6

2419 5033 2633 5101 τρόπος.
2667 5031 2771 5081 Καὶ
2805 5031 2947 5081 ἔστιν
2981 5026 3129 5092 οὗτος
3164 5029 3376 5100 πρῶτος
3397 5071 3409 5093 ,
3437 5032 3515 5084 ὅτι
3557 5033 3714 5103 κᾶν-ὴ
3751 5036 3869 5088 θεία
3885 5040 3980 5107 τῆς

2422 5122 2688 5186 συνάξεως
2720 5121 2905 5191 τελετὴ
2955 5122 3044 5171 καὶ
3082 5121 3283 5172 ἑνιαίαν
3318 5124 3406 5174 καὶ
3463 5123 3637 5192 ἀπλῆν
3686 5127 3778 5177 καὶ
3823 5144 3977 5179 συνε-

2421 5215 2726 5283 πτυγμένην
2755 5213 2850 5285 ἔχῃ
2873 5211 3062 5282 ἀρχὴν,
3091 5213 3412 5282 πληθύνεται
3446 5217 3524 5276 είς
3555 5216 3651 5283 τὴν
3687 5217 3837 5285 ίεράν
3865 5236 3976 5271 ποι-

2419 5308 2589 5359 κιλίαν
2622 5305 2728 5358 τῶν
2772 5305 3078 5374 συμϐόλων,
3108 5305 3199 5357 καὶ
3232 5305 3472 5368 ἐνοειδῶς
3506 5303 3654 5370 αὖθις
3679 5309 3742 5360 ὲκ
3774 5308 3973 5362 τούτων

2417 5399 2494 5458 εἰς
2534 5397 2628 5466 τὴν
2652 5395 2850 5446 οἰκείαν
2891 5393 3088 5462 μονάδα
3128 5396 3429 5462 συνάγεται,
3460 5396 3550 5448 καὶ
3587 5399 3814 5450 ἐνοποιεῖ
3850 5399 3972 5462 τοὺς

2415 5490 2499 5541 ἐπ’
2542 5489 2704 5558 αὐτὴν
2755 5487 2911 5558 ἱερῶς
2955 5487 3331 5557 ἀναγομένους.
3359 5487 3613 5558 Δεύτερος
3650 5489 3704 5542 δὲ
3740 5490 3967 5558 τρόπος·

2414 5583 2493 5632 ὅτι
2525 5583 2551 5632 6
2584 5581 2722 5640 θεῖος
2759 5581 3034 5649 ἰεράρχης,
3067 5581 3112 5631 εί
3165 5582 3357 5650 χρᾶται
3393 5586 3504 5644 τοῖς
3543 5582 3846 5650 συμϐόλοις,
3881 5584 3970 5635 καὶ

2415 5674 2518 5725 ἀπὸ
2548 5675 2647 5743 τῆς
2672 5671 2872 5734 ὲνιαίας
2900 5672 3204 5742 ἐπιστήμης
3250 5673 3569 5740 πληθύνεται
3606 5673 3692 5724 διὰ
3731 5676 3831 5743 τὴν
3863 5673 3969 5726 τῶν

2415 5761 2822 5832 ὑποϐεϐηκότων
2855 5761 3126 5829 πρόνοιαν,
3147 5760 3256 5813 ἀλλ’
3284 5757 3372 5814 οῦν
3397 5763 3469 5823 ὡς
3503 5762 3764 5824 ἁπόλυτος
3791 5762 3965 5831 πάντη

772 5407 1000 5474 plicetur
1053 5413 1230 5454 tamen
1285 5415 1384 5470 pro
1422 5399 1789 5469 symbolorum
1822 5398 2110 5460 varietate;
2154 5408 2316 5463 atque

775 5498 1114 5551 uniformiter
1160 5497 1352 5548 iterum
1389 5508 1451 5547 ex
1495 5491 1579 5544 his
1627 5493 1692 5543 ad
1722 5491 2000 5560 propriam
2034 5489 2315 5558 colligatur

775 5590 1058 5648 unitatem,
1093 5586 1420 5651 unilicetqne
1467 5583 1586 5637 illos
1629 5583 1720 5650 qui
1755 5585 1819 5634 ad
1851 5595 1908 5636 se
1947 5592 2132 5635 sancte
2162 5594 2312 5632 accc-

774 5682 926 5735 dunt.
959 5678 1200 5732 Secunda
1245 5690 1370 5728 vero
1413 5675 1552 5727 ratio
1593 5683 1693 5740 cst,
1725 5673 1867 5742 quod
1897 5672 2106 5725 divinus
2136 5671 2312 5738 ponti—

776 5774 884 5838 l'cx,
917 5770 1131 5827 tametsi
1169 5768 1425 5839 symbolis
1450 5778 1652 5833 utatur,
1680 5777 1731 5822 et
1774 5767 1841 5821 ab
1872 5765 2027 5820 unica
2059 5764 2306 5829 scicntia,
