4162 6304
162 418 272 476 457

727 409 810 470 DE
843 410 1118 471 ECCLES.
1171 412 1538 474 HlERARCH.
1602 416 1752 473 CAP.
1795 416 1882 471 Ill.
1913 445 1982 454 --
2013 413 2357 469 PARAPHR.

1220 412 1538 474 lERARCH.
1602 416 1752 473 CAP.
1795 416 1882 471 Ill.
1913 445 1982 454 --
2013 413 2357 469 PARAPHR.
2398 409 2863 470 PACHYSIERE.

3294 412 3402 473 458

160 534 262 587 τοῦ
299 532 404 587 τῶν
429 532 705 604 συμϐόλων
742 531 972 600 πλήθους
1000 532 1091 584 καλ¹
1135 531 1206 602 μὴ
1241 530 1600 584 ὲπικοινωνῶν
1625 533 1736 592 τοῖς
1764 532 1803 588 Α

1764 532 1805 588 Α
1839 535 2060 597 propter
2109 528 2444 582 subditorum
2487 526 2919 597 providentiam.
2971 527 3396 598 tltttlliplit‘elttr,

159 625 430 697 χείροσιν,
467 627 544 688 εἰς
570 625 668 694 τήν
691 624 894 677 οἰκείαν
916 625 1086 695 ἀρχὴν
1121 625 1384 688 ἐπάνεισι,
1421 626 1514 677 καὶ
1539 624 1636 694 τὴν
1660 625 1740 686 είς

160 717 230 774 τὸ
265 719 326 772 ἓν
356 717 545 790 νοερὰν
591 716 791 769 εἴσοδον
832 717 1218 786 ποιησάμενος,
1253 718 1354 787 ὁρᾷ
1387 715 1590 787 νοητῶς
1623 715 1749 777 τοὺς

157 811 278 868 τῶν
302 811 632 881 τελουμένων
671 809 918 871 ὲνοειδεῖς
957 807 1166 877 λόγους,
1210 808 1378 880 πέρας
1419 808 1520 878 τῆς
1567 809 1645 869 εἰς
1678 807 1748 860 τὰ

158 901 393 975 δεύτερα
417 901 664 974 προόδου,
680 903 777 974 τὴν
804 904 884 965 είς
901 901 969 955 τὰ
993 901 1184 972 πρῶτα
1208 902 1540 972 ἐπιστροφὴν
1565 899 1746 953 ποιοῦ*

163 1013 329 1065 μενος

254 1267 392 1336 §IV.
438 1268 702 1325 Ἐνταῦθα
734 1267 902 1338 λέγει,
937 1271 988 1324 τί
1033 1269 1180 1343 δηλοῖ
1213 1274 1245 1344 ἡ
1276 1271 1560 1342 σύμφωνος
1597 1273 1734 1343 ψαλ-

161 1365 361 1435 μῳδία.
400 1365 540 1436 Ὀρα
572 1365 627 1418 δὲ
668 1362 728 1416 τὸ
764 1365 1184 1435 συνουσιωμένη,
1215 1367 1295 1417 ὅτι
1335 1365 1429 1418 καὶ
1461 1367 1521 1417 τὸ
1550 1367 1736 1436 σχεδὸν

159 1455 537 1528 προσέθηκεν·
583 1457 641 1508 οὐ
694 1455 801 1528 γὰρ
838 1457 1093 1528 ἀλλήλοις
1130 1458 1359 1526 ἦνωνται
1396 1458 1566 1511 ταῦτα
1613 1461 1735 1511 κατ’

153 1547 371 1611 οὐσίαν,
413 1547 546 1600 ἀλλὰ
591 1547 667 1617 τῷ
707 1548 841 1618 πρὸς
877 1547 972 1600 ’ἐνα
1008 1547 1208 1600 σκοπὸν
1247 1547 1313 1600 τὰ
1339 1548 1513 1601 πάντα
1549 1567 1732 1601 συντε-

153 1638 294 1703 λεῖν,
323 1636 596 1691 τουτέστιν
621 1638 699 1702 είς
719 1639 817 1708 τὴν
853 1637 960 1690 τῶν
994 1636 1289 1709 ἀνθρώπων
1316 1640 1606 1711 σωτηρίαν,
1627 1641 1729 1711 ἔφη

154 1730 220 1781 τὸ
244 1731 670 1801 συνουσιωμένη,
696 1730 815 1782 ὅθεν
842 1729 1000 1792 εὐθὺς
1037 1730 1278 1799 ἐπήγαγε
1310 1727 1370 1781 τὸ
1405 1730 1608 1798 σχεδὸν,
1636 1748 1727 1783 κο-

154 1821 336 1884 λάζων
357 1822 454 1892 τὴν
477 1822 583 1874 ἀπὸ
618 1823 718 1892 τῆς
755 1818 948 1886 λέξεως
981 1819 1305 1874 ἐναντίωσιν.
1333 1823 1640 1892 Κατωτέρω
1671 1822 1725 1874 δὲ

1853 617 2220 682 nihilominus,
2251 632 2350 672 ceu
2400 618 2675 672 absolutus
2713 617 2933 670 omnino
2971 633 3000 672 a
3030 621 3397 690 symbolorum

1850 706 2210 772 multitudine,
2264 721 2436 775 neque
2489 707 2654 760 rebus
2702 708 3046 775 sequioribus
3095 715 3402 766 communi-

1849 810 2002 861 cans,
2057 798 2123 850 ad
2171 800 2446 867 proprium
2499 796 2826 865 principium
2879 809 3205 866 revertatur,
3249 814 3302 856 et
3333 801 3398 857 ad

1847 899 2010 939 unum
2055 887 2351 955 spiritalem
2384 887 2590 942 faciens
2635 887 2935 952 introitum,
2965 901 3149 943 cernat
3189 894 3400 961 spirita-

1847 977 1966 1033 liter
1994 980 2290 1034 unil'ormes
2331 989 2802 1035 sacramentorum
2851 981 3109 1042 rationes,
3141 985 3265 1038 dum
3310 988 3394 1041 sul

1844 1071 1909 1121 ad
1935 1070 2182 1146 inferiora
2215 1087 2532 1141 progressus
2557 1073 2740 1138 linem,
2777 1072 3096 1129 diviniorem
3131 1079 3196 1131 ad
3224 1080 3396 1148 prima

1844 1161 1972 1216 facit
2002 1165 2386 1218 reversionem.

1913 1253 2055 1324 §IV.
2091 1257 2228 1310 Dicit
2279 1257 2368 1310 hic
2418 1255 2601 1318 etiam,
2639 1255 2765 1324 quid
2820 1269 3057 1311 consona
3096 1258 3397 1326 psalmodia

1838 1347 2122 1414 signiﬁcet.
2184 1347 2417 1402 Observa
2471 1362 2596 1401 vero
2643 1347 2769 1399 illud
2817 1350 3397 1420 συνουσιωμένη(ςοηο

1840 1435 2261 1506 substantiata),
2299 1439 2382 1491 cui
2436 1439 2594 1492 etiam
2650 1437 2758 1503 fere
2814 1439 3198 1509 addit:neque
3251 1443 3392 1497 enim

1837 1525 1948 1580 haec
1981 1527 2123 1581 inter
2159 1543 2216 1581 se
2255 1543 2350 1595 per
2377 1527 2730 1581 subSIautiam
2766 1527 3052 1596 conjuncta
3097 1540 3240 1596 sunt,
3297 1532 3392 1588 sed

1835 1628 1898 1667 eo
1928 1616 2066 1681 quod
2105 1615 2170 1669 ad
2201 1631 2364 1670 unum
2398 1616 2574 1671 omnia
2610 1631 2834 1685 scapum
2861 1620 3185 1686 pertineant,
3213 1623 3262 1675 id
3286 1635 3388 1688 est,

1833 1704 1900 1756 ad
1937 1705 2209 1759 hominum
2244 1708 2506 1772 salutem,
2577 1707 2711 1762 dixit
2772 1709 2903 1764 illud
2954 1713 3387 1784 συνουσιωμένη,

1837 1805 1928 1845 seu
1994 1797 2460 1860 consubstantiata,
2513 1797 2657 1850 unde
2701 1799 2882 1852 statim
2933 1800 3209 1868 subjunxit
3255 1803 3386 1870 fere,

158 1868 328 1884 --ν-νπ-
369 1868 447 1892 ν-,ν
479 1868 580 1874 --η
630 1868 714 1892 ν..
755 1868 945 1886 nam,
982 1868 1305 1874 ντ-η--π--ν-
1336 1868 1637 1892 --π-κ--Γπ
1676 1868 1724 1874 ν-

158 1913 294 1982 μίαν
343 1913 638 1984 ἐμπνευσίν
684 1930 835 1984 φησι,
872 1912 1115 1964 τουτέστι
1166 1912 1290 1981 μίαν
1339 1911 1654 1983 σύμπνοιαν,
1696 1914 1723 1964 ὃ
1757 1868 1795 1922 Β

1757 1868 1795 1922 li
1829 1881 2077 1938 dictionis
2127 1889 2538 1956 repugnantiam
2591 1891 2931 1958 corrigendo.
2995 1890 3162 1946 Paulo
3207 1868 3384 1948 autem

153 2003 311 2075 δηλοῖ
348 2003 438 2057 τὸν
481 2004 579 2056 ἕνα
619 2004 834 2057 πάντων
888 2003 1104 2058 σκοπόν.
1156 2005 1277 2067 Πῶς
1325 2001 1502 2056 τοίνυν
1536 2004 1722 2075 ἔμελλε

152 2094 571 2165 διαχωρίζεσθαι
607 2097 638 2166 ή
677 2095 800 2165 ἱερὰ
829 2094 1115 2165 ψαλμῳδία
1137 2093 1243 2147 τῶν
1282 2095 1609 2165 μυστηρίων,
1632 2095 1723 2147 καὶ

157 2187 238 2258 μὴ
280 2187 555 2258 παρευθὺς
614 2187 997 2258 συναρτᾶσθαι,
1045 2183 1164 2239 ἐπεὶ
1210 2185 1344 2256 πρὸς
1385 2187 1480 2239 ’ἐνα
1526 2181 1723 2238 σκοπὸν

155 2279 407 2351 ἀφορῶσι
440 2280 635 2342 πάντα,
671 2276 766 2332 καὶ
811 2279 870 2332 ἓν
916 2297 968 2333 τι
1008 2279 1114 2332 τῶν
1147 2282 1225 2340 είς
1267 2279 1535 2350 σωτηρίαν
1568 2281 1725 2348 ἀγόν-

159 2390 277 2427 των
310 2371 673 2442 ὑφηγοῦνταις
711 2373 848 2443 Ὅρα
884 2372 941 2425 δὲ
978 2371 1086 2426 τῶν
1106 2371 1203 2443 τῆς
1230 2373 1470 2436 Παλαιᾶς
1505 2372 1722 2442 βιϐλίων

149 2464 232 2528 ὡς
259 2465 315 2517 ὲν
349 2463 594 2533 συντόμῳ
627 2463 935 2536 ὲπίμνησιν.
983 2464 1046 2517 Ἥ
1078 2462 1207 2532 γοῦν
1247 2463 1348 2534 τῆς
1380 2463 1483 2517 ὑπὸ
1514 2462 1723 2533 γένεσιν

153 2555 446 2625 ὑπάρξεως
493 2556 672 2618 δέλτος
717 2556 749 2626 ἡ
809 2555 1024 2627 Γένεσίς
1063 2558 1240 2609 ἐστιν·
1279 2560 1309 2628 ή
1353 2558 1451 2628 τῆς
1496 2555 1723 2626 νομικῆς

151 2645 461 2716 ιεραρχίας,
496 2645 556 2696 τὸ
588 2645 868 2697 Λευιτικὸν
892 2645 1005 2696 ἐστι
1043 2646 1136 2697 καὶ
1174 2645 1233 2697 τὸ
1278 2645 1719 2716 Δευτερονόμιον·

153 2735 190 2806 ἡ
225 2735 327 2805 τῆς
353 2735 721 2806 κληροδοσίας,
756 2736 817 2788 τὸ
849 2736 958 2789 τῶν
1002 2735 1273 2808 Ἀριθμῶν
1303 2736 1520 2806 βιϐλίον’
1559 2734 1721 2807 ήτῶν

153 2824 514 2896 Βασιλέων,ή
548 2826 655 2878 τῶν
698 2825 915 2897 Κριτῶν
965 2827 1081 2879 ἐστι
1127 2825 1323 2896 βίϐλος.
1372 2825 1636 2888 Παλαιοὺς
1663 2825 1720 2876 δὲ

150 2919 356 2990 ἄνδρας
394 2917 538 2984 λέγει
571 2917 660 2969 τὸν
699 2918 958 2988 Μωῦσῆν,
989 2918 1079 2970 τὸν
1125 2917 1346 2988 Ἰησοῦν,
1381 2917 1471 2970 τὸν
1518 2917 1717 2979 Ἠλίαν,

151 3010 249 3063 καὶ
272 3010 397 3074 τοὺς
421 3008 652 3078 καθεξῆς
669 3025 682 3040 ο
704 3009 819 3063 θεῖα
850 3010 905 3062 δὲ
929 3010 1146 3081 ᾄσματα
1161 3024 1250 3062 τον
1277 3009 1462 3080 Ψαλτῆ
1471 3009 1538 3080 pd
1557 3025 1716 3080 φησι·

152 3102 252 3155 καὶ
269 3100 501 3164 εἰκόνας,
523 3102 584 3154 τὸ
615 3097 803 3172 τᾼσμα
819 3102 926 3155 τῶν
962 3104 1237 3173 ᾀσμάτων,
1271 3101 1402 3155 καθὸ
1433 3104 1462 3155 ὁ
1488 3100 1718 3174 Χριστὸς

1832 1974 1972 2029 infra
1996 1977 2072 2030 a'it
2112 1994 2273 2032 unam
2304 1980 2738 2048 inspirationem,
2765 1983 2815 2036 id
2839 1991 2946 2048 est,
2975 1999 3136 2038 unum
3171 1986 3389 2054 conspi-

1827 2069 2116 2130 rationem,
2150 2071 2295 2138 quod
2326 2070 2564 2125 declarat
2591 2088 2753 2126 unum
2780 2075 2939 2128 tinent
2968 2091 3086 2130 esse
3119 2080 3382 2132 omnium.

1826 2157 2106 2222 Quomodo
2155 2160 2335 2228 itaque
2362 2177 2515 2216 saera
2546 2162 2843 2230 psalmodia
2871 2176 3091 2234 propter
3125 2172 3384 2239 mysteria

1826 2247 2134 2314 dissideret,
2168 2258 2222 2302 et
2269 2267 2372 2304 non
2423 2253 2605 2305 statim
2648 2256 2988 2320 conveniret,
3046 2261 3383 2329 quandoquio

1827 2341 1946 2394 dem
1997 2343 2176 2396 omnia
2231 2351 2477 2412 spectent
2508 2344 2575 2398 ad
2625 2360 2789 2400 unum
2831 2361 3075 2416 scopum,
3115 2367 3383 2421 unumque

1827 2433 1954 2500 quid
1990 2448 2168 2486 rerum
2219 2435 2284 2487 ad
2313 2434 2542 2490 salutem
2589 2438 3006 2493 conducentium
3059 2444 3380 2510 explaneut?

1825 2522 2060 2578 Observa
2102 2534 2281 2579 autem
2329 2526 2590 2581 librorum
2636 2531 2875 2584 omnium
2926 2535 3142 2602 Antiqui
3187 2537 3378 2591 Testa-

1823 2621 1988 2671 menti
2019 2619 2173 2687 quasi
2206 2619 2524 2688 compendio
2548 2626 3136 2681 commemorationem.
3176 2626 3380 2684 Textus

1822 2711 2002 2778 itaque
2062 2712 2152 2781 qui
2206 2713 2476 2767 conditam
2529 2713 2788 2769 describit
2842 2717 3224 2784 substantiam,
3294 2732 3377 2776 est

1822 2802 2080 2865 Genesis;
2107 2802 2198 2871 qui
2235 2803 2459 2872 legalem
2503 2805 2888 2872 bierarchiam,
2919 2817 3000 2863 est
3027 2807 3294 2866 Leviticus
3323 2822 3380 2868 et

1825 2894 2330 2958 Deuteronomium;
2378 2894 2468 2963 qui
2522 2895 2901 2951 haareditatum
2951 2900 3373 2962 distributiones.

1820 2993 1903 3038 est
1951 2984 2087 3039 liber
2127 2983 2523 3054 Numerorum;
2557 2997 2639 3041 est
2687 2996 2741 3043 et
2790 2988 2993 3059 Regum
3021 2990 3377 3063 Judicumque

1824 3076 1980 3128 liber.
2022 3074 2237 3130 Prlscos
2269 3088 2447 3130 autem
2501 3078 2646 3133 viros
2697 3091 2858 3134 vocat
2903 3080 3142 3151 Moysen,
3188 3083 3373 3152 Iosue,

150 3191 404 3262 νυμφίος,
427 3194 518 3245 καὶ
550 3167 741 3263 νύμιρηῖ
771 3196 802 3264 ή
844 3167 1131 3264 Ἐκκλησία
1165 3192 1479 3258 είκονίζεται
1502 3210 1516 3223 ’
1540 3167 1721 3265 ’προα-
1751 3199 1790 3253 C

1751 3199 1790 3253 ο
1825 3167 2016 3231 Eliam,
2047 3177 2101 3222 et
2137 3168 2227 3236 qui
2279 3178 2606 3237 sequuntur;
2643 3169 2821 3224 divina
2863 3188 2992 3228 vero
3024 3174 3243 3231 Cantica
3282 3195 3375 3248 ap-

151 3287 445 3358 ναρρήσεις
466 3285 573 3338 τῶν
605 3286 893 3356 ἐσομένων,
927 3289 1023 3349 τὰς
1057 3285 1404 3358 προφητείας.
1441 3285 1716 3339 Ἐντεῦθεν

149 3380 224 3432 τὰ
263 3381 362 3450 τῆς
403 3379 546 3441 Νέας
580 3379 806 3446 εἰσάγει,
851 3378 943 3430 τοῦ
992 3377 1164 3450 Ἰησοῦ
1220 3379 1318 3442 τὰς
1369 3379 1715 3450 ἀνθρωπικὰς

152 3470 462 3541 θεουργίας,
496 3471 561 3534 ἃς
597 3470 725 3533 Θεὸς
757 3469 850 3532 ῶν,
875 3470 1220 3541 διεπράττετο
1252 3471 1716 3542 ἀναστρεφόμενος

155 3560 296 3630 μετὰ
330 3559 608 3629 σώματος’
641 3560 740 3622 τὰς
772 3559 878 3611 τῶν
910 3556 1166 3630 μαθητῶν
1188 3560 1420 3630 Πράξεις
1460 3556 1552 3612 καὶ
1573 3560 1715 3613 διδαα

154 3649 402 3712 σκαλίας,
437 3651 534 3702 ὅσα
567 3648 674 3720 γὰρ
705 3649 983 3720 ἐποίησαν,
1028 3650 1121 3703 καὶ
1145 3651 1242 3702 ὅσα
1276 3651 1536 3716 ἐδίδαξαν,
1561 3651 1711 3721 φησί.

153 3739 268 3810 Τὴν
303 3741 567 3811 μυστικὴν
605 3741 660 3794 δὲ
699 3741 926 3810 ὲποψίαν
951 3741 1100 3812 οἶμαι
1133 3741 1310 3810 λέγειν
1347 3741 1444 3812 τὴν
1483 3742 1712 3796 Ἀποκά-

151 3829 314 3899 λυψιν
353 3829 444 3882 τοῦ
482 3830 624 3884 θείου
671 3831 912 3885 Ἰωάννου
964 3832 1057 3885 καὶ
1096 3832 1506 3901 εὐαγγελιστοῦ·
1546 3834 1712 3903 ὑπερ-

155 3921 380 3991 κόσμιον
413 3921 468 3973 δὲ
516 3921 811 3989 θεολογίαν,
846 3921 906 3974 τὸ
937 3926 1057 3977 κατ’
1078 3922 1237 3976 αὑτὸν
1265 3923 1605 3991 Εὐαγγέλιον.

225 4179 254 4251 ς
287 4177 351 4231 ν.
392 4179 458 4230 Ἀ
480 4179 542 4250 δὴ
588 4178 759 4232 ταῦτα
793 4180 964 4233 πάντα
997 4178 1028 4250 ἡ
1065 4179 1328 4252 ίερολογία
1374 4183 1492 4244 ταῖς
1536 4180 1714 4249 ἁγίαις

153 4273 398 4334 τελεταῖς
434 4271 856 4343 συνερρίζωσεν·
893 4271 1041 4324 οὐδὲν
1084 4272 1192 4343 γὰρ
1224 4273 1454 4325 τελεϊται
1505 4289 1713 4345 σιωπη-

153 4365 264 4430 λῶς
299 4365 497 4434 πάντη,
531 4366 578 4416 εί
619 4364 691 4433 μὴ
727 4363 793 4415 δι’
819 4363 1000 4433 ὓμνων
1042 4363 1198 4416 Θείων
1238 4367 1329 4417 καὶ
1371 4364 1615 4436 ψαλμῶν.
1659 4366 1714 4420 ’0

155 4457 286 4526 γοῦν
329 4456 434 4509 τῶν
465 4456 691 4525 ψαλμῶν
725 4456 838 4508 ἐστι
873 4455 1069 4518 σκοπὸς
1107 4456 1170 4508 τὸ
1201 4454 1435 4525 ὑμνῆσαι
1473 4453 1602 4509 Θεόν
1633 4475 1710 4519 τε,

1824 3259 1985 3329 pellat
2011 3259 2175 3331 206
2215 3259 2472 3326 Psaltem;
2511 3269 2567 3316 et
2595 3262 2869 3332 imagines,
2905 3263 3182 3321 Canticum
3205 3273 3376 3324 canti-

1821 3367 2032 3418 corum,
2086 3353 2175 3406 ubi
2226 3352 2472 3408 Christus
2507 3369 2735 3423 sponsus
2779 3364 2833 3410 et
2876 3356 3116 3412 Ecclesia
3173 3376 3372 3429 sponsa

1820 3442 2083 3512 ﬁguratur
2102 3457 2116 3507 ;
2132 3441 2433 3496 futurorum
2457 3444 2834 3511 praedictiones
2857 3457 3012 3501 vocat
3037 3452 3370 3519 prophetias.

1818 3531 2018 3588 Deinde
2040 3535 2332 3588 introducit
2366 3550 2427 3589 ea
2469 3551 2586 3604 qua:
2604 3546 2727 3591 sunt
2751 3538 2882 3593 Novi
2928 3536 3280 3606 Testamenti,
3315 3555 3373 3598 ut

1821 3625 2221 3679 ltumanaslesu
2242 3627 2501 3694 actiones,
2536 3643 2669 3697 quas
2693 3629 2831 3684 Deus
2857 3633 3147 3696 exsistens,
3177 3649 3295 3688 cum
3321 3637 3371 3688 in

1815 3731 2041 3785 corpore
2097 3727 2424 3784 versaretur,
2460 3722 2740 3787 exercuit;
2777 3723 3156 3792 discipulorum
3207 3726 3373 3782 Actus

1816 3817 1979 3874 atque
1999 3809 2268 3862 doctrinas
2294 3826 2309 3862 :
2337 3819 2578 3865 recenset
2601 3812 2743 3865 enim
2767 3828 2883 3880 qua:
2905 3828 3184 3883 gesserunt
3209 3827 3373 3886 atque

1815 3898 2136 3954 docuerunt.
2160 3899 2436 3969 Mysticam
2458 3916 2588 3956 vero
2607 3901 2866 3957 visionem
2901 3905 3154 3960 existimo
3182 3921 3372 3961 vocare

1813 3988 2169 4059 Apocalypsin
2195 3990 2299 4044 divi
2328 3989 2547 4045 Joannis
2568 3993 2915 4058 evangelista:
2943 4010 3139 4063 :porro
3176 4012 3370 4066 supra.

1821 4081 2144 4135 ntttndialem
2200 4083 2542 4153 theologiam,
2584 4084 2824 4152 ejusdem
2856 4085 3223 4155 Evangelium.

1885 4171 1910 4241 ᾗ
1945 4172 1998 4226 ν.
2030 4172 2156 4226 Harc
2195 4175 2375 4242 utique
2417 4176 2594 4229 omnia
2629 4189 2798 4231 sacrm
2843 4178 3048 4248 pagina:
3079 4195 3199 4234 cum
3245 4199 3372 4236 san-

1817 4263 1920 4314 ctis
1961 4263 2317 4316 sacramentis
2345 4264 2788 4333 conjunxerunt:
2821 4266 2954 4318 nihil
2981 4268 3124 4320 enim
3150 4271 3369 4324 omnino

1819 4352 1981 4407 tacite
2014 4353 2336 4422 celebratur,
2373 4371 2548 4424 neque
2605 4358 2761 4412 aliter
2809 4373 2972 4426 quam
3020 4374 3116 4430 per
3160 4362 3370 4420 divinos

1817 4449 2046 4520 hymnos
2091 4459 2142 4503 ct
2172 4451 2426 4519 psalmos.
2478 4451 2662 4520 Itaque
2705 4452 3031 4520 psalmorum
3067 4470 3261 4524 scopus
3287 4469 3365 4513 est

155 4551 250 4604 tui.
303 4550 429 4612 τοὺς
480 4548 557 4624 τῷ
589 4548 706 4618 Θεῷ
756 4546 1010 4616 γνησίους
1037 4548 1251 4619 ἀνδρας,
1286 4549 1713 4620 ὑπαγορευτικὴν
1746 4542 1789 4594 ι)

1746 4542 1789 4594 ι»
1818 4539 2044 4594 laudare
2091 4542 2281 4604 Deum,
2319 4541 2571 4610 virosque
2620 4542 2728 4596 Deo
2781 4551 2963 4611 gratos
3018 4545 3083 4599 ad
3127 4548 3364 4616 ejusdem

154 4639 262 4692 τῶν
287 4637 541 4690 τοιούτων
558 4638 650 4690 καὶ
669 4636 1017 4708 περιεκτικὴν
1040 4637 1269 4706 ἐχόντων
1291 4637 1515 4707 δύναμιν
1541 4675 1555 4697 ,
1573 4639 1714 4702 ἥτις,

156 4732 341 4801 φησὶν,
379 4729 685 4797 ἀναγκαίως
716 4731 775 4781 ἐν
809 4731 940 4782 πᾶσι
964 4732 1074 4792 τοῖς
1109 4729 1432 4800 ίεραρχικῶς
1462 4729 1716 4800 τελουμέ-

157 4842 267 4888 νοις
305 4821 803 4893 παραλαμϐάνεται,
838 4819 1067 4890 ἔμμονον
1098 4819 1196 4890 τὴν
1230 4821 1338 4873 τῶν
1368 4819 1714 4890 ψαλλομένων

161 4916 380 4984 μνήμην
421 4911 720 4982 ἐμποιοῦσα
752 4913 865 4974 τοῖς
909 4911 1186 4980 ψάλλουσι,
1226 4913 1319 4964 καὶ
1355 4913 1452 4975 τὰς
1482 4911 1715 4982 ψυχικὰς

159 5005 316 5075 ἡμῶν
362 5005 502 5071 ἔξεις
545 5004 875 5075 ἐναρμονίως
923 5003 1214 5056 διατιθεῐσα
1259 5003 1393 5072 πρὸς
1425 5004 1492 5056 τὰ
1526 5004 1715 5074 μικρὸν

160 5096 384 5166 ὕστερον
437 5093 866 5166 τελεσθησὸμενα
909 5097 1196 5166 μυστήρια.
1241 5095 1383 5148 Λάϐε
1430 5096 1486 5147 δὲ
1528 5095 1618 5147 καὶ
1656 5095 1716 5146 τὸ

157 5189 252 5258 τῆς
321 5183 634 5256 ψαλμφδίας
704 5185 1020 5255 σύμφωνον,
1081 5188 1160 5249 εἰς
1213 5185 1556 5238 διδασκαλίαν
1615 5186 1712 5256 τῆς

161 5281 296 5350 πρὸς
320 5277 452 5330 Θεὸν
491 5279 578 5331 καὶ⁵
622 5275 756 5348 πρὸς
789 5275 1044 5347 ἀλλήλους
1079 5278 1327 5347 καὶπρὸς
1365 5279 1564 5348 ιαυτὴν
1595 5279 1716 5347 ὁμο-

162 5371 452 5443 φροσύνης.
492 5371 656 5423 Ὅταν
681 5370 808 5438 γοῦν
839 5369 1009 5424 ταῦτα
1046 5370 1286 5438 γένηται,
1313 5370 1460 5441 καλή
1492 5369 1714 5440 ὑμνολοο

160 5465 250 5532 γία
273 5462 456 5526 καλῶς
480 5461 706 5534 διαθήσῃ
729 5462 825 5525 τὰς
848 5461 1116 5532 ήμετέρας
1147 5460 1341 5530 ψυχὰς,
1368 5463 1462 5513 καὶ
1487 5463 1565 5525 είς
1591 5462 1714 5530 ὁμο-

162 5553 434 5626 φροσύνην
473 5551 692 5624 συνάξῃ,
724 5549 798 5614 ὡς
823 5549 886 5602 ἂν
926 5549 1014 5602 διὰ
1048 5550 1174 5618 μιᾶς
1214 5551 1307 5601 καὶ
1331 5550 1588 5619 δμολόγου
1621 5567 1712 5621 χο·-

164 5647 312 5714 ριίας
341 5643 441 5714 τὴν
473 5642 828 5711 ἀνεκλάλητον
867 5640 1022 5712 ήμῶν
1063 5641 1250 5711 νοερὰν
1280 5640 1594 5711 ψαλμῳδίαν
1628 5643 1713 5714 (ήν

164 5735 253 5787 καὶ
267 5732 714 5803 συντετμημένην
738 5733 828 5785 καὶ
854 5731 1311 5802 συνεσκιασμένην
1327 5731 1491 5799 λέγει·
1510 5733 1570 5784 τὸ
1593 5733 1709 5802 μὲν,

164 5825 233 5888 ὡς
264 5823 455 5896 νοερὰν
511 5824 604 5874 καὶ
631 5824 877 5884 ἑνιαίαν,
911 5821 972 5873 τὸ
1003 5821 1079 5884 δὲ,
1117 5824 1191 5884 ὼς
1225 5821 1403 5890 ἀφανῆ
1447 5825 1539 5878 καὶ
1573 5824 1712 5876 κατὰ

435 5920 704 5980 Ριτιιοι.
741 5919 853 5979 Gn.
892 5917 974 5977 ΙΙΙ

1817 4635 2000 4689 laudes
2031 4635 2324 4697 excitandi,
2353 4644 2407 4688 et
2437 4635 2488 4688 in
2539 4636 2606 4690 iis
2634 4636 2990 4691 conveniendi
3013 4639 3116 4692 vim
3145 4639 3364 4703 habent,

1817 4742 1952 4794 quae,
1989 4727 2180 4794 iuqttit,
2214 4727 2521 4782 necessario
2563 4727 2847 4780 adhibetur
2875 4728 3124 4782 omnibus
3154 4731 3219 4784 iis
3247 4746 3368 4800 quae

1818 4820 2154 4873 hierarchice
2180 4827 2463 4888 geruntur,
2489 4832 2552 4871 eo
2577 4818 2721 4886 quod
2741 4816 3091 4887 psallentibtts
3112 4831 3369 4876 constan-

1818 4922 1922 4963 tem
1955 4923 2141 4962 eorum
2177 4925 2295 4978 quae
2345 4909 2646 4979 psalluntur
2698 4909 3010 4962 memoriam
3067 4909 3364 4978 ingeneret,

1815 5011 1870 5054 et
1911 5000 2172 5054 animales
2216 5011 2429 5056 nostras
2491 4999 2806 5054 allectiones
2846 5015 3079 5071 congrue
3121 5003 3368 5072 disponat

1817 5093 1882 5144 ad
1938 5092 2217 5162 mysteria,
2269 5107 2388 5160 qua!
2442 5091 2600 5160 paulo
2661 5100 2781 5159 post
2831 5102 2958 5146 sunt
3009 5092 3356 5149 celebranda.

1818 5183 2122 5248 Quinetiam
2157 5183 2466 5251 psalmodize
2488 5193 2809 5237 concentum
2861 5183 3067 5251 accipe,
3120 5185 3187 5239 ad
3243 5201 3364 5240 eam

1816 5290 1934 5343 qua:
1963 5289 2082 5330 cum
2118 5276 2226 5329 Deo
2249 5284 2304 5329 et
2330 5275 2394 5328 ad
2427 5275 2682 5340 invicem,
2713 5285 2767 5329 et
2805 5291 2925 5330 cum
2963 5279 3252 5348 semetipso
3284 5291 3366 5335 est

1814 5367 2168 5436 concordiam
2212 5365 2562 5421 edocendam.
2599 5366 2722 5420 Haec
2751 5368 2841 5421 ubi
2875 5378 3089 5436 peracta
3130 5381 3274 5437 sunt,
3311 5383 3368 5428 et

1817 5460 2161 5532 hymnologia
2193 5468 2338 5513 recte
2365 5470 2579 5514 nostras
2593 5460 2800 5513 animas
2819 5463 3141 5529 composuit,
3166 5475 3222 5518 et
3247 5467 3365 5521 velo

1817 5551 1891 5603 uti
1926 5550 2079 5604 unica
2111 5551 2473 5618 concordique
2503 5557 2700 5606 chorea
2732 5554 3084 5608 concordavit
3119 5554 3366 5613 inellabio

1815 5644 1922 5695 lem
1957 5640 2097 5694 illam
2153 5650 2396 5694 nostrain
2448 5641 2748 5711 spiritalem
2791 5643 3142 5714 psalmodiam
3177 5644 3361 5717 (qtim

1813 5745 1862 5788 et
1921 5734 2197 5788 concisam
2252 5741 2306 5787 et
2351 5733 2730 5787 obumbratam
2757 5735 2888 5790 dicit
2916 5758 2927 5789 ;
2957 5731 3085 5790 illud
3123 5739 3364 5805 quidem,

1819 5833 2068 5892 tanquam
2116 5823 2436 5893 spiritaletn'
2471 5827 2817 5894 unicamque,
2865 5827 2967 5882 hoc
3026 5843 3181 5890 vero.
3241 5839 3356 5885 tan-

3062 5924 3134 5981 15
