4162 6304
764 380 867 448 {5'9

1933 374 1992 431 S.
2027 369 2329 428 DlONYSll
2358 366 2818 425 AREOPAGITIE

3874 373 3978 425 460

764 497 925 552 quam
984 480 1272 537 obscuram
1320 484 1394 531 et~
1424 473 1724 529 secundum
1777 470 2042 544 animam)
2080 466 2324 536 pluribus

2430 464 2624 534 ψυχὴν)
2657 461 2746 517 διὰ
2782 462 3040 515 πλειόνων
3088 461 3372 535 ἐξαπλώσῃ
3404 462 3644 529 είκόνων,
3680 464 3838 537 (άλλη
3872 481 3983 537 γαρ

762 576 1093 647 imaginibus
1139 568 1427 640 explicavit
1470 566 1594 637 (alia
1638 574 1722 619 est
1772 562 1915 617 enim
1959 560 2126 628 ﬁgura
2176 556 2322 626 psal-

765 669 976 734 ntodize,
996 674 1051 720 et
1074 664 1180 719 alia
1217 658 1493 728 lectionis)
1520 669 1724 725 :quare
1746 653 1906 708 etiam
1941 667 2036 721 per
2066 650 2324 704 lectiones

765 756 1069 815 istiusmodi
1102 751 1447 825 hymnologia
1486 746 1776 800 dilatatur.
1829 741 2038 797 Rursus
2080 740 2133 793 in
2177 739 2323 791 hisce

765 850 1088 907 lectionibus
1121 847 1213 916 qui
1259 846 1326 898 ad
1377 852 1593 895 sensum
1649 835 1899 895 attendit,
1944 831 2145 886 videbit
2192 844 2326 898 quo-

768 943 927 998 modo
956 942 1059 995 rite
1089 939 1270 993 omnia
1311 947 1367 991 et
1408 942 1467 987 ut
1499 938 1714 1001 oportet
1735 928 1985 990 ordinata
2010 923 2140 987 sint,
2165 921 2326 989 idque

769 1034 1063 1091 secundum
1099 1028 1509 1099 inspirationem
1552 1032 1607 1078 et
1648 1021 1963 1097 instinctum
1993 1011 2325 1104 divinivivi-

770 1126 964 1195 ﬁcique
1014 1121 1267 1191 Spiritus.
1322 1118 1601 1189 Leguutur
1630 1113 1778 1169 enim
1829 1109 2062 1179 primum
2113 1120 2181 1163 ea
2208 1118 2328 1195 qua:

769 1194 895 1273 sunt
930 1214 1136 1270 Veteris
1161 1208 1509 1268 Testamenti.
1536 1205 1729 1262 deinde
1759 1216 1878 1272 quae
1917 1206 2043 1256 sunt
2087 1194 2219 1251 Novi
2251 1194 2327 1249 si-

771 1310 975 1364 militer
1005 1326 1019 1361 :
1054 1304 1308 1377 quoniam
1376 1300 1507 1354 illud
1562 1296 1782 1367 quidem
1808 1293 1876 1348 de
1910 1290 2127 1347 Ghristo
2156 1287 2329 1343 disse-

772 1400 899 1464 ruit,
934 1401 1038 1454 hoc
1070 1411 1197 1453 vero
1228 1396 1400 1466 ipsum
1441 1389 1724 1453 exhibuit;
1758 1395 1921 1455 atque
1948 1382 2077 1438 illud
2100 1380 2325 1451 quidem

771 1493 973 1563 ﬁguras
1025 1488 1337 1558 descripsit,
1376 1485 1481 1540 hoc
1535 1497 1665 1537 vero
1712 1478 1999 1535 mnifesto
2043 1473 2324 1529 veritatem

2422 553 2584 607 εἰκὼν
2627 554 2725 625 τῆς
2768 552 3101 622 ψαλμῳδίας,
3139 554 3230 605 καὶ
3271 552 3403 624 ἄλλη
3442 555 3538 625 τῆς
3583 555 3982 627 ἀναγνώσεως)

2422 646 2703 719 εὐρύνεται
2738 646 2950 707 πάντως
2983 646 3014 713 ἠ
3054 643 3273 713 τοιαύτη
3308 644 3597 714 ὑμνολογία
3636 646 3729 698 καὶ
3767 646 3985 699 διάτῶν

2423 736 2795 806 ἀναγνώσεων.
2831 735 2998 788 Πάλιν
3042 735 3100 787 ἐν
3134 734 3359 797 ταύταις
3410 736 3529 798 ταῖς
3562 733 3928 803 ἀναγνώσεσιν
3954 735 3986 788 ὁ

2425 828 2566 883 κατά
2596 827 2716 881 νοῦν
2752 826 2979 897 βλέπων,
3005 825 3192 894 ὄψεται
3237 819 3447 888 πῶς’τά
3477 825 3649 878 πάντα
3686 824 3866 888 καλῶς
3893 826 3987 879 καὶ

2425 920 2498 983 ὡς
2529 919 2609 971 δεῖ
2640 917 2961 989 ἐτάχθησαν,
2996 919 3089 970 καὶ
3129 916 3268 969 κατά
3309 917 3597 987 ἐμπνευσιν
3630 917 3725 970 καὶ
3774 916 3988 986 κίνησιν

2429 1008 2522 1062 τοῦ
2551 1008 2692 1061 θείου
2726 1008 2819 1060 καὶ
2856 1004 3161 1078 ζωαρχικοῦ
3194 1006 3526 1077 Πνεύματος.
3573 1005 3990 1077 Ἀναγινὼσκον-

2430 1118 2521 1155 ται
2563 1099 2672 1172 γὰρ
2702 1098 2772 1153 τά
2810 1099 2908 1170 τῆς
2945 1097 3182 1172 Παλαιᾶς
3223 1096 3497 1172 Διαθηκης
3547 1099 3831 1170 πρότερον,
3887 1094 3985 1150 εἷθ’

2430 1161 2601 1257 οὕτως
2630 1161 2729 1264 τῆς
2749 1161 2919 1255 Νέας·
2949 1192 3029 1244 ὅτι
3067 1191 3101 1261 ἡ
3140 1161 3237 1261 ,λιν
3263 1161 3390 1272 ειττέ
3410 1161 3480 1244 τὰ
3510 1161 3635 1263 περι
3671 1161 3927 1262 Χριστοῦ,
3952 1190 3990 1260 ιι

2431 1284 2488 1337 δὲ
2511 1284 2721 1337 ἐτέλεσε
2739 1301 2752 1314 ο
2789 1285 2881 1336 καὶ
2914 1285 2948 1355 ἡ
2985 1283 3082 1354 μὲν
3106 1284 3317 1355 είκόνας
3344 1283 3597 1357 ἔγραψεν,
3626 1284 3661 1354 ἡ
3691 1283 3745 1336 δὲ
3778 1281 3990 1355 τρανῶς

2433 1376 2676 1443 ὑπέδειξε
2715 1376 2812 1447 τὴν
2845 1375 3130 1445 ἀληθειανο
3169 1377 3261 1428 καὶ
3293 1376 3324 1447 ἠ
3364 1376 3462 1445 μὲν
3495 1374 3735 1442 θεολογῖα
3779 1374 3992 1428 καλοῖτο

2428 1467 2514 1534 ἂν,
2529 1471 2561 1541 ἡ
2578 1468 2633 1521 δέ
2651 1468 2697 1520 Ν
2701 1468 2763 1521 tu
2779 1466 3051 1538 Θεουργία,
3068 1468 3149 1519 ὅτι
3159 1466 3291 1519 Θεὸν
3311 1465 3551 1532 ὑπέδειξε
3569 1466 3705 1537 μετά
3722 1465 3988 1536 σώματος.

772 1558 1184 1645 demonstravit;
1235 1585 1397 1648 atque
1460 1574 1588 1629 illud
1641 1576 1767 1626 item
1844 1566 2106 1637 theologia
2161 1562 2341 1618 vocari
2377 1562 2543 1631 possit
2570 1574 2664 1616 seu
2686 1573 2867 1615 sermo
2897 1561 2962 1614 de
2993 1560 3122 1624 Deo,
3149 1559 3249 1615 hoc
3276 1572 3406 1613 vero
3444 1558 3695 1629 θεουργία
3736 1574 3833 1614 seu
3857 1576 3994 1629 opus

772 1678 890 1741 Dei,
910 1677 1167 1747 quoniam
1187 1674 1471 1743 ipsummet
1511 1668 1675 1723 Deum
1735 1666 1788 1722 in
1820 1678 2049 1734 corpore
2075 1658 2342 1716 exhibuit.

845 1745 992 1841 §if1.
1024 1764 1126 1831 Qui
1165 1762 1384 1831 quidem
1444 1772 1723 1815 sacrarum
1782 1757 1977 1811 barum
2034 1751 2326 1806 lectionum

2496 1745 2631 1819 ενι.
2653 1747 2868 1801 Τούτων
2900 1747 3008 1801 τῶν
3033 1747 3193 1819 ἱερῶν
3218 1747 3571 1818 ἀναγνώσεων
3594 1749 3640 1802 οἱ
3674 1748 3771 1819 μὲν
3795 1749 3993 1813 τελέως

775 1862 1135 1927 tubarumque
1150 1852 1474 1923 spiritalium
1500 1850 1715 1921 penitus
1729 1846 1890 1916 20⁸1
1906 1851 2153 1899 exsortes
2181 1849 2327 1904 sunt,

775 1968 843 2005 ne
880 1951 1026 2019 ipsas
1055 1948 1273 2018 quidem
1330 1944 1591 2014 imagines
1609 1946 1931 1996 contuentur
1952 1950 2122 1989 :nam
2146 1932 2330 1987 oculos

776 2041 941 2097 semel
981 2040 1047 2095 ad
1074 2038 1254 2092 lumen
1295 2035 1491 2091 salutis
1527 2030 1893 2097 occluserunt,
1929 2029 2151 2096 Deoque
2185 2026 2331 2094 ipsos

776 2134 994 2188 vocanti
1048 2130 1416 2197 obstrepunt:
1449 2123 1576 2179 Vias
1618 2134 1739 2179 tuas
1780 2123 1921 2176 scire
1951 2119 2098 2174 nolo.
2150 2117 2331 2171 Tubas

779 2240 957 2280 autem
983 2220 1201 2289 accipit,
1227 2219 1315 2271 vel
1343 2226 1565 2287 propter
1598 2213 1841 2284 spiritale
1864 2212 2063 2293 bellum
2094 2209 2330 2264 ﬁdelium

778 2318 919 2388 quod
948 2314 1147 2368 habent
1175 2327 1296 2367 cum
1326 2308 1660 2373 adversario,
1688 2306 1768 2359 vel
1796 2316 2016 2374 propter
2055 2302 2199 2356 illam
2232 2316 2325 2371 po-

778 2410 888 2481 puli
930 2408 981 2460 in
1030 2406 1162 2459 Sina
1209 2401 1682 2471 congregationem
1739 2397 2035 2452 secundum
2085 2394 2329 2448 ordinem

778 2500 1089 2571 dignitatis;
1137 2510 1260 2550 nam
1311 2491 1483 2547 ultimi
1528 2489 1737 2544 illorum
1774 2500 1934 2541 voces
1963 2500 2025 2539 ac
2054 2484 2214 2539 tubas
2240 2498 2333 2536 au—

777 2595 1017 2648 diebant.
1053 2586 1222 2644 Porro
1256 2596 1367 2641 tres
1391 2585 1610 2640 ordines
1640 2583 1757 2646 bos,
1796 2578 2327 2638 catechumenorum,

780 2698 835 2741 et
869 2702 899 2740 a
929 2683 1207 2754 spiritibus
1251 2683 1620 2742 obsessorum,
1644 2674 2148 2745 pmnitentiumque,
2180 2684 2330 2723 sacra

782 2779 999 2848 quidem
1046 2776 1258 2831 sanctio
1300 2772 1567 2844 permittit
1612 2768 1798 2822 audire
1824 2766 2119 2830 lectiones,
2146 2777 2332 2819 verum

784 2879 936 2925 arcet
974 2885 1003 2923 a
1038 2867 1391 2938 sequentibus
1413 2860 1710 2935 mysteriis.
1746 2858 1885 2926 Quin
1909 2867 1961 2911 et
1994 2856 2126 2911 ordo
2158 2864 2333 2909 status

782 2979 969 3016 eorum
1001 2960 1297 3015 secundum
1324 2955 1591 3025 justitiam
1629 2951 1883 3007 deﬁnitus
1914 2957 1998 3002 est
2026 2964 2041 3011 ;
2074 2958 2231 3015 atque
2255 2946 2335 3001 ul-

786 3056 949 3108 timus
992 3052 1210 3121 quidem
1256 3048 1388 3104 ordo
1424 3044 1717 3101 attributus
1762 3048 1846 3095 est
1908 3037 2334 3101 catecbumeuis,

786 3155 971 3215 utpote
1000 3145 1141 3199 nullo
1173 3144 1350 3197 adhuc
1389 3144 1725 3195 sacramento
1778 3132 2027 3196 initiatis,
2057 3140 2109 3185 el
2146 3145 2339 3185 secun-

784 3241 911 3293 dum
940 3237 1107 3291 Deum
1143 3235 1367 3291 necdum
1406 3230 1643 3301 perfecte
1674 3228 1831 3282 natis.
1873 3222 2337 3291 Quemadmodum

785 3330 927 3383 enim
982 3328 1033 3381 in
1083 3327 1246 3380 rebus
1282 3322 1564 3392 corporeis
1599 3318 1822 3382 accidit,
1873 3325 1931 3368 ut
1986 3312 2340 3383 imperfectos

789 3420 929 3475 fetus
957 3428 1013 3472 et
1056 3420 1279 3470 abortus
1305 3427 1464 3485 nemo
1487 3412 1688 3467 dixerit
1716 3410 1767 3462 in
1799 3406 1973 3460 lucem
1992 3419 2115 3460 esse
2144 3406 2338 3471 editos,

788 3526 852 3565 eo
880 3510 1020 3578 quod
1051 3505 1356 3577 imperfecti
1391 3515 1631 3560 materno
1671 3513 1823 3557 utero
1860 3499 2161 3555 exciderint
2193 3498 2338 3567 (nam

788 3603 1045 3674 physicus
1099 3601 1450 3667 medicusque
1488 3598 1693 3661 dicent,
1744 3594 1916 3650 lucem
1970 3596 2022 3649 in
2081 3597 2147 3651 iis
2206 3594 2341 3649 nihil

793 3696 1031 3766 Operari,
1068 3708 1189 3748 cum
1238 3708 1267 3745 a
1313 3698 1506 3744 natura
1545 3688 1768 3752 habeat,
1799 3698 1856 3741 ut
1905 3698 2161 3758 operetur
2191 3688 2241 3740 in
2276 3687 2340 3739 iis

794 3804 915 3858 qua:
947 3787 1081 3840 lucis
1107 3793 1235 3838 sunt
1258 3781 1522 3851 capacia);
1544 3781 1730 3834 eodem
1760 3782 1917 3834 modo
1941 3782 1991 3833 in
2014 3778 2342 3850 spiritalibus

794 3897 852 3943 se
905 3895 990 3933 rc-s
1038 3877 1243 3931 habet:
1274 3871 1649 3930 catechumeni
1696 3873 1837 3925 enim
1877 3873 2053 3926 adhuc
2103 3871 2343 3940 Eloquiis

794 3971 1177 4033 informantur,
1210 3980 1386 4036 neque
1422 3966 1550 4019 dum
1593 3962 1884 4033 perfectam
1933 3963 2160 4017 formam
2197 3978 2345 4018 acce-

794 4072 1007 4131 perunt,
1025 4063 1118 4115 sed
1138 4059 1361 4129 perfecti
1385 4064 1566 4122 erunt,
1588 4056 1803 4126 quando
1819 4057 2002 4111 divino
2026 4057 2347 4125 baptismate

796 4157 991 4208 fuerint
1024 4152 1359 4221 regenerati;
1396 4160 1523 4207 tunc
1560 4162 1738 4205 autem
1794 4151 1879 4214 iis,
1925 4160 2178 4218 tanquam
2214 4150 2347 4204 lucis

796 4247 1125 4313 excipiendae
1157 4244 1465 4311 capacibus,
1515 4243 1821 4296 divinorum
1854 4240 2231 4311 mysteriorum
2271 4240 2349 4293 lu-

798 4340 942 4390 mina
967 4336 1347 4401 collucebunt;
1392 4349 1533 4387 nunc
1561 4348 1693 4388 vero
1724 4341 2002 4399 arcentur,
2044 4333 2346 4386 hierarcbia

798 4442 1184 4498 sacrorumque
1214 4428 1403 4483 ordine
1434 4428 1513 4481 sic
1536 4427 1877 4495 providente,
1912 4441 1979 4479 ne
2012 4421 2351 4495 quibuslibet

801 4521 1132 4591 propaletur,
1162 4520 1323 4573 etiam
1370 4518 1801 4581 catechumenis,
1845 4516 1934 4586 qui
1970 4525 2209 4583 tempore
2256 4530 2351 4581 op-

804 4624 1056 4683 portuno,
1086 4613 1175 4665 ubi
1205 4626 1301 4679 per
1333 4611 1596 4679 baptisma
1628 4616 2006 4669 renascuntur,
2035 4609 2199 4658 vitam
2243 4607 2353 4673 spi-

806 4705 1021 4759 ritalem
1072 4702 1359 4769 divinaque
1400 4700 1601 4753 lumina
1656 4699 1941 4767 recipiunt.
1987 4697 2165 4765 Quare
2209 4707 2355 4750 cate-

807 4800 1194 4851 cbumeuorum
1222 4794 1359 4848 ordo
1393 4801 1475 4847 est
1501 4800 1829 4861 postremus.

944 5067 1043 5120 VII.
1075 5066 1174 5132 Qui
1204 5081 1332 5120 vero
1374 5080 1402 5118 a
1427 5065 1710 5134 spiritibus
1751 5062 2036 5117 immundis
2063 5063 2352 5130 agitantur,

812 5160 1017 5212 ordinis
1041 5167 1161 5211 sunt
1185 5157 1409 5210 secundi
1441 5165 1494 5209 et
1517 5153 1899 5213 anterioris,id
1932 5160 2011 5205 est
2041 5152 2354 5219 superioris.

814 5250 1091 5321 Siquidem
1141 5249 1229 5302 blc
1281 5249 1414 5301 ordo
1456 5249 1724 5302 secundus
1762 5257 1847 5299 est
1876 5262 1903 5298 a
1937 5245 2356 5306 catechumenis,

813 5342 911 5399 sed
944 5341 1211 5410 superior,
1240 5339 1493 5409 quoniam
1524 5338 1576 5393 bi
1629 5338 1822 5393 initiati
1865 5349 1988 5392 sunt
2044 5349 2097 5391 et
2142 5336 2361 5389 minime

812 5444 1060 5491 exsortes
1088 5433 1439 5498 sacramenti,
1467 5441 1523 5483 ut
1548 5431 1643 5493 illi,
1679 5431 1887 5483 tametsi
1912 5440 1967 5483 et
1998 5429 2103 5481 illis
2127 5442 2358 5497 quoque,

814 5530 906 5598 qui
944 5525 1223 5595 corporeis
1258 5523 1529 5577 illecebris
1572 5532 1661 5575 aut
1702 5522 2040 5588 passiouibus
2083 5520 2362 5586 perturba-

816 5617 1163 5683 tionibusque
1200 5612 1398 5667 irretiti
1434 5621 1576 5675 sunt,
1611 5612 1791 5665 divina
1818 5611 2124 5663 communio
2146 5610 2361 5663 subtra-

817 5712 997 5771 hitur;
1023 5720 1255 5776 eumque
1277 5706 1517 5758 ordinem
1546 5715 1691 5755 recte
1721 5718 1777 5755 se
1809 5703 2004 5755 habere
2034 5716 2059 5751 a
2093 5703 2362 5755 contrario

818 5811 1120 5862 continuat.
1157 5804 1285 5858 Nam
1314 5804 1358 5857 si
1390 5817 1568 5855 verum
1601 5810 1700 5866 est,
1734 5802 1922 5869 inquit,
1947 5802 2180 5853 divinum
2217 5814 2363 5864 pror-

2431 1836 2534 1903 ἐξω
2591 1855 2691 1890 που
2746 1838 2854 1891 τῶν
2899 1838 3277 1909 πνευματικῶν
3329 1839 3637 1909 σαλπίγγων
3695 1839 3994 1911 ἱστάμενοι,

2429 1928 2547 1982 οὐδέ
2583 1930 2683 1993 τὰς
2715 1931 2928 1994 εἰκόνας
2969 1930 3166 2001 ὁρῶσιν
3188 1948 3201 1961 ο
3238 1931 3526 2003 άπέμυσαν
3550 1930 3656 2002 γὰρ
3683 1930 3826 1995 ἅπαξ
3858 1927 3995 2001 πρὸς

2428 2022 2488 2074 τὸ
2514 2021 2627 2091 φῶς
2659 2023 2757 2093 τῆς
2784 2023 3075 2094 σωτηρίας,
3111 2023 3202 2077 καὶ
3235 2010 3558 2092 ἀπολέγουσι
3578 2026 3673 2077 καὶ
3704 2022 3998 2092 ἀντιφθέγ-

2428 2130 2611 2183 γονται
2638 2112 2772 2185 πρὸς
2809 2113 2900 2167 τὸν
2935 2114 3197 2169 καλοῦντα
3228 2116 3377 2169 Θεόνο
3416 2117 3523 2179 Τὰς
3548 2114 3696 2178 ὁδούς
3730 2133 3823 2168 σου
3861 2117 3995 2168 εἰδε-

2429 2220 2518 2256 ναι
2547 2204 2606 2256 οὐ
2647 2202 2923 2273 βούλομαι.
2960 2204 3268 2273 Σάλπιγγας
3301 2205 3355 2258 δὲ
3400 2204 3808 2276 παραλαμϐάνει
3842 2204 3875 2275 ἢ
3909 2204 3998 2257 διὰ

2428 2296 2519 2349 τὸν
2574 2297 2937 2366 πνευματικὸν
2991 2297 3099 2350 τῶν
3159 2298 3364 2351 πιστῶν
3411 2298 3662 2368 πόλεμον,
3695 2297 3753 2350 ὃν
3809 2298 3992 2366 ἔχουσι

2429 2385 2564 2456 πρὸς
2596 2386 2688 2439 τὸν
2721 2387 3111 2459 ἀντικείμενον,
3146 2388 3179 2459 ἢ
3217 2388 3305 2440 διὰ
3324 2388 3422 2459 τὴν
3446 2387 3538 2439 ἐπῖ⁵
3562 2386 3655 2440 τοῦ
3679 2386 3808 2439 Σινᾶ
3840 2403 3998 2439 συνα-

2430 2479 2614 2550 γωγὴν
2646 2478 2739 2532 τοῦ
2774 2478 2906 2533 λαοῦ
2932 2481 3025 2534 καὶ
3057 2480 3153 2551 τὴν
3186 2482 3360 2533 ἐκεῖσε
3397 2481 3515 2533 κατ’
3537 2478 3690 2545 ἀξίαν
3736 2478 3919 2543 τάξιν
3944 2482 3995 2531 οι

2432 2571 2539 2643 γὰρ
2572 2572 2783 2641 ἐσχατοι
2820 2572 3043 2626 ἐκείνων
3075 2573 3183 2627 τῶν
3219 2571 3408 2643 φωνῶν
3432 2572 3522 2625 καὶ
3552 2570 3658 2624 τῶν
3687 2564 3997 2639 σαλπίγγων

2432 2665 2756 2735 κατήκουον.
2790 2664 3004 2729 Ταύτας
3035 2664 3091 2718 δὲ
3135 2664 3234 2727 τὰς
3273 2666 3422 2735 τρεῖς
3452 2663 3652 2730 τάξεις,
3685 2663 3793 2715 τῶν
3827 2678 3998 2730 κατη-

2434 2754 2731 2827 χουμένων,
2760 2756 2869 2810 τῶν
2918 2756 3023 2810 ὑπὸ
3068 2757 3390 2826 πνευμάτων
3446 2756 3867 2826 ἐνεργουμένων,
3901 2755 3997 2808 καὶ

2434 2847 2541 2919 τῶν
2574 2850 2632 2901 ἐν
2678 2848 2933 2920 μετανοίᾳ
2963 2848 3153 2911 ὄντων,
3198 2847 3380 2918 ἐφίησι
3422 2846 3519 2918 μέν
3551 2849 3580 2899 ὁ
3614 2846 3754 2916 ἱερὸς
3798 2845 3998 2915 θεσμὸς

2435 2941 2721 2994 ἐπακούειν
2761 2941 2863 3010 τῆς
2903 2940 3275 3008 ἀναγνώσεως,
3312 2939 3563 3010 ἀπείργει
3614 2939 3671 2991 δὲ
3715 2938 3827 2992 τῶν
3869 2934 3997 3015 ἑξῆς

2440 3032 2766 3104 μυστηρίων.
2806 3030 2953 3101 Πλὴν
2985 3031 3141 3101 καὶὴ
3183 3029 3334 3095 τάξις
3371 3031 3469 3101 τῆς
3509 3030 3745 3093 στάσεως
3793 3028 3998 3082 τούτων

2439 3119 2938 3198 κατὰδικαιοσύνην
2964 3117 3164 3189 ἐτάχθη
3183 3134 3196 3147 ⁸
3234 3118 3326 3171 καὶ
3358 3118 3558 3188 ἐσχάτη
3585 3118 3680 3188 μὲν
3710 3118 3860 3181 τάξις
3883 3121 3999 3181 τοῖς

2441 3211 2864 3282 κατηχουμένοις
2896 3209 3309 3279 ἀπονενέμηται,
3342 3208 3417 3272 ὡς
3449 3210 3709 3281 ἀμυήτοις
3757 3210 3856 3271 ἔτι,
3901 3210 4005 3262 καὶ

2443 3314 2518 3386 μὴ
2542 3311 2752 3365 τελείαν
2777 3304 2874 3381 τὴν
2909 3308 3047 3362 κατὰ
3070 3309 3199 3362 Θεὸν
3227 3309 3474 3375 άπότεξιν
3511 3308 3748 3379 ἔχουσιν·
3779 3309 3856 3371 ὡς
3888 3308 3999 3381 γάρ

2441 3403 2532 3455 ἐπὶ
2578 3400 2687 3455 τῶν
2733 3398 3057 3472 σωματικῶν
3109 3399 3241 3470 ἔχει,
3277 3400 3356 3452 ὅτι
3406 3398 3475 3452 τὰ
3538 3400 3834 3470 ἠλιτόμηνα
3897 3400 4000 3451 καὶ

2442 3492 2767 3565 ἐκτρώματα
2799 3494 2899 3547 οὐκ
2922 3493 2985 3546 ἄν
3017 3509 3099 3554 τις
3125 3490 3259 3562 πρὸς
3282 3491 3342 3543 τὸ
3375 3492 3487 3561 φῶς
3520 3492 3809 3561 ἀναχθῆναι
3833 3491 3999 3553 εἴποι,

2441 3584 2572 3638 διότι
2603 3584 2698 3655 τῆς
2743 3584 3007 3655 μητρικῆς
3054 3584 3289 3655 γαστρὸς
3324 3583 3583 3636 ἀτέλεστα
3616 3580 4002 3635 ἐκπεπτώκασι

2446 3672 2600 3745 (φαίη
2631 3674 2737 3747 γὰρ
2769 3678 2797 3727 ὁ
2830 3675 3072 3743 φυσικῶς
3104 3676 3195 3728 καὶ
3231 3674 3486 3747 ίατρικῶς
3517 3668 3674 3743 ἔχων,
3708 3674 3782 3737 ὡς
3802 3674 3897 3725 οὐκ
3930 3672 4003 3725 ἂν

2443 3768 2520 3829 είς
2567 3766 2705 3819 αὐτά
2735 3767 2794 3819 τὺ
2823 3766 2937 3836 φῶς
2970 3767 3299 3837 ἐνεργήσειε,
3337 3765 3497 3835 φύσιν
3528 3765 3649 3835 ἐχον
3696 3765 3775 3827 είς
3818 3764 4002 3817 ἐκεῖνα

2445 3859 2701 3930 ἐνεργεῖν,
2728 3858 2763 3912 ἃ
2793 3857 2855 3929 δὴ
2887 3859 2977 3911 καὶ
3011 3858 3184 3927 φωτὸς
3232 3858 3451 3913 δεκτικά
3502 3856 3690 3927 εἰσιν
3723 3855 3863 3908 οὕτω
3904 3857 4003 3908 καὶ

2446 3952 2536 4003 ἐπὶ
2566 3949 2674 4002 τῶν
2708 3950 3085 4024 πνευματικῶν
3118 3950 3260 4021 ἐχειο
3292 3949 3370 4000 ἐτι
3411 3947 3517 4020 γὰρ
3554 3949 3601 4001 οἱ
3654 3946 3997 4016 κατηχούμε-

2446 4060 2524 4097 νοι
2584 4043 2687 4095 ὑπὸ
2724 4043 2830 4097 τῶν
2876 4044 3082 4111 Λογίων
3132 4041 3491 4114 μορφοῦνται,
3532 4041 3625 4092 καὶ
3670 4040 3728 4092 οὐ
3788 4038 4000 4091 τελείαν

2447 4137 2713 4191 ἀπέλαϐον
2737 4137 3029 4208 μόρφωσιν,
3053 4136 3602 4209 τελεσφορηθήσονται
3618 4134 3693 4197 δὲ,
3717 4136 3844 4187 ὅταν
3871 4133 3925 4187 ϐε
3935 4136 4001 4208 ίῳ

2449 4239 2867 4311 ἀναγεννηθῶσι·
2894 4238 3253 4309 βαπτίσματι·
3302 4237 3420 4289 τότε
3468 4236 3561 4290 καὶ
3608 4236 3683 4299 ὡς
3736 4237 4003 4300 δεκτικοῖς

2449 4333 2628 4396 αὐτοῖς
2656 4331 2749 4384 τοῦ
2781 4331 2956 4398 φωτὸς
2992 4325 3161 4390 οὖσιν,
3190 4328 3483 4397 ἐπιλάμποι
3507 4326 3573 4379 ἂν
3610 4326 3676 4379 τά
3711 4327 3817 4379 τῶν
3845 4327 4004 4379 θείων

2455 4424 2764 4495 μυστηρίων
2797 4421 2949 4491 φῶτα
2968 4437 2981 4451 ·
3006 4420 3099 4474 νῦν
3125 4419 3179 4473 δὲ
3201 4418 3717 4482 ἀποδιαστέλλονται,
3744 4434 4002 4487 προνοου-

2457 4517 2621 4586 μένης
2650 4516 2749 4585 τῆς
2798 4514 3073 4587 ἱεραρχίας
3109 4512 3323 4581 καὶτῆς
3349 4510 3641 4579 εὐκοσμίας
3673 4508 3779 4560 τῶν
3820 4507 4001 4577 ἱερῶν,

2454 4608 2538 4659 ἵνα
2585 4607 2657 4677 μὴ
2710 4606 2938 4669 καὶτοῖς
2960 4604 3179 4674 τυχοῦσι
3212 4602 3483 4672 κατάδηλα
3599 4600 3691 4652 καὶ
3730 4600 3902 4652 αὐτῶν
3939 4600 4007 4670 δὴ

2452 4699 2558 4749 τῶν
2596 4697 3034 4767 κατηχουμένων,
3081 4696 3179 4765 τῆς
3223 4696 3363 4748 κατά
3403 4693 3613 4763 πνεῦμα
3669 4692 3830 4760 ζωῆς,
3864 4692 4007 4743 κατὰ

2456 4790 2643 4860 καιρὸν
2674 4791 2763 4843 τὸν
2786 4792 3129 4861 προσήκοντα
3160 4788 3456 4859 μελλόντων
3481 4789 3536 4838 ἐν
3580 4785 3656 4855 τῷ
3686 4782 4008 4852 γεννηθῆναι

2455 4882 2542 4935 διὰ
2571 4883 2957 4953 βαπτίσματος,
2991 4882 3083 4935 καὶ
3130 4882 3197 4934 τὰ
3250 4880 3363 4932 θεῖα
3417 4878 3702 4932 ἀπολαϐεῖν
3733 4876 3897 4945 φῶτα.
3942 4876 4007 4927 'H

2458 4972 2584 5040 γοῦν
2611 4973 2717 5025 τῶν
2750 4974 3164 5043 κατηχουμένων
3191 4970 3337 5035 τάξις
3363 4973 3558 5041 ἐσχάτη
3591 4969 3752 5021 ἐστίν.

2532 5064 2697 5136 ξνιι.
2741 5065 2802 5117 Ἦ
2832 5066 2887 5119 δὲ
2937 5065 3023 5117 διὰ
3070 5065 3174 5116 τῶν
3230 5066 3547 5133 πνευμάτων
3607 5056 4011 5131 ἐνεργουμένων

2459 5158 2681 5225 δευτέρα
2722 5157 2813 5209 καὶ
2841 5155 3142 5226 ἐμπροσθία
3164 5172 3176 5183 ·
3202 5153 3357 5206 τοῦτο
3384 5155 3491 5224 γάρ
3533 5154 3647 5204 ἐστι
3692 5151 3750 5203 τὸ
3792 5149 3925 5218 πρὸς
3951 5149 4013 5202 τὸ

2462 5252 2599 5304 ἀνω·
2636 5252 2681 5301 εί
2712 5250 2819 5320 γὰρ
2860 5250 2951 5300 καὶ
2983 5247 3208 5316 δευτέρα
3258 5246 3374 5298 ἐστὶ
3420 5244 3553 5316 πρὸς
3585 5244 3708 5305 τοὺς
3748 5255 4015 5308 κατηχου-

2466 5342 2675 5411 μένους,
2708 5338 2841 5391 ἀλλά
2859 5338 2989 5407 πρὸς
3014 5337 3073 5389 τὸ
3100 5336 3229 5397 ἀνω,
3255 5335 3333 5385 ὅτι
3350 5322 3493 5385 οὗτοι
3516 5329 3884 5398 ἐτελέσθησαν,
3913 5328 4016 5380 καὶ

2463 5435 2560 5484 οὐκ
2596 5431 2826 5502 άμύητοί
2875 5432 3028 5492 εἰσιν,
3058 5429 3129 5491 ὼς
3163 5430 3375 5490 ἐκεῖνοι,
3404 5424 3456 5477 εί
3478 5442 3528 5476 τι
3560 5425 3591 5494 η
3616 5422 3731 5475 Θεία
3760 5422 4015 5472 κοινωνία

2467 5527 2824 5587 συστέλλεται,
2856 5526 2945 5578 καὶ
2977 5526 3081 5577 ἀπὸ
3123 5523 3231 5574 τῶν
3282 5520 3643 5590 ἐνισχημὲνων
3689 5520 4016 5585 σωματικοῖς

2466 5618 2821 5687 θελκτηρίοις,
2849 5617 3013 5685 ἤγουν
3040 5614 3231 5666 πάθεσι
3258 5612 3349 5663 καὶ
3387 5613 3644 5681 ταραχαῖς
3676 5606 3885 5675 ἡδονῶν·
3921 5609 4017 5659 καὶ

2468 5709 2731 5778 ὲττικρίνει
2784 5706 2959 5767 καλῶς
2995 5705 3135 5765 ἔχειν
3188 5703 3283 5769 τὴν
3331 5701 3478 5763 τάξιν
3528 5702 3587 5748 ἐκ
3636 5698 3727 5747 τοῦ
3774 5697 4016 5748 ἐναντξου

2470 5796 2772 5865 ἐπιχειρῶν.
2797 5796 2855 5845 Εἰ
2876 5797 2976 5861 γάρ
3004 5794 3136 5843 ἐστι.
3159 5792 3337 5859 φησιν,
3356 5789 3567 5857 ἀληθὲς.
3586 5788 3656 5849 ὡς
3674 5791 3697 5838 ό
3726 5787 3860 5837 κατὰ
3881 5784 4017 5837 θεὸν
