4162 6304
150 368 251 423 481

690 370 775 424 DE
806 366 1082 427 ECCLES.
1121 370 1519 435 HlERABCH.,
1559 371 1714 439 CAP.
1747 372 1837 429 ιη.
1872 402 1943 418 --
1971 371 2313 439 PARAPHR.
2350 373 2805 434 PACHYMERE.

3251 380 3356 435 ιθι

150 486 456 558 ἄνθρωπος,
477 487 623 541 οὐδὲν
643 489 750 542 τῶν
778 490 973 563 σαρκὸς
994 489 1270 568 ἐνεργήσει
1298 487 1444 559 παρά
1478 502 1545 542 τα
1571 488 1710 543 κατά
1735 498 1782 558 Α

1707 508 1710 539 ;
1735 498 1906 569 Αειιε
1936 490 2109 545 virum
2137 506 2200 547 ea
2245 508 2367 563 quae
2397 493 2579 549 carnis
2610 504 2733 548 sunt
2776 492 2996 549 minime
3039 504 3350 549 curaturum

152 578 321 647 φύσιν
342 579 755 648 ἀναγκαιότατα,
782 580 843 634 τὸ
862 580 1147 649 φαγεῖν,τὸ
1173 583 1336 643 πιεῖν,
1362 578 1423 631 τὸ
1445 578 1708 641 ὑπνῶσαι,

1810 582 1943 637 citra
1999 592 2205 637 natura:
2256 585 2658 648 necessitatem,
2687 594 2746 639 nt
2796 585 2849 639 in
2883 583 3241 662 comedendo,
3266 586 3319 641 bi
3336 615 3349 626 -

152 670 251 724 καὶ
279 670 447 725 ταῦτα
492 670 801 743 παρέργως,
829 674 951 735 ναὸς
975 672 1029 724 δὲ
1063 671 1213 724 ἔσται
1238 671 1332 724 καὶ
1350 668 1545 733 ὁπαδὸς
1572 668 1712 722 κατά

1711 712 1712 717 η
1809 671 2006 737 bendo,
2034 673 2376 740 dormiendo.
2396 685 2451 733 et
2476 678 2591 731 haec
2637 677 2837 751 obiter,
2866 679 2960 733 sed
2988 677 3245 747 templum
3271 693 3354 732 se-

154 762 338 816 πάντα
384 761 477 815 τοῦ
528 761 862 831 πνεύματος·
895 761 1115 831 εὔδηλον
1143 761 1217 826 ὡς
1261 763 1290 813 ὁ
1328 760 1562 824 τοιοῦτος
1616 758 1710 813 ἀτε

1709 801 1710 804 η
1812 773 2184 835 ctatoremque
2237 768 2461 836 spiritus
2490 768 2656 839 208
2694 782 2792 837 per
2842 767 3024 824 omnia
3074 768 3352 827 futurum:

153 854 278 926 Θεῷ
309 855 601 927 ἡνωμένος,
644 856 743 908 οὐκ
783 854 1203 926 ὲνεργηθήσεται
1262 854 1364 907 ὑπὸ
1404 853 1711 924 ἀκαθάρτου

1809 862 2154 930 manifestum
2195 871 2316 929 est,
2367 865 2544 919 virum
2590 863 2958 933 ejusccmodi,
3012 872 3196 933 utpote
3247 865 3357 922 Deo

158 947 494 1017 πνεύματος·
529 947 812 1014 γελάσεται
854 946 908 999 δὲ
957 946 1153 1016 μᾶλλον
1194 945 1325 998 αὐτὸ
1353 946 1444 998 καὶ
1471 962 1713 998 καταπα-

152 1038 359 1103 λαίσει,
403 1039 495 1093 καὶ
537 1038 851 1105 ὲκδιώξεται
887 1038 980 1092 καὶ
1021 1032 1210 1116 δράσει·
1248 1035 1442 1107 μᾶλλον
1480 1037 1559 1100 είς
1583 1034 1714 1088 αὐτὸ

153 1133 288 1202 παρ’
315 1132 344 1183 ὃ
367 1131 609 1185 πείσεται
639 1133 769 1202 παρ’
789 1128 981 1184 αὐτοῦ·
1029 1129 1224 1199 μᾶλλον
1263 1128 1320 1181 δὲ
1364 1129 1456 1183 καὶ
1509 1127 1713 1199 ἑτέροις

156 1224 341 1294 ίατρὸς
365 1222 722 1294 πνευματικὸς
750 1223 1060 1295 ὀφθήσεται.
1092 1222 1209 1275 Ἔτι
1241 1222 1437 1293 μᾶλλον
1475 1220 1531 1274 δὲ
1560 1222 1715 1293 ἀκρι-

154 1314 268 1378 ϐῶς
292 1310 427 1378 οἴδα,
454 1314 583 1385 ὡςὴ
617 1314 726 1369 τῶν
755 1314 1080 1393 ίεραρχικῶν
1101 1312 1303 1385 ἀμιγὴς
1336 1313 1443 1367 τῶν
1461 1312 1714 1385 χειρόνων

155 1404 412 1457 ἀπάντων
459 1402 727 1475 διάκρισις
782 1403 979 1475 μᾶλλον
1023 1403 1134 1473 ἔχει
1186 1402 1550 1473 δαιμονῶντας
1589 1402 1715 1465 τοὺς

153 1496 426 1565 ἀσελγεῖς,
458 1496 491 1567 ἢ
513 1499 637 1560 τοὺς
666 1496 774 1550 ὑπὸ
788 1496 1109 1567 πνευμάτων
1134 1496 1568 1557 καταπίπτοντας
1585 1511 1597 1523 ·
1623 1495 1718 1548 καὶ

154 1588 267 1657 γὰρ
281 1589 331 1639 οί
348 1586 573 1640 τοιοῦτοι
594 1585 838 1649 τάδντως
857 1586 983 1640 ὄντα
999 1587 1304 1656 προήκαντο
1330 1584 1417 1637 διὰ
1435 1583 1532 1655 τὴν
1553 1582 1718 1654 αἰσχί-

156 1691 291 1746 στην
326 1676 538 1745 ἡδονὴν,
563 1676 655 1728 καὶ
686 1676 783 1745 τὴν
810 1675 1059 1727 ἀϐέϐαιον
1089 1676 1147 1727 ὲν
1172 1676 1285 1737 τοῖς
1304 1672 1599 1745 ἀλλοτρίοις
1619 1673 1717 1725 οὐκ

152 1761 340 1829 οὖσαν,
357 1766 489 1820 ἀλλά
503 1764 761 1820 δοκοῦσαν
781 1764 1091 1819 εὐπάθειαν.
1119 1764 1394 1836 Ἀλλότρια
1414 1764 1469 1816 δὲ
1486 1763 1629 1831 λέγει
1649 1761 1719 1815 τά

1812 950 2045 1017 unitum,
2083 965 2423 1021 nequaquam
2471 954 2538 1008 ab
2588 952 2867 1009 immundo
2898 951 3091 1023 spiritu
3144 954 3355 1023 agitan-

1812 1040 1970 1105 dum;
2004 1044 2096 1098 sed
2141 1045 2321 1113 potius
2369 1043 2543 1112 ipsum
2593 1044 3353 1107 irrisurumetsubacturum,

1814 1132 2328 1203 insectaturumqne,
2362 1133 2745 1204 illaturumque
2768 1136 2949 1205 potius
2970 1134 3174 1203 aliquid
3198 1150 3358 1203 quam

1813 1227 1880 1279 ab
1906 1240 1971 1279 eo
2001 1240 2315 1295 passurum;
2349 1226 2590 1296 quinimo
2616 1240 2830 1297 quoque
2855 1226 2977 1285 aliis
3001 1241 3061 1281 se
3090 1226 3358 1281 medicum

1812 1314 2109 1384 spiritalem
2155 1314 2451 1370 exhibebit.
2499 1315 2783 1371 Praeterea
2815 1325 3147 1386 compertum
3184 1316 3362 1372 habeo

1814 1407 2245 1463 sincerissimum
2296 1420 2575 1465 sacrorum
2620 1408 2873 1465 ordinum
2897 1408 3158 1478 judicium
3189 1410 3361 1477 magis

1814 1499 2171 1553 daemoniacos
2202 1499 2518 1555 existimare
2562 1499 2686 1555 illos
2732 1499 2822 1569 qui
2856 1499 3055 1556 inertia
3090 1499 3357 1561 diﬁlnnnt.

1814 1602 1978 1656 quam
2042 1590 2131 1659 qui
2185 1592 2467 1662 spiritibus
2506 1590 2895 1660 succumbunt;
2946 1592 3209 1661 siquidem
3270 1593 3360 1662 qui

1818 1680 1950 1735 tales
1990 1690 2143 1746 sunt,
2190 1692 2409 1753 propter
2458 1683 2834 1757 turpissimam
2892 1682 3253 1753 voluptatem,
3306 1695 3363 1737 et

1816 1784 1936 1824 eam
1962 1786 2081 1841 quac
2106 1773 2159 1827 in
2185 1773 2375 1829 alienis
2397 1773 2618 1828 minime
2646 1781 2745 1839 est,
2774 1774 2869 1831 sed
2896 1788 3016 1829 esse
3038 1772 3269 1842 videtur,
3288 1774 3365 1828 fe-

155 1856 293 1931 πρὸς
313 1854 582 1926 ἁμαρτίαν
596 1872 609 1885 ⁸
626 1856 685 1909 ού
700 1854 809 1927 γὰρ
828 1853 1028 1933 φυσικὴ
1049 1854 1081 1924 ἡ
1102 1853 1360 1925 ἁμαρτία.
1383 1852 1453 1904 Ἦ
1472 1848 1722 1920 ἀλλότριά
1753 1842 1793 1897 Β

1753 1842 1793 1897 Β
1822 1860 2107 1931 licitatem,
2130 1878 2256 1922 vera
2275 1864 2413 1920 bona
2443 1862 2829 1941 prudegerunt.
2858 1865 3050 1921 Aliena
3072 1875 3249 1933 autem
3280 1881 3366 1920 vo-

155 1962 289 2016 φησι
322 1946 390 2000 τὰ
432 1946 573 2000 κατὰ
614 1946 837 2017 κόσμον,
860 1944 935 2009 ὡς
963 1944 1024 1998 οῦ
1053 1961 1196 2009 τινος
1230 1943 1373 1998 ίδικά
1411 1943 1573 2007 ἰδίως,
1598 1940 1711 1995 ἀλλ’

154 2036 215 2101 te
250 2034 421 2089 ἀλλων
462 2038 541 2099 είς
582 2036 772 2101 ἄλλους
824 2036 1256 2108 μεταπίπτοντα·
1291 2033 1325 2105 ἢ
1368 2034 1463 2086 καὶ
1501 2033 1576 2097 ὼς
1614 2032 1714 2085 οὐκ

152 2124 321 2197 οῦσης
351 2127 407 2178 ὲν
432 2125 639 2199 τούτοις
658 2126 747 2180 διά
776 2126 973 2189 παντὸς
1001 2125 1102 2196 ’τῆς
1125 2123 1394 2195 ἡμετέρας
1422 2120 1712 2191 διαγωγῆς,

152 2215 292 2270 ἀλλά
316 2217 451 2288 πρὸς
472 2217 655 2291 ἓτερον
692 2216 804 2287 βίον
826 2216 1059 2289 ὁρώσης,
1093 2216 1177 2285 ἐφ’
1195 2207 1238 2281 ᾧ
1260 2214 1355 2267 καὶ
1388 2211 1709 2283 γεγόναμεν.

152 2316 256 2371 Διά
282 2315 411 2385 γοῦν
437 2315 591 2370 τοῦτο
621 2316 962 2390 κυριωτέρως
985 2310 1129 2369 οὗτοι
1147 2315 1253 2368 τῶν
1274 2312 1377 2390 ύπὺ
1397 2312 1715 2384 πνευμάτων

153 2402 603 2463 κατάπιπτόντων
620 2407 718 2478 τῆς
734 2406 1012 2473 κοινωνίας
1031 2405 1482 2478 ἀφορισθήσονται
1499 2421 1513 2435 ·
1531 2402 1591 2456 οὐ
1608 2402 1716 2474 γὰρ

158 2497 377 2569 θεμιτὸν
397 2501 577 2562 αὐτοῖς
594 2501 780 2571 ἑτέρου
806 2496 949 2571 τινὸς
969 2497 1113 2570 ἱεροῦ
1134 2496 1469 2569 μετασχεῖνῆ
1491 2495 1590 2568 τῆς
1608 2493 1717 2547 τῶν

155 2592 366 2658 Λογίων
392 2591 766 2659 ἀναγνώσεως,
798 2589 872 2654 ὡς
901 2590 965 2644 ἂν
1011 2590 1075 2643 δι’
1100 2589 1277 2642 αὐτῶν
1310 2587 1718 2657 ὲπιστρέφοιντο

163 2684 257 2737 ἐπὶ
286 2685 355 2738 τὰ
386 2687 444 2752 ἐξ
483 2680 556 2738 ὧν
588 2684 861 2751 ἐξέπεσον.
897 2683 1079 2737 Ταῦτα
1103 2683 1159 2736 δὲ
1203 2684 1376 2737 πάντα
1402 2680 1613 2751 εἴρηται
1642 2678 1718 2749 τῷ

155 2776 297 2847 ἀγίφ
318 2774 570 2848 περὶτῶν
590 2774 868 2847 ὲμπαθῶν,
898 2774 991 2828 καὶ
1021 2775 1100 2828 ἔτι
1132 2773 1395 2846 μενόντων
1421 2770 1720 2843 ἀμετανοή-

154 2884 285 2932 των,
301 2867 374 2932 ὡς
391 2867 503 2939 ἔχει
526 2868 586 2920 τὸ
613 2868 719 2922 ἀπὸ
744 2867 836 2929 τοῦ
865 2868 1105 2940 μείζονος
1122 2864 1511 2936 ἐπιφερόμενον
1525 2863 1723 2934 ἐπιχεί-

162 2976 330 3031 ρημα.
349 2961 486 3029 Φησὶ
512 2959 640 3031 γάρ·
666 2960 730 3012 Ei
749 2958 857 3030 γάρ
878 2958 973 3012 καὶ
1000 2958 1126 3021 τοὺς
1153 2957 1286 3027 πρὸς
1313 2956 1447 3026 αὐτῇ
1478 2958 1543 3025 τῇ
1565 2971 1722 3025 μετα-

158 3050 273 3121 νοίᾳ
301 3049 457 3111 ὄντας
474 3050 507 3119 ὴ
525 3047 631 3101 τῶν
654 3047 813 3102 θείων
834 3046 1110 3119 ἱερουργία
1128 3044 1441 3107 ἀπωθεῖται,
1461 3044 1519 3096 ού
1540 3059 1710 3115 προσ-

160 3142 347 3215 ιεμένη
372 3141 592 3204 τούτους
620 3140 706 3193 διά
737 3140 797 3193 τὸ
829 3140 901 3211 μὴ
921 3136 1056 3192 εἶναι
1072 3136 1348 3200 παντελῶς
1371 3136 1711 3208 ἱερωτάτους,

160 3229 569 3305 προσφωνοῦσα,
592 3225 722 3293 οἷον,
750 3228 825 3292 ὡς
850 3227 1073 3290 ἀθέατός
1101 3225 1214 3295 ειμι
1241 3225 1334 3277 καὶ
1360 3222 1712 3292 ἀκοινώνητος

159 3329 291 3380 πᾶσι
317 3328 428 3389 τοῖς
457 3324 531 3395 μὴ
559 3323 726 3389 ἀξίοις
764 3322 843 3383 είς
875 3319 1177 3382 κοινωνίαν,
1208 3315 1386 3387 πολλῷ
1413 3332 1475 3384 γε
1515 3314 1711 3385 μᾶλλον

159 3418 611 3490 ἀπειρχθήσονται
640 3414 840 3485 ταύτης
873 3413 922 3466 oi
948 3412 1026 3465 ἔτι
1055 3409 1425 3482 ἀμετανόητοι.
1469 3407 1620 3460 Ἐπεὶ
1656 3406 1712 3459 δὲ

156 3510 253 3563 τοῦ
286 3510 429 3564 θείου
466 3508 592 3562 ναοῦ
636 3507 919 3577 γεγόνασιν
945 3504 1068 3570 ἔξω,
1098 3502 1191 3557 καὶ
1218 3503 1265 3555 οἱ
1291 3502 1522 3571 ἀμύητοι
1547 3514 1715 3568 κατη-

158 3605 431 3676 χούμενοι,
469 3603 562 3656 καὶ
586 3603 636 3655 oi
662 3600 946 3673 ἐμπαθεῖς,
995 3597 1071 3660 ὡς
1100 3594 1400 3649 ἀποστάται
1436 3592 1535 3662 τῆς
1565 3592 1714 3654 θείας

158 3698 332 3769 ζωῆς·
370 3696 591 3767 προσέτι
619 3695 675 3747 δὲ
725 3693 817 3745 καὶ
837 3694 884 3744 οί
912 3689 1015 3744 ὑπὸ
1048 3686 1367 3757 πνευμάτων
1395 3682 1714 3753 ἐνοχλούμεο

158 3804 260 3850 νοι,
292 3785 589 3858 πρόστιμον
635 3783 845 3855 ἔχοντες
893 3780 990 3833 καὶ
1034 3770 1313 3841 061m,qu
1358 3776 1457 3829 οὐκ
1502 3774 1714 3845 ἔχοντες

160 3877 558 3947 ἀπολογίανίτὸ
612 3874 878 3938 ἀκουσίως
910 3873 1157 3942 πάσχειν,
1181 3870 1333 3924 αὐτοὶ
1370 3868 1478 3940 γάρ
1513 3866 1715 3921 ἔδωκαν

159 3970 385 4033 ἑαυτοὺς
431 3970 543 4031 τοῖς
594 3966 919 4037 ἀκαθάρτοις
971 3962 1262 4034 πνεύμασι,
1319 3960 1391 4032 μὴ
1442 3958 1713 4012 συντονίαν

160 4065 296 4136 πρὸς
323 4062 390 4116 τά
423 4061 537 4115 θεῖα
591 4061 685 4114 καὶ
714 4057 1042 4128 στερρότητα
1089 4052 1441 4125 κεκτημένοι*
1468 4047 1587 4106 εἶτα
1619 4051 1715 4105 σὺν

158 4157 376 4219 τούτοις
423 4152 517 4208 καὶ
570 4154 618 4205 οί
677 4150 1102 4222 μετανοήσαντες
1151 4147 1247 4218 μὲν
1279 4145 1371 4200 ἐπὶ
1408 4147 1520 4209 τοῖς
1568 4142 1715 4207 ίδίοις

162 4249 460 4318 σφάλμασι,
484 4244 577 4298 καὶ
604 4244 703 4312 τῆς
735 4241 979 4305 ἐναντίας
1006 4237 1337 4299 ἀποστάντες
1377 4235 1542 4304 ζωῆς,
1564 4231 1716 4285 οὔπω

159 4343 212 4395 δὲ
252 4340 449 4403 τελέως
476 4336 864 4407 καθαρθέντες·
895 4335 987 4388 καὶ⁸
1013 4331 1127 4403 μετ’
1168 4330 1358 4391 αὐτοὺς
1386 4329 1433 4380 οἱ
1465 4328 1537 4397 μὴ
1566 4325 1717 4395 ἀμω-

164 4449 249 4502 μοι
278 4430 452 4497 πάντη
475 4428 567 4480 καὶ
593 4425 876 4496 ἁλώδητοι,
902 4422 1082 4485 καθὼς
1107 4422 1200 4475 καὶ
1220 4420 1276 4472 ὲν
1296 4417 1371 4487 τῷ
1392 4416 1538 4487 νόμῳ
1558 4415 1619 4467 τὸ
1637 4414 1718 4477 είς

1742 3187 1787 3250 C

1811 1962 1898 2009 cat
1922 1968 2039 2022 qua
2068 1956 2133 2009 ad
2154 1964 2431 2025 peccatum
2459 1958 2766 2025 pertinent;
2790 1971 2893 2013 non
2922 1957 3067 2012 enim
3086 1969 3365 2029 peccatum

1812 2053 1897 2099 est
1912 2045 2037 2114 qui'd
2065 2046 2429 2103 naturale.Vel
2448 2046 2621 2102 aliena
2639 2048 2767 2103 dicit
2785 2061 2846 2102 ea
2866 2064 2985 2119 qua
3009 2049 3193 2106 mundi
3215 2058 3365 2111 sunt,

1814 2136 1953 2206 quod
1970 2136 2164 2192 nullius
2179 2138 2392 2207 preprie
2416 2138 2525 2192 sint
2540 2138 2775 2208 propria,
2797 2140 2891 2194 sed
2912 2140 2980 2199 ab
3001 2139 3122 2195 aliis
3138 2139 3203 2195 ad
3219 2140 3367 2203 alios

1815 2216 2121 2293 transeant;
2138 2236 2229 2281 aut
2252 2228 2415 2282 etiam
2433 2228 2576 2297 quod
2605 2228 2657 2282 in
2684 2228 2770 2283 bis
2792 2242 3128 2298 nequaquam
3149 2231 3368 2285 omnino

1813 2319 1988 2389 posita
2017 2318 2087 2374 sit
2104 2326 2285 2374 nostra
2305 2318 2516 2375 vivendi
2547 2318 2709 2383 ratio,
2732 2318 2825 2376 sed
2852 2319 3013 2373 aliam
3045 2320 3211 2375 vitam
3242 2335 3366 2391 spe-

1815 2408 2123 2477 ctet,cujus
2140 2400 2303 2464 etiam
2338 2409 2646 2480 gratia’nati
2682 2421 2888 2465 sumus.
2923 2408 3055 2467 Cum
3095 2412 3275 2481 itaque
3311 2413 3368 2467 bi

1815 2500 1989 2573 magis
2014 2501 2230 2570 proprie
2258 2500 2538 2571 spiritibus
2573 2500 2902 2571 subiaceant,
2942 2502 3135 2559 merito
3158 2519 3189 2557 a
3214 2517 3366 2559 com-

1817 2592 2069 2647 munione
2101 2591 2462 2649 excluduntur
2496 2614 2509 2647 :
2545 2593 2907 2661 nequeenim
2951 2594 3033 2649 eis
3081 2592 3209 2650 licet
3239 2593 3369 2649 aite-

1818 2682 1934 2737 rius
1950 2681 2267 2755 cujusquam
2300 2684 2593 2754 participes
2622 2698 2763 2750 esse,
2795 2694 3150 2756 prmterquam
3183 2685 3359 2757 lectio-

1818 2774 1903 2829 nis
1958 2773 2382 2844 Scripturarutn,
2428 2784 2486 2829 ut
2528 2790 2626 2845 per
2676 2790 2769 2830 eas
2823 2782 3164 2831 revertantur
3188 2777 3256 2831 ad
3302 2791 3365 2831 ea

1818 2864 2013 2933 quibus
2054 2856 2399 2923 exciderunt.
2425 2864 2551 2925 Haec
2585 2877 2768 2921 autem
2795 2866 2975 2923 omnia
3016 2866 3158 2922 dicta
3188 2875 3316 2921 sunt
3336 2882 3366 2922 a

1820 2955 1937 3011 viro
1957 2968 2145 3025 saneto
2188 2955 2255 3011 de
2287 2956 2354 3012 iis
2384 2957 2474 3027 qui
2512 2957 2859 3028 passionibus
2884 2956 3103 3013 obnoxii
3132 2966 3279 3022 sunt,
3314 2967 3366 3013 et

1820 3046 1994 3101 adhuc
2028 3056 2247 3101 manent
2275 3046 2707 3117 impaenitentes,
2737 3054 2996 3117 tanquam
3026 3047 3070 3102 si
3104 3061 3135 3101 a
3169 3044 3364 3115 majori

1821 3137 2057 3195 inferens
2084 3148 2577 3209 argumentaretur.
2609 3139 2665 3194 Si
2692 3141 2859 3208 enim,
2892 3140 3091 3210 inquit,
3124 3140 3244 3195 illos
3274 3140 3365 3208 qui

1820 3231 1872 3283 in
1904 3230 2016 3298 ipsa
2047 3232 2222 3286 adhuc
2275 3229 2598 3300 paenitentia
2628 3240 2914 3305 versantur
2977 3246 3254 3288 sacrorum
3284 3233 3369 3288 di-

1825 3320 2075 3389 vinorum
2123 3320 2416 3376 celebratio
2460 3320 2705 3390 repellat,
2732 3336 2798 3377 eo
2822 3322 2964 3390 quod
3008 3336 3112 3378 non
3151 3320 3370 3376 omnino

1818 3414 2143 3468 sanctissimi
2170 3414 2299 3475 sint,
2330 3427 2669 3483 nequaquam
2698 3427 2793 3469 eos
2816 3414 3131 3477 admittens,
3157 3413 3369 3484 procla-

1814 3506 2011 3559 mando
2045 3505 2445 3572 quodamnodo
2474 3519 2534 3560 se
2562 3505 2816 3585 omnibus
2870 3522 2965 3561 sua
2995 3505 3367 3561 communica-

1817 3599 1959 3653 tione
2009 3597 2247 3667 indignis
2304 3596 2632 3653 invisibiiem
2694 3598 3369 3666 incommunicabilemqne

1822 3691 2111 3755 exsistere,
2132 3689 2301 3744 multo
2322 3690 2493 3760 magis
2521 3690 2668 3744 abea
2700 3690 3027 3746 arcebuntur
3058 3691 3150 3760 qui
3189 3690 3367 3745 adhuc

1816 3782 2220 3851 impmnitentes
2269 3790 2416 3835 sunt.
2472 3779 2570 3835 Ubi
2631 3792 2810 3837 autem
2864 3797 2895 3836 a
2937 3782 3117 3837 divino
3173 3782 3369 3853 templo

1816 3872 2018 3925 exclusi
2062 3880 2187 3925 sunt
2241 3872 2645 3936 catecltumeni,
2678 3872 2768 3943 qui
2796 3873 3021 3929 necdum
3051 3873 3226 3928 sacris
3261 3874 3368 3927 ini-

1818 3964 1938 4018 tiati
1994 3972 2140 4027 sunt,
2190 3964 2391 4033 quique
2445 3964 2789 4037 passionibus
2820 3965 3039 4022 obnoxii
3072 3974 3217 4028 sunt,
3249 3974 3304 4019 et
3335 3980 3366 4019 a

1818 4056 1998 4111 divina
2043 4055 2152 4109 vita
2200 4055 2556 4122 defecerunt;
2584 4068 2747 4125 atque
2784 4056 3007 4127 insuper
3028 4058 3193 4113 etiam
3222 4061 3369 4129 quia

1815 4147 2095 4216 spiritibus
2126 4158 2408 4210 vexantur.
2437 4155 2489 4202 et
2519 4149 2661 4202 banc
2715 4163 2949 4217 pinnam,
2984 4150 3241 4217 subeunt,
3270 4168 3368 4208 nec

1817 4237 2221 4292 excusationem
2256 4236 2490 4301 habent,
2516 4238 2658 4306 quod
2695 4237 2809 4292 haec
2841 4239 2993 4293 inviti
3026 4242 3365 4309 sustineant,

1817 4327 2071 4393 quoniam
2123 4327 2441 4395 semetipsos
2478 4328 2762 4396 spiritibus
2801 4330 3096 4387 immundis
3138 4334 3371 4389 tradide-

1819 4427 1971 4483 runt,
1997 4434 2117 4474 cum
2169 4434 2266 4474 nec
2311 4420 2669 4476 intentionem
2720 4437 2890 4491 neque
2945 4424 3260 4480 ﬁrmitatem
3312 4426 3363 4480 in

161 4517 351 4570 θυσίαν
378 4512 618 4584 ἐζητεῖτο
660 4512 956 4584 πρόϐατον·
984 4507 1135 4581 οἶμαι
1168 4508 1226 4560 δὲ
1264 4507 1440 4575 λέγειν
1473 4504 1712 4569 τούτους,
1748 4534 1790 4587 D

1748 4534 1790 4587 ι)
1820 4512 2016 4566 divinis
2045 4512 2346 4568 obtineant.
2382 4512 2585 4568 Deinde
2612 4529 2734 4569 cum
2761 4516 2843 4569 bis
2870 4531 3081 4586 quoque
3108 4519 3204 4583 illi,
3232 4534 3368 4588 quos

162 4610 284 4671 τοὺς
316 4606 389 4678 μὴ
422 4603 685 4677 ἱερωσύνῃ
731 4601 1152 4672 διαπρέποντας·
1186 4597 1246 4650 οὐ
1284 4596 1388 4667 γὰρ
1434 4596 1524 4647 καί
1577 4588 1717 4647 οὗτοι

167 4701 267 4767 ἕξω
297 4717 398 4753 που
424 4699 687 4757 ἵστανται,
718 4693 829 4747 ἀλλ’
860 4692 963 4757 ἔξω
1006 4690 1163 4763 μόνον
1193 4688 1285 4741 τοῦ
1334 4684 1717 4757 θυσιαστηρίου

169 4788 463 4856 ἱστάμενοι,
509 4783 860 4853 ἀπείργονται
899 4781 996 4851 τῆς
1043 4780 1190 4849 ἱερᾶς
1229 4778 1455 4845 ὲποψίας
1494 4773 1580 4827 διά
1612 4772 1720 4826 τῶν

167 4877 435 4948 ἀναμέσον
500 4873 921 4943 ὲφαπλουμένων
991 4868 1538 4940 παραπετασμάτων·
1603 4866 1720 4917 τότε

168 4973 213 5023 oi
254 4966 499 5036 πανίεροι
552 4964 965 5035 φιλοθεάμονες,
1017 4960 1424 5022 ἐποπτεύοντες,
1467 4955 1721 5028 ὑμνοῦσιν

169 5059 487 5130 ὁμνολογίαν
520 5055 830 5126 καθολικὴν,
860 5055 893 5125 ἢ
917 5054 990 5117 ὠς
1014 5053 1116 5105 ὑπὸ
1138 5051 1350 5104 πάντων
1380 5048 1659 5120 ᾀδομένην,
1686 5045 1719 5117 ἢ

170 5153 241 5216 ὡς
282 5153 424 5221 ὑπὲρ
467 5148 755 5216 καθολικῆς
789 5147 1008 5217 χάριτος
1048 5143 1354 5214 γινομένην.
1399 5139 1596 5193 Τοῦτον
1631 5137 1721 5190 τὸν

172 5251 333 5322 ὕμνον
365 5252 415 5303 oi
440 5251 532 5320 μὲν
561 5247 896 5319 ὑμνολογίαν,
914 5247 961 5298 οἱ
992 5244 1047 5297 δὲ
1074 5244 1170 5313 τῆς
1196 5241 1487 5314 θρησκείας
1507 5240 1564 5291 τὸ
1587 5238 1722 5307 σύμ-

171 5348 320 5399 ϐολον
347 5344 618 5411 λέγουσιν·
660 5340 807 5393 ἀλλοι
828 5338 883 5390 δὲ
915 5336 1197 5407 θειοτέρως
1230 5332 1544 5403 ἱεραρχικὴν
1574 5331 1723 5399 εὐχα-

174 5438 382 5504 ριστίαν
421 5434 600 5503 φασίν,
636 5433 710 5494 ὡς
740 5427 1085 5500 περιεκτικὴν
1112 5425 1324 5494 ἁπάσης
1346 5422 1484 5491 ὑπὲρ
1510 5420 1723 5472 πάντων

172 5530 248 5591 είς
279 5528 427 5599 ἡμᾶς
457 5522 673 5593 ἀγαθῶν
712 5518 1083 5591 εὐχαριστίας·
1131 5514 1369 5586 περιέχει
1420 5511 1525 5580 γὰρ
1558 5510 1625 5561 τὰ
1646 5511 1723 5572 είς

177 5629 313 5696 ἡμᾶς
350 5624 531 5677 θεόθεν
568 5617 933 5689 ἀφικνούμενα
984 5614 1103 5685 ἱερά
1150 5612 1312 5684 δῶρα,
1356 5609 1446 5663 καὶ
1488 5606 1664 5670 καλῶς
1697 5607 1724 5657 ό

177 5724 307 5794 ὑπὲρ
342 5722 555 5774 πάντων
588 5718 741 5784 λόγος
766 5713 1078 5785 εὐχαριστία
1105 5712 1323 5780 ἐκλήθη,
1352 5710 1432 5760 ὃτι
1466 5710 1568 5759 πᾶν
1588 5704 1725 5774 ὑπὲρ

178 5816 267 5880 τῆς
293 5816 561 5885 ἡμετέρας
594 5808 860 5877 σωτηρίας
892 5803 1328 5874 ὲπραγματιύθη.
1356 5802 1460 5853 Καὶ
1490 5800 1595 5868 γὰρ
1635 5800 1725 5849 καὶ

1818 4614 2119 4657 erratorum
2145 4606 2359 4672 quidem
2410 4619 2631 4662 suorum
2688 4608 2939 4675 penitet,
2983 4621 3039 4663 et
3080 4611 3369 4665 contrarias

1819 4696 1944 4749 vitae
1987 4698 2235 4751 nuntium
2291 4696 2575 4762 miserunt,
2627 4690 2867 4754 nondum
2908 4711 3087 4755 tamen
3118 4701 3359 4770 perfecte

1820 4789 1937 4858 puri
1964 4798 2113 4853 sunt,
2146 4797 2198 4841 et
2230 4790 2522 4844 secundum
2549 4789 2647 4844 hos
2677 4791 2712 4842 ii
2733 4792 2821 4859 qui
2854 4806 2959 4844 non
3010 4793 3233 4845 omnino
3266 4796 3366 4845 im-

1822 4881 2076 4933 maculali
2105 4891 2232 4933 sunt
2262 4893 2314 4935 et
2355 4882 2683 4947 intemerati,
2717 4883 2941 4951 proutin
2981 4882 3100 4953 lege
3128 4898 3364 4952 quoque,

1822 4976 1888 5027 ad
1917 4974 2256 5028 sacriﬁcium
2307 4989 2475 5044 agnus
2506 4975 2878 5041 requirebatur
2913 4976 3142 5043 :opinor
3184 4986 3363 5027 antem

1820 5062 2116 5133 signiﬁcari
2148 5062 2266 5117 illos
2294 5064 2383 5132 qui
2421 5079 2524 5117 non
2551 5076 2676 5118 sunt
2696 5063 2857 5133 209
2883 5064 2989 5132 apti
3020 5062 3365 5124 sacerdotio;

1822 5155 2082 5224 siquidem
2116 5154 2165 5207 hi
2200 5168 2303 5207 non
2358 5165 2501 5208 stant
2543 5155 2699 5218 foris,
2731 5156 2823 5209 sed
2874 5155 3067 5218 solum,
3101 5169 3223 5208 cum
3259 5170 3364 5207 non

1822 5256 1997 5299 astent
2028 5245 2202 5307 altari,
2237 5259 2267 5297 a
2300 5244 2481 5299 divino
2526 5257 2745 5314 aspectu
2792 5255 3055 5299 arcentur
3100 5259 3194 5313 per
3232 5243 3367 5297 vela-

1825 5339 1967 5392 mina
1992 5352 2111 5405 qute
2142 5338 2192 5389 in
2228 5338 2401 5390 medio
2432 5338 2825 5406 expunduntur.
2876 5336 3013 5390 Tum
3041 5336 3253 5390 demum
3278 5350 3367 5387 sa-

1824 5428 2112 5483 cratissimi
2158 5436 2490 5495 spectatores
2521 5428 2752 5481 hostiam
2791 5426 3216 5494 contemplantes
3246 5425 3366 5478 uni-

1824 5518 2031 5573 versale
2057 5519 2330 5586 quoddam
2366 5517 2540 5571 laudis
2571 5518 2843 5572 canticum
2878 5516 3189 5580 concinunt,
3222 5513 3365 5582 quod

1824 5614 1906 5665 vel
1952 5613 2019 5666 ab
2070 5614 2331 5667 universis
2381 5612 2612 5675 canitur,
2644 5610 2725 5665 vel
2757 5624 2853 5677 pro
2884 5607 3173 5663 universali
3212 5605 3365 5674 quasi

1826 5706 1995 5775 gratia
2024 5702 2263 5759 offertur.
2296 5702 2447 5757 Hunc
2482 5704 2736 5771 hymnum
2785 5712 2982 5764 autem,
3032 5700 3119 5750 alii
3147 5698 3361 5765 qniden.

1828 5793 2243 5863 bymnologiam,
2284 5793 2369 5843 alii
2410 5791 2678 5859 religionis
2718 5790 3013 5860 symbolum
3047 5786 3357 5853 appellant:
