4172 6304
834 348 938 419 s83

1980 363 2033 419 s.
2072 363 2364 420 monrsn
2399 335 2854 421 “montana:

3931 372 4033 428 ιδι

836 478 925 532 alii
950 489 1079 531 vero
1116 472 1376 536 divinius.
1406 473 1802 528 hierarchicam
1837 476 2229 533 eucharistiam
2281 493 2375 532 νο·
2408 482 2483 537 Αι

2408 482 2453 537 Α
2480 479 2707 550 πρώτως
2746 479 2893 550 παρὰ
2920 480 3012 533 τοῦ
3045 481 3246 550 ἀγαθοῦ
3276 484 3407 536 Θεοῦ
3450 484 3779 556 ὑπέστημεν,
3811 489 4036 553 καὶτοῖς

834 579 985 631 cant.
1016 576 1073 622 ut
1107 583 1228 637 qua:
1266 582 1482 621 omnem
1511 582 1613 636 pro
1642 568 1891 621 omnibus
1921 584 2048 639 erga
2098 585 2196 624 nos
2227 572 2380 626 bonis

837 662 1137 728 gratiarum
1194 658 1463 711 actionem
1499 658 1920 726 complectatur;
1962 662 2200 713 continet
2236 661 2378 714 enim

834 752 923 803 llla
956 765 1108 803 sacra
1136 762 1361 802 munera
1405 758 1527 817 qua:
1562 748 1821 803 divinitus
1860 752 1925 803 ad
1958 767 2056 805 nos
2086 752 2380 817 dimanant,

836 852 1087 911 recteque
1126 856 1225 910 pro
1279 841 1531 893 omnibus
1559 840 1854 905 gratiarum
1888 843 2029 895 actio
2069 852 2379 912 nuncupata

834 942 939 996 est,
978 933 1103 1001 quia
1148 930 1416 1000 quidquid
1466 932 1529 982 ad
1578 931 1806 983 salutem
1858 942 2100 987 nostram
2152 944 2381 1001 spectat,

833 1032 1053 1085 operata
1083 1028 1185 1075 est.
1218 1019 1432 1073 Etenim
1455 1023 1685 1089 primum
1713 1038 1741 1074 a
1781 1024 1921 1077 bono
1943 1024 2048 1078 Deo
2078 1026 2303 1093 conditi,
2328 1037 2384 1082 et

837 1111 1179 1181 primigeniis
1227 1112 1723 1180 puicliritudinibus
1764 1114 1830 1166 ad
1863 1115 2278 1170 deil‘ormitatem
2305 1118 2385 1172 ef-

833 1204 1050 1257 fortnati
1081 1214 1284 1256 sumus.
1340 1201 1664 1273 Primigenia
1715 1218 1843 1259 vero
1880 1216 2037 1260 vocat
2086 1224 2148 1262 ea
2178 1224 2295 1277 qua:
2328 1211 2380 1266 in

834 1294 1012 1350 divina
1088 1305 1280 1348 natura
1350 1296 1782 1363 conspiciuntur,
1834 1312 2060 1364 quorum
2134 1300 2380 1359 homines

833 1401 930 1456 pro
981 1396 1145 1455 captu
1189 1386 1459 1455 modoque
1517 1401 1615 1440 suo
1671 1387 1813 1441 Deus
1842 1388 2129 1458 participes
2180 1392 2379 1458 ell‘ecit,

832 1490 886 1530 et
912 1479 966 1531 in
998 1478 1255 1546 paradiso
1284 1478 1537 1531 diviniori
1586 1478 1655 1531 ad
1690 1493 1921 1548 superna
1954 1482 2111 1534 modo
2144 1480 2379 1555 subrige-

832 1574 1025 1628 bamur
1054 1593 1067 1626 :
1100 1585 1351 1627 czcterum
1404 1587 1525 1626 cum
1575 1572 1933 1640 imprudentia
1991 1584 2175 1629 nostra
2221 1576 2376 1631 bonis

832 1666 938 1718 illis
967 1666 1375 1729 excitlissemns,
1414 1666 1734 1732 praapara-tis
1783 1666 1930 1718 hisce
1984 1666 2139 1719 bonis
2168 1668 2233 1720 ad
2265 1670 2374 1735 pri-

2483 570 2804 639 ἀρχετύποις
2832 572 3047 625 κάλλεσι
3082 575 3215 645 πρὸς
3252 575 3310 627 τὸ
3358 575 3584 639 θεοειδὲς
3615 576 4031 648 ὲμορφώθημεν.

2498 662 2795 732 Ἀρχέτυπα
2818 664 2873 716 δέ
2912 682 3041 735 φησι
3072 666 3139 719 τὰ
3161 669 3224 737 τῇ
3245 666 3361 737 θείᾳ
3388 667 3543 737 φύσει
3575 669 4031 741 ὲπιθεωρούμενα,

2482 744 2554 803 ῶν
2580 754 2678 824 τὴν
2712 754 2851 806 κατὰ
2897 755 2955 806 τὸ
3006 755 3344 826 ἐνδεχόμενον
3376 760 3658 827 μετουσίαν
3682 764 3794 823 τοῖς
3826 761 4033 832 ἀνθρώ-

2485 860 2605 906 ποις
2643 843 2772 907 Θεὸς
2802 845 3126 917 ὲδωρήσατο,
3160 849 3252 901 καὶ
3282 848 3554 920 θειοτέρας
3577 853 3867 923 ἀναγωγῆς
3884 854 3942 905 ἐν
3963 853 4036 922 τῷ

2487 934 2791 1004 παραδείσῳ
2832 934 3256 1009 κατηξιώθημεν.
3294 935 3443 1003 Εἶτα,
3477 942 3595 994 ἐπεὶ
3620 941 3680 1007 ἐξ
3709 943 4032 1014 ἁπροσεξίας

2486 1024 2596 1076 τῶν
2621 1026 2834 1092 ἀγαθῶν
2870 1027 3087 1080 ἐκείνων
3110 1027 3442 1100 ὲξώσθημεν,
3460 1031 3872 1095 ὲπισκευαστοῖς
3904 1034 4034 1099 ἁγα-

2487 1114 2600 1178 θοῖς
2638 1118 2722 1179 εἱς
2746 1118 2809 1170 τὸ
2852 1120 3075 1189 ἀρχαῖον
3114 1119 3252 1186 ἔγνω
3274 1121 3730 1221 ἀνακαλέὶσασθαι,
3767 1122 4035 1194 (ἐπισκευ-

2484 1210 2619 1263 αστὰ
2644 1210 2698 1263 δὲ
2726 1210 2869 1278 λέγει
2913 1211 2982 1263 τὰ
3023 1211 3216 1280 ἀγαθὰ,
3251 1214 3349 1276 ὅτι,
3382 1210 3690 1286 ἁμαρτωλοὶ
3724 1218 3892 1281 ὄντες,
3943 1220 4035 1290 χά-

2485 1320 2588 1373 ριτι
2616 1302 2982 1374 ἐκαλλωπίσθη
2992 1320 3087 1373 μεν
3107 1305 3196 1356 καὶ
3212 1304 3533 1378 ὲσιῦθημενδ)
3558 1310 3649 1361 καὶ⁹
3678 1309 3764 1362 διὰ
3785 1314 3883 1381 τῆς
3906 1330 4035 1365 παν-

2483 1395 2666 1458 τελοῦς
2685 1394 3160 1466 προσλήψεως,τῆς
3174 1397 3382 1462 τελείας
3401 1398 3538 1467 λέγω
3554 1402 4031 1474 ὲνανθρωπήσεως,

2482 1487 2580 1558 τὴν
2634 1487 2741 1541 τῶν
2788 1488 2999 1540 οἰκείων
3055 1491 3334 1559 μετάδοσιν
3382 1493 3812 1565 ἀγαθουργῆσαι.
3868 1496 4033 1549 Τοῦτο

2489 1575 2631 1648 λέγει
2659 1581 2750 1632 καὶ
2771 1581 2798 1631 ὁ
2824 1581 2992 1649 μέγας
3024 1581 3334 1653 Γρηγόριος·
3359 1584 3698 1653 Προσέλαϐε
3723 1587 3787 1638 τό
3816 1588 4030 1655 χεῖρον,

2483 1673 2580 1726 ἵνα
2610 1673 2689 1739 δῷ
2716 1673 2778 1726 τὸ
2788 1675 3055 1738 βέλτιον.

831 1760 1032 1812 stinum
1091 1772 1189 1812 nos
1245 1767 1445 1812 statum
1492 1762 1748 1812 reVocare
1793 1759 2012 1811 minime
2067 1761 2330 1816 dubitavit
2369 1761 2704 1834 (przrparata
2767 1784 2926 1836 porro
2994 1781 3146 1823 vocat
3198 1776 3333 1825 bona
3410 1772 3535 1837 illa;
3586 1774 3845 1841 quoniam
3917 1788 4031 1826 cum

829 1864 1075 1903 essemus
1098 1859 1434 1918 peccatores,
1460 1850 1631 1919 gratia
1655 1850 1849 1904 salvati
1911 1860 1965 1905 et
2026 1852 2205 1905 ornati
2240 1856 2467 1928 sumus).
2498 1870 2551 1910 et
2610 1864 2917 1917 omnimodo
2960 1866 3348 1933 assumptione,
3372 1866 3624 1934 perfectae
3676 1869 3895 1934 inquam
3935 1865 4033 1917 hu-

829 1942 1136 2005 manitatis,
1187 1941 1524 2011 propriorum
1597 1956 1696 1994 nos
1757 1942 2018 1996 bonorum
2074 1944 2363 2015 participes
2401 1948 2597 2007 elfecit.
2650 1951 2760 2007 Hoc
2816 1966 2896 2009 est
2953 1958 3093 2026 quod
3180 1968 3232 2010 et
3300 1970 3525 2025 magnus
3578 1956 3875 2027 Gregorius
3918 1958 4031 2009 ait:

829 2032 1119 2101 Assumpsit
1144 2033 1388 2097 deterius,
1422 2043 1475 2085 ut
1504 2033 1652 2085 dare!
1682 2034 1738 2085 id
1766 2035 1901 2102 quod
1930 2043 2003 2087 est
2041 2037 2243 2089 melius.

904 2123 934 2195 5
970 2124 1103 2179 VIII.
1132 2122 1267 2177 Nota
1294 2138 1420 2177 vero
1443 2133 1500 2176 ut
1528 2126 1833 2177 summatim
1866 2125 1949 2179 his
1976 2127 2289 2195 complexus
2311 2130 2381 2183 sit
2414 2143 2452 2197 Β

2414 2143 2452 2197 Β
2554 2132 2580 2204 §
2624 2132 2753 2185 VIII.
2795 2132 3101 2203 Σημείωσαι
3135 2134 3210 2197 δὲ,
3251 2136 3328 2187 ὄτι
3360 2136 3737 2203 κεφαλαιωδῶς
3762 2138 3863 2206 τήν
3891 2138 4036 2207 ἱερὰν

831 2230 1037 2269 sacram
1061 2228 1272 2268 omnem
1305 2216 1697 2284 hymnologiam
1725 2217 2015 2269 secundum
2049 2233 2206 2286 quam
2230 2218 2379 2272 beni-

831 2310 1032 2380 gnitate
1082 2307 1172 2362 Dei
1217 2307 1549 2371 collaudata,
1599 2307 1895 2376 propositis
1939 2311 2247 2364 muneribus
2296 2326 2383 2363 co-

830 2401 1056 2468 npertis,
1094 2398 1347 2453 salutatio
1380 2413 1443 2453 ac
1476 2400 1772 2453 tabularum
1804 2400 2049 2463 recitatio
2084 2400 2282 2453 linitur.
2307 2404 2383 2455 Ac

828 2492 1080 2548 Salutatio
1120 2490 1336 2560 quidem
1384 2491 1647 2559 designat,
1687 2494 1955 2559 quomodo
1991 2495 2056 2546 ad
2088 2509 2251 2546 unum
2286 2494 2383 2547 ali-

830 2601 986 2655 quem
1028 2594 1226 2639 statum
1266 2598 1361 2651 per
1392 2599 1599 2638 sacram
1627 2588 2056 2641 communionem
2088 2588 2380 2641 adducendi

828 2677 939 2729 sint
971 2676 1049 2729 illi
1084 2674 1173 2743 qui
1204 2673 1286 2726 vel
1320 2689 1500 2729 secum
1534 2675 1653 2742 ipsi,
1700 2675 1781 2728 vel
1820 2691 1937 2728 cum
1977 2677 2096 2729 aliis
2125 2676 2175 2729 in
2208 2676 2382 2744 aliquo

829 2767 1177 2821 dissidebant.
1219 2764 1327 2821 Nos
1357 2767 1534 2835 itaque
1574 2768 1822 2821 salutatio
1851 2767 2217 2835 sihijnvicem
2258 2784 2386 2821 con-

825 2859 977 2931 jungi
1005 2858 1293 2928 signiﬁcat.
1314 2858 1592 2923 Quomodo
1614 2869 1791 2912 autem
1824 2859 2037 2912 secum?
2064 2858 2196 2925 Quia
2227 2860 2382 2913 nimi-

828 2969 945 3007 rum
974 2952 1089 3022 ipse
1120 2965 1304 3006 secum
1332 2951 1559 3019 quilibet
1586 2953 1799 3017 unitur,
1838 2960 1894 3006 et
1919 2951 1988 3005 ad
2021 2966 2182 3005 unum
2252 2954 2383 3010 ali‘c-

812 3047 1163 3110 ctt’iml'ertur,
1189 3046 1339 3099 verbi
1360 3045 1554 3115 gratia,
1580 3044 1873 3098 fraternam
1906 3046 2379 3114 conspirationem.

826 3137 937 3189 Nisi
975 3136 1117 3189 enim
1148 3136 1214 3189 ad
1243 3151 1407 3188 unum
1435 3136 1559 3202 quis
1586 3150 1706 3188 sese
1740 3136 1974 3205 colligat,
2008 3145 2065 3190 ut
2101 3136 2256 3189 talem
2282 3136 2382 3186 ali-

825 3244 984 3297 quem
1007 3226 1254 3282 all'ectum
1289 3211 1577 3295 concipiat,
1598 3242 1866 3294 nunquam
1897 3228 2067 3296 ipsum
2098 3227 2382 3295 exprimet.

828 3321 954 3375 ﬂmc
999 3331 1177 3372 autem
1223 3328 1508 3388 geruntur,
1553 3319 1704 3387 quasi
1756 3319 1976 3373 minime
2005 3321 2257 3373 decorum
2291 3320 2379 3384 sit,

825 3429 919 3467 eos
951 3412 1040 3480 qui
1085 3411 1136 3464 in
1188 3411 1341 3463 altari
1385 3413 1690 3479 congregati
1729 3412 2143 3481 conjunguntur,
2190 3412 2379 3464 iterum

2483 2225 2797 2295 υμνολογίαν
2841 2227 3014 2277 πᾶσαν
3072 2228 3127 2277 ὲν
3160 2226 3363 2288 τούτοις
3399 2227 3628 2289 διέλαϐε,
3674 2226 3795 2279 καθ’
3836 2229 3902 2296 ἢν
3941 2228 4036 2297 τῆς

2488 2316 2892 2388 φιλανθρωπίας
2940 2317 3033 2369 τοῦ
3077 2316 3208 2369 Θεοῦ
3250 2317 3598 2387 ὑμνηθείσης,
3644 2318 4036 2387 περικεκαλυμ-

2485 2407 2655 2477 μένων
2706 2409 2968 2478 κειμένων
3003 2408 3108 2461 τῶν
3134 2408 3336 2479 δώρων,
3383 2411 3409 2460 ὁ
3453 2409 3735 2476 ἀσπασμὸς
3784 2409 4034 2470 τελεῖται,

2482 2501 2573 2551 καὶ
2599 2499 2705 2551 τῶν
2740 2498 3009 2569 πτυχῶνή
3038 2499 3349 2569 ἁνάρῤησις.
3380 2500 3487 2550 Καὶ
3521 2498 3549 2548 ὁ
3593 2499 3689 2567 μὲν
3726 2498 4034 2569 ἀσπασμὸς,

2482 2591 2559 2643 ὅτι
2597 2608 2710 2653 πως
2750 2591 3163 2661 συναχθήσονται
3207 2590 3294 2640 ἐπὶ
3334 2589 3429 2658 τὴν
3463 2590 3664 2642 ἑνιαίαν
3697 2591 3910 2661 ἐκείνην
3952 2591 4037 2642 διὰ

2482 2682 2581 2751 τῆς
2614 2682 2769 2751 ἁγίας
2810 2683 3153 2753 μεταλήῲεως
3185 2682 3509 2735 κατάστασιν
3536 2684 3582 2732 oi
3608 2681 3923 2753 διῃρημένοι
3950 2701 4037 2749 κα-

2479 2774 2547 2828 τά
2574 2792 2624 2826 τι
2651 2774 2682 2845 ἥ
2710 2774 2841 2841 πρὸς
2865 2775 3083 2837 ἑαυτοὺς
3106 2774 3138 2844 ἢ
3175 2774 3306 2843 πρὸς
3333 2772 3605 2842 ἀλλήλους.
3641 2773 3713 2824 Τὸ
3747 2773 3878 2840 γοῦν
3906 2776 4036 2846 πρὸς

2482 2863 2733 2931 ἀλλήλους
2768 2863 3001 2934 ἡνῶσθαι
3035 2866 3060 2915 ὁ
3092 2862 3372 2931 ἀσπασμὸς
3393 2862 3557 2932 δηλοῖ.
3582 2862 3654 2913 Τὸ
3677 2862 3731 2914 δὲ
3752 2864 3889 2934 πρὸς
3915 2866 4038 2917 eau-

2480 2958 2603 3019 τοὺς
2647 2956 2791 3020 πῶ;;
2844 2958 2913 3008 ’Ἡ
2947 2956 3181 3027 δηλονότι
3228 2956 3321 3006 καὶ
3366 2954 3590 3016 ἕκαστος
3634 2953 3865 3017 ἑνίςεται
3902 2959 4035 3027 πρὸς

2481 3050 2687 3111 ἑαυτὸν,
2731 3049 2821 3100 καὶ
2855 3051 2931 3111 εἰς
2972 3048 3095 3117 μίαν
3139 3048 3311 3117 ὁρμὴν
3352 3046 3605 3115 φέρεται,
3642 3046 3738 3116 τὴν
3776 3048 3912 3117 πρὸς
3946 3050 4035 3100 τὸν

2482 3140 2967 3211 ἀδελφὸνμδηλονότι
3011 3138 3321 3212 σύμπνοιαν.
3360 3140 3421 3191 Ei
3466 3138 3572 3209 γὰρ
3623 3136 3696 3208 μὴ
3732 3139 3921 3191 ἑαυτὸν
3956 3156 4034 3202 τις

2482 3235 2558 3295 είς
2594 3232 2653 3283 τὸ
2694 3231 2748 3283 ’ἐν
2789 3230 2995 3296 συνάξει
3029 3230 3272 3295 γενέσθαι
3306 3229 3513 3281 τοιᾶσδέ
3540 3245 3678 3291 τινος
3703 3230 3899 3299 ὁρμῆς,
3938 3231 4035 3282 οὐκ

2482 3321 2545 3374 ἂν
2571 3323 2647 3383 είς
2669 3320 2822 3373 τοῦτο
2847 3320 3098 3389 ὁρμήσειε
3128 3317 3362 3370 πώποτε.
3398 3318 3578 3370 Ταῦτα
3604 3318 3659 3369 δὲ
3685 3320 4034 3388 πράττονται,

2482 3414 2556 3475 ῶς
2598 3413 2656 3463 οὐ
2698 3410 2854 3464 καλὸν
2892 3410 2948 3463 ὃν
2990 3410 3392 3481 ὲνοποιηθέντας
3434 3410 3626 3472 αὐτοὺς
3661 3412 3728 3479 τῇ
3754 3408 3905 3473 ἐντὸς
3943 3410 4035 3462 τοῦ

825 3502 986 3556 dilabi
1022 3502 1073 3554 in
1110 3501 1310 3555 divisas
1341 3501 1662 3571 cupiditates
1684 3541 1699 3566 ,
1738 3518 1769 3556 e
1802 3504 1997 3570 quibus
2024 3503 2239 3556 omnino
2264 3518 2383 3572 per-
2409 3500 2449 3557 C

2409 3500 2449 3557 C
2484 3502 2631 3574 ἱεροῦ
2656 3504 3031 3575 θυσιαστηρίου
3070 3506 3375 3573 συναγωγῇ,
3401 3501 3491 3553 ἐπὶ
3520 3500 3617 3564 τὰς
3646 3501 3909 3571 μεριστὰς
3945 3504 4036 3555 καὶ

825 3596 1058 3647 turbata:
1116 3603 1307 3647 contra
1364 3601 1608 3646 naturam
1680 3593 1969 3646 inimicitia:
2028 3595 2378 3652 suscitantur.

825 3689 1100 3744 Adversus
1125 3698 1306 3741 autent
1346 3689 1580 3757 aequales
1608 3688 1756 3753 dicit,
1782 3689 1832 3741 id
1860 3697 1941 3741 est
1981 3690 2254 3745 hominum
2286 3689 2381 3743 ad-

828 3796 1013 3834 versus
1059 3779 1323 3834 homines.
1382 3780 1515 3834 lllttd
1553 3792 1727 3833 autem
1766 3773 1929 3850 alo
1958 3780 2023 3832 ad
2047 3780 2099 3833 id
2128 3783 2265 3849 quod
2294 3796 2378 3834 se-

826 3873 1062 3928 cundum
1106 3883 1353 3927 naturam
1394 3881 1499 3937 est,
1530 3872 1579 3926 id
1611 3881 1691 3926 est
1720 3872 1785 3924 ad
1818 3873 2051 3937 bonum;
2084 3872 2380 3925 humanum

827 3966 969 4019 enim
1024 3963 1221 4017 bonum
1269 3976 1429 4016 omne
1477 3971 1561 4016 est
1599 3962 1891 4017 seeundum
1924 3972 2206 4025 naturam,
2242 3961 2380 4014 sicut

828 4058 1025 4111 malum
1069 4063 1253 4111 contra
1298 4062 1568 4107 naturam.
1613 4053 1705 4108 Vel
1740 4055 1901 4108 etiam
1940 4055 2195 4122 aequalem
2228 4063 2380 4107 vocat

824 4149 1063 4219 ejusdem
1102 4158 1308 4200 natura:
1346 4142 1642 4207 hominem,
1678 4145 1786 4197 sive
1826 4146 2147 4212 proximum.

898 4239 928 4311 ς
973 4238 1063 4295 IX.
1126 4237 1273 4293 Hanc
1318 4240 1496 4305 itaque
1537 4235 1872 4301 conjunctam
1918 4235 2099 4303 vitam,
2131 4235 2382 4289 salutatio

826 4334 1036 4393 sancit.
1091 4331 1217 4383 dum
1261 4330 1434 4382 simile
1483 4327 1535 4379 in
1595 4327 1753 4380 simili
1789 4326 2043 4390 eullocat,
2106 4336 2159 4379 et
2203 4326 2381 4378 divina

827 4424 1209 4489 individuaqne
1278 4434 1308 4471 a
1391 4417 1621 4470 dividuis
1705 4416 2059 4485 humanisque
2130 4419 2377 4470 secernit.

834 4514 896 4566 Et
962 4515 1043 4565 sic
1100 4512 1314 4581 quidem
1374 4510 1578 4576 basque
1630 4506 1700 4560 ob
1750 4522 1940 4561 causas
1991 4509 2048 4560 lit
2098 4507 2377 4575 salutatio;

832 4606 1132 4659 tabularum
1169 4619 1300 4657 vero
1346 4602 1587 4655 recitatio
1638 4602 1955 4667 (lepra-dicat
1989 4616 2081 4655 eos
2134 4602 2221 4668 qui
2260 4619 2381 4656 san-

829 4709 916 4752 cte
956 4698 1223 4759 vixerunt,
1266 4696 1504 4762 quinimo
1552 4698 1712 4749 etiam
1760 4694 2000 4748 viventes
2056 4695 2254 4748 excitat
2314 4696 2380 4748 ad

831 4788 1153 4857 ejuscemodi
1199 4786 1623 4851 aemulationem;
1670 4802 1772 4839 non
1807 4787 1950 4840 enim
1985 4798 2199 4842 sanctos
2227 4790 2376 4857 quasi

834 4892 1072 4934 mortuos
1107 4880 1381 4942 habemus,
1424 4881 1515 4932 sed
1546 4888 1602 4930 ut
1633 4880 1868 4933 viventes
1911 4880 2071 4931 vitam
2105 4880 2374 4933 meliorem

832 4978 995 5042 atque
1046 4971 1444 5039 sempiternam.
1505 4970 1710 5039 Accipit
1758 4981 1933 5023 autem
1980 4970 2080 5023 hoc
2116 4986 2180 5024 ex
2225 4969 2376 5024 Salo-

836 5080 992 5119 mone
1035 5063 1245 5116 dicente
1295 5080 1309 5116 :
1354 5061 1495 5116 lauti
1535 5064 1588 5115 in
1642 5074 1937 5131 perpetuum
1982 5064 2149 5115 vivum
2199 5072 2255 5128 r;
2311 5078 2377 5115 ex

834 5157 1002 5211 sacris
1058 5153 1353 5224 EVangeliis
1404 5170 1419 5206 :
1475 5153 1579 5217 Qui
1629 5154 1786 5206 credit
1839 5156 1891 5205 in
1947 5170 2025 5205 me
2056 5156 2083 5215 ,⁷
2123 5153 2273 5206 etiam
2333 5154 2378 5205 si

836 5260 1072 5302 mortuus
1146 5246 1326 5314 fuerit,
1393 5246 1591 5301 vim'.
1650 5245 1763 5299 Non
1824 5246 1995 5299 solum
2059 5246 2233 5312 itaque
2283 5259 2379 5298 nos

836 5348 1143 5394 sanctorutn
1195 5336 1518 5391 mentionem
1569 5336 1811 5401 facimus,
1869 5353 2049 5389 verum
2097 5338 2256 5389 etiam
2282 5336 2379 5389 hos

835 5430 1027 5483 divina:
1091 5427 1359 5481 mutuarias
1428 5426 1761 5480 exhibemus.
1826 5426 1953 5485 Post
2004 5428 2114 5479 hmc
2169 5442 2379 5495 quoque

834 5520 967 5575 dicit
1017 5521 1285 5588 quomodo
1337 5518 1513 5572 divina
1560 5518 1653 5571 liat
1694 5519 2126 5571 commemoratio
2176 5535 2189 5571 :
2232 5520 2374 5586 quod

834 5611 977 5666 enim
1013 5609 1068 5664 in
1108 5609 1383 5680 prophetis
1410 5610 1604 5664 dicitur
1641 5627 1657 5663 :
1701 5609 2004 5666 Meminisse
2045 5626 2224 5667 coram
2274 5609 2377 5664 Do~

909 5767 1091 5836 I.Sap.
1125 5782 1182 5829 ν,
1218 5769 1297 5825 16,
1342 5776 1360 5803 ⁸
1388 5764 1541 5819 Joan.
1578 5780 1649 5831 xl,
1681 5762 1769 5819 15.

2482 3594 2640 3647 πάλιν
2666 3594 3016 3646 καταπίπτειν
3040 3593 3348 3663 ἐπιθυμίας,
3375 3592 3430 3658 ἐξ
3449 3584 3521 3643 ῶν
3542 3593 3755 3654 πάντως
3778 3591 4035 3663 δημιουρ-

2481 3686 2696 3753 γοῦνται
2732 3687 2784 3736 αἱ
2824 3684 3083 3755 ἐμπαθεῖς
3115 3683 3395 3753 ἀπέχθειαι
3428 3682 3561 3753 πρὸς
3588 3681 3647 3733 τὸ
3679 3682 3820 3735 κατά
3854 3684 4033 3752 φύσιν.

2492 3780 2778 3850 Ὀμοειδεῖς
2815 3780 2871 3832 δὲ
2908 3779 3053 3847 λέγει
3090 3778 3285 3840 ταύτας
3321 3777 3394 3841 ὡς
3434 3774 3730 3847 ἀνθρώπων
3774 3777 3909 3845 πρὸς
3942 3777 4033 3829 ἀν-

2482 3875 2744 3946 θρώπους.
2806 3872 2877 3926 Τὸ
2930 3874 2985 3925 δὲ
3030 3874 3163 3943 πρὸς
3200 3873 3259 3925 τὸ
3307 3870 3446 3925 κατὰ
3484 3867 3675 3939 φύσιν,
3723 3870 3784 3922 τὸ
3833 3869 4034 3936 ἀγαθὸν

2479 3966 2743 4038 δηλονότι·
2786 3967 2889 4017 πᾶν
2934 3964 3039 4034 γὰρ
3080 3948 3408 4034 ἀνθρώπινον
3444 3962 3641 4029 ἀγαθὸν
3680 3962 3818 4013 κατὰ
3852 3961 4032 4029 φύσιν,

2478 4060 2551 4122 ὼς
2584 4059 2642 4110 τὸ
2667 4055 2831 4111 κακὸν
2856 4056 3001 4127 παρὰ
3028 4057 3202 4124 φύσιν.
3224 4056 3292 4107 Ἦ
3320 4055 3423 4125 μὴν
3458 4055 3549 4106 τὸν
3570 4053 3788 4123 ὁμοειδῆ
3812 4054 3906 4105 καὶ
3938 4052 4035 4121 τῆς

2482 4152 2641 4221 αὐτῆς
2677 4150 2885 4218 φύσεως
2910 4149 3205 4218 ἄνθρωπον,
3235 4147 3407 4198 είτουν
3431 4146 3519 4197 τὸν
3548 4144 3787 4215 πλησίον.

2553 4242 2578 4312 ς
2626 4242 2710 4294 lX.
2762 4239 2971 4311 Ταύτην
3007 4236 3096 4291 οὖν
3132 4239 3228 4307 τὴν
3266 4238 3466 4288 ἑνιαίαν
3507 4235 3650 4306 ζωὴν
3684 4238 3712 4288 ὁ
3746 4234 4033 4304 ἀσπασμὸς

2480 4335 2787 4405 νομοθετεῖ,
2824 4330 3075 4401 ἐνιδρύων
3111 4330 3186 4400 τῷ
3212 4330 3377 4399 ὁμοίῳ
3422 4329 3480 4381 τὸ
3522 4330 3721 4398 ὅμοιον,
3770 4329 3864 4380 καὶ
3905 4329 4034 4379 ἁπο-

2479 4423 2792 4478 διαστέλλων
2828 4422 2895 4473 τὰ
2920 4421 3034 4473 θεῖα
3068 4420 3159 4473 καὶ
3199 4422 3371 4472 ἑνιαία
3406 4418 3513 4470 τῶν
3552 4416 3786 4488 μερικῶν
3814 4418 3912 4469 καὶ
3943 4418 4031 4467 ἀν-

2480 4514 2780 4585 θρωπίνων.
2848 4514 2955 4565 Καὶ
3018 4514 3045 4563 ὁ
3115 4513 3209 4581 μὲν
3273 4508 3557 4579 ἀσπασμὸς
3610 4508 3750 4560 οὕτω
3800 4507 3897 4558 καὶ
3951 4505 4032 4558 διὰ

2478 4604 2673 4657 ταῦτα·
2711 4606 2742 4674 ή
2766 4604 2820 4655 δὲ
2844 4602 2949 4655 τῶν
2972 4600 3189 4673 πτυχῶν
3212 4601 3507 4670 ἀνάρῤησις
3530 4596 3891 4668 ἀνακηρύττει
3913 4596 4031 4657 τοὺς

2482 4695 2803 4765 βεϐιωκότας
2833 4693 3009 4755 ὁσίως,
3034 4693 3091 4744 ού
3130 4692 3233 4761 μὴν
3264 4690 3341 4755 δὲ,
3382 4690 3516 4743 ἀλλὰ
3538 4690 3631 4741 καὶ
3664 4690 3786 4750 τοὺς
3824 4685 4031 4749 ζῶντας

2481 4788 2732 4857 διεγείρει
2772 4788 2849 4847 είς
2870 4784 2961 4837 τὸν
2997 4782 3090 4835 τοῦ
3125 4782 3307 4852 ὁμοίου
3343 4781 3501 4850 ζῆλον
3524 4797 3537 4809 ·
3566 4779 3684 4831 οὐδὲ
3716 4776 3822 4850 γὰρ
3850 4778 3927 4839 ὡς
3951 4792 4032 4828 τε-

2480 4876 2835 4945 λευτήσαντας
2884 4874 3072 4942 ἔχομεν
3129 4874 3253 4935 τοὺς
3295 4871 3511 4939 ἁγίους,
3572 4866 3681 4920 ἀλλ’
3713 4867 3787 4928 ὡς
3827 4862 4031 4926 ζῶντας

2474 4969 2757 5039 κρείττονα
2813 4967 2953 5037 ζωὴν
2998 4966 3089 5017 καὶ
3131 4964 3315 5016 ἀΐδιον.
3369 4959 3643 5031 Λαμόάνει
3679 4958 3733 5011 δὲ
3765 4955 3927 5009 τοῦτο
3973 4959 4032 5008 ὲκ

2482 5058 2816 5128 Σολομῶντος
2839 5074 2851 5085 ·
2882 5057 3117 5117 Δίκαιοι,
3145 5054 3408 5121 λέγοντος,
3432 5054 3515 5116 εἰς
3537 5050 3642 5103 τὸν
3668 5047 3850 5100 αἰῶνα
3874 5047 4027 5108 ζῶσι,

2482 5152 2574 5203 καὶ
2615 5150 2720 5203 ἀπὸ
2751 5149 2857 5202 τῶν
2896 5147 3052 5218 ιερῶν
3084 5144 3453 5213 Εὐαγγελίωνν
3503 5144 3562 5194 '0
3610 5139 3913 5192 πιστεύων
3952 5140 4030 5201 είς

2480 5242 2601 5311 ἐμὲ,
2647 5238 2760 5293 κᾶν
2786 5238 3071 5303 ἀποθάνῃ,
3110 5234 3360 5301 ζήσεται.
3405 5233 3494 5303 Μὴ
3535 5231 3688 5300 μόνον
3710 5227 3839 5297 γοῦν
3874 5230 4029 5300 ἡμεῖς

2479 5333 2585 5385 τῶν
2608 5332 2765 5385 ὁσίων
2799 5328 3217 5401 μνημονεύομεν,
3244 5325 3377 5378 ἀλλὰ
3406 5323 3500 5377 καὶ
3529 5325 3592 5393 τῇ
3618 5320 3711 5374 τοῦ
3733 5320 3873 5373 Θεοῦ
3905 5337 4030 5389 μνη-

2484 5424 2683 5494 μοσύνῃ
2708 5422 2925 5484 τούτους
2951 5419 3284 5489 ἀνατίθεμεν.
3320 5414 3472 5469 Μετὰ
3501 5414 3688 5476 ταῦτα,
3730 5412 3823 5466 καὶ
3853 5412 3973 5474 πῶς
3998 5411 4027 5481 ή

2481 5515 2596 5566 θεία
2622 5514 2801 5584 μνήμη
2828 5513 3051 5579 γίνεται,
3076 5510 3221 5577 λέγει
3240 5526 3253 5539 ·
3278 5506 3337 5559 τὸ
3368 5505 3474 5577 γὰρ
3497 5505 3783 5574 λεγόμενον
3804 5506 3867 5556 ὲν
3899 5520 4025 5574 προ-

2481 5611 2692 5677 φήταις,
2742 5604 3071 5670 Ἀναμνῆσαι
3100 5601 3329 5656 ἐνώπιον
3362 5598 3587 5668 Κυρίου,
3626 5597 3725 5665 οὐχ
3770 5594 3946 5659 οὕτως
3972 5595 4024 5646 δὲ
