4172 6304
174 407 276 462 ιοε

729 401 814 456 DE
848 400 1123 456 ECCLES.
1163 399 1558 465 ΗιΕιιΑιιωιι..
1583 402 1712 457 CAP

1814 405 1854 460 ι.
1877 435 1944 444 -
1978 402 2322 460 ΡΑειΑΡιίιι.
2357 392 2822 467 PACHYMEILE;

163 525 326 586 νοεῖν,
359 521 432 585 ὡς
467 521 565 591 τῆς
605 520 818 590 μνήμης
852 515 943 568 τοῦ
984 514 1117 568 Θεοῦ
1163 515 1555 587 ἀνανεουμένης
1579 518 1634 572 ὲν
1663 518 1719 585 τῇ

1832 519 1997 581 mino,
2045 532 2147 573 non
2204 519 2275 572 ita
2315 517 2749 598 intelligendum,
2788 521 2943 596 quasi
2986 522 3075 578 Dei
3119 531 3375 580 memoria

165 615 436 684 φαντασία
471 610 564 665 τοῦ
611 608 954 680 ἡγεμονικοῦ,
989 609 1124 676 ὅπερ
1147 607 1360 660 ἐπὶτῶν
1386 611 1546 678 σαρκὶ
1567 625 1726 678 προσ-

163 704 460 774 δεδεμένων
497 699 728 772 νοερῶν,
775 698 919 752 τοῦτ’
982 697 1359 768 ἐστιν-ὴμῶν,
1409 699 1720 768 συμϐαίνειδ

164 796 302 851 ἀλλά
339 799 520 868 μνήμη
567 793 700 846 Θεοῦ
727 793 932 862 λέγοιτο
967 792 1030 844 ἂν
1067 792 1285 854 εἰκότως
1321 794 1353 863 ἠ
1396 792 1591 859 γνῶσις
1631 791 1722 844 τοῦ

163 887 325 952 Θεοῦ,
361 887 479 942 καθ’
517 889 581 958 ἢν
627 884 879 954 γινώσκει
914 884 1036 945 τοὺς
1071 882 1337 944 τελείους,
1386 882 1630 945 θεοειδεῖς
1667 885 1723 934 ἐν

163 981 315 1050 αὐτῷ
350 978 695 1049 γιγνομένους
720 976 784 1028 δι’
810 974 1058 1044 ἐναρέτου
1100 972 1236 1041 βίου,
1273 973 1364 1025 καὶ
1403 973 1723 1038 ἀξιωθέντας

162 1070 264 1140 τῆς
305 1068 656 1140 ἀνεπιλήστου
696 1066 821 1137 περὶ
845 1065 1018 1118 αὐτῶν
1049 1063 1318 1131 γνώσεως,
1357 1063 1532 1125 καθὼς
1585 1079 1723 1133 παρ·-

166 1162 355 1216 ιστῶσι
402 1162 493 1222 καὶ
540 1159 608 1214 τά
645 1158 1007 1230 παρατεθέντα
1054 1157 1170 1210 θεῖα
1216 1155 1385 1226 ῥητά·
1428 1157 1616 1225 Τίμιος
1655 1155 1722 1208 δὲ

160 1251 443 1304 ἐναντιον
478 1248 699 1316 Κυρίου
739 1251 771 1301 ό
798 1246 916 1300 τῶν
956 1247 1140 1299 ὁσίων
1177 1244 1446 1310 θάνατος,
1493 1245 1550 1297 οὐ
1599 1244 1719 1297 καθ’

159 1342 188 1396 δ
223 1341 409 1405 ἁπλῶς
440 1341 664 1402 θάνατος
695 1339 787 1391 καὶ
827 1335 1090 1402 διάζευξις
1113 1333 1287 1404 ψυχῆς
1314 1335 1420 1390 ἀπὸ
1449 1333 1717 1404 σώματος,

159 1439 301 1493 ἀλλά
333 1440 518 1498 καθότι
544 1441 589 1491 οί
629 1439 759 1490 θεῖοι
783 1437 972 1508 ἄνδρες
998 1435 1320 1495 τελειοῦνται
1348 1438 1402 1488 ἐν
1443 1436 1676 1506 ὁσιότητι
1703 1453 1715 1468 ο

159 1532 351 1604 ὥσπερ
393 1531 616 1601 λέγομεν
653 1531 742 1582 καὶ
781 1528 965 1600 τιμίαν
991 1528 1192 1590 ἅλυσιν,
1233 1530 1291 1582 οὗ
1327 1527 1443 1582 καθ’
1477 1528 1638 1598 αὐτὴν
1661 1527 1727 1580 τδ

156 1607 342 1694 τίμιον
371 1624 613 1693 ἔχουσαν,
644 1621 775 1674 ἀλλά
798 1621 926 1674 διότι
955 1619 1232 1692 περιετέθη
1269 1622 1406 1692 ὑπὲρ
1437 1621 1599 1689 αὐτῆς
1621 1620 1718 1688 τῆς

159 1714 442 1775 εὐσεϐείας
479 1712 556 1783 τῷ
588 1711 904 1784 κηρύττοντι
936 1712 1030 1784 τὴν
1065 1713 1358 1766 εὐσέϐειαν.
1395 1712 1628 1764 Κάκεῖνο
1663 1710 1716 1764 δὲ

157 1802 219 1860 τὸ
249 1805 351 1876 τῆς
397 1804 530 1874 πρὸς
578 1804 667 1856 τὸν
717 1805 944 1875 Χριστὸν
996 1803 1235 1866 ἐνώσεως
1274 1803 1569 1872 ἀδιαίρετον
1611 1801 1716 1855 τῶν

158 1895 331 1964 ἁγίων
378 1897 718 1967 παρίστησιν,
744 1897 822 1948 ὅτι
854 1895 958 1949 τῶν
984 1897 1174 1967 τιμίων
1209 1894 1419 1965 δωρεῶν
1447 1894 1708 1947 ἐπιτεθει-

158 1989 291 2052 σῶν,
312 1989 683 2060 ἀδιαστάτωςὴ
702 1988 808 2042 τῶν
834 1989 1106 2059 ὀνομάτων
1139 1989 1307 2058 ἀνακή
1319 1987 1462 2058 ρυξις
1485 1989 1706 2055 γίνεται.

230 2079 258 2150 ς
305 2079 370 2132 Χ.
412 2079 622 2131 Τούτων
660 2075 750 2133 οὖν
772 2079 1086 2147 γεγονότων,
1131 2077 1365 2130 νίπτεται
1399 2077 1496 2139 τὰς
1530 2080 1710 2147 χεῖρας

155 2172 184 2222 ὁ
206 2171 466 2241 ἱεράρχης
486 2171 784 2242 ἔμπροσθεν
807 2172 911 2223 τῶν
929 2169 1084 2241 ἱερῶν
1111 2170 1384 2240 συμϐόλων
1409 2167 1594 2232 ἑστὼς,
1621 2169 1713 2221 καὶ

157 2262 278 2332 μετ’
322 2261 483 2313 αὑτοῦ
523 2263 756 2325 ἅπαντες
795 2264 842 2318 oi
880 2264 1060 2333 ἱερεῖς.
1100 2261 1170 2313 Ἡ
1200 2260 1255 2312 δὲ
1281 2261 1378 2330 τῆς
1417 2259 1713 2325 συντάξεως

153 2354 460 2420 ἀνάγνωσις
508 2353 625 2405 καθ’
678 2353 974 2424 ὑπερϐατόν
1016 2355 1180 2414 ἐστιν,
1217 2353 1297 2404 ὅτι
1345 2352 1442 2421 μὲν
1463 2346 1552 2403 οὖν
1577 2352 1604 2402 ὁ
1632 2348 1715 2401 λε-

155 2444 413 2515 λουμένος
447 2446 505 2496 οὑ
533 2443 718 2515 χρῄζει
759 2443 1144 2499 ἀπονίπτεσθαι
1173 2443 1331 2513 ἕτερα
1369 2444 1527 2514 μέρη,
1562 2445 1610 2494 εί
1642 2443 1713 2515 μὴ

151 2535 222 2588 τὰ
259 2535 404 2606 ἄκρα
438 2537 530 2588 καὶ
570 2537 638 2588 τά
678 2525 896 2606 ἐσχαταο
927 2538 1015 2604 ἀφ’
1050 2531 1115 2606 ἦς
1140 2536 1202 2606 δὴ
1228 2536 1529 2604 ἀπονίψεως
1545 2538 1602 2588 ἐν
1619 2552 1716 2588 κα-

153 2625 299 2696 Θαρᾷ
331 2625 441 2689 ’ἐξει
478 2629 780 2698 γενόμενος,
805 2628 1083 2699 -άχραντον
1127 2627 1406 2697 ποιήσεται
1443 2627 1538 2697 τὴν
1581 2627 1715 2697 πρὸς

151 2717 241 2769 τὸν
285 2716 417 2770 Θεὸν
438 2720 766 2790 ἐπιστροφὴν
789 2759 803 2780 ,
832 2725 850 2742 ’
883 2720 910 2770 ὁ
940 2721 1079 2789 ἱερὸς
1102 2719 1295 2790 λουτὴρ
1319 2722 1346 2772 ὁ
1383 2721 1438 2772 ἐν
1463 2718 1540 2787 τῷ
1571 2719 1717 2788 νόμῳ

152 2809 461 2879 εἰρημένος,
510 2801 602 2862 καὶ
649 2812 681 2881 ἡ
720 2809 813 2863 νῦν
857 2811 1104 2881 ἀπόνιψις
1142 2812 1248 2864 τῶν
1287 2809 1502 2880 χειρῶν,
1535 2809 1712 2879 δηλοῖ·

153 2896 311 2948 τοῦτο
355 2898 462 2968 γάρ
506 2888 639 2951 ἐστι’
668 2899 727 2951 τὸ
767 2901 1156 2956 ὑπαινίσσεται.
1205 2898 1288 2963 Ὠς
1341 2901 1448 2970 γὰρ
1490 2901 1518 2951 ό
1560 2897 1718 2967 νόμος

153 2982 270 3056 εἶχε
293 2987 548 3058 λουτῆρα,
582 2989 751 3053 οὕτως
777 2990 1005 3047 ἐνταῦθα
1034 2993 1065 3062 ή
1094 2991 1342 3060 ἀπόνιψις
1378 2992 1581 3058 γίνεται
1611 2989 1718 3042 τῶν

155 3075 376 3146 χειρῶν.
427 3077 482 3130 ’0
521 3079 577 3133 δὲ
625 3081 774 3146 ἆγιος
832 3082 923 3133 καὶ
968 3081 1028 3132 τὸ
1067 3081 1163 3144 τάς
1208 3085 1392 3151 χεῖρας
1443 3079 1719 3134 νίπτεσθαι

153 3166 342 3233 ἀνάγει
363 3183 376 3196 ’
406 3166 652 3236 δηλοῦται
692 3169 797 3240 γὰρ
823 3170 1067 3222 ἐντεῦθεν
1092 3173 1122 3239 ἡ
1153 3170 1310 3240 μέχρι
1334 3169 1439 3222 τῶν
1477 3169 1713 3238 ἐσχάτων

152 3258 424 3328 ἀκροτάτη
450 3258 711 3329 κάθαρσις
728 3277 741 3289 ο
760 3261 957 3330 ἔσχατα
984 3260 1090 3332 γὰρ
1121 3262 1215 3314 καὶ
1242 3262 1382 3331 ἄκρα
1404 3259 1494 3312 τοῦ
1524 3259 1707 3328 σώμα-

151 3364 241 3412 τος
269 3351 324 3401 αἱ
347 3351 525 3420 χεῖρές
553 3353 677 3403 εἰσι.
705 3351 800 3404 Διά
822 3351 978 3404 τοῦτο
999 3352 1104 3423 γὰρ
1126 3353 1270 3419 λέγει
1304 3353 1397 3404 καὶ
1428 3351 1488 3403 τὸ
1526 3351 1709 3420 "Auxe-

149 3455 240 3502 τος
268 3439 438 3503 ἔσται,
460 3441 698 3511 δηλονότι
723 3441 1002 3507 ἀπόλυτος,
1035 3443 1108 3506 ὼς
1131 3445 1203 3514 μὴ
1228 3447 1293 3514 τῇ
1319 3445 1496 3512 ἥττονι
1521 3442 1706 3512 ἀγωγῇ

151 3530 245 3584 καὶ
266 3529 498 3583 διαθέσει
525 3532 890 3601 συνεχόμενος.
913 3535 973 3585 Et
991 3535 1095 3605 γὰρ
1117 3535 1208 3586 καὶ
1234 3534 1329 3596 τὰς
1356 3534 1583 3602 ἐσχάτας
1609 3533 1708 3602 τῆς

149 3619 328 3689 ψυχῆς
353 3621 645 3688 φαντασίας
662 3622 1105 3693 καθαρθήσονται,
1129 3623 1504 3692 φανερωτέρας
1532 3622 1706 3686 ἕξουσι

151 3710 247 3773 τὰς
275 3710 604 3778 θεοφανείας,
640 3711 744 3765 τῶν
777 3714 1156 3784 ὑπερκοσμίων
1191 3716 1282 3766 καὶ
1309 3713 1465 3766 θείων
1495 3731 1710 3784 μαρμαη

153 3801 333 3872 ρυγῶν
379 3803 634 3869 ἐφιέντων
694 3802 832 3872 (ἀντὶ
884 3804 974 3856 τοῦ
1002 3805 1297 3874 ἐφωωῶν)
1364 3804 1460 3874 τὴν
1505 3807 1706 3858 οἰκείαν

151 3894 345 3963 αἴγλην
388 3895 468 3956 είς
502 3893 597 3963 τὴν
621 3892 726 3947 τῶν
769 3894 1025 3964 ὁμοειδῶν
1052 3895 1193 3947 κατὰ
1230 3898 1388 3966 χάριν
1431 3897 1706 3967 ἐσόπτρων

151 3985 398 4052 ἀγλαΐαν,
445 3985 714 4054 Ἐσοπτρα
750 3985 806 4039 δέ
846 3984 988 4053 λέγει
1042 3989 1139 4050 τάς
1171 3987 1276 4040 τῶν
1315 3987 1481 4054 ἁγίων
1509 3989 1713 4059 ψυχὰς,-

151 4080 222 4142 rb;
247 4077 340 4131 τοῦ
369 4076 510 4129 θείου
547 4075 718 4143 φωτὸς
752 4066 1020 4139 δεκτικὰς,
1051 4077 1144 4128 καὶ
1167 4077 1264 4146 τῆς
1288 4079 1586 4147 κρείττονος
1608 4080 1701 4152 λή-

153 4167 283 4233 ξεως
308 4166 801 4238 ἀφομοιωματικάς.
843 4165 1149 4231 ’Δττικζζων
1173 4166 1248 4230 δὲ,
1284 4168 1356 4230 ὡς
1403 4167 1698 4239 Ἀθηναῖος,

154 4258 406 4323 συνέταξε
427 4258 487 4309 τὸ
514 4258 690 4328 ῥητὸν,
725 4261 965 4326 φάσκων,
990 4259 1096 4311 τῶν
1133 4260 1498 4328 μαρμαρυγῶν
1524 4261 1700 4329 ἐφιέν-

152 4366 256 4402 των
278 4350 376 4418 τὴν
397 4349 597 4402 οίκείαν
620 4348 808 4420 αἴγλην
829 4365 842 4378 ο
871 4349 1007 4401 οὕτω
1029 4349 1135 4419 γὰρ
1159 4350 1250 4402 καὶ
1283 4350 1337 4401 ἐν
1361 4350 1435 4419 τῷ
1462 4350 1503 4412 ζ’
1537 4367 1703 4418 κεφαο

152 4443 283 4513 λαίῳ
327 4442 428 4511 τῆς
461 4442 745 4509 Οὐρανίου
801 4443 1097 4509 ιεραρχίας
1133 4442 1413 4511 πεποίηκε,
1441 4441 1578 4495 κατά
1620 4442 1697 4506 τὸ,

1830 618 2117 662 renovetur
2148 609 2199 662 in
2223 609 2507 679 phantasia
2539 613 2910 675 memorativa,
2939 613 3080 680 quod
3108 617 3376 673 mentibus

1827 698 1977 752 carni
2020 697 2283 767 alligatis,
2325 701 2378 755 id
2421 707 2505 754 est
2553 697 2728 760 nobis,
2769 716 2866 754 usu
2905 704 3080 766 venit;
3109 705 3204 758 scd
3235 708 3376 772 quod

1827 791 2086 844 memoria
2117 791 2210 845 Dei
2244 801 2387 846 recte
2422 791 2635 844 dicatur
2656 789 2745 843 Dei
2779 792 3029 857 scientia,
3051 811 3154 864 qua
3179 811 3377 867 cognm

1826 879 1930 933 scit
1957 894 2048 933 eos
2074 882 2162 949 qui
2191 881 2408 947 perfecti
2437 888 2584 942 sunt,
2614 877 2902 935 deiformes
2935 882 2986 934 in
3011 897 3067 935 se
3091 883 3260 939 factos
3283 902 3377 953 per

1826 971 1991 1024 vitam
2040 971 2327 1027 virtutibus
2369 971 2661 1036 illustrem,
2699 971 2995 1040 dignosque
3041 973 3273 1039 habitos,
3318 985 3375 1030 ut

1825 1062 2074 1129 perennis
2118 1075 2300 1118 eorum
2355 1061 2605 1116 memoria
2663 1076 2756 1116 seu
2824 1064 3012 1124 notitia
3069 1064 3372 1134 habeatur,

1822 1154 2265 1220 quemadmodum
2312 1151 2489 1209 divina
2544 1171 2755 1225 quoque
2805 1156 3024 1211 oracula
3073 1167 3370 1214 testantur:

1828 1246 2064 1301 Pretiosa
2105 1247 2161 1301 in
2218 1260 2484 1315 conspectu
2542 1249 2748 1303 Domini
2795 1267 2933 1305 mora
2975 1260 3272 1306 sanctorum
3322 1254 3371 1318 ⁸,

1823 1355 1925 1392 non
1985 1339 2037 1392 in
2087 1351 2343 1407 quantum
2373 1341 2689 1409 simpliciter
2724 1357 2866 1396 mors
2901 1339 3130 1409 esu-et
3181 1344 3374 1399 anima

1822 1444 1850 1481 a
1908 1443 2134 1496 corpore
2199 1430 2464 1495 separatio
2498 1469 2514 1494 ,
2581 1431 2673 1484 sed
2722 1439 2998 1499 quatenus
3052 1430 3220 1484 divini
3272 1431 3374 1486 viri

1821 1521 1874 1573 in
1899 1519 2184 1574 sanctitate
2203 1529 2674 1586 consummantur;
2703 1521 3014 1576 sicntetiam
3045 1521 3373 1578 vinctionem

1819 1611 2110 1678 pretiosam
2163 1609 2412 1672 dicimus,
2460 1626 2560 1664 non
2607 1612 2749 1680 quod
2776 1627 2872 1680 per
2913 1627 2970 1666 se
2999 1613 3230 1681 pretiosa
3277 1606 3382 1676 sit,

1820 1703 1910 1754 sed
1967 1702 2106 1768 quod
2171 1715 2268 1769 pro
2324 1702 2576 1770 religione
2641 1703 2900 1770 applicata
2945 1703 3014 1755 sit
3063 1703 3370 1770 religionem

1820 1793 2146 1862 praedicanti.
2193 1793 2329 1860 Quin
2374 1801 2428 1848 et
2485 1793 2586 1848 hoc
2649 1808 2862 1862 quoque
2910 1805 3214 1847 sanctorum
3251 1809 3371 1847 cum

1817 1885 2028 1939 Christo
2067 1885 2315 1938 unionem
2376 1885 2662 1954 signiﬁcat,
2705 1888 2848 1956 quod
2881 1886 3138 1956 appositis
3182 1901 3371 1940 mune-

1814 1978 1960 2031 ribus
2001 1977 2254 2044 pretiosis
2293 1977 2534 2046 protinus
2560 1992 2770 2047 quoque
2813 1981 3030 2034 nomina
3059 1981 3381 2034 reeitentur.

1885 2066 1912 2136 §
1951 2065 2016 2119 Χ.
2049 2065 2146 2119 His
2180 2066 2360 2133 itaque
2390 2067 2642 2134 peractis,
2685 2077 2870 2123 astans
2895 2085 3076 2124 coram
3110 2070 3386 2143 symbolis.

1813 2157 2096 2211 bierarcha
2125 2172 2315 2210 manus
2334 2156 2519 2219 abluit,
2550 2168 2605 2211 et
2633 2174 2734 2212 una
2757 2175 2878 2212 cum
2917 2162 3031 2228 ipso
3061 2175 3249 2214 omnes
3276 2177 3367 2215 sa-

1814 2251 2077 2306 cerdotes.
2105 2248 2737 2306 Lectioconstructionis
2765 2253 2916 2324 hujus
2943 2256 3367 2323 hyperbatoseu.

1815 2342 2242 2408 transgressione
2293 2349 2524 2405 constat,
2583 2342 2724 2408 quod
2777 2344 3028 2398 nimirqu
3084 2348 3174 2414 qui
3219 2347 3373 2404 lotus.

1816 2441 1938 2495 est,
1998 2447 2104 2487 non
2157 2447 2292 2502 opus
2345 2431 2538 2484 habeat
2595 2419 3228 2492 aliorummtembrorum
3281 2444 3362 2494 lo-

1817 2523 1960 2577 tione
1993 2567 2006 2590 ,
2076 2539 2235 2599 quam
2294 2525 2656 2579 summitatum
2711 2540 2804 2579 seu
2874 2531 3272 2585 extremitatnm
3305 2544 3361 2599 ιι,

1818 2629 1848 2670 a
1893 2630 1996 2682 qua
2039 2617 2226 2683 utique
2290 2617 2488 2672 lotione
2545 2634 2743 2687 purum,
2803 2618 3043 2672 habitum
3107 2635 3364 2676 consecu-

1819 2714 1923 2767 tus,
1964 2705 2359 2761 immaculatam
2402 2706 2568 2763 faciet
2603 2710 2667 2762 ad
2705 2682 2878 2762 beum
2923 2711 3360 2774 conversionem,

1819 2796 1897 2848 uti
1927 2810 2139 2852 sacrum
2180 2786 2450 2852 lavacrum
2478 2837 2493 2862 ,
2545 2800 2610 2852 de
2639 2813 2744 2867 quo
2782 2801 2834 2852 in
2881 2799 2998 2870 lege
3025 2802 3223 2854 dictum
3255 2810 3360 2866 est,

1818 2897 1873 2942 et
1906 2884 2019 2943 haec
2045 2903 2298 2942 manuum
2337 2890 2464 2944 lotio
2492 2891 2751 2944 declarat.
2795 2889 2904 2945 Hoc
2936 2892 3079 2945 enim
3113 2901 3194 2945 est
3221 2894 3362 2962 quod

1821 2981 2136 3035 insinuatur.
2171 2980 2624 3045 Quemadmodum
2644 2982 2805 3052 211
2838 2984 2978 3036 enim
3019 2983 3100 3037 lex
3134 2985 3364 3039 habebat

1821 3068 2118 3136 lavacrum,
2141 3069 2218 3123 sic
2239 3079 2294 3124 et
2324 3069 2408 3124 hic
2422 3069 2481 3123 ﬁt
2497 3085 2745 3123 manuum
2770 3072 2992 3128 ablutio.
3027 3073 3124 3127 llic
3141 3085 3364 3130 sanctus

1821 3173 2000 3216 autem
2027 3178 2279 3216 manuum
2306 3163 2559 3219 lotionem
2584 3157 2817 3232 adducit,
2850 3167 2973 3236 quia
3003 3166 3127 3222 hinc
3145 3183 3360 3239 quoque

1812 3268 2018 3307 summa
2045 3255 2441 3308 extremitatum
2461 3257 2696 3324 expiatio
2723 3258 3062 3328 designatur;
3089 3262 3351 3327 siquidem

1811 3362 1998 3400 manus
2028 3356 2149 3401 sunt
2185 3349 2428 3415 corporis
2463 3351 2800 3405 summitates
2827 3366 2918 3406 seu
2964 3355 3353 3409 extremitates.

1811 3440 2011 3494 Idcirco
2045 3442 2205 3494 etiam
2243 3442 2371 3494 dicit
2405 3442 2576 3506 ipsum
2624 3442 2849 3495 liberum
2880 3441 3139 3508 futurum,
3191 3447 3241 3499 id
3273 3454 3360 3499 est

1808 3531 2140 3596 expeditum,
2191 3540 2246 3582 ut
2281 3531 2372 3597 qui
2414 3530 2555 3583 nulla
2590 3530 2830 3586 inferiori
2863 3533 3266 3587 conversatione
3297 3545 3353 3588 et

1806 3618 2143 3674 aﬂ‘ectatione
2165 3621 2480 3678 detineatur.
2517 3623 2782 3677 Extrcmis
2798 3623 2939 3676 enim
2963 3627 3154 3678 anima:
3184 3625 3350 3692 phano

1809 3712 1954 3765 tasiis
1986 3712 2182 3780 expiati
2211 3695 2776 3781 clarioribus‘quoque
2806 3713 2900 3768 Dei
2927 3717 3350 3783 apparitionibus

1807 3803 2130 3868 gaudebunt,
2166 3804 2688 3868 supermundialibus
2717 3805 2832 3858 istis
2867 3805 3166 3873 divinisque
3194 3824 3351 3863 corn-

1805 3893 2132 3946 scatiouibus
2161 3894 2212 3946 in
2244 3894 2540 3947 consimilis
2569 3896 2762 3961 speciei
2798 3896 3031 3964 specula,
3059 3899 3346 3955 secundum

1805 3985 2045 4053 gratiam,
2073 3983 2248 4039 lumen
2284 3999 2436 4039 suum
2469 3986 2833 4040 evibrantibus
2861 3986 3140 4056 (ἐφιέντων
3163 3973 3346 4044 dicens

1805 4091 1900 4144 pro
1941 4075 2214 4143 ὲφιεισῶν,
2260 4075 2612 4130 masculinum
2664 4092 2758 4145 pro
2784 4075 3086 4146 feminino).
3121 4078 3344 4146 Specula

1803 4175 1978 4219 autem
2016 4164 2246 4233 appellat
2297 4175 2601 4224 sanctorum
2656 4168 2885 4232 animas,
2931 4177 3115 4237 utpote
3151 4170 3346 4226 divina:

1803 4254 1936 4308 lucis
1970 4268 2215 4322 capaces,
2243 4266 2298 4309 et
2314 4257 2378 4309 ad
2417 4257 2688 4312 meliorem
2725 4257 2866 4312 illam
2897 4267 3097 4313 sortem
3131 4275 3347 4328 compa-

1805 4358 1964 4404 ratas.
1994 4347 2239 4417 Loquens
2282 4358 2458 4402 autem
2490 4349 2681 4410 Attice,
2723 4359 2780 4404 ut
2824 4349 3190 4417 Atheniensis,
3218 4369 3341 4406 ver-

1801 4439 1924 4494 bum
1955 4439 2054 4493 boc
2076 4440 2402 4504 construxit,
2433 4440 2636 4503 dicens,
2669 4440 3132 4496 coruscationibus
3159 4441 3339 4510 splen-

153 4535 359 4596 Κλυτὸς
394 4533 757 4603 Ἱπποδάμεια,
797 4535 888 4586 καὶ
926 4533 1215 4596 Ψολόεντος
1256 4534 1477 4602 ἐχίδνης.
1523 4532 1620 4586 Διά
1649 4537 1700 4590 τί

1814 4532 1984 4584 dorem
2014 4541 2169 4585 suum
2210 4530 2615 4596 evibrantibus;
2661 4530 2847 4584 eodem
2885 4533 3041 4586 modo
3079 4533 3206 4586 fecit
3250 4549 3348 4589 ca-.

149 4623 202 4676 δὲ
248 4621 575 4691 ἐπίπροσθεν
611 4622 718 4676 τῶν
761 4622 918 4693 Ξερῶν
967 4623 1240 4692 συμϐόλων
1286 4625 1318 4693 ὴ
1360 4623 1464 4675 τῶν
1513 4624 1698 4694 ἱερέων

151 4714 400 4782 ἀπόνιψις
433 4704 672 4780 γ”ίνεται;
720 4714 803 4776 Ὠς
839 4713 930 4765 ἐπὶ
966 4713 1197 4784 Χριστοῦ
1229 4713 1319 4767 τοῦ
1363 4715 1537 4778 πάσας
1577 4716 1700 4783 ἐφο-

152 4807 350 4878 ρῶντος
373 4806 469 4869 τὰς
495 4807 831 4877 ἀνθρωπίνας
859 4807 1082 4870 ἐννοίας,
1122 4806 1218 4876 τῆς
1255 4807 1554 4878 ἀκροτάτης
1587 4810 1698 4880 ὁρι-

150 4899 382 4970 ζομένης
423 4899 734 4969 καθάρσεως
769 4900 824 4951 ἐν
858 4901 966 4960 τοῖς
1010 4900 1429 4962 πανεπισκόποις
1471 4900 1697 4970 ἀκριϐα-

152 4995 301 5061 σμοῖς
326 5031 341 5054 ,

1803 4623 1908 4689 pite
1949 4622 2175 4689 septimo
2198 4620 2432 4680 Calatis
2454 4621 2780 4685 hierarchiw,
2807 4621 2958 4688 juxta
2981 4622 3107 4677 illud
3133 4625 3340 4690 Κλυτδς

1812 4713 2153 4782 Ἱπποδάμεια
2168 4716 2240 4777 α’,
2293 4719 2345 4764 et
2372 4711 2662 4774 Ψολὸεντος
2696 4712 2920 4784 ἐχίδνης.
2951 4713 3209 4768 Caeterum
3241 4731 3340 4768 cur

1798 4819 1977 4858 coram
2005 4805 2175 4858 sacris
2197 4802 2557 4872 symbolisilla
2583 4804 2919 4857 sacerdotum
2953 4803 3154 4856 ablutio
3184 4804 3347 4858 insti-_

1799 4893 2007 4946 tuitur?
2039 4894 2163 4961 quia
2202 4893 2454 4948 nimirum
2489 4907 2672 4945 coram
2699 4892 2931 4967 Christo,
2958 4894 3047 4961 qui
3083 4894 3342 4948 occultis.-

386 4994 477 5044 καὶ
520 4996 636 5055 ταῖς
672 4991 980 5054 ἀδεκάστοις
1023 4991 1209 5043 τούτου
1250 4992 1517 5062 κρίσεσιν·
1556 4991 1694 5044 οὕτω

1814 4986 1961 5038 ίὶιιιοε
1988 4999 2228 5052 quasque
2254 4985 2516 5039 humanas
2556 4985 2907 5054 COgitationcs
2949 4985 3205 5047 intuetur,
3249 5001 3342 5040 su-

149 5081 430 5152 τοιγαροῦν
463 5081 675 5145 ἐνωθε“ις
711 5085 738 5136 ὁ
782 5083 1035 5154 ίεράρχης
1069 5085 1178 5145 τοῖς
1211 5082 1390 5146 θείοις,
1433 5087 1698 5155 ίερουργεί

1814 5093 1974 5133 »ιέιηο
2002 5077 2090 5130 illa
2118 5077 2354 5145 expiatio
2380 5077 2861 5146 perspicacissimis
2888 5079 3338 5143 scrutationibus,

149 5169 213 5222 τὰ
250 5170 516 5223 θειότατα.
554 5173 714 5234 Τίνας
751 5173 845 5241 μὲν
883 5169 973 5226 οὖν
1005 5171 1101 5236 τάς
1137 5176 1215 5236 είς
1240 5176 1386 5244 ἡμᾶς
1419 5174 1699 5245 θεουργίας

1814 5170 2262 5237 :xactissimisque
2287 5178 2342 5223 et
2365 5169 2722 5238 integerrimis
2742 5167 2965 5235 iudiciis
2998 5169 3292 5224 absolvitur
3321 5189 3348 5229 ;Δ

154 5264 329 5333 φαμὲν
375 5262 644 5332 (δηλονότι
678 5263 774 5325 τάς
818 5263 909 5315 τοῦ
970 5262 1138 5334 Ἰησοῦ
1187 5264 1277 5316 τοῦ
1314 5265 1512 5335 Κυρίου
1547 5265 1700 5335 ἡμῶν

1814 5276 1898 5314 ioc
1940 5263 2080 5314 enim
2126 5261 2282 5314 modo
2311 5262 2596 5315 bierarcha
2637 5259 2831 5313 divinis
2865 5262 3024 5314 rebus
3047 5259 3230 5314 unitus
3258 5261 3341 5315 (ιι-ς

151 5355 379 5422 Χριστοῦ
427 5356 552 5425 περὶ
594 5356 739 5424 ἡμᾶς
783 5355 1048 5425 προνοίας,
1101 5356 1164 5418 ἃς
1205 5357 1297 5410 ἐπὶ
1341 5357 1575 5426 σωτηρίᾳ
1599 5356 1691 5409 τοῦ

151 5445 331 5513 γένους
365 5445 539 5516 ἡμῶν,
576 5446 788 5517 εὐδοκία
812 5445 902 5498 τοῦ
929 5447 1132 5517 [ἰατρὸς
1167 5447 1222 5499 ἐν
1251 5449 1519 5519 Πνεύματι
1556 5449 1694 5519 ἁγίῳ

1799 5355 2072 5408 vinissima
2117 5364 2394 5408 consecrat
2418 5356 2694 5424 mysteria.
2726 5355 2998 5419 Quasnam
3039 5361 3213 5406 autem
3252 5354 3342 5407 di-.

1799 5444 1951 5497 vinas
2006 5445 2058 5497 in
2115 5461 2210 5500 nos
2265 5447 2598 5511 operationes
2641 5446 2867 5499 dicimus
2928 5443 3156 5516 (scilicet
3207 5441 3337 5496 Jesu

151 5534 496 5606 ὲτελείωσεν),
524 5535 650 5606 ἑξῆς
673 5535 809 5588 κατὰ
841 5536 1061 5604 δύναμιν
1103 5535 1339 5608 εἴπωμεν
1372 5538 1499 5608 περὶ
1529 5531 1602 5591 ὧν
1629 5538 1693 5590 ἂν

1814 5536 1996 5590 Jliristi
2029 5537 2238 5592 Domini
2269 5538 2434 5592 nostri
2466 5538 2609 5592 circa
2648 5553 2744 5592 nos
2772 5537 3159 5606 providentiae,
3201 5550 3344 5602 quas

221 5692 240 5725 ¹
272 5689 408 5744 Psal.
433 5707 556 5756 cxv,
580 5691 660 5745 15.
765 5698 791 5729 ⁸³
817 5692 969 5746 Joan.
995 5707 1110 5753 xm,
1137 5689 1219 5744 l0.
1295 5688 1410 5745 ΨΜ.
1443 5709 1504 5756 ιι,
1536 5693 1657 5745 742.

273 5797 468 5855 ncesse
493 5801 704 5856 videtur
738 5801 1001 5871 particula
1038 5797 1389 5868 coniunctiva,
1419 5818 1574 5871 quam
1612 5802 1737 5872 legit
1764 5804 2040 5872 interpres.
2084 5802 2176 5856 En.
2212 5800 2449 5857 Ρλτιιοι..
