4162 6304
805 333 909 391 ιστ

1986 346 2050 405 'S.
2082 346 2385 407 DlONYSIl
2419 350 2881 409 AREOPAGITE

3910 353 4010 410 ιω

808 453 866 506 in
914 454 1080 509 nostri
1125 460 1338 526 generis
1390 462 1642 528 salutem,
1690 461 2028 535 beneplacito
2059 464 2265 533 Patris,
2314 467 2364 519 in

2470 467 2561 519 xui
2593 458 2966 539 δυνηθείημεν.
3018 468 3153 521 Ὅσα
3184 466 3239 521 δὲ
3283 468 3430 540 παρά
3468 470 3575 523 τῶν
3607 468 3799 521 ἐνθέων
3826 472 4017 541 ίεραρον

809 544 1011 612 Spiritu
1030 558 1218 604 sancto
1252 551 1518 625 perfecit),
1545 554 1608 609 de
1631 554 1715 608 bis
1743 564 2135 623 consequenter
2158 572 2250 626 pro
2276 556 2359 609 vi—

808 638 894 690 rili
936 639 1177 697 dicamus
1206 654 1379 711 -prout
1409 642 1736 715 poterimus.
1760 645 1888 714 Quae
1923 663 2050 703 vero
2084 664 2119 703 a
2165 649 2362 703 divinis

808 728 1106 787 hierarchis
1132 733 1488 797 ,incruentam
1535 737 1766 791 hostiam
1799 739 2229 795 sacrificantibus
2267 754 2360 796 σοιν

808 822 1104 891 lchrentur,
1143 828 1318 896 quoad
1351 842 1652 897 possumus.
1681 830 2029 900 proferemus.

878 911 1021 983 §XL
1054 914 1259 971 Natura
1296 919 1529 972 humana
1562 920 1630 974 ab
1664 920 1815 975 initio
1846 931 1902 976 ut
1939 923 2189 997 paradiso
2213 925 2362 979 exci-

806 1001 907 1065 dit,
936 1007 1092 1060 morti
1134 1008 1328 1063 tradita
1354 1019 1466 1075 est;
1497 1019 1887 1079 consequenter
1914 1015 2073 1067 etiam
2112 1013 2363 1083 praevari-

805 1095 951 1148 catio
978 1097 1213 1164 primum
1247 1110 1823 1184 parentem’nostrum,
1859 1104 2089 1158 divinam
2120 1104 2363 1158 volunta-

809 1192 915 1237 tem
965 1196 1399 1257 transgressum,
1454 1193 1857 1263 deceptionibus
1913 1196 2134 1259 erroris,
2190 1196 2362 1266 iisque

803 1289 924 1344 qua
959 1276 1158 1333 divinis
1190 1280 1349 1335 bonis
1385 1282 1762 1350 adversantur,
1796 1294 1852 1339 ut
1887 1285 2045 1339 morti
2084 1295 2137 1341 et
2174 1301 2364 1341 corru-

803 1368 976 1435 ptioni
999 1408 1014 1435 ,
1044 1370 1275 1439 propriis
1310 1372 1422 1427 suis
1448 1374 1895 1442 propensionihus
1948 1376 2184 1431 tradidit.
2225 1377 2360 1443 Quid

804 1468 985 1513 autem
1026 1470 1129 1526 est,
1192 1463 1428 1533 propriis
1474 1454 1960 1534 propensionibus?
1987 1466 2122 1522 Cum
2157 1468 2362 1523 scilicet

802 1561 977 1607 status
1026 1556 1202 1609 nostri
1249 1557 1509 1627 originem
1567 1574 1597 1612 e
1656 1568 1793 1614 terra
1839 1562 2096 1616 ducamus
2146 1563 2361 1633 (corpus

802 1643 948 1699 enim
973 1656 1216 1702 nostrum
1242 1662 1306 1702 ex
1337 1665 1399 1704 ea
1417 1652 1670 1721 constat),
1695 1653 1889 1707 merito
1918 1664 2038 1723 post
2068 1665 2361 1724 transgres-

803 1734 1011 1790 sionem
1058 1736 1219 1792 finem
1254 1754 1467 1809 quoque
1502 1742 1697 1811 origini
1726 1754 2141 1799 consentaneum
2192 1746 2360 1799 liabe-

2462 557 2572 627 χῶν
2608 559 3024 630 ἱερουργούντων
3050 562 3146 631 τὴν
3173 559 3506 630 ἀναίμακτον
3535 558 3717 615 θυσίαν
3742 563 4010 632 ὑμνεῖται,

2460 653 2534 717 ὡς
2559 651 2685 725 ήμῖν
2716 648 2949 724 ἐφικτὸν.
2979 654 3228 727 ἐροῦμεν.

2530 931 2557 1003 §
2589 929 2682 983 XI.
2700 929 2767 981 Ἦ
2788 928 3094 1000 ἀνθρωπεία
3112 927 3291 997 φύσις,
3317 923 3551 1009 ἀρχῆθεν
3572 924 3663 977 τοῦ
3691 922 4019 995 παραδείσω

2461 1023 2842 1093 ἐξολισθήσασα
2861 1063 2875 1087 ,
2918 1017 3183 1093 παρεδόθη
3207 1019 3284 1089 τῷ
3316 1018 3527 1088 θανάτῳ
3544 1034 3557 1049 ’
3584 1016 3876 1078 ἀκολούθως
3903 1015 4016 1085 γὰρ

2462 1119 2493 1187 ἡ
2532 1116 2839 1186 παράϐασις
2875 1113 2965 1165 τὸν
3003 1112 3417 1183 ὲβοιστρήσαντα
3436 1108 3527 1162 τοῦ
3554 1108 3693 1161 θείου
3720 1108 4016 1177 θελήματος

2461 1210 2775 1279 προπάτορα
2807 1209 2927 1268 ταῖς
2964 1205 3196 1267 ἀπάταις
3224 1202 3315 1257 τοῦ
3357 1201 3574 1264 πλάνου,
3612 1201 3721 1261 τοῖς
3759 1199 4019 1259 ἐναντίως

2458 1294 2565 1347 τῶν
2593 1293 2748 1347 θείων
2770 1292 3006 1361 ἀγαθῶν,
3024 1290 3101 1361 τῷ
3124 1290 3333 1362 θανάτῳ
3356 1290 3593 1362 δηλονότι
3618 1290 3706 1341 καὶ
3727 1290 3789 1355 τῇ
3813 1287 4021 1357 φθορᾷ,

2464 1387 2620 1450 ίδίαις
2673 1389 2891 1449 ἑαυτοῖς
2938 1387 3129 1457 ῥοπαῖς
3177 1382 3547 1453 παραδέδωκε.Δ
3580 1380 3644 1432 Τί
3682 1380 3739 1431 δέ
3775 1380 3883 1429 ἐστι
3929 1378 4022 1439 τὸ,

2458 1480 2682 1547 οἰκείαις
2718 1480 2910 1550 ῥοπαῖς
2933 1494 2951 1542 ;-
2978 1477 3178 1546 Ἥγουν
3204 1474 3389 1543 ἐπειδὴ
3412 1472 3582 1543 ἀρχὴν
3599 1470 3696 1540 τῆς
3715 1470 4020 1530 συστάσεως

2460 1575 2523 1626 ἔκ
2545 1573 2646 1642 γῆς
2670 1572 2918 1642 ἔσχομεν,
2946 1567 3025 1639 (τὸ
3059 1567 3165 1638 γὰρ
3191 1563 3499 1635 σωματικὸν.
3530 1561 3680 1632 ήμῶν
3704 1558 3761 1624 ἐξ
3791 1557 4027 1629 αὑτῆςο).

2459 1666 2679 1727 εἰκότως
2712 1662 2851 1735 μετὰ
2881 1661 2977 1733 τὴν
3012 1660 3345 1731 παράϐασιν,
3385 1656 3477 1709 καὶ
3514 1655 3571 1707 τὸ
3600 1653 3749 1716 τέλος
3783 1650 4021 1721 πρόσφο-

2463 1772 2551 1826 ρον
2596 1752 2823 1823 ἔσχομεν
2855 1754 2923 1822 τῇ
2966 1752 3128 1821 ἀρχῇ,
3164 1752 3242 1812 είς
3297 1747 3400 1816 γῆν
3454 1740 4019 1809 ἀναλύοντες-,’ὲπειδὴ

804 1841 926 1881 mus
970 1826 1023 1879 in
1059 1834 1257 1881 terram
1308 1831 1521 1885 resoluti
1552 1872 1567 1894 ,
1606 1848 1726 1887 cum
1770 1834 1972 1888 dictum
2024 1834 2136 1889 sit:
2198 1834 2358 1889 Terra

2464 1814 2691 1917 taeter):
2714 1814 2805 1911 i‘ﬁ
2835 1814 3139 1907 ετξκαί
3176 1814 3319 1910 τῆν-ὴ
3344 1814 3667 1905 rixandum.
3697 1836 3895 1902 Ἤγουν
3934 1832 4023 1889 διὰ

804 1935 859 1972 er
889 1957 906 1983 ,
989 1929 1038 1972 et
1104 1920 1155 1972 in
1213 1928 1407 1974 terram
1469 1926 1737 1977 reverteris
1761 1933 1809 1978 τ.
1860 1924 1957 1980 Vel
2004 1926 2179 1994 itaque
2236 1922 2359 1997 pro-

806 2018 927 2077 pter
978 2009 1029 2062 id
1076 2009 1217 2078 quod
1272 2010 1524 2076 infertur,
1586 2014 1894 2083 apponitur,
1942 2017 2105 2086 212
2134 2017 2361 2086 propriis

805 2100 1258 2168 propensionibus
1277 2140 1293 2167 ,
1332 2090 1416 2156 vel
1446 2104 1609 2157 etiam
1650 2106 1835 2162 liberis
1861 2123 1923 2162 ac
1950 2109 2279 2177 spontaneis,
2307 2118 2364 2163 et

806 2188 859 2241 id
902 2189 1044 2258 quod
1087 2189 1320 2245 infertur
1354 2192 1550 2247 iterum
1581 2194 1769 2250 eodem
1811 2198 1993 2251 modo
2024 2198 2360 2268 intelligitur.

804 2279 1044 2335 Observa
1073 2294 1204 2336 vero
1245 2284 1517 2351 quomodo
1546 2285 1743 2340 dixerit
1772 2303 1787 2340 :
1828 2288 1868 2340 A
1900 2287 2005 2342 vita
2035 2300 2152 2358 quae
2188 2290 2253 2344 ad
2276 2305 2362 2345 su-

803 2386 973 2440 perna
1007 2374 1297 2438 tendebat;
1348 2375 1624 2444 ἀνάγωγος
1652 2376 1794 2431 enim
1837 2392 1932 2432 seu
1962 2380 2361 2436 adducens'vita

805 2476 1020 2532 quoque
1051 2464 1253 2519 dicitur
1290 2466 1553 2541 dissoluta
1593 2474 1645 2521 et
1676 2468 2035 2540 immorigera,
2083 2475 2203 2541 qua:
2240 2489 2360 2543 pra-

802 2568 932 2608 vum
991 2556 1211 2611 ductum
1260 2560 1542 2627 sequitur;
1585 2563 1673 2616 hic
1723 2573 1901 2617 autem
1949 2565 2215 2633 signiﬁcat
2243 2582 2359 2622 eam

803 2660 926 2716 quae
970 2650 1253 2718 superiora
1301 2650 1533 2720 qumrit‘,
1578 2663 1632 2708 et
1667 2655 1733 2709 ad
1772 2656 1935 2710 Deum
1968 2671 2225 2713 conversa
2256 2670 2359 2714 est.

806 2735 945 2793 Hinc
984 2754 1109 2794 cum
1156 2750 1343 2795 natura
1376 2758 1405 2797 a
1449 2754 1596 2798 recta
1618 2746 1682 2799 ad
1728 2746 1890 2801 Deum
1936 2748 2018 2801 via
2066 2749 2360 2819 aberraret,

808 2830 1035 2884 minime
1065 2831 1319 2898 advertit,
1353 2848 1413 2889 se
1448 2850 1557 2889 non
1578 2836 1681 2891 diis
1709 2848 1762 2891 et
1784 2840 1998 2905 amicis,
2030 2842 2123 2895 sed
2156 2840 2363 2896 infestis

808 2920 1058 2977 hostibus
1100 2924 1267 2979 fuisse
1314 2928 1649 2995 obsecutam,
1694 2929 1887 3007 quibus
1918 2932 2033 3001 ipsa
2071 2933 2365 2988 crudeliter

803 3028 904 3083 pro
951 3014 1287 3073 immanitate
1326 3037 1419 3075 sua
1452 3022 1819 3091 abutentibus,
1852 3025 2002 3094 (quid
2042 3025 2186 3078 enim
2236 3024 2360 3079 mali

2459 1937 2521 1991 τὸ
2549 1937 2937 2008 ἐπιφερόμενον
2972 1934 3173 1992 τίθεται
3208 1934 3269 1987 τὸ
3294 1932 3515 1995 οἰκείαις
3541 1930 3754 2000 ὁρμαῖς,
3779 1928 3810 1997 ἢ
3835 1924 4020 1996 δηλονς

2461 2028 2541 2081 ότι
2578 2028 2983 2098 προαιρετικαῖς
3020 2025 3116 2081 καὶ
3138 2021 3519 2088 αὑτεξουσίοις,
3564 2019 3660 2072 καὶ
3688 2018 3746 2070 τὸ
3768 2014 4021 2085 ἐπιφερό-

2465 2135 2621 2186 μενον
2657 2118 2815 2171 πάλιν
2852 2117 2971 2172 καθ’
3003 2114 3134 2169 αὐτὸ
3156 2118 3371 2168 νοεῖται.
3402 2113 3541 2184 Ὅρα
3575 2111 3629 2163 δὲ
3664 2109 3779 2172 πῶς
3812 2103 3933 2159 εἷπε
3964 2104 4024 2157 τὸ

2475 2208 2775 2280 Ἀναγώγου
2812 2208 2953 2279 ζωῆς
2984 2224 2997 2239 ο
3035 2207 3313 2275 ἀνάγωγος
3345 2204 3452 2273 γὰρ
3482 2202 3594 2272 ζωὴ
3629 2201 3840 2269 λέγεται
3874 2198 3968 2249 καὶ¹
3992 2198 4031 2270 ή

2461 2303 2753 2368 ἀκόλαστος
2775 2302 2866 2355 καὶ
2886 2299 3222 2363 ἀπαίδευτος,
3250 2298 3325 2362 ὡς
3355 2296 3531 2367 κακὴν
3554 2291 4015 2363 ἀγωγὴνέχουσω

2463 2392 2697 2449 ἐνταῦθα
2718 2393 2775 2450 δὲ
2800 2392 2897 2463 τὴν
2921 2389 2991 2445 τά
3022 2389 3133 2444 ἀνω
3156 2386 3443 2459 ζητοῦσαν,
3464 2386 3555 2439 καὶ
3578 2383 3712 2453 πρὸς
3744 2381 3874 2433 Θεὸν
3892 2382 4031 2433 ’ἐπε-ν

2465 2484 2815 2558 στραμμὲνην
2860 2482 3039 2552 φησίν,
3102 2477 3377 2532 Ἐντεῦθεν
3423 2479 3457 2548 ή
3503 2474 3662 2545 φύσις
3697 2471 4024 2541 ’πλανωμένη

2460 2578 2559 2648 τῆς
2601 2577 2735 2648 πρὸς
2768 2574 2899 2628 Θεὸν
2939 2572 3153 2635 εὐθείας
3187 2571 3326 2635 ὁδοῦ,
3355 2566 3637 2627 ἐλάνθανεν
3672 2565 3730 2617 οὺ
3764 2563 3941 2625 θεοὺς,
3966 2562 4028 2619 of;

2462 2671 2646 2739 φίλους
2678 2709 2692 2733 ,
2749 2666 2884 2721 ἀλλά
2930 2665 3210 2736 δυσμενεῖς
3256 2659 3648 2732 θεραπεύουσα,
3697 2649 3770 2709 ὧν
3822 2654 3885 2724 δὴ
3935 2654 4029 2705 καὶ

2463 2756 2693 2824 ἀφειδῶς
2728 2756 2861 2827 αὐτῇ
2900 2751 3389 2824 κατακεχρημένων
3415 2747 3556 2803 κατά
3584 2748 3643 2800 τὸ
3675 2747 3868 2799 οἰκεῖον
3907 2742 4029 2812 ἀνη-

2462 2847 2601 2913 λεὲς,
2632 2847 2703 2917 (τί
2730 2846 2837 2918 γὰρ
2859 2846 3023 2898 κακὸν
3045 2845 3143 2897 οὐκ
3166 2842 3415 2912 εποίησεν
3438 2839 3477 2911 ;)
3505 2838 3583 2903 είς
3611 2838 3851 2891 κίνδυνον
3873 2836 4027 2888 ἀπωη

2464 2945 2609 3007 λείας
2626 2940 2997 3015 ἐμπεπτώκει,
3013 2939 3147 3010 δνδὴ
3164 2939 3256 2992 καὶ
3268 2934 3599 3005 ἀνυπαρξίαν
3611 2932 3773 3001 λέγει,
3792 2929 4031 3000 δηλονότι

2467 3034 2692 3089 θάνατον
2743 3030 2992 3103 ψυχικόν.
3061 3028 3117 3085 Ὀ
3164 3026 3294 3097 γοῦν
3344 3024 3471 3087 Θεὸς
3518 3022 3674 3093 ήμῶν
3715 3022 3781 3075 δι’
3823 3020 4029 3072 οἰκείαν

802 3120 913 3159 non
960 3105 1316 3179 intulerunt?)
1360 3112 1413 3166 in
1457 3113 1745 3170 discrimen
1794 3117 2175 3173 internecionis
2228 3117 2361 3171 inci-

2466 3127 2829 3199 ἀπειροτάτην
2878 3122 3206 3194 ἀγαθότητα,
3249 3120 3343 3190 τὴν
3399 3116 3689 3209 αὐτουργὸν
3737 3114 3847 3209 οὐκ
3890 3114 4033 3209 om:

804 3196 1001 3263 derat,
1034 3200 1176 3267 quod
1204 3201 1371 3255 etiam
1406 3212 1580 3259 status
1617 3206 1971 3273 privationem
2002 3217 2179 3275 vocat,
2210 3209 2361 3262 scili-

802 3297 895 3344 cet
924 3300 1154 3345 mortem
1188 3293 1507 3361 spiritalem.
1544 3297 1745 3371 Verum
1774 3299 1913 3355 Deus
1932 3309 2115 3356 noster
2142 3308 2361 3371 propter

802 3380 1070 3435 infinitam
1108 3398 1263 3439 suam
1294 3386 1607 3456 bonitatem,
1644 3405 1741 3460 per
1777 3405 1836 3446 se
1868 3392 2037 3446 nostri
2061 3407 2247 3448 curam
2269 3408 2361 3462 ge-

804 3487 928 3528 rere
954 3490 1059 3529 non
1105 3476 1352 3545 destitit;
1384 3481 1636 3550 quoniam
1662 3482 1917 3537 nimirum
1950 3484 2239 3552 ipsummet
2265 3485 2364 3545 Dei

804 3563 1043 3622 Verbum
1074 3582 1134 3622 ea
1169 3585 1289 3638 qua:
1319 3583 1501 3626 nostra
1534 3562 1661 3628 sunt
1698 3581 1978 3629 assumens
2005 3576 2205 3645 absque
2241 3591 2363 3646 pec-

804 3668 951 3723 cato,
968 3661 1165 3731 quippe
1190 3662 1311 3717 sine
1333 3664 1696 3732 mutilatione,
1723 3681 1947 3720 manens
1968 3668 2186 3722 omnino
2217 3667 2360 3735 quod

804 3761 948 3815 erat,
995 3767 1093 3806 nec
1134 3767 1170 3805 ,a
1202 3754 1418 3824 proprio
1458 3764 1598 3809 statu
1641 3756 1898 3812 deficiens
1929 3756 2148 3827 (statum
2182 3770 2359 3813 autent

808 3842 898 3895 hic
948 3857 1051 3897 non
1095 3843 1328 3913 aliquam
1381 3847 1695 3915 qualitatem
1750 3848 2129 3903 immanentem
2183 3860 2361 3911 vocat,

808 3935 903 3990 sed
940 3936 1241 3991 naturalem
1283 3954 1434 3992 suam
1468 3942 1895 4007 permanentiam
1928 3951 1981 3996 et
2018 3942 2361 3997 constitutio-

809 4027 958 4096 nem)
993 4030 1076 4081 sui
1110 4031 1267 4083 nobis
1304 4033 1636 4086 consortium
1670 4033 1910 4097 tradidit,
1941 4048 2043 4087 nec
2066 4048 2169 4087 non
2196 4034 2364 4089 virtu-.

811 4122 881 4174 tis
929 4122 1242 4191 apostaticte
1299 4125 1558 4180 adversus
1617 4141 1719 4180 nos
1770 4126 2053 4196 imperium
2121 4128 2364 4181 dissolvit

809 4216 995 4279 (quam
1023 4220 1079 4266 et
1110 4214 1509 4271 multitudinem
1548 4232 1640 4271 seu
1672 4217 1883 4271 turbam
1904 4226 2079 4280 vocat,
2115 4234 2217 4272 non
2250 4234 2366 4273 om-

811 4303 941 4355 nino
982 4310 1202 4372 propter
1237 4320 1520 4359 numerum
1553 4349 1568 4373 ,
1632 4308 1721 4360 sed
1767 4308 1906 4375 quod
1945 4307 2134 4361 abillo
2185 4308 2363 4375 unico,

811 4394 1011 4461 quique
1040 4408 1201 4463 supra
1238 4411 1401 4449 unum
1437 4411 1519 4452 e5t
1546 4398 1676 4465 Deo,
1697 4415 1854 4466 quam
1888 4399 2247 4454 remotissime
2268 4401 2365 4454 de-

2462 3223 2659 3292 νήνατο
2699 3218 2980 3289 πρόνοιαν·
3037 3217 3116 3268 ὃτι
3158 3212 3355 3283 δηλαδὴ
3390 3211 3546 3273 αὐτὸς
3585 3205 3652 3278 ἦν
3688 3211 3716 3261 ό
3756 3205 3850 3258 τοῦ
3894 3203 4030 3257 Θεοῦ

2462 3312 2651 3379 Λόγος,
2687 3313 2714 3362 ό
2741 3309 3131 3380 ἀναμαρτήτως
3172 3303 3558 3393 ἀναδεξάμενος
3584 3299 3933 3393 τάῌὴμέτερα,
3968 3294 4032 3393 ~6.:

2460 3403 2523 3473 δὴ
2544 3403 2634 3455 καὶ
2666 3402 2851 3471 μείνας
2874 3397 3144 3468 ἀλώῶγτος
3169 3394 3339 3462 πάντη
3364 3392 3497 3462 ὅπερ
3513 3385 3603 3459 ἦν,
3623 3387 3695 3458 μὴ
3715 3385 3909 3446 ἐκστὰς
3933 3385 4033 3451 τῆς

2465 3494 2598 3557 ιδίας
2621 3492 2813 3559 ἕξεως,
2844 3490 2977 3561 (ἕξιν
3004 3489 3060 3542 δι
3087 3486 3234 3555 λέγει
3269 3482 3499 3539 ἐνταῦθα
3536 3481 3594 3533 οὒ
3632 3477 3886 3547 ποιότητά
3911 3492 4031 3527 τινα

2464 3588 2726 3656 ἔμμονον,
2763 3582 2895 3636 ἀλλά
2926 3581 3023 3651 τὴν
3062 3577 3292 3649 φυσικὴν
3320 3576 3485 3645 αὐτὴν
3523 3570 3778 3641 διαμονὴν
3813 3568 3905 3620 καὶ
3935 3584 4032 3618 καη

2462 3673 2759 3746 τάσχεσινθ)
2784 3674 2882 3744 τὴν
2906 3671 3042 3743 πρὸς
3063 3670 3232 3739 αὐτὴν
3258 3668 3385 3738 ἡμῖν
3410 3664 3686 3759 κοινωνίαν
3703 3658 4029 3759 ἐδωρήσατο,

2465 3768 2561 3822 καὶ
2586 3765 2846 3819 κατέλυσε
2874 3764 2935 3816 τὸ
2959 3760 3080 3815 καθ’
3124 3758 3280 3830 ήμῶν
3314 3758 3512 3827 κράτος
3536 3755 3635 3825 τῆς
3662 3753 4033 3817 ἀποστατικῆς

2463 3857 2743 3927 δυνάμεως
2787 3855 2872 3925 (ἢν
2913 3853 3008 3912 καὶ
3040 3850 3268 3923 1πληθὺν
3308 3847 3474 3915 λέγει,
3521 3845 3581 3897 οὐ
3630 3843 3747 3941 κατ’
3782 3840 4031 3941 ’ἀριθμὸν

2465 3950 2679 4011 πάντως
2708 3988 2721 4013 ,
2775 3944 2909 4001 ἀλλά
2951 3943 3037 3997 διὰ
3088 3943 3148 3995 τὸ
3205 3938 3505 4008 ἀποστῆναι
3548 3936 3877 4006 πορρωτάτω
3932 3936 4031 3985 τοῦ

2465 4040 2661 4092 ἑνιαίου
2700 4038 2792 4090 καὶ
2818 4036 2958 4106 ὑπὲρ
2994 4035 3053 4086 τὸ
3085 4034 3141 4085 ἒν
3163 4029 3342 4102 Θεοῦ),
3365 4030 3463 4083 οὐκ
3484 4030 3541 4081 ὲν
3566 4025 3708 4095 ἰσχύῖ
3760 4024 4029 4095 θεότητος,

2466 4130 2581 4187 ἀλλ’
2618 4132 2674 4181 ὲν
2715 4129 2890 4199 κρίσει
2933 4127 3027 4179 καὶ
3054 4123 3385 4195 δικαιοσύνῃ.
3442 4122 3590 4174 Ἐπεὶ
3614 4120 3720 4190 γὰρ
3755 4118 3822 4171 δι’
3849 4119 4029 4185 ἀμαρ-

2466 4222 2584 4275 τίαν
2632 4218 3001 4291 παρεδόθημεν
3032 4214 3108 4285 τῷ
3142 4215 3379 4285 θανάτῳ,
3421 4212 3613 4283 εὑρέθη
3659 4208 3829 4271 αὐτὸς.
3854 4211 3883 4260 ό
3921 4206 4031 4259 Κύ-

2474 4330 2585 4384 ριος
2606 4312 3005 4381 ἀναμάρτητος,
3038 4309 3128 4361 καὶ
3151 4304 3245 4359 τοῦ
3267 4306 3492 4365 θανάτου
3519 4302 3737 4362 δικαίως
3763 4298 4029 4369 ἀνώτερος

2470 4405 2677 4474 γέγονε.
2719 4402 2827 4455 Καὶ
2864 4400 3049 4471 ὥσπερ
3074 4398 3133 4462 ἐξ
3165 4398 3281 4461 ἑνὸς
3304 4394 3395 4449 τοῦ
3427 4394 3637 4465 πρώτου
3684 4389 3850 4459 Ἀδὰμ
3870 4385 4028 4459 ἦλθεν

812 4484 1026 4555 fecerit)
1058 4501 1164 4539 non
1195 4489 1247 4541 in
1273 4490 1509 4557 potentia
1550 4491 1863 4556 divinitatis,
1898 4494 1989 4547 sed
2018 4493 2070 4547 in
2093 4493 2291 4561 judicio
2318 4504 2364 4548 el

2476 4498 2567 4550 ἐπὶ
2610 4496 2812 4557 πάντας
2858 4493 2919 4546 τὸ
2965 4490 3241 4561 βλαϐερὸν,
3284 4488 3451 4550 οὕτως
3489 4485 3546 4550 ἐξ
3590 4483 3704 4545 ἑνὸς
3737 4481 3897 4534 πάλιν
3938 4478 4029 4535 τοῦ

812 4577 1038 4645 iustitia.
1080 4577 1213 4633 Cum
1256 4580 1399 4633 enim
1441 4593 1659 4650 propter
1691 4592 1967 4650 peccatum
2000 4585 2156 4638 morti
2185 4586 2367 4641 traditi

813 4682 1083 4731 essemus,
1123 4670 1377 4725 inventus
1413 4682 1495 4726 est
1534 4673 1650 4742 ipse
1683 4674 1938 4730 Dominus
1980 4677 2366 4744 impeccabilis,

814 4765 978 4827 atque
1013 4760 1140 4827 jure
1173 4763 1367 4816 merito
1409 4778 1580 4818 morte
1621 4767 1869 4833 superior
1892 4767 2082 4821 evasit.
2123 4766 2189 4819 Et
2232 4767 2372 4821 sicut

815 4851 885 4904 ab
914 4865 1020 4904 uno
1042 4852 1215 4919 primo
1243 4855 1449 4909 Adamo
1480 4856 1543 4909 ad
1560 4872 1747 4911 omnes
1771 4873 1905 4912 noxa
1932 4859 2095 4923 venit,
2124 4860 2373 4913 similiter

816 4957 883 4995 ex
910 4957 1015 4996 uno
1031 4958 1244 5013 quoque
1266 4948 1501 5001 secundo
1523 4949 1714 5013 Adam,
1740 4949 2015 5003 Salvatore
2043 4960 2223 5005 nostro
2248 4949 2371 5004 Jesu

818 5033 1057 5095 Christo,
1096 5038 1162 5088 ad
1213 5052 1403 5091 omnes
1432 5039 1576 5092 salus
1618 5039 1853 5094 transiit.
1894 5040 2027 5095 Hinc
2054 5050 2107 5093 et
2130 5050 2374 5094 naturam

819 5133 1060 5177 nostram
1094 5126 1412 5191 itntnutavit,
1454 5129 1505 5183 id
1531 5132 1671 5198 quod
1704 5131 1992 5186 obscurum
2024 5142 2139 5186 erat
2174 5131 2376 5185 lumine

2474 4588 2723 4658 δευτέρου
2771 4586 2957 4655 Ἀδὰμ,
2988 4583 3079 4637 τοῦ
3114 4582 3363 4653 Σωτῆρος
3387 4578 3538 4650 ἡμῶν
3575 4574 3744 4646 Ἰησοῦ
3775 4570 4027 4644 Χριστοῦ,

2476 4682 2567 4733 ἐπὶ
2588 4680 2788 4741 πάντας
2804 4676 2952 4745 διέϐη
2973 4676 3032 4728 τὸ
3060 4674 3335 4743 σωτήριον.
3374 4666 3640 4726 Ἐντεῦθεν
3659 4666 3751 4717 καὶ
3777 4665 3874 4733 τὴν
3893 4664 3925 4731 ή
3933 4678 4027 4731 με-

2474 4772 2637 4841 τέραν
2660 4767 3021 4839 μετεσκεύασε
3057 4764 3234 4833 φύσιν,
3269 4764 3330 4815 τὸ
3350 4759 3593 4830 ἀλαμπὲς
3618 4756 3899 4826 ἐμπλήσας
3925 4769 4031 4819 φωτ-

2475 4862 2586 4925 τὸς,
2613 4862 2673 4913 τὸ
2715 4860 2945 4913 ἀνείδεον
2992 4858 3084 4912 καὶ
3124 4854 3349 4917 ἀκαλλὲς
3385 4853 3674 4941 κοσμήσας
3694 4846 3886 4941 τὸᾼτῆς
3928 4842 4029 4941 diu:

2479 4954 2580 5023 χῆς
2613 4954 2922 5022 οἰκητήριον
2956 4950 3110 5019 σῶμα
3129 4988 3143 5013 ,
3173 4949 3384 5007 πάντως
3411 4938 3678 5013 μολυσμοῦ
3715 4937 4029 5007 φθοροποιοῦ

2477 5041 2871 5112 ἐλευθερώσας·
2916 5042 3008 5093 καὶ
3043 5037 3237 5102 ἔδειξεν
3273 5038 3401 5106 ἡμῖν
3439 5032 3555 5087 ὁδὸν
3577 5027 3861 5096 ἀναγωγῆς
3900 5024 4031 5094 πρὸς

2478 5136 2659 5198 αὑτὸν,
2686 5134 2823 5188 κατὰ
2853 5134 2947 5204 τὴν
2969 5134 3042 5196 ὡς
3071 5131 3289 5185 δυνατὸν
3313 5129 3658 5198 ἀφομοίωσιν.

820 5216 1141 5284 adimplens,
1174 5226 1227 5272 et
1268 5221 1408 5287 quod
1458 5222 1683 5276 informe
1715 5232 1876 5292 atque
1925 5225 2235 5280 indecorum
2269 5232 2385 5277 erat
2416 5240 2614 5280 ornans
2644 5268 2657 5293 ,
2701 5237 2860 5296 atque
2901 5240 3094 5294 corpus
3150 5225 3345 5277 animai
3387 5219 3713 5275 domicilium
3769 5215 3837 5268 ab
3886 5215 4029 5265 omni

823 5307 1081 5374 spurcitia
1153 5323 1533 5378 corrumpente
1595 5314 1883 5381 liberans;
1946 5318 2101 5372 nobis
2161 5334 2372 5388 quoque
2410 5322 2549 5374 viam
2608 5334 2724 5389 quae
2750 5321 2816 5372 ad
2858 5320 3038 5389 ipsum
3076 5317 3225 5372 ducit
3255 5314 3506 5376 ostendit,
3554 5310 3848 5365 secundum
3914 5323 4027 5359 eam

824 5413 946 5466 qua:
983 5400 1256 5467 possibilis
1281 5412 1362 5456 cst
1388 5402 1505 5470 ejus
1541 5407 2004 5464 assimilatimtent.

898 5490 926 5558 ᾗ
967 5490 1080 5544 XII.
1116 5491 1378 5546 Caeterum
1411 5499 1679 5564 quomodo
1705 5500 1863 5553 aliter
1894 5502 2070 5557 divina
2094 5505 2196 5559 ista
2250 5504 2373 5557 imi-

829 5582 961 5632 .atio
1008 5584 1180 5647 iteret,
1220 5584 1320 5637 nisi
1380 5587 1646 5645 innovatis
1679 5582 1891 5659 semper
1919 5593 2216 5649 istiusmodi
2249 5609 2372 5647 san-

829 5674 930 5727 ctis
970 5677 1365 5731 sacramentis?
1397 5679 1507 5735 Hoc
1538 5685 1701 5752 enim,
1730 5685 1921 5755 inquit,
1946 5686 2101 5755 facile
2127 5690 2175 5739 in
2209 5703 2369 5739 meum

1025 5762 1155 5819 Gen.
1193 5783 1273 5833 ιιι,
1306 5770 1382 5825 l9.

2551 5501 2579 5572 ᾗ
2613 5498 2724 5554 XII.
2764 5499 2885 5562 Πῶς
2926 5497 2981 5551 δὲ
3017 5496 3185 5558 άλλως
3227 5494 3446 5564 ἔμελλεν
3479 5486 3861 5561 ήθεομιμησία
3894 5489 4032 5555 γίνεγ

2480 5593 2633 5655 σθαι,
2676 5591 2749 5661 μὴ
2781 5589 3180 5659 ἀνανεουμένων
3213 5586 3298 5640 ἀεὶ
3330 5584 3437 5639 τῶν
3468 5582 3719 5636 τοιούτων
3761 5580 3915 5651 ἱερῶν
3955 5597 4033 5632 τι·

2478 5684 2673 5749 >.ετῶν;
2728 5682 2899 5737 Τοῦτο
2946 5682 3051 5751 γὰρ
3106 5677 3335 5741 ποιεῖτε,
3382 5676 3560 5745 φησιν,
3612 5673 3696 5737 εἰς
3747 5671 3853 5737 τὴν
3888 5670 4035 5740 ἑνὶμ-
