  <div class='ocr_page' id='page_1' title='image "/cluster/home/n/w/nwhite01/storage/ocr_20150623/3/pst.000003853313/244.png"; bbox 0 0 4162 6304; ppageno 0'>
   <div class='ocr_carea' id='block_1_1' title="bbox 222 334 333 389">
    <p class='ocr_par' dir='ltr' id='par_1_1' title="bbox 222 334 333 389">
     <span class='ocr_line' id='line_1_1' title="bbox 222 334 333 389; baseline 0 0"><span class='ocrx_word' id='word_1_1' title='bbox 222 334 333 389; x_wconf 57' lang='grc'><strong>869</strong></span> 
     </span>
    </p>
   </div>
   <div class='ocr_carea' id='block_1_2' title="bbox 214 538 1777 611">
    <p class='ocr_par' dir='ltr' id='par_1_2' title="bbox 214 538 1777 611">
     <span class='ocr_line' id='line_1_2' title="bbox 214 538 1777 611; baseline 0.003 -22"><span class='ocrx_word' id='word_1_2' title='bbox 214 538 323 608; x_wconf 80' lang='grc' dir='ltr'>τῆς</span> <span class='ocrx_word' id='word_1_3' title='bbox 370 540 628 611; x_wconf 71' lang='grc' dir='ltr'>μυστικῆς</span> <span class='ocrx_word' id='word_1_4' title='bbox 661 540 823 609; x_wconf 81' lang='grc' dir='ltr'>εὐχῆς</span> <span class='ocrx_word' id='word_1_5' title='bbox 857 539 1247 611; x_wconf 79' lang='grc' dir='ltr'>περιλαμϐάνει</span> <span class='ocrx_word' id='word_1_6' title='bbox 1288 541 1315 593; x_wconf 87' lang='grc' dir='ltr'>ὀ</span> <span class='ocrx_word' id='word_1_7' title='bbox 1360 541 1527 609; x_wconf 72' lang='grc' dir='ltr'>ἅγιος.</span> <span class='ocrx_word' id='word_1_8' title='bbox 1588 542 1777 594; x_wconf 80' lang='grc' dir='ltr'>Ἔνθεν</span> 
     </span>
    </p>
   </div>
   <div class='ocr_carea' id='block_1_3' title="bbox 214 626 1779 704">
    <p class='ocr_par' dir='ltr' id='par_1_3' title="bbox 214 626 1779 704">
     <span class='ocr_line' id='line_1_3' title="bbox 214 626 1779 704; baseline 0.002 -25"><span class='ocrx_word' id='word_1_9' title='bbox 214 629 248 680; x_wconf 79' lang='grc' dir='ltr'><strong>ό</strong></span> <span class='ocrx_word' id='word_1_10' title='bbox 271 626 410 692; x_wconf 86' lang='grc' dir='ltr'>θεῖος</span> <span class='ocrx_word' id='word_1_11' title='bbox 449 630 703 704; x_wconf 87' lang='grc' dir='ltr'>ίεράρχης</span> <span class='ocrx_word' id='word_1_12' title='bbox 732 629 829 692; x_wconf 79' lang='grc' dir='ltr'><strong>τάς</strong></span> <span class='ocrx_word' id='word_1_13' title='bbox 850 629 943 681; x_wconf 90' lang='grc' dir='ltr'><strong>τοῦ</strong></span> <span class='ocrx_word' id='word_1_14' title='bbox 975 629 1221 700; x_wconf 80' lang='grc' dir='ltr'><strong>Σωτῆρος</strong></span> <span class='ocrx_word' id='word_1_15' title='bbox 1248 630 1401 700; x_wconf 83' lang='grc' dir='ltr'>ἡμῶν</span> <span class='ocrx_word' id='word_1_16' title='bbox 1446 630 1616 700; x_wconf 84' lang='grc' dir='ltr'>Ἰησοῦ</span> <span class='ocrx_word' id='word_1_17' title='bbox 1645 632 1779 702; x_wconf 84' lang='grc' dir='ltr'>Χρι-</span> 
     </span>
    </p>
   </div>
   <div class='ocr_carea' id='block_1_4' title="bbox 221 716 1779 790">
    <p class='ocr_par' dir='ltr' id='par_1_4' title="bbox 221 716 1779 790">
     <span class='ocr_line' id='line_1_4' title="bbox 221 716 1779 790; baseline 0.002 -20"><span class='ocrx_word' id='word_1_18' title='bbox 221 716 352 775; x_wconf 87' lang='grc' dir='ltr'>στοῦ</span> <span class='ocrx_word' id='word_1_19' title='bbox 377 718 626 789; x_wconf 80' lang='grc' dir='ltr'>προνοίας</span> <span class='ocrx_word' id='word_1_20' title='bbox 664 718 927 789; x_wconf 79' lang='grc' dir='ltr'><strong>ὑμνήσας,</strong></span> <span class='ocrx_word' id='word_1_21' title='bbox 963 716 1029 781; x_wconf 76' lang='grc' dir='ltr'>ἃς</span> <span class='ocrx_word' id='word_1_22' title='bbox 1059 718 1273 790; x_wconf 74' lang='grc' dir='ltr'>εὐδοκία</span> <span class='ocrx_word' id='word_1_23' title='bbox 1301 720 1509 789; x_wconf 84' lang='grc' dir='ltr'>Πατρὸς</span> <span class='ocrx_word' id='word_1_24' title='bbox 1537 722 1593 772; x_wconf 86' lang='grc' dir='ltr'><strong>ὲν</strong></span> <span class='ocrx_word' id='word_1_25' title='bbox 1610 722 1779 773; x_wconf 90' lang='grc' dir='ltr'>Πνεύ-</span> 
     </span>
    </p>
   </div>
   <div class='ocr_carea' id='block_1_5' title="bbox 224 807 1781 884">
    <p class='ocr_par' dir='ltr' id='par_1_5' title="bbox 224 807 1781 884">
     <span class='ocr_line' id='line_1_5' title="bbox 224 807 1781 884; baseline 0.004 -26"><span class='ocrx_word' id='word_1_26' title='bbox 224 824 357 876; x_wconf 83' lang='grc' dir='ltr'>ματι</span> <span class='ocrx_word' id='word_1_27' title='bbox 381 807 518 877; x_wconf 80' lang='grc' dir='ltr'><strong>ἁγίῳ</strong></span> <span class='ocrx_word' id='word_1_28' title='bbox 560 807 858 871; x_wconf 65' lang='grc' dir='ltr'>ἐτελείωσε,</span> <span class='ocrx_word' id='word_1_29' title='bbox 892 808 1340 874; x_wconf 75' lang='grc' dir='ltr'>καὶ-ἀνατατικοῖς</span> <span class='ocrx_word' id='word_1_30' title='bbox 1365 810 1658 879; x_wconf 78' lang='grc' dir='ltr'>ὀφθαλμοῖς</span> <span class='ocrx_word' id='word_1_31' title='bbox 1682 812 1781 884; x_wconf 80' lang='grc' dir='ltr'>τὴν</span> 
     </span>
    </p>
   </div>
   <div class='ocr_carea' id='block_1_6' title="bbox 218 895 1782 971">
    <p class='ocr_par' dir='ltr' id='par_1_6' title="bbox 218 895 1782 971">
     <span class='ocr_line' id='line_1_6' title="bbox 218 895 1782 971; baseline 0.003 -20"><span class='ocrx_word' id='word_1_32' title='bbox 218 897 417 966; x_wconf 78' lang='grc' dir='ltr'>νοητὴν</span> <span class='ocrx_word' id='word_1_33' title='bbox 447 895 678 967; x_wconf 80' lang='grc' dir='ltr'>Θεωρίαν</span> <span class='ocrx_word' id='word_1_34' title='bbox 697 897 1054 965; x_wconf 75' lang='grc' dir='ltr'>ἐποπτεύσας,</span> <span class='ocrx_word' id='word_1_35' title='bbox 1086 900 1178 954; x_wconf 72' lang='grc' dir='ltr'><strong>ἐπὶ</strong></span> <span class='ocrx_word' id='word_1_36' title='bbox 1211 900 1306 970; x_wconf 83' lang='grc' dir='ltr'>τὴν</span> <span class='ocrx_word' id='word_1_37' title='bbox 1356 899 1682 971; x_wconf 81' lang='grc' dir='ltr'>συμϐολικὴν</span> <span class='ocrx_word' id='word_1_38' title='bbox 1718 904 1782 954; x_wconf 81' lang='lat' dir='ltr'><strong>is-</strong></span> 
     </span>
    </p>
   </div>
   <div class='ocr_carea' id='block_1_7' title="bbox 223 986 1780 1062">
    <p class='ocr_par' dir='ltr' id='par_1_7' title="bbox 223 986 1780 1062">
     <span class='ocr_line' id='line_1_7' title="bbox 223 986 1780 1062; baseline 0.005 -25"><span class='ocrx_word' id='word_1_39' title='bbox 223 987 500 1057; x_wconf 78' lang='grc' dir='ltr'>ρουργίαν,</span> <span class='ocrx_word' id='word_1_40' title='bbox 541 986 780 1040; x_wconf 85' lang='grc' dir='ltr'><strong>τουτέστι</strong></span> <span class='ocrx_word' id='word_1_41' title='bbox 807 989 897 1042; x_wconf 84' lang='grc' dir='ltr'><strong>τὸν</strong></span> <span class='ocrx_word' id='word_1_42' title='bbox 920 990 1081 1061; x_wconf 78' lang='grc' dir='ltr'>ἄρτον</span> <span class='ocrx_word' id='word_1_43' title='bbox 1113 992 1205 1045; x_wconf 58' lang='grc' dir='ltr'><strong>καί⁵</strong></span> <span class='ocrx_word' id='word_1_44' title='bbox 1232 992 1294 1044; x_wconf 79' lang='grc' dir='ltr'>τὸ</span> <span class='ocrx_word' id='word_1_45' title='bbox 1330 992 1603 1062; x_wconf 83' lang='grc' dir='ltr'>ποτήριον,</span> <span class='ocrx_word' id='word_1_46' title='bbox 1626 993 1780 1062; x_wconf 75' lang='grc' dir='ltr'>ἔρχε-</span> 
     </span>
    </p>
   </div>
   <div class='ocr_carea' id='block_1_8' title="bbox 215 1063 1782 1151">
    <p class='ocr_par' dir='ltr' id='par_1_8' title="bbox 215 1063 1782 1151">
     <span class='ocr_line' id='line_1_8' title="bbox 215 1063 1782 1151; baseline 0.007 -26"><span class='ocrx_word' id='word_1_47' title='bbox 215 1090 330 1133; x_wconf 80' lang='grc' dir='ltr'>ται.</span> <span class='ocrx_word' id='word_1_48' title='bbox 371 1074 757 1145; x_wconf 80' lang='grc' dir='ltr'>Ἐξηγούμενος</span> <span class='ocrx_word' id='word_1_49' title='bbox 799 1075 855 1129; x_wconf 83' lang='grc' dir='ltr'>δὲ</span> <span class='ocrx_word' id='word_1_50' title='bbox 884 1076 999 1141; x_wconf 87' lang='grc' dir='ltr'><strong>πῶς</strong></span> <span class='ocrx_word' id='word_1_51' title='bbox 1044 1079 1136 1131; x_wconf 77' lang='grc' dir='ltr'><strong>καὶ</strong></span> <span class='ocrx_word' id='word_1_52' title='bbox 1178 1078 1333 1131; x_wconf 87' lang='grc' dir='ltr'>τοῦτο</span> <span class='ocrx_word' id='word_1_53' title='bbox 1376 1063 1782 1151; x_wconf 65' lang='grc' dir='ltr'>θεοπαραδότως</span> 
     </span>
    </p>
   </div>
   <div class='ocr_carea' id='block_1_9' title="bbox 219 1165 1782 1241">
    <p class='ocr_par' dir='ltr' id='par_1_9' title="bbox 219 1165 1782 1241">
     <span class='ocr_line' id='line_1_9' title="bbox 219 1165 1782 1241; baseline 0.005 -27"><span class='ocrx_word' id='word_1_54' title='bbox 219 1166 384 1226; x_wconf 83' lang='grc' dir='ltr'>ποιεῖ,</span> <span class='ocrx_word' id='word_1_55' title='bbox 421 1165 579 1235; x_wconf 79' lang='grc' dir='ltr'>φησὶν</span> <span class='ocrx_word' id='word_1_56' title='bbox 613 1165 1038 1237; x_wconf 83' lang='grc' dir='ltr'>ἀπολογούμενος</span> <span class='ocrx_word' id='word_1_57' title='bbox 1067 1171 1156 1222; x_wconf 79' lang='grc' dir='ltr'><strong>καὶ</strong></span> <span class='ocrx_word' id='word_1_58' title='bbox 1184 1169 1423 1223; x_wconf 78' lang='grc' dir='ltr'>ἀναϐοῶν</span> <span class='ocrx_word' id='word_1_59' title='bbox 1445 1172 1577 1241; x_wconf 84' lang='grc' dir='ltr'>πρὸς</span> <span class='ocrx_word' id='word_1_60' title='bbox 1604 1171 1782 1234; x_wconf 80' lang='grc' dir='ltr'>αὐτὸν,</span> 
     </span>
    </p>
   </div>
   <div class='ocr_carea' id='block_1_10' title="bbox 216 1252 1786 1330">
    <p class='ocr_par' dir='ltr' id='par_1_10' title="bbox 216 1252 1786 1330">
     <span class='ocr_line' id='line_1_10' title="bbox 216 1252 1786 1330; baseline 0.005 -25"><span class='ocrx_word' id='word_1_61' title='bbox 216 1252 315 1317; x_wconf 74' lang='grc' dir='ltr'>τὸ,</span> <span class='ocrx_word' id='word_1_62' title='bbox 364 1252 447 1306; x_wconf 87' lang='grc' dir='ltr'><strong>Σὺ</strong></span> <span class='ocrx_word' id='word_1_63' title='bbox 492 1252 599 1325; x_wconf 84' lang='grc' dir='ltr'><strong>γάρ</strong></span> <span class='ocrx_word' id='word_1_64' title='bbox 636 1254 806 1322; x_wconf 77' lang='grc' dir='ltr'>εἴπας</span> <span class='ocrx_word' id='word_1_65' title='bbox 834 1273 847 1286; x_wconf 90' lang='grc'><strong>·</strong></span> <span class='ocrx_word' id='word_1_66' title='bbox 902 1258 1077 1312; x_wconf 84' lang='grc' dir='ltr'>Τοῦτο</span> <span class='ocrx_word' id='word_1_67' title='bbox 1108 1258 1324 1313; x_wconf 81' lang='grc' dir='ltr'>ποιεῖτε</span> <span class='ocrx_word' id='word_1_68' title='bbox 1358 1263 1443 1325; x_wconf 82' lang='grc' dir='ltr'>εις</span> <span class='ocrx_word' id='word_1_69' title='bbox 1484 1262 1596 1330; x_wconf 70' lang='grc' dir='ltr'><strong>τὴν</strong></span> <span class='ocrx_word' id='word_1_70' title='bbox 1634 1260 1786 1329; x_wconf 78' lang='grc' dir='ltr'>ἐμὴν</span> 
     </span>
    </p>
   </div>
   <div class='ocr_carea' id='block_1_11' title="bbox 216 1341 1784 1425">
    <p class='ocr_par' dir='ltr' id='par_1_11' title="bbox 216 1341 1784 1425">
     <span class='ocr_line' id='line_1_11' title="bbox 216 1341 1784 1425; baseline 0.03 -32"><span class='ocrx_word' id='word_1_71' title='bbox 216 1341 581 1412; x_wconf 81' lang='grc' dir='ltr'>ἀνάμνησιν.</span> <span class='ocrx_word' id='word_1_72' title='bbox 632 1343 782 1413; x_wconf 81' lang='grc' dir='ltr'>Εἶτα,</span> <span class='ocrx_word' id='word_1_73' title='bbox 826 1351 1053 1421; x_wconf 80' lang='grc' dir='ltr'>αἰτήσας</span> <span class='ocrx_word' id='word_1_74' title='bbox 1098 1350 1245 1416; x_wconf 76' lang='grc' dir='ltr'>ἄξιος</span> <span class='ocrx_word' id='word_1_75' title='bbox 1262 1352 1509 1420; x_wconf 84' lang='grc' dir='ltr'>γενέσθαι</span> <span class='ocrx_word' id='word_1_76' title='bbox 1553 1353 1647 1407; x_wconf 58' lang='grc' dir='ltr'><strong>καὶ</strong></span> <span class='ocrx_word' id='word_1_77' title='bbox 1688 1354 1784 1425; x_wconf 70' lang='grc' dir='ltr'><strong>τῆς</strong></span> 
     </span>
    </p>
   </div>
   <div class='ocr_carea' id='block_1_12' title="bbox 216 1437 1787 1513">
    <p class='ocr_par' dir='ltr' id='par_1_12' title="bbox 216 1437 1787 1513">
     <span class='ocr_line' id='line_1_12' title="bbox 216 1437 1787 1513; baseline 0.005 -24"><span class='ocrx_word' id='word_1_78' title='bbox 216 1437 503 1502; x_wconf 82' lang='grc' dir='ltr'>κοινωνίας</span> <span class='ocrx_word' id='word_1_79' title='bbox 550 1441 642 1493; x_wconf 79' lang='grc' dir='ltr'>καὶ</span> <span class='ocrx_word' id='word_1_80' title='bbox 690 1441 791 1510; x_wconf 84' lang='grc' dir='ltr'><strong>τῆς</strong></span> <span class='ocrx_word' id='word_1_81' title='bbox 854 1441 1209 1512; x_wconf 86' lang='grc' dir='ltr'>μεταδόσεως,</span> <span class='ocrx_word' id='word_1_82' title='bbox 1262 1444 1358 1497; x_wconf 53' lang='grc' dir='ltr'>ὑπ*</span> <span class='ocrx_word' id='word_1_83' title='bbox 1400 1444 1520 1513; x_wconf 66' lang='grc' dir='ltr'>ὄψιν</span> <span class='ocrx_word' id='word_1_84' title='bbox 1558 1445 1677 1513; x_wconf 75' lang='grc' dir='ltr'>ἄγει</span> <span class='ocrx_word' id='word_1_85' title='bbox 1719 1445 1787 1497; x_wconf 82' lang='grc' dir='ltr'>τὰ</span> 
     </span>
    </p>
   </div>
   <div class='ocr_carea' id='block_1_13' title="bbox 218 1527 1787 1608">
    <p class='ocr_par' dir='ltr' id='par_1_13' title="bbox 218 1527 1787 1608">
     <span class='ocr_line' id='line_1_13' title="bbox 218 1527 1787 1608; baseline 0.005 -27"><span class='ocrx_word' id='word_1_86' title='bbox 218 1527 532 1599; x_wconf 78' lang='grc' dir='ltr'>ὑμνημένα,</span> <span class='ocrx_word' id='word_1_87' title='bbox 569 1531 956 1585; x_wconf 85' lang='grc' dir='ltr'>ἀνακαλύπτων</span> <span class='ocrx_word' id='word_1_88' title='bbox 997 1533 1087 1586; x_wconf 88' lang='grc' dir='ltr'><strong>τὸν</strong></span> <span class='ocrx_word' id='word_1_89' title='bbox 1136 1534 1433 1607; x_wconf 88' lang='grc' dir='ltr'>ἀδιαίρετον</span> <span class='ocrx_word' id='word_1_90' title='bbox 1466 1537 1647 1608; x_wconf 81' lang='grc' dir='ltr'>ἄρτον,</span> <span class='ocrx_word' id='word_1_91' title='bbox 1697 1538 1787 1590; x_wconf 73' lang='grc' dir='ltr'>καὶ</span> 
     </span>
    </p>
   </div>
   <div class='ocr_carea' id='block_1_14' title="bbox 214 1618 1789 1693">
    <p class='ocr_par' dir='ltr' id='par_1_14' title="bbox 214 1618 1789 1693">
     <span class='ocr_line' id='line_1_14' title="bbox 214 1618 1789 1693; baseline 0.007 -24"><span class='ocrx_word' id='word_1_92' title='bbox 214 1619 301 1680; x_wconf 80' lang='grc' dir='ltr'><strong>είς</strong></span> <span class='ocrx_word' id='word_1_93' title='bbox 327 1618 493 1672; x_wconf 75' lang='grc' dir='ltr'>πολλά</span> <span class='ocrx_word' id='word_1_94' title='bbox 522 1620 760 1693; x_wconf 89' lang='grc' dir='ltr'>διαιρῶν.</span> <span class='ocrx_word' id='word_1_95' title='bbox 804 1622 1078 1677; x_wconf 82' lang='grc' dir='ltr'>Ἐντεῦθεν</span> <span class='ocrx_word' id='word_1_96' title='bbox 1111 1627 1203 1679; x_wconf 75' lang='grc' dir='ltr'><strong>καὶ</strong></span> <span class='ocrx_word' id='word_1_97' title='bbox 1244 1627 1305 1679; x_wconf 85' lang='grc' dir='ltr'><strong>τὸ</strong></span> <span class='ocrx_word' id='word_1_98' title='bbox 1336 1628 1532 1681; x_wconf 80' lang='grc' dir='ltr'>ὲνιαῖον</span> <span class='ocrx_word' id='word_1_99' title='bbox 1567 1627 1658 1682; x_wconf 89' lang='grc' dir='ltr'><strong>τοῦ</strong></span> <span class='ocrx_word' id='word_1_100' title='bbox 1695 1644 1789 1680; x_wconf 88' lang='grc' dir='ltr'>πο-</span> 
     </span>
    </p>
   </div>
   <div class='ocr_carea' id='block_1_15' title="bbox 213 1709 1787 1795">
    <p class='ocr_par' dir='ltr' id='par_1_15' title="bbox 213 1709 1787 1795">
     <span class='ocr_line' id='line_1_15' title="bbox 213 1709 1787 1795; baseline 0.008 -35"><span class='ocrx_word' id='word_1_101' title='bbox 213 1709 433 1779; x_wconf 88' lang='grc' dir='ltr'>τηρίου,</span> <span class='ocrx_word' id='word_1_102' title='bbox 488 1712 618 1764; x_wconf 73' lang='grc' dir='ltr'>πᾶσι</span> <span class='ocrx_word' id='word_1_103' title='bbox 660 1713 1011 1786; x_wconf 72' lang='grc' dir='ltr'>καταμερίξει</span> <span class='ocrx_word' id='word_1_104' title='bbox 1049 1718 1190 1771; x_wconf 87' lang='grc' dir='ltr'>κατά</span> <span class='ocrx_word' id='word_1_105' title='bbox 1209 1735 1328 1771; x_wconf 92' lang='grc' dir='ltr'>τινα</span> <span class='ocrx_word' id='word_1_106' title='bbox 1350 1718 1503 1787; x_wconf 84' lang='grc' dir='ltr'>λόγον</span> <span class='ocrx_word' id='word_1_107' title='bbox 1532 1720 1787 1795; x_wconf 84' lang='grc' dir='ltr'>μυστικὸν</span> 
     </span>
    </p>
   </div>
   <div class='ocr_carea' id='block_1_16' title="bbox 783 328 2426 397">
    <p class='ocr_par' dir='ltr' id='par_1_16' title="bbox 783 330 2426 397">
     <span class='ocr_line' id='line_1_16' title="bbox 783 330 2426 397; baseline -0.002 -9"><span class='ocrx_word' id='word_1_108' title='bbox 783 333 870 388; x_wconf 87' lang='lat' dir='ltr'><strong>DE</strong></span> <span class='ocrx_word' id='word_1_109' title='bbox 901 334 1179 392; x_wconf 80' lang='lat' dir='ltr'><strong>ECCLES.</strong></span> <span class='ocrx_word' id='word_1_110' title='bbox 1217 332 1609 397; x_wconf 76' lang='lat' dir='ltr'><strong>HIERARGH.,</strong></span> <span class='ocrx_word' id='word_1_111' title='bbox 1646 334 1798 388; x_wconf 63' lang='lat' dir='ltr'><strong>(CAP.</strong></span> <span class='ocrx_word' id='word_1_112' title='bbox 1837 332 1923 387; x_wconf 84' lang='grc' dir='ltr'>ιιι.</span> <span class='ocrx_word' id='word_1_113' title='bbox 1948 330 2373 387; x_wconf 57' lang='grc' dir='ltr'><strong>-ΡΑΒΑΡΗΚ</strong></span> <span class='ocrx_word' id='word_1_114' title='bbox 2410 332 2426 384; x_wconf 92' lang='grc' dir='ltr'><strong>Ι</strong></span> 
     </span>
    </p>
   </div>
   <div class='ocr_carea' id='block_1_17' title="bbox 1223 328 2866 397">
    <p class='ocr_par' dir='ltr' id='par_1_17' title="bbox 1223 328 2866 397">
     <span class='ocr_line' id='line_1_17' title="bbox 1223 328 2866 397; baseline 0.001 -9"><span class='ocrx_word' id='word_1_115' title='bbox 1223 332 1609 397; x_wconf 60' lang='grc' dir='ltr'><strong>ΗΙΕΒΑΒΕΗη</strong></span> <span class='ocrx_word' id='word_1_116' title='bbox 1646 334 1798 388; x_wconf 63' lang='lat' dir='ltr'><strong>(CAP.</strong></span> <span class='ocrx_word' id='word_1_117' title='bbox 1837 332 1923 387; x_wconf 84' lang='lat' dir='ltr'><strong>Ill.</strong></span> <span class='ocrx_word' id='word_1_118' title='bbox 1948 330 2373 387; x_wconf 68' lang='lat' dir='ltr'><strong>—PARAPHB.</strong></span> <span class='ocrx_word' id='word_1_119' title='bbox 2410 328 2866 389; x_wconf 58' lang='lat' dir='ltr'><strong>PACHYMERE.</strong></span> 
     </span>
    </p>
   </div>
   <div class='ocr_carea' id='block_1_18' title="bbox 216 445 1859 518">
    <p class='ocr_par' dir='ltr' id='par_1_18' title="bbox 216 445 1854 518">
     <span class='ocr_line' id='line_1_18' title="bbox 216 445 1854 518; baseline 0.002 -17"><span class='ocrx_word' id='word_1_120' title='bbox 216 445 578 515; x_wconf 72' lang='grc' dir='ltr'>ἀνάμνησιν.</span> <span class='ocrx_word' id='word_1_121' title='bbox 612 448 749 516; x_wconf 81' lang='grc' dir='ltr'>Ὅρα</span> <span class='ocrx_word' id='word_1_122' title='bbox 773 448 850 511; x_wconf 70' lang='grc' dir='ltr'>δὲ,</span> <span class='ocrx_word' id='word_1_123' title='bbox 880 449 960 502; x_wconf 80' lang='grc' dir='ltr'><strong>ὅτι</strong></span> <span class='ocrx_word' id='word_1_124' title='bbox 992 451 1049 501; x_wconf 81' lang='grc' dir='ltr'>ὲν</span> <span class='ocrx_word' id='word_1_125' title='bbox 1072 448 1279 518; x_wconf 83' lang='grc' dir='ltr'>τούτοις</span> <span class='ocrx_word' id='word_1_126' title='bbox 1309 448 1484 501; x_wconf 84' lang='grc' dir='ltr'>πάντα</span> <span class='ocrx_word' id='word_1_127' title='bbox 1525 448 1615 501; x_wconf 79' lang='grc' dir='ltr'><strong>τὸν</strong></span> <span class='ocrx_word' id='word_1_128' title='bbox 1659 448 1779 501; x_wconf 82' lang='grc' dir='ltr'>νοῦν</span> <span class='ocrx_word' id='word_1_129' title='bbox 1812 449 1854 504; x_wconf 80' lang='grc' dir='ltr'><strong>Δ</strong></span> 
     </span>
    </p>
   </div>
   <div class='ocr_carea' id='block_1_19' title="bbox 865 445 2508 518">
    <p class='ocr_par' dir='ltr' id='par_1_19' title="bbox 880 447 2508 518">
     <span class='ocr_line' id='line_1_19' title="bbox 880 447 2508 518; baseline -0.002 -17"><span class='ocrx_word' id='word_1_130' title='bbox 880 449 960 502; x_wconf 80' lang='grc' dir='ltr'><strong>ὅτι</strong></span> <span class='ocrx_word' id='word_1_131' title='bbox 992 451 1049 501; x_wconf 81' lang='grc' dir='ltr'>ὲν</span> <span class='ocrx_word' id='word_1_132' title='bbox 1072 448 1279 518; x_wconf 83' lang='grc' dir='ltr'>τούτοις</span> <span class='ocrx_word' id='word_1_133' title='bbox 1309 448 1484 501; x_wconf 84' lang='grc' dir='ltr'>πάντα</span> <span class='ocrx_word' id='word_1_134' title='bbox 1525 448 1615 501; x_wconf 79' lang='grc' dir='ltr'><strong>τὸν</strong></span> <span class='ocrx_word' id='word_1_135' title='bbox 1659 448 1779 501; x_wconf 82' lang='grc' dir='ltr'>νοῦν</span> <span class='ocrx_word' id='word_1_136' title='bbox 1812 449 1854 504; x_wconf 80' lang='grc' dir='ltr'><strong>Δ</strong></span> <span class='ocrx_word' id='word_1_137' title='bbox 1880 447 2416 500; x_wconf 74' lang='lat' dir='ltr'><strong>commemorationem</strong></span> <span class='ocrx_word' id='word_1_138' title='bbox 2461 458 2508 497; x_wconf 81' lang='grc' dir='ltr'>ι.</span> 
     </span>
    </p>
   </div>
   <div class='ocr_carea' id='block_1_20' title="bbox 3331 339 3430 393">
    <p class='ocr_par' dir='ltr' id='par_1_20' title="bbox 3331 339 3430 393">
     <span class='ocr_line' id='line_1_20' title="bbox 3331 339 3430 393; baseline 0.03 -4"><span class='ocrx_word' id='word_1_139' title='bbox 3331 339 3430 393; x_wconf 72' lang='grc' dir='ltr'><strong>ΠΟ</strong></span> 
     </span>
    </p>
   </div>
   <div class='ocr_carea' id='block_1_21' title="bbox 2602 444 3434 516">
    <p class='ocr_par' dir='ltr' id='par_1_21' title="bbox 2602 444 3434 516">
     <span class='ocr_line' id='line_1_21' title="bbox 2602 444 3434 516; baseline 0.005 -17"><span class='ocrx_word' id='word_1_140' title='bbox 2602 444 2835 500; x_wconf 79' lang='lat' dir='ltr'><strong>Observa</strong></span> <span class='ocrx_word' id='word_1_141' title='bbox 2924 463 3052 503; x_wconf 88' lang='lat' dir='ltr'><strong>vero</strong></span> <span class='ocrx_word' id='word_1_142' title='bbox 3129 450 3271 516; x_wconf 86' lang='lat' dir='ltr'><strong>quod</strong></span> <span class='ocrx_word' id='word_1_143' title='bbox 3348 453 3434 503; x_wconf 86' lang='lat' dir='ltr'><strong>hic</strong></span> 
     </span>
    </p>
   </div>
   <div class='ocr_carea' id='block_1_22' title="bbox 1881 542 3433 608">
    <p class='ocr_par' dir='ltr' id='par_1_22' title="bbox 1881 542 3433 608">
     <span class='ocr_line' id='line_1_22' title="bbox 1881 542 3433 608; baseline 0.005 -21"><span class='ocrx_word' id='word_1_144' title='bbox 1881 546 2100 589; x_wconf 89' lang='lat' dir='ltr'><strong>sanctus</strong></span> <span class='ocrx_word' id='word_1_145' title='bbox 2162 546 2390 589; x_wconf 82' lang='lat' dir='ltr'><strong>mentem</strong></span> <span class='ocrx_word' id='word_1_146' title='bbox 2437 550 2650 591; x_wconf 71' lang='lat' dir='ltr'><strong>omnem</strong></span> <span class='ocrx_word' id='word_1_147' title='bbox 2712 542 2931 607; x_wconf 74' lang='lat' dir='ltr'><strong>mystica</strong></span> <span class='ocrx_word' id='word_1_148' title='bbox 2983 554 3142 607; x_wconf 80' lang='lat' dir='ltr'><strong>prece</strong></span> <span class='ocrx_word' id='word_1_149' title='bbox 3195 554 3433 608; x_wconf 60' lang='lat' dir='ltr'><strong>comprev</strong></span> 
     </span>
    </p>
   </div>
   <div class='ocr_carea' id='block_1_23' title="bbox 1881 624 3435 685">
    <p class='ocr_par' dir='ltr' id='par_1_23' title="bbox 1881 624 3435 685">
     <span class='ocr_line' id='line_1_23' title="bbox 1881 624 3435 685; baseline 0.003 -7"><span class='ocrx_word' id='word_1_150' title='bbox 1881 624 2103 680; x_wconf 87' lang='lat' dir='ltr'><strong>hendat.</strong></span> <span class='ocrx_word' id='word_1_151' title='bbox 2170 627 2369 680; x_wconf 83' lang='lat' dir='ltr'><strong>Deinde</strong></span> <span class='ocrx_word' id='word_1_152' title='bbox 2403 627 2614 681; x_wconf 90' lang='lat' dir='ltr'><strong>divinus</strong></span> <span class='ocrx_word' id='word_1_153' title='bbox 2659 628 2937 683; x_wconf 85' lang='lat' dir='ltr'><strong>hierarcha</strong></span> <span class='ocrx_word' id='word_1_154' title='bbox 2989 630 3285 685; x_wconf 86' lang='lat' dir='ltr'><strong>Salvatoris</strong></span> <span class='ocrx_word' id='word_1_155' title='bbox 3347 645 3435 683; x_wconf 70' lang='lat' dir='ltr'><strong>uo~</strong></span> 
     </span>
    </p>
   </div>
   <div class='ocr_carea' id='block_1_24' title="bbox 1881 714 3429 790">
    <p class='ocr_par' dir='ltr' id='par_1_24' title="bbox 1881 714 3429 790">
     <span class='ocr_line' id='line_1_24' title="bbox 1881 714 3429 790; baseline 0.005 -22"><span class='ocrx_word' id='word_1_156' title='bbox 1881 716 1975 769; x_wconf 84' lang='lat' dir='ltr'><strong>stri</strong></span> <span class='ocrx_word' id='word_1_157' title='bbox 2028 714 2155 769; x_wconf 83' lang='lat' dir='ltr'><strong>Jesu</strong></span> <span class='ocrx_word' id='word_1_158' title='bbox 2203 718 2399 771; x_wconf 83' lang='lat' dir='ltr'><strong>Christi</strong></span> <span class='ocrx_word' id='word_1_159' title='bbox 2457 718 2820 788; x_wconf 73' lang='lat' dir='ltr'><strong>providentius</strong></span> <span class='ocrx_word' id='word_1_160' title='bbox 2869 720 3177 775; x_wconf 88' lang='lat' dir='ltr'><strong>collaudans</strong></span> <span class='ocrx_word' id='word_1_161' title='bbox 3226 760 3243 786; x_wconf 94' lang='lat'><strong>,</strong></span> <span class='ocrx_word' id='word_1_162' title='bbox 3291 735 3429 790; x_wconf 83' lang='lat' dir='ltr'><strong>quas</strong></span> 
     </span>
    </p>
   </div>
   <div class='ocr_carea' id='block_1_25' title="bbox 1881 808 3425 879">
    <p class='ocr_par' dir='ltr' id='par_1_25' title="bbox 1881 808 3425 879">
     <span class='ocr_line' id='line_1_25' title="bbox 1881 808 3425 879; baseline 0.002 -17"><span class='ocrx_word' id='word_1_163' title='bbox 1881 808 2059 862; x_wconf 89' lang='lat' dir='ltr'><strong>Patris</strong></span> <span class='ocrx_word' id='word_1_164' title='bbox 2084 808 2420 876; x_wconf 88' lang='lat' dir='ltr'><strong>beueplacito</strong></span> <span class='ocrx_word' id='word_1_165' title='bbox 2451 808 2503 863; x_wconf 88' lang='lat' dir='ltr'><strong>in</strong></span> <span class='ocrx_word' id='word_1_166' title='bbox 2543 808 2744 879; x_wconf 87' lang='lat' dir='ltr'><strong>Spiritu</strong></span> <span class='ocrx_word' id='word_1_167' title='bbox 2778 822 2965 866; x_wconf 87' lang='lat' dir='ltr'><strong>sancto</strong></span> <span class='ocrx_word' id='word_1_168' title='bbox 3009 814 3425 878; x_wconf 76' lang='lat' dir='ltr'><strong>consummavit,</strong></span> 
     </span>
    </p>
   </div>
   <div class='ocr_carea' id='block_1_26' title="bbox 1882 898 3433 977">
    <p class='ocr_par' dir='ltr' id='par_1_26' title="bbox 1882 898 3433 977">
     <span class='ocr_line' id='line_1_26' title="bbox 1882 898 3433 977; baseline 0.003 -25"><span class='ocrx_word' id='word_1_169' title='bbox 1882 899 2040 977; x_wconf 74' lang='lat'><strong>213</strong></span> <span class='ocrx_word' id='word_1_170' title='bbox 2078 909 2134 953; x_wconf 88' lang='lat' dir='ltr'><strong>et</strong></span> <span class='ocrx_word' id='word_1_171' title='bbox 2187 898 2406 953; x_wconf 91' lang='lat' dir='ltr'><strong>intentis</strong></span> <span class='ocrx_word' id='word_1_172' title='bbox 2451 899 2619 954; x_wconf 87' lang='lat' dir='ltr'><strong>oculis</strong></span> <span class='ocrx_word' id='word_1_173' title='bbox 2663 900 2960 969; x_wconf 81' lang='lat' dir='ltr'><strong>spiritalem</strong></span> <span class='ocrx_word' id='word_1_174' title='bbox 3006 903 3272 957; x_wconf 88' lang='lat' dir='ltr'><strong>contuitus</strong></span> <span class='ocrx_word' id='word_1_175' title='bbox 3302 915 3433 957; x_wconf 70' lang='grc' dir='ltr'>σου-ι</span> 
     </span>
    </p>
   </div>
   <div class='ocr_carea' id='block_1_27' title="bbox 1884 991 3433 1063">
    <p class='ocr_par' dir='ltr' id='par_1_27' title="bbox 1884 991 3433 1063">
     <span class='ocr_line' id='line_1_27' title="bbox 1884 991 3433 1063; baseline 0.005 -21"><span class='ocrx_word' id='word_1_176' title='bbox 1884 992 2312 1060; x_wconf 85' lang='lat' dir='ltr'><strong>templationem,</strong></span> <span class='ocrx_word' id='word_1_177' title='bbox 2349 991 2415 1047; x_wconf 81' lang='lat' dir='ltr'><strong>ad</strong></span> <span class='ocrx_word' id='word_1_178' title='bbox 2475 1006 2751 1046; x_wconf 88' lang='lat' dir='ltr'><strong>sacrorum</strong></span> <span class='ocrx_word' id='word_1_179' title='bbox 2808 992 3218 1063; x_wconf 84' lang='lat' dir='ltr'><strong>symbolorum,</strong></span> <span class='ocrx_word' id='word_1_180' title='bbox 3280 994 3433 1063; x_wconf 86' lang='lat' dir='ltr'><strong>panis</strong></span> 
     </span>
    </p>
   </div>
   <div class='ocr_carea' id='block_1_28' title="bbox 1883 1082 3435 1153">
    <p class='ocr_par' dir='ltr' id='par_1_28' title="bbox 1883 1082 3435 1153">
     <span class='ocr_line' id='line_1_28' title="bbox 1883 1082 3435 1153; baseline -0.002 -14"><span class='ocrx_word' id='word_1_181' title='bbox 1883 1083 2091 1139; x_wconf 74' lang='lat' dir='ltr'><strong>scilicet</strong></span> <span class='ocrx_word' id='word_1_182' title='bbox 2118 1090 2172 1136; x_wconf 90' lang='lat' dir='ltr'><strong>et</strong></span> <span class='ocrx_word' id='word_1_183' title='bbox 2210 1082 2422 1148; x_wconf 87' lang='lat' dir='ltr'><strong>calicis,</strong></span> <span class='ocrx_word' id='word_1_184' title='bbox 2463 1087 2926 1139; x_wconf 87' lang='lat' dir='ltr'><strong>consecrationem</strong></span> <span class='ocrx_word' id='word_1_185' title='bbox 2962 1085 3221 1151; x_wconf 83' lang='lat' dir='ltr'><strong>procedit.</strong></span> <span class='ocrx_word' id='word_1_186' title='bbox 3257 1084 3435 1153; x_wconf 83' lang='lat' dir='ltr'><strong>Expli-</strong></span> 
     </span>
    </p>
   </div>
   <div class='ocr_carea' id='block_1_29' title="bbox 1883 1178 3434 1246">
    <p class='ocr_par' dir='ltr' id='par_1_29' title="bbox 1883 1178 3434 1246">
     <span class='ocr_line' id='line_1_29' title="bbox 1883 1178 3434 1246; baseline 0 -14"><span class='ocrx_word' id='word_1_187' title='bbox 1883 1192 2015 1232; x_wconf 83' lang='lat' dir='ltr'><strong>caus</strong></span> <span class='ocrx_word' id='word_1_188' title='bbox 2068 1191 2193 1231; x_wconf 87' lang='lat' dir='ltr'><strong>vero</strong></span> <span class='ocrx_word' id='word_1_189' title='bbox 2246 1178 2516 1246; x_wconf 90' lang='lat' dir='ltr'><strong>quomodo</strong></span> <span class='ocrx_word' id='word_1_190' title='bbox 2570 1188 2625 1233; x_wconf 84' lang='lat' dir='ltr'><strong>et</strong></span> <span class='ocrx_word' id='word_1_191' title='bbox 2674 1179 2775 1233; x_wconf 90' lang='lat' dir='ltr'><strong>hoc</strong></span> <span class='ocrx_word' id='word_1_192' title='bbox 2819 1194 2884 1233; x_wconf 89' lang='lat' dir='ltr'><strong>ex</strong></span> <span class='ocrx_word' id='word_1_193' title='bbox 2926 1179 3106 1233; x_wconf 89' lang='lat' dir='ltr'><strong>divina</strong></span> <span class='ocrx_word' id='word_1_194' title='bbox 3147 1178 3434 1233; x_wconf 82' lang='lat' dir='ltr'><strong>traditione</strong></span> 
     </span>
    </p>
   </div>
   <div class='ocr_carea' id='block_1_30' title="bbox 1885 1268 3431 1338">
    <p class='ocr_par' dir='ltr' id='par_1_30' title="bbox 1885 1268 3431 1338">
     <span class='ocr_line' id='line_1_30' title="bbox 1885 1268 3431 1338; baseline 0.004 -20"><span class='ocrx_word' id='word_1_195' title='bbox 1885 1268 2069 1331; x_wconf 79' lang='lat' dir='ltr'><strong>faciat,</strong></span> <span class='ocrx_word' id='word_1_196' title='bbox 2100 1282 2159 1322; x_wconf 85' lang='lat' dir='ltr'><strong>se</strong></span> <span class='ocrx_word' id='word_1_197' title='bbox 2190 1270 2466 1337; x_wconf 88' lang='lat' dir='ltr'><strong>purgando</strong></span> <span class='ocrx_word' id='word_1_198' title='bbox 2500 1277 2554 1324; x_wconf 87' lang='lat' dir='ltr'><strong>et</strong></span> <span class='ocrx_word' id='word_1_199' title='bbox 2584 1270 2649 1323; x_wconf 92' lang='lat' dir='ltr'><strong>ad</strong></span> <span class='ocrx_word' id='word_1_200' title='bbox 2688 1269 2858 1338; x_wconf 88' lang='lat' dir='ltr'><strong>ipsum</strong></span> <span class='ocrx_word' id='word_1_201' title='bbox 2890 1270 3238 1325; x_wconf 85' lang='lat' dir='ltr'><strong>exclainando</strong></span> <span class='ocrx_word' id='word_1_202' title='bbox 3258 1309 3273 1335; x_wconf 96' lang='lat'><strong>,</strong></span> <span class='ocrx_word' id='word_1_203' title='bbox 3300 1270 3374 1324; x_wconf 85' lang='lat' dir='ltr'><strong>ait</strong></span> <span class='ocrx_word' id='word_1_204' title='bbox 3415 1287 3431 1323; x_wconf 87' lang='lat'><strong>:</strong></span> 
     </span>
    </p>
   </div>
   <div class='ocr_carea' id='block_1_31' title="bbox 1887 1348 3435 1428">
    <p class='ocr_par' dir='ltr' id='par_1_31' title="bbox 1887 1348 3435 1428">
     <span class='ocr_line' id='line_1_31' title="bbox 1887 1348 3435 1428; baseline 0.003 -17"><span class='ocrx_word' id='word_1_205' title='bbox 1887 1357 1964 1411; x_wconf 82' lang='lat' dir='ltr'><strong>Tu</strong></span> <span class='ocrx_word' id='word_1_206' title='bbox 1993 1359 2135 1411; x_wconf 91' lang='lat' dir='ltr'><strong>enim</strong></span> <span class='ocrx_word' id='word_1_207' title='bbox 2167 1358 2353 1412; x_wconf 74' lang='lat' dir='ltr'><strong>dixisti</strong></span> <span class='ocrx_word' id='word_1_208' title='bbox 2379 1374 2396 1413; x_wconf 90' lang='lat'><strong><em>:</em></strong></span> <span class='ocrx_word' id='word_1_209' title='bbox 2437 1358 2552 1413; x_wconf 81' lang='lat' dir='ltr'><strong>Hoc</strong></span> <span class='ocrx_word' id='word_1_210' title='bbox 2592 1361 2748 1428; x_wconf 80' lang='lat' dir='ltr'><strong>facite</strong></span> <span class='ocrx_word' id='word_1_211' title='bbox 2776 1363 2831 1414; x_wconf 87' lang='lat' dir='ltr'><strong>in</strong></span> <span class='ocrx_word' id='word_1_212' title='bbox 2856 1378 3024 1414; x_wconf 83' lang='lat' dir='ltr'><strong>meam</strong></span> <span class='ocrx_word' id='word_1_213' title='bbox 3059 1348 3435 1416; x_wconf 46' lang='lat' dir='ltr'><strong>commemora.-</strong></span> 
     </span>
    </p>
   </div>
   <div class='ocr_carea' id='block_1_32' title="bbox 1887 1449 3435 1509">
    <p class='ocr_par' dir='ltr' id='par_1_32' title="bbox 1887 1449 3435 1509">
     <span class='ocr_line' id='line_1_32' title="bbox 1887 1449 3435 1509; baseline 0.004 -6"><span class='ocrx_word' id='word_1_214' title='bbox 1887 1453 2096 1504; x_wconf 83' lang='lat' dir='ltr'><strong>tionem.</strong></span> <span class='ocrx_word' id='word_1_215' title='bbox 2150 1449 2431 1505; x_wconf 86' lang='lat' dir='ltr'><strong>Postulans</strong></span> <span class='ocrx_word' id='word_1_216' title='bbox 2479 1452 2677 1507; x_wconf 88' lang='lat' dir='ltr'><strong>deinde</strong></span> <span class='ocrx_word' id='word_1_217' title='bbox 2698 1468 2817 1508; x_wconf 92' lang='lat' dir='ltr'><strong>cum</strong></span> <span class='ocrx_word' id='word_1_218' title='bbox 2880 1460 3265 1509; x_wconf 86' lang='lat' dir='ltr'><strong>communione</strong></span> <span class='ocrx_word' id='word_1_219' title='bbox 3323 1463 3435 1509; x_wconf 90' lang='lat' dir='ltr'><strong>tum</strong></span> 
     </span>
    </p>
   </div>
   <div class='ocr_carea' id='block_1_33' title="bbox 1888 1540 3432 1615">
    <p class='ocr_par' dir='ltr' id='par_1_33' title="bbox 1888 1540 3432 1615">
     <span class='ocr_line' id='line_1_33' title="bbox 1888 1540 3432 1615; baseline 0.003 -20"><span class='ocrx_word' id='word_1_220' title='bbox 1888 1544 2002 1611; x_wconf 86' lang='lat' dir='ltr'><strong>ejus</strong></span> <span class='ocrx_word' id='word_1_221' title='bbox 2062 1540 2442 1595; x_wconf 86' lang='lat' dir='ltr'><strong>distributione</strong></span> <span class='ocrx_word' id='word_1_222' title='bbox 2501 1541 2692 1611; x_wconf 90' lang='lat' dir='ltr'><strong>dignus</strong></span> <span class='ocrx_word' id='word_1_223' title='bbox 2756 1546 2933 1610; x_wconf 75' lang='lat' dir='ltr'><strong>elfici,</strong></span> <span class='ocrx_word' id='word_1_224' title='bbox 3000 1546 3098 1600; x_wconf 91' lang='lat' dir='ltr'><strong>sub</strong></span> <span class='ocrx_word' id='word_1_225' title='bbox 3158 1555 3432 1615; x_wconf 83' lang='lat' dir='ltr'><strong>aspectum</strong></span> 
     </span>
    </p>
   </div>
   <div class='ocr_carea' id='block_1_34' title="bbox 1889 1632 3435 1701">
    <p class='ocr_par' dir='ltr' id='par_1_34' title="bbox 1889 1632 3435 1701">
     <span class='ocr_line' id='line_1_34' title="bbox 1889 1632 3435 1701; baseline 0.004 -17"><span class='ocrx_word' id='word_1_226' title='bbox 1889 1633 2039 1685; x_wconf 87' lang='lat' dir='ltr'><strong>ducit</strong></span> <span class='ocrx_word' id='word_1_227' title='bbox 2068 1647 2129 1685; x_wconf 89' lang='lat' dir='ltr'><strong>ea</strong></span> <span class='ocrx_word' id='word_1_228' title='bbox 2171 1648 2290 1701; x_wconf 72' lang='lat' dir='ltr'><strong>qua:</strong></span> <span class='ocrx_word' id='word_1_229' title='bbox 2320 1632 2642 1699; x_wconf 75' lang='lat' dir='ltr'><strong>celebravit,</strong></span> <span class='ocrx_word' id='word_1_230' title='bbox 2674 1634 2929 1689; x_wconf 83' lang='lat' dir='ltr'><strong>revelans</strong></span> <span class='ocrx_word' id='word_1_231' title='bbox 2956 1635 3102 1689; x_wconf 91' lang='lat' dir='ltr'><strong>illum</strong></span> <span class='ocrx_word' id='word_1_232' title='bbox 3136 1650 3323 1701; x_wconf 89' lang='lat' dir='ltr'><strong>panem</strong></span> <span class='ocrx_word' id='word_1_233' title='bbox 3352 1636 3435 1690; x_wconf 75' lang='lat' dir='ltr'><strong>iu-</strong></span> 
     </span>
    </p>
   </div>
   <div class='ocr_carea' id='block_1_35' title="bbox 1890 1724 3436 1795">
    <p class='ocr_par' dir='ltr' id='par_1_35' title="bbox 1890 1724 3436 1795">
     <span class='ocr_line' id='line_1_35' title="bbox 1890 1724 3436 1795; baseline 0.002 -17"><span class='ocrx_word' id='word_1_234' title='bbox 1890 1726 2120 1779; x_wconf 87' lang='lat' dir='ltr'><strong>divisum</strong></span> <span class='ocrx_word' id='word_1_235' title='bbox 2144 1764 2159 1789; x_wconf 94' lang='lat'><strong>,</strong></span> <span class='ocrx_word' id='word_1_236' title='bbox 2204 1734 2257 1779; x_wconf 92' lang='lat' dir='ltr'><strong>et</strong></span> <span class='ocrx_word' id='word_1_237' title='bbox 2290 1725 2340 1778; x_wconf 91' lang='lat' dir='ltr'><strong>iu</strong></span> <span class='ocrx_word' id='word_1_238' title='bbox 2386 1724 2554 1779; x_wconf 85' lang='lat' dir='ltr'><strong>multa</strong></span> <span class='ocrx_word' id='word_1_239' title='bbox 2586 1726 2938 1781; x_wconf 83' lang='lat' dir='ltr'><strong>distribuens.</strong></span> <span class='ocrx_word' id='word_1_240' title='bbox 2989 1726 3195 1780; x_wconf 80' lang='lat' dir='ltr'><strong>Exinde</strong></span> <span class='ocrx_word' id='word_1_241' title='bbox 3224 1740 3436 1795; x_wconf 75' lang='lat' dir='ltr'><strong>quoque</strong></span> 
     </span>
    </p>
   </div>
   <div class='ocr_carea' id='block_1_36' title="bbox 217 1800 1860 1887">
    <p class='ocr_par' dir='ltr' id='par_1_36' title="bbox 217 1800 1856 1887">
     <span class='ocr_line' id='line_1_36' title="bbox 217 1800 1856 1887; baseline 0.007 -36"><span class='ocrx_word' id='word_1_242' title='bbox 217 1800 315 1851; x_wconf 77' lang='grc' dir='ltr'>καὶ</span> <span class='ocrx_word' id='word_1_243' title='bbox 339 1800 469 1854; x_wconf 83' lang='grc' dir='ltr'>αὐτὸ</span> <span class='ocrx_word' id='word_1_244' title='bbox 491 1802 804 1873; x_wconf 85' lang='grc' dir='ltr'>ποιούμενος</span> <span class='ocrx_word' id='word_1_245' title='bbox 820 1821 833 1835; x_wconf 75' lang='grc' dir='ltr'><strong><em>ο</em></strong></span> <span class='ocrx_word' id='word_1_246' title='bbox 870 1805 928 1857; x_wconf 80' lang='grc' dir='ltr'><strong>τδ</strong></span> <span class='ocrx_word' id='word_1_247' title='bbox 948 1804 1054 1878; x_wconf 86' lang='grc' dir='ltr'><strong>γὰρ</strong></span> <span class='ocrx_word' id='word_1_248' title='bbox 1087 1807 1142 1860; x_wconf 84' lang='grc' dir='ltr'>ἒν</span> <span class='ocrx_word' id='word_1_249' title='bbox 1177 1807 1270 1861; x_wconf 75' lang='grc' dir='ltr'><strong>καὶ</strong></span> <span class='ocrx_word' id='word_1_250' title='bbox 1294 1806 1497 1865; x_wconf 87' lang='grc' dir='ltr'>ἁπλοῦν</span> <span class='ocrx_word' id='word_1_251' title='bbox 1518 1808 1609 1861; x_wconf 89' lang='grc' dir='ltr'><strong>τοῦ</strong></span> <span class='ocrx_word' id='word_1_252' title='bbox 1635 1808 1785 1880; x_wconf 90' lang='grc' dir='ltr'>θεαρ-</span> <span class='ocrx_word' id='word_1_253' title='bbox 1816 1833 1856 1887; x_wconf 76' lang='grc' dir='ltr'><strong><em>Β</em></strong></span> 
     </span>
    </p>
   </div>
   <div class='ocr_carea' id='block_1_37' title="bbox 1789 1800 3432 1887">
    <p class='ocr_par' dir='ltr' id='par_1_37' title="bbox 1816 1817 3432 1887">
     <span class='ocr_line' id='line_1_37' title="bbox 1816 1817 3432 1887; baseline 0.001 -16"><span class='ocrx_word' id='word_1_254' title='bbox 1816 1833 1856 1887; x_wconf 77' lang='grc' dir='ltr'><strong><em>Β</em></strong></span> <span class='ocrx_word' id='word_1_255' title='bbox 1886 1817 2211 1887; x_wconf 74' lang='lat' dir='ltr'><strong>singularem</strong></span> <span class='ocrx_word' id='word_1_256' title='bbox 2253 1817 2404 1873; x_wconf 86' lang='lat' dir='ltr'><strong>illum</strong></span> <span class='ocrx_word' id='word_1_257' title='bbox 2459 1818 2684 1873; x_wconf 84' lang='lat' dir='ltr'><strong>calicem</strong></span> <span class='ocrx_word' id='word_1_258' title='bbox 2718 1818 2968 1872; x_wconf 87' lang='lat' dir='ltr'><strong>omnibus</strong></span> <span class='ocrx_word' id='word_1_259' title='bbox 3010 1818 3300 1881; x_wconf 83' lang='lat' dir='ltr'><strong>distribuit,</strong></span> <span class='ocrx_word' id='word_1_260' title='bbox 3344 1832 3432 1872; x_wconf 82' lang='lat' dir='ltr'><strong>se-</strong></span> 
     </span>
    </p>
   </div>
   <div class='ocr_carea' id='block_1_38' title="bbox 214 1894 1786 1971">
    <p class='ocr_par' dir='ltr' id='par_1_38' title="bbox 214 1894 1786 1971">
     <span class='ocr_line' id='line_1_38' title="bbox 214 1894 1786 1971; baseline 0.006 -27"><span class='ocrx_word' id='word_1_261' title='bbox 214 1894 517 1963; x_wconf 84' lang='grc' dir='ltr'>χικωτάτου</span> <span class='ocrx_word' id='word_1_262' title='bbox 552 1894 725 1964; x_wconf 80' lang='grc' dir='ltr'>Λόγου</span> <span class='ocrx_word' id='word_1_263' title='bbox 753 1896 887 1966; x_wconf 85' lang='grc' dir='ltr'>πρὸς</span> <span class='ocrx_word' id='word_1_264' title='bbox 914 1898 973 1950; x_wconf 85' lang='grc' dir='ltr'>τὸ</span> <span class='ocrx_word' id='word_1_265' title='bbox 1010 1898 1265 1953; x_wconf 88' lang='grc' dir='ltr'>σύνθετον</span> <span class='ocrx_word' id='word_1_266' title='bbox 1289 1901 1383 1953; x_wconf 73' lang='grc' dir='ltr'>καὶ</span> <span class='ocrx_word' id='word_1_267' title='bbox 1414 1900 1605 1971; x_wconf 83' lang='grc' dir='ltr'>ὁρατὸν</span> <span class='ocrx_word' id='word_1_268' title='bbox 1630 1899 1786 1963; x_wconf 65' lang='grc' dir='ltr'>ἀναλε-</span> 
     </span>
    </p>
   </div>
   <div class='ocr_carea' id='block_1_39' title="bbox 213 1983 1787 2065">
    <p class='ocr_par' dir='ltr' id='par_1_39' title="bbox 213 1983 1787 2065">
     <span class='ocr_line' id='line_1_39' title="bbox 213 1983 1787 2065; baseline 0.009 -30"><span class='ocrx_word' id='word_1_269' title='bbox 213 1983 451 2049; x_wconf 82' lang='grc' dir='ltr'>λοιώτως</span> <span class='ocrx_word' id='word_1_270' title='bbox 504 1986 643 2040; x_wconf 84' lang='grc' dir='ltr'><strong>κατά</strong></span> <span class='ocrx_word' id='word_1_271' title='bbox 698 1987 793 2059; x_wconf 80' lang='grc' dir='ltr'>τὴν</span> <span class='ocrx_word' id='word_1_272' title='bbox 850 1986 1255 2063; x_wconf 80' lang='grc' dir='ltr'>ὲνανθρώπησιν</span> <span class='ocrx_word' id='word_1_273' title='bbox 1307 1992 1665 2065; x_wconf 82' lang='grc' dir='ltr'>προελήλυθε,</span> <span class='ocrx_word' id='word_1_274' title='bbox 1718 1995 1787 2049; x_wconf 90' lang='grc' dir='ltr'><strong>τά</strong></span> 
     </span>
    </p>
   </div>
   <div class='ocr_carea' id='block_1_40' title="bbox 215 2077 1780 2151">
    <p class='ocr_par' dir='ltr' id='par_1_40' title="bbox 215 2077 1780 2151">
     <span class='ocr_line' id='line_1_40' title="bbox 215 2077 1780 2151; baseline 0.008 -22"><span class='ocrx_word' id='word_1_275' title='bbox 215 2077 341 2129; x_wconf 85' lang='grc' dir='ltr'>καθ’</span> <span class='ocrx_word' id='word_1_276' title='bbox 394 2080 539 2148; x_wconf 79' lang='grc' dir='ltr'>ἡμᾶς</span> <span class='ocrx_word' id='word_1_277' title='bbox 574 2079 805 2142; x_wconf 84' lang='grc' dir='ltr'>ταπεινά</span> <span class='ocrx_word' id='word_1_278' title='bbox 847 2084 958 2145; x_wconf 87' lang='grc' dir='ltr'>τοῖς</span> <span class='ocrx_word' id='word_1_279' title='bbox 1010 2082 1300 2148; x_wconf 83' lang='grc' dir='ltr'>θειοτάτοις</span> <span class='ocrx_word' id='word_1_280' title='bbox 1350 2085 1511 2146; x_wconf 84' lang='grc' dir='ltr'>αὑτοῦ</span> <span class='ocrx_word' id='word_1_281' title='bbox 1557 2086 1780 2151; x_wconf 68' lang='grc' dir='ltr'>ὲνὼσας,</span> 
     </span>
    </p>
   </div>
   <div class='ocr_carea' id='block_1_41' title="bbox 214 2166 1779 2253">
    <p class='ocr_par' dir='ltr' id='par_1_41' title="bbox 214 2166 1779 2253">
     <span class='ocr_line' id='line_1_41' title="bbox 214 2166 1779 2253; baseline 0.01 -34"><span class='ocrx_word' id='word_1_282' title='bbox 214 2166 374 2221; x_wconf 79' lang='grc' dir='ltr'>Οὕτω</span> <span class='ocrx_word' id='word_1_283' title='bbox 414 2168 522 2240; x_wconf 79' lang='grc' dir='ltr'><strong>γὰρ</strong></span> <span class='ocrx_word' id='word_1_284' title='bbox 549 2171 817 2241; x_wconf 75' lang='grc' dir='ltr'>ὲνούμεθα</span> <span class='ocrx_word' id='word_1_285' title='bbox 837 2174 1123 2247; x_wconf 74' lang='grc' dir='ltr'>καὶ“ήμεῖς</span> <span class='ocrx_word' id='word_1_286' title='bbox 1155 2177 1321 2249; x_wconf 83' lang='grc' dir='ltr'>αὐτῷ,</span> <span class='ocrx_word' id='word_1_287' title='bbox 1349 2180 1507 2251; x_wconf 74' lang='grc' dir='ltr'>εἴπερ</span> <span class='ocrx_word' id='word_1_288' title='bbox 1539 2181 1612 2244; x_wconf 86' lang='grc' dir='ltr'>ὡς</span> <span class='ocrx_word' id='word_1_289' title='bbox 1647 2182 1779 2253; x_wconf 86' lang='grc' dir='ltr'>μέλη</span> 
     </span>
    </p>
   </div>
   <div class='ocr_carea' id='block_1_42' title="bbox 216 2260 1784 2343">
    <p class='ocr_par' dir='ltr' id='par_1_42' title="bbox 216 2260 1784 2343">
     <span class='ocr_line' id='line_1_42' title="bbox 216 2260 1784 2343; baseline 0.011 -33"><span class='ocrx_word' id='word_1_290' title='bbox 216 2260 763 2334; x_wconf 80' lang='grc' dir='ltr'>συναρμολογούμεθα</span> <span class='ocrx_word' id='word_1_291' title='bbox 786 2266 924 2319; x_wconf 86' lang='grc' dir='ltr'><strong>κατά</strong></span> <span class='ocrx_word' id='word_1_292' title='bbox 946 2266 1008 2319; x_wconf 79' lang='grc' dir='ltr'>τὸ</span> <span class='ocrx_word' id='word_1_293' title='bbox 1031 2269 1223 2323; x_wconf 78' lang='grc' dir='ltr'>ταύτὸν</span> <span class='ocrx_word' id='word_1_294' title='bbox 1253 2270 1351 2340; x_wconf 82' lang='grc' dir='ltr'>τῆς</span> <span class='ocrx_word' id='word_1_295' title='bbox 1375 2271 1649 2343; x_wconf 79' lang='grc' dir='ltr'>ἀλωϐἠτου</span> <span class='ocrx_word' id='word_1_296' title='bbox 1693 2277 1784 2327; x_wconf 78' lang='grc' dir='ltr'>καὶ</span> 
     </span>
    </p>
   </div>
   <div class='ocr_carea' id='block_1_43' title="bbox 218 2352 1782 2435">
    <p class='ocr_par' dir='ltr' id='par_1_43' title="bbox 218 2352 1782 2435">
     <span class='ocr_line' id='line_1_43' title="bbox 218 2352 1782 2435; baseline 0.01 -33"><span class='ocrx_word' id='word_1_297' title='bbox 218 2353 500 2423; x_wconf 82' lang='grc' dir='ltr'>μακαρίας</span> <span class='ocrx_word' id='word_1_298' title='bbox 532 2352 676 2426; x_wconf 81' lang='grc' dir='ltr'>ζωῆς</span> <span class='ocrx_word' id='word_1_299' title='bbox 696 2373 709 2386; x_wconf 86' lang='grc'><strong>·</strong></span> <span class='ocrx_word' id='word_1_300' title='bbox 739 2358 828 2410; x_wconf 81' lang='grc' dir='ltr'><strong>καὶ</strong></span> <span class='ocrx_word' id='word_1_301' title='bbox 868 2357 942 2429; x_wconf 84' lang='grc' dir='ltr'>μὴ</span> <span class='ocrx_word' id='word_1_302' title='bbox 962 2359 1222 2430; x_wconf 83' lang='grc' dir='ltr'>πάθοιμεν</span> <span class='ocrx_word' id='word_1_303' title='bbox 1246 2362 1381 2432; x_wconf 83' lang='grc' dir='ltr'>ὅπερ</span> <span class='ocrx_word' id='word_1_304' title='bbox 1410 2364 1597 2434; x_wconf 87' lang='grc' dir='ltr'>νεκρὸν</span> <span class='ocrx_word' id='word_1_305' title='bbox 1622 2365 1782 2435; x_wconf 89' lang='grc' dir='ltr'>μέρος</span> 
     </span>
    </p>
   </div>
   <div class='ocr_carea' id='block_1_44' title="bbox 216 2442 1781 2527">
    <p class='ocr_par' dir='ltr' id='par_1_44' title="bbox 216 2442 1781 2527">
     <span class='ocr_line' id='line_1_44' title="bbox 216 2442 1781 2527; baseline 0.011 -32"><span class='ocrx_word' id='word_1_306' title='bbox 216 2442 489 2515; x_wconf 84' lang='grc' dir='ltr'>σώματος,</span> <span class='ocrx_word' id='word_1_307' title='bbox 510 2448 642 2519; x_wconf 82' lang='grc' dir='ltr'>πρὸς</span> <span class='ocrx_word' id='word_1_308' title='bbox 654 2447 761 2512; x_wconf 75' lang='grc' dir='ltr'>ζῶν</span> <span class='ocrx_word' id='word_1_309' title='bbox 779 2450 1170 2521; x_wconf 79' lang='grc' dir='ltr'>συντιθέμενον.</span> <span class='ocrx_word' id='word_1_310' title='bbox 1199 2453 1285 2516; x_wconf 82' lang='grc' dir='ltr'>Ὦς</span> <span class='ocrx_word' id='word_1_311' title='bbox 1305 2454 1409 2525; x_wconf 85' lang='grc' dir='ltr'><strong>γὰρ</strong></span> <span class='ocrx_word' id='word_1_312' title='bbox 1426 2456 1596 2513; x_wconf 83' lang='grc' dir='ltr'>ἐκεῖνο</span> <span class='ocrx_word' id='word_1_313' title='bbox 1606 2458 1781 2527; x_wconf 81' lang='grc' dir='ltr'>,ἀνάρ-</span> 
     </span>
    </p>
   </div>
   <div class='ocr_carea' id='block_1_45' title="bbox 216 2538 1777 2619">
    <p class='ocr_par' dir='ltr' id='par_1_45' title="bbox 216 2538 1777 2619">
     <span class='ocr_line' id='line_1_45' title="bbox 216 2538 1777 2619; baseline 0.01 -32"><span class='ocrx_word' id='word_1_314' title='bbox 216 2553 416 2605; x_wconf 82' lang='grc' dir='ltr'>μοστον</span> <span class='ocrx_word' id='word_1_315' title='bbox 445 2538 620 2610; x_wconf 82' lang='grc' dir='ltr'>πάντη</span> <span class='ocrx_word' id='word_1_316' title='bbox 666 2543 759 2594; x_wconf 76' lang='grc' dir='ltr'>καὶ</span> <span class='ocrx_word' id='word_1_317' title='bbox 802 2542 1101 2619; x_wconf 64' lang='grc' dir='ltr'>’ἀκόλλητω</span> <span class='ocrx_word' id='word_1_318' title='bbox 1132 2546 1223 2598; x_wconf 79' lang='grc' dir='ltr'>καὶ</span> <span class='ocrx_word' id='word_1_319' title='bbox 1273 2547 1513 2610; x_wconf 83' lang='grc' dir='ltr'>ἀσύζωον</span> <span class='ocrx_word' id='word_1_320' title='bbox 1551 2550 1777 2618; x_wconf 83' lang='grc' dir='ltr'>γίνεται,</span> 
     </span>
    </p>
   </div>
   <div class='ocr_carea' id='block_1_46' title="bbox 212 2625 1782 2708">
    <p class='ocr_par' dir='ltr' id='par_1_46' title="bbox 212 2625 1782 2708">
     <span class='ocr_line' id='line_1_46' title="bbox 212 2625 1782 2708; baseline 0.009 -27"><span class='ocrx_word' id='word_1_321' title='bbox 212 2625 360 2681; x_wconf 71' lang='grc' dir='ltr'>οὕτω</span> <span class='ocrx_word' id='word_1_322' title='bbox 384 2628 478 2680; x_wconf 77' lang='grc' dir='ltr'>καὶ</span> <span class='ocrx_word' id='word_1_323' title='bbox 512 2632 695 2700; x_wconf 79' lang='grc' dir='ltr'>ἡμεῖς,</span> <span class='ocrx_word' id='word_1_324' title='bbox 730 2632 887 2705; x_wconf 83' lang='grc' dir='ltr'>εἴπερ</span> <span class='ocrx_word' id='word_1_325' title='bbox 917 2634 1056 2689; x_wconf 82' lang='grc' dir='ltr'>οὕτω</span> <span class='ocrx_word' id='word_1_326' title='bbox 1095 2636 1301 2708; x_wconf 88' lang='grc' dir='ltr'>νεκρῶς</span> <span class='ocrx_word' id='word_1_327' title='bbox 1324 2637 1537 2708; x_wconf 77' lang='grc' dir='ltr'>ἔχομεν,</span> <span class='ocrx_word' id='word_1_328' title='bbox 1557 2625 1631 2694; x_wconf 48' lang='grc' dir='ltr'><strong>ὀύ</strong></span> <span class='ocrx_word' id='word_1_329' title='bbox 1667 2658 1782 2695; x_wconf 87' lang='grc' dir='ltr'>συν-</span> 
     </span>
    </p>
   </div>
   <div class='ocr_carea' id='block_1_47' title="bbox 214 2718 1781 2803">
    <p class='ocr_par' dir='ltr' id='par_1_47' title="bbox 214 2718 1781 2803">
     <span class='ocr_line' id='line_1_47' title="bbox 214 2718 1781 2803; baseline 0.009 -31"><span class='ocrx_word' id='word_1_330' title='bbox 214 2718 777 2793; x_wconf 76' lang='grc' dir='ltr'>αρμολογηθησόμεθα</span> <span class='ocrx_word' id='word_1_331' title='bbox 808 2724 885 2795; x_wconf 82' lang='grc' dir='ltr'><strong>τῷ</strong></span> <span class='ocrx_word' id='word_1_332' title='bbox 925 2726 1084 2789; x_wconf 80' lang='grc' dir='ltr'>ζῶντι</span> <span class='ocrx_word' id='word_1_333' title='bbox 1123 2727 1342 2798; x_wconf 87' lang='grc' dir='ltr'>Χριστῷ</span> <span class='ocrx_word' id='word_1_334' title='bbox 1386 2720 1635 2782; x_wconf 80' lang='grc' dir='ltr'>πώποτε·</span> <span class='ocrx_word' id='word_1_335' title='bbox 1678 2731 1781 2803; x_wconf 81' lang='grc' dir='ltr'><strong>χρὴ</strong></span> 
     </span>
    </p>
   </div>
   <div class='ocr_carea' id='block_1_48' title="bbox 215 2808 1778 2890">
    <p class='ocr_par' dir='ltr' id='par_1_48' title="bbox 215 2808 1778 2890">
     <span class='ocr_line' id='line_1_48' title="bbox 215 2808 1778 2890; baseline 0.008 -29"><span class='ocrx_word' id='word_1_336' title='bbox 215 2808 347 2879; x_wconf 73' lang='grc' dir='ltr'>γὰρ,</span> <span class='ocrx_word' id='word_1_337' title='bbox 376 2812 423 2862; x_wconf 90' lang='grc' dir='ltr'><strong>εί</strong></span> <span class='ocrx_word' id='word_1_338' title='bbox 464 2811 561 2881; x_wconf 84' lang='grc' dir='ltr'>τῆς</span> <span class='ocrx_word' id='word_1_339' title='bbox 601 2814 880 2877; x_wconf 84' lang='grc' dir='ltr'>κοινωνίας</span> <span class='ocrx_word' id='word_1_340' title='bbox 910 2816 1189 2887; x_wconf 74' lang='grc' dir='ltr'>ἐφιέμεθα,</span> <span class='ocrx_word' id='word_1_341' title='bbox 1215 2816 1294 2881; x_wconf 83' lang='grc' dir='ltr'><strong>είς</strong></span> <span class='ocrx_word' id='word_1_342' title='bbox 1319 2818 1416 2890; x_wconf 77' lang='grc' dir='ltr'><strong>τὴν</strong></span> <span class='ocrx_word' id='word_1_343' title='bbox 1445 2818 1606 2872; x_wconf 84' lang='grc' dir='ltr'>αὑτοῦ</span> <span class='ocrx_word' id='word_1_344' title='bbox 1640 2820 1778 2874; x_wconf 53' lang='lat' dir='ltr'><strong>Beroe</strong></span> 
     </span>
    </p>
   </div>
   <div class='ocr_carea' id='block_1_49' title="bbox 214 2902 1778 2986">
    <p class='ocr_par' dir='ltr' id='par_1_49' title="bbox 214 2902 1778 2986">
     <span class='ocr_line' id='line_1_49' title="bbox 214 2902 1778 2986; baseline 0.009 -33"><span class='ocrx_word' id='word_1_345' title='bbox 214 2902 387 2973; x_wconf 85' lang='grc' dir='ltr'>τάτην</span> <span class='ocrx_word' id='word_1_346' title='bbox 424 2903 567 2977; x_wconf 79' lang='grc' dir='ltr'>ζωὴν</span> <span class='ocrx_word' id='word_1_347' title='bbox 604 2907 1026 2973; x_wconf 82' lang='grc' dir='ltr'>ἀποσκοπεῦσαι,</span> <span class='ocrx_word' id='word_1_348' title='bbox 1070 2909 1163 2962; x_wconf 75' lang='grc' dir='ltr'><strong>καὶ</strong></span> <span class='ocrx_word' id='word_1_349' title='bbox 1193 2910 1332 2964; x_wconf 75' lang='grc' dir='ltr'>οὕτω</span> <span class='ocrx_word' id='word_1_350' title='bbox 1350 2914 1414 2982; x_wconf 77' lang='grc' dir='ltr'>τῇ</span> <span class='ocrx_word' id='word_1_351' title='bbox 1453 2914 1589 2984; x_wconf 77' lang='grc' dir='ltr'>πρὸς</span> <span class='ocrx_word' id='word_1_352' title='bbox 1615 2915 1778 2986; x_wconf 83' lang='grc' dir='ltr'>αὐτὴν</span> 
     </span>
    </p>
   </div>
   <div class='ocr_carea' id='block_1_50' title="bbox 213 2993 1780 3073">
    <p class='ocr_par' dir='ltr' id='par_1_50' title="bbox 213 2993 1780 3073">
     <span class='ocr_line' id='line_1_50' title="bbox 213 2993 1780 3073; baseline 0.007 -28"><span class='ocrx_word' id='word_1_353' title='bbox 213 2993 551 3061; x_wconf 64' lang='grc' dir='ltr'>ἀφομοιώσει,</span> <span class='ocrx_word' id='word_1_354' title='bbox 572 2997 650 3060; x_wconf 82' lang='grc' dir='ltr'><strong>είς</strong></span> <span class='ocrx_word' id='word_1_355' title='bbox 674 2996 774 3069; x_wconf 75' lang='grc' dir='ltr'>τὴν</span> <span class='ocrx_word' id='word_1_356' title='bbox 811 2997 1016 3069; x_wconf 77' lang='grc' dir='ltr'>θεοειδῆ</span> <span class='ocrx_word' id='word_1_357' title='bbox 1037 2997 1147 3063; x_wconf 74' lang='grc' dir='ltr'>ἕξιν</span> <span class='ocrx_word' id='word_1_358' title='bbox 1177 2999 1519 3072; x_wconf 81' lang='grc' dir='ltr'>ἀναδραμεῖν,</span> <span class='ocrx_word' id='word_1_359' title='bbox 1553 3003 1780 3073; x_wconf 62' lang='grc' dir='ltr'>ὲναρμου</span> 
     </span>
    </p>
   </div>
   <div class='ocr_carea' id='block_1_51' title="bbox 215 3084 1774 3160">
    <p class='ocr_par' dir='ltr' id='par_1_51' title="bbox 215 3084 1774 3160">
     <span class='ocr_line' id='line_1_51' title="bbox 215 3084 1774 3160; baseline 0.007 -25"><span class='ocrx_word' id='word_1_360' title='bbox 215 3084 345 3147; x_wconf 84' lang='grc' dir='ltr'>νίως</span> <span class='ocrx_word' id='word_1_361' title='bbox 378 3084 709 3159; x_wconf 83' lang='grc' dir='ltr'>δωρηθείσης</span> <span class='ocrx_word' id='word_1_362' title='bbox 744 3090 875 3159; x_wconf 73' lang='grc' dir='ltr'>ἡμῖν</span> <span class='ocrx_word' id='word_1_363' title='bbox 904 3088 1002 3159; x_wconf 83' lang='grc' dir='ltr'>τῆς</span> <span class='ocrx_word' id='word_1_364' title='bbox 1029 3090 1163 3160; x_wconf 80' lang='grc' dir='ltr'>πρὸς</span> <span class='ocrx_word' id='word_1_365' title='bbox 1178 3090 1237 3142; x_wconf 88' lang='grc' dir='ltr'><strong>τὸ</strong></span> <span class='ocrx_word' id='word_1_366' title='bbox 1270 3091 1450 3160; x_wconf 85' lang='grc' dir='ltr'>ὅμοιον</span> <span class='ocrx_word' id='word_1_367' title='bbox 1476 3093 1774 3157; x_wconf 74' lang='grc' dir='ltr'>κοινωνίας.</span> 
     </span>
    </p>
   </div>
   <div class='ocr_carea' id='block_1_52' title="bbox 1885 1906 3433 1977">
    <p class='ocr_par' dir='ltr' id='par_1_52' title="bbox 1885 1906 3433 1977">
     <span class='ocr_line' id='line_1_52' title="bbox 1885 1906 3433 1977; baseline 0.001 -16"><span class='ocrx_word' id='word_1_368' title='bbox 1885 1907 2118 1961; x_wconf 82' lang='lat' dir='ltr'><strong>cundum</strong></span> <span class='ocrx_word' id='word_1_369' title='bbox 2166 1906 2384 1961; x_wconf 89' lang='lat' dir='ltr'><strong>modum</strong></span> <span class='ocrx_word' id='word_1_370' title='bbox 2416 1908 2701 1976; x_wconf 89' lang='lat' dir='ltr'><strong>quemdam</strong></span> <span class='ocrx_word' id='word_1_371' title='bbox 2743 1907 3030 1977; x_wconf 84' lang='lat' dir='ltr'><strong>mysticum</strong></span> <span class='ocrx_word' id='word_1_372' title='bbox 3057 1906 3433 1975; x_wconf 61' lang='lat' dir='ltr'><strong>bociaciens;</strong></span> 
     </span>
    </p>
   </div>
   <div class='ocr_carea' id='block_1_53' title="bbox 1885 1997 3434 2067">
    <p class='ocr_par' dir='ltr' id='par_1_53' title="bbox 1885 1997 3434 2067">
     <span class='ocr_line' id='line_1_53' title="bbox 1885 1997 3434 2067; baseline -0.002 -13"><span class='ocrx_word' id='word_1_373' title='bbox 1885 2014 2006 2054; x_wconf 89' lang='lat' dir='ltr'><strong>nam</strong></span> <span class='ocrx_word' id='word_1_374' title='bbox 2046 2015 2208 2053; x_wconf 89' lang='lat' dir='ltr'><strong>unum</strong></span> <span class='ocrx_word' id='word_1_375' title='bbox 2248 2010 2302 2053; x_wconf 91' lang='lat' dir='ltr'><strong>et</strong></span> <span class='ocrx_word' id='word_1_376' title='bbox 2334 1998 2560 2067; x_wconf 82' lang='lat' dir='ltr'><strong>simplex</strong></span> <span class='ocrx_word' id='word_1_377' title='bbox 2595 1998 2687 2052; x_wconf 90' lang='lat' dir='ltr'><strong>Dei</strong></span> <span class='ocrx_word' id='word_1_378' title='bbox 2716 1999 2949 2054; x_wconf 80' lang='lat' dir='ltr'><strong>Verbum</strong></span> <span class='ocrx_word' id='word_1_379' title='bbox 2974 2013 3068 2067; x_wconf 90' lang='lat' dir='ltr'><strong>per</strong></span> <span class='ocrx_word' id='word_1_380' title='bbox 3111 1997 3434 2051; x_wconf 77' lang='lat' dir='ltr'><strong>incarnatio-</strong></span> 
     </span>
    </p>
   </div>
   <div class='ocr_carea' id='block_1_54' title="bbox 1883 2088 3435 2158">
    <p class='ocr_par' dir='ltr' id='par_1_54' title="bbox 1883 2088 3435 2158">
     <span class='ocr_line' id='line_1_54' title="bbox 1883 2088 3435 2158; baseline -0.001 -15"><span class='ocrx_word' id='word_1_381' title='bbox 1883 2104 2043 2155; x_wconf 87' lang='lat' dir='ltr'><strong>nem,</strong></span> <span class='ocrx_word' id='word_1_382' title='bbox 2092 2090 2146 2142; x_wconf 91' lang='lat' dir='ltr'><strong>in</strong></span> <span class='ocrx_word' id='word_1_383' title='bbox 2194 2090 2643 2157; x_wconf 89' lang='lat' dir='ltr'><strong>compositionem</strong></span> <span class='ocrx_word' id='word_1_384' title='bbox 2686 2090 2844 2142; x_wconf 88' lang='lat' dir='ltr'><strong>simul</strong></span> <span class='ocrx_word' id='word_1_385' title='bbox 2890 2099 2945 2144; x_wconf 91' lang='lat' dir='ltr'><strong>et</strong></span> <span class='ocrx_word' id='word_1_386' title='bbox 2995 2098 3271 2158; x_wconf 82' lang='lat' dir='ltr'><strong>aspectum</strong></span> <span class='ocrx_word' id='word_1_387' title='bbox 3317 2088 3435 2142; x_wconf 85' lang='lat' dir='ltr'><strong>sine</strong></span> 
     </span>
    </p>
   </div>
   <div class='ocr_carea' id='block_1_55' title="bbox 1884 2174 3431 2250">
    <p class='ocr_par' dir='ltr' id='par_1_55' title="bbox 1884 2174 3431 2250">
     <span class='ocr_line' id='line_1_55' title="bbox 1884 2174 3431 2250; baseline -0.001 -15"><span class='ocrx_word' id='word_1_388' title='bbox 1884 2182 1989 2236; x_wconf 90' lang='lat' dir='ltr'><strong>ulla</strong></span> <span class='ocrx_word' id='word_1_389' title='bbox 2027 2184 2111 2237; x_wconf 89' lang='lat' dir='ltr'><strong>sui</strong></span> <span class='ocrx_word' id='word_1_390' title='bbox 2138 2174 2537 2238; x_wconf 71' lang='lat' dir='ltr'><strong>immutatione</strong></span> <span class='ocrx_word' id='word_1_391' title='bbox 2582 2182 2869 2250; x_wconf 89' lang='lat' dir='ltr'><strong>processit,</strong></span> <span class='ocrx_word' id='word_1_392' title='bbox 2919 2180 3142 2237; x_wconf 84' lang='lat' dir='ltr'><strong>humilia</strong></span> <span class='ocrx_word' id='word_1_393' title='bbox 3187 2181 3431 2236; x_wconf 62' lang='lat' dir='ltr'><strong>haec-nm</strong></span> 
     </span>
    </p>
   </div>
   <div class='ocr_carea' id='block_1_56' title="bbox 1884 2270 3433 2329">
    <p class='ocr_par' dir='ltr' id='par_1_56' title="bbox 1884 2270 3433 2329">
     <span class='ocr_line' id='line_1_56' title="bbox 1884 2270 3433 2329; baseline -0.001 -2"><span class='ocrx_word' id='word_1_394' title='bbox 1884 2280 1995 2327; x_wconf 83' lang='lat' dir='ltr'><strong>stra</strong></span> <span class='ocrx_word' id='word_1_395' title='bbox 2026 2289 2147 2327; x_wconf 92' lang='lat' dir='ltr'><strong>cum</strong></span> <span class='ocrx_word' id='word_1_396' title='bbox 2178 2274 2536 2328; x_wconf 85' lang='lat' dir='ltr'><strong>divinissimis</strong></span> <span class='ocrx_word' id='word_1_397' title='bbox 2579 2274 2692 2329; x_wconf 86' lang='lat' dir='ltr'><strong>suis</strong></span> <span class='ocrx_word' id='word_1_398' title='bbox 2724 2272 2914 2326; x_wconf 90' lang='lat' dir='ltr'><strong>uuiens</strong></span> <span class='ocrx_word' id='word_1_399' title='bbox 2946 2272 3302 2326; x_wconf 84' lang='lat' dir='ltr'><strong>excellentiis.</strong></span> <span class='ocrx_word' id='word_1_400' title='bbox 3342 2270 3433 2326; x_wconf 86' lang='lat' dir='ltr'><strong>Sie</strong></span> 
     </span>
    </p>
   </div>
   <div class='ocr_carea' id='block_1_57' title="bbox 1883 2364 3433 2437">
    <p class='ocr_par' dir='ltr' id='par_1_57' title="bbox 1883 2364 3433 2437">
     <span class='ocr_line' id='line_1_57' title="bbox 1883 2364 3433 2437; baseline -0.003 -15"><span class='ocrx_word' id='word_1_401' title='bbox 1883 2368 2025 2422; x_wconf 91' lang='lat' dir='ltr'><strong>enim</strong></span> <span class='ocrx_word' id='word_1_402' title='bbox 2060 2379 2115 2422; x_wconf 87' lang='lat' dir='ltr'><strong>et</strong></span> <span class='ocrx_word' id='word_1_403' title='bbox 2148 2382 2251 2421; x_wconf 88' lang='lat' dir='ltr'><strong>nos</strong></span> <span class='ocrx_word' id='word_1_404' title='bbox 2281 2368 2380 2436; x_wconf 82' lang='lat' dir='ltr'><strong>ipsi</strong></span> <span class='ocrx_word' id='word_1_405' title='bbox 2414 2369 2653 2432; x_wconf 87' lang='lat' dir='ltr'><strong>unimur,</strong></span> <span class='ocrx_word' id='word_1_406' title='bbox 2696 2369 2740 2423; x_wconf 90' lang='lat' dir='ltr'><strong>si</strong></span> <span class='ocrx_word' id='word_1_407' title='bbox 2787 2377 3041 2437; x_wconf 77' lang='lat' dir='ltr'><strong>tanquam</strong></span> <span class='ocrx_word' id='word_1_408' title='bbox 3073 2365 3308 2419; x_wconf 88' lang='lat' dir='ltr'><strong>membra</strong></span> <span class='ocrx_word' id='word_1_409' title='bbox 3357 2364 3433 2418; x_wconf 92' lang='lat' dir='ltr'><strong>illi</strong></span> 
     </span>
    </p>
   </div>
   <div class='ocr_carea' id='block_1_58' title="bbox 1883 2456 3431 2519">
    <p class='ocr_par' dir='ltr' id='par_1_58' title="bbox 1883 2456 3431 2519">
     <span class='ocr_line' id='line_1_58' title="bbox 1883 2456 3431 2519; baseline -0.005 -2"><span class='ocrx_word' id='word_1_410' title='bbox 1883 2463 2181 2519; x_wconf 85' lang='lat' dir='ltr'><strong>secundum</strong></span> <span class='ocrx_word' id='word_1_411' title='bbox 2218 2462 2578 2516; x_wconf 74' lang='lat' dir='ltr'><strong>immaculata:</strong></span> <span class='ocrx_word' id='word_1_412' title='bbox 2621 2476 2685 2519; x_wconf 80' lang='lat' dir='ltr'><strong>ac</strong></span> <span class='ocrx_word' id='word_1_413' title='bbox 2727 2461 2899 2515; x_wconf 68' lang='lat' dir='ltr'><strong>beata:</strong></span> <span class='ocrx_word' id='word_1_414' title='bbox 2928 2458 3048 2513; x_wconf 67' lang='lat' dir='ltr'><strong>vita:</strong></span> <span class='ocrx_word' id='word_1_415' title='bbox 3096 2456 3431 2512; x_wconf 86' lang='lat' dir='ltr'><strong>identitatem</strong></span> 
     </span>
    </p>
   </div>
   <div class='ocr_carea' id='block_1_59' title="bbox 1882 2548 3434 2622">
    <p class='ocr_par' dir='ltr' id='par_1_59' title="bbox 1882 2548 3434 2622">
     <span class='ocr_line' id='line_1_59' title="bbox 1882 2548 3434 2622; baseline -0.003 -15"><span class='ocrx_word' id='word_1_416' title='bbox 1882 2568 2237 2622; x_wconf 88' lang='lat' dir='ltr'><strong>congruamus</strong></span> <span class='ocrx_word' id='word_1_417' title='bbox 2264 2570 2380 2609; x_wconf 22' lang='lat' dir='ltr'><strong>:Ane</strong></span> <span class='ocrx_word' id='word_1_418' title='bbox 2408 2554 2549 2608; x_wconf 88' lang='lat' dir='ltr'><strong>idem</strong></span> <span class='ocrx_word' id='word_1_419' title='bbox 2573 2553 2730 2608; x_wconf 88' lang='lat' dir='ltr'><strong>nobis</strong></span> <span class='ocrx_word' id='word_1_420' title='bbox 2756 2551 2984 2615; x_wconf 85' lang='lat' dir='ltr'><strong>accidat,</strong></span> <span class='ocrx_word' id='word_1_421' title='bbox 3016 2549 3157 2618; x_wconf 89' lang='lat' dir='ltr'><strong>quod</strong></span> <span class='ocrx_word' id='word_1_422' title='bbox 3190 2548 3434 2602; x_wconf 88' lang='lat' dir='ltr'><strong>membro</strong></span> 
     </span>
    </p>
   </div>
   <div class='ocr_carea' id='block_1_60' title="bbox 1882 2639 3431 2714">
    <p class='ocr_par' dir='ltr' id='par_1_60' title="bbox 1882 2639 3431 2714">
     <span class='ocr_line' id='line_1_60' title="bbox 1882 2639 3431 2714; baseline 0 -21"><span class='ocrx_word' id='word_1_423' title='bbox 1882 2652 2095 2695; x_wconf 90' lang='lat' dir='ltr'><strong>mortuo</strong></span> <span class='ocrx_word' id='word_1_424' title='bbox 2118 2644 2241 2697; x_wconf 80' lang='lat' dir='ltr'><strong>vivo</strong></span> <span class='ocrx_word' id='word_1_425' title='bbox 2267 2644 2480 2710; x_wconf 86' lang='lat' dir='ltr'><strong>corpori</strong></span> <span class='ocrx_word' id='word_1_426' title='bbox 2511 2645 2776 2714; x_wconf 88' lang='lat' dir='ltr'><strong>apposito.</strong></span> <span class='ocrx_word' id='word_1_427' title='bbox 2803 2642 3264 2714; x_wconf 64' lang='lat' dir='ltr'><strong>Quemadmodum</strong></span> <span class='ocrx_word' id='word_1_428' title='bbox 3287 2639 3431 2695; x_wconf 85' lang='lat' dir='ltr'><strong>enim</strong></span> 
     </span>
    </p>
   </div>
   <div class='ocr_carea' id='block_1_61' title="bbox 1882 2730 3429 2805">
    <p class='ocr_par' dir='ltr' id='par_1_61' title="bbox 1882 2730 3429 2805">
     <span class='ocr_line' id='line_1_61' title="bbox 1882 2730 3429 2805; baseline -0.001 -22"><span class='ocrx_word' id='word_1_429' title='bbox 1882 2730 2009 2785; x_wconf 90' lang='lat' dir='ltr'><strong>illud</strong></span> <span class='ocrx_word' id='word_1_430' title='bbox 2067 2733 2420 2805; x_wconf 88' lang='lat' dir='ltr'><strong>incongruum</strong></span> <span class='ocrx_word' id='word_1_431' title='bbox 2465 2733 2689 2787; x_wconf 88' lang='lat' dir='ltr'><strong>omnino</strong></span> <span class='ocrx_word' id='word_1_432' title='bbox 2740 2734 3069 2801; x_wconf 83' lang='lat' dir='ltr'><strong>minimeque</strong></span> <span class='ocrx_word' id='word_1_433' title='bbox 3130 2730 3429 2790; x_wconf 67' lang='lat' dir='ltr'><strong>cohaerens,</strong></span> 
     </span>
    </p>
   </div>
   <div class='ocr_carea' id='block_1_62' title="bbox 1880 2809 3432 2893">
    <p class='ocr_par' dir='ltr' id='par_1_62' title="bbox 1880 2809 3432 2893">
     <span class='ocr_line' id='line_1_62' title="bbox 1880 2809 3432 2893; baseline -0.001 -16"><span class='ocrx_word' id='word_1_434' title='bbox 1880 2822 2108 2890; x_wconf 60' lang='lat' dir='ltr'><strong>viaeque</strong></span> <span class='ocrx_word' id='word_1_435' title='bbox 2146 2837 2338 2893; x_wconf 81' lang='lat' dir='ltr'><strong>expers</strong></span> <span class='ocrx_word' id='word_1_436' title='bbox 2367 2824 2611 2890; x_wconf 81' lang='lat' dir='ltr'><strong>exsistit;</strong></span> <span class='ocrx_word' id='word_1_437' title='bbox 2642 2825 2722 2879; x_wconf 84' lang='lat' dir='ltr'><strong>sic</strong></span> <span class='ocrx_word' id='word_1_438' title='bbox 2747 2834 2803 2879; x_wconf 86' lang='lat' dir='ltr'><strong>et</strong></span> <span class='ocrx_word' id='word_1_439' title='bbox 2847 2809 2991 2892; x_wconf 76' lang='lat' dir='ltr'><strong>nos,</strong></span> <span class='ocrx_word' id='word_1_440' title='bbox 3023 2823 3070 2877; x_wconf 88' lang='lat' dir='ltr'><strong>si</strong></span> <span class='ocrx_word' id='word_1_441' title='bbox 3108 2823 3183 2876; x_wconf 88' lang='lat' dir='ltr'><strong>ita</strong></span> <span class='ocrx_word' id='word_1_442' title='bbox 3232 2815 3432 2876; x_wconf 71' lang='lat' dir='ltr'><strong>mortui</strong></span> 
     </span>
    </p>
   </div>
   <div class='ocr_carea' id='block_1_63' title="bbox 1881 2914 3429 2985">
    <p class='ocr_par' dir='ltr' id='par_1_63' title="bbox 1881 2914 3429 2985">
     <span class='ocr_line' id='line_1_63' title="bbox 1881 2914 3429 2985; baseline -0.003 -17"><span class='ocrx_word' id='word_1_443' title='bbox 1881 2914 2160 2979; x_wconf 76' lang='lat' dir='ltr'><strong>fuerimus,</strong></span> <span class='ocrx_word' id='word_1_444' title='bbox 2219 2930 2490 2985; x_wconf 90' lang='lat' dir='ltr'><strong>nunquam</strong></span> <span class='ocrx_word' id='word_1_445' title='bbox 2543 2916 2664 2974; x_wconf 80' lang='lat' dir='ltr'><strong>vivo</strong></span> <span class='ocrx_word' id='word_1_446' title='bbox 2716 2914 2934 2971; x_wconf 85' lang='lat' dir='ltr'><strong>Christo</strong></span> <span class='ocrx_word' id='word_1_447' title='bbox 2990 2926 3358 2984; x_wconf 89' lang='lat' dir='ltr'><strong>congruemus</strong></span> <span class='ocrx_word' id='word_1_448' title='bbox 3410 2924 3429 2965; x_wconf 88' lang='lat'><strong>:</strong></span> 
     </span>
    </p>
   </div>
   <div class='ocr_carea' id='block_1_64' title="bbox 1878 3005 3432 3076">
    <p class='ocr_par' dir='ltr' id='par_1_64' title="bbox 1878 3005 3432 3076">
     <span class='ocr_line' id='line_1_64' title="bbox 1878 3005 3432 3076; baseline -0.003 -15"><span class='ocrx_word' id='word_1_449' title='bbox 1878 3013 2101 3076; x_wconf 76' lang='lat' dir='ltr'><strong>oportet</strong></span> <span class='ocrx_word' id='word_1_450' title='bbox 2122 3006 2270 3060; x_wconf 86' lang='lat' dir='ltr'><strong>enim</strong></span> <span class='ocrx_word' id='word_1_451' title='bbox 2290 3022 2410 3072; x_wconf 89' lang='lat' dir='ltr'><strong>nos,</strong></span> <span class='ocrx_word' id='word_1_452' title='bbox 2426 3008 2466 3061; x_wconf 91' lang='lat' dir='ltr'><strong>si</strong></span> <span class='ocrx_word' id='word_1_453' title='bbox 2497 3009 2928 3063; x_wconf 87' lang='lat' dir='ltr'><strong>communionem</strong></span> <span class='ocrx_word' id='word_1_454' title='bbox 2953 3005 3068 3074; x_wconf 83' lang='lat' dir='ltr'><strong>ejus</strong></span> <span class='ocrx_word' id='word_1_455' title='bbox 3091 3013 3432 3075; x_wconf 81' lang='lat' dir='ltr'><strong>appetamus,</strong></span> 
     </span>
    </p>
   </div>
   <div class='ocr_carea' id='block_1_65' title="bbox 1880 3095 3433 3166">
    <p class='ocr_par' dir='ltr' id='par_1_65' title="bbox 1880 3095 3433 3166">
     <span class='ocr_line' id='line_1_65' title="bbox 1880 3095 3433 3166; baseline 0.001 -17"><span class='ocrx_word' id='word_1_456' title='bbox 1880 3095 1946 3149; x_wconf 90' lang='lat' dir='ltr'><strong>ad</strong></span> <span class='ocrx_word' id='word_1_457' title='bbox 1990 3096 2377 3151; x_wconf 78' lang='lat' dir='ltr'><strong>divinissimam</strong></span> <span class='ocrx_word' id='word_1_458' title='bbox 2424 3097 2542 3166; x_wconf 88' lang='lat' dir='ltr'><strong>ejus</strong></span> <span class='ocrx_word' id='word_1_459' title='bbox 2580 3101 2744 3157; x_wconf 78' lang='lat' dir='ltr'><strong>vitam</strong></span> <span class='ocrx_word' id='word_1_460' title='bbox 2791 3097 3090 3160; x_wconf 78' lang='lat' dir='ltr'><strong>collimare,</strong></span> <span class='ocrx_word' id='word_1_461' title='bbox 3138 3106 3193 3150; x_wconf 90' lang='lat' dir='ltr'><strong>et</strong></span> <span class='ocrx_word' id='word_1_462' title='bbox 3230 3095 3310 3148; x_wconf 85' lang='lat' dir='ltr'><strong>sic</strong></span> <span class='ocrx_word' id='word_1_463' title='bbox 3336 3106 3433 3161; x_wconf 78' lang='lat' dir='ltr'><strong>pel:</strong></span> 
     </span>
    </p>
   </div>
   <div class='ocr_carea' id='block_1_66' title="bbox 215 3176 3433 3261">
    <p class='ocr_par' dir='ltr' id='par_1_66' title="bbox 215 3176 3433 3261">
     <span class='ocr_line' id='line_1_66' title="bbox 215 3176 3433 3261; baseline 0.003 -33"><span class='ocrx_word' id='word_1_464' title='bbox 215 3176 336 3245; x_wconf 85' lang='lat' dir='ltr'><strong>ejus</strong></span> <span class='ocrx_word' id='word_1_465' title='bbox 391 3179 834 3261; x_wconf 79' lang='lat' dir='ltr'><strong>assimilationem</strong></span> <span class='ocrx_word' id='word_1_466' title='bbox 883 3182 951 3237; x_wconf 88' lang='lat' dir='ltr'><strong>ad</strong></span> <span class='ocrx_word' id='word_1_467' title='bbox 988 3181 1303 3239; x_wconf 85' lang='lat' dir='ltr'><strong>deiformem</strong></span> <span class='ocrx_word' id='word_1_468' title='bbox 1358 3194 1557 3239; x_wconf 88' lang='lat' dir='ltr'><strong>statum</strong></span> <span class='ocrx_word' id='word_1_469' title='bbox 1595 3191 1938 3255; x_wconf 88' lang='lat' dir='ltr'><strong>contendere,</strong></span> <span class='ocrx_word' id='word_1_470' title='bbox 2002 3198 2161 3255; x_wconf 90' lang='lat' dir='ltr'><strong>prout</strong></span> <span class='ocrx_word' id='word_1_471' title='bbox 2201 3189 2357 3246; x_wconf 82' lang='lat' dir='ltr'><strong>nobis</strong></span> <span class='ocrx_word' id='word_1_472' title='bbox 2416 3190 2684 3261; x_wconf 82' lang='lat' dir='ltr'><strong>congruit,</strong></span> <span class='ocrx_word' id='word_1_473' title='bbox 2725 3190 3077 3245; x_wconf 88' lang='lat' dir='ltr'><strong>similitudine</strong></span> <span class='ocrx_word' id='word_1_474' title='bbox 3111 3186 3228 3256; x_wconf 85' lang='lat' dir='ltr'><strong>ejus</strong></span> <span class='ocrx_word' id='word_1_475' title='bbox 3278 3182 3433 3242; x_wconf 73' lang='lat' dir='ltr'><strong>nobis</strong></span> 
     </span>
    </p>
   </div>
   <div class='ocr_carea' id='block_1_67' title="bbox 216 3260 641 3335">
    <p class='ocr_par' dir='ltr' id='par_1_67' title="bbox 216 3260 641 3335">
     <span class='ocr_line' id='line_1_67' title="bbox 216 3260 641 3335; baseline 0.007 -11"><span class='ocrx_word' id='word_1_476' title='bbox 216 3260 559 3327; x_wconf 76' lang='lat' dir='ltr'><strong>communica</strong></span> <span class='ocrx_word' id='word_1_477' title='bbox 570 3283 641 3335; x_wconf 86' lang='lat' dir='ltr'><strong>ta.</strong></span> 
     </span>
    </p>
   </div>
   <div class='ocr_carea' id='block_1_68' title="bbox 287 3362 1930 3444">
    <p class='ocr_par' dir='ltr' id='par_1_68' title="bbox 287 3362 1842 3444">
     <span class='ocr_line' id='line_1_68' title="bbox 287 3362 1842 3444; baseline 0.008 -28"><span class='ocrx_word' id='word_1_478' title='bbox 287 3362 481 3433; x_wconf 78' lang='lat' dir='ltr'><strong>§Xlll.</strong></span> <span class='ocrx_word' id='word_1_479' title='bbox 518 3365 699 3419; x_wconf 87' lang='grc' dir='ltr'>Ταῦτα</span> <span class='ocrx_word' id='word_1_480' title='bbox 752 3367 841 3422; x_wconf 83' lang='grc' dir='ltr'><strong>διὰ</strong></span> <span class='ocrx_word' id='word_1_481' title='bbox 894 3368 1002 3423; x_wconf 90' lang='grc' dir='ltr'><strong>τῶν</strong></span> <span class='ocrx_word' id='word_1_482' title='bbox 1053 3370 1388 3439; x_wconf 82' lang='grc' dir='ltr'>τελουμένων</span> <span class='ocrx_word' id='word_1_483' title='bbox 1432 3373 1460 3424; x_wconf 83' lang='grc' dir='ltr'><strong>ὁ</strong></span> <span class='ocrx_word' id='word_1_484' title='bbox 1514 3372 1769 3444; x_wconf 84' lang='grc' dir='ltr'>ίεράρχης</span> <span class='ocrx_word' id='word_1_485' title='bbox 1801 3375 1842 3436; x_wconf 89' lang='lat' dir='ltr'>C</span> 
     </span>
    </p>
   </div>
   <div class='ocr_carea' id='block_1_69' title="bbox 1768 3362 3411 3444">
    <p class='ocr_par' dir='ltr' id='par_1_69' title="bbox 1768 3364 3411 3438">
     <span class='ocr_line' id='line_1_69' title="bbox 1768 3364 3411 3438; baseline 0.002 -21"><span class='ocrx_word' id='word_1_486' title='bbox 1768 3375 1842 3436; x_wconf 15' lang='lat' dir='ltr'><strong>nc</strong></span> <span class='ocrx_word' id='word_1_487' title='bbox 1941 3365 2137 3438; x_wconf 83' lang='lat' dir='ltr'><strong>§Xlll.</strong></span> <span class='ocrx_word' id='word_1_488' title='bbox 2193 3365 2315 3421; x_wconf 80' lang='lat' dir='ltr'><strong>Haec</strong></span> <span class='ocrx_word' id='word_1_489' title='bbox 2367 3364 2604 3434; x_wconf 77' lang='lat' dir='ltr'><strong>pontifex</strong></span> <span class='ocrx_word' id='word_1_490' title='bbox 2658 3378 2754 3432; x_wconf 89' lang='lat' dir='ltr'><strong>per</strong></span> <span class='ocrx_word' id='word_1_491' title='bbox 2803 3378 2865 3419; x_wconf 90' lang='lat' dir='ltr'><strong>ea</strong></span> <span class='ocrx_word' id='word_1_492' title='bbox 2912 3378 3030 3432; x_wconf 76' lang='lat' dir='ltr'><strong>quae</strong></span> <span class='ocrx_word' id='word_1_493' title='bbox 3074 3364 3411 3421; x_wconf 73' lang='lat' dir='ltr'><strong>celebrantur</strong></span> 
     </span>
    </p>
   </div>
   <div class='ocr_carea' id='block_1_70' title="bbox 212 3444 1774 3533">
    <p class='ocr_par' dir='ltr' id='par_1_70' title="bbox 212 3444 1774 3533">
     <span class='ocr_line' id='line_1_70' title="bbox 212 3444 1774 3533; baseline 0.006 -26"><span class='ocrx_word' id='word_1_494' title='bbox 212 3456 490 3525; x_wconf 68' lang='lat' dir='ltr'><strong>tpcpaivet,</strong></span> <span class='ocrx_word' id='word_1_495' title='bbox 518 3456 908 3515; x_wconf 75' lang='grc' dir='ltr'>ἀνακαλύπτων</span> <span class='ocrx_word' id='word_1_496' title='bbox 940 3444 1047 3513; x_wconf 60' lang='lat' dir='ltr'><strong>nat</strong></span> <span class='ocrx_word' id='word_1_497' title='bbox 1063 3461 1303 3532; x_wconf 84' lang='grc' dir='ltr'>διαιρῶν,</span> <span class='ocrx_word' id='word_1_498' title='bbox 1330 3464 1423 3527; x_wconf 75' lang='grc' dir='ltr'><strong>καὶ</strong></span> <span class='ocrx_word' id='word_1_499' title='bbox 1454 3463 1552 3533; x_wconf 85' lang='grc' dir='ltr'><strong>τῆς</strong></span> <span class='ocrx_word' id='word_1_500' title='bbox 1586 3482 1774 3517; x_wconf 71' lang='grc' dir='ltr'>κοινωσ-</span> 
     </span>
    </p>
   </div>
   <div class='ocr_carea' id='block_1_71' title="bbox 212 3544 1777 3625">
    <p class='ocr_par' dir='ltr' id='par_1_71' title="bbox 212 3544 1777 3625">
     <span class='ocr_line' id='line_1_71' title="bbox 212 3544 1777 3625; baseline 0.004 -27"><span class='ocrx_word' id='word_1_501' title='bbox 212 3544 334 3609; x_wconf 79' lang='grc' dir='ltr'>νίας</span> <span class='ocrx_word' id='word_1_502' title='bbox 382 3545 688 3617; x_wconf 80' lang='grc' dir='ltr'>μεταδιδούς</span> <span class='ocrx_word' id='word_1_503' title='bbox 710 3564 723 3577; x_wconf 90' lang='grc'><strong>·</strong></span> <span class='ocrx_word' id='word_1_504' title='bbox 761 3548 1140 3625; x_wconf 75' lang='grc' dir='ltr'>ἀναξωγραφεῖ</span> <span class='ocrx_word' id='word_1_505' title='bbox 1182 3551 1289 3623; x_wconf 84' lang='grc' dir='ltr'><strong>γὰρ</strong></span> <span class='ocrx_word' id='word_1_506' title='bbox 1334 3553 1392 3605; x_wconf 78' lang='grc' dir='ltr'>ὲν</span> <span class='ocrx_word' id='word_1_507' title='bbox 1433 3555 1544 3616; x_wconf 87' lang='grc' dir='ltr'>τοῖς</span> <span class='ocrx_word' id='word_1_508' title='bbox 1579 3553 1777 3625; x_wconf 68' lang='grc' dir='ltr'>συμὸότ</span> 
     </span>
    </p>
   </div>
   <div class='ocr_carea' id='block_1_72' title="bbox 213 3623 1778 3721">
    <p class='ocr_par' dir='ltr' id='par_1_72' title="bbox 213 3623 1778 3721">
     <span class='ocr_line' id='line_1_72' title="bbox 213 3623 1778 3721; baseline 0.006 -34"><span class='ocrx_word' id='word_1_509' title='bbox 213 3636 330 3698; x_wconf 87' lang='grc' dir='ltr'>λοις</span> <span class='ocrx_word' id='word_1_510' title='bbox 365 3634 631 3706; x_wconf 86' lang='grc' dir='ltr'>αίσθητῶς</span> <span class='ocrx_word' id='word_1_511' title='bbox 670 3636 766 3708; x_wconf 82' lang='grc' dir='ltr'>τὴν</span> <span class='ocrx_word' id='word_1_512' title='bbox 800 3623 1004 3709; x_wconf 73' lang='grc' dir='ltr'>νοητὴν</span> <span class='ocrx_word' id='word_1_513' title='bbox 1036 3640 1190 3717; x_wconf 75' lang='grc' dir='ltr'>ἡμῶν</span> <span class='ocrx_word' id='word_1_514' title='bbox 1236 3639 1398 3721; x_wconf 72' lang='grc' dir='ltr'>ζωὴν,</span> <span class='ocrx_word' id='word_1_515' title='bbox 1447 3642 1536 3695; x_wconf 80' lang='grc' dir='ltr'><strong>τὸν</strong></span> <span class='ocrx_word' id='word_1_516' title='bbox 1578 3623 1778 3715; x_wconf 84' lang='grc' dir='ltr'>Κύριον</span> 
     </span>
    </p>
   </div>
   <div class='ocr_carea' id='block_1_73' title="bbox 215 3725 1777 3807">
    <p class='ocr_par' dir='ltr' id='par_1_73' title="bbox 215 3725 1777 3807">
     <span class='ocr_line' id='line_1_73' title="bbox 215 3725 1777 3807; baseline 0.006 -30"><span class='ocrx_word' id='word_1_517' title='bbox 215 3725 374 3797; x_wconf 72' lang='grc' dir='ltr'>ἡμῶν</span> <span class='ocrx_word' id='word_1_518' title='bbox 420 3727 623 3797; x_wconf 80' lang='grc' dir='ltr'>Ἰησοῦν</span> <span class='ocrx_word' id='word_1_519' title='bbox 656 3729 906 3799; x_wconf 85' lang='grc' dir='ltr'>Χριστὸν,</span> <span class='ocrx_word' id='word_1_520' title='bbox 951 3732 1016 3786; x_wconf 83' lang='grc' dir='ltr'>ἐκ</span> <span class='ocrx_word' id='word_1_521' title='bbox 1043 3731 1138 3785; x_wconf 84' lang='grc' dir='ltr'><strong>τοῦ</strong></span> <span class='ocrx_word' id='word_1_522' title='bbox 1189 3732 1330 3786; x_wconf 87' lang='grc' dir='ltr'>κατὰ</span> <span class='ocrx_word' id='word_1_523' title='bbox 1376 3734 1437 3787; x_wconf 87' lang='grc' dir='ltr'><strong>τὸ</strong></span> <span class='ocrx_word' id='word_1_524' title='bbox 1465 3734 1605 3788; x_wconf 76' lang='grc' dir='ltr'>θεῖον</span> <span class='ocrx_word' id='word_1_525' title='bbox 1649 3753 1777 3807; x_wconf 85' lang='grc' dir='ltr'>κρυ-</span> 
     </span>
    </p>
   </div>
   <div class='ocr_carea' id='block_1_74' title="bbox 215 3818 1775 3899">
    <p class='ocr_par' dir='ltr' id='par_1_74' title="bbox 215 3818 1775 3899">
     <span class='ocr_line' id='line_1_74' title="bbox 215 3818 1775 3899; baseline 0.008 -30"><span class='ocrx_word' id='word_1_526' title='bbox 215 3819 365 3887; x_wconf 81' lang='grc' dir='ltr'>φίου,</span> <span class='ocrx_word' id='word_1_527' title='bbox 411 3818 647 3890; x_wconf 83' lang='grc' dir='ltr'>δηλονότι</span> <span class='ocrx_word' id='word_1_528' title='bbox 698 3822 797 3893; x_wconf 85' lang='grc' dir='ltr'>τῆς</span> <span class='ocrx_word' id='word_1_529' title='bbox 847 3823 1219 3896; x_wconf 78' lang='grc' dir='ltr'>ἀμεταϐλήτου</span> <span class='ocrx_word' id='word_1_530' title='bbox 1273 3826 1543 3898; x_wconf 87' lang='grc' dir='ltr'>θεότητος,</span> <span class='ocrx_word' id='word_1_531' title='bbox 1592 3830 1652 3881; x_wconf 82' lang='grc' dir='ltr'>ἐν</span> <span class='ocrx_word' id='word_1_532' title='bbox 1708 3831 1775 3899; x_wconf 77' lang='grc' dir='ltr'>τῇ</span> 
     </span>
    </p>
   </div>
   <div class='ocr_carea' id='block_1_75' title="bbox 214 3910 1776 3989">
    <p class='ocr_par' dir='ltr' id='par_1_75' title="bbox 214 3910 1776 3989">
     <span class='ocr_line' id='line_1_75' title="bbox 214 3910 1776 3989; baseline 0.007 -27"><span class='ocrx_word' id='word_1_533' title='bbox 214 3910 471 3985; x_wconf 72' lang='grc' dir='ltr'>παντελεῖ</span> <span class='ocrx_word' id='word_1_534' title='bbox 502 3912 596 3966; x_wconf 80' lang='grc' dir='ltr'><strong>καὶ</strong></span> <span class='ocrx_word' id='word_1_535' title='bbox 633 3912 857 3985; x_wconf 77' lang='grc' dir='ltr'>ἀληθινῇ</span> <span class='ocrx_word' id='word_1_536' title='bbox 907 3916 1001 3967; x_wconf 80' lang='grc' dir='ltr'><strong>καὶ</strong></span> <span class='ocrx_word' id='word_1_537' title='bbox 1037 3915 1217 3988; x_wconf 78' lang='grc' dir='ltr'>τελείᾳ</span> <span class='ocrx_word' id='word_1_538' title='bbox 1263 3917 1553 3989; x_wconf 85' lang='grc' dir='ltr'>σαρκώσει,</span> <span class='ocrx_word' id='word_1_539' title='bbox 1582 3921 1646 3972; x_wconf 80' lang='grc' dir='ltr'>ὲκ</span> <span class='ocrx_word' id='word_1_540' title='bbox 1676 3919 1776 3989; x_wconf 81' lang='grc' dir='ltr'>τῆς</span> 
     </span>
    </p>
   </div>
   <div class='ocr_carea' id='block_1_76' title="bbox 213 4003 1777 4083">
    <p class='ocr_par' dir='ltr' id='par_1_76' title="bbox 213 4003 1777 4083">
     <span class='ocr_line' id='line_1_76' title="bbox 213 4003 1777 4083; baseline 0.006 -28"><span class='ocrx_word' id='word_1_541' title='bbox 213 4003 490 4082; x_wconf 76' lang='grc' dir='ltr'>ἡμετέρας</span> <span class='ocrx_word' id='word_1_542' title='bbox 523 4003 734 4073; x_wconf 87' lang='grc' dir='ltr'>φύσεως</span> <span class='ocrx_word' id='word_1_543' title='bbox 787 4007 1206 4079; x_wconf 83' lang='grc' dir='ltr'>είδοποιηθέντα,</span> <span class='ocrx_word' id='word_1_544' title='bbox 1241 4012 1333 4063; x_wconf 81' lang='grc' dir='ltr'><strong>καὶ</strong></span> <span class='ocrx_word' id='word_1_545' title='bbox 1368 4010 1502 4082; x_wconf 80' lang='grc' dir='ltr'>πρὸς</span> <span class='ocrx_word' id='word_1_546' title='bbox 1546 4010 1645 4081; x_wconf 76' lang='grc' dir='ltr'>τὴν</span> <span class='ocrx_word' id='word_1_547' title='bbox 1682 4028 1777 4083; x_wconf 84' lang='grc' dir='ltr'>με·</span> 
     </span>
    </p>
   </div>
   <div class='ocr_carea' id='block_1_77' title="bbox 217 4092 1773 4166">
    <p class='ocr_par' dir='ltr' id='par_1_77' title="bbox 217 4092 1773 4166">
     <span class='ocr_line' id='line_1_77' title="bbox 217 4092 1773 4166; baseline 0.006 -22"><span class='ocrx_word' id='word_1_548' title='bbox 217 4092 406 4163; x_wconf 80' lang='grc' dir='ltr'>ριστὴν</span> <span class='ocrx_word' id='word_1_549' title='bbox 449 4095 523 4157; x_wconf 86' lang='grc' dir='ltr'>ὡς</span> <span class='ocrx_word' id='word_1_550' title='bbox 566 4095 755 4165; x_wconf 77' lang='grc' dir='ltr'>ύλικὴν</span> <span class='ocrx_word' id='word_1_551' title='bbox 794 4096 950 4166; x_wconf 78' lang='grc' dir='ltr'>ἡμῶν</span> <span class='ocrx_word' id='word_1_552' title='bbox 982 4096 1140 4165; x_wconf 84' lang='grc' dir='ltr'>φύσιν</span> <span class='ocrx_word' id='word_1_553' title='bbox 1184 4099 1552 4163; x_wconf 84' lang='grc' dir='ltr'>ἀναλλοιώτως</span> <span class='ocrx_word' id='word_1_554' title='bbox 1585 4101 1649 4154; x_wconf 83' lang='grc' dir='ltr'>ὲκ</span> <span class='ocrx_word' id='word_1_555' title='bbox 1680 4100 1773 4154; x_wconf 89' lang='grc' dir='ltr'><strong>τοῦ</strong></span> 
     </span>
    </p>
   </div>
   <div class='ocr_carea' id='block_1_78' title="bbox 212 4185 1772 4260">
    <p class='ocr_par' dir='ltr' id='par_1_78' title="bbox 212 4185 1772 4260">
     <span class='ocr_line' id='line_1_78' title="bbox 212 4185 1772 4260; baseline 0.006 -24"><span class='ocrx_word' id='word_1_556' title='bbox 212 4185 367 4249; x_wconf 64' lang='grc' dir='ltr'><strong>διατά⁴</strong></span> <span class='ocrx_word' id='word_1_557' title='bbox 402 4185 559 4257; x_wconf 82' lang='grc' dir='ltr'>φύσιν</span> <span class='ocrx_word' id='word_1_558' title='bbox 606 4187 741 4251; x_wconf 78' lang='grc' dir='ltr'>ἐνὸς,</span> <span class='ocrx_word' id='word_1_559' title='bbox 789 4186 933 4241; x_wconf 84' lang='grc' dir='ltr'>τοῦτ’</span> <span class='ocrx_word' id='word_1_560' title='bbox 985 4186 1098 4242; x_wconf 80' lang='grc' dir='ltr'>ἐστι</span> <span class='ocrx_word' id='word_1_561' title='bbox 1141 4190 1242 4259; x_wconf 82' lang='grc' dir='ltr'>τῆς</span> <span class='ocrx_word' id='word_1_562' title='bbox 1289 4190 1450 4244; x_wconf 79' lang='grc' dir='ltr'>αὐτοῦ</span> <span class='ocrx_word' id='word_1_563' title='bbox 1505 4191 1772 4260; x_wconf 82' lang='grc' dir='ltr'>θεότητος,</span> 
     </span>
    </p>
   </div>
   <div class='ocr_carea' id='block_1_79' title="bbox 212 4274 1776 4354">
    <p class='ocr_par' dir='ltr' id='par_1_79' title="bbox 212 4274 1776 4354">
     <span class='ocr_line' id='line_1_79' title="bbox 212 4274 1776 4354; baseline 0.003 -24"><span class='ocrx_word' id='word_1_564' title='bbox 212 4274 564 4347; x_wconf 68' lang='grc' dir='ltr'>προελθόντα,</span> <span class='ocrx_word' id='word_1_565' title='bbox 598 4280 689 4330; x_wconf 78' lang='grc' dir='ltr'><strong>καὶ</strong></span> <span class='ocrx_word' id='word_1_566' title='bbox 710 4279 789 4340; x_wconf 88' lang='grc' dir='ltr'><strong>είς</strong></span> <span class='ocrx_word' id='word_1_567' title='bbox 805 4276 1103 4348; x_wconf 78' lang='grc' dir='ltr'>’μετουσίαν</span> <span class='ocrx_word' id='word_1_568' title='bbox 1123 4282 1233 4341; x_wconf 85' lang='grc' dir='ltr'><strong>τῶν</strong></span> <span class='ocrx_word' id='word_1_569' title='bbox 1257 4282 1473 4350; x_wconf 87' lang='grc' dir='ltr'>ἀγαθῶν</span> <span class='ocrx_word' id='word_1_570' title='bbox 1489 4282 1652 4336; x_wconf 84' lang='grc' dir='ltr'>αὑτοῦ</span> <span class='ocrx_word' id='word_1_571' title='bbox 1673 4283 1776 4354; x_wconf 79' lang='grc' dir='ltr'>τὴν</span> 
     </span>
    </p>
   </div>
   <div class='ocr_carea' id='block_1_80' title="bbox 210 4369 1775 4447">
    <p class='ocr_par' dir='ltr' id='par_1_80' title="bbox 210 4369 1775 4447">
     <span class='ocr_line' id='line_1_80' title="bbox 210 4369 1775 4447; baseline 0.004 -25"><span class='ocrx_word' id='word_1_572' title='bbox 210 4369 559 4445; x_wconf 74' lang='grc' dir='ltr'>ἀνθρωπίνην</span> <span class='ocrx_word' id='word_1_573' title='bbox 593 4373 858 4426; x_wconf 88' lang='grc' dir='ltr'>καλοῦντα</span> <span class='ocrx_word' id='word_1_574' title='bbox 890 4374 1264 4445; x_wconf 88' lang='grc' dir='ltr'>ταπεινότητα,</span> <span class='ocrx_word' id='word_1_575' title='bbox 1300 4375 1455 4446; x_wconf 85' lang='grc' dir='ltr'>είπερ</span> <span class='ocrx_word' id='word_1_576' title='bbox 1486 4377 1579 4428; x_wconf 77' lang='grc' dir='ltr'>καὶ</span> <span class='ocrx_word' id='word_1_577' title='bbox 1618 4378 1775 4447; x_wconf 75' lang='grc' dir='ltr'>ἡμεῖς</span> 
     </span>
    </p>
   </div>
   <div class='ocr_carea' id='block_1_81' title="bbox 209 4465 1776 4538">
    <p class='ocr_par' dir='ltr' id='par_1_81' title="bbox 209 4465 1776 4538">
     <span class='ocr_line' id='line_1_81' title="bbox 209 4465 1776 4538; baseline 0.002 -21"><span class='ocrx_word' id='word_1_578' title='bbox 209 4466 508 4535; x_wconf 65' lang='grc' dir='ltr'>ἀπιτήδειοι</span> <span class='ocrx_word' id='word_1_579' title='bbox 546 4466 865 4537; x_wconf 83' lang='grc' dir='ltr'>φαινοίμεθα</span> <span class='ocrx_word' id='word_1_580' title='bbox 911 4466 1047 4538; x_wconf 84' lang='grc' dir='ltr'>πρὸς</span> <span class='ocrx_word' id='word_1_581' title='bbox 1082 4467 1180 4537; x_wconf 84' lang='grc' dir='ltr'><strong>τὴν</strong></span> <span class='ocrx_word' id='word_1_582' title='bbox 1207 4465 1347 4520; x_wconf 89' lang='grc' dir='ltr'><strong>κατά</strong></span> <span class='ocrx_word' id='word_1_583' title='bbox 1377 4467 1602 4538; x_wconf 90' lang='grc' dir='ltr'>δύναμιν</span> <span class='ocrx_word' id='word_1_584' title='bbox 1645 4468 1776 4537; x_wconf 77' lang='grc' dir='ltr'>ἀφο-</span> 
     </span>
    </p>
   </div>
   <div class='ocr_carea' id='block_1_82' title="bbox 215 4554 460 4631">
    <p class='ocr_par' dir='ltr' id='par_1_82' title="bbox 215 4554 460 4631">
     <span class='ocr_line' id='line_1_82' title="bbox 215 4554 460 4631; baseline 0.012 -27"><span class='ocrx_word' id='word_1_585' title='bbox 215 4554 460 4631; x_wconf 83' lang='grc' dir='ltr'>μοίωσιν.</span> 
     </span>
    </p>
   </div>
   <div class='ocr_carea' id='block_1_83' title="bbox 286 4642 1774 4725">
    <p class='ocr_par' dir='ltr' id='par_1_83' title="bbox 286 4642 1774 4725">
     <span class='ocr_line' id='line_1_83' title="bbox 286 4642 1774 4725; baseline 0.003 -26"><span class='ocrx_word' id='word_1_586' title='bbox 286 4642 315 4716; x_wconf 66' lang='grc' dir='ltr'><strong>ς</strong></span> <span class='ocrx_word' id='word_1_587' title='bbox 350 4644 486 4702; x_wconf 81' lang='lat' dir='ltr'><strong>XIV.</strong></span> <span class='ocrx_word' id='word_1_588' title='bbox 540 4646 812 4703; x_wconf 83' lang='grc' dir='ltr'>Ἐντεῦθεν</span> <span class='ocrx_word' id='word_1_589' title='bbox 850 4646 1127 4718; x_wconf 54' lang='grc' dir='ltr'>μετασιχὼν</span> <span class='ocrx_word' id='word_1_590' title='bbox 1159 4648 1186 4701; x_wconf 85' lang='grc' dir='ltr'><strong>ό</strong></span> <span class='ocrx_word' id='word_1_591' title='bbox 1214 4648 1497 4720; x_wconf 19' lang='grc' dir='ltr'>,ίεράρχης,</span> <span class='ocrx_word' id='word_1_592' title='bbox 1539 4651 1632 4702; x_wconf 77' lang='grc' dir='ltr'>καὶ</span> <span class='ocrx_word' id='word_1_593' title='bbox 1682 4665 1774 4725; x_wconf 81' lang='grc' dir='ltr'>με·</span> 
     </span>
    </p>
   </div>
   <div class='ocr_carea' id='block_1_84' title="bbox 1878 3454 3425 3521">
    <p class='ocr_par' dir='ltr' id='par_1_84' title="bbox 1878 3454 3425 3521">
     <span class='ocr_line' id='line_1_84' title="bbox 1878 3454 3425 3521; baseline -0.002 -7"><span class='ocrx_word' id='word_1_594' title='bbox 1878 3459 2132 3521; x_wconf 88' lang='lat' dir='ltr'><strong>iusinuat,</strong></span> <span class='ocrx_word' id='word_1_595' title='bbox 2176 3458 2300 3512; x_wconf 91' lang='lat' dir='ltr'><strong>dum</strong></span> <span class='ocrx_word' id='word_1_596' title='bbox 2349 3456 2535 3511; x_wconf 87' lang='lat' dir='ltr'><strong>eadem</strong></span> <span class='ocrx_word' id='word_1_597' title='bbox 2584 3455 2808 3520; x_wconf 71' lang='lat' dir='ltr'><strong>revelat,</strong></span> <span class='ocrx_word' id='word_1_598' title='bbox 2850 3464 2906 3509; x_wconf 92' lang='lat' dir='ltr'><strong>et</strong></span> <span class='ocrx_word' id='word_1_599' title='bbox 2933 3454 3144 3521; x_wconf 86' lang='lat' dir='ltr'><strong>dividit,</strong></span> <span class='ocrx_word' id='word_1_600' title='bbox 3178 3465 3231 3510; x_wconf 92' lang='lat' dir='ltr'><strong>et</strong></span> <span class='ocrx_word' id='word_1_601' title='bbox 3274 3472 3425 3511; x_wconf 86' lang='lat' dir='ltr'><strong>com-</strong></span> 
     </span>
    </p>
   </div>
   <div class='ocr_carea' id='block_1_85' title="bbox 1879 3546 3423 3616">
    <p class='ocr_par' dir='ltr' id='par_1_85' title="bbox 1879 3546 3423 3616">
     <span class='ocr_line' id='line_1_85' title="bbox 1879 3546 3423 3616; baseline 0 -13"><span class='ocrx_word' id='word_1_602' title='bbox 1879 3550 2182 3604; x_wconf 89' lang='lat' dir='ltr'><strong>munionem</strong></span> <span class='ocrx_word' id='word_1_603' title='bbox 2214 3546 2513 3611; x_wconf 86' lang='lat' dir='ltr'><strong>distribuit;</strong></span> <span class='ocrx_word' id='word_1_604' title='bbox 2548 3546 2871 3600; x_wconf 87' lang='lat' dir='ltr'><strong>scnsibiliter</strong></span> <span class='ocrx_word' id='word_1_605' title='bbox 2901 3546 3042 3601; x_wconf 90' lang='lat' dir='ltr'><strong>enim</strong></span> <span class='ocrx_word' id='word_1_606' title='bbox 3073 3546 3126 3599; x_wconf 92' lang='lat' dir='ltr'><strong>in</strong></span> <span class='ocrx_word' id='word_1_607' title='bbox 3164 3547 3423 3616; x_wconf 82' lang='lat' dir='ltr'><strong>symbolis</strong></span> 
     </span>
    </p>
   </div>
   <div class='ocr_carea' id='block_1_86' title="bbox 1878 3635 3430 3708">
    <p class='ocr_par' dir='ltr' id='par_1_86' title="bbox 1878 3635 3430 3708">
     <span class='ocr_line' id='line_1_86' title="bbox 1878 3635 3430 3708; baseline 0 -15"><span class='ocrx_word' id='word_1_608' title='bbox 1878 3641 1941 3694; x_wconf 90' lang='lat' dir='ltr'><strong>ad</strong></span> <span class='ocrx_word' id='word_1_609' title='bbox 1971 3640 2147 3694; x_wconf 89' lang='lat' dir='ltr'><strong>vivum</strong></span> <span class='ocrx_word' id='word_1_610' title='bbox 2189 3638 2440 3708; x_wconf 81' lang='lat' dir='ltr'><strong>exprimit</strong></span> <span class='ocrx_word' id='word_1_611' title='bbox 2469 3637 2629 3690; x_wconf 89' lang='lat' dir='ltr'><strong>vitam</strong></span> <span class='ocrx_word' id='word_1_612' title='bbox 2672 3646 2911 3690; x_wconf 85' lang='lat' dir='ltr'><strong>nostram</strong></span> <span class='ocrx_word' id='word_1_613' title='bbox 2958 3635 3285 3706; x_wconf 82' lang='lat' dir='ltr'><strong>spiritalem,</strong></span> <span class='ocrx_word' id='word_1_614' title='bbox 3325 3637 3430 3693; x_wconf 86' lang='lat' dir='ltr'><strong>Do-</strong></span> 
     </span>
    </p>
   </div>
   <div class='ocr_carea' id='block_1_87' title="bbox 1879 3728 3426 3793">
    <p class='ocr_par' dir='ltr' id='par_1_87' title="bbox 1879 3728 3426 3793">
     <span class='ocr_line' id='line_1_87' title="bbox 1879 3728 3426 3793; baseline -0.001 -9"><span class='ocrx_word' id='word_1_615' title='bbox 1879 3734 2080 3785; x_wconf 89' lang='lat' dir='ltr'><strong>mimun</strong></span> <span class='ocrx_word' id='word_1_616' title='bbox 2128 3740 2369 3785; x_wconf 86' lang='lat' dir='ltr'><strong>nostrum</strong></span> <span class='ocrx_word' id='word_1_617' title='bbox 2419 3728 2600 3784; x_wconf 82' lang='lat' dir='ltr'><strong>Jesum</strong></span> <span class='ocrx_word' id='word_1_618' title='bbox 2646 3728 2954 3793; x_wconf 90' lang='lat' dir='ltr'><strong>Christum,</strong></span> <span class='ocrx_word' id='word_1_619' title='bbox 3002 3742 3069 3783; x_wconf 86' lang='lat' dir='ltr'><strong>ex</strong></span> <span class='ocrx_word' id='word_1_620' title='bbox 3124 3729 3303 3783; x_wconf 90' lang='lat' dir='ltr'><strong>abdito</strong></span> <span class='ocrx_word' id='word_1_621' title='bbox 3337 3730 3426 3783; x_wconf 89' lang='lat' dir='ltr'><strong>illo</strong></span> 
     </span>
    </p>
   </div>
   <div class='ocr_carea' id='block_1_88' title="bbox 1879 3819 3423 3885">
    <p class='ocr_par' dir='ltr' id='par_1_88' title="bbox 1879 3819 3423 3885">
     <span class='ocr_line' id='line_1_88' title="bbox 1879 3819 3423 3885; baseline -0.002 -9"><span class='ocrx_word' id='word_1_622' title='bbox 1879 3822 2077 3883; x_wconf 86' lang='lat' dir='ltr'><strong>divino,</strong></span> <span class='ocrx_word' id='word_1_623' title='bbox 2100 3821 2306 3876; x_wconf 85' lang='lat' dir='ltr'><strong>scilicet</strong></span> <span class='ocrx_word' id='word_1_624' title='bbox 2354 3820 2700 3875; x_wconf 84' lang='lat' dir='ltr'><strong>immutabilis</strong></span> <span class='ocrx_word' id='word_1_625' title='bbox 2730 3819 3043 3883; x_wconf 86' lang='lat' dir='ltr'><strong>divinitatis,</strong></span> <span class='ocrx_word' id='word_1_626' title='bbox 3091 3822 3423 3885; x_wconf 90' lang='lat' dir='ltr'><strong>omnimoda,</strong></span> 
     </span>
    </p>
   </div>
   <div class='ocr_carea' id='block_1_89' title="bbox 1880 3912 3420 3984">
    <p class='ocr_par' dir='ltr' id='par_1_89' title="bbox 1880 3912 3420 3984">
     <span class='ocr_line' id='line_1_89' title="bbox 1880 3912 3420 3984; baseline 0.001 -19"><span class='ocrx_word' id='word_1_627' title='bbox 1880 3928 2108 3982; x_wconf 90' lang='lat' dir='ltr'><strong>veraque</strong></span> <span class='ocrx_word' id='word_1_628' title='bbox 2142 3923 2196 3966; x_wconf 87' lang='lat' dir='ltr'><strong>et</strong></span> <span class='ocrx_word' id='word_1_629' title='bbox 2226 3912 2462 3984; x_wconf 84' lang='lat' dir='ltr'><strong>perfecta</strong></span> <span class='ocrx_word' id='word_1_630' title='bbox 2493 3914 2858 3968; x_wconf 89' lang='lat' dir='ltr'><strong>incarnatione</strong></span> <span class='ocrx_word' id='word_1_631' title='bbox 2899 3925 2966 3965; x_wconf 77' lang='lat' dir='ltr'><strong>ex</strong></span> <span class='ocrx_word' id='word_1_632' title='bbox 3006 3920 3189 3966; x_wconf 89' lang='lat' dir='ltr'><strong>nostra</strong></span> <span class='ocrx_word' id='word_1_633' title='bbox 3227 3921 3420 3967; x_wconf 84' lang='lat' dir='ltr'><strong>natura</strong></span> 
     </span>
    </p>
   </div>
   <div class='ocr_carea' id='block_1_90' title="bbox 1878 4003 3423 4071">
    <p class='ocr_par' dir='ltr' id='par_1_90' title="bbox 1878 4003 3423 4071">
     <span class='ocr_line' id='line_1_90' title="bbox 1878 4003 3423 4071; baseline -0.003 -11"><span class='ocrx_word' id='word_1_634' title='bbox 1878 4004 2249 4071; x_wconf 75' lang='lat' dir='ltr'><strong>eﬂ‘ormatum,</strong></span> <span class='ocrx_word' id='word_1_635' title='bbox 2288 4013 2344 4058; x_wconf 89' lang='lat' dir='ltr'><strong>et</strong></span> <span class='ocrx_word' id='word_1_636' title='bbox 2390 4003 2458 4059; x_wconf 89' lang='lat' dir='ltr'><strong>ad</strong></span> <span class='ocrx_word' id='word_1_637' title='bbox 2495 4005 2790 4067; x_wconf 75' lang='lat' dir='ltr'><strong>dividuam,</strong></span> <span class='ocrx_word' id='word_1_638' title='bbox 2817 4004 3025 4058; x_wconf 87' lang='lat' dir='ltr'><strong>scilicet</strong></span> <span class='ocrx_word' id='word_1_639' title='bbox 3079 4004 3423 4063; x_wconf 77' lang='lat' dir='ltr'><strong>materiatain</strong></span> 
     </span>
    </p>
   </div>
   <div class='ocr_carea' id='block_1_91' title="bbox 1881 4094 3425 4161">
    <p class='ocr_par' dir='ltr' id='par_1_91' title="bbox 1881 4094 3425 4161">
     <span class='ocr_line' id='line_1_91' title="bbox 1881 4094 3425 4161; baseline -0.001 -12"><span class='ocrx_word' id='word_1_640' title='bbox 1881 4105 2121 4149; x_wconf 88' lang='lat' dir='ltr'><strong>nostram</strong></span> <span class='ocrx_word' id='word_1_641' title='bbox 2155 4105 2399 4149; x_wconf 87' lang='lat' dir='ltr'><strong>naturam</strong></span> <span class='ocrx_word' id='word_1_642' title='bbox 2425 4134 2441 4161; x_wconf 96' lang='lat'><strong>,</strong></span> <span class='ocrx_word' id='word_1_643' title='bbox 2488 4094 2803 4149; x_wconf 89' lang='lat' dir='ltr'><strong>immutabili</strong></span> <span class='ocrx_word' id='word_1_644' title='bbox 2836 4094 3046 4149; x_wconf 87' lang='lat' dir='ltr'><strong>ratione</strong></span> <span class='ocrx_word' id='word_1_645' title='bbox 3079 4107 3147 4147; x_wconf 87' lang='lat' dir='ltr'><strong>ex</strong></span> <span class='ocrx_word' id='word_1_646' title='bbox 3184 4106 3249 4147; x_wconf 91' lang='lat' dir='ltr'><strong>eo</strong></span> <span class='ocrx_word' id='word_1_647' title='bbox 3284 4095 3425 4161; x_wconf 90' lang='lat' dir='ltr'><strong>quod</strong></span> 
     </span>
    </p>
   </div>
   <div class='ocr_carea' id='block_1_92' title="bbox 1878 4186 3426 4256">
    <p class='ocr_par' dir='ltr' id='par_1_92' title="bbox 1878 4186 3426 4256">
     <span class='ocr_line' id='line_1_92' title="bbox 1878 4186 3426 4256; baseline -0.002 -12"><span class='ocrx_word' id='word_1_648' title='bbox 1878 4201 1962 4244; x_wconf 87' lang='lat' dir='ltr'><strong>est</strong></span> <span class='ocrx_word' id='word_1_649' title='bbox 1993 4200 2185 4244; x_wconf 89' lang='lat' dir='ltr'><strong>natura</strong></span> <span class='ocrx_word' id='word_1_650' title='bbox 2206 4203 2305 4243; x_wconf 88' lang='lat' dir='ltr'><strong>sua</strong></span> <span class='ocrx_word' id='word_1_651' title='bbox 2327 4202 2513 4253; x_wconf 90' lang='lat' dir='ltr'><strong>unum,</strong></span> <span class='ocrx_word' id='word_1_652' title='bbox 2544 4186 2596 4240; x_wconf 89' lang='lat' dir='ltr'><strong>id</strong></span> <span class='ocrx_word' id='word_1_653' title='bbox 2624 4196 2708 4241; x_wconf 83' lang='lat' dir='ltr'><strong>est</strong></span> <span class='ocrx_word' id='word_1_654' title='bbox 2734 4187 2963 4256; x_wconf 88' lang='lat' dir='ltr'><strong>ipsamet</strong></span> <span class='ocrx_word' id='word_1_655' title='bbox 2992 4186 3273 4239; x_wconf 88' lang='lat' dir='ltr'><strong>divinitate</strong></span> <span class='ocrx_word' id='word_1_656' title='bbox 3301 4199 3426 4252; x_wconf 86' lang='lat' dir='ltr'><strong>pro-</strong></span> 
     </span>
    </p>
   </div>
   <div class='ocr_carea' id='block_1_93' title="bbox 1880 4270 3427 4347">
    <p class='ocr_par' dir='ltr' id='par_1_93' title="bbox 1880 4270 3427 4347">
     <span class='ocr_line' id='line_1_93' title="bbox 1880 4270 3427 4347; baseline -0.003 -12"><span class='ocrx_word' id='word_1_657' title='bbox 1880 4280 2155 4347; x_wconf 87' lang='lat' dir='ltr'><strong>deuntem,</strong></span> <span class='ocrx_word' id='word_1_658' title='bbox 2178 4289 2232 4334; x_wconf 88' lang='lat' dir='ltr'><strong>et</strong></span> <span class='ocrx_word' id='word_1_659' title='bbox 2273 4280 2557 4335; x_wconf 85' lang='lat' dir='ltr'><strong>humanam</strong></span> <span class='ocrx_word' id='word_1_660' title='bbox 2584 4284 2833 4333; x_wconf 81' lang='lat' dir='ltr'><strong>nostram.</strong></span> <span class='ocrx_word' id='word_1_661' title='bbox 2851 4270 3203 4335; x_wconf 87' lang='lat' dir='ltr'><strong>humilitatem</strong></span> <span class='ocrx_word' id='word_1_662' title='bbox 3231 4275 3297 4328; x_wconf 89' lang='lat' dir='ltr'><strong>ad</strong></span> <span class='ocrx_word' id='word_1_663' title='bbox 3328 4273 3427 4330; x_wconf 79' lang='lat' dir='ltr'><strong>b0-</strong></span> 
     </span>
    </p>
   </div>
   <div class='ocr_carea' id='block_1_94' title="bbox 1876 4364 3416 4437">
    <p class='ocr_par' dir='ltr' id='par_1_94' title="bbox 1876 4364 3416 4437">
     <span class='ocr_line' id='line_1_94' title="bbox 1876 4364 3416 4437; baseline -0.007 -12"><span class='ocrx_word' id='word_1_664' title='bbox 1876 4386 2067 4425; x_wconf 90' lang='lat' dir='ltr'><strong>norum</strong></span> <span class='ocrx_word' id='word_1_665' title='bbox 2110 4384 2327 4424; x_wconf 90' lang='lat' dir='ltr'><strong>suorum</strong></span> <span class='ocrx_word' id='word_1_666' title='bbox 2355 4367 2821 4437; x_wconf 83' lang='lat' dir='ltr'><strong>participationem</strong></span> <span class='ocrx_word' id='word_1_667' title='bbox 2864 4364 3219 4437; x_wconf 85' lang='lat' dir='ltr'><strong>invitantem,</strong></span> <span class='ocrx_word' id='word_1_668' title='bbox 3264 4364 3416 4417; x_wconf 91' lang='lat' dir='ltr'><strong>dum-</strong></span> 
     </span>
    </p>
   </div>
   <div class='ocr_carea' id='block_1_95' title="bbox 1876 4452 3423 4531">
    <p class='ocr_par' dir='ltr' id='par_1_95' title="bbox 1876 4452 3423 4531">
     <span class='ocr_line' id='line_1_95' title="bbox 1876 4452 3423 4531; baseline -0.007 -15"><span class='ocrx_word' id='word_1_669' title='bbox 1876 4461 2034 4517; x_wconf 90' lang='lat' dir='ltr'><strong>modo</strong></span> <span class='ocrx_word' id='word_1_670' title='bbox 2073 4470 2129 4516; x_wconf 88' lang='lat' dir='ltr'><strong>et</strong></span> <span class='ocrx_word' id='word_1_671' title='bbox 2171 4473 2267 4515; x_wconf 86' lang='lat' dir='ltr'><strong>nos</strong></span> <span class='ocrx_word' id='word_1_672' title='bbox 2317 4473 2422 4512; x_wconf 88' lang='lat' dir='ltr'><strong>non</strong></span> <span class='ocrx_word' id='word_1_673' title='bbox 2452 4457 2615 4531; x_wconf 89' lang='lat' dir='ltr'><strong>inepti</strong></span> <span class='ocrx_word' id='word_1_674' title='bbox 2648 4456 2926 4510; x_wconf 81' lang='lat' dir='ltr'><strong>videamur</strong></span> <span class='ocrx_word' id='word_1_675' title='bbox 2963 4454 3030 4508; x_wconf 91' lang='lat' dir='ltr'><strong>ad</strong></span> <span class='ocrx_word' id='word_1_676' title='bbox 3059 4454 3177 4523; x_wconf 88' lang='lat' dir='ltr'><strong>ejus</strong></span> <span class='ocrx_word' id='word_1_677' title='bbox 3202 4492 3216 4517; x_wconf 94' lang='lat'><strong>,</strong></span> <span class='ocrx_word' id='word_1_678' title='bbox 3244 4452 3423 4521; x_wconf 85' lang='lat' dir='ltr'><strong>quoad</strong></span> 
     </span>
    </p>
   </div>
   <div class='ocr_carea' id='block_1_96' title="bbox 1877 4551 2673 4624">
    <p class='ocr_par' dir='ltr' id='par_1_96' title="bbox 1877 4551 2673 4624">
     <span class='ocr_line' id='line_1_96' title="bbox 1877 4551 2673 4624; baseline -0.01 -13"><span class='ocrx_word' id='word_1_679' title='bbox 1877 4556 1993 4611; x_wconf 78' lang='lat' dir='ltr'><strong>ﬁeri</strong></span> <span class='ocrx_word' id='word_1_680' title='bbox 2023 4562 2214 4624; x_wconf 86' lang='lat' dir='ltr'><strong>potest,</strong></span> <span class='ocrx_word' id='word_1_681' title='bbox 2247 4551 2673 4612; x_wconf 84' lang='lat' dir='ltr'><strong>similitudinem.</strong></span> 
     </span>
    </p>
   </div>
   <div class='ocr_carea' id='block_1_97' title="bbox 1946 4641 3423 4718">
    <p class='ocr_par' dir='ltr' id='par_1_97' title="bbox 1946 4641 3423 4718">
     <span class='ocr_line' id='line_1_97' title="bbox 1946 4641 3423 4718; baseline -0.003 -20"><span class='ocrx_word' id='word_1_682' title='bbox 1946 4645 1973 4718; x_wconf 81' lang='lat'>§</span> <span class='ocrx_word' id='word_1_683' title='bbox 2009 4643 2141 4699; x_wconf 81' lang='lat' dir='ltr'><strong>XIV.</strong></span> <span class='ocrx_word' id='word_1_684' title='bbox 2173 4642 2465 4699; x_wconf 82' lang='lat' dir='ltr'><strong>Hierarcha</strong></span> <span class='ocrx_word' id='word_1_685' title='bbox 2493 4642 2681 4697; x_wconf 85' lang='lat' dir='ltr'><strong>deinde</strong></span> <span class='ocrx_word' id='word_1_686' title='bbox 2718 4641 3141 4707; x_wconf 88' lang='lat' dir='ltr'><strong>communicans,</strong></span> <span class='ocrx_word' id='word_1_687' title='bbox 3184 4652 3423 4699; x_wconf 52' lang='lat' dir='ltr'><strong>commu:</strong></span> 
     </span>
    </p>
   </div>
   <div class='ocr_carea' id='block_1_98' title="bbox 210 4730 1853 4811">
    <p class='ocr_par' dir='ltr' id='par_1_98' title="bbox 210 4730 1851 4811">
     <span class='ocr_line' id='line_1_98' title="bbox 210 4730 1851 4811; baseline 0.002 -21"><span class='ocrx_word' id='word_1_688' title='bbox 210 4735 428 4799; x_wconf 66' lang='grc' dir='ltr'>ταδοὺς,</span> <span class='ocrx_word' id='word_1_689' title='bbox 463 4737 541 4800; x_wconf 83' lang='grc' dir='ltr'><strong>είς</strong></span> <span class='ocrx_word' id='word_1_690' title='bbox 574 4737 920 4809; x_wconf 84' lang='grc' dir='ltr'>εὐχαριστίαν</span> <span class='ocrx_word' id='word_1_691' title='bbox 959 4738 1272 4811; x_wconf 80' lang='grc' dir='ltr'>καταλήγει.</span> <span class='ocrx_word' id='word_1_692' title='bbox 1320 4730 1541 4811; x_wconf 86' lang='grc' dir='ltr'>Πρῶτον</span> <span class='ocrx_word' id='word_1_693' title='bbox 1571 4740 1629 4793; x_wconf 88' lang='grc' dir='ltr'>δὲ</span> <span class='ocrx_word' id='word_1_694' title='bbox 1681 4757 1774 4810; x_wconf 84' lang='grc' dir='ltr'>με-</span> <span class='ocrx_word' id='word_1_695' title='bbox 1802 4733 1851 4794; x_wconf 86' lang='lat' dir='ltr'><strong>D</strong></span> 
     </span>
    </p>
   </div>
   <div class='ocr_carea' id='block_1_99' title="bbox 1780 4730 3423 4811">
    <p class='ocr_par' dir='ltr' id='par_1_99' title="bbox 1802 4732 3423 4809">
     <span class='ocr_line' id='line_1_99' title="bbox 1802 4732 3423 4809; baseline -0.006 -15"><span class='ocrx_word' id='word_1_696' title='bbox 1802 4733 1851 4794; x_wconf 90' lang='lat' dir='ltr'><strong>D</strong></span> <span class='ocrx_word' id='word_1_697' title='bbox 1878 4742 2201 4809; x_wconf 84' lang='lat' dir='ltr'><strong>nionemque</strong></span> <span class='ocrx_word' id='word_1_698' title='bbox 2236 4735 2584 4799; x_wconf 87' lang='lat' dir='ltr'><strong>distribuens,</strong></span> <span class='ocrx_word' id='word_1_699' title='bbox 2615 4734 2814 4788; x_wconf 87' lang='lat' dir='ltr'><strong>desinit</strong></span> <span class='ocrx_word' id='word_1_700' title='bbox 2849 4735 2901 4786; x_wconf 89' lang='lat' dir='ltr'><strong>iu</strong></span> <span class='ocrx_word' id='word_1_701' title='bbox 2930 4733 3222 4801; x_wconf 79' lang='lat' dir='ltr'><strong>gratiarum</strong></span> <span class='ocrx_word' id='word_1_702' title='bbox 3252 4732 3423 4791; x_wconf 57' lang='lat' dir='ltr'><strong>actio—</strong></span> 
     </span>
    </p>
   </div>
   <div class='ocr_carea' id='block_1_100' title="bbox 210 4827 1773 4904">
    <p class='ocr_par' dir='ltr' id='par_1_100' title="bbox 210 4827 1773 4904">
     <span class='ocr_line' id='line_1_100' title="bbox 210 4827 1773 4904; baseline 0.001 -21"><span class='ocrx_word' id='word_1_703' title='bbox 210 4827 565 4897; x_wconf 79' lang='grc' dir='ltr'>ταλαμὸἀνει,</span> <span class='ocrx_word' id='word_1_704' title='bbox 604 4831 695 4882; x_wconf 74' lang='grc' dir='ltr'><strong>καὶ</strong></span> <span class='ocrx_word' id='word_1_705' title='bbox 727 4830 865 4884; x_wconf 81' lang='grc' dir='ltr'>οὕτω</span> <span class='ocrx_word' id='word_1_706' title='bbox 911 4830 1254 4902; x_wconf 89' lang='grc' dir='ltr'>μεταδίδωσιν</span> <span class='ocrx_word' id='word_1_707' title='bbox 1276 4850 1289 4862; x_wconf 89' lang='grc'>·</span> <span class='ocrx_word' id='word_1_708' title='bbox 1326 4833 1405 4885; x_wconf 84' lang='grc' dir='ltr'>ὅτι</span> <span class='ocrx_word' id='word_1_709' title='bbox 1438 4832 1517 4885; x_wconf 84' lang='grc' dir='ltr'><strong>δεῖ</strong></span> <span class='ocrx_word' id='word_1_710' title='bbox 1562 4833 1773 4904; x_wconf 84' lang='grc' dir='ltr'>πρῶτον</span> 
     </span>
    </p>
   </div>
   <div class='ocr_carea' id='block_1_101' title="bbox 210 4924 1769 4997">
    <p class='ocr_par' dir='ltr' id='par_1_101' title="bbox 210 4924 1769 4997">
     <span class='ocr_line' id='line_1_101' title="bbox 210 4924 1769 4997; baseline 0.001 -20"><span class='ocrx_word' id='word_1_711' title='bbox 210 4926 273 4977; x_wconf 73' lang='grc' dir='ltr'>ἐν</span> <span class='ocrx_word' id='word_1_712' title='bbox 304 4924 559 4995; x_wconf 78' lang='grc' dir='ltr'>μετουσίᾳ</span> <span class='ocrx_word' id='word_1_713' title='bbox 590 4924 838 4992; x_wconf 87' lang='grc' dir='ltr'>γενέσθαι</span> <span class='ocrx_word' id='word_1_714' title='bbox 883 4928 974 4979; x_wconf 76' lang='grc' dir='ltr'><strong>καὶ</strong></span> <span class='ocrx_word' id='word_1_715' title='bbox 997 4925 1375 4997; x_wconf 75' lang='grc' dir='ltr'>ἀπο-πληρώσει</span> <span class='ocrx_word' id='word_1_716' title='bbox 1400 4926 1508 4979; x_wconf 91' lang='grc' dir='ltr'><strong>τῶν</strong></span> <span class='ocrx_word' id='word_1_717' title='bbox 1534 4926 1769 4996; x_wconf 85' lang='grc' dir='ltr'>ἀγαθῶν,</span> 
     </span>
    </p>
   </div>
   <div class='ocr_carea' id='block_1_102' title="bbox 209 5008 1773 5089">
    <p class='ocr_par' dir='ltr' id='par_1_102' title="bbox 209 5008 1773 5089">
     <span class='ocr_line' id='line_1_102' title="bbox 209 5008 1773 5089; baseline 0.004 -24"><span class='ocrx_word' id='word_1_718' title='bbox 209 5016 310 5071; x_wconf 76' lang='grc' dir='ltr'><strong>καὶ</strong></span> <span class='ocrx_word' id='word_1_719' title='bbox 344 5010 441 5067; x_wconf 79' lang='grc' dir='ltr'>εἶθ’</span> <span class='ocrx_word' id='word_1_720' title='bbox 471 5014 611 5067; x_wconf 78' lang='grc' dir='ltr'>οὕτω</span> <span class='ocrx_word' id='word_1_721' title='bbox 645 5008 975 5086; x_wconf 79' lang='grc' dir='ltr'>μεταδιδόναι</span> <span class='ocrx_word' id='word_1_722' title='bbox 999 5036 1010 5047; x_wconf 73' lang='grc'><strong><em>⁸</em></strong></span> <span class='ocrx_word' id='word_1_723' title='bbox 1042 5018 1254 5088; x_wconf 89' lang='grc' dir='ltr'>πρῶτον</span> <span class='ocrx_word' id='word_1_724' title='bbox 1296 5020 1642 5089; x_wconf 63' lang='grc' dir='ltr'>φωτισθῖψαιι,</span> <span class='ocrx_word' id='word_1_725' title='bbox 1682 5021 1773 5073; x_wconf 76' lang='grc' dir='ltr'>καὶ</span> 
     </span>
    </p>
   </div>
   <div class='ocr_carea' id='block_1_103' title="bbox 208 5092 1771 5178">
    <p class='ocr_par' dir='ltr' id='par_1_103' title="bbox 208 5092 1771 5178">
     <span class='ocr_line' id='line_1_103' title="bbox 208 5092 1771 5178; baseline 0.003 -21"><span class='ocrx_word' id='word_1_726' title='bbox 208 5104 358 5158; x_wconf 72' lang='grc' dir='ltr'>οὕτω</span> <span class='ocrx_word' id='word_1_727' title='bbox 380 5102 629 5173; x_wconf 83' lang='grc' dir='ltr'>φωτίσαι.</span> <span class='ocrx_word' id='word_1_728' title='bbox 648 5106 737 5159; x_wconf 83' lang='grc' dir='ltr'>Διὸ</span> <span class='ocrx_word' id='word_1_729' title='bbox 758 5106 1019 5159; x_wconf 75' lang='grc' dir='ltr'>καὶτοῦτο</span> <span class='ocrx_word' id='word_1_730' title='bbox 1034 5107 1094 5176; x_wconf 81' lang='grc' dir='ltr'>δὴ</span> <span class='ocrx_word' id='word_1_731' title='bbox 1119 5092 1470 5178; x_wconf 76' lang='grc' dir='ltr'>ποριζόμεθα,</span> <span class='ocrx_word' id='word_1_732' title='bbox 1487 5111 1575 5173; x_wconf 54' lang='grc' dir='ltr'><strong>ὅτι¹</strong></span> <span class='ocrx_word' id='word_1_733' title='bbox 1589 5109 1771 5175; x_wconf 88' lang='grc' dir='ltr'>κακῶς</span> 
     </span>
    </p>
   </div>
   <div class='ocr_carea' id='block_1_104' title="bbox 212 5198 1771 5270">
    <p class='ocr_par' dir='ltr' id='par_1_104' title="bbox 212 5198 1771 5270">
     <span class='ocr_line' id='line_1_104' title="bbox 212 5198 1771 5270; baseline 0.002 -21"><span class='ocrx_word' id='word_1_734' title='bbox 212 5198 461 5263; x_wconf 76' lang='grc' dir='ltr'>πριοῦσιν</span> <span class='ocrx_word' id='word_1_735' title='bbox 504 5199 715 5263; x_wconf 79' lang='grc' dir='ltr'>οἵτινες,</span> <span class='ocrx_word' id='word_1_736' title='bbox 745 5200 981 5264; x_wconf 81' lang='grc' dir='ltr'>διδακτοὶ</span> <span class='ocrx_word' id='word_1_737' title='bbox 1022 5202 1094 5270; x_wconf 79' lang='grc' dir='ltr'>μὴ</span> <span class='ocrx_word' id='word_1_738' title='bbox 1128 5201 1275 5262; x_wconf 77' lang='grc' dir='ltr'>ὄντες</span> <span class='ocrx_word' id='word_1_739' title='bbox 1308 5200 1463 5266; x_wconf 89' lang='grc' dir='ltr'>Θεοῦ,</span> <span class='ocrx_word' id='word_1_740' title='bbox 1506 5200 1771 5256; x_wconf 84' lang='grc' dir='ltr'>διδάσκειν</span> 
     </span>
    </p>
   </div>
   <div class='ocr_carea' id='block_1_105' title="bbox 207 5274 1773 5363">
    <p class='ocr_par' dir='ltr' id='par_1_105' title="bbox 207 5274 1773 5363">
     <span class='ocr_line' id='line_1_105' title="bbox 207 5274 1773 5363; baseline -0.001 -18"><span class='ocrx_word' id='word_1_741' title='bbox 207 5291 597 5360; x_wconf 68' lang='grc' dir='ltr'>ιπιχειροῦσιν.</span> <span class='ocrx_word' id='word_1_742' title='bbox 638 5274 724 5356; x_wconf 79' lang='grc' dir='ltr'>Ὠς</span> <span class='ocrx_word' id='word_1_743' title='bbox 757 5292 863 5363; x_wconf 84' lang='grc' dir='ltr'><strong>γὰρ</strong></span> <span class='ocrx_word' id='word_1_744' title='bbox 889 5293 978 5344; x_wconf 75' lang='grc' dir='ltr'>ἐπὶ</span> <span class='ocrx_word' id='word_1_745' title='bbox 1012 5292 1119 5343; x_wconf 86' lang='grc' dir='ltr'><strong>τῶν</strong></span> <span class='ocrx_word' id='word_1_746' title='bbox 1153 5292 1385 5362; x_wconf 76' lang='grc' dir='ltr'>ἡλιακῶν</span> <span class='ocrx_word' id='word_1_747' title='bbox 1418 5292 1647 5357; x_wconf 77' lang='grc' dir='ltr'>ἀκτίνων</span> <span class='ocrx_word' id='word_1_748' title='bbox 1682 5293 1773 5344; x_wconf 78' lang='grc' dir='ltr'><strong>καὶ</strong></span> 
     </span>
    </p>
   </div>
   <div class='ocr_carea' id='block_1_106' title="bbox 209 5382 1769 5456">
    <p class='ocr_par' dir='ltr' id='par_1_106' title="bbox 209 5382 1769 5456">
     <span class='ocr_line' id='line_1_106' title="bbox 209 5382 1769 5456; baseline 0.001 -20"><span class='ocrx_word' id='word_1_749' title='bbox 209 5382 323 5436; x_wconf 80' lang='grc' dir='ltr'><strong>τῶν</strong></span> <span class='ocrx_word' id='word_1_750' title='bbox 352 5383 517 5437; x_wconf 60' lang='lat' dir='ltr'><strong>eam</strong></span> <span class='ocrx_word' id='word_1_751' title='bbox 541 5384 672 5455; x_wconf 72' lang='grc' dir='ltr'>ἔχει,</span> <span class='ocrx_word' id='word_1_752' title='bbox 697 5386 1020 5453; x_wconf 24' lang='grc' dir='ltr'>ὅτιὶπρῶτον</span> <span class='ocrx_word' id='word_1_753' title='bbox 1054 5387 1111 5437; x_wconf 79' lang='grc' dir='ltr'><strong>τὸ</strong></span> <span class='ocrx_word' id='word_1_754' title='bbox 1136 5387 1247 5455; x_wconf 68' lang='grc' dir='ltr'><strong>φῶς</strong></span> <span class='ocrx_word' id='word_1_755' title='bbox 1269 5387 1507 5456; x_wconf 85' lang='grc' dir='ltr'>δέχονται</span> <span class='ocrx_word' id='word_1_756' title='bbox 1531 5388 1578 5438; x_wconf 77' lang='lat' dir='ltr'><strong>oi</strong></span> <span class='ocrx_word' id='word_1_757' title='bbox 1607 5384 1769 5447; x_wconf 85' lang='grc' dir='ltr'>ῦελοι,</span> 
     </span>
    </p>
   </div>
   <div class='ocr_carea' id='block_1_107' title="bbox 210 5474 1772 5547">
    <p class='ocr_par' dir='ltr' id='par_1_107' title="bbox 210 5474 1772 5547">
     <span class='ocr_line' id='line_1_107' title="bbox 210 5474 1772 5547; baseline 0.002 -21"><span class='ocrx_word' id='word_1_758' title='bbox 210 5476 242 5546; x_wconf 78' lang='grc' dir='ltr'>ἢ</span> <span class='ocrx_word' id='word_1_759' title='bbox 277 5474 336 5527; x_wconf 83' lang='grc' dir='ltr'><strong>τὸ</strong></span> <span class='ocrx_word' id='word_1_760' title='bbox 370 5476 554 5546; x_wconf 77' lang='grc' dir='ltr'>κέρας,</span> <span class='ocrx_word' id='word_1_761' title='bbox 579 5476 613 5547; x_wconf 72' lang='grc' dir='ltr'>ἢ</span> <span class='ocrx_word' id='word_1_762' title='bbox 636 5477 761 5531; x_wconf 81' lang='grc' dir='ltr'>ἀλλο</span> <span class='ocrx_word' id='word_1_763' title='bbox 790 5497 841 5530; x_wconf 90' lang='grc' dir='ltr'><strong>τι</strong></span> <span class='ocrx_word' id='word_1_764' title='bbox 866 5479 971 5533; x_wconf 88' lang='grc' dir='ltr'><strong>τῶν</strong></span> <span class='ocrx_word' id='word_1_765' title='bbox 1003 5478 1293 5546; x_wconf 75' lang='grc' dir='ltr'>διαφανῶν,</span> <span class='ocrx_word' id='word_1_766' title='bbox 1317 5482 1408 5532; x_wconf 79' lang='grc' dir='ltr'>καὶ</span> <span class='ocrx_word' id='word_1_767' title='bbox 1431 5476 1525 5532; x_wconf 79' lang='grc' dir='ltr'>εἴθ’</span> <span class='ocrx_word' id='word_1_768' title='bbox 1552 5477 1691 5531; x_wconf 75' lang='grc' dir='ltr'>οὕτω</span> <span class='ocrx_word' id='word_1_769' title='bbox 1712 5479 1772 5530; x_wconf 90' lang='grc' dir='ltr'><strong>τὸ</strong></span> 
     </span>
    </p>
   </div>
   <div class='ocr_carea' id='block_1_108' title="bbox 215 5567 1769 5643">
    <p class='ocr_par' dir='ltr' id='par_1_108' title="bbox 215 5567 1769 5643">
     <span class='ocr_line' id='line_1_108' title="bbox 215 5567 1769 5643; baseline 0.003 -24"><span class='ocrx_word' id='word_1_770' title='bbox 215 5568 331 5643; x_wconf 75' lang='grc' dir='ltr'>φῶς</span> <span class='ocrx_word' id='word_1_771' title='bbox 368 5567 499 5637; x_wconf 80' lang='grc' dir='ltr'>πρὸς</span> <span class='ocrx_word' id='word_1_772' title='bbox 532 5568 601 5623; x_wconf 73' lang='grc' dir='ltr'>τὰ</span> <span class='ocrx_word' id='word_1_773' title='bbox 632 5568 761 5624; x_wconf 77' lang='grc' dir='ltr'>ἀλλα</span> <span class='ocrx_word' id='word_1_774' title='bbox 799 5571 1232 5642; x_wconf 72' lang='grc' dir='ltr'>ὶποχετεύουσιν·</span> <span class='ocrx_word' id='word_1_775' title='bbox 1265 5572 1404 5626; x_wconf 66' lang='grc' dir='ltr'>οὕτω</span> <span class='ocrx_word' id='word_1_776' title='bbox 1441 5572 1532 5625; x_wconf 76' lang='grc' dir='ltr'><strong>καὶ</strong></span> <span class='ocrx_word' id='word_1_777' title='bbox 1564 5571 1651 5623; x_wconf 68' lang='grc' dir='ltr'>ἐπὶ</span> <span class='ocrx_word' id='word_1_778' title='bbox 1678 5570 1769 5623; x_wconf 87' lang='grc' dir='ltr'><strong>τοῦ</strong></span> 
     </span>
    </p>
   </div>
   <div class='ocr_carea' id='block_1_109' title="bbox 290 5726 770 5793">
    <p class='ocr_par' dir='ltr' id='par_1_109' title="bbox 290 5726 770 5793">
     <span class='ocr_line' id='line_1_109' title="bbox 290 5726 770 5793; baseline -0.006 -9"><span class='ocrx_word' id='word_1_779' title='bbox 290 5742 325 5771; x_wconf 73' lang='grc' dir='ltr'><strong>ι</strong></span> <span class='ocrx_word' id='word_1_780' title='bbox 350 5726 481 5784; x_wconf 85' lang='lat' dir='ltr'><strong>Luc.</strong></span> <span class='ocrx_word' id='word_1_781' title='bbox 517 5743 650 5793; x_wconf 73' lang='lat' dir='ltr'><strong>uti,</strong></span> <span class='ocrx_word' id='word_1_782' title='bbox 687 5728 770 5783; x_wconf 84' lang='lat' dir='ltr'><strong>l9.</strong></span> 
     </span>
    </p>
   </div>
   <div class='ocr_carea' id='block_1_110' title="bbox 1882 4824 3426 4891">
    <p class='ocr_par' dir='ltr' id='par_1_110' title="bbox 1882 4824 3426 4891">
     <span class='ocr_line' id='line_1_110' title="bbox 1882 4824 3426 4891; baseline -0.004 -7"><span class='ocrx_word' id='word_1_783' title='bbox 1882 4844 2025 4884; x_wconf 89' lang='lat' dir='ltr'><strong>nem.</strong></span> <span class='ocrx_word' id='word_1_784' title='bbox 2061 4827 2295 4881; x_wconf 88' lang='lat' dir='ltr'><strong>Primum</strong></span> <span class='ocrx_word' id='word_1_785' title='bbox 2333 4836 2509 4881; x_wconf 92' lang='lat' dir='ltr'><strong>autem</strong></span> <span class='ocrx_word' id='word_1_786' title='bbox 2545 4824 2661 4891; x_wconf 89' lang='lat' dir='ltr'><strong>ipse</strong></span> <span class='ocrx_word' id='word_1_787' title='bbox 2704 4824 3081 4889; x_wconf 89' lang='lat' dir='ltr'><strong>communicat,</strong></span> <span class='ocrx_word' id='word_1_788' title='bbox 3112 4832 3166 4878; x_wconf 83' lang='lat' dir='ltr'><strong>et</strong></span> <span class='ocrx_word' id='word_1_789' title='bbox 3201 4824 3279 4878; x_wconf 83' lang='lat' dir='ltr'><strong>sic</strong></span> <span class='ocrx_word' id='word_1_790' title='bbox 3310 4824 3426 4878; x_wconf 79' lang='lat' dir='ltr'><strong>dis-</strong></span> 
     </span>
    </p>
   </div>
   <div class='ocr_carea' id='block_1_111' title="bbox 1882 4916 3424 4995">
    <p class='ocr_par' dir='ltr' id='par_1_111' title="bbox 1882 4916 3424 4995">
     <span class='ocr_line' id='line_1_111' title="bbox 1882 4916 3424 4995; baseline -0.004 -20"><span class='ocrx_word' id='word_1_791' title='bbox 1882 4920 2094 4985; x_wconf 90' lang='lat' dir='ltr'><strong>tribuit;</strong></span> <span class='ocrx_word' id='word_1_792' title='bbox 2140 4928 2354 4987; x_wconf 78' lang='lat' dir='ltr'><strong>oportet</strong></span> <span class='ocrx_word' id='word_1_793' title='bbox 2388 4918 2531 4973; x_wconf 90' lang='lat' dir='ltr'><strong>enim</strong></span> <span class='ocrx_word' id='word_1_794' title='bbox 2568 4917 2796 4995; x_wconf 84' lang='lat' dir='ltr'><strong>primum</strong></span> <span class='ocrx_word' id='word_1_795' title='bbox 2837 4930 2958 4970; x_wconf 89' lang='lat' dir='ltr'><strong>esse</strong></span> <span class='ocrx_word' id='word_1_796' title='bbox 3003 4916 3311 4985; x_wconf 84' lang='lat' dir='ltr'><strong>participem</strong></span> <span class='ocrx_word' id='word_1_797' title='bbox 3357 4930 3424 4969; x_wconf 86' lang='lat' dir='ltr'><strong>ac</strong></span> 
     </span>
    </p>
   </div>
   <div class='ocr_carea' id='block_1_112' title="bbox 1880 5009 3417 5084">
    <p class='ocr_par' dir='ltr' id='par_1_112' title="bbox 1880 5009 3417 5084">
     <span class='ocr_line' id='line_1_112' title="bbox 1880 5009 3417 5084; baseline -0.005 -17"><span class='ocrx_word' id='word_1_798' title='bbox 1880 5016 2094 5084; x_wconf 88' lang='lat' dir='ltr'><strong>plenum</strong></span> <span class='ocrx_word' id='word_1_799' title='bbox 2126 5015 2411 5079; x_wconf 86' lang='lat' dir='ltr'><strong>bonorum,</strong></span> <span class='ocrx_word' id='word_1_800' title='bbox 2450 5026 2513 5066; x_wconf 89' lang='lat' dir='ltr'><strong>ac</strong></span> <span class='ocrx_word' id='word_1_801' title='bbox 2552 5012 2752 5069; x_wconf 88' lang='lat' dir='ltr'><strong>.deinde</strong></span> <span class='ocrx_word' id='word_1_802' title='bbox 2783 5012 2861 5067; x_wconf 88' lang='lat' dir='ltr'><strong>sic</strong></span> <span class='ocrx_word' id='word_1_803' title='bbox 2909 5009 3261 5071; x_wconf 86' lang='lat' dir='ltr'><strong>distribuere;</strong></span> <span class='ocrx_word' id='word_1_804' title='bbox 3309 5009 3417 5075; x_wconf 85' lang='lat' dir='ltr'><strong>pri-</strong></span> 
     </span>
    </p>
   </div>
   <div class='ocr_carea' id='block_1_113' title="bbox 1880 5100 3420 5171">
    <p class='ocr_par' dir='ltr' id='par_1_113' title="bbox 1880 5100 3420 5171">
     <span class='ocr_line' id='line_1_113' title="bbox 1880 5100 3420 5171; baseline -0.006 -9"><span class='ocrx_word' id='word_1_805' title='bbox 1880 5124 2021 5163; x_wconf 92' lang='lat' dir='ltr'><strong>mum</strong></span> <span class='ocrx_word' id='word_1_806' title='bbox 2079 5106 2405 5171; x_wconf 85' lang='lat' dir='ltr'><strong>illuminari,</strong></span> <span class='ocrx_word' id='word_1_807' title='bbox 2454 5120 2517 5159; x_wconf 87' lang='lat' dir='ltr'><strong>ac</strong></span> <span class='ocrx_word' id='word_1_808' title='bbox 2559 5105 2750 5164; x_wconf 85' lang='lat' dir='ltr'><strong>deinde</strong></span> <span class='ocrx_word' id='word_1_809' title='bbox 2789 5102 3111 5158; x_wconf 89' lang='lat' dir='ltr'><strong>illuminare.</strong></span> <span class='ocrx_word' id='word_1_810' title='bbox 3158 5100 3420 5167; x_wconf 87' lang='lat' dir='ltr'><strong>Quocirca</strong></span> 
     </span>
    </p>
   </div>
   <div class='ocr_carea' id='block_1_114' title="bbox 1881 5190 3424 5269">
    <p class='ocr_par' dir='ltr' id='par_1_114' title="bbox 1881 5190 3424 5269">
     <span class='ocr_line' id='line_1_114' title="bbox 1881 5190 3424 5269; baseline -0.008 -16"><span class='ocrx_word' id='word_1_811' title='bbox 1881 5196 2044 5269; x_wconf 65' lang='grc'><strong>214</strong></span> <span class='ocrx_word' id='word_1_812' title='bbox 2072 5210 2354 5254; x_wconf 88' lang='lat' dir='ltr'><strong>censemus</strong></span> <span class='ocrx_word' id='word_1_813' title='bbox 2387 5195 2505 5249; x_wconf 79' lang='lat' dir='ltr'><strong>illos</strong></span> <span class='ocrx_word' id='word_1_814' title='bbox 2534 5194 2672 5257; x_wconf 88' lang='lat' dir='ltr'><strong>male</strong></span> <span class='ocrx_word' id='word_1_815' title='bbox 2695 5206 2875 5261; x_wconf 74' lang='lat' dir='ltr'><strong>agere,</strong></span> <span class='ocrx_word' id='word_1_816' title='bbox 2908 5191 2997 5259; x_wconf 89' lang='lat' dir='ltr'><strong>qui</strong></span> <span class='ocrx_word' id='word_1_817' title='bbox 3026 5205 3145 5244; x_wconf 91' lang='lat' dir='ltr'><strong>cum</strong></span> <span class='ocrx_word' id='word_1_818' title='bbox 3180 5205 3283 5244; x_wconf 87' lang='lat' dir='ltr'><strong>non</strong></span> <span class='ocrx_word' id='word_1_819' title='bbox 3313 5190 3424 5242; x_wconf 87' lang='lat' dir='ltr'><strong>sint</strong></span> 
     </span>
    </p>
   </div>
   <div class='ocr_carea' id='block_1_115' title="bbox 1880 5280 3429 5357">
    <p class='ocr_par' dir='ltr' id='par_1_115' title="bbox 1880 5280 3429 5357">
     <span class='ocr_line' id='line_1_115' title="bbox 1880 5280 3429 5357; baseline -0.005 -13"><span class='ocrx_word' id='word_1_820' title='bbox 1880 5290 2020 5345; x_wconf 88' lang='lat' dir='ltr'><strong>docti</strong></span> <span class='ocrx_word' id='word_1_821' title='bbox 2061 5304 2089 5343; x_wconf 91' lang='lat' dir='ltr'><strong>a</strong></span> <span class='ocrx_word' id='word_1_822' title='bbox 2142 5288 2279 5353; x_wconf 91' lang='lat' dir='ltr'><strong>Deo,</strong></span> <span class='ocrx_word' id='word_1_823' title='bbox 2332 5291 2528 5343; x_wconf 86' lang='lat' dir='ltr'><strong>docere</strong></span> <span class='ocrx_word' id='word_1_824' title='bbox 2570 5295 2914 5357; x_wconf 72' lang='lat' dir='ltr'><strong>praesumunt.</strong></span> <span class='ocrx_word' id='word_1_825' title='bbox 2965 5280 3429 5349; x_wconf 81' lang='lat' dir='ltr'><strong>Quemadmodum.</strong></span> 
     </span>
    </p>
   </div>
   <div class='ocr_carea' id='block_1_116' title="bbox 1880 5374 3424 5437">
    <p class='ocr_par' dir='ltr' id='par_1_116' title="bbox 1880 5374 3424 5437">
     <span class='ocr_line' id='line_1_116' title="bbox 1880 5374 3424 5437; baseline -0.008 0"><span class='ocrx_word' id='word_1_826' title='bbox 1880 5384 2021 5437; x_wconf 88' lang='lat' dir='ltr'><strong>enim</strong></span> <span class='ocrx_word' id='word_1_827' title='bbox 2054 5383 2105 5435; x_wconf 91' lang='lat' dir='ltr'><strong>in</strong></span> <span class='ocrx_word' id='word_1_828' title='bbox 2138 5383 2404 5437; x_wconf 84' lang='lat' dir='ltr'><strong>solarihus</strong></span> <span class='ocrx_word' id='word_1_829' title='bbox 2446 5380 2607 5436; x_wconf 89' lang='lat' dir='ltr'><strong>radiis</strong></span> <span class='ocrx_word' id='word_1_830' title='bbox 2640 5394 2702 5432; x_wconf 82' lang='lat' dir='ltr'><strong>ac</strong></span> <span class='ocrx_word' id='word_1_831' title='bbox 2740 5378 2891 5431; x_wconf 82' lang='lat' dir='ltr'><strong>vitris</strong></span> <span class='ocrx_word' id='word_1_832' title='bbox 2929 5393 2986 5430; x_wconf 88' lang='lat' dir='ltr'><strong>se</strong></span> <span class='ocrx_word' id='word_1_833' title='bbox 3018 5390 3102 5429; x_wconf 85' lang='lat' dir='ltr'><strong>res</strong></span> <span class='ocrx_word' id='word_1_834' title='bbox 3139 5374 3317 5435; x_wconf 82' lang='lat' dir='ltr'><strong>habet,</strong></span> <span class='ocrx_word' id='word_1_835' title='bbox 3362 5382 3424 5431; x_wconf 85' lang='lat' dir='ltr'><strong>ut</strong></span> 
     </span>
    </p>
   </div>
   <div class='ocr_carea' id='block_1_117' title="bbox 1879 5467 3418 5547">
    <p class='ocr_par' dir='ltr' id='par_1_117' title="bbox 1879 5467 3418 5547">
     <span class='ocr_line' id='line_1_117' title="bbox 1879 5467 3418 5547; baseline -0.01 -17"><span class='ocrx_word' id='word_1_836' title='bbox 1879 5479 2014 5532; x_wconf 86' lang='lat' dir='ltr'><strong>vitra</strong></span> <span class='ocrx_word' id='word_1_837' title='bbox 2045 5492 2335 5540; x_wconf 87' lang='lat' dir='ltr'><strong>cornuave,</strong></span> <span class='ocrx_word' id='word_1_838' title='bbox 2368 5475 2449 5531; x_wconf 83' lang='lat' dir='ltr'><strong>vel</strong></span> <span class='ocrx_word' id='word_1_839' title='bbox 2478 5474 2593 5528; x_wconf 64' lang='lat' dir='ltr'><strong>alia:</strong></span> <span class='ocrx_word' id='word_1_840' title='bbox 2624 5486 2710 5525; x_wconf 89' lang='lat' dir='ltr'><strong>res</strong></span> <span class='ocrx_word' id='word_1_841' title='bbox 2756 5480 3157 5547; x_wconf 81' lang='lat' dir='ltr'><strong>transpnrentes</strong></span> <span class='ocrx_word' id='word_1_842' title='bbox 3189 5467 3418 5535; x_wconf 84' lang='lat' dir='ltr'><strong>primum</strong></span> 
     </span>
    </p>
   </div>
   <div class='ocr_carea' id='block_1_118' title="bbox 1878 5558 3429 5641">
    <p class='ocr_par' dir='ltr' id='par_1_118' title="bbox 1878 5558 3429 5641">
     <span class='ocr_line' id='line_1_118' title="bbox 1878 5558 3429 5641; baseline -0.009 -14"><span class='ocrx_word' id='word_1_843' title='bbox 1878 5572 2057 5628; x_wconf 87' lang='lat' dir='ltr'><strong>lumen</strong></span> <span class='ocrx_word' id='word_1_844' title='bbox 2088 5570 2367 5641; x_wconf 84' lang='lat' dir='ltr'><strong>recipiant,</strong></span> <span class='ocrx_word' id='word_1_845' title='bbox 2394 5584 2455 5624; x_wconf 84' lang='lat' dir='ltr'><strong>ac</strong></span> <span class='ocrx_word' id='word_1_846' title='bbox 2481 5566 2667 5624; x_wconf 85' lang='lat' dir='ltr'><strong>deinde</strong></span> <span class='ocrx_word' id='word_1_847' title='bbox 2698 5566 2776 5622; x_wconf 83' lang='lat' dir='ltr'><strong>sic</strong></span> <span class='ocrx_word' id='word_1_848' title='bbox 2811 5565 2987 5618; x_wconf 84' lang='lat' dir='ltr'><strong>lumen</strong></span> <span class='ocrx_word' id='word_1_849' title='bbox 3020 5563 3083 5617; x_wconf 80' lang='lat' dir='ltr'><strong>ad</strong></span> <span class='ocrx_word' id='word_1_850' title='bbox 3116 5561 3217 5613; x_wconf 73' lang='lat' dir='ltr'><strong>arm</strong></span> <span class='ocrx_word' id='word_1_851' title='bbox 3254 5558 3429 5613; x_wconf 53' lang='lat' dir='ltr'><strong>trames</strong></span> 
     </span>
    </p>
   </div>
  </div>
