  <div class='ocr_page' id='page_1' title='image "/cluster/home/n/w/nwhite01/storage/ocr_20150623/3/pst.000003853313/246.png"; bbox 0 0 4172 6304; ppageno 0'>
   <div class='ocr_carea' id='block_1_1' title="bbox 200 347 307 406">
    <p class='ocr_par' dir='ltr' id='par_1_1' title="bbox 200 347 307 406">
     <span class='ocr_line' id='line_1_1' title="bbox 200 347 307 406; baseline 0.037 -4"><span class='ocrx_word' id='word_1_1' title='bbox 200 347 307 406; x_wconf 67' lang='grc'><strong>673</strong></span> 
     </span>
    </p>
   </div>
   <div class='ocr_carea' id='block_1_2' title="bbox 504 459 1460 528">
    <p class='ocr_par' dir='ltr' id='par_1_2' title="bbox 504 459 1460 528">
     <span class='ocr_line' id='line_1_2' title="bbox 504 459 1460 528; baseline -0.001 -11"><span class='ocrx_word' id='word_1_2' title='bbox 504 463 565 518; x_wconf 90' lang='lat' dir='ltr'><strong>ll.</strong></span> <span class='ocrx_word' id='word_1_3' title='bbox 603 459 946 528; x_wconf 69' lang='lat' dir='ltr'><strong>Muatriptor</strong></span> <span class='ocrx_word' id='word_1_4' title='bbox 973 459 1218 527; x_wconf 75' lang='grc' dir='ltr'>τελετῆς</span> <span class='ocrx_word' id='word_1_5' title='bbox 1247 461 1460 527; x_wconf 79' lang='grc' dir='ltr'>μύρου.</span> 
     </span>
    </p>
   </div>
   <div class='ocr_carea' id='block_1_3' title="bbox 271 573 1760 645">
    <p class='ocr_par' dir='ltr' id='par_1_3' title="bbox 271 573 1760 645">
     <span class='ocr_line' id='line_1_3' title="bbox 271 573 1760 645; baseline -0.005 -11"><span class='ocrx_word' id='word_1_6' title='bbox 271 579 424 635; x_wconf 77' lang='grc' dir='ltr'>Κατὰ</span> <span class='ocrx_word' id='word_1_7' title='bbox 449 579 538 632; x_wconf 82' lang='grc' dir='ltr'><strong>τὸν</strong></span> <span class='ocrx_word' id='word_1_8' title='bbox 573 577 731 631; x_wconf 81' lang='grc' dir='ltr'>αὐτὸν</span> <span class='ocrx_word' id='word_1_9' title='bbox 757 576 858 645; x_wconf 77' lang='grc' dir='ltr'>τῆς</span> <span class='ocrx_word' id='word_1_10' title='bbox 883 575 1150 640; x_wconf 84' lang='grc' dir='ltr'>συνάξεως</span> <span class='ocrx_word' id='word_1_11' title='bbox 1173 573 1387 645; x_wconf 80' lang='grc' dir='ltr'><strong>τρόπον,</strong></span> <span class='ocrx_word' id='word_1_12' title='bbox 1426 576 1482 626; x_wconf 88' lang='grc' dir='ltr'>αἱ</span> <span class='ocrx_word' id='word_1_13' title='bbox 1503 573 1612 627; x_wconf 86' lang='grc' dir='ltr'><strong>τῶν</strong></span> <span class='ocrx_word' id='word_1_14' title='bbox 1637 575 1760 627; x_wconf 87' lang='grc' dir='ltr'>ἀτε-</span> 
     </span>
    </p>
   </div>
   <div class='ocr_carea' id='block_1_4' title="bbox 199 663 1758 735">
    <p class='ocr_par' dir='ltr' id='par_1_4' title="bbox 199 663 1758 735">
     <span class='ocr_line' id='line_1_4' title="bbox 199 663 1758 735; baseline -0.004 -12"><span class='ocrx_word' id='word_1_15' title='bbox 199 671 439 723; x_wconf 82' lang='grc' dir='ltr'>λειώτων</span> <span class='ocrx_word' id='word_1_16' title='bbox 488 666 803 722; x_wconf 83' lang='grc' dir='ltr'>ἀπολύονται</span> <span class='ocrx_word' id='word_1_17' title='bbox 845 665 1048 730; x_wconf 79' lang='grc' dir='ltr'>τάξεις,</span> <span class='ocrx_word' id='word_1_18' title='bbox 1093 663 1620 734; x_wconf 80' lang='grc' dir='ltr'>προηγησαμένων⁷⁴</span> <span class='ocrx_word' id='word_1_19' title='bbox 1661 664 1758 735; x_wconf 85' lang='grc' dir='ltr'>δη-</span> 
     </span>
    </p>
   </div>
   <div class='ocr_carea' id='block_1_5' title="bbox 199 755 1756 832">
    <p class='ocr_par' dir='ltr' id='par_1_5' title="bbox 199 755 1756 832">
     <span class='ocr_line' id='line_1_5' title="bbox 199 755 1756 832; baseline -0.006 -17"><span class='ocrx_word' id='word_1_20' title='bbox 199 763 334 832; x_wconf 79' lang='grc' dir='ltr'>λαδὴ</span> <span class='ocrx_word' id='word_1_21' title='bbox 374 762 476 831; x_wconf 70' lang='grc' dir='ltr'>,τῆς</span> <span class='ocrx_word' id='word_1_22' title='bbox 512 776 570 811; x_wconf 79' lang='grc' dir='ltr'><strong>τε</strong></span> <span class='ocrx_word' id='word_1_23' title='bbox 618 758 930 828; x_wconf 80' lang='grc' dir='ltr'>ίεραρχικῆς</span> <span class='ocrx_word' id='word_1_24' title='bbox 969 757 1058 807; x_wconf 71' lang='grc' dir='ltr'>ἐπὶ</span> <span class='ocrx_word' id='word_1_25' title='bbox 1098 756 1204 808; x_wconf 83' lang='grc' dir='ltr'><strong>πᾶν</strong></span> <span class='ocrx_word' id='word_1_26' title='bbox 1248 755 1307 807; x_wconf 72' lang='grc' dir='ltr'><strong>τὸ</strong></span> <span class='ocrx_word' id='word_1_27' title='bbox 1344 755 1485 826; x_wconf 76' lang='grc' dir='ltr'>ἱερὸν</span> <span class='ocrx_word' id='word_1_28' title='bbox 1528 755 1756 824; x_wconf 87' lang='grc' dir='ltr'>εὐόσμου</span> 
     </span>
    </p>
   </div>
   <div class='ocr_carea' id='block_1_6' title="bbox 193 845 1758 924">
    <p class='ocr_par' dir='ltr' id='par_1_6' title="bbox 193 845 1758 924">
     <span class='ocr_line' id='line_1_6' title="bbox 193 845 1758 924; baseline -0.005 -19"><span class='ocrx_word' id='word_1_29' title='bbox 193 851 567 924; x_wconf 71' lang='grc' dir='ltr'><strong>περιαγωγῆς,</strong></span> <span class='ocrx_word' id='word_1_30' title='bbox 603 851 694 902; x_wconf 71' lang='grc' dir='ltr'>καὶ</span> <span class='ocrx_word' id='word_1_31' title='bbox 736 848 833 918; x_wconf 80' lang='grc' dir='ltr'><strong>τῆς</strong></span> <span class='ocrx_word' id='word_1_32' title='bbox 866 845 1142 918; x_wconf 76' lang='grc' dir='ltr'>ψαλμικῆς</span> <span class='ocrx_word' id='word_1_33' title='bbox 1185 846 1497 915; x_wconf 85' lang='grc' dir='ltr'>ἰερολογίας,</span> <span class='ocrx_word' id='word_1_34' title='bbox 1533 846 1626 897; x_wconf 73' lang='grc' dir='ltr'><strong>καὶ</strong></span> <span class='ocrx_word' id='word_1_35' title='bbox 1658 845 1758 915; x_wconf 83' lang='grc' dir='ltr'>τῆς</span> 
     </span>
    </p>
   </div>
   <div class='ocr_carea' id='block_1_7' title="bbox 191 932 1757 1010">
    <p class='ocr_par' dir='ltr' id='par_1_7' title="bbox 191 932 1757 1010">
     <span class='ocr_line' id='line_1_7' title="bbox 191 932 1757 1010; baseline -0.005 -14"><span class='ocrx_word' id='word_1_36' title='bbox 191 946 304 1005; x_wconf 75' lang='grc' dir='ltr'><strong>τῶν</strong></span> <span class='ocrx_word' id='word_1_37' title='bbox 339 945 622 998; x_wconf 70' lang='grc' dir='ltr'>θειοτάτων</span> <span class='ocrx_word' id='word_1_38' title='bbox 653 943 859 1010; x_wconf 86' lang='grc' dir='ltr'>Λογίων</span> <span class='ocrx_word' id='word_1_39' title='bbox 900 937 1270 1007; x_wconf 82' lang='grc' dir='ltr'>ἀναγνώσεως.</span> <span class='ocrx_word' id='word_1_40' title='bbox 1308 932 1435 992; x_wconf 80' lang='grc' dir='ltr'>Εἶτα</span> <span class='ocrx_word' id='word_1_41' title='bbox 1477 937 1538 989; x_wconf 76' lang='grc' dir='ltr'>τὸ</span> <span class='ocrx_word' id='word_1_42' title='bbox 1587 936 1757 1009; x_wconf 83' lang='grc' dir='ltr'>μύρον</span> 
     </span>
    </p>
   </div>
   <div class='ocr_carea' id='block_1_8' title="bbox 190 1027 1753 1107">
    <p class='ocr_par' dir='ltr' id='par_1_8' title="bbox 190 1027 1753 1107">
     <span class='ocr_line' id='line_1_8' title="bbox 190 1027 1753 1107; baseline -0.009 -17"><span class='ocrx_word' id='word_1_43' title='bbox 190 1040 219 1091; x_wconf 86' lang='grc' dir='ltr'><strong>ὁ</strong></span> <span class='ocrx_word' id='word_1_44' title='bbox 266 1038 523 1107; x_wconf 81' lang='grc' dir='ltr'>ἱεράρχης</span> <span class='ocrx_word' id='word_1_45' title='bbox 559 1033 734 1087; x_wconf 74' lang='grc' dir='ltr'>λαϐὼν</span> <span class='ocrx_word' id='word_1_46' title='bbox 773 1031 1038 1102; x_wconf 81' lang='grc' dir='ltr'><strong>ἐπιτίθησι</strong></span> <span class='ocrx_word' id='word_1_47' title='bbox 1076 1028 1154 1098; x_wconf 81' lang='grc' dir='ltr'>τῷ</span> <span class='ocrx_word' id='word_1_48' title='bbox 1199 1029 1328 1098; x_wconf 84' lang='grc' dir='ltr'>θείῳ</span> <span class='ocrx_word' id='word_1_49' title='bbox 1371 1027 1753 1098; x_wconf 82' lang='grc' dir='ltr'><strong>θυσιαστηρίῳ,</strong></span> 
     </span>
    </p>
   </div>
   <div class='ocr_carea' id='block_1_9' title="bbox 191 1121 1752 1197">
    <p class='ocr_par' dir='ltr' id='par_1_9' title="bbox 191 1121 1752 1197">
     <span class='ocr_line' id='line_1_9' title="bbox 191 1121 1752 1197; baseline -0.004 -19"><span class='ocrx_word' id='word_1_50' title='bbox 191 1127 730 1197; x_wconf 80' lang='grc' dir='ltr'>περικεκαλυμμένον</span> <span class='ocrx_word' id='word_1_51' title='bbox 776 1126 878 1178; x_wconf 84' lang='grc' dir='ltr'><strong>ὑπὸ</strong></span> <span class='ocrx_word' id='word_1_52' title='bbox 924 1123 1239 1176; x_wconf 75' lang='grc' dir='ltr'>δυοκαίδεκα</span> <span class='ocrx_word' id='word_1_53' title='bbox 1274 1121 1524 1192; x_wconf 79' lang='grc' dir='ltr'>πτέρυξιν</span> <span class='ocrx_word' id='word_1_54' title='bbox 1561 1123 1752 1192; x_wconf 80' lang='grc' dir='ltr'><strong>ἱεραῖς,</strong></span> 
     </span>
    </p>
   </div>
   <div class='ocr_carea' id='block_1_10' title="bbox 189 1211 1754 1285">
    <p class='ocr_par' dir='ltr' id='par_1_10' title="bbox 189 1211 1754 1285">
     <span class='ocr_line' id='line_1_10' title="bbox 189 1211 1754 1285; baseline -0.003 -19"><span class='ocrx_word' id='word_1_55' title='bbox 189 1215 542 1275; x_wconf 78' lang='grc' dir='ltr'>ἀναϐοώντων</span> <span class='ocrx_word' id='word_1_56' title='bbox 590 1216 838 1268; x_wconf 83' lang='grc' dir='ltr'>ἁπάντων</span> <span class='ocrx_word' id='word_1_57' title='bbox 857 1216 903 1248; x_wconf 72' lang='grc' dir='ltr'><strong><em>τ’</em></strong></span> <span class='ocrx_word' id='word_1_58' title='bbox 933 1212 1205 1285; x_wconf 75' lang='grc' dir='ltr'>ἁγιωτάτῃ</span> <span class='ocrx_word' id='word_1_59' title='bbox 1233 1213 1380 1281; x_wconf 81' lang='grc' dir='ltr'>φωνῇ</span> <span class='ocrx_word' id='word_1_60' title='bbox 1407 1211 1466 1263; x_wconf 84' lang='grc' dir='ltr'><strong>τὸ</strong></span> <span class='ocrx_word' id='word_1_61' title='bbox 1490 1211 1630 1282; x_wconf 77' lang='grc' dir='ltr'>ἱερὸν</span> <span class='ocrx_word' id='word_1_62' title='bbox 1655 1211 1754 1280; x_wconf 81' lang='grc' dir='ltr'><strong>τῆς</strong></span> 
     </span>
    </p>
   </div>
   <div class='ocr_carea' id='block_1_11' title="bbox 187 1302 1754 1379">
    <p class='ocr_par' dir='ltr' id='par_1_11' title="bbox 187 1302 1754 1379">
     <span class='ocr_line' id='line_1_11' title="bbox 187 1302 1754 1379; baseline -0.004 -18"><span class='ocrx_word' id='word_1_63' title='bbox 187 1307 301 1361; x_wconf 85' lang='grc' dir='ltr'><strong>τῶν</strong></span> <span class='ocrx_word' id='word_1_64' title='bbox 344 1307 644 1379; x_wconf 80' lang='grc' dir='ltr'>θεολήπτων</span> <span class='ocrx_word' id='word_1_65' title='bbox 683 1307 970 1378; x_wconf 73' lang='grc' dir='ltr'>προφητῶν</span> <span class='ocrx_word' id='word_1_66' title='bbox 996 1305 1276 1366; x_wconf 74' lang='grc' dir='ltr'>ἐπιπνοίας</span> <span class='ocrx_word' id='word_1_67' title='bbox 1315 1302 1600 1373; x_wconf 76' lang='grc' dir='ltr'>μελῴδημα</span> <span class='ocrx_word' id='word_1_68' title='bbox 1620 1318 1632 1331; x_wconf 89' lang='grc'>·</span> <span class='ocrx_word' id='word_1_69' title='bbox 1662 1302 1754 1354; x_wconf 69' lang='grc' dir='ltr'><strong>καὶ</strong></span> 
     </span>
    </p>
   </div>
   <div class='ocr_carea' id='block_1_12' title="bbox 185 1391 1754 1469">
    <p class='ocr_par' dir='ltr' id='par_1_12' title="bbox 185 1391 1754 1469">
     <span class='ocr_line' id='line_1_12' title="bbox 185 1391 1754 1469; baseline -0.003 -21"><span class='ocrx_word' id='word_1_70' title='bbox 185 1398 291 1469; x_wconf 78' lang='grc' dir='ltr'><strong>τὴν</strong></span> <span class='ocrx_word' id='word_1_71' title='bbox 333 1400 416 1450; x_wconf 83' lang='grc' dir='ltr'><strong>ἐπ’</strong></span> <span class='ocrx_word' id='word_1_72' title='bbox 457 1397 600 1467; x_wconf 79' lang='grc' dir='ltr'>αὐτῷ</span> <span class='ocrx_word' id='word_1_73' title='bbox 645 1397 968 1468; x_wconf 79' lang='grc' dir='ltr'>τελουμένην</span> <span class='ocrx_word' id='word_1_74' title='bbox 1014 1396 1176 1466; x_wconf 76' lang='grc' dir='ltr'>εὐχὴν</span> <span class='ocrx_word' id='word_1_75' title='bbox 1228 1391 1644 1464; x_wconf 78' lang='grc' dir='ltr'><strong>ἀποπληρώσας,</strong></span> <span class='ocrx_word' id='word_1_76' title='bbox 1698 1394 1754 1443; x_wconf 80' lang='grc' dir='ltr'>ὲν</span> 
     </span>
    </p>
   </div>
   <div class='ocr_carea' id='block_1_13' title="bbox 186 1481 1752 1560">
    <p class='ocr_par' dir='ltr' id='par_1_13' title="bbox 186 1481 1752 1560">
     <span class='ocr_line' id='line_1_13' title="bbox 186 1481 1752 1560; baseline -0.004 -20"><span class='ocrx_word' id='word_1_77' title='bbox 186 1493 316 1551; x_wconf 78' lang='grc' dir='ltr'>ταῖς</span> <span class='ocrx_word' id='word_1_78' title='bbox 360 1491 688 1556; x_wconf 77' lang='grc' dir='ltr'>ἁγιωτάταις</span> <span class='ocrx_word' id='word_1_79' title='bbox 722 1487 828 1540; x_wconf 91' lang='grc' dir='ltr'><strong>τῶν</strong></span> <span class='ocrx_word' id='word_1_80' title='bbox 872 1487 1278 1560; x_wconf 70' lang='grc' dir='ltr'>ἀφιερωμένων</span> <span class='ocrx_word' id='word_1_81' title='bbox 1322 1485 1560 1546; x_wconf 79' lang='grc' dir='ltr'>τελεταῖς</span> <span class='ocrx_word' id='word_1_82' title='bbox 1607 1481 1752 1553; x_wconf 78' lang='grc' dir='ltr'>αὐτῷ</span> 
     </span>
    </p>
   </div>
   <div class='ocr_carea' id='block_1_14' title="bbox 183 1579 1748 1652">
    <p class='ocr_par' dir='ltr' id='par_1_14' title="bbox 183 1579 1748 1652">
     <span class='ocr_line' id='line_1_14' title="bbox 183 1579 1748 1652; baseline 0.015 -45"><span class='ocrx_word' id='word_1_83' title='bbox 183 1582 390 1651; x_wconf 55' lang='grc' dir='ltr'><strong>χρῆται</strong></span> <span class='ocrx_word' id='word_1_84' title='bbox 439 1582 571 1651; x_wconf 57' lang='grc' dir='ltr'><strong>πρὸς</strong></span> <span class='ocrx_word' id='word_1_85' title='bbox 621 1583 798 1638; x_wconf 60' lang='grc' dir='ltr'>πᾶσαν</span> <span class='ocrx_word' id='word_1_86' title='bbox 845 1582 1024 1651; x_wconf 81' lang='grc' dir='ltr'>σχεδὸν</span> <span class='ocrx_word' id='word_1_87' title='bbox 1073 1579 1386 1652; x_wconf 77' lang='grc' dir='ltr'>ίεραρχικὴν</span> <span class='ocrx_word' id='word_1_88' title='bbox 1442 1579 1748 1648; x_wconf 85' lang='grc' dir='ltr'>τελεσιουρ-</span> 
     </span>
    </p>
   </div>
   <div class='ocr_carea' id='block_1_15' title="bbox 182 1677 334 1752">
    <p class='ocr_par' dir='ltr' id='par_1_15' title="bbox 182 1677 334 1752">
     <span class='ocr_line' id='line_1_15' title="bbox 182 1677 334 1752; baseline -0.02 -24"><span class='ocrx_word' id='word_1_89' title='bbox 182 1677 334 1752; x_wconf 55' lang='grc' dir='ltr'>τίαν.</span> 
     </span>
    </p>
   </div>
   <div class='ocr_carea' id='block_1_16' title="bbox 795 1789 1148 1857">
    <p class='ocr_par' dir='ltr' id='par_1_16' title="bbox 795 1789 1148 1857">
     <span class='ocr_line' id='line_1_16' title="bbox 795 1789 1148 1857; baseline 0 -15"><span class='ocrx_word' id='word_1_90' title='bbox 795 1789 882 1842; x_wconf 82' lang='lat' dir='ltr'><strong>l‘ll.</strong></span> <span class='ocrx_word' id='word_1_91' title='bbox 917 1793 1148 1857; x_wconf 80' lang='grc' dir='ltr'>Θεωρία.</span> 
     </span>
    </p>
   </div>
   <div class='ocr_carea' id='block_1_17' title="bbox 1250 345 2371 412">
    <p class='ocr_par' dir='ltr' id='par_1_17' title="bbox 1250 345 2371 412">
     <span class='ocr_line' id='line_1_17' title="bbox 1250 345 2371 412; baseline 0.006 -12"><span class='ocrx_word' id='word_1_92' title='bbox 1250 346 1332 400; x_wconf 74' lang='lat' dir='ltr'><strong>DE</strong></span> <span class='ocrx_word' id='word_1_93' title='bbox 1677 345 2246 410; x_wconf 75' lang='lat' dir='ltr'><strong>HlERABCH..CAP.</strong></span> <span class='ocrx_word' id='word_1_94' title='bbox 2285 349 2371 407; x_wconf 73' lang='lat' dir='ltr'><strong>IV.</strong></span> 
     </span>
    </p>
   </div>
   <div class='ocr_carea' id='block_1_18' title="bbox 3306 351 3408 407">
    <p class='ocr_par' dir='ltr' id='par_1_18' title="bbox 3306 351 3408 407">
     <span class='ocr_line' id='line_1_18' title="bbox 3306 351 3408 407; baseline -0.02 0"><span class='ocrx_word' id='word_1_95' title='bbox 3306 351 3408 407; x_wconf 64' lang='grc'><strong>474</strong></span> 
     </span>
    </p>
   </div>
   <div class='ocr_carea' id='block_1_19' title="bbox 2066 461 3195 531">
    <p class='ocr_par' dir='ltr' id='par_1_19' title="bbox 2066 461 3195 531">
     <span class='ocr_line' id='line_1_19' title="bbox 2066 461 3195 531; baseline 0.004 -15"><span class='ocrx_word' id='word_1_96' title='bbox 2066 461 2128 516; x_wconf 84' lang='lat' dir='ltr'><strong>ll.</strong></span> <span class='ocrx_word' id='word_1_97' title='bbox 2162 461 2472 526; x_wconf 69' lang='lat' dir='ltr'><strong>Mysteriam</strong></span> <span class='ocrx_word' id='word_1_98' title='bbox 2498 463 2897 519; x_wconf 65' lang='lat' dir='ltr'><strong>consecrationis</strong></span> <span class='ocrx_word' id='word_1_99' title='bbox 2929 468 3195 531; x_wconf 69' lang='lat' dir='ltr'><strong>unguenti.</strong></span> 
     </span>
    </p>
   </div>
   <div class='ocr_carea' id='block_1_20' title="bbox 1928 574 3406 646">
    <p class='ocr_par' dir='ltr' id='par_1_20' title="bbox 1928 574 3406 646">
     <span class='ocr_line' id='line_1_20' title="bbox 1928 574 3406 646; baseline 0.002 -18"><span class='ocrx_word' id='word_1_100' title='bbox 1928 575 2125 628; x_wconf 82' lang='lat' dir='ltr'><strong>Eodem</strong></span> <span class='ocrx_word' id='word_1_101' title='bbox 2159 575 2313 628; x_wconf 86' lang='lat' dir='ltr'><strong>modo</strong></span> <span class='ocrx_word' id='word_1_102' title='bbox 2343 589 2449 645; x_wconf 83' lang='lat' dir='ltr'><strong>quo</strong></span> <span class='ocrx_word' id='word_1_103' title='bbox 2493 574 2545 628; x_wconf 92' lang='lat' dir='ltr'><strong>in</strong></span> <span class='ocrx_word' id='word_1_104' title='bbox 2583 575 2799 644; x_wconf 74' lang='lat' dir='ltr'><strong>synaxl,</strong></span> <span class='ocrx_word' id='word_1_105' title='bbox 2836 575 3070 630; x_wconf 81' lang='lat' dir='ltr'><strong>&#39;ordines</strong></span> <span class='ocrx_word' id='word_1_106' title='bbox 3098 591 3282 631; x_wconf 78' lang='lat' dir='ltr'><strong>eorum</strong></span> <span class='ocrx_word' id='word_1_107' title='bbox 3314 580 3406 646; x_wconf 87' lang='lat' dir='ltr'><strong>qui</strong></span> 
     </span>
    </p>
   </div>
   <div class='ocr_carea' id='block_1_21' title="bbox 1859 665 3404 742">
    <p class='ocr_par' dir='ltr' id='par_1_21' title="bbox 1859 665 3404 742">
     <span class='ocr_line' id='line_1_21' title="bbox 1859 665 3404 742; baseline 0.003 -22"><span class='ocrx_word' id='word_1_108' title='bbox 1859 665 2036 720; x_wconf 89' lang='lat' dir='ltr'><strong>minus</strong></span> <span class='ocrx_word' id='word_1_109' title='bbox 2068 665 2288 734; x_wconf 78' lang='lat' dir='ltr'><strong>perfecti</strong></span> <span class='ocrx_word' id='word_1_110' title='bbox 2336 675 2481 733; x_wconf 86' lang='lat' dir='ltr'><strong>sunt,</strong></span> <span class='ocrx_word' id='word_1_111' title='bbox 2508 667 2889 742; x_wconf 80' lang='lat' dir='ltr'><strong>excluduntur,</strong></span> <span class='ocrx_word' id='word_1_112' title='bbox 2919 669 3214 734; x_wconf 67' lang='lat' dir='ltr'><strong>praemissis</strong></span> <span class='ocrx_word' id='word_1_113' title='bbox 3251 672 3404 724; x_wconf 82' lang='lat' dir='ltr'><strong>vide-</strong></span> 
     </span>
    </p>
   </div>
   <div class='ocr_carea' id='block_1_22' title="bbox 1859 756 3408 825">
    <p class='ocr_par' dir='ltr' id='par_1_22' title="bbox 1859 756 3408 825">
     <span class='ocr_line' id='line_1_22' title="bbox 1859 756 3408 825; baseline 0.004 -18"><span class='ocrx_word' id='word_1_114' title='bbox 1859 756 2005 818; x_wconf 75' lang='lat' dir='ltr'><strong>licet,</strong></span> <span class='ocrx_word' id='word_1_115' title='bbox 2051 771 2204 811; x_wconf 84' lang='lat' dir='ltr'><strong>sacra</strong></span> <span class='ocrx_word' id='word_1_116' title='bbox 2245 771 2338 824; x_wconf 88' lang='lat' dir='ltr'><strong>per</strong></span> <span class='ocrx_word' id='word_1_117' title='bbox 2383 766 2552 811; x_wconf 88' lang='lat' dir='ltr'><strong>totum</strong></span> <span class='ocrx_word' id='word_1_118' title='bbox 2597 757 2854 825; x_wconf 88' lang='lat' dir='ltr'><strong>templum</strong></span> <span class='ocrx_word' id='word_1_119' title='bbox 2901 773 3020 813; x_wconf 85' lang='lat' dir='ltr'><strong>cum</strong></span> <span class='ocrx_word' id='word_1_120' title='bbox 3070 763 3252 816; x_wconf 83' lang='lat' dir='ltr'><strong>odoris</strong></span> <span class='ocrx_word' id='word_1_121' title='bbox 3300 761 3408 813; x_wconf 84' lang='lat' dir='ltr'><strong>fra-</strong></span> 
     </span>
    </p>
   </div>
   <div class='ocr_carea' id='block_1_23' title="bbox 1857 849 3405 918">
    <p class='ocr_par' dir='ltr' id='par_1_23' title="bbox 1857 849 3405 918">
     <span class='ocr_line' id='line_1_23' title="bbox 1857 849 3405 918; baseline 0.004 -18"><span class='ocrx_word' id='word_1_122' title='bbox 1857 850 2064 916; x_wconf 69' lang='lat' dir='ltr'><strong>grantia</strong></span> <span class='ocrx_word' id='word_1_123' title='bbox 2097 849 2455 918; x_wconf 85' lang='lat' dir='ltr'><strong>processione,</strong></span> <span class='ocrx_word' id='word_1_124' title='bbox 2490 849 2929 918; x_wconf 86' lang='lat' dir='ltr'><strong>psalmorumquc</strong></span> <span class='ocrx_word' id='word_1_125' title='bbox 2959 865 3110 904; x_wconf 90' lang='lat' dir='ltr'><strong>sacra</strong></span> <span class='ocrx_word' id='word_1_126' title='bbox 3164 853 3405 906; x_wconf 81' lang='lat' dir='ltr'><strong>modula-</strong></span> 
     </span>
    </p>
   </div>
   <div class='ocr_carea' id='block_1_24' title="bbox 1859 936 3402 1012">
    <p class='ocr_par' dir='ltr' id='par_1_24' title="bbox 1859 936 3402 1012">
     <span class='ocr_line' id='line_1_24' title="bbox 1859 936 3402 1012; baseline 0.003 -23"><span class='ocrx_word' id='word_1_127' title='bbox 1859 936 2030 998; x_wconf 85' lang='lat' dir='ltr'><strong>tione,</strong></span> <span class='ocrx_word' id='word_1_128' title='bbox 2079 945 2134 990; x_wconf 90' lang='lat' dir='ltr'><strong>et</strong></span> <span class='ocrx_word' id='word_1_129' title='bbox 2180 937 2634 992; x_wconf 88' lang='lat' dir='ltr'><strong>divinissimorum</strong></span> <span class='ocrx_word' id='word_1_130' title='bbox 2688 939 3040 1008; x_wconf 79' lang='lat' dir='ltr'><strong>Eloquiorum</strong></span> <span class='ocrx_word' id='word_1_131' title='bbox 3093 942 3402 1012; x_wconf 74' lang='lat' dir='ltr'><strong>promulga-</strong></span> 
     </span>
    </p>
   </div>
   <div class='ocr_carea' id='block_1_25' title="bbox 1859 1026 3400 1100">
    <p class='ocr_par' dir='ltr' id='par_1_25' title="bbox 1859 1026 3400 1100">
     <span class='ocr_line' id='line_1_25' title="bbox 1859 1026 3400 1100; baseline 0.005 -22"><span class='ocrx_word' id='word_1_132' title='bbox 1859 1026 2021 1079; x_wconf 92' lang='lat' dir='ltr'><strong>tione.</strong></span> <span class='ocrx_word' id='word_1_133' title='bbox 2049 1027 2253 1081; x_wconf 93' lang='lat' dir='ltr'><strong>Deinde</strong></span> <span class='ocrx_word' id='word_1_134' title='bbox 2282 1027 2517 1094; x_wconf 76' lang='lat' dir='ltr'><strong>pontifex</strong></span> <span class='ocrx_word' id='word_1_135' title='bbox 2545 1038 2764 1097; x_wconf 86' lang='lat' dir='ltr'><strong>accepto</strong></span> <span class='ocrx_word' id='word_1_136' title='bbox 2791 1039 3065 1098; x_wconf 71' lang='lat' dir='ltr'><strong>unguento</strong></span> <span class='ocrx_word' id='word_1_137' title='bbox 3092 1035 3242 1100; x_wconf 89' lang='lat' dir='ltr'><strong>ponit</strong></span> <span class='ocrx_word' id='word_1_138' title='bbox 3273 1031 3400 1085; x_wconf 82' lang='lat' dir='ltr'><strong>illud</strong></span> 
     </span>
    </p>
   </div>
   <div class='ocr_carea' id='block_1_26' title="bbox 1855 1115 3406 1182">
    <p class='ocr_par' dir='ltr' id='par_1_26' title="bbox 1855 1115 3406 1182">
     <span class='ocr_line' id='line_1_26' title="bbox 1855 1115 3406 1182; baseline 0.004 -13"><span class='ocrx_word' id='word_1_139' title='bbox 1855 1129 2014 1182; x_wconf 87' lang='lat' dir='ltr'><strong>supra</strong></span> <span class='ocrx_word' id='word_1_140' title='bbox 2059 1115 2296 1169; x_wconf 79' lang='lat' dir='ltr'><strong>divinum</strong></span> <span class='ocrx_word' id='word_1_141' title='bbox 2343 1116 2535 1180; x_wconf 83' lang='lat' dir='ltr'><strong>altare,</strong></span> <span class='ocrx_word' id='word_1_142' title='bbox 2584 1118 2865 1174; x_wconf 81' lang='lat' dir='ltr'><strong>duodecim</strong></span> <span class='ocrx_word' id='word_1_143' title='bbox 2901 1123 3072 1175; x_wconf 82' lang='lat' dir='ltr'><strong>sacris</strong></span> <span class='ocrx_word' id='word_1_144' title='bbox 3102 1121 3200 1176; x_wconf 86' lang='lat' dir='ltr'><strong>alis</strong></span> <span class='ocrx_word' id='word_1_145' title='bbox 3235 1123 3406 1176; x_wconf 78' lang='lat' dir='ltr'><strong>obve-</strong></span> 
     </span>
    </p>
   </div>
   <div class='ocr_carea' id='block_1_27' title="bbox 1855 1206 3404 1275">
    <p class='ocr_par' dir='ltr' id='par_1_27' title="bbox 1855 1206 3404 1275">
     <span class='ocr_line' id='line_1_27' title="bbox 1855 1206 3404 1275; baseline 0.005 -15"><span class='ocrx_word' id='word_1_146' title='bbox 1855 1206 2041 1275; x_wconf 88' lang='lat' dir='ltr'><strong>latum,</strong></span> <span class='ocrx_word' id='word_1_147' title='bbox 2073 1209 2280 1263; x_wconf 85' lang='lat' dir='ltr'><strong>cunctis</strong></span> <span class='ocrx_word' id='word_1_148' title='bbox 2309 1211 2648 1264; x_wconf 87' lang='lat' dir='ltr'><strong>sanctissima</strong></span> <span class='ocrx_word' id='word_1_149' title='bbox 2680 1226 2807 1264; x_wconf 88' lang='lat' dir='ltr'><strong>voce</strong></span> <span class='ocrx_word' id='word_1_150' title='bbox 2836 1214 3249 1272; x_wconf 71' lang='lat' dir='ltr'><strong>concinentibus</strong></span> <span class='ocrx_word' id='word_1_151' title='bbox 3279 1216 3404 1267; x_wconf 87' lang='lat' dir='ltr'><strong>illud</strong></span> 
     </span>
    </p>
   </div>
   <div class='ocr_carea' id='block_1_28' title="bbox 1853 1299 3408 1371">
    <p class='ocr_par' dir='ltr' id='par_1_28' title="bbox 1853 1299 3408 1371">
     <span class='ocr_line' id='line_1_28' title="bbox 1853 1299 3408 1371; baseline 0.003 -17"><span class='ocrx_word' id='word_1_152' title='bbox 1853 1299 2108 1354; x_wconf 79' lang='lat' dir='ltr'><strong>divinitus</strong></span> <span class='ocrx_word' id='word_1_153' title='bbox 2153 1300 2454 1356; x_wconf 82' lang='lat' dir='ltr'><strong>amatorum</strong></span> <span class='ocrx_word' id='word_1_154' title='bbox 2514 1302 2894 1371; x_wconf 78' lang='lat' dir='ltr'><strong>praphetarum</strong></span> <span class='ocrx_word' id='word_1_155' title='bbox 2934 1307 3208 1360; x_wconf 83' lang='lat' dir='ltr'><strong>canticum</strong></span> <span class='ocrx_word' id='word_1_156' title='bbox 3259 1305 3408 1359; x_wconf 82' lang='lat' dir='ltr'><strong>uilla-</strong></span> 
     </span>
    </p>
   </div>
   <div class='ocr_carea' id='block_1_29' title="bbox 1854 1392 3406 1468">
    <p class='ocr_par' dir='ltr' id='par_1_29' title="bbox 1854 1392 3406 1468">
     <span class='ocr_line' id='line_1_29' title="bbox 1854 1392 3406 1468; baseline 0.003 -23"><span class='ocrx_word' id='word_1_157' title='bbox 1854 1392 2033 1458; x_wconf 82' lang='lat' dir='ltr'><strong>tionis,</strong></span> <span class='ocrx_word' id='word_1_158' title='bbox 2064 1393 2443 1462; x_wconf 73' lang='lat' dir='ltr'><strong>completoque</strong></span> <span class='ocrx_word' id='word_1_159' title='bbox 2475 1407 2640 1464; x_wconf 83' lang='lat' dir='ltr'><strong>super</strong></span> <span class='ocrx_word' id='word_1_160' title='bbox 2675 1411 2743 1450; x_wconf 92' lang='lat' dir='ltr'><strong>eo</strong></span> <span class='ocrx_word' id='word_1_161' title='bbox 2773 1400 3171 1453; x_wconf 81' lang='lat' dir='ltr'><strong>consecratoria</strong></span> <span class='ocrx_word' id='word_1_162' title='bbox 3217 1414 3406 1468; x_wconf 76' lang='lat' dir='ltr'><strong>prcca-</strong></span> 
     </span>
    </p>
   </div>
   <div class='ocr_carea' id='block_1_30' title="bbox 1854 1473 3403 1560">
    <p class='ocr_par' dir='ltr' id='par_1_30' title="bbox 1854 1473 3403 1560">
     <span class='ocr_line' id='line_1_30' title="bbox 1854 1473 3403 1560; baseline 0.002 -20"><span class='ocrx_word' id='word_1_163' title='bbox 1854 1489 2018 1548; x_wconf 90' lang='lat' dir='ltr'><strong>tione,</strong></span> <span class='ocrx_word' id='word_1_164' title='bbox 2055 1486 2106 1538; x_wconf 91' lang='lat' dir='ltr'><strong>in</strong></span> <span class='ocrx_word' id='word_1_165' title='bbox 2138 1487 2503 1542; x_wconf 87' lang='lat' dir='ltr'><strong>sanctissimis</strong></span> <span class='ocrx_word' id='word_1_166' title='bbox 2548 1489 2851 1560; x_wconf 86' lang='lat' dir='ltr'><strong>quibusque</strong></span> <span class='ocrx_word' id='word_1_167' title='bbox 2887 1473 3065 1546; x_wconf 74' lang='lat' dir='ltr'><strong>rerum</strong></span> <span class='ocrx_word' id='word_1_168' title='bbox 3111 1493 3403 1547; x_wconf 83' lang='lat' dir='ltr'><strong>sacranda-</strong></span> 
     </span>
    </p>
   </div>
   <div class='ocr_carea' id='block_1_31' title="bbox 1852 1578 3391 1637">
    <p class='ocr_par' dir='ltr' id='par_1_31' title="bbox 1852 1578 3391 1637">
     <span class='ocr_line' id='line_1_31' title="bbox 1852 1578 3391 1637; baseline 0.002 -5"><span class='ocrx_word' id='word_1_169' title='bbox 1852 1595 1968 1632; x_wconf 90' lang='lat' dir='ltr'><strong>rnm</strong></span> <span class='ocrx_word' id='word_1_170' title='bbox 2017 1578 2516 1633; x_wconf 83' lang='lat' dir='ltr'><strong>consecrationibus</strong></span> <span class='ocrx_word' id='word_1_171' title='bbox 2576 1584 2758 1634; x_wconf 88' lang='lat' dir='ltr'><strong>eodem</strong></span> <span class='ocrx_word' id='word_1_172' title='bbox 2826 1584 2995 1636; x_wconf 83' lang='lat' dir='ltr'><strong>utitur</strong></span> <span class='ocrx_word' id='word_1_173' title='bbox 3063 1585 3128 1637; x_wconf 87' lang='lat' dir='ltr'><strong>ad</strong></span> <span class='ocrx_word' id='word_1_174' title='bbox 3178 1598 3391 1637; x_wconf 86' lang='lat' dir='ltr'><strong>onmem</strong></span> 
     </span>
    </p>
   </div>
   <div class='ocr_carea' id='block_1_32' title="bbox 1849 1666 2949 1726">
    <p class='ocr_par' dir='ltr' id='par_1_32' title="bbox 1849 1666 2949 1726">
     <span class='ocr_line' id='line_1_32' title="bbox 1849 1666 2949 1726; baseline 0.002 -2"><span class='ocrx_word' id='word_1_175' title='bbox 1849 1666 2020 1724; x_wconf 81' lang='lat' dir='ltr'><strong>ferme</strong></span> <span class='ocrx_word' id='word_1_176' title='bbox 2050 1669 2435 1724; x_wconf 83' lang='lat' dir='ltr'><strong>bierarchicam</strong></span> <span class='ocrx_word' id='word_1_177' title='bbox 2463 1671 2949 1726; x_wconf 76' lang='lat' dir='ltr'><strong>consecrationem.</strong></span> 
     </span>
    </p>
   </div>
   <div class='ocr_carea' id='block_1_33' title="bbox 2275 1780 2982 1851">
    <p class='ocr_par' dir='ltr' id='par_1_33' title="bbox 2275 1780 2982 1851">
     <span class='ocr_line' id='line_1_33' title="bbox 2275 1780 2982 1851; baseline -0.008 -12"><span class='ocrx_word' id='word_1_178' title='bbox 2275 1781 2437 1851; x_wconf 78' lang='lat'><strong>216</strong></span> <span class='ocrx_word' id='word_1_179' title='bbox 2469 1780 2553 1834; x_wconf 87' lang='lat' dir='ltr'><strong>Ill.</strong></span> <span class='ocrx_word' id='word_1_180' title='bbox 2585 1780 2982 1849; x_wconf 73' lang='lat' dir='ltr'><strong>Contemplatio.</strong></span> 
     </span>
    </p>
   </div>
   <div class='ocr_carea' id='block_1_34' title="bbox 1748 1937 1862 2011">
    <p class='ocr_par' dir='ltr' id='par_1_34' title="bbox 1748 1937 1862 2011">
     <span class='ocr_line' id='line_1_34' title="bbox 1748 1937 1862 2011; baseline 0.018 -15"><span class='ocrx_word' id='word_1_181' title='bbox 1748 1937 1862 2011; x_wconf 58' lang='grc' dir='ltr'>ξι.</span> 
     </span>
    </p>
   </div>
   <div class='ocr_carea' id='block_1_35' title="bbox 264 2081 1739 2161">
    <p class='ocr_par' dir='ltr' id='par_1_35' title="bbox 264 2083 1739 2161">
     <span class='ocr_line' id='line_1_35' title="bbox 264 2083 1739 2161; baseline 0.001 -21"><span class='ocrx_word' id='word_1_182' title='bbox 264 2088 331 2140; x_wconf 85' lang='grc' dir='ltr'><em>Ἦ</em></span> <span class='ocrx_word' id='word_1_183' title='bbox 365 2087 463 2157; x_wconf 78' lang='grc' dir='ltr'>μὲν</span> <span class='ocrx_word' id='word_1_184' title='bbox 489 2083 580 2142; x_wconf 74' lang='grc' dir='ltr'><strong>οὖν</strong></span> <span class='ocrx_word' id='word_1_185' title='bbox 594 2089 640 2120; x_wconf 84' lang='grc'><strong>⁷³</strong></span> <span class='ocrx_word' id='word_1_186' title='bbox 677 2091 1006 2161; x_wconf 83' lang='grc' dir='ltr'>είσαγωγικὴ</span> <span class='ocrx_word' id='word_1_187' title='bbox 1042 2090 1141 2159; x_wconf 75' lang='grc' dir='ltr'><strong>τῆς</strong></span> <span class='ocrx_word' id='word_1_188' title='bbox 1176 2091 1519 2160; x_wconf 86' lang='grc' dir='ltr'>τελειωτικῆς</span> <span class='ocrx_word' id='word_1_189' title='bbox 1551 2091 1739 2160; x_wconf 79' lang='grc' dir='ltr'>ταύτης</span> 
     </span>
    </p>
   </div>
   <div class='ocr_carea' id='block_1_36' title="bbox 1795 2081 3402 2161">
    <p class='ocr_par' dir='ltr' id='par_1_36' title="bbox 1795 2081 3402 2160">
     <span class='ocr_line' id='line_1_36' title="bbox 1795 2081 3402 2160; baseline -0.001 -18"><span class='ocrx_word' id='word_1_190' title='bbox 1795 2099 1825 2151; x_wconf 79' lang='grc' dir='ltr'>Β</span> <span class='ocrx_word' id='word_1_191' title='bbox 1927 2089 2150 2156; x_wconf 79' lang='lat' dir='ltr'><strong>Ipsamet</strong></span> <span class='ocrx_word' id='word_1_192' title='bbox 2197 2088 2412 2160; x_wconf 77' lang='lat' dir='ltr'><strong>quidem</strong></span> <span class='ocrx_word' id='word_1_193' title='bbox 2460 2087 2848 2141; x_wconf 88' lang='lat' dir='ltr'><strong>introductoria</strong></span> <span class='ocrx_word' id='word_1_194' title='bbox 2893 2087 3200 2154; x_wconf 79' lang='lat' dir='ltr'><strong>perfoctira:</strong></span> <span class='ocrx_word' id='word_1_195' title='bbox 3243 2081 3402 2158; x_wconf 77' lang='lat' dir='ltr'><strong>hujus</strong></span> 
     </span>
    </p>
   </div>
   <div class='ocr_carea' id='block_1_37' title="bbox 176 2180 1742 2253">
    <p class='ocr_par' dir='ltr' id='par_1_37' title="bbox 176 2180 1742 2253">
     <span class='ocr_line' id='line_1_37' title="bbox 176 2180 1742 2253; baseline 0.001 -22"><span class='ocrx_word' id='word_1_196' title='bbox 176 2180 490 2250; x_wconf 86' lang='grc' dir='ltr'>ιερουργίας</span> <span class='ocrx_word' id='word_1_197' title='bbox 543 2180 796 2251; x_wconf 79' lang='grc' dir='ltr'>ἀναγωγὴ</span> <span class='ocrx_word' id='word_1_198' title='bbox 835 2181 921 2234; x_wconf 86' lang='grc' dir='ltr'><strong>διά</strong></span> <span class='ocrx_word' id='word_1_199' title='bbox 948 2181 1057 2233; x_wconf 88' lang='grc' dir='ltr'><strong>τῶν</strong></span> <span class='ocrx_word' id='word_1_200' title='bbox 1101 2182 1241 2241; x_wconf 86' lang='grc' dir='ltr'><strong>κατά</strong></span> <span class='ocrx_word' id='word_1_201' title='bbox 1282 2183 1343 2235; x_wconf 84' lang='grc' dir='ltr'><strong>τὸ</strong></span> <span class='ocrx_word' id='word_1_202' title='bbox 1386 2182 1526 2234; x_wconf 84' lang='grc' dir='ltr'>θεῖον</span> <span class='ocrx_word' id='word_1_203' title='bbox 1575 2181 1742 2253; x_wconf 80' lang='grc' dir='ltr'>μύρον</span> 
     </span>
    </p>
   </div>
   <div class='ocr_carea' id='block_1_38' title="bbox 175 2269 1740 2344">
    <p class='ocr_par' dir='ltr' id='par_1_38' title="bbox 175 2269 1740 2344">
     <span class='ocr_line' id='line_1_38' title="bbox 175 2269 1740 2344; baseline 0.001 -21"><span class='ocrx_word' id='word_1_204' title='bbox 175 2269 342 2340; x_wconf 84' lang='grc' dir='ltr'>ίερῶς</span> <span class='ocrx_word' id='word_1_205' title='bbox 375 2270 662 2340; x_wconf 82' lang='grc' dir='ltr'>δρωμένων</span> <span class='ocrx_word' id='word_1_206' title='bbox 696 2273 888 2336; x_wconf 68' lang='grc' dir='ltr'>ἐκεῖνο,</span> <span class='ocrx_word' id='word_1_207' title='bbox 924 2269 1092 2343; x_wconf 74' lang='grc' dir='ltr'>οἶμαι,</span> <span class='ocrx_word' id='word_1_208' title='bbox 1137 2273 1302 2344; x_wconf 88' lang='grc' dir='ltr'>δηλοῖ,</span> <span class='ocrx_word' id='word_1_209' title='bbox 1346 2275 1406 2326; x_wconf 87' lang='grc' dir='ltr'><strong>τὸ</strong></span> <span class='ocrx_word' id='word_1_210' title='bbox 1446 2290 1740 2343; x_wconf 89' lang='grc' dir='ltr'>περικεκα-</span> 
     </span>
    </p>
   </div>
   <div class='ocr_carea' id='block_1_39' title="bbox 171 2363 1744 2436">
    <p class='ocr_par' dir='ltr' id='par_1_39' title="bbox 171 2363 1744 2436">
     <span class='ocr_line' id='line_1_39' title="bbox 171 2363 1744 2436; baseline -0.001 -20"><span class='ocrx_word' id='word_1_211' title='bbox 171 2363 378 2432; x_wconf 76' lang='grc' dir='ltr'>λύφθαι</span> <span class='ocrx_word' id='word_1_212' title='bbox 415 2363 520 2415; x_wconf 88' lang='grc' dir='ltr'><strong>τῶν</strong></span> <span class='ocrx_word' id='word_1_213' title='bbox 557 2364 715 2418; x_wconf 83' lang='grc' dir='ltr'>ὁσίων</span> <span class='ocrx_word' id='word_1_214' title='bbox 759 2365 964 2436; x_wconf 89' lang='grc' dir='ltr'>ἀνδρῶν</span> <span class='ocrx_word' id='word_1_215' title='bbox 988 2367 1033 2397; x_wconf 67' lang='grc'><strong>⁷⁵</strong></span> <span class='ocrx_word' id='word_1_216' title='bbox 1056 2367 1115 2418; x_wconf 82' lang='grc' dir='ltr'><strong>τὸ</strong></span> <span class='ocrx_word' id='word_1_217' title='bbox 1141 2367 1281 2418; x_wconf 85' lang='grc' dir='ltr'><strong>κατά</strong></span> <span class='ocrx_word' id='word_1_218' title='bbox 1325 2365 1445 2418; x_wconf 78' lang='grc' dir='ltr'>νοῦν</span> <span class='ocrx_word' id='word_1_219' title='bbox 1480 2365 1620 2435; x_wconf 80' lang='grc' dir='ltr'>ἱερὸν</span> <span class='ocrx_word' id='word_1_220' title='bbox 1652 2364 1744 2416; x_wconf 59' lang='grc' dir='ltr'><strong>καὶ⁸</strong></span> 
     </span>
    </p>
   </div>
   <div class='ocr_carea' id='block_1_40' title="bbox 171 2453 1739 2527">
    <p class='ocr_par' dir='ltr' id='par_1_40' title="bbox 171 2453 1739 2527">
     <span class='ocr_line' id='line_1_40' title="bbox 171 2453 1739 2527; baseline 0.002 -22"><span class='ocrx_word' id='word_1_221' title='bbox 171 2453 374 2517; x_wconf 78' lang='grc' dir='ltr'>εὐῶδες</span> <span class='ocrx_word' id='word_1_222' title='bbox 393 2471 405 2483; x_wconf 74' lang='grc' dir='ltr'><strong>ο</strong></span> <span class='ocrx_word' id='word_1_223' title='bbox 435 2455 552 2524; x_wconf 72' lang='grc' dir='ltr'>ἥτις</span> <span class='ocrx_word' id='word_1_224' title='bbox 572 2454 765 2518; x_wconf 81' lang='grc' dir='ltr'>ὲνθέως</span> <span class='ocrx_word' id='word_1_225' title='bbox 795 2457 1136 2523; x_wconf 81' lang='grc' dir='ltr'>ὲγκελεύεται</span> <span class='ocrx_word' id='word_1_226' title='bbox 1161 2459 1271 2518; x_wconf 86' lang='grc' dir='ltr'>τοῖς</span> <span class='ocrx_word' id='word_1_227' title='bbox 1299 2457 1461 2527; x_wconf 85' lang='grc' dir='ltr'>ἱεροῖς</span> <span class='ocrx_word' id='word_1_228' title='bbox 1495 2454 1739 2527; x_wconf 75' lang='grc' dir='ltr'>ἀνδράσι,</span> 
     </span>
    </p>
   </div>
   <div class='ocr_carea' id='block_1_41' title="bbox 173 2545 1740 2620">
    <p class='ocr_par' dir='ltr' id='par_1_41' title="bbox 173 2545 1740 2620">
     <span class='ocr_line' id='line_1_41' title="bbox 173 2545 1740 2620; baseline -0.01 -4"><span class='ocrx_word' id='word_1_229' title='bbox 173 2545 250 2616; x_wconf 66' lang='grc' dir='ltr'><strong>μὴ</strong></span> <span class='ocrx_word' id='word_1_230' title='bbox 271 2545 594 2614; x_wconf 68' lang='grc' dir='ltr'>φαινομένας</span> <span class='ocrx_word' id='word_1_231' title='bbox 621 2545 762 2615; x_wconf 83' lang='grc' dir='ltr'>ἔχειν</span> <span class='ocrx_word' id='word_1_232' title='bbox 782 2547 873 2597; x_wconf 74' lang='grc' dir='ltr'>ὲπϊ</span> <span class='ocrx_word' id='word_1_233' title='bbox 889 2546 1012 2619; x_wconf 78' lang='grc' dir='ltr'>δόξῃ</span> <span class='ocrx_word' id='word_1_234' title='bbox 1035 2551 1161 2618; x_wconf 80' lang='grc' dir='ltr'>κενῇ</span> <span class='ocrx_word' id='word_1_235' title='bbox 1178 2547 1275 2611; x_wconf 69' lang='grc' dir='ltr'>τὰς</span> <span class='ocrx_word' id='word_1_236' title='bbox 1299 2551 1414 2601; x_wconf 87' lang='grc' dir='ltr'>κατ’</span> <span class='ocrx_word' id='word_1_237' title='bbox 1437 2549 1634 2620; x_wconf 82' lang='grc' dir='ltr'>ἀρετὴν</span> <span class='ocrx_word' id='word_1_238' title='bbox 1649 2547 1740 2602; x_wconf 82' lang='grc' dir='ltr'>τοῦ</span> 
     </span>
    </p>
   </div>
   <div class='ocr_carea' id='block_1_42' title="bbox 168 2635 1739 2710">
    <p class='ocr_par' dir='ltr' id='par_1_42' title="bbox 168 2635 1739 2710">
     <span class='ocr_line' id='line_1_42' title="bbox 168 2635 1739 2710; baseline 0.003 -23"><span class='ocrx_word' id='word_1_239' title='bbox 168 2637 406 2706; x_wconf 77' lang='grc' dir='ltr'>κρυφίου</span> <span class='ocrx_word' id='word_1_240' title='bbox 475 2635 605 2688; x_wconf 79' lang='grc' dir='ltr'>Θεοῦ</span> <span class='ocrx_word' id='word_1_241' title='bbox 677 2635 846 2699; x_wconf 79' lang='grc' dir='ltr'>καλὰς</span> <span class='ocrx_word' id='word_1_242' title='bbox 910 2639 1002 2694; x_wconf 73' lang='grc' dir='ltr'><strong>καὶ</strong></span> <span class='ocrx_word' id='word_1_243' title='bbox 1073 2638 1290 2702; x_wconf 78' lang='grc' dir='ltr'>εὐώδεις</span> <span class='ocrx_word' id='word_1_244' title='bbox 1356 2639 1739 2710; x_wconf 83' lang='grc' dir='ltr'>ἀφομοιώσεις.</span> 
     </span>
    </p>
   </div>
   <div class='ocr_carea' id='block_1_43' title="bbox 173 2716 1742 2803">
    <p class='ocr_par' dir='ltr' id='par_1_43' title="bbox 173 2716 1742 2803">
     <span class='ocr_line' id='line_1_43' title="bbox 173 2716 1742 2803; baseline 0.004 -27"><span class='ocrx_word' id='word_1_245' title='bbox 173 2724 470 2797; x_wconf 71' lang='grc' dir='ltr'>’Δχραντοι</span> <span class='ocrx_word' id='word_1_246' title='bbox 501 2727 604 2796; x_wconf 81' lang='grc' dir='ltr'><strong>γάρ</strong></span> <span class='ocrx_word' id='word_1_247' title='bbox 636 2729 771 2780; x_wconf 88' lang='grc' dir='ltr'>είσιν</span> <span class='ocrx_word' id='word_1_248' title='bbox 806 2730 860 2781; x_wconf 85' lang='grc' dir='ltr'><strong>αί</strong></span> <span class='ocrx_word' id='word_1_249' title='bbox 896 2727 989 2782; x_wconf 79' lang='grc' dir='ltr'>τοῦ</span> <span class='ocrx_word' id='word_1_250' title='bbox 1029 2716 1164 2784; x_wconf 80' lang='grc' dir='ltr'>Θεοῦ</span> <span class='ocrx_word' id='word_1_251' title='bbox 1201 2730 1426 2800; x_wconf 81' lang='grc' dir='ltr'>κρύφιαι</span> <span class='ocrx_word' id='word_1_252' title='bbox 1462 2731 1554 2783; x_wconf 75' lang='grc' dir='ltr'><strong>καὶ</strong></span> <span class='ocrx_word' id='word_1_253' title='bbox 1603 2731 1742 2803; x_wconf 84' lang='grc' dir='ltr'>ὑπὲρ</span> 
     </span>
    </p>
   </div>
   <div class='ocr_carea' id='block_1_44' title="bbox 166 2817 1741 2894">
    <p class='ocr_par' dir='ltr' id='par_1_44' title="bbox 166 2817 1741 2894">
     <span class='ocr_line' id='line_1_44' title="bbox 166 2817 1741 2894; baseline 0.004 -22"><span class='ocrx_word' id='word_1_254' title='bbox 166 2817 296 2872; x_wconf 61' lang='grc' dir='ltr'>κῦν</span> <span class='ocrx_word' id='word_1_255' title='bbox 330 2817 548 2884; x_wconf 75' lang='grc' dir='ltr'>εὐώδεις</span> <span class='ocrx_word' id='word_1_256' title='bbox 601 2820 956 2893; x_wconf 78' lang='grc' dir='ltr'>εὐπρέπειαι,</span> <span class='ocrx_word' id='word_1_257' title='bbox 1006 2825 1097 2875; x_wconf 69' lang='grc' dir='ltr'><strong>καὶ</strong></span> <span class='ocrx_word' id='word_1_258' title='bbox 1148 2824 1350 2894; x_wconf 86' lang='grc' dir='ltr'>νοητῶς</span> <span class='ocrx_word' id='word_1_259' title='bbox 1396 2825 1741 2894; x_wconf 82' lang='grc' dir='ltr'>ὲμφαίνονται</span> 
     </span>
    </p>
   </div>
   <div class='ocr_carea' id='block_1_45' title="bbox 174 2912 1739 2984">
    <p class='ocr_par' dir='ltr' id='par_1_45' title="bbox 174 2912 1739 2984">
     <span class='ocr_line' id='line_1_45' title="bbox 174 2912 1739 2984; baseline 0.001 -20"><span class='ocrx_word' id='word_1_260' title='bbox 174 2912 418 2981; x_wconf 69' lang='grc' dir='ltr'><strong>μόνοιςη</strong></span> <span class='ocrx_word' id='word_1_261' title='bbox 453 2916 564 2976; x_wconf 85' lang='grc' dir='ltr'>τοῖς</span> <span class='ocrx_word' id='word_1_262' title='bbox 596 2916 833 2984; x_wconf 83' lang='grc' dir='ltr'>νοεροῖς,</span> <span class='ocrx_word' id='word_1_263' title='bbox 869 2914 1129 2984; x_wconf 82' lang='grc' dir='ltr'>ὁμοειδεῖς</span> <span class='ocrx_word' id='word_1_264' title='bbox 1162 2915 1301 2984; x_wconf 81' lang='grc' dir='ltr'>ἔχειν</span> <span class='ocrx_word' id='word_1_265' title='bbox 1340 2914 1614 2968; x_wconf 71' lang='grc' dir='ltr'>ἐθέλουσαι</span> <span class='ocrx_word' id='word_1_266' title='bbox 1643 2915 1739 2978; x_wconf 87' lang='grc' dir='ltr'><strong>τάς</strong></span> 
     </span>
    </p>
   </div>
   <div class='ocr_carea' id='block_1_46' title="bbox 168 3003 1736 3077">
    <p class='ocr_par' dir='ltr' id='par_1_46' title="bbox 168 3003 1736 3077">
     <span class='ocr_line' id='line_1_46' title="bbox 168 3003 1736 3077; baseline 0.003 -21"><span class='ocrx_word' id='word_1_267' title='bbox 168 3004 294 3056; x_wconf 82' lang='grc' dir='ltr'>κατ’</span> <span class='ocrx_word' id='word_1_268' title='bbox 346 3003 544 3074; x_wconf 77' lang='grc' dir='ltr'>ἀρετὴν</span> <span class='ocrx_word' id='word_1_269' title='bbox 588 3005 645 3056; x_wconf 81' lang='grc' dir='ltr'>ὲν</span> <span class='ocrx_word' id='word_1_270' title='bbox 691 3004 884 3074; x_wconf 76' lang='grc' dir='ltr'>ψυχαῖς</span> <span class='ocrx_word' id='word_1_271' title='bbox 941 3007 1460 3077; x_wconf 82' lang='grc' dir='ltr'>ἀπαραφθάρτους⁷⁶</span> <span class='ocrx_word' id='word_1_272' title='bbox 1505 3009 1736 3070; x_wconf 76' lang='grc' dir='ltr'>εἰκόνας.</span> 
     </span>
    </p>
   </div>
   <div class='ocr_carea' id='block_1_47' title="bbox 170 3091 1740 3168">
    <p class='ocr_par' dir='ltr' id='par_1_47' title="bbox 170 3091 1740 3168">
     <span class='ocr_line' id='line_1_47' title="bbox 170 3091 1740 3168; baseline 0.002 -22"><span class='ocrx_word' id='word_1_273' title='bbox 170 3092 244 3146; x_wconf 78' lang='grc' dir='ltr'>Τὸ</span> <span class='ocrx_word' id='word_1_274' title='bbox 284 3091 392 3164; x_wconf 88' lang='grc' dir='ltr'>γὰρ</span> <span class='ocrx_word' id='word_1_275' title='bbox 416 3093 512 3162; x_wconf 83' lang='grc' dir='ltr'>τῆς</span> <span class='ocrx_word' id='word_1_276' title='bbox 551 3093 811 3164; x_wconf 25' lang='grc' dir='ltr'>θεηοειδοῦς</span> <span class='ocrx_word' id='word_1_277' title='bbox 846 3096 1043 3167; x_wconf 75' lang='grc' dir='ltr'>ἀρετῆς</span> <span class='ocrx_word' id='word_1_278' title='bbox 1076 3097 1500 3167; x_wconf 87' lang='grc' dir='ltr'>ἀπαράγραπτον</span> <span class='ocrx_word' id='word_1_279' title='bbox 1543 3093 1598 3150; x_wconf 83' lang='grc' dir='ltr'>εὖ</span> <span class='ocrx_word' id='word_1_280' title='bbox 1646 3115 1740 3168; x_wconf 85' lang='grc' dir='ltr'>με·-</span> 
     </span>
    </p>
   </div>
   <div class='ocr_carea' id='block_1_48' title="bbox 171 3181 1739 3257">
    <p class='ocr_par' dir='ltr' id='par_1_48' title="bbox 171 3181 1739 3257">
     <span class='ocr_line' id='line_1_48' title="bbox 171 3181 1739 3257; baseline 0.004 -25"><span class='ocrx_word' id='word_1_281' title='bbox 171 3181 483 3252; x_wconf 85' lang='grc' dir='ltr'>μιμημένον</span> <span class='ocrx_word' id='word_1_282' title='bbox 515 3184 556 3213; x_wconf 90' lang='grc'><strong>⁷⁷</strong></span> <span class='ocrx_word' id='word_1_283' title='bbox 607 3183 856 3254; x_wconf 74' lang='grc' dir='ltr'>ἄγαλμα,</span> <span class='ocrx_word' id='word_1_284' title='bbox 909 3186 1042 3256; x_wconf 86' lang='grc' dir='ltr'>πρὸς</span> <span class='ocrx_word' id='word_1_285' title='bbox 1085 3187 1257 3237; x_wconf 84' lang='grc' dir='ltr'>ἐκεῖνο</span> <span class='ocrx_word' id='word_1_286' title='bbox 1303 3186 1362 3238; x_wconf 86' lang='grc' dir='ltr'><strong>τὸ</strong></span> <span class='ocrx_word' id='word_1_287' title='bbox 1407 3186 1592 3257; x_wconf 82' lang='grc' dir='ltr'>νοητὸν</span> <span class='ocrx_word' id='word_1_288' title='bbox 1646 3187 1739 3238; x_wconf 75' lang='grc' dir='ltr'>καὶ</span> 
     </span>
    </p>
   </div>
   <div class='ocr_carea' id='block_1_49' title="bbox 169 3269 1739 3341">
    <p class='ocr_par' dir='ltr' id='par_1_49' title="bbox 169 3269 1739 3341">
     <span class='ocr_line' id='line_1_49' title="bbox 169 3269 1739 3341; baseline 0.001 -17"><span class='ocrx_word' id='word_1_289' title='bbox 169 3269 370 3332; x_wconf 82' lang='grc' dir='ltr'>εὐῶδες</span> <span class='ocrx_word' id='word_1_290' title='bbox 410 3271 624 3341; x_wconf 79' lang='grc' dir='ltr'>ἀφορῶν</span> <span class='ocrx_word' id='word_1_291' title='bbox 668 3271 877 3336; x_wconf 79' lang='grc' dir='ltr'>κάλλος,</span> <span class='ocrx_word' id='word_1_292' title='bbox 904 3273 1071 3337; x_wconf 74' lang='grc' dir='ltr'>οὕτως</span> <span class='ocrx_word' id='word_1_293' title='bbox 1099 3274 1254 3325; x_wconf 79' lang='grc' dir='ltr'>ἑαυτὸ</span> <span class='ocrx_word' id='word_1_294' title='bbox 1293 3277 1452 3326; x_wconf 85' lang='grc' dir='ltr'>τυποῖ</span> <span class='ocrx_word' id='word_1_295' title='bbox 1491 3275 1584 3326; x_wconf 69' lang='grc' dir='ltr'><strong>καὶ</strong></span> <span class='ocrx_word' id='word_1_296' title='bbox 1627 3274 1739 3326; x_wconf 91' lang='grc' dir='ltr'>δια-</span> 
     </span>
    </p>
   </div>
   <div class='ocr_carea' id='block_1_50' title="bbox 169 3343 1736 3437">
    <p class='ocr_par' dir='ltr' id='par_1_50' title="bbox 169 3343 1736 3437">
     <span class='ocr_line' id='line_1_50' title="bbox 169 3343 1736 3437; baseline 0.003 -24"><span class='ocrx_word' id='word_1_297' title='bbox 169 3349 395 3414; x_wconf 76' lang='grc' dir='ltr'>πλάττει</span> <span class='ocrx_word' id='word_1_298' title='bbox 443 3362 577 3432; x_wconf 82' lang='grc' dir='ltr'>πρὸς</span> <span class='ocrx_word' id='word_1_299' title='bbox 603 3343 682 3413; x_wconf 55' lang='grc' dir='ltr'><strong>ὶτὸ</strong></span> <span class='ocrx_word' id='word_1_300' title='bbox 725 3362 1002 3416; x_wconf 75' lang='grc' dir='ltr'>κάλλιστον</span> <span class='ocrx_word' id='word_1_301' title='bbox 1047 3365 1286 3434; x_wconf 89' lang='grc' dir='ltr'>μίμημα.</span> <span class='ocrx_word' id='word_1_302' title='bbox 1337 3366 1442 3417; x_wconf 67' lang='grc' dir='ltr'>Καὶ</span> <span class='ocrx_word' id='word_1_303' title='bbox 1491 3365 1736 3437; x_wconf 87' lang='grc' dir='ltr'>καθάπερ</span> 
     </span>
    </p>
   </div>
   <div class='ocr_carea' id='block_1_51' title="bbox 1845 2177 3400 2246">
    <p class='ocr_par' dir='ltr' id='par_1_51' title="bbox 1845 2177 3400 2246">
     <span class='ocr_line' id='line_1_51' title="bbox 1845 2177 3400 2246; baseline -0.001 -13"><span class='ocrx_word' id='word_1_304' title='bbox 1845 2177 2271 2234; x_wconf 87' lang='lat' dir='ltr'><strong>consecrationis</strong></span> <span class='ocrx_word' id='word_1_305' title='bbox 2305 2193 2543 2246; x_wconf 78' lang='lat' dir='ltr'><strong>auagoge</strong></span> <span class='ocrx_word' id='word_1_306' title='bbox 2587 2193 2684 2246; x_wconf 87' lang='lat' dir='ltr'><strong>per</strong></span> <span class='ocrx_word' id='word_1_307' title='bbox 2707 2193 2770 2231; x_wconf 89' lang='lat' dir='ltr'><strong>ea</strong></span> <span class='ocrx_word' id='word_1_308' title='bbox 2800 2193 2920 2245; x_wconf 67' lang='lat' dir='ltr'><strong>qua:</strong></span> <span class='ocrx_word' id='word_1_309' title='bbox 2948 2177 3130 2231; x_wconf 88' lang='lat' dir='ltr'><strong>divino</strong></span> <span class='ocrx_word' id='word_1_310' title='bbox 3176 2178 3267 2232; x_wconf 93' lang='lat' dir='ltr'><strong>illo</strong></span> <span class='ocrx_word' id='word_1_311' title='bbox 3298 2194 3400 2232; x_wconf 85' lang='lat' dir='ltr'><strong>uu-</strong></span> 
     </span>
    </p>
   </div>
   <div class='ocr_carea' id='block_1_52' title="bbox 1844 2267 3400 2336">
    <p class='ocr_par' dir='ltr' id='par_1_52' title="bbox 1844 2267 3400 2336">
     <span class='ocr_line' id='line_1_52' title="bbox 1844 2267 3400 2336; baseline 0.003 -18"><span class='ocrx_word' id='word_1_312' title='bbox 1844 2278 2043 2336; x_wconf 78' lang='lat' dir='ltr'><strong>guento</strong></span> <span class='ocrx_word' id='word_1_313' title='bbox 2099 2281 2506 2331; x_wconf 88' lang='lat' dir='ltr'><strong>consecrantur,</strong></span> <span class='ocrx_word' id='word_1_314' title='bbox 2557 2275 2614 2320; x_wconf 89' lang='lat' dir='ltr'><strong>ut</strong></span> <span class='ocrx_word' id='word_1_315' title='bbox 2666 2268 2893 2334; x_wconf 85' lang='lat' dir='ltr'><strong>Opinor,</strong></span> <span class='ocrx_word' id='word_1_316' title='bbox 2945 2267 3214 2330; x_wconf 81' lang='lat' dir='ltr'><strong>insinuat,</strong></span> <span class='ocrx_word' id='word_1_317' title='bbox 3269 2270 3400 2322; x_wconf 67' lang='lat' dir='ltr'><strong>viris</strong></span> 
     </span>
    </p>
   </div>
   <div class='ocr_carea' id='block_1_53' title="bbox 1845 2356 3402 2426">
    <p class='ocr_par' dir='ltr' id='par_1_53' title="bbox 1845 2356 3402 2426">
     <span class='ocr_line' id='line_1_53' title="bbox 1845 2356 3402 2426; baseline 0.001 -14"><span class='ocrx_word' id='word_1_318' title='bbox 1845 2356 2052 2414; x_wconf 84' lang='lat' dir='ltr'><strong>sanctis</strong></span> <span class='ocrx_word' id='word_1_319' title='bbox 2091 2356 2447 2414; x_wconf 83' lang='lat' dir='ltr'><strong>obvelandam</strong></span> <span class='ocrx_word' id='word_1_320' title='bbox 2471 2371 2600 2410; x_wconf 78' lang='lat' dir='ltr'><strong>esse</strong></span> <span class='ocrx_word' id='word_1_321' title='bbox 2641 2357 2836 2410; x_wconf 88' lang='lat' dir='ltr'><strong>mentis</strong></span> <span class='ocrx_word' id='word_1_322' title='bbox 2865 2358 3208 2412; x_wconf 86' lang='lat' dir='ltr'><strong>sanctitatem</strong></span> <span class='ocrx_word' id='word_1_323' title='bbox 3241 2368 3402 2426; x_wconf 85' lang='lat' dir='ltr'><strong>atque</strong></span> 
     </span>
    </p>
   </div>
   <div class='ocr_carea' id='block_1_54' title="bbox 1845 2449 3399 2519">
    <p class='ocr_par' dir='ltr' id='par_1_54' title="bbox 1845 2449 3399 2519">
     <span class='ocr_line' id='line_1_54' title="bbox 1845 2449 3399 2519; baseline 0.001 -17"><span class='ocrx_word' id='word_1_324' title='bbox 1845 2451 2236 2518; x_wconf 78' lang='lat' dir='ltr'><strong>fragrantiam;</strong></span> <span class='ocrx_word' id='word_1_325' title='bbox 2276 2467 2395 2506; x_wconf 90' lang='lat' dir='ltr'><strong>cum</strong></span> <span class='ocrx_word' id='word_1_326' title='bbox 2436 2452 2696 2504; x_wconf 84' lang='lat' dir='ltr'><strong>divinitus</strong></span> <span class='ocrx_word' id='word_1_327' title='bbox 2742 2449 2838 2504; x_wconf 92' lang='lat' dir='ltr'><strong>viri</strong></span> <span class='ocrx_word' id='word_1_328' title='bbox 2875 2450 3048 2506; x_wconf 85' lang='lat' dir='ltr'><strong>sancti</strong></span> <span class='ocrx_word' id='word_1_329' title='bbox 3087 2451 3399 2519; x_wconf 68' lang='lat' dir='ltr'><strong>iubeantur,</strong></span> 
     </span>
    </p>
   </div>
   <div class='ocr_carea' id='block_1_55' title="bbox 1846 2543 3399 2614">
    <p class='ocr_par' dir='ltr' id='par_1_55' title="bbox 1846 2543 3399 2614">
     <span class='ocr_line' id='line_1_55' title="bbox 1846 2543 3399 2614; baseline 0.001 -18"><span class='ocrx_word' id='word_1_330' title='bbox 1846 2559 1948 2597; x_wconf 90' lang='lat' dir='ltr'><strong>non</strong></span> <span class='ocrx_word' id='word_1_331' title='bbox 1978 2545 2043 2598; x_wconf 87' lang='lat' dir='ltr'><strong>ad</strong></span> <span class='ocrx_word' id='word_1_332' title='bbox 2093 2559 2285 2597; x_wconf 89' lang='lat' dir='ltr'><strong>vanam</strong></span> <span class='ocrx_word' id='word_1_333' title='bbox 2317 2543 2538 2610; x_wconf 75' lang='lat' dir='ltr'><strong>gloriam</strong></span> <span class='ocrx_word' id='word_1_334' title='bbox 2573 2555 2892 2610; x_wconf 80' lang='lat' dir='ltr'><strong>apparentes</strong></span> <span class='ocrx_word' id='word_1_335' title='bbox 2924 2546 3108 2598; x_wconf 82' lang='lat' dir='ltr'><strong>arcani</strong></span> <span class='ocrx_word' id='word_1_336' title='bbox 3155 2546 3242 2599; x_wconf 82' lang='lat' dir='ltr'><strong>Dei</strong></span> <span class='ocrx_word' id='word_1_337' title='bbox 3285 2547 3399 2614; x_wconf 90' lang='lat' dir='ltr'><strong>pul-</strong></span> 
     </span>
    </p>
   </div>
   <div class='ocr_carea' id='block_1_56' title="bbox 1844 2632 3397 2703">
    <p class='ocr_par' dir='ltr' id='par_1_56' title="bbox 1844 2632 3397 2703">
     <span class='ocr_line' id='line_1_56' title="bbox 1844 2632 3397 2703; baseline -0.001 -15"><span class='ocrx_word' id='word_1_338' title='bbox 1844 2635 2001 2688; x_wconf 85' lang='lat' dir='ltr'><strong>chras</strong></span> <span class='ocrx_word' id='word_1_339' title='bbox 2030 2649 2090 2689; x_wconf 82' lang='lat' dir='ltr'><strong>ac</strong></span> <span class='ocrx_word' id='word_1_340' title='bbox 2121 2633 2427 2702; x_wconf 70' lang='lat' dir='ltr'><strong>fragrantes</strong></span> <span class='ocrx_word' id='word_1_341' title='bbox 2465 2632 2662 2686; x_wconf 86' lang='lat' dir='ltr'><strong>habere</strong></span> <span class='ocrx_word' id='word_1_342' title='bbox 2692 2633 3091 2687; x_wconf 81' lang='lat' dir='ltr'><strong>similitudines.</strong></span> <span class='ocrx_word' id='word_1_343' title='bbox 3122 2634 3397 2703; x_wconf 83' lang='lat' dir='ltr'><strong>Siquidem</strong></span> 
     </span>
    </p>
   </div>
   <div class='ocr_carea' id='block_1_57' title="bbox 1845 2723 3398 2790">
    <p class='ocr_par' dir='ltr' id='par_1_57' title="bbox 1845 2723 3398 2790">
     <span class='ocr_line' id='line_1_57' title="bbox 1845 2723 3398 2790; baseline 0.002 -13"><span class='ocrx_word' id='word_1_344' title='bbox 1845 2739 2041 2778; x_wconf 87' lang='lat' dir='ltr'><strong>arcana</strong></span> <span class='ocrx_word' id='word_1_345' title='bbox 2089 2723 2181 2776; x_wconf 91' lang='lat' dir='ltr'><strong>Dei</strong></span> <span class='ocrx_word' id='word_1_346' title='bbox 2232 2723 2449 2787; x_wconf 85' lang='lat' dir='ltr'><strong>decora,</strong></span> <span class='ocrx_word' id='word_1_347' title='bbox 2500 2737 2728 2790; x_wconf 90' lang='lat' dir='ltr'><strong>quorum</strong></span> <span class='ocrx_word' id='word_1_348' title='bbox 2779 2726 3015 2780; x_wconf 81' lang='lat' dir='ltr'><strong>suavitas</strong></span> <span class='ocrx_word' id='word_1_349' title='bbox 3071 2727 3398 2780; x_wconf 87' lang='lat' dir='ltr'><strong>intellectum</strong></span> 
     </span>
    </p>
   </div>
   <div class='ocr_carea' id='block_1_58' title="bbox 1843 2816 3398 2885">
    <p class='ocr_par' dir='ltr' id='par_1_58' title="bbox 1843 2816 3398 2885">
     <span class='ocr_line' id='line_1_58' title="bbox 1843 2816 3398 2885; baseline 0.003 -18"><span class='ocrx_word' id='word_1_350' title='bbox 1843 2825 2094 2883; x_wconf 82' lang='lat' dir='ltr'><strong>Superat,</strong></span> <span class='ocrx_word' id='word_1_351' title='bbox 2143 2827 2361 2883; x_wconf 87' lang='lat' dir='ltr'><strong>prorsus</strong></span> <span class='ocrx_word' id='word_1_352' title='bbox 2413 2823 2536 2866; x_wconf 91' lang='lat' dir='ltr'><strong>sunt</strong></span> <span class='ocrx_word' id='word_1_353' title='bbox 2577 2816 2894 2869; x_wconf 87' lang='lat' dir='ltr'><strong>intemerata</strong></span> <span class='ocrx_word' id='word_1_354' title='bbox 2922 2855 2937 2881; x_wconf 95' lang='lat'><strong>,</strong></span> <span class='ocrx_word' id='word_1_355' title='bbox 2984 2817 3221 2885; x_wconf 89' lang='lat' dir='ltr'><strong>solisque</strong></span> <span class='ocrx_word' id='word_1_356' title='bbox 3268 2817 3398 2871; x_wconf 86' lang='lat' dir='ltr'><strong>viris</strong></span> 
     </span>
    </p>
   </div>
   <div class='ocr_carea' id='block_1_59' title="bbox 1843 2891 3395 2977">
    <p class='ocr_par' dir='ltr' id='par_1_59' title="bbox 1843 2891 3395 2977">
     <span class='ocr_line' id='line_1_59' title="bbox 1843 2891 3395 2977; baseline 0.001 -16"><span class='ocrx_word' id='word_1_357' title='bbox 1843 2904 2178 2974; x_wconf 76' lang='lat' dir='ltr'><strong>spiritalibus</strong></span> <span class='ocrx_word' id='word_1_358' title='bbox 2241 2905 2562 2971; x_wconf 86' lang='lat' dir='ltr'><strong>spiritaliter</strong></span> <span class='ocrx_word' id='word_1_359' title='bbox 2623 2916 2918 2974; x_wconf 84' lang='lat' dir='ltr'><strong>apparent,</strong></span> <span class='ocrx_word' id='word_1_360' title='bbox 2975 2891 3116 2977; x_wconf 80' lang='lat' dir='ltr'><strong>quod</strong></span> <span class='ocrx_word' id='word_1_361' title='bbox 3173 2909 3223 2960; x_wconf 90' lang='lat' dir='ltr'><strong>in</strong></span> <span class='ocrx_word' id='word_1_362' title='bbox 3277 2909 3395 2962; x_wconf 89' lang='lat' dir='ltr'><strong>ani-</strong></span> 
     </span>
    </p>
   </div>
   <div class='ocr_carea' id='block_1_60' title="bbox 1842 2994 3397 3086">
    <p class='ocr_par' dir='ltr' id='par_1_60' title="bbox 1842 2994 3397 3086">
     <span class='ocr_line' id='line_1_60' title="bbox 1842 2994 3397 3086; baseline -0.001 -35"><span class='ocrx_word' id='word_1_363' title='bbox 1842 2999 2031 3052; x_wconf 87' lang='lat' dir='ltr'><strong>mabus</strong></span> <span class='ocrx_word' id='word_1_364' title='bbox 2061 2994 2257 3048; x_wconf 86' lang='lat' dir='ltr'><strong>nostris</strong></span> <span class='ocrx_word' id='word_1_365' title='bbox 2309 2996 2530 3062; x_wconf 80' lang='lat' dir='ltr'><strong>exigant</strong></span> <span class='ocrx_word' id='word_1_366' title='bbox 2562 2996 2761 3050; x_wconf 85' lang='lat' dir='ltr'><strong>habere</strong></span> <span class='ocrx_word' id='word_1_367' title='bbox 2809 2995 2911 3050; x_wconf 85' lang='lat' dir='ltr'><strong>sibi</strong></span> <span class='ocrx_word' id='word_1_368' title='bbox 2945 2996 3252 3051; x_wconf 82' lang='lat' dir='ltr'><strong>conformes</strong></span> <span class='ocrx_word' id='word_1_369' title='bbox 3301 3012 3397 3086; x_wconf 67' lang='lat' dir='ltr'><strong>pFr</strong></span> 
     </span>
    </p>
   </div>
   <div class='ocr_carea' id='block_1_61' title="bbox 1842 3087 3387 3157">
    <p class='ocr_par' dir='ltr' id='par_1_61' title="bbox 1842 3087 3387 3157">
     <span class='ocr_line' id='line_1_61' title="bbox 1842 3087 3387 3157; baseline -0.002 -15"><span class='ocrx_word' id='word_1_370' title='bbox 1842 3090 2094 3142; x_wconf 79' lang='lat' dir='ltr'><strong>virtutem</strong></span> <span class='ocrx_word' id='word_1_371' title='bbox 2123 3096 2176 3140; x_wconf 91' lang='lat' dir='ltr'><strong>et</strong></span> <span class='ocrx_word' id='word_1_372' title='bbox 2216 3087 2652 3154; x_wconf 89' lang='lat' dir='ltr'><strong>incorruptibiles</strong></span> <span class='ocrx_word' id='word_1_373' title='bbox 2685 3089 2964 3157; x_wconf 80' lang='lat' dir='ltr'><strong>imagines.</strong></span> <span class='ocrx_word' id='word_1_374' title='bbox 2998 3087 3387 3142; x_wconf 88' lang='lat' dir='ltr'><strong>lncircumscri-</strong></span> 
     </span>
    </p>
   </div>
   <div class='ocr_carea' id='block_1_62' title="bbox 1841 3177 3390 3250">
    <p class='ocr_par' dir='ltr' id='par_1_62' title="bbox 1841 3177 3390 3250">
     <span class='ocr_line' id='line_1_62' title="bbox 1841 3177 3390 3250; baseline 0 -18"><span class='ocrx_word' id='word_1_375' title='bbox 1841 3191 1989 3250; x_wconf 90' lang='lat' dir='ltr'><strong>ptum</strong></span> <span class='ocrx_word' id='word_1_376' title='bbox 2019 3181 2159 3230; x_wconf 90' lang='lat' dir='ltr'><strong>enim</strong></span> <span class='ocrx_word' id='word_1_377' title='bbox 2203 3178 2335 3231; x_wconf 87' lang='lat' dir='ltr'><strong>illud</strong></span> <span class='ocrx_word' id='word_1_378' title='bbox 2365 3180 2584 3232; x_wconf 88' lang='lat' dir='ltr'><strong>virtutis</strong></span> <span class='ocrx_word' id='word_1_379' title='bbox 2612 3177 2891 3232; x_wconf 84' lang='lat' dir='ltr'><strong>deiformis</strong></span> <span class='ocrx_word' id='word_1_380' title='bbox 2919 3179 3265 3233; x_wconf 84' lang='lat' dir='ltr'><strong>simulacrum</strong></span> <span class='ocrx_word' id='word_1_381' title='bbox 3296 3181 3390 3232; x_wconf 83' lang='lat' dir='ltr'><strong>rite</strong></span> 
     </span>
    </p>
   </div>
   <div class='ocr_carea' id='block_1_63' title="bbox 1842 3270 3393 3339">
    <p class='ocr_par' dir='ltr' id='par_1_63' title="bbox 1842 3270 3393 3339">
     <span class='ocr_line' id='line_1_63' title="bbox 1842 3270 3393 3339; baseline 0 -15"><span class='ocrx_word' id='word_1_382' title='bbox 1842 3271 2156 3324; x_wconf 87' lang='lat' dir='ltr'><strong>imitandum</strong></span> <span class='ocrx_word' id='word_1_383' title='bbox 2188 3280 2291 3333; x_wconf 88' lang='lat' dir='ltr'><strong>est,</strong></span> <span class='ocrx_word' id='word_1_384' title='bbox 2340 3279 2397 3323; x_wconf 92' lang='lat' dir='ltr'><strong>ut</strong></span> <span class='ocrx_word' id='word_1_385' title='bbox 2427 3270 2686 3338; x_wconf 87' lang='lat' dir='ltr'><strong>spiritalis</strong></span> <span class='ocrx_word' id='word_1_386' title='bbox 2716 3286 2778 3324; x_wconf 88' lang='lat' dir='ltr'><strong>ac</strong></span> <span class='ocrx_word' id='word_1_387' title='bbox 2814 3271 3062 3339; x_wconf 76' lang='lat' dir='ltr'><strong>fragrans</strong></span> <span class='ocrx_word' id='word_1_388' title='bbox 3102 3273 3272 3337; x_wconf 91' lang='lat' dir='ltr'><strong>ipsum</strong></span> <span class='ocrx_word' id='word_1_389' title='bbox 3311 3285 3393 3324; x_wconf 89' lang='lat' dir='ltr'><strong>re-</strong></span> 
     </span>
    </p>
   </div>
   <div class='ocr_carea' id='block_1_64' title="bbox 1839 3345 3392 3430">
    <p class='ocr_par' dir='ltr' id='par_1_64' title="bbox 1839 3345 3392 3430">
     <span class='ocr_line' id='line_1_64' title="bbox 1839 3345 3392 3430; baseline 0 -16"><span class='ocrx_word' id='word_1_390' title='bbox 1839 3360 1978 3415; x_wconf 88' lang='lat' dir='ltr'><strong>ferat</strong></span> <span class='ocrx_word' id='word_1_391' title='bbox 2007 3361 2368 3430; x_wconf 86' lang='lat' dir='ltr'><strong>pulchritudo,</strong></span> <span class='ocrx_word' id='word_1_392' title='bbox 2415 3375 2579 3430; x_wconf 88' lang='lat' dir='ltr'><strong>seque</strong></span> <span class='ocrx_word' id='word_1_393' title='bbox 2610 3361 2809 3415; x_wconf 84' lang='lat' dir='ltr'><strong>formet</strong></span> <span class='ocrx_word' id='word_1_394' title='bbox 2833 3370 2886 3413; x_wconf 92' lang='lat' dir='ltr'><strong>et</strong></span> <span class='ocrx_word' id='word_1_395' title='bbox 2932 3345 3241 3430; x_wconf 9' lang='lat' dir='ltr'><strong>eﬂingatiad</strong></span> <span class='ocrx_word' id='word_1_396' title='bbox 3272 3361 3392 3430; x_wconf 89' lang='lat' dir='ltr'><strong>pul-</strong></span> 
     </span>
    </p>
   </div>
   <div class='ocr_carea' id='block_1_65' title="bbox 168 3443 1739 3533">
    <p class='ocr_par' dir='ltr' id='par_1_65' title="bbox 168 3451 1729 3525">
     <span class='ocr_line' id='line_1_65' title="bbox 168 3451 1729 3525; baseline -0.001 -16"><span class='ocrx_word' id='word_1_397' title='bbox 168 3456 262 3510; x_wconf 70' lang='grc' dir='ltr'>ἐπὶ</span> <span class='ocrx_word' id='word_1_398' title='bbox 302 3453 408 3506; x_wconf 88' lang='grc' dir='ltr'><strong>τῶν</strong></span> <span class='ocrx_word' id='word_1_399' title='bbox 441 3453 707 3524; x_wconf 75' lang='grc' dir='ltr'>αἰσθητῶν</span> <span class='ocrx_word' id='word_1_400' title='bbox 750 3454 986 3516; x_wconf 73' lang='grc' dir='ltr'>εἰκόνων,</span> <span class='ocrx_word' id='word_1_401' title='bbox 1023 3455 1068 3507; x_wconf 76' lang='grc' dir='ltr'><strong>εί</strong></span> <span class='ocrx_word' id='word_1_402' title='bbox 1105 3452 1153 3487; x_wconf 81' lang='grc'><strong>⁷⁸</strong></span> <span class='ocrx_word' id='word_1_403' title='bbox 1183 3451 1318 3521; x_wconf 84' lang='grc' dir='ltr'>πρὸς</span> <span class='ocrx_word' id='word_1_404' title='bbox 1341 3454 1401 3507; x_wconf 83' lang='grc' dir='ltr'><strong>τὸ</strong></span> <span class='ocrx_word' id='word_1_405' title='bbox 1430 3455 1729 3525; x_wconf 81' lang='grc' dir='ltr'>ἀρχέτυπον</span> 
     </span>
    </p>
   </div>
   <div class='ocr_carea' id='block_1_66' title="bbox 1795 3443 3390 3533">
    <p class='ocr_par' dir='ltr' id='par_1_66' title="bbox 1795 3443 3390 3530">
     <span class='ocr_line' id='line_1_66' title="bbox 1795 3443 3390 3530; baseline 0.001 -24"><span class='ocrx_word' id='word_1_406' title='bbox 1795 3453 2152 3530; x_wconf 65' lang='grc' dir='ltr'>ςοιιεττίιητιιη</span> <span class='ocrx_word' id='word_1_407' title='bbox 2194 3455 2310 3522; x_wconf 90' lang='lat' dir='ltr'><strong>ejus</strong></span> <span class='ocrx_word' id='word_1_408' title='bbox 2359 3454 2738 3509; x_wconf 82' lang='lat' dir='ltr'><strong>imitationem.</strong></span> <span class='ocrx_word' id='word_1_409' title='bbox 2794 3443 2858 3506; x_wconf 83' lang='lat' dir='ltr'><strong>Et</strong></span> <span class='ocrx_word' id='word_1_410' title='bbox 2904 3453 3042 3506; x_wconf 88' lang='lat' dir='ltr'><strong>sicut</strong></span> <span class='ocrx_word' id='word_1_411' title='bbox 3091 3453 3146 3507; x_wconf 91' lang='lat' dir='ltr'><strong>in</strong></span> <span class='ocrx_word' id='word_1_412' title='bbox 3200 3453 3390 3524; x_wconf 76' lang='lat' dir='ltr'><strong>imagi-</strong></span> 
     </span>
    </p>
   </div>
   <div class='ocr_carea' id='block_1_67' title="bbox 167 3543 1732 3618">
    <p class='ocr_par' dir='ltr' id='par_1_67' title="bbox 167 3543 1732 3618">
     <span class='ocr_line' id='line_1_67' title="bbox 167 3543 1732 3618; baseline -0.002 -18"><span class='ocrx_word' id='word_1_413' title='bbox 167 3543 309 3609; x_wconf 82' lang='grc' dir='ltr'>εἷδος</span> <span class='ocrx_word' id='word_1_414' title='bbox 349 3547 377 3595; x_wconf 84' lang='grc' dir='ltr'><strong>ὁ</strong></span> <span class='ocrx_word' id='word_1_415' title='bbox 413 3546 654 3618; x_wconf 76' lang='grc' dir='ltr'>γραφεὺς</span> <span class='ocrx_word' id='word_1_416' title='bbox 698 3543 926 3607; x_wconf 90' lang='grc' dir='ltr'>ἀκλινῶς</span> <span class='ocrx_word' id='word_1_417' title='bbox 960 3545 1176 3615; x_wconf 77' lang='grc' dir='ltr'>εἰσορᾷ,</span> <span class='ocrx_word' id='word_1_418' title='bbox 1220 3543 1355 3615; x_wconf 76' lang='grc' dir='ltr'>πρὸς</span> <span class='ocrx_word' id='word_1_419' title='bbox 1396 3544 1559 3614; x_wconf 82' lang='grc' dir='ltr'>μηδὲν</span> <span class='ocrx_word' id='word_1_420' title='bbox 1605 3543 1732 3597; x_wconf 75' lang='grc' dir='ltr'>ἄλλο</span> 
     </span>
    </p>
   </div>
   <div class='ocr_carea' id='block_1_68' title="bbox 165 3634 1729 3707">
    <p class='ocr_par' dir='ltr' id='par_1_68' title="bbox 165 3634 1729 3707">
     <span class='ocr_line' id='line_1_68' title="bbox 165 3634 1729 3707; baseline -0.003 -14"><span class='ocrx_word' id='word_1_421' title='bbox 165 3637 278 3693; x_wconf 79' lang='grc' dir='ltr'><strong>τῶν</strong></span> <span class='ocrx_word' id='word_1_422' title='bbox 319 3637 526 3707; x_wconf 80' lang='grc' dir='ltr'>ὁρατῶν</span> <span class='ocrx_word' id='word_1_423' title='bbox 575 3635 958 3705; x_wconf 84' lang='grc' dir='ltr'>ἀνθελκόμενος</span> <span class='ocrx_word' id='word_1_424' title='bbox 993 3636 1025 3707; x_wconf 82' lang='grc' dir='ltr'>ἢ</span> <span class='ocrx_word' id='word_1_425' title='bbox 1073 3636 1214 3689; x_wconf 86' lang='grc' dir='ltr'>κατά</span> <span class='ocrx_word' id='word_1_426' title='bbox 1244 3653 1296 3689; x_wconf 87' lang='grc' dir='ltr'><strong>τι</strong></span> <span class='ocrx_word' id='word_1_427' title='bbox 1351 3634 1729 3707; x_wconf 79' lang='grc' dir='ltr'>μεριζόμενος,</span> 
     </span>
    </p>
   </div>
   <div class='ocr_carea' id='block_1_69' title="bbox 167 3725 1733 3798">
    <p class='ocr_par' dir='ltr' id='par_1_69' title="bbox 167 3725 1733 3798">
     <span class='ocr_line' id='line_1_69' title="bbox 167 3725 1733 3798; baseline 0.001 -19"><span class='ocrx_word' id='word_1_428' title='bbox 167 3726 331 3779; x_wconf 86' lang='grc' dir='ltr'>αὐτὸν</span> <span class='ocrx_word' id='word_1_429' title='bbox 363 3726 585 3788; x_wconf 78' lang='grc' dir='ltr'>ἐκεῖνον,</span> <span class='ocrx_word' id='word_1_430' title='bbox 613 3727 756 3788; x_wconf 85' lang='grc' dir='ltr'>ὅστις</span> <span class='ocrx_word' id='word_1_431' title='bbox 781 3725 917 3786; x_wconf 77' lang='grc' dir='ltr'>ἐστὶ,</span> <span class='ocrx_word' id='word_1_432' title='bbox 943 3725 1031 3776; x_wconf 76' lang='grc' dir='ltr'><strong>τὸν</strong></span> <span class='ocrx_word' id='word_1_433' title='bbox 1055 3726 1396 3796; x_wconf 76' lang='grc' dir='ltr'>γραφόμενον</span> <span class='ocrx_word' id='word_1_434' title='bbox 1415 3729 1458 3758; x_wconf 73' lang='grc'><strong>⁷³</strong></span> <span class='ocrx_word' id='word_1_435' title='bbox 1486 3727 1553 3795; x_wconf 91' lang='grc' dir='ltr'>(εί</span> <span class='ocrx_word' id='word_1_436' title='bbox 1579 3727 1733 3798; x_wconf 84' lang='grc' dir='ltr'>θέμις</span> 
     </span>
    </p>
   </div>
   <div class='ocr_carea' id='block_1_70' title="bbox 166 3816 1734 3890">
    <p class='ocr_par' dir='ltr' id='par_1_70' title="bbox 166 3816 1734 3890">
     <span class='ocr_line' id='line_1_70' title="bbox 166 3816 1734 3890; baseline 0.001 -20"><span class='ocrx_word' id='word_1_437' title='bbox 166 3817 401 3887; x_wconf 76' lang='grc' dir='ltr'>εἰπεῖν),</span> <span class='ocrx_word' id='word_1_438' title='bbox 450 3816 819 3880; x_wconf 77' lang='grc' dir='ltr'>διπλασιάσει,</span> <span class='ocrx_word' id='word_1_439' title='bbox 868 3819 962 3869; x_wconf 72' lang='grc' dir='ltr'><strong>καὶ</strong></span> <span class='ocrx_word' id='word_1_440' title='bbox 991 3818 1153 3884; x_wconf 77' lang='grc' dir='ltr'>δείξει</span> <span class='ocrx_word' id='word_1_441' title='bbox 1208 3819 1269 3870; x_wconf 85' lang='grc' dir='ltr'><strong>τὸ</strong></span> <span class='ocrx_word' id='word_1_442' title='bbox 1312 3819 1504 3890; x_wconf 82' lang='grc' dir='ltr'>ἀληθὲς</span> <span class='ocrx_word' id='word_1_443' title='bbox 1552 3822 1610 3873; x_wconf 83' lang='grc' dir='ltr'>ὲν</span> <span class='ocrx_word' id='word_1_444' title='bbox 1656 3819 1734 3890; x_wconf 87' lang='grc' dir='ltr'>τῷ</span> 
     </span>
    </p>
   </div>
   <div class='ocr_carea' id='block_1_71' title="bbox 166 3906 1733 3979">
    <p class='ocr_par' dir='ltr' id='par_1_71' title="bbox 166 3906 1733 3979">
     <span class='ocr_line' id='line_1_71' title="bbox 166 3906 1733 3979; baseline 0.002 -20"><span class='ocrx_word' id='word_1_445' title='bbox 166 3906 503 3978; x_wconf 80' lang='grc' dir='ltr'>ὁμοιώματι,</span> <span class='ocrx_word' id='word_1_446' title='bbox 539 3908 631 3960; x_wconf 75' lang='grc' dir='ltr'><strong>καὶ</strong></span> <span class='ocrx_word' id='word_1_447' title='bbox 670 3907 729 3958; x_wconf 85' lang='grc' dir='ltr'><strong>τὸ</strong></span> <span class='ocrx_word' id='word_1_448' title='bbox 776 3907 1076 3979; x_wconf 82' lang='grc' dir='ltr'>ἀρχέτυπον</span> <span class='ocrx_word' id='word_1_449' title='bbox 1119 3909 1177 3959; x_wconf 83' lang='grc' dir='ltr'>ὲν</span> <span class='ocrx_word' id='word_1_450' title='bbox 1215 3915 1279 3979; x_wconf 79' lang='grc' dir='ltr'>τῇ</span> <span class='ocrx_word' id='word_1_451' title='bbox 1329 3909 1539 3973; x_wconf 77' lang='grc' dir='ltr'>εἰκόνι,</span> <span class='ocrx_word' id='word_1_452' title='bbox 1571 3911 1664 3962; x_wconf 76' lang='grc' dir='ltr'><strong>καὶ</strong></span> <span class='ocrx_word' id='word_1_453' title='bbox 1687 3910 1733 3942; x_wconf 78' lang='grc'><strong>⁸⁸</strong></span> 
     </span>
    </p>
   </div>
   <div class='ocr_carea' id='block_1_72' title="bbox 167 3998 1728 4072">
    <p class='ocr_par' dir='ltr' id='par_1_72' title="bbox 167 3998 1728 4072">
     <span class='ocr_line' id='line_1_72' title="bbox 167 3998 1728 4072; baseline 0.002 -22"><span class='ocrx_word' id='word_1_454' title='bbox 167 4000 426 4069; x_wconf 68' lang='grc' dir='ltr'>ἑκάτερον</span> <span class='ocrx_word' id='word_1_455' title='bbox 455 4000 509 4050; x_wconf 82' lang='grc' dir='ltr'><strong>ὲν</strong></span> <span class='ocrx_word' id='word_1_456' title='bbox 547 3998 785 4068; x_wconf 80' lang='grc' dir='ltr'>ἐκατέρῳ</span> <span class='ocrx_word' id='word_1_457' title='bbox 824 3998 971 4070; x_wconf 88' lang='grc' dir='ltr'><strong>παρά</strong></span> <span class='ocrx_word' id='word_1_458' title='bbox 1003 4000 1063 4050; x_wconf 87' lang='grc' dir='ltr'><strong>τὸ</strong></span> <span class='ocrx_word' id='word_1_459' title='bbox 1103 3999 1202 4070; x_wconf 84' lang='grc' dir='ltr'>τῆς</span> <span class='ocrx_word' id='word_1_460' title='bbox 1235 3999 1416 4062; x_wconf 80' lang='grc' dir='ltr'>οὐσίας</span> <span class='ocrx_word' id='word_1_461' title='bbox 1450 3999 1728 4072; x_wconf 73' lang='grc' dir='ltr'>διάφορονο</span> 
     </span>
    </p>
   </div>
   <div class='ocr_carea' id='block_1_73' title="bbox 165 4086 1734 4162">
    <p class='ocr_par' dir='ltr' id='par_1_73' title="bbox 165 4086 1734 4162">
     <span class='ocr_line' id='line_1_73' title="bbox 165 4086 1734 4162; baseline 0.001 -20"><span class='ocrx_word' id='word_1_462' title='bbox 165 4086 309 4142; x_wconf 75' lang='grc' dir='ltr'>οὕτω</span> <span class='ocrx_word' id='word_1_463' title='bbox 338 4093 447 4152; x_wconf 87' lang='grc' dir='ltr'>τοῖς</span> <span class='ocrx_word' id='word_1_464' title='bbox 494 4089 796 4157; x_wconf 65' lang='grc' dir='ltr'>φιλοκάλοις</span> <span class='ocrx_word' id='word_1_465' title='bbox 842 4091 898 4140; x_wconf 85' lang='grc' dir='ltr'><strong>ὲν</strong></span> <span class='ocrx_word' id='word_1_466' title='bbox 943 4089 1018 4160; x_wconf 78' lang='grc' dir='ltr'><strong>νῷ</strong></span> <span class='ocrx_word' id='word_1_467' title='bbox 1071 4090 1366 4161; x_wconf 84' lang='grc' dir='ltr'>γραφεῦσιν</span> <span class='ocrx_word' id='word_1_468' title='bbox 1411 4093 1444 4162; x_wconf 78' lang='grc' dir='ltr'>ἡ</span> <span class='ocrx_word' id='word_1_469' title='bbox 1495 4091 1630 4161; x_wconf 86' lang='grc' dir='ltr'>πρὸς</span> <span class='ocrx_word' id='word_1_470' title='bbox 1674 4092 1734 4144; x_wconf 84' lang='grc' dir='ltr'>τὸ</span> 
     </span>
    </p>
   </div>
   <div class='ocr_carea' id='block_1_74' title="bbox 165 4169 1735 4252">
    <p class='ocr_par' dir='ltr' id='par_1_74' title="bbox 165 4169 1735 4252">
     <span class='ocr_line' id='line_1_74' title="bbox 165 4169 1735 4252; baseline 0.002 -21"><span class='ocrx_word' id='word_1_471' title='bbox 165 4179 365 4242; x_wconf 77' lang='grc' dir='ltr'>εὐῶδες</span> <span class='ocrx_word' id='word_1_472' title='bbox 391 4180 483 4232; x_wconf 69' lang='grc' dir='ltr'><strong>καὶ</strong></span> <span class='ocrx_word' id='word_1_473' title='bbox 519 4179 744 4252; x_wconf 76' lang='grc' dir='ltr'>κρύφιον</span> <span class='ocrx_word' id='word_1_474' title='bbox 780 4179 968 4243; x_wconf 84' lang='grc' dir='ltr'>κάλλος</span> <span class='ocrx_word' id='word_1_475' title='bbox 995 4169 1186 4252; x_wconf 77' lang='grc' dir='ltr'>ἀτενὴς</span> <span class='ocrx_word' id='word_1_476' title='bbox 1211 4181 1302 4233; x_wconf 73' lang='grc' dir='ltr'>καὶ</span> <span class='ocrx_word' id='word_1_477' title='bbox 1338 4180 1735 4252; x_wconf 85' lang='grc' dir='ltr'>ἀπαρέγκλιτος</span> 
     </span>
    </p>
   </div>
   <div class='ocr_carea' id='block_1_75' title="bbox 165 4267 1730 4340">
    <p class='ocr_par' dir='ltr' id='par_1_75' title="bbox 165 4267 1730 4340">
     <span class='ocr_line' id='line_1_75' title="bbox 165 4267 1730 4340; baseline 0 -18"><span class='ocrx_word' id='word_1_478' title='bbox 165 4267 368 4338; x_wconf 82' lang='grc' dir='ltr'>Θεωρία</span> <span class='ocrx_word' id='word_1_479' title='bbox 409 4268 468 4320; x_wconf 82' lang='grc' dir='ltr'><strong>τὸ</strong></span> <span class='ocrx_word' id='word_1_480' title='bbox 513 4268 746 4330; x_wconf 81' lang='grc' dir='ltr'>ἀπλανὲς</span> <span class='ocrx_word' id='word_1_481' title='bbox 799 4268 1096 4340; x_wconf 80' lang='grc' dir='ltr'>δωρήσεται</span> <span class='ocrx_word' id='word_1_482' title='bbox 1138 4270 1231 4322; x_wconf 77' lang='grc' dir='ltr'><strong>καὶ</strong></span> <span class='ocrx_word' id='word_1_483' title='bbox 1270 4269 1662 4323; x_wconf 88' lang='grc' dir='ltr'>θεοειδέστατον</span> <span class='ocrx_word' id='word_1_484' title='bbox 1689 4271 1730 4304; x_wconf 77' lang='grc'><strong>⁸¹</strong></span> 
     </span>
    </p>
   </div>
   <div class='ocr_carea' id='block_1_76' title="bbox 167 4356 1731 4435">
    <p class='ocr_par' dir='ltr' id='par_1_76' title="bbox 167 4356 1731 4435">
     <span class='ocr_line' id='line_1_76' title="bbox 167 4356 1731 4435; baseline 0.002 -22"><span class='ocrx_word' id='word_1_485' title='bbox 167 4359 415 4429; x_wconf 80' lang='grc' dir='ltr'>ῐνδαλμα.</span> <span class='ocrx_word' id='word_1_486' title='bbox 464 4361 700 4424; x_wconf 80' lang='grc' dir='ltr'>Εἰκότως</span> <span class='ocrx_word' id='word_1_487' title='bbox 743 4356 832 4414; x_wconf 82' lang='grc' dir='ltr'>οὖν</span> <span class='ocrx_word' id='word_1_488' title='bbox 877 4358 1010 4434; x_wconf 82' lang='grc' dir='ltr'>πρὸς</span> <span class='ocrx_word' id='word_1_489' title='bbox 1052 4361 1149 4432; x_wconf 85' lang='grc' dir='ltr'>τὴν</span> <span class='ocrx_word' id='word_1_490' title='bbox 1184 4362 1517 4434; x_wconf 82' lang='grc' dir='ltr'>ὑπερουσίως</span> <span class='ocrx_word' id='word_1_491' title='bbox 1562 4363 1731 4435; x_wconf 83' lang='grc' dir='ltr'>εὐώδη</span> 
     </span>
    </p>
   </div>
   <div class='ocr_carea' id='block_1_77' title="bbox 165 4452 1734 4527">
    <p class='ocr_par' dir='ltr' id='par_1_77' title="bbox 165 4452 1734 4527">
     <span class='ocr_line' id='line_1_77' title="bbox 165 4452 1734 4527; baseline 0.003 -23"><span class='ocrx_word' id='word_1_492' title='bbox 165 4453 260 4504; x_wconf 74' lang='grc' dir='ltr'><strong>καὶ</strong></span> <span class='ocrx_word' id='word_1_493' title='bbox 293 4452 486 4524; x_wconf 78' lang='grc' dir='ltr'>νοητὴν</span> <span class='ocrx_word' id='word_1_494' title='bbox 529 4454 854 4524; x_wconf 64' lang='grc' dir='ltr'>εὐπρέπειαν</span> <span class='ocrx_word' id='word_1_495' title='bbox 889 4457 936 4510; x_wconf 86' lang='grc' dir='ltr'><strong>οί</strong></span> <span class='ocrx_word' id='word_1_496' title='bbox 971 4455 1099 4508; x_wconf 88' lang='grc' dir='ltr'>θεῖοι</span> <span class='ocrx_word' id='word_1_497' title='bbox 1144 4459 1371 4526; x_wconf 79' lang='grc' dir='ltr'>γραφεῖς</span> <span class='ocrx_word' id='word_1_498' title='bbox 1395 4457 1438 4487; x_wconf 75' lang='grc'><strong>⁸⁸</strong></span> <span class='ocrx_word' id='word_1_499' title='bbox 1461 4457 1520 4509; x_wconf 74' lang='grc' dir='ltr'>τὸ</span> <span class='ocrx_word' id='word_1_500' title='bbox 1554 4458 1734 4527; x_wconf 85' lang='grc' dir='ltr'>νοερὸν</span> 
     </span>
    </p>
   </div>
   <div class='ocr_carea' id='block_1_78' title="bbox 164 4545 1732 4620">
    <p class='ocr_par' dir='ltr' id='par_1_78' title="bbox 164 4545 1732 4620">
     <span class='ocr_line' id='line_1_78' title="bbox 164 4545 1732 4620; baseline 0.004 -24"><span class='ocrx_word' id='word_1_501' title='bbox 164 4545 373 4602; x_wconf 78' lang='grc' dir='ltr'>ἑαυτῶν</span> <span class='ocrx_word' id='word_1_502' title='bbox 397 4548 852 4618; x_wconf 88' lang='grc' dir='ltr'>ἀμεταστρέπτως</span> <span class='ocrx_word' id='word_1_503' title='bbox 879 4547 1282 4612; x_wconf 79' lang='grc' dir='ltr'>είδοποιοῦντες,</span> <span class='ocrx_word' id='word_1_504' title='bbox 1300 4549 1550 4620; x_wconf 78' lang='grc' dir='ltr'>οὐδεμίαν</span> <span class='ocrx_word' id='word_1_505' title='bbox 1565 4549 1732 4620; x_wconf 91' lang='grc' dir='ltr'>δρῶσι</span> 
     </span>
    </p>
   </div>
   <div class='ocr_carea' id='block_1_79' title="bbox 161 4633 1729 4708">
    <p class='ocr_par' dir='ltr' id='par_1_79' title="bbox 161 4633 1729 4708">
     <span class='ocr_line' id='line_1_79' title="bbox 161 4633 1729 4708; baseline 0.004 -23"><span class='ocrx_word' id='word_1_506' title='bbox 161 4634 271 4686; x_wconf 86' lang='grc' dir='ltr'><strong>τῶν</strong></span> <span class='ocrx_word' id='word_1_507' title='bbox 309 4637 363 4686; x_wconf 77' lang='grc' dir='ltr'><strong>ἐν</strong></span> <span class='ocrx_word' id='word_1_508' title='bbox 397 4637 576 4699; x_wconf 90' lang='grc' dir='ltr'>αὐτοῖς</span> <span class='ocrx_word' id='word_1_509' title='bbox 616 4633 955 4707; x_wconf 85' lang='grc' dir='ltr'>θεομιμήτων</span> <span class='ocrx_word' id='word_1_510' title='bbox 992 4636 1199 4708; x_wconf 85' lang='grc' dir='ltr'>ἀρετῶν</span> <span class='ocrx_word' id='word_1_511' title='bbox 1228 4638 1307 4700; x_wconf 87' lang='grc' dir='ltr'><strong>είς</strong></span> <span class='ocrx_word' id='word_1_512' title='bbox 1346 4637 1406 4690; x_wconf 83' lang='grc' dir='ltr'>τὺ</span> <span class='ocrx_word' id='word_1_513' title='bbox 1446 4636 1729 4708; x_wconf 85' lang='grc' dir='ltr'>θεαθῆναι,</span> 
     </span>
    </p>
   </div>
   <div class='ocr_carea' id='block_1_80' title="bbox 163 4725 1734 4802">
    <p class='ocr_par' dir='ltr' id='par_1_80' title="bbox 163 4725 1734 4802">
     <span class='ocr_line' id='line_1_80' title="bbox 163 4725 1734 4802; baseline 0.001 -21"><span class='ocrx_word' id='word_1_514' title='bbox 163 4725 306 4782; x_wconf 79' lang='grc' dir='ltr'><strong>κατά</strong></span> <span class='ocrx_word' id='word_1_515' title='bbox 351 4726 410 4778; x_wconf 78' lang='grc' dir='ltr'><strong>τὸ</strong></span> <span class='ocrx_word' id='word_1_516' title='bbox 456 4727 649 4794; x_wconf 86' lang='grc' dir='ltr'>λόγιον,</span> <span class='ocrx_word' id='word_1_517' title='bbox 696 4729 805 4789; x_wconf 84' lang='grc' dir='ltr'>τοῖς</span> <span class='ocrx_word' id='word_1_518' title='bbox 853 4727 1187 4802; x_wconf 85' lang='grc' dir='ltr'>ἀνθρώποις·</span> <span class='ocrx_word' id='word_1_519' title='bbox 1239 4725 1352 4781; x_wconf 84' lang='grc' dir='ltr'>ἀλλ’</span> <span class='ocrx_word' id='word_1_520' title='bbox 1401 4728 1560 4800; x_wconf 82' lang='grc' dir='ltr'>ἱερῶς</span> <span class='ocrx_word' id='word_1_521' title='bbox 1609 4731 1734 4782; x_wconf 82' lang='grc' dir='ltr'>ἐπο-</span> 
     </span>
    </p>
   </div>
   <div class='ocr_carea' id='block_1_81' title="bbox 1835 3541 3387 3612">
    <p class='ocr_par' dir='ltr' id='par_1_81' title="bbox 1835 3541 3387 3612">
     <span class='ocr_line' id='line_1_81' title="bbox 1835 3541 3387 3612; baseline 0.003 -19"><span class='ocrx_word' id='word_1_522' title='bbox 1835 3541 1989 3594; x_wconf 92' lang='lat' dir='ltr'><strong>nibus</strong></span> <span class='ocrx_word' id='word_1_523' title='bbox 2020 3543 2386 3608; x_wconf 85' lang='lat' dir='ltr'><strong>sensibilibus,</strong></span> <span class='ocrx_word' id='word_1_524' title='bbox 2416 3541 2461 3596; x_wconf 85' lang='lat' dir='ltr'><strong>si</strong></span> <span class='ocrx_word' id='word_1_525' title='bbox 2495 3541 2664 3610; x_wconf 88' lang='lat' dir='ltr'><strong>pictor</strong></span> <span class='ocrx_word' id='word_1_526' title='bbox 2696 3543 2761 3594; x_wconf 86' lang='lat' dir='ltr'><strong>ad</strong></span> <span class='ocrx_word' id='word_1_527' title='bbox 2797 3543 3106 3610; x_wconf 69' lang='lat' dir='ltr'><strong>primaevam</strong></span> <span class='ocrx_word' id='word_1_528' title='bbox 3154 3543 3387 3612; x_wconf 75' lang='lat' dir='ltr'><strong>speciem</strong></span> 
     </span>
    </p>
   </div>
   <div class='ocr_carea' id='block_1_82' title="bbox 1833 3632 3389 3703">
    <p class='ocr_par' dir='ltr' id='par_1_82' title="bbox 1833 3632 3389 3703">
     <span class='ocr_line' id='line_1_82' title="bbox 1833 3632 3389 3703; baseline 0.003 -17"><span class='ocrx_word' id='word_1_529' title='bbox 1833 3643 2147 3686; x_wconf 87' lang='lat' dir='ltr'><strong>constanter</strong></span> <span class='ocrx_word' id='word_1_530' title='bbox 2171 3634 2434 3699; x_wconf 85' lang='lat' dir='ltr'><strong>intendat,</strong></span> <span class='ocrx_word' id='word_1_531' title='bbox 2463 3634 2602 3686; x_wconf 86' lang='lat' dir='ltr'><strong>nulla</strong></span> <span class='ocrx_word' id='word_1_532' title='bbox 2634 3649 2691 3687; x_wconf 84' lang='lat' dir='ltr'><strong>re</strong></span> <span class='ocrx_word' id='word_1_533' title='bbox 2721 3632 2822 3687; x_wconf 88' lang='lat' dir='ltr'><strong>alia</strong></span> <span class='ocrx_word' id='word_1_534' title='bbox 2853 3635 3049 3689; x_wconf 89' lang='lat' dir='ltr'><strong>visibili</strong></span> <span class='ocrx_word' id='word_1_535' title='bbox 3076 3636 3389 3703; x_wconf 84' lang='lat' dir='ltr'><strong>distractus,</strong></span> 
     </span>
    </p>
   </div>
   <div class='ocr_carea' id='block_1_83' title="bbox 1833 3725 3390 3798">
    <p class='ocr_par' dir='ltr' id='par_1_83' title="bbox 1833 3725 3390 3798">
     <span class='ocr_line' id='line_1_83' title="bbox 1833 3725 3390 3798; baseline 0.004 -22"><span class='ocrx_word' id='word_1_536' title='bbox 1833 3739 2007 3792; x_wconf 88' lang='lat' dir='ltr'><strong>neque</strong></span> <span class='ocrx_word' id='word_1_537' title='bbox 2030 3725 2321 3778; x_wconf 88' lang='lat' dir='ltr'><strong>secundum</strong></span> <span class='ocrx_word' id='word_1_538' title='bbox 2345 3726 2616 3794; x_wconf 82' lang='lat' dir='ltr'><strong>quidpiam</strong></span> <span class='ocrx_word' id='word_1_539' title='bbox 2641 3725 2862 3789; x_wconf 90' lang='lat' dir='ltr'><strong>divisus,</strong></span> <span class='ocrx_word' id='word_1_540' title='bbox 2896 3726 3045 3779; x_wconf 90' lang='lat' dir='ltr'><strong>illum</strong></span> <span class='ocrx_word' id='word_1_541' title='bbox 3088 3727 3258 3795; x_wconf 89' lang='lat' dir='ltr'><strong>ipsmn</strong></span> <span class='ocrx_word' id='word_1_542' title='bbox 3297 3729 3390 3798; x_wconf 90' lang='lat' dir='ltr'><strong>qui</strong></span> 
     </span>
    </p>
   </div>
   <div class='ocr_carea' id='block_1_84' title="bbox 1833 3815 3390 3886">
    <p class='ocr_par' dir='ltr' id='par_1_84' title="bbox 1833 3815 3390 3886">
     <span class='ocr_line' id='line_1_84' title="bbox 1833 3815 3390 3886; baseline 0.001 -17"><span class='ocrx_word' id='word_1_543' title='bbox 1833 3815 2202 3884; x_wconf 76' lang='lat' dir='ltr'><strong>depingendus</strong></span> <span class='ocrx_word' id='word_1_544' title='bbox 2232 3825 2316 3868; x_wconf 89' lang='lat' dir='ltr'><strong>est</strong></span> <span class='ocrx_word' id='word_1_545' title='bbox 2347 3815 2411 3883; x_wconf 88' lang='lat' dir='ltr'><strong>(si</strong></span> <span class='ocrx_word' id='word_1_546' title='bbox 2441 3815 2513 3868; x_wconf 90' lang='lat' dir='ltr'><strong>ita</strong></span> <span class='ocrx_word' id='word_1_547' title='bbox 2546 3816 2723 3870; x_wconf 90' lang='lat' dir='ltr'><strong>dicere</strong></span> <span class='ocrx_word' id='word_1_548' title='bbox 2768 3816 2950 3886; x_wconf 87' lang='lat' dir='ltr'><strong>liceat)</strong></span> <span class='ocrx_word' id='word_1_549' title='bbox 2997 3817 3390 3885; x_wconf 86' lang='lat' dir='ltr'><strong>quodammodo</strong></span> 
     </span>
    </p>
   </div>
   <div class='ocr_carea' id='block_1_85' title="bbox 1834 3906 3387 3975">
    <p class='ocr_par' dir='ltr' id='par_1_85' title="bbox 1834 3906 3387 3975">
     <span class='ocr_line' id='line_1_85' title="bbox 1834 3906 3387 3975; baseline 0 -15"><span class='ocrx_word' id='word_1_550' title='bbox 1834 3907 2138 3974; x_wconf 87' lang='lat' dir='ltr'><strong>replieabit,</strong></span> <span class='ocrx_word' id='word_1_551' title='bbox 2166 3916 2329 3975; x_wconf 87' lang='lat' dir='ltr'><strong>atque</strong></span> <span class='ocrx_word' id='word_1_552' title='bbox 2359 3908 2641 3975; x_wconf 89' lang='lat' dir='ltr'><strong>ipsammet</strong></span> <span class='ocrx_word' id='word_1_553' title='bbox 2667 3906 2952 3960; x_wconf 85' lang='lat' dir='ltr'><strong>veritatem</strong></span> <span class='ocrx_word' id='word_1_554' title='bbox 2981 3907 3033 3960; x_wconf 90' lang='lat' dir='ltr'><strong>in</strong></span> <span class='ocrx_word' id='word_1_555' title='bbox 3075 3907 3387 3962; x_wconf 73' lang='lat' dir='ltr'><strong>similitudi-</strong></span> 
     </span>
    </p>
   </div>
   <div class='ocr_carea' id='block_1_86' title="bbox 1795 3992 3386 4067">
    <p class='ocr_par' dir='ltr' id='par_1_86' title="bbox 1795 3992 3386 4067">
     <span class='ocr_line' id='line_1_86' title="bbox 1795 3992 3386 4067; baseline -0.001 -17"><span class='ocrx_word' id='word_1_556' title='bbox 1795 3992 1956 4050; x_wconf 68' lang='lat' dir='ltr'><strong>‘nem</strong></span> <span class='ocrx_word' id='word_1_557' title='bbox 1985 4008 2040 4049; x_wconf 93' lang='lat' dir='ltr'><strong>et</strong></span> <span class='ocrx_word' id='word_1_558' title='bbox 2071 3999 2420 4067; x_wconf 86' lang='lat' dir='ltr'><strong>archetypum</strong></span> <span class='ocrx_word' id='word_1_559' title='bbox 2453 3997 2506 4049; x_wconf 90' lang='lat' dir='ltr'><strong>in</strong></span> <span class='ocrx_word' id='word_1_560' title='bbox 2555 3995 2787 4064; x_wconf 70' lang='lat' dir='ltr'><strong>imagine</strong></span> <span class='ocrx_word' id='word_1_561' title='bbox 2815 3997 3100 4063; x_wconf 74' lang='lat' dir='ltr'><strong>exprimet,</strong></span> <span class='ocrx_word' id='word_1_562' title='bbox 3130 3995 3386 4048; x_wconf 80' lang='lat' dir='ltr'><strong>alterum-</strong></span> 
     </span>
    </p>
   </div>
   <div class='ocr_carea' id='block_1_87' title="bbox 1834 4087 3384 4157">
    <p class='ocr_par' dir='ltr' id='par_1_87' title="bbox 1834 4087 3384 4157">
     <span class='ocr_line' id='line_1_87' title="bbox 1834 4087 3384 4157; baseline 0.001 -16"><span class='ocrx_word' id='word_1_563' title='bbox 1834 4101 1938 4157; x_wconf 88' lang='lat' dir='ltr'><strong>que</strong></span> <span class='ocrx_word' id='word_1_564' title='bbox 1969 4091 2020 4142; x_wconf 93' lang='lat' dir='ltr'><strong>in</strong></span> <span class='ocrx_word' id='word_1_565' title='bbox 2051 4090 2221 4143; x_wconf 86' lang='lat' dir='ltr'><strong>altero</strong></span> <span class='ocrx_word' id='word_1_566' title='bbox 2250 4090 2384 4143; x_wconf 89' lang='lat' dir='ltr'><strong>citra</strong></span> <span class='ocrx_word' id='word_1_567' title='bbox 2417 4088 2734 4142; x_wconf 66' lang='lat' dir='ltr'><strong>substantiae</strong></span> <span class='ocrx_word' id='word_1_568' title='bbox 2765 4088 3118 4142; x_wconf 65' lang='lat' dir='ltr'><strong>differentiam</strong></span> <span class='ocrx_word' id='word_1_569' title='bbox 3145 4087 3384 4143; x_wconf 84' lang='lat' dir='ltr'><strong>referet:</strong></span> 
     </span>
    </p>
   </div>
   <div class='ocr_carea' id='block_1_88' title="bbox 1834 4179 3385 4247">
    <p class='ocr_par' dir='ltr' id='par_1_88' title="bbox 1834 4179 3385 4247">
     <span class='ocr_line' id='line_1_88' title="bbox 1834 4179 3385 4247; baseline 0 -13"><span class='ocrx_word' id='word_1_570' title='bbox 1834 4182 1911 4234; x_wconf 90' lang='lat' dir='ltr'><strong>sic</strong></span> <span class='ocrx_word' id='word_1_571' title='bbox 1961 4180 2172 4234; x_wconf 88' lang='lat' dir='ltr'><strong>honesti</strong></span> <span class='ocrx_word' id='word_1_572' title='bbox 2215 4180 2522 4232; x_wconf 83' lang='lat' dir='ltr'><strong>amantibus</strong></span> <span class='ocrx_word' id='word_1_573' title='bbox 2575 4179 2628 4231; x_wconf 90' lang='lat' dir='ltr'><strong>in</strong></span> <span class='ocrx_word' id='word_1_574' title='bbox 2665 4187 2843 4233; x_wconf 90' lang='lat' dir='ltr'><strong>mente</strong></span> <span class='ocrx_word' id='word_1_575' title='bbox 2893 4180 3210 4247; x_wconf 88' lang='lat' dir='ltr'><strong>pictoribus,</strong></span> <span class='ocrx_word' id='word_1_576' title='bbox 3258 4194 3385 4234; x_wconf 84' lang='lat' dir='ltr'><strong>sua-</strong></span> 
     </span>
    </p>
   </div>
   <div class='ocr_carea' id='block_1_89' title="bbox 1836 4269 3385 4340">
    <p class='ocr_par' dir='ltr' id='par_1_89' title="bbox 1836 4269 3385 4340">
     <span class='ocr_line' id='line_1_89' title="bbox 1836 4269 3385 4340; baseline -0.001 -17"><span class='ocrx_word' id='word_1_577' title='bbox 1836 4271 2092 4324; x_wconf 89' lang='lat' dir='ltr'><strong>veolentis</strong></span> <span class='ocrx_word' id='word_1_578' title='bbox 2131 4280 2188 4325; x_wconf 86' lang='lat' dir='ltr'><strong>et</strong></span> <span class='ocrx_word' id='word_1_579' title='bbox 2249 4285 2460 4324; x_wconf 80' lang='lat' dir='ltr'><strong>arcana:</strong></span> <span class='ocrx_word' id='word_1_580' title='bbox 2520 4269 2933 4340; x_wconf 85' lang='lat' dir='ltr'><strong>pulchritudinis</strong></span> <span class='ocrx_word' id='word_1_581' title='bbox 2997 4269 3202 4324; x_wconf 88' lang='lat' dir='ltr'><strong>intenta</strong></span> <span class='ocrx_word' id='word_1_582' title='bbox 3257 4284 3385 4324; x_wconf 86' lang='lat' dir='ltr'><strong>con-</strong></span> 
     </span>
    </p>
   </div>
   <div class='ocr_carea' id='block_1_90' title="bbox 1832 4359 3385 4430">
    <p class='ocr_par' dir='ltr' id='par_1_90' title="bbox 1832 4359 3385 4430">
     <span class='ocr_line' id='line_1_90' title="bbox 1832 4359 3385 4430; baseline 0.001 -16"><span class='ocrx_word' id='word_1_583' title='bbox 1832 4369 2088 4430; x_wconf 81' lang='lat' dir='ltr'><strong>stansque</strong></span> <span class='ocrx_word' id='word_1_584' title='bbox 2111 4360 2494 4430; x_wconf 90' lang='lat' dir='ltr'><strong>contemplatio</strong></span> <span class='ocrx_word' id='word_1_585' title='bbox 2526 4360 2851 4414; x_wconf 87' lang='lat' dir='ltr'><strong>infallibilem</strong></span> <span class='ocrx_word' id='word_1_586' title='bbox 2877 4359 3026 4414; x_wconf 88' lang='lat' dir='ltr'><strong>indet</strong></span> <span class='ocrx_word' id='word_1_587' title='bbox 3045 4362 3385 4429; x_wconf 77' lang='lat' dir='ltr'><strong>maximeque</strong></span> 
     </span>
    </p>
   </div>
   <div class='ocr_carea' id='block_1_91' title="bbox 1835 4440 3391 4524">
    <p class='ocr_par' dir='ltr' id='par_1_91' title="bbox 1835 4440 3391 4524">
     <span class='ocr_line' id='line_1_91' title="bbox 1835 4440 3391 4524; baseline 0.001 -16"><span class='ocrx_word' id='word_1_588' title='bbox 1835 4443 2146 4509; x_wconf 80' lang='lat' dir='ltr'><strong>deiformem</strong></span> <span class='ocrx_word' id='word_1_589' title='bbox 2203 4440 2661 4523; x_wconf 71' lang='lat' dir='ltr'><strong>imaginationem.</strong></span> <span class='ocrx_word' id='word_1_590' title='bbox 2727 4454 2913 4509; x_wconf 75' lang='lat' dir='ltr'><strong>Merito</strong></span> <span class='ocrx_word' id='word_1_591' title='bbox 2983 4457 3164 4524; x_wconf 84' lang='lat' dir='ltr'><strong>itaque</strong></span> <span class='ocrx_word' id='word_1_592' title='bbox 3213 4454 3391 4516; x_wconf 81' lang='lat' dir='ltr'><strong>divini</strong></span> 
     </span>
    </p>
   </div>
   <div class='ocr_carea' id='block_1_92' title="bbox 1833 4547 3392 4615">
    <p class='ocr_par' dir='ltr' id='par_1_92' title="bbox 1833 4547 3392 4615">
     <span class='ocr_line' id='line_1_92' title="bbox 1833 4547 3392 4615; baseline 0.003 -18"><span class='ocrx_word' id='word_1_593' title='bbox 1833 4547 2104 4614; x_wconf 79' lang='lat' dir='ltr'><strong>pit-tores,</strong></span> <span class='ocrx_word' id='word_1_594' title='bbox 2154 4547 2367 4615; x_wconf 88' lang='lat' dir='ltr'><strong>quando</strong></span> <span class='ocrx_word' id='word_1_595' title='bbox 2424 4557 2655 4603; x_wconf 89' lang='lat' dir='ltr'><strong>mentem</strong></span> <span class='ocrx_word' id='word_1_596' title='bbox 2705 4563 2859 4601; x_wconf 89' lang='lat' dir='ltr'><strong>suam</strong></span> <span class='ocrx_word' id='word_1_597' title='bbox 2917 4547 2983 4601; x_wconf 87' lang='lat' dir='ltr'><strong>ad</strong></span> <span class='ocrx_word' id='word_1_598' title='bbox 3039 4561 3392 4614; x_wconf 51' lang='lat' dir='ltr'><strong>supraessenq</strong></span> 
     </span>
    </p>
   </div>
   <div class='ocr_carea' id='block_1_93' title="bbox 1836 4635 3378 4708">
    <p class='ocr_par' dir='ltr' id='par_1_93' title="bbox 1836 4635 3378 4708">
     <span class='ocr_line' id='line_1_93' title="bbox 1836 4635 3378 4708; baseline 0.003 -20"><span class='ocrx_word' id='word_1_599' title='bbox 1836 4637 2010 4688; x_wconf 88' lang='lat' dir='ltr'><strong>tialcm</strong></span> <span class='ocrx_word' id='word_1_600' title='bbox 2042 4635 2186 4688; x_wconf 87' lang='lat' dir='ltr'><strong>illam</strong></span> <span class='ocrx_word' id='word_1_601' title='bbox 2219 4637 2550 4707; x_wconf 79' lang='lat' dir='ltr'><strong>fragrantem</strong></span> <span class='ocrx_word' id='word_1_602' title='bbox 2584 4637 2988 4708; x_wconf 88' lang='lat' dir='ltr'><strong>spiritalemque</strong></span> <span class='ocrx_word' id='word_1_603' title='bbox 3021 4638 3378 4708; x_wconf 80' lang='lat' dir='ltr'><strong>pulchritudi-</strong></span> 
     </span>
    </p>
   </div>
   <div class='ocr_carea' id='block_1_94' title="bbox 1837 4715 3393 4795">
    <p class='ocr_par' dir='ltr' id='par_1_94' title="bbox 1837 4715 3393 4795">
     <span class='ocr_line' id='line_1_94' title="bbox 1837 4715 3393 4795; baseline 0.004 -17"><span class='ocrx_word' id='word_1_604' title='bbox 1837 4741 1957 4779; x_wconf 90' lang='lat' dir='ltr'><strong>nem</strong></span> <span class='ocrx_word' id='word_1_605' title='bbox 2003 4736 2316 4782; x_wconf 88' lang='lat' dir='ltr'><strong>constanter</strong></span> <span class='ocrx_word' id='word_1_606' title='bbox 2359 4727 2661 4795; x_wconf 70' lang='lat' dir='ltr'><strong>eﬂ‘ormant,</strong></span> <span class='ocrx_word' id='word_1_607' title='bbox 2692 4730 2887 4783; x_wconf 87' lang='lat' dir='ltr'><strong>nullam</strong></span> <span class='ocrx_word' id='word_1_608' title='bbox 2921 4715 3170 4783; x_wconf 74' lang='lat' dir='ltr'><strong>virtutem</strong></span> <span class='ocrx_word' id='word_1_609' title='bbox 3198 4745 3393 4789; x_wconf 85' lang='lat' dir='ltr'><strong>earum</strong></span> 
     </span>
    </p>
   </div>
   <div class='ocr_carea' id='block_1_95' title="bbox 164 4801 1739 4892">
    <p class='ocr_par' dir='ltr' id='par_1_95' title="bbox 164 4817 1727 4888">
     <span class='ocr_line' id='line_1_95' title="bbox 164 4817 1727 4888; baseline 0.002 -20"><span class='ocrx_word' id='word_1_610' title='bbox 164 4817 470 4880; x_wconf 80' lang='grc' dir='ltr'>πτεύουσιν,</span> <span class='ocrx_word' id='word_1_611' title='bbox 499 4818 573 4879; x_wconf 83' lang='grc' dir='ltr'>ὡς</span> <span class='ocrx_word' id='word_1_612' title='bbox 606 4819 664 4870; x_wconf 85' lang='grc' dir='ltr'><strong>ὲν</strong></span> <span class='ocrx_word' id='word_1_613' title='bbox 699 4817 884 4880; x_wconf 75' lang='grc' dir='ltr'>εἰκόνι,</span> <span class='ocrx_word' id='word_1_614' title='bbox 911 4817 988 4887; x_wconf 83' lang='grc' dir='ltr'><strong>τῷ</strong></span> <span class='ocrx_word' id='word_1_615' title='bbox 1022 4817 1149 4887; x_wconf 86' lang='grc' dir='ltr'>θείῳ</span> <span class='ocrx_word' id='word_1_616' title='bbox 1183 4817 1335 4888; x_wconf 77' lang='grc' dir='ltr'>μύρῳ</span> <span class='ocrx_word' id='word_1_617' title='bbox 1371 4818 1438 4871; x_wconf 91' lang='grc' dir='ltr'><strong>τά</strong></span> <span class='ocrx_word' id='word_1_618' title='bbox 1473 4819 1572 4887; x_wconf 78' lang='grc' dir='ltr'>τῆς</span> <span class='ocrx_word' id='word_1_619' title='bbox 1609 4821 1727 4872; x_wconf 85' lang='grc' dir='ltr'><strong>Ἐκ-</strong></span> 
     </span>
    </p>
   </div>
   <div class='ocr_carea' id='block_1_96' title="bbox 1795 4801 3394 4892">
    <p class='ocr_par' dir='ltr' id='par_1_96' title="bbox 1795 4801 3394 4892">
     <span class='ocr_line' id='line_1_96' title="bbox 1795 4801 3394 4892; baseline 0.004 -24"><span class='ocrx_word' id='word_1_620' title='bbox 1795 4820 1798 4849; x_wconf 84' lang='grc'>¹</span> <span class='ocrx_word' id='word_1_621' title='bbox 1829 4832 1947 4885; x_wconf 68' lang='lat' dir='ltr'><strong>quae</strong></span> <span class='ocrx_word' id='word_1_622' title='bbox 1967 4801 2042 4870; x_wconf 84' lang='lat' dir='ltr'><strong>iis</strong></span> <span class='ocrx_word' id='word_1_623' title='bbox 2069 4817 2248 4872; x_wconf 86' lang='lat' dir='ltr'><strong>insunt</strong></span> <span class='ocrx_word' id='word_1_624' title='bbox 2271 4829 2456 4890; x_wconf 76' lang='lat' dir='ltr'><strong>agunt,</strong></span> <span class='ocrx_word' id='word_1_625' title='bbox 2483 4815 2540 4873; x_wconf 84' lang='lat' dir='ltr'><strong>ut</strong></span> <span class='ocrx_word' id='word_1_626' title='bbox 2565 4821 2632 4873; x_wconf 89' lang='lat' dir='ltr'><strong>ab</strong></span> <span class='ocrx_word' id='word_1_627' title='bbox 2660 4821 2986 4884; x_wconf 83' lang='lat' dir='ltr'><strong>hominibus,</strong></span> <span class='ocrx_word' id='word_1_628' title='bbox 3018 4821 3093 4874; x_wconf 93' lang='lat' dir='ltr'><strong>uti</strong></span> <span class='ocrx_word' id='word_1_629' title='bbox 3125 4822 3394 4892; x_wconf 73' lang='lat' dir='ltr'><strong>scriptum,</strong></span> 
     </span>
    </p>
   </div>
   <div class='ocr_carea' id='block_1_97' title="bbox 161 4906 1721 4980">
    <p class='ocr_par' dir='ltr' id='par_1_97' title="bbox 161 4906 1721 4980">
     <span class='ocr_line' id='line_1_97' title="bbox 161 4906 1721 4980; baseline 0.001 -20"><span class='ocrx_word' id='word_1_630' title='bbox 161 4907 390 4978; x_wconf 86' lang='grc' dir='ltr'>κλησίας</span> <span class='ocrx_word' id='word_1_631' title='bbox 418 4906 681 4978; x_wconf 84' lang='grc' dir='ltr'>ἱερώτατα</span> <span class='ocrx_word' id='word_1_632' title='bbox 708 4908 1253 4980; x_wconf 79' lang='grc' dir='ltr'>περικεκαλυμμένα’</span> <span class='ocrx_word' id='word_1_633' title='bbox 1294 4909 1372 4961; x_wconf 84' lang='grc' dir='ltr'><strong>διὸ</strong></span> <span class='ocrx_word' id='word_1_634' title='bbox 1415 4909 1507 4962; x_wconf 76' lang='grc' dir='ltr'><strong>καὶ</strong></span> <span class='ocrx_word' id='word_1_635' title='bbox 1551 4911 1721 4972; x_wconf 79' lang='grc' dir='ltr'>αὐτοὶ,</span> 
     </span>
    </p>
   </div>
   <div class='ocr_carea' id='block_1_98' title="bbox 160 4996 1724 5068">
    <p class='ocr_par' dir='ltr' id='par_1_98' title="bbox 160 4996 1724 5068">
     <span class='ocr_line' id='line_1_98' title="bbox 160 4996 1724 5068; baseline 0.003 -19"><span class='ocrx_word' id='word_1_636' title='bbox 160 4997 224 5050; x_wconf 80' lang='grc' dir='ltr'><strong>τὸ</strong></span> <span class='ocrx_word' id='word_1_637' title='bbox 267 4998 382 5048; x_wconf 80' lang='grc' dir='ltr'>κατ’</span> <span class='ocrx_word' id='word_1_638' title='bbox 433 4996 628 5068; x_wconf 82' lang='grc' dir='ltr'>ἀρετὴν</span> <span class='ocrx_word' id='word_1_639' title='bbox 673 4999 813 5068; x_wconf 81' lang='grc' dir='ltr'>ἱερὸν</span> <span class='ocrx_word' id='word_1_640' title='bbox 855 5001 946 5054; x_wconf 76' lang='grc' dir='ltr'>καὶ</span> <span class='ocrx_word' id='word_1_641' title='bbox 995 4998 1386 5051; x_wconf 85' lang='grc' dir='ltr'>θεοειδέστατον</span> <span class='ocrx_word' id='word_1_642' title='bbox 1459 4999 1586 5051; x_wconf 74' lang='grc' dir='ltr'>εἵσω</span> <span class='ocrx_word' id='word_1_643' title='bbox 1630 5000 1724 5053; x_wconf 82' lang='grc' dir='ltr'>τοῦ</span> 
     </span>
    </p>
   </div>
   <div class='ocr_carea' id='block_1_99' title="bbox 164 5087 1726 5160">
    <p class='ocr_par' dir='ltr' id='par_1_99' title="bbox 164 5087 1726 5160">
     <span class='ocr_line' id='line_1_99' title="bbox 164 5087 1726 5160; baseline 0.001 -19"><span class='ocrx_word' id='word_1_644' title='bbox 164 5087 494 5157; x_wconf 82' lang='grc' dir='ltr'>θεομιμήτου</span> <span class='ocrx_word' id='word_1_645' title='bbox 541 5089 632 5140; x_wconf 76' lang='grc' dir='ltr'><strong>καὶ</strong></span> <span class='ocrx_word' id='word_1_646' title='bbox 678 5087 1009 5159; x_wconf 83' lang='grc' dir='ltr'>θεογράπτου</span> <span class='ocrx_word' id='word_1_647' title='bbox 1059 5089 1174 5152; x_wconf 80' lang='grc' dir='ltr'>νοὸς</span> <span class='ocrx_word' id='word_1_648' title='bbox 1238 5090 1396 5160; x_wconf 88' lang='grc' dir='ltr'>ίερῶς</span> <span class='ocrx_word' id='word_1_649' title='bbox 1435 5091 1726 5160; x_wconf 85' lang='grc' dir='ltr'>περικαλύ-</span> 
     </span>
    </p>
   </div>
   <div class='ocr_carea' id='block_1_100' title="bbox 165 5178 1723 5252">
    <p class='ocr_par' dir='ltr' id='par_1_100' title="bbox 165 5178 1723 5252">
     <span class='ocr_line' id='line_1_100' title="bbox 165 5178 1723 5252; baseline 0.005 -25"><span class='ocrx_word' id='word_1_650' title='bbox 165 5191 420 5239; x_wconf 87' lang='grc' dir='ltr'>πτοντες,</span> <span class='ocrx_word' id='word_1_651' title='bbox 466 5179 598 5249; x_wconf 87' lang='grc' dir='ltr'>πρὸς</span> <span class='ocrx_word' id='word_1_652' title='bbox 655 5180 820 5250; x_wconf 88' lang='grc' dir='ltr'>μόνην</span> <span class='ocrx_word' id='word_1_653' title='bbox 863 5178 1220 5232; x_wconf 77' lang='grc' dir='ltr'>ἀποϐλέπουσι</span> <span class='ocrx_word' id='word_1_654' title='bbox 1272 5180 1369 5251; x_wconf 81' lang='grc' dir='ltr'><strong>τὴν</strong></span> <span class='ocrx_word' id='word_1_655' title='bbox 1422 5181 1723 5252; x_wconf 79' lang='grc' dir='ltr'>ἀρχέτυπον</span> 
     </span>
    </p>
   </div>
   <div class='ocr_carea' id='block_1_101' title="bbox 165 5265 1718 5342">
    <p class='ocr_par' dir='ltr' id='par_1_101' title="bbox 165 5265 1718 5342">
     <span class='ocr_line' id='line_1_101' title="bbox 165 5265 1718 5342; baseline 0.006 -26"><span class='ocrx_word' id='word_1_656' title='bbox 165 5265 350 5335; x_wconf 87' lang='grc' dir='ltr'>νόησιν</span> <span class='ocrx_word' id='word_1_657' title='bbox 369 5282 381 5294; x_wconf 88' lang='grc'><strong>·</strong></span> <span class='ocrx_word' id='word_1_658' title='bbox 400 5267 518 5319; x_wconf 83' lang='grc' dir='ltr'>οὐδὲ</span> <span class='ocrx_word' id='word_1_659' title='bbox 552 5268 658 5340; x_wconf 77' lang='grc' dir='ltr'>γὰρ</span> <span class='ocrx_word' id='word_1_660' title='bbox 684 5270 897 5324; x_wconf 81' lang='grc' dir='ltr'>ἀθέατοι</span> <span class='ocrx_word' id='word_1_661' title='bbox 921 5270 964 5302; x_wconf 82' lang='grc'><strong>⁸³</strong></span> <span class='ocrx_word' id='word_1_662' title='bbox 993 5270 1149 5340; x_wconf 86' lang='grc' dir='ltr'>μόνον</span> <span class='ocrx_word' id='word_1_663' title='bbox 1173 5271 1276 5322; x_wconf 83' lang='grc' dir='ltr'>είσὶ</span> <span class='ocrx_word' id='word_1_664' title='bbox 1295 5275 1405 5334; x_wconf 85' lang='grc' dir='ltr'>τοῖς</span> <span class='ocrx_word' id='word_1_665' title='bbox 1427 5271 1718 5342; x_wconf 85' lang='grc' dir='ltr'>ἀνομοίοις,</span> 
     </span>
    </p>
   </div>
   <div class='ocr_carea' id='block_1_102' title="bbox 1825 4907 3370 4979">
    <p class='ocr_par' dir='ltr' id='par_1_102' title="bbox 1825 4907 3370 4979">
     <span class='ocr_line' id='line_1_102' title="bbox 1825 4907 3370 4979; baseline 0.005 -22"><span class='ocrx_word' id='word_1_666' title='bbox 1825 4915 1940 4968; x_wconf 88' lang='lat' dir='ltr'><strong>est,</strong></span> <span class='ocrx_word' id='word_1_667' title='bbox 1992 4907 2301 4973; x_wconf 89' lang='lat' dir='ltr'><strong>videantur;</strong></span> <span class='ocrx_word' id='word_1_668' title='bbox 2349 4909 2440 4962; x_wconf 91' lang='lat' dir='ltr'><strong>sed</strong></span> <span class='ocrx_word' id='word_1_669' title='bbox 2499 4919 2686 4963; x_wconf 86' lang='lat' dir='ltr'><strong>sancte</strong></span> <span class='ocrx_word' id='word_1_670' title='bbox 2736 4908 2787 4962; x_wconf 92' lang='lat' dir='ltr'><strong>in</strong></span> <span class='ocrx_word' id='word_1_671' title='bbox 2843 4920 3113 4979; x_wconf 85' lang='lat' dir='ltr'><strong>unguento</strong></span> <span class='ocrx_word' id='word_1_672' title='bbox 3163 4911 3370 4971; x_wconf 90' lang='lat' dir='ltr'><strong>divino,</strong></span> 
     </span>
    </p>
   </div>
   <div class='ocr_carea' id='block_1_103' title="bbox 1827 4998 3384 5070">
    <p class='ocr_par' dir='ltr' id='par_1_103' title="bbox 1827 4998 3384 5070">
     <span class='ocr_line' id='line_1_103' title="bbox 1827 4998 3384 5070; baseline 0.006 -20"><span class='ocrx_word' id='word_1_673' title='bbox 1827 4999 1972 5051; x_wconf 89' lang='lat' dir='ltr'><strong>velut</strong></span> <span class='ocrx_word' id='word_1_674' title='bbox 2025 4998 2076 5052; x_wconf 90' lang='lat' dir='ltr'><strong>in</strong></span> <span class='ocrx_word' id='word_1_675' title='bbox 2131 5001 2386 5069; x_wconf 74' lang='lat' dir='ltr'><strong>imagine,</strong></span> <span class='ocrx_word' id='word_1_676' title='bbox 2442 5001 2809 5056; x_wconf 82' lang='lat' dir='ltr'><strong>sacratissima</strong></span> <span class='ocrx_word' id='word_1_677' title='bbox 2864 5013 3098 5070; x_wconf 69' lang='lat' dir='ltr'><strong>qumque</strong></span> <span class='ocrx_word' id='word_1_678' title='bbox 3131 5002 3384 5060; x_wconf 74' lang='lat' dir='ltr'><strong>Ecclesia:</strong></span> 
     </span>
    </p>
   </div>
   <div class='ocr_carea' id='block_1_104' title="bbox 1827 5091 3383 5164">
    <p class='ocr_par' dir='ltr' id='par_1_104' title="bbox 1827 5091 3383 5164">
     <span class='ocr_line' id='line_1_104' title="bbox 1827 5091 3383 5164; baseline 0.004 -23"><span class='ocrx_word' id='word_1_679' title='bbox 1827 5091 2080 5159; x_wconf 87' lang='lat' dir='ltr'><strong>mysteria</strong></span> <span class='ocrx_word' id='word_1_680' title='bbox 2121 5093 2293 5144; x_wconf 82' lang='lat' dir='ltr'><strong>velata</strong></span> <span class='ocrx_word' id='word_1_681' title='bbox 2326 5095 2793 5163; x_wconf 86' lang='lat' dir='ltr'><strong>contemplantur;</strong></span> <span class='ocrx_word' id='word_1_682' title='bbox 2839 5103 2999 5161; x_wconf 87' lang='lat' dir='ltr'><strong>atque</strong></span> <span class='ocrx_word' id='word_1_683' title='bbox 3050 5095 3184 5149; x_wconf 90' lang='lat' dir='ltr'><strong>adeo</strong></span> <span class='ocrx_word' id='word_1_684' title='bbox 3228 5096 3383 5164; x_wconf 78' lang='lat' dir='ltr'><strong>quid-</strong></span> 
     </span>
    </p>
   </div>
   <div class='ocr_carea' id='block_1_105' title="bbox 1827 5175 3386 5248">
    <p class='ocr_par' dir='ltr' id='par_1_105' title="bbox 1827 5175 3386 5248">
     <span class='ocr_line' id='line_1_105' title="bbox 1827 5175 3386 5248; baseline 0.006 -15"><span class='ocrx_word' id='word_1_685' title='bbox 1827 5182 1953 5248; x_wconf 90' lang='lat' dir='ltr'><strong>quid</strong></span> <span class='ocrx_word' id='word_1_686' title='bbox 1997 5182 2050 5234; x_wconf 90' lang='lat' dir='ltr'><strong>iu</strong></span> <span class='ocrx_word' id='word_1_687' title='bbox 2102 5184 2304 5237; x_wconf 85' lang='lat' dir='ltr'><strong>virtute</strong></span> <span class='ocrx_word' id='word_1_688' title='bbox 2346 5200 2562 5238; x_wconf 90' lang='lat' dir='ltr'><strong>sacrum</strong></span> <span class='ocrx_word' id='word_1_689' title='bbox 2611 5201 2674 5239; x_wconf 88' lang='lat' dir='ltr'><strong>ac</strong></span> <span class='ocrx_word' id='word_1_690' title='bbox 2725 5186 2956 5239; x_wconf 78' lang='lat' dir='ltr'><strong>maxime</strong></span> <span class='ocrx_word' id='word_1_691' title='bbox 3000 5185 3260 5240; x_wconf 79' lang='lat' dir='ltr'><strong>tleiforme</strong></span> <span class='ocrx_word' id='word_1_692' title='bbox 3300 5175 3386 5243; x_wconf 78' lang='lat' dir='ltr'><strong>est</strong></span> 
     </span>
    </p>
   </div>
   <div class='ocr_carea' id='block_1_106' title="bbox 1830 5273 3384 5348">
    <p class='ocr_par' dir='ltr' id='par_1_106' title="bbox 1830 5273 3384 5348">
     <span class='ocr_line' id='line_1_106' title="bbox 1830 5273 3384 5348; baseline 0.007 -24"><span class='ocrx_word' id='word_1_693' title='bbox 1830 5273 1968 5325; x_wconf 88' lang='lat' dir='ltr'><strong>intra</strong></span> <span class='ocrx_word' id='word_1_694' title='bbox 2009 5284 2241 5328; x_wconf 89' lang='lat' dir='ltr'><strong>mentem</strong></span> <span class='ocrx_word' id='word_1_695' title='bbox 2282 5291 2456 5339; x_wconf 91' lang='lat' dir='ltr'><strong>suam,</strong></span> <span class='ocrx_word' id='word_1_696' title='bbox 2505 5293 2625 5345; x_wconf 72' lang='lat' dir='ltr'><strong>quae</strong></span> <span class='ocrx_word' id='word_1_697' title='bbox 2657 5279 2724 5330; x_wconf 86' lang='lat' dir='ltr'><strong>ad</strong></span> <span class='ocrx_word' id='word_1_698' title='bbox 2760 5279 3046 5348; x_wconf 72' lang='lat' dir='ltr'><strong>imaginem</strong></span> <span class='ocrx_word' id='word_1_699' title='bbox 3079 5287 3134 5333; x_wconf 89' lang='lat' dir='ltr'><strong>et</strong></span> <span class='ocrx_word' id='word_1_700' title='bbox 3182 5279 3384 5335; x_wconf 66' lang='lat' dir='ltr'><strong>similiv-</strong></span> 
     </span>
    </p>
   </div>
   <div class='ocr_carea' id='block_1_107' title="bbox 1447 5433 2099 5492">
    <p class='ocr_par' dir='ltr' id='par_1_107' title="bbox 1447 5433 2099 5492">
     <span class='ocr_line' id='line_1_107' title="bbox 1447 5433 2099 5492; baseline 0.009 -6"><span class='ocrx_word' id='word_1_701' title='bbox 1447 5433 1678 5486; x_wconf 65' lang='lat' dir='ltr'><strong>VARIAE</strong></span> <span class='ocrx_word' id='word_1_702' title='bbox 1719 5433 2099 5492; x_wconf 83' lang='lat' dir='ltr'><strong>LECTIONES</strong></span> 
     </span>
    </p>
   </div>
   <div class='ocr_carea' id='block_1_108' title="bbox 237 5569 2702 5689">
    <p class='ocr_par' dir='ltr' id='par_1_108' title="bbox 237 5569 2702 5689">
     <span class='ocr_line' id='line_1_108' title="bbox 237 5569 2702 5689; baseline 0.009 -70"><span class='ocrx_word' id='word_1_703' title='bbox 237 5569 278 5598; x_wconf 75' lang='grc'>⁷³</span> <span class='ocrx_word' id='word_1_704' title='bbox 311 5571 752 5689; x_wconf 56' lang='grc' dir='ltr'>προηγουμένων,</span> <span class='ocrx_word' id='word_1_705' title='bbox 782 5572 879 5626; x_wconf 89' lang='lat' dir='ltr'><strong>Ch.</strong></span> <span class='ocrx_word' id='word_1_706' title='bbox 953 5576 990 5605; x_wconf 73' lang='lat'><strong>&quot;&#39;</strong></span> <span class='ocrx_word' id='word_1_707' title='bbox 1019 5574 1252 5635; x_wconf 85' lang='grc' dir='ltr'>πάντων,</span> <span class='ocrx_word' id='word_1_708' title='bbox 1276 5574 1411 5628; x_wconf 85' lang='lat' dir='ltr'><strong>S.P.</strong></span> <span class='ocrx_word' id='word_1_709' title='bbox 1451 5575 1510 5629; x_wconf 90' lang='lat' dir='ltr'><strong>D.</strong></span> <span class='ocrx_word' id='word_1_710' title='bbox 1546 5576 1643 5629; x_wconf 86' lang='lat' dir='ltr'><strong>Ch.</strong></span> <span class='ocrx_word' id='word_1_711' title='bbox 1716 5578 1760 5609; x_wconf 83' lang='grc'><strong>⁷³</strong></span> <span class='ocrx_word' id='word_1_712' title='bbox 1787 5574 1878 5631; x_wconf 80' lang='grc' dir='ltr'>οὖν</span> <span class='ocrx_word' id='word_1_713' title='bbox 1907 5594 2011 5632; x_wconf 89' lang='lat' dir='ltr'><strong>non</strong></span> <span class='ocrx_word' id='word_1_714' title='bbox 2045 5593 2127 5636; x_wconf 90' lang='lat' dir='ltr'><strong>est</strong></span> <span class='ocrx_word' id='word_1_715' title='bbox 2166 5585 2216 5637; x_wconf 88' lang='lat' dir='ltr'><strong>iu</strong></span> <span class='ocrx_word' id='word_1_716' title='bbox 2243 5585 2299 5638; x_wconf 93' lang='lat' dir='ltr'><strong>S.</strong></span> <span class='ocrx_word' id='word_1_717' title='bbox 2329 5587 2389 5640; x_wconf 93' lang='lat' dir='ltr'><strong>P.</strong></span> <span class='ocrx_word' id='word_1_718' title='bbox 2423 5588 2481 5639; x_wconf 87' lang='lat' dir='ltr'><strong>D.</strong></span> <span class='ocrx_word' id='word_1_719' title='bbox 2513 5588 2611 5641; x_wconf 92' lang='lat' dir='ltr'><strong>Ch.</strong></span> <span class='ocrx_word' id='word_1_720' title='bbox 2645 5588 2702 5640; x_wconf 83' lang='grc' dir='ltr'>Β.</span> 
     </span>
     <span class='ocr_line' id='line_1_109' title="bbox 259 5637 2702 5689; baseline 0 0"><span class='ocrx_word' id='word_1_721' title='bbox 259 5637 315 5689; x_wconf 86' lang='grc' dir='ltr'>Ρ.</span> <span class='ocrx_word' id='word_1_722' title='bbox 398 5681 408 5689; x_wconf 91' lang='grc'><strong>.</strong></span> <span class='ocrx_word' id='word_1_723' title='bbox 454 5644 574 5689; x_wconf 78' lang='lat' dir='ltr'><strong>Sar.</strong></span> <span class='ocrx_word' id='word_1_724' title='bbox 650 5643 694 5672; x_wconf 81' lang='grc'><strong>⁷⁵</strong></span> <span class='ocrx_word' id='word_1_725' title='bbox 729 5643 905 5689; x_wconf 72' lang='grc' dir='ltr'>μόνον-</span> <span class='ocrx_word' id='word_1_726' title='bbox 937 5643 1003 5689; x_wconf 75' lang='grc' dir='ltr'><strong>Μ-</strong></span> <span class='ocrx_word' id='word_1_727' title='bbox 1040 5646 1129 5689; x_wconf 73' lang='lat' dir='ltr'><strong>Sc-</strong></span> <span class='ocrx_word' id='word_1_728' title='bbox 1208 5646 1252 5675; x_wconf 73' lang='grc'><strong>⁷⁸</strong></span> <span class='ocrx_word' id='word_1_729' title='bbox 1277 5644 1780 5689; x_wconf 67' lang='grc' dir='ltr'>ἀπαοαθοαύπουε.</span> <span class='ocrx_word' id='word_1_730' title='bbox 1867 5649 1909 5678; x_wconf 79' lang='grc'><strong>⁷⁷</strong></span> <span class='ocrx_word' id='word_1_731' title='bbox 1941 5655 2286 5689; x_wconf 63' lang='grc' dir='ltr'><strong>Ιιῗηγινηέυηυ</strong></span> <span class='ocrx_word' id='word_1_732' title='bbox 2386 5659 2429 5689; x_wconf 73' lang='grc' dir='ltr'><strong>τε</strong></span> <span class='ocrx_word' id='word_1_733' title='bbox 2459 5659 2541 5689; x_wconf 65' lang='grc' dir='ltr'>,ιρι</span> <span class='ocrx_word' id='word_1_734' title='bbox 2594 5658 2632 5689; x_wconf 81' lang='lat' dir='ltr'><strong>u</strong></span> <span class='ocrx_word' id='word_1_735' title='bbox 2692 5661 2702 5685; x_wconf 66' lang='grc' dir='ltr'><strong>ι</strong></span> 
     </span>
    </p>
   </div>
   <div class='ocr_carea' id='block_1_109' title="bbox 167 5634 1781 5747">
    <p class='ocr_par' dir='ltr' id='par_1_109' title="bbox 167 5634 1781 5747">
     <span class='ocr_line' id='line_1_110' title="bbox 167 5634 1781 5747; baseline 0.006 -58"><span class='ocrx_word' id='word_1_736' title='bbox 167 5634 225 5714; x_wconf 75' lang='lat' dir='ltr'><strong>_S.</strong></span> <span class='ocrx_word' id='word_1_737' title='bbox 259 5637 315 5690; x_wconf 84' lang='lat' dir='ltr'><strong>P.</strong></span> <span class='ocrx_word' id='word_1_738' title='bbox 355 5634 408 5690; x_wconf 82' lang='grc' dir='ltr'>Β.</span> <span class='ocrx_word' id='word_1_739' title='bbox 442 5634 574 5693; x_wconf 64' lang='grc' dir='ltr'>’δευοξ</span> <span class='ocrx_word' id='word_1_740' title='bbox 650 5643 694 5672; x_wconf 80' lang='grc'><strong>⁷⁵</strong></span> <span class='ocrx_word' id='word_1_741' title='bbox 723 5643 905 5747; x_wconf 68' lang='grc' dir='ltr'>μόνον,</span> <span class='ocrx_word' id='word_1_742' title='bbox 937 5643 1003 5696; x_wconf 76' lang='grc' dir='ltr'>Μ.</span> <span class='ocrx_word' id='word_1_743' title='bbox 1040 5646 1129 5697; x_wconf 78' lang='lat' dir='ltr'><strong>Sc.</strong></span> <span class='ocrx_word' id='word_1_744' title='bbox 1208 5634 1252 5675; x_wconf 70' lang='lat'><strong>7‘</strong></span> <span class='ocrx_word' id='word_1_745' title='bbox 1277 5644 1781 5747; x_wconf 52' lang='lat' dir='ltr'><strong>dnapaﬁopatiazoug.</strong></span> 
     </span>
     <span class='ocr_line' id='line_1_111' title="bbox 167 5709 1781 5747; baseline 0 0"><span class='ocrx_word' id='word_1_746' title='bbox 167 5709 370 5747; x_wconf 61' lang='lat' dir='ltr'><strong>[1:7er</strong></span> <span class='ocrx_word' id='word_1_747' title='bbox 423 5720 470 5747; x_wconf 74' lang='grc' dir='ltr'>ιιι</span> <span class='ocrx_word' id='word_1_748' title='bbox 509 5726 602 5747; x_wconf 79' lang='lat' dir='ltr'><strong>nrn</strong></span> <span class='ocrx_word' id='word_1_749' title='bbox 628 5711 720 5747; x_wconf 63' lang='grc' dir='ltr'><strong>κμγ’</strong></span> <span class='ocrx_word' id='word_1_750' title='bbox 755 5713 962 5747; x_wconf 56' lang='lat' dir='ltr'><strong>amulum:</strong></span> <span class='ocrx_word' id='word_1_751' title='bbox 1023 5713 1331 5747; x_wconf 62' lang='grc' dir='ltr'><strong>κιηη-ἱριηηε.</strong></span> <span class='ocrx_word' id='word_1_752' title='bbox 1468 5717 1484 5745; x_wconf 81' lang='lat' dir='ltr'><strong>&#39;i</strong></span> <span class='ocrx_word' id='word_1_753' title='bbox 1553 5715 1612 5747; x_wconf 71' lang='grc' dir='ltr'><strong>κιλ</strong></span> <span class='ocrx_word' id='word_1_754' title='bbox 1649 5731 1781 5747; x_wconf 57' lang='lat' dir='ltr'><strong>“nam</strong></span> 
     </span>
    </p>
   </div>
   <div class='ocr_carea' id='block_1_110' title="bbox 454 5643 694 5693">
    <p class='ocr_par' dir='ltr' id='par_1_110' title="bbox 454 5643 694 5693">
     <span class='ocr_line' id='line_1_112' title="bbox 454 5643 694 5693; baseline -0.004 0"><span class='ocrx_word' id='word_1_755' title='bbox 454 5644 574 5693; x_wconf 76' lang='lat' dir='ltr'><strong>Sar.</strong></span> <span class='ocrx_word' id='word_1_756' title='bbox 650 5643 694 5672; x_wconf 80' lang='grc'><strong>⁷⁵</strong></span> 
     </span>
    </p>
   </div>
   <div class='ocr_carea' id='block_1_111' title="bbox 165 5704 1357 5776">
    <p class='ocr_par' dir='ltr' id='par_1_111' title="bbox 165 5704 1357 5776">
     <span class='ocr_line' id='line_1_113' title="bbox 165 5704 1357 5776; baseline 0.013 -23"><span class='ocrx_word' id='word_1_757' title='bbox 165 5704 391 5776; x_wconf 59' lang='grc' dir='ltr'>ᾗκεῖνον,</span> <span class='ocrx_word' id='word_1_758' title='bbox 423 5720 477 5760; x_wconf 85' lang='lat' dir='ltr'><strong>et</strong></span> <span class='ocrx_word' id='word_1_759' title='bbox 509 5726 602 5776; x_wconf 83' lang='lat' dir='ltr'><strong>pro</strong></span> <span class='ocrx_word' id='word_1_760' title='bbox 628 5704 985 5774; x_wconf 85' lang='grc' dir='ltr'>διπλασιάσει,</span> <span class='ocrx_word' id='word_1_761' title='bbox 1023 5713 1357 5768; x_wconf 86' lang='grc' dir='ltr'>διαπλάσσει.</span> 
     </span>
    </p>
   </div>
   <div class='ocr_carea' id='block_1_112' title="bbox 167 5773 766 5848">
    <p class='ocr_par' dir='ltr' id='par_1_112' title="bbox 167 5773 766 5848">
     <span class='ocr_line' id='line_1_114' title="bbox 167 5773 766 5848; baseline 0.01 -19"><span class='ocrx_word' id='word_1_762' title='bbox 167 5773 209 5806; x_wconf 83' lang='grc'><strong>⁸⁸</strong></span> <span class='ocrx_word' id='word_1_763' title='bbox 238 5773 669 5848; x_wconf 72' lang='grc' dir='ltr'>θεοειδεστᾶτων,</span> <span class='ocrx_word' id='word_1_764' title='bbox 701 5781 766 5839; x_wconf 77' lang='grc' dir='ltr'>Μ.</span> 
     </span>
    </p>
   </div>
   <div class='ocr_carea' id='block_1_113' title="bbox 1553 5715 2097 5786">
    <p class='ocr_par' dir='ltr' id='par_1_113' title="bbox 1553 5715 2097 5786">
     <span class='ocr_line' id='line_1_115' title="bbox 1553 5715 2097 5786; baseline 0.006 -20"><span class='ocrx_word' id='word_1_765' title='bbox 1553 5715 1613 5766; x_wconf 85' lang='grc' dir='ltr'><strong>τὸ</strong></span> <span class='ocrx_word' id='word_1_766' title='bbox 1649 5715 2023 5786; x_wconf 77' lang='grc' dir='ltr'>γραφόμενον,’</span> <span class='ocrx_word' id='word_1_767' title='bbox 2043 5715 2097 5776; x_wconf 85' lang='lat' dir='ltr'><strong>S.</strong></span> 
     </span>
    </p>
   </div>
   <div class='ocr_carea' id='block_1_114' title="bbox 847 5782 2004 5857">
    <p class='ocr_par' dir='ltr' id='par_1_114' title="bbox 847 5782 2004 5857">
     <span class='ocr_line' id='line_1_116' title="bbox 847 5782 2004 5857; baseline 0.025 -43"><span class='ocrx_word' id='word_1_768' title='bbox 847 5783 889 5814; x_wconf 76' lang='lat' dir='ltr'><strong>ss</strong></span> <span class='ocrx_word' id='word_1_769' title='bbox 918 5782 1259 5856; x_wconf 59' lang='grc' dir='ltr'>θεογραφεῖς,</span> <span class='ocrx_word' id='word_1_770' title='bbox 1295 5785 1362 5841; x_wconf 79' lang='grc' dir='ltr'>Μ,</span> <span class='ocrx_word' id='word_1_771' title='bbox 1433 5785 1477 5816; x_wconf 84' lang='grc'><strong><em>⁸⁸</em></strong></span> <span class='ocrx_word' id='word_1_772' title='bbox 1507 5782 1783 5857; x_wconf 77' lang='grc' dir='ltr'>θεωρητοί,</span> <span class='ocrx_word' id='word_1_773' title='bbox 1816 5782 1880 5840; x_wconf 77' lang='grc' dir='ltr'>Μ.</span> <span class='ocrx_word' id='word_1_774' title='bbox 1919 5787 2004 5843; x_wconf 85' lang='lat' dir='ltr'><strong>Sc.</strong></span> 
     </span>
    </p>
   </div>
   <div class='ocr_carea' id='block_1_115' title="bbox 2780 5579 3377 5650">
    <p class='ocr_par' dir='ltr' id='par_1_115' title="bbox 2780 5579 3377 5650">
     <span class='ocr_line' id='line_1_117' title="bbox 2780 5579 3377 5650; baseline -0.005 -14"><span class='ocrx_word' id='word_1_775' title='bbox 2780 5586 2825 5616; x_wconf 66' lang='grc'><strong>⁷⁵</strong></span> <span class='ocrx_word' id='word_1_776' title='bbox 2850 5584 2956 5637; x_wconf 83' lang='grc' dir='ltr'><strong>τῶν</strong></span> <span class='ocrx_word' id='word_1_777' title='bbox 2981 5583 3134 5635; x_wconf 90' lang='grc' dir='ltr'>θείων</span> <span class='ocrx_word' id='word_1_778' title='bbox 3154 5579 3377 5650; x_wconf 84' lang='grc' dir='ltr'>ἀνδρῶν,</span> 
     </span>
    </p>
   </div>
   <div class='ocr_carea' id='block_1_116' title="bbox 1867 5649 3380 5754">
    <p class='ocr_par' dir='ltr' id='par_1_116' title="bbox 1867 5649 3380 5754">
     <span class='ocr_line' id='line_1_118' title="bbox 1867 5649 3380 5754; baseline -0.003 -48"><span class='ocrx_word' id='word_1_779' title='bbox 1867 5649 1909 5678; x_wconf 85' lang='grc'><strong>⁷⁷</strong></span> <span class='ocrx_word' id='word_1_780' title='bbox 1939 5655 2304 5754; x_wconf 67' lang='grc' dir='ltr'>μεμηγμένον.</span> <span class='ocrx_word' id='word_1_781' title='bbox 2386 5659 2429 5689; x_wconf 81' lang='grc'><strong>⁷⁸</strong></span> <span class='ocrx_word' id='word_1_782' title='bbox 2457 5659 2561 5719; x_wconf 86' lang='grc' dir='ltr'>ἀεί,</span> <span class='ocrx_word' id='word_1_783' title='bbox 2592 5658 2658 5709; x_wconf 76' lang='grc' dir='ltr'><strong>Μ.</strong></span> <span class='ocrx_word' id='word_1_784' title='bbox 2692 5659 2778 5709; x_wconf 78' lang='lat' dir='ltr'><strong>Sc.</strong></span> <span class='ocrx_word' id='word_1_785' title='bbox 2823 5665 2876 5705; x_wconf 78' lang='lat' dir='ltr'><strong>et</strong></span> <span class='ocrx_word' id='word_1_786' title='bbox 2919 5670 3058 5715; x_wconf 76' lang='lat' dir='ltr'><strong>mox,</strong></span> <span class='ocrx_word' id='word_1_787' title='bbox 3084 5652 3194 5705; x_wconf 84' lang='grc' dir='ltr'>ἀλλ’</span> <span class='ocrx_word' id='word_1_788' title='bbox 3222 5649 3380 5702; x_wconf 85' lang='grc' dir='ltr'>αὐτὸν</span> 
     </span>
     <span class='ocr_line' id='line_1_119' title="bbox 1874 5717 3375 5754; baseline 0 0"><span class='ocrx_word' id='word_1_789' title='bbox 1874 5735 1988 5754; x_wconf 78' lang='lat' dir='ltr'><strong>:unu</strong></span> <span class='ocrx_word' id='word_1_790' title='bbox 2043 5721 2079 5754; x_wconf 63' lang='grc' dir='ltr'>Ω</span> <span class='ocrx_word' id='word_1_791' title='bbox 2153 5723 2253 5754; x_wconf 65' lang='grc' dir='ltr'>οη).</span> <span class='ocrx_word' id='word_1_792' title='bbox 2289 5723 2341 5754; x_wconf 59' lang='lat' dir='ltr'><strong>,n</strong></span> <span class='ocrx_word' id='word_1_793' title='bbox 2494 5725 2692 5754; x_wconf 73' lang='grc' dir='ltr'><strong>υ..“.Αη-ι</strong></span> <span class='ocrx_word' id='word_1_794' title='bbox 2751 5725 2791 5754; x_wconf 80' lang='lat' dir='ltr'><strong>ll</strong></span> <span class='ocrx_word' id='word_1_795' title='bbox 2861 5724 2895 5754; x_wconf 74' lang='grc' dir='ltr'><em>Π</em></span> <span class='ocrx_word' id='word_1_796' title='bbox 2949 5724 2984 5754; x_wconf 56' lang='grc' dir='ltr'>ρ</span> <span class='ocrx_word' id='word_1_797' title='bbox 3032 5724 3075 5754; x_wconf 69' lang='grc'><strong>11</strong></span> <span class='ocrx_word' id='word_1_798' title='bbox 3126 5724 3193 5754; x_wconf 59' lang='lat' dir='ltr'><strong>Qn</strong></span> <span class='ocrx_word' id='word_1_799' title='bbox 3253 5717 3375 5754; x_wconf 59' lang='lat' dir='ltr'><strong>Ruf,.</strong></span> 
     </span>
    </p>
   </div>
   <div class='ocr_carea' id='block_1_117' title="bbox 2195 5717 3377 5778">
    <p class='ocr_par' dir='ltr' id='par_1_117' title="bbox 2195 5717 3377 5778">
     <span class='ocr_line' id='line_1_120' title="bbox 2195 5717 3377 5778; baseline -0.001 -5"><span class='ocrx_word' id='word_1_800' title='bbox 2195 5723 2254 5774; x_wconf 76' lang='grc' dir='ltr'><strong>τὸ</strong></span> <span class='ocrx_word' id='word_1_801' title='bbox 2288 5723 2460 5776; x_wconf 84' lang='grc' dir='ltr'>ἀλ.....</span> <span class='ocrx_word' id='word_1_802' title='bbox 2494 5717 2584 5776; x_wconf 67' lang='grc' dir='ltr'><strong>καὶ</strong></span> <span class='ocrx_word' id='word_1_803' title='bbox 2608 5739 2714 5777; x_wconf 90' lang='lat' dir='ltr'><strong>om.</strong></span> <span class='ocrx_word' id='word_1_804' title='bbox 2750 5725 2816 5778; x_wconf 65' lang='lat' dir='ltr'><strong>Il.</strong></span> <span class='ocrx_word' id='word_1_805' title='bbox 2860 5724 2914 5778; x_wconf 89' lang='grc' dir='ltr'>Β.</span> <span class='ocrx_word' id='word_1_806' title='bbox 2949 5724 3004 5776; x_wconf 83' lang='lat' dir='ltr'><strong>S.</strong></span> <span class='ocrx_word' id='word_1_807' title='bbox 3032 5724 3094 5776; x_wconf 79' lang='grc' dir='ltr'><strong>υ.</strong></span> <span class='ocrx_word' id='word_1_808' title='bbox 3126 5724 3216 5777; x_wconf 78' lang='lat' dir='ltr'><strong>Sc.</strong></span> <span class='ocrx_word' id='word_1_809' title='bbox 3253 5717 3377 5773; x_wconf 78' lang='lat' dir='ltr'><strong>Sar.</strong></span> 
     </span>
    </p>
   </div>
  </div>
