4162 6304
795 319 898 374 878

1918 316 1976 371 S.
2014 314 2170 372 DION
2182 316 2314 373 Y‘Sll
2346 316 2811 378 AREOPAGITA“

3937 320 4039 375 ιτα

794 436 1033 491 tudinem
1071 435 1161 490 Dei
1197 436 1337 491 facta
1365 444 1468 503 est,
1518 437 1896 501 recoudentes,
1941 439 2008 492 ad
2042 438 2352 509 primaevam

2455 438 2567 491 ἀλλ’
2594 439 2725 493 οὐδ’
2795 438 2948 492 αὐτοὶ
3013 437 3146 512 πρὸς
3218 438 3316 510 τὴν
3382 437 3598 492 ἑκείνων
3659 438 4033 495 καθέλκονται

793 528 1062 583 duntaxat
1092 530 1325 598 speciem
1378 538 1539 599 atque
1586 528 2000 600 intelligentiam
2034 530 2345 597 intuentur;

795 640 968 693 neque
994 626 1135 679 enim
1165 624 1335 681 solum
1381 624 1655 681 dissimilia
1696 640 1798 679 non
1827 625 2029 691 vident,
2059 628 2149 682 sed
2185 642 2251 682 ne
2282 627 2357 682 ad.

794 730 979 768 eorum
1004 717 1214 784 quidem
1244 726 1514 785 aspectum
1546 718 1944 786 pertrahuntur.
1970 717 2347 784 Quamobrem,

795 807 934 861 sicut
966 823 1058 862 eos
1093 808 1265 871 decet,
1295 824 1396 862 non
1432 822 1494 863 ea
1542 823 1663 878 quas
1711 818 1912 863 temere
1957 810 2227 874 videntur,
2257 810 2353 865 sed

794 913 914 965 qua:
949 912 1079 953 vere
1110 898 1252 965 justa
1291 910 1413 953 sunt
1444 913 1507 953 ac
1537 898 1673 953 bona
1706 897 1961 968 diligunt;-
1994 915 2165 969 neque
2192 901 2349 954 istam

796 996 1039 1054 spectant
1068 988 1327 1057 gloriam,
1371 1002 1489 1057 quae
1537 988 1654 1043 sine
1701 990 1908 1045 ratione
1958 990 2121 1060 vulgo
2155 990 2355 1060 passim

796 1081 951 1133 beata
988 1080 1326 1149 praedicatur,
1371 1080 1463 1135 sed
1504 1080 1806 1136 imitatione
1856 1082 1947 1136 Dei
1998 1083 2191 1137 bonum
2240 1098 2353 1137 ma—

796 1165 975 1222 lumve
1005 1185 1097 1237 per
1123 1184 1180 1223 se
1214 1168 1537 1238 iudicantes,
1582 1170 1759 1223 divina
1788 1171 2031 1240 quaedam
2067 1170 2351 1226 simulacra

800 1256 931 1312 ﬁunt
947 1261 1099 1316 istius
1115 1261 1421 1331 fragrantia:
1439 1260 1657 1326 divinae,
1677 1261 1837 1330 217
1862 1277 1979 1331 qua:
2000 1277 2128 1317 vere
2152 1263 2351 1317 bonum

2449 528 2599 585 θέαν.
2626 530 2785 584 Ὅθεν
2818 531 3026 594 ἑαυτοῖς
3070 529 3388 595 ἀκολούθως,
3416 531 3533 584 οὐδὲ
3569 528 3675 583 τῶν
3708 531 4034 586 δοκούντων

2449 624 2571 694 εἰκῆ
2596 622 2773 677 καλῶν
2787 625 2876 677 καὶ
2896 623 3134 687 δικαίων,
3153 623 3285 677 ἀλλά
3298 623 3406 677 τῶν
3427 624 3589 688 ὅντως
3603 622 3770 677 ὄντων
3793 613 4034 695 ἐρῶσιν-

2448 716 2570 769 οὐδὲ
2602 713 2739 786 πρὸς
2770 712 2924 779 δόξαν
2948 714 3111 785 ὁρῶσι
3135 714 3235 785 τὴν
3258 713 3361 767 ὑπὸ
3387 714 3615 785 πλήθους
3658 712 3874 782 ἀλόγως
3928 735 4035 786 με,

2452 806 2833 877 χαριζομένην,
2863 805 2997 859 ἀλλά
3018 806 3079 858 τὸ
3103 805 3264 859 καλὸν
3289 805 3321 876 ἢ
3356 808 3532 876 χεῖρον
3570 807 3652 874 ἐφ’
3677 806 3877 859 ἑαυτοῦ
3912 806 4033 859 θεο-

2457 900 2706 969 μιμήτως
2751 898 3060 970 κρίναντες,
3105 896 3393 967 ἀγάλματα
3427 895 3544 954 θεῖα
3586 898 3681 967 τῆς
3712 898 4034 968 θεαρχικω-

2452 989 2621 1060 τάτης
2658 990 2794 1041 εἰσὶν
2826 988 3069 1051 εὐωδίας,
3114 988 3232 1058 ἥτις
3277 988 3583 1058 ὲφνηέαυτῆς
3623 988 3682 1040 τὸ
3724 988 3957 1060 ἀληθῶς
3984 988 4033 1019 u

2454 1078 2649 1146 εὐῶδες
2673 1078 2867 1165 ἔχουσα
2893 1080 3026 1150 πρὸς
3061 1079 3123 1133 τὸ
3142 1082 3252 1142 τοῖς
3286 1078 3493 1165 πολληίς
3536 1080 3796 1151 ἀνομοίως
3820 1078 4030 1133 δοκοῦν

2452 1172 2552 1224 οὐκ
2585 1162 2985 1242 ἐπιστρέφεται,
3008 1174 3128 1235 ταῖς
3150 1171 3398 1243 ἀληθέσιν
3434 1162 3597 1241 αὐτῆς
3622 1172 3822 1224 εἰκόσιν
3867 1174 4031 1225 ὲντυ-

2458 1262 2633 1316 ποῦσα
2652 1263 2713 1315 τὸ
2734 1262 3106 1335 ἀνυπόκριτον.

798 1355 849 1407 ln
883 1369 941 1407 se
971 1356 1190 1411 odorem
1220 1358 1528 1420 continens,
1557 1356 1622 1409 ad
1664 1358 1812 1414 illud.
1863 1359 2004 1426 quod
2041 1357 2205 1428 vulgo
2230 1360 2432 1426 passim
2471 1358 2807 1430 inaequaliter
2834 1368 3373 1430 apparet,_nuuquam
3402 1357 3751 1419 convertitur,
3789 1356 3845 1411 in
3878 1361 4029 1411 veris

796 1446 910 1501 suis
949 1446 1275 1516 imaginibus
1316 1450 1623 1516 exprimens
1675 1453 1975 1509 veritatem.

2357 1615 2386 1688 ς
2422 1612 2498 1673 ιι.

870 1773 978 1839 Age
1019 1774 1130 1841 jam
1181 1772 1478 1842 deinceps,
1525 1775 1778 1842 quoniam
1819 1775 2139 1829 exteriorem
2202 1776 2336 1829 ritus

2526 1778 2661 1847 Φέρε
2723 1776 2787 1848 δὴ
2845 1778 3051 1843 λοιπὸν,
3104 1777 3289 1848 ὲπειδὴ
3340 1777 3437 1848 τὴν
3483 1776 3633 1839 ἐκτὸς
3682 1776 4017 1846 εὐπρέπειαν

798 1876 925 1916 vere
970 1862 1179 1931 pulchri
1232 1870 1569 1918 Venustatcm
1628 1865 1966 1931 aspeximus,
2026 1865 2348 1919 diviniorem

795 1952 911 2021 ejus
961 1954 1414 2023 pulchritudinem
1466 1954 1808 2020 intueamur,
1853 1970 2079 2024 eamque
2128 1955 2353 2009 sublatis

795 2046 1162 2102 velaminibus
1188 2060 1285 2116 per
1318 2061 1377 2101 se
1419 2046 1864 2115 contemplemur,
1904 2046 2047 2101 clare
2088 2061 2241 2101 suum
2266 2049 2349 2118 ju-

795 2140 895 2195 bar
922 2138 1048 2192 illud
1081 2138 1291 2191 beatum
1318 2138 1677 2202 evibrantem,
1711 2152 1913 2207 nosque
1941 2138 2052 2202 illa,
2077 2152 2198 2207 qum
2223 2137 2355 2197 viris

791 2230 1129 2300 spiritalibus
1168 2230 1451 2298 explorata
1520 2241 1641 2295 est,
1689 2231 1872 2285 odoris
1917 2228 2217 2299 fragrantia
2270 2244 2353 2282 τε·-

794 2322 1053 2391 plcntem.
1093 2321 1287 2391 Neque
1317 2321 1459 2375 enim
1497 2320 1843 2389 aspectabilis
1879 2323 2136 2391 unguenti
2170 2319 2353 2374 confe-

795 2407 905 2460 ctio
940 2408 1005 2461 iis
1033 2408 1122 2475 qui
1153 2408 1393 2477 pontifici
1426 2418 1623 2475 praesto
1663 2417 1789 2461 sunt
1827 2408 2355 2463 incommunicabilis

794 2506 888 2552 aut
918 2500 1312 2569 iuaspectabilis
1360 2500 1607 2564 exsistit,
1643 2499 1740 2554 sed
1766 2514 1797 2553 e
1845 2500 2081 2564 diverso,
2120 2500 2245 2553 dum
2278 2500 2344 2552 ad

794 2587 944 2656 lpsos
989 2602 1159 2655 usque
1206 2589 1501 2659 pertendit.
1557 2603 1622 2643 ac
1674 2589 1822 2644 sistit
1872 2604 1991 2644 eam
2042 2605 2161 2658 qua:
2211 2590 2353 2660 vulgi

796 2690 1018 2749 captum
1058 2690 1277 2749 superat
1312 2680 1844 2749 contemplationem,
1880 2680 1947 2735 ab
1976 2680 2165 2736 iisdem
2194 2696 2349 2737 reve-

794 2772 980 2817 renter
1007 2764 1301 2833 obtegitur,
1318 2775 1371 2818 et
1404 2766 1435 2819 a
1472 2765 1625 2819 turba
1659 2767 1939 2836 pontificio
1962 2766 2086 2835 jure
2116 2770 2356 2823 secerni-

795 2860 908 2907 tur.
961 2851 1238 2922 Siquidem
1284 2855 1373 2909 ille
1418 2857 1602 2911 radius
1642 2869 1823 2912 rerum
1863 2859 2366 2916 sacratissimarum'

793 2946 922 3000 dum
973 2948 1106 3001 viris
1144 2948 1379 3011 divinis,
1428 2958 1681 3016 tanquam
1730 2949 2175 3020 intelligentibus,
2222 2968 2354 3021 pure

795 3047 959 3107 atque
998 3039 1306 3093 immediate
1334 3038 1587 3103 collucet,
1621 3050 1676 3094 et
1706 3053 1998 3111 conceptus
2028 3058 2212 3099 eorum
2244 3046 2353 3114 spi-

794 3130 979 3185 ritales
1020 3129 1160 3184 bono
1187 3130 1361 3197 palam
1408 3131 1599 3184 imbuit
1623 3134 1810 3197 odore,
1838 3134 1905 3187 ad
1936 3134 1986 3187 id
2014 3136 2157 3204 quod
2194 3136 2338 3190 humi
2370 3149 2411 3206 ο

793 3221 964 3289 serpit
1014 3235 1347 3289 nequaquam
1393 3222 1643 3278 similiter
1672 3226 1938 3291 procedit,
1970 3228 2065 3279 sed
2100 3227 2168 3281 ab
2193 3226 2345 3295 ipsis,

794 3320 982 3379 utpote
1034 3310 1249 3365 arcanis
1307 3310 1568 3379 spiritalis
1628 3312 1705 3369 rei
1753 3313 2183 3381 spectatoribus,
2235 3317 2351 3371 sine

794 3401 1124 3463 ostensione,
1174 3416 1242 3454 ne
1279 3414 1310 3453 a
1350 3400 1706 3457 dissimilibus
1747 3404 2052 3473 quibusque
2097 3406 2349 3471 violetur,

795 3490 1046 3559 pennatis
1092 3489 1385 3543 involucris
1422 3492 1726 3557 obducitur,
1776 3494 1991 3562 quibus,
2041 3509 2141 3551 ceu
2182 3498 2353 3551 sacris

798 3578 993 3647 signis,
1026 3580 1268 3649 praeclari
1298 3582 1518 3656 ordines
1547 3566 1887 3639 subditorum
1917 3600 2017 3655 pro
2052 3586 2355 3652 capacitate

797 3684 895 3725 sua
928 3672 993 3725 ad
1028 3685 1114 3726 res
1140 3685 1323 3726 sacras
1353 3684 1763 3741 promoventur.

2455 1867 2795 1939 ἐθεασάμεθα
2825 1868 2923 1938 τῆς
2954 1869 3079 1939 ὅλης
3120 1870 3285 1940 καλῆς
3322 1869 3642 1941 ἱερουργίας,
3676 1870 3755 1931 είς
3778 1868 3838 1920 τὸ
3873 1867 4013 1919 θειό-

2452 1975 2607 2028 τερον
2650 1958 2814 2029 αὐτῆς
2857 1959 3249 2030 ἀποϐλέψωμεν
3297 1959 3510 2021 κάλλος,
3550 1956 3713 2027 αὐτὴν
3752 1956 3836 2023 ἐφ’
3887 1957 4014 2007 ἑαυ-

2452 2050 2551 2119 τῆς
2596 2048 3085 2121 ἀποκαλυψαμένην
3125 2049 3191 2101 τὰ
3232 2049 3713 2120 παραπετάσματα,
3751 2045 4015 2116 θεώμενοι

2452 2143 2550 2213 τὴν
2594 2143 2861 2213 μακαρίαν
2899 2141 3318 2196 ἀποστίλϐουσαν
3356 2139 3609 2212 ἐμφανῶς
3636 2140 3869 2218 αἴγλην,
3923 2138 4013 2189 καὶ

2454 2233 2555 2303 τῆς
2585 2233 3024 2304 ἀπερικαλύπτου
3056 2236 3168 2296 τοῖς
3193 2235 3394 2304 νοεροϊς
3419 2219 3833 2300 ἀποπληρώσαν
3866 2229 4011 2299 ἡμεῖς

2452 2320 2695 2385 εὐωδίας.
2730 2322 2861 2376 Οὐδὲ
2893 2322 3000 2393 γάρ
3036 2323 3067 2393 ή
3103 2319 3396 2391 φαινομένη
3427 2312 3521 2372 τοῦ
3550 2318 3714 2389 μύρου
3733 2318 4013 2386 τελετουρ-

2453 2413 2544 2481 γία
2561 2414 2609 2444 ⁸⁸
2640 2415 2752 2475 τοῖς
2790 2413 2915 2482 περὶ
2945 2413 3035 2465 τὸν
3078 2412 3334 2482 ίεράρχην
3379 2411 3521 2463 ἐστὶν
3576 2406 3941 2477 ἀκοινώνητος
3978 2404 4009 2475 ἢ

2453 2504 2703 2569 ἀθέατος,
2726 2503 2861 2556 ἀλλά
2890 2504 3191 2559 τούναντίον
3221 2502 3376 2573 ἄχρις
3408 2500 3582 2554 αὐτῶν
3612 2500 3888 2571 διήκουσα,
3923 2496 4013 2549 καὶ

2457 2593 2658 2646 ίστῶσα
2688 2593 2785 2664 τὴν
2819 2593 2957 2663 ὑπὲρ
2993 2594 3118 2655 τοὺς
3156 2590 3379 2654 πολλοὺς
3420 2590 3677 2660 θεωρίαν,
3712 2590 3801 2641 ὑπ’
3833 2588 4012 2641 αὐτῶν

2453 2684 2611 2754 ἱερῶς
2634 2683 3107 2754 περικαλύπτεται,
3134 2683 3343 2752 καὶτῆς
3370 2680 3601 2752 πληθύος
3617 2680 3662 2710 ⁸⁸
3687 2678 4010 2749 ἱεραρχικῶς

2454 2776 2939 2829 ἀποδιαστέλλεται.
2987 2775 3111 2837 Τοῖς
3149 2774 3258 2844 γὰρ
3297 2773 3498 2835 ἐνθέοις
3537 2770 3787 2841 ἀνδράσιν
3831 2771 3866 2839 ἡ
3906 2770 4011 2821 τῶν

2454 2867 2725 2938 πανιέρων
2760 2866 2936 2929 ἀκτὶς,
2970 2866 3044 2928 ὼς
3077 2864 3361 2934 συγγενέσι
3398 2862 3491 2915 τοῦ
3525 2860 3711 2932 νοητοῦ
3732 2860 3799 2922 ⁸⁷,
3839 2858 4011 2911 καθα-

2457 2957 2565 3028 ρῶς
2597 2957 2687 3009 καὶ
2728 2955 2945 3025 ἀμέσως
2969 2954 3330 3024 ὲλλάμπουσα,
3358 2952 3449 3006 καὶ⁵
3485 2950 3583 3023 τὰς
3614 2948 3802 3019 νοεράς
3833 2947 4013 3000 αὐτῶν

2457 3052 2761 3121 ἀντιλήψεις
2792 3047 3267 3124 ,ἀπερικαλύπτως
3328 3042 3722 3106 εύωδιάξουσα,
3770 3042 3909 3111 πρὸς
3953 3044 4027 3097 τὸν

2445 3140 2728 3211 ὑφειμένον
2753 3139 2932 3189 οὐκέτι
2954 3136 3149 3205 ὁμοίως
3169 3136 3215 3168 ⁸⁸
3240 3134 3484 3206 πρόεισιν
3502 3172 3515 3196 ,
3542 3131 3654 3186 ἀλλ’
3687 3132 3777 3185 ὑπ’
3810 3133 4020 3201 αὐτῶν,

2455 3233 2529 3296 ὼς
2552 3230 2794 3302 κρυφίων
2823 3230 2917 3281 τοῦ
2948 3226 3135 3296 νοητοῦ
3171 3223 3901 3303 θεωρῶννάνεκπομπεύτως
3931 3224 4010 3285 είς

2455 3324 2515 3376 τὸ
2537 3324 2645 3383 τοῖς
2670 3318 2935 3389 ἀνομοίοις
2966 3318 3248 3388 ἄχραντον,
3275 3316 3378 3368 ὑπὸ
3410 3316 3701 3385 πτερωτοῖς
3732 3314 4010 3383 αίνίγμασι

2460 3411 2907 3480 συγκαλύπτεταιο
2934 3407 3000 3461 δι’
3032 3400 3104 3461 ὧν
3134 3407 3291 3478 ἱερῶν
3309 3406 3637 3475 αἰνιγμάτων
3670 3406 3724 3457 αἱ
3752 3403 3858 3456 τῶν
3887 3406 4005 3457 ὐπο-

2459 3502 2763 3572 6ε6ηκότων
2796 3498 3049 3568 εὐκόσμοι
3080 3498 3259 3565 τάξεις
3291 3498 3575 3571 ἀνάγονται
3609 3496 3739 3568 πρὸς
3768 3496 3867 3567 τὴν
3892 3513 3988 3548 κατ

2459 3592 2625 3655 αὐτὰς
2660 3590 2808 3668 ἱερὰν
2840 3588 3140 3658 ἀναλογίαν.

2341 3823 2370 3895 ι
2400 3820 2525 3887 ΠΙ.

870 3950 963 4005 Est
1002 3951 1183 4022 igitur,
1230 3963 1287 4009 ut
1337 3954 1467 4018 dixi,
1512 3969 1922 4016 sacrosanctum
1971 3963 2097 4029 hoc,
2142 3966 2283 4036 quod
2316 3980 2349 4021 a

799 4047 957 4101 nobis
986 4050 1141 4101 modo
1170 4047 1416 4106 laudatur
1442 4054 1780 4128 mysterium,
1809 4055 1925 4125 ejus
1951 4058 2161 4113 ordinis
2192 4071 2351 4130 atque

798 4138 1033 4211 virtutis.
1052 4147 1108 4193 ut
1135 4141 1495 4200 lu‘erarchicas
1518 4158 1854 4201 consummet
1882 4149 2203 4216 functiones;
2223 4170 2352 4223 quo-

799 4232 939 4285 circa
957 4246 1167 4300 quoque
1183 4234 1343 4289 divini
1364 4250 1716 4307 praeceptores
1734 4242 1922 4304 nostri,
1948 4253 2197 4311 tauquam
2214 4246 2353 4315 ejus-

800 4320 920 4377 dem
944 4322 1146 4376 ordiuis
1161 4331 1214 4377 et
1232 4327 1565 4393 Operationis
1576 4343 1699 4383 cum
1722 4344 2067 4388 sacrosancto
2088 4350 2353 4405 synaxeos

2525 3968 2679 4020 Ἔστι
2715 3966 2777 4037 δὴ
2809 3960 2920 4030 οὖν,
2972 3965 3108 4059 ὅπερ
3140 3964 3337 4034 Eg:qu
3384 3959 3477 4059 νῦγ
3524 3953 3830 4057 ὑμνουμένη
3880 3950 4001 4059 παρ’

2454 4058 2608 4128 ήμῶν
2650 4056 2769 4126 ἱερὰ
2808 4043 3151 4127 τελετουργία
3170 4055 3213 4105 ⁸⁸
3246 4055 3341 4122 τῆς
3381 4045 3725 4114 τελειωτικῆς
3758 4043 3863 4097 τῶν
3897 4045 4001 4113 ίερ-

2454 4147 2690 4218 αρχικῶν
2733 4147 2777 4180 ⁸ο
2821 4146 3023 4214 τάξεως
3075 4144 3167 4198 καὶ
3198 4143 3507 4212 δυνάμεως·
3559 4138 3636 4190 διὸ
3674 4135 3769 4189 καὶ
3812 4134 4000 4203 ταύτην

2456 4240 2505 4293 οἱ
2552 4238 2682 4291 θεῖοι
2733 4237 3098 4308 καθηγεμόνες
3136 4233 3312 4306 ἡμῶν,
3353 4232 3426 4295 ὼς
3470 4228 3708 4299 ὁμοταγῆ
3747 4226 3839 4278 καὶ
3876 4224 3996 4277 ταὺ-

2452 4330 2679 4400 τουργὺν
2710 4328 2786 4399 τῷ
2815 4329 2913 4397 τῆς
2949 4327 3213 4393 συνάξεως
3244 4323 3371 4395 ἱερῷ
3392 4320 3733 4390 τελεστηρίῳ,
3767 4320 3882 4378 ταῖς
3911 4315 3997 4367 αὐ-

799 4422 1161 4479 sacramento,
1206 4413 1391 4487 iisdem
1444 4416 1773 4487 imaginibus
1817 4431 1873 4476 ut
1900 4423 2210 4492 plurimum,
2236 4440 2353 4496 my-

2456 4424 2574 4484 ταῖς
2628 4421 2829 4479 εἰκόσιν
2858 4419 2931 4481 ὼς
2963 4417 3033 4470 τὰ
3062 4414 3230 4471 πολλὰ
3260 4415 3353 4467 καὶ
3396 4411 3675 4484 μυστικαῖς
3714 4405 3993 4496 διακοσμή-

801 4501 1059 4570 sticisque
1091 4503 1527 4564 distinctionibus
1555 4526 1618 4564 ac
1648 4513 1819 4567 sacris
1849 4514 2026 4569 verbis
2056 4515 2358 4585 descripse-

803 4601 950 4647 runt.
987 4594 1160 4662 Atque
1187 4597 1489 4663 pontificem
1519 4602 1733 4671 quidem
1768 4606 1948 4669 videre
1980 4606 2140 4662 liceat
2168 4609 2357 4663 eodem

803 4684 963 4741 modo
984 4700 1015 4738 ιι
1040 4686 1307 4758 diviniore
1333 4689 1448 4745 loco
1477 4693 1658 4750 odoris
1689 4697 2007 4752 suavitatem
2037 4699 2104 4753 ad
2128 4714 2361 4769 sequen-

806 4772 875 4826 tia
908 4772 1022 4829 loca
1055 4791 1207 4832 sacra
1236 4777 1648 4850 diffundentem,
1682 4799 1883 4854 suoque
1926 4788 1991 4840 ad
2023 4789 2265 4845 eumdem
2280 4787 2359 4843 lo-

803 4877 924 4918 cum
964 4868 1135 4925 reditu
1171 4856 1474 4937 docentem,
1511 4875 1781 4939 quomodo
1824 4876 2128 4932 divinarum
2170 4894 2351 4934 rerum

805 4958 1165 5026 participatio,
1190 4962 1316 5031 dum
1343 4962 1395 5016 in
1423 4964 1673 5019 ouilibus
1701 4966 1916 5035 quidem
1945 4970 2118 5023 sacris
2138 4949 2237 5038 pro
2258 4984 2352 5023 cu-

800 5046 993 5117 jusque
1038 5052 1246 5108 meritis
1283 5055 1749 5123 communicatur;
1803 5058 2148 5128 nihilominus
2190 5059 2243 5113 in
2294 5073 2355 5114 se

807 5153 981 5209 neque
1011 5143 1316 5211 imminuta,
1350 5164 1523 5217 neque
1555 5149 1675 5205 loco
1703 5163 1874 5219 mota,
1906 5154 1957 5208 in
1990 5153 2156 5207 divini
2201 5152 2352 5208 fundi

807 5234 1159 5303 proprietate,
1206 5238 1322 5295 sine
1374 5241 1481 5298 ulla
1520 5244 1602 5299 sui
1640 5244 2037 5312 immutatione,
2068 5244 2354 5301 consistat.

2460 4531 2576 4567 σεσι
2608 4512 2702 4564 καὶ
2729 4508 3043 4579 ἱερολογίαις
3073 4504 3396 4571 διετάξαντο.
3431 4500 3538 4554 Καὶ
3568 4500 3659 4551 τὸν
3697 4496 3794 4567 μὲν
3831 4495 3994 4588 ἱεράρ-

2455 4623 2555 4677 χην
2588 4602 2843 4664 ὡσαύτως
2882 4600 2985 4669 ὄψῃ
3020 4600 3063 4631 ’ί
3104 4597 3201 4668 τὴν
3236 4596 3343 4650 ἀπὸ
3373 4593 3465 4647 τοῦ
3523 4591 3787 4662 θειοτέρου
3842 4588 3989 4647 τόπου

2455 4693 2624 4764 καλὴν
2657 4693 2878 4745 εὐωδίαν
2910 4691 2989 4753 εἰς
3013 4687 3082 4741 τὰ
3111 4686 3236 4765 ἑξῆς
3278 4683 3397 4756 ίερὰ
3430 4681 3786 4759 προφέροντα,
3821 4679 3904 4731 καὶ
3928 4680 3987 4747 τῇ

2454 4788 2589 4859 πρὸς
2622 4787 2682 4839 τὸ
2718 4784 2906 4843 ταύτὸν
2941 4780 3192 4836 ἀναλύσει
3225 4779 3555 4840 διδάσκοντα,
3579 4773 3685 4826 τῶν
3725 4771 3876 4825 θείων
3903 4768 3989 4839 τὴν

2461 4878 2743 4949 μετουσίαν
2775 4877 2830 4927 ὲν
2863 4873 3029 4931 ἅπασι
3064 4873 3161 4943 μὲν
3184 4867 3459 4938 γίγνεσθαι
3484 4865 3601 4919 κατ’
3624 4862 3775 4930 ἀξίαν
3799 4863 3899 4925 τοῖς
3922 4861 3987 4913 ἱε-

2462 4970 2592 5038 ροῖς,
2628 4963 2891 5035 άμείωτον
2927 4962 2982 5014 δὲ
3018 4957 3153 5014 εἶναι
3199 4961 3289 5012 καὶ
3325 4957 3572 5026 ἀκίνητον
3591 4956 3635 4987 ’⁸
3677 4952 3864 5021 πάντη,
3904 4952 3986 5003 καὶ

2459 5056 2588 5109 εἵσω
2619 5055 2716 5125 τῆς
2750 5052 2887 5107 κατά
2910 5053 3055 5105 θείαν
3076 5050 3277 5120 ἱδρυσιν
3311 5048 3563 5118 ἰδιότητος
3584 5042 3983 5115 ἀπαραλλάκτως

2461 5149 2766 5217 ἑστηκυῖαν.
2804 5146 3031 5215 Ἐπίσης·
3056 5143 3113 5196 δὲ
3138 5142 3294 5196 πάλιν
3318 5141 3373 5194 αἱ
3403 5139 3511 5193 τῶν
3530 5136 3735 5204 Λογίων
3757 5135 3880 5204 ᾠδαὶ.
3905 5130 3983 5181 καὶ

2463 5230 2812 5307 ἀναγνώσεις,
2871 5240 2995 5304 τούς
3041 5236 3138 5307 μὲν
3191 5233 3502 5295 ἀτελέστους
3534 5232 3578 5264 ⁸³
3625 5228 3913 5300 μαιεύονται
3940 5223 3984 5255 ’⁵

2093 5440 2323 5496 VARUE
2358 5439 2754 5497 LECTIONES.

894 5566 915 5597 ⁸
939 5567 1005 5619 ἀλ
1043 5568 1152 5632 θές,
1182 5569 1249 5622 Μ.
1284 5572 1370 5625 Sc.
1463 5575 1506 5605 ⁸⁵
1531 5575 1917 5646 τελεσιουργία,
1949 5577 2005 5630 Ρ.
2039 5578 2136 5631 Clt.
2170 5578 2228 5631 ί).
2307 5578 2351 5608 ⁸⁸
2377 5575 2468 5628 τοῦ
2499 5576 2750 5646 πλήθους,
2778 5578 2843 5631 Μ.

894 5638 973 5703 ιὺχ
1004 5585 1271 5703 1θέειτοίμιιις,
1304 5642 1367 5694 Μ.
1446 5644 1487 5675 ⁸⁸
1514 5645 1899 5703 τελεσιουργία.
1978 5649 2023 5679 -"°
2072 5646 2175 5699 τῶν
2206 5646 2510 5703 ίεοατικῶν.
2564 5648 2617 5703 ιι.
2696 5650 2736 5680 ἰ
2768 5648 2843 5703 δίζε

1978 5649 2023 5679 ³ο
2072 5646 2175 5699 τῶν
2206 5646 2510 5710 ίερατικῶν,
2564 5648 2617 5703 ιι.

1322 5712 1364 5743 ’³
1391 5712 1792 5779 ἀτελεστάτους,
1823 5718 1881 5773 Ι).
1951 5718 1993 5749 ⁸³
2021 5716 2300 5789 μυοῦσθαι,
2330 5716 2397 5770 Μ.
2428 5714 2517 5773 Sc.

894 5585 915 5597 ν
939 5585 1152 5691 uario“,
1184 5585 1249 5622 at.
1284 5585 1370 5625 ac.
1463 5585 1506 5605 ⁵⁸
1531 5585 1899 5646 τελεσιουργία

808 5635 852 5714 '_'
875 5638 973 5714 οὐχ
1054 5640 1271 5714 τοίμως,
1304 5642 1367 5714 Μ.
1446 5644 1899 5714 κᾷτελεσιουργία.

804 5706 1093 5772 ,ἀμείωτον,
1121 5706 1216 5766 Ch.

2956 5579 2996 5608 ⁸⁷
3026 5576 3083 5631 S.
3121 5577 3175 5631 Ρ.
3217 5576 3274 5627 ι).
3305 5574 3403 5629 Ch.
3440 5572 3528 5628 Sc.
3563 5574 3759 5626 addunt
3813 5573 3975 5640 φωτός.

2696 5650 2736 5680 ⁹¹
2768 5648 2907 5717 ὄψει,
2935 5649 2990 5702 5.
3040 5647 3111 5710 ὡς
3157 5648 3342 5711 αὐταῖς
3382 5643 3555 5713 δ’έιεσι,
3585 5642 3648 5697 Il.
3684 5645 3770 5696 Sc.
3846 5643 3980 5695 "Iul
