4172 6304
249 341 359 398 8⁵17

1254 340 1341 397 DE
1370 339 1647 400 ECCLES.
1675 341 2040 399 HIERARCH.
2061 381 2078 409 ,
2107 340 2259 404 CAP.
2289 337 2375 404 IV.

3353 344 3451 400 ηε

255 464 392 526 προς
452 451 731 541 ζυγηφόρον
781 454 1085 521 υἱοθεσίαν,
1148 457 1478 529 ἐπιστροφὴν
1538 456 1596 510 δέ
1660 456 1809 529 ἰερὰν

1908 458 2028 513 Pari
2062 474 2246 515 rursus
2286 461 2443 515 modo
2486 457 2694 514 cant-lca
2734 453 3132 527 Scripturaer
3173 467 3336 528 atque
3377 470 3453 513 te-

254 544 531 600 ποιοῦνται
560 546 669 600 τῶν
705 546 913 615 ἐναγῶς
947 547 1369 618 ἐνεργουμένων,
1421 546 1713 619 ἀφαιροῦσι
1752 548 1809 601 δέ

252 637 356 707 τὴν
386 638 634 693 ἐναντίαν
666 637 853 690 πτοίαν
886 638 979 690 καὶ
1008 636 1184 704 θέλξιν
1202 638 1247 671 ’⁵
1286 640 1350 691 ἐκ
1386 637 1495 690 τῶν
1538 637 1809 709 ἀνάνδρως

255 728 681 801 ἐνεργουμένων,
716 730 776 782 τὸ
805 729 908 799 τῆς
942 720 1204 794 θεοειδοῦς
1232 729 1395 796 ἕξεως
1421 731 1510 783 καὶ
1536 728 1810 800 δυνάμεως

254 821 552 892 ἀκρότατον
584 821 859 889 ἀναλόγως
902 821 1083 885 αὐτοῖς
1129 823 1537 876 ὑποδεικνῦσαι·
1583 821 1704 875 καθ’
1743 824 1809 893 ἢν

254 913 707 985 ἐκδειματώσουσι
747 913 940 984 μᾶλλον
958 914 1004 946 ⁸⁸
1040 915 1189 967 αὑτοί¹
1232 915 1331 980 τὰς
1373 915 1617 980 ἐναντίας
1655 916 1812 971 δυνά-

258 1025 399 1077 μεις,
422 1009 515 1060 καὶ
539 996 640 1077 ’τῆς
673 1006 870 1078 ἐτέρων
906 1006 1141 1077 ἰατρείας
1173 1008 1663 1079 προστήσονται,τδ
1697 1006 1811 1061 θεὸ-

256 1098 506 1167 μιμήτως
544 1096 793 1167 ἀκίνητον
840 1095 937 1168 μὲν
975 1097 1039 1148 ἐκ
1069 1095 1176 1149 τῶν
1210 1096 1422 1150 οἰκείων
1453 1096 1650 1162 καλῶν,
1676 1094 1810 1169 πρὸς

252 1187 316 1240 se
345 1186 441 1251 τὰς
467 1188 713 1252 ἐναντίας
749 1188 936 1253 πτοίας
966 1188 1286 1261 δραστήριον
1306 1186 1415 1242 ὀὐκ
1459 1187 1672 1259 ἔχοντες
1718 1187 1811 1257 p.6—

254 1296 366 1343 νον,
400 1278 534 1332 ἀλλὰ
565 1280 657 1332 καὶ
684 1280 1008 1351 δωρούμενοι
1030 1298 1043 1312 ο
1078 1284 1189 1343 τοῖς
1220 1280 1275 1332 δέ
1308 1280 1387 1343 εἰς
1420 1278 1539 1333 νοῦν
1573 1278 1714 1351 ἱερὸν
1747 1279 1809 1331 ἐκ

252 1376 365 1430 τῶν
404 1379 657 1450 χειρόνων
700 1382 1153 1451 μεταφοιτήσασιν
1184 1377 1293 1445 ἕξιν
1337 1378 1485 1449 ἰερὰν
1519 1378 1809 1433 ἐντίθενται

254 1468 392 1539 πρὸς
418 1468 495 1539 τῷ
512 1470 556 1501 ’⁷
585 1469 658 1539 μὴ
694 1464 845 1533 αὖθις
880 1470 984 1522 ὑπὸ
1004 1468 1197 1532 κακίας
1212 1468 1412 1523 ἁλῶναι
1431 1486 1445 1500 ·
1466 1467 1810 1539 τοὺςδὲπρδς

250 1562 315 1614 τὸ
356 1557 491 1615 εἶναι
536 1563 840 1630 πανάγνους
882 1562 1080 1627 ἐνδεεῖς
1114 1562 1309 1625 τελέως
1348 1559 1769 1631 ἀποκαθαίρουσι
1793 1578 1807 1594 ·

249 1656 378 1717 τοὺς
422 1654 477 1708 δὲ
525 1655 701 1726 ἰεροὺς
746 1655 963 1722 ἄγουσιν
999 1654 1090 1707 ἐπὶ
1132 1654 1227 1719 τὰς
1273 1654 1420 1717 θείας
1464 1652 1675 1715 εἰκόνας
1718 1654 1809 1706 καὶ

249 1745 480 1814 ἐποψίας
512 1744 687 1798 αὐτῶν
714 1747 806 1799 καὶ
841 1747 1141 1809 κοινωνίας·
1173 1744 1390 1799 ἑστιῶσι
1424 1743 1480 1797 δὲ
1521 1741 1647 1809 τοὺς
1671 1762 1807 1798 παν-

1909 549 2119 605 ctiones
2164 550 2385 605 rudibus
2432 550 2611 605 adhuc
2640 548 2833 605 animis
2866 548 2931 602 ad
2962 548 3171 604 vitalem
3211 550 3457 617 adoptio-

1910 659 2029 698 nem
2075 643 2525 709 obstetricantur,
2575 652 2630 699 et
2675 659 2863 699 eorum
2904 644 2995 713 qui
3055 658 3084 697 a
3125 644 3456 700 daemonibus

1909 746 2196 803 vexantur,
2222 747 2460 792 sanctam
2487 749 2806 807 promovent
2829 738 3256 804 conversionem,
3286 756 3453 809 pavu-

1909 845 2131 898 remque
2152 830 2479 884 contrarium
2500 840 2553 886 et
2579 832 2885 901 pellicatnm
2916 834 3128 890 abolent
3156 850 3339 889 eorum
3364 835 3452 901 qui

1909 937 1937 975 a
1966 923 2204 976 damone
2232 930 2453 991 propter
2472 919 2737 989 Ignaviam
2766 924 3118 993 arripiuntur,
3144 925 3265 979 dum
3294 926 3455 995 218

1909 1014 2161 1068 nimirum
2187 1011 2313 1078 illis,
2340 1011 2404 1065 ad
2436 1011 2643 1067 illorum
2673 1022 2886 1082 captum
2910 1054 2927 1082 ,
2967 1024 3139 1069 status
3173 1014 3448 1069 deiformis

1909 1118 1972 1157 ac
2016 1102 2233 1155 virtutis
2276 1101 2531 1156 verticem
2576 1112 2907 1173 proponunt;
2948 1105 3089 1160 unde
3135 1109 3213 1169 lit,
3260 1116 3315 1160 ut
3355 1106 3453 1173 ipsi

1908 1195 2084 1265 potius
2113 1196 2355 1249 adversis
2382 1194 2736 1264 potestatibus
2764 1197 2958 1251 terrori
2991 1199 3122 1263 sint,
3161 1207 3323 1266 atque
3356 1213 3456 1252 ca:-

1911 1285 2039 1339 teris
2066 1299 2277 1355 quoque
2311 1285 2562 1340 curandis
2593 1286 2983 1353 praeﬁciantur,
3020 1291 3086 1343 ad
3116 1289 3209 1343 Dei
3242 1290 3465 1357 quidem

1909 1378 2264 1434 imitationem
2317 1377 2471 1431 bonis
2512 1378 2745 1447 propriis
2788 1379 3033 1445 stabiliti,
3066 1381 3329 1434 adversus
3364 1395 3461 1434 au-

1912 1480 2015 1525 tem
2057 1478 2291 1525 terrores
2337 1469 2644 1523 contrarios
2693 1484 2796 1523 non
2841 1479 3044 1523 tantum
3083 1470 3457 1526 eﬂicacitatem

1909 1562 2229 1627 obtinentes,
2275 1576 2460 1615 verum
2500 1561 2660 1615 etiam
2708 1559 3045 1629 largientes:
3090 1562 3156 1614 iis
3199 1576 3329 1615 vero
3367 1563 3457 1630 qui

1908 1667 1973 1709 ex
2006 1652 2377 1722 iniquitatibus
2405 1650 2471 1704 ad
2503 1658 2738 1705 mentem
2765 1658 3008 1703 sanctam
3049 1649 3341 1712 redierunt,
3369 1651 3461 1703 ha-

1908 1741 2075 1797 bitum
2124 1740 2409 1811 quemdam
2456 1750 2697 1794 sanctum
2748 1739 3009 1805 inferunt,
3062 1753 3128 1793 ne
3181 1739 3462 1807 iniquitate

251 1835 431 1907 ιέρους
475 1835 541 1901 ⁸⁸,
564 1837 619 1889 ὲν
649 1834 931 1906 μακαρίοις
991 1837 1085 1889 καὶ
1135 1838 1341 1906 νοητοῖς
1378 1834 1638 1905 θεάμασιν
1674 1835 1807 1888 ἀπο-

1909 1834 2085 1889 denuo
2106 1834 2418 1903 capiantur;
2444 1833 2634 1902 quibus
2654 1840 2831 1885 autem
2865 1832 2931 1885 ad
2963 1831 3332 1885 omnimodam
3365 1846 3465 1900 pu-

248 1929 357 1999 πλη
368 1928 548 1999 ροῦσαι
579 1928 640 1981 τὸ
670 1928 894 1993 ἐνοειδές
924 1928 1100 1984 αὐτῶν
1130 1928 1225 1983 τοῦ
1256 1929 1391 1994 ἐνὸς.
1418 1929 1512 1983 καὶ
1540 1928 1809 2005 ἐνοποιοῦ-

250 2036 362 2073 σαι.

1913 1928 2124 1981 ritatem
2169 1927 2454 1995 quidquam
2512 1927 2684 1988 deest,
2743 1923 2861 1979 illos
2909 1921 3149 1994 perfecte
3204 1924 3459 1991 expiant;

1909 2027 2125 2072 sanctos
2176 2031 2305 2070 vero
2350 2015 2415 2069 ad
2469 2014 2731 2079 imagines
2780 2014 2987 2069 divinas
3035 2024 3090 2069 et
3151 2015 3468 2069 earumdem

247 2101 567 2168 contuitum'
597 2124 757 2185 atque
806 2115 1135 2173 consortium
1182 2122 1527 2183 promovent;
1580 2122 1807 2184 pascunt
1842 2111 2027 2167 itidem
2056 2124 2149 2164 eos
2185 2109 2275 2179 qui
2299 2108 2410 2177 iam
2442 2107 2605 2177 plane
2657 2108 2826 2163 sancti
2853 2117 2994 2171 sunt,
3026 2107 3207 2163 beatis.
3252 2122 3317 2161 ac
3354 2108 3468 2174 ενι--

247 2205 501 2266 ritalibus
527 2208 850 2282 spectaculis
878 2222 1064 2263 eorum
1098 2205 1520 2262 uniformitatem
1563 2221 1673 2263 uno
1715 2204 1805 2260 illo
1843 2202 2200 2274 adimpleutes
2231 2209 2287 2256 et
2316 2199 2648 2255 uniﬂcantes.

1784 2343 1813 2418 ι
1856 2340 1963 2404 1v.

319 2489 385 2541 Τί
417 2488 509 2553 δέ;
545 2489 679 2559 Οὐχὶ
710 2488 803 2541 καὶ
839 2486 937 2549 τὰς
975 2487 1049 2558 μὴ
1084 2484 1261 2557 πάντη
1296 2482 1563 2554 καθαρὰς,
1596 2476 1671 2537 ὧν
1703 2484 1811 2554 ήδη

248 2581 471 2651 μνήμην
503 2579 890 2652 ἐποιησάμεθα,
923 2579 1123 2645 τάξεις,
1157 2578 1370 2650 ἀμιγῶς
1401 2577 1642 2643 ἀπολύει,
1667 2576 1808 2631 κατὰ

241 2674 340 2726 τὸν
372 2672 531 2726 αὐτὸν
560 2674 659 2744 τῆς
683 2672 948 2737 συνάξεως
978 2670 1196 2743 τρόπον,
1229 2673 1262 2741 ἡ
1292 2670 1537 2741 παροῦσα
1566 2670 1659 2724 νῦν
1688 2668 1808 2742 ἰερά

244 2762 594 2832 τελετουργία
620 2763 684 2827 ⁸),
727 2761 904 2831 μόνοις
945 2762 1001 2813 ἐν
1047 2760 1248 2812 εἰκόσιν
1292 2761 1541 2833 ὁρωμένη
1579 2764 1690 2824 τοῖς
1736 2762 1809 2813 ἰε-

248 2854 366 2930 ροῖς
391 2851 479 2915 "9,
532 2850 627 2904 καὶ
677 2849 812 2921 πρὸς
865 2850 1037 2920 μόνων
1094 2849 1320 2920 ἀμέσως
1367 2849 1477 2903 τῶν
1537 2849 1806 2921 πανιέρων

249 2942 589 3013 ἰεραρχικαϊς
633 2942 940 3010 ἀναγωγαῖς
987 2941 1387 3012 ἐποπτευομένη
1444 2942 1535 2994 καὶ
1599 2942 1808 3012 ἱερουρ-

245 3035 524 3104 γουμένη;
559 3032 739 3086 Ταῦτα
788 3034 884 3105 μὲν
926 3027 1017 3086 οὖν
1050 3034 1149 3106 ἥδη
1184 3032 1440 3097 πολλάκις
1485 3035 1613 3104 ἡμῖν
1659 3036 1808 3107 εἰρη-

251 3120 396 3199 μένα
423 3125 666 3198 περιττόν
692 3127 835 3178 ἐστιν
852 3126 892 3190 ι,
921 3125 996 3190 ὼς
1028 3121 1200 3196 οἶμαι,
1233 3127 1346 3189 τοῖς
1387 3127 1570 3190 αὐτοῖς
1602 3128 1807 3181 ἐπανα-

246 3219 498 3273 κυκλείν-¹
520 3218 714 3286 λόγοις,
738 3217 939 3288 καὶμὴ
973 3219 1107 3289 πρὸς
1138 3218 1207 3271 τὰ
1236 3218 1361 3289 ἐξῆς
1398 3218 1690 3290 μεταϐῆναι
1723 3218 1812 3272 τὸν

250 3312 508 3382 ἰεράρχην
549 3309 742 3373 ἐνθέως
786 3309 1024 3382 ὁρῶντας
1071 3310 1176 3363 ὑπὸ
1224 3310 1537 3364 δυοκαίδεκα
1587 3310 1811 3382 πτέρυξι

247 3399 785 3471 περτκεκαλυμμένον
829 3399 1017 3470 ἔχοντα
1064 3401 1125 3455 τὸ
1171 3401 1311 3454 θεῖον
1353 3401 1542 3471 μύρον,
1582 3403 1673 3455 καί
1713 3404 1810 3472 τὴν

246 3492 662 3563 παναγεστάτην
712 3491 798 3543 ἐπ’
852 3491 999 3562 αὐτῷ
1064 3492 1339 3545 τελείωσιν
1408 3494 1806 3564 ἱερουργοῦντα.

247 3585 505 3654 Λέγωμεν
553 3581 749 3646 τοίνυν,
796 3582 871 3646 ὡς
917 3585 949 3653 ή
993 3582 1088 3635 τοῦ
1137 3583 1306 3653 μύρου
1346 3584 1589 3646 σύνθεσις
1649 3602 1808 3638 συνα-

245 3675 397 3748 γωγή
430 3676 511 3738 τίς
544 3676 687 3727 ἐστιν
748 3672 986 3726 εὐπνόων
1032 3673 1171 3725 ὑλῶν
1221 3676 1278 3726 ἐν
1331 3675 1493 3745 ἐαυτῇ
1548 3674 1811 3737 πλουσίως

246 3767 443 3838 ἔχουσα
475 3766 762 3837 ποιότητας
798 3765 1079 3834 εὐόσμους,
1111 3758 1178 3835 ἧς
1210 3766 1258 3817 οἰ
1296 3766 1648 3835 μετασχόντες
1673 3764 1809 3817 εὐω-

244 3858 536 3922 διάζονται,
571 3858 712 3911 κατά
731 3857 829 3928 τὴν
855 3856 1137 3924 ἀναλογίαν
1158 3854 1252 3909 τοῦ
1289 3855 1453 3910 ποσοῦ
1475 3856 1573 3925 τῆς
1596 3858 1811 3924 ἐγγενο-

250 3949 419 4021 μένης
444 3950 625 4011 αὐτοῖς
656 3946 749 3999 τοῦ
782 3946 1009 4011 εὐώδους
1044 3945 1327 4017 μεθέξεως.
1364 3946 1707 4017 Πεπείσμεθα
1752 3946 1809 3999 δὲ

246 4037 383 4096 εἶναι
414 4042 507 4095 τὸν
541 4038 968 4111 θεαρχικώτατον
1014 4037 1217 4111 Ἰησοῦν
1249 4038 1583 4109 ὐπερουσίως
1614 4037 1806 4109 εὐώδη,

246 4135 464 4206 νοηταῖς
520 4132 784 4186 διαδόσεσι
836 4131 897 4183 τὸ
928 4130 1111 4201 νοερὸν
1164 4129 1318 4201 ημῶν
1386 4128 1808 4199 ἀποπληροῦντα

247 4227 394 4291 θείας
428 4226 636 4297 ἡδονῆς.
665 4226 727 4277 Εἰ
748 4224 910 4294 γὰρὴ
943 4223 1051 4277 τῶν
1082 4220 1351 4292 αἰσθητῶν
1384 4221 1631 4275 εὐωδῶν⁸
1665 4222 1809 4275 ἀντί-

247 4317 428 4388 ληψις,
454 4316 706 4369 εὐπαθεῖν
742 4317 883 4368 ποιεῖ
906 4315 996 4368 καὶ
1016 4314 1200 4386 τρέφει
1236 4315 1329 4367 σὺν
1359 4315 1519 4384 ἡδονῇ
1553 4313 1718 4384 πολλῇ
1748 4311 1809 4364 τὸ

248 4410 356 4463 τῶν
390 4408 705 4481 ὀσφραντῶν
727 4409 883 4479 ἡμῶν
904 4407 1252 4479 διακριτικὸν,
1277 4406 1432 4478 εἰπερ
1458 4405 1695 4501 ἀὸλαὸές⁸
1712 4422 1770 4464 τε
1787 4406 1808 4436 ⁸
1830 4442 1883 4501 D

248 4504 333 4575 ειη
378 4502 627 4574 καὶπρὸς
660 4502 720 4553 τὸ
762 4501 956 4564 εὐῶδες
988 4503 1045 4553 ἐν
1099 4499 1405 4570 συμμετρία
1444 4489 1801 4569 κατάλληλον,

247 4594 522 4662 ἀναλόγως
545 4594 608 4647 ἄν
639 4609 723 4657 τις
754 4594 883 4665 φαίη
908 4594 1000 4646 καὶ
1025 4592 1122 4655 τὰς
1152 4590 1339 4661 νοεράς
1371 4590 1525 4662 ἡμῶν
1551 4590 1805 4661 δυνάμεις

248 4684 386 4756 πρὸς
427 4684 525 4755 τὴν
549 4684 637 4737 ἐπὶ
668 4684 728 4735 τὸ
766 4686 945 4754 χεῖρον
979 4681 1166 4752 ῦφεσιν
1194 4681 1661 4753 ἀπαραφθάρτως⁸
1694 4680 1807 4733 δια-

247 4779 526 4848 κειμένας,
551 4778 606 4830 ἐν
638 4779 704 4847 τῇ
735 4776 827 4830 τοῦ
861 4778 916 4829 ἐν
950 4778 1079 4847 ἡμῖν
1110 4774 1350 4847 κριτικοῦ
1391 4777 1588 4844 φυσικῇ
1623 4772 1805 4844 ρώσει,

248 4871 393 4925 κατά
423 4871 491 4923 τὰ
523 4869 812 4941 θεουργικὰ
855 4870 1025 4941 μέτρα
1075 4868 1169 4921 καὶ
1210 4867 1306 4939 τὴν
1343 4867 1670 4937 κατάλληλον
1712 4865 1806 4919 τοῦ

247 4960 369 5022 νοὸς
425 4958 561 5031 πρὸς
589 4960 650 5013 τὸ
697 4960 839 5013 θεῖον
880 4958 1228 5030 ἐπιστροφὴν,
1275 4960 1331 5009 ἐν
1382 4956 1656 5027 ἀντιλήψει
1708 4956 1807 5026 τῆς

248 5050 543 5122 θεαρχικῆς
588 5049 811 5114 εὐωδίας
858 5050 1137 5119 γίνεσθαι,
1188 5049 1281 5111 καὶ
1321 5048 1611 5111 εὐπαθείας
1657 5050 1809 5120 ἱερᾶς

1978 2484 2116 2551 Quid
2152 2484 2346 2554 porro?
2386 2482 2634 2552 Nunquid
2668 2481 2829 2536 etiam
2878 2494 3109 2550 praesens
3142 2496 3263 2550 qum
3295 2481 3472 2535 modo

1907 2574 2210 2630 celebratur
2240 2576 2577 2630 consecratio
2616 2574 2832 2628 ordines
2865 2573 2983 2627 illos
3023 2574 3113 2642 qui
3155 2588 3259 2625 non
3300 2573 3459 2641 plane

1909 2668 2092 2723 mundi
2148 2676 2291 2733 sunt,
2344 2682 2573 2737 quorum
2623 2678 2778 2721 antea
2833 2666 3159 2721 mentionem
3218 2665 3461 2727 fecimus.

1908 2760 2291 2829 impromiscue
2322 2757 2566 2823 dimittit,
2592 2772 2656 2812 eo
2678 2756 2834 2813 modo
2863 2772 2969 2826 quo
3000 2757 3057 2810 ﬁt
3086 2756 3136 2808 in
3169 2756 3381 2826 synaxi,
3411 2768 3469 2810 et

1905 2851 1960 2905 in
1991 2850 2160 2908 sacris
2192 2859 2395 2905 tantum
2427 2849 2752 2920 imaginibus
2786 2850 3025 2904 cernitur
3054 2848 3163 2910 ιη’.
3186 2857 3241 2901 et
3270 2863 3299 2901 a
3334 2850 3471 2903 solis

1906 2944 2037 3000 viris
2074 2943 2428 2998 sanctissimis
2462 2943 2514 2996 in
2556 2942 2912 2998 bierarcbicis
2952 2940 3230 3011 anagegiis
3260 2940 3458 2996 imme-

1908 3037 2053 3091 diate
2096 3040 2427 3106 conspicitur
2466 3054 2529 3095 ac
2571 3039 2911 3095 celebratur?
2943 3039 3162 3100 Verum,
3192 3038 3306 3091 hazc
3333 3051 3457 3091 cum

1911 3142 1939 3180 a
1965 3128 2117 3183 nobis
2146 3143 2514 3197 saepenumero
2544 3130 2682 3184 dicta
2709 3131 2838 3193 sint,
2868 3141 3319 3197 supervacaneum
3343 3142 3464 3183 esse

1911 3218 2147 3274 arbitror
2186 3221 2376 3275 iisdem
2408 3222 2589 3275 verbis
2622 3231 2898 3290 repetere,
2933 3221 3060 3288 quin
3092 3218 3268 3286 potius
3301 3220 3366 3272 ad
3398 3236 3460 3275 ea

1912 3324 2032 3379 qua:
2081 3323 2378 3380 sequuntur
2426 3313 2771 3379 transeundo,
2824 3313 3133 3380 pontificem
3183 3314 3469 3368 videamus

1910 3404 2011 3457 alis
2052 3403 2333 3457 duodecim
2382 3402 2683 3458 obvelatum
2735 3414 3065 3475 unguentum
3114 3423 3327 3461 sacrum
3380 3416 3461 3459 te.-

1911 3506 2148 3559 nentem,
2176 3509 2238 3548 ac
2274 3496 2622 3563 purissimum
2653 3498 2705 3550 in
2735 3513 2799 3551 eo
2828 3508 3224 3552 sacramentum
3268 3514 3463 3553 conse-

1910 3596 2171 3639 crantem.
2220 3584 2467 3639 Dicamus
2508 3586 2687 3654 igitur,
2720 3590 2972 3657 unguenti
3013 3589 3461 3658 compositionem

1911 3676 2276 3729 collectionem
2319 3678 2602 3746 quamdam
2642 3693 2762 3734 esse
2804 3679 3159 3750 fragrantium
3206 3680 3469 3734 materia-

1912 3782 2051 3831 rum,
2077 3781 2196 3834 quae
2224 3767 2275 3820 in
2307 3781 2365 3821 se
2396 3767 2599 3821 affatim
2628 3770 2996 3825 suaveolentes
3028 3773 3267 3825 continet
3292 3770 3464 3839 quali-

1911 3870 2070 3925 tates,
2101 3860 2249 3928 cujus
2290 3861 2383 3929 qui
2419 3861 2710 3930 participes
2744 3865 3035 3923 exsistunt.
3065 3861 3246 3915 odoris
3283 3862 3464 3913 suavi-

1912 3961 2019 4006 tate
2052 3950 2323 4020 aﬂlantur,
2365 3954 2709 4023 proportione
2746 3953 3040 4023 fragrantis
3081 3968 3200 4021 quae
3238 3953 3345 4007 illis
3383 3956 3463 4007 in-

1909 4050 1991 4095 est
2046 4040 2490 4110 participatiouis.
2549 4041 2759 4096 Scimus
2814 4051 3013 4106 autem,
3066 4043 3468 4099 divinissimum

1909 4132 2054 4185 illum
2082 4130 2265 4186 Jesum
2298 4132 2889 4202 suprasubstantialiter
2921 4132 3269 4202 fragrantem,
3306 4137 3463 4204 spiri-

1912 4224 2108 4277 talibus
2154 4222 2625 4277 distributionibus
2684 4234 2891 4291 partem
2940 4226 3108 4279 nostri
3165 4229 3459 4294 spiritalem

1910 4314 2087 4379 divina
2118 4314 2391 4383 voluptate
2429 4312 2696 4369 reCreare.
2735 4312 2789 4367 Si
2828 4313 2969 4366 enim
3008 4330 3187 4369 rerum
3226 4319 3461 4372 sensibi-

1910 4402 2037 4458 lium
2090 4406 2453 4459 suaveolentia
2514 4414 2802 4471 nostrum,
2852 4406 3015 4460 modo.
3060 4419 3226 4460 sanus
3277 4414 3331 4461 et
3382 4406 3471 4460 rei

1907 4495 2190 4551 odorifera:
2219 4496 2397 4551 debita
2428 4497 2767 4565 praportione
2807 4499 3241 4553 accommodatus
3268 4498 3357 4563 sit,
3382 4500 3463 4555 ol-

1908 4588 2110 4643 factum
2152 4587 2289 4643 bene
2329 4585 2511 4654 afﬁcit,
2549 4598 2603 4643 et
2648 4603 2837 4658 magna
2866 4603 2986 4642 cum
3023 4589 3297 4658 voluptate
3336 4591 3463 4655 alit,

1909 4681 2098 4736 eadem
2132 4681 2315 4749 utique
2352 4680 2557 4734 ratione
2607 4680 2749 4733 dicat
2791 4679 3010 4748 aliquis,
3060 4679 3327 4749 spiritales
3366 4698 3461 4736 no-

1911 4783 2055 4827 suas
2103 4772 2402 4837 facultates,
2458 4773 2502 4825 si
2561 4771 2703 4824 nulla
2757 4772 2810 4825 in
2865 4771 3061 4824 malum
3102 4773 3462 4840 propensione

1911 4872 2173 4932 corruptas
2214 4861 2437 4928 fuerint,
2479 4861 2707 4916 naturali
2754 4865 2987 4932 quodam
3020 4860 3211 4929 judicii
3249 4864 3465 4933 vigore,

1913 4959 2207 5015 secundum
2251 4956 2441 5010 divina:
2484 4954 2812 5023 Operationis
2843 4956 3031 5009 modos
3059 4938 3461 5033 congruamque

1915 5052 2110 5102 mentis
2143 5048 2211 5101 ad
2240 5047 2406 5103 Deum
2436 5045 2863 5110 conversionem,
2900 5046 3066 5101 divini
3110 5047 3294 5102 odoris
3334 5062 3457 5101 sua-

1535 5161 1766 5219 VARUE
1806 5158 2206 5215 LECTIONES.

311 5302 605 5384 .prfpotlgt
630 5300 686 5384 δέ
703 5301 801 5384 τὴν
823 5302 1068 5384 ἐναντίαν
1093 5302 1125 5372 ἢ
1150 5301 1355 5384 τοιάνδε
1379 5297 1648 5384 κάθελξιν,
1790 5298 1861 5351 sc
1894 5367 1907 5384 κ

2032 5294 2277 5365 μάλιστα,
2307 5291 2375 5344 Μ.
2433 5293 2636 5365 ’τίπρὸς
2660 5291 2737 5355 τό,
2767 5290 3254 5365 δονβιιτζηιιιιιηε
3284 5288 3453 5343 locum

251 5372 329 5427 ita
364 5360 527 5445 habet
553 5360 865 5445 nsanos;
890 5373 947 5425 δέ
962 5360 1125 5445 song;
1140 5371 1406 5445 mvtépm;
1421 5372 1503 5445 ea
1514 5360 1795 5439 μακαρίοις
1825 5360 2147 5445 καξνοηξτῶς
2176 5364 2455 5445 θεάμασιν,
2486 5364 2664 5445 itaque
2682 5364 2840 5445 vertit
2867 5363 2953 5414 Sc.
2974 5360 3250 5445 'Re/icilulnt
3274 5370 3448 5445 autem

245 5437 510 5562 (grauiam
546 5440 900 5521 sacratissime
954 5442 1010 5492 in
1049 5441 1213 5522 beatis
1256 5437 1635 5519 iritdsibiliter,_
1696 5449 1804 5491 etc.

303 5521 391 5562 (ποι
475 5512 659 5562 vertit.
701 5511 973 5562 obtutibus
1036 5512 1247 5562 damnas.
1311 5509 1800 5562 ‘°°‘Refertmtern

1898 5438 1941 5467 ⁸³
1970 5433 2361 5503 τελεσιουργία,
2392 5434 2487 5485 Ch.

2569 5432 2633 5461 ιοο
2660 5434 2769 5492 τοῖς
2808 5428 3119 5501 ὁρωμένοις,
3148 5430 3345 5501 t_;_b._lt.
3386 5428 3453 5478 Μ.

303 5521 391 5562 mt
475 5512 659 5572 vertit,
701 5511 973 5563 obtutibus
1036 5512 1247 5564 divinis.
1311 5510 1401 5539 ¹⁰⁰⁶
1422 5497 1603 5562 Refert
1626 5510 1890 5571 interpres
1922 5497 2270 5557 masculinum
2300 5503 2462 5571 ἱεροῖς
2491 5502 2553 5553 ad
2585 5497 2895 5553 leminiuu'm
2928 5497 3117 5550 εἰκόσι.
3156 5497 3305 5572 Unde
3332 5513 3452 5572 sus-

254 5579 400 5646 picio
428 5578 603 5631 oritur
641 5567 777 5647 verti
815 5588 967 5647 posse
1008 5598 1022 5632 :
1054 5597 1085 5631 a
1120 5592 1333 5633 sANCTlS
1363 5580 1413 5630 in
1457 5567 1781 5647 imaginibus
1823 5586 2029 5647 tantum
2052 5567 2375 5647 cernitur-tu
2405 5573 2525 5647 solis
2560 5578 2752 5647 autem
2774 5583 3126 5647 §Ah;CTI§§lII§
3159 5567 3455 5647 immfdiqte

253 5648 631 5719 conspicitur...
669 5648 762 5719 En.
793 5651 1045 5719 Ρλτκομ
1114 5654 1126 5679 ¹
1154 5718 1160 5719 ί
1191 5650 1318 5719 ἡμῖν
1346 5647 1585 5719 ὲστιν,Μ.

1662 5650 1682 5677 ¹
1711 5642 2131 5703 ἐπανακυκλοῦν,
2160 5643 2257 5694 (2h.
2321 5640 2341 5671 ³
2368 5639 2586 5701 εὐωδίας
2618 5639 2706 5690 καὶ
2734 5639 2939 5709 ἡδονῆς,
2973 5639 3028 5690 ll.
3058 5637 3162 5689 τῶν
3186 5634 3458 5703 αἰσθητῶς

252 5709 470 5776 εὐωδῶν
489 5748 513 5785 ,ι
533 5716 589 5776 ὃ.
618 5721 655 5790 ἠ
677 5718 782 5793 γὰρ
807 5718 910 5771 τῶν
938 5709 1242 5789 uiae-quin;-
1260 5718 1323 5775 Μ.
1366 5718 1452 5774 Sc.
1499 5709 1503 5711 ’
1532 5719 1551 5749 ⁵
1576 5716 1635 5770 τέ
1662 5730 1763 5771 nou
1798 5716 1955 5769 habet
1980 5712 2044 5766 Μ.
2073 5714 2093 5743 ⁸
2118 5710 2601 5783 ἀπαραθραύστως,
2632 5709 2688 5764 υ.
