4172 6304
195 379 296 439 481

1279 367 1366 429 DE
1398 367 1674 430 ECCLES.
1718 368 2111 432 HIERARCH..
2143 373 2296 434 CAP.
2333 367 2424 430 IV.

3294 386 3398 442 682

1728 489 1757 561 ς
1797 485 1933 546 vn.

264 608 341 664 Τδ
379 603 475 682 μιν
503 601 594 662 οὖν
624 594 1105 678 ἀπειροπρέσωπον
1136 603 1310 656 αὐτῶν
1349 603 1440 657 καὶ
1481 603 1748 656 πολύπουν
1777 608 1820 664 Α

1777 608 1820 664 Α
1920 600 2325 687 2201ηῐίηἰιω
2354 605 2567 674 quidem
2590 589 2762 662 iacies
2803 621 2988 666 eorum
3023 615 3282 685 multique
3307 634 3400 688 pe-

190 699 582 771 ὶκφαντορικόν
617 698 778 756 ἐστιν,
811 694 884 756 ὡς
914 689 1084 763 οἶμαι,
1109 693 1205 764 τῆς
1235 691 1627 763 πολυθεάμονος
1651 693 1749 745 αὐ-

189 791 306 844 τῶν
354 788 440 852 εἰς’
473 789 571 851 τὰς
601 785 878 848 θειοτάτας
906 784 1194 854 ὲλλάμψεις
1230 783 1503 855 ἰδιότητος.
1534 785 1625 838 καὶ
1657 786 1751 856 τῆς

191 883 501 953 ἀεικινήτου
529 882 620 934 καὶ
643 877 940 949 πολυπύρου
955 876 1063 929 τῶν
1081 875 1237 929 Θείων
1259 877 1475 945 ἀγαθῶν
1494 878 1746 948 νοήσεως·

191 975 297 1044 τὴν
341 972 396 1026 δὲ
421 973 526 1024 τῶν
559 969 790 1040 πτερῶν,
810 969 883 1032 ὡς
905 967 973 1020 τὰ
999 965 1168 1035 Λόγιά
1190 984 1372 1038 φησιν,
1405 968 1636 1042 ὲξαπλῆν
1661 970 1749 1024 θέ-

196 1081 305 1129 σιν,
329 1065 425 1117 οὐκ
457 1049 686 1134 άριθμδν
715 1061 855 1131 ἱερὸν
885 1059 1164 1129 ἐμφαίνειν
1195 1059 1396 1130 οἴομαι,
1425 1059 1562 1112 κατὰ
1585 1061 1644 1114 τὸ
1665 1060 1750 1113 δό-

194 1154 295 1221 ξαν
312 1156 534 1226 ἑτέροις,
561 1153 672 1206 ἀλλ’
694 1153 772 1204 ὅτι
798 1152 895 1221 τῆς
943 1153 1067 1222 περὶ
1088 1151 1217 1204 Θεὸν
1241 1152 1546 1223 ὑπερτάτης
1569 1143 1751 1216 οὐσίας

193 1245 293 1297 καὶ
347 1245 548 1310 τάξεως
580 1242 891 1311 ἀναγωγικὰ
926 1242 1288 1298 καῖάπόλυτα
1322 1242 1594 1306 παντελῶς
1637 1244 1750 1296 ἐστι

193 1339 294 1391 καὶ
325 1339 682 1409 ύπερκόσμια,
713 1335 779 1388 τὰ
811 1335 1020 1406 πρῶτα,
1054 1336 1143 1388 καὶ
1174 1335 1328 1404 μέσα,
1363 1337 1454 1389 καὶ
1475 1335 1751 1389 τελευταῖα

193 1427 308 1480 τῶν
357 1427 556 1497 νοερῶν
589 1427 756 1498 αὐτῆς
799 1427 890 1479 καὶ
930 1425 1173 1478 θεοειδῶν
1213 1425 1507 1497 δυνάμεων.
1538 1427 1751 1499 Ὅθενή

192 1517 308 1572 τῶν
329 1519 532 1586 Λογίων
564 1518 824 1590 ἱερωτάτη
852 1518 1028 1587 σοφία,
1052 1518 1147 1590 τὴν
1168 1517 1273 1571 τῶν
1291 1518 1502 1590 πτερῶν
1528 1518 1752 1571 διάπλα-

197 1626 286 1663 σιν
316 1611 708 1682 ίερογράςρουσα
735 1612 796 1674 ³⁸,
830 1614 956 1680 περὶ
983 1609 1050 1662 τὰ
1077 1610 1262 1681 πρῶτα
1289 1611 1350 1673 ’⁸,
1377 1611 1468 1663 καὶ
1492 1610 1559 1662 τά
1592 1609 1749 1680 μέσα,

195 1705 296 1756 καὶ
311 1705 433 1765 τοὺς
454 1702 614 1764 πόδας
650 1701 822 1754 αὐτῶν
852 1694 1088 1773 ἐντίθησι
1123 1702 1190 1755 τὰ
1224 1703 1416 1776 πτερὰ,
1443 1704 1503 1755 τὸ
1529 1702 1752 1756 καθόλου

193 1795 476 1867 πτερωτὸν
504 1792 678 1847 αὐτῶν
699 1795 1039 1865 αἰνισσομένη
1086 1795 1176 1849 καὶ
1202 1795 1534 1848 παντοδαπὸν
1549 1794 1645 1865 τῆς
1663 1793 1754 1846 ἐπὶ

191 1890 260 1941 τὸ
282 1889 446 1952 ὅντως
475 1885 532 1940 δν
561 1886 905 1958 άναγωγικῆς
923 1887 1226 1956 δυνάμεως.

1853 694 1944 748 des
1968 695 2290 765 significant,
2321 706 2378 750 nt
2412 699 2620 766 opinor,
2653 701 2758 753 vim
2794 705 3284 778 proprietatemque
3303 725 3396 764 eo-

1852 800 1967 838 rum
2004 802 2106 855 qna
2148 784 2343 841 multas
2367 789 2575 842 divinas
2604 801 2832 844 cernunt
2865 792 3278 862 illustratienes,
3305 804 3401 855 bo-

1853 891 2149 947 norumque
2179 879 2479 932 divinorum
2507 879 2939 949 intelligentiam,
2969 897 3086 952 qua:
3117 889 3399 957 sempiter-

1853 981 1921 1019 no
1971 978 2116 1021 motu
2151 971 2342 1030 cietur,
2387 971 2654 1039 multaque
2700 983 2982 1041 peragrat;
3029 990 3185 1030 senas
3221 988 3398 1034 autem

1852 1056 1982 1120 alas,
2015 1072 2148 1125 quas
2170 1057 2390 1127 Eloqnia
2430 1072 2871 1128 commemorant,
2899 1077 3004 1116 non
3036 1067 3280 1121 existimo
3311 1085 3401 1124 sa-

1851 1163 2001 1201 crum
2027 1164 2308 1202 numerum
2336 1151 2616 1214 denotare,
2641 1161 2696 1205 ut
2721 1154 3038 1221 quibusdam
3067 1156 3280 1225 placuit,
3307 1163 3398 1216 sed

1852 1237 1996 1307 ipsas
2030 1240 2262 1293 virtutes
2294 1255 2560 1310 suprema:
2599 1242 2738 1297 illius
2768 1259 2884 1312 qua:
2906 1246 3049 1300 circa
3085 1247 3248 1302 Deum
3280 1266 3403 1305 ver-

1853 1341 2003 1385 satur
2031 1333 2281 1388 essentia:
2322 1345 2417 1388 seu
2447 1335 2828 1403 distinctionis,
2853 1337 3077 1408 primas.
3101 1345 3322 1406 medias.
3347 1355 3403 1401 et

1853 1432 2142 1490 extremas,
2170 1440 2288 1479 esse
2317 1426 2474 1494 plane
2501 1427 2766 1496 spiritales
2793 1447 2854 1485 ac
2880 1432 3185 1500 deiformes,
3216 1451 3404 1508 snper-

1856 1531 1918 1568 na
1945 1527 2145 1584 petere,
2164 1519 2480 1586 penitusque
2499 1519 2693 1574 liberas
2717 1522 2977 1578 exsistere
3000 1541 3062 1580 ac
3080 1543 3398 1594 supramun-

1854 1607 2040 1661 diales.
2073 1608 2220 1663 llanc
2252 1607 2318 1662 ob
2353 1623 2569 1661 causam
2604 1613 2968 1666 sacratissima
3003 1615 3290 1684 Scriptura:
3312 1633 3402 1672 sa-

1855 1697 2074 1765 pientia,
2108 1699 2229 1750 dum
2284 1697 2485 1750 alarnm
2521 1699 2741 1768 ﬁguram
2796 1702 3047 1771 depingit,
3105 1707 3170 1757 ad
3219 1721 3402 1760 eorum

1858 1788 2042 1852 facies,
2078 1789 2361 1858 mediaque
2387 1803 2632 1858 corpora,
2667 1806 2728 1845 ac
2749 1793 2909 1859 pedes
2937 1809 3141 1862 pennas
3164 1796 3402 1861 adhibet,

1857 1894 1914 1936 ut
1945 1883 2201 1947 insinuet,
2256 1899 2348 1938 eas
2389 1885 2599 1952 penitus
2641 1887 2812 1942 alatas
2841 1903 2962 1942 esse
2989 1902 3150 1959 atque
3177 1888 3322 1946 omni
3352 1893 3404 1946 vi

1785 1992 1825 2047 Β
1857 1973 1921 2028 ad
1952 1975 2002 2030 id
2023 1975 2162 2043 quod
2187 1975 2453 2030 veraciter
2468 1977 2680 2032 exsistit
2703 1993 2912 2034 sursum
2936 1980 3084 2036 ferri.

1726 2119 1752 2190 ς
1787 2115 1947 2175 VIII.

275 2279 339 2333 Εί
365 2277 420 2332 δὲ
445 2279 513 2332 τὰ
542 2277 804 2350 πρόσωπα
834 2278 1069 2343 καὶτοὺς
1091 2279 1254 2340 πόδας
1284 2277 1630 2342 καλύπτουσι,
1661 2279 1756 2332 καὶ

199 2373 388 2444 μόνοις
402 2371 651 2425 πέτονται
669 2372 710 2402 ¹⁷
731 2371 912 2441 μέσοις
939 2374 1173 2443 πτεροῖς,
1200 2371 1447 2441 ἐννόησον
1475 2371 1517 2422 ίε
1528 2369 1650 2440 ρῶς,
1674 2370 1754 2422 ὅτι

194 2460 456 2517 τοσοῦτον
481 2461 788 2536 ἐξῃρημένη
809 2462 916 2515 τῶν
949 2463 1261 2533 ύπερτάτων
1300 2461 1493 2517 οὐσιῶν
1531 2465 1562 2533 ὴ
1606 2461 1756 2527 τάξις

197 2554 437 2625 εὐλαὸής
468 2555 581 2607 ἐστι
617 2555 746 2626 περὶ
788 2553 856 2608 τὰ
892 2546 1004 2607 τῶν
1033 2555 1265 2625 νοήσεων
1299 2553 1342 2586 ³³
1371 2552 1536 2625 αὐτῆς
1569 2554 1759 2624 ὑψηλὸ-

196 2663 336 2716 τερα
364 2648 456 2700 καὶ
481 2646 766 2717 βαθύτερα,
797 2647 890 2698 καὶ
918 2645 1100 2716 μέσοις
1125 2648 1338 2715 πτεροῖς
1359 2646 1415 2700 ὲν
1451 2645 1757 2717 συμμετρίᾳ

201 2741 342 2812 πρὸς
372 2740 622 2794 θεοπτίαν
654 2741 910 2808 ἀνάγεται
938 2740 1001 2804 ¹⁹,
1047 2741 1158 2803 τοῖς
1181 2739 1340 2802 θείοις
1371 2739 1552 2808 ζυγοῖς
1574 2739 1757 2792 ὑποτι-

199 2831 359 2885 θεῖσα
388 2831 483 2902 τὴν
505 2832 707 2884 οἰκείαν
733 2829 896 2902 ζωὴν,
929 2833 1020 2883 καὶ
1049 2831 1182 2899 πρὸς
1217 2831 1390 2884 αὐτῶν
1423 2830 1580 2903 ίερῶς
1604 2830 1754 2882 εὐθει-

199 2925 440 2996 τουμένη
462 2927 595 2996 πρὸς
616 2926 713 2997 τὴν
744 2926 939 2993 ἑαυτῆς
969 2923 1434 2995 ὲπιγνωμοσύνην.

1930 2277 2085 2344 Quod
2137 2276 2182 2331 si
2237 2274 2401 2332 facies
2447 2277 2719 2346 pedesque
2775 2285 3053 2350 Obteguut,
3110 2282 3407 2350 mediisque

1861 2379 2066 2423 tantum
2095 2369 2197 2423 alis
2236 2368 2435 2433 volant,
2467 2370 2722 2440 intelligo,
2759 2380 2862 2426 tam
2887 2384 3228 2440 praestantem
3256 2391 3406 2431 sum-

1862 2474 2066 2512 marum
2099 2469 2412 2511 naturarum
2448 2458 2688 2512 ordinem
2730 2463 2962 2515 revereri
2985 2478 3046 2515 ea
3075 2479 3194 2531 qnze
3215 2464 3408 2518 altiora

1859 2550 2314 2620 profundioraque
2358 2560 2504 2614 sunt,
2545 2565 2702 2618 quam
2741 2560 2798 2605 ut
2827 2553 3172 2622 intelligendo
3195 2557 3406 2624 assequi

1858 2649 2086 2718 possint,
2113 2650 2411 2716 mediisque
2437 2648 2540 2701 alis
2570 2651 2843 2705 moderate
2867 2652 2932 2705 ad
2965 2651 3060 2705 Dei
3077 2653 3408 2722 contempla-

1861 2743 2056 2797 tionem
2091 2742 2268 2804 evehi,
2299 2741 2422 2794 dum
2465 2749 2519 2796 et
2546 2742 2742 2796 divinis
2782 2742 3023 2798 lancibus
3061 2745 3222 2800 vitam
3254 2758 3405 2799 suam

1859 2831 2095 2898 subiicit,
2126 2841 2183 2886 et
2214 2831 2280 2887 ab
2308 2832 2373 2886 iis
2399 2840 2586 2886 sancto
2635 2832 2702 2886 ad
2745 2834 2827 2887 sui
2862 2834 3108 2890 notitiam
3130 2851 3410 2907 prornove-

1860 2931 1914 2977 ιιι
1923 2940 1966 2980 Γ.

1730 3085 1758 3157 5
1798 3081 1909 3142 ιχ.

264 3250 338 3304 Τὸ
354 3248 409 3303 δὲ
424 3249 534 3312 τοῖς
552 3248 760 3316 Λογίοις
791 3245 1096 3318 εἰρημένον,
1115 3248 1188 3309 ὼς
1217 3247 1342 3300 ἐκέκ
1351 3261 1506 3317 ραγον
1521 3245 1566 3277 ’θ
1582 3245 1667 3298 ἓτε
1676 3263 1764 3326 ρος
1791 3251 1834 3308 C

1791 3251 1834 3308 ο
1938 3244 2089 3311 Quod
2135 3255 2314 3301 autem
2361 3244 2636 3316 Scriptura
2677 3249 2838 3313 dicat,
2878 3248 3154 3306 Clamabat
3183 3252 3317 3306 alter
3344 3256 3411 3309 ad

204 3343 346 3413 πρὸς
362 3341 450 3393 τὸν
468 3340 553 3392 ἒτε
561 3357 670 3411 ρον,
685 3340 856 3392 ἐκεῖνο
869 3335 1016 3409 οἶμαι
1032 3338 1239 3409 δηλοῦν,
1257 3339 1454 3392 ὅτιτῶν
1469 3336 1760 3392 θεοπτικῶν

203 3433 386 3488 αὐτῶν
425 3435 657 3503 νοήσεων
699 3430 944 3501 ἀλλήλοις
973 3431 1214 3500 ἀφθόνως
1259 3430 1610 3502 μεταδιδόασι.
1657 3431 1763 3483 Καὶ

204 3525 368 3580 τοῦτο
390 3525 444 3578 δὲ
473 3525 622 3595 ἱερᾶς
647 3523 962 3593 ἀξιώσωμεν
989 3525 1204 3595 μνήμης
1223 3563 1236 3588 ,
1266 3522 1340 3587 ὡς
1365 3524 1398 3593 ἠ
1429 3523 1534 3576 τῶν
1557 3522 1761 3591 Λογίων

199 3618 584 3689 Ἐσραίαφωνὴ
611 3617 729 3669 κατ’
759 3615 1062 3686 ιμφατικὴν
1089 3617 1130 3646 ²¹
1156 3615 1464 3685 ἐπωνυμίαν
1491 3615 1641 3669 καλεῖ
1665 3615 1762 3678 τὰς

208 3708 514 3775 ἁγιωτάτας
543 3707 648 3761 τῶν
681 3708 930 3778 Σεραφὶμ
960 3707 1162 3771 οὐσίας,
1210 3709 1272 3759 ὲκ
1307 3706 1400 3759 τοῦ
1439 3706 1577 3760 κατὰ
1612 3705 1761 3759 θείαν

207 3801 304 3852 καὶ
377 3797 626 3867 ἀκίνητον
645 3798 688 3828 ²¹
717 3797 857 3867 ζωὴν
879 3797 1136 3868 διαπύρου
1170 3799 1259 3850 καὶ
1285 3795 1652 3868 ὑπερζέοντος.

1866 3336 2114 3404 alterum,
2166 3337 2268 3392 hoc
2308 3338 2555 3393 existimo
2588 3339 2911 3408 significare,
2940 3343 3081 3410 quod
3107 3342 3409 3399 divinarum

1865 3444 2084 3483 suarum
2128 3431 2392 3485 visionum
2437 3439 2490 3486 et
2532 3430 3000 3500 intelligentiarum
3048 3436 3415 3503 participatio-

1865 3536 1986 3574 nem
2042 3522 2162 3575 sine
2200 3521 2397 3575 invidia
2446 3521 2548 3574 sibi
2601 3535 2784 3575 mutuo
2822 3526 3234 3579 communicent.
3273 3526 3411 3592 Quin

1861 3617 2021 3670 etiam
2046 3616 2146 3669 hoc
2170 3623 2467 3668 memoratu
2492 3615 2728 3684 dignum,
2759 3616 2895 3682 quod
2920 3616 2972 3669 in
2997 3619 3167 3672 sacris
3195 3617 3415 3673 Litteris

1861 3706 2216 3760 sanctissima:
2251 3705 2354 3760 illa;
2399 3715 2602 3760 natura:
2627 3720 2884 3774 perquam
2927 3707 3291 3776 significanter
3314 3709 3418 3763 He-

1863 3797 2045 3851 braica
2073 3812 2203 3852 voce
2222 3797 2500 3864 Seraphim
2526 3797 2874 3864 appellentur,
2897 3801 3038 3869 quod
3054 3800 3300 3854 nimirum
3322 3812 3418 3868 per

1864 3888 2098 3941 divinam
2134 3903 2448 3955 semperque
2483 3889 2731 3943 mobilem
2756 3890 2915 3943 vitam
2937 3906 3088 3944 suam
3118 3893 3410 3960 ignescunt,

1866 3992 1921 4036 ct
1943 3997 2103 4051 supra
2129 3982 2345 4036 modum
2382 3982 2643 4036 ferveant.

1700 4099 1852 4170 5X.

283 4276 455 4349 Εἴπερ
484 4273 574 4330 οὖν
605 4276 670 4344 ’³,
699 4276 773 4342 ὡς
797 4278 846 4331 οἱ
879 4277 946 4332 τὰ
978 4278 1237 4351 Ἑὸραίων
1257 4281 1763 4353 ἀφερμηνεύσαντές

209 4384 395 4440 φασιν,
423 4370 471 4421 οξ
502 4368 759 4422 θειὸτατοι
809 4371 1046 4442 σεοαφὶμ
1075 4374 1403 4441 ἐμπρησταὶ
1432 4375 1522 4426 καὶ
1539 4359 1767 4445 θερμαί-

208 4477 423 4527 νοντες
445 4462 547 4514 ὑπὸ
562 4462 657 4532 τῆς
678 4461 947 4531 θεολογιας
969 4463 1375 4536 ὠνομάσθησαν,
1399 4466 1765 4541 ὲκφαντορικῷ

207 4551 312 4622 τῆς
342 4551 629 4616 ούσιώδους
655 4552 831 4606 αὐτῶν
850 4553 1015 4618 ἕξεως
1036 4555 1276 4624 ὀνόματι,
1309 4555 1400 4608 τοῦ
1427 4556 1567 4608 θείου
1596 4558 1641 4588 ⁸⁸
1674 4558 1766 4628 μύ-

1939 4283 1996 4337 Si
2027 4284 2212 4354 igitur,
2256 4293 2314 4337 ut
2362 4281 2741 4340 llebraicorum
2773 4286 3047 4338 nominum
3092 4286 3413 4359 interpretes

1869 4377 2152 4441 afﬁrmant,
2187 4377 2498 4433 divinissimi
2523 4378 2594 4431 illi
2630 4381 2900 4448 serapbim
2930 4382 3220 4435 incensore:
3245 4390 3298 4434 et
3322 4400 3413 4437 ca-

1868 4470 2138 4538 lefactorez
2181 4485 2209 4524 a
2243 4466 2520 4538 Scriptura
2555 4473 2918 4535 nominentur,
2968 4473 3112 4539 quod
3143 4472 3193 4526 id
3221 4489 3411 4528 nomen

1870 4570 2065 4612 Statum
2111 4573 2296 4613 eorum
2339 4560 2640 4613 naturalem
2670 4560 2957 4629 exprimat,
3013 4562 3412 4630 utique,jttxta

212 4659 313 4715 pou
375 4642 514 4696 κατὰ
561 4642 889 4714 συμϐολικὴν
935 4645 1342 4714 είκονογραφίαν
1389 4643 1766 4716 ἀνακινητικὰς
1799 4711 1835 4723 _

1799 4711 1835 4723 __
1870 4649 2220 4720 symbolicam
2265 4647 2664 4720 effigiatiunem,
2725 4651 2924 4705 habent
2965 4653 3218 4723 unguenti
3248 4653 3413 4708 divini

210 4711 398 4803 ἔχουσι
429 4711 682 4802 δυνάμεις
707 4733 752 4763 ’⁸
802 4711 881 4795 είς
909 4711 1165 4802 ἐκφανσιν
1193 4711 1318 4786 abab
1350 4737 1440 4787 καὶ
1467 4711 1762 4805 δραστικω-
1797 4711 1838 4765 ο

1797 4711 1838 4765 D
1869 4742 2010 4794 vires
2041 4741 2181 4805 illas,
2213 4755 2331 4810 qum
2353 4758 2563 4796 sursum
2600 4751 2763 4810 agunt
2799 4743 2864 4796 ad
2896 4745 3067 4813 ipsum
3107 4746 3415 4812 exprimen—

210 4829 388 4900 τὲρων
414 4827 599 4897 ἀτμῶν
645 4826 875 4880 διάδοσιν
925 4826 1339 4898 ὲκκαλουμένας.
1397 4827 1458 4882 Ἠ
1489 4827 1593 4898 γὰρ
1627 4827 1764 4898 ὑπὲρ

212 4919 340 4974 νοῦν
363 4919 565 4990 εὐώδης
587 4919 740 4972 οὐσία
756 4919 888 4990 πρὸς
913 4918 1020 4973 τῶν
1040 4918 1311 4988 διαπύρων
1338 4920 1430 4972 καὶ
1455 4918 1764 4990 καθαρωτά-

208 5027 324 5065 των
368 5009 502 5064 νοῶν
547 5013 627 5076 είς
658 5011 913 5081 ἕκφανσιν
949 5011 1312 5065 ἀνακινεῖσθαι
1345 5011 1501 5083 φιλεῖ,
1546 5008 1763 5074 καὶτὰς

213 5103 495 5166 θειοτάτας
528 5103 695 5174 αὐτῆς
735 5102 1013 5168 ἐπιπνοίας
1048 5104 1104 5155 ἐν
1139 5102 1445 5167 πανολ6ίαις
1475 5103 1764 5155 διαδόσεσιν

210 5195 466 5264 δωρεῖται
487 5194 598 5256 τοῖς
630 5191 799 5256 οὕτως
821 5190 986 5263 αὐτὴν
1028 5191 1406 5263 ὐπερκοσμίως
1429 5193 1764 5262 ἐκκαλουμέ-

212 5302 348 5347 νοις.
391 5284 594 5338 Οὐκοῦν
634 5286 668 5356 ἠ
707 5283 948 5355 θειοτάτη
991 5283 1099 5338 τῶν
1143 5284 1542 5356 ὑπερουρανίων
1574 5284 1768 5337 οὐσιῶν

1869 4833 2018 4896 dum,
2050 4841 2102 4887 et
2133 4833 2199 4887 ad
2224 4833 2554 4889 eﬂicaciores
2592 4827 2814 4903 vapores
2840 4835 3238 4890 distribuendos
3277 4835 3414 4890 inci-

1873 4933 2003 4981 tant.
2064 4924 2271 4979 Etenim
2315 4925 2543 4978 essentia
2603 4925 2711 4989 illa,
2761 4923 2911 4992 cujus
2952 4923 3133 4979 odoris
3179 4926 3414 4980 suavitas

1871 5023 2100 5069 mentem
2137 5022 2372 5082 superat,
2397 5014 2464 5068 ab
2493 5014 2662 5083 igneis
2691 5013 3101 5084 purissimisque
3142 5014 3414 5068 mentibus

1872 5101 1937 5155 ad
1965 5099 2047 5153 sui
2077 5100 2563 5155 manifestalionem
2587 5101 2799 5154 invitari
2830 5112 2995 5165 amat,
3023 5101 3413 5157 divinissimas—

1870 5206 1974 5260 que
2003 5206 2128 5244 suas
2160 5191 2535 5259 inspirationes
2560 5190 2995 5246 lnculentissimis
3019 5191 3414 5246 distributioni-

1871 5285 1971 5339 bus
1999 5283 2300 5353 impertitur
2339 5285 2403 5338 iis
2460 5285 2549 5352 qui
2592 5284 2670 5338 sic
2716 5283 2860 5338 illam
2910 5283 3415 5354 supramundialiter

1499 5435 1725 5491 VARLE
1765 5431 2161 5492 LECTIONES.

306 5624 352 5656 ⁸⁸
374 5623 547 5678 scribe
581 5622 974 5695 ἱερογραφοῦσα
996 5657 1011 5686 ,
1041 5623 1112 5675 ita
1144 5620 1294 5675 Vien.
1349 5621 1408 5670 .¹⁶
1435 5619 1716 5689 πρόσωπα,
1744 5619 1801 5674 S.
1830 5619 1887 5673 P.
1924 5619 2023 5673 Ch.
2085 5620 2126 5651 ¹⁷
2156 5621 2428 5685 πέτανται,
2484 5621 2560 5676 Ch
2618 5622 2676 5676 D.
2716 5621 2773 5676 S.
2856 5624 2899 5654 ¹⁸
2971 5621 3031 5685 ’ς
3062 5628 3315 5694 νοήσεως,
3349 5623 3410 5676 D.

306 5693 580 5746 βγεταιμὸ.
656 5695 704 5725 ¹⁰
731 5691 1108 5746 κέκοαγεν.,υ.
1179 5693 1220 5723 ¹¹
1249 5691 1598 5746 ἐμφαπικὴν.
1673 5693 1717 5721 ²²
1743 5690 2064 5746 ἀεικίνητον.
2095 5688 2150 5743 S.
2187 5690 2246 5743 P.
2274 5692 2370 5746 Ch.
2451 5693 2494 5723 “
2541 5686 2688 5744 εἷπον
2711 5689 2825 5746 οὖν.
2869 5639 3080 5746 διῇξε.
3155 5693 3201 5727 ³⁵
3223 5693 3316 5744 τοῦ
3359 5691 3410 5746 δὲ

220 5697 263 5728 λ’
286 5693 580 5762 ἄγεταιηὸ.
632 5686 1108 5762 ’¹⁰’Ξιέιὲραγεν,,υ.
1179 5693 1220 5723 ¹¹
1249 5686 1598 5762 ὲμφαγτιόιὴν.
1673 5693 1721 5762 ’ἡ
1743 5690 2064 5762 ἀεικίνητον,
2095 5688 2150 5743 S.
2187 5690 2246 5743 P.
2274 5692 2370 5746 Ch.
2451 5693 2494 5723 “
2541 5686 2688 5744 εἷπον
2711 5689 2825 5760 οὖν,
2869 5691 2916 5747 Μ

708 5765 752 5794 ’⁵
781 5757 984 5832 (lovis:
1005 5762 1254 5832 δυνάμεις
1280 5757 1357 5823 εἰς
1391 5757 1642 5828 ἐκφανσιν
1668 5759 1852 5824 αὑτοῦ,
1871 5757 1948 5812 Μ(
1973 5757 2064 5815 Sc.

217 5764 381 5827 θείου,
419 5763 484 5817 Μ.
524 5763 609 5818 Sc.

3032 5709 3080 5746 c.
3143 5691 3316 5744 “toﬁ
3359 5691 3416 5748 ει
