4162 6304
810 369 912 424 487
1958 362 2012 416 S.
2052 356 2347 415 DIONYSII
2381 353 2832 415 AREOPAGITE
3911 365 4011 421 £88

881 488 1033 541 Parte
1083 500 1161 543 iii,
1260 487 1307 544 l,
1346 485 1434 536 tibi
1464 486 1575 537 ait:
1604 481 1820 535 Nullam
1852 484 2089 535 virtutem
2134 490 2317 553 agunt,
2351 482 2498 553 utrab
2550 482 2846 535 hominibus
2900 483 3194 553 videantur,
3225 476 3413 533 alludit
3452 480 3517 553 ad
3550 480 3961 553 illiiduMatthrei
3993 504 4005 537 :

810 558 1072 613 Attendite
1099 572 1160 607 ne
1182 550 1448 621 justitiam
1489 564 1711 607 vestram
1741 552 1950 618 faciatis
2004 567 2202 621 coramg
2228 550 2545 621 hominibus,
2593 561 2648 602 ut
2692 553 2970 604 videamini
3027 550 3088 602 ab
3119 552 3214 621 Acis
3254 558 3298 621 Ξ,
3324 561 3443 621 etc._
3481 550 3544 604 Et
3576 552 3640 603 ad
3666 550 3792 605 illud
3820 572 3832 603 :
3874 552 4007 606 0m-

809 630 897 682 nia
940 641 1058 677 vero
1111 618 1268 688 opera
1326 640 1421 676 sua
1472 624 1703 691 faciunt,
1754 632 1809 674 ut
1857 620 2130 691 videantur
2151 619 2213 670 ab
2265 620 2557 691 hominibus
2589 632 2653 691 α,
2690 622 2754 691 de
2782 620 2985 675 Scribis
3029 630 3081 672 et
3114 618 3401 691 Pharisasis
3432 619 4003 691 liypocritisiloquens.

809 697 921 750 Non
958 696 1025 746 ita
1059 693 1157 743 viri
1218 695 1412 755 sancti,
1463 688 1553 759 qui
1582 691 1678 743 soli
1725 692 1833 744 Deo
1861 690 2071 758 placere
2116 696 2386 759 satagunt,
2419 698 2470 741 et
2514 688 2822 743 hominibus
2852 692 3068 759 placere
3116 690 3327 750 nolunt,
3364 688 3516 759 juxta
3549 688 3678 743 illud
3734 690 3883 743 Pauli
3924 694 4009 743 di-

811 765 983 818 centis
1014 781 1027 815 :
1065 760 1192 814 Mihi
1226 772 1398 813 autem
1420 758 1511 827 pro
1544 762 1761 813 minimo
1790 774 1884 822 est,
1914 770 1969 812 ut
2000 776 2030 811 a
2062 760 2195 812 vobis
2212 758 2441 824 judicer,
2466 770 2555 811 aut
2586 762 2649 812 ab
2674 758 2901 814 liumano
2922 760 3005 811 die
3034 758 3096 822 b;
3130 771 3183 812 et
3211 759 3375 813 alibi:
3406 758 3467 812 Si
3505 759 3673 812 adhuc
3706 760 4007 814 hominibus

805 835 1083 900 placerem,
1118 847 1292 883 servus
1325 832 1511 882 Christi
1542 847 1641 883 non
1668 835 1834 883 essent
1865 840 1912 882 ε.

878 904 971 974 54.
1011 903 1243 974 Dicimus
1268 902 1429 974 igitur
1457 904 1705 974 unguenti
1738 899 2177 974 compositionem,
2219 897 2571 974 collecti-onem
2607 898 2887 974 quamdam
2906 915 3033 974 _esse
3065 899 3422 974 fragrantium
3467 900 3834 974 materiarum,
3893 906 4004 953 etc.

808 968 962 1028 Uiitlc
1000 982 1162 1040 patet,
1192 972 1426 1023 chrisma
1469 972 1581 1022 sive
1605 980 1930 1040 unguentum
1974 971 2072 1040 hoc
2105 983 2207 1040 non
2242 983 2361 1020 esse
2386 969 2636 1036 simplex,
2675 969 2767 1040 sed
2794 968 3205 1040 ceiifectuin__ex
3232 969 3469 1040 pluribus
3498 970 3674 1040 rebus,
3716 971 3904 1040 saltem
3937 988 4007 1025 ex

807 1042 975 1095 veteri
1001 1036 1275 1093 Ecclesiae
1320 1054 1477 1091 sensu
1503 1048 1555 1091 et
1602 1036 1721 1101 usu,
1765 1039 1839 1089 ttti
1890 1052 1951 1091 ex
1988 1039 2087 1089 hoc
2144 1038 2257 1089 loco
2312 1046 2473 1103 patet,
2522 1048 2575 1090 et
2618 1053 2684 1089 ex
2738 1037 3044 1091 Innocentio
3097 1037 3182 1099 Ill,
3240 1053 3357 1105 cap.
3419 1036 3731 1102 Pastoralis,
3779 1037 4003 1093 Extraii.

806 1111 882 1163 De
908 1126 1130 1162 sacram.
1165 1126 1265 1160 non
1306 1111 1557 1172 iterand.,
1578 1108 1662 1159 tibi
1687 1109 1919 1160 chrisma
1946 1108 2223 1175 distinguit
2249 1108 2316 1158 ab
2347 1107 2469 1158 oleo
2498 1106 2728 1174 simplici
2759 1107 3063 1162 benedicta.
3096 1108 3245 1161 Unde
3272 1104 3557 1175 colligitur,
3584 1106 3757 1162 fuisse
3782 1110 4004 1161 miswm

808 1180 1074 1240 balsamo,
1107 1181 1247 1244 quod
1271 1178 1532 1246 optimum
1564 1177 1781 1230 odorem
1810 1178 1996 1244 spirat.
2034 1174 2170 1227 Hinc
2206 1177 2700 1246 Cypriaiiiisrserm.
2754 1175 2830 1229 De
2865 1178 3104 1230 unctione
3151 1177 3466 1241 chrismatis,
3498 1177 3573 1229 ait
3610 1194 3623 1229 :
3668 1196 3687 1227 ι
3723 1178 3889 1230 Hodie
3953 1180 4006 1232 iii

808 1250 1045 1303 Ecclesia
1076 1264 1287 1299 sacrant
1308 1244 1553 1300 chrisma
1589 1248 1890 1308 coniicitur,
1922 1247 1971 1297 iii
1998 1260 2104 1312 quo
2133 1244 2348 1297 mistum
2376 1244 2496 1316 oleo
2519 1244 2817 1316 balsamum
2851 1246 3200 1300 sacerdotalis
3233 1255 3287 1299 et
3320 1248 3473 1312 regia:
3507 1248 3777 1316 dignitatis
3814 1250 4011 1315 expri-

809 1320 907 1371 mit
938 1319 1235 1379 unitatem;
1264 1336 1279 1365 ι
1314 1327 1366 1369 et
1398 1325 1617 1368 sanctus
1648 1316 1937 1383 Gregorius
1971 1330 2123 1382 papa,
2159 1330 2279 1383 cap.
2312 1331 2329 1368 ι
2358 1316 2410 1366 in
2458 1314 2676 1367 Cantica
2733 1316 2979 1368 meminit
3017 1317 3326 1368 chrismatis
3369 1332 3433 1369 ex
3472 1314 3591 1370 oleo
3640 1326 3692 1369 et
3737 1314 4000 1369 balsamo.

809 1388 999 1441 Docuit
1023 1395 1199 1439 autem
1237 1386 1536 1439 Ecclesiam
1584 1400 1732 1437 suam
1766 1390 1903 1437 hanc
1927 1386 2653 1455 chrismatisconiectionem
2685 1386 2735 1436 iii
2785 1386 2973 1437 ultimo
3020 1387 3109 1439 illo
3140 1400 3391 1440 sermone
3438 1402 3593 1455 quem
3626 1397 3748 1440 ante
3784 1401 4003 1439 cenam

809 1472 933 1511 cum
966 1458 1220 1523 apostolis
1249 1456 1433 1508 habuit
1464 1457 1730 1517 Christus,
1763 1457 1975 1521 quando
2004 1458 2166 1507 etiam
2199 1454 2346 1522 plura
2378 1455 2479 1505 alia
2532 1455 2597 1508 ad
2628 1470 2846 1507 suavem
2881 1455 3131 1508 Ecclesia:
3158 1470 3267 1509 sua:
3310 1454 3743 1523 gubernationem
3772 1456 3898 1507 fecit
3951 1466 4005 1508 et

801 1527 954 1607 dixit,
987 1527 1193 1579 etiamsi
1222 1541 1321 1578 non
1353 1528 1537 1607 omnia
1572 1525 1960 1607 inlparticulari
2016 1525 2361 1607 siiit'litteris‘
2407 1526 2821 1607 c0innieiitlata,_
2845 1526 2917 1576 uti
2945 1524 3001 1577 S.
3030 1524 3261 1605 Joannes
3289 1524 3633 1607 Evangelium
3691 1541 3832 1604 suuiii
3861 1541 4003 1607 colu-

802 1597 1019 1649 cludcns
1047 1605 1298 1658 testatur,
1335 1598 1517 1648 dicens
1562 1612 1574 1646 :
1625 1593 1754 1647 Sunt
1800 1606 1971 1646 autem
2015 1604 2061 1647 et
2094 1596 2203 1645 alia
2255 1594 2417 1645 multa
2454 1608 2569 1661 qua:
2624 1595 2751 1665 fecit
2790 1596 2989 1649 Jesus:
3024 1611 3140 1663 qua:
3190 1597 3234 1646 si
3273 1593 3569 1648 scribantur
3618 1611 3709 1665 per
3766 1595 3999 1662 singula,

802 1680 891 1717 nec
933 1668 1099 1731 ipsum
1133 1666 1359 1717 arbitror
1383 1664 1630 1716 mundum
1662 1680 1841 1729 capere
1877 1681 2022 1731 posse
2047 1680 2129 1716 eos
2158 1666 2245 1732 qui
2280 1664 2537 1716 scribendi
2588 1675 2708 1715 sunt
2737 1664 2897 1718 libros
2920 1665 2968 1718 ἀ.
3038 1666 3278 1717 Mauavit
3304 1665 3502 1733 itaque
3534 1664 3645 1718 haec
3694 1665 4004 1717 chrismatis

798 1736 1069 1788 confectio
1108 1752 1173 1787 ex
1213 1738 1509 1802 apostolica
1538 1736 1827 1788 traditione
1851 1735 2152 1802 Christique
2187 1734 2537 1798 institutione,
2582 1734 2661 1802 ad,
2689 1749 2844 1800 quem
2876 1736 3136 1802 spectavit
3166 1735 3445 1788 instituere
3470 1735 3770 1789 essentialia
3810 1750 4002 1787 sacra-

802 1816 1128 1858 mentorum.
1164 1801 1294 1857 Esse
1334 1815 1509 1857 autem
1542 1805 1787 1857 chrisma
1818 1801 2097 1855 materiam
2132 1802 2496 1856 essentialiter
2518 1801 2829 1869 requisitam
2862 1801 2927 1857 ad
2978 1814 3373 1858 sacramentum
3425 1807 3867 1863 continuationis.
3905 1807 4000 1856 de-

800 1875 987 1927 linitur
1020 1874 1070 1926 in
1104 1876 1332 1928 concilio
1359 1873 1677 1926 Florentino
1727 1886 1780 1925 et
1820 1871 2153 1926 Tridentiiio.
2204 1872 2352 1925 Unde
2399 1873 2525 1926 illud
2545 1882 2946 1942 sacramentum
2971 1890 3351 1942 nonnunquam
3412 1890 3442 1928 a
3498 1878 3723 1927 materia
3774 1884 4002 1927 vocatur

800 1946 1062 2005 chrisma,
1092 1948 1169 1997 vel
1198 1955 1594 1996 sacramentum
1618 1944 1927 1995 chrismatis
1947 1982 1961 2004 ,
1991 1946 2148 2010 idque
2195 1944 2261 1997 ab
2294 1942 2689 2009 antiquissimis
2714 1941 2981 1998 Patribus.

870 2013 1067 2067 Ibidem
1128 2014 1287 2081 paulo
1338 2014 1498 2080 inl‘ra,
1553 2012 1840 2082 Ungitenti,
1876 2014 2071 2080 inquit,
2116 2014 2329 2082 mystica
2386 2013 2696 2083 compositio
2754 2015 2904 2081 quasi
2975 2015 3030 2065 in
3079 2014 3394 2083 ﬁguratione
3454 2030 3625 2067 rerum
3683 2011 4000 2083 infigurabi-

798 2082 927 2136 lium
985 2087 1258 2150 ipsummet
1320 2084 1504 2135 Jesum
1569 2081 1716 2136 nobis
1780 2084 2047 2151 depingit,
2109 2081 2305 2150 utqui
2367 2082 2485 2134 Act.
2538 2098 2609 2143 ι,
2658 2081 2761 2146 58,
2821 2085 3016 2138 dicitur
3074 2081 3272 2138 a_Deo
3335 2086 3497 2138 luisse
3554 2094 3743 2137 unctus
3784 2081 4002 2148 Spiritu

800 2162 1004 2215 sancto.
1079 2153 1227 2207 Unde
1256 2156 1393 2220 apud
1445 2153 1844 2207 ecclesiasticos
1879 2163 2173 2221 scriptores
2222 2154 2403 2207 unctio
2444 2154 2718 2222 signilicat
2765 2154 3027 2222 Spiritum
3076 2166 3347 2220 sanctum,
3377 2156 3467 2224 qui
3496 2154 3721 2215 proinde
3740 2156 4002 2222 spiritalis

800 2234 981 2274 unctio
1010 2234 1367 2289 nuncupatur.

871 2290 1019 2361 διο.
1057 2292 1152 2345 Ubi
1186 2294 1298 2344 ait:
1338 2292 1417 2343 Ad
1457 2308 1658 2345 omnem
1714 2294 1787 2346 rei
1835 2309 2000 2346 sacrte
2050 2292 2492 2346 consecrationem
2561 2294 2736 2347 divino
2791 2298 2959 2347 utitur
3009 2306 3290 2364 unguento,
3358 2306 3482 2349 nota
3538 2294 3743 2347 varium
3775 2293 3905 2347 olim
3950 2304 4003 2347 et

797 2364 1244 2436 motiousitatum
1273 2364 1503 2436 ungendi
1531 2378 1713 2417 ritum.
1760 2367 1850 2436 ἔξίο
1876 2364 2047 2416 Exod.
2084 2379 2241 2436 uix,
2275 2366 2533 2431 prmcepit
2567 2366 2706 2418 Deus
2750 2376 2955 2418 certum
2990 2370 3205 2420 modum
3257 2367 3484 2436 ungendi
3519 2368 3870 2436 sacerdotes,
3910 2367 4001 2432 qui

798 2434 1098 2498 completus
1119 2432 1440 2484 describitur
1473 2448 1593 2503 cap.
1645 2450 1743 2486 v1ii
1774 2434 2023 2495 Levitici,
2059 2436 2143 2485 ubi
2176 2434 2383 2502 Moyses
2414 2436 2752 2487 consecravit
2784 2436 3078 2500 Aaronein,
3108 2432 3377 2491 fundendo
3403 2438 3453 2488 in
3499 2434 3640 2488 illum
3670 2445 4001 2502 unguentum

798 2509 939 2573 quod
964 2514 1079 2573 crat
1119 2504 1477 2568 compositum
1504 2520 1567 2556 ex
1606 2509 1842 2573 myrrha.
1878 2520 2236 2565 cinnamomo,
2266 2507 2438 2568 casia,
2477 2516 2530 2557 et
2552 2506 2669 2558 oleo
2692 2507 2978 2569 olivarum,
3014 2515 3069 2559 ut
3092 2518 3301 2560 constat
3325 2522 3389 2560 ex
3412 2506 3575 2559 Exod.
3611 2519 3737 2568 xxx,
3768 2520 3816 2557 γ.
3846 2506 3921 2557 ‘25
3952 2513 4004 2558 et

800 2570 889 2624 30.
940 2571 1139 2624 Eﬂusio
1172 2585 1373 2645 autem
1401 2570 1936 2642 uiigueiiti'odoril‘cri
1964 2576 2179 2642 propria
2210 2584 2327 2627 erat
2350 2576 2637 2645 poiitilicis,
2669 2578 2734 2629 ad
2764 2578 3121 2629 deuotaiidam
3154 2583 3339 2645 gratia:
3381 2576 3759 2645 plenitudinem
3785 2614 3801 2639 ,
3831 2578 4004 2642 Spiri-

799 2650 888 2715 tus
918 2652 971 2694 et
999 2647 1295 2715 potestatis?
1330 2643 1731 2696 abundantiam.
1759 2645 1887 2697 lteiii
1916 2646 2167 2697 monebat
2210 2647 2516 2712 pontillceui
2547 2644 2949 2711 iiiisericordite,
2984 2662 3136 2713 cuius
3158 2643 3456 2715 symbolum
3512 2655 3592 2698 est
3644 2647 3842 2705 oleum,
3874 2650 4003 2697 cha-

800 2714 999 2774 ritatis,
1034 2724 1192 2778 atque
1231 2714 1459 2785 aliarum
1493 2715 1779 2766 virtutum.
1828 2715 1921 2767 Sic
1938 2726 2000 2785 et
2029 2715 2078 2766 iii
2113 2730 2247 2767 nova
2268 2715 2405 2785 _lege
2453 2718 2686 2785 episcopi
2735 2717 2786 2768 in
2832 2731 2926 2769 sua
2951 2714 3357 2771 consecratione
3402 2725 3669 2785 unguntur
3705 2716 3757 2767 in
3801 2719 3999 2782 capite,

795 2788 1109 2855 sacerdotes
1141 2800 1193 2838 iu
1230 2784 1500 2849 inanibus,
1545 2793 1601 2838 ut
1630 2796 1777 2855 patet
1802 2799 1864 2839 et
1924 2783 2231 2851 Ponti/ictui
2255 2782 2518 2838 Romano.
2565 2782 2849 2855 Propheta).
2877 2802 3087 2855 quoque
3112 2797 3163 2840 et
3194 2803 3345 2855 reges
3387 2782 3508 2855 uagi
3541 2786 3735 2847 solent,
3769 2795 3828 2855 ut
3855 2796 4003 2851 patet

797 2852 1018 2928 lltlteg.
1049 2869 1159 2920 xix,
1186 2855 1267 2916 16,
1286 2866 1340 2928 et
1366 2857 1385 2909 Ι
1409 2859 1537 2923 Heg.
1565 2852 1789 2925 x,'quod
1824 2858 2121 2910 etiamnum
2147 2859 2197 2909 in
2236 2857 2462 2910 solemni
2485 2852 3045 2928 regum'corona'tiotie
3067 2852 3416 2922 observatur;
3451 2852 3503 2911 et
3520 2863 3665 2924 patet
3686 2871 3751 2909 ex
3779 2853 4000 2921 Pontiﬁ-

798 2924 899 2975 cali
944 2925 1201 2990 liomano,
1226 2927 1313 2978 ubi
1347 2929 1575 2981 lormula
1619 2924 1886 2981 unctionis
1924 2929 2319 2994 prtescribitur.

1782 3235 1944 3307 224
1979 3235 2453 3291 PABAI’HRASIS
2486 3237 2922 3295 PACHYMERIE
2963 3238 3096 3310 (25).

868 3430 905 3455 ι.
931 3395 1102 3451 Tanta
1140 3403 1264 3450 sunt
1299 3395 1603 3465 spectacula
1647 3396 1911 3464 spiritalia
1968 3413 2134 3452 sacrm
2181 3415 2343 3469 syna-
2373 3413 2416 3469 Α

2373 3413 2416 3469 Α
2520 3384 2560 3433 1.
2596 3382 2840 3435 Τοσαῦτα
2859 3381 2927 3436 τὰ
2970 3381 3133 3451 νοητὰ
3157 3382 3399 3453 θεάματα
3426 3380 3522 3453 τῆς
3556 3382 3702 3451 ἱερᾶς
3734 3383 3996 3447 σὐνὰξεώς

796 3508 945 3548 xeos.
1005 3489 1140 3545 Nota
1179 3505 1305 3544 vero
1330 3491 1469 3559 quod
1517 3492 1741 3559 syiiaxin
1776 3492 1942 3545 solam
1979 3501 2132 3546 voeet
2190 3493 2329 3545 litur-

797 3588 959 3655 giain,
991 3584 1283 3638 secundum
1313 3598 1471 3651 quam
1505 3582 1696 3636 divinis
1728 3584 1995 3651 mysteriis
2046 3583 2347 3637 communio

796 3684 921 3729 cant
941 3673 1027 3741 qui
1059 3674 1399 3743 suntdigiii;
1442 3688 1561 3725 nam
1616 3685 1668 3726 et
1721 3674 1846 3726 hinc
1897 3690 2093 3727 nomen
2124 3674 2344 3741 accipit,

797 3784 902 3823 non
947 3767 1087 3834 quod
1142 3767 1395 3836 populum
1455 3776 1762 3837 congregat,
1792 3776 1851 3819 ut
1887 3768 2082 3835 aliquis
2116 3768 2346 3837 putabit,

798 3860 890 3913 sed
920 3868 1140 3925 propter
1170 3858 1311 3911 illam
1336 3871 1457 3910 cum
1513 3872 1617 3911 uno
1668 3860 2121 3921 communionem,
2155 3872 2349 3912 secun-

764 3934 921 4001 'dum
976 3962 1133 4016 quam
1186 3948 1452 4001 Salvatori
1508 3948 1742 4012 Christo,
1794 3958 2048 4016 tanquam
2104 3950 2347 4002 membra

796 4041 981 4108 capiti,
1023 4051 1353 4107 ceaptamur.
1416 4040 1793 4093 Verumtamen
1844 4045 1926 4091 est
1970 4048 2025 4091 et
2091 4040 2235 4091 aliud
2274 4038 2346 4091 illi

798 4130 953 4182 aliine
978 4139 1374 4182 sacramentum
1408 4130 1660 4198 unguenti
1693 4148 1707 4185 :
1741 4145 1862 4182 nam
1896 4139 1947 4181 et
1988 4129 2088 4183 hoc
2134 4142 2347 4198 quoque

797 4224 976 4275 divina
1016 4222 1417 4274 consecratione
1444 4223 1755 4274 coniicitur.
1804 4219 1971 4289 lliijus
2009 4220 2192 4287 itaque
2222 4234 2346 4288 par-

797 4320 981 4377 tibus,
1033 4314 1327 4369 secundum
1388 4312 1629 4367 ordinem
1685 4313 1968 4381 cujusque,
2034 4319 2190 4379 prout
2258 4309 2339 4361 ni-

796 4411 990 4462 mirum
1042 4409 1153 4460 limc
1180 4414 1233 4461 et
1271 4405 1358 4459 illa
1422 4413 1578 4472 atque
1612 4403 1699 4457 illa
1771 4404 2053 4457 coniicitur
2101 4401 2255 4470 (quas
2297 4407 2349 4453 et

798 4500 1055 4564 imagines
1108 4495 1383 4564 appellat),
1418 4495 1757 4563 perspectis;
1792 4494 1871 4547 sic.
1930 4498 1996 4545 ad
2055 4490 2186 4544 illud
2232 4488 2348 4557 ejus

797 4604 981 4652 unum,
1015 4586 1224 4641 scilicet
1263 4585 1572 4639 iiiiellectile
1612 4601 1674 4640 ac
1710 4584 1973 4654 spiritale,
2030 4586 2341 4639 evohemur.

797 4675 1013 4729 Minime
1043 4688 1171 4727 vero
1191 4711 1206 4737 ,
1264 4674 1695 4743 quandoquidem
1725 4672 1966 4742 spiritale
2014 4671 2143 4725 illud
2176 4687 2339 4725 unum

2448 3475 2574 3526 εἱσι.
2630 3474 2935 3544 Σημεὶωσαι
2960 3474 3036 3538 δὲ,
3082 3476 3162 3527 ὅτι
3194 3473 3406 3538 σύναξιν
3438 3474 3603 3545 μόνην
3640 3474 3736 3545 τὴν
3764 3475 4001 3545 λειτουρ-

2447 3566 2567 3635 γίαν
2602 3570 2750 3637 φησὶ,
2784 3568 2900 3621 καθ’
2925 3568 2988 3638 ἢν
3011 3568 3117 3619 τῶν
3145 3567 3301 3619 θείων
3329 3568 3635 3638 μυστηρίων
3659 3566 4001 3618 κοινωνοῦσιν

2447 3660 2494 3708 οἱ
2526 3657 2697 3722 ἄξιοι·
2739 3660 2829 3710 ἐπὶ
2855 3659 3027 3728 τούτῳ
3058 3658 3163 3728 γὰρ
3197 3662 3287 3711 καὶ
3327 3658 3389 3710 τὸ
3423 3658 3590 3729 ὄνομα
3626 3657 3909 3727 λαμϐάνει,
3940 3659 3998 3708 οὐ

2445 3753 2531 3806 διὰ
2556 3754 2613 3805 τὺ
2643 3754 2959 3822 συνάγεσθαι
2993 3756 3081 3806 τὸν
3113 3754 3257 3817 λαὸν,
3293 3753 3467 3816 καθὼς
3504 3751 3705 3822 οἰηθείη
3737 3769 3841 3814 τις,
3870 3751 4003 3804 ἀλλὰ

2447 3844 2534 3895 διὰ
2561 3842 2657 3914 τὴν
2700 3843 2831 3913 πρὸς
2862 3844 2919 3895 τὸ
2969 3843 3023 3895 ἓν
3065 3842 3364 3906 κοινωνίαν,
3410 3842 3531 3894 καθ’
3572 3842 3635 3910 ἢν
3677 3839 3752 3908 τῷ
3792 3840 4001 3908 Σωτῆρι

2448 3934 2685 4005 Χριστῷ,
2738 3935 2811 3997 ὡς
2871 3934 3004 4005 μέλη
3036 3936 3124 4013 ,τῇ
3170 3933 3373 4003 κεφαλῇ
3419 3930 3777 4000 συναγόμεθα.
3846 3929 4002 3980 Ἀλλὰ

2449 4026 2592 4078 ἔστιν
2613 4028 2881 4097 όμοταγὴς
2918 4026 3175 4094 ταύτηςή
3214 4024 3304 4076 τοῦ
3363 4024 3532 4095 μύρου
3575 4022 3734 4091 ἑτέρα
3774 4020 3958 4087 τελετή
3984 4034 3997 4049 ο

2450 4121 2541 4172 καὶ
2576 4119 2710 4190 αὕτη
2766 4119 2872 4188 γὰρ
2916 4119 2971 4169 ἐν
3002 4120 3067 4187 τῇ
3118 4117 3235 4186 θείᾳ
3286 4115 3564 4187 ἱερουργίᾳ
3610 4113 3861 4165 τελεῖται.
3923 4107 4000 4160 Τὰ

2451 4212 2590 4282 μέρη
2615 4212 2790 4263 τοίνυν
2818 4210 2982 4279 αὐτῆς
2998 4211 3093 4279 τὴν
3120 4208 3238 4261 καθ’
3265 4208 3490 4259 ἕκαστον
3530 4204 3698 4269 τάξιν,
3732 4202 3847 4264 πῶς
3883 4200 3998 4251 τόδε

2448 4305 2643 4376 δηλαδὴ
2665 4303 2979 4374 πράττεται,
3007 4302 3099 4353 καὶ
3113 4300 3249 4361 τόδε,
3275 4302 3367 4352 καὶ
3391 4298 3507 4349 τόδε
3539 4296 3724 4366 (ταῦτα
3737 4294 3843 4365 γὰρ
3855 4292 4000 4359 λέγει

2449 4399 2541 4451 καὶ
2568 4394 2797 4465 εἰκόνας)
2822 4393 3304 4460 ὲπισκοπήσαντες,
3321 4389 3489 4450 οὕτως
3519 4388 3607 4439 ὲπί
3633 4386 3691 4437 τὸ
3720 4387 3777 4436 ἒν
3807 4384 3995 4452 αὐτῆς,

2446 4491 2589 4543 τοῦτ’
2620 4491 2733 4544 ἔστι
2755 4489 2814 4542 τὸ
2828 4488 3012 4557 νοητὸν
3038 4487 3129 4538 καὶ
3152 4481 3531 4552 πνευματικὸν,
3564 4476 3994 4548 ἀναχθησόμεθα.

2451 4584 2673 4653 Μήποτε
2719 4580 2793 4645 δὲ,
2840 4580 2959 4631 ἐπεὶ
2995 4579 3055 4630 τὸ
3102 4575 3287 4645 νοητὸν
3318 4576 3373 4627 ἒν
3407 4573 3572 4640 λέγει,
3604 4571 3700 4631 τὰς
3739 4569 3998 4639 αἰσθητὰς

2451 4675 2660 4737 εἰκόνας
2702 4671 2839 4744 μέρη
2883 4673 3043 4741 φησὶν
3085 4669 3158 4731 ὡς
3191 4666 3669 4737 αἰσθητικωτέρας,
3712 4661 3830 4714 καθ’
3862 4662 3925 4721 ἃς
3964 4663 3995 4729 ἡ

799 4777 977 4828 νοοειι,
1007 4766 1287 4820 sensibiles
1331 4766 1591 4835 imagines
1626 4765 1858 4833 appellat
1904 4774 2102 4832 partes,
2164 4771 2346 4855 utpote
2378 4802 2417 4855 Β

2378 4802 2417 4855 Β
2448 4766 2687 4837 ἡμετέρα
2731 4764 2927 4832 γνῶσις
2974 4760 3287 4831 μερίζεται,
3336 4758 3427 4809 καὶ
3468 4757 3525 4809 οὐ
3583 4754 3719 4824 μέρη
3760 4752 3828 4805 τὰ
3874 4750 3994 4803 καθ’

800 4860 1194 4921 sensibiliores,
1227 4858 1528 4911 secundum
1553 4872 1687 4925 quas
1718 4865 1899 4908 nostra
1932 4855 2167 4923 cognitio
2207 4854 2342 4909 divi-

799 4954 964 5014 ditur,
986 4961 1039 5003 et
1080 4966 1185 5003 non
1219 4959 1399 5019 partes
1426 4964 1545 5017 «tua:
1587 4948 1730 5002 circa
1759 4946 1966 5017 singula
2007 4952 2341 5000 sacramenta

798 5043 961 5109 ﬁunt,
990 5053 1047 5098 ut
1070 5056 1236 5113 supra
1259 5043 1587 5099 dicebamus.

1355 5150 1416 5207 ll.
1459 5150 1785 5224 Mysterium.

871 5271 1022 5326 Sicut
1063 5270 1372 5324 dicebamus
1418 5269 1471 5322 in
1519 5269 1707 5338 synaxi
1733 5309 1748 5333 ,
1786 5268 2090 5337 episcopum
2134 5280 2346 5321 onmem

802 5362 1106 5429 ecclesiam,
1153 5362 1219 5414 ab
1261 5362 1418 5415 altari
1464 5358 1766 5415 inchoando
1815 5369 1868 5412 et
1920 5359 1971 5411 in
2022 5357 2176 5410 altari
2202 5356 2343 5409 desi-

805 5455 1002 5520 uendo,
1032 5456 1335 5519 incensare,
1368 5463 1420 5507 et
1450 5453 1659 5506 cantica
1706 5452 2071 5518 lectionesque
2100 5445 2337 5510 recitari,

878 5622 903 5651 ⁸
936 5603 1126 5669 Matth.
1150 5628 1224 5682 vi,
1261 5610 1312 5664 l.
1387 5620 1412 5649 ι
1447 5608 1631 5664 Matth.
1666 5622 1823 5664 uiti.
1856 5605 1906 5659 5.
1999 5603 2026 5643 1'
2054 5599 2229 5658 [Ωον.
2255 5614 2327 5661 iv,
2357 5596 2390 5651 ’5

2451 4860 2653 4911 ἕκαστα.
2673 4859 2768 4929 τῆς
2806 4856 3045 4924 τελετῆς,
3082 4851 3260 4915 καθὼς
3299 4851 3553 4920 ἐλέγομεν
3584 4847 3851 4916 ἀνωτέρω.

3009 5146 3072 5194 ll.
3107 5144 3163 5194 Μ
3166 5139 3466 5200 υστιὶριον.

2523 5258 2718 5321 Καθὼς
2768 5256 3018 5325 ἐλέγομεν
3048 5254 3101 5306 ὲν
3131 5261 3198 5323 τῇ
3232 5251 3465 5315 συνάξει,
3506 5250 3585 5302 ὅτι
3614 5248 3781 5319 θυμιᾷ
3827 5250 3853 5301 ὁ
3882 5245 3993 5299 tn!-

2455 5369 2653 5413 σκοπος
2685 5352 2861 5403 πᾶσαν
2894 5348 2989 5418 τὴν
3060 5344 3380 5413 ἐκκλησίαν,
3431 5343 3536 5396 ἀπὸ
3564 5340 3654 5393 τοῦ
3709 5340 3992 5405 θυσιαστη-

2451 5441 2565 5511 ρίου
2589 5438 2882 5509 ἀρχόμενος
2925 5437 3016 5489 καὶ
3042 5434 3360 5505 καταλήγων
3387 5434 3465 5495 εἰς
3505 5432 3564 5485 τὸ
3600 5430 3992 5501 θυσιαστήριον,

2490 5606 2511 5635 ε
2544 5593 2661 5651 Gal.
2686 5613 2729 5662 ι,
2762 5593 2846 5649 l0.
2957 5592 2982 5631 ἀ
3012 5592 3163 5648 Joan.
3197 5608 3307 5659 ut,
3334 5591 3423 5645 35.

876 5771 989 5842 (ιε)
1024 5771 1151 5827 Vide
1172 5766 1385 5825 Scholia
1411 5764 1468 5821 5.
1498 5762 1710 5817 Maximi
1747 5773 1873 5817 tom.
1895 5759 1957 5825 ll,
1988 5772 2108 5826 cap.
2143 5754 2392 5812 dEccles.
2441 5756 2573 5807 Iiier.
