4162 6304
215 344 326 402 489

733 344 821 398 DE
855 342 1134 400 ECCLES.
1178 343 1576 409 ΠΙΕΒΛΠΟΗη
1612 347 1742 401 CAP

1861 347 1884 402 '.
1929 380 1994 388 —
2034 347 2380 406 PARAPHR.
2424 349 2888 409 PACHYMERJ‘I.

3350 359 3452 418 $90

214 461 279 516 αϊ
305 478 364 513 τε
414 458 568 530 ᾠδαὶ,
595 461 688 512 καὶ
719 461 773 512 αί
815 457 1166 527 ἀναγνώσεις,
1203 461 1298 516 καὶ
1325 463 1358 533 ή
1386 460 1494 513 τῶν
1518 478 1756 532 κατηχου

1890 476 1951 515 ac
1983 465 2398 518 catechumenos
2425 465 2648 530 dimitti,
2700 467 2890 523 eodem
2913 482 3131 539 quoque
3154 469 3240 525 hic
3292 474 3453 531 modo

219 551 397 623 μένων
452 550 712 612 ἀπόλυσις
760 550 987 618 γίνεται’
1029 548 1121 601 τὸν
1159 550 1318 603 αὐτὸν
1355 549 1551 619 τρόπον
1577 552 1669 603 καὶ
1699 552 1785 602 ὲν-

212 642 390 696 ταῦθα
419 642 486 695 τὰ
509 641 731 696 τοιαῦτα
762 641 1060 695 τελοῦνται.
1092 637 1244 704 Εἶτα,
1263 641 1324 694 τὸ
1351 641 1518 712 μύρον
1547 645 1574 695 ὁ
1605 644 1786 714 ίερόιρ⁴

210 752 318 806 χης
369 732 569 795 λαϐὼν,
606 734 878 803 ἐπιτίθησι
903 733 982 802 τῷ
1015 732 1142 804 θείῳ
1175 732 1566 804 θυσιαστηρίῳ,
1629 751 1785 804 περι-

211 825 626 896 κεκαλυμμένον
653 826 858 897 ῥιπίσιν
884 825 1066 891 ἁγίαις
1090 823 1165 888 ὡς
1191 824 1414 896 πτέρυξι
1441 825 1781 888 δυοκαίδεκα,

209 917 569 972 ἀναϐοώντων
595 919 811 971 πάντων
858 915 918 969 τὸ
955 917 1268 989 Ἀλληλούῖα
1301 916 1475 986 (τοῦτο
1501 917 1608 989 γὰρ
1634 916 1778 986 λέγει

212 1009 507 1080 μελῴδημα
534 1010 633 1080 τῆς
664 1010 720 1061 ὲν
743 1011 854 1071 τοῖς
880 1010 1185 1081 προφήταις
1209 1008 1490 1071 ἐπιπνοίας
1532 1008 1626 1079 τοῦ
1655 1025 1784 1061 παν-

208 1103 364 1171 αγίευ
419 1100 773 1172 Πνεύματος),
822 1102 915 1154 καὶ
953 1101 1352 1173 ἀποπληρώσας
1390 1104 1487 1174 τὴν
1513 1103 1600 1154 ἐπ’
1630 1101 1778 1171 αὐτῷ

205 1193 393 1263 εὐχὴν,
439 1193 634 1264 χρῆται
661 1192 846 1245 λοιπὸν
877 1191 1010 1264 πρὸς
1039 1194 1217 1247 πᾶσαν
1249 1193 1432 1262 σχεδὸν
1459 1194 1745 1265 ίεραρχικὴ

204 1285 452 1339 τελεσιου
461 1286 640 1354 ργίαν.

805 1403 894 1454 III.
935 1401 1172 1468 Θεωρία.

279 1512 383 1583 ςι.
433 1510 630 1574 Καθὼς
658 1513 750 1564 καὶ
804 1512 862 1563 έν
910 1514 1020 1576 τοῖς
1081 1512 1278 1583 προτοῦ
1331 1514 1634 1584 πεποίηκε,
1683 1515 1774 1566 καὶ

199 1603 420 1674 πρῶτον
484 1601 634 1670 ἔλεγε
695 1602 792 1673 τὴν
858 1604 1224 1675 εἰσαγωγικὴν
1293 1605 1581 1674 ἀναγωγὴν
1638 1602 1772 1672 πρὸς

194 1691 556 1761 ψυχαγωγίαν
581 1691 687 1744 τῶν
732 1691 807 1744 ἔτι
836 1693 1191 1764 τελουμένων,
1221 1695 1312 1746 καὶ
1359 1693 1431 1763 μὴ
1458 1693 1769 1764 δυναμένων

195 1784 335 1854 πρὸς
364 1782 696 1854 ὑψηλοτέραν
724 1782 1020 1854 ἀναχθῆναι
1044 1783 1274 1854 θεωρίαν
1297 1799 1309 1812 ·
1345 1783 1484 1835 οὕτω
1509 1786 1651 1835 ποιεῖ
1676 1785 1769 1836 καὶ
1799 1852 1806 1857 _

192 1872 451 1926 ἐνταῦθα.
488 1874 550 1925 Ἦ
573 1873 702 1941 γοῦν
727 1873 820 1926 τοῦ
840 1872 983 1926 θείου
1007 1874 1200 1945 μύρου,
1244 1876 1395 1945 φησὶ,
1415 1874 1772 1944 περικάλυψις

191 1964 339 2018 κατά
369 1965 657 2036 ἀναγωγὴν
684 1966 1072 2037 εἰσαγωγικὴν,
1105 1967 1297 2028 έκεῖνο,
1323 1962 1494 2036 οἶμαι,
1517 1966 1684 2036 δηλοῖ,
1712 1967 1772 2018 τὸ

191 2055 666 2125 περικεκαλύφθαι
687 2056 863 2107 πᾶσαν
887 2055 1028 2108 κατὰ
1047 2055 1170 2108 νοῦν
1190 2056 1387 2127 πρᾶξιν
1414 2057 1588 2129 εὐώδη
1610 2072 1622 2086 ⁶
1651 2057 1772 2127 ἥτις

183 2143 246 2195 δὲ
274 2145 307 2214 ἡ
337 2145 592 2214 ἀναγωγὴ
624 2145 987 2218 ὲγκελερεται,
1032 2146 1104 2216 μὴ
1141 2148 1467 2217 φαινομένας
1502 2147 1642 2217 ἔχειν
1679 2147 1771 2199 ἐπὶ

183 2234 317 2307 δόξῃ
346 2239 472 2306 κενῇ
505 2241 602 2300 τὰς
643 2237 837 2307 νοητὰς
867 2237 1094 2300 εὐωδίας
1113 2276 1126 2301 ,
1171 2240 1263 2292 καὶ
1289 2238 1649 2310 ἀφομοιώσεις
1675 2237 1767 2290 τοῦ

183 2328 425 2398 κρυφίου
452 2327 605 2380 Θεοῦ.
639 2329 928 2398 Ἀχραντοι
954 2332 1062 2400 γάρ
1094 2332 1228 2382 εἰσιν
1253 2330 1359 2382 ἀπὸ
1396 2330 1504 2381 τῶν
1542 2329 1635 2381 τοῦ
1672 2330 1766 2381 κό-

186 2432 353 2486 σμου,
379 2419 470 2469 καὶ
497 2417 676 2487 μόνοις
698 2420 809 2481 τοῖς
826 2422 1027 2490 νοεροῑς
1051 2420 1400 2488 ἐμφαίνονται
1426 2422 1480 2472 ai
1508 2419 1649 2472 θεῖαι
1675 2420 1768 2472 καὶ

182 2508 410 2571 εὐώδεις
440 2510 781 2580 εὐπρέπειαι,
802 2511 889 2561 καὶ
918 2510 1181 2578 ὁμοειδεῖς
1209 2511 1448 2564 θέλουσιν
1475 2511 1638 2581 ἔχειν,
1668 2512 1768 2563 οὐκ

182 2598 506 2670 ἀνθρώπους
535 2601 697 2671 σαρκὶ
727 2601 954 2664 ζῶντας,
983 2601 1119 2654 ἀλλά
1159 2601 1256 2665 τὰς
1281 2603 1338 2654 ὲν
1378 2602 1634 2672 κρυφίαις
1669 2601 1768 2670 ψυ-

184 2692 314 2759 χαῖς
352 2691 811 2762 ἀπαραφθάρτους
835 2693 1046 2756 είκὸνας
1066 2735 1080 2757 ,
1108 2694 1196 2747 ὅτε
1222 2694 1419 2766 δηλαδὴ
1453 2695 1512 2748 τὸ
1549 2696 1666 2748 κατ’
1692 2698 1768 2748 εί-

183 2780 321 2833 κόνα
365 2782 513 2852 μένει
556 2782 850 2855 ἀλώϐητον⁸
881 2785 942 2836 τὺ
979 2786 1087 2856 γάρ
1122 2785 1341 2856 ἄγαλμα
1373 2787 1475 2856 τῆς
1501 2785 1765 2849 θεοειδοῦς

179 2873 391 2943 ἀρετῆς
414 2876 513 2927 οὐκ
537 2875 710 2938 ἄλλως
735 2877 793 2928 τὶ
829 2877 1263 2948 ἀπαράγραπτον
1301 2878 1446 2944 ἔξει,
1487 2880 1534 2931 εί
1581 2879 1653 2949 μὴ
1704 2876 1761 2932 εὖ

184 2968 507 3037 μιμήσεται,
539 2969 630 3020 καὶ
660 2969 795 3038 πρὶς
818 2971 991 3022 ἐκεῖνο
1013 2971 1072 3023 τὸ
1097 2971 1282 3041 νοητὸν
1305 2973 1396 3023 καὶ
1420 2970 1616 3034 εὐῶδες
1642 2971 1764 3024 κάλ-

178 3057 276 3120 λος
301 3057 539 3110 τυπώσει
566 3058 744 3112 ἑαυτό.
779 3059 985 3130 ’Ὠσπερ
1010 3059 1116 3130 γὰρ
1143 3061 1234 3112 ἐπὶ
1256 3060 1363 3114 τῶν
1387 3061 1657 3132 αίσθητῶν
1685 3066 1763 3117 εί-

1900 554 2000 608 ista
2055 556 2185 609 fiunt
2261 557 2462 612 Deinde
2512 561 2751 627 pontifex
2781 563 3055 631 accipiens
3093 576 3449 635 unguentum,

1885 645 2110 714 imponit
2157 647 2285 700 illud
2339 649 2526 704 divino
2547 651 2728 717 altari,
2785 654 3064 709 duodecim
3122 657 3294 712 sacris
3350 659 3455 718 alis

1886 750 1978 788 seu
2013 739 2204 804 pennis
2255 739 2587 805 obvelatum,
2655 745 2906 798 omnibus
2952 746 3176 803 Alleluia
3234 749 3455 805 concla-

1887 830 2160 888 ulantibus
2187 832 2313 901 (hoc
2343 834 2488 887 enim
2517 845 2674 889 vocat
2698 837 2977 890 Canticum
3007 842 3176 894 sancti
3207 841 3449 911 Spiritus

1883 930 1937 976 et
1989 925 2344 992 aSpirationis
2397 929 3234 1003 pr0phetarum),completaque
3289 951 3450 1006 super

1883 1030 1948 1070 eo
1972 1017 2242 1084 oratione,
2273 1033 2457 1089 postea
2499 1025 2589 1079 illo
2618 1026 2787 1079 utitur
2813 1027 2878 1079 ad
2910 1043 3128 1083 omnem
3156 1045 3447 1099 propemo-

1883 1104 2008 1156 dum
2041 1105 2435 1164 hicrarchicam
2468 1111 2961 1170 consecrationem.

2410 1392 2494 1445 Ill.
2527 1396 2932 1466 Contemplatio.

1950 1499 1976 1571 §
2038 1501 2080 1553 I.
2123 1501 2585 1568 Quemadmodum
2639 1513 2802 1566 etiam
2853 1530 3007 1572 antea
3069 1523 3335 1594 faciebat,
3388 1541 3442 1586 et

1876 1595 2109 1692 primum
2170 1599 2509 1664 proponebat
2562 1603 3010 1664 iutroductoriam
3046 1629 3344 1690 anagogen,
3373 1627 3440 1678 ad

1877 1684 2269 1740 institutionem
2312 1703 2501 1743 eorum
2529 1693 2619 1758 qui
2679 1695 2856 1751 adhuc
2881 1684 3184 1772 initiantur,
3220 1684 3318 1764 nec
3370 1716 3437 1764 ad

1873 1773 2244 1830 sublimiorem
2284 1782 2801 1849 contemplationem
2838 1791 3032 1846 adduci
3083 1809 3329 1866 possunt,
3359 1805 3438 1857 sic.

1875 1863 2036 1919 ctiam
2072 1866 2157 1920 hic
2205 1868 2352 1922 facit.
2392 1870 2512 1924 Umc
2539 1874 2721 1942 igitur,
2757 1879 2951 1947 inquit,
2974 1883 3140 1940 divini
3174 1863 3436 1960 unguenti

1873 1956 2147 2011 obvelatio
2173 1963 2470 2015 secundum
2502 1981 2778 2035 anagogcn
2814 1956 3288 2047 introductoriani,
3318 1991 3436 2040 exi-

1874 2046 2056 2110 stimo,
2077 2048 2345 2117 significat
2367 2053 2692 2123 fragrantem
2725 2075 2939 2117 onmem
2968 2071 3253 2128 mentalem
3267 2046 3436 2132 actio-
3510 2077 3514 2080 ’

1872 2148 1993 2187 nem
2049 2136 2208 2208 225
2245 2153 2366 2194 esse
2408 2144 2796 2216 obvelaudam;
2837 2153 3100 2222 siquidem
3153 2161 3267 2218 haec
3309 2179 3437 2219 ana-

1871 2241 2005 2322 goge
2024 2226 2198 2294 jubet,
2239 2234 2465 2290 minime
2494 2240 2560 2290 ad
2596 2240 2808 2295 inanem
2853 2245 3076 2313 gloriam
3115 2267 3436 2322 apparentes

1871 2318 2068 2373 habere
2098 2321 2421 2390 fragrantias
2450 2329 2739 2395 spiritales,
2772 2345 2826 2387 et
2860 2338 3057 2394 occulti
3115 2318 3204 2397 Diei
3245 2345 3436 2402 simili-

1871 2411 2101 2464 tudines.
2136 2412 2293 2468 Purae
2324 2418 2469 2471 enim
2499 2430 2623 2474 sunt
2667 2438 2695 2475 a
2749 2427 2962 2492 saeculo,
3017 2433 3254 2504 solisque
3302 2439 3434 2492 viris

1868 2502 2204 2567 spiritalibus
2234 2519 2496 2576 apparent
2527 2512 2630 2567 illze
2664 2516 2858 2570 divinae
2892 2534 2954 2573 ac
3002 2502 3301 2595 fragrantes
3336 2546 3432 2588 ve-

1869 2603 2129 2658 nustates,
2165 2604 2220 2648 et
2264 2600 2543 2666 requirunt
2580 2604 2872 2662 unifortnes
2905 2611 3169 2682 homines,
3206 2634 3313 2675 non
3340 2626 3429 2692 qui

1867 2683 2163 2737 secundum
2212 2700 2434 2742 carnem
2484 2691 2689 2762 vivant,
2746 2701 2840 2751 sed
2897 2702 2984 2769 qui
3039 2704 3090 2758 in
3143 2683 3433 2767 reconditis

1866 2772 2063 2826 animis
2098 2775 2543 2846 incorruptibiles
2572 2797 2764 2852 gerant
2792 2788 3072 2859 imagines,
3111 2797 3238 2853 dum
3271 2803 3433 2857 nimi-

1867 2877 1982 2914 rum
2008 2863 2060 2916 id
2085 2865 2222 2933 quod
2253 2867 2542 2939 imaginem
2579 2874 2668 2928 Dei
2699 2877 2862 2933 refert
2905 2896 3087 2939 manet
3122 2888 3432 2947 immacula-

1867 2958 2013 3015 tum;
2052 2967 2172 3005 nam
2213 2960 2428 3012 virtutis
2484 2961 2766 3019 deiformis
2800 2969 3149 3029 sitnulacrutn
3185 2977 3310 3035 illud
3346 2984 3429 3037 in.

1863 3039 2337 3132 circumscriptum
2385 3065 2488 3103 non
2521 3054 2680 3109 aliter
2726 3058 2964 3125 habebit,
3006 3067 3108 3121 nisi
3150 3068 3288 3126 idem
3327 3075 3431 3132 rite

178 3148 377 3210 κόνων,
418 3151 464 3201 εί
501 3149 636 3219 πρὸς
658 3149 717 3201 τὸ
744 3126 1047 3220 ἀρχέτυπον
1076 3126 1267 3213 κάλλος
1289 3151 1317 3202 ὁ
1340 3126 1585 3220 γραφεύς
1607 3151 1760 3206 ἀκλι-

1867 3126 2029 3220 fuerit
2084 3133 2363 3202 imitatus.
2415 3151 2473 3196 et
2523 3145 2588 3200 ad
2637 3148 2805 3216 ipsum
2844 3153 3135 3220 spiritalem
3181 3126 3429 3219 suam—ei

177 3239 290 3301 νῶς
320 3240 498 3310 ἀφορᾷ
526 3240 599 3309 μὴ
627 3237 1039 3309 περισπώμενος
1066 3238 1215 3292 ἔνθεν
1241 3241 1511 3304 κάκεῖθεν,
1542 3239 1762 3312 ἐξακρι-

177 3330 339 3384 ϐἀσει
353 3330 413 3383 τὸ
442 3331 499 3399 μί
507 3349 577 3402 μη
588 3348 662 3399 μα
685 3330 861 3401 (τοῦτο
875 3332 982 3401 γάρ
999 3334 1112 3384 ἐστι
1123 3331 1183 3383 τὸ
1197 3331 1595 3385 διπλασιάσει·
1612 3333 1765 3403 ποιή-

178 3436 267 3472 σει
292 3418 400 3488 γὰρ
425 3421 517 3473 καὶ
539 3420 664 3474 ἄλλο
686 3414 794 3473 οἷον
822 3421 1018 3482 ἐκεῖνο,
1047 3419 1182 3489 πλήν
1208 3419 1301 3471 τοῦ
1323 3419 1421 3489 τῆς
1440 3419 1628 3481 οὐσίας
1647 3418 1762 3471 διαί

177 3511 374 3582 φόρου,
392 3511 452 3564 τὸ
475 3511 574 3580 μὲν
595 3512 701 3581 γάρ
715 3511 964 3578 ἀληθινὸν
986 3511 1244 3580 ἔμπνουν,
1271 3510 1332 3562 τὸ
1355 3511 1412 3563 δὲ
1436 3509 1530 3563 τοῦ
1555 3509 1762 3581 ζωγρά-

175 3619 282 3670 φου
312 3601 511 3672 ἔργον)·
531 3601 671 3655 οὕτω
698 3603 790 3653 καὶ
813 3605 924 3664 τοῖς
944 3599 1213 3671 γραφεῦσι
1234 3604 1344 3663 τοῖς
1371 3603 1759 3671 πνευματικοῖς

175 3696 214 3764 ἡ
244 3694 382 3764 πρὸς
406 3695 467 3747 τὸ
498 3693 803 3764 ἀρχέτυπον
827 3694 921 3744 καὶ
943 3692 1140 3755 εὐῶδες
1164 3691 1355 3754 κάλλος
1377 3691 1602 3761 ἀκλινὴς
1626 3690 1759 3743 θεω-

179 3785 275 3855 ρία
300 3785 359 3836 τὸ
382 3784 618 3846 ἀπλανὲς
637 3784 941 3854 δωρήσεται
962 3781 1209 3852 ίνδαλμα.
1236 3781 1431 3844 Καλῶς
1449 3777 1540 3834 οὖν
1556 3783 1603 3834 oi
1622 3781 1757 3832 ὅσιοι

175 3877 446 3944 γραφεῖς,
489 3874 950 3946 ἀμεταστρέπτως
993 3873 1380 3936 εἰδοποιοῦντες
1415 3873 1475 3925 τὸ
1519 3871 1670 3934 ἴδιον,
1696 3874 1757 3925 τὺ

175 3967 382 4038 νοερὸν,
400 3969 457 4020 οὐ
478 3967 819 4038 φροντίσουσι
833 3965 931 4034 τῆς
955 3963 1056 4026 ἔξω
1081 3982 1144 4016 πε
1153 3965 1544 4034 ριπλανήσεως.
1564 3960 1754 4026 "E506-

176 4085 230 4119 σι
257 4065 386 4133 γοῦν
413 4065 474 4118 τὸ
513 4066 650 4118 θεῖον
682 4063 848 4135 μύρον
875 4061 1409 4134 περικεκαλυμμένον
1436 4061 1511 4123 ὡς
1550 4059 1751 4120 εἰκόνα,

173 4161 316 4232 πρὸς
341 4161 436 4223 τὰς
462 4162 557 4230 τῆς
591 4155 914 4228 Ἐκκλησίας
953 4155 1241 4219 διατάξεις,
1283 4155 1372 4207 ἐπὶ
1398 4152 1458 4205 τὸ
1498 4153 1572 4224 μὴ
1616 4171 1752 4224 πομο

176 4253 365 4307 πεύειν
393 4255 536 4307 ἅπαν
561 4250 761 4319 ἀγαθὸν
803 4249 958 4320 ἔργον
1000 4251 1079 4310 εἰς
1119 4247 1280 4317 κενὴν
1321 4245 1426 4298 τῶν
1453 4244 1752 4315 ἀνθρώπων

171 4345 353 4410 δόξων
383 4343 461 4396 διὸ
486 4344 580 4396 καὶ
606 4342 780 4403 αὐτοὶ,
807 4339 867 4392 τὸ
904 4342 1022 4392 κατ’
1065 4337 1264 4408 ἀρετὴν
1306 4337 1457 4408 ἱερὸν·
1488 4334 1618 4389 εἴσω
1657 4335 1750 4387 τοῦ

171 4435 298 4497 νοὸς
323 4432 818 4504 περικαλύπτοντες
842 4430 981 4483 κατά
1005 4431 1066 4482 τὸ
1101 4429 1509 4498 κεκαλυμμένον
1542 4425 1612 4497 μῦ
1619 4444 1711 4497 ρον
1732 4467 1745 4488 ,

178 4530 315 4600 πρὸς
344 4529 508 4598 μόνην
536 4526 750 4596 ἐκείνην
775 4525 872 4596 τὴν
914 4523 1216 4594 ἀρχέτυπον
1241 4520 1601 4579 ἀποϐλέπουσι
1626 4520 1747 4590 νόη-

180 4638 291 4673 σιν.
312 4620 447 4674 Οὐδὲ
473 4619 578 4688 γὰρ
603 4617 820 4671 ἀθέατοι
849 4617 1005 4685 μόνον
1029 4613 1133 4666 είσὶ
1157 4617 1266 4676 τοῖς
1295 4612 1523 4675 πολλοῖς,
1543 4611 1636 4674 οὓς
1657 4613 1747 4663 καὶ⁴

178 4711 462 4782 ἀνομοίους
503 4710 668 4777 λέγει’
714 4711 760 4760 οί
787 4707 893 4778 γὰρ
920 4707 1112 4775 ὅμοιοι,
1146 4703 1391 4774 ἀλλήλοις
1414 4703 1513 4772 τῆς
1548 4702 1745 4772 ἀρετῆς

177 4803 585 4872 κοινωνήσουσι,
609 4801 700 4853 καὶ
726 4800 787 4852 οὐ
817 4798 1169 4867 βλαϐήσονται
1197 4797 1322 4865 παρ’
1347 4794 1605 4864 ἀλλήλωνσ
1634 4793 1748 4862 ἆμα

177 4897 283 4967 γὰρ
313 4897 405 4948 καὶ
433 4893 728 4963 ἀμφότεροι
763 4892 860 4962 τὴν
888 4891 1038 4944 Θείαν
1074 4887 1321 4940 διώκουσι
1354 4887 1530 4952 δόξαν,
1559 4886 1650 4938 καὶ
1685 4886 1744 4936 οὐ

176 4986 271 5056 τὴν
297 4986 405 5037 τῶν
440 4983 759 5056 ἀνθρώπων.
787 4983 857 5035 Οὐ
888 4981 1062 5033 τοίνυν
1089 4978 1303 5032 ἀθέατοι
1331 4977 1487 5046 μόνον
1512 4978 1616 5028 εἰσι
1636 4978 1746 5037 τοῖς

179 5079 410 5141 πολλοῖς,
429 5077 540 5130 ἀλλ’
559 5076 663 5128 οὐδ’
683 5076 833 5127 αὐτοὶ
854 5068 994 5128 οῦτοι
1016 5069 1234 5142 ζητοῦσι
1259 5069 1472 5139 βλέπειν
1489 5068 1743 5130 ἐκείνους,

177 5171 274 5240 οὑχ
299 5171 380 5222 ὅτι
420 5170 492 5239 μή
521 5166 866 5239 προνοοῦντες
891 5162 1131 5222 ἐκείνων,
1163 5161 1274 5214 ἀλλ’
1301 5163 1381 5214 ὅτι
1429 5161 1500 5230 μὴ
1529 5158 1746 5229 ζητοῦν·

175 5279 264 5323 τες
292 5264 420 5332 παρ’
440 5258 658 5312 ἐκείνων
684 5256 1047 5328 ὠφεληθῆναι·
1077 5253 1196 5307 ὅθεν
1221 5250 1521 5313 ἀκολούθως
1549 5253 1612 5319 τῇ
1643 5251 1746 5320 ἰδίᾳ

177 5351 285 5417 list
317 5351 416 5404 οὐκ
443 5349 605 5419 ἐρῶσι
629 5346 734 5399 τῶν
755 5347 1068 5402 δοκούντων,
1114 5342 1246 5395 ἀλλά
1269 5341 1375 5393 τῶν
1410 5341 1575 5392 ὅντων
1605 5339 1745 5406 (ἐπεὶ

176 5444 284 5514 γὰρ
304 5442 412 5494 τῶν
438 5441 607 5495 ἄλλων
628 5439 939 5497 διίστανται,
967 5437 1082 5500 πῶς
1125 5436 1414 5506 ζητήσουσι
1450 5432 1509 5484 τὸ
1549 5430 1741 5493 δοκεῖν,

179 5535 254 5605 μὴ
277 5533 444 5586 ὄντων
469 5530 577 5583 τῶν
596 5527 892 5582 δοκούντων
918 5526 1202 5598 μηδόλως;)
1230 5522 1363 5576 ἀλλά
1385 5523 1442 5574 τὸ
1470 5520 1627 5574 καλὸν
1652 5522 1744 5572 καὶ

174 5627 235 5679 τὺ
261 5625 334 5695 μὴ
358 5624 442 5691 ἐφ’
469 5620 679 5674 ἑαυτοῦ·
711 5621 802 5673 καὶ
826 5619 1004 5681 καθὼς
1042 5618 1154 5689 ἔχει
1197 5615 1406 5685 φύσεως
1449 5612 1741 5684 κρίνοντες,

173 5716 462 5786 ἀγάλματα
485 5713 582 5782 τῆς
621 5711 770 5772 θείας
810 5706 1033 5771 εὐωδίας
1070 5707 1226 5768 εἰσὶν,
1263 5707 1426 5776 ἤγουν
1461 5700 1623 5756 αὐτοῦ
1651 5701 1743 5753 τοῦ

169 5808 328 5872 Θεοῦ,
355 5807 415 5870 ὃς
435 5805 498 5874 δὴ
523 5803 582 5856 τὸ
608 5801 767 5856 καλὸν
794 5802 875 5868 ἐφ’
899 5799 1089 5852 ἑαυτοῦ
1107 5798 1293 5859 ποιῶν,
1321 5799 1395 5858 εἰς
1420 5797 1622 5857 πάντας
1646 5796 1743 5848 οὐκ

548 5897 814 5955 Ριτιιοι..
853 5893 968 5951 (in.
1023 5891 1127 5951 lll.

1869 3216 2196 3290 fragrantem
2242 3227 2699 3294 pulchritudinem
2730 3216 3047 3297 ell’orinarit.
3096 3245 3248 3302 Sicut
3283 3216 3425 3306 enini

1866 3307 1917 3362 in
1964 3315 2252 3404 sensilibus
2303 3317 2646 3391 imaginibus,
2701 3327 2745 3380 si
2801 3329 2972 3396 pictor
3007 3334 3074 3388 ad
3115 3339 3424 3404 primzevant

1862 3401 2093 3468 Speciem
2134 3415 2445 3463 constanter
2475 3410 2738 3477 intendat,
2767 3401 3126 3488 nequaquam-
3147 3428 3272 3484 hinc
3304 3435 3428 3486 inde

1863 3491 2196 3559 distractus,
2250 3509 2504 3555 accurate
2556 3509 2828 3572 exprimet
2885 3512 2934 3564 id
2991 3517 3132 3583 quod
3188 3519 3428 3578 imitatur

1862 3581 1990 3649 (hoc
2043 3587 2185 3640 enim
2229 3601 2310 3644 est
2363 3593 2490 3646 illttd
2539 3598 2842 3664 replicabit;
2897 3581 3020 3658 nam
3075 3605 3233 3664 faciet
3282 3614 3424 3670 aliut

1859 3680 1999 3732 sicut
2043 3681 2172 3735 illud
2212 3685 2346 3736 citra
2387 3685 2703 3743 substantiae
2741 3692 3124 3765 dilIerentiam;
3158 3703 3421 3770 siquidem

1861 3767 1914 3820 id
1965 3785 2094 3824 vere
2135 3781 2219 3825 est
2271 3775 2600 3844 animatum,
2637 3781 2738 3834 hoc
2776 3797 2902 3838 vero
2943 3802 3077 3855 opus
3130 3792 3194 3843 ad
3223 3767 3420 3850 “vivum

1855 3865 2228 3932 expressum);
2278 3869 2355 3920 sic
2408 3870 2570 3923 etiam
2609 3873 2908 3940 pictoribus
2945 3881 3297 3950 spiritalibus,
3335 3903 3421 3939 ar-

1857 3952 2071 4023 chetypi
2114 3965 2168 4008 et
2197 3959 2553 4014 suaveolentis
2582 3963 2999 4031 pulchritudinis
3041 3971 3248 4028 intenta
3288 3995 3417 4032 cou—

1855 4057 2112 4115 stansque
2172 4054 2558 4120 contemplatio
2609 4057 2856 4114 conferet
2931 4063 3034 4118 illis
3087 4068 3416 4130 infallibilem

1854 4140 2287 4196 similitudinem.
2345 4143 2508 4200 Recte
2563 4149 2726 4218 igitur
2781 4154 3013 4221 pictores
3057 4162 3253 4226 sancti,
3293 4167 3416 4220 dum

1854 4231 2140 4301 imaginem
2170 4248 2319 4288 suam
2356 4237 2654 4305 spiritalem
2681 4256 2784 4296 non
2813 4255 3116 4302 retroversa
3159 4251 3296 4308 facie
3326 4273 3419 4310 ex-

1851 4323 2109 4389 primunt,
2135 4335 2448 4380 extraneam
2479 4331 2846 4401 deceptiouem
2873 4336 3094 4394 minime
3119 4347 3413 4402 attendent.

1855 4413 2098 4466 Divinum
2159 4417 2337 4485 itaque
2389 4433 2719 4488 unguentum
2774 4425 3081 4482 obvelatum
3143 4433 3416 4491 habebant

1776 4498 1826 4555 Β
1855 4514 2106 4573 tauquam
2153 4510 2438 4579 imaginem
2476 4512 2725 4567 ordinum
2780 4517 3288 4588 ecclesiasticarum,
3347 4545 3413 4581 ne

1850 4608 2012 4651 omne
2053 4611 2188 4665 opus
2229 4599 2429 4654 bonum
2483 4602 2550 4654 ad
2595 4602 2807 4657 inanem
2857 4607 3130 4663 hominum
3187 4614 3410 4680 gloriam

1850 4697 2156 4756 ostentent;
2196 4701 2359 4760 atque
2409 4694 2528 4748 ideo
2560 4696 2822 4766 quidquid
2864 4700 2916 4755 in
2965 4702 3165 4758 virtute
3197 4722 3410 4767 sacrum

1849 4791 1934 4833 est
1983 4781 2121 4836 intra
2186 4793 2417 4839 mentem
2473 4786 2851 4853 recondentes,
2899 4789 3052 4857 juxta
3095 4809 3408 4865 coopertum

1851 4887 2184 4944 unguentum
2229 4880 2296 4930 ad
2345 4880 2658 4945 prinuevam
2703 4885 2964 4938 duntaxat
3007 4885 3408 4959 intelligentiam

1852 4966 2183 5021 intueantur.
2229 4968 2411 5037 Neque
2432 4971 2575 5023 enim
2608 4973 3017 5042 inaspectabiles
3059 4987 3259 5032 tantum
3289 4993 3408 5036 sunt

1849 5061 2207 5127 multitudini,
2239 5080 2399 5132 quam
2443 5076 2498 5119 et
2543 5067 2856 5132 inaequalem
2892 5079 3046 5124 vocat
3075 5087 3137 5126 ac
3174 5073 3409 5129 dissitnio

1849 5150 1950 5205 lem
1989 5171 2003 5205 :
2044 5170 2167 5208 nam
2199 5156 2288 5223 qui
2327 5155 2561 5226 aequales
2594 5166 2741 5221 sunt,
2785 5157 3036 5214 virtutem
3081 5163 3181 5217 sibi
3229 5176 3410 5221 mutuo

1849 5246 2345 5308 communicabuut,
2387 5261 2557 5314 neque
2600 5248 2698 5300 sibi
2733 5258 2918 5301 mutuo
2959 5252 3246 5319 nocebunt,
3277 5271 3409 5325 quo-

1850 5338 1995 5390 niam
2057 5336 2272 5405 utrique
2317 5337 2552 5391 divinam
2598 5338 2820 5406 gloriam
2869 5350 3164 5404 sectantur,
3210 5355 3263 5398 et
3303 5364 3405 5400 non

1849 5429 2150 5482 hominum.
2180 5426 2296 5481 Non
2327 5429 2508 5492 itaque
2537 5427 2793 5482 duntaxat
2832 5429 3240 5498 inaspectabiles
3284 5448 3409 5490 sunt

1849 5520 2202 5583 multitudini,
2254 5519 2346 5574 sed
2377 5535 2443 5573 ne
2477 5518 2526 5570 hi
2562 5517 2658 5588 ipsi
2697 5520 2911 5587 quidem
2960 5521 3075 5574 illos
3107 5525 3286 5578 videre
3316 5543 3409 5579 vo-

1848 5611 1982 5670 lunt.
2016 5624 2118 5662 non
2160 5609 2301 5677 quod
2351 5609 2456 5663 illis
2489 5625 2591 5663 non
2641 5610 2941 5674 consulam,
2986 5612 3079 5665 sed
3122 5612 3262 5680 quod
3312 5630 3410 5667 no-

1847 5699 1946 5761 lint
1987 5701 2054 5753 ab
2087 5699 2191 5752 illis
2239 5700 2656 5753 emolumentum
2691 5699 2906 5768 aliquod
2948 5701 3226 5768 accipere;
3269 5703 3408 5756 unde

1846 5802 2240 5859 consequenter
2277 5806 2341 5843 t‘x
2400 5805 2458 5844 se
2511 5805 2615 5844 non
2662 5800 2846 5844 amant
2875 5803 2936 5842 ra
2967 5805 3086 5851 num
3114 5801 3406 5859 apparent.

2992 5880 3063 5944 ιο
