4172 6304
205 432 297 485 501
1263 429 1348 483 DF.
1383 427 1658 485 ECCLES.
1699 427 2092 493 lliEliAliCll.,
2127 428 2279 484 CAP.
2319 429 2374 484 Υ.

3342 425 3443 480 502

200 547 258 600 ὲν
305 547 423 607 ταῖς
472 544 570 616 ήδη
617 546 742 616 παρ’
787 544 942 616 ἡμῶν
971 545 1306 616 ὑμνημέναις
1337 546 1659 617 ίεραρχίαις,
1698 547 1770 608 ὡς

1880 551 2051 602 mnnis
2107 550 2434 607 trierarcliiac
2492 549 2812 602 divisionem
2864 547 2915 599 in
2958 542 3282 600 hicrarcbiis
3333 541 3396 594 iis
3427 583 3440 603 ,

200 635 372 709 οἶμαι,
417 636 593 700 καλῶς
634 636 959 707 ὲξεθέμεθα,
1002 638 1268 707 φήσαντες
1307 637 1382 701 ὡς
1422 638 1600 708 ήκαθ⁸
1630 640 1772 707 ἡμᾶς

205 731 324 803 ιερὰ
351 732 646 802 παράδοσις
674 729 785 799 ἔχει
822 731 1000 782 πᾶσαν
1041 729 1356 800 ίεραρχικὴν
1398 729 1775 800 πραγματείαν

201 828 284 884 εἰς
318 821 417 884 τὰς
459 820 738 883 θειοτάτας
768 819 810 851 ⁸⁸
851 820 1068 883 τελετὰς
1113 819 1458 890 διαιρεῖσθαι,
1511 823 1602 874 καὶ
1648 824 1774 885 τοὺς

200 911 415 976 ἐνθέους
442 910 618 964 αὐτῶν
644 911 1006 982 ἐπιστήμονας
1032 911 1124 965 καὶ
1153 910 1382 982 μύστας,
1413 911 1506 963 καὶ
1531 912 1653 974 τοὺς
1682 915 1773 965 ὑπ’

200 1001 378 1053 αὐτῶν
410 999 569 1071 ίερῶς
599 1001 966 1072 τελουμένους.

1880 656 2014 707 quas
2040 645 2246 709 pridem
2292 641 2707 700 celebravimus.
2740 653 2978 708 congrue
3008 636 3165 698 satis,
3198 633 3271 686 uti
3301 647 3442 698 reor,

1879 735 2248 801 exposu'nuns.
2287 749 2408 788 cum
2453 733 2691 787 diximus
2741 730 3131 784 bicrarcbicam
3179 726 3441 780 rationem

1879 838 2092 879 omnem
2129 828 2180 880 in
2231 827 2410 880 divina
2446 822 2699 894 mysteria
2744 837 2836 876 seu
2882 834 3038 873 sacra
3087 816 3274 881 dividi,
3307 818 3442 871 etin

1879 928 1972 969 80$
2015 917 2102 984 qui
2146 930 2208 969 ea
2242 926 2426 968 tenent
2464 913 2860 978 cnuntiantque
2886 908 3025 970 aliis,
3057 919 3222 976 atque
3270 908 3319 960 in
3351 925 3442 960 eos

1882 1008 1970 1074 qui
2007 1009 2072 1061 ab
2109 1007 2216 1060 illis
2249 1006 2551 1059 initiantur.

1762 1187 1787 1254 ς
1828 1182 1903 1240 ιι.

269 1342 480 1396 Οὐκοῦν
524 1345 557 1415 ή
598 1345 694 1415 μὲν
730 1343 1005 1414 ἀγιωτάτη
1036 1343 1078 1374 ⁵⁸
1103 1344 1207 1397 τῶν
1251 1346 1655 1417 ὑπερουρανίων
1682 1346 1772 1398 οὐ·-

203 1436 333 1488 σιῶν
385 1436 632 1506 ἱεραρχία
673 1434 892 1506 τελετὴν
939 1437 1034 1506 μὲν
1079 1435 1190 1506 ἔχει
1235 1438 1332 1508 τὴν
1371 1440 1510 1493 κατὰ
1547 1439 1773 1510 δύναμιν

199 1525 406 1580 οἰκείαν
433 1525 566 1579 Θεοῦ
612 1527 704 1578 καὶ
742 1526 850 1578 τῶν
886 1526 1042 1579 θείων
1107 1527 1402 1600 ἀῦλοτάτην
1452 1531 1654 1600 νόησιν,
1683 1531 1776 1584 καὶ

199 1621 296 1690 τήν
328 1619 423 1672 τοῦ
449 1619 710 1682 θεοειδοῦς
733 1619 1024 1691 ὁλόκληρον
1053 1623 1143 1674 καὶ
1167 1623 1266 1684 εἰς,
1291 1624 1364 1687 ὡς
1389 1624 1626 1692 ἐφικτὸν,
1657 1623 1777 1676 θεο-

204 1711 442 1782 μίμητον
487 1711 618 1776 ’ἐξιν-
670 1713 1036 1780 φωταγωγοὺς
1080 1712 1136 1765 δέ
1184 1715 1277 1766 καὶ
1325 1713 1460 1784 πρὸς
1484 1715 1583 1786 τὴν
1629 1715 1778 1786 ἱερὰν

199 1800 404 1872 ταύτην
443 1802 716 1854 τελείωσιν
751 1803 1055 1873 ἡγεμόνας,
1097 1803 1192 1867 τὰς
1239 1805 1367 1874 περὶ
1411 1804 1542 1857 Θεὸν
1569 1807 1772 1874 πρωτί-

1943 1343 2124 1414 Itaque
2155 1347 2511 1401 sanctissimae
2560 1345 2777 1413 quidem
2829 1344 3296 1415 ειῳοηεαιιεειίιιιη
3347 1359 3432 1397 cs-

1877 1436 2169 1489 sentiarnm
2201 1438 2520 1491 hierarchia:
2558 1451 2653 1506 pro
2685 1436 3093 1492 consecratione
3115 1447 3196 1492 est
3226 1434 3426 1490 intelli-

1877 1527 2053 1596 gentia
2083 1527 2169 1580 illa
2195 1544 2355 1597 quam
2387 1527 2624 1583 maxime
2665 1544 2691 1581 a
2731 1529 2958 1582 materia
2993 1540 3220 1592 semota,
3253 1544 3356 1596 qua
3385 1543 3444 1581 se

1883 1619 2155 1688 Deumque
2176 1630 2392 1685 norunt,
2421 1631 2582 1691 atque
2615 1621 3004 1675 deilormitatis
3028 1622 3250 1690 integer,
3280 1636 3446 1698 quan-

1882 1721 2076 1780 tusque
2129 1715 2405 1781 possibilis
2452 1725 2556 1780 est,
2609 1715 2802 1768 divinae
2857 1714 3174 1768 imitationis
3226 1723 3437 1768 status:

1880 1802 2276 1859 illuminatores
2309 1822 2436 1860 vero
2477 1816 2532 1860 et
2573 1806 2638 1860 ad
2690 1806 2994 1861 istiusmodi
3045 1813 3441 1859 sacrosanctam

204 1909 335 1954 στας
371 1891 576 1956 οὐσίας·
618 1888 776 1947 αὗται
816 1894 922 1966 γὰρ
959 1897 1037 1957 εἰς
1076 1895 1174 1958 τὰς
1201 1895 1599 1966 ὑποϐεϐηκυίας
1629 1898 1775 1968 ἱερὰς

1883 1897 2238 1951 imitationem
2272 1898 2440 1964 duces
2468 1907 2592 1953 sunt
2623 1898 2808 1967 prima:
2847 1899 2965 1952 istae
2988 1897 3305 1951 substantiae
3327 1912 3445 1965 qua:

199 1982 382 2048 τάξεις
408 1984 734 2053 ἀγαθπιδῶς
762 1988 852 2038 καὶ
880 1985 1154 2055 ἀναλόγως
1194 1987 1648 2059 διαπορθμεύουσι
1671 1989 1771 2052 τὰς

199 2077 550 2148 δωρουμένας
594 2078 780 2141 αὑταῖς
825 2079 910 2130 ἀεὶ
952 2079 1272 2150 θεουργικάς
1298 2080 1524 2148 γνώσεις
1551 2081 1771 2152 ὑπὸτῆς

201 2166 518 2231 αὐτοτελοῦς
536 2169 628 2221 καὶ
646 2169 1068 2239 σοφοποιούντων
1095 2171 1136 2201 ⁵⁷
1159 2171 1316 2223 θείων
1340 2171 1472 2224 νοῶν
1496 2171 1772 2243 θεαρχίας.

201 2261 266 2310 Ai
292 2260 350 2312 δὲ
376 2259 481 2312 τῶν
505 2259 733 2331 πρώτων
756 2261 950 2313 οὐσιῶν
973 2263 1256 2331 ὑφειμέναι
1281 2263 1684 2333 διακοσμήσεις,
1700 2263 1774 2326 ῶς

199 2349 262 2401 δι’
290 2350 513 2402 ἐκείνων
542 2351 702 2420 ἱερῶς
727 2350 1053 2420 ἀναγόμεναι
1078 2351 1212 2421 πρὸς
1242 2352 1350 2422 ,τὴν
1383 2351 1638 2423 θεουργὸν
1677 2354 1775 2422 τῆς

201 2440 460 2510 θεαρχίας
483 2440 764 2511 ἔλλαμψιν,
811 2444 866 2494 αἱ
913 2440 1224 2511 τελούμεναι
1252 2442 1436 2508 τάξεις
1459 2444 1563 2495 εἰσί
1598 2461 1655 2496 τε
1683 2444 1775 2498 καί

200 2531 417 2601 ἀληθῶς
459 2532 830 2603 ὀνομάζονται.
878 2533 1009 2586 Μετ’
1049 2533 1263 2604 ἐκείνην
1296 2534 1351 2586 δὲ
1387 2535 1483 2604 τὴν
1521 2535 1775 2604 οὐρανίαν

203 2622 295 2674 καὶ
340 2623 708 2692 ύπερκόσμιον
757 2623 1056 2694 ἱεραρχίαν,
1087 2625 1164 2685 εἰς
1206 2623 1273 2675 τὰ
1316 2624 1432 2677 καθ’
1460 2625 1606 2694 ἡμᾶς
1644 2627 1776 2693 ἀγα-

201 2713 561 2782 θουργικῶςή
591 2713 815 2784 θεαρχία
858 2715 956 2777 τὰς
1007 2716 1304 2784 ἱερωτάτας
1352 2716 1520 2785 αὐτῆς
1569 2716 1776 2787 δωρεὰς

204 2807 569 2876 προφέρουσα,
611 2806 822 2876 νηπίοις
869 2807 966 2876 μὲν
1005 2803 1142 2870 οὖσι,
1180 2808 1319 2861 κατά
1343 2808 1402 2861 τὸ
1424 2806 1622 2875 λόγιον,
1651 2808 1777 2862 ἐδω-

206 2899 410 2967 ρήσατο
459 2897 554 2969 τὴν
602 2897 741 2950 κατά
785 2897 944 2968 νόμον
995 2899 1306 2968 ἱεραρχίαν,
1358 2899 1624 2968 ἀμυδραῖς
1669 2897 1776 2951 τῶν

203 2989 418 3060 ἀληθῶν
465 2990 670 3055 εἰκόσι,
733 2992 825 3044 καὶ
885 2978 1254 3062 πορῤωτάτοις
1306 2990 1412 3044 τῶν
1457 2989 1777 3062 ἀρχετύπων

203 3084 656 3153 ἀπεικονίσμασι,
689 3085 781 3136 καὶ
814 3083 1208 3155 δυσθεωρήτοις
1240 3085 1542 3156 αἰνίγμασι,
1571 3085 1664 3138 καὶ
1684 3083 1774 3137 τύ-

204 3195 325 3240 ποις
347 3181 449 3232 οὐκ
470 3177 806 3247 εὐδιάκριτον
832 3177 1015 3247 ἔχουσι
1038 3180 1136 3249 τὴν
1162 3177 1647 3249 ἐγκεκαλυμμένην
1674 3177 1772 3229 αύ-

1878 1990 2020 2043 circa
2063 1989 2226 2043 Deum
2262 2002 2583 2056 versantur;
2622 1991 2700 2045 Ιιιε
2730 1991 2874 2044 enim
2926 1991 2980 2044 in
3033 1989 3317 2044 inferiores
3361 2006 3446 2043 Sa-

1878 2094 1999 2135 cros
2021 2081 2241 2136 ordines
2273 2082 2522 2153 benigne,
2550 2099 2646 2153 pro
2677 2083 2934 2151 cujusque
2962 2092 3119 2151 captu
3138 2122 3152 2148 ,
3188 2082 3447 2134 continuo

1880 2173 2102 2226 tleilicas
2127 2174 2385 2228 scientias
2413 2174 2682 2238 derivant,
2711 2188 2848 2242 quas
2881 2174 3007 2240 ipsis
3037 2172 3329 2240 impertivit
3354 2187 3448 2239 per

1882 2282 1941 2321 se
1969 2269 2242 2335 perlectus
2273 2283 2336 2321 ac
2380 2266 2754 2337 sapientilicus
2810 2264 2897 2318 ille
2938 2262 3239 2318 divinarum
3295 2278 3445 2316 men—

1884 2357 2013 2410 tium
2039 2359 2251 2412 divinus
2282 2357 2642 2427 principatus.
2685 2356 2855 2411 Porro
2899 2357 3088 2425 primis
3117 2354 3234 2408 istis
3271 2369 3446 2408 essen-

1885 2452 1974 2504 tiis
2024 2451 2253 2505 subdita:
2315 2450 2718 2520 distinctiones,
2779 2459 2966 2518 utpote
3011 2462 3129 2517 qum
3182 2461 3276 2516 per
3329 2446 3446 2500 illas

1881 2552 2065 2595 sancte
2093 2543 2157 2596 ad
2188 2543 2438 2597 deiﬁcam
2465 2543 2630 2597 divini
2665 2543 3000 2610 principatus
3029 2539 3445 2594 lllustrationeni

1883 2633 2245 2696 adducuntur,
2279 2642 2566 2696 vocantur,
2587 2643 2640 2686 et
2669 2643 2795 2685 sunt
2827 2646 2950 2686 vere
2979 2631 3199 2685 ordines
3225 2626 3446 2682 initiati.

1885 2717 2189 2773 Secundum
2234 2721 2381 2775 illam
2415 2732 2594 2776 autem
2628 2721 2907 2776 ccelestem
2937 2720 3242 2789 mundoque
3284 2732 3445 2787 supe-

1886 2810 2082 2864 riorem
2113 2813 2477 2867 blerarchiam
2509 2813 2765 2868 divinitas
2795 2814 2845 2866 in
2879 2827 2976 2867 nos
3003 2812 3242 2866 benefice
3267 2826 3449 2865 sacra-

1887 2903 2090 2954 tissima
2122 2918 2215 2955 sua
2247 2919 2472 2957 munera
2505 2904 2849 2974 depromens,
2883 2903 2950 2957 iis
2976 2901 3192 2970 quidem
3243 2902 3333 2970 qui
3373 2901 3451 2953 in-

1886 2992 2057 3046 fantes
2087 3004 2259 3057 erant,
2289 3004 2340 3046 ut
2377 2994 2659 3063 Scriptura
2688 3004 2936 3058 testatur,
2975 2993 3196 3062 legalem
3228 2991 3448 3047 indulsit

1886 3084 2269 3149 liierarchiam,
2301 3085 2402 3139 sub
2427 3084 2658 3140 exilibus
2691 3085 2945 3138 nimirum
2988 3085 3271 3138 veritatem
3319 3084 3449 3136 ima-

1884 3173 2094 3242 ginibus
2141 3184 2304 3242 atque
2354 3175 2709 3242 simulacris;
2763 3191 2882 3244 qua:
2940 3174 3006 3228 ab
3048 3173 3449 3242 exemplaribus

202 3281 315 3340 τοῖς
361 3276 586 3348 θεωρίαν
631 3277 892 3346 ’ἀνάλογον
931 3279 1043 3348 φῶς
1071 3276 1134 3340 ⁸⁸,
1179 3278 1253 3341 ῶς
1293 3277 1570 3330 ἀσθενέσιν
1595 3277 1775 3347 ὕψεσιν

1887 3266 2176 3334 plurimum
2207 3267 2568 3332 dissidebant,
2601 3268 2960 3336 obscurisque
2993 3266 3370 3336 aenigmatibus
3397 3276 3450 3319 et

203 3368 452 3430 ἀϐλαϐῶς
479 3369 850 3438 ἐπιλάμψασα.
878 3369 1060 3441 Ταύτῃ
1082 3369 1137 3422 δὲ
1162 3373 1227 3440 τῇ
1251 3369 1388 3422 κατά
1410 3369 1568 3439 νόμον
1597 3369 1777 3440 ἱεραρ-

203 3462 316 3531 χία,
349 3461 534 3531 τελετὴ
583 3461 679 3530 μὲν
725 3463 756 3530 ἡ
803 3462 936 3531 πρὸς
981 3463 1078 3532 τὴν
1118 3462 1488 3532 πνευματικήν
1526 3459 1776 3534 λατρείαν

203 3552 494 3621 ἀναγωγή·
538 3554 865 3621 χειραγωγοὶ
907 3553 962 3604 δὲ
1003 3551 1136 3624 πρὸς
1173 3552 1374 3622 ταύτην
1409 3553 1457 3604 οἱ
1495 3551 1593 3623 τὴν
1615 3553 1778 3623 ἁγίαν

203 3644 417 3714 ἐκείνην
460 3643 662 3715 σκηνήν
711 3645 814 3696 ὑπὸ
857 3642 1098 3704 Μωσέως
1141 3642 1300 3712 ἱερῶς
1330 3643 1656 3713 μυηθέντες,
1683 3642 1776 3696 τοῦ

204 3732 418 3803 πρώτου
457 3733 564 3785 τῶν
602 3732 740 3783 κατά
787 3730 946 3800 νόμον
988 3731 1254 3802 ἱεραρχῶν
1284 3731 1483 3801 μύστου
1523 3735 1616 3786 καὶ
1648 3734 1776 3802 ήγε-

205 3821 384 3888 μόνος·
428 3820 562 3889 πρὸς
605 3822 669 3890 ἣν
711 3819 860 3888 ἱερὰν
887 3819 1085 3888 σκηνὴν
1112 3821 1484 3889 εἰσαγωγικῶς
1530 3812 1776 3893 ἱερογρα-

203 3909 319 3976 φῶν
347 3911 444 3979 τὴν
469 3909 608 3962 κατά
635 3910 795 3979 νόμον
821 3911 1117 3980 ἰεραρχίαν,
1147 3911 1326 3964 εἰκόνα
1349 3911 1514 3966 τύπου
1539 3913 1777 3984 δειχθέν-

202 4017 291 4063 τος
341 4000 487 4070 at.th
529 4002 669 4053 κατά
692 4003 751 4053 τὸ
797 4003 1004 4055 Σιναῖον
1034 4002 1076 4034 ’δ’
1118 4003 1243 4074 ὅρος
1268 4004 1448 4058 ἐκάλει
1493 4007 1668 4058 πάντα
1709 4006 1777 4059 τὰ

204 4096 345 4147 κατά
383 4095 474 4146 τὸν
515 4095 671 4165 νόμον
713 4095 1154 4167 ἱερουργούμενα.
1197 4098 1517 4169 Τελούμενοι
1546 4102 1590 4131 ⁵ο
1629 4100 1684 4154 δὲ
1727 4104 1776 4155 οἱ

203 4188 339 4256 πρὸς
359 4185 468 4238 τῶν
497 4187 731 4256 νομικῶν
758 4187 1035 4256 συμϐόλων
1058 4190 1332 4257 ἀναλόγως
1354 4191 1669 4244 ἐπιτελεωτέ
1679 4210 1776 4263 ραν

207 4279 410 4349 μύησιν
438 4280 778 4349 ἀναγόμενοι.
806 4284 847 4334 Τ
851 4283 913 4352 ὴν
940 4282 1273 4353 τελειοτέραν
1297 4283 1350 4334 δὲ
1380 4283 1576 4353 μύησιν
1607 4286 1641 4355 ή
1669 4285 1779 4336 θεο-

203 4371 361 4438 λογία
385 4371 483 4440 τὴν
513 4370 631 4424 καθ’
662 4373 806 4442 ἡμᾶς
856 4373 1134 4444 ἱεραρχίαν
1162 4373 1342 4443 φησὶν,
1390 4374 1776 4446 ἀποπλήρωσιν

205 4463 376 4532 αὐτὴν
414 4462 624 4533 ἐκείνης
663 4463 1005 4515 ἀποκαλοῦσα
1033 4465 1122 4516 καὶ
1149 4463 1296 4533 ίεράν
1323 4464 1492 4535 λῆξιν.
1526 4467 1678 4518 Ἔστι
1719 4467 1776 4519 δὲ

203 4556 296 4606 καὶ
321 4555 547 4625 οὐρανία
571 4557 662 4606 καὶ
684 4557 879 4626 νομικὴ
908 4555 1232 4618 κοινωνικῶς
1268 4560 1333 4627 τῇ
1378 4558 1631 4628 μεσότητι
1667 4559 1775 4614 τῶν

203 4649 386 4719 ἄκρων
410 4648 928 4718 ἀντιλαμϐανομένη,
955 4652 1019 4718 τῇ
1047 4651 1142 4718 μὲν
1166 4649 1491 4702 κοινωνοῦσα
1514 4655 1632 4713 ταῖς
1657 4670 1772 4704 νοε-
1809 4626 1833 4680 ί

205 4743 322 4809 pati;
354 4742 396 4771 δι
446 4739 728 4811 θεωρίαις,
771 4744 834 4810 τῇ
861 4742 913 4792 δὲ
946 4742 1024 4792 ὅτι
1067 4742 1160 4792 καὶ
1189 4742 1473 4810 συμϐόλοις
1500 4743 1772 4813 αἰσθητοῖς

204 4832 558 4891 ποικίλλεται,
589 4833 679 4883 καὶ
698 4832 762 4884 δι’
792 4833 967 4884 αὐτῶν
997 4832 1156 4904 ίερῶς
1190 4834 1282 4885 ἐπὶ
1317 4834 1378 4885 τὸ
1403 4835 1552 4886 Θεῖον
1577 4836 1773 4904 ἀνάγε-

200 4941 306 4975 ται.
359 4924 435 4974 Το
479 4925 695 4992 τρισσὸν
739 4924 795 4977 δέ
840 4926 1096 4989 ὡσαύτως
1147 4926 1257 4995 ἔχει
1306 4928 1404 4996 τῆς
1453 4928 1770 5000 ἱεραργικῆς

199 5015 516 5085 διαιρέσεως
588 5057 601 5078 ,
629 5019 705 5079 είς
734 5018 830 5081 τὰς
854 5019 1156 5085 ἁγιωτάτας
1178 5018 1284 5070 τῶν
1308 5019 1535 5072 τελετῶν
1569 5023 1769 5093 ἱερουρ-

201 5107 323 5172 γίας
347 5109 716 5178 διαιρουμένη,
749 5111 842 5161 καὶ
867 5111 990 5172 τους
1029 5109 1278 5172 θεοειδεῖς
1312 5109 1419 5162 τῶν
1449 5112 1606 5181 ἱερῶν
1631 5115 1770 5184 ὑπη-

205 5198 386 5266 ρέτας,
438 5199 530 5250 καὶ
576 5202 698 5262 τοὺς
731 5203 820 5254 ὑπ’
861 5202 1037 5253 αὐτῶν
1078 5203 1351 5269 ἀναλόγως
1397 5203 1490 5255 ἐπὶ
1533 5203 1604 5256 τὰ
1651 5205 1772 5275 ἱερά

201 5293 658 5360 προσαγομὲνους.
692 5294 921 5363 Ἐκάστη
945 5294 1002 5345 δέ
1027 5294 1136 5345 τῶν
1165 5293 1328 5363 τριῶν
1361 5294 1457 5362 τῆς
1485 5294 1601 5346 καθ’
1625 5297 1768 5366 ἡμᾶς

204 5381 488 5450 ἱεραρχίας
511 5381 1170 5452 διαιρέσεως⁶³ἀκολούθως
1197 5388 1260 5453 τῇ
1285 5403 1342 5436 τε
1370 5389 1561 5456 νομικῇ
1589 5390 1680 5440 καί
1701 5393 1766 5459 τῇ

203 5473 452 5543 θειοτέρα
487 5474 596 5526 τῶν
639 5475 757 5527 καθ’
801 5479 944 5546 ἡμᾶς
974 5478 1240 5548 ἱεραρχία,
1281 5474 1465 5548 πρώτη
1509 5478 1601 5529 καὶ
1630 5479 1767 5550 μέση

1883 3360 2090 3425 ligm'is,
2120 3375 2242 3429 Qua:
2276 3371 2522 3430 opertam
2562 3374 2659 3414 nec
2692 3360 2766 3414 ita
2801 3360 3015 3414 facilem
3045 3360 3339 3426 dijudicatu
3372 3359 3449 3411 in-

1883 3452 2234 3521 telligentiam
2280 3453 2582 3518 habebant,
2636 3453 2818 3506 lumen
2862 3452 2927 3507 iis
2958 3451 3446 3521 proportionatum,

1886 3553 2140 3613 tanquam
2170 3546 2624 3601 imbecillioribus
2655 3547 2848 3614 oculis,
2881 3545 3446 3601 innocue'amindens.

1881 3634 2048 3705 llujus
2083 3646 2259 3689 autem
2291 3636 2478 3706 legalis
2507 3638 2830 3692 bierarcbia:
2862 3636 3176 3706 mysterium
3205 3635 3449 3688 introdu-

1880 3729 1989 3780 Clio
2021 3729 2263 3795 quaadam
2296 3728 2394 3783 fuit
2425 3729 2492 3783 ad
2524 3730 2728 3784 cultum
2762 3728 3082 3799 Spiritalent.
3129 3727 3304 3782 Duces
3331 3727 3447 3796 ejus

1879 3820 2202 3872 exstiterunt
2241 3820 2274 3873 ii
2312 3822 2402 3889 qui
2453 3822 2591 3875 sacri
2643 3821 2789 3875 illius
2841 3819 3174 3874 tabernaculi
3226 3820 3385 3873 ritum
3419 3835 3444 3871 a

1881 3909 2082 3980 Moyse,
2125 3911 2300 3978 primo
2325 3909 2458 3981 legis
2491 3912 2808 3980 pontilicum
2837 3912 3058 3964 doctore
3077 3923 3146 3962 ac
3171 3912 3326 3974 duce,
3361 3908 3444 3961 di-

1879 4000 2163 4054 dicerant:
2197 4003 2285 4070 qui
2319 4003 2385 4057 ad
2418 4018 2632 4057 sacrum
2667 4002 2757 4056 illu
2846 4002 3256 4056 tabernaculum
3289 4003 3446 4056 insti-

1882 4095 2100 4148 tutionis
2130 4110 2290 4149 causa
2335 4096 2698 4156 liierarchiam
2752 4098 2888 4166 legis
2920 4096 3080 4168 233
3111 4097 3444 4161 describens,

1879 4186 1945 4237 ad
1968 4185 2314 4255 exetnplaris,
2352 4189 2492 4256 quod
2519 4187 2593 4242 illi
2630 4189 2681 4241 in
2717 4197 2900 4242 monte
2929 4188 3058 4242 Sina
3085 4199 3444 4243 lnonstratnm

1880 4277 2090 4343 fuerat,
2131 4279 2417 4348 imaginem
2475 4290 2527 4334 et
2576 4281 2932 4334 imitationem
2985 4281 3207 4345 omnia,
3237 4295 3358 4349 qua:
3392 4281 3442 4332 in

1880 4373 1993 4436 lege
2025 4381 2210 4426 sancte
2240 4371 2457 4438 liebant,
2479 4373 2787 4426 revocabat.
2810 4373 3238 4427 Perﬁciebantur
3263 4384 3441 4426 autem

1882 4466 1937 4529 ii,
1967 4465 2055 4534 qui
2095 4479 2121 4516 ιι
2150 4466 2408 4535 legalibus
2455 4466 2630 4534 signis
2684 4467 2980 4520 secundum
3037 4475 3252 4534 captum
3287 4483 3439 4519 suum

1881 4559 1945 4608 ad
1978 4555 2355 4624 perfectiorem
2403 4555 2742 4624 disciplthn
2783 4557 3264 4625 pron‘iovebantur.
3314 4557 3443 4610 Per-

1879 4646 2154 4700 fectiorem
2191 4661 2320 4701 vero
2345 4649 2717 4716 mysteriorum
2744 4648 3078 4716 disciplinam
3111 4664 3261 4702 Sacra
3296 4652 3444 4703 Scri-

1879 4753 2035 4808 ptura
2062 4748 2300 4794 nostram
2331 4751 2486 4795 vocat
2522 4741 2886 4794 llierarcliiain
2909 4780 2925 4804 ,
2958 4757 3080 4795 cum
3114 4743 3251 4795 hanc
3298 4745 3441 4796 illius

1877 4837 2400 4887 consalittnatimietn
2460 4848 2783 4901 sacrtnnque
2838 4833 2993 4887 linem
3051 4835 3312 4886 nominat.
3348 4835 3441 4888 Est

1878 4935 2058 4979 autem
2097 4927 2283 4978 eadem
2313 4926 2475 4978 etiam
2501 4925 2738 4979 caelestis
2773 4936 2827 4978 et
2870 4926 3052 4993 legalis
3095 4928 3439 4980 communio-

1878 5034 1942 5070 ne
1968 5017 2195 5085 quadam
2229 5019 2417 5071 mediae
2442 5018 2769 5070 conditionis
2794 5033 2919 5079 sua},
2947 5034 3047 5086 qua
3075 5020 3437 5071 communicat

1877 5111 2157 5175 extremis,
2185 5127 2305 5163 cum
2338 5110 2422 5163 illa
2451 5111 2703 5163 nimirum
2737 5109 2789 5162 in
2823 5110 3156 5178 spiritalibus
3196 5121 3437 5164 contem.

1877 5204 2231 5271 plationibus,
2263 5219 2387 5257 cum
2421 5204 2521 5256 hac
2551 5217 2680 5256 vero
2704 5201 3039 5256 sensibilium
3071 5204 3330 5255 varietate
3359 5203 3434 5255 si-

1877 5311 2124 5363 gnorum,
2158 5310 2250 5364 per
2281 5311 2400 5363 qua;
2423 5295 2582 5347 etiam
2611 5295 2674 5347 ad
2702 5294 2946 5348 divinum
2977 5291 3180 5346 Numen
3207 5297 3432 5348 adduci—

1879 5396 1983 5438 tur.
2030 5385 2197 5439 I’orro
2254 5387 2515 5455 triplicem
2569 5387 2735 5438 etiam
2802 5385 2963 5439 habet
3021 5386 3158 5438 sacri
3230 5388 3435 5441 ordinis

1875 5480 2333 5543 distributiOneni,
2375 5491 2638 5547 quatenus
2667 5477 2920 5531 dividitur
2965 5479 3019 5532 in
3063 5480 3432 5535 sanctissimas

1504 5659 1734 5715 VARIAEZ
1770 5659 2166 5718 LECTIONES.

270 5795 313 5823 ⁸⁵
341 5794 656 5857 ἐσιωτάτας,
688 5793 753 5847 Μ.
789 5794 846 5846 D.
878 5794 974 5847 Cll.

270 5797 313 5823 ⁸⁵
341 5797 656 5857 ἐσιιςιτάτας,
688 5797 753 5847 Μ.
789 5797 846 5846 D.
878 5797 974 5847 Cb.
1075 5797 1118 5827 ⁵⁵
1146 5799 1428 5868 ἱερωτάτη,
1459 5800 1516 5852 D.

205 5864 244 5897 ⁵³
272 5866 355 5916 Σικ
376 5867 436 5917 i.
473 5866 536 5917 Μ.
653 5866 695 5896 ⁵ο
728 5866 1130 5917 ποοτελούιιενοι
1154 5907 1166 5917 .
1210 5869 1270 5917 Μ.
1307 5881 1358 5917 οι
1389 5888 1504 5917 mox

232 5866 436 5929 Enati,
473 5866 536 5917 ιι.

1619 5801 1658 5830 ⁸⁷
1689 5803 1974 5869 σοφοποιοῦ
2002 5804 2126 5855 τῶν.

653 5866 695 5896 ⁵ο
728 5866 1130 5938 προτελούμενοι
1154 5907 1166 5931 ,
1198 5866 1270 5921 Μ.
1307 5881 1358 5923 cl
1388 5866 1504 5925 mox
1535 5866 1860 5941 ἀναγόμέθα.

2206 5806 2248 5834 ³⁸³
2279 5805 2533 5872 ἀνάλογον
2580 5807 2638 5859 τὸ
2667 5808 2719 5858 ἐν
2760 5808 2945 5869 αὐταῖς
2974 5808 3105 5875 φῶς,
3133 5809 3231 5862 Ch.
3268 5808 3323 5862 Ι).
3358 5809 3428 5864 Μ.

1975 5876 2007 5903 Ἠ
2043 5879 2253 5944 νοηταξς
2280 5916 2290 5938 ,
2321 5880 2413 5930 till.
2445 5881 2563 5932 δάι’.
2644 5881 2683 5909 δ’
2718 5881 2831 5948 lege
2857 5879 3187 5947 διαιρὲιπων.
