4162 6304
767 370 868 426 507

1939 388 1992 442 S.
2031 389 2187 445 ΠΙοΝ
2203 392 2332 448 ΥδΙΙμ
2365 395 2824 454 AREOPAGITA‘I

3917 408 4028 463 508

765 491 1072 559 pu..tdicetn
1115 495 1340 550 remittit
1388 512 1480 552 cos
1527 502 1617 568 qui
1670 503 2013 572 disciplinam
2069 525 2300 577 cxpeum

2438 520 2747 588 ἐπιστήμης
2773 520 2880 570 τῶν
2911 519 3284 591 θεωρηθεισῶν
3315 522 3633 595 ἱερουργιῶν
3667 523 4024 593 ἐφιεμένους.

767 584 1148 651 mysteriorum
1181 602 1301 655 qme
1335 591 1604 645 viderunt.
1647 592 1840 647 Verum
1879 602 2013 652 ordo
2057 602 2336 656 ministro—

767 689 881 725 rum
908 690 1000 727 seu
1035 676 1391 734 diaconormn
1439 685 1552 748 cst‘,
1602 689 1695 753 qui
1743 693 1925 756 expiat
1960 704 2014 745 et
2043 694 2330 749 dissimilia

764 766 1042 830 discernit,
1079 781 1368 840 antequam
1401 779 1466 829 ad
1496 781 1836 834 Sacerdotium
1877 798 2031 837 sacra
2081 788 2328 854 veniant;

764 858 1086 914 accedentes
1114 865 1276 916 etiam
1310 866 1525 933 lustrat,
1558 882 1613 924 ut
1639 888 1732 925 eos
1763 890 1790 925 a
1822 878 2111 932 contrariis
2137 880 2333 932 immu-

764 963 856 999 nes
889 951 1095 1013 reddat,
1133 964 1296 1022 atque
1348 973 1631 1013 sacrorum
1681 967 2062 1033 mysteriorum
2112 981 2325 1038 specta-

760 1040 878 1091 rulo
903 1051 955 1093 et
986 1050 1369 1103 communione
1417 1052 1625 1121 dignos.
1678 1056 1860 1124 Itaque
1910 1062 1961 1110 in
2017 1076 2176 1114 sacra
2237 1063 2326 1116 Dei

760 1136 1171 1199 regeneratione
1218 1140 1428 1194 diaconi
1464 1161 1586 1198 eum
1618 1187 1633 1211 ,
1671 1150 1760 1216 qui
1798 1151 1860 1202 ad
1905 1152 2048 1204 illam
2082 1155 2325 1222 accedit,

757 1226 976 1293 antiqua
1011 1241 1157 1283 veste
1187 1244 1392 1288 exuunt
1439 1245 1599 1305 atque
1627 1241 1985 1295 'discalceant
2013 1283 2027 1305 ,
2061 1257 2116 1298 et
2143 1249 2208 1298 ad
2239 1262 2331 1299 oc-

755 1316 1021 1370 cidentem
1072 1324 1490 1379 abrenuntiamli
1547 1344 1704 1381 causa
1755 1333 1992 1396 sistunt,
2034 1350 2329 1403 rursusque

757 1410 1044 1463 traducunt
1071 1418 1136 1466 ad
1163 1419 1425 1472 orientem
1460 1420 1604 1489 (sunt
1654 1423 1797 1475 enim
1850 1426 2130 1493 purgantis
2181 1427 2329 1479 ordi-

755 1505 837 1557 nis
863 1515 1024 1574 atque
1056 1509 1291 1581 virtutis)
1335 1513 1612 1568 hortantes
1662 1532 1756 1570 eos
1807 1519 1895 1585 qui
1929 1521 2195 1573 aecedunt
2221 1561 2237 1585 ,
2271 1531 2327 1577 ut

755 1597 952 1663 prioris
984 1602 1103 1656 vilic
1147 1604 1456 1659 indumenta
1497 1610 1713 1672 penitus
1747 1611 2052 1679 deponant;
2091 1618 2325 1669 erroris-

753 1707 858 1760 que
889 1697 1102 1763 pristini
1140 1700 1383 1753 tenebris
1428 1703 1716 1769 pati-factis
1759 1703 1955 1761 docent
1991 1724 2084 1761 eos
2133 1721 2189 1762 ut
2225 1713 2325 1764 οἷν

754 1789 930 1837 scuris
966 1788 1127 1841 rebus
1156 1791 1420 1859 ablegatis
1448 1835 1462 1858 ,
1495 1811 1613 1849 sese
1665 1798 1991 1853 transferant
2021 1802 2085 1853 ad
2115 1818 2174 1853 ea
2205 1817 2325 1870 qua:

752 1877 1078 1939 illuminant.
1099 1880 1455 1937 Diaconormn
1488 1888 1669 1958 itaque
1701 1891 1833 1942 ordo
1863 1903 1942 1943 est
1971 1893 2302 1959 expiatorius

2428 1891 2708 1961 ταχθῆναι.
2778 1893 3098 1965 Καθαρτικὴ
3151 1893 3327 1946 τοίνυν
3375 1894 3517 1945 ἐστὶν

747 1969 812 2033 ad
859 1970 1116 2038 pra'clara
1149 1976 1488 2029 sacerdotum
1528 1996 1681 2032 sacra
1731 1980 1933 2034 ducens
1965 1997 2058 2036 eos
2094 1985 2184 2052 qui
2230 2000 2324 2038 ex-

749 2058 878 2124 piati
911 2073 1056 2123 sunt,
1107 2076 1268 2131 atque
1320 2070 1504 2131 expiat
1554 2070 1905 2140 imperfectos
1932 2113 1948 2136 ,
1989 2090 2124 2141 quos
2157 2076 2320 2129 etiam

743 2150 889 2204 fovet
920 2156 1276 2222 purgantibus
1306 2159 1639 2227 eloquiorum
1674 2163 2130 2220 illustratiouibns
2161 2177 2322 2234 atque

745 2242 1041 2306 doctrinis;
1070 2258 1121 2299 et
1161 2261 1422 2315 prmterea
1471 2255 1723 2322 profanos
1751 2272 1778 2307 a
1813 2257 2185 2310 sacerdotibus
2213 2273 2320 2333 ~ar-

745 2345 852 2396 (ξι-1,
886 2348 1106 2403 propter
1157 2343 1299 2407 quod
1339 2345 1618 2411 poutilicio
1669 2346 1916 2400 instituto
1960 2350 2134 2402 sacris
2182 2364 2318 2418 (pto-

742 2440 848 2492 que
884 2429 1088 2483 foribus
1133 2435 1446 2502 prmlicitur,
1483 2447 1535 2489 ut
1564 2439 1902 2508 significetur
1926 2481 1939 2502 ,
1989 2456 2175 2492 eorum
2225 2442 2315 2509 qui

744 2519 808 2568 ad
839 2533 989 2572 sacra
1020 2523 1241 2576 veniunt
1291 2541 1569 2581 accessum
1616 2531 1943 2585 omnimodis
1994 2533 2315 2586 illustratio-

743 2611 900 2663 nibus
927 2626 1045 2665 csse
1074 2615 1427 2684 expiandum,
1461 2622 1896 2690 quandoquidem
1930 2625 1994 2675 ad
2032 2633 2311 2692 aspectum

740 2705 1291 2776 communionemque
1339 2727 1618 2767 sacrorum
1682 2715 2063 2770 introducemli
2120 2732 2315 2788 munus

739 2793 1058 2860 ιεχγίαὶονίἰε
1094 2797 1382 2855 virtutibus
1413 2804 1480 2856 sit
1513 2806 1888 2873 connuissum,
1923 2822 1951 2860 a
1977 2809 2172 2876 quibus
2199 2811 2312 2878 alii,

739 2885 829 2948 qui
864 2884 930 2937 ab
971 2889 1116 2941 omni
1153 2891 1316 2962 236
1361 2898 1568 2950 macula
1632 2901 1872 2954 mundati
1924 2914 2046 2957 sunt
2072 2940 2089 2969 ,
2142 2904 2312 2958 intro-

739 2973 1042 3030 mittantur.

2681 608 2704 620 nl

2448 608 2513 660 Ἦ
2544 609 2599 662 δὲ
2637 608 2745 663 τῶν
2788 613 3111 683 λειτουργῶν
3150 614 3330 678 τάξις,
3365 617 3397 686 ὴ
3428 615 3726 686 καθαρτικὴ
3763 618 3861 667 καί
3905 617 4025 667 τῶν

2437 702 2700 770 ἀνομοίων
2735 704 3043 774 διακριτικὴ
3071 745 3083 766 ,
3123 708 3287 777 πρὸσδ
3320 707 3420 774 τῆς
3450 708 3540 758 ἐπὶ
3563 706 3659 770 τὰς
3684 707 3791 758 τῶν
3819 707 4026 776 ἱερέων

2437 789 2741 861 ἱερουργίας
2782 793 3172 861 προσαγωγῆς,
3215 792 3567 863 ἀποκαθαίρει
3606 795 3731 856 τοὺς
3757 794 4028 864 προσιόν-

2433 897 2549 943 τας,
2577 882 2794 951 ἀμιγεῖς
2833 884 3025 947 αὐτοὺς
3065 884 3400 939 ἀποτελοῦσα
3431 884 3555 937 τῶν.
3578 887 3838 938 ἐναντίων
3864 924 3878 946 ,
3922 886 4026 937 καὶ

2435 975 2570 1043 πρὸς
2595 977 2938 1046 ἱερουργικὴν
2970 978 3198 1046 ἐποψίαν
3224 978 3316 1030 καὶ
3339 976 3616 1030 κοινωνίαν
3647 978 4020 1046 ἐπιτηδείους.

2437 1067 2596 1119 Ὅθεν
2642 1069 2732 1121 ἐπὶ
2774 1068 2872 1138 τῆς
2922 1071 3070 1138 ἱερᾶς
3112 1069 3449 1137 θεογενεσίας
3489 1071 3537 1121 οἱ
3573 1069 3879 1138 λειτουργοὲ¹
3918 1068 4023 1121 τὸν

2433 1156 2720 1226 προσιόντα
2776 1158 2871 1228 τῆς
2915 1158 3146 1220 παλαιᾶς
3190 1158 3590 1228 ἀπογυμὼνοῦσιν
3637 1159 3890 1227 ἐσθῆτος,
3933 1159 4022 1210 ἐτι

2435 1248 2540 1316 μὴν
2567 1249 2658 1298 καὶ
2697 1248 2983 1300 ὑπολύουσι
3009 1289 3021 1309 ,
3065 1249 3157 1300 καὶ
3194 1249 3329 1320 πρὸς
3363 1249 3568 1319 δυσμὰς
3610 1251 3689 1312 εἰς
3726 1251 4022 1321 ἁποταγὴν

2433 1336 2638 1398 mea,
2668 1338 2759 1388 καὶ
2783 1333 2934 1401 αὖθις
2961 1339 3092 1407 πρὸς
3114 1338 3187 1390 ἕω
3228 1340 3547 1408 μετάγουσι,
3580 1339 3709 1409 (τῆς
3747 1340 4020 1410 καθαρτι-

2431 1428 2532 1496 κῆς
2574 1429 2680 1498 γάρ
2731 1432 2834 1482 εἰσι
2892 1428 3096 1494 τάξεως
3143 1432 3233 1483 καὶ
3275 1431 3625 1500 δυνάμεως,)
3677 1432 4017 1485 ἀποϐάλλειν

2429 1523 2621 1586 ὀλικῶς
2657 1524 3061 1594 ἐγκελευόμενοι
3090 1528 3200 1588 τοῖς
3244 1524 3520 1595 προσιοῦσι
3556 1525 3654 1587 τὰς
3679 1525 3776 1593 τῆς
3812 1523 4017 1594 προτέ-

2433 1633 2529 1686 ρας
2566 1615 2708 1684 ζωῆς
2743 1617 3048 1686 ἁμφιέσεις,
3075 1618 3168 1670 καὶ
3200 1617 3260 1669 τὸ
3291 1617 3383 1669 τοῦ
3421 1618 3680 1687 προτέρου
3718 1615 3836 1686 βίου
3884 1633 4015 1669 σκο-

2428 1710 2599 1761 τεινὸν
2628 1710 3053 1773 ὑποδεικνύντες,
3079 1711 3170 1762 καὶ
3193 1709 3595 1771 ἐκδιδάσκοντες
3624 1708 3842 1771 αὐτοὺς,
3874 1709 4013 1760 ἁπο-

2427 1799 2761 1870 ταξαμένους
2789 1803 2899 1864 τοῖς
2928 1801 3252 1871 ἀλαμπέσιν,
3284 1803 3373 1854 ἐπὶ
3399 1801 3469 1853 τὰ
3500 1800 3798 1869 φωτιστικὰ
3843 1816 4013 1870 μετα-

3658 1893 3834 1943 λειτου
3845 1891 4012 1961 ργικὴ

2426 1984 2800 2055 διακόσμησις,
2827 1985 2919 2036 ἐπὶ
2947 1986 3045 2048 τὰς
3075 1983 3248 2054 φανὰς
3281 1983 3389 2036 τῶν
3421 1984 3606 2054 ἱερέων
3625 1984 3666 2013 ⁶⁶
3693 1982 4011 2052 ἱερουργίας

2425 2075 2697 2142 ἁνάγουσα
2737 2075 2863 2138 τοὺς
2902 2075 3364 2146 κεκαθαρμένους,
3392 2075 3485 2125 καὶ
3524 2073 3648 2136 τοὺς
3681 2072 4009 2135 ἀτελέστους

2424 2166 2869 2238 ἀποκαθαίρουσα
2930 2169 3023 2221 καὶ
3087 2167 3412 2238 μαιευομένη
3471 2167 3590 2227 ταῖς
3642 2163 4008 2234 καθαρτικαῖς

2421 2256 2530 2309 τῶν
2553 2256 2747 2324 λογίων
2789 2259 3081 2329 ἐλλὰμφεσι
3118 2258 3210 2310 καὶ
3236 2257 3620 2319 διδασκαλίαις,
3654 2257 3744 2308 καὶ
3777 2254 4007 2325 προσέτι

2422 2352 2547 2412 τοὺς
2575 2350 2818 2420 ἀνιέρους
2853 2350 2961 2402 τῶν
3001 2350 3187 2420 ἱερέων
3223 2349 3434 2419 ἀμιγῶς
3473 2347 3964 2400 ἁποδιαστέλλουσα
3989 2365 4000 2374 ·

2421 2443 2500 2496 διὸ
2529 2443 2622 2495 καὶ
2658 2445 2775 2505 ταῖς
2815 2443 2985 2512 ἱεραῖς
3027 2440 3194 2511 αὐτὴν
3236 2441 3485 2511 ἐφίστησι
3522 2440 3714 2500 πύλαις
3743 2442 3775 2508 ἡ
3816 2440 4006 2509 ἱεραρ-

2418 2544 2546 2615 χικὴ
2575 2543 2923 2614 θεσμοθεσία,
2962 2545 3058 2614 τὴν
3099 2542 3233 2614 πρδς
3268 2541 3336 2593 τὰ
3367 2541 3487 2611 ἱερὰ
3522 2540 3628 2593 τῶν
3670 2540 4004 2609 προσιόντων

2416 2633 2615 2689 εἴσοδον
2658 2639 2712 2687 ὲν
2754 2641 2871 2699 ταῖς
2911 2634 3196 2688 παντελέσι
3241 2633 3570 2704 καθάρσεσιν
3609 2631 3962 2701 αἱνισσομένη
3986 2670 3999 2691 ,

2417 2729 2509 2782 καὶ
2535 2727 2631 2797 τὴν
2657 2728 2747 2779 ἐπὶ
2775 2725 2871 2790 τὰς
2901 2729 3051 2797 ἱερὰς
3091 2726 3269 2779 αὐτῶν
3310 2726 3539 2794 ἐποψίας
3583 2727 3674 2776 καῖ
3716 2724 4001 2784 κοινωνίας

2417 2818 2779 2887 προσαγωγὴν
2826 2820 2945 2879 ταῖς
3007 2817 3362 2886 καθαρτικαῖς
3412 2808 3701 2884 δυνάμεσιν
3759 2812 3999 2882 ἐγχειρί-

2417 2903 2603 2968 ζουσα,
2650 2907 2742 2958 καὶ
2778 2904 2865 2957 διὰ
2903 2904 3105 2957 τούτων
3151 2904 3344 2966 αὐτοὺς
3381 2903 3742 2972 ἀκηλιδῶτους
3768 2903 4002 2970 εἰσδεχο-

2422 2996 2579 3067 μένη.

2257 3157 2453 3228 §\'ll.

811 3274 1245 3333 lle-monstratum
1279 3295 1360 3336 est
1388 3287 1553 3356 igitur
1611 3296 1922 3360 pontificum
1964 3300 2182 3368 quidem
2220 3320 2310 3355 or-

2484 3307 2761 3359 Δέδεικται
2801 3309 2979 3361 τοίνυν
3018 3309 3152 3377 ἡμῖν
3191 3308 3223 3377 ἡ
3267 3307 3361 3376 μὲν
3401 3306 3507 3358 τῶν
3552 3304 3816 3376 ίεραρχῶν
3840 3305 3992 3368 τάξις

735 3364 914 3418 dinem
949 3372 1263 3435 pcrlicieudi
1305 3380 1412 3430 vim
1443 3382 1664 3447 habere,
1701 3402 1763 3441 ac
1803 3392 1976 3458 rcipsa
2009 3395 2302 3459 perlicere:

735 3461 1080 3514 .~.accr.lotum
1123 3476 1301 3520 autem
1351 3469 1688 3527 illuminandi
1724 3479 1829 3529 vim
1864 3480 2064 3535 habere
2091 3523 2107 3546 ,
2143 3493 2307 3550 atque

734 3548 1076 3619 illuminare;
1111 3558 1269 3612 minis
1302 3577 1480 3617 rorum
1515 3582 1645 3619 vero
1689 3571 1940 3637 expiandi
1989 3589 2051 3626 ac
2098 3573 2305 3629 discer-

734 3645 894 3698 nendi
929 3645 1242 3702 facultatem
1275 3655 1540 3710 obtinere.
1586 3660 1862 3728 Siquidem
1911 3665 2044 3718 ordo
2091 3650 2304 3733 poutili~

731 3737 852 3788 eius
901 3752 1005 3790 non
1061 3742 1376 3806 perficiendi
1432 3758 1676 3812 tantum,
1725 3753 1818 3805 sed
1871 3765 1924 3807 et
1968 3755 2302 3812 illuminandi

730 3826 889 3878 simul
921 3837 1080 3896 atque
1113 3834 1365 3900 exiiiaudi
1411 3839 1512 3889 vim
1565 3843 1759 3907 habet;
1811 3860 1874 3898 ac
1926 3857 2165 3912 potestas
2214 3865 2302 3903 sa-

728 3920 1039 3988 cerdotum,
1078 3934 1274 3990 pl.L'lcr
1303 3926 1636 3983 illuminandi
1677 3933 2006 4000 facultatem,
2051 3943 2301 4007 c\piauili

729 4026 944 4078 quoque
994 4014 1240 4068 continet
1294 4019 1624 4077 scientiam:
1681 4040 1868 4079 verum
1918 4031 2202 4085 inferiores
2236 4037 2301 4088 ad

729 4102 1068 4169 superiorum
1107 4104 1414 4162 functiones
1450 4114 1721 4167 transilire
1771 4133 2110 4188 nequaquam
2166 4139 2303 4190 pos-

727 4200 851 4244 sunt
882 4233 894 4255 ,
932 4210 1100 4261 quare
1147 4197 1297 4253 nefas
1346 4204 1415 4254 sit
1463 4219 1555 4257 cos
1606 4207 1670 4259 ad
1719 4217 1921 4264 tantam
1974 4217 2302 4280 proterviam

727 4290 1002 4345 devenire.
1035 4291 1275 4348 Virtutes
1302 4309 1479 4352 autem
1511 4317 1630 4368 qua:
1659 4304 1950 4359 diviniores
1978 4317 2123 4371 sunt,
2165 4325 2299 4378 prae-

729 4391 810 4432 ter
843 4381 1130 4438 facultates
1183 4391 1431 4456 proprias
1479 4391 1796 4448 inferiorum
1850 4413 2062 4467 quoque
2116 4417 2301 4457 sacras

719 4474 980 4527 scientias
1012 4478 1342 4544 perfectione
1386 4497 1480 4534 sua
1531 4487 1830 4541 coiitiuent.
1901 4491 2164 4556 Quoniam
2222 4505 2300 4549 ta-

725 4581 844 4617 men
880 4568 1269 4623 ecclesiastica:
1309 4573 1699 4642 descriptiones
1746 4579 2053 4634 divinarum
2106 4584 2299 4654 imagi-

2409 3397 2724 3470 τελειωτικὴ
2764 3401 2856 3452 καὶ
2886 3399 3292 3470 τελεσιουργός·
3334 3402 3366 3470 ἡ
3409 3400 3464 3452 δὲ
3506 3399 3612 3452 τῶν
3652 3399 3836 3468 ἱερέων
3879 3417 3991 3466 φω-

2407 3489 2622 3558 τιστικὴ
2662 3490 2755 3541 καὶ
2791 3489 3121 3557 φωταγωγὸς
3147 3506 3159 3518 ·
3206 3489 3238 3558 ὴ
3281 3488 3337 3540 δὲ
3380 3487 3486 3539 τῶν
3527 3487 3850 3559 λειτουργῶν
3890 3505 3992 3539 κα-

2410 3577 2636 3650 θαρτικὴ
2674 3580 2766 3632 καὶ⁸
2800 3579 3136 3650 διακριτικὴ,
3181 3580 3382 3651 δηλαδὴ
3407 3582 3508 3650 τῆς
3549 3580 3863 3651 ἱεραρχικῆς
3890 3579 3989 3631 τά-

2407 3666 2578 3732 ξεως,
2626 3669 2684 3720 οὐ
2730 3668 3126 3742 τελεσιουργεϊν
3183 3668 3378 3740 μόνον,
3438 3669 3686 3723 ἀλλὰκαὶ
3736 3667 3985 3737 φωτίζειν

2407 3760 2520 3828 ἅμα
2547 3763 2638 3813 καὶ
2662 3761 2943 3834 καθαίρειν
2968 3761 3360 3834 ἐπισταμένης,
3392 3764 3484 3815 καὶ
3519 3763 3618 3831 τῆς
3652 3761 3758 3813 τῶν
3797 3762 3986 3832 ἱερέων

2404 3851 2681 3921 δυνάμεως
2715 3854 2943 3924 ἐχούσης
2964 3856 3021 3906 ἐν
3043 3857 3208 3926 ἐαυτῇ
3246 3854 3383 3925 μετὰ
3409 3855 3507 3924 τῆς
3536 3854 3861 3924 φωτιστικῆς
3887 3854 3983 3906 καὶ

2402 3944 2501 4012 τὴν
2525 3943 2866 4014 καθαρτικὴν
2907 3947 3236 4015 ἐπιστήμην.
3281 3948 3344 3996 Ai
3385 3946 3482 4014 μέν
3520 3944 3628 4014 γὰρ
3665 3945 3854 4014 ⁴ἥττους
3889 3946 3980 3996 ἐπὶ

2401 4036 2471 4088 τὰ
2495 4036 2725 4105 κρείττω
2767 4037 3078 4107 μεταπηδᾷν
3119 4037 3477 4100 ἀδυνατοῦσι,
3525 4037 3658 4107 πρὸς
3694 4037 3752 4088 τὸ
3768 4039 3808 4067 ⁵⁷
3849 4037 3978 4106 μηδὲ

2403 4127 2620 4194 θεμιτὸν
2644 4128 2828 4190 αὐταῖς
2854 4123 2989 4180 εἶναι
3017 4129 3151 4198 πρὸς
3189 4130 3444 4198 τοιαύτην
3473 4130 3750 4199 ,ἐγχειρεῖν
3786 4128 3976 4191 ἀλαζο-

2402 4219 2548 4271 νείαν
2574 4236 2585 4247 ·
2614 4222 2667 4271 αἱ
2693 4219 2748 4271 δὲ
2774 4220 3040 4289 θειότεραι
3067 4221 3324 4290 δυνάμεις
3350 4220 3486 4290 μετὰ
3513 4220 3621 4272 τῶν
3648 4220 3856 4273 οἰκείων
3885 4221 3975 4272 καὶ

2400 4310 2498 4372 τὰς
2529 4312 2822 4380 ὑφειμένας
2849 4312 2945 4380 τῆς
2978 4312 3158 4365 αὐτῶν
3197 4312 3525 4383 τελειότητος
3571 4311 3718 4382 ίερὰς
3760 4313 3974 4381 ἐπιστή-

2405 4419 2508 4471 μας
2554 4401 2965 4472 γιγνώσκουσιν.
3016 4404 3203 4473 Ὅμως
3245 4403 3431 4471 ἐπειδὴ
3465 4402 3624 4454 θείων
3657 4403 3790 4454 εἰσὶν
3830 4404 3971 4471 ἐνερ-

2402 4493 2566 4560 γειῶν
2612 4494 2817 4557 εἰκόνες
2852 4497 2906 4546 αἱ
2959 4495 3229 4565 ίερατικαὶ
3266 4495 3647 4563 διακοσμήσεις
3687 4495 3785 4562 τῆς
3823 4493 3962 4544 εὐκό-

2405 4601 2540 4652 σμου
2566 4585 2660 4636 καὶ
2687 4585 2990 4654 ἁσυγχύτου
3016 4586 3122 4637 τῶν
3161 4585 3317 4637 θείων
3353 4584 3639 4655 ἐνεργειῶν
3667 4583 3884 4648 τάξεως,
3912 4585 3964 4637 ἐν

725 4671 819 4708 nes
847 4668 969 4724 sunt
1006 4661 1299 4726 actionum,
1329 4666 1469 4731 quod
1523 4669 1698 4720 ornati
1751 4671 2099 4741 distinctique
2156 4677 2292 4730 divi-

2417 4679 2614 4738 ἑαυταῖς
2639 4676 2911 4728 δεικνῦσαι
2948 4677 3046 4739 τὰς
3079 4677 3418 4747 τεταγμένας
3457 4676 3747 4746 ἐλλάμψεις
3778 4678 3851 4739 είς
3873 4676 3966 4738 τὰς

724 4764 913 4800 narum
943 4753 1214 4807 aetiouum
1260 4757 1465 4810 ordinis
1512 4770 1692 4813 certas
1741 4771 1992 4831 ratasque
2051 4767 2290 4822 illustra-

724 4843 899 4892 tinncs
932 4842 1066 4897 inse
1096 4846 1374 4912 exhibent,
1431 4851 1480 4905 in
1529 4856 1752 4920 primas,
1790 4865 1844 4911 et
1872 4859 2073 4912 medias
2113 4863 2292 4915 novis-

722 4931 999 5000 simosque
1028 4950 1212 4990 sacras
1265 4937 1566 4994 functiones
1621 4953 1783 5012 atque
1824 4948 2040 5003 ordines
2070 4951 2120 5003 in
2177 4952 2290 5006 bie-

723 5024 988 5078 iarclticis
1043 5028 1485 5086 distinctionibus
1538 5045 1664 5086 sunt
1721 5036 2058 5103 distributa),
2113 5045 2287 5108 quod,

720 5116 798 5166 uti
833 5116 966 5179 dixi,
1008 5119 1315 5173 divinarum
1351 5126 1624 5180 actionum
1663 5131 1905 5184 ordinem
1961 5124 2122 5200 atque
2174 5135 2286 5187 dis-

721 5207 1038 5262 tiuctinuem
1074 5211 1126 5262 in
1159 5217 1464 5284 semetipsis
1495 5221 1773 5274 exhibent.
1821 5224 1956 5276 Cum
2000 5226 2143 5276 enim
2200 5227 2285 5279 illa

720 5316 817 5351 sui:
846 5315 927 5353 ma
986 5303 1164 5359 Deitas
1218 5320 1424 5363 mentes
1471 5326 1601 5374 eas,
1652 5315 1845 5380 quibus
1898 5331 1957 5369 se
2007 5318 2244 5369 insinuat
2274 5359 2287 5382 ,

719 5392 950 5456 primum
998 5398 1174 5465 exliiet
1205 5439 1219 5462 ,
1259 5417 1321 5452 ac
1368 5402 1559 5456 deinde
1612 5407 1873 5463 illumiuet
1904 5449 1918 5471 ,
1959 5419 2119 5478 atque
2166 5411 2285 5463 illn-

2398 4768 2618 4837 πρώτας
2662 4772 2753 4822 καὶ
2797 4769 2967 4838 μέσας
3008 4772 3099 4822 καὶ
3146 4769 3458 4831 τελευταίας
3503 4769 3650 4838 ἱερὰς
3701 4769 3964 4837 ἐνεργείας

2399 4863 2490 4914 καὶ
2528 4854 2842 4926 τάξεις,“ἐν
2880 4861 3210 4930 διακρίσεσιν
3254 4863 3591 4932 ίεραρχικαῖς
3635 4859 3961 4928 ἐτάχθησαν,

2397 4955 2753 5022 ἐμφαίνουσαι
2780 4994 2792 5014 ς
2831 4954 3078 5023 καθάπερ
3122 4953 3256 5022 ἔφην
3281 4993 3292 5015 ,
3338 4954 3395 5004 ἐν
3438 4953 3654 5015 ἑαυταῖς
3681 4950 3786 5003 τῶν
3815 4949 3961 5002 θείων

2398 5045 2684 5115 ἐνεργειῶν
2724 5045 2786 5097 τὸ
2825 5045 3152 5112 τεταγμένον
3197 5045 3289 5096 καὶ
3336 5044 3682 5113 ἀσύμφυρτον
3760 5039 3959 5110 Ἐπειδὴ

2399 5136 2504 5205 γὰρ
2535 5137 2567 5203 ἡ
2599 5135 2823 5205 θεαρχία
2848 5136 2970 5196 τοὺς
3004 5136 3060 5186 ἐν
3095 5129 3174 5196 οἷς
3205 5134 3270 5186 ἂν
3292 5133 3581 5201 ἐγγένηται
3613 5132 3734 5193 νὸας
3765 5132 3958 5183 ἀποκαο

2400 5228 2573 5299 θαίρει
2604 5221 2816 5297 πρῶτον
2839 5267 2854 5290 ,
2893 5224 3009 5279 εἶτα
3052 5226 3294 5296 φωτίζει,
3327 5229 3420 5280 καὶ
3445 5223 3805 5293 φωτισθέντας
3830 5224 3956 5274 ἀπο-

2395 5319 2588 5372 τελειοῖ
2615 5321 2746 5390 πρὸς
2769 5320 2972 5389 Θεοειόἧ
3004 5319 3404 5390 τελεσιουργίαν
3423 5358 3438 5383 ,
3475 5317 3695 5378 εἰκότως
3727 5317 3758 5384 ἡ
3787 5318 3954 5386 ίεραρ-

2395 5413 2520 5482 χικὴ
2555 5413 2662 5465 τῶν
2693 5413 2850 5465 θείων
2879 5413 3098 5466 εἰκόνων
3120 5414 3163 5443 (⁵³
3205 5416 3282 5475 εἰς
3314 5409 3728 5480 διακεκριμένως·
3767 5407 3948 5477 ἑαυτὴν

2021 5565 2248 5619 νΑιιιτΕ
2294 5567 2695 5623 LECTIONES.

808 5732 847 5760 "‘
887 5734 1031 5805 τρός.
1116 5737 1157 5762 “
1189 5740 1523 5804 ιροινοῖάτας,

723 5802 788 5854 Μ.
830 5804 882 5854 i‘.
925 5802 931 5805 ⁷
967 5807 1004 5836 i"
1037 5806 1211 5869 εἰκῶν,
1240 5811 1336 5862 (Jb.
1385 5815 1440 5862 υ.

1573 5742 1635 5796 Μ.
1669 5745 1772 5798 τῶν
1802 5748 1990 5818 ἱερῶν,
2024 5745 2080 5799 Ρ.
2114 5760 2163 5803 rt
2206 5764 2323 5804 mos
2362 5749 2464 5803 τῶν
2494 5749 2652 5820 ἱερῶν
2685 5751 2924 5819 ἀμκγῶςς
2998 5748 3308 5819 ειιιὶιιιιῐιιιιιι·
3338 5749 3434 5803 Cb.
3472 5747 3530 5798 1).

3610 5748 3650 5779 ετ
3681 5745 3806 5816 πρὸς
3854 5746 3943 5818 τῷ,
