4172 6304
188 422 296 479 509

1237 419 1325 473 DE
1365 417 1646 474 ECCLES.
1690 412 2082 470 HIERARCH..
2115 409 2265 467 CAP.
2304 410 2366 467 ν.

3338 397 3444 453 510

182 539 384 607 διαιρεῖ
410 537 589 603 τάξεις
613 554 673 590 τε
703 538 795 589 καὶ
816 536 1091 606 δυνάμεις,
1123 532 1383 604 ἐναργῶς,
1401 531 1768 586 ὑποδεικνῦσα

1874 538 2068 582 stratas
2095 528 2306 579 demum
2337 526 2403 577 ad
2438 522 2753 576 tleil'ot'mem
2785 520 3073 590 quamdam
3117 525 3426 586 promoveat

182 629 285 692 τὰς
315 629 608 700 θεαρχικὰς
637 629 910 699 ἐνεργείας
941 629 999 679 ὲν
1028 627 1466 694 ηπαναγεστάταις
1510 627 1602 677 καὶ
1638 625 1768 695 ἀμι-

183 719 308 786 γέσι
351 720 566 784 τάξεσιν
613 717 890 782 εὐσταθῶς
937 718 1032 770 καὶ
1085 716 1403 786 ἀσυγχύτως
1454 714 1765 784 ἑστηκυίας.

200 811 342 864 Ἀλλ’
371 813 557 883 ἐπειδὴ
581 812 678 874 τὰς
710 809 990 882 ἱερατικὰς
1014 808 1196 875 τάξεις
1220 827 1280 861 τε
1315 809 1406 861 καὶ
1442 804 1771 876 ἀποπληρώ-

187 921 306 969 σεις
327 907 393 969 ⁸⁸,
418 905 674 974 δυνάμεις
697 919 756 956 τε
782 902 963 955 αὐτῶν
987 902 1084 955 καὶ
1110 899 1389 971 ἐνεργείας
1432 899 1734 969 εἰρήκαμεν
1755 935 1770 958 ,

187 999 267 1062 ὼς
293 1001 428 1069 ἡμῖν
453 997 690 1068 ἐφικτὸν,
729 995 947 1059 καὶτὰς
979 994 1274 1064 ίερωτάτας
1313 990 1491 1044 αὐτῶν
1511 1031 1524 1053 ,
1559 987 1634 1053 ὡς
1670 985 1773 1041 οἷοί

136 1141 138 1144 .
187 1090 251 1143 τὲ
279 1093 468 1161 ἐσμεν,
500 1088 926 1158 ὲποπτεύσωμεν
956 1084 1282 1147 τελειώσεις.

1871 614 2282 688 perfectionem,
2312 627 2455 670 recte
2479 628 2634 668 sacer
2664 613 2819 674 ordo,
2846 611 2934 680 qui
2983 608 3180 662 divinis
3233 614 3436 675 praeest

1875 709 2225 774 imaginibus,
2256 707 2307 760 in
2337 707 2580 760 diversos
2621 702 2968 767 semetipsum
3001 698 3222 753 ordines
3263 697 3437 749 virtu-

1875 809 2062 868 tesque
2109 798 2425 864 distinguit;
2483 796 2669 864 aperte
2736 794 3157 854 demonstrans,
3228 790 3441 846 divinas

1877 893 1997 946 illas
2024 893 2331 963 praecipuas
2364 890 2612 943 actiones
2641 888 2692 939 in
2721 885 3083 940 sanctissimis
3118 881 3443 952 purissimis-

1877 1002 1980 1055 que
2010 987 2293 1040 ordinibus
2343 989 2658 1037 constanter
2709 980 3070 1043 distincteque
3118 975 3439 1030 consistere.

1879 1078 1983 1132 Sed
2011 1079 2260 1146 quoniam
2285 1074 2626 1128 sacerdotum
2659 1072 2879 1124 ordines
2912 1085 2974 1122 ac
3009 1068 3222 1130 munia,
3273 1065 3429 1118 virtu-

189 1196 386 1252 tesque
445 1199 633 1237 eorum
658 1191 712 1235 et
756 1183 1006 1233 actiones
1074 1193 1173 1248 pro
1196 1176 1338 1230 virili
1389 1172 1779 1244 exposuimus,
1825 1169 2228 1224 Sacratissimas
2276 1169 2439 1222 etiarn
2491 1175 2677 1219 eorum
2722 1162 3202 1224 consecrationes,
3269 1153 3438 1223 quoad

186 1291 504 1348 possumus,
534 1273 969 1328 consideremus.

388 1434 454 1486 11.
495 1430 842 1498 Μυστήριον
870 1424 1172 1495 Ιερατικῶν
1204 1420 1581 1478 τελειώσεων.

271 1562 329 1615 '0
363 1561 459 1632 μὲν
501 1562 792 1632 ἱερὰρχης,
835 1559 928 1611 ἐπὶ
966 1556 1063 1627 τὴν
1123 1554 1436 1626 ίεραρχικὴν
1495 1548 1771 1604 τελείωσιν

184 1651 623 1725 προσαγόμενος,
659 1649 826 1720 ἄμφω
846 1646 930 1730 ,τὼ
957 1646 1082 1699 πόδε
1123 1645 1302 1707 κλίνας
1328 1641 1649 1713 ἐπίπροσθεν
1678 1635 1770 1689 τοῦ

1933 1407 1997 1464 ll.
2027 1408 2330 1479 Mysterium
2364 1407 2772 1461 consecrationis
2814 1421 3084 1459 sacrorum
3119 1407 3382 1460 ordinum.

1949 1542 2197 1596 Pontifex
2235 1543 2454 1610 quidem
2504 1540 2596 1609 qui
2649 1539 2714 1592 ad
2767 1538 3093 1608 pontiﬁcium
3147 1554 3438 1594 consecra-

1879 1636 2079 1690 tionem
2107 1644 2190 1688 est
2220 1647 2439 1689 evectus
2473 1645 2700 1701 utroque
2733 1648 2870 1701 genu
2907 1622 3044 1685 ﬂexo
3078 1642 3203 1686 ante
3245 1633 3436 1699 altare,

183 1740 573 1810 θυσιαστηρίου
594 1741 673 1804 ⁷ο,
722 1739 813 1790 ἐπὶ
846 1727 1101 1805 ’κεφαλῆς
1150 1735 1259 1803 ἔχει
1298 1733 1365 1784 τὰ
1396 1731 1771 1800 ,θεοπαράδοτα

1878 1739 2039 1797 Supra
2072 1736 2232 1795 caput
2263 1727 2423 1780 habet
2460 1726 2767 1793 Scripturas
2800 1745 2827 1780 a
2866 1727 2970 1779 Deo
3022 1725 3270 1789 traditas,
3324 1742 3439 1780 rna-

181 1834 381 1901 λόγια,
429 1832 523 1884 καὶ
569 1829 666 1899 τὴν
710 1826 1056 1899 ίεραρχικὴν.
1091 1826 1282 1894 χεῖρα,
1342 1821 1435 1872 καὶ
1480 1819 1654 1889 τούτῳ
1691 1817 1769 1886 τῷ

179 1927 376 1998 τρόπῳ
403 1924 538 1995 πρὸς
564 1921 658 1975 τοῦ
700 1919 978 1981 τελοῦντος
1023 1915 1182 1969 αὑτὸν
1206 1914 1457 1984 ίεράρχου
1481 1914 1600 1974 ταῖς
1638 1926 1771 1962 παν·-

182 2015 519 2085 αγεστὰταις
554 2011 899 2079 ὲπικλήσεσιν
944 2002 1370 2059 ἀπτελειοῦται.
1411 2003 1468 2053 'U
1492 2000 1546 2052 δὲ
1571 1998 1767 2070 ἱερεὺς,

182 2107 357 2176 ἄμφω
379 2102 458 2156 τὼ
483 2102 606 2172 πόδε
638 2100 821 2161 κλίνας
849 2096 1176 2168 ἐπίπροσθεν
1205 2093 1296 2147 τοῦ
1322 2093 1465 2146 θείου
1484 2092 1772 2159 θυσιαστη-

188 2195 332 2265 ρίου,
377 2193 468 2245 ἐπὶ
504 2189 744 2258 κεφαλῆς
789 2187 900 2259 ἔχει
940 2189 1038 2258 τὴν
1075 2184 1388 2257 ἱεραρχικὴν
1430 2181 1640 2246 δεξιὰν,
1682 2181 1771 2233 καὶ

179 2283 365 2354 τούτῳ
390 2281 468 2353 τῷ
504 2283 690 2352 τρόπῳ
727 2281 860 2352 πρὸς
892 2278 985 2332 τοῦ
1020 2277 1298 2339 τελοῦντος
1316 2275 1488 2329 αὑτὸν
1517 2275 1769 2344 ἱεριάρχου

181 2376 308 2436 ταῖς
334 2375 624 2441 ἱεροποιοῖς
650 2371 1002 2442 ὲπικλήσεσιν
1025 2366 1328 2435 ἁγιάζεται.
1373 2364 1429 2417 Ὀ
1452 2365 1505 2416 δὲ
1531 2364 1771 2434 λειτουρ-

182 2463 305 2533 γὸς,
339 2462 435 2515 ἕνα
465 2465 574 2514 τοῖν
601 2461 777 2514 ποδοῖν
799 2460 984 2522 κλίνας
1007 2457 1336 2528 ἐπίπροσθεν
1365 2454 1458 2508 τοῦ
1497 2454 1644 2508 θείου
1677 2454 1771 2507 θυ-

186 2554 508 2625 σιαστηρίου
540 2593 554 2616 ,
601 2555 693 2607 ἐπὶ
742 2553 978 2623 κεφαλῆς
1036 2551 1148 2620 ἔχει
1200 2549 1297 2620 τὴν
1356 2549 1450 2602 τοῦ
1497 2547 1772 2611 τελοῦντος

185 2643 355 2696 αὑτὸν
399 2642 649 2712 ἱεράρχου
676 2640 854 2707 δεξιὰν
878 2679 893 2704 ,
941 2638 1311 2708 τελειούμενος
1337 2641 1426 2692 ὑπ’
1453 2638 1617 2692 αὑτοῦ
1655 2641 1773 2700 ταῖς

184 2733 304 2785 τῶν
348 2731 676 2802 λειτουργῶν
722 2731 1058 2794 τελεστικαῖς
1103 2730 1472 2800 ὲπικλήσεσιν.
1532 2729 1774 2798 Ἐκάστῳ

185 2826 249 2878 δὲ
273 2824 453 2878 αὐτῶν
492 2826 524 2894 ἡ
568 2823 910 2895 σταυροειδὴς
950 2824 1330 2894 ἐνσημαίνεται
1376 2824 1512 2895 πρὸς
1551 2822 1646 2876 τοῦ
1686 2841 1775 2876 τε-

183 2915 412 2978 λοῦντος
457 2915 709 2985 ἱερὰρχου
757 2914 1024 2984 σφραγὶς,
1060 2916 1152 2967 καὶ
1195 2914 1312 2967 καθ’
1344 2913 1571 2966 ἕκαστον
1605 2916 1772 2986 ἀνάρ-

188 3009 351 3077 ρησις
377 3006 494 3078 ἱερὰ
515 3007 777 3074 γίγνεται,
800 3007 894 3058 καὶ
905 3005 1242 3069 τελειωτικὸς
1268 3006 1570 3076 ἀσπασμὸς,
1596 3007 1773 3060 ἀσπα-

1876 1834 2116 1887 numque
2169 1819 2478 1886 pontiﬁcis,
2524 1827 2680 1884 atque
2738 1820 2837 1871 hoc
2895 1817 3110 1870 modoa
3145 1819 3438 1886 pontiﬁce,

1873 1911 1965 1982 qui
1997 1909 2166 1978 ipsum
2201 1919 2506 1970 consecrat,
2559 1908 2916 1962 sanctissimis
2969 1908 3438 1976 adprecationilms

1872 2012 2244 2056 consecratur.
2299 2000 2729 2054 Sacerdosvero
2783 2009 3012 2066 utroque
3063 1997 3263 2068 poplite
3312 2011 3439 2053 ante

1872 2093 2047 2145 altare
2074 2090 2230 2154 ﬂexo,
2267 2092 2317 2144 in
2346 2092 2518 2159 capio
2563 2090 2724 2143 habet
2770 2091 3017 2143 dextram
3066 2091 3357 2157 pontiﬁcis,
3390 2099 3442 2142 et

1873 2185 1975 2238 hoc
2011 2185 2168 2238 modo
2191 2183 2258 2237 ab
2304 2184 2391 2236 illo
2438 2183 2720 2250 pontiﬁce,
2776 2183 2864 2250 qui
2924 2165 3440 2246 illtrm'consecrat,

1872 2277 2070 2329 sanctis
2099 2276 2522 2352 invocatiwibus
2553 2287 2921 2330 consecratur.
2963 2277 3133 2330 Porro
3181 2277 3441 2330 diaconus

1873 2366 2032 2435 237
2072 2382 2234 2418 unum
2267 2380 2402 2434 genu
2433 2365 2652 2419 ﬂectens
2676 2377 2799 2418 ante
2827 2369 3061 2420 divinum
3087 2367 3257 2421 altare
3281 2382 3438 2434 supra

1873 2468 2030 2527 caput
2063 2458 2220 2511 habet
2255 2459 2498 2511 dextram
2527 2457 2796 2524 pontiﬁcis
2828 2459 2996 2527 ipsum
3050 2460 3438 2520 consecrantis,

1873 2561 1927 2604 ct
1955 2553 2020 2604 ah
2052 2564 2115 2603 eo
2148 2559 2498 2604 consecratur
2525 2550 2952 2604 invocationibns
2976 2551 3041 2603 ad
3073 2553 3440 2605 ministrorum

1873 2642 2337 2696 Consecratiunem
2400 2641 2844 2695 accommodatis.
2913 2629 3211 2708 Unicuique
3262 2651 3440 2693 autem

1872 2733 2057 2786 eoruui
2082 2734 2290 2801 signum
2323 2733 2501 2786 crucis
2534 2747 2563 2785 a
2594 2741 2942 2786 consecrante
2980 2732 3228 2798 pontiﬁce
3262 2732 3444 2798 impri-

1876 2823 2059 2889 mitur,
2112 2833 2166 2877 et
2208 2822 2437 2889 singulis
2484 2831 2666 2875 sancta
2706 2823 3016 2890 praedicatio
3053 2823 3441 2889 pcrticiensqne

1874 2912 2125 2966 salutatio
2169 2913 2474 2977 adhibetur,
2515 2911 2723 2964 cunctis
2785 2911 3138 2980 pmscmtibus
3186 2909 3441 2963 ecclesia-

1876 3005 2044 3068 sticis,
2075 3019 2176 3057 una
2202 3018 2323 3058 cum
2359 3002 2611 3071 pontiﬁce
2642 3013 3017 3065 consecrante,
3051 2999 3441 3056 consalutanti-

187 3099 419 3170 ζομένου
485 3099 683 3161 παντὸς
741 3097 1016 3168 ἱερατικοῦ
1082 3099 1346 3170 παρόντος
1400 3098 1627 3169 ἀνδρὸς,
1681 3099 1771 3152 καί

1879 3099 1976 3150 bus
2007 3097 2151 3150 illum
2181 3098 2269 3165 qui
2301 3097 2351 3149 in
2381 3096 2610 3164 aliquem
2642 3097 2903 3149 dictorum
2955 3093 3204 3148 ordinum
3255 3106 3442 3145 sacro-—

184 3189 283 3241 τοῦ
306 3188 622 3249 τελέσαντος
651 3188 902 3256 ἱεράρχου
927 3186 1020 3239 τὸν
1048 3186 1183 3256 πρός
1223 3205 1276 3241 τι
1315 3187 1425 3241 τῶν
1467 3190 1768 3259 εἰρημένων

187 3284 234 3334 is
244 3281 480 3350 ρατικῶν
506 3279 797 3350 ταγμάτων
828 3276 1273 3334 ἁποτελεσθέντα.

793 3395 884 3446 111.
929 3393 1164 3461 Θεωρία.

1881 3205 1998 3242 rum
2028 3199 2110 3243 est
2138 3196 2442 3257 cooptatus.

2396 3380 2479 3435 Ill.
2523 3377 2927 3447 Contemplatio.

1762 3510 1872 3581 ιι.

263 3629 436 3684 Κοινὰ
468 3629 566 3699 μὲν
605 3630 719 3684 ἐστι
757 3634 870 3694 τοῖς
903 3633 1184 3704 ἱεράρχαις
1221 3649 1280 3684 τε
1322 3634 1414 3685 καὶ
1452 3629 1653 3702 ἱερεῦσι
1684 3631 1776 3682 καὶ

186 3722 524 3792 λειτουργοῖς
562 3723 618 3775 ὲν
655 3726 774 3787 ταῖς
814 3725 1115 3794 ἱερατικαῖς
1150 3723 1327 3775 αὐτῶν
1364 3721 1704 3775 τελειώσεσιν
1741 3723 1773 3792 ἡ

187 3814 334 3886 πρὸς
359 3815 418 3866 τὸ
441 3814 580 3867 θεῖον
605 3814 984 3886 θυσιαστήριον
1011 3807 1364 3887 προσαγωγὴ,
1399 3816 1493 3868 καὶ
1524 3816 1774 3867 ὑπόπτω-

189 3923 300 3970 σις,
331 3906 485 3976 ὴτῆς
512 3906 824 3976 ἱεραρχικῆς
856 3906 1036 3976 χειρὸς
1058 3905 1320 3969 ἐπίθεσις,
1356 3906 1388 3976 ὴ
1427 3903 1770 3975 σταυροειδὴς

189 3999 466 4068 σφραγὶς,
511 3998 543 4067 ή
591 3997 927 4067 ἀνάρῤησις,
981 3999 1008 4050 ὁ
1050 3997 1391 4061 τελειωτικὺς
1441 3996 1766 4066 ἀσπασμός·

187 4087 445 4158 ἐξαίρετα
488 4088 544 4140 δὲ
587 4089 679 4140 καὶ
715 4087 940 4158 ἑκκριτα
975 4091 1085 4151 τοῖς
1123 4088 1400 4159 ἱεράρχαις
1453 4088 1550 4158 μὲν
1587 4091 1620 4158 ἡ
1662 4087 1770 4141 τῶν

187 4179 390 4248 λογίων
441 4178 531 4231 ἐπὶ
570 4178 806 4248 κεφαλῆς
855 4179 1130 4241 ἐπίθεσις,
1179 4180 1278 4232 οὐκ
1333 4180 1562 4248 ἐχόντων
1615 4178 1770 4231 τοῦτο

185 4270 300 4323 τῶν
328 4269 632 4339 ὑφειμένων
655 4268 945 4338 ταγμάτων
967 4285 979 4298 ο
1011 4272 1122 4331 τοῖς
1145 4269 1199 4322 δὲ
1227 4268 1481 4340 ἱερεῦσιν,
1507 4272 1538 4339 ἡ
1565 4270 1766 4340 ἀμφοῖν

187 4364 305 4414 τοῖν
328 4359 507 4411 ποδοῖν
533 4357 724 4422 κλίσις,
767 4359 865 4410 οὐκ
910 4357 1138 4428 ἐχούσης
1179 4357 1334 4410 τοῦτο
1374 4358 1470 4428 τῆς
1508 4358 1614 4410 τῶν
1655 4360 1766 4413 λει-

1954 3625 2268 3680 Communia
2301 3625 2513 3693 quidem
2544 3634 2668 3677 sunt
2702 3632 2755 3677 ct
2784 3618 3144 3690 pontiﬁcibus,
3178 3627 3229 3670 et
3262 3629 3444 3668 sacer-

1880 3719 2117 3781 dotibus,
2151 3727 2203 3771 et
2232 3716 2494 3770 ministris
2523 3732 2641 3769 cum
2671 3721 3072 3776 consecrantur,
3100 3724 3348 3763 accessus
3375 3707 3442 3760 ad

1880 3810 2119 3862 divinum
2156 3809 2361 3872 altare,
2411 3823 2638 3876 genuum
2671 3807 2826 3861 ﬂexio
2852 3849 2866 3872 ,
2919 3806 3201 3876 pontiﬁcio:
3253 3819 3442 3858 manus

1875 3900 2145 3970 impositio
2172 3939 2186 3961 ,
2216 3900 2391 3953 crucis
2421 3899 2702 3967 impressio
2729 3939 2742 3960 ,
2773 3898 3081 3966 praedicatio
3108 3938 3120 3958 ,
3157 3897 3445 3966 pcrﬁciens

1873 3990 2164 4055 salutatio;
2221 3989 2489 4057 prtecipua
2545 4003 2671 4041 vero
2723 3998 2777 4040 et
2815 3986 3082 4055 episcopis
3111 3987 3324 4055 propria
3360 3995 3444 4039 est

1874 4082 2277 4150 Scripturarutn
2325 4095 2482 4146 supra
2514 4088 2671 4148 caput
2702 4079 2972 4147 impositio
2997 4120 3010 4144 ,
3047 4078 3186 4146 quod
3221 4076 3444 4130 inferio-

1871 4189 1956 4230 res
1984 4176 2198 4230 ordines
2228 4191 2331 4230 non
2363 4175 2559 4228 habent
2580 4166 2610 4238 ;’
2630 4172 3002 4227 sacerdotibus
3033 4183 3210 4223 autem
3243 4170 3444 4222 utrius.

1873 4281 1977 4333 que
2016 4266 2167 4335 pedis
2204 4263 2484 4319 inclinatio
2513 4306 2528 4328 ,
2571 4278 2680 4332 quo
2729 4272 2874 4315 caret
2913 4260 3252 4314 consecratio
3289 4255 3446 4309 mini-

1869 4369 2136 4423 Strorum,
2167 4357 2395 4411 ministri
2425 4357 2589 4419 enim,
2617 4365 2671 4408 ut
2697 4354 2898 4410 dictum
2933 4365 3036 4416 est,
3065 4352 3288 4404 alterum
3315 4357 3434 4401 tan-

186 4464 283 4498 του
295 4445 442 4516 ργῶν
474 4443 798 4508 τελειώσεως
817 4463 830 4475 ·
857 4448 903 4498 οἱ
930 4446 1038 4518 γὰρ
1067 4446 1384 4517 λειτουργοὶ,
1412 4446 1592 4509 καθὼς
1620 4447 1768 4520 aio-q-

1875 4460 1986 4503 tum
2011 4465 2146 4518 genu
2175 4448 2415 4502 ﬂectunt.

185 4553 304 4600 ται,
337 4537 426 4590 τὸν
449 4537 541 4591 ἕνα
564 4536 826 4590 κλίνουσιν
855 4539 968 4590 τοῖν
998 4536 1173 4590 ποδοῖν
1199 4537 1375 4607 μόνον.

1730 4655 1756 4726 §
1792 4653 1871 4716 11.

273 4795 348 4849 Ἦ
378 4794 476 4864 μὲν
508 4789 601 4847 οὖν
639 4794 730 4846 ἐπὶ
755 4793 815 4846 τὸ
842 4793 980 4846 θεῖον
1026 4793 1405 4864 θυσιαστήριον
1445 4797 1776 4867 προσαγωγὴ

191 4890 290 4942 καὶ
323 4885 634 4948 ὑπόπτωσις
663 4885 956 4937 αἰνίσσεται
982 4886 1116 4936 πᾶσι
1144 4888 1255 4948 τοῖς
1286 4885 1571 4955 ἱερατικῶς
1597 4887 1780 4938 τελου-

194 4982 404 5051 μένοις,
464 4979 771 5031 ὑποτιθέναι
803 4977 1028 5031 καθόλου
1055 4979 1096 5008 '”
1154 4979 1451 5052 τελετάρχῃ
1508 4980 1624 5049 Θεῷ
1677 4981 1777 5052 τὴν

187 5063 405 5125 οἰκείαν
435 5069 598 5141 ζωὴν,
634 5071 725 5122 καὶ
753 5070 851 5140 τὴν
887 5069 1094 5123 ἑαυτῶν
1136 5070 1326 5142 νοερὰν
1364 5072 1610 5142 ὁλότητα,
1645 5074 1778 5126 πάν-

191 5182 362 5233 αγνον
424 5155 570 5232 αὐτῷ
633 5164 726 5215 καὶ
770 5163 1178 5233 καθιερωμένην
1232 5168 1631 5233 προσαγαγεῖν,
1683 5167 1777 5218 καὶ

189 5257 415 5328 ὁμοειδῆ
439 5257 502 5319 ⁷³,
546 5257 657 5316 καὶ,
705 5255 778 5317 ὡς
806 5256 1060 5317 δυνατὸν,
1097 5254 1251 5318 ἀξίαν
1292 5251 1456 5307 οὖσαν
1493 5255 1584 5307 τοῦ
1616 5257 1774 5327 θεαρ-

195 5344 365 5415 χικοῦ
394 5345 485 5396 καὶ
526 5343 930 5410 παναγεστάτου
978 5343 1069 5394 καὶ
1113 5342 1307 5412 ἱερείου
1351 5343 1443 5394 καὶ
1482 5341 1774 5412 θυσιαστη-

198 5438 323 5504 ρίου
345 5437 387 5468 ⁷³
425 5435 517 5488 τοῦ
558 5433 936 5504 καθιεροῦντος
970 5433 1254 5505 ἱερατικῶς
1292 5433 1417 5497 τοὺς
1461 5433 1708 5496 θεοειδεῖς
1731 5435 1777 5465 ⁷⁵

195 5531 346 5591 ν-ὒας.

1955 4795 2138 4862 Itaque
2185 4809 2436 4857 accessus
2466 4792 2554 4848 ille
2585 4792 2650 4845 ad
2684 4792 2926 4845 divinum
2980 4789 3150 4841 altare
3189 4803 3441 4858 genruntur-

1881 4907 1985 4960 que
2017 4891 2178 4944 llexio
2227 4891 2465 4944 insinuat
2515 4888 2766 4942 orunibus
2801 4886 2865 4939 iis
2900 4883 2985 4953 qui
3019 4883 3192 4936 sacris
3237 4878 3448 4933 ordini-

1881 4985 1980 5037 bus
2011 4983 2314 5044 initiantur,
2341 4980 2501 5032 vitam
2531 4977 2805 5048 propriam
2841 4975 2947 5028 Deo
2972 5015 2985 5036 ,
3023 4970 3448 5026 consecrationis

1883 5075 2110 5140 auctori,
2145 5075 2359 5143 penitus
2386 5070 2796 5138 subjiciendum,
2852 5081 2951 5120 nec
2991 5082 3097 5118 non
3149 5060 3443 5132 spiritalem

1884 5167 2243 5231 integritatem
2300 5165 2520 5216 omnino
2576 5177 2763 5230 puram
2831 5167 3222 5231 purgatumque
3287 5162 3448 5218 atque

1881 5256 2202 5310 uniformem
2237 5254 2560 5308 oﬂerendam
2593 5267 2746 5317 esse,
2787 5260 2876 5314 ut,
2909 5261 3164 5318 quantmn
3205 5246 3316 5300 ﬁeri
3349 5263 3450 5314 po-

1887 5359 2027 5410 test,
2061 5330 2217 5417 digna
2268 5348 2336 5401 sit
2384 5347 2563 5400 divino
2612 5344 2807 5412 templo
2855 5353 2909 5397 et
2957 5341 3113 5393 altari
3166 5338 3321 5405 eius,
3363 5340 3451 5408 qui

1883 5439 2136 5492 sanctiori
2190 5437 2398 5491 ratione
2449 5435 2739 5490 deiformes
2774 5442 2979 5488 mentes
3008 5441 3306 5485 consecrat.

1511 5637 1738 5692 VARUS
1776 5636 2156 5692 LECTIONES

277 5781 319 5807 "-'
351 5775 781 5860 ﬁzoa‘kqptbazzg.
830 5774 985 5860 ..τθλτδ
1011 5775 1150 5828 θείου
1180 5777 1387 5844 θησίας,
1428 5778 1524 5832 Ch.
1555 5777 1610 5829 D.
1689 5778 1726 5807 7‘
1754 5776 1872 5831 add.
1907 5775 1996 5844 τῷ.
2077 5777 2118 5807 ⁷³
2155 5783 2341 5831 desunt
2380 5774 2490 5828 haec
2530 5773 2580 5828 itt
2614 5771 2740 5826 $.ct
2764 5771 2820 5826 Ρ.
2899 5771 2940 5802 ⁷³
2971 5770 3060 5822 καὶ
3089 5764 3230 5837 ἱεροῦ
3263 5767 3445 5823 θυσια-

206 5847 442 5916 στηρίου,
473 5850 530 5903 5.
563 5845 623 5903 Ρ.
655 5849 715 5904 1).
830 5848 869 5878 ⁷”
897 5845 1086 5908 θείους.
