4172 6304
1942 367 1996 420 8.
2037 365 2189 422 01οΝ
2202 365 2328 419 YSII
2378 367 2840 427 AREOPAGITA‘I

3934 373 4043 428 320

779 479 1103 558 tertlireetﬁe
1135 479 1353 558 fuerunt
1391 481 1444 535 in
1469 479 1705 558 Matt-hia:
1742 479 2032 558 electione.
2085 479 2271 558 itaque
2301 490 2478 558 sortes
2518 483 2813 558 divisoriaa,
2848 502 2966 556 qtae
3010 503 3114 541 nec
3145 489 3345 544 cedunt
3389 489 3441 542 in
3472 487 3731 558 iniuriam
3767 494 3914 546 tertii
3945 506 4035 550 ant

778 551 918 626 reip.
941 559 1032 605 aut
1056 549 1329 626 Eeciesig,
1358 567 1534 626 neque
1560 553 1803 619 irrogant
1835 552 2248 626 irreverentiam
2275 553 2441 604 rebus
2464 555 2658 626 sacris,
2685 566 2742 608 ut
2765 549 2891 609 dum
2923 558 3212 612 hereditas
3236 558 3459 626 profana
3487 549 3653 616 datur
3680 549 3926 618 sortibus
3944 549 4036 620 ac4

775 621 951 698 captis
972 635 1046 673 ex
1082 621 1220 698 libro
1240 622 1672 698 _E.va_nge_liorum
1694 661 1710 685 ,
1734 620 2032 698 ete.,lieitte
2053 630 2180 674 sunt
2218 631 2407 698 natura
2442 637 2558 675 sua.
2593 624 2952 698 Consultorite
2980 638 3162 683 autem
3201 620 3255 682 ei
3283 630 3632 685 divinatoriz
3664 645 4032 698 nequaquam,

777 691 879 767 nisi
912 690 1212 767 intercedat
1239 691 1523 767 lnspiratio
1551 693 1756 753 divina,
1789 697 1872 767 vel
1904 706 2098 767 magna
2152 693 2476 767 ttecessitttte
2504 705 2738 767 urgente
2776 697 2935 751 aliter
2971 699 3193 752 dubium
3243 701 3421 753 dirimi
3465 702 3675 767 nequit,
3730 690 4033 757 tunc-enini

777 758 989 821 liceret.
1025 758 1611 838 praupiss_a_'orat_ione._
1637 775 1787 815 sorte
1818 758 2264 838 illudndirimere.
2291 758 2355 812 Et
2398 762 2476 838 si_e
2499 763 2557 819 S.
2582 758 2813 834 August.
2856 768 2910 824 in
2963 771 3098 838 psal.
3148 785 3254 824 xxx
3301 771 3450 835 dicit,
3503 758 3680 832 sortes
3719 770 3858 826 nihil
3886 772 4031 830 aliud

776 843 920 893 esse,
961 846 1124 899 quam
1160 832 1211 886 io
1237 833 1576 887 dubitatione
1595 833 1837 887 humana
1867 829 2127 885 indicium
2159 828 2355 883 divina:
2380 828 2698 892 voluntatis:

1814 1116 2301 1174 PARAPHRASIS
2344 1116 2793 1174 PACHYMER/E
2833 1118 2971 1186 (-9.6).

842 1257 872 1330 ᾗ
907 1257 946 1311 l.
979 1256 1103 1311 llazc
1127 1258 1193 1311 de
1209 1257 1392 1312 divino
1411 1258 1745 1328 mystieoque
1769 1268 2064 1327 unguento;
2092 1267 2344 1313 ueterum
2378 1261 2422 1320 Α

772 1353 931 1405 nimio
972 1360 1184 1417 tempus
1210 1366 1239 1402 e
1275 1358 1296 1403 t
1338 1351 1641 1418 exponendi
1675 1349 1933 1419 ipsosmet
1967 1365 2156 1404 sacros
2193 1352 2341 1404 ordi-

768 1457 888 1505 nes,
943 1456 1008 1496 ac
1053 1441 1370 1504 sortitiones
1406 1455 1499 1494 seu
1549 1441 1980 1497 distributiones.
2013 1440 2123 1495 Hac
2155 1450 2340 1497 autem

768 1544 903 1586 voce
931 1533 1116 1596 utitur,
1160 1533 1285 1600 quia
1328 1530 1555 1600 quilibet
1584 1534 1719 1586 ordo
1747 1531 2155 1589 ecclesiasticus
2186 1548 2344 1603 sepa-

768 1625 924 1678 rat’nn
952 1623 1114 1678 habet
1135 1624 1507 1678 ecclesiastica
1553 1623 1860 1678 ministeria
1887 1634 2037 1680 sorte
2071 1625 2340 1694 quodam-

767 1717 925 1769 modo
961 1717 1064 1769 sibi
1089 1716 1371 1777 attributa,
1398 1732 1517 1784 qua:
1546 1717 1825 1786 praeterire
1858 1719 2064 1788 nequit.
2102 1717 2340 1774 Virtutes

765 1816 944 1860 autem
983 1816 1036 1860 et
1071 1807 1317 1862 actiones
1349 1821 1456 1858 uno
1482 1807 1781 1875 eodemque
1809 1822 1970 1861 sensu
2001 1807 2248 1875 accipere
2277 1806 2342 1859 li-

764 1909 906 1962 ceat,
966 1912 1088 1950 cum
1141 1897 1280 1950 idem
1341 1896 1601 1950 valeant:
1638 1897 1903 1966 siquidem
1951 1897 2162 1951 dicendi
2216 1905 2342 1950 sunt

763 1989 1138 2044 doctrinaliter
1170 1987 1425 2056 expiandi
1467 1997 1520 2041 et
1567 1980 1906 2044 illuminandi
1943 1989 2048 2042 vim
2076 1997 2129 2043 et
2161 1987 2340 2042 ellica-

764 2084 908 2138 ciam
939 2083 1207 2138 obtinuere.
1257 2082 1494 2136 Primum
1524 2084 1668 2137 enim
1702 2098 2010 2152 possumus,
2048 2099 2112 2137 ac
2143 2083 2340 2137 deinde

765 2175 1002 2243 agimus.
1032 2171 1222 2228 Liceat
1252 2189 1466 2242 quoque
1490 2174 1650 2228 aliter
1673 2175 2030 2244 distinguere.
2064 2190 2127 2229 ac
2161 2176 2336 2228 virtu-

765 2276 846 2320 tes
880 2267 1094 2336 quidem
1125 2267 1374 2334 accipere
1400 2281 1495 2335 pro
1525 2267 1681 2320 donis
1712 2266 2048 2334 spiritalibus
2080 2283 2144 2321 ac
2171 2269 2333 2321 nteri-

764 2361 869 2426 tis;
913 2360 1155 2413 actiones
1179 2373 1307 2414 vero
1340 2374 1436 2428 pro
1468 2360 1825 2422 ministeriis;
1855 2360 2218 2426 perfectiones
2243 2375 2340 2411 au-

763 2457 869 2502 tem
922 2448 1264 2501 manifestum
1299 2458 1402 2510 est,
1455 2449 1595 2516 quod
1645 2449 1696 2501 in
1740 2449 2214 2503 constitutionibus
2243 2465 2335 2503 seu

759 2539 1201 2594 ordinationibus
1232 2541 1586 2608 accipiemus.
1619 2538 1656 2593 S
1682 2555 1710 2593 c
1734 2543 1876 2592 enim
1914 2540 1965 2593 in
1997 2554 2177 2594 nostra
2204 2557 2338 2609 quo-

2523 1259 2549 1328 §
2587 1258 2621 1311 l.
2666 1258 2848 1310 Ταῦτα
2874 1256 2944 1309 τὰ
2969 1255 3212 1326 περὶτοῦ
3241 1255 3385 1307 θείου
3420 1255 3512 1308 καὶ
3541 1258 3803 1326 μυστικοῦ
3833 1256 4025 1328 μύρου.

2446 1351 2633 1422 καιρὸς
2658 1351 2700 1403 δ’
2728 1351 2793 1404 ἂν
2817 1350 2900 1418 εἴη
2919 1349 3102 1402 λοιπὸν
3129 1347 3264 1419 μετά
3288 1348 3458 1400 ταῦτα
3485 1349 3734 1402 ἐκθέσθαι
3755 1350 3853 1412 τὰς
3886 1353 4030 1420 ἱερα-

2443 1444 2600 1507 τικάς
2625 1444 2806 1509 τάξεις
2833 1443 2924 1496 καὶ
2954 1442 3383 1513 ἀποκληρώσεις.
3413 1442 3584 1496 Τοῦτο
3606 1441 3660 1493 δὲ
3688 1441 3835 1507 λέγει
3861 1441 3951 1493 διὰ
3971 1444 4027 1495 τὸ

2445 1535 2679 1605 ἑκάστην
2697 1532 2846 1598 τάξιν
2876 1530 3150 1604 ἱερατικὴν
3171 1531 3548 1602 ἀφορισμένως
3569 1531 3712 1600 ἔχειν
3749 1530 3848 1599 τῆς
3883 1533 4028 1602 ἱερα-

2441 1628 2589 1689 τείας
2614 1623 2915 1696 ὑπηρεσίας
2942 1623 3474 1693 ἀποκεκληρωμένας
3495 1618 3602 1674 οἷον
3622 1620 3853 1690 αὑτῇ,ἂς
3869 1622 4026 1692 ὑπερ-

2443 1720 2600 1789 ϐῆναι
2628 1719 2686 1771 οὐ
2709 1716 2948 1770 δύναται.
2964 1717 3230 1784 Δυνάμεις
3245 1714 3404 1766 δὲκαὶ
3423 1714 3700 1785 ἐνεργείας
3713 1715 3790 1765 ἔνι
3805 1713 3904 1783 μὲν
3936 1714 4025 1765 λα-

2443 1813 2557 1866 ϐεῖν
2576 1813 2658 1880 ἐφ’
2677 1811 2792 1874 ἐνὸς
2808 1811 3094 1880 νοήματος,
3113 1810 3188 1872 ὡς
3206 1809 3658 1877 ταύτοδυνάμουςα
3676 1807 3782 1878 τὴν
3804 1808 3916 1877 γὰρ
3933 1807 4023 1858 τοῦ

2443 1903 2722 1974 καθαίρειν
2735 1905 2826 1956 καὶ
2841 1900 3094 1969 φωτίζειν
3109 1898 3496 1961 διδασκαλικῶς
3514 1899 3794 1969 ἐνέργειαν
3805 1897 4024 1949 λεκτέον

2442 1993 2534 2047 καὶ
2549 1993 2794 2062 δύναμιν.
2817 1991 3035 2062 Πρῶτον
3049 1989 3156 2060 γὰρ
3172 1988 3464 2058 δυνάμεθα,
3488 1990 3578 2041 καὶ
3593 1989 3762 2050 οὕτως
3781 1986 4025 2058 ἐνεργού-

2445 2086 2723 2156 μεν.Ἔστι
2737 2083 2792 2136 δὲ
2807 2085 2897 2135 καὶ
2909 2083 3107 2153 ἑτέρως
3119 2081 3534 2142 διαστείλασθαι,
3550 2081 3642 2132 καὶ
3654 2080 3916 2150 δυνάμεις
3927 2079 4023 2149 μὲν

2440 2178 2763 2233 ὲκλαόέσθαι
2785 2176 2881 2240 τὰς
2916 2174 3283 2246 πνευματικὰς
3308 2175 3515 2246 δωρεὰς
3542 2175 3634 2227 καὶ
3660 2174 3839 2239 ἀξίας·
3873 2177 4021 2243 ὲνερ-

2439 2271 2592 2340 γείας
2602 2272 2657 2323 δὲ
2670 2271 2765 2333 τὰς
2781 2267 3134 2338 λειτουργίας·
3154 2268 3250 2331 τὰς
3265 2267 3319 2319 δὲ
3335 2265 3936 2336 τελειώσεις,πρόδηλον
3951 2268 4020 2330 ὡς

2440 2365 2531 2419 ἐπὶ
2557 2365 2662 2418 τῶν
2690 2363 3073 2416 καταστάσεων
3092 2401 3104 2422 ,
3147 2362 3312 2431 ἢγουν
3350 2360 3689 2432 χειροτονιῶν
3714 2360 4019 2429 ἐκληψόμε-

2439 2458 2529 2510 θα.
2560 2457 2716 2510 Οὕτω
2741 2455 2848 2526 γὰρ
2874 2456 2965 2508 καὶ
2991 2455 3080 2506 ἐπὶ
3102 2455 3201 2524 τῆς
3226 2452 3346 2506 καθ’
3367 2454 3515 2523 ἡμᾶς
3543 2452 3822 2522 ίεραρχίας
3837 2451 3899 2502 τὸ
3926 2453 4018 2520 μὲν

2439 2551 2673 2604 ἄτακτον
2698 2549 2791 2602 καὶ
2817 2549 3124 2616 ἀκόσμητον
3155 2545 3366 2616 ἁμιγῶς
3391 2544 3827 2612 διασταλήσεται,
3871 2545 3933 2596 τὸ
3965 2543 4015 2596 δὲ

759 2647 866 2702 que
913 2634 1219 2689 hierarchia
1266 2635 1526 2704 quidquid
1573 2635 1989 2704 incompositum
2034 2647 2087 2690 et
2119 2638 2334 2690 inorna-

2439 2638 2699 2693 εὔτακτον
2727 2639 2819 2690 καὶ
2845 2637 3068 2705 κόσμιον
3097 2635 3518 2704 ἀναφανήσεται.
3552 2635 3672 2684 Ὀτι
3714 2635 3899 2684 τοίνυν
3928 2633 4015 2685 καὶ

763 2733 874 2777 ιιιιιι
925 2733 1030 2785 est,
1076 2740 1213 2792 pure
1250 2725 1648 2795 segregabitur,
1700 2735 1880 2779 rectus
1909 2735 2088 2779 autent
2120 2728 2253 2780 ordo
2283 2737 2340 2781 et

758 2824 982 2869 ornatus
1005 2817 1480 2871 demonstrabitur.
1501 2815 1766 2882 Quoniam
1790 2830 1918 2870 vero
1945 2817 1994 2870 in
2019 2818 2162 2872 omni
2192 2818 2335 2871 hier-

775 2908 958 2963 arrhia
1018 2907 1208 2976 triplex
1240 2917 1324 2961 est
1354 2908 1653 2973 distinctio,
1682 2909 1818 2962 sicut
1859 2909 2105 2977 pulchre,
2135 2919 2194 2964 ut
2222 2911 2338 2965 exi-

761 2999 949 3062 stimo,
1007 2996 1330 3067 jampridem
1380 3001 1719 3054 ostendimus
1775 3015 1790 3052 :
1834 3001 2099 3070 siquidem
2161 3002 2336 3056 omnis

760 3091 970 3145 iiiiictio
1006 3090 1350 3144 hierarcliica
1373 3091 1635 3144 dividitur
1665 3092 1717 3146 in
1750 3091 1892 3159 ipsas
1923 3092 2250 3148 initiationes
2280 3103 2335 3149 et

759 3191 989 3253 mystas,
1018 3190 1070 3234 et
1100 3197 1193 3237 eos
1213 3183 1307 3249 Qui
1343 3183 1654 3236 initiantur.

833 3273 860 3344 §
890 3274 948 3326 ll.
985 3273 1171 3342 Itaque
1191 3273 1432 3327 catleatis
1465 3273 1679 3342 quidem
1713 3273 2013 3329 hierarchia
2043 3274 2202 3346 243
2236 3291 2331 3344 pro

758 3365 1061 3420 initiatione
1109 3365 1274 3419 habet
1312 3380 1472 3433 quam
1517 3366 1754 3420 maxime
1791 3366 2204 3422 immaterialem
2247 3383 2333 3422 re-

758 3474 877 3511 rum
925 3459 1235 3512 divinarum
1295 3458 1751 3529 intelligentiam,
1807 3469 2148 3530 quantusque
2211 3463 2328 3516 dari

755 3560 956 3618 potest,
1003 3551 1195 3606 divina:
1218 3551 1539 3606 imitationis
1575 3561 1777 3606 statum
1807 3570 1822 3619 ;
1853 3569 1950 3622 pro
1978 3554 2169 3625 mySIis
2201 3570 2330 3609 vero

759 3641 970 3710 primas
1012 3641 1131 3696 illas
1176 3642 1486 3697 essentias:
1521 3643 1603 3698 hae
1630 3645 1772 3698 enim
1810 3645 1875 3697 ad
1919 3645 2207 3701 inferiores
2249 3648 2331 3702 di-

755 3734 880 3788 vina
927 3750 1146 3788 munera
1188 3733 1430 3789 beneﬁca:
1478 3736 1758 3801 derivant;
1815 3737 2102 3793 inferiores
2145 3749 2327 3793 autem

757 3826 986 3881 virtutes
1026 3837 1150 3882 sunt
1197 3829 1303 3884 ilbe
1345 3844 1464 3893 qua:
1495 3829 1778 3885 initiantur
1817 3840 1871 3884 et
1918 3838 2325 3884 consecrantur.

2435 2730 2528 2782 ἐπὶ
2556 2729 2735 2799 πάσης
2770 2727 3052 2798 ίεραρχίας
3097 2726 3129 2796 ἡ
3170 2723 3418 2795 τριαδικὴ
3445 2722 3708 2791 διαίρεσίς
3747 2725 3888 2786 ἐστι,
3918 2741 4011 2777 κα·-

2435 2822 2542 2886 λῶς
2571 2822 2663 2876 καὶ
2696 2820 2905 2892 πρώην,
2933 2821 3007 2884 ὡς
3034 2815 3203 2889 οἶμαι,
3250 2815 3711 2887 παρεδηλώσαμεν
3729 2833 3741 2844 ·
3786 2817 4012 2887 διαιρεῖ-

2435 2928 2523 2968 ται
2571 2914 2679 2985 γὰρ
2740 2915 2888 2966 πᾶσα
2947 2908 3229 2982 ίεραρχικὴ
3292 2908 3640 2978 πραγματεία
3706 2910 3786 2970 εἰς
3845 2908 4012 2970 αὑτὰς

2434 3004 2497 3074 δὴ
2538 3002 2634 3066 τὰς
2656 3002 2896 3064 τελετὰς,
2927 3003 3005 3063 είς
3029 2999 3154 3060 τοὺς
3183 2997 3410 3068 μύστας,
3441 2996 3532 3048 καὶ
3576 2999 3655 3059 είς
3693 2999 3818 3060 τοὺς
3847 3015 4010 3068 μυου-

2439 3114 2653 3166 μενους.

2506 3280 2532 3352 §
2561 3280 2619 3333 11.
2649 3278 2856 3332 Οὐκοῦν
2901 3279 2933 3348 ἡ
2986 3278 3083 3347 μὲν
3123 3275 3348 3345 οὐρανία
3377 3272 3625 3344 ίεραρχία
3650 3271 3873 3342 τελετὴν
3902 3271 4011 3341 ἔχει

2431 3371 2529 3442 τὴν
2552 3371 2659 3422 τῶν
2684 3369 2843 3423 θείων
2887 3369 3180 3436 ἀῦλοτάτην
3199 3367 3400 3436 νόησιν,
3426 3366 3516 3416 καὶ
3537 3365 3654 3432 τὴν,
3679 3363 3752 3424 ὡς
3770 3363 4008 3429 ἐφικτὸν,

2434 3463 2761 3532 θεομίμητον
2797 3457 2940 3524 ἓξινσ
2977 3458 3183 3528 μύστας
3209 3458 3264 3509 δὲ
3304 3459 3401 3518 τὰς
3443 3455 3752 3526 πρωτίστας
3789 3455 4006 3516 οὐσίας·

2433 3550 2708 3624 αὗταιγὰρ
2722 3553 2852 3622 πρὸς
2862 3553 2985 3614 τοὺς
2998 3548 3399 3620 ὑποϐεϐηκότας
3417 3548 3740 3616 ἀγαθοειδῶς
3755 3545 3852 3608 τὰς
3867 3546 4008 3607 θείας

2431 3645 2638 3716 δωρεὰς
2686 3642 3150 3715 μετοχετεύουσιν·
3195 3642 3250 3692 αἱ
3297 3640 3353 3694 δὲ
3412 3640 3697 3709 ὺφειμέναι
3755 3638 4008 3706 δυνάμεις

2436 3737 2736 3810 μυούμεναί
2764 3739 2870 3789 εἰσι
2897 3736 2990 3788 καὶ
3015 3735 3352 3804 τελούμεναι.
3387 3732 3540 3785 Μετὰ
3567 3731 3695 3800 γοῦν
3717 3732 3819 3800 τὴν
3844 3731 4007 3799 οὐρα-

2432 3833 2548 3885 νίαν
2573 3829 2886 3884 καθιστῶσα
2921 3828 3018 3898 τὴν
3055 3826 3174 3880 καθ’
3201 3828 3347 3895 ἡμᾶς
3374 3824 3651 3895 ἱεραρχίαν
3679 3825 3711 3892 ἡ
3738 3822 4008 3892 ἀγαθότης

757 3913 886 3970 Post
934 3917 1217 3972 cmlestem
1272 3932 1400 3971 vero
1453 3917 1622 3980 illam,
1669 3930 1908 3971 nostram
1950 3919 2090 3972 hanc
2120 3919 2329 3972 hierar-

2436 3922 2524 3975 τοῦ
2550 3921 2706 3984 Θεοῦ,
2731 3922 2819 3973 ὅτε
2850 3921 2945 3989 μὲν
2969 3919 3151 3988 νήπιοι
3180 3913 3340 3986 ἦμεν,
3371 3916 3467 3985 τὴν
3507 3914 3648 3967 κατὰ
3672 3915 3834 3984 νόμον
3879 3914 4005 3971 ἐδω-

758 4007 938 4060 cbiam
1001 4009 1182 4062 divina
1232 4010 1445 4064 bonitas
1488 4011 1845 4071 constituens,
1891 4011 2326 4080 quandoquidem

761 4100 994 4159 infantes
1021 4115 1260 4165 eramus,
1296 4102 1522 4173 legalem
1564 4103 1925 4156 hierarchiam
1957 4103 2198 4166 indulsit,
2227 4106 2328 4155 itu-

759 4192 1127 4247 becillioribus
1159 4195 1363 4247 nostris
1390 4194 1561 4248 ocuiis
1599 4195 1776 4247 lumen
1816 4194 1923 4246 illis
1953 4195 2330 4262 praportiona-

760 4295 871 4335 tum
897 4297 993 4351 per
1021 4285 1278 4338 obscuras
1307 4285 1569 4351 quasdam
1597 4287 1858 4354 imagines
1884 4271 2330 4353 aliundensfqua:

759 4388 865 4425 non
898 4373 968 4425 ita
1009 4371 1304 4439 dijudicatu
1340 4373 1548 4428 facilem
1586 4376 1994 4445 intelligentiam
2035 4379 2326 4433 habebant.

760 4464 1026 4530 Quoniam
1072 4479 1198 4519 vero
1242 4465 1398 4529 dixit,
1442 4480 1656 4519 onmem
1718 4469 2078 4522 hierarchiam
2132 4471 2332 4525 habere

761 4555 1149 4623 initiationem,
1204 4566 1260 4610 et
1316 4568 1538 4627 mystas,
1593 4569 1646 4610 et
1694 4558 1954 4625 initiatos,
1988 4564 2053 4614 ad
2104 4563 2328 4631 legalem

759 4647 964 4704 coltum
997 4650 1216 4705 veniens
1247 4649 1552 4703 istiusmodi
1585 4651 1808 4703 triadem
1849 4654 2132 4707 ostendere
2160 4656 2327 4723 cupit.

763 4738 1006 4792 luitiatio
1041 4740 1220 4807 itaque
1253 4742 1377 4800 huic
1407 4753 1510 4803 est,
1554 4758 1580 4794 a
1617 4744 1753 4811 typis
1794 4744 1858 4796 ad
1885 4745 2178 4811 spiritalem
2214 4747 2330 4797 eul-

764 4841 876 4884 tum
914 4832 1204 4896 traductio,
1248 4834 1699 4900 quetnadmmlum
1731 4834 2208 4904 etiatnTheologus
2243 4837 2332 4888 ille

761 4921 1057 4996 Gregorius
1092 4935 1368 4976 asseverat
1402 4940 1415 4975 ε
1451 4926 1868 4977 manuductores
1910 4939 2038 4978 vero
2070 4927 2135 4977 ad
2170 4925 2329 4986 hanc,

761 5016 874 5070 sive
903 5025 1090 5086 mysta:
1113 5026 1261 5078 sunt,
1291 5016 1377 5084 qui
1405 5030 1432 5067 a
1463 5015 1660 5084 Moyse,
1692 5016 1866 5082 primo
1893 5017 2114 5070 doctore
2139 5031 2201 5069 ac
2238 5017 2333 5069 du-

762 5115 930 5173 ctorc,
956 5107 1130 5160 edocti
1153 5119 1274 5160 sunt
1306 5108 1710 5161 tabernaculum:
1752 5107 1878 5160 illud
1920 5123 2024 5162 non
2066 5125 2226 5162 manu
2251 5109 2325 5162 fa-

761 5208 932 5262 ctum,
982 5199 1278 5252 sceundum
1328 5200 1470 5268 quod
1515 5199 1658 5250 illam
1700 5197 1927 5267 legalem
1975 5201 2333 5254 hierarchiam

2436 4017 2579 4084 ρεῖτο
2628 4011 2906 4082 ίεραρχίαν
2947 4013 3065 4070 ταῖς
3125 4007 3404 4059 ἀσθενέσιν
3456 4005 3610 4075 ἡμῶν
3658 4005 3844 4072 ὄψεσιν
3890 4007 4005 4056 επι-

2430 4105 2718 4175 λάμπουσα
2745 4103 2805 4154 τὸ
2833 4099 3089 4167 ἀνάλογον
3135 4098 3247 4167 φῶς
3287 4098 3373 4151 διά.
3397 4115 3556 4150 τινων
3589 4096 3844 4166 ἀμυδρῶν
3872 4095 4005 4147 εἰκό-

2431 4215 2553 4258 νων,
2585 4197 2677 4248 καὶ
2699 4195 2797 4246 οὐκ
2823 4191 3157 4261 εὐδιάκριτον
3179 4189 3408 4260 ἐχόντων
3427 4189 3522 4258 τὴν
3544 4188 3794 4257 θεωρίαν.
3840 4188 4006 4238 Ἐπειρ

2429 4289 2604 4360 δήπερ
2629 4283 2802 4348 εἶπεν,
2831 4286 2911 4336 ὃτι
2940 4285 3085 4334 πᾶσα
3115 4279 3602 4352 ίεραρχίατελετὴν
3631 4279 3764 4348 ἔχει,
3795 4281 3886 4331 καὶ
3910 4277 4003 4347 μύο

2434 4398 2582 4443 στας,
2609 4380 2699 4431 καὶ
2723 4376 3078 4447 μυουμένους,
3108 4371 3278 4426 ἐλθὼν
3305 4371 3397 4425 ἐπὶ
3423 4371 3520 4440 τὴν
3547 4370 3775 4440 νομικὴν
3800 4372 4003 4439 ἱερουρ-

2430 4471 2574 4536 γίαν,
2625 4467 2868 4536 βούλεται
2907 4464 3074 4528 δεῖξαι
3115 4464 3214 4533 τὴν
3251 4461 3505 4529 τοιαύτην
3549 4461 3759 4532 τριάδα.
3808 4461 3999 4529 Τελετὴ

2435 4561 2531 4630 μὲν
2564 4556 2654 4610 οὖν
2682 4557 2852 4626 ταύτῃ
2878 4557 3026 4608 ἐστὶν
3055 4558 3086 4623 ἡ
3116 4554 3222 4605 ἀπὸ
3247 4552 3355 4604 τῶν
3382 4550 3568 4603 τύπων
3604 4554 3693 4602 ἐπὶ
3717 4552 3815 4620 τὴν
3844 4569 3999 4602 πνευ-

2434 4649 2663 4719 ματικὴν
2715 4647 2965 4716 λατρείαν
3015 4642 3288 4712 ἀναγωγὴ,
3339 4640 3522 4704 καθὼς
3560 4642 3653 4693 καὶ
3695 4643 3720 4692 ὀ
3753 4642 4001 4708 Θεολόγος

2432 4743 2619 4808 ἀνάγει
2648 4740 2686 4792 Γ
2694 4738 2944 4810 ρηγὸριος
2965 4753 2976 4764 ·
3010 4734 3336 4806 χειραγωγοὶ
3355 4733 3413 4787 δὲ
3436 4733 3569 4802 πρὸς
3597 4731 3818 4801 ταύτην,
3842 4735 4000 4801 ἤγουν

2438 4835 2658 4903 μύσται,
2685 4833 2734 4884 οι
2770 4831 2875 4883 ὑπὸ
2900 4828 3142 4890 Μωσέως
3166 4825 3259 4878 τοῦ
3289 4823 3501 4896 πρώτου
3531 4824 3729 4894 μύστου
3762 4827 3853 4876 καὶ
3883 4827 4001 4893 ἠγε-

2435 4928 2590 4996 μὸνος
2636 4923 2930 4996 μυηθέντες
2963 4919 3059 4989 τὴν
3094 4916 3502 4989 ἀχειροποίητον
3532 4915 3743 4982 ἐκείνην
3781 4916 3998 4984 σκηνὴν.

2433 5020 2567 5091 πρὸς
2589 5017 2655 5086 ἢν
2683 5011 3022 5086 ἱερογραςςιῖη
3049 5011 3147 5079 τὴν
3175 5007 3314 5064 κατὰ
3345 5005 3509 5076 νόμον
3536 5005 3837 5077 ίεραρχίαν,
3871 5004 4000 5056 εἰκό-

2433 5127 2498 5162 να
2521 5106 2590 5160 τά
2617 5104 2758 5160 κατά
2793 5101 2953 5173 νόμον
2978 5099 3160 5153 ὲκάλει
3185 5114 3198 5126 ·
3230 5098 3393 5167 ἤκουε
3429 5095 3556 5167 γάρ·
3591 5093 3796 5146 Πάντα
3839 5094 3999 5156 :rcui-

2429 5217 2565 5266 σεις
2600 5197 2747 5252 κατὰ
2790 5195 2896 5247 τὸν
2935 5192 3128 5246 τύπον
3178 5190 3282 5240 τὸν
3320 5186 3630 5254 δειχθέντα
3667 5201 3762 5236 σοι
3811 5184 3890 5235 ,ὲν
3929 5183 3995 5246 τῷ

761 5288 1094 5350 describens,
1125 5289 1316 5358 legalia
1347 5289 1433 5343 illa
1461 5289 1661 5354 ﬁguras
1689 5305 1782 5342 seu
1817 5291 2075 5359 imagines
2097 5291 2332 5360 appella-

2437 5293 2576 5360 ὄρει.
2601 5283 3025 5360 Προτελούμενοι
3049 5281 3104 5332 δὲ
3132 5274 3239 5330 εἷεν
3269 5279 3350 5340 ἂν,
3380 5279 3426 5328 οἱ
3455 5275 3560 5327 ἀπὸ
3585 5274 3789 5342 ταύτης
3814 5275 3908 5326 ἐπὶ
3930 5288 3992 5322 τε-

763 5381 852 5432 bat
890 5396 904 5433 :
937 5381 1142 5434 audivit
1173 5381 1317 5435 enim
1347 5397 1362 5431 :
1397 5380 1590 5433 Omnia
1636 5382 1794 5449 {acies
1832 5385 2121 5435 secundant
2149 5399 2329 5437 exent-

758 5470 878 5537 plur
905 5473 1042 5538 quod
1066 5471 1160 5525 tibi
1188 5481 1532 5524 monstratum
1555 5481 1632 5524 est
1665 5474 1715 5524 in
1746 5485 1914 5526 monte
1933 5484 1975 5525 ⁸.
2007 5470 2208 5526 Iuitiati
2237 5489 2330 5523 ve.

866 5623 886 5648 τ
913 5611 1082 5664 Exod.
1110 5627 1233 5677 xxv,
1267 5611 1355 5664 40.

2433 5382 2705 5453 λεωτέραν
2729 5375 3050 5446 ἀναγόμενοι
3099 5369 3296 5441 μύησιν
3321 5409 3333 5429 ,
3377 5369 3440 5436 ἢν
3490 5367 3583 5418 καὶ
3615 5366 3994 5436 ἀποπλήρωσιν

2432 5479 2529 5539 τῆς
2558 5473 2778 5544 πρώτης
2805 5469 2898 5524 καὶ
2923 5465 3074 5536 ἱερὰν
3099 5462 3248 5532 λῆξιν
3277 5462 3330 5515 αἱ
3359 5459 3568 5530 Γραφαὶ
3592 5457 3833 5524 λέγουσι.
3879 5454 3996 5509 καθὸ

833 5774 949 5839 (ἳεὶ)
1012 5769 1138 5822 Vide
1178 5766 1393 5823 Scholia
1436 5769 1492 5820 f4.
1552 5765 1767 5819 Maximi
1835 5773 1966 5816 tom.
2019 5762 2081 5826 li,
2119 5775 2234 5826 cap.
2269 5759 2298 5810 5

2436 5759 2550 5810 τίω.
2602 5753 2727 5808 httt'.
