4172 6304
168 349 272 404 5‘31

779 346 864 399 DE
902 345 1182 402 ECCLES.
1221 345 1620 410 "remeam,
1657 345 1808 402 CAP.
1849 345 2000 400 v.——
2035 335 2379 404 PABAPHR.
2418 350 2879 409 PACllYi‘dElle.

3307 361 3405 412 5⁸ὶῖ

167 466 270 516 καὶ
295 462 584 535 πληρωτὴς
610 464 858 533 νόμου,οὑ
887 464 1188 534 καταλυτὴς
1221 467 1248 518 6
1281 464 1482 536 Κύριος
1506 465 1721 531 λέγεται

1805 487 1820 525 ι
1853 479 1909 518 ro
1942 475 2117 528 erant,
2155 469 2245 535 qni
2289 469 2357 522 ab
2386 468 2485 521 bac
2533 469 2597 522 ad
2644 472 3018 539 perfectiorcm
3067 473 3407 543 disciplinam

166 555 365 626 ὥσπερ
401 557 491 608 καί
533 559 560 610 6
598 557 688 608 sui.
712 556 1002 626 σκιάσματι
1037 559 1240 620 εἰκόνος
1265 557 1522 619 ἐπιτιθεὶς
1549 555 1744 608 πολλά-

167 665 263 710 κις
290 647 360 700 τὰ
386 646 646 718 χρώματα
670 650 931 716 γραφεὺς,
979 648 1266 719 πληρωτὴς
1287 647 1385 718 τῆς
1413 648 1636 711 εἰκόνος,
1680 648 1739 700 οὑ

167 741 474 809 καταλυτὴς
498 739 691 806 λέγοιτ’
718 741 802 793 ἄν.
832 742 894 792 Εἰ
921 741 974 793 δὲ
993 743 1073 794 δεῖ
1093 741 1288 809 Παύλῳ
1307 739 1583 792 πείθεσθαι
1606 737 1742 809 πρὸς

177 831 466 902 Ἐϐραίους
493 831 776 901 γράφοντι,
808 833 920 885 ἔστι
944 850 994 884 τι
1026 833 1184 902 μέσον
1208 832 1305 903 τῆς
1326 831 1579 902 οὐρανίας
1603 831 1744 882 ἐκεί-

165 941 270 992 νης
296 926 389 976 καὶ
419 925 517 994 τῆς
542 926 682 978 κατὰ
708 926 866 996 νόμον
889 926 1159 996 λατρείας,
1188 927 1219 995 ή
1247 925 1365 977 καθ’
1392 925 1536 994 ἡμᾶς
1559 925 1739 993 ίεραρ-

165 1015 284 1081 χία,
312 1018 377 1084 τῇ
409 1017 503 1086 μὲν
527 1017 584 1067 οὑ
596 1017 751 1086 ρανίᾳ
771 1016 1116 1080 κοινωνοῦσα,
1143 1017 1224 1068 ὅτι
1250 1016 1343 1066 καὶ
1369 1014 1505 1084 αὑτὴ
1525 1015 1738 1084 νοηταῖς

164 1105 425 1175 θεωρίαις
450 1110 676 1179 χρῆται·
705 1111 769 1179 τῇ
804 1109 860 1161 δὲ
896 1109 1038 1162 κατὰ
1064 1109 1242 1178 νόμον,
1279 1110 1359 1160 ὃτι
1384 1108 1476 1161 καὶ
1501 1107 1638 1176 αὑτὴ
1665 1104 1739 1168 ὼς

162 1199 352 1269 ἐκείνη
378 1201 649 1270 αἰσθητοῖς
679 1199 961 1272 συμϐόλοις
985 1202 1333 1255 ποικίλλεται.

1845 557 2287 625 traducebantur,
2313 574 2472 627 quam
2497 571 2548 612 ct
2569 560 2934 629 impletioncm
2961 566 3145 636 primae
3168 580 3409 620 sacram-

1844 661 1948 715 que
1973 658 2174 701 sortem
2201 646 2492 716 Scriptura:
2522 659 2736 713 vocant,
2765 656 3054 708 secundum
3075 659 3216 724 quod
3241 659 3405 714 etiam

1851 738 2108 790 Dominus
2147 738 2464 806 adimpletor
2497 742 2650 811 legis,
2676 754 2730 796 et
2763 760 2864 798 non
2897 747 3099 803 solutor
3131 751 3331 805 dicitur
3360 753 3403 804 ί.

1844 826 2307 892 Quemadmodum
2337 833 2495 887 etiam
2523 836 2717 904 pictor,
2750 839 2838 905 qui
2868 838 2989 890 dum
3021 841 3221 896 umbrae
3262 845 3402 896 ima-

1842 919 1982 989 ginis
2028 937 2168 989 saape
2195 922 2404 978 colores
2443 926 2609 993 addit,
2653 927 2864 982 dicetur
2901 929 3043 982 illam
3088 933 3398 1002 adimplere,

1846 1021 1899 1063 et
1924 1025 2262 1081 nequaquam
2289 1014 2517 1068 solvere.
2544 1014 2599 1068 Si
2623 1032 2751 1071 vero
2779 1017 2944 1073 Paulo
2970 1022 3294 1077 credendum
3319 1031 3400 1078 est

1845 1103 1910 1156 ad
1939 1103 2190 1161 Hebraeos
2227 1107 2506 1171 scribenti,
2542 1111 2776 1164 medium
2804 1114 2931 1180 quid
2959 1115 3098 1168 inter
3127 1119 3400 1173 caelestem

1847 1197 1996 1250 illum
2026 1205 2081 1250 et
2111 1197 2334 1266 legalem
2363 1200 2565 1253 cultum
2597 1211 2776 1255 nostra
2803 1214 2884 1256 est
2914 1205 3253 1275 hieran-hia;
3283 1225 3401 1276 quze

167 1303 298 1342 cum
328 1291 538 1345 cwlesti
565 1292 781 1360 quidem
813 1295 1196 1356 communicat,
1238 1294 1378 1363 quod
1414 1289 1747 1364 spiritalibus
1787 1295 1970 1344 utatur
1996 1290 2580 1359 contemplationibus;
2645 1305 2764 1346 cum
2796 1293 2950 1363 legali
2981 1311 3130 1360 vero,
3172 1301 3312 1367 quod
3346 1310 3402 1356 ut

163 1380 257 1432 illa
299 1395 513 1450 quoque
535 1382 824 1437 sensilibus
856 1384 1022 1455 signis
1055 1387 1382 1452 variegetnr.

238 1466 266 1538 §
293 1469 386 1519 Ill.
421 1469 571 1538 Ἔχει
598 1469 653 1522 δὲ
677 1472 768 1524 καὶ
795 1472 930 1543 αὑτὴ
958 1472 1017 1525 τὸ
1037 1473 1255 1544 τρισσὸν
1280 1474 1380 1543 τῆς
1417 1470 1733 1545 ίεραρχικῆς

158 1557 506 1628 διαιρέσεως,
539 1560 888 1633 διαιρουμένη
931 1562 1011 1627 εἷς
1036 1582 1094 1617 τε
1124 1565 1220 1629 τὰς
1264 1566 1481 1628 τελετὰς
1523 1567 1617 1618 καί
1656 1567 1734 1629 εἰς

158 1652 290 1713 τοὺς
331 1651 605 1722 ὑπηρέτας
631 1654 736 1706 τῶν
763 1654 941 1718 θείων,
971 1657 1062 1708 καὶ
1089 1658 1269 1728 ἱερεῖς,
1299 1660 1391 1710 καὶ
1417 1659 1630 1728 τρίτους
1656 1661 1734 1723 εἰς

156 1743 290 1805 τοὺς
333 1744 767 1814 προσαγομένους
795 1747 884 1800 ὑπ’
921 1748 1098 1801 αὑτῶν
1122 1753 1200 1813 εἰς
1223 1749 1292 1801 τὰ
1320 1751 1456 1820 ἱερά.
1498 1752 1727 1821 Ἑκάστη

156 1833 217 1884 δὲ
238 1832 445 1886 τούτων
471 1836 699 1904 τριττῶς
726 1837 882 1892 πάλιν
904 1838 1171 1911 διῄρηται.
1204 1841 1322 1893 Τῶν
1345 1840 1474 1908 γοῦν
1501 1843 1729 1898 τελετῶν

157 1924 358 1996 πρώτη
386 1927 419 1996 ή
459 1927 722 1998 κάθαρσις
745 1946 757 1958 ·
783 1930 1007 2002 δευτέρα
1031 1933 1138 1984 τῶν
1163 1933 1536 2004 καθαρθέντων
1562 1937 1589 1987 6
1615 1953 1728 2004 φω-

154 2015 392 2085 τισμός·
440 2019 532 2070 καὶ
575 2020 729 2091 τρίτη
767 2024 798 2092 ή
842 2024 1265 2096 συμπληρωτικὴ
1302 2025 1408 2078 τῶν
1453 2028 1729 2098 προτέρων

154 2105 460 2170 τελείωσις.
489 2109 675 2172 Πάλιν,
703 2113 734 2180 ἡ
757 2111 862 2164 τῶν
891 2115 1182 2184 ἱερουργῶν
1206 2117 1557 2187 διακόσμησις
1583 2118 1729 2188 πρώ-

152 2216 269 2263 τως
312 2201 578 2272 καθαίρει,
623 2199 739 2256 εἶτα
776 2207 1016 2273 φωτίζει,
1057 2209 1151 2260 καὶ
1186 2209 1372 2261 ἔπειτα
1411 2210 1620 2264 τελειοῖ.
1667 2214 1728 2265 Oi

153 2289 399 2344 διάκονοι
441 2293 807 2364 καθαίρουσιν,
839 2299 885 2347 oi
916 2299 1273 2369 πρεσϐύτεροι
1301 2301 1606 2367 φωτίζουσι,
1637 2304 1729 2356 καὶ

151 2381 203 2431 οἱ
233 2382 523 2436 ἐπίσκοποι
547 2385 830 2439 τελειοῦσι.
866 2387 984 2440 Τῶν
1009 2389 1065 2441 δὲ
1088 2390 1420 2460 τελουμένων
1445 2395 1491 2446 oi.
1518 2395 1724 2463 πρῶτοι

155 2471 512 2541 καθαίρονται
553 2473 637 2526 διὰ
668 2478 1035 2547 κατηχήσεων,
1059 2480 1106 2532 οἰ
1139 2481 1373 2553 δεύτεροι
1411 2485 1725 2551 φωτίζονται

153 2558 246 2611 διὰ
277 2560 374 2611 τοῦ
405 2561 790 2634 βαπτίσματος,
839 2569 931 2619 καὶ
970 2570 1016 2621 οἰ
1053 2571 1221 2640 τρίτοι
1250 2573 1586 2628 ιτελειοῦνται
1631 2577 1724 2647 τὴν

152 2651 508 2723 τελειωτικὴν
553 2656 856 2727 ἐπιστήμην
881 2657 1263 2729 λαμϐάνοντες,
1290 2657 1363 2716 ὧν
1405 2666 1461 2717 ἐν
1501 2665 1577 2736 τῷ
1617 2683 1727 2734 φω-

151 2741 342 2810 τισμῷ
391 2743 580 2813 θεωροὶ
624 2747 981 2814 ἐγεγόνεισαν,
1025 2751 1085 2802 ἐν
1132 2753 1387 2822 μετουσίᾳ
1429 2754 1527 2822 τῆς
1580 2754 1724 2819 θείας

155 2831 527 2902 Εὑχαριστίας
567 2837 852 2906 γινόμενοι.
891 2839 962 2891 Τὸ
1003 2836 1095 2894 οὖν
1124 2844 1334 2913 τριττὸν
1375 2845 1473 2913 τῆς
1509 2846 1615 2898 τῶν
1640 2864 1728 2899 τε·-

152 2921 330 2976 λετῶν
347 2926 648 2998 ἱερουργίας
666 2929 932 2999 ὑμνεῖται·
952 2932 1011 2984 τὸ
1026 2931 1131 3004 γὰρ
1146 2934 1282 2986 θεῖον
1296 2935 1578 3007 βάπτισμα
1593 2937 1727 2990 ἁπε-

1910 1467 1938 1540 ς
1971 1468 2056 1526 lll.
2083 1470 2254 1527 liabet
2275 1482 2455 1526 autem
2480 1473 2641 1528 etiam
2670 1474 2784 1545 ipsa
2816 1477 3076 1547 triplicem
3111 1481 3250 1538 lianc
3283 1485 3399 1540 bie-

1841 1562 2144 1618 rarchicam
2178 1566 2606 1632 distinctionem,
2642 1570 2814 1624 divisa
2859 1572 2910 1624 in
2951 1577 3226 1643 mysteria,
3253 1587 3306 1632 et
3342 1580 3393 1633 in

1766 1697 1807 1750 Β
1840 1651 2142 1708 divinorum
2173 1658 2556 1726 mysteriorum
2587 1659 2942 1717 administros
2975 1679 3038 1717 ac
3066 1670 3392 1732 sacerdotes.

1835 1750 1888 1792 et
1920 1741 1970 1793 in
2003 1745 2192 1798 tertios
2224 1746 2341 1801 illos
2369 1748 2460 1816 qui
2490 1749 2556 1802 ab
2587 1749 2669 1803 bis
2701 1752 2952 1806 ad-sacra
2986 1769 3388 1822 promoventur.

1831 1831 2098 1896 Quaelibet
2129 1847 2305 1891 autem
2338 1840 2531 1893 borum
2559 1841 2767 1896 functio
2794 1844 2971 1898 denuo
2999 1847 3281 1915 tripliciter
3309 1852 3391 1903 di-

1829 1924 2049 1978 viditur.
2076 1925 2444 1983 lnitiationum
2478 1931 2658 2000 itaque
2697 1935 2871 2002 prima
2902 1947 2985 1990 est
3011 1939 3269 2008 expiatio,
3303 1956 3392 1996 se-

1830 2016 2047 2080 cunda,
2097 2019 2435 2087 cxpiatornm
2498 2023 2854 2091 illuminatio,
2909 2036 2962 2081 et
3021 2032 3221 2097 tertia,
3273 2050 3393 2102 qua:

1830 2106 2040 2172 priores
2084 2110 2320 2178 complet
2369 2113 2650 2181 perfectio.
2701 2115 2833 2170 ltem
2883 2119 3016 2173 ordo
3063 2123 3388 2180 initiantium

1831 2196 2062 2262 primum
2091 2200 2290 2267 expiat,
2314 2200 2510 2262 deinde
2538 2204 2824 2271 illuminat,
2849 2223 2912 2261 ac
2940 2219 3120 2277 postea
3153 2215 3384 2283 perlicit;

1829 2286 2039 2340 diaconi
2097 2290 2338 2357 expiant,
2388 2294 2696 2350 sacerdotes
2735 2297 3058 2363 illuminant,
3088 2302 3249 2374 244
3271 2307 3386 2374 epi-

1827 2377 1973 2444 scopi
2032 2379 2339 2444 perficiunt.
2388 2383 2584 2437 Eorum
2643 2397 2823 2442 autem
2897 2391 2987 2459 qui
3055 2393 3383 2463 initiantur,

1828 2468 1986 2535 primi
2033 2472 2320 2538 expiantur
2357 2488 2450 2541 per
2488 2477 2818 2541 catecbesiu,
2841 2483 3058 2535 secundi
3085 2483 3389 2539 illuminan-

1841 2560 1930 2603 tur
1956 2568 2052 2622 per
2083 2554 2428 2626 baptismum,
2461 2570 2518 2615 et
2549 2565 2691 2618 tertii
2720 2567 3092 2634 perﬁciuntur,
3113 2588 3234 2626 cum
3261 2589 3381 2642 per-

1828 2641 2074 2697 fectivam
2126 2647 2411 2703 scientiam
2467 2654 2738 2721 accipiunt
2782 2671 2968 2712 eorum
3021 2674 3139 2729 quae
3190 2641 3386 2720 inibu-

1828 2734 2023 2800 ptismo
2050 2751 2468 2809 conspexerunt,
2506 2744 2701 2799 divinae
2727 2750 3068 2804 eucharistize
3093 2757 3384 2824 participes

1827 2824 2019 2878 cllccti.
2047 2826 2261 2896 Triplex
2288 2831 2473 2901 itaque
2501 2848 2962 2893 sacramentorum
2992 2857 3146 2896 sacra
3179 2843 3385 2901 functio

1827 2916 2176 2974 celebratur:
2232 2937 2354 2976 nam
2407 2924 2624 2980 dit-inus
2669 2929 2970 2998 baptismus
3007 2945 3256 2992 ostensus
3301 2952 3384 2992 est

152 3014 346 3085 ὃείχθη
389 3019 481 3070 καὶ
523 3019 784 3089 κάθαρσις
825 3022 917 3073 καὶ
957 3025 1259 3094 φωτισμός·
1307 3027 1339 3096 ἡ
1378 3027 1432 3080 δέ
1473 3028 1722 3082 κοινωνία

1826 3023 1946 3062 esse
1979 3012 2219 3078 expiatio
2267 3025 2322 3068 et
2375 3016 2717 3082 illuminatio,
2757 3029 3152 3083 communionis
3201 3041 3380 3086 autem

152 3101 259 3170 τῖ’,ς
288 3105 654 3176 μεταλήψεως,
675 3110 767 3160 καὶ
791 3110 823 3180 ἡ
846 3109 937 3162 τοῦ
964 3111 1129 3181 μύρου
1155 3112 1361 3184 τελετὴ,
1387 3117 1484 3185 τῆς
1503 3117 1721 3170 τελειω-

151 3191 320 3260 τικῆς
348 3192 596 3258 γνώσεως
635 3197 725 3248 καὶ
770 3199 1080 3271 ἐπιστήμης
1122 3197 1229 3256 εἷεν
1265 3206 1635 3276 γνωρίσματα,
1658 3207 1725 3261 δι’

152 3274 222 3351 ἦς
266 3283 429 3352 ίερῶς
457 3285 488 3354 ἡ
513 3286 647 3356 πρὸς
673 3286 763 3339 τὸν
803 3288 932 3341 Θεὸν
962 3293 1212 3346 κοινωνία
1250 3274 1723 3368 τελεσιουργεῖται.

228 3372 256 3444 §
282 3371 372 3425 IV.
407 3376 519 3427 Νῦν
542 3377 595 3428 δὲ
624 3380 750 3450 περὶ
772 3381 867 3451 τῆς
894 3382 1168 3454 ἱερατικῆς
1191 3385 1406 3440 λεκτέον
1427 3389 1723 3462 διακοσμή-

155 3481 320 3526 σεως,
348 3465 437 3517 καὶ
464 3468 662 3539 ταύτης
685 3472 1060 3545 διαιρουμένης
1081 3476 1296 3547 τριχῶς,
1325 3480 1402 3542 είς
1437 3481 1720 3553 κάθαρσιν,

151 3557 235 3617 εἰς
267 3559 559 3627 φωτισμὸν,
589 3563 666 3624 είς
690 3562 962 3619 τελείωσιν
987 3581 1000 3594 ⁶
1040 3566 1197 3636 νόμος
1236 3571 1380 3622 ἐστίν
1403 3566 1554 3635 οὗτος
1581 3575 1722 3629 άπά-

156 3659 258 3712 σης
288 3646 564 3716 ίεραρχίας
604 3651 876 3722 πανίερος,
920 3654 980 3705 τὸ
1005 3654 1092 3708 διὰ
1117 3658 1221 3710 τῶν
1259 3657 1484 3728 πρώτων
1509 3662 1577 3714 τὰ
1606 3662 1722 3715 δεύ-

152 3751 293 3804 τερα
335 3737 646 3806 ἀνάγεσθαι.
679 3744 747 3795 Ἦ
786 3743 894 3816 γὰρ
918 3747 976 3799 οὑ
1017 3748 1170 3801 τοῦτο
1195 3748 1479 3820 βλέπομεν,
1510 3754 1602 3806 καὶ
1632 3756 1721 3808 ἐπὶ

154 3824 225 3874 τὰ
249 3825 481 3895 αἰσθητὰ
503 3827 673 3881 ταῦτα
699 3832 790 3883 καὶ
815 3834 1001 3903 ὁρατά;
1025 3835 1213 3905 (ταῦτα
1236 3837 1344 3908 γὰρ
1371 3842 1605 3909 στοιχεῖα
1630 3857 1721 3891 κα-

152 3907 239 3965 λεῖ
263 3921 301 3985 ·)
327 3916 401 3979 ὡς
425 3919 512 3970 ἐπὶ
535 3919 626 3971 τοῦ
652 3921 803 3974 ὑέλου
829 3923 972 3976 ἐστιν
1017 3926 1139 3978 ἰδεῖν
1165 3927 1224 3980 τὸ
1251 3907 1363 3995 φῶς
1402 3907 1716 3999 δεχομένου,

154 4007 250 4056 καὶ
292 4006 432 4058 οὑτω
470 4009 818 4074 φωτίζοντος·
862 4015 953 4065 καὶ
991 4016 1080 4068 ἐπὶ
1103 4017 1194 4068 τοῦ
1223 4020 1408 4088 πυρὸς,
1448 4021 1582 4088 ὅπερ
1626 4023 1720 4074 καὶ

160 4095 420 4165 πρότερον
443 4098 538 4168 τῆς
565 4102 1007 4173 εὑκαταπρήστου
1036 4105 1165 4177 ὑλης
1190 4109 1585 4180 ἐπιδράττεται,
1625 4115 1718 4167 καὶ

153 4184 243 4236 διὰ
279 4187 480 4258 ταύτης
517 4191 614 4253 τὰς
642 4192 1042 4265 ἀνεπιτηδείους
1068 4200 1201 4268 πρὸς
1247 4204 1527 4270 μετουσίαν
1554 4207 1715 4259 αὑτοῦ

154 4277 347 4345 φύσεις
372 4281 614 4351 ἐκπυροῖ.
642 4285 737 4337 Διὰ
765 4287 919 4340 τοῦτο
941 4291 1033 4341 κα)⁸
1073 4291 1248 4361 πάσης
1274 4293 1585 4364 εὐκοσμίας,
1617 4295 1717 4348 κᾶν

1828 3102 2164 3170 participatio
2190 3115 2244 3158 et
2272 3108 2528 3175 unguenti
2557 3112 2938 3180 mysteriorum
2973 3119 3223 3175 notiones
3255 3135 3377 3176 sunt

1827 3191 2138 3258 perfectivze
2187 3197 2511 3263 cognitionis
2563 3211 2725 3269 atque
2770 3206 3034 3274 scientiae,
3062 3224 3165 3280 qua
3197 3226 3382 3269 sacro-

1827 3296 2013 3338 sancte
2044 3287 2225 3340 divina
2254 3293 2565 3344 communio
2597 3294 2923 3350 celebratur.

1895 3373 1921 3443 §
1950 3373 2036 3428 ιν.
2069 3373 2220 3431 Nunc
2265 3389 2445 3432 autem
2491 3383 2556 3434 de
2583 3384 2956 3442 ecclesiastico
2981 3390 3167 3446 ordine
3196 3394 3379 3449 dicen-

1824 3463 1949 3516 dum
1983 3474 2085 3528 est,
2116 3467 2203 3534 qui
2238 3482 2360 3521 cum
2391 3472 2553 3522 etiam
2591 3474 2879 3542 trifariam,
2907 3479 2962 3532 in
2991 3483 3371 3550 expiationem,

1824 3554 2296 3622 illuminationem,
2347 3561 2735 3628 perfectionem
2785 3568 3051 3624 dividatur
3084 3589 3096 3637 ;
3129 3574 3212 3627 lex
3264 3578 3377 3632 [nec

1822 3659 2164 3702 sacrosancta
2211 3659 2294 3704 est
2342 3652 2521 3706 omnis
2571 3654 2910 3725 bierarcbiae,
2949 3669 3007 3713 ut
3056 3677 3151 3729 per
3198 3668 3377 3733 prima

1822 3742 2053 3795 secunda
2092 3742 2446 3800 adducantur.
2490 3747 2706 3804 Annon‘
2741 3753 2903 3805 etiam
2951 3753 3078 3810 illud
3113 3759 3165 3812 in
3215 3761 3375 3816 rebus

1819 3834 2163 3889 sensibilibus
2199 3847 2254 3889 et
2301 3841 2716 3907 aspectabilibus
2747 3844 3027 3900 videmus?
3058 3849 3194 3917 (iniec
3232 3856 3374 3908 enim

1819 3925 2081 3979 elementa
2115 3930 2287 3996 vocat)
2319 3938 2375 3982 ut
2419 3930 2470 3982 in
2508 3934 2646 3984 vitro
2695 3936 3003 4004 perspicere
3061 3940 3203 4002 licet,
3233 3947 3375 4012 quod

1817 4016 1980 4069 solem
2032 4019 2241 4086 recipit,
2287 4028 2450 4087 atque
2493 4021 2594 4076 hoc
2645 4024 2807 4079 modo
2867 4025 3168 4101 illuminat;
3219 4047 3274 4091 et
3320 4039 3372 4092 in

1819 4105 1960 4175 igne,
1997 4108 2089 4176 qui
2126 4110 2273 4177 prius
2320 4113 2386 4164 ad
2433 4114 2739 4179 materiam,
2769 4131 2890 4185 qua:
2924 4117 3085 4174 facile
3131 4129 3371 4182 comburi

1817 4185 2012 4267 pote:t,
2046 4199 2272 4263 accedit,
2304 4208 2362 4254 et
2402 4213 2498 4271 per
2527 4202 2669 4257 hanc
2699 4206 2863 4259 etiam
2905 4211 3082 4266 minus
3115 4225 3266 4281 aptas
3302 4221 3369 4273 ad

1817 4307 1938 4342 eum
1989 4291 2351 4358 recipiendum
2406 4303 2624 4348 naturas
2671 4298 2871 4351 exurit.
2906 4297 3113 4356 Idcirco
3157 4321 3372 4376 quoque

151 4371 252 4439 τὴν
277 4371 531 4441 οὐρανίαν
565 4374 742 4448 εἴπῃς,
777 4377 877 4430 κᾶν
911 4379 1008 4448 τὴν
1048 4380 1148 4433 καθ
1168 4383 1179 4400 ’
1204 4383 1367 4452 ἡμᾶς,
1399 4387 1430 4455 ἡ
1458 4385 1595 4457 ἁρχὴ
1624 4389 1715 4440 καὶ

1817 4383 1995 4437 omnis
2044 4395 2202 4438 rectae
2249 4386 2631 4453 ordinationis,
2665 4390 2778 4444 sive
2811 4392 3081 4447 ccelestem
3133 4399 3244 4452 sive
3274 4416 3372 4454 no-

153 4463 185 4529 ἡ
213 4462 420 4531 ἵδρυσις
444 4466 520 4526 εἰς
561 4468 684 4529 τοὺς
708 4467 952 4538 πρώτους
978 4473 1266 4537 ἐνδίδωσιν,
1293 4475 1428 4528 ὥστε
1459 4477 1591 4530 ἰέναι
1616 4479 1713 4551 τὰς

153 4551 304 4614 θείας
346 4555 564 4618 ἀκτῖνας
587 4597 600 4620 ,
630 4559 722 4610 καὶ
758 4559 845 4613 διὰ
881 4561 1083 4616 τούτων
1123 4567 1214 4617 καὶ
1250 4570 1361 4630 τοῖς
1412 4569 1715 4640 ὑφειμένοις

152 4643 517 4710 ἐπιφαίνεται.

207 4735 233 4805 §
255 4733 318 4787 V.
339 4738 551 4789 Τούτων
567 4741 673 4792 τῶν
692 4742 918 4813 πρώτων
937 4747 1050 4800 ἐστὶ
1068 4749 1126 4801 τὸ
1145 4755 1254 4814 τοῖς
1267 4752 1533 4823 δευτέροις
1551 4757 1710 4824 deos.

152 4845 256 4890 νως
285 4830 615 4896 μεταδιδόναι
636 4827 708 4884 ὧν
721 4836 869 4889 αὑτοί
893 4841 1164 4910 μετέσχον.
1182 4845 1385 4897 Οὑκοῦν
1409 4850 1439 4916 η
1460 4847 1574 4900 θεία
1610 4850 1716 4901 τῶν

154 4918 196 4966 ξε
205 4917 423 4986 ραρχῶν
438 4919 584 4984 τάξις
603 4923 787 4993 πρώτη
809 4927 921 4980 ἐστὶ
939 4931 1028 4981 καὶ
1046 4932 1334 5002 ἀκροτάτη,
1355 4936 1446 4988 καὶ
1463 4938 1659 5007 ἐσχάτη
1683 4941 1713 5008 ἡ

149 5008 286 5076 αὐτή
309 5025 322 5036 ο
343 5008 548 5080 πρώτη,
566 5014 644 5064 ὅτι
663 5015 717 5081 ἐξ
735 5017 944 5088 ἐκείνης
958 5024 1066 5082 τοῖς
1083 5022 1256 5086 ἄλλοις
1274 5026 1634 5093 μεταδίδονται
1648 5029 1714 5081 τά

147 5101 324 5151 οἰκεῖα
345 5117 358 5128 ο
391 5103 610 5172 ἐσχάτη,
641 5107 718 5158 ὅτι
742 5110 820 5171 εἰς
848 5112 1013 5180 αὑτὴν
1037 5114 1534 5187 ἀποτελευτᾷοπᾶσα
1565 5121 1714 5190 ἱερα-

146 5190 274 5260 τικὴ
303 5191 670 5265 διακόσμησις.
702 5199 905 5271 Ὥσπερ
943 5203 1048 5274 γάρ
1077 5208 1222 5259 πᾶσα
1251 5209 1494 5280 ἱεραρχία
1519 5213 1595 5274 είς
1622 5214 1711 5266 τὸν

149 5281 380 5352 Σωτῆρα
403 5287 556 5354 ἡμῶν
589 5290 788 5359 Ἰησοῦν
809 5293 1035 5362 Χριστὸν
1061 5298 1482 5368 άποπληροῦται,
1507 5305 1534 5354 6
1563 5303 1711 5372 πρώ-

147 5388 332 5434 τιστος
375 5375 481 5445 γὰρ
521 5380 775 5450 ἱεράρχης
813 5379 963 5448 οὗτός
1001 5387 1176 5438 ἐστιν·
1203 5387 1342 5439 οὕτω
1369 5391 1460 5441 καὶ
1503 5391 1703 5462 ἑκάστη

151 5466 404 5535 ίεραρχία
431 5473 506 5531 εἰς
531 5473 621 5524 τὸν
646 5475 839 5527 οίκεῖον
867 5479 1121 5550 ἱεράρχην
1148 5480 1241 5550 τὴν
1268 5482 1546 5554 ἀναφορὰν
1572 5483 1704 5553 ἔχει,

148 5564 222 5626 ὡς
257 5566 419 5618 αὑτοῦ
456 5569 542 5621 διὰ
578 5571 684 5626 τῶν
711 5574 799 5626 ὑπ’
841 5575 998 5630 αὑτὸν
1032 5580 1320 5650 ταγμάτων
1358 5579 1531 5639 πάντα
1561 5587 1708 5650 ἐνερ-

227 5767 244 5804 ι
279 5765 462 5820 Matth.
493 5784 542 5834 v,
583 5769 662 5827 ιτ,

355 5862 395 5920 Ρ
411 5880 621 5924 ιτειοι.
658 5868 771 5924 (in.
811 5870 888 5929 ιιι

1815 4483 1984 4527 stram
2016 4474 2240 4544 dixeris,
2276 4477 2598 4546 principium
2629 4495 2693 4534 ac
2737 4484 2895 4537 sedes
2925 4485 2978 4536 in
3037 4490 3238 4554 primos
3284 4508 3370 4544 or-

1814 4571 1965 4624 dines
2009 4570 2220 4628 divinos
2269 4589 2396 4629 suos
2446 4576 2621 4631 radios
2671 4579 2888 4645 emittit,
2932 4591 3096 4651 atque
3130 4600 3231 4653 per
3273 4586 3370 4640 bos

1811 4677 2022 4730 qtmque
2051 4664 2395 4722 inferioribus
2422 4669 2665 4725 collucet.

1884 4754 1997 4824 ἓν.
2049 4756 2244 4812 llorum
2302 4763 2595 4828 primorum
2649 4774 2752 4829 est,
2806 4766 3198 4834 posterioribus
3248 4769 3364 4824 sine

1816 4848 2010 4902 invidia
2061 4839 2461 4908 communicare
2504 4855 2591 4908 illa
2629 4871 2854 4923 quormn
2901 4859 2999 4926 ipsi
3042 4869 3166 4912 sunt
3193 4866 3364 4929 partio

1814 4938 1978 5004 cipes.
2015 4940 2193 5009 Itaque
2232 4943 2446 4998 divinus
2492 4947 2626 5001 ordo
2663 4947 2970 5015 pontificum
3005 4949 3145 5002 idem
3195 4962 3279 5005 est
3312 4963 3368 5006 et

1815 5031 2020 5099 primus
2047 5042 2100 5087 ct
2126 5049 2430 5101 supremus,
2464 5046 2517 5090 et
2555 5038 2774 5090 ultimus
2813 5054 2830 5092 :
2859 5041 3082 5107 primus,
3113 5044 3364 5109 quoniam

1808 5138 1871 5175 ex
1917 5137 1982 5176 eo
2005 5127 2215 5178 caeteris
2247 5141 2364 5195 quae
2396 5129 2609 5192 propria
2635 5139 2760 5186 sunt
2787 5131 3086 5193 donantur;
3116 5131 3363 5202 ultimus,

1807 5215 2059 5282 quoniam
2093 5219 2143 5269 in
2170 5219 2338 5285 ipsum
2364 5220 2541 5272 omnis
2566 5221 2963 5285 ecclesiasdcus
2989 5224 3121 5276 ordo
3143 5224 3337 5277 desinit

1806 5310 2268 5375 Quemadmodum
2297 5314 2439 5367 enim
2467 5314 2772 5369 bierarchia
2801 5319 2975 5371 omnis
2999 5320 3051 5371 in
3079 5319 3362 5376 Salvatore

1807 5414 1991 5457 nostro
2040 5385 2174 5458 Jesu‘
2197 5405 2416 5460 Christo
2455 5416 2880 5470 consummatur,
2916 5420 2973 5464 ut
3015 5416 3105 5479 qui
3153 5411 3333 5479 primu

1809 5495 2090 5548 liierarcha
2140 5504 2254 5561 est;
2299 5497 2375 5550 sic
2423 5500 2586 5553 etiam
2642 5500 2897 5568 quzulibet
2953 5501 3254 5554 hierarcliia
3306 5503 3340 5554 it

1805 5588 2079 5657 pr0prium
2113 5603 2264 5643 suum
2309 5591 2650 5645 hierarcltam
2685 5593 2934 5657 refertur,
2969 5604 3024 5646 ut
3059 5594 3145 5662 qui
3175 5594 3322 5648 omni

3052 5889 3121 5946 1³7
