4162 6304
859 340 961 395 523

2005 340 2061 396 S.
2103 339 2392 396 DlONYSIl
2429 339 2889 399 AREOPAGITIE

3973 348 4072 402 εει

856 471 955 524 per
977 453 1192 508 ordines
1233 452 1334 508 sibi
1367 453 1609 510 subditos
1644 463 1922 522 operetur,
1950 457 2147 523 quibus
2185 457 2410 523 praebuit
2438 462 2475 520 Α

2511 455 2749 524 γοῦντος,
2769 452 2849 520 οἷς
2869 457 2961 509 καὶ
2986 456 3222 527 παρέσχε
3253 458 3352 530 τὴν
3373 459 3597 530 δύναμιν
3618 460 3713 514 τοῦ
3736 461 3908 517 ταιῖτα
3936 467 4076 537 ἐνερ-

859 554 1177 617 potestatem
1210 544 1323 598 haec
1352 546 1541 615 agendi
1572 546 1846 614 (ὀλότητας
1875 546 2018 599 enim
2047 555 2202 600 vocat
2228 561 2414 601 omnes

859 638 1102 702 ordines,
1135 635 1212 689 uti
1243 635 1402 704 paulo
1426 645 1544 705 post
1564 635 1844 704 explicat);
1876 646 2113 691 attamen
2147 638 2414 706 prmeipne

859 728 1122 797 pontiﬁci,
1154 735 1210 781 ut
1256 727 1482 795 ipsemet
1533 738 1777 797 peragat,
1808 738 1862 781 et
1916 743 2019 783 non
2049 743 2143 797 per
2184 728 2410 782 aliorum

858 820 1246 883 ministerium,
1275 818 1532 872 attributa
1568 828 1650 872 est
1674 818 1929 886 unguenti
1963 819 2335 884 sanctiﬁcatio,
2359 826 2414 873 et

859 910 1050 965 altaris
1089 910 1448 973 consecratio,
1479 919 1533 965 et
1574 910 2066 966 ecclesiasticarum
2110 914 2406 978 ordinatio,

859 1019 979 1073 quas
1023 1003 1182 1056 etiam
1217 1001 1564 1070 perfectionis
1598 1000 1899 1057 effectrices
1931 1002 2190 1073 imagines
2217 1005 2411 1057 divinae

859 1094 1141 1163 petestatis
1174 1094 1389 1148 vocavit
1436 1110 1448 1145 :
1480 1093 1559 1146 ha:
1596 1094 1737 1147 enim
1783 1101 1912 1147 sunt
1933 1108 2050 1162 quas
2078 1091 2409 1148 divinissima

858 1198 1083 1251 quaeque
1107 1181 1347 1251 symbolo
1366 1180 1666 1250 perﬁciunt.
1686 1181 1792 1235 Nisi
1812 1182 1954 1235 enim
1971 1182 2039 1236 sit
2058 1194 2407 1252 unguentum,

858 1275 960 1327 nisi
1009 1275 1079 1326 sit
1119 1272 1308 1335 altare,
1360 1272 1463 1326 nisi
1514 1272 1584 1326 sit
1631 1271 1790 1343 245
1838 1286 2085 1327 summus
2134 1275 2408 1337 sacerdos,

860 1366 991 1419 nihil
1024 1365 1186 1419 etiam
1217 1365 1359 1433 quod
1392 1365 1463 1419 sit
1490 1366 1732 1419 muneris
1762 1365 2114 1420 sacerdotalis
2162 1368 2408 1434 perﬁcie-

860 1467 966 1510 tur.
1007 1456 1231 1522 Deinde,
1276 1470 1338 1509 ac
1389 1457 1431 1509 si
1466 1456 1586 1524 quis
1624 1456 1905 1523 objiceret,
1952 1457 2221 1525 quomodo
2249 1457 2409 1510 etiam

857 1547 1119 1614 baptisma
1151 1563 1249 1617 per
1294 1547 1601 1601 sacerdotes
1629 1546 1861 1601 conferri
1895 1548 2084 1617 possit,
2110 1550 2203 1612 ait,
2237 1563 2409 1616 neque

856 1640 961 1694 hoc
989 1640 1153 1693 etiam
1183 1639 1420 1709 perfecte
1450 1654 1547 1707 per
1574 1653 1631 1692 se
1657 1640 1988 1693 sacerdotem
2011 1640 2255 1708 operari;
2288 1654 2405 1691 nam

857 1744 911 1785 et
944 1731 1184 1786 antistite
1211 1746 1344 1799 opus
1375 1730 1496 1796 erit,
1527 1741 1585 1785 ut
1622 1741 1893 1803 unguento
1919 1732 2143 1801 inungat
2167 1732 2409 1802 baptizao

2514 550 2628 616 γεῖν
2655 548 2930 618 (όλότητας
2954 550 3061 621 γάρ
3086 551 3261 615 πάσας
3282 550 3379 616 τὰς
3401 553 3579 616 τάξεις
3605 555 3783 624 φησιν,
3811 555 3888 620 ὡς
3915 557 4074 620 εὐθὺς

2516 639 2910 712 ὲπεξηγεῖται)·
2942 642 3078 705 τέως
3120 643 3175 696 δὲ
3203 644 3348 713 ὅμως
3390 643 3678 715 ἐξαιρέτως
3722 645 3797 715 τῷ
3846 648 4075 718 [eadem

2512 732 2648 804 πρὸς
2674 733 3015 804 αὐτουργίαν,
3056 736 3147 787 καὶ
3191 738 3249 787 ού
3289 735 3373 788 διὰ
3393 737 3493 805 τῆς
3528 738 3721 808 ἑτέρων
3750 739 4074 808 ὑπουργίας,

2513 821 2957 891 ἀποκεκλήρωται
2984 825 3011 875 ὁ
3044 823 3136 875 τοῦ
3174 825 3341 895 μύρου
3383 825 3663 896 ἁγιασμὸς,
3704 827 3857 898 ήτοῦ
3884 829 4073 882 θυσια-

2515 913 2733 983 στηρίου
2765 914 3104 986 καθιέρωσις,
3135 918 3226 970 καὶ
3248 921 3279 988 ἡ
3303 918 3407 971 τῶν
3438 920 3721 989 ίερατικῶν
3748 922 4071 993 χειροτονία.

2514 1006 2667 1060 ἅτινα
2692 1006 2783 1058 καὶ
2818 1007 3229 1079 τελεσιουργοὺς
3254 1012 3463 1075 εἰκόνας
3488 1014 3584 1083 τῆς
3625 1004 3768 1077 Θείας
3790 1014 4075 1085 δυνάμεως

2514 1099 2851 1154 ἀπεκάλεσεν
2874 1119 2886 1131 ·
2914 1102 3072 1156 αὑταὶ
3094 1104 3200 1173 γάρ
3225 1107 3360 1157 εἰσιν
3384 1108 3436 1158 αί
3463 1107 3865 1161 ἀππελειοῦσαι
3894 1110 4073 1162 πάντα

2508 1190 2578 1242 τὰ
2604 1192 2846 1245 θειότατα
2876 1193 3131 1264 σύμϐολα.
3156 1196 3218 1251 El
3251 1196 3357 1268 γάρ
3385 1198 3456 1269 μὴ
3486 1199 3667 1269 μύρον,
3694 1202 3741 1252 εί
3768 1202 3842 1272 μὴ
3881 1201 4074 1254 θυσια-

2512 1284 2607 1352 στή
2621 1300 2749 1354 ριον,
2769 1286 2814 1336 εί
2842 1285 2913 1357 μὴ
2939 1286 3241 1357 ἀρχιερεὺς,
3271 1290 3367 1341 οὐκ
3392 1290 3455 1342 ἄν
3479 1306 3530 1340 τι
3556 1291 3822 1359 ἱερατικὸν
3848 1293 4073 1360 ἐνεργη-

2510 1372 2747 1445 θήσεται.
2781 1373 2911 1429 Εἶτα
2946 1377 3132 1449 ῶσπερ
3169 1380 3312 1444 τινὸς
3350 1380 3824 1451 ἀνθυποφέροντος,
3867 1385 3953 1435 ὅτι
3984 1386 4071 1435 καὶ

2510 1464 2626 1527 πῶς
2666 1465 2942 1537 βάπτισμα
2977 1469 3064 1522 διά
3105 1470 3211 1523 τῶν
3251 1471 3436 1542 ἱερέων
3470 1472 3718 1535 τελεῖται,
3762 1475 3947 1543 φησὶν,
3992 1476 4067 1527 ὅτι

2508 1555 2626 1607 οὐδὲ
2650 1556 2805 1610 τοῦτο
2830 1560 3045 1623 τελείως
3069 1563 3277 1631 ἐνεργεῖ
3298 1564 3323 1615 ὁ
3350 1563 3712 1635 πρεσϐύτερος
3735 1582 3746 1594 ·
3778 1566 3937 1637 χρεία
3965 1568 4069 1636 γὰρ

2507 1645 2599 1697 τοῦ
2626 1647 2920 1717 ἀρχιερέως
2944 1649 3111 1713 ἔσται,
3131 1653 3209 1713 είς
3230 1651 3289 1703 τὸ
3314 1656 3490 1722 χρῖσαι
3527 1653 3601 1724 τῷ
3642 1655 3793 1726 μύρῳ
3836 1656 3928 1708 τὸν
3977 1657 4068 1725 βα-

2508 1738 2796 1791 πτισθέντα
2818 1756 2830 1768 ·
2860 1740 2994 1811 αὕτη
3021 1741 3127 1813 γὰρ
3167 1739 3232 1815 ἦν
3259 1746 3289 1814 ἠ
3329 1746 3525 1815 ἀρχαία
3567 1748 3831 1817 συνήθεια.
3861 1749 3989 1811 Πῶς
4014 1750 4065 1801 δὲ

858 1833 969 1877 tum
989 1864 1003 1888 ,
1042 1823 1305 1893 siquidem
1338 1823 1451 1877 base
1484 1824 1703 1889 antiqua
1732 1834 1847 1878 erat
1876 1825 2226 1879 consuetudo.
2260 1822 2403 1891 Quo-
2435 1831 2475 1885 B

2510 1830 2597 1881 καὶ¹
2614 1832 2644 1899 ἠ
2664 1830 2779 1883 θεία
2796 1833 3043 1886 κοινωνία
3058 1837 3358 1906 γενήσεται,
3389 1839 3460 1909 μὴ
3489 1840 3863 1911 θυσιαστηρίου
3888 1843 4062 1904 δντοςς

858 1914 1017 1969 modo
1064 1921 1242 1967 autem
1287 1914 1448 1966 etiam
1478 1914 1653 1967 divina
1685 1916 1990 1969 communio
2019 1917 2109 1969 ﬁet
2139 1930 2243 1971 non
2267 1918 2407 1970 exsi-

856 2015 1032 2061 stente
1080 2002 1282 2058 altari?
1332 2003 1430 2059 Ubi
1484 2006 1587 2059 erit
1639 2007 1929 2071 sacerdos,
1979 2007 2079 2061 nisi
2126 2010 2406 2077 episcopus

856 2097 1027 2165 ipsum
1064 2094 1440 2151 ordinaverit?
1484 2095 1652 2149 Recte
1684 2095 1861 2165 itaque
1888 2097 2139 2161 diximus,
2174 2098 2271 2151 tria
2298 2100 2409 2154 haec

855 2185 1111 2256 mysteria
1153 2184 1382 2239 virtutes
1429 2198 1549 2239 esse
1582 2184 1930 2254 perfectivas,
1971 2196 2027 2242 et
2071 2188 2409 2258 singulariter

863 2277 1119 2347 episc0po
1165 2275 1407 2339 attribui,
1444 2277 1493 2329 id
1543 2286 1626 2331 est
1672 2278 2093 2345 particulariter,
2145 2287 2198 2334 et
2245 2279 2409 2333 semel

856 2358 1196 2439 simpliciter,
1242 2382 1347 2422 nou
1400 2376 1577 2422 autem
1620 2370 1915 2423 secundum
1945 2371 2073 2439 quid
2100 2382 2163 2426 ac
2210 2373 2409 2440 partia-

855 2462 998 2518 liter.

927 2554 954 2625 §
983 2552 1070 2609 Vl.
1113 2552 1375 2620 Quoniam
1406 2552 1589 2608 divisit
1618 2554 2044 2611 ecclesiasticum
2076 2556 2318 2613 ordinem
2349 2557 2402 2614 in

856 2646 1248 2716 perﬁcientem,
1279 2646 1330 2697 in
1359 2642 1769 2711 illurninantem,
1803 2646 1853 2698 in
1887 2647 2216 2715 expiantem,
2248 2649 2407 2703 modo

865 2736 1033 2791 tradit
1056 2736 1183 2805 quid
1211 2735 1408 2805 cuique
1440 2735 1613 2789 ordini
1649 2736 2027 2804 sitpropriuln.
2056 2737 2199 2794 Ordo
2229 2741 2407 2811 itaque

861 2827 1188 2897 episcopalis
1234 2826 1543 2896 perﬁciendi
1598 2828 1646 2881 vi
1694 2827 1877 2894 pollet,
1922 2838 1977 2881 et
2024 2830 2309 2899 perﬁciens
2353 2841 2407 2885 et

858 2919 1149 2990 perfectus,
1187 2932 1252 2973 ac
1298 2918 1627 2987 disciplinas,
1676 2918 2020 2988 habitusque,
2069 2936 2133 2975 ac
2180 2923 2405 2977 virtutes

857 3025 1135 3066 sacrorum
1181 3007 1483 3064 conferens.
1518 3007 1663 3064 Ordo
1705 3024 1833 3063 vero
1878 3011 2252 3079 sacerdotum,
2293 3015 2406 3067 sive

855 3100 1310 3172 presbyterorum,
1352 3099 1687 3154 illuminandi
1732 3116 1924 3155 munus
1956 3102 2181 3166 obtinet,
2211 3105 2277 3158 ad
2319 3119 2406 3158 sa-

2510 1921 2617 1974 Ποῢ
2642 1923 2699 1975 δὲ
2739 1924 2887 1977 ἔσται
2912 1925 2940 1976 ό
2966 1927 3161 1997 ἱερεὺς,
3186 1930 3231 1981 εί
3275 1929 3347 2000 μὴ
3386 1931 3667 2002 ἀρχιερεὺς
3690 1932 3847 1986 αὐτὸν
3882 1952 4065 2005 χειρο-

2507 2015 2718 2084 τονήσει
2743 2031 2756 2079 ;
2784 2016 2977 2080 Καλῶς
3000 2017 3105 2088 ἄρα
3130 2019 3406 2090 ἐλέγομεν,
3433 2023 3513 2074 ὄτι
3538 2022 3707 2076 ταῦτα
3726 2023 3794 2076 τὰ
3815 2025 3941 2094 τρία
3974 2045 4064 2096 μυ-

2512 2106 2705 2175 στήρια
2730 2107 3155 2179 τελεσιουργικαὶ
3178 2110 3430 2187 δυνάμεις
3453 2113 3575 2175 είσὶ,
3603 2114 3692 2165 καὶ
3734 2112 3953 2176 ἑνιαίως
3989 2114 4063 2182 τῷ

2509 2197 2751 2270 ἀρχιερεῖ
2790 2199 3271 2271 ἀπεκληρώθησαν,
3300 2202 3440 2255 τοῦτ’
3465 2203 3578 2256 ἐστι
3622 2206 3931 2277 μονομερῶς
3973 2209 4060 2259 καί

2509 2290 2860 2357 ἁπαξαπλῶς,
2886 2294 2979 2346 καὶ
3002 2294 3060 2348 ού
3090 2295 3229 2348 κατά
3249 2293 3302 2347 τι
3326 2297 3418 2348 καὶ¹
3450 2298 3703 2368 μερικῶς.

2578 2548 2712 2620 §VL
2753 2551 2901 2606 Ἐπεὶ
2941 2552 3097 2605 διεῖλε
3137 2552 3235 2623 τὴν
3278 2554 3549 2627 ἱερατικὴν
3591 2556 3946 2628 διακόσμησιν
3984 2562 4059 2625 είς

2507 2642 2869 2715 τελειωτικὴν,
2919 2647 2996 2709 είς
3040 2649 3386 2719 φωτιστικὴν,
3437 2651 3514 2712 είς
3565 2651 3912 2721 καθαρτικὴν,

2508 2733 2687 2785 δίδωσι
2710 2732 2773 2785 τὸ
2791 2737 2985 2787 οἰκεῖον
3016 2737 3215 2809 ἑκάστῃ
3242 2738 3408 2801 τάξει.
3450 2738 3512 2790 Ἥ
3550 2737 3677 2806 γοῦν
3703 2742 4060 2813 ἀρχιερατικὴ

2502 2824 2603 2894 τὴν
2623 2824 2964 2898 τελειωτικὴν
2991 2826 3099 2897 ἔχει
3134 2829 3375 2899 δύναμιν,
3401 2831 3836 2903 τελεσιουργοῦσα
3859 2835 3927 2886 τά
3970 2852 4059 2887 τε-

2508 2917 2812 2987 λεσιουργὰ,
2841 2919 2931 2971 καὶ
2954 2919 3270 2971 διδάσκουσα
3295 2922 3393 2984 τὰς
3416 2922 3720 2993 ἐπιστήμας
3742 2925 3846 2977 τῶν
3873 2926 4056 2994 ἱερῶν,

2509 3009 2600 3061 καὶ
2632 3008 2729 3071 τὰς
2765 3010 2922 3074 ἕξεις,
2963 3010 3174 3071 καὶτὰς
3212 3011 3462 3081 δυνάμεις
3484 3028 3495 3042 ³
3535 3015 3567 3084 ὴ
3602 3014 3659 3066 δὲ
3704 3014 3809 3066 τῶν
3848 3017 4058 3083 ἱερέων,

2510 3099 2672 3168 ἤγουν
2707 3100 2813 3151 τῶν
2840 3100 3238 3173 πρεσϐυτέρων,
3263 3102 3412 3167 τάξιν
3435 3101 3532 3173 τὴν
3572 3105 3895 3176 φωτιστικὴν
3925 3106 4058 3175 ἔχει,

856 3165 1070 3246 crerum
1098 3200 1448 3260 conspectum
1471 3191 1837 3247 manuducens
1862 3207 1953 3247 eos
1981 3193 2070 3263 qui
2101 3194 2401 3259 initiantur,
2431 3165 2472 3222 ο

2510 3165 2915 3259 χειραγωγοῦσα
2966 3193 3046 3254 είς
3090 3165 3187 3255 τὰς
3231 3165 3456 3261 ὲποᾲίας
3489 3165 3627 3257 ’τούς
3673 3165 4058 3263 τελουμένούς,

856 3282 980 3335 dum
1028 3281 1201 3335 sacris
1248 3280 1461 3351 quidem
1495 3282 1607 3350 ipse
1636 3291 1913 3349 operatur,
1964 3293 2018 3339 et
2073 3298 2168 3357 per
2214 3300 2404 3340 manus

856 3373 1198 3427 sacerdotum
1224 3373 1440 3442 propria
1470 3371 1768 3427 divinitatis
1810 3388 1975 3443 opera
2019 3376 2236 3429 exhibet
2267 3393 2281 3429 ι
2310 3390 2404 3431 ve-

857 3479 974 3519 rum
994 3478 1088 3519 eos
1108 3464 1197 3532 qui
1216 3463 1520 3518 divinarum
1546 3479 1725 3518 rerum
1750 3466 2032 3520 scientiam
2074 3467 2400 3536 adipiscendi

854 3554 1123 3608 desiderio
1148 3562 1416 3619 tenentur,
1442 3555 1507 3608 ad
1537 3555 1843 3625 episcOpum
1878 3558 2217 3613 transmittit.
2248 3558 2403 3613 Mini-

856 3655 1089 3698 strorum
1132 3656 1277 3705 vero,
1318 3642 1373 3697 id
1404 3652 1485 3697 est
1529 3644 1897 3711 diaconorum,
1926 3648 2056 3700 ordo
2090 3658 2174 3702 est
2218 3648 2402 3715 expia-

855 3735 1048 3797 torius,
1076 3743 1131 3788 et
1156 3734 1422 3789 discretor
1447 3735 1706 3790 bonarum
1731 3746 1785 3791 et
1816 3736 2098 3802 malarum,
2126 3738 2238 3792 sive
2279 3753 2402 3808 per-

854 3838 1111 3876 sonarum
1158 3823 1279 3878 sive
1329 3836 1538 3890 rerum;
1573 3825 1883 3880 discernunt
1927 3828 2068 3881 enim
2103 3828 2263 3882 etiam
2291 3838 2401 3882 tam

856 3924 1121 3977 personas
1164 3912 1557 3991 accedentium,
1596 3928 1753 3983 quam
1812 3917 2040 3973 virtutes
2090 3932 2294 3983 rerum,
2347 3928 2403 3973 et

856 4001 1031 4071 qualia
1057 4001 1197 4057 bona
1223 4004 1335 4057 sint
1362 4012 1418 4058 et
1453 4003 1631 4074 qualia
1654 4019 1839 4075 prava.
1878 4006 2029 4063 Unde
2060 4018 2111 4063 et
2147 4010 2242 4078 ipsi
2267 4024 2399 4078 quo-

854 4103 961 4154 que
1004 4097 1157 4143 vetus
1206 4091 1583 4145 vestimentum
1646 4094 1953 4162 deponunt,
2003 4099 2144 4165 quod
2203 4101 2402 4155 veteris

856 4176 1071 4231 malitia:
1110 4178 1411 4248 symbolum
1457 4182 1644 4247 refert,
1700 4182 2031 4255 abluuntque
2077 4195 2134 4241 et
2180 4188 2400 4253 sistunt,

854 4280 909 4323 et
933 4270 1202 4323 adducunt
1231 4285 1351 4326 eum
1384 4274 1477 4341 qui
1512 4275 1578 4329 ad
1613 4275 1936 4344 baptismum
1960 4278 2205 4345 accedit;
2236 4280 2401 4349 siqui-

855 4361 975 4413 dem
1012 4360 1127 4415 bac
1169 4364 1351 4417 omnia
1387 4365 1601 4420 virtutis
1625 4375 1679 4420 et
1711 4367 1915 4422 ordinis
1945 4378 2073 4423 sunt
2111 4372 2399 4439 expiantis.

856 4452 1056 4508 Doceat
1084 4455 1224 4509 enim
1264 4454 1401 4519 illos,
1435 4466 1492 4511 ut
1521 4457 1680 4513 rebus
1719 4459 1965 4515 obscuris
2012 4464 2401 4529 renuntiantes,
2433 4494 2475 4547 ι)

853 4543 918 4597 ad
960 4559 1022 4598 ea
1073 4559 1194 4614 qua
1220 4547 1527 4602 illuminant
1578 4548 1935 4605 adducantur.
1966 4552 2196 4608 Adducit
2224 4554 2403 4623 itaque

852 4637 1123 4703 expiatos,
1150 4639 1328 4707 expiat
1360 4640 1727 4708 imperfectos,
1762 4642 1905 4697 fovet
1949 4643 2400 4710 institutionibus,

853 4730 1087 4782 secernit
1130 4744 1312 4794 saeros
1357 4745 1387 4784 a
1414 4733 1676 4801 profanis.
1706 4732 1853 4789 fores
1896 4738 2148 4791 custodit.
2183 4734 2402 4791 Diaconi

856 4818 1001 4872 enim
1052 4828 1179 4875 tunc
1207 4820 1349 4877 fores
1394 4823 1685 4889 habebant,
1717 4840 1859 4879 nunc
1904 4839 2033 4879 vero
2082 4840 2173 4881 eas
2226 4835 2405 4880 tenent

854 4912 1190 4968 subdiaeoui.
1216 4913 1328 4969 Lex
1366 4915 1551 4985 itaque
1593 4917 1957 4973 ecclesiastica
1984 4918 2241 4973 diaconos
2276 4920 2406 4973 fori-

854 5003 958 5058 bus
1006 5006 1248 5074 praeﬁcit,
1287 5007 1564 5061 insinuans
1605 5010 1783 5076 qualis
1811 5017 1865 5062 et
1901 5011 2044 5079 quali
2090 5010 2304 5065 futurus
2332 5012 2403 5066 sit

856 5098 925 5148 ad
949 5110 1099 5149 sacra
1132 5096 1409 5163 introitus,
1440 5108 1497 5153 et
1528 5098 1815 5155 virtutibus
1845 5101 1961 5156 istis
1994 5102 2400 5168 expiatricibus,

858 5186 1008 5255 ipsis,
1042 5187 1281 5257 inquam,
1322 5187 1563 5245 diaconis
1595 5191 1661 5245 ad
1684 5206 1963 5248 sacrorum
2011 5205 2283 5262 aspectum
2316 5195 2401 5248 in-

860 5278 1170 5331 troducendi
1200 5292 1393 5333 munus
1426 5281 1786 5350 committens,
1830 5293 1885 5336 et
1915 5298 2009 5353 per
2040 5284 2253 5339 eosdem
2304 5286 2402 5337 ad-

858 5368 1075 5422 mittens
1124 5368 1249 5439 illos
1277 5384 1413 5441 quos
1460 5371 1561 5442 ipsi
1605 5387 1885 5429 sacrorum
1945 5385 2167 5447 aspectu
2211 5376 2401 5446 dignos

853 5458 1234 5527 iudicaverint.

929 5637 1091 5717 256
1118 5638 1439 5696 Summatitn
1469 5657 1595 5698 vero
1621 5644 1800 5699 omnia
1836 5648 2122 5716 repetendo
2148 5650 2241 5711 ait,
2272 5663 2403 5718 pon-

862 5731 1055 5785 tiﬁcem
1080 5734 1295 5801 quidem
1326 5735 1609 5804 perﬁcere,
1634 5739 1963 5795 sacerdotem
1989 5752 2165 5798 autem
2208 5743 2403 5798 illumi-

2504 3279 2684 3351 δρῶσα
2709 3282 2805 3350 μὲν
2832 3282 2922 3334 καὶ
2944 3282 3101 3353 αὑτὴ,
3128 3286 3218 3335 καὶ
3243 3284 3339 3346 τὰς
3382 3284 3661 3355 θεουργίας
3702 3286 4059 3340 ὑποδεικνῦσα

2502 3371 2587 3423 διὰ
2627 3372 2725 3441 τῆς
2767 3373 2897 3435 ἰδίας
2935 3374 3041 3426 τῶν
3066 3374 3222 3445 ἱερῶν
3265 3379 3696 3448 μεταχειρίσεως,
3722 3380 3841 3441 τοὺς
3876 3379 3937 3430 δὲ
3963 3380 4059 3448 τῆς

2504 3464 2809 3533 ἐπιστήμης
2844 3464 2952 3518 τῶν
2999 3466 3312 3535 ἱερουργιῶν
3355 3468 3669 3537 ἐφιεμένους
3710 3467 3783 3537 τῷ
3830 3469 4058 3539 ἱεράρκῃ

2503 3554 2960 3623 παραπέμπουσα.
3016 3556 3078 3608 Ἦ
3118 3557 3174 3609 δὲ
3213 3557 3318 3609 τῶν
3343 3557 3683 3628 λειτουργῶν,
3712 3559 3907 3628 δηλαδὴ
3954 3561 4058 3612 τῶν

2502 3643 2759 3697 διακόνων
2793 3644 2962 3708 τάξις,
2997 3644 3296 3715 καθαρτική
3347 3645 3459 3697 ἐστι
3496 3648 3587 3698 καὶ
3611 3646 3910 3719 διακριτικὴ
3952 3650 4057 3703 τῶν

2502 3735 2681 3787 καλῶν
2719 3737 2811 3789 καὶ
2851 3736 2956 3788 τῶν
2997 3737 3271 3806 χειρόνων,
3300 3737 3407 3788 εἴτε
3453 3736 3772 3807 προσώπων,
3804 3741 3909 3791 εἴτε
3952 3742 4058 3809 μὴν

2502 3828 2595 3879 καὶ
2626 3826 2957 3897 πραγμάτων
2978 3844 2989 3855 ·
3016 3827 3341 3897 διακρίνουσι
3367 3826 3475 3897 γὰρ
3496 3828 3587 3879 καὶ
3602 3826 3668 3879 τά
3682 3828 3786 3881 τῶν
3811 3833 4058 3899 προσιόν-

2500 3934 2606 3969 των
2658 3917 2939 3987 πρόσωπα,
2986 3918 3079 3969 καὶ
3126 3916 3225 3981 τὰς
3266 3916 3373 3969 τῶν
3399 3920 3732 3988 πραγμάτων
3776 3919 4051 3989 δυνάμεις,

2502 4010 2627 4060 ποῖα
2664 4006 2802 4059 καλά
2836 4008 2930 4060 καὶ
2967 4010 3089 4059 ποῖα
3128 4009 3361 4078 χείρονα.
3391 4008 3547 4061 Ὅθεν
3589 4010 3736 4061 αὐτοί
3760 4013 3859 4062 είσι
3887 4014 3983 4065 καὶ
4008 4015 4055 4065 oi

2502 4096 2933 4164 ἀπογυμνοῦντες
2981 4097 3083 4164 τῆς
3132 4097 3364 4161 παλαιᾶς
3408 4098 3647 4168 ἐσθῆτος,
3693 4099 3791 4169 τῆς
3826 4101 4055 4172 ἐχούσης

2504 4186 2764 4257 σύμϐολον
2786 4187 2881 4257 τῆς
2904 4188 3136 4250 παλαιᾶς
3162 4189 3357 4253 κακίας
3378 4207 3389 4219 ο
3418 4191 3508 4243 καὶ
3532 4193 3577 4242 οἱ
3601 4191 3939 4255 ὑπολύοντες,
3968 4198 4054 4245 καὶ

2502 4279 2774 4343 ίστῶντις,
2804 4280 2897 4331 καί¹
2922 4281 3243 4350 μετάγοντες
3265 4280 3354 4333 τὸν
3378 4279 3453 4350 τῷ
3477 4280 3803 4352 βαπτίσματι
3826 4300 4055 4354 προσερ-

2502 4369 2956 4439 χόμενον-ταῦτα
3004 4370 3110 4439 γάρ
3157 4373 3351 4435 πάντα,
3398 4372 3496 4441 τῆς
3542 4374 3870 4444 καθαρτικῆς
3922 4378 4052 4428 είσιν

2502 4460 2777 4531 ἐνεργείας
2798 4462 2891 4513 καὶ
2912 4460 3131 4524 τάξεως.
3169 4461 3561 4516 Ἐκδιδάσκουσι
3584 4463 3689 4533 γὰρ
3712 4465 3925 4527 αὐτοὺς,
3948 4468 4049 4529 ἵνα,

2506 4552 2897 4621 ἀποταξάμενοι
2924 4551 2991 4604 τὰ
3014 4552 3256 4621 ἀλαμπῆ,
3284 4553 3625 4623 καταχθῶσιν
3653 4556 3744 4606 ἐπὶ
3778 4554 3848 4607 τά
3887 4573 4049 4624 φωτι-

2508 4647 2681 4700 στικά.
2724 4645 2934 4713 Ἀνάγει
2955 4644 3082 4713 γοῦν
3104 4646 3227 4707 τοὺς
3272 4645 3728 4715 κεκαθαρμένους,
3756 4649 4048 4702 ἀποκαθαί-

2507 4753 2588 4807 ρει
2624 4736 2748 4798 τοὺς
2787 4733 3127 4797 ἀτελέστους,
3173 4733 3447 4804 μαιεύεται
3490 4738 3612 4796 ταῖς
3653 4734 4008 4798 διδασκαλίαις
4033 4776 4045 4799 ,

2503 4826 2903 4881 άποδιαστέλλει
2939 4824 3045 4878 τῶν
3085 4826 3313 4896 ἀνιέρων
3345 4828 3468 4895 τοὺς
3512 4826 3705 4895 ἱεροὺς,
3747 4826 3844 4888 τὰς
3885 4828 4048 4890 πύλας

2505 4921 2767 4990 ἐπιτηρεῖ.
2802 4920 2864 4971 Ol
2904 4917 3133 4971 διάκονοι
3175 4917 3281 4988 γὰρ
3307 4918 3424 4970 τότε
3460 4917 3555 4980 τὰς
3578 4916 3747 4979 πύλας
3773 4914 3935 4986 εἶχον,
3961 4918 4046 4970 νῦν

2502 5013 2557 5065 δὲ
2598 5017 2645 5066 οἱ
2687 5012 3039 5068 ὑποδιάκονοι.
3086 5013 3357 5082 Ἐφίστησι
3401 5009 3574 5065 τοίνυν
3616 5011 3741 5072 τοὺς
3780 5011 4046 5073 διακόνους

2502 5106 2620 5165 ταῖς
2659 5101 2851 5163 πύλαις
2888 5102 2920 5171 ἡ
2960 5100 3312 5171 ἀρχιερατικὴ
3357 5098 3670 5169 νομοθεσία,
3710 5098 4045 5166 αίνισσομένη

2503 5195 2663 5247 ὁποία
2697 5196 2789 5246 καὶ
2832 5194 2999 5262 ὁποίῳ
3044 5193 3191 5244 ἔσται
3227 5192 3261 5262 ἡ
3306 5190 3439 5261 πρὸς
3481 5189 3549 5241 τὰ
3578 5188 3696 5260 ἱερά
3718 5188 3937 5251 εἴσοδος,
3963 5189 4046 5240 καὶ

2504 5286 2875 5356 ὲγχειρίζουσα
2914 5287 3031 5346 ταῖς
3068 5282 3418 5354 καθαρτικατς
3449 5281 3738 5349 δυνάμεσιν
3778 5280 3953 5342 αὐτοῖς

2502 5381 2612 5441 τοῖς
2650 5377 2911 5439 διακόνοις
2945 5377 3043 5445 τὴν
3078 5376 3168 5426 ἐπὶ
3192 5374 3287 5436 τὰς
3317 5373 3463 5444 ἱερὰς
3506 5373 3730 5441 ἐποψίας
3767 5388 4043 5441 προσαγω-

2503 5472 2624 5540 γὴν,
2650 5472 2741 5523 καὶ
2763 5469 2848 5523 διὰ
2869 5468 3070 5520 τούτων
3090 5465 3267 5518 αὐτῶν
3291 5465 3653 5534 είσδεχομένη,
3672 5464 3829 5535 εἴπερ
3855 5481 4044 5535 μαρτυ-

2506 5563 2737 5635 ρηθεῖεν,
2768 5561 2891 5631 παρ’
2919 5560 3092 5613 αὐτῶν
3117 5559 3312 5631 δηλαδὴ
3335 5558 3431 5625 τῆς
3455 5556 3678 5624 ἐποψίας
3723 5556 3877 5620 ἄξιοι.

2604 5651 3022 5719 Ανακεςιςαλαιού
3033 5666 3189 5720 μενος
3215 5648 3269 5701 δὲ
3294 5648 3360 5700 τά
3388 5649 3565 5703 πάντα
3589 5647 3771 5715 φησὶν,
3800 5649 3879 5699 ὅτι
3904 5651 3931 5701 ὁ
3955 5650 4045 5719 μιν

2504 5744 2789 5815 ἀρχιερεὺς
2824 5744 3034 5809 τελειοῖ,
3064 5744 3091 5795 ὁ
3116 5742 3170 5796 δὲ
3212 5742 3386 5811 ἱερεὺς
3413 5740 3654 5809 φωτίζει,
3679 5741 3706 5791 ό
3731 5740 3785 5791 δὲ
3816 5739 4043 5803 διάκονος
