4172 6304
145 380 245 436 525

690 380 777 434 DE
815 378 1091 435 ECCLES.
1138 376 1533 446 HIERARCH.,
1567 379 1718 434 CAP.
1758 379 1822 433 V.
1857 409 1922 418 —
1959 378 2302 434 PARAPHR.
2329 375 2792 434 PACHYMERE.

3254 381 3358 437 526

144 493 389 564 καθαίρει
434 497 527 548 καὶ
568 495 831 565 διακρίνει
868 497 959 549 τὸν
987 497 1175 550 πιστὸν
1213 498 1303 550 καὶ
1327 497 1418 548 τὸν
1458 497 1701 558 ἄπιστον,
1733 507 1781 562 Α

1733 507 1781 562 Α
1810 508 1959 556 nale,
1989 493 2279 546 diaconum
2313 505 2439 544 vero
2463 493 2699 560 expiare,
2731 505 2794 544 ac
2825 503 3112 560 segregare
3146 490 3354 545 ﬁdelem

143 585 230 638 τὸν
252 584 398 650 ἀξιον
426 586 519 638 καὶ
542 586 630 638 τὸν
653 586 888 652 ἀνάξιον,
913 591 1053 659 ὅπερ
1095 588 1237 650 ἰδίως
1262 587 1474 656 ἔχουσιν
1499 587 1546 637 οἱ
1572 586 1705 637 ὑπο-

143 672 392 728 διάκονοι.
424 676 570 737 Τέως
593 674 648 727 δὲ
684 677 711 727 ὁ
739 677 836 744 μὲν
869 676 1180 739 ἐπίσκοπος,
1225 675 1403 728 καὶτὰ
1425 675 1532 728 τῶν
1556 677 1706 744 ὑφει-

148 763 319 831 μένων
347 770 507 828 ποιεῖ,
538 766 596 816 οὑ
623 765 726 835 μὴν
751 766 796 817 οἰ
827 767 990 836 ίερεῖς
1018 766 1083 818 τὰ
1105 765 1211 818 τῶν
1236 766 1546 818 ἐπισκόπων
1567 783 1578 795 ·
1614 766 1706 818 καὶ

145 855 204 906 ὲκ
227 858 411 911 τούτου
439 858 785 929 σημειωθείη,
811 857 884 920 ὼς
908 858 1133 912 ἕκαστον
1154 861 1212 911 οὑ
1237 858 1338 930 χρὴ
1366 859 1707 929 κατατολμᾷν

147 950 251 1002 τῶν
293 951 569 1020 μειζόνων.
599 952 660 1002 Αἰ
686 952 741 1003 δὲ
785 951 1048 1024 θειότεραι
1075 952 1330 1022 δυνάμεις
1367 955 1456 1006 καί
1495 953 1563 1005 τὰ
1601 954 1708 1006 τῶν

155 1043 377 1112 ἡττόνων
420 1041 616 1112 ἔχουσι,
660 1045 749 1096 καὶ
784 1043 1010 1112 ἠδύνατο
1037 1045 1209 1096 πάντα
1240 1048 1408 1097 ποιεῖν
1433 1049 1459 1098 ὀ
1487 1046 1706 1122 ἐπίσκο-

148 1150 274 1196 πος⁶
323 1133 437 1186 ἀλλ’
482 1135 666 1205 ἐπειδὴ
710 1135 863 1188 θείων
909 1137 1042 1188 εἱσίν
1083 1137 1284 1200 εἰκόνες
1324 1137 1608 1207 ἐνεργειῶν
1654 1139 1706 1190 αἱ

151 1228 416 1295 ἱερατικαί
439 1228 842 1298 διακοσμήσεις,
871 1229 1170 1282 δεικνόεται
1197 1233 1288 1282 καὶ
1315 1232 1370 1281 ὲν
1405 1230 1625 1293 ταύταις
1648 1233 1707 1284 τὸ

149 1319 409 1390 εὔκοσμον
447 1323 537 1373 καί
563 1321 880 1390 ἀσύγχυτον.
913 1322 1035 1385 Πῶς
1059 1323 1113 1375 δὲ
1138 1323 1274 1375 κατὰ
1308 1323 1405 1393 τὴν
1431 1323 1580 1388 τάξιν
1601 1323 1707 1377 τῶν

149 1409 301 1462 θείων
328 1411 396 1462 τά
420 1412 660 1482 ἡμέτερα
691 1414 945 1480 γίνονται,
975 1416 1139 1484 λέγει.
1177 1417 1262 1477 Ὠς
1286 1415 1469 1484 ἐπειδὴ
1495 1416 1526 1484 ἡ
1552 1415 1710 1486 θεαρ-

148 1503 234 1571 χία
258 1504 384 1565 τοὺς
417 1506 472 1556 ὲν
496 1498 576 1567 οἷς
602 1505 665 1557 ἂν
710 1506 994 1576 ἐγγένηται
1031 1509 1173 1571 νόας,
1222 1507 1327 1559 εἴτε
1366 1507 1705 1574 ἀγγελικοὺς,

147 1594 250 1646 εἴτε
282 1597 373 1648 καί
397 1597 781 1667 ἀνθρωπίνους,
804 1599 1016 1668 πρῶτον
1039 1600 1304 1670 καθαίρει,
1326 1595 1442 1652 εἶτα
1466 1599 1705 1668 φωτίζει,

146 1687 234 1738 καὶ
274 1686 456 1738 ἔκτοτε
499 1687 708 1751 τελειοῖ,
740 1690 832 1740 καὶ
873 1689 1016 1741 ἐστιν
1060 1691 1143 1742 ἀεὶ
1184 1690 1594 1761 ἀπαράλλακτος
1617 1690 1709 1742 καὶ

146 1781 234 1830 ἐπὶ
263 1780 487 1848 πᾶσινὴ
532 1779 749 1848 τοιαύτη
790 1780 958 1845 τάξις,
985 1783 1076 1834 καὶ
1112 1783 1170 1834 οὺ
1219 1783 1539 1852 μεταπίπτει
1578 1781 1705 1835 ποτὲ

147 1869 276 1938 πρὸς
303 1846 520 1922 ἀλλοίαν
561 1846 906 1924 κατάστασιν.
955 1872 1079 1933 Πῶς
1116 1846 1230 1942 γὰρ.
1261 1872 1656 1942 φωτισθήσεται
1678 1875 1705 1926 ὁ
1738 1846 1778 1902 Β

148 1962 219 2032 μὴ
263 1961 588 2032 καθαρθείς;
629 1964 719 2014 καὶ
758 1962 873 2026 πῶς
914 1963 1324 2032 τελειωθήσεται
1358 1965 1386 2015 ό
1425 1963 1497 2034 μὴ
1537 1981 1702 2032 φωτι-

146 2053 290 2115 σθείς
317 2070 330 2117 ;
356 2053 454 2104 Διὰ
493 2052 649 2105 τοῦτο
687 2053 780 2124 τὴν
821 2053 1070 2122 τοιαύτην
1106 2052 1255 2118 τάξιν
1295 2054 1706 2126 ἀπαράλλακτον

147 2142 390 2212 μαθοῦσα
427 2147 456 2214 ἡ
495 2143 614 2197 καθ’
655 2146 799 2214 ἡμᾶς
850 2145 1120 2214 ἰεραρχία,
1161 2144 1354 2216 διαιρεῖ
1395 2145 1588 2216 ἑαυτὴν
1628 2148 1708 2209 εἰς

143 2235 559 2306 διακεκριμένας
583 2236 762 2301 τάξεις
785 2253 843 2289 τε
870 2238 958 2289 καὶ
993 2236 1247 2306 δυνάμεις
1267 2254 1280 2267 θ
1308 2239 1397 2290 καὶ
1433 2239 1491 2290 τὸ
1531 2241 1706 2310 κρεῖτ-

145 2344 230 2380 τον
269 2331 408 2400 αὑτὴ
447 2334 576 2402 παρ’
610 2331 770 2402 ἑαυτῇ
815 2332 1326 2400 παρακατασχοῦσα,
1351 2331 1411 2384 τὸ
1436 2334 1713 2405 καθαίρειν

145 2422 236 2473 καί
279 2422 339 2473 τὸ
378 2421 632 2490 φωτίζειν
667 2427 775 2486 τοῖς
814 2425 1018 2495 ἑτέροις
1058 2423 1198 2474 κατά
1221 2421 1371 2486 τάξιν
1414 2424 1709 2476 ἀπέδωκεν.

157 2512 294 2563 Ἀλλ’
336 2514 517 2583 ἐπειδὴ
566 2515 690 2585 περί
728 2514 928 2568 τούτων
977 2515 1172 2580 ἱκανῶς
1196 2516 1415 2588 ἐρρέθη,
1459 2515 1589 2587 φέρε
1615 2513 1711 2578 τάς

148 2608 444 2679 ἱερωτάτας
475 2609 649 2662 αὐτῶν
674 2609 955 2674 τελεώσεις
981 2609 1419 2680 ἐποπτεύσωμεν.

1810 586 1876 638 ab
1907 585 2127 649 inﬁdeli,
2155 593 2210 636 et
2246 583 2463 653 dignum
2513 583 2579 637 ab
2609 583 2849 653 indigno,
2897 584 3038 652 quod
3081 585 3357 654 proprium

1808 686 1890 732 est
1917 677 2391 731 subdiaconorum.
2425 674 2641 727 lnterim
2673 675 2959 744 episcopus
2985 675 3149 728 etiam
3186 682 3360 746 potest

1808 767 1956 820 obire
2006 779 2225 820 munera
2258 765 2593 829 inferiorum,
2623 780 2726 818 non
2775 774 2953 819 tamen
3004 767 3256 821 sacerdos
3296 783 3358 820 ea

1808 873 1925 927 qua:
1972 865 2100 912 sunt
2131 858 2541 926 episcoporum;
2577 869 2643 909 ex
2687 872 2793 925 quo
2835 855 3193 926 signiﬁcatur,
3221 872 3361 928 quo-

1809 949 1967 1004 modo
1993 963 2150 1002 nemo
2179 949 2369 1002 debeat
2399 948 2601 1016 majora
2633 961 2691 1001 se
2712 961 3038 1015 praesumere
3063 963 3155 1002 seu
3183 959 3357 1004 atten-

1813 1049 1946 1094 tare.
1985 1039 2253 1093 Caeterum
2297 1045 2524 1092 virtutes
2555 1037 2770 1108 quidem
2815 1039 2916 1094 illa:
2962 1040 3269 1108 superiores
3296 1058 3356 1094 ea

1810 1148 1928 1202 quae
1975 1131 2285 1185 inferiorum
2324 1140 2466 1194 sunt,
2508 1132 2725 1195 habent,
2760 1141 2814 1184 et
2857 1134 3135 1202 episcopus
3184 1141 3360 1202 potest

1809 1223 2009 1277 omnia.
2055 1221 2324 1288 Quoniam
2352 1231 2526 1277 tamen
2560 1224 2940 1278 ecclesiasticae
2973 1225 3362 1293 descriptiones

1820 1315 2121 1369 divinarum
2175 1314 2432 1381 imagines
2479 1324 2602 1369 sunt
2651 1318 2953 1381 actionum,
2987 1317 3037 1369 in
3083 1318 3187 1373 illis
3234 1319 3364 1389 ipsis

1811 1421 2021 1476 quoque
2052 1415 2233 1461 rectus
2260 1409 2394 1460 ordo
2421 1407 2802 1476 distinctioque
2831 1409 3159 1463 ostenditur.
3197 1410 3362 1466 Deni-

1809 1533 1912 1587 que
1946 1520 2131 1582 rel'ert,
2159 1520 2428 1587 quomodo
2462 1521 2573 1573 hac
2622 1522 2880 1577 nostratia
2925 1536 3142 1592 quoque
3173 1539 3362 1579 secun-

1809 1610 1933 1663 dum
1962 1611 2206 1663 ordinem
2233 1611 2471 1664 divinum
2501 1611 2651 1666 ﬁant.
2669 1611 2873 1681 Quippe
2898 1629 3019 1668 cum
3046 1615 3132 1669 illa
3153 1631 3362 1672 summa

1809 1703 1990 1757 Deitas
2035 1709 2240 1756 mentes
2283 1715 2375 1756 eas
2403 1703 2599 1772 quibus
2635 1717 2693 1758 se
2717 1704 2973 1770 insinuat,
3001 1707 3117 1762 sive
3156 1711 3363 1779 angeli-

1811 1807 1900 1846 cas
1936 1792 2050 1846 sive
2093 1793 2376 1856 humanas,
2410 1793 2637 1861 primum
2685 1794 2890 1864 expiet,
2923 1797 3116 1853 deinde
3155 1799 3356 1855 illumi-

1811 1895 1918 1948 net,
1951 1895 2114 1954 atque
2143 1885 2337 1940 exinde
2366 1885 2630 1954 perﬁciat,
2657 1887 2791 1940 ordo
2829 1887 2917 1941 hic
2951 1889 3114 1943 etiam
3147 1905 3361 1962 semper

1810 1985 1891 2030 est
1917 1975 2223 2040 inviolatus,
2255 1983 2308 2029 et
2333 1975 2384 2028 in
2413 1975 2665 2030 omnibus
2692 1987 2964 2041 servatur,
2999 1993 3098 2035 nec
3121 1996 3358 2052 unquam

1811 2061 2094 2116 invertitur
2112 2072 2202 2116 aut
2224 2063 2277 2115 in
2305 2062 2465 2116 alium
2493 2072 2900 2119 transmittatur.
2921 2065 3197 2132 Quomodo
3217 2075 3362 2128 enim

1812 2154 2206 2208 illuminabitur
2235 2153 2280 2208 is
2315 2154 2406 2223 qui
2451 2169 2555 2208 non
2583 2165 2666 2211 est
2701 2161 2987 2228 expiatus?
3017 2172 3073 2216 et
3093 2167 3364 2232 quomodc

1811 2246 2123 2316 perﬁcietur
2167 2246 2258 2313 qui
2312 2259 2420 2300 non
2471 2257 2550 2299 est
2597 2247 3195 2309 illuminatus?ldcirco
3239 2272 3363 2312 cum

1813 2335 2117 2390 hierarchia
2161 2343 2344 2389 nostra
2395 2335 2556 2401 sciat,
2603 2337 2905 2394 istiusmodi
2950 2343 3198 2398 ordinem
3244 2361 3365 2404 esse

1815 2426 2160 2490 invariatum,
2199 2426 2542 2494 semetipsam
2589 2427 2869 2498 dLSIinguit
2913 2431 2966 2485 in
3008 2433 3248 2491 diversos
3278 2452 3367 2492 or-

1813 2515 1965 2569 dines
1989 2529 2052 2569 ac
2079 2516 2340 2580 virtutes;
2374 2526 2427 2568 et
2454 2516 2596 2584 quod
2638 2520 2976 2586 potissimum
3011 2534 3114 2587 est,
3147 2541 3243 2594 per
3277 2542 3365 2582 se-

1814 2608 2096 2677 tnetipsam
2120 2622 2440 2677 exsequens,
2464 2609 2798 2666 illuminandi
2823 2625 2875 2667 et
2896 2617 3146 2684 expiandi
3174 2635 3367 2675 munus

147 2706 358 2758 iacteris
388 2706 680 2758 secundum
713 2706 973 2775 cujusque
996 2706 1244 2761 ordinem
1272 2703 1566 2760 commisit.
1597 2702 1705 2759 Sed
1745 2703 2000 2772 quoniam
2027 2701 2092 2756 de
2123 2701 2207 2756 his
2235 2702 2369 2757 satis
2399 2703 2602 2759 dictum
2664 2712 2767 2770 est,
2825 2721 2942 2776 age,
2969 2711 3366 2768 sacratissimas

147 2797 307 2849 etiam
337 2811 526 2852 eorum
551 2800 986 2852 consecrationes
1013 2800 1438 2854 consideremus.

676 2914 718 2964 ll
730 2952 740 2964 .
779 2911 1143 2981 Μυστήριον.

229 3023 286 3076 '0
312 3025 410 3093 μὲν
452 3025 726 3096 ἰεράρχης,
771 3027 1173 3097 προσαγόμενος
1215 3028 1292 3089 εἰς
1319 3025 1378 3077 τὸ
1404 3043 1708 3098 χειροτονη-

2361 2907 2423 2962 ll.
2456 2908 2787 2978 Mysterium.

1878 3029 2169 3085 Hierarcha
2200 3026 2413 3098 quidem
2443 3044 2538 3083 seu
2573 3033 2862 3099 episcopus
2892 3046 3012 3085 cum
3045 3033 3112 3087 ad
3145 3035 3365 3091 ordines

149 3115 323 3184 θῆναι,
348 3117 511 3186 ἄμφω
532 3117 608 3170 τὼ
631 3119 756 3170 πόδε
780 3118 981 3182 κλίνας,
1005 3120 1094 3172 ἐπὶ
1117 3119 1356 3189 κεφαλῆς
1376 3119 1486 3188 ἔχει
1508 3119 1574 3171 τὰ
1595 3119 1711 3172 θεῖα
1738 3155 1779 3212 c

1738 3155 1779 3212 ο
1815 3121 2182 3190 suscipiendos
2237 3121 2540 3186 adducitur,
2594 3129 2884 3190 utrumque
2933 3139 3068 3192 genu
3121 3123 3363 3194 ﬂectens,

149 3208 240 3259 xui.
291 3207 413 3278 ἰερά
459 3209 800 3276 Εὐαγγέλια,
853 3211 944 3262 καὶ
992 3212 1088 3281 τὴν
1139 3210 1231 3263 τοῦ
1288 3211 1709 3281 χειροτονοῦντος

148 3303 321 3369 χεῖρα,
361 3301 452 3351 καὶ
475 3300 559 3352 διὰ
583 3301 689 3353 τῶν
725 3303 1145 3370 παναγεστάτων
1173 3302 1346 3373 εὐχῶν
1372 3301 1710 3356 ἀποτελειοῦ-

145 3409 254 3445 ται.
292 3394 349 3444 '0
370 3392 424 3444 δὲ
455 3393 628 3463 ἱερεὺς
656 3394 749 3446 καὶ
784 3396 939 3458 αὐτὸς
963 3396 1128 3464 ἀμφω
1153 3393 1318 3446 κλίνει
1344 3393 1419 3445 τὼ
1448 3394 1591 3457 πόδε,
1617 3395 1710 3446 καί

146 3486 242 3555 τὴν
265 3484 358 3536 τοῦ
398 3485 816 3554 χειροτονοῦντος
858 3486 1032 3549 δεξιάν
1058 3488 1146 3537 ἐπὶ
1187 3487 1419 3557 κεφαλῆς
1460 3486 1588 3555 ἔχει,
1619 3487 1708 3537 καί

148 3577 289 3629 οὕτω
315 3579 408 3628 καὶ
432 3578 588 3640 αὐτὸς
622 3580 739 3639 ταῖς
771 3578 1054 3647 ίεροποιοῖς
1093 3579 1275 3648 εὐχαῖς
1305 3577 1604 3645 ἁγιάζεται.
1647 3577 1704 3629 '0

226 3665 469 3727 διάκονος
495 3666 587 3716 ἕνα
614 3667 724 3717 τοῖν
751 3667 928 3718 ποδοῖν
952 3666 1153 3729 κλίνας,
1196 3667 1287 3718 ὲπί
1327 3667 1564 3736 κεφαλῆς
1599 3667 1708 3735 ἔχει

149 3758 240 3808 καί
268 3757 431 3819 αὐτὸς
456 3757 550 3827 τὴν
578 3757 670 3809 τοῦ
694 3758 1117 3826 χειροτονοῦντος
1140 3758 1337 3824 δεξιάν,
1364 3760 1454 3810 καὶ
1478 3758 1710 3810 ἰτελειοῦ⁹

149 3863 234 3899 ται
273 3851 394 3910 ταῖς
434 3848 539 3899 τῶν
581 3847 902 3918 λειτουργῶν
944 3849 1278 3919 ἐπικλήσεσι,
1319 3849 1553 3920 δηλονότι
1591 3852 1709 3914 ταῖς

157 3938 467 4008 ιεγομέναις
483 3940 745 4008 αἰτήσεσι,
767 3956 984 3991 συννοου
993 3941 1150 4010 μένου
1169 3939 1360 4004 ἔξωθεν
1377 3942 1467 3992 καὶ
1483 3944 1601 4003 ταῖς
1615 3941 1707 3993 τοῦ

154 4031 403 4102 ίεράρχου
439 4033 640 4100 εὐχαῖς.
685 4033 873 4084 Κοινὸν
918 4032 970 4083 δὲ
996 4036 1105 4094 τοῖς
1131 4031 1304 4102 τρισίν
1342 4033 1455 4084 ἐστι
1498 4032 1558 4083 τὸ
1595 4032 1711 4086 ὲπί-

151 4122 382 4190 προσθεν
405 4123 498 4174 τοῦ
528 4122 671 4192 ἱεροῦ
698 4123 1077 4193 θυσιαστηρίου
1107 4124 1517 4194 χειροτονεῖσθαι
1561 4124 1651 4175 καὶ
1676 4125 1708 4194 ἡ

152 4212 498 4282 σταυροειδὴς
527 4214 780 4282 σφραγὶς,
809 4214 900 4265 καί
927 4216 956 4284 ἡ
982 4213 1072 4265 τοῦ
1101 4215 1354 4284 ὀνόματος
1391 4215 1705 4285 ἀνάρῤησις,

151 4305 240 4354 καὶ
265 4305 293 4354 ὁ
315 4301 654 4365 τελειωτικὸς
678 4305 980 4374 ἀσπασμός.
1004 4306 1140 4376 Ὅρα
1163 4305 1217 4357 δὲ
1241 4306 1318 4358 ὅτι
1344 4307 1544 4368 πάντας
1565 4306 1708 4374 λέγει

153 4399 271 4461 τοὺς
299 4399 354 4449 ὲν
378 4397 455 4467 τῷ
480 4399 726 4469 ίερατείῳ
751 4398 840 4450 τὸν
866 4398 1326 4469 χειροτονούμενον
1354 4399 1705 4461 ἀσπάζεσθαι.

747 4599 835 4652 ΙΙΙ.
879 4600 1112 4667 Θεωρία.

220 4708 246 4779 §
303 4711 344 4762 Ι.
401 4711 493 4773 Εἰς
540 4710 769 4782 θεωρίαν
819 4713 1110 4767 εἰσϐάλλων
1167 4715 1274 4767 τῶν
1332 4712 1702 4783 τελουμένων,

149 4803 361 4874 πρῶτον
386 4805 452 4856 τὰ
479 4807 629 4858 κοινά
663 4809 772 4870 τοῖς
807 4788 951 4878 τρισὶ
983 4811 1074 4861 καὶ
1100 4809 1166 4862 τά
1192 4809 1296 4862 ἴδια
1321 4809 1533 4877 ἑκάστῳ
1559 4808 1702 4859 άπα-

149 4897 442 4968 ριθμεῖται.
470 4899 639 4952 Κοινὰ
659 4899 787 4967 γοῦν
812 4903 842 4971 ἡ
871 4903 964 4953 ἐπὶ
989 4901 1080 4954 τοῦ
1120 4901 1703 4972 θυσιαστηρίουνχειρο-

143 4991 314 5053 τονία,
342 4993 375 5061 ὴ
405 4992 744 5063 σταυροειδὴς
771 4996 1022 5064 σφραγὶς,
1065 4997 1098 5065 ἡ
1137 4993 1228 5046 τοῦ
1255 4994 1512 5063 ὀνόματος
1537 4993 1702 5063 ἀνάρ-

148 5084 324 5151 ὸησις,
357 5083 449 5134 καί
473 5085 499 5136 ό
523 5083 857 5147 τελειωτικὸς
885 5085 1194 5155 ἀσπασμός·
1228 5085 1369 5148 ἰδίως
1390 5085 1446 5137 δὲ
1471 5086 1579 5145 τοῖς
1608 5084 1704 5153 μὲν

147 5173 426 5245 ἰεράρχαις
471 5175 762 5228 ἐπιτίθεται
802 5176 861 5229 τὸ
905 5177 1045 5246 ἱερὸν
1086 5177 1444 5244 Εὑαγγέλιονο
1494 5177 1602 5236 τοῖς
1648 5174 1703 5226 δὲ

147 5263 350 5331 ἱερεῦσι
386 5265 445 5316 τὸ
471 5264 669 5317 κλίνειν
695 5266 810 5317 ἐστί
845 5265 935 5317 καὶ
973 5265 1312 5336 ἀμφοτέρους
1351 5265 1475 5327 τοὺς
1501 5263 1664 5326 πόδας
1687 5279 1701 5294 ·

145 5360 253 5418 τοῖς
279 5357 334 5410 δὲ
364 5356 688 5426 λειτουργοῖς
713 5359 772 5410 τὸ
797 5358 992 5412 κλίνειν
1026 5357 1115 5408 τὸν
1146 5357 1349 5427 ἓτερον.

219 5449 247 5520 5
289 5451 356 5502 ll.
400 5450 640 5519 Λέγομεν
687 5445 776 5503 οῦν
823 5449 1035 5522 πρῶτον
1076 5449 1323 5519 περὶτῆς
1361 5448 1542 5518 κοινῆς
1569 5447 1702 5518 πρὸς

145 5539 204 5592 τὸ
231 5540 386 5607 ἆγιον
410 5540 787 5612 θυσιαστήριον
815 5541 1177 5612 προσαγωγῆς
1212 5557 1271 5592 τε
1315 5541 1407 5592 καί
1451 5539 1702 5592 ὑποπτώ-

148 5648 283 5697 σεως
307 5651 319 5662 ο
350 5635 647 5687 αἰνίσσεται
671 5635 797 5706 γὰρ,
843 5636 923 5686 ὃτι
967 5635 1162 5696 πάντες
1189 5627 1328 5686 οὗτοι
1355 5633 1544 5695 ὁλικῶς
1571 5634 1701 5685 ἁνα-

147 5725 353 5792 τιθᾴασι
378 5725 452 5795 τῷ
483 5727 779 5798 τελετάρχῃ
815 5725 931 5796 Θεῷ
970 5726 1065 5797 τὴν
1108 5725 1240 5778 ἰδίαν
1269 5723 1409 5793 ζωὴν
1431 5764 1444 5786 ,
1484 5725 1700 5794 ὁμοειδῆ

150 5815 286 5868 κατὰ
312 5817 368 5870 τὸ
393 5819 612 5872 δυνατὸν
653 5818 966 5888 ὀφείλουσαν
1014 5814 1150 5872 εἶναι
1195 5816 1270 5887 τῷ
1314 5817 1700 5886 παναγεστάτῳ

1813 3227 1973 3281 supra
2020 3221 2179 3280 caput
2227 3212 2390 3266 habet
2432 3213 2612 3266 divina
2665 3227 2926 3282 sacraque
2955 3213 3265 3286 Evangelia,
3316 3228 3368 3272 ct

1813 3318 2028 3356 manum
2055 3303 2448 3368 consecrantis,
2482 3315 2544 3356 ac
2573 3304 2932 3359 sanctissimis
2959 3307 3209 3374 precibus
3235 3323 3366 3363 con-

1811 3405 2080 3449 secratur.
2139 3395 2404 3449 Sacerdos
2455 3404 2635 3450 autem
2696 3408 2983 3466 utrumque
3037 3401 3200 3454 etiam
3252 3402 3367 3472 ipso

1809 3503 1944 3557 genu
1976 3488 2162 3551 lleetit,
2200 3497 2253 3541 et
2287 3488 2338 3540 in
2369 3489 2541 3556 capite
2569 3489 2728 3543 habet
2760 3489 3005 3544 dextram
3036 3507 3362 3547 consecran-

1808 3581 1898 3645 tis,
1945 3589 2105 3646 atque
2139 3579 2213 3632 ita
2243 3579 2406 3632 etiam
2451 3579 2564 3647 ipse
2608 3580 3073 3636 sanctiﬁcantibus
3116 3585 3367 3652 precibus

1810 3670 2197 3723 sanctiﬁcatur.
2245 3670 2514 3723 Diaconus
2562 3685 2687 3722 vero
2727 3679 2888 3724 unum
2925 3688 3062 3740 genu
3116 3673 3364 3742 ﬂectens,

1812 3777 1972 3831 super
2002 3761 2169 3830 caput
2193 3761 2353 3815 habet
2383 3769 2437 3814 et
2469 3763 2582 3829 ipse
2616 3763 2862 3816 dextram
2891 3768 3286 3831 consecrantis,
3313 3779 3366 3823 et

1811 3861 2156 3907 consecratur
2191 3853 2619 3906 invocationibus
2648 3854 3038 3918 ministrorum,
3069 3872 3188 3926 quae
3216 3860 3364 3914 vide-

1813 3942 1938 3995 licet
1972 3943 2022 3995 in
2069 3942 2381 3996 eorumdem
2427 3945 2833 3998 consecratione
2871 3946 3115 4001 adhiberi
3159 3951 3361 4017 solent,

1813 4031 2095 4084 hierarcha
2138 4045 2352 4098 quoque
2400 4033 2649 4100 precibus
2694 4035 3031 4090 extrinsecus
3071 4053 3364 4096 annuente.

1813 4120 1905 4174 His
1938 4123 2110 4175 tribus
2136 4123 2316 4190 itaque
2343 4137 2627 4177 commune
2652 4135 2756 4191 est,
2783 4136 2909 4180 ante
2932 4127 3169 4181 divinum
3195 4132 3366 4185 altare.

1810 4215 2070 4280 ordinari,
2120 4224 2174 4270 et
2214 4214 2383 4269 ferina
2425 4218 2603 4270 crucis
2641 4218 2858 4287 signari,
2894 4229 2951 4274 et
2990 4237 3183 4276 nomen
3224 4225 3363 4278 reci-

1813 4305 1938 4365 tari,
1968 4315 2021 4359 et
2062 4307 2113 4359 in
2158 4305 2263 4358 ﬁne
2291 4305 2538 4360 salutari.
2571 4306 2811 4362 Observa
2841 4323 2968 4363 vero
3005 4312 3147 4379 quod
3194 4312 3360 4379 dica',

1811 4397 1969 4468 247
1997 4412 2182 4454 omnes
2211 4400 2300 4467 qui
2327 4399 2381 4452 in
2421 4400 2659 4454 sacrario
2698 4410 2825 4454 sunt
2861 4401 3172 4457 ordinatum
3204 4406 3356 4459 salu.

1739 4525 1782 4580 Β
1813 4500 1946 4544 tare.

2327 4603 2409 4658 Ill.
2451 4603 2848 4674 Contemplatio.

1881 4715 1908 4786 ᾗ
1939 4715 1977 4772 1.
2017 4714 2347 4784 Aggrediens
2371 4729 2558 4770 eorum
2587 4716 2676 4784 qui
2707 4729 3092 4773 consecrantur
3117 4730 3359 4776 contem-

1807 4806 2123 4876 plationem,
2161 4807 2396 4874 primum
2427 4821 2487 4859 ea
2519 4821 2637 4874 qua:
2681 4807 2850 4862 tribus
2886 4810 3164 4864 ordinibus
3210 4828 3358 4866 com-

1809 4901 1990 4954 munia
2021 4939 2036 4963 ,
2087 4913 2312 4967 quaeque
2360 4896 2583 4952 cuilibet
2633 4897 2846 4966 propria
2897 4909 3042 4964 sunt,
3087 4912 3355 4956 recenset.

1807 4991 2122 5046 Communia
2153 4991 2315 5060 igitur
2339 4998 2483 5055 sunt,
2508 4989 2775 5043 ordinatio
2795 4988 2861 5042 ad
2893 4990 3133 5043 divinum
3163 4993 3354 5061 altare,

1809 5084 1996 5139 forma:
2028 5083 2205 5137 crucis
2233 5083 2486 5152 signatio,
2515 5090 2570 5135 et
2593 5080 2825 5134 nominis
2849 5067 3116 5149 recitatio,
3144 5093 3195 5136 et
3226 5084 3360 5137 ﬁna—

1806 5174 1870 5229 lis
1905 5175 2176 5229 salutatio.
2205 5173 2431 5240 Propria
2465 5186 2591 5226 vero
2618 5179 2698 5226 est
2724 5172 2988 5241 episcOpis
3012 5173 3148 5227 sacri
3181 5174 3359 5229 Evan-

1807 5268 1926 5338 gelii
1959 5267 2250 5335 impositio,
2281 5266 2648 5320 sacerdotibus
2691 5265 2971 5334 utriusque
3011 5266 3161 5335 pedis
3200 5268 3354 5322 incli-

1807 5359 1974 5421 natio,
2009 5356 2252 5411 diaconis
2276 5355 2589 5409 alterutrius
2617 5353 2849 5410 inﬂexit).

1880 5447 1908 5518 ς
1946 5447 2007 5500 ll.
2049 5447 2290 5501 Dicimus
2317 5447 2496 5515 itaque
2522 5446 2753 5516 primum
2777 5447 2844 5501 de
2866 5451 3135 5504 communi
3166 5449 3254 5503 illa
3287 5453 3354 5504 ad

1807 5541 1976 5594 altare
2002 5555 2215 5594 sacrum
2247 5541 2567 5594 aildnctione
2600 5556 2662 5594 ac
2688 5540 2935 5604 ﬂexione,
2972 5541 3232 5596 insinuari
3262 5558 3356 5611 per

1807 5633 1906 5686 hoc
1926 5647 2116 5686 omnes
2139 5632 2256 5686 illos
2281 5632 2706 5687 consecrationis
2742 5635 2945 5686 auctori
2976 5633 3085 5688 Deo
3119 5648 3185 5686 ex
3214 5634 3356 5688 inte-

1805 5739 1900 5794 gro
1931 5724 2093 5776 vitam
2137 5739 2288 5776 suam
2319 5738 2670 5790 consecrare,
2709 5740 2972 5793 eamque,
3017 5727 3188 5792 quoad
3233 5725 3350 5779 ﬁeri

1805 5824 2001 5884 potest,
2049 5815 2379 5871 conformem
2413 5831 2529 5872 esse
2562 5817 2758 5873 debere
2783 5817 3123 5873 sanctissimo
3155 5817 3230 5873 illi
3261 5815 3345 5870 al-
