4162 6304
884 361 982 419 527

2036 356 2091 410 S.
2130 355 2425 411 DIONYSII
2464 355 2923 412 AREOPAGITJE

4008 366 4098 421 εει

884 488 1010 551 tari,
1043 484 1308 543 Saivatori
1332 484 1563 549 scilicet,
1580 483 1797 540 Christo
1829 500 1890 540 ac
1921 485 2168 549 Domino,
2200 486 2291 555 qui
2316 500 2443 539 con-
2472 490 2517 545 Α

2472 490 2517 545 Α
2545 481 2931 553 θυσιαστηρίῳ,
2977 481 3054 553 τῷ
3098 483 3307 555 Σωτῆρι
3349 487 3567 559 Χριστῷ
3609 489 3701 542 καὶ
3724 492 3969 565 Δεσπὰτῃ
3993 536 4006 556 ,
4035 496 4096 565 τῷ

882 590 1060 637 secrat
1092 589 1300 634 mentes
1325 580 1638 634 deiformes.

952 674 980 746 ς
1024 675 1107 727 Ill.
1150 674 1340 729 Manus
1372 686 1550 731 autem
1583 674 1857 744 impositio
1888 675 2081 743 partim
2108 676 2320 740 quidem
2359 675 2444 729 de-

880 770 1059 837 signat
1087 770 1321 821 divinam
1355 768 1764 836 protectionem,
1796 783 1914 836 qua:
1938 768 2003 819 ad
2039 783 2097 821 se
2127 768 2443 821 accedentes

881 870 1134 929 tanquam
1176 860 1313 913 ﬁlios
1350 870 1573 928 paterne
1604 860 1868 927 protegit;
1900 858 2092 925 partim
2129 872 2255 911 vero
2286 858 2441 911 docet

879 953 950 1006 ita
1003 962 1350 1006 consecratos
1378 991 1391 1013 ,
1446 960 1700 1019 tanquam
1744 952 1841 1005 sub
1888 949 1997 1003 Deo
2042 964 2254 1002 sacram
2288 965 2439 1003 suam

874 1042 1199 1099 ftitu'tionetn
1229 1044 1381 1097 obire
1408 1040 1623 1096 debere.
1652 1039 1785 1093 Nam
1812 1055 2001 1094 manus
2030 1040 2329 1111 symbolum
2356 1049 2440 1094 est

874 1135 1227 1204 Operationis.

947 1226 974 1297 ᾗ
1016 1225 1101 1279 IV.
1142 1226 1311 1279 Porro
1341 1226 1551 1293 signum
1584 1225 1762 1279 crucis
1786 1224 2030 1295 designat
2053 1224 2291 1277 omnium
2317 1238 2438 1278 car-

871 1319 1075 1371 nalium
1128 1319 1482 1386 cupiditatum
1534 1318 1927 1378 cessationem,
1976 1318 2278 1384 divinmque
2317 1319 2436 1369 vitae

872 1411 1223 1463 imitationem
1269 1409 1382 1475 ejus
1414 1410 1502 1477 qui
1542 1410 1605 1462 ad
1633 1424 1849 1461 crucem
1893 1417 1947 1461 et
1992 1418 2219 1461 mortem
2264 1408 2429 1460 venit.

870 1500 1167 1568 Episcopus
1196 1510 1373 1552 autem
1409 1513 1601 1551 nomen
1629 1497 1773 1549 illius
1803 1498 1889 1564 qui
1922 1497 2205 1550 ordinatur
2228 1496 2434 1566 procla—

868 1602 997 1653 mat,
1026 1592 1282 1661 quoniam
1322 1591 1433 1644 Deo
1462 1591 1661 1643 charus
1689 1590 1938 1642 ordinum
1970 1588 2195 1642 collator
2226 1598 2429 1641 tantum

865 1681 1103 1749 exlilicat
1139 1683 1373 1736 divinam
1407 1682 1759 1743 electionem,
1790 1682 1918 1748 quia
1955 1696 2059 1733 non
2104 1679 2309 1741 favore,
2338 1681 2429 1733 sed

866 1791 893 1827 ιι
932 1776 1039 1829 Deo
1068 1785 1266 1835 motus,
1297 1774 1469 1841 ipsum
1510 1772 1687 1842 elegit.
1720 1771 1845 1826 Haec
1875 1774 2017 1825 enim
2052 1770 2427 1842 promulgatio,

865 1864 1232 1919 manilcstatio
1262 1874 1343 1917 est
1370 1863 1562 1917 divina:
1593 1862 1908 1917 voluntatis.

933 2041 962 2113 ᾗ
1004 2041 1066 2097 γ.
1109 2039 1222 2094 Hoc
1264 2040 1421 2093 modo
1468 2038 1630 2093 etiam
1671 2038 1862 2107 legalis
1901 2039 2149 2093 ordinum
2202 2039 2427 2094 collator

861 2132 1071 2203 Moyses
1105 2132 1328 2185 fratrem
1371 2145 1525 2184 suum
1564 2130 1744 2183 Aaron
1772 2168 1786 2192 ,
1822 2130 2068 2197 quamvis
2110 2143 2230 2182 eum
2263 2130 2428 2184 sciret

861 2226 965 2279 isto
998 2237 1219 2277 munere
1254 2222 1505 2291 dignum,
1540 2234 1881 2288 nequaquam
1921 2219 2105 2288 elegit,
2132 2221 2304 2274 donec
2340 2222 2424 2274 di-

860 2318 1061 2369 vinitus
1088 2314 1152 2366 ad
1181 2314 1282 2368 hoc
1312 2321 1645 2365 moveretur.
1680 2310 1785 2365 Sed
1815 2311 1942 2379 quid
1969 2311 2115 2364 illum
2148 2313 2425 2366 memoro?

859 2424 980 2462 cum
1015 2408 1242 2476 ipsemet
1271 2404 1477 2474 primus
1503 2404 1755 2457 ordinum
1783 2402 2007 2457 collator
2033 2418 2098 2457 ac
2126 2404 2424 2458 vivilicator

855 2498 1014 2554 Jesus
1060 2497 1126 2550 ad
1168 2496 1381 2549 Patrem
1427 2494 1625 2548 clamet
1659 2513 1674 2548 :
1710 2492 1895 2559 Pater,
1936 2494 2173 2558 clarifica
2221 2494 2423 2549 Filium

857 2602 1004 2644 tuum
1026 2598 1078 2656 ιι,
1127 2588 1590 2643 conﬁrmationem
1643 2586 2044 2655 quodammodo
2102 2587 2223 2641 inde
2277 2589 2424 2643 acci-

856 2682 1041 2749 piens,
1074 2679 1285 2733 tametsi
1332 2679 1474 2732 Deus
1513 2689 1657 2731 esset
1678 2662 1760 2731 ‘ac
1792 2679 2074 2741 Dominus,
2108 2687 2161 2731 et
2194 2678 2247 2731 in
2295 2695 2419 2733 vera

856 2772 1021 2840 gloria
1060 2769 1219 2823 simul
1249 2783 1369 2821 eum
1407 2768 1568 2821 Patre
1599 2780 1651 2820 et
1693 2768 1898 2837 Spiritu
1940 2779 2131 2822 sant-to
2173 2784 2293 2824 esse
2326 2787 2421 2824 no-

853 2872 1123 2916 sceretnr.
1155 2860 1211 2914 Si
1246 2874 1373 2913 vero
1396 2860 1668 2914 credimus
1698 2875 1761 2913 ea
1802 2874 1921 2927 qua:
1943 2862 2217 2928 propheta
2254 2861 2418 2916 locuti

854 2959 1002 3013 sunt,
1032 2956 1195 3005 verba
1229 2964 1348 3004 esse
1379 2950 1497 3013 Dei,
1529 2952 1665 3004 sicut
1694 2964 1821 3004 verc
1849 2961 1997 3015 sunt,
2022 2961 2078 3005 et
2101 2967 2129 3004 a
2164 2952 2270 3006 Deo
2292 2968 2419 3021 pro-

854 3044 1136 3107 teruntur;
1188 3043 1316 3096 illud
1350 3060 1363 3097 :
1404 3042 1481 3095 Tu
1524 3060 1578 3097 es
1621 3044 1866 3098 sacerdos
1908 3046 1962 3098 in
2002 3055 2250 3098 wtcrnum
2278 3055 2323 3113 ν,
2367 3056 2421 3099 et

2545 573 2886 646 καθιεροῦντι
2908 576 3034 639 τοῦς
3060 576 3312 641 θεοειδεῖς
3334 579 3476 642 νόας.

2619 668 2645 738 §
2688 670 2779 721 ΙΙΙ.
2836 670 2899 720 Ἡ
2922 669 2976 721 δὲ
3004 670 3103 739 τῆς
3131 672 3307 741 χειρὸς
3338 674 3575 737 ἐπίθεσις
3613 678 3745 747 ὁμου
3777 678 3874 748 μὲν
3914 680 4102 749 69.915-

2543 775 2620 811 νει
2646 760 2743 829 τὴν
2769 760 2830 810 ἐκ
2857 758 2989 810 Θεοῦ
3020 759 3246 829 σκέπην,
3291 762 3388 831 τὴν
3423 762 3787 830 φυλάττουσαν
3826 770 4099 831 πατρικῶς

2540 852 2614 913 ὡς
2642 853 2833 914 παῖδας
2871 853 2995 915 τοὺς
3038 853 3183 923 αὐτῷ
3224 857 3677 926 προσανέχονταςε
3723 860 3835 930 ἅμα
3872 860 3925 913 δὲ
3963 863 4098 917 διδάο

2544 959 2661 995 σκει
2688 945 2777 996 καὶ
2804 945 2863 996 τὸ
2887 944 3301 1016 ἐποφειλόμενον
3328 948 3467 1017 ἔχειν
3490 951 3612 1013 τοὺς
3634 952 3982 1017 τελεσθέντας
4011 956 4098 1025 τὴν

2542 1036 2747 1090 ἑαυτῶν
2794 1037 3096 1107 ὑπηρεσίαν
3142 1038 3313 1090 τελεῖν
3340 1040 3413 1102 ῶς
3444 1041 3547 1093 ὑπὸ
3586 1042 3703 1112 Θεῴ
3732 1048 4095 1115 πράττοντας·

2540 1130 2804 1201 σύμϐολον
2831 1130 2935 1201 γὰρ
2962 1133 2993 1201 ἡ
3021 1132 3138 1203 χεὶρ
3164 1130 3431 1201 πράξεως.

2614 1222 2639 1292 ς
2676 1221 2761 1274 IV.
2793 1223 2855 1273 ἸΙ
2880 1222 2934 1274 δὲ
2960 1224 3299 1294 σταυροειδὴς
3326 1226 3556 1294 σφραγὶς
3580 1227 3678 1299 τὴν
3714 1229 3977 1301 ἁνενεργη
3990 1233 4090 1283 σῐαν

2537 1313 2642 1365 τῶν
2704 1314 2979 1383 σαρκικῶν
3019 1314 3203 1366 παθῶν
3232 1356 3244 1377 ,
3293 1318 3385 1369 καὶ
3440 1318 3537 1388 τήν
3585 1318 3908 1391 θεομίμητον
3957 1325 4085 1393 ζωή-μ

2538 1404 2786 1474 ἐμφαίνει
2830 1407 2893 1473 τῇ
2937 1405 3069 1475 πρὸς
3098 1404 3258 1457 αὑτὸν
3304 1408 3565 1476 μιμήσει,
3595 1408 3651 1471 ὃς
3681 1409 3837 1480 μέχρι
3868 1414 4085 1482 σταυροῦ

2536 1499 2629 1549 καὶ
2666 1496 2891 1549 Θανάτου
2932 1496 3205 1567 ἐλήλυθεν.
3252 1498 3475 1569 Ἀναϐοᾷ
3512 1500 3566 1551 δὲ
3592 1500 3650 1552 :6
3672 1502 3837 1571 ὄνομα
3862 1504 3952 1555 τοῦ
3989 1524 4086 1574 χει-

2538 1588 2917 1657 ροτονουμένου
2982 1589 3011 1639 6
3072 1589 3360 1659 ἱεράρχης,
3407 1590 3486 1642 ὃτι
3531 1590 3558 1641 6
3606 1590 3843 1659 φιλόθεος
3897 1594 4082 1664 ἱεροτε-

2533 1677 2726 1747 λεστής
2780 1679 2939 1746 μόνον
2984 1679 3229 1746 ἐκφαίνει
3270 1681 3367 1749 τὴν
3415 1680 3563 1734 θείαν
3609 1682 3865 1753 ἐκλογὴν,
3908 1685 3987 1737 ὅτι
4029 1687 4079 1738 οὐ

2533 1770 2745 1839 χάριτι,
2779 1770 2892 1823 ἁλλ’
2930 1771 3032 1824 ὑπὸ
3067 1771 3200 1823 Θεοῦ
3240 1771 3551 1842 κινούμενος
3594 1774 3749 1826 αὐτὸν
3784 1776 4077 1844 ἐξελέξατθ.

2530 1863 2684 1915 τοῦτο
2708 1865 2816 1935 γάρ
2842 1866 3041 1937 ἐστινὴ
3070 1865 3374 1937 ἐκφώνηοίς
3393 1905 3408 1929 ,
3433 1868 3466 1939 ἡ
3511 1867 3764 1937 ἕκφανσις
3805 1871 3900 1940 τῆς
3941 1871 4079 1935 θείας

2532 1954 2742 2025 βουλῆς.

2603 2046 2628 2117 §
2672 2047 2731 2100 V.
2753 2047 2905 2101 Οὕτω
2935 2060 3027 2101 και
3050 2050 3076 2102 6
3101 2057 3318 2119 νομικὸς
3347 2052 3711 2125 ἱεροτελεστὴς
3735 2056 3969 2126 Μωῦσῆς
3995 2057 4076 2109 τὸν

2530 2138 2752 2208 ἀδελφὸν
2789 2142 2951 2193 αὑτοῦ
3005 2142 3232 2214 Ἀαρὼν,
3259 2149 3352 2199 καὶ
3393 2147 3544 2211 εἰδὼς
3568 2148 3713 2214 ἄξιον
3749 2149 3846 2217 τῆς
3887 2151 4074 2220 ὑτιουρ⁴

2526 2231 2649 2299 γίας
2668 2273 2681 2295 ,
2708 2234 2805 2285 οὐκ
2831 2232 3123 2301 ἐξελέξατο,
3151 2238 3253 2301 ἕως
3276 2234 3334 2292 οὗ
3361 2239 3539 2292 θεόθεν
3563 2240 3780 2311 ἐκινήθη
3808 2242 3885 2303 είς
3907 2242 4071 2295 τοῦτο.

2527 2321 2634 2372 Καὶ
2678 2323 2728 2373 τί
2775 2323 2914 2391 λέγω
2961 2328 3088 2397 περὶ
3132 2329 3353 2393 τούτου;
3382 2332 3541 2394 αὐτὸς
3574 2335 3601 2384 6
3643 2333 3854 2403 πρῶτος
3881 2336 4071 2404 1596:2—

2526 2410 2717 2483 λεστὴς
2753 2416 2780 2467 6
2820 2416 3121 2487 ζωαρχικὸς
3170 2421 3373 2491 Ἰησοῦς
3416 2424 3549 2493 πρὸς
3583 2424 3671 2476 τὸν
3696 2425 3905 2495 Πατέρα
3952 2427 4069 2495 βοᾷ’

2525 2504 2734 2571 Πάτερ,
2781 2506 3046 2571 δόξασόν
3090 2526 3203 2563 σου
3252 2512 3358 2564 τὸν
3417 2515 3585 2565 Υἱόν·
3615 2515 3711 2584 τὴν
3759 2516 4073 2587 ἐπικύρωσιν

2522 2596 2719 2651 ὡσανεὶ
2742 2602 2945 2653 ἐκεῖθεν
2985 2603 3289 2672 δεχόμενος,
3322 2606 3495 2658 καίτοι
3519 2606 3645 2671 Θεὸς
3670 2606 3742 2659 ῶν
3769 2610 3858 2660 καὶ
3882 2609 4074 2660 Δεσπό-

2522 2706 2640 2759 της,
2671 2693 2762 2743 καὶ
2799 2693 2857 2743 ἐν
2904 2694 3076 2763 τελείᾳ
3103 2694 3227 2767 δόξῃ
3255 2698 3369 2766 ᾰμα
3404 2698 3479 2765 τῷ
3506 2700 3678 2771 Ila-:91
3702 2701 3790 2752 καὶ
3828 2700 3900 2769 τῷ
3942 2703 4071 2771 ἁγίῳ

2524 2779 2795 2849 Πνεύματι
2847 2782 3257 2851 γνωριζόμενος.
3300 2786 3361 2837 Ei
3402 2786 3457 2838 δὲ
3499 2788 3855 2857 πιστεύομεν,
3893 2790 3974 2841 ὅτι
4010 2790 4070 2840 τά

2524 2870 2625 2921 ὑπὸ
2668 2872 2961 2941 προφητῶν
3004 2872 3303 2942 λαλούμενα
3337 2878 3555 2947 ῥήματά
3581 2881 3684 2929 είσι
3710 2878 3859 2941 Θεοῦ,
3896 2881 4069 2941 καθὼς

2522 2962 2617 3013 καὶ
2643 2964 2748 3014 είσὶ
2772 3004 2783 3024 ,
2813 2966 2905 3016 καὶ
2930 2964 3035 3017 ἀπὸ
3070 2964 3204 3016 Θεοῦ
3242 2966 3518 3035 λέγονται·
3547 2969 3627 3034 :6,
3655 2970 3736 3022 Σὺ
3769 2971 3955 3037 ἱερεὺς
3993 2974 4071 3036 εὶς

2521 3056 2626 3110 τὸν
2649 3056 2847 3120 αἰῶνα,
2883 3061 2975 3111 καὶ
2999 3061 3066 3112 τὰ
3092 3063 3216 3132 ἑξῆς
3242 3100 3255 3123 ,
3282 3061 3339 3111 οὑ
3366 3060 3459 3112 τοῦ
3493 3062 3653 3113 Δαυὶδ
3677 3063 3882 3125 πάντως
3906 3065 4069 3134 φήσο-

853 3150 973 3204 quae
1016 3141 1337 3203 sequuntur,
1383 3147 1721 3202 nequaquam
1765 3134 1985 3187 omnino
2036 3136 2253 3190 Davidis
2296 3151 2416 3191 esse
2443 3154 2483 3211 ο

2443 3154 2483 3211 C
2519 3163 2616 3214 μεν
2640 3142 2773 3199 εἶναι
2796 3188 2808 3209 ,
2836 3150 2968 3201 ἀλλὰ
2992 3150 3083 3203 τοῦ
3111 3153 3200 3204 ἐπὶ
3228 3152 3442 3204 πάντων
3465 3152 3596 3205 Θεοῦ
3623 3170 3636 3181 ο
3683 3152 4070 3222 ὲκλαμόἀνεται

851 3226 1113 3284 dicimus.
1150 3224 1247 3276 sed
1284 3222 1448 3293 248
1491 3224 1695 3277 dictum
1744 3221 1882 3277 Dei:
1922 3226 2189 3294 accipitur
2234 3236 2413 3282 autem

853 3318 921 3371 de
950 3316 1111 3370 Patre
1134 3314 1271 3369 Filio
1305 3331 1401 3369 suo
1431 3316 1801 3370 testimonium
1830 3316 2145 3383 perhibente
2172 3321 2415 3373 sacerdo-

858 3410 916 3463 tii
962 3409 1102 3461 illius
1143 3408 1331 3462 aeterni
1376 3408 1668 3462 secundum
1702 3410 1943 3462 ordinem
1992 3409 2410 3467 Melchisedech.

852 3501 919 3555 Et
949 3500 1263 3571 discipulos,
1297 3501 1509 3554 tametsi
1538 3500 1677 3553 Deus
1700 3510 1864 3561 esset,
1909 3516 2012 3555 non
2051 3518 2079 3555 a
2124 3506 2413 3571 semetipso

850 3592 1071 3661 proprie
1110 3591 1399 3655 ordinavit,
1433 3593 1526 3646 sed
1576 3592 1821 3661 promisit
1864 3606 1922 3647 se
1968 3593 2257 3647 missurum
2287 3595 2350 3651 iis
2382 3612 2410 3649 a

849 3682 1014 3737 Patre
1046 3682 1312 3751 Spiritum
1336 3696 1600 3739 sanctum.
1642 3683 1777 3749 Quin
1814 3694 1868 3738 et
1903 3686 2128 3752 ipsemet
2167 3688 2412 3756 princeps

851 3776 1249 3843 apostolorum,
1272 3792 1379 3829 una
1396 3791 1516 3830 cum
1540 3776 1742 3829 dccade
1766 3774 2175 3844 discipulorum,
2198 3779 2412 3846 quando

851 3866 1244 3919 duodeuarium
1277 3867 1427 3920 illum
1468 3866 1690 3935 implere
1735 3866 1971 3931 volebat,
2005 3882 2346 3937 nequaquam
2380 3883 2410 3921 a

850 3960 1143 4028 semetipso
1172 3959 1462 4013 ordinabat
1510 3972 1890 4028 quemcunque
1918 3958 2102 4023 vellet,
2134 3961 2227 4013 sed
2264 3961 2411 4015 dice-

848 4051 986 4105 bat:
1038 4050 1263 4105 Ostende
1299 4067 1450 4121 quem
1492 4052 1781 4119 elegerirx;
1817 4059 1871 4104 et
1915 4050 2061 4105 illum
2110 4052 2411 4121 aceipiehat

828 4160 1009 4213 quem
1055 4142 1297 4212 Spiritus
1340 4155 1559 4199 sanctus
1603 4144 1948 4209 ostenderat,
2005 4144 2283 4199 Matthiam
2328 4146 2411 4199 in-

847 4252 1031 4307 quam.
1065 4237 1139 4289 De
1166 4237 1343 4290 divina
1378 4252 1504 4291 vero
1526 4246 1672 4291 sorte
1702 4236 1753 4289 in
1783 4237 1930 4291 Actis
1954 4238 2041 4291 alii
2064 4238 2278 4305 quidem
2307 4238 2407 4293 alia

847 4328 1218 4392 tradiderunt,
1251 4327 1467 4382 interim
1516 4338 1691 4382 tamen
1724 4344 1828 4381 non
1880 4339 2065 4383 sancte
2112 4329 2407 4385 istiusmodi

848 4432 1023 4475 sortes
1060 4422 1452 4489 acciperemus,
1487 4422 1672 4491 quales
1700 4436 1840 4489 saepe
1871 4423 2035 4475 etiam
2077 4425 2279 4477 ethnici
2318 4438 2407 4491 po-

2517 3236 2571 3289 δὲ
2596 3238 2668 3300 ὡς
2695 3240 2799 3291 67:6
2819 3240 2910 3291 τοῦ
2934 3242 3144 3326 Πατρὸς
3162 3244 3295 3313 πρὸς
3324 3245 3413 3296 τὸν
3443 3244 3560 3295 Υἱὸν
3586 3242 4071 3313 ἐπιμαρτυροῦντος

2513 3327 2683 3395 τούτῳ
2713 3329 2807 3398 τὴν
2848 3332 2927 3394 εἰς
2963 3330 3134 3384 αἰῶνα
3163 3334 3456 3404 ἱερωσύνην
3482 3333 3619 3386 κατὰ
3641 3335 3736 3403 τὴν
3759 3332 3904 3395 τάξιν
3931 3336 4069 3386 Μελ-

2514 3420 2743 3488 χισεδέκ.
2792 3422 2899 3472 Καὶ
2946 3421 3070 3484 τοὺς
3132 3424 3411 3495 μαθητάς,
3459 3426 3633 3476 καίτοι
3672 3425 3799 3488 Θεὸς
3837 3425 3931 3485 ῶν,
3978 3429 4070 3479 οὐκ

2513 3512 2673 3573 αὐτὸς
2717 3512 3086 3583 ἐχειροτόνησε
3121 3516 3262 3578 toto);
3292 3516 3384 3584 ἀφ’
3420 3514 3630 3577 ἑαυτοῦ,
3668 3514 3778 3567 ἀλλ’
3820 3517 4069 3585 ἐπηγγεί-

2512 3602 2637 3653 λατο
2668 3603 2902 3671 πέμπειν
2930 3604 3078 3675 παρὰ
3101 3606 3193 3659 τοῦ
3226 3607 3436 3676 Πατρὸς
3461 3606 3520 3659 :6
3546 3604 3768 3675 Πνεῦμα
3804 3606 3863 3657 :6
3894 3608 4065 3674 ᾰγιον.

2512 3692 2619 3743 Καὶ
2662 3692 2767 3759 μὴν
2799 3694 2890 3743 καὶ
2917 3694 3077 3756 αὐτὸς
3118 3698 3144 3747 6
3183 3694 3291 3747 τῶν
3328 3694 3581 3765 μαθητῶν
3610 3698 3896 3765 κορυφαῖος
3940 3696 4065 3765 μετὰ

2511 3780 2610 3847 τῆς
2640 3780 2857 3843 δεκάδος
2882 3783 2985 3833 τῶν
3021 3782 3297 3853 μαθητῶν,
3340 3784 3457 3835 ἐπεὶ
3474 3781 3701 3853 ἤμελλεν
3728 3782 4066 3853 ἀναπληροῦν

2510 3872 2603 3941 τὴν
2630 3872 2917 3937 δωδεκάδα,
2945 3873 3043 3926 οὐκ
3064 3875 3153 3941 ἀφ’
3182 3874 3371 3926 ἐαυτοῦ
3399 3874 3715 3943 ἐχειροτόνει
3741 3873 3797 3925 ὃν
3826 3874 3888 3924 ἂν
3922 3874 4064 3927 ἐϐού-

2511 3964 2649 4026 λετο,
2688 3964 2800 4017 ἀλλ’
2835 3966 3018 4033 ἔλεγεν
3037 3983 3049 3996 ’
3096 3966 3433 4030 Ἀνάδειξον
3462 3966 3533 4018 ὂν
3562 3965 3815 4029 ἐξελέξω
3834 3983 3846 3994 ⁵
3881 3968 4064 4018 κακεῖ-

2512 4072 2599 4107 νον
2650 4055 2863 4119 ἐδέξατο
2908 4058 2966 4109 ὂν
3013 4052 3073 4109 :6
3120 4059 3343 4127 Πνεῦμα
3386 4057 3447 4109 :6
3490 4057 3641 4123 ἅγιον
3688 4055 3954 4121 άνὲῖειξε,
3985 4057 4062 4109 τὸν

2512 4146 2756 4199 Ματθίαν
2781 4147 2939 4216 φημί.
2976 4148 3111 4218 Περὶ
3130 4148 3185 4199 δὲ
3215 4147 3308 4200 τοῦ
3342 4147 3483 4200 θείου
3511 4146 3707 4219 κλήρου
3733 4146 3824 4199 τοῦ
3866 4147 3925 4199 ἐν
3952 4150 4061 4209 ταῖς

2510 4236 2794 4306 Πράξεσιν,
2830 4238 3007 4308 ἓτεροι
3036 4239 3134 4309 μὲν
3165 4238 3297 4291 ἄλλα
3336 4240 3617 4309 εἰρήκασι,
3654 4238 3786 4300 τέως
3812 4238 3911 4289 οὐκ
3944 4239 4059 4289 εὐα-

2509 4328 2619 4397 γῶς
2661 4328 3007 4399 ἐπιλαϐόμενοι
3056 4330 3199 4392 ῐσους
3246 4330 3513 4401 κλήρους,
3548 4328 3638 4392 οὓς
3669 4328 3925 4391 πολλάκις
3964 4329 4059 4380 ἐτί-

2510 4419 2656 4483 θουν,
2686 4420 2781 4471 καὶ
2806 4421 3063 4491 Ἕλληνες
3085 4422 3221 4473 κατὰ
3237 4422 3296 4473 τὸ
3320 4422 3447 4490 παρ’
3488 4421 3706 4489 Ὁμήρῳ
3737 4419 3970 4472 πάλλεν
4000 4418 4060 4470 δὲ

850 4516 1081 4575 nebant,
1133 4515 1275 4567 sicut
1342 4515 1482 4582 apud
1537 4513 1826 4567 Homerum
1876 4514 2110 4582 jaciehat
2149 4515 2409 4569 Gerenius
2442 4491 2484 4545 D

2442 4491 2484 4545 D
2512 4512 2795 4577 Γερήνιος
2814 4514 3030 4565 ἱππότα
3061 4514 3323 4581 Νέστωρ.
3360 4511 3499 4580 Ἐγὼ
3528 4512 3582 4564 δὲ
3610 4512 3769 4579 λέγω,
3805 4510 3865 4562 σύ
3875 4511 4053 4581 μὸοὶόν

845 4619 1012 4674 eques
1044 4604 1261 4659 Nestor.
1301 4602 1411 4674 Ego
1436 4614 1615 4657 autem
1670 4605 1823 4667 dico,
1868 4615 2069 4659 sortem
2118 4605 2285 4660 fuisse
2335 4606 2409 4660 si~

847 4713 1009 4766 gnum
1038 4697 1251 4766 aliquod
1277 4697 1645 4761 revelationis,
1670 4707 1761 4749 aut
1782 4695 2062 4750 amationis
2084 4698 2405 4751 sanctissimi

847 4790 1105 4858 Spiritus,
1134 4790 1275 4857 quod
1309 4789 1537 4845 cadebat
1574 4806 1738 4859 super
1766 4805 1885 4845 eum
1921 4791 2009 4857 qui
2057 4789 2404 4844 sortiebatur.

849 4880 1000 4937 Unde
1030 4883 1189 4935 etiam
1220 4881 1285 4935 de
1315 4882 1570 4935 lscariota
1620 4882 1888 4935 maximus
1939 4882 2024 4935 ille
2072 4882 2262 4936 Petrus
2288 4883 2359 4935 ait
2388 4900 2402 4935 :

846 4969 916 5023 Et
960 4980 1230 5038 acceperat
1282 4972 1547 5024 nobiscum
1586 4984 1773 5023 sortem
1820 4969 2101 5022 ministerii
2148 4969 2302 5036 hujus
2335 4977 2401 5031 y;

846 5076 1156 5131 quanquam
1189 5062 1383 5115 usitata
1426 5064 1583 5132 vulgo
1636 5077 1755 5114 sors
1804 5076 1907 5114 non
1955 5059 2052 5112 fuit
2086 5058 2324 5113 adhibita
2374 5073 2403 5111 a

848 5152 1075 5207 Domino
1107 5168 1227 5208 cum
1257 5153 1526 5221 apostolos
1556 5154 1731 5221 elegit.
1780 5153 2017 5218 Denique
2050 5151 2114 5202 ad
2162 5152 2405 5219 proposi-

848 5250 957 5295 tum
990 5242 1240 5305 dicimus,
1274 5244 1586 5310 episcOpum
1619 5257 1647 5293 a
1674 5241 2015 5295 sanctissimo
2046 5239 2247 5309 Spiritu
2286 5255 2401 5294 mo-

848 5345 960 5384 tum
988 5332 1278 5387 electiones
1308 5333 1486 5386 facere
1518 5333 1731 5385 debere.

923 5423 950 5493 §
995 5424 1079 5479 Vl.
1124 5424 1289 5479 Porro
1318 5439 1525 5488 omnes,
1560 5428 1717 5477 etiam
1748 5425 1971 5491 ipsemet
2004 5425 2250 5477 ordinum
2290 5424 2405 5476 col-

850 5514 1010 5577 lator,
1050 5516 1359 5570 ordinatum
1390 5518 1657 5581 salutant;
1685 5518 1939 5586 quoniam
1966 5532 2086 5569 cum
2116 5518 2214 5568 hoc
2246 5514 2404 5567 modo

851 5622 1001 5662 mens
1025 5618 1207 5662 sancta
1230 5651 1243 5675 ,
1278 5609 1451 5662 divina
1489 5610 1769 5665 mentione
1812 5620 1867 5663 et
1898 5608 2282 5661 ecclesiasticis
2326 5608 2407 5659 in-

918 5797 941 5823 ιι
974 5774 1127 5834 John.
1168 5797 1297 5839 mi.
1328 5784 1373 5833 l.
1446 5792 1467 5816 ν
1496 5781 1638 5837 Psal.
1680 5798 1789 5846 cu,
1817 5780 1845 5834 4

2503 4620 2555 4654 τι
2586 4604 2659 4668 ,ἐξ
2709 4603 3097 4672 ἀποκαλύψεως
3153 4605 3184 4673 ἢ
3237 4606 3603 4674 ἐνεργήματος,⁵
3659 4602 3752 4653 τοῦ
3798 4604 4053 4670 παναγίου

2507 4695 2817 4765 Πνεύματος
2852 4700 3044 4748 πῖπτον
3066 4696 3157 4748 ἐπὶ
3184 4695 3274 4747 τὸν
3305 4695 3667 4765 κληρούμενον
3693 4696 3720 4746 6
3755 4694 3953 4764 κλῆρος
3976 4690 4049 4763 ἦν.

2510 4786 2667 4838 Ὅθεν
2714 4788 2807 4840 καὶ
2852 4788 2976 4857 περὶ
3018 4785 3111 4837 τοῦ
3150 4785 3487 4855 Ἰσκαριώτου
3526 4786 3688 4853 φησὶν
3736 4788 3763 4837 6
3816 4786 4051 4855 μέγιστος

2506 4877 2741 4947 Πέτρος,
2788 4878 2866 4929 ὄτι
2920 4878 3138 4931 Ἔλαϐε
3187 4876 3309 4929 σὺν
3352 4876 3494 4945 ἡμῖν
3541 4876 3645 4927 τὸν
3690 4874 3919 4942 κλῆρον
3957 4872 4051 4938 τῆς

2501 4968 2802 5034 διακονίας
2830 4970 3046 5035 ταύτης
3064 4986 3077 4998 ·
3103 4968 3276 5020 καίτοι
3304 4967 3537 5038 συνήθης
3561 4968 3671 5028 τοῖς
3698 4966 3910 5031 πολλοῖς
3937 4966 4049 5033 κλῆ-

2504 5076 2596 5129 ρος
2626 5061 2723 5112 οὐκ
2748 5062 2840 5112 ἐπὶ
2869 5061 2976 5112 τῶν
3005 5060 3311 5113 ἀποστόλων
3349 5061 3568 5127 γέγονεν
3602 5059 3705 5111 ὑπὸ
3735 5058 3830 5111 τοῦ
3864 5058 4045 5128 Κυρίου

2500 5150 2593 5202 τοῦ
2626 5151 3009 5221 ἐπιλεξαμένου
3035 5153 3246 5215 αὐτούς.
3271 5152 3413 5221 Πλὴν
3445 5151 3600 5204 πάλιν
3620 5149 3683 5201 :6
3710 5152 4047 5221 προκείμενον

2501 5243 2747 5313 λέγομεν,
2778 5245 2856 5295 ὅτι
2894 5245 2995 5314 χρὴ
3028 5244 3118 5296 τὸν
3158 5245 3421 5315 ίεράρχην
3453 5243 3767 5313 κινούμενον
3796 5244 3941 5312 παρὰ
3968 5238 4044 5293 τοῦ

2504 5334 2761 5401 παναγίου
2794 5335 3101 5404 Πνεύματος
3128 5334 3223 5397 τὰς
3252 5334 3476 5401 ἐκλογὰς
3510 5333 3795 5386 ποιεῖσθαι.

2576 5424 2602 5495 §
2644 5424 2727 5475 Vl.
2773 5425 2979 5488 Πάντες
3006 5426 3061 5477 δὲ
3089 5425 3441 5488 ἀσπάζονται,
3479 5426 3571 5477 καὶ
3592 5424 3753 5486 αὐτὸς
3772 5426 3799 5475 ὀ
3828 5435 4042 5492 χειροτο-

2501 5520 2702 5588 νήσας,
2758 5517 2848 5569 τον
2890 5516 3240 5571 τελεσθένταο
3284 5518 3417 5570 διότι
3466 5518 3593 5570 ὅταν
3638 5516 4040 5586 τοιουτοτρόπως

2502 5608 2609 5659 67:6
2663 5606 2810 5668 θείας
2862 5608 3103 5677 κλήσεως
3135 5610 3227 5662 καὶ
3270 5609 3552 5679 ἱερατικῶν
3592 5607 3875 5677 δυνάμεων
3930 5602 4039 5672 πρὸς

1952 5795 1971 5819 ι
2004 5783 2098 5832 Act
2157 5796 2191 5844 ι,
2225 5780 2313 5832 εει.
2392 5788 2418 5825 γ
2462 5761 2615 5837 Ibid,
2655 5781 2737 5831 ll.
