4172 6304
130 403 232 460 529

1152 400 1238 454 DE
1279 399 1557 455 ECCLES.
1600 397 2004 459 HIEBARCH.,
2030 395 2182 451 CAP.
2218 396 2304 452 Vl.

3246 384 3351 440 530

130 518 429 588 ἱερωσύνην
454 517 716 587 ἀφίκηται
750 515 874 579 νοῦς
903 515 1044 587 ἱερὸς
1080 515 1209 586 (καὶ
1253 514 1586 585 σημείωσαι,
1610 513 1692 565 ὅτι
1721 518 1766 574 Α

1721 518 1766 574 Α
1797 521 1997 567 structa
2029 509 2323 564 virtutibus
2345 507 2412 561 ad
2439 504 2797 562 sacerdotium
2821 501 3136 571 accedit(et
3160 503 3347 555 obser-

130 612 319 680 ὦσπερ
351 609 566 680 πρῶτος
593 610 621 660 6
658 607 780 671 νοῦς
804 608 1132 677 ὲλλάμπεται
1159 608 1249 659 ἐπὶ
1271 606 1377 658 τῶν
1407 605 1562 658 Θείων
1594 605 1694 658 δω-

132 699 294 770 ρεῶν,
321 699 461 752 οὕτω
497 701 589 751 και
618 699 828 768 πρῶτος
859 700 887 750 6
919 697 1042 760 νοῦς
1069 696 1166 768 τὴν
1203 695 1590 768 ίεροτελεστίαν
1613 697 1695 750 δέ-

130 807 303 859 χεται,
330 791 403 854 ὡς
437 790 576 843 θεῖον
599 789 767 860 δῶρον
796 790 887 840 καὶ
915 789 1054 858 ὑπὲρ
1099 787 1438 858 ἄνθρωπον),
1469 786 1694 857 ὲραστός

131 883 245 936 ἔστι
273 885 389 946 τοῖς
421 882 735 952 όμοταγέσι,
764 881 857 932 καὶ
897 878 1035 949 ἐρῶν
1077 879 1170 930 καὶ
1210 877 1481 950 ἐρώμενος
1505 895 1517 908 ·
1558 879 1694 930 ὑπο-

129 973 380 1045 δηλοῦται
407 973 514 1043 γὰρ
546 972 791 1025 ἐντεῦθεν
819 972 879 1024 τὸ
906 971 1214 1024 κοινωνικὸν
1249 972 1340 1022 καὶ
1363 973 1396 1041 ὴ
1418 971 1502 1023 ἐπ’
1530 970 1694 1042 ἀλλή-

131 1065 240 1129 λοις
266 1066 344 1129 ὡς
365 1066 659 1135 ὁμοειδέσιν
684 1064 885 1136 ἑραστὴ
912 1063 1212 1135 εὐφροσύνη
1233 1079 1246 1094 υ
1277 1063 1453 1134 χαίρει
1485 1062 1592 1133 γᾴρ
1623 1066 1699 1138 τῷ

128 1159 298 1228 ὁμοίῳ
326 1157 387 1210 τὸ
411 1159 611 1228 ὅμοιον.

204 1245 230 1316 §
278 1246 391 1298 VII.
447 1246 747 1299 Ἐπίκειται
792 1246 849 1300 δὲ
884 1246 945 1299 τὸ
983 1244 1125 1315 ἱερὸν
1164 1245 1488 1314 Εὑαγγέλιον
1514 1243 1591 1315 τῷ
1616 1246 1694 1308 είς

129 1338 392 1408 ἀρχιερέα
428 1338 768 1410 τελουμένῳο
810 1339 943 1392 διότι
986 1341 1132 1392 πᾶσα
1179 1337 1403 1408 δύναμις
1448 1339 1539 1391 καὶ
1578 1337 1697 1389 ἑπι-

131 1431 314 1502 στήμη
341 1429 536 1482 δίδοται
564 1429 734 1500 τούτῳ
753 1447 765 1460 ο
798 1432 891 1482 καὶ
918 1430 1221 1501 περίκειται
1246 1429 1418 1499 τούτῳ
1443 1427 1514 1481 τὰ
1539 1444 1694 1498 περι-

126 1521 326 1573 εκτικὰ
369 1522 565 1586 παντὸς
595 1521 738 1592 ἱεροῦ
783 1524 877 1576 καὶ
917 1521 1074 1592 λόγου
1122 1524 1217 1577 κα)⁸
1257 1522 1416 1593 ἔργου
1458 1521 1532 1583 ὼς
1575 1521 1693 1573 ὁλο-

128 1612 348 1683 κλήρως
372 1613 552 1686 πάσης
596 1614 870 1685 μεθέξοντι
910 1616 1010 1685 τῆς
1055 1615 1370 1687 ίεραρχικῆς
1395 1614 1693 1683 δυνάμεως,

129 1703 220 1755 καὶ
247 1702 326 1774 μὴ
357 1703 512 1773 μόνον
545 1705 664 1757 καθ’
704 1704 862 1757 αὑτὸν
896 1704 1409 1775 ὲλλαμφθησομένῳ,
1444 1701 1578 1755 ἀλλὰ
1604 1701 1695 1754 καὶ

125 1797 237 1860 τοῖς
259 1795 444 1860 ἄλλοις
475 1797 583 1850 τῶν
606 1797 938 1868 δωρημὰτων
969 1797 1342 1867 μεταδώσοντι.

201 1970 229 2040 §
273 1970 416 2024 VIII.
455 1971 519 2023 Τί
539 1971 596 2023 δέ
620 1973 784 2035 ὲστιν,
816 1971 896 2023 ὅτι
923 1971 952 2022 6
977 1971 1074 2041 μὲν
1101 1971 1387 2041 ἀρχιερεὺς
1427 1969 1593 2040 ἄμφω
1618 1968 1695 2022 τὼ

128 2064 258 2117 πόδε
286 2064 485 2116 κλίνων
506 2102 520 2126 ,
551 2065 700 2133 ὅμως
726 2063 835 2133 ἔχει
861 2064 952 2116 ἐπὶ
983 2064 1219 2133 κεφαλῆς
1247 2061 1412 2114 αὐτοῦ
1458 2063 1517 2115 τὸ
1555 2062 1696 2116 Θ;ἶον

130 2155 490 2223 Εὑαγγέλιονσ
532 2158 560 2208 6
601 2156 655 2207 δὲ
697 2155 873 2226 ἱερεὺς
899 2154 1067 2207 κλίνει
1108 2156 1199 2208 καὶ
1236 2154 1395 2217 αὐτὸς
1422 2155 1586 2223 ἄμφω
1619 2155 1697 2208 τὼ

133 2248 255 2300 πόδε
287 2249 466 2318 μόνον,
505 2250 533 2300 6
558 2249 613 2301 δὲ
639 2248 880 2312 διάκονος
909 2248 1130 2318 Θάτερον
1165 2247 1271 2300 τῶν
1299 2246 1505 2311 ποδῶν;
1537 2248 1696 2300 Συνε-

131 2337 233 2390 λὼν
254 2339 423 2405 λέγω,
455 2340 534 2390 ὅτι
558 2338 742 2408 ἐπειδὴ
763 2341 910 2409 τρεῖς
935 2340 1067 2389 είσιν
1093 2339 1147 2390 αἱ
1177 2336 1509 2389 τελειωτικαὶ
1537 2336 1694 2388 δυνά-

130 2447 250 2500 μεις
272 2471 287 2491 ,
332 2429 655 2502 καθαρτικὴ,
689 2431 1005 2501 φωτιστικὴ,
1042 2432 1138 2482 καὶ
1161 2429 1474 2499 τελειωτική
1496 2445 1508 2457 °
1537 2430 1628 2481 καὶ
1667 2431 1694 2481 6

129 2523 225 2588 μὲν
252 2521 504 2584 διάκονος
530 2521 641 2592 ἔχει
665 2522 759 2592 τὴν
791 2521 938 2592 μίαν,
965 2524 993 2575 6
1026 2521 1082 2573 δὲ
1108 2521 1470 2592 πρεσϐύτερος
1493 2520 1693 2589 ταύτην

125 2630 182 2665 τε
208 2616 308 2666 καὶ
330 2615 427 2684 τὴν
453 2615 799 2685 φωτιστικὴν,
831 2614 857 2664 6
882 2613 935 2666 δὲ
962 2603 1246 2684 ἀρχιερεὺς
1271 2614 1366 2664 σὺν
1390 2613 1578 2674 αὑταῖς
1602 2612 1693 2663 καὶ

123 2699 220 2770 τὴν
247 2700 599 2770 τελειωτικήν
619 2718 631 2730 ·
671 2700 756 2752 διὰ
784 2701 938 2754 τοῦτο
966 2703 993 2752 6
1015 2702 1274 2763 διάκονος,
1308 2702 1382 2764 ὡς
1426 2700 1561 2770 ἔχων
1596 2703 1693 2771 τὴν

126 2790 465 2862 καθαρτικὴν
492 2793 676 2863 μόνην,
718 2793 938 2864 θάτερον
979 2795 1086 2846 τῶν
1124 2793 1295 2846 ποδῶν
1337 2793 1536 2846 κλίνει’
1575 2794 1604 2844 6
1637 2794 1692 2846 δὲ

126 2882 344 2954 ἱερεὺς,
384 2884 458 2945 ὡς
498 2881 634 2953 ἔχων
677 2885 774 2937 σὺν
810 2885 944 2955 αὐτῇ
973 2886 1066 2937 καὶ
1099 2885 1195 2956 τὴν
1224 2886 1574 2957 φωτιστικὴν,
1600 2887 1692 2938 καὶ

123 2974 296 3045 ἄμφω
323 2975 399 3027 τὼ
423 2977 546 3030 πόδε
588 2977 786 3037 κλίνει·
829 2979 856 3029 6
897 2978 1074 3048 μέντοι
1125 2995 1188 3046 γε
1226 2979 1483 3050 ίεράρχης
1523 2979 1689 3032 κλίνει

123 3068 216 3120 καὶ
242 3068 406 3132 αὐτὸς
429 3068 592 3139 ἄμφω
614 3067 689 3120 τὼ
716 3068 860 3132 πόδε,
886 3069 1206 3141 καθαρτικὸς
1230 3069 1302 3122 ὢν
1327 3070 1417 3122 καὶ
1443 3086 1692 3138 φωτιστι-

124 3161 220 3222 κός
240 3177 253 3188 ·
293 3159 504 3223 ἔπειτα,
536 3162 657 3212 ἐπεὶ
695 3163 788 3214 καὶ
813 3161 1148 3224 τελειωτικός
1172 3162 1306 3224 ἐστι,
1336 3165 1429 3236 καὶ
1451 3164 1557 3216 ἀπὸ
1583 3161 1688 3214 τῶν

1796 617 1884 668 va,
1914 602 2055 670 quod
2079 603 2216 656 sicut
2252 600 2482 670 primum
2513 612 2667 654 mens
2693 595 2891 649 divinis
2919 591 3074 649 donis
3103 592 3347 647 illustre.

1797 703 1904 759 tur,
1935 694 2013 748 sic
2041 693 2204 748 etiam
2234 691 2407 762 prima
2449 688 2912 744 consecrationem
2955 683 3200 752 suscipit,
3229 693 3348 736 tan.

1794 799 1956 853 quam
1984 784 2218 838 divinum
2257 781 2524 851 quoddam
2573 793 2786 844 munus,
2834 786 2888 830 et
2933 776 3150 831 homine
3178 775 3348 830 subli-

1795 875 1990 944 mius).
2022 873 2271 927 amabilis
2303 871 2519 928 exsistit
2569 869 2884 938 aequalibus,
2935 866 3058 921 dum
3107 875 3255 921 amat
3291 875 3348 919 et

1795 975 2007 1019 amatur
2041 978 2057 1015 :
2089 962 2215 1017 hinc
2265 963 2410 1016 enim
2463 960 2750 1028 aequalium
2804 956 2892 1010 illa
2931 955 3350 1012 communicatio

1796 1054 2044 1110 amabilis
2076 1064 2368 1124 mutuaque
2400 1053 2584 1107 laetitia
2625 1050 2950 1105 insinuatur.
2983 1045 3170 1102 Simile
3205 1047 3347 1118 enim

1794 1145 1954 1200 simili
1987 1145 2200 1222 gaudet.

1870 1236 1898 1308 ς
1941 1238 2050 1294 Vll.
2115 1239 2412 1306 lmponitnr
2444 1247 2624 1292 autem
2666 1235 3011 1305 Evangelium
3053 1234 3125 1289 illi
3166 1233 3256 1303 qui
3297 1233 3350 1285 in

1796 1329 2108 1396 episcopum
2147 1338 2527 1392 consecratur;
2575 1327 2700 1395 quia
2747 1326 2924 1380 omnis
2972 1323 3071 1393 ipsi
3113 1332 3352 1395 potestas

1796 1428 1850 1473 et
1878 1419 2106 1473 scientia
2135 1419 2390 1484 traditur,
2424 1420 2649 1489 ipsique,
2683 1427 2936 1486 tanquam
2968 1416 3232 1468 universae
3258 1428 3353 1483 po-

1799 1511 2009 1564 testatis
2057 1511 2410 1564 bierarcbicm
2449 1525 2518 1564 ex
2559 1510 2767 1577 integro
2821 1506 3065 1580 participi
3091 1542 3108 1569 ,
3164 1505 3348 1557 insunt

1797 1615 2130 1668 qum-imque
2178 1615 2333 1655 sacro
2376 1599 2617 1668 quolibet
2661 1599 2775 1652 sive
2809 1596 3137 1652 verbosive
3190 1609 3354 1664 opere

1795 1691 2166 1754 continentur;
2201 1699 2260 1747 ut
2303 1691 2393 1760 qui
2445 1705 2551 1743 non
2603 1689 2654 1743 in
2703 1688 2991 1755 semetipso
3045 1695 3250 1740 tantum
3289 1684 3352 1737 il-

1798 1782 2057 1836 lustratus
2103 1782 2206 1847 sit,
2254 1796 2439 1840 verum
2487 1781 2650 1834 etiam
2696 1778 2819 1834 aliis
2867 1777 3169 1832 istiusmodi
3214 1777 3351 1829 dona

1730 1890 1773 1946 Β
1805 1876 2079 1945 largiatur.

1873 1969 1900 2040 ς
1945 1967 2074 2024 Vlll.
2114 1967 2253 2035 Quid
2305 1975 2494 2020 autem.
2535 1965 2636 2019 sibi
2685 1964 2832 2030 vult,
2880 1963 3020 2034 quod
3074 1963 3354 2034 episcopus

1799 2071 2088 2130 utrumque
2117 2075 2252 2129 genu
2297 2057 2539 2124 ﬂectens,
2571 2055 2734 2111 simul
2783 2056 2836 2108 in
2881 2055 3062 2125 capite
3115 2053 3352 2107 divinum

1799 2151 1962 2204 habet
2002 2149 2373 2219 Evangelium,
2412 2149 2662 2202 sacerdos
2694 2156 3152 2213 verontrumquc
3188 2143 3353 2197 etiam

1797 2257 1936 2312 genu
1990 2239 2183 2298 ﬂectit.
2223 2255 2409 2292 verum
2456 2239 2719 2294 diaconus
2773 2237 3001 2292 alterum
3051 2235 3355 2290 duntaxat?

1796 2332 2239 2401 Compreliensim
2267 2329 2430 2402 249
2458 2331 2599 2396 dico,
2618 2331 2763 2398 quod
2787 2345 2904 2382 cum
2927 2338 3036 2382 tres
3056 2329 3164 2382 sint
3188 2326 3354 2380 virtu-

1798 2435 1879 2478 tes
1895 2424 2208 2493 perfectioni
2228 2426 2544 2485 servientes,
2562 2421 2766 2476 scilicet
2782 2422 3026 2490 expians,
3045 2418 3353 2472 illuminans

1795 2525 1847 2570 et
1867 2529 2272 2578 consuinmans,
2300 2525 2354 2569 et
2373 2516 2630 2568 diaconus
2652 2513 2866 2582 quidem
2891 2512 3117 2580 primam
3137 2509 3351 2570 hbeat.

1795 2607 2050 2661 sacerdos
2082 2618 2260 2660 autem
2289 2615 2482 2674 prater
2513 2607 2651 2658 banc
2678 2645 2694 2672 ,
2725 2606 2887 2659 etiam
2936 2603 3352 2665 illuminantem,

1797 2701 2089 2768 episcopus
2117 2715 2245 2755 vero
2274 2716 2374 2753 una
2407 2715 2527 2754 cum
2576 2700 2659 2753 his
2702 2697 2943 2754 obtineat
2972 2712 3351 2752 consumman-

1798 2801 1902 2845 tem
1929 2807 1944 2847 :
1975 2793 2177 2846 idcirco
2209 2793 2488 2859 diaconus,
2520 2802 2772 2863 tanquam
2806 2792 2896 2861 qui
2925 2793 3227 2860 expiantem
3258 2802 3348 2843 so-

1794 2884 1900 2937 la-m
1935 2885 2116 2947 liabet,
2145 2885 2374 2938 alterum
2405 2901 2543 2956 genu
2575 2884 2773 2950 ﬂectit;
2809 2883 3065 2938 sacerdos
3102 2896 3260 2947 vero,
3294 2889 3352 2934 ut

1793 2977 1885 3046 qui
1915 2993 2035 3031 cum
2076 2979 2174 3030 bac
2203 2979 2364 3032 etiam
2401 2978 2790 3031 illuminantem
2829 2985 3026 3042 teneat,
3062 2982 3349 3044 utrumque

1793 3082 1932 3137 genu
1960 3067 2147 3130 ﬂectit,
2173 3067 2405 3134 denique
2434 3067 2715 3134 episcopus
2741 3065 2906 3120 ﬂectit
2927 3076 2980 3119 et
3009 3066 3121 3135 ipse
3144 3073 3349 3117 utrum-

1795 3173 1898 3227 que
1931 3173 2094 3226 genu,
2119 3159 2284 3228 utqui
2316 3159 2566 3226 expiandi
2595 3168 2650 3212 et
2679 3158 3009 3213 illuminandi
3035 3159 3084 3210 vi
3118 3158 3346 3225 polleat:

123 3247 287 3300 θείων
321 3249 664 3316 Εὑαγγελίων
696 3249 793 3319 τὴν
828 3250 1102 3302 τελείωσιν
1139 3255 1388 3318 ποιεῖται,
1415 3253 1499 3305 διὰ
1536 3252 1690 3306 τοῦτο
1716 3228 1758 3285 C

1716 3228 1758 3285 ο
1791 3250 1858 3304 ad
1893 3251 2006 3303 hmc
2036 3265 2184 3316 vero,
2213 3265 2334 3303 cum
2367 3249 2529 3302 etiam
2561 3247 2870 3317 perficiendi
2901 3249 2948 3300 vi
2979 3247 3231 3316 praditus
3255 3251 3346 3314 sit,

122 3337 425 3389 ἐπιτίθεται
459 3337 631 3407 τούτῳ
671 3339 762 3390 καὶ
799 3339 857 3390 τὸ
897 3339 1035 3408 ἱερὸν
1065 3339 1408 3407 Εὑαγγέλιον.
1454 3340 1597 3401 Τέως
1635 3339 1692 3391 δὲ

121 3429 462 3494 ἁπαξαπλῶς
506 3431 539 3500 ἡ
588 3429 692 3482 τῶν
740 3429 911 3482 ποδῶν
955 3430 1124 3494 κλίσις
1165 3431 1329 3500 δηλοῖ,
1375 3432 1474 3495 ὅτι,
1504 3434 1550 3484 εί
1599 3434 1692 3486 καὶ

121 3520 494 3589 προσάγοντες
530 3522 684 3582 εἰσιν,
716 3522 744 3572 6
781 3523 876 3590 μὲν
912 3521 969 3574 ὲν
1007 3521 1084 3591 τῷ
1125 3523 1423 3592 καθαίρειν,
1474 3525 1502 3576 6
1543 3523 1598 3575 δὲ
1633 3525 1692 3575 ὲν

120 3607 198 3678 τῷ
239 3608 522 3680 καθαίρειν
550 3610 662 3680 ἅμα
691 3611 783 3662 καὶ
819 3610 896 3679 τῷ
935 3609 1206 3679 φωτίζειν,
1236 3614 1263 3663 6
1291 3612 1346 3663 δὲ
1385 3614 1442 3665 ἐν
1479 3614 1690 3677 τούτοις

121 3701 238 3769 ἅμα.
281 3701 374 3751 καὶ
408 3699 487 3768 τῷ
523 3699 778 3765 τελειοῦν,
818 3701 932 3753 ἀλλ’
958 3697 1048 3754 οὖν
1089 3702 1431 3772 ὑποκείμενοί
1475 3705 1578 3755 είσι
1612 3702 1690 3774 τῷ

119 3788 259 3859 Θεῷ,
289 3790 382 3855 καὶ
403 3790 551 3861 αὐτῷ
581 3792 878 3848 ὺποτιθείσι
910 3792 1001 3846 τὸν
1027 3794 1445 3865 προσαγόμενον.

487 4272 1123 4356 ΚΕΦΑΛΑΙΟΝ
1179 4268 1275 4357 εἶ’.

383 4412 428 4464 1.
467 4411 605 4479 Περὶ
639 4410 755 4464 τῶν
782 4411 1150 4480 τελουμένων
1174 4413 1414 4477 τάξεων.

1795 3351 1849 3396 et
1869 3355 1897 3393 a
1922 3341 2116 3394 divinis
2134 3339 2439 3408 Evangeliis
2459 3337 2845 3406 perfectionem
2863 3337 3124 3401 conferat,
3151 3337 3349 3391 idcirco

1797 3433 1896 3502 ipsi
1929 3447 2145 3502 quoque
2187 3447 2400 3486 sacrum
2432 3430 2780 3500 Evangelium
2831 3430 3142 3496 imponitur.
3179 3429 3350 3484 Caete-

1796 3540 1915 3579 rum
1943 3525 2238 3578 universim
2264 3524 2350 3576 illa
2383 3523 2574 3590 pedum
2604 3521 2884 3577 inclinatio
2912 3522 3171 3587 declarat,
3204 3521 3348 3590 quod

1793 3619 1893 3672 etsi
1927 3619 2176 3672 ductores
2201 3618 2328 3682 sint,
2361 3618 2449 3671 hic
2472 3615 2696 3684 quidem
2739 3616 2805 3669 ad
2847 3616 3230 3682 expiationem,
3259 3615 3348 3668 ille

1791 3723 1923 3762 vero
1957 3709 2026 3762 ad
2054 3708 2416 3777 expiationem
2456 3708 2612 3761 simul
2652 3713 2709 3762 et
2752 3707 3215 3774 illuminatiouem,
3255 3707 3347 3766 de-

1794 3802 1957 3869 nique
1983 3799 2118 3852 alius
2145 3811 2402 3868 praeterea
2436 3800 2502 3852 ad
2530 3799 2936 3867 perfectionem.
2955 3806 3195 3854 attamen
3221 3798 3349 3852 sub-

1791 3892 1916 3959 iecti
1951 3892 2062 3946 sint
2094 3892 2201 3945 Deo
2221 3931 2236 3956 ,
2277 3891 2484 3959 ipsique
2517 3889 2810 3958 subjiciunt
2836 3905 2957 3948 eum
2987 3903 3146 3958 quem
3178 3888 3346 3942 addu-

1789 3993 1936 4036 οιιηι.

3049 4159 3318 4178 ε*

2244 4281 2620 4374 CAPUT
2689 4285 2858 4371 Vl.

2117 4418 2159 4474 l.
2199 4417 2277 4473 De
2306 4418 2579 4474 ordinibus
2606 4420 2696 4490 qui
2721 4420 3016 4475 initiantur.

1414 4566 1745 4624 SYNOPSIS
1796 4570 2088 4628 CAPITIS.

115 4707 285 4757 Prima
307 4713 443 4770 parte
469 4704 637 4775 cupitis
661 4704 794 4775 dicit.
818 4706 856 4775 ξ.
885 4703 1086 4775 Quinam
1107 4703 1302 4775 ordines
1315 4705 1594 4775 expientur.
1623 4707 1683 4756 ll.
1715 4706 1919 4775 Quinam
1943 4708 2288 4762 illuminentur.
2311 4711 2396 4775 Ill.

2448 4712 2667 4782 Quinam
2689 4711 3020 4782 perﬁciuntur,
3060 4715 3180 4782 inter
3220 4729 3337 4779 quos

166 4776 279 4839 sunt
301 4766 708 4839 ὴιοτιίιιειιῖρι-ζηιίὲ
728 4795 787 4803 -
812 4766 1030 4839 Secunda
1054 4774 1190 4839 parte
1216 4767 1362 4836 tradit
1381 4766 1474 4839 quo
1503 4767 1599 4816 ritu
1619 4766 1835 4839 monachi
1856 4781 2202 4822 consecrantur.
2235 4773 2398 4839 Tertio
2422 4766 2832 4839 portehsubjungit
2875 4766 3338 4839 conteinplationlmt;

167 4832 221 4880 in
244 4844 342 4887 qua
387 4827 582 4892 exponit
607 4831 642 4879 Ι.
669 4833 769 4892 Cur
792 4827 1011 4892 monac/ti
1041 4827 1132 4892 non

166 4894 256 4942 lll.
296 4893 420 4950 Quid
445 4888 602 4941 crucis
634 4890 854 4954 signatio.
907 4891 987 4954 ιν.
1041 4888 1129 4948 Qui

166 4956 356 5003 ratione
393 4954 599 5004 caelestes
625 4951 817 5003 ordines
838 4952 1104 5016 expientur.

1671 5069 1772 5142 ει.

1215 4827 1295 4896 xis
1314 4827 1505 4898 genibus
1533 4830 1660 4901 ,_sed
1683 4837 1855 4901 mittes
1878 4843 2221 4901 consecrantur.
2269 4839 2327 4884 ll.
2361 4827 2482 4893 Quid
2530 4835 2637 4901 sibi
2670 4827 2789 4887 ὗειὶἶ
2828 4851 3011 4901 conum
3034 4827 3333 4888 renuntiatio:

1218 4895 1398 4953 prioris
1447 4895 1587 4942 vestis
1629 4895 1877 4956 depositio.
1925 4895 1980 4944 ι’.
2029 4896 2154 4954 Quid
2209 4910 2352 4947 sacra
2397 4897 2684 4948 communio.
2741 4903 2818 4952 Vl.
2869 4899 3088 4962 Ετμίὶεαι
3128 4915 3335 4958 quatiam

172 5205 347 5266 Αὖται
388 5211 484 5280 μὲν
509 5212 562 5263 αἱ
599 5212 865 5281 ἱερατικαί
904 5213 1084 5278 τάξεις
1126 5230 1184 5264 τε
1219 5214 1310 5266 καὶ
1355 5214 1675 5284 ἀποκληρὼ-
1709 5221 1754 5276 D

1709 5221 1754 5276 D
1852 5217 2026 5285 Atque
2061 5227 2110 5270 III
2138 5217 2350 5286 quidem
2376 5225 2498 5269 sunt
2526 5215 2660 5269 sacri
2678 5213 2892 5269 ordines
2908 5226 3201 5280 eorumque
3224 5213 3337 5264 dis-

103 5320 236 5365 σεις,
286 5301 538 5371 δυνάμεις
575 5319 631 5353 τε
676 5303 849 5355 αὑτῶν
885 5306 976 5356 καὶ
1020 5303 1284 5373 ἐνέργειαι
1330 5307 1421 5356 καὶ
1462 5305 1676 5356 τελειώ-

101 5411 248 5456 σεις·
302 5392 398 5461 τὴν
457 5393 511 5444 δὲ
571 5394 660 5446 ὑπ’
716 5393 880 5456 αὑτὰς
927 5395 1113 5464 τριάδα
1167 5394 1273 5446 τῶν
1330 5395 1658 5463 τελουμένων

103 5485 307 5550 τάξεων
345 5483 470 5551 ἑξῆς
509 5485 832 5554 ἀφηγητέον.

171 5582 415 5651 Λέγομεν
441 5581 700 5642 τοίνυνθδ,
728 5585 806 5634 ὅτι
830 5584 1210 5655 καθαιρόμεναι
1238 5584 1332 5653 μέν
1352 5587 1452 5636 είσι
1479 5583 1656 5647 τάξεις

1789 5312 2106 5364 tributiones
2147 5324 2209 5362 ac
2257 5311 2486 5362 virtutes
2518 5318 2569 5360 et
2595 5306 2931 5374 operationes
2961 5312 3119 5370 atque
3148 5319 3330 5355 conse-

1784 5403 2056 5455 crationes
2091 5420 2103 5453 :
2142 5403 2332 5471 triplex
2382 5403 2535 5455 modo
2565 5415 2730 5470 genus
2769 5399 3016 5452 ordinum
3049 5398 3336 5451 initiamln-

1787 5508 1899 5543 rttm
1928 5504 2169 5559 superest
2196 5494 2591 5560 exponendum.

1853 5583 2091 5638 Dicimus
2123 5585 2303 5654 igitur,
2333 5585 2548 5638 ordines
2574 5584 2690 5639 illos
2717 5585 2803 5653 qui
2851 5583 3155 5650 expiantur.
3206 5595 3328 5634 esse

1373 5737 1604 5792 VARI/ll
1642 5735 2044 5794 LECTIONES.

187 5851 234 5885 ⁵³
260 5849 504 5925 λέγωμεν
527 5853 723 5916 τοίνυν,
759 5851 824 5905 Μ.
859 5851 914 5905 Ρ.
