4178 6312
803 369 894 424 531
1954 377 2008 432 S.
2049 378 2335 444 DlONYSll
2376 383 2836 440 AREOPAGITXE

3913 392 3997 447 ΞΜ

812 485 993 540 turbas
1026 486 1140 540 illas
1164 501 1281 555 qua:
1309 501 1335 538 a
1375 488 1542 540 sacris
1573 490 1932 543 I'unctiomlnts
1971 508 2026 546 et
2065 509 2348 548 consecra-
2378 507 2422 562 Α
2453 518 2462 549 ι

2378 507 2422 562 Α
2453 505 2504 551 αἱ
2557 506 2662 551 τῶν
2708 501 3026 572 ἱερουργιῶν
3050 503 3141 554 καὶ
3186 502 3572 572 τελετουργιῶν
3597 505 3640 536 ⁸³
3671 505 3860 560 ἀποδια
3877 512 3998 559 στελ-

805 580 1040 633 tionibus
1083 589 1456 650 segregantur,
1491 595 1716 648 quarum
1749 585 1992 651 superius
2035 588 2355 640 mentionem

807 671 1036 727 fecimus
1071 691 1085 727 :
1119 689 1344 741 quorum
1381 671 1516 725 alius
1559 674 1772 740 quidem
1821 692 1850 728 a
1899 678 2068 731 sacris
2115 690 2354 743 arcetur,

803 765 943 831 quod
991 756 1163 818 adhuc
1207 780 1234 816 a
1268 767 1524 818 ministris
1565 767 1628 818 ad
1681 768 1895 822 vitalem
1942 780 2149 836 partum
2182 773 2359 826 verbis

804 858 1283 912 obstetricantibus
1329 858 1572 913 foveatur
1610 870 1769 928 atque
1821 861 2170 926 efformetur;
2225 864 2360 917 alter

804 963 953 1012 vero,
990 951 1129 1018 quod
1170 953 1460 1004 etiamnum
1499 953 1564 1004 ad
1602 967 1741 1018 eam,
1778 969 1806 1006 a
1839 969 1940 1022 qua
1988 955 2200 1019 defecit,
2239 956 2361 1008 vitae

804 1047 1219 1100 sanctimoniam
1251 1048 1616 1101 adhortatoria
1654 1063 1962 1101 sermonum
1995 1051 2250 1103 bonorum
2281 1051 2361 1103 di-

805 1139 1025 1205 sciplina
1061 1150 1372 1205 revocetur;
1408 1141 1545 1195 alius
1597 1149 1773 1196 autem
1796 1181 1809 1204 ,
1842 1143 1983 1209 quod
2027 1143 2201 1196 adhuc
2233 1159 2361 1197 cou-

806 1228 990 1281 trariis
1023 1231 1312 1296 pavoribus
1355 1231 1616 1298 ignaviter
1657 1240 1946 1291 terreatur,
1986 1241 2146 1299 atque
2170 1241 2360 1299 poten-

807 1321 948 1375 tibus
975 1321 1135 1391 250
1165 1324 1390 1391 eloquiis
1417 1325 1830 1389 corroboretur;
1865 1328 2002 1379 alius
2038 1340 2184 1391 vero,
2222 1327 2360 1394 quod

805 1412 977 1466 adlmc
1009 1417 1073 1466 ab
1101 1415 1352 1481 operibus
1385 1418 1651 1482 perversis
1677 1418 1742 1469 ad
1777 1433 1958 1472 sacras
1983 1418 2222 1471 actiones
2254 1428 2361 1470 tra-

803 1503 1055 1568 ducatur;
1083 1505 1244 1572 alius,
1271 1508 1408 1573 quod
1442 1506 1550 1574 jam
1585 1510 1868 1564 traductus
1904 1511 2118 1577 quidem
2146 1511 2236 1572 sit,
2270 1510 2362 1562 sed

805 1599 1038 1649 nondum
1095 1600 1446 1651 constantiam
1495 1599 1544 1651 in
1588 1598 1781 1652 divinis
1837 1599 2364 1668 immutabilibusqne

804 1687 1045 1739 scientiis
1062 1687 1129 1740 sit
1149 1696 1491 1740 consecutus.
1515 1686 1574 1738 lli
1594 1689 1734 1740 enim
1753 1695 1878 1740 sunt
1896 1688 2111 1741 ordines
2127 1688 2216 1755 qui
2236 1703 2363 1740 cura

805 1778 1170 1831 ministrorum
1203 1787 1256 1831 et
1287 1780 1547 1847 purgandi
1578 1780 1625 1832 vi
1657 1781 1959 1849 expiantur,
2003 1795 2136 1848 quos
2170 1780 2234 1832 ad
2266 1782 2364 1833 hoc

2459 589 2677 659 λόμεναι
2705 592 2938 663 πληθυες
2957 635 2969 654 ,
3011 587 3083 645 ὧν
3112 593 3206 664 ἤδη
3250 597 3466 665 μνήμην
3491 597 3886 666 ἐποιησάμεθα·
3930 596 3999 664 τῆς

2465 682 2580 750 μὲν,
2608 682 2681 744 ὡς
2728 685 2806 737 ἔτι
2852 685 2985 755 πρὸς
3028 686 3135 737 τῶν
3184 686 3503 756 λειτουργῶν
3541 691 3651 750 τοῖς
3693 691 4004 756 μαιευτικοῐς

2461 771 2656 840 λογίοις
2699 776 2832 844 πρὸς
2867 777 3098 846 ζωτικὴν
3137 777 3384 840 ἁπότεξιν
3415 779 3788 848 μορφουμένης
3827 796 3882 830 τε
3921 778 3996 829 καὶ

2461 865 2915 938 διαπλαττομένης
2938 886 2949 898 ⁸
2991 869 3087 938 τῆς
3124 869 3200 932 δὲ,
3228 869 3300 931 ὡς
3334 869 3412 921 ἐτι
3450 871 3582 940 πρὸς
3618 870 3715 940 τὴν
3760 870 3920 940 ἱερὰν,
3945 865 3999 938 ἦς

2463 954 2668 1026 ἀπέστη
2735 954 2878 1025 ζωῆς
2935 958 3471 1029 άνακικλησκομένης
3521 963 3585 1029 τῇ
3644 959 3751 1011 τῶν
3807 957 4002 1025 ἀγαθῶν

2463 1047 2653 1114 λογίων
2698 1051 3051 1119 ἐπιτρεπτικῇ
3071 1050 3115 1079 ⁵⁸
3155 1050 3502 1121 διδασκαλίᾳ·
3553 1052 3652 1120 τῆς
3691 1050 3780 1112 δὲ,
3829 1049 3899 1112 ὡς
3937 1049 4003 1100 ἐτι

2465 1140 2597 1209 πρὸς
2622 1139 2729 1191 τῶν
2757 1140 3006 1193 ἐναντίων
3055 1141 3252 1192 πτοιῶν
3292 1138 3562 1212 ἀνάνδρως
3602 1141 4003 1211 ἐκδειματουμέ-

2463 1246 2557 1298 νης
2581 1269 2594 1290 ,
2625 1230 2715 1280 καὶ
2743 1229 2876 1299 πρὸς
2910 1228 3015 1282 τῶν
3055 1230 3423 1299 δυναμοποιῶν
3461 1229 3652 1298 λογίων
3693 1233 4006 1302 ἐπιῤῥωννυ-

2470 1321 2635 1390 μένης
2658 1338 2668 1348 ”
2703 1322 2798 1390 τῆς
2829 1321 2905 1382 δὲ,
2938 1322 3012 1383 ὡς
3046 1321 3122 1372 ἔτι
3154 1322 3287 1391 πρὸς
3310 1323 3406 1384 τὰς
3449 1320 3600 1392 ἱερὰς
3637 1323 3910 1392 ἐνεργείας
3953 1323 4007 1372 ἐκ

2463 1411 2569 1462 τῶν
2591 1413 2843 1480 χειρόνων
2868 1413 3235 1482 μεταγομὲνης
3260 1431 3270 1442 ·
3296 1413 3394 1481 τῆς
3416 1413 3491 1473 δὲ,
3511 1414 3585 1475 ὼς
3610 1414 3957 1483 μεταχθείσης
3971 1413 4006 1442 ⁰⁷

2469 1506 2584 1573 μὲν,
2620 1504 2769 1557 οιπω
2798 1506 2852 1557 δὲ
2880 1506 2938 1557 τὸ
2971 1507 3254 1574 πανάγνως
3298 1505 3688 1576 ἀνεπίστροφον
3740 1508 3796 1558 ἐν
3831 1506 4008 1558 θειοτέ-

2470 1617 2587 1670 ραις
2634 1600 2776 1665 ἕξεσι
2828 1602 2919 1653 καὶ
2970 1601 3282 1663 ἀσαλεύτοις
3333 1603 3650 1670 ἐσχηκυίας.
3709 1597 3876 1656 Αἷιται
3917 1605 4010 1671 γάρ

2467 1695 2602 1744 εἰσιν
2637 1695 2690 1744 αἱ
2720 1693 3107 1764 καθαιρόμεναι
3156 1695 3336 1758 τάξεις
3373 1695 3476 1747 ὑπὸ
3507 1695 3605 1764 τῆς
3651 1694 4010 1766 λειτουργικῆς

2472 1782 2771 1850 μαιεύσεως
2821 1785 2913 1834 καὶ
2970 1783 3302 1854 καθαρτικῆς
3354 1785 3663 1853 δυνάμεως·
3723 1784 3922 1846 ταύτας
3965 1787 4007 1836 οἱ

807 1868 1032 1921 ministri
1063 1870 1229 1922 sacris
1259 1871 1368 1923 suis
1397 1871 1682 1923 virtutibus
1716 1848 2034 1939 provehunt,
2057 1880 2111 1923 ut
2133 1872 2367 1940 perfecte
2398 1848 2436 1900 Β

2357 1848 2436 1925 :B
2469 1873 2765 1942 λειτουργοὶ
2795 1875 2913 1935 ταῖς
2964 1874 3133 1942 ἱεραῖς
3189 1873 3364 1925 αὑτῶν
3419 1873 3674 1941 δυνάμεσι
3728 1873 4007 1942 τελεσιουρ-

808 1961 1040 2028 purgati,
1080 1962 1144 2012 ad
1189 1961 1582 2015 illuminantem
1626 1964 2112 2017 illustrissimorum
2149 1965 2360 2016 sacrifi-

807 2053 1011 2104 ciorum
1049 2053 1556 2121 contemplationem
1602 2065 1656 2108 et
1704 2055 2140 2109 communionem
2178 2056 2359 2108 tradu—

805 2156 1015 2198 cantur.

2335 2328 2360 2396 ἓ

875 2530 1080 2584 Medius
1113 2539 1289 2583 autem
1321 2529 1454 2582 ordo
1484 2538 1566 2583 est
1597 2527 1641 2582 is
1669 2528 1756 2595 qui
1796 2542 2072 2582 sacrorum
2105 2541 2361 2595 quorum-

803 2625 925 2678 dam
965 2632 1181 2691 aspectu
1215 2621 1410 2691 gaudet
1433 2660 1446 2683 ,
1480 2628 1637 2686 atque
1670 2624 1978 2673 eorumde
2020 2635 2116 2689 pro
2147 2619 2362 2672 modulo

803 2731 898 2769 suo
934 2715 984 2766 in
1017 2714 1162 2767 omni
1188 2713 1415 2782 puritate
1445 2711 1710 2779 particeps
1738 2711 1970 2773 exsistit,
1996 2712 2083 2777 qui
2118 2711 2358 2773 luminis,

803 2805 1101 2874 accipiendi
1134 2803 1305 2872 gratia
1352 2804 1693 2857 sacerdotum
1729 2817 1873 2855 cura:
1909 2811 1990 2854 cst
2024 2802 2359 2856 commissus.

805 2899 1155 2966 Perspicuum
1203 2907 1284 2951 est
1332 2896 1472 2948 enim
1499 2936 1513 2962 ,
1553 2904 1611 2947 ut
1643 2895 1900 2958 arbitror,
1931 2894 2072 2946 hunc
2119 2893 2185 2946 ab
2218 2893 2360 2946 omni

805 2991 925 3044 labe
958 2989 1162 3044 nefaria
1195 2990 1492 3056 expiatum,
1524 2998 1578 3040 ct
1604 2997 1807 3040 castam
1840 2995 2001 3055 atque
2035 2986 2362 3041 immobilem

805 3087 1003 3140 mentis
1039 3100 1151 3139 sua:
1172 3086 1352 3139 sedem
1379 3085 1652 3151 adeptum,
1671 3084 1736 3135 ad
1760 3081 2159 3150 contemplandi
2186 3081 2362 3136 scien-

808 3178 937 3231 tiam
975 3185 1139 3245 atque
1170 3177 1419 3228 virtutem
1458 3175 1798 3227 sacerdotum
1836 3187 1998 3242 Opera
2031 3173 2360 3241 promoveri,

2463 1963 2617 2028 γοῦσι
2663 1963 2797 2032 πρὸς
2843 1962 2902 2014 τὸ
2948 1963 3143 2025 τελέως
3177 1963 3220 1993 ⁸⁸
3257 1962 3683 2030 ἐκκαθαρθείσας
3729 1963 3897 2024 αὑτὰς
3947 1964 4009 2021 είς

2464 2055 2559 2124 τὴν
2594 2052 2919 2122 φωτιστικὴν
2955 2053 3062 2104 τῶν
3103 2055 3411 2126 φανοτάτων
3453 2053 3771 2125 ἱερουργιῶν
3801 2053 4011 2122 θεωρίαν

2463 2163 2522 2197 τε
2548 2148 2638 2198 καὶ
2666 2146 2943 2199 κοινωνίαν
2978 2145 3309 2215 μεταχθῆναι
3330 2146 3374 2177 ¹¹⁹

2533 2531 2686 2602 Μέση
2713 2531 2767 2583 δὲ
2794 2531 2944 2597 τάξις
2973 2531 3116 2585 ἐστὶν
3145 2532 3178 2600 ἡ
3209 2531 3510 2602 θεωρητικὴ
3551 2531 3644 2584 καί
3675 2548 3839 2585 τινων
3870 2529 4012 2602 ἱερῶν

2461 2621 2737 2689 ἀναλόγως
2790 2623 2846 2673 ἐν
2901 2621 3231 2692 καθαρότητι
3294 2623 3442 2695 πάσῃ
3490 2621 3775 2685 κοινωνὸς,
3825 2623 3856 2691 ή
3907 2623 4006 2682 τοῖς

2463 2711 2694 2782 ἱερεῦσιν
2734 2714 2812 2775 είς
2853 2714 2913 2765 τὸ
2957 2711 3208 2781 φωτίζειν
3249 2713 3416 2784 αὐτὴν
3456 2712 3880 2783 ἀπονεμηθεῖσα.
3920 2711 4013 2764 Καὶ

2459 2803 2564 2871 γάρ
2595 2804 2758 2863 ἐστιν,
2789 2802 2863 2864 ὡς
2896 2804 3046 2871 οἶμαι
3067 2841 3080 2864 ,
3108 2801 3286 2871 δῆλον,
3315 2802 3388 2864 ὡς
3418 2804 3450 2872 ἡ
3489 2802 3818 2872 καθαρθεῖσαι
3850 2803 4013 2873 πάσης

2460 2893 2670 2962 ἀνιέρου
2717 2894 2962 2963 κηλίδος,
3016 2895 3108 2946 καὶ
3165 2894 3433 2962 πάναγνον
3481 2895 3742 2964 ἐσχηκυῖα
3790 2894 3887 2964 τὴν
3931 2895 4013 2946 τοῦ

2459 2983 2656 3035 οἰκείου
2691 2983 2806 3046 νοὸς
2851 2983 3100 3050 ἀκίνητον
3138 2981 3362 3051 ἵδρυσιν,
3403 2982 3495 3033 ἐπὶ
3543 2982 3641 3050 τὴν
3689 2979 4015 3049 θεωρητικὴν

2461 3075 2570 3140 ἕξιν
2603 3076 2693 3127 καὶ
2731 3074 2957 3144 δύναμιν
2990 3073 3341 3145 ἱερουργικῶς
3365 3072 3432 3103 ¹⁰⁰
3463 3074 3770 3143 μετάγεται,
3796 3068 3889 3124 καὶ
3913 3089 4015 3124 x0:-

2462 3169 2618 3220 νωνεῖ
2645 3170 2755 3230 τοῖς
2787 3167 2904 3219 κατ’
2945 3167 3112 3235 αὐτὴν
3147 3166 3438 3227 θειοτάτοις
3477 3165 3792 3235 συμϐόλοις,
3824 3165 3883 3216 ἐν
3911 3167 4016 3224 ταῖς

804 3267 1301 3334 divinissimisqne,
1357 3267 1551 3332 quibus
1595 3265 1666 3317 illi
1705 3265 1782 3325 fas
1829 3273 1949 3327 est,
2001 3264 2360 3316 sacramentis
2389 3238 2430 3295 C

2389 3238 2430 3295 C
2465 3259 2714 3329 θεωρίαις
2747 3258 2926 3311 αὐτῶν
2975 3259 3067 3312 καὶ
3103 3257 3427 3320 κοινωνίαις,
3474 3255 3689 3326 ἁπάσης
3742 3259 3890 3326 ἱερᾶς
3940 3257 4017 3307 εὖ·

802 3358 1204 3413 commnnieare
1227 3397 1240 3418 ,
1279 3357 1328 3408 in
1361 3371 1588 3424 quorum
1633 3355 2179 3423 contemplationibus
2212 3369 2361 3407 eom-

804 3449 1256 3516 tnunionibusque
1293 3446 1439 3501 omni
1484 3461 1640 3498 sacro
1684 3445 1877 3513 gaudio
1926 3446 2178 3513 repletur,
2213 3454 2265 3498 et
2296 3444 2363 3497 ad

805 3540 1042 3593 divinum
1073 3539 1382 3592 eorumdem
1414 3536 1656 3590 scientiae
1687 3551 1924 3590 amorem
1961 3550 2055 3605 per
2102 3537 2365 3605 anagogi-

803 3645 894 3683 cas
927 3631 1155 3684 virtutes
1187 3645 1280 3698 pro
1307 3631 1446 3683 virili
1482 3645 1581 3682 suo
1611 3631 1878 3684 subvolat.
1915 3630 2064 3684 llunc
2094 3646 2220 3698 ergo
2244 3646 2366 3684 san-

803 3732 906 3775 cla:
934 3721 1104 3789 plebis
1132 3722 1378 3775 ordinem
1405 3721 1643 3790 appello;
1682 3723 1879 3790 quippe
1911 3722 2001 3789 qui
2035 3735 2127 3788 per
2155 3735 2368 3775 omnem

806 3809 1170 3875 expiationem
1202 3823 1266 3862 eo
1295 3811 1616 3877 pervenerit,
1649 3821 1706 3862 ιιι
1735 3821 2084 3864 sacrosancto
2114 3822 2369 3878 praestan-

809 3899 1135 3952 tissimorum
1158 3908 1618 3952 sacramentorum
1649 3907 1861 3966 aspectu
1889 3909 1941 3954 et
1963 3901 2363 3965 communione,

807 3999 1066 4060 quantum
1102 3991 1184 4044 fas
1210 4000 1309 4055 est,
1342 3991 1534 4058 dignus
1564 3992 1632 4044 sit
1663 3992 1897 4045 habitus.

2460 3351 2731 3424 φροσύνης
2765 3351 3256 3422 ἀποπληρουμένη,
3303 3351 3396 3403 καὶ
3442 3351 3576 3422 πρὸς
3610 3349 3700 3404 τὸν
3739 3349 3881 3401 θεῖον
3925 3348 4016 3416 τῆς

2461 3447 2764 3515 ἐπιστήμης
2813 3445 2989 3498 αὐτῶν
3036 3445 3212 3517 ἔρωτα
3266 3449 3385 3509 ταῖς
3439 3445 3807 3512 ἁναγωγικαίς
3849 3441 4017 3494 αὐτῶν

2461 3539 2749 3608 δυνάμεσιν
2810 3539 3083 3606 ἀναλόγως
3140 3540 3603 3609 ἀναπτερουμένη.
3650 3537 3863 3606 Ταύτην
3915 3537 4017 3603 ἐγώ

2464 3649 2603 3702 φημι
2634 3632 2730 3703 τὴν
2757 3633 2850 3684 τοῦ
2888 3631 3033 3702 ἱεροῦ
3070 3632 3197 3684 λαοῦ
3237 3632 3410 3697 τάξιν,
3453 3631 3527 3693 ὡς
3564 3629 3650 3682 διὰ
3692 3630 3868 3698 πάσης
3899 3630 4016 3697 ἐλη-

2465 3721 2685 3774 λυθυῖαν
2731 3721 3077 3791 καθάρσεως,
3113 3722 3206 3774 καὶ
3238 3721 3337 3790 τῆς
3382 3722 3532 3791 ἱερᾶς
3564 3721 3670 3772 τῶν
3719 3718 4018 3787 φανοτάτων

2463 3813 2691 3865 τελετῶν
2728 3813 2952 3882 ἐποψίας
2986 3814 3078 3866 καὶ
3125 3812 3426 3877 κοινωνίας,
3451 3811 3524 3874 ὡς
3572 3811 3818 3881 θεμιτὸν,
3860 3807 4014 3878 ὴξιω·

2467 3904 2648 3976 μένην.

2322 4159 2347 4229 §
2390 4156 2500 4216 ΙΙΙ.

880 4343 1131 4396 Summus
1153 4357 1282 4396 vero
1304 4359 1486 4398 eorum
1519 4353 1756 4399 omnium
1786 4345 1873 4414 qui
1907 4343 2255 4414 perficiuntur
2278 4352 2361 4397 est

807 4436 941 4486 ordo
966 4450 1121 4487 sacer
1147 4437 1556 4499 monachorum,
1591 4453 1708 4489 cum
1741 4447 1794 4491 et
1818 4437 1960 4489 omni
1991 4436 2223 4503 piaculo,
2251 4445 2358 4488 tota

811 4531 882 4591 vi,
911 4529 1170 4595 omnique
1199 4529 1472 4582 actionum
1516 4546 1733 4582 suarum
1779 4529 2129 4582 sanctimonia
2169 4529 2362 4581 silex-

809 4621 1007 4687 pialus,
1047 4629 1101 4671 et
1133 4620 1305 4672 omnis
1345 4621 1618 4687 mysterii,
1650 4621 1788 4687 quod
1821 4620 2038 4686 quidem
2084 4617 2131 4671 ei
2181 4617 2258 4669 fas
2293 4617 2362 4669 sit

810 4713 1087 4779 aspicere,
1141 4723 1411 4779 spectator
1451 4714 1825 4779 particepsque
1859 4712 1925 4764 sit
1968 4713 2161 4776 factus,
2197 4710 2364 4762 tradi-

810 4815 1007 4872 tusque
1051 4806 1349 4873 perﬁcienti
1402 4806 1714 4872 pontificum
1759 4804 1955 4866 ordini,
1991 4802 2142 4867 cujus
2171 4801 2364 4854 divinis

812 4898 1262 4950 illustrationilnts
1290 4898 1687 4963 ponliliciisque
1715 4897 1968 4949 institutis
1993 4909 2267 4947 sacrorum
2296 4893 2360 4944 ad

813 5006 869 5042 se
904 4990 1259 5055 spectantium
1301 4990 1677 5056 mysteriorum
1708 4987 2145 5040 consecrationes
2179 4984 2362 5038 erudi-

811 5092 917 5140 tns,
952 5081 1016 5133 ab
1049 5080 1356 5131 earumdem
1392 5095 1544 5132 sacra
1573 5079 1796 5130 scientia
1826 5075 1889 5128 ad
1919 5076 2361 5143 perfectissimam

811 5187 907 5237 pro
935 5185 1032 5222 suo
1063 5172 1276 5222 modulo
1307 5169 1690 5236 perfectionem
1716 5170 1996 5220 cvebatur.
2030 5166 2162 5219 lline
2189 5162 2361 5218 sancti

812 5276 1171 5332 praeceptores
1207 5264 1372 5316 nostri
1410 5264 1606 5314 divinis
1641 5277 1735 5313 eos
1767 5257 2207 5325 appellationibus
2238 5263 2360 5308 sunt

812 5357 1120 5422 prosecuti;
1175 5355 1262 5408 alii
1312 5355 1524 5422 quidem
1577 5356 1942 5420 therapeulas,
1978 5365 2072 5404 seu
2107 5348 2353 5409 cultores,

811 5447 899 5499 alii
931 5462 1057 5499 vero
1092 5447 1383 5499 monachos
1410 5485 1425 5506 ,
1459 5462 1578 5498 cum
1625 5460 1651 5495 a
1702 5445 1915 5497 sincero
1967 5441 2056 5494 Dei
2109 5439 2361 5493 :emulatu

2547 4345 2609 4397 'H
2653 4345 2706 4396 δὲ
2749 4343 2855 4397 τῶν
2897 4339 3230 4412 τελουμένων
3261 4340 3487 4394 ἁπασῶν
3534 4340 3836 4411 ὑψηλοτέρα
3874 4341 4018 4403 τάξις

2467 4437 2499 4504 ἠ
2538 4434 2644 4486 τῶν
2692 4433 2936 4504 μοναχῶν
2969 4435 3110 4484 ἐστιν
3147 4432 3266 4502 ἱερὰ
3301 4431 3672 4501 διακόσμησις,
3716 4435 3888 4484 πᾶσαν
3931 4433 4019 4501 μὲν

2468 4523 2985 4592 ἀποκεκαθαρμένην
3022 4523 3306 4592 κάθαρσιν,
3351 4521 3501 4590 ὁλικῇ
3524 4521 3750 4590 δυνάμει
3776 4524 3869 4574 καὶ
3894 4539 4018 4573 παν-

2464 4617 2604 4670 τελεῖ
2650 4615 2756 4668 τῶν
2799 4616 3010 4666 οἰκείων
3057 4613 3340 4684 ἐνεργειῶν
3383 4614 3666 4682 ἁγνότητι,
3720 4615 3897 4681 πάσης
3932 4613 4015 4670 δὲ,

2465 4709 2595 4778 ὅσης
2635 4706 2850 4776 θεμιτὸν
2885 4707 3017 4776 αὐτῇ
3048 4745 3061 4767 ,
3108 4705 3328 4775 θεωρεῖν
3384 4705 3719 4775 ἱερουργίας,
3773 4705 3832 4754 ἐν
3868 4704 4019 4771 νοερᾷ

2465 4797 2664 4868 θεωρίᾳ
2724 4799 2816 4849 καὶ
2879 4797 3128 4866 κοινωνίᾳ
3177 4796 3552 4865 γεγενημένη,
3606 4797 3697 4846 καὶ⁵
3747 4798 3868 4857 ταῖς
3919 4795 4018 4845 τῶν

2464 4891 2729 4960 ἱεραρχὼν
2791 4889 3154 4951 τελειωτικαίς
3222 4889 3511 4958 δυνάμεσιν
3571 4888 4014 4958 ἐγχειριζομὲνη.

2463 4983 2557 5034 καὶ
2606 4985 2723 5044 ταῖς
2765 4981 2964 5043 ἐνθέοις
3006 4981 3178 5033 αὐτῶν
3221 4980 3512 5049 ἐλλάμψεσι
3556 4981 3650 5032 καὶ
3687 4981 4016 5051 ίεραρχικαῖς

2460 5071 2814 5140 παραδόσεσιν
2855 5069 3270 5138 ἐκδιδασκομένη
3313 5070 3408 5131 τὰς
3460 5070 3882 5131 ἐποπτευθείσας
3916 5067 4016 5119 τῶν

2462 5162 2580 5214 κατ’
2608 5162 2770 5230 αὐτὴν
2802 5160 2957 5230 ἱερῶν
2982 5161 3209 5226 τελετῶν
3239 5161 3541 5230 ἱερουργίας
3570 5200 3583 5220 ,
3634 5161 3727 5212 καὶ
3767 5163 3902 5230 πρὸς
3929 5159 4014 5226 τῆς

2463 5257 2611 5325 ἱερᾶς
2654 5253 2827 5306 αὐτῶν
2874 5253 3180 5321 ἐπιστήμης
3231 5252 3502 5320 ἀναλόγως
3553 5255 3631 5315 είς
3675 5253 4012 5319 τελειοτάτην

2462 5343 2764 5413 ἀναγομένη
2803 5341 3097 5394 τελείωσιν.
3147 5341 3332 5392 Ἔνθεν
3378 5344 3426 5393 οἱ
3467 5342 3598 5393 θεῖοι
3643 5342 4014 5412 καθηγεμόνες

2461 5436 2613 5506 ἡμῶν
2656 5433 2974 5502 ἐπωνυμιῶν
3011 5433 3203 5494 αὐτοὺς
3247 5431 3403 5502 ἱερῶν
3445 5431 3700 5500 ἠξίωσαν,
3729 5436 3775 5486 οἱ
3811 5433 3911 5504 μὲν
3939 5433 4016 5484 θε-

2066 5621 2294 5676 ΥΔῐὶῐίΕ
2333 5616 2728 5676 LECTIONES.

878 5753 923 5780 η
972 5753 1346 5817 τςβοϊβζίκμιν,
1388 5747 1444 5798 Ρ.
1493 5747 1866 5817 ).sv.:~'JP‘-"'""""J.
1910 5744 1975 5794 Μ’

837 5825 853 5846 ’
888 5815 1304 5888 μεταέαχδίῑηναι,
1339 5820 1394 5871 S.
1434 5820 1490 5872 Ι).
1524 5821 1591 5872 ita
1641 5815 1799 5869 etiam
1829 5815 2146 5868 Viennensis
2181 5817 2366 5866 codex.

2052 5745 2094 5772 ⁸³⁸·
2144 5743 2548 5811 ἐπιττρεπτικῇ,
2579 5738 2636 5791 Ρ.
2735 5741 2776 5770 ⁹τ

2827 5739 3264 5811 μεταταχθείσης,
3309 5734 3367 5790 Ρ.
3460 5737 3503 5770 9⁸
3559 5734 3795 5798 τελείως,
3845 5732 3907 5786 S.
3955 5728 4009 5784 P.

2449 5813 2512 5842 ¹⁰⁰
2542 5815 2680 5882 ἰ;ρου
2692 5810 2850 5879 ργῶς,
2891 5810 2955 5862 Μ.
