4162 6304
88 399 212 456 535
1160 403 1248 459 DE
1283 404 1560 461 ECCLES.
1595 406 1999 477 HIERARCH.,'
2024 409 2176 466 CAP.
2216 412 2302 469 Vl.
3233 424 3336 482 534

90 511 442 578 ραπευτάς,
494 507 541 566 οἱ
587 513 642 566 δὲ
693 515 956 587 μοναχοὺς
1009 516 1360 587 ὀνομάζοντες
1388 520 1428 582 ¹,
1476 520 1540 572 ἐκ
1585 519 1733 590 τῆςλ

1717 531 1761 586 Α
1790 534 1950 593 atque
1983 525 2149 592 cultu,
2178 534 2289 580 tum
2315 526 2384 582 ab
2418 528 2688 587 individua
2714 541 2768 590 et
2792 534 3049 606 singulari
3096 537 3203 591 vita
3241 540 3331 594 dc-

87 597 199 692 τοῦ
250 601 384 656 Θεοῦ
411 602 652 674 καθαρᾶς
679 605 978 679 ὑπηρεσίας
1008 609 1101 662 καὶ
1125 608 1438 681 θεραπείας,
1467 611 1560 664 καὶ
1590 613 1689 682 τῆς

1789 618 2150 684 nominantes,
2177 619 2375 690 quippe
2411 636 2530 692 quae
2556 627 2758 692 sanctis
2785 597 2964 682 rerum
2997 627 3333 684 dividuarum

89 690 421 765 ἀμερίστου
459 695 553 749 καὶ
583 697 786 762 ἐνιαίας
811 695 954 769 ζωῆς
972 739 986 764 ,
1011 700 1086 763 ὡς
1119 701 1463 773 ὲνοποιούσης
1492 704 1689 766 αὐτοὺς

1789 708 2252 777 coniunctionibus
2283 690 2522 783 ipsos—ad
2560 690 2873 775 dei-formem
2901 722 3187 792 quamdam
3219 725 3340 777 uni-

90 783 159 834 ἰν
197 790 328 851 ταῖς
350 787 456 840 τῶν
476 787 759 859 διαιρετῶν
784 791 955 861 ἱεραῖς
979 791 1358 862 συμπτύξεσιν,
1383 796 1461 857 είς
1484 793 1689 865 θεοειδῆ

1791 810 1954 858 tatem
1987 803 2203 874 Deoque
2241 815 2448 876 gratam
2493 808 2879 880 perfectionem
2917 783 3161 869 adducat
3189 833 3204 871 :
3233 829 3338 885 qua

105 879 332 948 μονάδα
370 880 462 933 καὶ
503 881 747 950 φιλόθεον
783 883 1090 938 τελείωσιν·
1133 883 1212 937 διὸ
1247 885 1351 940 καὶ·
1377 886 1691 960 τελεστικὴν

1790 894 1858 949 de
1902 910 2066 951 causa
2102 912 2316 967 quoque
2349 899 2436 955 lex
2483 911 2672 957 sancta
2706 903 3072 974 perﬂeientem
3106 908 3184 962 eis
3210 922 3337 978 gra—

101 971 309 1035 αὐτοῖς
333 971 639 1043 ἐδωρήσατο
664 973 820 1046 χάριν
841 975 875 1045 ἡ
901 974 1023 1046 ἱερὰ
1045 974 1366 1047 θεσμοθεσία
1384 1017 1398 1041 ,
1426 979 1522 1032 καί
1544 996 1690 1044 τινος

1789 988 1918 1042 tiam
1952 989 2192 1056 indulsit,
2223 990 2408 1061 eisque
2428 971 2836 1050 consecrantem
2871 998 3162 1065 quamdam
3194 971 3339 1054 a'dhi-

102 1064 326 1127 αὐτοὺς
350 1061 578 1133 ἠξίωσεν
604 1065 970 1136 ἀφιερωτικῆς
1007 1066 1473 1139 ὲπικλήσεως,οὺχ
1511 1069 1692 1140 ἱεραρ-

1789 1078 1882 1135 bet
1908 1080 2064 1152 251
2101 1083 2517 1152 invocationem,
2541 1103 2643 1142 non
2666 1088 2879 1159 quidem
2905 1088 3251 1160 pontiﬁciam,
3274 1106 3338 1146 ea

103 1157 290 1228 χικῆς
326 1156 538 1229 (ἐκείνη
576 1158 684 1229 γάρ
724 1157 815 1211 ἐπὶ
850 1159 1039 1229 μόναις
1079 1160 1322 1230 γίγνεται
1345 1165 1462 1226 ταῖς
1487 1165 1688 1235 ἱερατι-

1789 1172 1932 1226 enim
1960 1175 2012 1228 in
2037 1175 2169 1231 solis
2190 1177 2362 1234 sacris
2391 1156 3001 1248 ordinibus—adhibetur,
3029 1183 3124 1237 sed
3149 1156 3338 1238 conse—

102 1249 250 1312 καῐς
308 1248 596 1320 τάξεσιν),
637 1249 755 1304 ἀλλ’
805 1251 1149 1323 ἱερουργικῖκ
1207 1252 1310 1307 ὑπὸ
1358 1254 1468 1310 τῶν
1528 1255 1691 1309 ὁσίων

1791 1263 2081 1318 cratoriam
2126 1264 2361 1335 aliquam
2383 1309 2398 1334 ,
2425 1283 2544 1338 quae
2581 1283 2612 1323 a
2646 1269 2852 1325 sanctis
2885 1270 3256 1338 sacerdotibus
3288 1271 3339 1326 in

103 1335 318 1407 ἱερέων
353 1341 420 1411 τῇ
465 1340 746 1413 ἱεραρχικῇ
793 1341 1138 1414 τελετουργὶᾳ
1181 1343 1442 1416 δευτέρως
1479 1346 1690 1418 ἱερουρ-

103 1429 416 1500 νουμένης-

1561 1362 1690 1418 ουρ-
1792 1351 2127 1412 hierarchica
2163 1335 2464 1417 initiatione
2491 1359 2729 1417 secundo
2756 1360 2875 1417 loco
2901 1337 3204 1420 adhibetur.

103 1444 416 1500 νουμενης-

303 1547 368 1599 ll.
415 1546 762 1616 Μυστήριον
783 1549 1118 1620 μοναχικῆς
1137 1551 1512 1619 τελειώσεως.

1948 1537 2012 1591 Il.
2046 1535 2360 1606 Mysterium
2402 1540 2713 1596 monasticis
2744 1543 3171 1597 consecrationis.

199 1658 264 1712 '0
291 1661 389 1731 μὲν
433 1662 611 1730 ἱερεὺς
654 1660 886 1733 ἔστηκεν
921 1663 1251 1735 ἐπίπροσθεν
1289 1662 1382 1718 τοῦ
1425 1663 1569 1717 θείου
1594 1664 1690 1718 θυ-

1861 1655 2132 1711 Sacerdos
2157 1654 2372 1724 quidem
2415 1666 2525 1710 stat
2573 1665 2701 1712 ante
2745 1657 2935 1723 altare,
2991 1659 3343 1714 monasticam

109 1751 465 1822 σιαστηρίου,
489 1753 589 1822 τὴν
619 1753 912 1824 μοναχικὴν
939 1755 1224 1827 ἐπίκλησιν
1263 1755 1570 1828 ἱερολογῶν.
1635 1757 1691 1811 ’0

1790 1753 1977 1802 sancte
2008 1745 2241 1800 recitans
2273 1745 2706 1812 invocationem;
2733 1745 2781 1800 is
2817 1755 2996 1801 autem
3027 1748 3118 1818 qui
3158 1763 3344 1804 conse-

109 1842 173 1895 es
201 1841 522 1912 τελούμενος
562 1842 735 1896 ὀπίσω
756 1843 849 1897 τοῦ
874 1845 1064 1915 ἱερέως
1105 1846 1334 1917 ἕστηκεν
1353 1887 1366 1910 ,
1392 1847 1490 1900 οὐκ
1527 1846 1691 1918 ἄμφω
1721 1882 1752 1938 Ε

1721 1882 1764 1938 Β
1791 1845 1975 1890 cratur
2004 1844 2112 1889 εῑαι
2138 1844 2264 1903 ροει
2297 1834 2653 1903 sacerdotem,
2707 1849 2807 1892 nec
2856 1845 3143 1907 utrumque
3174 1855 3345 1908 neque

1794 1928 1955 1983 etiam
1988 1926 2217 1982 alterum
2244 1940 2386 1996 genu
2412 1925 2608 1994 nectit,
2640 1942 2740 1984 nec
2772 1942 2934 1998 supra
2971 1937 3130 2000 caput
3185 1932 3346 1986 habet

1795 2016 2107 2086 Scripturas
2137 2032 2167 2072 a
2208 2017 2318 2073 Deo
2349 2017 2602 2082 traditas,
2632 2018 2726 2074 sed
2755 2027 2966 2074 tantum
2991 2029 3133 2076 astat
3161 2035 3345 2083 sacer-

1794 2109 1904 2164 doti
1961 2125 2124 2178 supra
2180 2109 2326 2164 illum
2375 2109 2657 2175 mysticam
2718 2110 3116 2169 invocationem
3165 2129 3347 2184 prose-

1793 2202 2001 2270 quenti.
2027 2201 2142 2268 Qua
2167 2200 2337 2268 finita,
2363 2202 2617 2258 sacerdos
2645 2203 2716 2258 ad
2740 2216 2860 2258 eum
2884 2204 3168 2268 accedens,
3195 2215 3348 2275 rcgat

1794 2291 1967 2360 ipsum
1994 2293 2250 2362 primum,
2292 2308 2358 2346 an
2388 2293 2639 2348 omnibus
2692 2293 2853 2350 rebus
2881 2294 3110 2350 dividuis
3150 2311 3348 2350 remm-

1796 2384 1910 2446 tiet,
1939 2396 2044 2438 non
2070 2382 2241 2437 solum
2277 2382 2421 2446 vitis,
2445 2397 2632 2438 verum
2656 2383 2822 2437 etiam
2848 2384 3347 2454 imaginationibus.

1799 2476 2001 2532 Deinde
2031 2476 2252 2545 exponit
2283 2474 2357 2528 illi
2409 2475 2576 2529 vitam
2628 2475 3102 2546 perfectissimam,
3158 2486 3345 2532 conte-

1795 2575 1945 2622 stans
1978 2565 2125 2643 ilium
2156 2567 2356 2621 debere
2388 2565 2615 2620 mediam
2650 2566 2862 2622 vivendi
2883 2567 3146 2622 rationem
3179 2582 3340 2636 supe-

1793 2670 1936 2711 rare.
1968 2656 2095 2723 Quae
2125 2657 2214 2713 ubi
2258 2657 2441 2710 omnia
2497 2657 2540 2712 is
2583 2657 2672 2726 qui
2720 2657 2968 2711 initiatur
3009 2659 3350 2715 continenter

1793 2741 2067 2823 professus
2095 2759 2199 2815 est,
2223 2752 2476 2806 sacerdos
2496 2764 2618 2804 eum
2653 2750 2813 2820 signo
2845 2751 3024 2806 crucis
3061 2755 3342 2823 consigna-

1798 2853 1906 2900 tum
1937 2843 2144 2910 tondet,
2181 2853 2292 2899 tres
2320 2857 2582 2911 personas
2606 2843 2800 2899 divinae
2825 2843 3174 2900 beatitudinis
3199 2848 3350 2899 invo-

1794 2936 1992 2999 cando,
2029 2935 2286 3004 omnique
2311 2943 2461 2989 veste
2485 2935 2750 2999 detracta,
2777 2951 2897 2990 eum
2932 2936 3035 2989 alia
3070 2937 3262 3003 induit,
3295 2945 3352 2991 ct

1793 3043 1914 3082 cum
1943 3027 2064 3082 aliis
2095 3029 2222 3082 viris
2253 3029 2460 3082 sanctis
2499 3029 2811 3084 astantibus
2857 3030 3028 3099 ipsum
3082 3029 3349 3095 salutans,

1793 3121 2111 3194 participem
2144 3122 2272 3181 facit
2300 3125 2606 3181 divinorum
2641 3128 3044 3197 mysteriorum.

107 1931 198 1984 τὼ
229 1932 356 1984 πόδε
378 1931 588 1997 κλίνων,
616 1934 715 2003 οὐχ
739 1934 833 1986 ἕνα
862 1937 973 1989 τοῖν
996 1936 1194 2001 ποδοῖν,
1220 1937 1318 1989 οὐκ
1339 1936 1431 1988 ὲπὶ
1453 1935 1692 2006 κεφαλῆς

108 2024 263 2095 ἔχων
285 2025 354 2077 τά
374 2025 741 2096 θεοπαράδοτα
765 2027 938 2096 λόγια,
969 2028 1128 2096 μόνον
1147 2029 1205 2083 δὲ
1240 2029 1315 2100 τῷ
1353 2032 1486 2102 ἱερεῖ
1523 2047 1694 2101 παρε-

113 2114 267 2178 στὼς
321 2117 680 2188 ἱερολογοῦντι
704 2119 801 2190 τὴν
825 2119 912 2173 ἐπ’
928 2119 1076 2192 αὐτῷ
1095 2121 1357 2194 μυστικὴν
1383 2122 1689 2193 ἐπίκλησιν.

112 2207 362 2272 Τελέσας
386 2209 440 2262 δὲ
467 2210 634 2281 αὐτὴν
656 2214 684 2264 ὁ
712 2212 910 2283 ἱερεὺς,
937 2212 1028 2265 ἐπὶ
1049 2212 1140 2266 τὸν
1162 2213 1480 2284 τελούμενον
1501 2212 1690 2278 ἐλθὼν,

114 2298 380 2370 ἐπερωτᾷ
405 2299 619 2371 πρῶτον
642 2301 822 2367 αὐτὸν,
849 2303 896 2355 εἱ
938 2302 1138 2366 πάσαις
1164 2304 1527 2357 ἀποτάσσεται
1574 2305 1694 2367 ταῖς

110 2388 420 2460 διαιρεταῖς
443 2392 502 2446 οὐ
531 2393 687 2462 μόνον
715 2394 898 2458 ζωαῖς,
928 2394 1059 2450 ἀλλά
1084 2395 1178 2448 καὶ
1205 2395 1542 2464 φαντασίαις.
1561 2391 1694 2449 Εἶτα

111 2480 225 2552 τὴν
245 2481 582 2555 τελειοτάτην
608 2484 754 2556 αὐτῷ
778 2484 918 2558 ζωὴν
940 2487 1228 2557 ὑφηγεῖται
1251 2527 1266 2553 ,
1314 2487 1585 2559 μαρτυρού
1594 2504 1692 2558 με-

115 2587 236 2634 νος,
288 2571 368 2624 ὅτι
411 2572 515 2643 χρὴ
557 2573 657 2643 τῆς
708 2575 880 2646 μέσης
924 2577 1083 2630 αὑτὸν
1125 2578 1620 2649 ὑπερανεστηκέναι
1647 2582 1690 2633 ‘.

115 2666 163 2719 Τ
168 2667 312 2719 αὔτα
333 2668 388 2720 δὲ
412 2669 586 2722 πάντα
621 2669 714 2723 τοῦ
749 2670 1070 2742 τελουμένου
1109 2674 1389 2743 προσεχῶς
1425 2672 1691 2744 ὁμολογή-

119 2774 340 2823 σαντος,
370 2760 446 2830 τῷ
474 2761 808 2833 σταυροειδεῖ
827 2762 981 2832 τύπῳ
1006 2764 1441 2835 σφραγισάμενος
1480 2764 1640 2817 αὑτὸν
1665 2767 1694 2817 ὁ

119 2850 330 2921 ἱερεὺς,
356 2851 654 2924 ἀποκείρει,
682 2854 780 2924 τὴν
801 2853 1026 2926 τρισσὴν
1051 2853 1152 2925 τῆς
1177 2854 1324 2918 θείας
1354 2856 1692 2927 μακαριότη-

115 2957 218 3006 τος
235 2943 424 3014 ὲπιϐοή
433 2962 529 3007 σας
546 2946 858 3012 ὑπόστασιν,
877 2949 968 3000 καὶ
988 2946 1084 3017 τὴν
1101 2947 1301 3017 ἐσθῆτα
1321 2948 1494 2999 πᾶσαν
1510 2949 1695 3017 ἀπαμ-

120 3034 343 3102 φιέσας,
386 3037 575 3107 ἑτέραν
603 3039 943 3108 ἀμφιέννυσι,
971 3039 1063 3092 καὶ
1089 3038 1226 3109 μετά
1261 3037 1370 3102 τῶν
1405 3037 1577 3091 ἄλλων
1622 3023 1695 3090 ἰε-

125 3125 240 3196 ρῶν
265 3125 284 3155 ³
307 3127 532 3198 ἀνδρῶν,
557 3129 670 3181 ὅσοι
693 3130 961 3200 πάρεισιν,
980 3129 1383 3198 ἀσπασάμενος,
1405 3130 1564 3182 αὑτὸν
1589 3147 1695 3183 κοι-

120 3217 295 3271 νωνὸν
321 3217 569 3273 ἀποτελεῖ
588 3220 696 3276 τῶν
730 3221 1031 3291 θεαρχικῶν
1057 3220 1387 3292 μυστηρίων.
1723 3217 1770 3280 C

724 3334 817 3388 Ill.
874 3333 1108 3401 θεωρία.
2306 3329 2367 3380 Ill

2306 3329 2398 3382 Ili.
2439 3325 2841 3394 Contemplatio.

1705 3468 1813 3542 ﬁl.

199 3631 276 3684 Τὸ
300 3630 498 3702 μηδένα
520 3634 634 3687 τοῖν
659 3633 836 3691 ποδοῖν
871 3635 1070 3690 κλίνειν
1092 3675 1106 3701 ,
1160 3636 1279 3708 μηδ’
1327 3636 1420 3690 ἐπὶ
1461 3637 1704 3710 κεφαλῆς

123 3721 274 3794 ἔχειν
294 3721 363 3774 τὰ
401 3723 763 3794 θεοπαράδοτα
787 3723 959 3792 λόγια,
984 3727 1314 3796 παρεστάναι
1361 3727 1416 3780 δὲ
1456 3728 1534 3798 τῷ
1575 3731 1712 3799 ἱερεῖ

124 3813 225 3882 τὴν
254 3812 534 3882 ἐπίκλησιν
560 3812 932 3883 ἱερολογοῦντι,
948 3813 1097 3885 δηλοῖ
1119 3815 1217 3886 τὴν
1241 3816 1531 3886 μοναχικὴν
1555 3815 1705 3882 τάξιν

124 3905 227 3956 οὐκ
244 3899 382 3955 εἶναι
406 3905 821 3976 προσαγωγικὴν
846 3906 1062 3977 ἑτέρων,
1084 3905 1195 3959 ἀλλ’
1219 3907 1303 3976 ἐφ’
1329 3908 1520 3978 ἑαυτῆς
1537 3907 1704 3959 ἑστῶ-

1801 3906 1943 3960 dinis
1971 3905 2258 3959 monastici
2291 3919 2394 3960 non
2419 3918 2560 3977 esse,
2593 3905 2727 3959 alios
2768 3905 3044 3968 '-.dducere,
3070 3904 3166 3959 sed
3187 3918 3351 3972 penes

127 4011 230 4050 σαν
243 3998 301 4046 ὲν
320 3994 573 4065 μοναδικῇ
601 3997 693 4047 καὶ
711 3998 829 4067 ἱερᾷ
845 3997 1045 4060 στάσει,
1062 3997 1179 4059 ταῖς
1200 3997 1493 4066 ἱερατικαῖς
1512 3995 1709 4067 ἑπομέ-

1706 4023 1709 4036 ι
1802 3996 2154 4065 semetipsum
2189 4005 2498 4050 manentem
2529 3995 2582 4050 in
2622 3994 2867 4051 solitario
2907 4010 3178 4063 sacroque
3203 4002 3349 4048 snitu

125 4104 226 4158 νην
246 4087 451 4150 τάξεσι,
477 4087 569 4139 καὶ
592 4087 726 4157 πρὸς
749 4087 944 4149 αὐτῶν,
966 4087 1041 4150 ὼς
1068 4077 1283 4149 ὀπαδὸν,
1311 4088 1403 4139 ἐπὶ
1424 4087 1522 4158 τὴν
1549 4088 1696 4141 θείαν

1792 4085 2154 4145 sacerdotales
2179 4087 2401 4144 ordines
2429 4089 2602 4158 sequi,
2639 4090 2775 4144 etab
2805 4087 2892 4152 iis,
2918 4096 3169 4158 tanquam
3203 4100 3350 4139 asse-

125 4182 235 4233 τῶν
260 4179 377 4233 κατ’
402 4179 568 4251 αὐτὴν
597 4179 755 4250 ἱερῶν
778 4181 1087 4251 ἐπιστήμην
1123 4177 1388 4242 εὐπειθῶς
1428 4179 1697 4251 ἀναγομέ-

1791 4183 1929 4236 clam
1967 4187 2173 4247 eorum,
2201 4183 2266 4248 ad
2285 4183 2527 4236 divinam
2558 4195 2840 4236 sacrorum
2860 4195 2980 4251 quae
3009 4179 3164 4234 illum
3186 4179 3349 4232 attin-

129 4287 246 4343 νην.
1791 4281 1922 4342 gunt
1960 4274 2243 4328 scientiam
2272 4273 2428 4327 facile
2459 4271 2692 4331 traduci.

1871 3633 2026 3702 Quod
2050 3642 2300 3688 neutrum
2322 3647 2461 3711 genu
2485 3628 2739 3694 inﬂectat,
2772 3644 2948 3698 neque
2979 3629 3142 3698 capiti
3176 3628 3351 3697 impo-

1800 3727 1930 3784 sitas
1959 3725 2158 3780 habeat
2180 3724 2437 3779 divinitus
2463 3722 2689 3777 traditas
2722 3720 3032 3790 Scripturas
3050 3761 3067 3788 ,
3092 3721 3186 3776 sed
3210 3721 3349 3775 assi-

1799 3825 1906 3872 stat
1927 3815 2193 3871 sacerdoti
2241 3808 2607 3884 precationem
2642 3813 2919 3876 recitanti,
2952 3811 3214 3877 declarat,
3255 3827 3350 3865 or-

1669 4431 1696 4504 ς
1731 4427 1809 4488 ιι.

208 4615 274 4668 Ἦ
299 4613 356 4666 δὲ
380 4614 488 4667 τῶν
514 4613 780 4686 μεριστῶν
802 4614 860 4668 οὐ
885 4613 1040 4687 μόνον
1066 4615 1240 4687 ςωῶν,
1281 4611 1415 4669 ἀλλά
1442 4614 1547 4686 μὴν
1596 4616 1691 4668 καὶ
1722 4621 1768 4674 υ

1722 4621 1768 4674 υ
1863 4617 2032 4676 Porro
2063 4618 2358 4675 divisarum
2377 4633 2481 4674 non
2505 4618 2675 4675 solum
2699 4618 3154 4686 vitarum,verum
3180 4622 3343 4676 etiam

130 4705 440 4776 φαντασιῶν
465 4707 731 4777 ἀποταγὴ,
754 4706 852 4778 τὴν
885 4707 1227 4779 τελειοτάτην
1251 4708 1271 4740 ⁵
1297 4709 1548 4779 ἐμφαίνει
1583 4708 1692 4760 τῶν

132 4796 381 4870 μοναχῶν
406 4797 738 4866 φιλοσοφίαν,
767 4798 824 4850 ὲν
847 4798 1037 4868 ὲπιστή
1048 4813 1121 4870 μη
1143 4797 1252 4852 τῶν
1276 4798 1532 4850 ἑνοποιιῖιν
1546 4798 1690 4849 ὲντο-

131 4889 234 4941 λῶν
262 4889 675 4960 ἐνεργουμένην.
705 4889 859 4941 Ἔστι
886 4889 1013 4963 γὰρ,
1039 4890 1114 4955 ὡς
1139 4890 1294 4960 ἔφην,
1313 4891 1372 4942 οὐ
1390 4889 1490 4959 τῆς
1521 4891 1691 4961 μέσης

129 4981 236 5035 τῶν
259 4979 592 5049 τελουμένων
613 4979 834 5044 τάξεως,
862 4979 995 5033 ἀλλά
1013 4980 1112 5051 τῆς
1128 4980 1312 5032 πασῶν
1337 4979 1687 5051 ὑψηλοτέρας.

129 5073 219 5126 Διὺ
243 5073 338 5124 καὶ
364 5071 532 5124 πολλά
552 5071 661 5123 τῶν
685 5072 818 5141 πρὸς
846 5072 945 5143 τῆς
971 5071 1141 5144 μέσης
1163 5071 1366 5139 τάξεως
1389 5071 1689 5143 ἀκατακρί-

129 5180 233 5227 τως
250 5163 653 5233 ἐνεργουμένων
667 5163 953 5234 ἀπείρηται
970 5164 1154 5235 τρόπῳ
1170 5165 1332 5216 παντὶ
1350 5165 1457 5226 τοῖς
1474 5164 1691 5227 ἑνιαίοις

134 5258 410 5326 μοναχοῖς,
434 5257 508 5320 ὡς
531 5257 665 5326 πρὸς
687 5258 746 5309 τὸ
771 5257 829 5310 ἓν
856 5257 1032 5310 αὐτῶν
1077 5259 1394 5326 ὀφειλόντων
1436 5261 1691 5312 ἐνοποιεῖ-

133 5348 278 5411 σθαι,
303 5349 394 5400 καὶ
413 5350 547 5419 πρὸς
565 5349 716 5420 ἱεράν
735 5349 933 5419 μονάδα
957 5350 1299 5418 συνάγεσθαι,
1324 5352 1570 5423 καὶπρὸς
1592 5353 1690 5423 τὴν

131 5438 434 5513 ἱερατικὴν,
467 5438 541 5505 ὡς
579 5442 817 5512 θεμιτὸν,
855 5441 1298 5513 ἀπομορφοῦσθαι
1332 5443 1492 5514 ζωὴν,
1517 5447 1590 5509 ὼς
1631 5446 1692 5498 τὸ

1791 4709 2178 4778 cogitationum
2210 4711 2561 4778 renuntiatio,
2586 4710 3035 4780 perfectissimam
3060 4713 3202 4767 illam
3233 4729 3349 4766 ino-

1794 4799 2090 4852 nachorum
2121 4800 2516 4870 philosophiam
2549 4803 2829 4866 declarat,
2863 4818 2980 4872 qua:
3015 4818 3078 4857 ex
3120 4804 3347 4858 unitico-

1794 4904 1910 4943 rum
1945 4891 2316 4946 mandatorum
2345 4893 2572 4947 scientia
2601 4894 2890 4948 conﬂatur.
2943 4894 3037 4948 Est
3067 4895 3235 4957 enim,
3289 4904 3347 4947 nt

1795 4983 1926 5046 dixi,
1959 4998 2062 5038 non
2089 4985 2244 5039 medii
2271 4986 2479 5040 ordinis
2503 4997 2690 5041 eorum
2719 4972 2811 5057 qui
2839 4987 3034 5041 initiati
3079 4995 3204 5041 sunt
3247 4987 3345 5040 ha-

1795 5071 2014 5140 ptismo.
2073 5073 2170 5126 sed
2209 5072 2452 5129 celsioris
2506 5076 2758 5132 omnibus
2795 5075 3096 5131 ordinibus.
3126 5073 3345 5140 'Quam-

1792 5165 1979 5220 obrem
2011 5165 2174 5219 multa
2197 5179 2263 5220 ex
2296 5168 2383 5234 iis,
2410 5182 2527 5236 qua:
2548 5184 2575 5222 a
2598 5170 2772 5223 medio
2800 5170 2989 5224 ordine
3005 5170 3121 5223 sine
3156 5183 3341 5237 reprc-

1793 5257 2052 5313 hensione
2068 5260 2224 5322 ﬁunt,
2247 5260 2524 5315 monachis
2547 5261 2661 5314 istis
2676 5259 2836 5331 252
2853 5261 3216 5328 singularibus
3231 5275 3344 5313 orn-

1794 5355 1923 5409 nino
1954 5354 2234 5407 interdicta
2262 5363 2407 5419 sunt,
2433 5355 2629 5423 quippe
2662 5356 2755 5422 qui
2804 5370 2923 5408 cum
2952 5368 3058 5407 uno
3094 5353 3341 5421 conjungi

1795 5448 2046 5509 debeant,
2069 5458 2122 5502 et
2150 5462 2273 5501 cum
2303 5461 2457 5500 sacra
2489 5447 2721 5500 monade
2748 5446 3008 5516 copulari,
3056 5455 3113 5501 et
3159 5446 3225 5499 ad
3252 5459 3341 5496 sa—

1411 5626 1633 5683 VARIA‘L
1669 5629 2070 5689 LECTIONES.

200 5760 218 5839 ξ
247 5758 630 5839 ὀνομάσαντες,
674 5761 732 5816 D.
763 5761 824 5815 P.
899 5765 919 5794 ¹
948 5764 1394 5839 ὕπανεστηκὲναι,
1433 5766 1493 5818 D.
1554 5768 1591 5839 7’
1615 5767 1821 5839 ἱερέων,
1845 5769 1911 5822 Μ.

2025 5769 2382 5842 τελεωτάτην,
2429 5771 2486 5826 S.
2517 5770 2768 5826 P.\'arial
2801 5781 3057 5840 perpetuo
3079 5771 3341 5839 scriptura

135 5828 291 5901 hnqu
347 5828 525 5897 vocis,
553 5833 667 5886 sive
699 5850 912 5899 nomen,
942 5833 1056 5889 sive
1081 5828 1321 5904 verbum,
1355 5841 1464 5892 sive
1501 5828 1819 5894 adverbium
1844 5843 1929 5896 sit.
1967 5841 2141 5898 Semel
2166 5843 2265 5897 hoc
2296 5828 2550 5914 intelliget,
2584 5858 2648 5899 ne
2678 5828 2882 5912 longior
2899 5828 3027 5897 'sim.
