4162 6304
807 372 910 426 555

805 591 966 645 quam
998 576 1088 643 qui
1124 592 1232 644 pra.-
1259 580 1469 632 carteris
1504 580 1757 644 initiatis,
1786 600 1908 640 cum
1943 590 2042 645 hoc
2085 595 2275 646 ordine
2309 600 2361 651 in

807 668 1053 735 plurimis
1098 669 1450 736 conveniunt,
1512 673 1884 746 majoremque
1915 680 2228 737 allinitatem
2265 686 2363 739 ba—

804 759 949 812 bent.

1969 382 2023 436 S.
2069 385 2362 444 DIUNYSII
2398 393 2863 451 AREOPAGITE

805 485 1159 548 cerdotalem,
1194 497 1456 555 quantum
1489 486 1573 543 fas
1594 498 1698 553 est,
1727 493 1896 547 vitam
1925 501 2221 560 etl'ormari.
2255 515 2367 558 tan-

2482 519 2739 579 συγγενὲς
2768 514 2934 584 αὐτῆς
2962 516 3186 586 ἔχουσαν
3210 521 3268 572 ἐν
3291 521 3520 588 πολλοῖς,

3926 420 4026 478 336

3548 529 3640 580 καὶ
3667 530 3862 600 μᾶλλον
3888 539 4022 608 αὐτῇ

2472 603 2622 672 παρά
2647 605 2744 667 τὰς
2768 606 2957 662 λοιπὰς
2979 610 3085 661 τῶν
3119 612 3454 682 τελουμένων
3493 617 3671 683 τάξεις
3707 603 4020 694 πλησιάζουῖ

2474 709 2586 744 σαν.

2339 921 2364 991 §
2401 918 2505 978 ΙΙΙ.

873 1046 1096 1112 Signum
1137 1061 1264 1101 vero
1288 1047 1470 1117 ﬁgurat
1507 1052 1706 1120 crucis,
1749 1063 1806 1107 ut
1847 1055 2048 1113 dictum
2079 1069 2185 1124 est,
2220 1061 2363 1115 desi-

806 1146 929 1202 gnat
964 1139 1205 1198 omnium
1237 1142 1534 1194 carnalium
1558 1144 1951 1202 desideriorum
1985 1152 2364 1217 privationem.

805 1224 1050 1279 Tousura
1079 1243 1241 1295 porro
1291 1232 1633 1298 capillorum,
1695 1235 1856 1288 vitam
1907 1241 2124 1293 omnino
2165 1243 2365 1296 indicat

805 1317 1113 1372 nullatenus
1139 1320 1394 1386 fucatam,
1421 1339 1594 1389 neque
1622 1326 1810 1394 figuris
1829 1327 1967 1383 ﬁctis
2021 1333 2362 1398 ascititiisve.

804 1408 999 1474 quibus
1050 1412 1250 1463 mentis
1285 1411 1603 1467 deformitas
1636 1425 1869 1485 tegatur,
1907 1421 2362 1488 calamistratam;

803 1498 893 1550 sed
927 1513 1021 1564 per
1049 1501 1280 1569 seipsam
1315 1519 1419 1555 non
1450 1506 1699 1560 humanis
1744 1513 2099 1575 ornamentis,
2125 1515 2217 1567 sed
2256 1517 2366 1568 sin-

802 1589 1078 1655 gularibus
1102 1607 1162 1644 ac
1200 1595 1412 1647 unilieis
1443 1595 1738 1653 virtutibus
1783 1601 1848 1653 ad
1881 1601 2119 1656 divinam
2149 1607 2365 1672 penitus

802 1679 1232 1735 confurmitateni
1263 1697 1529 1738 evectam.

2547 1063 2609 1115 'H
2631 1066 2686 1116 δὲ
2711 1067 2802 1118 τοῦ
2832 1071 3202 1141 σταυροειδοῦς
3224 1071 3395 1126 τύπου
3421 1076 3756 1145 σφραγὶς,ιτ›ς
3775 1078 3870 1150 ἤδη
3900 1080 4029 1150 παρ’

2467 1153 2620 1222 ἡμῶν
2643 1155 2887 1226 εἴρηται,
2913 1159 3060 1232 δηλοῖ
3081 1161 3175 1231 τὴν
3216 1165 3403 1218 πασῶν
3442 1166 3574 1238 φμοῦ
3615 1168 3721 1219 τῶν
3759 1171 4030 1240 σαρκικῶν

2466 1245 2696 1315 ὀρέξεων
2722 1252 3125 1323 άνενεργησίαν.
3175 1258 3237 1309 Ἡ
3263 1259 3320 1310 δὲ
3356 1260 3465 1313 τῶν
3499 1262 3700 1333 τριχῶν
3729 1266 4028 1336 ἀπόκαρσις

2466 1337 2716 1406 ἐμφαίνει
2741 1342 2840 1411 τὴν
2890 1344 3133 1414 καθαρὰν
3183 1349 3274 1400 καὶ
3312 1351 3714 1420 ἀσχημάτιστον
3754 1355 3894 1424 ζωὴν
3933 1360 4030 1410 οὐκ

2466 1428 2814 1495 ἐπιπλάστοις
2843 1436 3081 1504 σχήμασι
3106 1439 3164 1490 τὸ
3191 1439 3330 1492 κατὰ
3354 1442 3476 1493 νοῦν
3511 1443 3747 1507 δυσειδὲς
3792 1446 4030 1498 ἐπιθετι-

2473 1519 2582 1582 κῶς
2607 1521 3048 1588 καλλωπίζουσαν
3068 1569 3081 1591 ,
3126 1529 3237 1581 ἀλλ’
3280 1532 3447 1601 αὐτὴν
3491 1535 3574 1602 ἐφ’
3600 1536 3797 1604 ἑαυτῆς
3819 1538 3913 1589 οὐκ
3939 1539 4031 1588 άν-

2474 1609 2762 1678 θρωπικοῖς
2788 1615 3053 1678 κάλλεσιν,
3098 1619 3209 1672 ἀλλ’
3237 1622 3453 1686 ἐνιαίοις
3493 1626 3587 1676 καὶ
3629 1629 3874 1695 μοναχοῖς
3904 1629 3925 1659 ⁸
3954 1630 4032 1690 εἰς

2470 1700 2529 1753 τὸ
2557 1701 2950 1760 θεοειδέστατον
2976 1708 3335 1783 ἀναγομένην.

2333 1885 2359 1956 §
2393 1882 2492 1944 ιν.

871 2009 1076 2064 Prioris
1103 2022 1283 2065 autem
1307 2013 1476 2068 vestis
1500 2016 1782 2080 detractio,
1818 2029 1872 2071 et
1897 2020 2121 2075 alterius
2149 2039 2360 2076 assuin-
2393 2031 2432 2086 ιι

800 2101 933 2167 ptio,
972 2101 1240 2166 signiﬁcat
1271 2118 1297 2153 a
1329 2104 1502 2156 media
1526 2117 1713 2160 sancta
1737 2110 1842 2160 vita
1867 2109 1933 2162 ad
1979 2111 2358 2177 perfectiorem

803 2192 1221 2256 traductionem,
1275 2196 1418 2248 sicut
1468 2196 1519 2248 in
1568 2197 1747 2251 divina
1810 2199 1897 2251 illa
1955 2204 2361 2270 regeneratiune

801 2282 970 2333 vestis
1008 2280 1312 2336 immutatio
1337 2285 1647 2340 declarabat
1699 2289 1929 2355 expiata:
1965 2292 2088 2345 vita:
2138 2297 2202 2348 ad
2232 2311 2361 2347 con-

802 2372 1086 2439 templandi
1125 2384 1179 2426 et
1211 2375 1539 2444 intelligendi
1569 2389 1768 2432 statum
1817 2384 2359 2453 trausmigratiouem

799 2471 851 2514 et
878 2463 1235 2516 eveCtionem.
1269 2465 1418 2528 Quod
1446 2468 1488 2518 si
1522 2470 1678 2522 modo
1709 2485 1924 2539 quoque
1966 2482 2073 2526 tam
2105 2482 2362 2532 sacerdos

799 2567 959 2618 quam
993 2565 1234 2608 astantes
1270 2573 1460 2611 omnes
1489 2560 1590 2612 viri
1623 2563 1794 2614 sancti
1844 2563 2115 2619 initiatum
2165 2583 2362 2622 consa-

800 2644 993 2704 lntent,
1028 2659 1092 2697 ex
1138 2647 1238 2700 hoc
1290 2658 1535 2701 sanctam
1576 2650 1815 2722 intellige
1871 2657 2110 2710 virorum
2163 2660 2360 2714 deifor-

803 2734 965 2786 mitttu
995 2738 1334 2800 societatem,
1361 2741 1535 2794 amice
1570 2742 1671 2797 sibi
1700 2753 1888 2797 mutuo
1909 2747 2092 2800 divina
2123 2763 2244 2804 cum
2274 2751 2355 2806 la:-

801 2827 914 2880 titla
938 2829 1447 2899 congratulantium.

872 3137 986 3192 Sub
1009 3137 1169 3192 linem
1201 3137 1434 3207 denique
1463 3141 1717 3199 sacerdos
1754 3144 2028 3203 initiatum
2075 3150 2268 3207 invitat
2295 3154 2362 3209 ad

801 3230 1123 3296 praecipuam
1150 3229 1291 3282 illam
1325 3231 1416 3283 Dei
1442 3236 1898 3303 communionem,
1931 3250 2117 3296 sancte
2143 3258 2238 3311 per
2263 3246 2363 3299 hoc

801 3322 1071 3384 indicans,
1103 3337 1224 3375 eum
1261 3323 1348 3391 qui
1384 3323 1629 3379 initiatus
1653 3337 1758 3390 est,
1801 3330 1846 3382 si
1890 3345 2016 3385 vere
2065 3334 2132 3387 ad
2171 3351 2362 3389 mona—

801 3416 996 3467 sticum
1027 3414 1156 3468 illud
1189 3414 1460 3484 singulare
1494 3417 1799 3472 institutum
1852 3426 2159 3489 pervenerit
2187 3464 2201 3489 ,
2255 3442 2358 3480 non

801 3508 974 3560 solum
999 3522 1184 3560 eorum
1210 3522 1327 3574 qua:
1351 3509 1416 3560 ad
1444 3509 1612 3576 ipsum
1642 3512 1917 3578 pertinent
1941 3530 2218 3569 sacrorum
2241 3533 2362 3587 spe-

799 3610 1060 3653 ctatorem
1097 3600 1235 3660 fore,
1269 3614 1370 3653 nec
1397 3615 1459 3654 ea
1486 3603 1749 3656 duntaxat
1778 3606 1989 3660 ratione
2012 3622 2115 3675 qua
2151 3611 2360 3666 medius

800 3690 931 3741 ordo
956 3693 1020 3742 ad
1059 3689 1525 3742 sanctissimorum
1583 3701 2055 3748 sacramentorum
2116 3713 2360 3752 cominu—

803 3761 1014 3834 nionem
1047 3795 1423 3845 accessurum;
1455 3796 1642 3835 verum
1700 3783 1860 3837 etiam
1914 3787 2097 3840 divina
2147 3789 2359 3843 illorum

802 3889 921 3941 quae
977 3872 1218 3941 percepit
1268 3882 1739 3926 sacramentorum
1792 3876 2099 3943 cognitione
2141 3877 2361 3942 fretum,

804 3966 909 4016 alio
934 3964 1092 4017 modo
1115 3979 1275 4030 quam
1312 3973 1536 4016 sanctus
1556 3964 1784 4032 populus
1815 3967 1880 4018 ad
1907 3967 2100 4025 divinae
2120 3983 2362 4022 commu-

804 4056 979 4108 nionis
1007 4054 1475 4122 participationem
1516 4055 1961 4120 promoveudum.
1990 4055 2141 4109 Hanc
2176 4059 2362 4127 utique

801 4148 870 4198 ob
906 4160 1145 4204 causam,
1171 4143 1344 4196 Sacris
1366 4143 1529 4195 etiam
1567 4143 1870 4207 ordinibus,
1926 4146 2031 4198 sub.
2059 4147 2216 4200 ﬁnem
2266 4165 2360 4202 eo-

803 4240 1041 4291 rumdcm
1092 4237 1449 4290 sanctissimae
1508 4238 1953 4301 consecrationis,
2013 4241 2361 4297 divinissima:

803 4331 1144 4386 eucliaristim
1176 4327 1485 4382 eomnmnio
1513 4329 1745 4382 traditur
1773 4347 1800 4382 a
1835 4332 2090 4399 pontifice
2119 4335 2208 4402 Qui
2244 4336 2361 4390 illos

802 4425 1171 4485 consecravit;
1215 4439 1318 4474 non
1376 4423 1578 4473 ideirco
1623 4423 1817 4484 solum,
1857 4425 1998 4490 quod
2057 4426 2360 4479 divinorum

803 4515 1074 4582 perceptio
1105 4513 1485 4582 mysteriorum
1525 4514 1595 4564 sit
1627 4526 1835 4565 summa
1870 4515 2111 4581 quaedam
2139 4517 2364 4581 cujusli-

803 4608 892 4660 bet
947 4607 1295 4659 lucrari-hiem
1325 4604 1756 4680 participationis
1789 4644 1803 4665 ,
1850 4620 2034 4658 verum
2075 4609 2262 4672 etiam,
2306 4621 2363 4662 ut

801 4715 986 4750 omnes
1010 4699 1147 4750 sacri
1177 4697 1394 4748 ordines
1419 4697 1605 4762 ipsius.
1637 4699 1777 4762 quod
1821 4702 2254 4753 communicatur
2280 4703 2360 4754 di-

2541 2029 2604 2083 Ἦ
2629 2031 2686 2084 δὲ
2708 2032 2808 2102 τῆς
2839 2037 3108 2106 προτέρας
3132 2036 3355 2106 ἐσθῆτος
3378 2039 3635 2110 ἀποϐολὴ,
3661 2045 3752 2094 καὶ
3785 2043 3883 2112 τῆς
3919 2046 4029 2097 ἐτέ-

2471 2137 2568 2190 ρας
2596 2122 2775 2190 λῆψις,
2803 2125 2900 2195 τὴν
2939 2125 3045 2178 άπὸ
3072 2127 3240 2196 μέσης
3269 2131 3418 2199 ίερᾶς
3439 2128 3584 2199 ζωῆς
3605 2134 3694 2186 ἐπὶ
3717 2133 3811 2203 τὴν
3835 2136 4030 2189 τελειο-

2468 2211 2628 2282 τέραν
2657 2216 2945 2283 μετάταξιν
2978 2219 3263 2288 ἐμφαίνει,
3314 2222 3560 2293 καθάπερ
3608 2225 3696 2276 ἐπὶ
3738 2227 3834 2295 τῆς
3881 2228 4030 2297 ἱερᾶς

2469 2302 2805 2372 Θεογενεσίας
2840 2311 2871 2379 ἡ
2895 2309 3230 2380 τῆςέσθῆτος
3253 2313 3474 2383 άμειψις
3497 2315 3677 2386 ἐδήλου
3704 2316 3798 2387 τὴν
3823 2319 4025 2371 artaxa-

2469 2394 2799 2467 θαιρομένης
2823 2398 2965 2468 ζωῆς
2990 2402 3067 2464 είς
3095 2401 3431 2475 θεωρητικὴν
3457 2407 3548 2457 καὶ
3574 2410 3896 2478 φωτιστικὴν
3922 2411 4033 2475 ἔξω

2467 2487 2753 2559 ἀναγωγήν
2771 2491 2810 2542 ⁸.
2837 2491 2898 2542 El
2924 2492 2979 2544 δὲ
3005 2494 3097 2544 καὶ
3126 2493 3217 2545 νῦν
3243 2496 3270 2545 ὁ
3293 2496 3468 2566 ἱερεύς
3495 2514 3553 2548 τε
3578 2499 3670 2551 καὶ
3696 2500 3891 2562 πάντες
3918 2505 4030 2556 ὅσοι

2469 2582 2717 2652 πάρεισιν
2740 2585 2890 2654 ἱεροὶ,
2920 2585 3010 2637 τὸν
3034 2589 3413 2659 τετελεσμένον
3441 2591 3787 2654 ἀσπάζονται,
3825 2594 3924 2663 τὴν
3958 2597 4030 2648 Ξε-

2470 2673 2568 2743 ρὰν
2589 2673 2697 2724 τῶν
2723 2673 2967 2728 Θεοειδῶν
2994 2679 3245 2750 ἐννόησον
3270 2683 3569 2746 κοινωνίαν,
3599 2685 3952 2754 ἀγαπητικῶς
3978 2692 4032 2740 ἐν

2465 2764 2914 2838 εὐφροσύνῃκθείᾳ
2940 2769 3312 2840 συνηδομένων
3336 2771 3605 2844 ἀλλήλοις.

2373 3009 2508 3082 ιν.

2547 3157 2634 3213 Ἐν
2671 3161 2812 3216 τέλει
2852 3163 2908 3216 δὲ
2957 3164 3167 3217 πάντων
3208 3164 3234 3216 ὁ
3260 3163 3438 3236 ἱερεὺς
3476 3164 3565 3218 ἐπὶ
3600 3163 3696 3235 τὴν
3733 3162 4033 3235 θεαρχικὴν

2465 3252 2746 3305 κοινωνίαν
2769 3255 2922 3306 καλεῖ
2954 3255 3046 3307 τὸν
3085 3257 3496 3327 τετελεσμένον,
3534 3256 3798 3327 ἐμφαίνων
3842 3256 4031 3326 ἱερῶς,

2390 3382 2431 3439 C
2467 3341 2541 3405 ὡς
2564 3344 2591 3396 ὁ
2612 3342 2901 3409 τελεσθεὶς,
2932 3346 3090 3417 εἴπερ
3115 3347 3329 3419 ἀληθῶς
3351 3350 3439 3401 ἐπὶ
3464 3341 3559 3419 τὴν
3591 3349 3869 3418 μοναχικὴν
3900 3351 4033 3418 ἀφί-

2465 3448 2610 3486 κοιτο
2639 3435 2730 3486 καὶ
2773 3437 2974 3494 ἑνιαίαν
3021 3437 3306 3511 ἀναγωγὴν
3331 3442 3380 3506 ⁷,
3419 3443 3476 3492 οὐ
3507 3441 3824 3511 θεωρητικὸς
3863 3443 4033 3510 μόνον

2466 3523 2616 3576 ἔσται
2642 3525 2747 3578 τῶν
2774 3527 2891 3578 κατ’
2917 3529 3074 3584 αὑτὸν
3126 3531 3304 3600 ἱερῶν,
3350 3532 3466 3583 οὐδέ
3492 3530 3628 3583 κατὰ
3669 3531 3832 3601 μέσην
3869 3532 4034 3597 τάξιν

2463 3614 2554 3666 ἐπὶ
2577 3613 2673 3684 τὴν
2701 3619 2978 3670 κοινωνίαν
2995 3619 3112 3688 ἥξει
3135 3620 3241 3672 τῶν
3259 3622 3558 3691 ἱερωτάτων
3583 3638 3643 3673 συ
3652 3622 3870 3691 μὸὀλων,
3889 3623 4034 3676 ἀλλὰ

2467 3705 2606 3774 μετά
2633 3706 2779 3770 θείας
2793 3707 2899 3760 τῶν
2916 3711 3006 3761 ὑπ’
3030 3709 3191 3762 αὑτοῦ
3220 3712 3588 3780 μετεχομένων
3605 3710 3756 3781 ίερῶν
3773 3709 4033 3779 γνώσεως

2462 3797 2631 3866 ἑτέρῳ
2653 3798 2835 3868 τρόπῳ
2863 3800 3010 3870 παρὰ
3031 3801 3120 3853 τὸν
3147 3801 3286 3871 ἱερὸν
3313 3801 3436 3853 λαὸν
3472 3804 3561 3854 ἐπὶ
3594 3803 3688 3872 τὴν
3729 3801 4034 3872 μετάληψιν

2463 3887 2580 3956 ἥξει
2607 3889 2707 3958 τῆς
2735 3889 3024 3961 θεαρχικῆς
3047 3894 3346 3955 κοινωνίας.
3365 3894 3453 3946 Διὸ
3475 3895 3566 3946 καὶ
3590 3897 3704 3955 ταῖς
3723 3895 3866 3963 ἱερατ
3881 3898 4033 3958 ικαίς

2461 3981 2698 4045 τάξεσιν,
2717 3983 2772 4033 ἐν
2789 3987 2908 4045 ταῖς
2935 3984 3378 4053 ίεροτελεστικαῖς
3395 3984 3569 4037 αὐτῶν
3595 3984 3954 4053 ἁγιαστείαις,
3977 3989 4034 4038 ὲν

2461 4072 2602 4125 τέλει
2623 4073 2727 4125 τῶν
2753 4075 3057 4144 ἱερωτάτων
3083 4077 3258 4128 αὐτῶν
3283 4077 3655 4149 ἀφιερώσεων,
3681 4077 3826 4147 ήτῆς
3852 4079 4032 4145 ἁγιω-

2461 4164 2627 4233 τάτης
2653 4165 2994 4235 εὐχαριστίας
3038 4169 3286 4220 κοινωνία
3316 4168 3645 4238 μεταδίδοται
3663 4170 3792 4238 πρὸς
3818 4169 3913 4221 τοῦ
3945 4188 4032 4222 τε-

2461 4253 2711 4316 λέσαντος
2735 4254 2898 4316 αὑτάς
2923 4257 3204 4326 ἱεράρχου’
3241 4259 3292 4308 σὺ
3341 4258 3498 4326 μόνον
3535 4258 3613 4309 ὅτι
3665 4257 3768 4308 τῶν
3809 4258 4031 4329 θεαρχι-

2461 4343 2572 4395 κῶν
2603 4348 2912 4416 μυστηρίων
2940 4349 2970 4417 ἡ
3000 4347 3290 4418 μετάληψις
3312 4349 3543 4418 ἑκάστης
3568 4349 3881 4418 ίεραρχικῆς
3908 4350 4028 4418 μεθ-

2463 4434 2626 4500 έξεώς
2650 4438 2761 4488 ἐστι
2803 4439 2862 4489 τὸ
2901 4439 3210 4507 κεφάλαιον,
3236 4439 3348 4491 ἀλλ’
3374 4440 3456 4491 ὅτι
3479 4439 3570 4492 καὶ
3607 4439 3774 4505 αὐτῆς
3797 4440 3896 4507 τῆς
3922 4458 4030 4492 κοι-

2462 4531 2693 4597 νωνικῆς
2715 4533 2808 4582 καὶ
2835 4532 3109 4600 θειοτάτης
3127 4533 3146 4562 ⁸
3165 4533 3369 4602 δωρεᾶς
3391 4532 3664 4598 ἀναλόγως
3691 4532 3876 4592 αὑταῖς
3907 4534 4026 4584 καθ’

2464 4620 2696 4691 ἑκάστην
2735 4623 2786 4672 αἱ
2817 4623 2955 4691 ἱεραὶ
3000 4624 3168 4674 πᾶσαι
3215 4622 3396 4687 τάξεις
3444 4621 3721 4690 μετέχουσι
3750 4619 3883 4688 πρὸς
3931 4623 4026 4690 τὴν

2463 4712 2663 4763 οἰκείαν
2686 4712 2861 4763 αὐτῶν
2883 4715 2978 4783 τῆς
3007 4713 3249 4775 Θεώσεως
3274 4716 3293 4745 ³
3319 4714 3602 4782 ἀναγωγὴν
3620 4713 3709 4763 καὶ
3728 4711 4022 4763 τελείωσιν.

802 4790 1061 4840 νίιιὶδκιιιιί
1098 4790 1335 4840 muneris
1360 4803 1457 4854 pro
1478 4800 1637 4854 captu
1656 4804 1751 4841 suo
1767 4791 2056 4858 participes
2079 4793 2361 4856 exsistant,

2472 4803 2735 4870 Συνῆκται
2759 4804 2936 4856 τοίνυν
2961 4805 3107 4872 ἡμῖν,
3133 4803 3204 4865 ὡς
3224 4806 3272 4855 αἱ
3304 4804 3399 4873 μὲν
3424 4805 3570 4870 ἅγιαι
3595 4800 3801 4851 τελεταὶ
3828 4800 4018 4868 κάθαρν

804 4883 868 4933 ad
898 4897 1007 4932 suae
1039 4880 1397 4932 deiﬁcationis
1456 4883 1850 4946 promotionem
1886 4894 2045 4950 atque
2073 4886 2366 4952 perfectio-

805 4989 947 5024 nmn.
980 4970 1301 5024 Conclusum
1329 4971 1536 5037 igitnra
1565 4972 1717 5024 nobis
1741 4975 1882 5039 quod
1912 4985 2115 5029 sancta:
2146 4979 2360 5045 quidem

805 5063 1139 5112 initiationes
1181 5061 1287 5112 sint
1312 5060 1574 5126 expiatio,
1599 5069 1650 5112 et
1678 5062 2027 5127 illuminatio,
2079 5077 2133 5119 et
2185 5069 2363 5135 perfe-

804 5166 946 5213 t'lltl;
982 5154 1211 5204 ministri
1242 5168 1368 5205 vero
1392 5152 1502 5203 sint
1531 5155 1739 5206 ordinis
1767 5155 2077 5219 expiatorii,
2108 5162 2362 5212 sacerdo-

805 5258 885 5295 tes
916 5243 1072 5311 253
1095 5243 1436 5306 illustrantis,
1471 5245 1752 5311 pontiﬁces
1789 5246 2017 5312 denique
2046 5249 2357 5312 deiforiues,

803 5342 1242 5391 rmaunnuantis.
1287 5339 1428 5392 Ordo
1466 5348 1646 5392 autem
1674 5343 1763 5408 qui
1799 5343 2048 5407 expiatur
2076 5359 2354 5398 sacrorum

805 5441 1019 5494 .t>pL'L'lll
1048 5440 1208 5498 atque
1235 5431 1612 5484 communione
1639 5431 1934 5485 frustratur
1963 5473 1977 5497 ,
2005 5438 2145 5502 quoii
2183 5439 2357 5492 adhuc

2471 4893 2552 4954 σίς
2579 4894 2680 4943 εἰσι
2708 4895 2800 4945 καὶ
2827 4894 3100 4962 φωτισμὸς
3125 4895 3217 4946 καὶ
3242 4895 3513 4955 τελείωσις
3533 4910 3546 4921 ·
3574 4894 3619 4943 οἱ
3645 4891 3698 4942 δὲ
3724 4891 4022 4960 λειτουργοὶ

2469 4986 2770 5056 καθαρτικὴ
2793 4987 2960 5051 τάξις,
2988 4990 3032 5037 οἱ
3060 4987 3115 5037 δὲ
3158 4988 3318 5054 ἱερεῖς
3364 4985 3654 5054 φωτιστική
3678 4999 3689 5011 ·
3739 4983 4019 5049 τελεστικὴ

2466 5078 2520 5128 δέ
2547 5080 2592 5128 οἱ
2619 5078 2864 5140 Οεοειδεῖς
2889 5081 3155 5149 ἱεράρχαι.
3184 5077 3560 5148 Καθαιρομὲνη
3587 5075 3641 5125 δέ
3669 5073 3816 5135 τάξις
3841 5076 3872 5140 ἡ
3926 5073 4019 5140 τῆς

2467 5171 2616 5238 ἱερᾶς
2644 5170 2868 5236 ἐποψίας
2896 5172 2987 5221 καί
3013 5171 3290 5231 κοινωνίας
3316 5168 3595 5237 ἀμέτοχος,
3621 5165 3694 5226 ὡς
3718 5165 3795 5214 ἔτι
3835 5163 4009 5218 καῡαι-

2468 5261 2684 5330 ρομένη.
2705 5261 3016 5331 Θεωρητικὴ
3040 5261 3092 5311 δέ
3110 5261 3257 5323 τάξις
3277 5263 3303 5312 ὁ
3325 5260 3461 5330 ἱερὸς
3483 5258 3623 5318 λαός·
3653 5255 4014 5321 Τετελεσμένίὶ

2465 5352 2518 5403 δὲ
2546 5352 2693 5415 τάξις
2720 5354 2750 5420 ἡ
2780 5352 2885 5401 τῶν
2939 5352 3148 5402 ὲνιαίων
3187 5350 3444 5420 μοναχῶν.
3489 5347 3641 5398 Οὒτω
3680 5344 3789 5413 γάρ
3825 5347 3855 5411 ἡ
3898 5341 4014 5441 καίῖ

2467 5442 2606 5507 ἡμᾶς
2637 5440 2901 5509 ἱεραρχία,
2927 5442 3044 5501 ταῖς
3068 5439 3472 5508 Οεοπαραδότοις
3498 5435 3710 5501 τάξεσιν
3738 5436 3896 5501 ἰερως
3934 5447 4014 5481 ευρ

2064 5575 2295 5628 VARUE
2333 5575 2733 5632 LECTlONES.

876 5724 892 5736 ⁷
929 5746 974 5791 ,λ’
1009 5747 1088 5778 λῖέ
1124 5747 1148 5775 .2
1191 5746 1251 5789 .g.
1292 5729 1363 5777 ili
1417 5726 1473 5777 l'.
1575 5730 1592 5754 θ
1621 5727 1711 5779 7.1".
1744 5730 2043 5798 ἀνα-,(ινίιξν,
2076 5731 2171 5781 illi.

809 5799 887 5843 zu."
923 5783 1061 5854 ίθ-εχ,
1119 5803 1171 5846 it.
1256 5800 1273 5818 °
1312 5799 1526 5857 θέτεως.
1570 5797 1632 5848 Μ.
1669 5801 1719 5850 5.

2254 5729 2270 5756 ⁷
2296 5729 2550 5798 ἀ,ἱκετο,
2579 5740 2626 5784 ei
2659 5731 2896 5802 ἀγωγήν,
2927 5730 2983 5785 θα
3019 5728 3073 5784 δ·
3100 5740 3152 5783 εί
3189 5728 3335 5786 Vicn'

3436 5728 3457 5760 ⁸
3481 5725 3781 5791 κοινωνίας,
3810 5726 3904 5779 Lb.
3941 5722 4003 5777 Β.
