4178 6312
248 396 352 452 537

925 391 1010 444 DE
1051 391 1331 446 ECCLES.
1373 388 1767 452 IilERARCH.,
1804 390 1958 448 CAP.
1998 391 2083 444 Vl.
2120 421 2184 430 —
2224 388 2542 445 CORDERII
2573 385 2800 442 NOTAE.

3368 384 3468 447 558

247 504 568 575 Θετουμένη,
594 508 714 568 ταῖς
739 505 1008 574 οὐρανίαις
1047 503 1343 574 ἰεραρχίαις
1380 503 1626 574 ὁμοειδής
1664 505 1811 562 ἐστι,
1844 511 1888 565 Α

1810 547 1811 554 η
1844 511 1888 565 Α
1917 504 2209 572 expiationi
2243 514 2414 560 vacet.
2453 504 2595 558 Ordo
2628 514 2808 557 autem
2865 501 2950 555 cui
2983 514 3266 554 sacrorum
3315 516 3460 566 aspe-

244 602 372 662 τοὺς
387 598 746 668 Θεομιμήτους
767 597 934 664 αὐτῆς
955 597 1029 658 ὡς
1046 597 1101 649 ἐν
1117 596 1371 666 ἀνδράσιν
1396 593 1750 658 ἀποσώξουσα
1770 597 1810 627 ¹⁰

245 690 342 742 καὶ
369 689 613 750 Θεοειδείς
638 687 881 756 χαρακτῆ
890 703 1006 756 ρας.

1919 607 2036 649 ctus
2087 594 2411 662 indulgetur,
2469 596 2588 664 pius
2640 603 2724 648 est
2768 593 3017 663 populus.
3079 591 3227 646 Ordo
3285 599 3465 643 autem

1918 686 2189 752 perfectus
2232 697 2314 740 est
2344 687 2700 756 Singularium
2754 685 3164 738 monachorum.
3197 681 3275 736 lta
3321 685 3466 736 enim

245 780 556 834 hierarchia
613 788 794 831 nostra
821 779 1102 830 ordinibus
1133 793 1161 830 a
1192 777 1302 830 Deo
1332 775 1549 829 traditis
1606 783 1789 828 sancte
1833 774 2064 844 digesta,
2096 774 2388 828 conformis
2431 786 2515 829 est
2569 774 2882 830 caelestibus
2939 772 3289 836 bierarchiis,
3343 773 3464 826 dum

243 868 536 924 deiformes
581 876 736 921 notas
763 867 1021 936 signaque
1058 867 1220 920 Deum
1244 864 1604 933 exprimentia
1639 879 1734 931 pro
1772 864 1977 920 viribus
1999 872 2306 918 conservat.

1792 1021 1819 1097 ς
1853 1020 1961 1081 Vl.

311 1165 448 1217 Ἀλλ’
472 1167 635 1237 ἐρεῖς,
657 1167 738 1219 ὅτι
760 1167 876 1229 ταῖς
898 1165 1170 1237 οὐρανίαις
1189 1165 1486 1236 ίεραρχίαις
1503 1164 1802 1217 ἐλλείπουσι

238 1258 458 1320 πάντως
485 1261 539 1310 αἱ
567 1259 957 1329 καθαιρόμεναι
977 1259 1155 1324 τάξεις
1183 1259 1262 1328 (οὐ
1286 1258 1394 1327 γὰρ
1427 1257 1662 1327 Θεμιτὸν,
1685 1257 1806 1308 οὐδὲ

236 1348 437 1418 ἀληθὲς
460 1352 650 1408 εἰπεῖν,
680 1350 752 1411 ὡς
782 1349 895 1402 ἐστι
928 1367 1011 1412 τις
1034 1350 1258 1419 οὐρανία
1294 1350 1644 1418 διακόσμησις
1682 1351 1806 1399 ἐνα-

236 1438 394 1506 γής)·
419 1437 526 1504 ἐγὼ
547 1439 622 1500 δὲ,
650 1439 729 1491 ὅτι
758 1439 853 1508 μὲν
880 1438 1145 1510 ἁλώδητω
1174 1438 1448 1502 παντελῶς
1471 1440 1595 1501 είσι,
1624 1437 1717 1490 καὶ
1742 1435 1802 1488 τὸ

236 1530 506 1595 πάναγνον
524 1530 899 1600 ὐπερκοσμίως
917 1529 1145 1598 ἔχουσιν,
1163 1529 1393 1600 ὁμολογή
1402 1545 1552 1597 σαιμι
1565 1529 1799 1588 πάντως,

235 1621 285 1671 εί
319 1621 391 1690 μὴ
427 1622 698 1684 παντελῶς
722 1622 1048 1691 ἀποπέσοιμι
1085 1621 1179 1674 τοῦ
1221 1622 1511 1690 ἱερωτάτου
1554 1619 1689 1681 νοός.
1736 1619 1798 1670 Ei

232 1714 346 1782 γάρ
369 1730 451 1774 τις
479 1714 652 1765 αὐτῶν
679 1714 780 1765 ὐπὸ
801 1715 996 1774 κακίας
1019 1713 1179 1777 ἑάλω,
1196 1713 1293 1783 τῆς
1320 1714 1415 1783 μὲν
1438 1711 1686 1782 οὐρανίας
1704 1711 1797 1762 καὶ

1979 1161 2084 1216 Sed
2117 1161 2362 1231 objicies,
2393 1161 2444 1214 in
2473 1161 2782 1216 cmlestibus
2805 1163 3133 1220 bierarcliiis
3186 1181 3292 1219 non
3347 1179 3466 1220 esse

1907 1253 2125 1308 ordines
2154 1252 2243 1319 qui
2269 1253 2554 1318 expientur
2582 1251 2759 1320 (nefas
2787 1255 2927 1306 enim
2951 1265 3003 1307 et
3043 1254 3236 1309 falsum
3264 1266 3348 1308 est
3385 1256 3466 1308 di-

1907 1357 2052 1404 cere,
2083 1342 2360 1395 ctelestem
2389 1343 2699 1410 quampiam
2741 1343 3141 1398 distinctionem
3194 1359 3312 1398 esse
3344 1360 3464 1397 scc-

1908 1433 2004 1485 leri
2029 1431 2380 1497 obnoxiam);
2413 1445 2512 1499 ego
2539 1448 2688 1494 vero,
2726 1433 2827 1486 nisi
2869 1450 2897 1486 a
2925 1436 3270 1487 sanctissima
3306 1451 3452 1502 pror-

1907 1540 1997 1580 sus
2023 1533 2201 1577 mente
2233 1525 2505 1590 aberrem,
2543 1525 2766 1578 omnino
2812 1523 3161 1589 allirmarim,
3215 1529 3465 1580 caelestes

1907 1619 2173 1673 essentias
2203 1632 2322 1671 esse
2349 1619 2560 1686 penitus
2612 1618 3003 1678 iinmaculatas,
3065 1628 3226 1688 atque
3271 1635 3463 1688 supra-

1907 1709 2168 1762 mundiali
2201 1709 2360 1763 modo
2391 1722 2606 1762 omnem
2636 1708 2831 1761 habere
2858 1709 3167 1776 puritatem.
3218 1707 3351 1761 Nam
3413 1725 3460 1762 si

231 1803 467 1873 ἀμιγοῦς
503 1803 886 1856 ἀποπεπτώκει
926 1803 1034 1856 τῶν
1060 1803 1216 1855 θείων
1250 1803 1384 1855 νοῶν
1404 1800 1689 1872 ἁρμονίας,
1724 1801 1800 1862 εἰς
1833 1813 1874 1866 Β

1833 1813 1874 1866 Β
1903 1816 2022 1870 quae
2055 1802 2108 1855 in
2137 1801 2326 1854 vitium
2360 1800 2610 1869 prolapsa
2633 1800 2722 1866 sit,
2759 1801 3016 1853 continuo
3053 1800 3218 1852 etiam
3245 1815 3274 1852 a
3297 1799 3459 1852 coele-

231 1895 333 1965 τὴν
377 1893 598 1965 ἀλαμπῆ
635 1894 822 1949 δὲτῶν
866 1892 1530 1964 ἀποστατικῶννπληθύων
1579 1891 1800 1961 ἐφέρετο

231 1984 458 2038 πτῶσιν.
505 1985 643 2038 Ἀλλ’
663 1987 807 2040 ἐστιν
840 1989 1010 2040 εἰπεῖν
1062 1986 1218 2056 ίερῶς
1270 1987 1362 2037 ἐπὶ
1402 1986 1498 2054 τῆς
1544 1984 1799 2054 οὐρανίας

232 2076 533 2147 ίεραρχίας,
571 2078 650 2130 ὃτι
676 2077 937 2149 κάθαρσις
960 2081 1075 2131 ἐστι
1099 2081 1215 2141 ταῖς
1252 2075 1567 2146 ὑφειμέναις
1593 2073 1799 2135 οὐσίαις

227 2168 262 2233 ἡ
295 2163 448 2234 παρά
475 2164 607 2216 Θεοῦ
643 2165 750 2217 τῶν
795 2167 932 2229 τέως
970 2167 1342 2236 ἀγνοουμένων
1379 2165 1668 2234 ἐλλαμψις,
1708 2164 1798 2216 ἐπὶ

225 2253 570 2326 τελειοτέραν
608 2257 771 2320 αὐτὰς
813 2259 1120 2328 ἐπιστήμην
1143 2258 1346 2325 ἄγουσα
1367 2257 1472 2308 τῶν
1497 2253 1798 2326 Θεαρχικῶν

225 2343 513 2413 γνώσεων,
557 2349 648 2400 καὶ
684 2348 780 2418 τῆς
819 2349 1038 2416 ἀγνοίας
1077 2345 1151 2403 ῶν
1190 2347 1340 2400 οῦπω
1364 2347 1462 2418 τὴν
1493 2348 1795 2416 ἐπιστήμην

224 2431 410 2505 εἶχον,
459 2432 567 2490 οἷον
610 2441 649 2468 ¹¹
688 2440 1128 2511 ἀποκαθαίρουσα
1165 2440 1252 2493 διὰ
1288 2437 1395 2491 τῶν
1430 2437 1658 2508 πρώτων
1703 2439 1796 2490 καὶ

225 2526 514 2598 Θειοτέρων
554 2530 748 2583 οὐσιῶν
772 2531 1124 2601 ἶάναγομὲνας
1159 2532 1238 2593 εἰς
1278 2529 1376 2592 τὰς
1425 2529 1722 2599 ὑπερτέρας
1753 2529 1793 2558 ¹¹

222 2620 336 2672 τῶν
363 2619 624 2692 θεοπιῶν
654 2621 695 2651 ¹³
719 2623 812 2673 καὶ
858 2623 1155 2693 φανοτὲρας
1209 2621 1574 2692 μαρμαρυγὰς
1600 2637 1611 2648 °
1653 2619 1793 2672 οὕτω

224 2713 323 2765 καί
348 2711 704 2781 φωτιζόμεναι
728 2712 908 2776 τάξεις
935 2715 1039 2765 eici.
1065 2714 1150 2764 xuii
1188 2712 1523 2780 τελούμεναι,
1567 2709 1660 2760 καὶ
1697 2725 1795 2760 κα-

223 2801 498 2869 θαρτικαὶ,
526 2820 616 2855 και
643 2804 979 2870 φωτιστικαὶ,
999 2805 1091 2855 καί
1109 2803 1411 2855 τελεστικαὶ
1430 2801 1566 2854 κατά
1583 2800 1677 2871 τὴν
1700 2801 1794 2852 οὐ·

227 2893 416 2963 ρανίαν
442 2894 737 2964 ἱεραρχξαν,
755 2894 828 2956 ὡς
843 2894 947 2945 τῶν
964 2895 1276 2964 ὐπερτάτων
1292 2895 1384 2946 καὶ
1411 2891 1692 2962 Θειοτέρων
1712 2891 1798 2943 οὐ-

224 2982 490 3044 σιῶν,τάς
511 2983 802 3052 ὐφειμὲνας
829 2983 978 3052 ἱερὰς
1005 2983 1095 3035 καὶ
1125 2983 1377 3053 οὐρανίας
1409 2981 1791 3050 διακοσμήσεις

222 3073 445 3139 ἀγνοίας
484 3072 583 3142 μὲν
607 3071 821 3141 ἁπάσης
848 3071 1330 3143 ἀποκαθαιρουσῶν
1360 3070 1437 3140 (ἐν
1465 3070 1647 3134 τάξεσι
1695 3072 1789 3123 καὶ

1903 1897 1970 1951 sti
1996 1895 2080 1949 illa
2112 1893 2508 1964 purissimaque
2537 1892 2842 1946 divinarum
2872 1893 3133 1946 mentium
3179 1893 3460 1946 harmonia

1903 1989 2119 2053 deiecit,
2151 1995 2204 2038 et
2249 1986 2316 2038 ad
2349 1986 2636 2039 obscuram
2667 1984 2974 2054 apostatica:
3034 1987 3202 2039 turba:
3250 1987 3458 2038 ruinam

1900 2079 2152 2148 pertinet.
2186 2077 2384 2132 Sancte
2417 2084 2594 2127 tamen
2619 2073 2780 2128 etiam
2814 2074 2970 2128 fateri
3001 2075 3178 2140 liceat,
3210 2076 3260 2129 in
3291 2079 3462 2130 coele-

1899 2169 1966 2222 sti
2015 2168 2344 2234 hierarchia,
2389 2181 2569 2219 rerum
2617 2181 2753 2234 quas
2799 2166 3066 2220 hactenus
3118 2168 3457 2236 ignorarunt,

1902 2258 2317 2312 illustrationem
2363 2256 2708 2312 inferioribus
2749 2257 2959 2309 naturis
3001 2270 3120 2310 esse
3168 2259 3458 2325 quamdam

1899 2349 2046 2403 velut
2075 2349 2436 2416 expiationem
2460 2388 2475 2409 ,
2527 2363 2630 2416 qua
2666 2360 2720 2400 et
2761 2347 2828 2400 ad
2867 2345 3244 2414 perfectiorem
3281 2364 3458 2401 rerum

1899 2440 2200 2493 divinarum
2229 2440 2512 2494 scientiam
2545 2439 2908 2502 adducuntur,
2942 2447 2996 2492 et
3019 2453 3048 2492 a
3081 2453 3259 2492 rerum
3287 2478 3302 2503 ,
3333 2455 3460 2507 qna-

1895 2546 2014 2583 rum
2049 2531 2312 2584 hactenus
2354 2530 2584 2584 scientia
2612 2539 2926 2592 caruerunt,
2957 2529 3294 2597 ignoratione
3319 2545 3459 2598 quo-

1897 2621 2181 2676 dammodo
2222 2631 2538 2690 purgantur,
2560 2619 2689 2673 dum
2723 2636 2750 2674 a
2777 2621 2976 2689 primis
3004 2630 3057 2674 et
3095 2623 3458 2678 divinioribns

1896 2712 2150 2768 essentiis
2202 2713 2268 2766 ad
2317 2711 2667 2766 sublimiores
2722 2710 3090 2780 clarioresque
3148 2713 3453 2766 divinarum

1895 2801 2406 2872 contemplationum
2435 2802 2824 2878 illustrationes
2845 2815 3266 2870 promoventur:
3297 2815 3457 2870 atque

1897 2895 1967 2947 ita
2000 2896 2052 2947 in
2105 2894 2313 2948 caelesti
2365 2893 2681 2948 hierarchia
2718 2895 2882 2949 etiam
2930 2894 3149 2947 ordines
3202 2902 3325 2948 sunt
3363 2897 3456 2963 qui

1894 2984 2237 3039 illustrantur
2269 2996 2324 3039 et
2356 2987 2446 3054 qui
2499 2985 2883 3054 perficiuntur,
2912 2984 3054 3039 sicut
3078 2985 3165 3051 qni
3201 2995 3452 3053 purgant,

1893 3084 1948 3130 et
1977 3076 2070 3144 qui
2102 3075 2399 3141 illustrant,
2425 3086 2478 3131 et
2506 3079 2596 3147 qui
2633 3079 2962 3146 perﬁciunt;
2999 3079 3076 3132 sie
3136 3090 3192 3131 iit
3224 3089 3452 3138 naturai,

223 3162 535 3228 ἀναλογίαις
568 3164 674 3216 τῶν
699 3163 959 3235 οὐρανίων
986 3162 1317 3234 ἱεραρχιῶν),
1366 3162 1685 3232 πληρουσῶν
1734 3161 1789 3216 δὲ
1819 3160 1863 3220 C

1819 3160 1863 3220 C
1894 3180 2011 3235 qua:
2042 3181 2305 3233 suprema:
2361 3183 2424 3220 ac
2469 3169 2683 3222 caeteris
2717 3169 3036 3234 diviniores,
3065 3169 3451 3223 subordinatas

222 3254 392 3317 αὐτὰς
418 3254 523 3306 τῶν
551 3255 832 3308 Θειατάτων
860 3255 1173 3324 ἐλλάμψεων
1199 3293 1212 3317 ,
1266 3256 1356 3306 καὶ
1390 3252 1708 3306 τελειουσῶν
1749 3253 1791 3284 ¹⁸

222 3347 284 3397 ἐν
304 3349 369 3415 τῇ
390 3348 768 3417 παναγεστάτῃ
789 3347 896 3399 τῶν
918 3345 1220 3416 Θεαρχικῶν
1235 3347 1470 3415 νοήσεων
1491 3344 1790 3416 ἐπιστήμῃ.

222 3439 332 3491 Καὶ
373 3438 478 3508 γὰρ
503 3439 600 3509 ἤδη
648 3437 782 3510 πρὸς
831 3437 986 3508 ὴμῶν
1032 3439 1264 3508 εἴρηται,
1311 3439 1403 3490 καὶ
1447 3438 1556 3498 τοῖς
1597 3435 1792 3503 λογίοις

222 3527 458 3591 θειωδῶς
481 3531 521 3560 ¹⁸
548 3529 912 3598 διηγόρευται,
937 3523 1004 3580 τὸ
1025 3529 1097 3598 μὴ
1121 3527 1320 3590 ταύτάς
1343 3524 1480 3579 εἶναι
1505 3527 1680 3589 πάσας
1695 3526 1791 3588 τάς

219 3619 480 3690 οὐρανίας
525 3621 929 3691 διακοσμήσεις,
977 3620 1034 3670 ἐν
1061 3619 1260 3680 πάσαις
1306 3620 1426 3679 ταῖς
1471 3620 1640 3688 ίεραῖς
1681 3616 1788 3668 τῶν

220 3705 520 3757 θεοπτικῶν
553 3705 864 3775 ἐλλάμψεων
899 3705 1255 3776 ἐπιστήμαις·
1287 3704 1399 3756 ἀλλ’
1427 3707 1490 3756 ἐκ
1527 3704 1660 3756 Θεοῦ
1691 3706 1787 3774 μὲν

218 3795 440 3864 ἀμέσως
485 3795 582 3857 τὰς
608 3795 847 3866 πρώτας,
873 3796 944 3847 δι’
971 3777 1192 3848 ἐκείνων
1221 3797 1262 3826 ί⁶
1297 3795 1352 3847 δέ
1376 3795 1536 3846 πάλιν
1562 3795 1624 3846 ἐκ
1650 3794 1783 3846 Θεοῦ

217 3885 316 3947 τάς
343 3887 656 3956 ὐφειμένας,
679 3887 949 3956 ἀναλόγως
968 3889 1157 3950 αὐταῖς
1174 3885 1541 3956 ἐλλάμπεσθαι
1563 3885 1663 3949 τάς
1684 3903 1786 3955 φα-

219 3977 446 4040 νοτάτας
471 3978 566 4048 τῆς
600 3977 891 4048 θεαρχικῆς
916 3979 1126 4039 ἀκτῖνος
1154 3978 1350 4043 αὐγάς.

1889 3258 1991 3310 sibi
2023 3272 2204 3311 sacras
2227 3273 2292 3312 ac
2319 3258 2566 3313 caelestes
2614 3259 3003 3314 adornationes
3052 3260 3120 3313 ab
3150 3262 3295 3314 omni
3337 3261 3455 3329 qui-

1890 3347 2009 3401 dem
2042 3336 2385 3418 ignoratione
2409 3351 2608 3419 (modis
2634 3352 2844 3406 scilicet
2864 3353 3181 3408 ccelestibus
3200 3353 3316 3406 istis
3341 3354 3455 3406 bie-

1891 3441 2122 3493 rarchiis
2150 3443 2592 3512 accommodatis)
2619 3453 2864 3512 purgent;
2892 3444 3286 3512 impleantvero
3311 3445 3453 3513 ipsas

1890 3530 2242 3585 divinissimis
2300 3531 2796 3598 illustrationibus,
2855 3533 3250 3603 perﬁciantque
3290 3534 3449 3602 liqui-

1894 3617 2118 3670 dissima
2153 3619 2458 3672 divinarum
2496 3621 2978 3690 intelligentiarum
3029 3625 3275 3677 scientia.
3321 3623 3450 3676 Ete-

1893 3710 2002 3760 nim
2026 3710 2136 3778 jani
2170 3726 2198 3762 a
2228 3711 2384 3765 nobis
2406 3712 2606 3766 dictum
2637 3724 2756 3778 est,
2780 3724 2835 3768 et
2873 3716 2940 3767 ab
2976 3715 3205 3784 eloquiis
3251 3715 3449 3768 divinis

1892 3802 2322 3866 pronuntiatum,
2383 3819 2489 3857 non
2530 3806 2745 3860 easdem
2792 3822 2912 3861 esse
2959 3821 3146 3860 omnes
3202 3806 3448 3860 cwlestes

1889 3891 2309 3958 descriptiones.
2342 3911 2515 3963 neque
2547 3913 2706 3966 pares
2734 3899 2787 3952 in
2833 3899 3082 3952 omnibus
3125 3900 3242 3952 istis
3275 3899 3448 3951 sacris

1890 3981 2193 4036 divinarum
2221 3986 2642 4041 illustrationum
2670 3991 2933 4052 scientiis,
2959 3992 3052 4044 sed
3085 4004 3148 4042 ex
3181 3991 3289 4044 Deo
3315 3990 3443 4057 qllj-

219 4069 341 4121 dem
371 4069 682 4122 immediate
706 4071 926 4138 primas,
964 4084 1058 4137 per
1113 4070 1231 4122 illas
1261 4079 1437 4122 autem
1467 4084 1681 4122 rursum
1729 4084 1795 4123 ex
1831 4070 1938 4126 Deo
1974 4073 2285 4142 inferiores,
2320 4093 2419 4146 pro
2443 4080 2677 4149 ipsarum
2730 4082 2946 4134 modulo
2990 4093 3044 4136 et
3105 4091 3260 4150 captu
3309 4081 3445 4135 luci-

219 4161 457 4216 dissimis
485 4163 650 4215 divini
681 4163 818 4215 radii
845 4162 1225 4230 splendoribus
1259 4161 1578 4215 illuminari.

1277 4465 1439 4538 254
1486 4465 2009 4524 ADNOTATIONES
2066 4465 2409 4524 CORDERII.

290 4599 454 4653 Parte
492 4597 683 4667 prima,
717 4597 743 4668 §
772 4597 810 4651 ι.
837 4599 1072 4676 Dicimus
1101 4598 1262 4667 igitur
1288 4598 1649 4676 ordiriesi’llos
1671 4601 1760 4668 qui
1792 4601 2093 4668 expiantur,
2123 4611 2230 4658 etc.
2262 4602 2425 4676 Nota,
2441 4605 2882 4676 catechumenos,
2906 4618 3243 4676 peccatores,
3271 4612 3436 4669 ener-

217 4683 478 4738 gumenos
520 4677 572 4721 et
603 4679 940 4738 pteiiitentes,
979 4672 1052 4722 uti
1080 4683 1239 4736 supra
1269 4683 1386 4736 cap.
1427 4669 1459 4721 5
1491 4670 1820 4722 declaratum
1845 4681 1947 4734 est,
1987 4687 2015 4724 a
2052 4687 2222 4725 sacris
2251 4675 2451 4736 arceri,
2505 4675 2678 4727 donec
2733 4692 2762 4727 a
2817 4669 3062 4733 dia-conis
3096 4669 3438 4738 sullicienter

221 4736 423 4792 fuerint
468 4739 688 4818 egpiati.
723 4736 852 4818 ξίφη]
887 4740 990 4818 (uti
1015 4755 1076 4792 ex
1108 4739 1209 4791 hoc
1235 4741 1352 4818 loco
1378 4740 1610 4818 Dionysii
1638 4741 1789 4792 docet
1818 4741 1874 4793 S.
1898 4740 2164 4818 _'l‘lio_tnas.
2202 4751 2447 4818 parteiii
2475 4783 2488 4804 ,
2518 4745 2813 4818 quaestione
2847 4748 2934 4812 6i,
2963 4760 3068 4802 art.
3112 4752 3161 4811 l,
3203 4755 3267 4802 ad
3300 4754 3347 4818 l,
3383 4736 3435 4808 et

219 4819 430 4892 quiest.
472 4809 558 4884 lii,
591 4817 693 4892 art.
729 4809 818 4892 l__),
848 4812 914 4861 ad
944 4809 1196 4892 diaconos
1222 4811 1521 4892 pertinebat
1560 4810 2060 4892 Intuitusuexpiamli,
2096 4811 2145 4864 id
2186 4809 2270 4863 est
2293 4809 2548 4892 ,Iejicere
2589 4809 2927 4879 immundos,
2955 4829 3009 4892 et
3043 4809 3227 4873 lideles
3257 4809 3436 4892 dispo-

231 4893 385 4955 mare
421 4878 1051 4955 peradmonitiones,_ut
1079 4893 1106 4929 a
1139 4880 1508 4955 sacerdotibus
1541 4878 1732 4955 deinde
1758 4880 2144 4955 illuminentnr,
2167 4897 2241 4955 ac
2273 4878 2430 4948 digne
2481 4894 2818 4937 sacramenta
2853 4878 3172 4955 suscipiant.

292 4945 320 5015 ᾗ
349 4946 407 5000 ll.
452 4947 653 4999 Medius
701 4958 870 4999 autem
892 4949 1047 5009 ordo,
1081 4959 1189 4999 etc.
1225 4949 1476 5014 lntelligit
1505 4948 1748 5000 ordinem
1776 4950 2058 5010 laicorum,
2087 4953 2176 5017 qui
2213 4945 2483 5017 baptismo
2520 4963 2728 5005 tantum
2764 4957 2958 5009 initiati
2984 4945 3108 5010 sunt
3141 4976 3154 5011 :
3201 4961 3251 5014 hi
3282 4965 3426 5018 enim

222 5018 384 5095 medii
417 5026 542 5068 sunt
590 5020 739 5095 inter.
757 5022 1168 5095 catechumenos
1192 5018 1280 5084 qui
1305 5029 1602 5085 purgantur
1629 5019 1693 5067 ad
1727 5020 2080 5095 baptismum,
2115 5030 2168 5072 et
2198 5023 2336 5095 inter
2380 5026 2849 5095 communicantes
2901 5027 2992 5094 qui
3043 5031 3421 5095 perliciuntur.

224 5085 379 5157 Hunc
407 5097 584 5138 autem
629 5087 868 5138 ordinem
901 5088 1069 5154 plebis
1099 5096 1295 5138 sancta:
1333 5099 1512 5157 _vocat
1561 5095 1614 5138 et
1661 5085 2127 5155 contemplativae;
2171 5092 2294 5157 quia
2362 5094 2614 5143 nimirum
2672 5096 2736 5145 ad
2789 5085 3085 5149 contuitth
3111 5085 3425 5154 divinorum

221 5155 588 5238 symbolorum
632 5157 950 5220 admittitur,
979 5172 1097 5238 cum
1126 5158 1284 5238 sitad
1313 5154 1718 5238 illuminandum
1737 5154 2122 5238 sacerdotibus
2153 5154 2494 5238 coiiimissns,
2531 5171 2608 5238 ut_
2641 5164 2731 5215 iiat
2766 5165 3066 5238 aliquarum
3114 5170 3425 5238 intelligen-

222 5227 418 5298 tiarum
465 5240 558 5290 pro
603 5238 757 5298 captu
788 5241 883 5278 suo
907 5239 958 5279 et
995 5227 1254 5294 dignitate
1286 5227 1571 5294 particeps,
1606 5229 1744 5298 quod
1771 5229 2069 5279 etiamnum
2107 5245 2201 5298 per
2244 5234 2550 5282 sacerdotes
2598 5230 2648 5284 in
2680 5227 3033 5289 concionibus
3057 5251 3110 5291 et
3140 5227 3425 5294 catholicis

223 5295 652 5370 iustittititniibus
689 5297 773 5370 iit,
799 5311 917 5362 quae
954 5298 1278 5370 non-debent
1302 5298 1474 5370 nimis
1491 5311 1606 5349 esse
1631 5296 1912 5370 sublimes,
1944 5299 2035 5350 sed
2069 5295 2130 5350 ad
2165 5302 2262 5366 pia:
2292 5301 2461 5366 plebis
2511 5313 2725 5367 captum
2766 5312 3183 5362 accommodata:
3209 5349 3223 5370 ,
3258 5321 3310 5362 ut
3341 5312 3427 5363 liic

222 5363 767 5448 saiiCtusl_Dionysitis
797 5367 1156 5448 coin-mei'ildat.
1191 5365 1374 5448 i‘ieque
1396 5367 1745 5448 enimnomnia
1773 5366 1914 5432 plebi
1945 5363 2450 5448 propalaiidajsunt,
2471 5363 2729 5448 _cutii_nec
2748 5373 2956 5448 Moyses
2998 5393 3170 5445 neque
3197 5363 3421 5448 septua~

223 5433 374 5501 ginta
415 5435 486 5487 illi
508 5450 719 5487 arcana:
747 5435 878 5503 legis
910 5436 1274 5502 intelligentia:
1299 5437 1483 5502 periti,
1520 5436 1663 5488 illam
1696 5433 1964 5490 secretam
1999 5433 2130 5504 legis
2160 5440 2574 5508 intelligentiam
2608 5442 2663 5494 in
2717 5433 2904 5512 vulg'us
2955 5433 3309 5520 profuderint

1534 5592 1764 5649 ViXthE
1809 5591 2209 5648 LECTIONES.

294 5754 333 5782 '°
363 5751 727 5814 ἀνασώζουσα,
760 5749 813 5803 5.
883 5750 920 5780 ¹¹
954 5745 1060 5804 οἷον
1087 5768 1187 5804 non
1218 5753 1415 5805 habent
1447 5751 1486 5804 D
1542 5751 1599 5810 S.

225 5837 376 5890 πων,
415 5828 469 5879 δ.
551 5825 589 5856 ’⁸
626 5821 889 5884 ϐιοειόῶς,
927 5825 984 5876 li.
1030 5823 1069 5852 “
1098 5823 1326 5885 ὲκείνας.

1691 5751 1731 5781 ¹¹
1760 5749 2079 5818 ὑπερτάτας,
2113 5753 2170 5807 D.
2200 5752 2256 5808 Ρ.

2341 5755 2379 5786 ¹³
2409 5753 2702 5810 Θεοπτικῶν
2738 5757 2796 5812 Ρ.
2837 5759 2892 5815 S.
2991 5759 3034 5791 “
3070 5762 3160 5816 καὶ
3206 5763 3398 5818 τελειώ-
