4178 6312
258 326 372 380 541

836 323 921 377 DE
960 320 1237 379 ECCLES.
1278 318 1677 381 HIERARCH.,
1709 318 1862 373 CAP.
1902 318 1991 374 Vl.
2025 348 2093 361 --
2128 314 2469 372 PARAPIIR.
2506 313 2963 370 PACHYMEIUE.

3387 315 3489 370 5‘2

260 442 451 511 μένων
491 441 656 504 ἐστὶν,
684 438 1245 509 άνακεφαλαιούμενος
1267 437 1363 501 τὰς
1403 452 1510 490 των
1547 435 1841 489 τελούντων
1870 441 1910 497 Α

1831 451 1841 484 ρ
1870 441 1912 497 Α
1943 434 2032 503 qui
2066 440 2477 494 consecrantur,
2526 437 2637 483 tres
2675 429 2791 484 illos
2826 444 3011 484 sacros
3040 428 3263 484 ordines
3297 444 3481 485 recen-

254 538 420 606 τρεῖς
459 534 657 600 τάξεις,
684 532 791 586 τῶν
828 530 1111 603 ἱεραρχῶν,
1150 529 1257 583 τῶν
1298 528 1696 601 πρεσϐυτέρων,
1722 527 1831 580 τῶν

256 624 530 677 διακόνων
551 664 565 688 ,
592 618 665 677 ὧν
713 622 912 692 ἑκάστῃ
941 621 1385 692 ἀποκεκλήρωται
1412 623 1444 692 ἡ
1486 621 1831 691 προσήκουσα

255 713 497 785 δύναμις
521 716 613 768 καὶ
639 714 903 785 ἐνέργεια,
929 716 960 785 ἠ
989 714 1309 785 καθαρτικὴ,
1337 714 1497 785 φημὶ,
1525 716 1558 784 ἡ
1584 729 1835 782 φωτιστι-

258 808 364 879 κὴ,
394 810 539 879 καὶὴ
580 807 919 877 τελειωτική·
951 809 999 859 εί
1040 807 1111 877 μὴ
1137 806 1244 877 γὰρ
1283 803 1576 875 δυνηθεῖεν,
1623 806 1721 858 οὐκ
1765 805 1831 859 ἂν

256 898 601 971 ὲνεργήσειε.
631 898 790 968 Λέγει
814 901 907 953 καὶ
946 899 1201 969 περὶτῶν
1236 900 1568 970 τελουμένων
1606 898 1829 963 τάξεων,

256 991 470 1055 αἵτινές
493 994 594 1045 είσι
616 990 1021 1063 καθαιρόμεναι,
1045 991 1421 1062 φωτιζόμεναι,
1442 989 1827 1062 τελειούμενάι·

256 1082 560 1154 τοιγαροῦν
598 1085 735 1137 εἰσιν
772 1083 957 1137 αἰτῶν
1000 1083 1416 1154 κατηχουμένων
1454 1082 1679 1136 καὶτῶν
1714 1083 1831 1132 ενο-

257 1172 396 1243 χλου
404 1173 577 1243 μένων
599 1175 691 1227 καὶ
713 1173 790 1228 ἔτι
810 1174 918 1227 τῶν
944 1172 1223 1244 ὲμπαθῶν,
1252 1170 1471 1226 καὶτῶν
1496 1173 1555 1224 ὲν
1579 1169 1832 1242 μετανοίᾳ

257 1263 529 1334 πληθύες,
548 1265 662 1320 ἔστι
690 1267 787 1336 μὲν
808 1268 978 1318 εἰπεῖν
1002 1266 1093 1318 καὶ
1115 1267 1232 1318 κατ’
1255 1264 1482 1336 ἀριθμὸν
1503 1263 1610 1316 τῶν
1637 1262 1833 1317 ἁπλου-

258 1353 497 1423 στέρων,
527 1356 714 1427 ἐπειδὴ
743 1356 832 1408 ἐπὶ
860 1355 1019 1408 πλέον
1042 1356 1101 1409 τὸ
1124 1355 1309 1418 κακὸν,
1336 1357 1421 1407 ἐπ’
1448 1353 1665 1407 ἔλαττον
1692 1353 1748 1405 δὲ
1772 1352 1833 1405 τὸ

252 1441 472 1510 ἀγαθόν
519 1446 652 1497 ἐστι.
708 1445 861 1497 Ἔστι
904 1445 960 1497 δὲ
1000 1445 1097 1497 καὶ
1145 1444 1467 1514 κρειττόνως
1513 1444 1705 1507 εἰπεῖν,
1751 1442 1832 1495 ὅτι

255 1531 456 1603 ἐπειδὴ
480 1532 605 1595 τοὺς
632 1532 707 1602 τῷ
748 1532 864 1603 Θεῷ
906 1532 1361 1604 προσεγγίζοντας
1400 1533 1476 1597 ὼς
1515 1531 1832 1603 ὲνουμένους

244 1617 346 1687 ,τῷ
371 1620 450 1671 ἐνὶ
471 1620 719 1684 ὲνοειδεῖς
746 1638 927 1691 φησιν,
954 1620 1176 1685 είκὰτως
1198 1623 1245 1673 οἱ
1267 1619 1358 1673 τοῦ
1388 1622 1504 1685 ἑνὸς
1532 1621 1834 1693 ἀφιστάμε-

250 1728 368 1773 νοι,
394 1710 628 1781 πληθύες
652 1710 861 1781 ρηθεῖεν
887 1710 952 1765 ἄν
975 1729 987 1741 ·
1017 1712 1112 1765 καὶ
1133 1712 1241 1782 ὅσῳ
1267 1711 1629 1783 πορρώτερον,
1646 1711 1832 1765 τοσοῦ-

1933 532 2034 585 set,
2052 523 2256 578 scilicet
2272 523 3005 591 episcoporum,sacerdotum
3031 531 3086 576 et
3112 522 3485 589 diaconorum,

1932 628 2157 681 quormu
2182 609 2398 666 cuilibet
2423 613 2596 666 virtus
2615 611 2939 665 conveniens
2957 622 3009 666 et
3032 613 3276 682 operatio
3297 626 3383 666 εει
3408 620 3487 663 at-

1937 706 2175 771 tributa,
2237 704 2508 774 expiandi,
2560 704 2798 772 inquam,
2852 704 3179 759 illuminandi
3216 714 3270 759 et
3324 705 3485 774 perli-

1931 793 2138 859 ciendi;
2173 793 2273 847 nisi
2301 794 2445 847 enim
2477 795 2673 849 virtute
2704 804 3044 863 praestarent,
3075 795 3147 848 nil
3180 793 3481 850 eﬁicerent.

1931 884 2055 952 Agit
2084 885 2249 938 etiam
2282 884 2349 938 de
2378 885 2665 939 ordinibus
2695 885 2786 954 qui
2817 895 3230 948 consecrantur,
3275 895 3330 939 ut
3360 895 3484 941 sunt

1933 976 2044 1040 isti,
2076 976 2168 1044 qui
2209 976 2523 1045 expiantur,
2557 976 2952 1042 illuminantur,
2985 977 3376 1046 perﬁciuntur;
3406 979 3481 1031 si-

1932 1069 2145 1139 quidem
2165 1080 2288 1125 sunt
2304 1069 2471 1124 etiam
2491 1070 3023 1134 catechumenorum,
3044 1078 3099 1124 et
3118 1070 3482 1134 obsessOrum,

1931 1170 1986 1216 et
2015 1163 2391 1230 impotentium
2422 1171 2477 1216 et
2501 1160 2881 1230 paenitentiam
2906 1163 3102 1229 turbze,
3126 1164 3206 1217 sic
3228 1164 3369 1217 enim
3395 1179 3486 1219 eas

1934 1251 2096 1305 liceat
2128 1251 2398 1320 appellare
2426 1262 2673 1320 respectu
2708 1252 2916 1308 numeri
2951 1254 3318 1319 innoxiorum,
3348 1270 3456 1323 quo

1933 1345 2075 1399 niam
2102 1344 2297 1398 malum
2333 1354 2415 1399 est
2444 1342 2807 1412 frequentius,
2839 1355 2895 1399 et
2922 1345 3121 1400 bonum
3150 1348 3347 1401 rarius.
3385 1346 3481 1403 Vel

1931 1436 2111 1506 potius
2139 1437 2445 1501 dicendum,
2487 1438 2628 1505 quod
2666 1452 2786 1491 cum
2836 1439 2901 1492 ad
2937 1440 3100 1494 Deum
3138 1443 3482 1507 accedentes,

1933 1541 2188 1598 tanquam
2227 1528 2302 1582 illi
2336 1528 2430 1582 uni
2466 1528 2807 1596 coniunctos,
2843 1530 3006 1584 etiam
3041 1530 3341 1588 uniformes
3388 1548 3486 1587 vo-

1932 1630 2039 1686 set,
2073 1619 2270 1676 merito
2299 1620 2391 1690 qui
2421 1620 2489 1675 ab
2516 1635 2624 1675 uno
2656 1620 2746 1674 illo
2783 1621 2991 1675 distant
3022 1624 3192 1679 turba:
3222 1639 3315 1680 seu
3336 1626 3483 1680 mul-

1935 1712 2188 1768 titudines
2231 1712 2591 1782 appellentur,
2639 1712 2802 1782 256
2831 1722 3140 1782 quantoque
3185 1718 3353 1785 magis
3397 1718 3480 1771 di-

250 1800 358 1852 τὸν
377 1816 440 1867 γε
466 1799 959 1871 πληθυνθήσονται·
991 1803 1037 1853 εί
1065 1802 1157 1854 καὶ
1186 1802 1258 1872 μὴ
1289 1802 1408 1855 κατ’
1436 1801 1666 1873 ἀριθμόν
1689 1804 1825 1855 είσιν
1854 1804 1896 1861 Β

1854 1804 1896 1861 Β
1924 1814 2093 1867 stant,
2134 1814 2282 1858 tanto
2330 1804 2502 1873 magis
2534 1805 3003 1879 multiplicentur;_
3028 1806 3159 1862 licet
3184 1807 3479 1862 secundum

251 1892 632 1962 ἐκτεταμένοι,
663 1893 775 1947 ἀλλ’
800 1893 965 1962 ὀλίγοι
988 1893 1133 1956 τινὲς
1157 1895 1249 1948 καὶ
1275 1894 1645 1965 εὐαρίθμητοι.
1674 1895 1823 1946 Διαι-

254 1983 377 2056 ρῶν
400 1979 492 2037 οὖν
512 1984 610 2048 τὰς
634 1984 741 2039 τῶν
766 1986 1174 2058 καθαιρομένων
1204 1985 1403 2053 τάξεις,
1420 1987 1545 2049 τοὺς
1573 1986 1671 2057 μὲν
1694 2002 1824 2038 κατ-

248 2076 591 2146 ηχουμένους
632 2077 778 2146 λέγει
819 2078 1137 2149 μαιεύεσθαι
1179 2078 1331 2150 παρὰ
1385 2077 1494 2131 τῶν
1543 2078 1821 2140 διακόνων,

248 2167 356 2219 καὶ
391 2167 720 2237 μορφοῦσθαι
759 2171 838 2231 είς
881 2169 1115 2241 ζωτικὴν
1156 2168 1252 2240 τὴν
1290 2168 1377 2221 διὰ
1409 2169 1509 2238 τῆς
1550 2167 1824 2238 κολυμϐή-

250 2255 395 2326 θρας
429 2258 676 2323 ἀπότεξιν
703 2275 715 2288 ·
756 2259 881 2322 τοὺς
921 2259 976 2313 δὲ
1014 2259 1280 2329 ἐμπαθεῖς
1318 2258 1701 2312 ἀνακαλεῖσθαι
1739 2257 1825 2311 διὰ

246 2346 362 2416 τῆς
386 2347 492 2400 τῶν
516 2347 708 2415 λογίων
735 2348 1089 2418 ἀναγνώσεως
1112 2367 1125 2379 ·
1163 2352 1288 2413 τοὺς
1311 2350 1368 2403 δὲ
1412 2349 1822 2421 ἐνοχλουμένους

248 2436 414 2508 παρὰ
434 2437 540 2491 τῶν
575 2440 825 2493 ὲναντίων
852 2441 1029 2508 φόϐων
1056 2440 1517 2512 ὲπιρῤωννύεσθαι
1540 2457 1552 2471 ·
1592 2441 1717 2503 τοὺς
1763 2441 1821 2493 ὲν

252 2529 519 2599 μετανοίᾳ
544 2532 606 2582 ὲκ
629 2530 737 2583 τῶν
762 2532 1016 2602 χειρόνων
1057 2532 1404 2603 μετάγεσθαι,
1447 2532 1542 2586 καὶ
1579 2532 1705 2595 τοὺς
1746 2530 1819 2603 μὴ

247 2626 537 2689 παντελῶς
559 2627 927 2697 καθαρθέντας
950 2629 1243 2700 λαμϐάνειν
1267 2631 1328 2684 τὸ
1353 2631 1485 2702 πρὸς
1511 2631 1580 2684 τὰ
1607 2630 1821 2701 χείρονα

245 2714 667 2785 ἁνεπίστροφον.
721 2716 1192 2771 Ὑποδιασταλτέον
1216 2718 1272 2770 δὲ
1309 2719 1387 2782 είς
1411 2718 1490 2782 τὸ,
1532 2719 1698 2771 οὔπω
1730 2714 1817 2780 δέ,

246 2805 354 2856 καὶ
407 2802 601 2869 ἔξωθεν
644 2805 939 2875 ὲκληπτέον
991 2806 1052 2859 τὸ
1074 2848 1088 2873 ,
1148 2806 1360 2875 τελέως
1384 2808 1779 2877 καθαρθείσης
1802 2826 1815 2839 ·

245 2890 399 2945 οὕτω
420 2891 528 2961 γὰρ
547 2892 607 2944 τὸ
627 2893 725 2962 τῆς
746 2893 952 2956 ἐννοίας
978 2893 1298 2965 σωθήσεται.

316 2988 344 3060 §
386 2990 448 3044 II.
487 2992 671 3046 Είπὼν
724 2992 781 3045 δὲ
822 2994 949 3063 περὶ
986 2994 1095 3047 τῶν
1132 2994 1541 3066 καθαιρομένων
1594 2994 1815 3063 τάξεων,

244 3080 324 3145 ἃς
350 3081 499 3154 παρά
521 3083 629 3136 τῶν
650 3084 908 3139 διακόνων
945 3082 1063 3138 εἷπε
1089 3085 1426 3155 μαιεύεσθαι,
1450 3087 1543 3140 καὶ
1568 3088 1648 3151 είς
1689 3089 1820 3140 ὑπο-

244 3176 415 3246 δοχὴν
433 3146 531 3229 ’τοῦ
560 3176 734 3245 φωτὸς
759 3146 1191 3249 εὐτρεπίζεσθαι,
1217 3178 1316 3249 ἠδη
1343 3146 1696 3249 διαλαμϐάνει
1722 3180 1816 3232 καὶ
1842 3146 1884 3205 C

246 3267 385 3338 περὶ
423 3268 522 3337 τῆς
567 3268 675 3321 τῶν
718 3269 1096 3341 φωτιζομένων
1139 3270 1363 3335 τάξεως,
1401 3272 1466 3341 ἢν
1510 3270 1603 3324 καὶ
1645 3271 1817 3343 μέσην

246 3358 407 3429 φησὶ,
431 3360 527 3429 τῆς
551 3376 610 3412 τε
634 3359 833 3431 δηλαδὴ
856 3361 1173 3432 καθάρσεως
1201 3364 1295 3414 καὶ
1324 3361 1425 3434 τῆς
1446 3360 1773 3426 τελειώσεως
1798 3380 1811 3394 ·

246 3449 351 3501 καὶ
373 3448 707 3521 θεωρητικὴν
728 3449 893 3519 λέγει,
923 3451 997 3515 ὡς
1039 3451 1347 3524 ἠξιωμένην
1374 3451 1474 3521 τῆς
1512 3450 1661 3517 θείας
1686 3451 1817 3505 θεω-

250 3537 377 3611 ρίας
398 3541 489 3593 καὶ
510 3540 738 3610 ὲποψίας
761 3558 773 3571 ·
805 3542 951 3609 λέγει
974 3542 1029 3596 δὲ
1068 3544 1194 3615 τοὺς
1217 3545 1276 3597 ὲν
1297 3542 1372 3613 τῷ
1397 3542 1525 3617 ίερῷ
1559 3542 1673 3615 λαῷ
1697 3542 1811 3596 ὀλο-

245 3630 483 3702 κλήρους
525 3633 618 3685 καὶ⁸
655 3630 1291 3705 ἀνεπιτιμήτουςνοῦτοι
1333 3634 1460 3705 γὰρ,
1505 3634 1816 3706 ἀποκαθαρ-

246 3720 456 3789 θέντες,
481 3726 594 3787 τοῖς
618 3723 939 3792 φωτίζουσιν
967 3726 1374 3797 ἐγχειρίζονται.
1402 3728 1512 3779 Καὶ
1548 3728 1655 3799 γάρ
1698 3728 1816 3780 ἔστι

244 3810 431 3881 δῆλον,
452 3813 526 3876 ὼς
550 3814 583 3883 ὴ
611 3813 943 3884 καθαρθεῖσα
964 3813 1114 3880 τάξις
1140 3817 1319 3888 πάσης
1342 3816 1573 3888 κηλῖδος,
1599 3820 1692 3872 καὶ
1714 3818 1812 3890 τὴν

244 3900 346 3955 τοῦ
376 3903 491 3966 νοὸς
516 3905 727 3974 κίνησιν
752 3905 859 3958 ἀπὸ
882 3905 1079 3969 παντὸς
1104 3906 1306 3972 πάθους
1330 3908 1697 3978 διαφυλάξασα
1721 3911 1811 3963 ἐπὶ

244 3993 352 4062 τὴν
400 3991 739 4065 θεωρητικὴν
786 3993 896 4061 ἕξιν
941 3995 1239 4065 ἀνάγεται,
1286 3999 1378 4054 καὶ
1420 4002 1662 4055 κοινωνεῖ
1701 4002 1812 4064 τοῖς

246 4080 538 4150 συμϐόλοις
562 4084 618 4134 ὲν
646 4083 847 4154 θεωρίᾳ
872 4086 963 4137 καὶ
992 4090 1190 4159 μετοχῇ
1218 4087 1395 4143 αὐτῶν
1418 4089 1695 4162 γινομένη,
1720 4092 1813 4144 καὶΙ

244 4171 318 4225 δι’
354 4171 644 4242 ἀναγωγῆς
678 4174 1073 4245 ἀναπεροῦται
1110 4177 1229 4230 καθ’
1268 4179 1387 4233 ὅσον
1424 4178 1501 4232 ἔνι
1550 4180 1681 4251 πρὸς
1720 4181 1810 4235 τὸν

246 4263 392 4317 θεῖον
415 4262 591 4317 αὐτῶν
628 4264 819 4334 ἔρωτα.
852 4267 998 4337 Ὅσῳ
1022 4267 1128 4339 γάρ
1149 4267 1217 4320 τὰ
1252 4269 1492 4339 σύμϐολα
1528 4271 1807 4326 ἀναπτύσ-

247 4369 453 4419 σονται,
482 4356 573 4407 καὶ
598 4355 657 4407 τὸ
679 4356 991 4426 ἀπόκρυφον
1015 4356 1316 4428 θεωρεῖται,
1345 4358 1579 4430 τοσούτῳ
1602 4360 1806 4414 ποθεῖὸ

250 4447 493 4517 μετέχων
515 4448 652 4500 κατά
673 4465 792 4501 τινα
813 4447 952 4501 θεῖον
975 4451 1066 4502 καὶ
1089 4450 1391 4521 ἀπόρρητον
1411 4460 1600 4524 ερωτα.
1622 4455 1805 4510 Είπὼν
1835 4484 1878 4539 D

244 4537 379 4609 ἐτερί
400 4555 459 4591 τε
480 4538 586 4591 τῶν
611 4537 1037 4610 καθαιρομένων,
1061 4541 1189 4611 περί
1212 4558 1271 4593 τε
1295 4542 1401 4594 τῶν
1424 4542 1805 4615 φωτιζομένων

242 4633 473 4698 τάξεων,
491 4632 674 4703 ἐπειδὴ
696 4632 835 4686 κατὰ
856 4635 1073 4695 τούτους
1096 4634 1128 4703 ἡ
1152 4632 1260 4686 τῶν
1282 4634 1616 4705 τελουμένων
1640 4638 1801 4691 ἐστίν.

243 4723 370 4776 Etsi
409 4723 466 4776 δὲ
505 4722 642 4794 μετὰ
684 4724 908 4788 πολλοὺς
959 4724 1190 4797 τρόπους
1237 4726 1285 4778 oi
1328 4727 1672 4797 τελούμενοι·
1713 4729 1808 4782 καὶ

245 4812 359 4884 γὰρ
394 4814 484 4866 καὶ
521 4816 568 4865 oi
606 4813 683 4884 τῷ
724 4814 1054 4885 βαπτίσματι
1089 4815 1467 4887 τελειούμενοι,
1494 4819 1586 4871 καὶ
1611 4822 1659 4872 οἱ
1697 4806 1805 4872 τῶν

248 4901 408 4955 θείων
434 4904 739 4975 μυστηρίων
768 4905 1099 4975 μετέχοντες,
1123 4906 1213 4958 καὶ
1234 4908 1283 4958 οἱ
1322 4907 1615 4978 ἱερωσύνην
1644 4927 1802 4980 περι-

245 4992 534 5063 τιθέμενοι,
560 4996 652 5048 καὶ
674 4997 721 5048 oi
760 4997 1054 5066 μοναχικῆς
1079 4995 1383 5067 ἀξιούμενοι
1406 5001 1801 5067 καταστάσεως,

247 5086 485 5150 ἅπαντες
515 5087 617 5139 ὑπὸ
638 5087 733 5158 τὴν
753 5085 902 5151 τάξιν
928 5087 1037 5142 τῶν
1062 5087 1395 5159 τελουμένων
1417 5090 1572 5144 είσίν.

324 5283 352 5355 ε
392 5284 480 5337 III.
509 5285 643 5356 Περῖ
680 5284 786 5338 τῶν
808 5285 981 5340 ἄλλων
1006 5286 1392 5358 προδιαλαϐὼν,
1420 5288 1512 5343 νῦν
1535 5307 1599 5341 πε
1610 5290 1660 5361 pi
1700 5289 1800 5361 τῆς

250 5374 547 5445 μοναχικῆς
570 5375 784 5453 διέξεισι
807 5376 1223 5448 τελεσιουργίας,
1250 5378 1315 5448 ἢν
1340 5379 1432 5431 καὶ
1469 5379 1799 5451 ὑψηλοτέραν

249 5460 434 5530 φησὶν,
459 5463 518 5514 ού
547 5464 683 5533 πρὸς
705 5465 801 5535 τὴν
824 5465 930 5518 τῶν
952 5468 1202 5520 τοιούτων
1226 5468 1453 5521 τελετῶν
1478 5471 1583 5523 τῶν
1624 5471 1798 5541 μόνως

246 5548 628 5621 τελειουμένων
675 5553 989 5626 σύγκρισιν·
1044 5557 1145 5610 ποῦ
1191 5557 1294 5628 γὰρ
1338 5560 1371 5629 ἡ
1430 5560 1798 5631 βαπτίσματος

247 5642 492 5712 δύναμις,
516 5644 618 5699 ποῦ
644 5646 698 5699 δὲ
723 5650 754 5717 ἡ
782 5647 881 5718 τῆς
906 5651 1197 5721 ἱερωσύνης
1235 5652 1599 5725 ὑπερκειμένη
1627 5657 1794 5709 κατά-

249 5749 452 5803 στασις,
474 5736 611 5794 ὥστε
637 5737 893 5811 κληθῆναι
917 5740 1115 5813 ταύτην
1139 5742 1498 5815 ύψηλοτέραν;
1524 5748 1593 5801 Ού
1620 5747 1791 5804 τοίνυν

1924 1910 2204 1950 numerum
2236 1909 2340 1949 non
2372 1897 2760 1961 extendantur,
2794 1898 2888 1953 sed
2924 1899 3081 1968 pauci
3129 1899 3239 1953 sint
3284 1908 3339 1953 et
3374 1914 3480 1953 nu-

1924 1994 2131 2039 meratu
2160 1984 2369 2039 faciles.
2398 1985 2596 2038 Eorum
2622 1985 2804 2054 itaque
2826 1987 2917 2056 qui
2948 1984 3237 2057 expiantur
3257 1989 3481 2044 ordines

1924 2076 2297 2145 distinguens,
2346 2076 2763 2131 catechumenos
2814 2079 3031 2146 quidem
3083 2079 3162 2132 ait
3219 2078 3391 2134 foveri
3448 2096 3476 2133 a

1928 2167 2195 2234 diaconis,
2225 2179 2277 2222 et
2307 2167 2373 2221 ad
2400 2166 2620 2221 vitalem
2654 2177 2866 2238 partum
2894 2184 2990 2238 per
3019 2170 3292 2225 lavacrum
3314 2171 3476 2227 ell'or-

1922 2258 2092 2327 mari;
2143 2257 2483 2328 passionibus
2517 2273 2643 2313 vero
2686 2259 2952 2315 obnoxios
2998 2262 3241 2316 revocari
3275 2263 3351 2317 ait
3381 2280 3479 2333 per

1920 2350 2262 2405 oraculorum
2316 2350 2645 2417 lectionem;
2702 2366 2796 2407 eos
2852 2367 2980 2409 vero
3034 2354 3125 2423 qui
3182 2357 3473 2411 contrariis

1920 2439 2208 2508 pavoribus
2234 2438 2519 2505 vexantur,
2547 2440 2866 2495 conﬁrmari
2891 2458 2905 2509 ;
2941 2444 3261 2511 poenitenles
3290 2459 3320 2497 a
3346 2461 3465 2499 ma-

1923 2528 1985 2584 lis
2011 2530 2217 2594 reduci,
2262 2540 2315 2584 et
2345 2533 2437 2600 qui
2464 2547 2569 2586 non
2600 2534 2823 2588 omnino
2857 2536 2977 2603 puri
3008 2547 3137 2591 sunt
3176 2536 3279 2591 hoc
3323 2539 3471 2592 acci-

1922 2633 2072 2690 pere,
2100 2634 2167 2673 ne
2193 2620 2246 2674 in
2272 2620 2542 2675 deteriora
2567 2621 2900 2676 relabantur.
2916 2624 3470 2694 Subdistinguendum

1919 2725 2049 2767 vero
2085 2712 2213 2766 illud
2260 2712 2425 2767 οὔπω
2452 2712 2539 2778 δέ,
2577 2715 2666 2768 sed
2699 2715 2949 2780 nondum,
2982 2724 3036 2770 et
3063 2717 3469 2787 subintelligen-

1919 2805 2069 2869 dum,
2102 2804 2325 2875 perfecte
2350 2806 2581 2875 expiati;
2608 2808 2686 2863 sic
2727 2808 2870 2863 enim
2904 2822 3092 2864 sensus
3131 2810 3304 2880 magis
3336 2804 3471 2866 inte-

1917 2909 2012 2965 ger
2033 2899 2159 2952 erit.

1992 2989 2021 3061 §
2064 2989 2127 3044 ll.
2164 2990 2406 3047 Locutus
2441 3005 2572 3047 vero
2613 2990 2679 3045 de
2704 2992 2986 3049 ordinibus
3015 2992 3110 3063 qui
3152 2994 3468 3065 expiantur,

1918 3095 2055 3151 quos
2083 3099 2113 3137 a
2149 3084 2392 3137 diaconis
2424 3080 2590 3136 foveri
2615 3082 2771 3148 dixit,
2802 3092 2859 3138 et
2887 3084 2953 3137 ad
2983 3082 3202 3137 luminis
3275 3100 3463 3142 susce-

1919 3174 2487 3245 ptionemprteparari,
2538 3176 2697 3231 modo
2738 3177 2851 3246 agit
2898 3176 2965 3231 de
3010 3176 3206 3230 ordine
3256 3176 3469 3233 illorum

1914 3268 2007 3335 qui
2039 3266 2427 3329 illuminantur,
2453 3279 2612 3334 quem
2630 3276 2685 3321 et
2709 3266 2946 3322 medium
2975 3267 3231 3338 appellat,
3264 3269 3470 3323 scilicet

1916 3358 2056 3412 inter
2079 3358 2447 3425 expiationem
2481 3364 2535 3410 et
2566 3354 2977 3426 perfectionem,
3000 3368 3056 3413 et
3079 3358 3468 3428 speculativum

1914 3456 2094 3514 vocat,
2135 3456 2391 3516 tanquam
2423 3447 2604 3502 divina
2648 3434 3113 3519 contemplatione
3149 3459 3204 3505 et
3247 3463 3467 3518 aspectu

1915 3537 2137 3606 dignum
2166 3537 2409 3591 habitum
2434 3552 2451 3602 ;
2485 3535 2745 3607 intelligit
2773 3548 2954 3591 autem
2984 3550 3077 3591 eos
3105 3537 3199 3605 qui
3228 3536 3282 3590 in
3312 3552 3468 3591 sacro

1914 3630 2117 3700 populo
2159 3629 2357 3698 integri
2399 3638 2455 3683 et
2500 3628 3008 3700 irreprebensibiles
3048 3631 3360 3683 exsistunt:
3415 3631 3467 3683 Ιιί

1916 3722 2061 3777 enim
2105 3719 2307 3789 expiati
2338 3718 2603 3774 accedunt
2632 3720 2698 3775 ad
2737 3734 2801 3775 ea
2848 3735 2968 3789 quae
3013 3720 3341 3774 illuminant.
3375 3720 3441 3773 Et

1910 3814 2053 3869 enim
2105 3810 2448 3866 manifestum
2493 3820 2612 3878 est,
2666 3811 2910 3866 ordinem
2962 3810 3113 3866 illum
3167 3798 3313 3866 omni
3349 3812 3465 3881 jam

1911 3904 2123 3960 macula
2155 3904 2453 3973 expiatum,
2491 3913 2545 3957 et
2585 3904 2782 3958 mentis
2816 3911 3019 3957 motum
3049 3903 3119 3957 ab
3162 3904 3308 3957 omni
3340 3919 3465 3973 per-

1910 3995 2224 4050 turbatione
2268 3994 2639 4057 cohibentem,
2682 3993 2749 4046 ad
2784 3993 3263 4062 contemplativum
3309 3994 3465 4048 habi-

1912 4097 2024 4142 tum
2057 4087 2273 4154 adduci,
2305 4095 2465 4155 atque
2487 4085 2729 4155 ipsismet
2757 4084 3034 4161 symbolis,
3065 4098 3188 4138 cum
3219 4094 3463 4139 contem-

1909 4180 2103 4251 plando
2130 4188 2241 4231 tum
2267 4176 2643 4248 participando
2675 4177 3094 4242 communicare,
3117 4186 3171 4231 et
3201 4191 3299 4245 per
3323 4192 3458 4231 ana-

1907 4281 2075 4337 gogen
2118 4267 2183 4320 ad
2225 4266 2463 4318 divinum
2508 4264 2820 4319 eorumdem
2875 4279 3112 4319 antorem
3154 4266 3455 4322 subvolare.

1907 4358 2175 4424 Quantum
2205 4357 2350 4415 enim
2380 4355 2621 4427 symbola
2647 4353 3008 4425 explicantur,
3039 4366 3094 4411 et
3124 4361 3264 4425 quod
3296 4374 3457 4413 arca-

1910 4465 2035 4504 num
2067 4458 2149 4504 est
2183 4449 2443 4513 cernitur,
2478 4450 2807 4502 tantumdem
2837 4449 3149 4503 eorumdem
3178 4451 3448 4519 particeps

1909 4542 2098 4595 divino
2129 4542 2356 4609 quodam
2389 4549 2444 4595 et
2490 4554 2695 4593 arcano
2728 4552 2912 4592 amore
2957 4537 3169 4609 ﬂagrat.
3217 4541 3363 4595 Dixit
3393 4548 3458 4596 de

1906 4632 2191 4688 ordinibus
2222 4634 2313 4701 qui
2342 4632 2626 4700 expiantur
2651 4640 2706 4684 et
2735 4632 2826 4700 qui
2858 4632 3251 4699 illuminantur,
3279 4647 3454 4702 quau-

1905 4724 2189 4792 doquidem
2214 4734 2333 4793 post
2354 4725 2452 4776 hos
2474 4723 2545 4777 sit
2571 4723 2704 4777 ordo
2727 4738 2914 4777 eorum
2952 4724 3048 4793 qui
3078 4728 3394 4794 perticiuntu
3408 4744 3451 4779 r.

1906 4812 2056 4867 Multi
2083 4822 2263 4867 autem
2306 4814 2451 4868 modi
2483 4826 2611 4868 sunt
2653 4816 2849 4883 quibus
2893 4816 3249 4885 perﬁciuntur
3281 4835 3296 4871 :
3330 4835 3451 4873 nam

1903 4909 2034 4963 etin
2070 4909 2335 4979 baptismo
2370 4908 2534 4978 aliqui
2566 4910 2939 4978 perﬁciuntur,
2973 4920 3026 4964 et
3072 4912 3124 4964 in
3165 4925 3448 4968 sacrorum

1906 5003 2290 5071 mysteriorum
2334 5003 2770 5071 participatione,
2810 5013 2861 5055 et
2894 5005 2947 5056 in
2985 5017 3267 5057 sacrorum
3307 5009 3450 5057 ordi-

1902 5112 2027 5149 num
2060 5097 2426 5166 susceptione,
2456 5107 2512 5151 et
2548 5098 2601 5151 in
2633 5100 2934 5165 monastico
2984 5109 3151 5167 statu,
3194 5101 3286 5170 qui
3324 5114 3448 5157 sunt

1901 5201 2088 5241 omnes
2114 5188 2213 5241 sub
2243 5188 2435 5241 ordine
2455 5188 2669 5242 illorum
2700 5191 2791 5259 qui
2828 5190 3213 5260 perﬁciuntur.

1975 5277 2002 5348 §
2040 5278 2125 5357 lli.
2180 5277 2313 5333 Cum
2359 5289 2540 5333 autem
2588 5279 2660 5334 de
2687 5281 2809 5335 aliis
2847 5293 3006 5337 antea
3051 5285 3243 5353 egerit,
3286 5286 3445 5339 modo

1902 5378 2098 5424 tractat
2124 5369 2191 5424 de
2233 5372 2532 5425 monastica
2576 5374 3013 5437 consecratione,
3051 5390 3210 5444 quam
3256 5384 3311 5430 et
3348 5392 3440 5430 su-

1900 5463 2201 5517 blimiorem
2233 5472 2407 5528 vocat,
2436 5478 2540 5517 non
2564 5466 2966 5533 comparatione
3011 5464 3223 5520 illorum
3258 5480 3441 5523 sacra-

1898 5568 2199 5613 mentorum
2242 5572 2361 5626 quae
2420 5556 2532 5610 sola
2585 5561 2993 5613 consecratione
3044 5559 3437 5628 perﬁciuntur,

1896 5650 1984 5704 ubi
2016 5648 2156 5703 enim
2196 5657 2342 5702 esset
2384 5648 2555 5704 virtus
2589 5650 2947 5719 baptismatis,
2996 5653 3086 5707 ubi
3150 5651 3437 5706 sacerdoui

1895 5743 2141 5801 eminens
2179 5741 2268 5797 ille
2300 5748 2496 5809 status,
2543 5743 2687 5811 quod
2719 5744 2829 5799 bzec
2869 5744 3148 5802 sublimior
3188 5742 3439 5799 dicatur!
