4178 6312
667 346 770 402 545

1834 357 1890 414 S.
1933 354 2227 413 DIONYSII
2264 356 2721 415 AREOPAGITE

3794 376 3889 430 5H

670 461 787 518 Non
832 460 1013 532 itaque
1045 467 1453 534 comparatione
1486 468 1703 528 illorum
1748 475 1840 544 qui
1879 474 1994 528 sola
2028 488 2228 529 conse-
2262 480 2307 535 Α

2262 480 2307 535 Α
2338 473 2473 543 πρὸς
2500 474 2782 546 σύγκρισιν
2822 475 2928 530 τῶν
2959 479 3132 549 μόνως
3166 480 3551 554 τελειουμένων
3595 487 3894 559 ὑψηλοτέρα

671 556 915 609 oratione
958 558 1314 625 perﬁciuntur
1349 562 1634 617 sublimior
1677 574 1785 629 est,
1840 565 1935 622 sed
1979 577 2227 633 respectu

670 647 811 699 ritus
836 645 995 717 257
1019 649 1347 717 expiationis
1386 660 1441 705 et
1467 664 1715 720 respectu
1742 655 1880 710 ritus
1913 656 2234 710 illustratio-

670 737 787 799 nis,
841 738 955 791 haec
1000 749 1084 793 est
1124 741 1431 799 sublimior.
1484 744 1761 812 Siquidem
1811 749 1926 803 haec
1980 758 2231 815 tanquam

671 827 933 894 medium,
967 831 1178 884 scilicet
1207 846 1395 886 eorum
1424 834 1516 903 qui
1564 835 1957 902 illuminantur,
1987 838 2232 905 ordinem

673 923 1101 984 transcenderis,
1140 933 1253 977 tres
1282 925 1447 978 etiam
1480 926 1532 979 in
1566 940 1626 980 se
1668 929 2031 996 proprietates
2062 929 2238 982 conti-

672 1019 783 1073 net,
822 1012 1098 1079 expiandi,
1140 1014 1478 1068 illuminandi
1516 1026 1568 1071 et
1599 1017 1938 1084 perﬁciendi,
1974 1020 2116 1073 sicut
2153 1028 2235 1072 est

674 1103 924 1171 superius
949 1104 1297 1172 explicatum.
1322 1106 1437 1161 Non
1463 1108 1581 1161 dico
1607 1120 1853 1178 respectu
1884 1124 2235 1177 personarum

674 1203 1121 1249 consecratarum
1152 1210 1167 1247 :
1203 1212 1326 1249 nam
1358 1198 1449 1267 qui
1485 1198 1810 1266 baptismate
1844 1200 2040 1252 initiati
2089 1207 2237 1259 sunt,

677 1288 840 1341 medii
888 1298 1017 1341 sunt
1043 1289 1274 1353 ordinis,
1309 1299 1366 1344 et
1403 1307 1531 1359 pars
1574 1306 1746 1345 sacra:
1791 1291 2003 1361 plebis;
2045 1292 2240 1361 quibus

675 1379 838 1432 etiam
891 1379 1056 1432 nmlta
1107 1382 1534 1448 permittuntur,
1586 1397 1781 1452 nempe
1832 1384 2046 1449 nuptias
2093 1382 2237 1438 cele-

678 1468 860 1532 brare,
913 1470 1172 1535 militare,
1208 1471 1366 1538 hujus
1406 1474 1533 1526 vita:
1576 1474 1790 1542 negotia
1832 1482 2091 1527 tractare.
2137 1474 2238 1538 Qui

678 1576 812 1616 vero
855 1562 1160 1618 sacerdotio
1192 1567 1366 1618 ornati
1415 1574 1561 1631 sunt,
1608 1580 1707 1619 nec
1762 1566 1863 1634 ipsi
1914 1580 2130 1635 quoque
2174 1565 2243 1620 ab

680 1654 939 1709 omnibus
961 1656 1239 1710 abstinere
1268 1672 1330 1711 ac
1364 1672 1579 1713 cessare
1624 1658 1824 1712 debent
1854 1675 1867 1710 :
1902 1673 2027 1711 nam
2056 1672 2242 1712 sacer-

679 1746 837 1800 dotes
882 1746 1021 1799 alios
1063 1746 1375 1815 perﬁciunt,
1411 1757 1465 1801 et
1498 1749 1637 1802 hanc
1685 1749 1753 1803 ob
1802 1764 2023 1803 causam
2073 1747 2240 1800 multa

2330 565 2492 637 αὕτη,
2520 565 2654 620 ἀλλὰ
2687 568 2821 639 πρός
2860 586 2919 621 τε
2943 570 3040 641 τὴν
3062 572 3163 642 τῆς
3189 574 3506 646 καθάρσεως
3527 578 3767 650 τελετὴν,
3808 586 3897 636 καὶ⁵

2333 655 2469 725 πρὸς
2508 658 2606 726 τὴν
2645 658 2739 710 τοῦ
2784 661 3063 730 φωτισμοῦ
3107 664 3346 735 τελετὴν,
3393 667 3528 737 αὕτη
3574 668 3895 743 ὑψηλοτέρα.

2332 748 2479 816 Αὕτη
2506 750 2613 818 γὰρ
2641 748 2715 812 ὡς
2740 749 3145 823 ύπερόεὸηκυῖα
3168 754 3264 825 τὴν
3307 758 3477 828 μέσην
3504 760 3675 825 τάξιν,
3703 762 3899 834 δηλαδὴ

2332 840 2430 909 τὴν
2453 840 2561 893 τῶν
2591 842 2990 912 φωτιζομένων,
3034 847 3127 898 καὶ
3162 847 3261 911 τὰς
3286 848 3394 913 τῶν
3430 852 3596 921 τριῶν
3636 852 3898 923 ἰδιότητας

2336 931 2490 1001 φέρει
2540 934 2595 984 έν
2638 932 2823 1003 ἑαυτῇ,
2862 934 2960 1005 τὴν
3002 936 3288 1008 κάθαρσιν,
3330 941 3419 993 τὸν
3467 944 3761 1013 φωτισμὸν,
3806 946 3900 1015 τὴν

2334 1022 2629 1087 τελείωσιν,
2660 1024 2838 1087 καθὼς
2868 1027 3162 1099 κατωτέρω
3198 1028 3465 1094 διέξεισιν.
3506 1034 3578 1084 Οὑ
3622 1034 3781 1101 λέγω,
3823 1038 3900 1089 ὀτι

2338 1116 2431 1167 καὶ
2455 1115 2588 1186 πρὸς
2612 1118 2711 1185 τὴν
2749 1116 2858 1169 τῶν
2880 1117 3214 1189 τελουμένων
3241 1122 3543 1191 προσώπων
3571 1126 3866 1195 παράθεσιν
3883 1144 3895 1156 ’

2336 1206 2467 1257 οἵτε
2493 1206 2597 1275 γὰρ
2622 1205 2930 1276 τελούμενοι
2965 1207 3044 1277 τῷ
3084 1209 3416 1281 βαπτίσματι
3452 1215 3550 1283 τῆς
3590 1214 3759 1285 μέσης
3800 1219 3903 1269 εἰσὶ

2337 1294 2561 1357 τάξεως,
2602 1296 2695 1346 καὶ¹
2737 1296 2834 1365 τῆς
2864 1298 3013 1365 ἱερᾶς
3055 1296 3288 1363 λαώδους
3333 1302 3547 1373 μοίρας,
3587 1300 3669 1367 οἷς
3704 1306 3769 1375 δὴ
3814 1308 3906 1358 καὶ

2340 1385 2511 1439 πολλὰ
2531 1387 2761 1454 ἐφεῖται,
2789 1386 3028 1457 δηλονότι
3059 1390 3120 1441 τὸ
3147 1390 3342 1459 γάμοις
3384 1394 3612 1463 ὁμιλεῖν,
3641 1396 3701 1447 τὸ
3746 1414 3904 1467 στρα-

2339 1474 2610 1539 τεύεσθαι,
2637 1475 2698 1528 τὸ
2723 1477 3105 1547 πραγματείας
3142 1478 3236 1531 τοῦ
3263 1480 3375 1549 βίου
3420 1484 3901 1556 μεταχειρίζεσθαι.

2343 1567 2409 1620 ΟΖ
2428 1582 2487 1618 τε
2525 1568 2589 1635 τῇ
2629 1566 2894 1638 ἱερωσύνῃ
2932 1569 3315 1639 κοσμούμενοι,
3344 1573 3451 1625 οὐδ’
3493 1576 3645 1629 αὐτοὶ
3683 1578 3909 1646 πάμπαν

2341 1660 2403 1711 τὸ
2426 1660 2516 1712 ἐπὶ
2541 1662 2701 1713 πᾶσιν
2727 1662 2979 1731 ἀκίνητον
3005 1662 3306 1731 ὀφείλουσιν
3340 1665 3484 1735 ἔχειν
3506 1669 3597 1719 καὶ
3621 1670 3908 1739 ἀνενέργη-

2344 1750 2465 1805 τον·
2492 1752 2821 1807 τελειωτικοὶ
2857 1754 2965 1827 γὰρ
3003 1755 3110 1808 τῶν
3137 1757 3338 1829 ἑτέρων
3374 1761 3421 1811 ci
3464 1762 3626 1829 ἱερεῖς
3666 1764 3793 1825 εἰσι,
3824 1763 3912 1815 καὶ

682 1847 871 1907 agunt.
911 1837 1011 1903 Qui
1052 1853 1181 1892 vero
1211 1844 1572 1894 monasticum
1599 1841 1909 1894 institutum
1942 1851 2242 1905 sectantur,
2276 1829 2317 1883 Β

2276 1829 2317 1883 Β
2346 1844 2435 1899 διὰ
2460 1844 2618 1900 τοῦτο
2645 1847 2813 1900 πολλὰ
2834 1850 3242 1921 ὲνεργήσουσιν.
3272 1853 3333 1903 Οἱ
3357 1851 3413 1904 δὲ
3450 1851 3589 1905 κατὰ
3619 1854 3716 1923 τὴν
3755 1871 3911 1923 μονα-

682 1931 905 1985 omnino
948 1933 1144 1986 mortui
1188 1947 1309 1986 esse
1358 1933 1572 1995 debent,
1612 1934 1982 2003 cruciﬁgendo
2017 1949 2244 1988 carnem

685 2036 810 2077 cum
835 2024 1182 2091 passionibus
1224 2035 1278 2077 et
1304 2026 1780 2095 concupiscentiis,
1815 2039 1869 2081 et
1894 2028 2129 2081 vivendo
2160 2044 2249 2083 so-

685 2117 795 2171 lum
829 2118 939 2173 Deo
971 2126 1026 2173 et
1064 2117 1167 2171 sibi
1201 2118 1332 2187 ipsis
1365 2136 1377 2171 :
1413 2119 1527 2174 hinc
1555 2120 1699 2173 enim
1734 2129 1819 2175 est
1851 2121 2036 2175 totalis
2064 2123 2249 2189 expia-

686 2212 766 2263 tio
811 2218 867 2263 et
913 2210 1223 2264 omnimoda
1277 2212 1485 2277 puritas
1542 2212 1815 2264 actionum
1881 2214 2245 2282 propriarum.

688 2298 804 2354 Hoc
833 2302 1020 2368 utique
1054 2314 1159 2353 non
1205 2299 1330 2354 dico
1355 2339 1371 2364 ,
1404 2300 1560 2367 quasi
1593 2300 1693 2354 viri
1744 2303 1917 2355 sancti
1967 2318 2163 2373 scapus
2187 2318 2251 2357 eo

689 2406 795 2443 non
830 2400 1077 2458 spectet;
1109 2390 1201 2444 sed
1236 2406 1359 2445 cum
1396 2393 1543 2445 aliud
1572 2396 1643 2449 sit
1668 2395 1959 2459 τελεῖσθαι,
2001 2412 2099 2451 seu
2148 2400 2251 2453 ini-

692 2480 835 2536 tiari.
869 2488 921 2532 et
950 2478 1096 2532 aliud
1125 2479 1480 2545 τελειοῦσθαι,
1509 2498 1599 2536 seu
1629 2485 1811 2554 perﬁci
1839 2502 1902 2541 ac
1932 2491 2251 2543 consecrari

690 2570 839 2639 (nam
887 2569 1089 2623 initiari
1140 2579 1223 2625 est
1273 2572 1387 2626 sive
1431 2587 1529 2641 per
1573 2575 1941 2641 expiationem
1989 2577 2103 2632 sive
2156 2594 2252 2647 per

692 2661 1164 2726 illuminationem,
1214 2664 1408 2732 perﬁci
1444 2680 1572 2720 vero
1599 2677 1682 2721 est
1712 2682 1807 2735 per
1834 2669 2003 2723 solam
2036 2671 2254 2739 proprie

692 2752 892 2806 dictam
932 2754 1373 2825 perfectionem),
1420 2756 1638 2825 praefert
1685 2762 1985 2815 monachos
2014 2761 2120 2815 illis
2164 2764 2254 2831 qui

692 2846 1021 2916 simpliciter
1058 2847 1255 2902 initiati
1302 2858 1445 2914 sunt,
1474 2851 1709 2917 expiatis
1736 2852 1945 2907 scilicet
1976 2863 2031 2908 et
2057 2854 2256 2907 illumi-

696 2939 872 3003 natis;
907 2938 1163 3006 quoniam
1205 2948 1259 2993 et
1290 2942 1391 3008 ipsi
1430 2942 1625 2995 initiati
1658 2952 1783 2996 sunt
1812 2946 2253 3012 prtestantiores,

696 3045 860 3098 quam
890 3031 1274 3086 catechumeni
1306 3034 1638 3100 expiatione,
1680 3047 1843 3103 atque
1880 3037 2104 3106 insuper
2137 3038 2259 3090 illn-

698 3120 1027 3175 tninatorum
1063 3122 1311 3176 ordinem
1345 3124 1691 3190 praecedunt,
1740 3140 1906 3194 quem
1936 3136 1992 3182 et
2023 3128 2255 3182 medium

698 3214 951 3283 appellat,
991 3214 1240 3270 videlicet
1276 3216 1557 3271 laicornm.
1584 3216 1717 3271 Cum
1745 3234 1874 3274 vero
1906 3236 2105 3276 nomen
2150 3220 2256 3275 ini-

704 3308 951 3362 tiationis
988 3307 1116 3376 quid
1147 3310 1509 3363 universalius
1546 3310 1615 3362 sit
1644 3325 1805 3379 quam
1843 3327 2040 3367 nomen
2072 3314 2260 3383 perfe-

701 3399 916 3465 ctionis,
967 3399 1172 3454 idcirco
1214 3415 1318 3453 non
1363 3402 1436 3454 ita
1484 3412 1634 3457 recte
1686 3418 1983 3472 possumus
2035 3420 2155 3458 cum
2197 3422 2262 3459 eo

704 3491 954 3546 conferre
1006 3496 1400 3547 monachorum
1453 3496 1945 3551 consecrationem.
2000 3495 2262 3551 Caeterum

703 3584 958 3653 quoniam
1009 3588 1396 3641 monachorum
1430 3589 1584 3654 ordo,
1636 3598 1857 3658 propter
1898 3590 2263 3643 omnimodaui

706 3676 1087 3741 sanctitatem,
1152 3690 1208 3731 et
1257 3680 1619 3745 etpiationem
1681 3690 1735 3735 et
1796 3680 2263 3735 illuminationem

706 3770 1106 3837 complectitur,
1155 3773 1459 3826 ostenditur
1488 3773 1688 3827 habere
1724 3774 2120 3842 expiationem,
2171 3789 2268 3841 per

706 3877 869 3930 quam
909 3862 1074 3917 etiam
1128 3863 1550 3918 lllttminatorum
1597 3865 1988 3933 proprietatem
2033 3864 2264 3930 obtinet,

710 3953 821 4008 into
851 3954 1011 4008 etiam
1046 3970 1235 4010 eorum
1280 3971 1370 4025 qui
1402 3957 1452 4009 in
1485 3958 1675 4025 spiritu
1712 3957 2109 4025 perﬁciuntur;
2142 3959 2269 4012 lliu-

710 4047 1037 4100 minatorum
1054 4049 1848 4119 quidem,quoniam,quantum
1871 4049 1953 4105 fas
1972 4060 2075 4113 est.
2094 4050 2272 4105 omnis

712 4138 945 4193 actionis
986 4154 1155 4193 sacra:
1202 4154 1296 4207 per
1326 4141 1624 4208 spiritalem
1674 4142 2185 4211 contemplationem
2219 4151 2274 4196 et

713 4230 1150 4286 communionem
1180 4234 1449 4301 particeps
1479 4234 1727 4299 exsistit;
1756 4233 2122 4303 perfectorum
2147 4248 2275 4289 vero

713 4323 843 4392 quia
904 4323 1135 4377 virtutes
1182 4325 1552 4379 hierarchicas
1594 4326 1946 4396 amplectens,
1973 4326 2276 4396 iisdemque

716 4424 1006 4479 exornata,
1033 4417 1097 4469 ad
1127 4420 1366 4471 scientia:
1391 4432 1557 4472 sacrae
1582 4419 1967 4489 perfectionem
1996 4434 2092 4487 pro
2120 4428 2275 4486 captu

2285 3173 2332 3238 C

2350 1937 2507 2010 χικὴν
2550 1940 2948 2011 πολιτευόμενοι
2986 1941 3341 2012 διακόσμησιν
3380 1945 3561 2014 νεκροὶ
3595 1944 3655 1996 τὸ
3698 1944 3916 1997 σύνολον

2348 2029 2649 2097 ὀφείλουσιν
2672 2029 2808 2085 εἶναι
2837 2033 2893 2083 ἓν
2918 2031 2995 2101 τῷ
3024 2033 3332 2104 σταυρῶσαι
3358 2035 3455 2106 τὴν
3484 2035 3659 2106 σάρκα
3685 2039 3782 2089 σὺν
3807 2039 3917 2099 τοῖς

2349 2118 2635 2190 παθήμασι
2661 2123 2753 2174 καὶ
2778 2124 2898 2185 ταῖς
2940 2121 3279 2192 ἐπιθυμίαις,
3310 2125 3403 2176 καὶ
3442 2125 3539 2194 ζῇν
3583 2126 3759 2195 μόνως
3800 2125 3919 2195 Θεῷ

2350 2212 2444 2263 καὶ
2479 2212 2689 2275 ἑαυτοῖς
2712 2228 2726 2242 ο
2771 2212 2927 2267 τοῦτο
2959 2216 3067 2285 γάρ
3111 2217 3310 2285 ἐστινὴ
3340 2214 3493 2285 όλικὴ
3534 2216 3799 2286 κάθαρσις
3827 2218 3920 2269 καὶΙ

2352 2303 2385 2372 η
2413 2302 2677 2372 παντελὴς
2698 2303 2807 2356 τῶν
2831 2305 3045 2358 οἰκείων
3082 2306 3370 2376 ἐνεργειῶν
3398 2306 3642 2377 ἁγνότης.
3677 2307 3750 2359 Οὐ
3778 2307 3921 2373 λέγω

2352 2390 2482 2460 γοῦν
2523 2392 2700 2457 τοῦτο,
2745 2393 2825 2445 ὃτι
2864 2393 2971 2445 οὐδ’
3012 2394 3041 2445 ό
3080 2392 3173 2446 τοῦ
3213 2393 3366 2461 ἁγίου
3410 2393 3607 2455 σκοπὸς
3644 2396 3723 2455 είς
3763 2392 3922 2445 τοῦτο

2350 2488 2523 2556 ῥέπει·
2548 2484 2660 2535 ἀλλ’
2682 2484 2864 2553 ἐπειδὴ
2892 2482 3016 2534 ἄλλο
3039 2483 3155 2534 ἐστὶ
3177 2482 3236 2537 τὸ
3256 2480 3571 2541 τελεῖσθαι,
3596 2480 3685 2531 καὶ
3708 2476 3834 2531 ἄλλο
3856 2474 3915 2527 τὸ

2348 2575 2721 2630 τελειοῦσθαι
2767 2574 3053 2643 (τελεῖσθαι
3090 2574 3198 2643 γὰρ
3239 2572 3351 2625 ἔστι
3394 2572 3485 2624 καὶ
3515 2571 3654 2624 κατὰ
3689 2570 3784 2639 τὴν
3814 2571 3912 2621 κα-

2350 2678 2571 2742 θαρσιν,
2610 2666 2877 2719 τελεῖσθαι
2902 2666 3013 2719 ἔστι
3056 2667 3148 2718 καὶ
3186 2664 3326 2717 κατὰ
3366 2664 3455 2715 τὸν
3500 2663 3795 2732 φωτισμόνο
3825 2676 3914 2713 τε-

2349 2759 2620 2814 λειοῦσθαι
2662 2759 2717 2811 δὲ
2778 2758 2918 2811 κατὰ
2971 2757 3136 2826 μόνην
3196 2756 3292 2826 τὴν
3356 2754 3561 2824 κυρίως
3604 2754 3901 2813 τελείωσιν)

2361 2854 2638 2924 προκρίνει
2672 2852 2779 2905 τῶν
2814 2852 3001 2915 ἁπλῶς
3037 2852 3391 2921 τελουμένων,
3432 2850 3539 2902 τῶν
3574 2867 3632 2901 τε
3672 2849 3899 2919 καθαιρο

2364 2949 2537 3019 μένων
2558 2946 2755 3019 δηλαδὴ
2778 2947 2870 2998 καὶ
2894 2945 3001 2998 τῶν
3025 2943 3425 3013 φωτιζομένων,
3463 2943 3587 3006 τους
3619 2944 3884 3013 μοναχούς
3907 2960 3920 2972 ·

2361 3036 2434 3098 ὡς
2462 3034 2859 3105 τελειουμένους
2889 3034 2987 3104 μὲν
3012 3036 3101 3087 καὶ
3126 3034 3341 3097 αὐτοὺς,
3370 3033 3482 3085 ἀλλ’
3508 3033 3649 3104 ὑπὲρ
3687 3033 3784 3103 τὴν
3819 3034 3926 3085 τῶν

2364 3126 2780 3198 κατηχουμένων
2819 3126 3103 3197 κάθαρσιν,
3146 3127 3243 3179 καὶ
3281 3125 3361 3177 ἔτι
3400 3127 3506 3178 τῶν
3548 3125 3929 3195 φωτιζομένων

2361 3216 2531 3281 τάξιν,
2565 3220 2629 3288 ἣν
2671 3218 2763 3271 καὶ
2791 3218 2959 3287 μέσην
2997 3218 3147 3287 φησι,
3174 3216 3271 3287 τὴν
3310 3216 3419 3268 τῶν
3463 3202 3666 3270 λαῖκῶν
3706 3215 3923 3287 δηλαδή.

2366 3310 2437 3362 Τὸ
2464 3310 2517 3362 δὲ
2542 3309 2807 3364 τελεῖσθαι
2836 3308 3023 3377 ὄνομα,
3051 3309 3174 3359 ἐπεὶ
3214 3307 3640 3380 καθολικώτερόν
3684 3311 3795 3359 ἐστι
3834 3307 3925 3359 τοῦ

2365 3399 2719 3463 τελειοῦσθαι,
2768 3400 2901 3469 πρὸς
2948 3400 3083 3471 ὅπερ
3112 3400 3221 3467 ,οὐκ
3259 3398 3451 3469 ἔχομεν
3492 3399 3644 3467 λόγον
3685 3400 3783 3470 τὴν
3825 3399 3929 3450 τῶν

2370 3492 2614 3563 μοναχῶν
2668 3492 2885 3563 τελετὴν
2933 3492 3261 3563 συγκρίνειν.
3331 3490 3466 3543 Ἀλλ’
3510 3490 3697 3561 ἐπειδὴ
3742 3493 3775 3559 ἡ
3824 3490 3931 3541 τῶν

2371 3584 2617 3655 gevava
2640 3585 2790 3652 τάξις
2815 3586 3175 3657 περιληπτικὴ
3215 3585 3329 3636 ἐστι
3358 3585 3451 3635 καὶ
3489 3582 3586 3653 τῆς
3615 3582 3931 3652 καθάρσεως

2369 3680 2463 3731 καὶ
2496 3678 2587 3731 τοῦ
2617 3676 2916 3750 φωτισμοῦ,
2940 3678 3027 3729 διὰ
3051 3677 3150 3746 τῆς
3180 3674 3476 3738 παντελοῦς
3501 3674 3813 3744 άγνότητος,
3838 3677 3934 3743 τὴν

2371 3769 2635 3841 κάθαρσιν
2662 3769 2802 3839 ἔχειν
2837 3771 3176 3839 ἐμφαίνεται,
3225 3768 3342 3838 μεθ’
3385 3769 3449 3838 ἢν
3476 3767 3570 3820 καὶ
3594 3766 3653 3818 τὸ
3678 3765 3787 3818 τῶν
3826 3782 3934 3832 φω-

2368 3863 2666 3932 τιζομένων
2697 3861 2826 3915 [διον
2850 3862 3225 3932 ὲπικέκτηται,
3253 3860 3331 3912 ἔτι
3357 3860 3411 3912 δὲ
3438 3859 3531 3911 καὶ
3570 3858 3678 3912 τῶν
3702 3858 3934 3911 τελειου-

2376 3957 2552 4027 μόνων
2594 3958 2650 4010 ιν
2686 3956 2974 4027 πνεύματι,
3016 3958 3123 4008 τῶν
3171 3954 3269 4025 μὲν
3312 3953 3713 4025 φωτιζομένων,
3761 3954 3839 4005 ὅτι
3880 3954 3929 4004 ἐι

2374 4052 2534 4121 νοερᾷ
2576 4049 2777 4122 θεωρίᾳ
2821 4050 2914 4102 καὶ
2960 4050 3211 4120 κοινωνίᾳ
3256 4049 3453 4117 πάσης,
3514 4048 3645 4115 ὅσης
3691 4046 3931 4116 θεμιτὸν,

2375 4143 2684 4214 ἱερουργίας
2708 4143 2914 4211 γίνεται
2939 4158 2952 4173 °
2980 4141 3085 4194 τῶν
3110 4141 3165 4194 δὲ
3198 4139 3603 4210 τελειουμένων,
3632 4139 3736 4200 ὅτι,
3766 4140 3925 4207 ἔγχει⁴

2380 4237 2633 4308 ριζομένη
2658 4240 2777 4299 ταῖς
2805 4236 3141 4307 ίεραρχικαῖς
3160 4234 3418 4304 δυνάμεσι
3446 4232 3537 4285 καὶ
3564 4232 3716 4301 παρὰ
3739 4231 3934 4282 τούτων

2376 4328 2831 4398 διακοσμουμένη,
2875 4327 3006 4398 πρὸς
3038 4327 3135 4396 τὴν
3179 4326 3278 4395 τῆς
3320 4326 3469 4395 ἱερᾶς
3508 4324 3810 4393 ἐπιστήμης
3849 4338 3936 4374 τεο

2380 4419 2591 4472 λείωσιν
2618 4418 2890 4485 ἀναλόγως
2916 4417 3193 4483 ἀνάγεται,
3234 4414 3373 4466 ὥστε
3415 4412 3635 4474 εἰκότως
3662 4414 3694 4480 ἠ
3719 4409 3933 4479 τοιαύτη

720 4511 1006 4565 adducitur
1039 4529 1051 4564 :
1088 4512 1162 4564 ita
1210 4520 1268 4563 nt
1312 4511 1435 4579 jure
1475 4514 1670 4566 merito
1718 4513 2022 4567 istiusmodi
2058 4512 2272 4565 vivendi
2307 4516 2351 4573 D

2307 4516 2351 4573 D
2380 4511 2620 4565 πολιτεία
2644 4510 2705 4561 τὸ
2749 4507 2948 4577 ὑψηλὸν
2987 4506 3122 4576 ἔχει,
3159 4505 3257 4568 τὰς
3280 4508 3427 4575 τρεῖς
3462 4502 3568 4555 τῶν
3604 4502 3936 4570 τελουμένων

723 4602 1024 4655 institutum
1072 4602 1299 4656 sublime
1349 4604 1478 4671 quid
1518 4604 1739 4671 habeat,
1793 4620 1913 4659 cum
1966 4604 2017 4657 in
2068 4618 2124 4657 se
2169 4612 2278 4657 tres

724 4693 1059 4746 iniliatorum
1091 4696 1309 4747 Ordines
1334 4694 1745 4762 complectatur.
1781 4697 1917 4750 Hinc
1948 4697 2113 4751 divini
2145 4711 2281 4763 prfe—

724 4796 971 4851 ceptores
1006 4786 1175 4837 nostri
1211 4786 1409 4839 divinis
1449 4788 1758 4841 nominibus
1792 4802 1886 4842 eos
1916 4790 2277 4853 honoraruut,

724 4877 812 4928 alii
840 4877 1055 4944 quidem
1082 4877 1337 4939 cultores,
1358 4877 1449 4931 alii
1476 4893 1602 4933 vero
1620 4880 1916 4933 monachos
1941 4881 2277 4949 appellando.

722 4970 971 5025 Cultores
1026 4973 1271 5039 quidem,
1326 4981 1383 5025 ιιι
1434 4972 1521 5041 qui
1572 4972 1807 5025 divinum
1856 4973 2019 5042 258
2073 4972 2278 5025 Numen

724 5064 933 5115 sincere
966 5064 1245 5126 colerent;
1286 5065 1579 5117 monachos
1614 5080 1740 5117 vero
1775 5075 1829 5115 ut
1862 5068 1951 5131 qui
1991 5066 2054 5116 ad
2088 5065 2281 5115 indivi-

723 5155 883 5207 dnam
908 5167 961 5209 et
987 5157 1315 5225 singularem
1342 5158 1506 5208 vitam
1539 5158 1861 5225 aspirarent,
1881 5172 1999 5225 quze
2027 5158 2280 5209 nimirum

726 5250 845 5301 illos
894 5252 1133 5313 uniﬁcet,
1173 5260 1226 5302 et
1267 5250 1590 5303 uniformcm
1630 5249 1822 5302 aﬂerat
1865 5250 2227 5315 cognitionem
2264 5263 2279 5301 :

727 5344 866 5396 hanc
890 5346 1031 5397 enim
1058 5346 1337 5396 monailem
1366 5355 1519 5396 vocat
1546 5344 1801 5410 (scientia
1834 5344 1979 5395 cnim
2008 5346 2154 5395 unita
2179 5354 2279 5406 est,

729 5440 869 5491 sicut
919 5440 1219 5505 ignorantia
1254 5449 1335 5491 est
1367 5438 1655 5490 multitudo
1693 5452 1871 5489 rerum
1919 5437 1968 5487 itt
2011 5437 2173 5488 multa
2207 5437 2285 5487 di-

730 5542 993 5596 versaque
1040 5531 1464 5595 distractarum),
1519 5532 1741 5582 uniiicat
1792 5539 1970 5581 autem
2022 5529 2282 5596 quodam-

731 5621 912 5679 modo,
953 5623 1074 5673 dum
1112 5622 1321 5675 scilicet
1352 5624 1521 5675 sacris
1559 5638 1735 5673 rerum
1782 5621 2077 5673 divisurum
2118 5621 2283 5670 colle-

732 5713 998 5767 ctionibus
1049 5730 1108 5768 sc
1160 5716 1389 5782 perﬁcit.
1444 5715 1614 5767 Porro
1666 5715 1837 5767 divisa
1888 5713 1975 5765 hic
2032 5711 2287 5765 dicuntur

732 5807 972 5874 sytnliola
1004 5807 1117 5871 illa,
1150 5819 1207 5861 ut
1230 5818 1375 5872 sunt,
1399 5807 1664 5872 cucullus,
1689 5807 1993 5875 scapulare,
2022 5805 2283 5871 cilicium,

2380 4603 2564 4669 τάξεις
2590 4606 2644 4654 ὲν
2671 4604 2833 4671 ἑαυτῇ
2865 4600 3249 4669 περιφέρουσα.
3271 4596 3459 4649 Ἔνθεν
3483 4597 3529 4647 οἱ
3549 4595 3684 4647 θεῖοι
3708 4595 3938 4664 καθηγε-

2386 4697 2543 4766 μόνες
2584 4694 2757 4764 ἡμῶν,
2802 4692 2957 4743 θείων
2986 4688 3307 4758 ὲπωνυμιῶν
3347 4687 3542 4749 αὐτοὺς
3578 4685 3940 4757 κατηξίωσαν,

2382 4791 2428 4840 οι
2486 4789 2581 4858 μὲν
2637 4784 2996 4857 θεραπευτὰς,
3047 4786 3094 4835 οἱ
3151 4784 3204 4835 δὲ
3252 4783 3514 4851 μοναχοὺς
3560 4782 3942 4851 ὀνομάσαντες

2386 4880 2725 4950 θεραπευτὰς
2752 4880 2848 4947 μὲν
2872 4878 2943 4938 ὡς
2968 4877 3026 4927 τὸ
3051 4876 3201 4927 Θεῖον
3228 4874 3481 4938 καθαρῶς
3512 4874 3908 4942 θεραπεύοντας
3929 4889 3943 4900 ο

2388 4974 2649 5043 μοναχοὺς
2690 4972 2761 5033 δὲ,
2798 4973 2870 5032 ὡς
2912 4970 3044 5039 πρὸς
3079 4968 3369 5037 ἀμέριστον
3421 4967 3513 5017 καὶ
3559 4967 3763 5016 ἑνιαίαν
3804 4966 3945 5033 ζωὴν

2387 5064 2779 5123 καταντῶντας,
2812 5063 2929 5128 ἥτις
2966 5061 3027 5128 δὴ
3065 5058 3239 5110 ένιαία
3265 5058 3375 5127 ζωὴ
3406 5056 3719 5108 ἑνοποιοῦσα
3755 5058 3946 5118 αὐτοὺς

2386 5158 2461 5218 εἰς
2487 5155 2685 5222 ὲνοειδῆ
2716 5152 2913 5217 γνῶσιν
2938 5169 2949 5179 ·
2976 5150 3173 5219 ταύτην
3202 5150 3308 5219 γὰρ
3336 5150 3478 5215 λέγει
3511 5149 3711 5217 μονάδα
3744 5150 3759 5215 (
3785 5150 3815 5215 η
3843 5150 3943 5218 γα(

2386 5249 2583 5318 γνῶσις
2612 5248 2802 5303 ἐνιαία,
2834 5246 2905 5307 ὡς
2938 5248 2968 5313 ἡ
3000 5245 3187 5311 ἄγνοια
3214 5242 3411 5310 πλῆθος
3439 5243 3848 5310 ἐσκεδασμένων
3872 5246 3947 5303 εἰς,

2387 5341 2557 5395 πολλὰ
2595 5342 2685 5391 καὶ
2713 5338 2939 5405 διάφορα
2961 5338 2999 5405 ),
3027 5335 3340 5387 ἐνοποιοῦσα
3363 5335 3417 5386 δέ
3453 5352 3587 5396 πως,
3620 5334 3859 5404 δηλονότι
3896 5337 3938 5384 ἐκ

2386 5437 2504 5495 ταῖς
2539 5435 2706 5499 ἱεραῖς
2744 5431 2846 5481 τῶν
2882 5427 3159 5496 διαιρετῶν
3190 5425 3521 5494 συμπτύξεσι
3554 5422 3762 5474 τελειοῖ.
3805 5428 3934 5472 Διαεξ

2391 5524 2521 5594 pati
2552 5524 2606 5574 δέ
2648 5526 2748 5573 είσι
2791 5522 2858 5573 τὰ
2897 5518 3123 5571 εντα]οα
3170 5517 3428 5585 σύμϐολα,
3462 5516 3521 5566 τὸ
3566 5515 3897 5569 κουκούλιον.
3927 5516 3947 5557 r‘

2388 5617 2673 5677 ἀνάλαοος,
2707 5618 2766 5666 τὸ
2797 5616 3051 5685 τρίχινον,
3078 5613 3136 5663 τὸ
3166 5612 3353 5679 μέλαν,
3385 5610 3563 5661 καὶτὰ
3601 5608 3842 5661 τοιαῦτα.
3875 5602 3938 5659 ὦ·

2389 5713 2615 5762 ἕκαστον
2648 5712 2851 5777 ύᾲηὶην
2890 5712 2997 5775 ἔχει
3031 5708 3123 5757 καὶ
3164 5705 3368 5757 ἑνιαίαν
3396 5703 3492 5772 τὴν
3529 5702 3759 5753 ἔννοιαν’
3794 5700 3947 5751 τοῦττ

2392 5805 2497 5872 γάρ
2537 5804 2649 5854 ἐστι
2684 5801 3138 5870 καισύμπτινξίς.
3158 5797 3337 5848 Ἀλλοι
3365 5796 3420 5847 δι
3449 5794 3687 5864 διαιρετὰ
3718 5793 3783 5847 τὰ
3825 5792 3932 5861 fite)
