4178 6312
271 365 376 419 545

818 366 905 419 DE
943 363 1221 420 ECCLES.
1259 363 1651 424 [IIERARCH.,
1687 364 1839 420 CAP.
1877 364 1966 419 VI.
2003 394 2072 404 —
2108 362 2452 419 PARAPHR.
2493 362 2949 418 PACHYMERA‘L.

3368 368 3470 422 546

266 476 393 528 τικά
439 493 589 543 φασι,
631 475 724 530 καί¹
763 476 1062 546 σύμπτυξιν
1099 478 1195 548 τὴν
1231 477 1335 529 ἀπὸ
1373 477 1573 530 τούτων
1615 479 1818 531 τελείαν
1850 488 1896 541 Α

1816 498 1818 516 ι
1850 488 1896 541 Α
1927 488 2040 530 atra
2070 480 2253 542 vestis,
2275 487 2329 531 et
2365 477 2583 541 similia,
2616 493 2841 546 quorum
2873 478 3148 547 quodlibet
3179 479 3466 535 sublimem

262 565 360 617 ’καὶ
387 565 573 638 ὀλόκλη
584 583 674 636 ρον
703 567 1065 638 ἀναχώρησιν.
1089 566 1189 619 Διά
1214 567 1308 637 τὴν
1334 568 1584 639 τοιαύτην
1609 569 1824 622 τελείω-

267 672 352 709 σιν
389 658 587 726 ἠξιώθη
634 659 914 730 ἡτοιαύτη
956 659 1106 724 τάξις
1139 662 1229 713 καὶ
1269 663 1544 733 ἱερατικῆς
1579 664 1818 732 τελετῆς,

264 749 359 802 καὶ
385 751 484 819 τῆς
521 749 605 801 δἰἀ
633 749 739 802 τῶν
765 751 935 820 εὐχῶν
964 754 1331 823 ἐπικλήσεως·
1359 754 1495 807 ὥστε
1525 754 1596 824 μὴ
1634 756 1820 824 μόνους

264 838 359 906 ἀφ’
381 839 582 890 ἐαυτῶν
605 840 865 909 ἀμφιέννυ
875 841 993 893 σθαί
1014 859 1161 906 τινας
1185 843 1244 895 τὸ
1266 833 1468 914 σχῆμα,
1487 843 1622 896 ἀλλά
1638 847 1818 915 χερσὶν

264 931 564 999 ίερατικαῖς
588 933 680 984 καὶ
702 932 820 1003 θείᾳ
852 932 1131 1003 ἐπικλήσει
1164 935 1404 1002 γίνεσθαι
1428 937 1526 1009 τὴν
1561 939 1636 999 είς
1664 937 1819 989 τοῦτο

261 1020 538 1074 τελείωσιν
571 1039 583 1051 ·
626 1022 762 1094 πλὴν
801 1025 985 1095 χερσὶν
1033 1025 1130 1077 οὐκ
1173 1026 1463 1096 ἀρχιερέων
1504 1026 1675 1096 (τοῦτο
1710 1027 1818 1103 γὰρ

265 1111 361 1164 ἐπὶ
391 1113 561 1181 μόνων
585 1114 692 1166 τῶν
725 1115 1010 1184 ίερατικῶν
1043 1117 1247 1184 γίνεται
1282 1117 1655 1188 χειροτονιῶν),
1686 1117 1820 1170 ἀλλά

263 1205 448 1273 χερσὶν
481 1205 685 1275 ἱερέων,
717 1209 807 1260 καὶ
842 1207 1068 1278 δευτέρα
1099 1209 1233 1278 μετὰ
1254 1210 1350 1280 τὴν
1376 1209 1645 1280 ἱερατικὴν
1669 1210 1820 1262 τελε-

259 1294 380 1362 τήν.
448 1294 722 1348 Ἐντεῦθεν
769 1297 825 1348 δὲ
867 1297 1254 1368 σημειούμεθα,
1305 1299 1378 1360 ὡς
1421 1298 1558 1351 κατά
1598 1299 1687 1350 τὸν
1726 1297 1819 1351 τοῦ

260 1382 474 1452 Πατρὸς
492 1384 645 1452 λόγον
664 1386 723 1437 οὺ
748 1387 828 1439 δεῖ
844 1389 1027 1458 σχῆμα
1046 1388 1275 1458 μοναχοῦ
1294 1388 1584 1442 ἐπίσκοπον
1603 1388 1818 1452 διδόναι,

261 1472 377 1525 ἀλλ’
481 1476 634 1544 μόνον
666 1478 1045 1549 πρεσϐύτερον.

1925 568 2086 622 habet
2116 580 2169 623 et
2197 571 2524 638 singularem
2559 569 3006 639 intelligentiam;
3043 582 3207 639 atque
3233 574 3336 625 hoc
3365 574 3467 627 sibi

1922 656 2037 710 vult
2085 672 2189 712 vox
2226 658 2311 710 illa
2366 659 2686 728 σύμπτυξις,
2735 676 2826 715 seu
2871 659 3126 717 callectio.
3196 662 3296 714 Alii
3345 677 3472 716 vero

1924 751 2092 804 divisa
2125 761 2319 805 vocant
2347 752 2435 806 illa
2477 767 2598 821 qua:
2627 753 2693 806 ad
2745 752 2881 807 hanc
2910 754 3072 807 vitam
3108 765 3372 822 spectant,
3415 765 3472 808 et

1924 843 2321 908 collectionem,
2353 845 2656 912 perfectum
2689 853 2741 898 et
2766 845 3134 899 omnimodum
3173 850 3239 898 ab
3271 848 3354 901 his
3388 862 3472 902 re-

1923 947 2156 986 cessum.
2189 933 2416 1002 Propter
2451 935 2750 988 istiusmodi
2785 937 3166 1004 perfectionem
3202 939 3336 991 ordo
3371 944 3471 994 iste

1924 1026 2295 1080 ecclesiastica
2331 1042 2546 1097 quoque
2579 1031 2990 1083 consecratione
3019 1032 3210 1099 dignus
3256 1041 3337 1084 est
3379 1033 3471 1084 ba-

1923 1117 2090 1182 bitus,
2133 1129 2186 1172 et
2220 1134 2439 1186 precum
2475 1121 2832 1185 invocatione,
2870 1122 2940 1174 ita
2971 1133 3027 1174 ut
3076 1139 3176 1175 non
3219 1124 3316 1188 ipsi
3359 1132 3466 1175 tau-

1921 1216 2031 1261 tnm
2061 1226 2123 1263 se
2168 1209 2351 1263 habitu
2388 1211 2493 1264 isto
2524 1211 2771 1275 induant,
2807 1212 2900 1265 sed
2937 1211 3186 1264 manibus
3219 1215 3464 1266 sacerdo-

1924 1308 2033 1352 tum
2082 1309 2134 1352 et
2189 1301 2532 1354 invocatione
2570 1302 2746 1356 divina
2797 1304 3095 1357 istiusmodi
3135 1307 3471 1359 consecratio

1922 1390 2250 1458 celebretur;
2282 1410 2385 1448 non
2426 1404 2600 1449 tamen
2636 1398 2878 1451 manibus
2908 1400 3283 1466 episcoporum
3321 1401 3469 1469 (nam

1926 1482 2028 1534 boc
2057 1483 2107 1534 in
2142 1483 2272 1535 solis
2301 1487 2473 1537 sacris
2501 1486 2937 1539 ordinationibus
2969 1489 3069 1553 lit),
3096 1489 3187 1541 sed
3226 1491 3471 1543 inanibus

261 1570 632 1631 sacerdotum,
662 1580 714 1622 et
743 1572 979 1624 secunda
1014 1583 1132 1639 post
1161 1571 1556 1626 ecclesiasticos
1609 1571 1826 1626 ordines
1862 1574 2292 1627 consecratione.
2342 1576 2553 1643 Itaque,
2606 1578 2898 1640 secundum
2951 1579 3106 1648 hujus
3155 1582 3326 1634 sancti
3364 1580 3469 1636 Pa-

263 1657 362 1708 tris
388 1657 569 1721 verba,
606 1673 711 1712 non
739 1660 894 1714 debet
931 1661 1215 1730 episcopus
1241 1664 1370 1717 dare
1415 1664 1660 1718 habitum
1696 1666 2081 1733 monasticum,
2113 1667 2208 1720 sed
2240 1666 2386 1721 solus
2417 1671 2687 1722 sacerdos.

811 1776 875 1828 ΙΙ.
907 1779 963 1830 Μ
967 1777 1267 1839 υστήριον.

349 1882 572 1952 Ἐστηκε
606 1884 704 1954 μὲν
730 1887 757 1938 6
798 1886 992 1956 ἱερεὺς,
1025 1888 1122 1957 οὐχ
1146 1892 1173 1941 6
1207 1890 1512 1960 ἀρχιερεὺς,
1544 1890 1636 1942 τοῦ
1673 1890 1815 1944 θείου

261 1973 638 2046 θυσιαστηρίου
659 1977 979 2048 ἔμπροσθεν,
1003 1978 1283 2048 ίερολογῶν
1305 1981 1398 2051 τὴν
1423 1982 1602 2051 εὐχήν
1625 1981 1819 2051 ἕστηκε

258 2063 318 2115 δὲ
355 2067 386 2117 6
425 2065 740 2136 τελούμενος
783 2069 957 2121 ὀπίσω
995 2070 1086 2123 τοῦ
1127 2073 1333 2141 ἱερέως,
1386 2074 1520 2144 μήτε
1561 2075 1702 2127 κατὰ
1728 2077 1818 2128 τὸν

263 2159 416 2228 ἱερέα
449 2158 613 2228 ἄμφω
632 2160 709 2236 τῶ
738 2162 864 2213 πόδε
892 2161 1104 2229 κλίνων,
1134 2166 1266 2233 μήτε
1300 2165 1437 2216 κατά
1463 2167 1549 2217 τὸν
1578 2166 1818 2219 διάκονον

264 2248 489 2319 θάτερον
523 2249 631 2303 τῶν
673 2250 868 2315 ποδῶν,
918 2253 1051 2322 μήτε
1097 2254 1199 2324 μὴν
1248 2255 1386 2307 κατά
1430 2255 1518 2306 τὸν
1563 2257 1818 2328 ἀρχιερέα

262 2338 358 2393 ἐπὶ
396 2340 634 2409 κεφαλῆς
675 2340 811 2409 ἔχων
850 2341 912 2393 τὸ
961 2342 1100 2395 θεῖον
1145 2345 1234 2395 καὶ
1272 2344 1412 2413 ἱερὸν
1455 2345 1777 2413 Εύαγγέλιον
1803 2362 1816 2376 ·

265 2429 424 2500 μόνον
458 2430 512 2481 δὲ
543 2429 765 2500 πλησίον
799 2431 891 2484 τοῦ
941 2433 1128 2503 ἱερέως
1164 2435 1373 2486 ἵσταται
1421 2436 1819 2506 ίερολογοῦντος

261 2521 361 2591 τὴν
389 2524 472 2573 ἐπ’
498 2524 640 2592 αύτῷ
680 2525 860 2593 εὐχήν,
902 2523 958 2576 '0
999 2525 1177 2593 μέντοι
1220 2543 1281 2593 γε
1314 2527 1487 2597 ἱερεὺς
1515 2531 1610 2598 τὴν
1644 2530 1820 2601 sigth

260 2612 507 2677 τελέσας,
537 2614 626 2667 ἐπὶ
657 2613 840 2666 τοῦτον
879 2614 1067 2678 ἐλθὼν,
1112 2616 1322 2685 πρῶτον
1369 2617 1464 2687 μὲν
1495 2621 1744 2689 ἐπερωτᾷ
1774 2622 1820 2671 εί

263 2704 632 2757 ἀποτάσσεται
675 2705 874 2767 πάσαις
929 2705 1024 2775 μὲν
1070 2707 1361 2777 διαιρεταῖς
1417 2710 1506 2760 καὶ
1552 2709 1821 2772 ποικίλαις

263 2789 450 2855 ζωαῖς,
471 2795 629 2864 ἤγουν
645 2794 950 2864 ἐμπορίαις,
965 2797 1377 2866 πραγματείαις,
1401 2797 1819 2868 συναλλάγμασι,

261 2890 357 2940 καὶ
393 2891 507 2949 τοῖς
531 2886 741 2949 ἄλλοις·
789 2888 988 2949 πάσαις
1030 2887 1086 2940 δὲ
1121 2891 1459 2957 φαντασίαις,
1507 2890 1643 2942 ὥστε
1689 2893 1821 2961 μηδέ

260 2980 623 3048 φαντάζεσθαι
648 2980 840 3043 ταῦτα,
873 2982 986 3033 ἀλλ’
1014 2980 1088 3044 ὠς
1117 2981 1305 3051 νεκρὸν
1345 2980 1521 3050 μένειν
1548 2983 1637 3034 καὶ
1666 2984 1820 3034 ἀνεν-

261 3073 491 3144 ἐργητον
530 3075 621 3125 ἐπὶ
667 3072 876 3135 τούτοις
906 3074 1123 3126 ἀπασιν.
1177 3075 1408 3125 Ἔπειτα
1450 3075 1687 3129 διδάσκει
1723 3077 1820 3147 τὴν

258 3165 361 3234 τῆς
397 3164 690 3234 μοναχικῆς
738 3164 1011 3228 πολιτείας
1055 3165 1354 3234 ἀκρίϐειαν,
1395 3167 1815 3237 μαρτυρόμενος,

259 3253 341 3305 ὃτι
368 3253 469 3324 χρὴ
490 3253 676 3306 τοῦτον
698 3253 1188 3324 ὑπερανεστηκέναι
1211 3255 1349 3306 κατά
1375 3256 1505 3307 πολὺ
1528 3257 1624 3325 τῆς
1649 3259 1819 3328 μέσης

257 3343 372 3396 τῶν
411 3343 610 3397 λαῖκῶν
643 3343 868 3409 τάξεως.
900 3345 1082 3397 Ταῦτα
1111 3345 1165 3397 δὲ
1210 3347 1414 3398 ἐκείνου
1459 3348 1820 3418 ὁμολογήσαν-

259 3451 354 3498 τος
402 3435 702 3505 προσεχῶς,
751 3436 890 3488 κατά
918 3437 978 3489 τὸ
1018 3437 1569 3508 ἀπολυπραγμὸνητον
1591 3440 1705 3501 ναί,
1742 3441 1818 3509 τῷ

263 3525 592 3592 σταυροειδεῖ
633 3525 784 3594 τύπῳ
829 3526 1282 3594 σφραγισάμενος,
1325 3527 1603 3594 ἀποκείρει
1643 3532 1719 3592 είς
1759 3530 1819 3581 τὸ

261 3615 432 3685 δνομα
463 3615 554 3668 τοῦ
587 3617 795 3687 Πατρὸς
831 3617 924 3668 καὶ
954 3615 1046 3668 τοῦ
1077 3616 1324 3674 Υίοῦκαὶ
1350 3616 1442 3669 τοῦ
1475 3618 1627 3685 ἁγίου
1652 3620 1819 3672 Πνεύ-

264 3723 467 3774 ματος·
510 3708 601 3759 καὶ
645 3708 1001 3776 ἀπαμφιάσας
1043 3707 1139 3776 τὴν
1171 3708 1371 3777 ἐσθῆτα
1416 3709 1672 3778 μέλαιναν
1708 3713 1816 3782 ἀμ-

261 3796 524 3866 φιέννυσι,
565 3787 667 3847 καῖ’
703 3797 838 3864 μετὰ
879 3795 985 3848 τῶν
1031 3797 1201 3850 ἄλλων
1254 3797 1412 3866 ἱερῶν
1449 3799 1655 3869 ἀνδρῶν
1705 3802 1817 3854 ὅσοι

261 3888 515 3957 πάρεισιν
553 3887 954 3956 ἀσπασάμενος,
983 3887 1080 3956 τῆς
1121 3886 1269 3950 θείας
1312 3891 1540 3943 ποιεῖται
1569 3891 1818 3945 κοινωνὸν

263 3979 634 4048 μεταλήψεως.

859 4089 946 4146 Ill.
984 4092 1218 4159 Θεωρία.

330 4205 421 4276 ξι.
467 4205 786 4276 Ἐπειδήπερ
819 4206 850 4277 η
884 4205 988 4258 τῶν
1033 4205 1205 4258 ποδῶν
1250 4207 1423 4271 κλίσις
1465 4209 1564 4279 τὴν
1603 4210 1821 4264 ὑποκει-

264 4297 432 4366 μένην
459 4296 644 4366 ἐδήλου
673 4297 1050 4365 προσαγωγὴν,
1076 4295 1183 4347 είτε
1216 4295 1302 4349 διά
1337 4300 1460 4367 μιᾶς
1494 4299 1589 4369 τῆς
1618 4301 1819 4371 καθάρ-

261 4405 432 4449 σεως,
473 4390 580 4440 εἴτε
615 4387 702 4439 διά
747 4387 888 4439 δυοῖν
920 4387 1088 4456 αὐτῆς
1117 4404 1176 4439 τε
1222 4389 1312 4441 καὶ
1355 4389 1448 4440 τοῦ
1501 4393 1811 4462 φωισμοῦ·

260 4478 446 4549 ἐδήλου
476 4479 552 4540 δὲ,
585 4479 661 4529 ὅτι
711 4476 827 4545 Θεῷ
872 4478 1213 4546 ὐποκείμενοι
1244 4480 1289 4530 οί
1337 4479 1628 4543 τελοῦντες,
1670 4483 1815 4553 αὐτῷ

257 4568 321 4639 δὴ
354 4567 432 4638 τῷ
463 4568 753 4640 τελετάρχῃ
780 4566 896 4637 Θεῷ
993 4569 1320 4636 προσάγουσι
1358 4570 1447 4622 τὸν
1476 4572 1809 4641 τελούμενον.

272 4662 564 4725 Ἐνταῦθα,
620 4663 741 4714 ἐπεὶ
793 4662 864 4732 μὴ
911 4662 1057 4730 παρά
1092 4678 1234 4723 τινος
1278 4663 1642 4732 προσάγεται,
1683 4666 1814 4719 ἀλλά

260 4755 390 4823 παρ’
434 4751 625 4804 ἐαυτοῦ
673 4751 779 4804 ἀπὸ
816 4751 916 4820 τῆς
968 4750 1134 4820 μέσης
1184 4752 1325 4819 ζωῆς
1363 4753 1440 4814 εἰς
1487 4754 1814 4824 ὑψηλοτέραν

259 4843 402 4914 ζωὴν
431 4845 522 4895 mi.
548 4844 824 4913 κρείττονα
853 4843 944 4894 καὶ
977 4842 1082 4894 ἀπὸ
1108 4843 1254 4911 ἱερᾶς
1281 4844 1358 4904 είς
1382 4843 1549 4912 ἱερὰν,
1581 4843 1759 4908 καθὼς
1787 4849 1814 4899 ὁ

260 4935 449 5005 Πατὴρ
475 4933 768 5006 σαφηνίζει,
805 4934 1079 5004 οὐδέτερον
1108 4935 1274 4986 κλίνει
1308 4937 1417 4987 τοῖν
1452 4937 1625 4989 ποδοῖν
1659 4939 1687 4988 6
1725 4956 1811 4990 τε-

260 5025 543 5093 λούμενος,
589 5025 794 5076 ἴσταται
835 5023 943 5095 γάρ
980 5026 1036 5077 ἐν
1073 5025 1190 5094 ίερᾷ
1227 5027 1316 5076 καὶ
1352 5026 1607 5102 μοναδικῇ
1642 5027 1808 5093 τάξει.

259 5118 367 5170 Καὶ
405 5118 503 5186 ὅρα
545 5117 635 5168 καὶ
663 5114 833 5179 ἄλλως
864 5115 1083 5186 ὁρισμὸν
1126 5117 1414 5186 μοναδικῆς
1447 5119 1683 5183 τάξεως,
1722 5122 1814 5172 καὶ

257 5209 309 5259 τί
335 5211 450 5260 ἐστι
482 5208 541 5260 τὸ
572 5209 855 5278 μοναχικὸν
889 5208 1024 5277 πρὸς
1047 5208 1106 5261 τὸ
1133 5210 1436 5277 μοναδικόν.
1487 5210 1680 5282 Πρώην
1707 5212 1812 5284 γὰρ

258 5297 536 5366 ἐλέγομεν,
564 5298 663 5359 ὅτι,
691 5298 809 5352 ἐπεὶ
840 5296 951 5348 ἀπὸ
971 5297 1077 5348 τῶν
1102 5297 1398 5368 διαιρετῶν,
1439 5300 1674 5370 δηλονότι
1705 5301 1813 5354 τῶν

261 5387 528 5457 βιωτικῶν
561 5387 842 5457 ἐμπαθῶν,
872 5387 1101 5451 ἐνίζεται
1136 5387 1215 5450 εἷς
1247 5406 1371 5442 τινα
1396 5391 1694 5459 σύμπτυξιν
1719 5394 1812 5445 καὶ

259 5481 462 5551 θεοειδῆ
502 5481 719 5552 μονάδα,
740 5479 824 5532 διά
848 5479 1005 5532 τοῦτο
1029 5480 1124 5550 τὴν
1151 5480 1242 5533 τοῦ
1277 5483 1502 5551 μοναχοῦ
1526 5484 1811 5552 ὀνομασίαν

259 5572 632 5643 ἐκληρώσατο“
666 5571 758 5624 νῦν
799 5571 853 5624 δὲ
900 5574 994 5625 καὶ
1037 5572 1208 5634 ἄλλως
1252 5572 1476 5642 λέγομεν
1521 5573 1696 5636 τοῦτο,
1733 5576 1810 5627 ὅτι

258 5664 456 5735 δηλαδὴ
499 5664 655 5733 μόνος
701 5663 792 5715 καὶ
820 5664 917 5732 ἀφ’
969 5660 1168 5716 ἑαυτοῦ
1196 5665 1544 5734 προσάγεται,
1579 5665 1671 5716 καὶ
1716 5665 1808 5732 ἀφ’

260 5755 450 5808 ἑαυτοῦ
513 5754 808 5826 μοναδικῶς
870 5756 1080 5809 ἵσταται
1132 5757 1405 5826 ἑπομένως
1449 5757 1524 5826 τῷ
1563 5759 1693 5828 ἱερεῖ
1735 5757 1806 5818 ὡς

2487 1786 2550 1838 ll.
2583 1785 2912 1855 Mysterium.

1990 1893 2270 1959 Sacerdos,
2314 1911 2420 1951 non
2457 1899 2759 1967 episc0pus,
2807 1909 2915 1954 stat
2945 1911 3068 1954 ante
3107 1902 3345 1956 divinum
3389 1905 3467 1958 al-

1922 1991 2037 2036 tare
2061 1986 2342 2040 celebrans
2366 1989 2700 2053 orationem;
2736 1992 2778 2043 is
2805 2000 2981 2044 autem
3009 1993 3098 2060 qui
3125 2007 3471 2049 consecratur

1920 2085 2027 2126 Stat
2072 2085 2190 2142 post
2231 2079 2592 2142 sacerdotem,
2632 2095 2730 2132 nec
2764 2090 3054 2150 utrumque
3095 2095 3150 2137 ut
3194 2088 3470 2150 sacerdos,

1925 2180 2099 2234 neque
2130 2167 2381 2234 alterum,
2422 2180 2476 2222 ut
2503 2169 2769 2224 diaconus
2798 2187 2941 2239 genu
2988 2174 3182 2240 ﬂectit,
3215 2193 3386 2245 neque
3415 2190 3471 2232 ut

1918 2259 2200 2325 episcopus
2238 2259 2474 2316 divinum
2511 2277 2575 2315 ac
2629 2273 2873 2317 sanctum
2919 2268 3260 2336 evangelium
3310 2285 3469 2338 supra

1920 2362 2073 2418 caput
2100 2351 2278 2415 habet,
2302 2352 2394 2406 sed
2421 2363 2628 2406 tantum
2654 2364 2799 2407 astat
2821 2358 3089 2410 sacerdoti
3113 2374 3272 2426 supra
3299 2363 3471 2428 ipsum

1922 2443 2204 2509 mysticam
2260 2444 2654 2498 invocationem
2701 2448 2976 2500 recitanti.
3022 2448 3093 2500 Ea
3133 2465 3262 2503 vero
3298 2452 3472 2517 linita,
3513 2433 3515 2439 l

1921 2534 2178 2586 sacerdos
2207 2535 2274 2587 ad
2304 2551 2423 2587 eum
2454 2536 2722 2589 accedens
2752 2546 2904 2606 rogat
2933 2539 3104 2606 ipsum
3127 2543 3380 2610 primum,
3404 2559 3471 2596 an

1920 2625 2167 2679 omnibus
2210 2629 2368 2680 rebus
2413 2627 2645 2680 dividuis
2692 2637 2744 2681 et
2791 2630 2914 2682 vitis
2961 2632 3123 2685 variis
3175 2637 3470 2700 renuntiet,

1921 2720 2130 2772 scilicet
2183 2721 2530 2785 mercaturis,
2588 2722 2840 2789 negotiis,
2874 2726 3262 2789 contractibus,
3311 2738 3364 2781 et
3394 2728 3472 2783 si-

1923 2814 2171 2877 milibus;
2210 2814 2336 2866 item
2375 2816 2626 2866 omnibus
2655 2816 2962 2881 pliautasiis
2991 2831 3085 2870 seu
3128 2819 3472 2887 imaginatio-

1923 2904 2079 2958 nibus
2109 2918 2282 2958 rerum
2314 2905 2594 2970 similium,
2624 2918 2680 2958 ut
2707 2922 2771 2960 ne
2796 2911 2860 2961 de
2890 2909 2954 2961 iis
2979 2910 3190 2975 quidem
3212 2913 3471 2981 cogitare,

1922 2998 2013 3049 sed
2040 3007 2288 3063 tanquam
2323 3009 2585 3059 mortuus,
2624 3001 2690 3050 ab
2729 2999 2792 3050 iis
2818 3001 3064 3052 omnibus
3096 3003 3311 3067 penitus
3341 3006 3471 3058 alis-

1926 3090 2096 3142 tinere
2146 3089 2295 3141 velit.
2349 3087 2547 3141 Deinde
2610 3090 2765 3142 docet
2799 3095 3082 3145 monastici
3120 3095 3351 3147 instituti
3383 3111 3472 3148 ac-

1922 3181 2282 3242 curationem,
2326 3190 2640 3234 contestans
2694 3182 2838 3233 illum
2881 3183 3076 3236 debere
3125 3188 3351 3238 mediam
3395 3189 3474 3237 vi-

1923 3264 2090 3323 vendi'
2129 3271 2393 3326 rationem
2440 3286 2714 3338 superare.
2762 3273 2888 3337 Quae
2933 3276 3017 3328 ubi
3061 3280 3237 3329 omnia
3286 3277 3331 3330 is
3382 3278 3470 3345 qui

1924 3363 2168 3414 initiatur
2193 3359 2535 3415 continenter
2577 3364 2848 3430 professus
2879 3377 2987 3425 est,
3026 3367 3279 3418 sacerdos
3322 3382 3467 3429 eum,

1921 3451 2084 3502 veluti
2109 3449 2218 3519 jam
2247 3465 2276 3502 a
2305 3454 2642 3518 negotiorum
2671 3453 3010 3507 multitudine
3038 3454 3285 3519 liberum,
3314 3459 3470 3524 signo

1919 3545 2099 3597 crucis
2128 3545 2456 3613 consignans
2480 3547 2664 3598 tondet
2691 3548 2740 3597 in
2768 3547 2982 3598 nomine
3019 3546 3216 3611 Patris,
3246 3558 3297 3602 et
3323 3549 3467 3613 Filii,

1920 3635 2082 3704 259
2115 3648 2168 3688 et
2199 3635 2435 3704 Spiritus
2466 3639 2639 3689 sancti
2667 3653 2680 3699 ;
2725 3646 2778 3687 et
2821 3638 3080 3690 detractis
3112 3641 3463 3708 \estituentis,

1919 3728 2073 3791 nigra
2106 3740 2226 3777 eum
2271 3737 2422 3778 veste
2454 3725 2658 3783 induit,
2707 3734 2760 3777 et
2794 3741 2913 3777 cum
2958 3726 3078 3778 aliis
3108 3727 3235 3778 viris
3266 3733 3469 3782 sanctis

1921 3814 2220 3866 astantibus
2253 3815 2426 3881 ipsum
2464 3813 2724 3878 salutans,
2759 3816 3074 3884 participem
3105 3817 3237 3872 facit
3273 3818 3469 3873 divina:

1920 3909 2332 3963 communionis.

2442 4107 2526 4161 ΙΙΙ.
2560 4108 2952 4178 Contemplatio.

1987 4195 2078 4266 gl.
2117 4196 2559 4265 Quandoquidem
2615 4201 2808 4266 pedum
2869 4201 3146 4256 inclinatio
3195 4204 3468 4260 subditam

1919 4290 2256 4355 signiﬁcabat
2296 4289 2693 4355 adductionem,
2741 4292 2854 4345 sive
2886 4307 2982 4358 per
3013 4295 3225 4347 unicam
3275 4297 3466 4363 expia-

1921 4386 2140 4447 tionem,
2178 4383 2290 4436 sive
2321 4397 2416 4451 per
2447 4383 2597 4446 duas,
2632 4397 2749 4435 eam
2795 4385 2962 4451 ipsam
3011 4396 3063 4439 et
3113 4387 3460 4442 illuminatio-

1851 4502 1889 4551 ι)
1922 4491 2066 4536 nem,
2109 4475 2365 4527 innuebat
2398 4490 2525 4529 vero
2573 4475 2716 4543 quod
2759 4475 2868 4529 Deo
2914 4477 3114 4530 subditi
3167 4478 3463 4547 initiantes,

1919 4566 2136 4632 msiniet
2165 4566 2485 4619 initiationis
2523 4567 2750 4635 principi
2785 4567 2891 4621 Deo
2939 4568 3261 4622 iuitiandum
3295 4571 3464 4624 addu-

1914 4667 2116 4710 cerent.
2161 4655 2258 4709 Hic
2289 4667 2489 4722 autem,
2536 4671 2655 4710 eum
2704 4673 2732 4710 a
2773 4660 2985 4712 nemine
3015 4659 3336 4723 adducatur,
3367 4660 3461 4712 sed

1916 4752 2028 4816 ipse
2060 4763 2152 4817 per
2198 4763 2257 4802 se
2296 4762 2324 4801 a
2361 4749 2531 4802 media
2567 4749 2777 4803 vivendi
2817 4750 3023 4803 ratione
3061 4749 3129 4802 ad
3176 4751 3471 4804 sublimia--

1916 4859 2025 4897 rem
2058 4856 2121 4896 ac
2152 4842 2599 4910 praestantiorem,
2642 4851 2695 4895 et
2730 4857 2756 4893 a
2791 4855 2947 4894 sacro
2977 4851 3117 4896 Statu
3150 4842 3215 4895 ad
3244 4857 3462 4896 sacrum

1914 4944 2109 4990 statum
2145 4943 2407 5000 transeat,
2441 4943 2497 4986 ut
2534 4935 2620 4986 liic
2655 4933 2811 4986 Pater
2843 4934 3100 4997 declarat,
3146 4934 3192 4988 is
3226 4936 3315 5002 qui
3351 4936 3454 4987 ini-

1914 5029 2078 5080 tiatur
2113 5035 2357 5080 neutrum
2386 5041 2519 5096 genu
2561 5025 2746 5090 ﬂectit,
2773 5027 3022 5093 quoniam
3069 5028 3118 5076 in
3171 5041 3328 5078 sacro
3370 5041 3460 5079 so-

1913 5119 2197 5186 litarioque
2241 5119 2430 5171 ordine
2476 5118 2740 5172 c0usistit.
2792 5117 3030 5170 Observa
3085 5119 3246 5170 etiam
3301 5115 3460 5170 aliam

1913 5210 2192 5262 monastici
2224 5209 2430 5263 ordinis
2459 5209 2844 5269 deﬁnitionem,
2885 5219 2938 5261 et
2971 5209 3094 5275 quid
3129 5209 3200 5262 sit
3244 5225 3462 5278 μοναχι-

1912 5301 2003 5352 κδν
2027 5303 2089 5354 ad
2111 5299 2415 5370 μοναδικόν.
2439 5299 2606 5351 Antea
2629 5299 2771 5352 enim
2804 5299 3136 5364 dicebamus,
3165 5299 3308 5367 quod
3337 5312 3465 5351 cum

1913 5393 2034 5459 quis
2061 5406 2090 5445 a
2132 5392 2382 5452 dividuis,
2412 5390 2618 5444 scilicet
2647 5389 2993 5444 sacularibus
3040 5388 3459 5459 perturbationi-

1914 5482 2032 5542 bus,
2066 5483 2130 5534 ad
2163 5480 2533 5534 collectionem
2567 5479 2850 5545 quamdam
2882 5487 2937 5531 et
2984 5476 3302 5531 deiformem
3335 5478 3459 5530 ιιιιί-

1913 5584 2077 5625 tatem
2108 5572 2464 5642 redigeretur,
2498 5585 2593 5637 per
2622 5570 2723 5622 hoc
2775 5584 2966 5622 nomen
2999 5568 3248 5623 monachi
3296 5569 3461 5621 sorti-

1912 5674 2058 5716 retur
2083 5678 2097 5715 :
2132 5679 2273 5716 nunc
2306 5671 2484 5714 autem
2517 5660 2674 5713 aliam
2703 5675 2915 5727 quoque
2942 5659 3130 5713 damus
3159 5659 3457 5722 rationem;

1909 5770 1971 5807 ex
2001 5770 2063 5807 eo
2089 5754 2230 5822 quod
2261 5753 2408 5808 solus
2439 5766 2533 5821 per
2563 5751 2906 5820 semetipsum
2936 5754 3253 5816 adducatur,
3283 5759 3331 5802 et
3364 5764 3457 5817 per
