4178 6312
704 371 805 426 547

1850 358 1907 414 8.
1946 358 2246 414 DIONYSII
2285 356 2741 415 AREOPAGITE

3821 342 3929 397 548

694 505 753 543 se
795 482 1093 557 μοναδικῶς
1129 494 1220 535 seu
1257 475 1490 533 solitarie
1546 476 1809 530 consistat
1848 484 1969 545 post
1997 478 2254 529 sacerdo-

2372 476 2547 537 lrta6b;
2575 476 2666 527 ἐπὶ
2691 473 2787 541 τὴν
2819 470 2926 523 τῶν
2962 468 3121 540 ἱερῶν
3154 465 3464 532 ἐπιστήμην
3500 458 3766 521 εὐπειθῶς
3796 459 3917 526 άγόι

696 592 823 643 tem,
876 588 1130 644 tanquam
1180 570 1384 626 assecla
1418 569 1507 638 qui
1542 568 1608 625 ad
1651 582 1930 621 sacrorum
1975 568 2256 621 scientiam

697 672 971 727 humiliter
1010 667 1239 737 aspirat.
1274 664 1423 718 Unde
1462 660 1521 712 τὸ
1561 659 1846 730 μοναχικὺν
1893 660 2088 714 dicitur
2132 672 2259 726 pro-

694 764 813 833 prie
845 762 910 815 de
940 760 1151 822 ordine,
1184 754 1467 827 μοναδικὸν
1496 767 1623 805 vero
1650 751 1717 803 de
1751 758 1918 803 statu.
1946 747 2257 803 Monadicus

697 851 954 904 nimirum
1002 862 1096 901 seu
1145 844 1425 899 solitarius
1472 850 1674 900 status-
1693 840 1909 902 dicitur,
1940 838 2063 907 quia
2111 836 2259 891 solus

696 942 992 998 secundum
1026 936 1313 990 monadem
1346 933 1612 987 consistit.
1644 924 1994 985 Monachicus
2026 944 2116 983 seu
2147 943 2260 983 mo-

698 1034 937 1089 nasticus
982 1031 1117 1085 ordo
1168 1028 1295 1097 quia
1350 1024 1669 1093 simpliciter
1701 1032 1755 1080 et
1792 1021 2160 1085 uniformiter,
2207 1029 2263 1074 et

697 1145 807 1183 non
842 1124 1149 1195 dupliciter,
1196 1119 1279 1173 vel
1314 1117 1621 1185 tripliciter,
1653 1114 1737 1168 vel
1771 1113 2143 1181 multipliciter
2177 1112 2263 1164 in-

696 1218 938 1272 stituitur
972 1230 1035 1267 ac
1074 1212 1426 1281 gubernatur.
1473 1205 1584 1258 Hoc
1630 1205 1793 1257 etiam
1833 1202 1920 1255 illa
1955 1203 2119 1255 vestis
2146 1212 2261 1254 atra

700 1326 818 1379 qure
876 1303 1306 1373 circumponitur
1358 1300 1631 1369 significat
1674 1320 1685 1352 :
1734 1296 2001 1365 siquidem
2055 1293 2267 1348 colores

702 1400 792 1454 alii
824 1399 877 1452 in
921 1397 1057 1452 alios
1085 1393 1243 1448 facile
1281 1399 1585 1453 mutantur,
1640 1398 1695 1443 et
1726 1400 1915 1442 omnes
1961 1386 2015 1439 in
2068 1384 2278 1453 nigrum

704 1498 829 1546 test.

772 1582 883 1653 §ll.
921 1580 1227 1633 Divisarum
1286 1584 1465 1629 autem
1518 1588 1583 1628 ac
1638 1570 1979 1625 saecularium
2029 1569 2263 1622 vitarum

702 1684 863 1742 atque
893 1673 1112 1739 insnper
1143 1669 1588 1735 imaginationum
1620 1660 1950 1719 renuntiatio
1979 1659 2267 1728 perfectis-

703 1765 894 1816 simam
937 1761 1173 1815 declarat
1215 1756 1612 1825 phil050phiam
1643 1770 1657 1806 :
1686 1752 1941 1820 quoniam
1974 1766 2003 1803 a
2033 1748 2268 1805 dividuis

2366 582 2543 633 μενος.
2571 564 2729 616 Ὅθεν
2751 564 2811 614 τὸ
2843 559 3129 631 μοναχικὸν
3158 558 3249 608 ἐπὶ
3271 556 3368 624 τῆς
3390 553 3592 617 τάξεως
3622 551 3828 617 λέγοιτο
3868 550 3937 603 ἂν

2361 656 2583 725 κυρίως,
2610 659 2670 708 τὸ
2700 655 2756 707 δὲ
2786 653 3060 724 μοναδικὺν
3092 650 3181 701 ἐπὶ⁵
3218 648 3317 716 τῆς
3364 646 3619 706 στάσεως.
3661 643 3937 712 Μοναδικὴ

2363 747 2571 809 στάσις,
2600 747 2680 798 ὅτι
2733 744 2888 815 μόνος
2931 742 3072 795 κατὰ
3118 740 3317 809 μονάδα
3360 738 3604 789 ἵσταταισ
3670 733 3938 804 μοναχικὴ

2360 841 2533 903 τάξις,
2560 840 2639 890 ὅτι
2667 837 2908 908 μοναχῶς
2943 836 3032 887 καὶ
3057 830 3316 893 ἐνοειδῶς,
3345 831 3438 881 καὶ
3465 829 3523 880 οὺ
3552 826 3732 895 διχῶς,
3760 824 3792 894 ἢ
3817 842 3943 893 τρι-

2362 930 2553 1001 χῶς,ἢ
2594 927 2869 995 πολλαχῶς
2903 922 3256 977 πολιτεύεται.
3304 918 3470 971 Τοῦτο
3508 916 3613 987 γὰρ
3656 915 3801 985 δηλοῖ
3846 913 3942 965 καὶ

2368 1021 2427 1073 τὸ
2464 1018 2893 1090 άμφιεννύμενον
2930 1014 3093 1086 μέλαν
3114 1030 3125 1042 ⁸
3153 1011 3222 1064 τά
3252 1011 3347 1081 μὲν
3372 1008 3481 1079 γάρ
3506 1008 3636 1061 ἄλλα
3661 1005 3769 1057 τῶν
3795 1020 3944 1075 χρω-

2373 1113 2555 1183 μάτων
2586 1113 2665 1175 είς
2708 1110 2869 1179 ἕτερα
2924 1102 3347 1178 μεταπεσοῦνται
3395 1099 3589 1171 ῥαδίως
3631 1099 3723 1149 καὶ
3766 1097 3947 1150 πάντα.

2371 1206 2449 1266 είς
2483 1202 2545 1255 τὸ
2574 1203 2756 1272 μέλαν,
2780 1202 2839 1253 τὸ
2868 1200 2923 1251 δὲ
2960 1198 3122 1268 μέλαν
3153 1196 3251 1248 οὐκ
3277 1193 3390 1245 ἔστι
3432 1188 3829 1262 μεταϐληθῆναι
3861 1185 3942 1247 εἰς

2371 1294 2555 1365 ἕτερον
2580 1292 2775 1363 χρῶμα
2802 1290 3037 1343 πώποτε.

2383 1386 2478 1440 sed
2527 1385 2679 1454 niger
2726 1384 2877 1438 color
2932 1384 2983 1436 in
3041 1379 3205 1433 alium
3264 1390 3541 1444 nunquam
3591 1371 3789 1426 mutari
3841 1384 3940 1440 po-

2440 1564 2465 1636 ς
2492 1564 2557 1617 11.
2582 1561 2644 1617 Ἦ
2671 1563 2726 1616 δὲ
2758 1562 3004 1633 ἀποταγὴ
3031 1561 3139 1615 τῶν
3166 1557 3433 1631 μεριστῶν
3459 1558 3551 1609 καὶ
3578 1554 3717 1608 κατά
3738 1555 3943 1625 κόσμον

2372 1653 2542 1718 ζωῶν,
2560 1653 2643 1707 ἔτι
2659 1656 2712 1706 δὲ
2735 1656 2827 1706 καὶ
2851 1653 3176 1723 φαντασιῶν,
3201 1653 3299 1721 τὴν
3322 1648 3660 1717 τελειοτάτην
3686 1646 3943 1716 ἐμφαίνει

2375 1747 2717 1817 φιλοσοφίαψ
2770 1749 3089 1800 ἐνοποιείται
3132 1746 3239 1816 γὰρ
3272 1746 3390 1806 ταῖς
3430 1741 3652 1803 ἐνιαίαις
3699 1740 3941 1803 ἐντολαῖς

707 1853 981 1916 recedens,
1026 1852 1201 1905 unicis
1238 1851 1342 1905 illis
1372 1848 1573 1902 Christi
1611 1846 1824 1901 Domini
1859 1842 2125 1898 mandatis
2157 1840 2274 1893 uni-

2375 1839 2465 1892 τοῦ
2512 1840 2778 1892 Δεσπότου
2832 1838 3064 1911 Χριστοῦ
3110 1837 3216 1890 τῶν
3261 1834 3527 1906 μεριστῶν
3554 1832 3939 1901 ἀφιστάμενος.

707 1945 909 1997 licatur.
952 1940 1135 2010 Neque
1170 1941 1313 1994 enim
1346 1949 1429 1993 est
1468 1939 1630 1993 medii
1664 1935 1872 1991 ordinis
1906 1933 2272 1994 initiatorum,

706 2034 912 2088 scilicet
936 2033 1356 2087 illuminatorum
1386 2038 1438 2085 et
1464 2043 1744 2083 sacrorum
1773 2027 2037 2081 laicorum
2068 2042 2080 2077 :
2110 2021 2276 2077 multa

707 2126 851 2178 enim
880 2124 1126 2178 monachi
1158 2122 1337 2175 facere
1368 2120 1747 2189 prohibentur,
1775 2097 2005 2187 quorum
2047 2113 2275 2168 facultas

707 2227 761 2269 et
790 2224 1031 2284 potestas
1066 2213 1216 2267 laicis
1260 2222 1364 2277 est,
1394 2220 1452 2264 ut
1480 2220 1627 2274 sunt,
1675 2210 1912 2277 nuptias,
1943 2207 2188 2259 militiam
2222 2215 2276 2260 et

707 2307 1033 2361 commercia
1086 2305 1454 2372 frequentare,
1502 2312 1557 2357 et
1602 2302 1825 2365 similia,
1870 2314 1992 2369 quae
2040 2299 2094 2351 in
2139 2297 2275 2351 laico

711 2416 816 2454 non
859 2398 1201 2451 damnantur.
1242 2394 1341 2449 Ubi
1386 2403 1510 2448 nota
1560 2394 1761 2447 dictum
1808 2390 2077 2460 quoddam
2114 2382 2275 2459 260

711 2493 840 2547 utile
893 2502 1079 2544 contra
1146 2488 1561 2555 Lampetianos,
1611 2485 1725 2539 sive
1774 2482 2129 2548 Masalianos,
2183 2489 2276 2534 aut

711 2585 1097 2653 Adelphianos,
1146 2580 1250 2646 vel,
1294 2580 1436 2649 quod
1472 2579 1611 2632 idem
1654 2576 1820 2638 valet,
1870 2574 2273 2638 Marcianistas,

713 2677 803 2746 qui
837 2675 1133 2729 triennium
1172 2670 1347 2726 solum
1380 2670 1622 2724 tribuunt
1663 2665 1991 2734 competenti
2027 2662 2273 2718 sanctiﬁ—

712 2766 936 2830 cationi,
968 2779 1031 2818 ac
1062 2772 1251 2832 postea
1289 2759 1609 2829 permissam
1642 2757 1957 2810 existimant
1994 2769 2112 2808 esse
2158 2768 2273 2807 om-

715 2871 837 2910 nem
880 2852 1172 2917 lasciviam,
1218 2864 1337 2905 cum
1386 2861 1547 2902 sensu
1589 2845 1801 2915 spoliati
1854 2843 2157 2899 istiusmodi
2194 2843 2273 2896 la-

717 2946 908 2998 borent
938 2942 1209 3011 passione.
1240 2937 1437 2991 Verum
1486 2935 1730 2989 monachi
1763 2949 1873 3003 pra:
1916 2934 2133 2988 caeteris
2180 2934 2273 2988 de-

721 3040 849 3093 bent
881 3039 947 3090 ad
992 3032 1379 3089 sacerdotalem
1420 3028 1634 3084 vivendi
1672 3030 1933 3083 rationem
1976 3023 2270 3087 eﬂormari,

719 3130 917 3198 quippe
960 3126 1051 3194 qui
1101 3139 1209 3193 prae
1252 3122 1465 3176 caeteris
1513 3119 1743 3174 initiatis
1776 3132 1896 3173 cum
1940 3118 2043 3171 isto
2083 3114 2273 3168 ordine

722 3220 979 3288 majorem
1019 3218 1252 3269 habeant
1294 3212 1644 3273 afﬁnitatem,
1684 3211 1760 3265 uti
1811 3223 1975 3277 supra
2023 3206 2276 3265 diximus,

723 3322 1061 3377 nequaquam
1124 3305 1264 3359 facta
1322 3300 1725 3371 comparatione
1770 3314 1893 3353 cum
1943 3298 2171 3352 initiatis
2218 3296 2282 3350 iis

724 3401 815 3468 qui
848 3409 1098 3467 suprema
1125 3395 1538 3451 consecratione
1565 3392 1766 3447 initiati
1798 3399 1945 3455 sunt,
1976 3391 2027 3443 id
2051 3399 2133 3445 est
2166 3403 2282 3457 per-

724 3491 881 3544 fectis
922 3490 1168 3559 (perfecti
1202 3488 1347 3541 enim
1397 3497 1521 3541 sunt
1548 3486 1639 3554 qui
1686 3499 1782 3552 per
1812 3482 2159 3553 baptismum,
2192 3480 2283 3548 qui

726 3599 824 3652 per
863 3582 1191 3643 unctionem,
1226 3581 1313 3647 qui
1350 3593 1443 3647 per
1469 3577 1919 3640 communionem,
1954 3575 2044 3643 qui
2077 3589 2171 3643 per
2197 3587 2286 3626 or-

727 3673 1054 3726 dinationem
1087 3679 1213 3723 sunt
1242 3669 1623 3739 consummati)
1668 3670 1760 3722 sed
1790 3682 1912 3721 cum
1946 3667 2011 3720 iis
2043 3664 2136 3733 qui
2185 3664 2287 3717 ini-

731 3762 952 3823 tiantur,
978 3758 1028 3812 id
1052 3766 1130 3811 est
1152 3758 1239 3824 qui
1269 3758 1867 3825 expiantur,docentur,
1895 3756 2283 3809 illuminantur.

730 3853 995 3919 Quoniam
1019 3850 1194 3903 omnis
1216 3850 1434 3917 quidem
1456 3849 1548 3916 qui
1578 3849 1855 3917 perficitur
1887 3847 2149 3910 initiatur,
2180 3860 2287 3899 non

730 3945 907 3999 omnis
948 3953 1127 3997 autem
1161 3944 1251 4012 qui
1279 3942 1527 3994 initiatur
1553 3941 1715 3994 etiam
1746 3940 2038 4008 perficitur.

808 4034 944 4106 §tll.
988 4033 1209 4101 Signum
1241 4046 1373 4086 vero
1408 4032 1596 4096 figura
1650 4031 1829 4084 crucis
1880 4030 2125 4097 designat
2170 4042 2289 4082 ces-

734 4132 996 4187 sationem
1030 4128 1327 4183 carnalium
1367 4126 1793 4190 desideriorum;
1842 4134 2083 4187 tonsura,
2125 4124 2289 4175 vitam

736 4238 922 4293 puram
965 4231 1019 4276 et
1048 4222 1267 4275 minime
1316 4218 1551 4271 fucatam
1581 4239 1592 4271 ;
1626 4230 1657 4268 a
1688 4216 2101 4283 snpervacaneis
2149 4212 2290 4265 enim

736 4316 1004 4383 expiatur,
1036 4314 1107 4366 ita
1136 4321 1196 4365 ut
1232 4326 1335 4364 non
1368 4310 1528 4362 liceat
1606 4306 1895 4361 ascititium
1932 4319 2099 4359 comae
2128 4318 2292 4356 orna-

738 4418 977 4463 tnentum
1010 4417 1312 4466 assumere,
1343 4403 1435 4456 sed
1467 4408 1803 4456 venustatem
1834 4400 2065 4451 maxime
2093 4394 2293 4450 deifor-

738 4516 902 4564 mem,
936 4495 1221 4553 mentalem
1248 4493 1460 4549 scilicet
1482 4500 1537 4545 et
1567 4490 1794 4544 unitam.

807 4590 835 4662 ς
865 4588 952 4645 lV.
990 4586 1175 4641 Vestes
1201 4588 1481 4638 insinuant
1516 4580 1725 4634 vivendi
1754 4580 1993 4634 rationes
2022 4596 2035 4633 :
2065 4579 2152 4633 illa
2176 4582 2295 4648 qui.

740 4684 861 4737 dem
887 4695 1007 4751 qum
1036 4679 1350 4747 deponitur,
1376 4674 1610 4744 priorem
1642 4670 1785 4725 illam
1812 4672 2033 4735 laicam,
2058 4670 2144 4724 illa
2171 4684 2295 4724 vero

740 4787 859 4841 quae
887 4771 1201 4834 assumitur,
1250 4766 1637 4838 perfectiorem
1687 4766 1825 4829 hanc
1873 4772 1927 4817 et
1977 4762 2293 4816 meliorem:

740 4865 881 4917 sicut
915 4862 1077 4916 etiam
1110 4861 1161 4914 in
1191 4861 1455 4927 baptismo
1501 4856 1671 4911 vestis
1716 4855 1805 4908 illa
1846 4853 2171 4923 permutatio
2201 4854 2295 4907 de—

741 4956 987 5025 signabat
1009 4954 1147 5021 ejus,
1170 4953 1260 5021 qui
1288 4966 1385 5019 per
1412 4949 1802 5003 institutionem
1828 4947 2073 5015 expiatus
2096 4945 2294 5010 fuerat,

743 5050 909 5101 vitam
940 5047 1006 5099 ad
1038 5042 1435 5111 contemplandi
1470 5051 1525 5095 et
1567 5038 1907 5094 illuminandi
1956 5046 2154 5091 statum
2192 5046 2298 5089 tra-

743 5140 886 5195 duci.
935 5137 1240 5194 Omittenda
1291 5137 1379 5191 hic
1429 5137 1603 5203 prima
1654 5135 1743 5188 illa
1788 5125 2297 5187 catechumenorum

746 5232 1065 5294 denudatio,
1114 5228 1380 5297 siquide
1422 5226 1513 5280 illa
1552 5228 1793 5281 sordium
1853 5234 2201 5279 externorum
2246 5230 2300 5274 et

747 5323 949 5377 erroris
979 5321 1370 5390 depositionem
1404 5318 1647 5381 exhibet,
1693 5315 1945 5385 quocirca
1974 5313 2032 5367 fit
2066 5313 2297 5377 eminus,

746 5425 802 5469 et
832 5426 986 5470 extra
1026 5429 1238 5469 sacrum
1271 5412 1570 5479 'templum.
1621 5408 1885 5464 Caeterum
1934 5420 2168 5475 agnosco
2215 5404 2301 5457 hic

748 5510 1059 5563 societatem
1089 5507 1239 5561 illam
1269 5521 1333 5562 ac
1362 5505 1602 5559 divinam
1649 5500 1884 5555 laetitiam
1924 5513 2021 5568 per
2057 5495 2297 5552 osculum

748 5615 841 5655 seu
874 5600 1181 5668 amplexum
1214 5597 1570 5665 designatam.

818 5769 847 5841 ᾗ
878 5769 937 5823 V.
976 5768 1090 5828 Sub
1138 5770 1294 5827 linem
1328 5770 1559 5840 denique
1589 5765 1953 5823 communicat
1984 5765 2029 5823 is
2073 5764 2164 5833 qui
2212 5777 2297 5817 re-

2378 1933 2512 1986 Οὑδέ
2538 1933 2645 2004 γὰρ
2671 1934 2768 2002 τῆς
2816 1932 2984 2001 μέσης
3013 1930 3119 1983 τῶν
3167 1927 3500 1998 τελουμένων
3547 1925 3663 1977 ἐστὶ
3704 1924 3942 1987 τάξεως,

2376 2025 2615 2095 δηλονότι
2646 2024 2753 2077 τῶν
2788 2023 3163 2095 φωτιζομένων
3199 2022 3289 2074 καὶ
3317 2019 3474 2089 ἱερῶν
3506 2016 3705 2070 λαῖκῶν
3726 2033 3737 2045 ·
3778 2014 3947 2069 πολλὰ

2376 2116 2483 2187 γὰρ
2525 2115 2787 2168 κωλύεται
2831 2117 2858 2167 ὁ
2904 2114 3130 2185 μοναχὸς
3186 2114 3379 2173 ποιεῖν,
3420 2102 3492 2162 ὧν
3544 2108 3590 2159 οἱ
3624 2107 3801 2159 λαῐκοὶ
3844 2104 3947 2176 τὴν

2376 2205 2671 2275 ἐπιτροπὴν
2714 2204 2806 2257 καὶ
2846 2204 2941 2274 τὴν
2998 2202 3239 2269 ἐξουσίαν
3289 2202 3500 2270 ἔχουσι’
3546 2199 3603 2251 τὸ
3642 2199 3695 2251 δέ
3739 2200 3874 2250 εἰσιν
3914 2197 3947 2249 ὸ

2375 2297 2567 2365 γάμος,
2608 2295 2698 2348 καὶ
2727 2294 2785 2347 τὸ
2811 2294 3117 2365 στρατείαις
3160 2293 3251 2345 καὶ
3278 2289 3562 2361 ἐμπορίαις
3589 2288 3817 2357 ὁμιλεῖν,
3848 2285 3947 2339 καὶ

2374 2387 2597 2457 ἑτέροις,
2619 2386 2675 2437 ἐν
2702 2379 2779 2448 οἷς
2806 2387 2833 2437 ὁ
2857 2384 3045 2446 λαϊκδς
3063 2384 3121 2435 οὺ
3147 2381 3544 2452 κατακρίνεται.
3570 2378 3675 2429 Καὶ
3704 2394 3769 2446 ση
3780 2377 3947 2445 μείω-

2377 2497 2463 2532 σαι
2487 2477 2544 2529 τὸ
2580 2476 2762 2547 ῥητὸν,
2789 2476 2867 2527 ὄτι
2908 2476 3172 2544 χρήσιμον
3208 2471 3345 2525 κατά
3378 2467 3796 2539 Λαμπετιανῶν,
3825 2466 3945 2535 ἤτοι

2373 2566 2730 2623 Μασαλιανῶν
2770 2565 2802 2636 ἢ
2845 2563 3213 2633 Ἀδελφιανῶν,
3260 2559 3455 2613 ταὺτὶν
3492 2559 3547 2611 δὲ
3580 2560 3751 2610 εἰπεῖν
3790 2555 3952 2625 Μαρ-

2374 2660 2679 2725 κιανιστῶν,
2723 2660 2913 2721 οἵτινες
2946 2658 3182 2728 τριετίαν
3244 2656 3406 2725 μόνην
3455 2651 3819 2722 νομοθετοῦσι,
3851 2650 3950 2703 καὶ

2374 2753 2513 2824 ὑπὲρ
2540 2752 2600 2804 τὸ
2632 2749 2904 2821 προσῆκον
2928 2748 3260 2815 ἁγνίζεσθαι,
3305 2747 3397 2798 καὶ
3432 2743 3567 2814 μετὰ
3591 2742 3759 2795 ταῦτα
3798 2742 3950 2809 ἐφει-

2377 2846 2542 2917 μένην
2569 2845 2746 2913 έχουσι
2772 2846 2947 2897 πᾶσαν
2973 2842 3275 2909 ἀσέλγειαν,
3300 2840 3632 2909 ἀναισθήτως
3665 2837 3951 2896 νοσοῦντες

2371 2938 2469 3009 τὴν
2516 2936 2834 3007 ἐμπάθειαν.
2892 2933 3026 2986 Ἀλλ’
3070 2933 3120 2985 οἱ
3164 2934 3381 3003 μοναχοὶ
3430 2930 3565 3001 πρὸς
3611 2932 3722 2991 τοῖς
3769 2927 3952 2988 ἄλλοις

2373 3030 2642 3100 ὀφείλουσι
2686 3027 2821 3099 πρὸς
2857 3027 2951 3097 τὴν
2982 3026 3254 3096 ἱερατικὴν
3295 3022 3742 3094 ἀπομορφοῦσθοιι
3778 3018 3947 3088 ζωὴν,

2376 3125 2450 3188 ὡς
2478 3124 2671 3195 μᾶλλον
2711 3120 2845 3191 αὺτῇ
2888 3118 3267 3190 πλησιάζοντες
3306 3117 3453 3187 παρά
3488 3116 3584 3178 τάς
3617 3114 3806 3175 λοιπὰς
3839 3110 3953 3164 τῶν

2379 3213 2712 3283 τελουμένων
2743 3211 2952 3275 τάξεις,
2998 3207 3176 3270 καθὼς
3216 3208 3471 3276 ἐλέγομεν
3518 3204 3843 3276 ἔμπροσθεν,
3884 3204 3948 3256 οὗ

2382 3302 2517 3375 πρὸς
2555 3303 2651 3366 τάς
2695 3302 2912 3365 τελετὰς
2954 3303 3060 3354 τῶν
3090 3301 3269 3370 ἄκρως
3309 3298 3661 3367 τελουμένων,
3707 3294 3950 3365 δηλονότι

2381 3396 2488 3447 τῶν
2518 3391 2902 3461 τελειουμένων
2926 3391 3021 3460 τῆς
3048 3388 3381 3459 συγκρίσεως
3402 3385 3690 3455 γινομένης
3711 3400 3723 3412 ·
3750 3384 3808 3434 οὐ
3841 3381 3953 3452 γὰρ

2384 3482 2503 3537 εἷπε
2549 3483 2654 3535 τῶν
2695 3478 3080 3549 τελειουμένων
3147 3475 3519 3546 (τελειούμενοι
3567 3474 3674 3542 γάρ
3722 3473 3856 3522 sict:
3898 3472 3950 3521 οἱ

2384 3574 2469 3626 διὰ
2496 3570 2587 3624 τοῦ
2631 3572 3018 3641 βαπτίσματος,
3046 3570 3094 3619 οἱ
3124 3566 3210 3619 διὰ
3232 3566 3329 3635 τῆς
3361 3566 3610 3634 χρίσεως,
3650 3565 3695 3615 οἱ
3730 3561 3816 3615 διὰ
3848 3562 3951 3630 τῆς

2390 3663 2754 3734 μεταλήψεως,
2777 3662 2823 3712 οἱ
2849 3659 2935 3712 διὰ
2962 3660 3060 3728 τῆς
3095 3656 3423 3727 χειροτονίας
3441 3654 3480 3723 ),
3520 3652 3654 3705 ἀλλὰ
3696 3652 3953 3720 τελουμέ-

2387 3774 2509 3819 νων,
2559 3753 2753 3825 δηλαδὴ
2800 3750 3226 3821 καθαιρομένων,
3265 3746 3680 3814 διδασκομένων,
3720 3744 3951 3811 φωτιζο-

2391 3851 2582 3920 μένων.
2614 3850 2773 3899 Ὥστε
2808 3848 2912 3907 πᾶς
2948 3843 3314 3913 τελειούμενος
3347 3840 3438 3893 καὶ
3462 3838 3712 3902 τελεῖται,
3746 3838 3804 3889 οὐ
3845 3837 3952 3906 μὴν

2387 3940 2443 3993 δέ
2468 3941 2572 4002 πᾶς
2600 3937 2913 4007 τελούμενος
2936 3933 3249 3987 τελειοῦται.

2459 4031 2593 4102 ξιιι.
2641 4032 2703 4083 Ἡ
2734 4028 3079 4098 σταυροειδὴς
3110 4025 3167 4077 δέ
3208 4022 3366 4077 πάλιν
3398 4023 3651 4092 σφραγὶς,
3693 4021 3789 4091 τὴν
3824 4021 3948 4073 ἀνε-

2389 4122 2678 4193 νεργησίαν
2699 4120 2843 4189 δηλοῖ
2870 4119 2975 4170 τῶν
3002 4116 3272 4185 σαρκικῶν
3296 4113 3541 4185 ὀρέξεων·
3568 4116 3599 4182 ἡ
3627 4114 3948 4182 ἀπόκαρσις.

2392 4214 2632 4283 καθαρὰν
2678 4214 2768 4265 καὶ
2816 4210 3214 4280 ἀσχημάτιστον
3256 4208 3429 4274 ζωήν·
3475 4204 3787 4273 καθαίρεται
3844 4202 3951 4269 γὰρ

2390 4304 2498 4356 τῶν
2524 4303 2962 4374 περιττωμάτων,
2995 4301 3085 4351 καὶ
3112 4299 3208 4349 οὐκ
3232 4297 3342 4348 ἔστι
3374 4295 3460 4347 διὰ
3492 4294 3591 4361 τῆς
3622 4293 3793 4362 κόμης
3831 4292 3951 4343 ἐπι-

2395 4391 2601 4443 θετικὸν
2626 4388 2813 4449 κάλλος
2839 4388 3149 4455 λαμϐάνειν,
3182 4383 3314 4437 ἀλλὰ
3347 4382 3537 4445 κάλλος
3562 4381 3950 4435 θεοειδέστατον

2317 4494 2361 4549 Ι)
2390 4484 2529 4539 κατά
2558 4482 2680 4534 νοῦν
2710 4482 2801 4532 καὶ
2829 4482 3041 4531 ἐνιαῖον.

2467 4587 2492 4658 §
2523 4587 2609 4640 IV.
2645 4587 2707 4637 Αἱ
2738 4583 2961 4652 ἐσθῆτες
2985 4580 3083 4643 τάς
3114 4578 3255 4644 ζωὰς
3294 4576 3721 4646 ὑπεμφαίνουσιν
3742 4576 3809 4643 ’ἠ
3852 4571 3949 4642 μὲν

2393 4682 2458 4751 ἢν
2488 4662 2865 4739 ἀποδάλλεται,
2894 4675 2991 4743 τὴν
3028 4672 3293 4743 προτέραν
3332 4671 3425 4721 καὶ
3463 4669 3683 4736 λαῖκήνο
3730 4667 3761 4736 ἡ
3802 4665 3857 4717 δὲ
3885 4666 3950 4733 ῆν

2394 4771 2763 4840 ἀμφιέννυται,
2791 4768 2887 4837 τὴν
2916 4763 3249 4831 τελειοτέραν
3283 4760 3484 4830 ταύτην
3519 4760 3610 4811 καί
3636 4757 3913 4826 κρείττονα
3932 4772 3943 4782 ·

2395 4861 2637 4929 καθάπερ
2663 4859 2754 4911 καὶ
2789 4856 2890 4909 ἐπι
2912 4854 3003 4906 τοῦ
3048 4851 3410 4921 βαπτίσματος
3437 4850 3534 4914 τὴν
3571 4848 3677 4899 ἀπὸ
3718 4846 3813 4915 τῆς
3854 4860 3923 4896 κα

2397 4951 2717 5022 θαιρομένης
2755 4948 2841 5001 διὰ
2886 4946 2982 5015 τῆς
3021 4943 3361 5003 διδασκαλίας
3408 4939 3552 5022 ζωῆς
3581 4939 3659 5000 είς
3699 4937 3953 5006 θεωρητι-

2552 5018 2643 5094 καὶ
2676 5018 3000 5107 ᾧωτιστικὴν
3042 5038 3152 5101 ἕξιν
3196 5018 3540 5099 ἀναγωγὴνὴ
3583 5029 3683 5097 τῆς
3731 5028 3951 5097 ἐσθῆτος

2397 5131 2579 5203 ἐδήλου
2603 5130 2939 5199 άντάμειῲις.
2974 5127 3188 5179 Ἐατέον
3207 5124 3298 5178 νῦν
3326 5124 3536 5191 ἐκείνην
3562 5120 3658 5191 τὴν
3685 5119 3950 5189 προτέραν

2397 5224 2502 5275 τῶν
2558 5220 2973 5289 κατηχουμένων
3034 5217 3407 5286 ἀπαμφίασιν·
3462 5211 3641 5281 ἐκείνη
3703 5208 3809 5277 γὰρ
3854 5208 3950 5274 τὴν

2396 5314 2500 5366 τῶν
2550 5312 2743 5378 ἔξωθεν
2791 5309 3153 5381 ῥυπασμάτων
3196 5306 3287 5357 καὶ
3326 5303 3422 5371 τῆς
3454 5302 3655 5368 πλάνης
3697 5294 3951 5350 ἀπόθεσιν

2400 5405 2656 5475 παριστᾷ,
2688 5401 2781 5453 καὶ
2814 5400 2900 5451 διὰ
2929 5399 3082 5450 τοῦτο
3127 5398 3218 5449 καὶ
3249 5395 3433 5464 πόρρω
3470 5409 3571 5443 που
3602 5390 3695 5441 καὶ
3724 5388 3826 5451 ἔξω
3860 5382 3949 5436 τοῦ

2400 5492 2543 5563 ῑεροῦ
2574 5490 2699 5542 ναοῦ
2734 5488 2957 5555 γίνεται.
2988 5486 3095 5555 Τὴν
3129 5486 3308 5554 μέντοι
3338 5500 3396 5550 γε
3428 5479 3706 5532 κοινωνίαν
3737 5475 3829 5527 καὶ
3854 5474 3952 5543 τὴν

2400 5581 2544 5633 θείαν
2602 5576 2934 5648 εὐφροσύνην
2982 5575 3069 5626 διὰ
3120 5574 3213 5625 τοῦ
3273 5568 3559 5638 ἀσπασμοῦ
3621 5563 3951 5638 δηλουμένην

2404 5671 2653 5743 μάνθανε.

2470 5761 2497 5832 §
2528 5762 2587 5816 V.
2636 5761 2755 5813 Ἐπὶ
2788 5760 2926 5812 τέλει
2965 5760 3018 5812 δε
3048 5759 3139 5812 καὶ
3169 5759 3275 5812 τῶν
3312 5756 3471 5828 ἱερῶν
3500 5751 3808 5827 μυστηρίων
3840 5762 3949 5799 tato
