4162 6304
202 334 316 392 569

737 323 826 379 DE
859 317 1138 377 ECCLES.
1173 308 1565 377 HIERARCH.,
1604 305 1754 364 CAP.
1796 303 1882 358 Vl.
1915 333 1984 344 ——
2008 295 2355 356 PARAPHB.
2394 289 2852 349 PACllYMERAB.

3311 292 3417 352 550

198 451 369 506 νωνεῖ
397 449 424 501 6
450 443 718 506 τελεσθεὶς
754 441 874 512 ήδη,
899 439 978 491 ὅτι
1002 436 1095 488 καὶ
1128 434 1265 503 ὑπὲρ
1293 431 1391 500 τὴν
1425 427 1592 500 μέσην
1614 424 1765 488 τάξιν

1878 433 2000 472 cens
2027 415 2268 469 initiatus
2293 420 2400 474 est,
2427 407 2680 478 quoniam
2712 405 2947 460 medium
2975 401 3126 460 illum
3153 406 3418 473 ordinem,

199 543 300 615 (ἢν
342 537 696 610 θεωρητικὴν,
734 532 808 596 ὡς
842 531 1064 600 θεωρεῖν
1106 525 1214 578 τῶν
1253 524 1430 583 θείων,
1462 518 1628 590 φησὶ,
1664 517 1762 615 τὴν

197 608 307 688 ’τοῦ
344 608 662 702 ίεροῦ-’λαοῦ
707 621 926 695 δηλαδή)
981 623 1009 672 6
1059 616 1297 679 τοιοῦτός
1358 615 1505 665 ἐστι’
1553 608 1762 702 μετέχει

199 724 322 797 γὰρ
358 701 451 776 καὶ
481 717 731 789 γνώσεως
770 714 937 785 ἱερᾶς,
982 711 1074 764 καὶ
1101 708 1219 761 καθ’
1244 708 1365 760 ὅσον
1390 703 1468 756 ένι
1507 702 1641 797 προς
1667 701 1766 797 τῆν

203 792 490 891 ίερατικὴν
517 813 820 881 ἐπιστήμην
857 799 1349 875 άφομοιοῦται.,Διὸ
1387 797 1485 891 καὶ
1531 796 1621 848 ἐπὶ
1642 792 1767 891 ῌτῶν

204 887 512 979 ἱερουργῶν
548 903 693 954 ἐστιν
733 901 876 962 ἰδεῖν,
903 899 984 950 ὅτι
1023 894 1137 966 μεθ’
1167 893 1195 945 ὃ
1223 888 1562 979 πληρώσουσι
1591 887 1767 979 πᾶσαν

200 975 314 1072 τήν
346 975 658 1052 ἀκολουθίαν
689 992 788 1061 τῆς
827 987 1158 1058 ἁγιαστείας,
1183 985 1238 1036 ἐν
1269 981 1408 1034 τέλει
1435 978 1540 1072 τῶν
1571 975 1772 1072 μυστη-

209 1063 346 1163 ρίων
390 1084 731 1142 κοινωνοῦσι·
769 1081 840 1151 μὴ
870 1079 1046 1151 μόνον,
1078 1079 1156 1129 ὅτι
1199 1075 1374 1142 πάσης
1422 1070 1568 1140 ἱερᾶς
1611 1063 1770 1163 μεθέ-

206 1159 352 1249 ξεως
381 1183 413 1250 ἡ
445 1179 551 1230 τῶν
585 1176 741 1231 θείων
775 1170 1083 1245 μυστηρίων
1126 1164 1418 1238 μετάληψίς
1452 1163 1566 1214 ἐστι
1591 1159 1652 1212 τὸ
1684 1174 1774 1250 xs-

207 1249 462 1343 φάλαιον,
507 1268 618 1322 ἀλλ’
664 1267 743 1318 ὄτι
794 1265 885 1316 καὶ
940 1260 1108 1328 αὐτῆς
1159 1257 1256 1326 τῆς
1315 1251 1630 1343 κοινωνικῆς
1681 1249 1774 1343 καλ.

181 1338 496 1428 ’θειοτάτης
541 1356 746 1426 δωρεᾶς
790 1355 844 1404 αἱ
881 1350 1023 1420 ἱεραὶ
1077 1346 1352 1418 μετέχουσι
1392 1342 1591 1407 τάξεις,
1636 1338 1776 1392 κατὰ

207 1452 316 1523 τὴν
347 1447 626 1515 ἀναλογίαν
653 1446 750 1514 τῆς
791 1439 1074 1508 ἀναγωγῆς
1107 1435 1299 1490 αὐτῶν.
1331 1435 1482 1505 Ἔχει
1523 1433 1581 1485 δὲ
1621 1431 1777 1523 τούτο

209 1520 477 1611 διαφοράν
511 1538 644 1608 πρὸς
667 1535 726 1587 τὸ
755 1533 1036 1602 πρότερον,
1065 1530 1146 1581 ὃτι
1173 1529 1288 1579 ἐκεῖ
1313 1525 1479 1592 λέγει,
1503 1523 1594 1576 διὰ
1621 1520 1778 1574 τοῦτο

209 1633 327 1687 τῶν
377 1629 685 1700 μυστηρίων
729 1621 1242 1696 μεταλαμϐάνουσιν,
1265 1619 1345 1671 ὅτι
1387 1615 1541 1669 τοῦτό
1575 1616 1688 1666 ἐστι
1717 1612 1778 1666 τὸ

212 1721 512 1791 κεφάλαιον
540 1719 638 1788 τῆς
667 1716 792 1786 ὅλης
828 1711 1006 1767 αὐτῶν
1036 1711 1185 1781 ἱερᾶς
1212 1709 1476 1779 πράξεως,
1509 1706 1583 1770 ὼς
1613 1705 1778 1776 χωρὶς

213 1811 320 1881 τῆς
357 1808 704 1880 μεταλήψεως
735 1805 912 1874 τυχὸν,
947 1801 1018 1872 μὴ
1058 1795 1165 1852 οἶόν
1188 1816 1248 1850 τε
1275 1793 1410 1852 εἷναι
1436 1797 1778 1864 τελειωθῆναι

213 1904 319 1973 τὴν
353 1901 500 1974 ἱερὰν
537 1899 712 1952 αὐτῶν
742 1896 956 1967 πρᾶξιν·
985 1893 1212 1946 ἐνταῦθα
1240 1893 1294 1945 δὲ
1320 1892 1494 1958 λέγει,
1513 1888 1599 1942 διὰ
1626 1887 1780 1941 τοῦτο

212 1994 320 2065 τὴν
357 1990 640 2044 κοινωνίαν
665 1985 926 2055 γίνεσθαι,
951 1984 1024 2048 ὼς
1055 1983 1260 2054 δωρεὰν
1283 1981 1478 2052 δηλαδὴ
1501 1978 1594 2032 τοῦ
1635 1976 1778 2047 ίεροῦ

215 2088 399 2141 αὐτῶν
427 2086 592 2139 κόπου
629 2084 720 2137 καὶ
757 2083 853 2153 τῆς
893 2081 1039 2144 θείας
1070 2080 1388 2150 ὑπηρεσίας.
1421 2076 1578 2130 Κατὰ
1613 2074 1783 2126 ταῦτα

216 2179 354 2248 γοῦν
391 2179 634 2231 κοινωνεῖ
674 2177 765 2228 καὶ
798 2172 826 2225 6
859 2172 1128 2234 τελεσθεὶς
1173 2168 1399 2241 μοναχὺς
1441 2166 1548 2218 τῶν
1583 2181 1785 2235 μυστηο

221 2267 378 2337 ρίων,
403 2265 434 2334 ἢ
464 2260 924 2330 συγκεφαλαίωσιν
960 2259 1096 2328 έχων
1125 2258 1375 2311 ἁπάντων
1402 2254 1512 2307 τῶν
1544 2254 1662 2306 καθ’
1690 2254 1786 2306 αὐ-

219 2357 314 2408 τὸν
344 2355 439 2424 τὴν
489 2353 638 2425 ἱερὰν
684 2351 1000 2423 μετάληψιν,
1046 2351 1077 2420 ἢ
1113 2348 1214 2420 μὴν
1252 2349 1350 2420 τὴν
1397 2347 1543 2400 θείαν
1581 2344 1784 2418 δωρεὰν

219 2448 529 2518 δεχόμενος,
572 2446 685 2498 ἀνθ’
714 2439 787 2497 ὧν
825 2443 1186 2512 είςτοιαύτην
1217 2439 1489 2494 πολιτείαν
1529 2439 1781 2508 κατέστη.

223 2539 455 2605 Συνάγει
496 2536 696 2598 τοίνυν,
746 2536 820 2598 ὡς
870 2537 924 2586 αἱ
969 2533 1178 2586 τελεταὶ
1226 2531 1487 2602 κάθαρσις
1525 2529 1786 2592 εἰσινκαὶ

224 2623 527 2692 φωτισμὸς,
558 2623 651 2674 καὶ
693 2622 996 2683 τελείωσις·
1036 2622 1128 2672 καὶ
1171 2621 1226 2671 αί
1263 2620 1498 2688 τάξειςὴ
1544 2619 1639 2687 μὲν
1680 2616 1788 2669 τῶν

223 2713 485 2766 διακόνων
510 2713 832 2784 καθαρτικὴ,
855 2714 885 2783 ἡ
912 2712 968 2764 δέ
995 2712 1101 2764 τῶν
1127 2713 1313 2784 ίερέων
1341 2709 1706 2780 φωτιστικὴ,ή
1732 2707 1788 2760 δέ

226 2803 338 2856 τῶν
382 2803 674 2873 ἀρχιερέων
707 2803 1019 2872 τελεστική⁶
1059 2803 1151 2855 καὶ
1177 2803 1224 2853 οἱ
1264 2798 1586 2870 τελούμενοι,
1615 2800 1661 2851 οἱ
1694 2816 1790 2851 κα-

229 2892 558 2963 θαιρόμενοι,
589 2894 667 2946 ἔτι
709 2895 936 2964 καὶτῆς
969 2892 1246 2955 κοινωνίας
1295 2892 1386 2944 καὶ
1423 2891 1523 2959 τῆς
1567 2889 1790 2958 ἐποψίας

226 2983 506 3054 ἀμέτοχοι,
534 2987 580 3036 oi
621 2984 1030 3054 κατηχούμενοι,
1058 2985 1105 3034 οἱ
1137 2983 1473 3053 θεωρητικοὶ,
1498 2983 1525 3035 6
1562 2981 1706 3045 λαὸς,
1740 2981 1789 3032 οἱ

1865 509 2005 564 sacri
2033 506 2239 561 scilicet
2282 502 2464 573 populi
2497 502 2676 570 (quem
2722 498 2920 552 divinis
2958 499 3227 567 mysteriis
3274 498 3421 567 aspi-

1865 598 2072 653 ciendis
2108 603 2450 650 contuentem
2489 607 2582 645 seu
2629 589 3078 658 contemplantem
3111 589 3290 659 vocat)
3320 605 3421 644 es-

1867 691 2010 747 cedit
2039 707 2050 742 :
2086 703 2208 741 nam
2242 695 2297 740 et
2323 699 2493 740 sacrae
2531 681 2860 752 cognitionis
2891 682 3161 749 particeps
3185 682 3424 747 exsistit,

1867 791 1920 836 et
1950 787 2210 850 quantum
2249 775 2329 830 fas
2353 786 2454 836 est.
2491 774 2556 827 ad
2598 772 2984 828 sacerdotalem
3025 772 3304 852 scientiam
3335 789 3426 834 ος-

1869 875 2032 929 cedit.
2079 870 2420 937 Quapropter
2443 866 2688 919 videmus
2718 865 2884 919 etiam
2925 865 2976 918 in
3018 865 3191 918 sacris
3223 865 3428 920 ordini-

1869 968 1998 1027 bus.
2044 965 2145 1019 sub
2177 964 2338 1016 finem
2388 958 2696 1012 eorumdem
2743 956 3102 1011 sanctissimae
3141 969 3428 1011 consecra-

1871 1056 2036 1110 tionis
2067 1050 2501 1108 communionem
2530 1062 2743 1116 quoque
2775 1046 2932 1111 tradi,
2971 1061 3078 1099 non
3111 1045 3318 1100 idcirco
3344 1059 3431 1099 so-

1873 1150 1980 1203 lum
2056 1147 2198 1218 quod
2258 1146 2562 1198 divinorum
2608 1141 2880 1210 perceptio
2930 1140 3312 1211 mysteriorum
3360 1139 3433 1193 sit

1875 1255 2084 1295 summa
2123 1237 2364 1308 quaedam
2407 1232 2693 1300 cujuslibet
2739 1233 3091 1286 hierarcbicm
3135 1231 3430 1300 participa-

1878 1333 2056 1393 tionis,
2083 1344 2266 1384 verum
2309 1328 2474 1381 etiam
2521 1332 2576 1376 ut
2615 1323 2770 1392 261
2817 1322 2956 1376 sacri
3001 1323 3219 1376 ordines
3262 1321 3434 1391 ipsius

1878 1425 2015 1493 quod
2057 1419 2482 1476 communicatur
2522 1411 2848 1468 divinissimi
2885 1413 3123 1468 muneris
3150 1429 3248 1482 pro
3275 1423 3434 1483 captu

1877 1531 1977 1571 suo
2022 1515 2316 1586 participes
2360 1509 2650 1570 exsistant,
2695 1507 2761 1559 ad
2797 1506 2879 1560 sui
2909 1506 2975 1559 ad
3011 1521 3203 1576 supera
3247 1511 3436 1561 tradu-

1879 1610 2133 1663 ctionem.
2180 1603 2236 1658 ln
2281 1604 2384 1656 hoc
2414 1609 2594 1656 autem
2641 1597 2824 1650 differt
2860 1613 2888 1650 a
2921 1597 3129 1665 priori,
3163 1598 3306 1667 quod
3353 1597 3438 1652 id-

1880 1702 2025 1756 circo
2069 1698 2212 1752 dicat
2249 1709 2342 1750 eos
2371 1693 2542 1749 sacris
2578 1691 2661 1746 his
2693 1691 2964 1760 mysteriis
3009 1689 3437 1752 communicare,

1879 1811 1943 1850 eo
1978 1794 2118 1862 quod
2163 1791 2274 1845 haec
2305 1803 2516 1858 summa
2558 1787 2667 1842 sint
2699 1787 2962 1841 universae
2993 1785 3235 1854 ipsorum
3271 1797 3444 1838 sacras

1881 1884 2192 1946 functionis,
2223 1882 2296 1934 ita
2327 1887 2387 1932 ut
2416 1878 2532 1932 sine
2561 1891 2714 1930 sacra
2761 1875 2867 1929 ista
2900 1874 3286 1929 communione
3321 1873 3438 1927 illo-

1883 1987 1999 2024 rum
2049 1968 2257 2022 functio
2289 1973 2522 2034 nequeat
2566 1963 2964 2027 consummari;
3002 1963 3091 2018 hic
3121 1973 3300 2016 autem
3341 1965 3440 2027 ait,

1880 2059 2310 2117 communionem
2359 2055 2686 2125 frequentari
2740 2069 2834 2124 per
2885 2055 3100 2109 modum
3162 2056 3440 2117 muneris,

1882 2153 2135 2207 videlicet
2179 2150 2320 2204 sacri
2352 2148 2556 2202 laboris
2600 2161 2789 2202 eorum
2824 2160 2889 2200 ac
2917 2145 3114 2199 divina
3145 2147 3439 2201 servitutis.

1885 2244 2190 2299 Secundum
2237 2243 2350 2296 huic
2400 2243 2581 2309 itaque
2626 2239 2926 2294 monachus
2960 2239 3052 2307 qui
3087 2247 3445 2294 consecratus

1883 2347 1986 2400 est,
2022 2337 2219 2390 divinis
2263 2334 2368 2388 illis
2399 2333 2671 2403 mysteriis
2711 2331 3105 2395 communicat,
3133 2330 3216 2385 vel
3263 2340 3323 2387 ut
3356 2345 3446 2385 sa-

1888 2445 2034 2483 cram
2069 2428 2507 2482 communionem
2542 2424 2742 2478 habeat
2773 2438 2868 2491 per
2899 2425 3114 2477 modum
3160 2422 3444 2478 summarii

1885 2525 2122 2578 omnium
2155 2523 2222 2577 ad
2267 2537 2324 2576 se
2364 2521 2750 2590 spectantium,
2779 2515 2863 2570 vel
2895 2531 2990 2585 per
3024 2516 3244 2570 modum
3271 2513 3443 2570 divini

1888 2616 2012 2670 doni
2055 2615 2353 2684 percipiat,
2397 2627 2463 2667 eo
2508 2611 2650 2681 quod
2687 2609 2988 2664 istiusmodi
3023 2607 3231 2661 vivendi
3277 2608 3446 2661 ratio-

1890 2725 2012 2765 nem
2043 2710 2112 2763 sit
2155 2708 2458 2776 amplexus.
2506 2703 2795 2759 Concludit
2825 2704 3030 2770 itaque,
3060 2700 3330 2769 quomodo
3359 2713 3448 2752 sa-

1889 2817 1995 2856 crae
2039 2798 2372 2854 caeremoniae
2415 2796 2525 2850 sint
2574 2795 2843 2862 expiatio,
2890 2804 2944 2848 et
2994 2791 3347 2855 illuminatio,
3393 2799 3448 2845 et

1891 2894 2172 2964 perfectio,
2195 2899 2250 2945 et
2279 2890 2537 2952 ordines;
2571 2900 2635 2941 ac
2678 2887 3030 2940 diaconorum
3059 2885 3276 2953 quidem
3315 2882 3449 2937 ordo

1891 2986 1962 3039 sit
1978 2982 2338 3052 expiatorius;
2363 2982 2701 3035 sacerdotum
2723 2993 2849 3032 vero
2872 2978 3306 3039 illuminatorius,
3335 2977 3450 3044 epi-

229 3075 623 3147 τετελεσμένοι,
659 3078 708 3128 oi
746 3076 994 3147 μοναχοίσ
1025 3074 1163 3126 οὕτω
1197 3073 1358 3144 γὰρὴ
1386 3072 1504 3126 καθ’
1533 3074 1675 3142 ἡμᾶς
1719 3073 1778 3124 is-

1893 3088 2175 3142 scoporum
2211 3083 2390 3125 autem
2427 3069 2787 3139 perfectivus;
2817 3077 2871 3124 et
2898 3067 3208 3138 τελούμενοι
3236 3069 3344 3122 sint
3371 3067 3448 3121 illi

240 3167 440 3238 ραρχία
461 3171 526 3238 τῇ
563 3169 787 3238 οὐρανίᾳ
817 3167 1060 3238 ὁμοειδής
1094 3168 1230 3228 ἐστι,
1256 3164 1394 3218 κατὰ
1422 3164 1518 3226 τὰς
1541 3164 1778 3227 τοιαύτας

1897 3166 1986 3234 qui
2017 3164 2302 3234 expiantur
2340 3179 2354 3215 :
2391 3172 2586 3231 praeter
2625 3175 2760 3228 quos
2790 3160 2951 3213 etiam
2985 3161 3150 3214 divini
3201 3171 3452 3226 aspectus

235 3259 480 3328 τριάδας,
515 3259 588 3321 ὡς
630 3261 684 3310 ἐν
720 3257 1018 3330 ἀνθρώποις
1060 3256 1411 3320 άποσώζουσα.
1443 3255 1778 3325 χαρακτῆρας

1895 3266 1952 3310 et
1999 3253 2395 3310 communionis
2439 3262 2681 3307 exsortes
2729 3260 2854 3306 sunt
2895 3252 3306 3316 catechumeni;
3358 3251 3448 3319 qui

237 3361 390 3408 τινας
423 3347 520 3416 τῆς
545 3349 720 3400 ἐκεῖσε
757 3347 1058 3409 θεοειδείας.

1895 3363 2024 3400 vero
2047 3361 2323 3400 sacrorum
2356 3354 2572 3413 aspectu
2603 3343 2873 3406 fruuntur,
2899 3354 3024 3397 sunt
3054 3345 3298 3412 p0pulus,
3332 3359 3451 3411 per—

232 3439 364 3492 fecti
412 3447 536 3491 sunt
585 3441 873 3494 monachi:
908 3441 985 3494 sic
1030 3439 1172 3493 enim
1219 3438 1528 3494 bierarchia
1579 3448 1791 3504 nostra,
1843 3439 2141 3493 secundum
2203 3437 2505 3492 istiusmodi
2555 3437 2866 3502 terniones,
2916 3437 3117 3492 cwlesti
3163 3435 3454 3491 conformis

236 3540 347 3595 est,
375 3539 635 3597 quantum
679 3529 731 3582 in
765 3531 1074 3584 hominibus
1123 3529 1234 3584 fieri
1265 3539 1460 3598 potest,
1507 3530 1796 3584 deiformes
1823 3529 2083 3599 quasdam
2110 3538 2262 3583 notas
2291 3541 2636 3583 conservans.

309 3620 448 3690 §Vl.
501 3621 636 3672 Ἀλλ’
670 3621 859 3683 εἴποις,
901 3623 998 3685 ὅτι,
1033 3621 1155 3672 ἐπεὶ
1191 3621 1327 3691 πρὸς
1354 3620 1564 3689 ἐκείνην
1594 3619 1691 3690 τὴν
1731 3623 1778 3672 ίεη

1981 3618 2127 3689 §Vl.
2171 3620 2276 3674 Sed
2329 3620 2587 3688 objicics,
2631 3621 2773 3689 quod
2818 3635 2937 3675 cum
3000 3619 3112 3675 haec
3155 3629 3338 3677 nostra
3386 3621 3452 3674 ad

237 3712 528 3785 ραρχίανὴ
572 3714 815 3785 ἡμετέρα
846 3712 1222 3775 άπευθύνεται,
1267 3711 1488 3779 ὤφειλον
1533 3709 1663 3764 εἶναι
1704 3712 1778 3764 κάι

1898 3712 2262 3766 bicrarchiam
2313 3713 2471 3765 istam
2505 3721 2886 3779 componatur,
2922 3710 3120 3766 debere
3165 3711 3326 3765 etiam
3378 3711 3452 3766 ibi

237 3807 389 3857 κεῖσε
418 3805 470 3856 αί
499 3804 883 3874 καθαιρόμεναι
911 3804 1090 3869 τάξεις
1109 3820 1122 3832 ·
1151 3802 1264 3854 ἀλλ’
1289 3804 1386 3854 οὑκ
1422 3803 1554 3854 εἰσίν
1575 3819 1586 3830 ·
1611 3803 1668 3853 οὐ
1693 3802 1778 3873 γὰι

1896 3819 2015 3858 esse
2040 3803 2257 3857 ordines
2303 3802 2604 3872 cxpiantes,
2643 3803 2732 3871 qui
2780 3803 2968 3872 utique
3005 3816 3109 3855 non
3144 3812 3309 3856 sunt:
3346 3817 3453 3856 ne-

239 3895 457 3965 θεμιτὸν
482 3897 653 3947 εἰπεῖν
676 3895 772 3965 τὴν
797 3894 1045 3965 οὐρανίαν
1068 3893 1417 3962 διακόσμησιν
1439 3892 1623 3962 ἐναγῆ.
1662 3891 1778 3959 Ἐγι]

1901 3911 2006 3965 que
2028 3895 2170 3949 enim
2205 3894 2284 3949 fas
2313 3895 2385 3948 sit
2427 3895 2606 3950 dicere
2633 3894 2905 3950 cmlestem
2939 3895 3302 3949 hierarcbiam
3330 3912 3450 3952 esse

237 3983 296 4037 δὲ
326 3985 458 4054 πρὸς
484 3986 609 4046 τοὺς
635 3983 902 4046 τοιούτους
924 3984 1110 4051 λόγους
1133 3985 1392 4055 ὁμολογῶ,
1417 3986 1675 4053 πάναγνοι
1695 3984 1778 4056 γάι

1901 3986 2090 4040 sceleri
2129 3986 2436 4041 obnoxiam.
2485 3985 2596 4054 Ego
2641 3985 2854 4055 quidem
2889 3987 3191 4040 istiusmodi
3248 4003 3455 4042 sermo-

239 4077 350 4128 είσι
389 4077 480 4128 καὶ
520 4075 782 4144 ἀλώδητοι
806 4091 819 4105 ο
866 4075 956 4126 καὶ
998 4078 1128 4138 εῐτις
1168 4076 1325 4138 ἐάλω,
1363 4077 1595 4145 δηλονότι
1636 4079 1662 4130 ὁ
1697 4077 1778 4128 Σα·

1905 4077 2060 4131 nibus
2100 4077 2383 4139 assentior,
2424 4078 2676 4146 quoniam
2710 4077 2930 4132 omnino
2961 4077 3078 4146 puri
3126 4091 3254 4136 sunt
3290 4093 3345 4138 et
3373 4083 3457 4137 in-

239 4169 409 4231 τανᾶς
460 4170 552 4221 καὶ
597 4169 645 4219 oi
692 4168 818 4237 περὶ
861 4167 1040 4231 αὐτὸν,
1087 4167 1527 4221 ἐκπεπτώκεισαν
1576 4169 1667 4220 καὶ
1701 4168 1778 4236 “rip

1907 4169 2178 4234 temerati;
2213 4179 2265 4223 et
2293 4169 2339 4222 si
2372 4168 2483 4238 qui,
2527 4169 2779 4223 nimirum
2809 4170 3037 4226 Satanas
3066 4182 3120 4226 et
3148 4175 3283 4228 socii
3315 4176 3453 4245 ejus,

241 4259 538 4328 ἁγγελικῆς
574 4259 730 4321 εὐθὺς
754 4258 975 4322 τάξεως,
1004 4261 1094 4312 καὶ¹
1119 4261 1175 4312 ἐν
1205 4262 1266 4329 τῇ
1302 4259 1540 4328 ἀλαμπεί
1570 4261 1778 4330 μεμενή

1905 4261 2170 4330 pravitate
2209 4261 2354 4332 capti
2389 4269 2532 4324 sunt,
2565 4261 2642 4314 illi
2683 4263 2749 4316 ab
2779 4263 2970 4318 ordine
3016 4266 3260 4334 angelico
3301 4269 3453 4322 exci-

243 4367 434 4404 κεισαν
460 4350 678 4403 πτώσει.
709 4352 920 4422 Ἔτεροι
942 4351 997 4404 δέ
1025 4353 1148 4414 τοὺς
1185 4351 1404 4422 χρόνους
1429 4349 1522 4403 τοῦ
1554 4367 1610 4402 τε
1641 4351 1778 4421 ὑπερ

1905 4353 2119 4419 derunt,
2145 4362 2197 4407 et
2230 4354 2283 4406 in
2315 4362 2452 4408 tetro
2479 4351 2632 4420 lapsu
2673 4365 3103 4420 permanserunt.
3129 4357 3236 4411 Atil
3272 4367 3450 4413 autem

245 4441 555 4496 συντελικοῦ
585 4441 678 4494 τοῦ
705 4442 1049 4506 ἀπεπτώκει,
1075 4444 1166 4494 καὶ
1194 4441 1285 4496 τοῦ
1317 4440 1681 4512 παρατατικοῦ
1706 4441 1778 4494 τοὶ

1903 4451 2140 4510 tempora
2175 4445 2430 4510 prmteriti
2462 4443 2737 4511 plusquam
2772 4445 2995 4512 perfecti
3040 4449 3214 4512 verbi,
3243 4451 3450 4502 excide-

243 4531 508 4602 ἐφέρετο,
542 4532 955 4602 κυριολεκτικῶς
983 4533 1349 4602 ἐκλαῦόμενοι,
1377 4534 1467 4585 κα)⁵
1490 4533 1550 4585 τὸ
1571 4534 1650 4588 ἄν
1676 4533 1778 4598 ἔξω

1903 4541 2005 4594 rat,
2026 4541 2079 4592 et
2097 4533 2416 4600 imperfecti,
2438 4535 2720 4604 ferebatur,
2749 4535 2799 4586 in
2823 4537 3036 4604 propria
3059 4538 3454 4608 significatione

247 4624 341 4678 θεν
360 4611 800 4687 νοοῦντες,οὖτως
823 4623 1132 4694 ἐξηγοῦνται
1153 4623 1248 4694 τὴν
1269 4623 1360 4676 τοῦ
1386 4623 1544 4695 ρητοῦ
1565 4626 1778 4692 ἄγνοιαν

1903 4624 2246 4692 accipientes,
2275 4636 2435 4694 atque
2469 4627 2591 4680 illud
2609 4625 2686 4678 ἄν
2711 4627 2904 4690 ἔξωθεν
2927 4633 3290 4700 expendentes
3313 4635 3353 4697 ',
3375 4633 3454 4686 sic

245 4717 345 4768 καὶ
374 4714 510 4785 μετὰ
544 4715 734 4778 ταῦτα,
765 4714 898 4784 πρὸς
935 4714 1091 4768 τοῦτο
1117 4716 1212 4785 τὴν
1251 4716 1380 4768 ίδίαν
1414 4714 1666 4785 ἐξήγησιν
1689 4717 1804 4767 ἐπι-

250 4806 523 4875 φέρουσιν.
551 4807 613 4857 El
641 4807 746 4874 γάρ
778 4822 881 4869 τις,
916 4809 1096 4876 φησιν,
1123 4805 1281 4868 ἐάλω,
1325 4804 1707 4858 ἀποπεπτώκει
1739 4805 1804 4857 ἂν

249 4901 348 4952 καὶ
372 4899 590 4968 ἐφέρετο
628 4898 705 4959 είς
743 4896 838 4969 τὴν
881 4898 1102 4968 ἀλαμπῆ
1139 4897 1359 4962 πτῶσιν,
1404 4899 1614 4962 ὡσανεὶ,
1653 4898 1802 4966 φασὶ,

249 4989 426 5057 λέγων
445 5005 460 5018 ο
490 4989 606 5040 Ὅτι
633 4987 685 5039 εἴ
706 5005 786 5050 τις
815 4987 986 5059 ἁλοίη,
1021 4990 1080 5040 οὐ
1121 4988 1380 5059 κάθαρσιν
1407 4989 1630 5056 δέξεται,
1674 4988 1807 5041 ἀλλὰ

253 5080 393 5154 πρὸς
423 5080 521 5150 τὴν
552 5081 753 5133 πτῶσιν
780 5080 1219 5150 άπενεχθήσεται,
1254 5080 1431 5143 καθὼς
1459 5083 1549 5134 καὶ
1583 5081 1673 5133 ἐπὶ
1711 5078 1805 5132 τοῦ

258 5174 435 5227 Σατᾶν
475 5172 709 5240 γέγονεν,
737 5171 812 5234 ὡς
846 5173 1140 5240 πεφυκότος
1167 5171 1326 5240 ’τυχὸν
1356 5171 1600 5238 γενέσθαι
1640 5168 1810 5222 τοιού-

257 5279 358 5315 του
378 5261 537 5323 τινός.
566 5260 718 5313 Οὕτω
752 5261 846 5332 τὴν
871 5261 1074 5314 ἔννοιαν
1103 5261 1464 5330 ἐκλαῦὁμενοι,
1497 5259 1808 5330 ἐξηγοῦνται

261 5349 540 5418 λέγοντες·
584 5349 719 5401 Ἀλλ’
755 5350 924 5413 οὐδεὶς
961 5350 1134 5402 αὐτῶν
1169 5349 1304 5420 μετὰ
1342 5349 1437 5420 τὴν
1476 5350 1582 5402 τῶν
1624 5349 1808 5419 δαιμό-

263 5458 368 5494 νων
412 5439 722 5492 άπόπτωσιν
769 5439 907 5492 ἐάλω
954 5441 1114 5493 ποτέο
1163 5440 1316 5493 τοῦτο
1356 5440 1461 5511 γάρ
1497 5441 1616 5493 οὐδὲ
1665 5441 1812 5513 παρὰ

265 5533 361 5602 τῆς
402 5531 546 5595 θείας
581 5532 619 5583 Γ
625 5533 797 5602 ραφῆς
836 5531 1093 5602 ἔγνωμεν,
1131 5533 1248 5585 οὐδέ
1283 5550 1365 5595 τις
1403 5533 1507 5585 τῶν
1548 5533 1812 5600 θεοσόφων

267 5617 521 5688 Πατέρων
547 5620 782 5690 εἴρηκεν.
814 5619 967 5672 Οὕτω
999 5621 1054 5672 δὲ
1081 5623 1108 5672 ὁ
1134 5621 1304 5688 ἅγιος,
1334 5623 1482 5690 φασὶ,
1520 5620 1659 5674 κατὰ
1689 5639 1814 5690 συγ-

1905 4715 2328 4784 interpretantur
2367 4717 2492 4771 dicti
2523 4717 2680 4782 hujus
2710 4717 3091 4788 ignorantiam,
3136 4732 3189 4775 et
3232 4722 3299 4775 ad
3334 4723 3451 4777 haec

1905 4807 2093 4862 deinde
2142 4809 2411 4877 propriam
2445 4824 2595 4861 suam
2633 4808 2872 4864 inferunt
2915 4813 3358 4886 explicationem.
3387 4814 3448 4886 Si

1905 4898 2025 4966 quis
2054 4899 2218 4961 enim,
2251 4899 2438 4966 inquit,
2468 4900 2730 4968 pravitate
2765 4913 2950 4970 captus
2980 4879 3272 4964 exciderat,
3301 4916 3353 4956 et
3385 4879 3453 4960 ad

1906 4992 2188 5044 obscuram
2216 4991 2422 5056 ruinam
2455 4990 2749 5057 ferebatur;
2785 5007 2849 5044 ac
2875 4995 2940 5055 si,
2973 4993 3239 5060 inquiunt,
3269 4995 3448 5048 dicat:

1910 5078 1968 5132 Si
1998 5079 2118 5148 quis
2147 5080 2280 5133 vitio
2304 5091 2491 5149 captus
2518 5082 2608 5147 sit,
2646 5095 2750 5135 non
2778 5082 3026 5136 admittet
3068 5085 3449 5153 expiationem,

1909 5171 2003 5225 sed
2029 5170 2101 5223 ad.
2121 5171 2325 5224 ruinam
2360 5171 2671 5236 adducetur,
2701 5174 2840 5227 sicut
2883 5175 2936 5227 in
2966 5175 3169 5230 Satana
3197 5178 3451 5247 contigit;

1909 5261 2066 5330 quasi
2099 5275 2226 5315 vero
2255 5261 2374 5315 talis
2398 5261 2592 5330 aliquis
2612 5264 2726 5332 jam
2757 5264 2871 5318 dari
2904 5267 3092 5334 possit.
3128 5265 3237 5321 lloc
3273 5269 3456 5336 itaque

1911 5367 2068 5410 sensu
2112 5353 2161 5407 id
2209 5353 2534 5422 accipientes
2564 5354 3010 5423 interpretantur,
3039 5359 3280 5413 dicentes
3307 5376 3322 5412 :
3355 5359 3458 5414 Ve-

1915 5459 2027 5498 rum
2075 5444 2248 5499 nullus
2291 5460 2472 5498 eorum
2511 5453 2632 5513 post
2672 5445 2973 5501 daemonum
3017 5449 3178 5519 ω
3221 5449 3454 5518 lapsum,

1912 5536 2042 5589 vitio
2071 5545 2258 5602 captus
2285 5546 2366 5590 est
2415 5552 2646 5605 unquam
2680 5556 2693 5590 :
2734 5540 2830 5592 hoc
2874 5540 3014 5594 enim
3049 5556 3226 5608 neque
3262 5557 3328 5597 ex
3373 5541 3458 5594 di-

1915 5622 2038 5674 vina
2078 5623 2351 5691 Scriptura
2378 5624 2744 5694 cognovimus,
2784 5642 2954 5698 neque
2983 5629 3262 5700 quisquam
3296 5645 3327 5688 e
3356 5628 3456 5685 l’a-

331 5719 348 5738 '
377 5711 595 5767 Vertere
616 5711 830 5767 mallem
857 5720 1042 5780 :atque
1068 5711 1131 5765 τὺ
1158 5711 1224 5766 ἄν
1245 5716 1306 5768 de
1324 5730 1418 5768 suo
1439 5714 1778 5774 imaginarius

1878 5729 1970 5769 DlT.
2004 5713 2241 5768 ΡΑτιιοι.
