4162 6304
193 367 304 422 553

1251 379 1339 428 DE
1372 377 1648 432 ltL'L’LlSS.
1682 381 2081 445 Hlblt;\l{(.lﬂ.,
2117 385 2267 438 CAP.
2306 385 2414 440 VH.
3317 396 3419 447 554

182 482 349 551 ἱερὰν
392 484 678 555 ἐσχηκότες
723 485 884 556 ζωὴν,
914 488 992 550 εἰς
1031 489 1126 550 τάς
1175 489 1390 558 ἀληθεῖς
1439 492 1732 560 ἐπαγγελία

1867 497 2028 548 xitum
2087 501 2460 565 traduxerunt,
2501 502 2566 554 ad
2601 516 2755 556 veras
2791 504 2880 558 Dei
2919 508 3301 574 promissiuues
3333 514 3416 564 in-

186 573 296 643 τῆς
319 573 572 646 θεαρχίας
594 579 1051 643 ἀποσκοποῦντες,
1077 582 1152 644 ὡς
1178 582 1274 650 τὴν
1301 583 1555 654 ἀλήθειαν
1580 585 1755 638 αὐτῶν

187 659 250 715 ἔν
275 667 341 734 τῇ
368 665 486 718 καθ’
511 666 678 736 αὐτὴν
701 668 991 722 ἀναστάσει
1013 670 1344 740 τεθεαμένοι,
1377 673 1513 742 μετὰ
1537 674 1755 743 βεϐαίας

187 752 287 805 καὶ
311 754 538 825 ἀληθοῦς
559 757 660 827 τῆς
685 757 894 821 ἐλπίδος
923 759 963 791 ¹⁸
985 761 1042 811 ἐν
1066 761 1369 833 εὐφροσύνῃ
1396 762 1512 834 θείᾳ
1538 765 1669 834 πρὸς
1697 766 1756 819 τὸ

183 844 284 896 τοῦ
333 844 557 900 θανάτου
604 848 778 919 πέρας
827 848 987 915 ἴασιν,
1028 853 1101 915 ὡς
1126 855 1215 905 ἐπὶ
1258 854 1405 918 τέλος
1431 856 1588 926 ἱερῶν
1614 857 1757 926 ἀγώ-

182 953 316 999 νων,
344 939 401 989 ἐν
425 940 675 992 παντελεῖ
716 942 808 995 καὶ
850 942 1183 1016 ἀτελευτήτῳ
1227 947 1336 1018 ζωῇ
1379 950 1468 1000 καὶ
1494 950 1750 1022 σωτηρίᾳ,

178 1026 256 1080 τὰ
280 1030 396 1080 κατ’
436 1030 628 1094 αὐτοὺς
672 1031 886 1086 ἔσεσθαι
932 1036 1145 1100 πάντως
1192 1038 1389 1102 ειδότες
1411 1039 1496 1092 διά
1519 1041 1614 1111 τῆς
1639 1044 1756 1107 ἐσο-

182 1118 358 1188 μένης
404 1121 580 1174 αὐτῶν
621 1124 806 1195 ὑλικῆς
849 1127 1210 1191 ἀναστάσεως.
1237 1132 1299 1182 Αἰ
1339 1130 1435 1200 μὲν
1482 1131 1590 1203 γὰρ
1615 1135 1753 1205 ἱεραὶ

176 1208 356 1281 ψυχαὶ
401 1212 534 1283 πρὸς
557 1214 654 1285 τὴν
680 1219 771 1269 ἐπὶ
794 1219 862 1270 τὰ
887 1219 1054 1290 χείρω
1085 1221 1226 1274 κατά
1245 1222 1335 1274 τὸν
1378 1225 1502 1294 τῇδε
1532 1225 1644 1294 βίον
1667 1227 1754 1278 δυ-

177 1301 412 1371 νάμεναι
458 1309 814 1363 καταπίπτειν
857 1312 1063 1382 τροπὴν
1093 1314 1154 1377 ’⁸,
1195 1316 1253 1367 ἐν
1277 1318 1341 1386 τῇ
1370 1317 1753 1390 παλιγγενεσία

175 1391 283 1462 τὴν
310 1395 398 1446 ἐπὶ
424 1396 484 1448 τὸ
509 1397 773 1469 ἄτρεπτον
799 1401 980 1466 ἕξουσι
1016 1404 1416 1476 θεοειδεστάτην
1443 1409 1750 1478 μετάταξιν.

175 1482 266 1536 Τά
287 1484 343 1538 δὲ
365 1486 578 1559 καθαρά
599 1489 708 1542 τῶν
732 1492 891 1562 ἱερῶν
933 1494 1138 1565 ψυχῶν,
1171 1495 1412 1568 ὁμόζυγα
1438 1499 1529 1551 καὶ
1553 1501 1753 1569 όμοπό-

177 1592 348 1648 ρευτα
394 1578 618 1650 σώματα
686 1587 1166 1657 συναπογραφέντα
1212 1589 1303 1641 καὶ
1352 1588 1752 1661 συναθλήσαντα

175 1665 324 1721 κατά
365 1670 491 1732 τοὺς
540 1670 717 1734 θείους
764 1675 943 1728 αὐτῶν
987 1678 1236 1749 ἱδρῶτας,
1261 1681 1317 1733 ἐν
1340 1682 1405 1750 τῇ
1431 1679 1538 1733 τῶν
1565 1680 1749 1750 ψυχῶν

172 1752 437 1826 ἀτρέπτῳ
459 1757 597 1811 κατά
618 1758 717 1829 τὴν
742 1759 890 1815 θείαν
929 1764 1070 1836 ζωὴν
1111 1766 1332 1838 ἱδρύσει,
1382 1769 1748 1841 συναπολήψε-

1863 599 2094 654 tuentes,
2142 607 2371 661 quarum
2428 595 2710 650 veritatem
2742 600 3132 666 quodammodo
3157 602 3209 656 in
3239 619 3414 661 resur.

1863 683 2106 734 rectionc
2132 683 2242 752 jam
2269 696 2685 755 conspexerunt,
2728 703 2848 742 cum
2878 689 3030 745 ﬁrma
3067 703 3122 747 et
3147 710 3272 749 vera
3299 711 3418 766 spe,

1859 774 2158 841 gaudioque
2197 777 2380 830 divino
2401 779 2466 831 ad
2498 780 2689 832 mortis
2727 783 3034 848 terminum,
3069 795 3321 856 tanquam
3350 793 3417 844 ad

1859 861 2018 917 linem
2078 869 2438 922 certaminum
2520 871 2995 938 proﬁciscuntur;
3049 881 3191 943 quod
3267 889 3416 935 certo

1854 954 2024 1007 sciant
2073 971 2164 1009 sua
2212 958 2433 1024 omnia,
2481 970 2703 1029 propter
2757 962 2989 1016 futuram
3036 980 3189 1018 suam
3237 985 3412 1024 resur-

1856 1046 2174 1110 rectionem,
2206 1049 2256 1101 iu
2291 1060 2406 1103 tuto
2446 1051 2564 1106 fore
2601 1054 2654 1106 in
2702 1054 2789 1108 illa
2838 1055 3074 1124 perfecta
3110 1071 3416 1132 aeternaque

1855 1133 1961 1185 vita
1995 1143 2049 1186 et
2077 1135 2425 1191 beatitudine.
2458 1136 2586 1192 Nam
2609 1155 2810 1198 sancta:
2829 1146 3046 1214 quidem
3076 1150 3270 1205 anima:
3293 1167 3411 1206 cum

1855 1223 1908 1276 in
1940 1225 2043 1279 hac
2100 1227 2211 1280 vita
2262 1229 2518 1298 degentes
2563 1233 2739 1289 adhuc
2794 1239 3026 1306 perverti
3079 1245 3314 1310 possint,
3361 1246 3412 1298 in

1857 1320 2273 1384 regeneratiene
2309 1321 2399 1374 illa
2432 1323 2498 1377 ad
2533 1335 2736 1379 statum
2779 1328 3168 1388 immutabilem
3199 1337 3414 1405 Deoqne

1854 1407 2086 1462 maxime
2131 1411 2463 1466 conformem
2529 1417 2949 1476 transferentur.
3001 1423 3138 1478 Pura
3167 1441 3295 1482 vero
3322 1430 3412 1483 illa

1853 1508 2102 1566 corpora,
2147 1515 2265 1568 quae
2310 1505 2517 1558 sanctis
2563 1509 2846 1563 animabus
2902 1514 3146 1580 copulata
3173 1532 3292 1572 cum
3323 1520 3414 1573 iis-

1852 1587 1973 1640 dem
2007 1589 2166 1643 simul
2197 1602 2251 1644 et
2283 1595 2651 1662 ambularunt,
2682 1607 2737 1653 et
2759 1600 3027 1672 descripta
3076 1620 3221 1670 sunt,
3249 1621 3413 1680 atque

1852 1691 1958 1731 una
1981 1689 2278 1748 certarunt,
2307 1699 2404 1752 pro
2448 1685 2646 1742 divinis
2673 1691 2986 1757 sudoribus,
3015 1695 3068 1749 in
3110 1699 3408 1755 animarum

1851 1770 2146 1826 secundum
2200 1775 2432 1830 divinam
2487 1779 2651 1834 vitam
2722 1781 3000 1852 firmitate,
3049 1789 3150 1842 sibi
3201 1808 3412 1860 quoque

170 1861 266 1900 ται
291 1846 388 1918 τὴν
409 1849 614 1904 οἰκείαν
653 1855 949 1909 ἀνάστασιν
966 1874 978 1886 ·
1009 1858 1274 1914 ἑνωθέντα
1300 1861 1405 1933 γὰρ
1431 1857 1517 1926 αἷς
1545 1864 1736 1934 ῆνωντι

1852 1865 2123 1933 propriam
2167 1871 2622 1926 resurrectionem
2660 1877 2956 1934 sortientur
2987 1884 3228 1938 :sanctis
3264 1887 3407 1940 enim

172 1939 319 1994 κατά
355 1942 445 1995 τὸν
486 1946 610 2016 τῇδε
658 1947 772 2017 βίον
798 1951 968 2019 ίεραῖς
990 1951 1184 2023 ψυχαῖς
1203 1997 1218 2020 ,
1256 1954 1330 2018 ὡς
1359 1955 1490 2027 μέλη
1514 1958 1748 2028 Χριστοῦ

170 2031 456 2098 γεγονότα,
484 2034 579 2106 τὴν
607 2037 813 2110 θεοειδῆ
849 2041 942 2093 καὶ
986 2042 1257 2115 ἄφθαρτον
1282 2045 1544 2098 ἀθάνατόν
1572 2063 1630 2098 τε
1656 2048 1750 2100 καὶ

173 2124 453 2194 μακαρίαν
501 2127 834 2198 ἀπολήψεται
881 2131 1052 2202 λῆξιν.
1093 2135 1177 2187 Ἐν
1218 2135 1423 2198 τούτοις
1474 2137 1570 2205 μὲν
1595 2131 1743 2208 οὗνὴ

169 2212 286 2265 τῶν
313 2215 473 2284 ἱερῶν
499 2218 616 2271 ἐστι
635 2221 913 2292 ςκοίμησις
939 2225 998 2278 ἐν
1031 2225 1334 2298 εὐφροσύνῃ
1382 2228 1474 2280 καὶ
1518 2228 1746 2282 ἀσαλεύ-

166 2322 286 2372 τοις
312 2307 545 2376 ἐλπίσιν,
591 2314 671 2376 εἰς
696 2312 756 2367 τὸ
781 2313 889 2367 τῶν
910 2314 1068 2370 θείων
1105 2317 1326 2386 ἀγώνων
1374 2319 1740 2394 ἀφικνουμένη

169 2396 368 2468 πέρας.

1852 1954 2135 2011 animabus
2195 1960 2468 2026 copulata,
2511 1964 2709 2032 quibus
2744 1967 2796 2021 in
2838 1969 2938 2024 hac
2986 1973 3092 2027 vita
3118 1976 3406 2045 conjuncta

1855 2044 2088 2111 fuerant,
2126 2058 2184 2102 ut
2230 2065 2349 2119 quae
2394 2049 2504 2118 jam
2557 2053 2757 2111 Christi
2812 2062 3050 2116 membra
3102 2044 3405 2132 factasint,

1850 2135 2168 2191 deiformem
2196 2147 2250 2193 et
2281 2140 2672 2213 incorruptam,
2703 2146 2866 2220 264
2917 2162 3078 2220 atque
3130 2156 3406 2214 immorta-

1849 2223 1955 2278 lem
1999 2227 2322 2296 beatamque
2351 2233 2588 2299 requiem
2619 2249 3036 2308 consequentur.
3081 2242 3217 2301 Hinc
3247 2249 3306 2302 tit
3350 2259 3406 2304 ut

1845 2324 2157 2370 Sanctorum
2229 2319 2555 2376 obdormitio
2613 2325 2686 2378 sit
2747 2327 2800 2381 in
2864 2329 3051 2386 lmtitia
3133 2340 3407 2409 certisque

1844 2409 2073 2476 spebus,
2132 2409 2260 2465 dum
2313 2412 2379 2466 ad
2437 2417 2793 2476 certaminum
2866 2422 3172 2484 divinorum
3242 2433 3401 2489 tinent

1843 2503 2012 2559 venit.

1727 2677 1864 2753 θη.

240 2832 363 2887 Τῶν
409 2833 464 2887 δὲ
509 2836 739 2908 ἀνιέρων
779 2841 829 2893 οί
876 2843 975 2911 μέν
1023 2845 1104 2907 είς
1150 2843 1485 2915 ἀνυπαρξίαν
1535 2843 1741 2912 ἀλόγως

163 2925 369 2983 οῐσνται
396 2932 610 2998 χωρεῖν,
638 2935 684 2984 ot
711 2932 766 2985 δὲ
786 2933 883 3004 τὴν
909 2937 1225 3008 σωματικὴν
1250 2937 1479 3001 εἰσάπαξ
1506 2939 1742 3010 ἀπορρή-

165 3017 397 3083 γνυσθαι
419 3019 526 3072 τῶν
553 3022 767 3075 οἰκείων
790 3022 975 3093 ψυχῶν
1001 3025 1279 3095 συζυγίαν,
1303 3027 1378 3090 ὠς
1397 3029 1737 3099 ἀνάρμοστον

1909 2844 2264 2902 Prol'anorum
2319 2859 2500 2905 autem
2536 2854 2627 2908 alii
2674 2856 2888 2924 quidem
2927 2861 3041 2914 sine
3071 2864 3280 2921 ratione
3301 2885 3396 2938 pn-

1840 2943 1954 2988 tant
1989 2951 2216 3004 corpora
2259 2950 2441 2994 nostra
2481 2944 2695 3012 penitus
2727 2945 2961 3014 aboleri;
2990 2950 3082 3006 alii
3116 2970 3241 3010 vero
3263 2973 3389 3012 cen-

1833 3034 1956 3079 sent
2003 3042 2321 3097 corporeum
2360 3032 2464 3087 hoc
2503 3049 2624 3088 cum
2673 3039 2908 3106 prapriis
2957 3045 3070 3097 suis
3111 3046 3394 3103 animabus

165 3111 383 3174 αὑταῖς,
433 3113 490 3165 ἐν
536 3112 761 3167 θεοειδεί
780 3117 825 3148 ’θ
850 3116 960 3188 ζωῇ
1013 3121 1106 3172 καὶ
1151 3120 1446 3191 μακαρίαις
1498 3120 1730 3192 λήξεσιν,

1848 3116 2144 3188 :onjugium
2212 3123 2438 3191 repudio
2499 3126 2665 3180 semel
2714 3129 3091 3196 dirimendum,
3138 3145 3389 3209 tanquam

163 3201 268 3254 οὐκ
291 3202 661 3272 ἐννοήσαντες,
704 3206 822 3258 οὑδέ
847 3208 1046 3273 ἱκανῶς
1069 3211 1128 3262 ἐν
1152 3211 1428 3282 ἐπιστήμῃ
1457 3210 1574 3281 θείᾳ
1601 3230 1733 3284 μυη-

163 3290 373 3357 θέντες,
425 3296 716 3367 ἀρχθεῖσαν
765 3298 862 3370 ήδη
910 3301 1008 3370 τὴν
1051 3301 1173 3353 καθ’
1218 3302 1363 3372 ήμᾶς
1411 3304 1470 3354 ἐν
1515 3304 1731 3375 Χριστῷ

159 3383 570 3456 θεοειδεστάτην
596 3385 738 3458 ζωήν
755 3387 819 3440 ’⁸.
839 3389 1018 3442 ¹Ἀλλοι
1045 3391 1100 3444 δέ
1125 3393 1388 3462 σωμάτων
1412 3392 1581 3446 ἄλλων
1605 3395 1734 3446 ἀπο-

159 3477 389 3547 νέμουσι
449 3481 568 3541 ταῖς
629 3479 827 3549 ψυχαῖς
898 3481 1173 3550 συζυγίας,
1241 3483 1556 3548 ἀδοκοῦντες
1581 3487 1624 3517 ²²
1671 3485 1729 3539 τὸ

157 3566 252 3618 ἐπ’
276 3566 479 3631 αὐτοῖς,
504 3568 579 3630 ὠς
607 3563 776 3637 οἶμαι,
825 3569 893 3624 τά
939 3575 1353 3643 συμπονήσαντα
1397 3577 1516 3638 ταῖς
1559 3574 1730 3640 θείαις

156 3656 381 3727 ψυχαῖς,
409 3659 628 3712 καὶτῶν
655 3661 815 3732 ἱερῶν
862 3663 1176 3717 ἀντιδόσεων
1215 3665 1312 3718 οὐκ
1355 3666 1566 3734 εὐαγῶς
1593 3667 1726 3719 ἀπο-

160 3747 478 3820 στεροῦντες
500 3750 568 3803 τὰ
591 3748 724 3823 πρὸς
745 3753 806 3807 τὸ
831 3755 1002 3825 πέρας
1049 3755 1265 3809 ἐλθόντα
1312 3758 1418 3810 τῶν
1442 3759 1728 3812 θειοτάτων

153 3840 394 3912 δρόμων.
447 3843 627 3897 Ἀλλοι
669 3845 744 3908 δέ,
794 3846 890 3899 οὐκ
911 3843 1006 3900 οἷδ’
1040 3849 1186 3912 ὅπως
1209 3851 1299 3902 ἐπὶ
1325 3850 1622 3922 προσύλους
1646 3853 1727 3903 ὲν-

154 3931 309 3996 νοίας
356 3932 759 4000 ἀποκλιθέντες,
808 3940 1089 4009 εἰρήκασιν
1129 3941 1345 4012 ὁμοειδῆ
1371 3942 1417 3974 ³³
1460 3943 1556 3995 τοῦ
1600 3944 1724 4016 τῇδε

156 4022 277 4093 βίον
298 4026 396 4096 τὴν
420 4029 530 4090 τοῖς
556 4030 721 4093 ὁσίοις
744 4031 1153 4104 ἐπηγγελμένην
1176 4035 1482 4106 ἀγιωτάτην
1507 4039 1598 4089 καὶ
1626 4054 1726 4106 μα·-

154 4120 502 4190 καριωτάτην
529 4124 576 4152 ’⁸
603 4120 773 4192 λῆξιν,
821 4125 914 4176 καὶ
958 4124 1162 4195 τροφὰς
1207 4127 1414 4189 οἰκείας
1453 4127 1725 4200 ἀλλοιωτῴ

151 4210 259 4281 βίῳ
284 4215 396 4276 τοῖς
426 4213 729 4281 ίσαγγέλοις
773 4215 1044 4286 ἀθεμίτως
1099 4216 1422 4289 ἀπέρριψαν.
1466 4218 1601 4272 Ἀλλ’
1623 4221 1723 4274 οὐκ

151 4304 508 4358 ἀποπεσεῖταί
532 4306 577 4337 ’⁸
601 4307 684 4370 τίς
711 4324 837 4360 ποτε
884 4308 990 4361 τῶν
1038 4310 1342 4380 ἱερωτάτων
1391 4310 1599 4382 ἀνδρῶν
1643 4315 1722 4375 είς

147 4397 253 4462 τὰς
298 4399 506 4452 τοιάσδε
554 4400 879 4471 πλανήσεις’
928 4401 1038 4454 ἀλλ’
1086 4403 1237 4466 ὅλους
1284 4405 1476 4467 αὐτοὺς
1521 4404 1721 4475 ἀπολή-

1834 3210 1941 3268 illis
1968 3212 2022 3266 in
2045 3214 2292 3270 deiformi
2315 3218 2442 3275 {vita
2473 3219 2737 3289 beataque
2791 3224 2977 3293 requie
3022 3242 3212 3296 parum
3264 3247 3391 3287 con-

1834 3313 2154 3358 sentaneum
2184 3322 2200 3372 ;
2230 3322 2566 3376 nequaquam
2599 3311 2983 3383 intelligentes,
3014 3331 3186 3387 neque
3212 3322 3392 3375 scien-

1835 3397 1909 3450 tia
1936 3398 2116 3450 divina
2165 3399 2390 3465 eruditi,
2437 3417 2536 3456 nos
2583 3403 2696 3473 jam
2747 3405 3064 3465 deiformem
3094 3414 3146 3468 in
3176 3416 3388 3472 Christo

1834 3488 1996 3542 vitam
2025 3488 2328 3544 inchoasse.
2357 3491 2459 3545 Alii
2486 3504 2664 3547 autem
2702 3497 2986 3555 animabus
3013 3503 3241 3560 aliorum
3268 3523 3387 3562 cor-

1832 3593 2022 3646 porum
2063 3579 2311 3650 conjugia
2359 3581 2686 3646 attribuunt,
2730 3587 2784 3641 in
2835 3603 2960 3658 quo,
3012 3608 3126 3647 mea
3170 3598 3384 3665 quidem

1830 3673 2125 3734 sententia,
2163 3683 2424 3742 quantum
2452 3675 2504 3730 in
2534 3677 2663 3747 ipsis
2705 3693 2807 3742 est.
2861 3683 3111 3750 injuriam
3146 3689 3388 3757 irrogant

1829 3762 2168 3830 corporibus,
2194 3781 2312 3833 qua:
2335 3781 2457 3820 cum
2499 3768 2696 3825 divinis
2746 3773 3030 3829 animabus
3083 3778 3381 3832 collabora-

1829 3862 1971 3916 ruut,
2016 3855 2316 3924 eademque
2383 3859 2553 3914 sacris
2597 3861 2709 3915 suis
2755 3866 2992 3932 pnemiis
3038 3867 3379 3931 defraudant,

1827 3957 1950 3997 cum
1998 3946 2234 4000 divinum
2289 3964 2507 4003 cursum
2555 3957 3005 4011 consummarint.
3054 3960 3159 4012 Alii
3199 3975 3380 4029 porrn,

1828 4034 2010 4088 nescio
2034 4050 2140 4105 quo
2169 4047 2350 4106 pacto,
2378 4040 2443 4092 ad
2473 4049 2716 4098 terrenas
2765 4047 3118 4115 cogitationes
3165 4051 3376 4118 dilapsi,

1826 4123 2104 4189 dixerunt,
2155 4131 2407 4195 praesenti
2452 4132 2574 4186 vita:
2601 4134 2832 4189 similem
2863 4137 3036 4193 beatis
3061 4142 3380 4208 promissam

1826 4227 1945 4268 esse
1985 4218 2385 4273 sanctissimam
2423 4220 2900 4294 beatissimamque
2946 4238 3174 4297 sortem,
3203 4232 3381 4287 cibos-

1824 4319 1928 4372 qne
1955 4307 2077 4361 vitae
2129 4309 2371 4364 variabili
2415 4313 2666 4381 proprios
2697 4315 2760 4370 iis
2783 4319 2873 4383 qui
2907 4319 3114 4387 angelis
3143 4323 3377 4390 :rquales

1823 4407 1970 4461 sunt,
2019 4397 2222 4452 nefarie
2269 4401 2666 4469 applicuerunt.
2719 4405 2823 4460 Sed
2869 4409 3027 4472 absit,
3056 4420 3112 4462 ut
3140 4428 3374 4481 unquam

145 4490 347 4560 ψασθαι
385 4493 482 4561 τὴν
526 4494 842 4564 Χριστοειδῆ
889 4494 1040 4563 λῆξιν
1083 4495 1312 4558 εἰδότες,
1358 4497 1484 4548 ὅταν
1523 4497 1614 4548 ἐπὶ¹
1655 4496 1716 4549 τὸ

1851 4498 2046 4542 anctus
2070 4491 2152 4542 vir
2174 4490 2438 4561 quispiam
2471 4494 2522 4548 in
2550 4495 2852 4552 istiusmodi
2895 4513 3107 4555 errores
3132 4502 3323 4557 incidat
3358 4506 3372 4557 !

146 4580 328 4652 πέρας
371 4579 563 4635 ἔλθωσι
604 4582 697 4635 τοῦ
741 4585 867 4655 τῇδε
895 4585 1028 4653 βίου,
1056 4587 1153 4657 τὴν
1179 4587 1258 4649 είς
1283 4585 1584 4658 ἀφθαρσίαν
1615 4586 1712 4638 αὐ-

145 4670 260 4724 τῶν
281 4672 417 4734 ὁδὸν,
444 4673 518 4736 ὼς
560 4675 856 4746 ἐγγυτέραν
899 4677 997 4748 ήδη
1050 4676 1434 4748 γεγενημένην,
1480 4677 1713 4747 ἐμφανέ-

148 4778 339 4832 στερον
364 4762 550 4834 ὁρῶσι,
581 4763 788 4828 καὶτὰς
809 4765 1011 4838 δωρεὰς
1033 4765 1132 4835 τῆς
1167 4765 1422 4837 θεαρχίας
1464 4765 1708 4836 ὑμνοῦσι,

1818 4593 2005 4631 verum
2059 4578 2136 4634 illi
2177 4582 2372 4646 sancti,
2405 4584 2494 4651 qui
2522 4598 2580 4640 se
2624 4595 2764 4640 totos
2794 4585 3226 4644 Christiformem
3256 4608 3376 4648 sor-

1818 4681 1922 4724 tein
1952 4683 2304 4741 percepturos
2347 4688 2739 4744 cognoverunt,
2769 4678 2857 4733 ubi
2885 4678 2951 4733 ad
2983 4680 3136 4747 hujus
3163 4685 3281 4737 vitae
3307 4685 3371 4738 θ·-

1817 4779 1937 4817 nem
1984 4766 2337 4834 accesserint,
2383 4767 2524 4820 viam
2572 4783 2723 4822 suam
2769 4771 2835 4824 ad
2887 4772 3365 4842 incorruptionem,

147 4853 245 4907 καὶ
286 4853 432 4916 θείας
482 4855 671 4925 ἡδονῆς
715 4857 1168 4928 ἀποπληροῦνται,
1218 4858 1314 4928 τὴν
1339 4857 1430 4912 ἐπὶ
1452 4857 1519 4909 τά
1544 4857 1710 4928 χείρω

1855 4857 1966 4909 nasi
1991 4856 2102 4924 jam
2119 4858 2560 4926 propinquiorem
2589 4858 2807 4927 factam,
2847 4862 3137 4929 intuentes,
3171 4869 3366 4921 summi

143 4944 354 5016 τροπὴν
379 4945 557 4997 οὐκέτι
579 4947 890 5011 δεδοικότες,
917 4948 1028 5001 ἀλλ’
1059 4945 1117 5001 εὖ
1143 4949 1359 5014 ειδότες,
1386 4950 1465 5002 ὄτι
1492 4948 1558 5000 τά
1581 4966 1710 5016 κτη-

147 5035 306 5088 θέντα
353 5035 490 5088 καλά
536 5037 764 5106 βεϐαίως
803 5043 893 5093 καὶ
920 5040 1148 5105 αἰωνὶως
1189 5040 1415 5107 ἕξουσιν.
1445 5042 1504 5092 Oi
1529 5040 1585 5092 δὲ
1610 5056 1708 5109 μο-

1815 4947 1907 5000 Dei
1960 4962 2182 5001 munera
2237 4947 2566 5012 collaudant,
2620 4949 2909 5019 divinaque
2955 4952 3229 5022 voluptate
3276 4959 3370 5007 ad-

1816 5037 2125 5105 impleutur,
2179 5052 2282 5090 non
2321 5038 2432 5106 jam
2484 5038 2714 5106 amplius
2761 5042 2992 5108 perverti
3037 5051 3366 5105 metuentes,

144 5128 364 5201 λυσμῶν
404 5129 658 5184 ἀνάπλεοι
695 5133 787 5184 καὶ
820 5133 1070 5203 ἀνιέρων
1096 5131 1346 5202 κηλίδων,
1374 5131 1529 5200 εῖπερ
1557 5131 1706 5230 ἱερᾶς

1848 5133 1906 5182 ed
1940 5130 2108 5198 probe
2137 5139 2620 5198 cognoscentes,se
2647 5132 2782 5185 bona
2807 5141 2958 5199 parta
2989 5132 3214 5187 firmiter
3239 5148 3361 5202 per-

144 5237 288 5285 τινος
309 5223 632 5293 τετυχήκασι
677 5224 948 5295 μυήσεως,
995 5225 1145 5278 αὐτοὶ
1189 5223 1244 5276 δὲ
1271 5224 1474 5294 ταύτην
1522 5223 1583 5274 ἐκ
1609 5221 1701 5273 τοῦ

1848 5233 2078 5289 etuoque
2119 5234 2480 5290 possessuros.
2515 5222 2708 5275 Verum
2750 5221 2838 5290 qui
2866 5222 3242 5291 iniquitatibus
3265 5237 3360 5279 ne-

1400 5371 1631 5427 V'ARUE
1669 5371 2070 5426 LECTIONES.

239 5491 284 5523 "
310 5491 566 5545 articulus
595 5492 693 5563 τῆς
720 5507 824 5545 non
852 5504 929 5547 est
962 5493 1012 5578 in
1045 5491 1101 5545 S.
1131 5492 1185 5544 P.
1221 5491 1305 5578 ί).ν
1373 5493 1415 5578 ¹ς
1444 5492 1862 5578 stilijttttg'tntnp.
1894 5494 1978 5578 I)‘:~
1996 5492 2105 5578 ᾳ...
2142 5493 2214 5564 μὴ
2241 5493 2510 5578 ἐλθοῦσαιῖ
2549 5493 2702 5578 sctit;
2730 5496 2992 5564 sequitur.
3070 5497 3356 5578 '_’_atitiq:ia

150 5564 202 5617 In
224 5561 289 5614 Si.
310 5562 449 5615 libro
479 5559 768 5624 lectio'est,
789 5562 864 5625 ὼς
889 5563 1224 5634 ἀνάρμοστον
1249 5563 1436 5624 αὑταῖς
1478 5559 1984 5634 οὖσανῖτὴν-θεοειδῆ
2011 5559 2155 5634 ζωὴν
2185 5559 2278 5615 καὶ
2306 5565 2576 5634 μακαρίαν
2604 5562 2776 5633 λῆξιν,
2811 5559 2970 5633 quam
3007 5567 3178 5620 reddit
3205 5559 3354 5622 Sc'ut.

148 5635 188 5666 ³¹
229 5633 283 5686 in
315 5632 480 5684 dandi
511 5646 640 5685 casu
672 5635 964 5700 corrigitur
1023 5634 1075 5685 in
1103 5632 1290 5700 codice
1330 5633 1441 5684 Sal.
1489 5647 1518 5682 τ

1613 5631 1985 5700 θεοειδεστάτῃ
2008 5700 2019 5702 ᾼ
2040 5631 2171 5701 ζωῇ.
2191 5701 2202 5702 7
2252 5631 2440 5702 "lege
2462 5631 2797 5698 ἀδικοῦντες,
2826 5631 3097 5689 rodit-ilius
3127 5651 3359 5690 consen-

149 5701 423 5775 tientibus.
451 5700 525 5775 Ita
550 5702 714 5754 etiam
748 5698 917 5754 editio
948 5699 1201 5757 Lansellii
1234 5698 1458 5756 Parisiis
1500 5698 1656 5754 {‘GIS.
1699 5703 1743 5733 "
1769 5698 2060 5770 ὁμοιοειδῆ,
2094 5698 2150 5754 νζ
2183 5701 2304 5755 Sar.
2367 5698 2413 5732 ’⁷⁸
2440 5706 2798 5775 μακαριστήν,
2829 5705 2882 5758 S.
2918 5705 2977 5758 Ρ.
3014 5709 3071 5758 Ι).
3146 5707 3193 5738 ’⁵
3224 5707 3356 5759 Amo

147 5771 344 5833 πείσειε,
376 5769 437 5823 Ι).
465 5768 586 5823 Sar.

421 5865 691 5923 ΡΑτιιοι..
724 5865 838 5922 (in.
877 5864 981 5925 ιιι.

3011 5869 3082 5926 18
