4162 6304
835 394 937 459 555

1983 398 2041 455 s.
2078 397 2373 455 Dtomsu
2412 386 2885 455 autumet”;

3954 410 4050 465 558

857 517 1091 581 ariisque
1137 508 1434 565 sceleribus
1476 518 1605 563 sunt
1650 508 1914 578 cooperti,
1968 510 2239 579 siquidem
2290 512 2381 564 ali-

2491 510 2690 564 οἰκείου
2738 511 2855 574 νοὸς
2903 512 3158 583 ὀλεθρίως
3185 514 3673 586 ἀπορῤαπίσαντες,
3700 518 3788 571 ἐπὶ
3812 519 3910 583 τὰς
3936 522 4053 591 φεμ.)

832 624 990 678 quant
1040 620 1250 660 sacram
1306 604 1588 660 hauserint
1642 604 2080 669 instructionem,
2132 619 2303 672 eaque
2324 618 2393 658 ex

831 699 1010 752 animo
1035 696 1337 766 perniciose
1364 695 1569 761 abjecta
1602 695 1665 746 ad
1695 695 2066 762 corruptrices
2094 695 2395 764 voluptates

830 798 1026 859 sponte
1044 804 1137 842 sua
1160 787 1397 841 devoluti
1427 786 1645 847 fuerint.
1696 802 1816 840 cum
1839 785 1949 855 jam
1984 788 2049 840 ad
2079 788 2202 840 vita:
2235 787 2393 842 finem

830 879 1194 946 pervenerint,
1242 877 1479 945 nonjam
1512 878 1593 931 eis
1628 877 1713 931 lex
1757 877 1936 932 divina
1976 894 2129 949 aeque
2150 881 2395 949 despica-

830 972 959 1026 bilis
988 970 1289 1039 apparebit,
1337 969 1428 1023 sed
1456 969 1791 1037 perniciosas
1823 970 2134 1037 passionum
2172 953 2391 1025 suarum

831 1062 1135 1129 voluptates
1169 1060 1287 1113 aliis
1306 1062 1461 1128 longe
1484 1060 1654 1113 oculis
1669 1060 2013 1127 aspicientes,
2037 1071 2392 1130 sanctamque

830 1154 1014 1213 vitam,
1041 1168 1200 1221 quam
1228 1152 1597 1221 imprudenter
1621 1152 1993 1218 neglexerunt,
2018 1153 2228 1206 beatam
2253 1168 2392 1221 prm-

829 1247 1086 1309 dicantes,
1112 1244 1290 1297 miseri
1315 1254 1367 1298 et
1399 1244 1549 1298 iuviti
1580 1259 1645 1297 ex
1669 1244 1772 1297 hac
1798 1244 1903 1295 vita
1932 1246 2227 1307 decedunt,
2264 1258 2391 1313 pro-

829 1348 947 1402 pter
991 1338 1153 1389 vitam
1202 1351 1355 1389 suam
1419 1336 1706 1404 pessimam
1740 1335 1884 1389 nulla
1912 1346 2097 1390 sancta
2129 1350 2221 1404 spe
2249 1334 2388 1390 fulti.

2495 608 2743 676 ροποιοὺς
2787 609 3161 681 ηὐτομόλησαν
3207 612 3513 683 ἐπιθυμίας,
3555 612 3680 668 ὅταν
3705 615 3797 668 ἐπὶ
3823 619 3881 669 τὸ
3905 620 4053 684 τέλος

2492 697 2755 769 ἐρχωνται
2808 699 2908 769 τῆς
2954 702 3138 755 ἐνθάδε
3194 703 3355 773 ζωῆς,
3386 705 3485 756 οὐκ
3516 705 3592 757 ἔτι
3632 708 3829 776 ὁμοίως
3868 708 4050 777 αὐτᾶς

2492 789 2959 862 εὐκαταφρόνητος
2984 796 3229 861 φανεῖται
3255 795 3300 825 ¹⁶
3320 794 3428 847 τῶν
3449 796 3643 864 λογίων
3662 801 3695 869 ἡ
3717 798 3836 853 θεία
3860 800 4057 871 θεσμο-

2491 880 2666 943 θεσία,
2715 880 2813 944 τάς
2868 881 3159 953 ὀλλυμένας
3187 884 3244 937 δὲ
3267 885 3373 937 τῶν
3395 887 3606 940 οἰκείων
3641 888 3826 943 παθῶν
3866 892 4056 961 ἡδονὰς

2491 970 2695 1043 ἑτέροις
2740 974 3034 1045 ὀφθαλμοῖς
3082 977 3566 1048 έπισκοπήσαντες,
3616 983 3708 1035 καὶ
3753 984 3853 1053 τὴν
3906 986 4056 1056 ἱερὰν

2488 1060 2666 1133 ζωὴν,
2718 1057 2785 1135 ἦς
2834 1065 3071 1136 ἀνοήτως
3137 1068 3555 1161 ἐκπεπτώκασι,
3623 1073 4054 1144 μακαρίσαντες,

2488 1155 2735 1220 ἐλεεινῶς
2764 1158 2857 1210 καὶ
2902 1158 3211 1229 ἀϐουλήτως
3253 1155 3632 1231 ἀποσχίζονται
3655 1166 3745 1218 τοῦ
3767 1169 3891 1239 τῇδε
3920 1170 4053 1240 βίου,

2487 1248 2623 1317 πρὸς
2656 1248 2923 1320 μηδεμίαν
2952 1252 2995 1303 ίε
3006 1251 3102 1321 ράν
3124 1250 3312 1306 ἐλπίδα
3334 1256 3825 1328 χειραγωγούμενοι
3848 1261 3938 1314 διά
3961 1264 4056 1333 τὴν

2485 1338 2763 1409 χειρίστην
2799 1335 2963 1411 ζωήν.

2358 1448 2527 1526 gul.

897 1557 1161 1625 Quoniam
1218 1566 1395 1609 autem
1429 1556 1478 1609 in
1530 1562 1843 1609 sanctorum
1895 1553 2386 1609 obdormitionibus

828 1652 963 1707 nihil
1018 1654 1206 1706 horum
1255 1651 1471 1714 accidit,
1504 1650 1548 1702 is
1578 1648 1666 1717 qui
1699 1660 1955 1717 prolicrat
1986 1648 2049 1699 ad
2080 1648 2237 1700 linem
2268 1661 2387 1700 cer-

830 1744 1090 1797 taminum
1123 1756 1341 1795 suorum
1370 1750 1553 1793 sancta
1582 1739 1810 1807 quadam
1844 1737 2024 1791 Imtitia
2062 1736 2385 1804 completur,

828 1848 1132 1901 magnaque
1180 1847 1307 1887 cum
1358 1830 1695 1898 jucunditate
1743 1844 1912 1883 sacra:
1968 1830 2383 1897 regenerationis

829 1925 1279 1993 iter'ingreditur.
1315 1922 1605 1989 Propinqui
1640 1930 1817 1975 autem
1846 1921 1963 1989 ejus
1988 1923 2076 1990 qui
2106 1921 2388 1977 defuuC'us

827 2015 986 2089 265
1017 2024 1118 2079 est,
1174 2032 1271 2085 pro
1312 2015 1434 2084 jure
1484 2013 1679 2066 divinae
1719 2014 2133 2083 pr0pinquitatis
2165 2030 2230 2068 ac
2280 2031 2388 2069 tno-

826 2127 944 2164 rum
978 2108 1351 2167 similitudine.
1387 2106 1598 2159 beatum
1628 2106 1825 2175 ipsum,
1861 2105 1935 2158 uti
1964 2121 2089 2160 vere
2117 2116 2223 2171 est,
2252 2121 2385 2175 pra:-

824 2202 1026 2263 dicaut,
1064 2200 1205 2269 quod
1241 2200 1307 2251 ad
1350 2207 1592 2268 optatum
1646 2198 1889 2251 victoria:
1929 2198 2172 2252 bravium
2202 2212 2378 2267 perve-

826 2293 983 2357 nerit,
1028 2291 1342 2358 auctorique
1384 2290 1627 2343 victoria:
1672 2290 1883 2344 cantica
1925 2291 2220 2359 gratiarum
2271 2291 2382 2344 sol-

824 2396 977 2443 vunt,
1030 2392 1189 2450 atque
1222 2382 1322 2435 sibi
1364 2380 1595 2434 similem
1646 2390 1848 2435 sortem
1895 2390 2120 2449 optant;
2158 2383 2388 2451 denique

826 2483 1163 2530 assumentes
1195 2476 1367 2542 ipsum
1405 2473 1469 2525 ad
1500 2471 1796 2527 antistitem
1849 2481 2085 2539 portant,
2119 2476 2269 2541 quasi
2297 2490 2387 2526 sa-

825 2570 935 2621 cris
963 2567 1182 2621 coronis
1213 2566 1602 2619 numerandum
1637 2582 1651 2630 ;
1698 2566 1785 2633 qui
1819 2565 2047 2618 libenter
2070 2579 2190 2619 eum
2220 2566 2387 2619 susci-

825 2660 923 2730 pit,
955 2674 1124 2727 caque
1145 2658 1286 2727 justa
1312 2657 1540 2726 peragit,
1588 2672 1706 2724 quze
1730 2658 1913 2710 divino
1962 2657 2207 2711 instituto
2231 2658 2384 2711 exhi-

825 2750 1018 2803 bentur
1048 2750 1113 2803 iis
1142 2749 1230 2817 qui
1263 2757 1447 2802 sancte
1477 2748 1903 2801 obdormierunt.

859 2865 921 2918 II.
961 2862 1269 2932 Mysterium
1310 2878 1463 2929 super
1491 2863 1570 2913 his
1601 2862 1690 2930 qui
1719 2873 1897 2916 sancte
1937 2863 2351 2918 obdormieruut.

2566 1548 2780 1603 Τούτων
2803 1550 2859 1603 δὲ
2878 1550 3089 1615 οὐδενὸς
3134 1554 3449 1624 γιγνομένου
3496 1557 3632 1611 κατά
3652 1558 3749 1622 τάς
3775 1562 4057 1631 κοιμήσεις

2490 1641 2596 1695 τῶν
2623 1642 2785 1715 ἱερῶν
2830 1644 3061 1716 ἀνδρῶν,
3088 1645 3251 1711 αὐτὸς
3287 1649 3385 1718 μὲν
3409 1650 3437 1701 6
3466 1649 3602 1720 πρὸς
3624 1649 3684 1703 τὸ
3710 1651 3879 1722 πέρας
3905 1654 4055 1723 ὲρχὰ

2493 1752 2652 1805 μενος
2692 1736 2802 1791 τῶν
2838 1738 3053 1790 οἰκείων
3096 1722 3327 1806 ἀγώνων
3369 1740 3700 1813 εὐφροσύνης
3737 1745 3883 1813 ἱερᾶς

2492 1826 2813 1898 πληροῦται,
2851 1830 2945 1881 καὶ
2974 1828 3068 1882 σὺν
3115 1829 3276 1901 ἡδονῇ
3319 1830 3484 1902 πολλῇ
3514 1832 3648 1904 πρὸς
3674 1834 3771 1905 τὴν
3797 1835 3912 1888 ὁδὸν
3939 1838 4053 1887 ὲπι-

2490 1919 2662 1973 σαίνει
2686 1921 2786 1989 τῆς
2828 1921 2979 1993 ἱερᾶς
3023 1921 3454 1991 παλιγγενεσίας.
3490 1923 3550 1977 Oi
3580 1924 3637 1977 δὲ
3657 1924 3749 1978 τοῦ
3774 1926 4056 1997 κοιμηθένο

2488 2029 2580 2076 τος
2628 2014 2837 2079 οἰκεῖοι,
2892 2011 3034 2066 κατά
3078 2012 3177 2084 τὴν
3222 2012 3372 2068 θείαν
3395 2016 3698 2087 οἰκειότητα
3722 2018 3812 2070 καὶ
3833 2020 4056 2089 ὁμοτρο-

2490 2103 2639 2168 πίαν,
2687 2097 2847 2156 αὐτόν
2893 2120 2973 2166 τε,
3016 2104 3161 2167 ὅστις
3188 2104 3304 2157 ἐστὶ
3335 2105 3401 2169 ’⁷,
3436 2106 3812 2178 μακαρίζουσι,
3844 2108 3979 2179 πρὸς
3994 2108 4053 2161 τὸ

2490 2196 2779 2267 νικηφόρον
2823 2196 3087 2260 εὐκταίως
3128 2196 3452 2268 ἀφικόμενον
3473 2199 3621 2281 τέλος
3647 2200 3711 2265 ⁸⁸,
3748 2201 3837 2253 καὶ
3856 2199 3937 2271 τῷ
3958 2201 4055 2271 τῆς

2489 2288 2644 2359 νίκης
2692 2289 2847 2359 αἰτίῳ
2883 2290 3263 2360 χαριστηρίους
3296 2289 3436 2360 ᾠδὰς
3460 2293 3850 2364 ἀναπέμπουσι,
3878 2310 4052 2365 προσ-

2489 2378 2569 2431 έτι
2593 2378 2686 2431 καὶ
2724 2380 2919 2443 αὐτοὺς
2947 2379 3236 2448 ἀφικέσθαι
3263 2380 3397 2452 πρὸς
3420 2381 3516 2451 τὴν
3552 2382 3743 2453 ὁμοίαν
3776 2383 4053 2454 εὐχόμενοι

2489 2468 2637 2540 λῆξιν
2657 2487 2668 2499 ·
2698 2470 2950 2534 λαϐόντες
2986 2471 3042 2524 δὲ
3076 2472 3255 2537 αὐτὸν,
3292 2472 3384 2525 ἐπὶ
3414 2474 3505 2526 τὸν
3537 2475 3790 2547 ίεράρχην
3814 2477 4054 2542 ἄγουσιν,

2490 2558 2563 2621 ὡς
2600 2560 2691 2612 ἐπὶ
2742 2561 3017 2629 στεφάνων
3048 2559 3208 2631 ἱερῶν
3256 2561 3429 2614 δόσιν
3458 2564 3485 2616 ὁ
3511 2564 3567 2617 δὲ
3594 2566 3838 2635 ἀσμένως
3864 2567 4056 2618 ὐποδέ-

2490 2668 2665 2721 χεται,
2720 2653 2814 2704 καὶ
2864 2652 3007 2706 τελεῖ
3049 2653 3117 2706 τά
3164 2654 3301 2707 κατὰ
3360 2654 3557 2727 θεσμὸν
3602 2658 3759 2729 ίερῶν
3811 2659 3901 2711 ἐπὶ
3946 2662 4055 2722 τοῖς

2490 2742 2649 2805 ὁσίως
2674 2744 2715 2774 ¹⁹
2744 2744 3164 2815 κεκοιμημένοις
3189 2744 3507 2816 τελούμενα.

2585 2859 2651 2910 ll.
2692 2861 3040 2927 Μυστήριον
3059 2859 3155 2913 ἐπὶ
3181 2859 3297 2913 τῶν
3312 2860 3482 2928 ὶερῶς
3506 2863 3966 2928 κεκοιμημένων.

894 2955 1092 3007 Coacto
1123 2963 1264 3005 cestu
1318 2966 1498 3016 sacro,
1548 2951 1759 3004 divinus
1799 2952 2043 3018 antistes,
2098 2954 2385 3021 siquidem

2561 2949 2887 3018 Συναγαγὼν
2909 2953 2936 3003 ὁ
2964 2950 3106 3014 θεῖος
3145 2952 3404 3023 ίεράρχης
3445 2952 3535 3005 τὸν
3568 2954 3707 3024 ἱερὸν
3728 2954 3882 3025 χορὸν
3911 2956 3981 3019 ³⁸,
4011 2958 4056 3009 ει

825 3046 879 3099 in
922 3058 1093 3098 sacris
1143 3042 1317 3095 fuerat
1345 3042 1433 3109 qui
1481 3040 1830 3106 obdormivit,
1860 3052 1986 3096 ante
2035 3043 2274 3097 divinum
2302 3044 2384 3098 al-

823 3146 943 3191 tare
991 3135 1137 3189 illum
1188 3133 1481 3195 inclinans,
1533 3132 1651 3184 inﬁt
1700 3133 1997 3186 orationem
2048 3134 2112 3186 ad
2145 3135 2306 3187 Deum
2332 3145 2387 3190 et

824 3231 1116 3299 gratiarum
1168 3227 1439 3279 actionem
1472 3241 1485 3288 ;
1514 3226 1595 3277 sin
1644 3234 1818 3278 autem
1866 3226 2068 3279 sanctis
2108 3228 2386 3283 monachis

823 3330 1079 3374 sanctove
1129 3316 1324 3386 populo
1372 3325 1759 3369 annumeratus
1806 3314 2004 3381 fuerat,
2032 3317 2097 3370 ad
2124 3332 2387 3372 veneran-

822 3414 947 3465 dum
975 3412 1270 3464 sacrarium
1298 3418 1421 3463 ante
1453 3409 1794 3462 sacerdotum
1824 3409 2105 3463 introitum
2135 3409 2381 3464 collocat.

824 3502 1024 3557 Prresul
1075 3501 1267 3555 deinde
1313 3501 1520 3569 peragit
1564 3500 1626 3551 ad
1654 3500 1821 3552 Deum
1874 3515 2085 3569 precem
2110 3502 2385 3571 etgratia-

825 3611 941 3649 rum
993 3594 1259 3648 actionem
1292 3607 1307 3655 ;
1335 3592 1589 3661 deinceps
1620 3607 1750 3645 vero
1797 3592 2029 3659 diaconi,
2083 3593 2383 3649 verissimis

822 3687 887 3736 de
934 3684 1326 3737 resurrectione
1369 3685 1673 3751 promissis,
1702 3698 1819 3751 quae
1844 3686 2040 3738 divinis
2073 3684 2376 3753 Scripturis

822 3775 1025 3828 inserta
1056 3782 1200 3835 sunt,
1230 3774 1489 3839 recitatis,
1526 3775 1712 3827 iisdem
1740 3790 1974 3829 consona
2027 3786 2190 3845 atque
2216 3777 2383 3844 aequi-

819 3868 1054 3919 valentia
1120 3865 1451 3919 Psalmorum
1513 3867 1726 3919 cantica
1772 3868 2250 3921 concinuut:tum
2293 3885 2385 3922 ar-

819 3957 1173 4011 chidiaconus
1197 3957 1618 4011 catechumenos
1654 3957 1894 4023 dimittit,
1924 3969 2249 4028 sanctosque
2269 3960 2378 4028 jam

823 4051 1101 4104 defunctos
1132 4059 1537 4113 commemorat,
1569 4051 1762 4119 quibus
1788 4066 1975 4105 recens
2000 4051 2104 4104 vita
2140 4051 2380 4107 functum

820 4142 1085 4195 consimili
1153 4144 1673 4196 commemoratione
1725 4154 1908 4198 censet
1962 4145 2380 4215 aggregandum,

820 4234 1174 4303 hortaturque
1226 4248 1438 4298 omnes,
1466 4234 1539 4287 illi
1567 4244 1622 4287 ut
1650 4235 1863 4289 beatum
1898 4238 1947 4289 in
1977 4236 2193 4292 Christo
2221 4238 2377 4290 linem

2493 3044 2597 3114 μὴν
2620 3042 2662 3073 ³⁸
2699 3043 2975 3112 ἱερατικῆς
3024 3042 3263 3109 ἐγεγόνει
3308 3029 3512 3109 τάξεως
3564 3045 3592 3097 6
3639 3048 4053 3116 κεκοιμημένος,

2488 3128 2814 3201 ἐπίπροσθεν
2840 3128 2932 3181 τοῦ
2959 3129 3101 3182 θείου
3130 3129 3513 3202 θυσιαστηρίου
3530 3131 3847 3194 κατακλίνας
3868 3135 4055 3198 αὐτὸν,

2488 3221 2789 3292 ἀπάρχεται
2820 3221 2919 3290 τῆς
2948 3220 3083 3290 πρὸς
3107 3220 3235 3272 Θεὸν
3282 3220 3447 3291 εὐχῆς
3473 3222 3567 3276 καὶ
3601 3223 3947 3293 εὐχαριστίας
3966 3243 3980 3255 ·
4010 3230 4055 3280 εί

2486 3312 2542 3365 δὲ
2590 3315 2701 3375 τοίς
2758 3310 2976 3378 εὐαγέσι
3025 3312 3276 3379 μοναχοῖς
3307 3310 3341 3379 ἢ
3370 3309 3446 3379 τῷ
3495 3310 3624 3381 ἱερῷ
3675 3311 3785 3380 λαῷ
3833 3314 4055 3366 κατετέ-

2486 3422 2649 3457 τακτο
2676 3402 2900 3473 ³¹,παρά
2920 3402 2979 3455 τὸ
3016 3401 3193 3470 τίμιον
3237 3402 3499 3470 ίερατεῖον
3542 3401 3699 3454 αὐτὸν
3741 3403 4052 3459 κατακλίνει

2487 3496 2593 3566 πρὸ
2617 3493 2714 3562 τῆς
2738 3492 3018 3564 ἱερατικῆς
3058 3490 3425 3553 είσελεύσεως.
3474 3487 3604 3544 Εἶτα
3627 3492 3766 3544 τελεῖ
3792 3492 3889 3561 τὴν
3920 3493 4052 3564 πρὸς

2485 3588 2615 3641 Θεὸν
2647 3587 3056 3657 εὐχαριστήριον
3086 3582 3247 3653 εὐχὴν
3276 3584 3303 3635 6
3327 3583 3585 3653 ίεράρχης
3605 3599 3617 3613 ·
3641 3583 3765 3652 ἑξῆς
3794 3584 3847 3637 δὲ
3882 3587 3932 3637 οί
3954 3585 4053 3638 λει-

2484 3679 2699 3747 τουργοὶ
2720 3676 2817 3739 τὰς
2838 3678 2894 3728 ὲν
2919 3676 3032 3738 τοῖς
3078 3673 3239 3737 θείοις
3263 3672 3463 3740 λογίοις
3494 3673 3860 3744 ὲμφερομένας
3880 3674 4051 3744 ἅψει)-

2483 3771 2593 3833 δεῖς
2620 3767 2950 3837 ἐπαγγελίας
2992 3767 3118 3837 περὶ
3166 3766 3267 3835 τῆς
3304 3768 3454 3837 ἱερᾶς
3502 3766 3658 3836 ἡμῶν
3708 3766 4051 3830 ἀναστάσεως

2484 3862 2824 3931 ἀναγνόντες,
2858 3860 3018 3931 ίερῶς
3064 3857 3245 3929 ᾅδουσι
3295 3856 3395 3920 τὰς
3421 3856 3711 3927 ὁμολόγους
3741 3854 3832 3908 καὶ
3859 3860 4052 3910 ταύτο-

2482 3954 2747 4024 δυνάμους
2776 3952 2883 4005 τῶν
2910 3948 3193 4020 ψαλμικῶν
3230 3948 3423 4025 λογίων
3463 3946 3603 4018 ᾠδάς
3622 3964 3633 3975 ’
3667 3942 3782 3999 εἶτα
3802 3947 3913 3998 τῶν
3943 3947 4047 3999 λει-

2481 4043 2725 4116 τουργῶν
2748 4045 2775 4096 ὁ
2802 4026 3015 4113 πρῶτοςΙ
3054 4038 3277 4093 ἀπολύει
3321 4039 3447 4102 τούς
3476 4055 3710 4109 κατηχου
3720 4036 3933 4107 μένους,
3960 4040 4049 4091 καὶ

2482 4135 2844 4207 ἀνακηρύττει
2862 4135 2987 4196 τοὺς
3023 4134 3123 4204 ῆδη
3149 4131 3576 4202 κεκοιμημένους
3602 4130 3806 4197 ἁγίους,
3835 4131 3955 4199 μεθ’
3977 4125 4049 4184 ὧν

2482 4227 2623 4292 ἀξιοῖ
2657 4226 2747 4278 τὸν
2777 4226 2901 4296 ἄρτι
2927 4221 3279 4276 τελειωθέντα
3324 4221 3425 4291 τῆς
3466 4219 3763 4289 ὀμοταγοῦς
3810 4222 4047 4292 ἀναρρή-

821 4333 1048 4391 petant;
1084 4334 1196 4377 tum
1223 4324 1488 4378 accedens
1535 4324 1747 4378 divinus
1794 4323 2021 4378 antistes
2046 4339 2257 4393 precem
2290 4340 2377 4377 su-

2486 4336 2639 4382 σεως,
2666 4319 2760 4371 καὶ
2793 4316 3155 4387 προτρέπεται
3199 4314 3404 4377 πάντας
3448 4311 3661 4382 αἰτῆσαι
3708 4311 3805 4381 τὴν
3834 4312 3892 4363 ὲν
3922 4312 4048 4381 Χρι-

819 4432 914 4483 per
939 4431 1004 4471 eo
1047 4418 1477 4471 sacratissimam
1525 4416 1760 4485 peragit,
1810 4431 1911 4485 qua
1948 4417 2122 4480 ﬁnita,
2154 4418 2376 4484 ipsemet

819 4511 1042 4563 antistes
1096 4506 1409 4562 defunctum
1460 4508 1680 4573 salutat,
1726 4517 1780 4561 et
1811 4523 1931 4562 cum
1961 4508 2050 4561 illo
2079 4518 2373 4577 prarsentes

818 4613 1025 4653 omues.
1056 4599 1172 4664 Quo
1212 4607 1450 4667 peracto,
1501 4598 1725 4652 antistes
1774 4598 2080 4651 defunctum
2107 4598 2225 4651 oleo
2251 4615 2375 4668 pcr-

814 4688 1012 4751 luudit,
1039 4697 1091 4743 et
1114 4703 1209 4757 pro
1238 4688 1490 4753 ouiuibus
1520 4702 1680 4756 prece
1728 4686 1892 4754 facta,
1946 4688 2207 4741 honorato
2257 4687 2373 4741 loco

806 4792 1013 4848 corpus
1036 4779 1265 4832 collocat
1291 4794 1395 4832 una
1428 4794 1547 4833 cum
1579 4779 1880 4849 aequalibus
1919 4779 2039 4833 aliis
2058 4779 2372 4849 corporibus

805 4890 899 4930 san
913 4871 1037 4926 etis.

1320 5181 1403 5237 lll.
1445 5181 1827 5251 Contemplatio

2486 4408 2595 4478 στῷ
2626 4407 2898 4479 μακαρίαν
2919 4406 3225 4457 τελείωσιν·
3282 4398 3398 4456 εἶτα
3427 4399 3775 4473 προσελθὼνὸ
3804 4400 3948 4463 θεῖος
3975 4402 4044 4452 lt-

2486 4499 2723 4570 ράρχης,
2773 4496 2933 4567 εὐχὴν
2980 4496 3275 4567 ἱερωτάτην
3322 4494 3409 4546 ἐπ’
3455 4491 3601 4561 αὐτῷ
3648 4490 3911 4551 ποιεῖται,
3960 4490 4047 4541 καὶ

2485 4590 2621 4661 μετά
2679 4590 2776 4660 τὴν
2833 4588 2997 4659 εὐχὴν
3058 4584 3220 4648 αὐτός
3266 4602 3323 4637 τε
3371 4585 3398 4637 6
3443 4581 3699 4652 ίεράρχης
3746 4581 4042 4644 ἀσπάζεται

2478 4680 2568 4731 τὸν
2624 4679 3037 4747 κεκοιμημένον,
3080 4675 3174 4728 καὶ
3240 4676 3356 4744 μετ’
3404 4672 3561 4727 αὐτὸν
3608 4672 3654 4721 οί
3713 4669 3975 4739 παρόντες
4002 4670 4043 4701 ³³

2480 4771 2733 4834 ἅπαντες.
2804 4768 3227 4838 Ἀσπασαμένων
3288 4766 3343 4820 δὲ
3392 4766 3641 4827 πάντων,
3700 4762 3907 4831 ὲπιχέει
3970 4759 4043 4829 τῷ

2479 4861 2861 4932 κεκοιμημένῳ
2908 4861 2968 4912 τὸ
3016 4859 3237 4911 ἔλαιονὸ
3268 4857 3546 4927 ίεράρχης,
3610 4855 3702 4907 καὶ
3755 4854 3854 4923 τὴν
3906 4852 4041 4921 ὑπὲρ

2481 4958 2694 5009 πάντων
2722 4955 2881 5025 εὐχὴν
2913 4952 3061 5025 ίεράν
3082 4950 3463 5023 ποιησάμενος,
3491 4946 3806 5015 ἀποτίθησιν
3833 4948 3890 4997 ὲν
3916 4944 4038 5012 οἴκῳ

2478 5047 2643 5118 τιμίῳ
2668 5047 2728 5098 τὸ
2755 5045 2911 5116 σῶμα
2938 5045 3053 5115 μεθ’
3071 5044 3269 5114 ἑτέρων
3283 5041 3561 5112 ὁμοταγῶν
3581 5038 3737 5110 ἱερῶν
3759 5038 4034 5108 σωμάτων.

3072 5178 3163 5233 ιιι.
3210 5178 3439 5244 Θεωρία.

2378 5252 2487 5329 §l.

884 5355 1006 5411 llaac
1048 5356 1263 5424 quidem
1310 5357 1353 5411 si
1404 5358 1713 5423 aspexerint
1761 5357 1993 5424 profani,
2037 5356 2177 5410 vela
2215 5357 2369 5413 nobis

811 5449 925 5504 ﬁeri
982 5449 1367 5513 iuaudiverint,
1420 5448 1661 5514 profuse.
1691 5451 2047 5515 utcxistimo,
2098 5450 2366 5515 ridebunt,

2550 5353 2734 5407 Ταῦτα
2788 5354 2883 5424 μὲν
2911 5352 2954 5383 ³⁸
2976 5350 3132 5419 εἴπερ
3182 5348 3339 5399 ἴδοιεν
3365 5345 3396 5416 ἢ
3428 5341 3717 5397 ἀκούσαιεν
3757 5341 3806 5397 oi
3840 5339 4031 5409 ἀνίεροι

2475 5450 2610 5521 πρὸς
2646 5444 2800 5519 ἡμῶν
2846 5446 3140 5515 τελούμενα
3165 5440 3445 5507 "mlta-cbo
3466 5436 3790 5506 (ελάσουσιν,
3840 5433 3917 5495 ὡς
3962 5426 4030 5483 οἷς

2067 5566 2301 5621 VARlZE
2343 5565 2746 5620 LECTIONES.

880 5669 926 5699 “
950 5667 1213 5734 φαίνεται,
1245 5666 1299 5717 S.
1330 5665 1473 5719 Srot.
1506 5664 1620 5714 επ.
1704 5665 1745 5697 ³⁷
1775 5660 1880 5728 οἶός
1907 5668 2040 5725 ἐστι,
2070 5666 2127 5717 Ι).
2204 5662 2477 5741 ’θεύκτῶς
2498 5704 2516 5741 ,_
2544 5661 2608 5714 M.
2639 5661 2828 5741 πέρας,
2857 5659 2915 5712 D.
2958 5658 3036 5741 ﬁ"
3060 5651 3360 5741 6g‘lotg‘.‘M.
3539 5649 3599 5741 ἕ
3628 5646 3909 5741 ἂέίίεηξξΨ
3936 5639 4033 5741 ,ξίν

812 5756 916 5789 ron
957 5718 1148 5789 lliabeut
1186 5722 1245 5789 S.
1280 5736 1340 5788 P.
1381 5739 1439 5789 Ι).
1519 5736 1557 5765 ³⁸
1591 5734 1704 5802 μέν.
1786 5738 1825 5767 ³’
1854 5718 2234 5795 {angitur/.10,
2265 5732 2321 5784 Ρ.
2359 5730 2415 5785 Ι).
2460 5718 2468 5725 ’
2498 5731 2539 5762 ³³
2567 5718 2926 5800 παρεστῶτες,
2958 5728 3011 5780 Ρ.
3094 5728 3135 5758 ³⁸
3165 5724 3296 5779 ἀλλά
3320 5719 3509 5785 ταῦτα,
3539 5718 3606 5772 Μ.
3643 5719 3731 5773 Sc.

815 5808 1117 5860 :z‘m-Juzva.
1151 5809 1206 5859 Ι).

3804 5715 3849 5745 ⁸³
3881 5718 4028 5769 iam-hu
