4162 6304
113 301 236 358 565

1153 301 1242 356 DE
1272 300 1550 360 EGCLES.
1588 302 1984 367 HIERARCH.,
2015 306 2167 362 CAP.
2205 306 2315 362 VII.

3245 297 3348 359 566

101 411 429 475 ἀσπάζεται
457 409 547 464 τὸν
588 409 1006 480 κεκοιμημένον,
1046 413 1139 469 καὶ
1177 413 1302 484 ἑξῆς
1340 417 1397 466 οἱ·
1430 419 1692 486 παρόντες

1814 425 1904 468 net
1927 411 2234 471 defunctum
2261 417 2481 481 salutat,
2509 431 2572 471 ac
2600 416 2792 471 deinde
2811 430 2998 471 omnes
3017 416 3106 484 qui
3131 418 3354 486 adsum;

107 504 386 566 ἅπαντεςο
413 502 541 572 ήδὺς
568 502 677 572 γάρ
708 502 824 554 ἐστι
858 504 951 555 καὶ
974 503 1151 575 τίμιος
1187 505 1492 570 δνπασιτοίς
1535 507 1700 561 θεοειο

104 592 273 648 δέσιν
293 596 320 647 6
345 593 487 648 κατὰ
506 593 657 647 θείαν
677 593 720 626 ⁸⁸
746 593 888 667 ζωὴν
909 596 1344 667 τετελειωμένος.
1367 599 1521 653 Μετά
1539 601 1594 654 δὲ
1609 603 1698 655 τὸν

107 685 417 756 ἀσπασμὸν
442 685 648 756 ἐπιχέει
674 684 751 756 τῷ
780 687 1163 759 κεκοιμημένῳ
1186 689 1245 741 τὸ
1265 689 1440 744 ἔλαιον
1462 694 1489 745 6
1519 693 1701 765 ίεράρ-

109 794 249 848 χης.
287 776 549 847 Μέμνησο
568 775 645 841 δὲ,
672 776 754 829 ὅτι
782 776 924 829 κατὰ
942 777 1039 848 τὴν
1068 778 1217 850 ίεράν
1240 779 1576 848 θεογενεσίαν
1597 783 1702 852 πρὸ

103 874 206 927 εσῦ
265 870 540 923 θειοτάτου
564 870 610 901 ⁸³
657 869 1033 941 βαπτίσματος
1069 871 1255 942 πρώτη
1297 872 1510 942 μέθεξις
1557 874 1700 945 ἱεροῦ

101 958 398 1033 συμϐόλου
436 959 688 1031 δωρεῖται
721 958 799 1030 τῷ
839 959 1174 1031 τελουμένῳ,
1210 961 1344 1032 μετά
1381 962 1480 1034 τὴν
1516 962 1700 1032 ὁλικὴν

108 1054 216 1122 τῆς
252 1049 522 1122 προτέρας
555 1050 777 1122 ἐσθῆτος
803 1051 1144 1121 ἀπαμφίασιν
1163 1052 1208 1084 ⁸³
1230 1091 1245 1118 ,
1267 1048 1326 1106 τὸ
1349 1053 1450 1123 τῆς
1475 1054 1701 1126 κρίσεως

103 1144 214 1196 ἔλα
226 1158 326 1196 ιον·
358 1143 415 1195 ἐν
436 1140 576 1194 τέλει
601 1141 657 1194 δὲ
681 1140 774 1195 νῦν
798 1141 1051 1196 ἁπάντων
1089 1143 1182 1195 ἐπὶ
1208 1141 1284 1213 τῷ
1318 1143 1703 1213 κεκοιμημένῳ

103 1236 163 1288 εδ
210 1231 391 1285 ἔλαιον
417 1231 691 1302 ἐπιχέεται
712 1232 777 1284 ⁸⁸.
805 1233 915 1285 Καὶ
938 1233 1059 1285 τότε
1093 1233 1190 1302 μὲν
1214 1234 1246 1304 ή
1267 1233 1358 1286 τοῦ
1378 1232 1558 1286 ἐλαίου
1587 1233 1704 1304 χρί-

103 1343 200 1389 σις
251 1324 346 1376 ἐπὶ
370 1325 496 1386 τοὺς
533 1324 709 1395 ἱεροὺς
751 1323 967 1391 ἀγῶνας
1003 1323 1186 1377 ἐκάλει
1225 1325 1318 1378 τὸν
1362 1323 1699 1393 τελούμενον·

111 1415 226 1472 νῦν
247 1415 304 1468 δέ
340 1416 400 1468 τὸ
433 1415 778 1486 ἐπιχεόμενον
819 1414 993 1468 ἐλαιον
1015 1416 1267 1485 ἐμφαίνει
1293 1414 1436 1469 κατά
1461 1415 1586 1478 τοὺς
1611 1415 1704 1467 αύ-

110 1509 255 1572 τοὺς
287 1508 463 1580 ἱεροὺς
503 1508 718 1578 ἀγῶνας
757 1507 1066 1579 ἀθλήσαντα
1094 1509 1188 1562 καὶ
1226 1506 1577 1560 τελειωθέντα
1613 1505 1703 1559 τὸν

115 1598 545 1670 κεκοιμημένον.

1793 507 2042 562 omnibus
2074 510 2215 562 enim
2267 508 2398 561 viris
2428 507 2780 562 deiformibus
2829 507 3120 562 admodum
3167 501 3353 577 gratus

1795 582 1972 660 est,'et
1994 600 2194 674 honore
2225 601 2440 668 dignus,
2472 599 2964 668 quisquisdivinam
2993 601 3159 657 vitam
3179 609 3356 654 trans-

1794 692 1924 753 egit.
1957 689 2080 744 Post
2103 693 2477 746 salutationem
2499 707 2627 746 vero
2646 689 2881 760 pontifex
2905 691 3159 747 defuncto
3171 693 3352 746 oleum

1798 778 2045 834 all‘undit.
2078 781 2388 837 Memineris
2421 782 2525 844 hic,
2560 790 2618 834 ut
2649 781 2702 834 in
2736 781 2908 850 prima
2945 781 3031 835 illa
3066 797 3354 850 regenera-

1802 871 1946 926 tioue
1967 886 2125 925 sacra
2151 882 2273 927 ante
2299 884 2551 926 sanctum
2582 871 2931 939 baptismum,
2964 880 3082 940 post
3109 871 3356 939 antiqua-

1799 977 1916 1016 rum
1945 964 2173 1017 vestium
2203 963 2618 1032 depositionem,
2643 962 2732 1016 ille
2762 963 2850 1030 qui
2884 963 3146 1024 initiatur,
3179 961 3359 1030 inpri-

1800 1071 1883 1108 ma
1911 1054 2082 1109 sancti
2117 1053 2342 1122 symboli
2389 1054 2824 1122 participatione,
2869 1053 3012 1105 sacri
3045 1052 3357 1109 chrismatis

1799 1130 1918 1201 cleo
1948 1146 2275 1216 inungatur;
2309 1155 2363 1199 et
2400 1146 2486 1200 hic
2519 1140 2730 1201 demum
2768 1147 2818 1198 in
2852 1143 2957 1199 fine
2998 1145 3236 1198 omnium
3270 1145 3362 1197 de-

1800 1233 1985 1288 functo
2032 1235 2215 1288 itidem
2266 1234 2444 1288 oleum
2493 1232 2807 1287 afl‘unditur.
2861 1233 2925 1286 Et
2963 1241 3106 1285 .tunc
3140 1231 3358 1300 quidem

1801 1327 1905 1381 olei
1945 1327 2183 1381 in‘unctio
2209 1326 2594 1396 baptizandum
2623 1327 2687 1380 ad
2721 1342 2875 1380 sacra
2910 1324 3215 1380 certamina
3235 1309 3362 1377 evo-

1801 1418 1996 1482 cabat;
2028 1434 2172 1472 nunc
2205 1428 2382 1472 autem
2418 1418 2642 1471 aﬂ‘usum
2676 1419 2854 1472 oleum
2905 1418 3187 1481 declarat,
3233 1431 3356 1469 eum

1802 1507 1892 1574 qui
1925 1507 2206 1563 defunctus
2240 1517 2322 1564 est
2364 1509 2556 1570 iisdem
2601 1510 2772 1564 sacris
2802 1507 3189 1563 certaminibus
3231 1521 3361 1560 exa-

1803 1599 1905 1653 ctis
1933 1597 2174 1654 functum
2205 1615 2347 1657 esse.

1664 1757 1691 1830 ς
1726 1754 1837 1817 ix.

198 1917 387 1972 Ταῦτα
409 1918 630 1984 τελέσας
653 1921 681 1973 6
720 1920 995 1992 ίεράρχης,
1023 1920 1342 1992 ἀποτίθησιν
1378 1921 1436 1975 ἐν
1470 1919 1605 1992 οἴκῳ
1626 1937 1705 1973 τι·-

1877 1920 1970 1975 His
2009 1922 2278 1990 peractis,
2331 1922 2568 1991 pontifex
2612 1921 2847 1976 defuncti
2899 1928 3096 1990 corpus
3139 1921 3368 1976 honesto

119 2009 241 2080 μίῳ
264 2011 325 2062 τὸ
345 2010 502 2081 σῶμα
538 2011 655 2081 μεθ’
689 2011 889 2082 ἐτέρων
912 2011 1201 2083 ὁμοταγῶν
1230 2012 1392 2085 ἱερῶν
1419 2014 1705 2083 σωμάτων.

116 2103 192 2157 El
223 2100 331 2175 γάρ
368 2103 424 2153 ἐν
449 2102 594 2174 ψυχῇ
625 2103 719 2155 καὶ
750 2101 957 2174 σώματι
986 2102 1084 2174 τὴν
1125 2103 1342 2174 θεοφιλῆ
1376 2103 1516 2174 ζωὴν
1554 2106 1581 2156 ὁ
1615 2120 1705 2156 κε-

116 2193 464 2264 κοιμημένος
488 2193 638 2257 ἐϐίω,
661 2192 841 2263 τίμιον
875 2193 1027 2246 ἐσται
1057 2193 1194 2264 μετὰ
1218 2195 1316 2266 τῆς
1353 2195 1504 2258 ὁσίας
1533 2194 1706 2265 ψυχῆς

117 2284 228 2340 καὶ
257 2285 318 2338 τὸ
344 2285 677 2356 συναθλῆσαν
697 2285 831 2356 αὐτῇ
862 2285 1017 2357 σῶμα
1041 2285 1181 2339 κατὰ
1207 2287 1333 2350 τοὺς
1353 2287 1526 2358 ἱεροὺς
1553 2285 1703 2357 ἱδρῶ-

117 2393 250 2439 τας.
282 2375 524 2447 Ἔνθενὴ
549 2375 666 2428 θεία
687 2375 997 2448 δικαιοσύνη
1027 2375 1165 2448 μετά
1187 2376 1280 2430 τοῦ
1309 2376 1568 2448 σφετέρου
1607 2375 1704 2429 σώ-

120 2480 304 2534 ματος
344 2465 478 2534 αὐτῇ
506 2464 757 2536 δωρεῖται
793 2462 889 2526 τὰς
919 2464 1206 2535 ἀμοιϐαίας
1235 2465 1434 2538 λήξεις,
1465 2467 1540 2530 ὡς
1576 2469 1708 2538 ὁμο-

122 2553 388 2626 πορεύτῳ
412 2557 506 2610 καὶ
537 2555 860 2626 συμμετόχῳ
889 2555 988 2624 τῆς
1009 2558 1161 2620 ὁσίας
1187 2558 1220 2629 ἢ
1256 2559 1353 2630 τῆς
1389 2559 1636 2622 ἐναντίας
1662 2558 1709 2591 ⁸⁸

121 2645 301 2726 ζωῆς.
331 2646 420 2698 Διὸ
447 2646 540 2701 καὶ
561 2646 668 2699 τῶν
689 2644 850 2716 ἱερῶν
878 2648 910 2718 ἡ
940 2645 1060 2698 Θεία
1086 2647 1409 2718 θεσμοθεσία
1425 2647 1522 2712 τὰς
1550 2647 1712 2720 θεαρ-

124 2727 296 2809 ίικάς
336 2739 617 2803 κοινωνίας
665 2740 865 2810 ἀμφοῖν
907 2738 1178 2811 δωρεῖται·
1213 2742 1279 2810 τῇ
1321 2739 1463 2810 ψυχῇ
1513 2740 1611 2810 μὲν
1651 2742 1708 2795 ἐν

125 2828 356 2902 καθαρᾷ
379 2829 580 2903 θεωρίᾳ
617 2833 710 2884 καὶ
748 2834 804 2886 ἐν
822 2833 868 2865 ⁸⁸
896 2832 1170 2902 ἐπιστήμῃ
1199 2831 1306 2885 τῶν
1346 2831 1703 2902 τελουμένων

125 2920 212 2991 τῷ
237 2918 446 2991 σώματι
479 2921 533 2975 δέ
569 2922 709 2977 κατά
730 2923 791 2977 τὸ
817 2922 1088 2978 θειότατον
1116 2923 1191 2987 ὡς
1225 2925 1282 2978 ἐν
1316 2923 1483 2977 εἰκόνι
1517 2924 1705 2996 μύρον,

127 3013 229 3068 καὶ
267 3012 338 3065 τὰ
369 3014 467 3084 τῆς
500 3013 793 3086 θεαρχικῆς
817 3013 1096 3078 κοινωνίας
1136 3013 1400 3086 ίερώτατα
1445 3016 1705 3087 σύμϐολα,

129 3106 225 3159 τὸν
258 3105 378 3158 ὅλον
402 3106 682 3178 ἄνθρωπον
704 3105 1024 3178 ἀγιάζουσα,
1061 3108 1155 3160 καὶ
1177 3108 1274 3179 τὴν
1315 3107 1500 3180 ὁλικὴν
1538 3111 1706 3164 αὑτοῦ

127 3197 411 3269 ςτωτηρίαν
461 3198 849 3268 ίερουργοῦσα,
898 3199 1367 3272 καιτελειοτάτην
1407 3183 1570 3253 αὐτοῦ
1609 3203 1707 3274 τὴν

1810 2014 1926 2067 loco
1952 2014 2194 2068 recondit
2222 2027 2325 2066 una
2357 2027 2478 2066 cum
2508 2013 2723 2067 caneris
2750 2012 2986 2079 ejusdem
3014 2013 3222 2066 ordinis
3244 2026 3366 2067 cor-

1810 2103 2036 2172 poribus
2059 2105 2248 2158 sacris.
2281 2103 2337 2157 Si
2371 2105 2514 2158 enim
2539 2104 2584 2157 is
2616 2104 2704 2171 qui
2743 2103 3030 2157 defunctus
3071 2104 3250 2157 anima
3288 2103 3365 2157 si-

1811 2195 1921 2249 mul
1951 2204 2006 2249 et
2051 2209 2280 2264 corpore
2314 2203 2559 2250 sanctam
2609 2196 2772 2248 vitam
2812 2196 2940 2263 egit,
2975 2209 3174 2262 corpus
3204 2195 3368 2248 etiam

1811 2301 1917 2341 una
1949 2301 2070 2341 cum
2099 2286 2277 2340 anima
2307 2297 2491 2342 sancta
2525 2286 2684 2342 simul
2720 2287 2770 2339 in
2803 2287 3004 2339 honore
3027 2287 3125 2339 erit
3158 2301 3222 2340 ac
3248 2300 3372 2354 pre-

1815 2381 1911 2445 tio,
1942 2381 2082 2449 quod
2111 2381 2284 2434 sacris
2313 2380 2599 2434 sudoribus
2641 2393 2744 2431 una
2774 2378 3190 2431 eoncertaverit.
3222 2377 3374 2430 Divi-

1813 2488 1878 2526 na
1906 2471 2309 2540 itaquejustitia
2333 2473 2523 2524 anima:
2549 2480 2602 2524 et
2622 2464 2831 2539 corpori
2863 2471 3126 2539 condigna
3150 2470 3373 2538 praemia

1811 2563 2072 2633 largitur,
2107 2575 2358 2632 tanquam
2402 2561 2586 2614 comiti
2626 2571 2677 2614 et
2711 2561 2945 2614 consorti
2981 2561 3095 2613 sive
3141 2559 3369 2622 divinae,

1810 2656 1922 2710 sive
1957 2655 2243 2709 contraria:
2272 2653 2413 2708 vitzc.
2446 2652 2652 2706 Idcirco
2677 2651 2838 2705 etiam
2873 2659 3182 2704 sanctorum
3213 2663 3369 2704 sacra

1812 2751 2017 2805 functio
2060 2749 2270 2803 divinas
2311 2747 2528 2815 utrique
2583 2745 3026 2814 participationes
3077 2742 3372 2812 elargitur;

1811 2841 2006 2895 anima:
2037 2841 2276 2907 quidem,
2304 2841 2356 2892 in
2397 2838 2682 2906 purissima
2713 2834 3164 2903 contemplatione.
3207 2844 3261 2886 et
3291 2847 3373 2885 re-

1811 2946 1928 2985 rum
1959 2928 2324 3000 perfecturum
2374 2927 2636 2992 scientia;
2677 2927 2896 2994 corpori
2943 2939 3070 2977 vero
3116 2925 3372 2977 sacratisr

1810 3022 2001 3076 simum
2031 3029 2358 3089 unguentum
2390 3018 2544 3087 quasi
2578 3017 2628 3069 in
2660 3015 2892 3084 imagine
2929 3030 3024 3082 per
3070 3012 3376 3067 sacratissi-

1811 3127 1898 3166 ma
1930 3112 2124 3165 divinae
2157 3107 2667 3164 communicationis
2714 3105 2956 3175 symbola
2991 3114 3159 3158 totum
3198 3104 3377 3157 homi-

1812 3217 1933 3255 nem
1959 3199 2335 3264 sanctificans,
2363 3209 2420 3252 et
2443 3200 2706 3268 integram
2729 3195 2956 3249 salutem
2986 3196 3097 3263 ejus
3122 3210 3375 3264 operaus,

131 3288 434 3342 ἀνάστασιν
461 3287 678 3343 ἔσεσθαι
698 3290 1084 3360 διαγγέλλουσα
1107 3293 1226 3356 ταῖς
1253 3291 1566 3357 καθολικαῖς
1587 3295 1708 3362 ἀγι-

1817 3309 1916 3346 ηεε
1942 3309 2046 3346 non
2071 3291 2398 3346 denuntians
2416 3305 2511 3358 per
2535 3288 2869 3342 universales
2890 3288 3232 3342 lustrationes
3256 3299 3381 3354 pen-

135 3381 348 3444 στείαις
369 3380 434 3434 ⁸⁷.

1814 3385 2166 3441 fectissimam
2195 3384 2242 3438 ei
2271 3383 2389 3436 fore
2427 3382 2900 3435 resurrectionem.

1669 3538 1830 3609 §X.

215 3678 408 3734 Τάςδέ
431 3678 744 3744 τελεπικάς
786 3681 1098 3751 ἐπικλήσεις
1132 3681 1191 3735 ού
1223 3683 1444 3752 θεμιτὸν
1485 3680 1542 3733 ἐν
1583 3697 1720 3751 γρα-

141 3772 336 3840 φαῐς⁸⁸
363 3771 777 3843 ἀφερμηνεύειν,
806 3772 924 3826 οὐδὲ
947 3774 1007 3826 τὸ
1032 3774 1287 3844 μυστικὸν
1323 3771 1520 3835 αὐτῶν,
1548 3771 1581 3842 ἢ
1622 3769 1720 3834 τὰς

142 3862 233 3914 ἐπ’
279 3862 466 3926 αὑταῖς
509 3863 906 3934 ἐνεργουμένας
943 3865 1008 3916 ἐκ
1049 3863 1182 3917 Θεοῦ
1229 3863 1482 3934 δυνάμεις
1522 3865 1588 3916 ἐκ
1629 3861 1722 3915 τοῦ

145 3951 385 4024 κρυφίου
409 3953 542 4024 πρὸς
565 3952 624 4005 τὸ
657 3954 830 4007 κοινὸν
855 3953 1084 4022 ἐξάγειν·
1112 3953 1225 4006 ἀλλ’
1262 3954 1336 4017 ὡς
1361 3957 1393 4024 ή
1421 3954 1542 4007 καθ’
1578 3954 1723 4023 ἡμᾶς

150 4042 279 4112 ἱερά
303 4043 596 4115 παράδοσις
629 4044 739 4114 ἔχει
759 4083 772 4109 ,
802 4048 921 4108 ταῖς
959 4045 1423 4115 ἀνεκπομπεύτοις
1463 4046 1724 4116 μυήσεσιν

145 4135 322 4199 αὑτάς
345 4135 622 4206 ἐκμαθὼν,
651 4138 745 4190 καὶ
769 4137 904 4208 πρὸς
935 4137 1209 4208 θειοτέραν
1237 4136 1347 4200 ἕξιν
1389 4138 1488 4192 καὶ
1514 4136 1723 4204 ἀναγω-

149 4229 254 4298 γὴν
279 4229 439 4299 ἐρωτι
466 4227 594 4299 θείῳ
629 4231 722 4281 καὶ
759 4229 1057 4300 ἐνεργείαις
1091 4231 1261 4302 ἱεραῖς
1299 4229 1682 4292 ἀποτελεσθεὶς
1705 4267 1719 4291 ,

147 4321 263 4374 ὑπὸ
291 4321 389 4390 τῆς
409 4321 799 4391 τελεταρχικῆς
823 4321 1139 4392 ὲλλάμψεως
1166 4323 1448 4393 ἀναχθήσῃ
1471 4320 1606 4390 πρὸς
1629 4319 1726 4390 τὴν

150 4412 466 4482 ὑπερτάτην
497 4411 675 4465 αὐτῶν
696 4413 1023 4483 ἐπιστήμην.

1888 3676 2260 3734 lnvocationes
2291 3690 2450 3746 porro
2475 3673 2910 3730 consecratorias
2942 3669 3094 3726 nefas
3127 3678 3207 3724 est
3240 3669 3379 3722 scri-

1817 3779 1908 3840 pto
1940 3771 2308 3839 interpretari,
2342 3777 2397 3835 et
2427 3783 2688 3823 arcanum
2725 3781 2912 3822 earum
2937 3778 3176 3828 sensum,
3205 3763 3378 3814 virtu-

1818 3871 2010 3931 tesque
2038 3877 2173 3930 quas
2205 3861 2256 3918 in
2289 3861 2354 3914 iis
2403 3859 2545 3914 Deus
2577 3867 2857 3927 operatur,
2894 3870 2924 3910 e
2957 3863 3166 3910 secreto
3199 3854 3249 3906 in
3283 3866 3379 3920 pun

1816 3951 2016 4008 blicum
2046 3949 2273 4017 efferre;
2306 3950 2398 4004 sed
2426 3990 2440 4015 ,
2473 3957 2533 4002 ut
2572 3957 2751 4002 nostra
2783 3953 3131 4001 sacrosancta
3161 3940 3380 3994 traditio

1820 4043 2016 4107 docet,
2039 4041 2130 4096 ubi
2165 4055 2256 4095 eas
2285 4041 2670 4096 secretioribus
2700 4036 3151 4092 instructionibus
3182 4037 3380 4088 hause-

1819 4136 1913 4202 ris,
1946 4145 2106 4203 atque
2143 4133 2210 4186 ad
2241 4133 2484 4186 habitum
2529 4136 2883 4186 sacratiorem
2923 4137 3087 4196 atque
3130 4126 3378 4194 capacio-

1821 4241 1934 4280 rem
1969 4221 2379 4292 intelligentiam
2405 4261 2420 4286 ,
2458 4221 2637 4276 divino
2667 4235 2856 4276 amore
2891 4219 3170 4286 sacrisque
3209 4216 3382 4271 actio-

1821 4317 1985 4372 nibus
2008 4322 2418 4396 consummatys
2445 4311 2706 4379 evaseris,
2732 4312 2911 4366 divina
2942 4312 3061 4365 luce
3088 4307 3378 4363 collustra-

1824 4420 1910 4466 tus
1940 4412 2007 4466 ad
2034 4424 2337 4479 supremam
2377 4424 2564 4465 earum
2591 4407 2875 4464 scientiam
2902 4405 3237 4460 subveneris.

1679 4567 1705 4640 ἐ
1740 4564 1853 4627 X1.

221 4711 299 4767 T6
326 4711 383 4764 δὲ
445 4713 540 4764 καὶ
587 4711 799 4776 παῖδας,
865 4709 1016 4763 ούπω
1044 4709 1112 4762 τὰ
1139 4709 1258 4762 θεῖα
1285 4708 1519 4761 συνιέναι
1557 4707 1710 4759 δυνα-

1889 4705 2039 4773 Quod
2089 4717 2271 4762 autem
2331 4707 2561 4762 infantes
2619 4722 2868 4777 quoque,
2935 4705 3026 4773 qui
3087 4718 3184 4772 per
3256 4710 3384 4756 aeta-

160 4805 378 4873 μένους,
412 4802 512 4871 τῆς
551 4803 698 4871 ίερᾶς
735 4800 992 4872 μετόχους
1037 4798 1316 4868 γίγνεσθαι
1355 4799 1684 4868 θεογενεσίας
1707 4837 1721 4861 ,

155 4894 386 4947 καὶτῶν
416 4894 720 4963 ίερωτάτων
769 4893 868 4962 τῆς
917 4891 1210 4962 θεαρχικῆς
1260 4891 1541 4953 κοινωνίας
1589 4907 1724 4960 συμ-

158 4985 350 5047 ϐόλων,
378 4985 522 5038 δοκεῖ
552 4986 668 5054 μὲν,
717 4984 792 5048 ὡς
839 4985 944 5054 φῂς
967 4984 1033 5046 ⁸³,
1075 4986 1186 5045 τοῖς
1232 4982 1465 5052 ἀνιέροις
1501 4980 1724 5048 εὐλόγου

156 5078 394 5144 γέλωτος
415 5077 635 5142 damnet
676 5079 800 5140 τοὺς
846 5075 1073 5129 ἀκοῦσαι
1100 5075 1172 5145 μὴ
1218 5074 1542 5144 δυναμένους
1592 5071 1728 5124 ἐκδι-

157 5167 447 5221 δάσκουσιν
470 5170 518 5220 οἱ
548 5169 794 5238 ίεράρχαι
819 5167 885 5219 τὰ
913 5167 1049 5226 θεῖα,
1093 5165 1187 5218 καὶ⁹
1235 5169 1346 5228 τοῖς
1395 5165 1466 5234 μὴ
1516 5163 1726 5218 νοοῦσιν

159 5261 286 5330 είκῆ
334 5260 682 5329 παραδιδόασι
711 5259 808 5322 τάς
835 5259 984 5329 ίεράς
1024 5257 1349 5328 παραδόσεις
1374 5273 1388 5287 ο
1443 5257 1536 5309 καὶ
1559 5256 1620 5308 τὸ
1645 5255 1726 5308 ἐτι

1827 4807 1934 4853 tem
1985 4809 2255 4868 nequeunt
2311 4799 2632 4869 intelligere,
2687 4796 3381 4866 divinre271regenera-

1829 4892 1989 4946 tionis
2017 4891 2585 4960 sanctissimorumque
2611 4891 2804 4946 divina:
2841 4887 3237 4943 communionis
3267 4902 3385 4958 my-

1830 4983 2114 5039 steriorum
2162 4983 2454 5052 participes
2506 4983 2656 5048 fiant,
2691 4983 2922 5047 videtur,
2953 4989 3012 5035 ut
3040 4980 3235 5049 inquis,
3282 4981 3382 5032 ho-

1831 5071 2061 5124 minibus
2083 5071 2326 5140 profanis
2368 5088 2472 5127 non
2521 5073 2786 5126 immerito
2837 5073 2944 5126 risu
2970 5072 3208 5138 dignum,
3240 5069 3382 5138 quod

1831 5162 2111 5229 pontifices
2137 5178 2228 5218 eos
2256 5164 2502 5217 erudiant
2531 5164 2623 5231 qui
2666 5173 2936 5232 nequeunt
2991 5164 3199 5225 audire,
3253 5177 3381 5215 san-

1833 5262 2056 5320 ctasque
2082 5254 2393 5308 traditiones
2435 5269 2538 5308 non
2563 5253 2983 5322 intelligentibus
3013 5252 3210 5306 frustra
3271 5260 3378 5305 tra-

1441 5427 1670 5481 VARIIE
1706 5425 2108 5481 LECTIONES.

233 5589 278 5622 ⁸⁸
307 5592 336 5643 ὁ
359 5587 499 5642 κατὰ
521 5587 616 5658 τὴν
638 5589 808 5650 θείαν,
829 5588 898 5658 AD.‘

167 5659 212 5691 ⁸⁸
237 5661 482 5729 ἐπιχέει,
498 5659 552 5711 Ρ.

172 5727 414 5802 τράςςεως,
441 5727 506 5783 Μ.
583 5730 626 5760 ⁸³
659 5728 730 5790 ὡς
759 5727 910 5796 ἔφης,
943 5727 997 5780 5.

630 5659 794 5740 ⁸⁸ξτῆς
821 5655 988 5740 θείας,
1018 5655 1074 5710 S.
1151 5659 1195 5689 ⁸⁸
1222 5658 1278 5708 ἐν
1308 5665 1514 5709 nonest
1541 5655 1592 5708 in
1626 5653 1692 5709 Μ.
1728 5652 1785 5706 S.
1817 5656 1874 5708 D.

1012 5586 1055 5617 ⁸²
1084 5585 1226 5640 Θείου
1254 5625 1267 5648 ,
1306 5585 1362 5638 D.
1455 5585 1500 5616 ⁸³
1530 5583 1700 5637 variat
1732 5593 1787 5653 et
1819 5585 1975 5653 hujus
2007 5584 2152 5636 vocis
2182 5582 2446 5653 scriptura
2470 5627 2482 5647 ,
2510 5583 2643 5637 alias
2672 5585 2723 5637 iu
2758 5583 3048 5651 penultima
3081 5599 3126 5644 ε,
3168 5582 3298 5653 alias
3325 5597 3382 5634 α.

1975 5653 2017 5683 ⁸⁷
2045 5653 2132 5706 διὰ
2167 5653 2262 5723 τῆς
2291 5651 2576 5724 καθολικῆς
2601 5654 2929 5722 ἀγιαστείας.
2963 5653 3030 5708 Μ.
3050 5654 3117 5705 δατ
3213 5653 3258 5683 ⁸⁸
3290 5652 3351 5707 ὲγ
