4162 6304
726 241 825 296 567

1877 244 1934 301 S.
1975 243 2285 300 DIONYSII.
2312 245 2770 303 AREOPAGlT/E

727 357 888 418 dant;
919 369 1092 426 neque
1119 357 1295 412 minus
1324 357 1605 414 ridiculum
1637 369 1720 413 est
1752 361 1892 424 quod
1943 361 2030 413 alii
2073 375 2167 428 pro
2224 362 2287 414 iis

2395 360 2739 432 γελοιότερον,
2787 363 2861 424 ὡς
2909 364 3046 434 ὑπὲρ
3091 363 3267 418 αὐτῶν
3301 366 3475 437 ἕτεροι
3525 365 3625 429 τὰς
3675 367 3974 434 ἀποταγάς

726 449 1220 506 abrenuntiationes
1238 467 1524 522 sacrasque
1542 449 1902 519 professiones
1920 452 2280 519 pronuntient.

731 540 925 593 Verum
981 556 1086 596 non
1145 552 1360 612 oportet
1433 553 1576 595 tuam
1630 553 1870 596 sanctam
1944 543 2282 611 prudentiam

725 631 1032 685 errantibus
1064 632 1351 703 indignari,
1377 634 1468 686 sed
1519 633 1764 701 religiose
1809 633 1874 686 ad
1915 648 2100 686 eorum
2134 633 2287 686 insti-

727 721 986 775 tutionem
1053 739 1174 778 cum
1236 725 1501 779 cbaritate
1566 725 1830 779 rationem
1911 724 2180 787 reddere,
2232 732 2286 776 et

725 814 1058 881 objecﬁones
1122 831 1310 872 eorum
1359 819 1608 882 solvere;
1677 827 1843 887 atque
1900 818 2026 872 illud
2069 820 2286 888 insuper

725 903 1016 958 s:-cundum
1062 921 1268 960 sacram
1331 909 1692 985 sanctionem.
1733 910 1967 972 addere,
2016 909 2285 977 quomodo

725 993 903 1048 divina
933 997 1115 1050 omnia
1167 1013 1504 1067 nequaquam
1557 1011 1741 1054 nostra
1775 1001 2117 1069 intelligentia
2147 1016 2288 1053 com-

728 1091 1083 1143 mensuranda
1122 1099 1266 1153 sunt,
1313 1092 1406 1145 sed
1439 1091 1664 1160 plurima
1691 1108 1811 1160 qua:
1842 1107 1937 1146 nos
1965 1093 2132 1145 latent
2159 1106 2287 1146 cau-

727 1192 811 1232 sas
838 1177 1036 1233 habere
1063 1180 1168 1234 Deo
1199 1182 1408 1250 dignas,
1438 1199 1570 1251 quas
1594 1197 1689 1238 nos
1711 1183 1929 1251 quidem
1956 1183 2285 1251 ignoremus,

728 1285 909 1324 \erum
939 1272 1004 1326 ab
1031 1273 1311 1328 ordinibus
1331 1276 1489 1330 nobis
1515 1274 1979 1343 prmstantioribus
2006 1275 2290 1343 perspicue

727 1373 1146 1428 cognoscantur.
1199 1362 1433 1417 Plurima
1486 1365 1614 1417 item
1648 1362 1818 1416 latent
1862 1376 2141 1430 supremas
2173 1361 2289 1414 illas

727 1455 1247 1520 sublimissimasque
1290 1457 1642 1518 substantias,
1671 1471 1790 1524 qua:
1829 1453 2286 1521 solisaplentissi-

727 1561 827 1598 nne
857 1545 1313 1615 sapientiﬁczrque
1366 1546 1635 1600 divinitati
1670 1555 1794 1599 nota
1854 1554 1998 1600 sunt.
2056 1543 2284 1598 Verum-

729 1649 908 1690 tamen
935 1638 1034 1690 hac
1061 1637 1126 1689 de
1153 1652 1207 1690 re
1237 1638 1285 1689 id
1315 1653 1527 1705 quoque
1560 1637 1807 1699 dicimus,
1828 1636 1968 1705 quod
1991 1635 2286 1688 deiformes

2388 469 2538 521 φασι,
2567 455 2657 506 καὶ
2683 453 2778 516 τὰς
2807 453 2954 525 ἱερὰς
2982 455 3287 524 ὁμολογίας.
3317 459 3409 509 Δεῖ
3431 458 3488 511 δὲ
3509 458 3608 528 τὴν
3637 458 3734 526 σὴν
3764 461 3971 527 ίεραρ-

2386 543 2541 612 χικὴν
2569 542 2776 596 σύνεσιν
2801 545 2874 614 μὴ
2901 544 3238 614 χαλεπαίνειν
3259 547 3349 599 ἐπὶ
3368 551 3478 610 τοῖς
3495 546 3965 618 πεπλανημένοις,

2386 635 2499 686 ἀλλ’
2551 635 2793 699 εὐλαϐῶς
2846 653 2905 688 τε
2946 637 3061 706 ἅμα
3088 638 3304 707 καὶτῆς
3358 638 3534 691 αὐτῶν
3586 638 3968 708 φωταγωγίας

2387 722 2542 792 χάριν
2570 724 2923 794 άγαπητικῶς
2948 727 3324 794 ἀπολογεῖσθαι
3365 728 3499 797 πρὸς
3531 726 3627 791 τάς
3654 728 3741 779 ὑπ’
3767 726 3966 779 αὐτῶν

2387 816 2800 884 προφερομένας
2866 818 3142 880 ἐνστάσεις
3201 819 3522 871 ποοτιθέντα
3574 820 3617 850 °°
3653 819 3742 872 καὶ
3784 816 3970 869 τοῦτο

2386 904 2526 958 κατά
2575 904 2771 976 θεσμὸν
2800 908 2959 977 ἱερὸν,
3010 910 3082 972 ὡς
3110 909 3208 962 οὐκ
3235 911 3292 962 ὲν
3336 913 3402 981 τῇ
3431 911 3550 964 καθ’
3576 911 3718 980 ἡμᾶς
3748 907 3968 975 γνώσει

2389 995 2566 1048 πάντα
2628 997 2697 1050 τά
2747 998 2863 1050 Θεῖα
2913 983 3554 1070 περιγράφεται,’πολλά
3601 999 3656 1052 δὲ
3701 999 3806 1052 τῶν
3860 998 3966 1066 ὑφ’

2387 1087 2544 1156 ἡμῶν
2566 1090 2959 1160 ἀγνοουμένων,
2990 1092 3166 1154 αἰτίας
3191 1091 3302 1162 ἔχει
3323 1091 3661 1162 θεοπρεπεῖς,
3689 1092 3816 1160 ἡμῖν
3853 1088 3967 1159 μὲν

2387 1180 2729 1250 ὴγνοημένας
2755 1183 2820 1245 ⁹¹,
2867 1181 3161 1252 ὲπιστητάς
3205 1183 3262 1236 δὲ
3311 1186 3430 1247 ταῖς
3483 1182 3636 1254 ἡμῶν
3681 1181 3967 1252 κρείττοσι

2388 1271 2599 1335 τάξεσι.
2632 1273 2806 1326 Πολλά
2853 1274 2907 1326 δὲ
2935 1275 3027 1328 καὶ
3058 1275 3155 1338 τὰς
3183 1274 3490 1346 ὑπερτάτας
3513 1273 3694 1336 οὐσίας
3738 1271 3964 1343 λέληθε,

2390 1367 2482 1417 καὶ
2509 1365 2644 1436 πρὸς
2680 1364 2843 1435 μόνης
2870 1367 3111 1437 ἀκριϐῶς
3137 1366 3398 1436 ἔγνωσται
3439 1367 3536 1437 τῆς
3565 1366 3829 1433 πανσόφου
3863 1366 3968 1417 καὶ

2394 1455 2676 1524 σοφοποιοῦ
2703 1457 2748 1487 ⁹²
2775 1454 3048 1526 θεαρχίας.
3079 1457 3225 1526 Πλήν
3253 1472 3338 1523 γε,
3369 1458 3449 1509 ὅτι
3476 1456 3568 1508 καὶ
3616 1455 3739 1524 περὶ
3761 1454 3965 1507 τούτου

2390 1543 2562 1597 ταῦτά
2609 1562 2807 1615 φαμεν,
2836 1545 2978 1615 άπερ
3029 1548 3074 1597 οἱ
3119 1545 3372 1608 θεοειδεῖς
3397 1543 3550 1615 ἡμῶν
3575 1543 3967 1613 ίεροτελεσταὶ,

2391 1636 2525 1707 πρὸς
2571 1636 2670 1704 τῆς
2714 1634 2944 1705 ἀρχαίας
2993 1635 3284 1705 μυηθέντες
3312 1635 3675 1706 παραδόσεως,
3701 1637 3776 1697 είς
3805 1636 3967 1705 ἡμᾶς

729 1736 1082 1796 praeceptores
1119 1730 1284 1781 nostri
1341 1729 1408 1781 ab
1447 1729 1667 1796 antiqua
1700 1728 1987 1780 traditione
2014 1738 2290 1792 acceptum

2396 1730 2706 1799 προήγαγον
2729 1729 2793 1780 ⁵³³.
2847 1729 2980 1780 Φασὶ
3027 1727 3154 1798 γὰρ,
3183 1728 3316 1798 ὅπερ
3343 1728 3458 1780 ἐστὶ
3496 1728 3588 1778 καὶ
3612 1725 3821 1796 ἀληθὲς,
3854 1727 3963 1790 ὅτι,

729 1821 885 1872 nobis
937 1820 1412 1887 transcripscrunt.
1465 1820 1632 1873 Aiunt
1661 1819 1825 1883 enim,
1856 1819 2001 1894 quod
2028 1828 2080 1870 et
2104 1831 2287 1871 verum

728 1919 832 1971 est,
873 1909 1124 1975 infantes,
1163 1910 1209 1963 si
1241 1913 1292 1964 in
1321 1909 1436 1980 lege
1465 1925 1617 1963 sacra
1649 1908 2027 1973 instituantur,
2052 1907 2115 1960 ad
2167 1922 2290 1960 san-

730 2014 873 2054 ctum
915 2002 1081 2055 animi
1113 2010 1310 2055 statum
1365 2010 1720 2070 perventuros
1758 2015 1881 2054 esse
1923 2000 2069 2052 omni
2103 2011 2293 2052 errore

732 2093 951 2158 liberos,
980 2105 1050 2158 ,ει
1093 2094 1212 2147 sine
1269 2093 1376 2146 ullo
1425 2093 1648 2159 impura:
1701 2092 1822 2146 vitae
1866 2091 2125 2160 periculo.
2183 2090 2294 2144 lloc

729 2187 873 2239 enim
898 2202 1018 2241 cum
1052 2187 1102 2239 iu
1139 2194 1371 2240 mentem
1419 2186 1653 2238 venisset
1682 2184 1878 2238 divinis
1908 2185 2110 2237 nostris
2135 2182 2294 2237 insti-

730 2278 1022 2341 tutoribus,
1051 2278 1253 2348 placuit
1283 2278 1492 2330 admitti
1523 2291 1721 2344 puer0s
1753 2277 1855 2330 hoc
1890 2283 2078 2329 sancto
2107 2275 2293 2337 modo,

732 2367 980 2422 utoblati
1035 2366 1245 2436 parvuli
1275 2378 1527 2438 parentes
1549 2367 1824 2420 naturales
1869 2366 2037 2418 filiutn
2093 2366 2183 2417 uni
2227 2380 2294 2418 ex

733 2459 983 2514 ﬁdelibus
1038 2461 1273 2523 tradant,
1333 2461 1424 2526 qui
1477 2460 1737 2528 prmclare
1787 2461 1840 2512 in
1876 2458 2076 2511 divinis
2129 2459 2292 2511 rebus

2395 1820 2537 1873 κατὰ
2580 1820 2775 1889 Θεσμὸν
2815 1820 2956 1889 ἱερὸν
2984 1820 3288 1890 ἀναγόμενα
3334 1818 3402 1870 τά
3425 1819 3619 1891 βρέφη,
3671 1821 3800 1888 πρὸς
3849 1817 3967 1882 ἕξιν

2395 1910 2545 1981 ἱερὰν
2593 1909 2799 1979 ἥξουσι,
2844 1911 3021 1980 πάσης
3047 1910 3447 1981 ἀποτελούμενα
3497 1909 3699 1981 πλάνης
3724 1909 3813 1962 καὶ
3867 1909 3966 1961 ἀν-

2399 2002 2542 2072 ιέρου
2595 2001 2739 2070 ζωῆς
2763 2001 3050 2072 ἀπείρατα.
3101 2000 3270 2054 Τοῦτο
3307 2004 3420 2064 τοῖς
3459 2000 3620 2064 θείοις
3642 1999 3796 2073 ἡμῶν
3820 2000 3967 2054 καθ-

2397 2092 2656 2163 ηγεμόσιν
2699 2095 2776 2155 εἱς
2824 2092 2946 2146 νοῦν
2997 2091 3286 2163 ὲληλυθὸς,
3336 2092 3513 2158 ἔδοξεν
3537 2089 3872 2161 εἰσδέχεσθαι
3900 2091 3970 2144 τὰ

2399 2183 2568 2254 βρέφη
2619 2182 2758 2236 κατὰ
2783 2184 2930 2235 τόνδε
2956 2184 3045 2237 τὸν
3073 2185 3212 2255 ἱερὸν
3236 2184 3453 2254 τρόπον,
3495 2182 3630 2235 ὥστε
3655 2183 3777 2245 τοὺς
3804 2196 3971 2249 φυσι-

2396 2277 2526 2339 κοὺς
2571 2276 2664 2328 τοῦ
2716 2278 3122 2348 προσαγομένου
3151 2279 3338 2341 παιδὸς
3382 2277 3574 2346 γονέας
3623 2274 3972 2346 παραδιδόναι

2396 2369 2487 2420 τὸν
2533 2369 2697 2422 παῖδά
2719 2387 2824 2421 τινι
2849 2371 2958 2423 τῶν
2989 2372 3352 2441 μεμυημένων
3377 2370 3563 2440 ἀγαθῷ
3598 2369 3666 2421 τά
3692 2369 3810 2420 Θεῖα
3846 2383 3976 2419 παι-

2397 2460 2647 2529 δαγωγῷ,
2679 2459 2771 2512 καὶ
2817 2462 2876 2513 τὸ
2903 2462 3084 2516 λοιπὸν
3109 2463 3199 2514 ὑπ’
3252 2459 3401 2531 αὐτῷ
3424 2461 3515 2514 τὸν
3564 2460 3728 2513 παῖδα
3772 2458 3972 2520 τελεῖν,

733 2565 956 2619 puerum
995 2551 1230 2614 erudiat,
1268 2550 1369 2603 sub
1409 2549 1563 2618 cujus
1591 2551 1845 2618 deinceps
1874 2565 2004 2603 cura
2039 2549 2131 2611 sit,
2170 2557 2292 2601 tan-

731 2655 895 2709 quam
925 2641 1025 2695 sub
1072 2640 1231 2695 Patre
1272 2641 1475 2706 divino,
1537 2651 1847 2710 sanctmque
1893 2642 2084 2694 salutis
2108 2652 2296 2694 susce-

734 2742 908 2799 ptore.
970 2731 1125 2785 Hunc
1168 2733 1351 2800 itaque
1377 2730 1628 2796 antistes,
1661 2741 1848 2786 sancte
1892 2732 2297 2799 promittentem

2403 2735 2622 2803 ἀνάγειν
2648 2735 2695 2772 ⁸⁵
2720 2734 2810 2789 τὸν
2860 2736 3026 2789 παῖδα
3074 2734 3241 2808 ζωὴν,
3267 2737 3489 2790 ἀπαιτεῖ
3535 2733 3634 2799 τάς
3686 2734 3971 2802 ἀποταγὲκ

730 2839 790 2877 se
816 2839 1040 2892 puerum
1072 2825 1137 2878 ad
1176 2833 1422 2878 sanctam
1475 2826 1638 2877 vitam
1666 2825 2105 2886 iuformaturum,
2141 2823 2296 2891 jubet

2401 2827 2749 2900 ὁμολογῆσαι,
2796 2830 2890 2882 καλ
2933 2828 3031 2892 τὰς
3078 2828 3231 2900 ἱερὰς
3282 2827 3588 2899 ὁμολογίας,
3645 2828 3764 2900 οὐχ,
3791 2826 3866 2889 ὠς
3912 2824 3978 2878 ἀν

732 2913 972 2980 profiteri
1026 2913 1528 2968 abrenuntiationes
1555 2928 1848 2982 sacrasque
1893 2912 2296 2983 professiones;

2402 2920 2597 2972 ἐκεῖνοι
2644 2919 2910 2988 γελῶντες
2960 2923 3139 2988 φαῖεν,
3183 2919 3342 2973 ἄλλον
3386 2920 3503 2974 ἀντ’
3547 2917 3705 2971 ἄλλου
3731 2915 3802 2969 τὰ
3853 2915 3977 2968 θεῖα

737 3021 840 3059 non
869 3008 1037 3071 enim,
1068 3016 1124 3060 ut
1152 3006 1224 3060 illi
1259 3008 1681 3063 subsannatores
1697 3009 1869 3073 aiunt,
1893 3006 2054 3061 alium
2080 3020 2177 3074 pro
2196 3004 2297 3059 alio

2407 3017 2588 3086 μυῶν·
2617 3017 2740 3072 οὐδὲ
2765 3017 2874 3088 γὰρ
2898 3015 3060 3070 τοῦτὸ
3099 3033 3286 3087 φησιν,
3333 3014 3408 3079 ὼς
3457 3013 3600 3085 ὑπὲρ
3638 3010 3735 3065 τοῦ
3787 3009 3980 3075 παιδὸς

735 3099 898 3154 rebus
945 3099 1144 3154 divinis
1171 3099 1406 3165 imbuit;
1460 3113 1635 3168 neque
1663 3101 1805 3154 enim
1854 3113 2085 3169 sponsor
2122 3099 2297 3152 dicit:

2405 3107 2516 3176 ἐγὼ
2539 3108 2638 3172 τὰς
2683 3107 2981 3177 ἀωταγάς,
3010 3107 3043 3179 ἢ
3073 3108 3174 3171 τὰς
3199 3106 3348 3179 ἱεράς
3371 3104 3656 3178 ὁμολογίας
3684 3100 3978 3171 ποιοῦμαι·

738 3192 849 3261 ligo
896 3205 996 3263 pro
1043 3206 1210 3260 puero
1267 3191 1776 3246 abrenuntiationes
1831 3190 1995 3250 facio,
2050 3204 2297 3245 sacrasve

2404 3197 2516 3250 ἀλλ’
2552 3200 2631 3250 ὅτι
2659 3201 2685 3252 ὁ
2711 3201 2838 3262 παῖς
2864 3199 3226 3251 ἀποτάσσεται
3275 3196 3369 3250 καὶ
3393 3195 3750 3248 συντάσσεται
3773 3209 3787 3222 ·
3827 3190 3975 3245 τοῦτ’

736 3283 1121 3353 professiones,
1166 3285 1261 3339 sed
1299 3286 1402 3340 hoc
1453 3285 1612 3339 modo
1645 3298 1872 3352 puerum
1906 3283 2107 3338 asserit
2143 3283 2297 3338 abre-

2405 3287 2496 3341 εστ
2505 3303 2572 3341 ιν·
2609 3287 2882 3360 Ὁμολογῶ
2899 3287 2991 3342 τὸν
3006 3287 3166 3342 παῖδα
3185 3286 3390 3340 πείσειν
3411 3288 3489 3349 εἰς
3511 3283 3633 3337 νοῦν
3651 3281 3793 3353 ἱερὸν
3810 3281 3981 3342 ἰόντα,

738 3378 990 3433 iiuntiare
1019 3393 1081 3432 ac
1107 3379 1379 3446 proﬁteri;
1409 3391 1474 3432 ac
1497 3378 1540 3432 si
1555 3378 1703 3431 dicat
1735 3392 1751 3430 :
1779 3375 2046 3431 Proﬁteor
2063 3390 2150 3430 me
2179 3376 2297 3430 huic

2403 3383 2523 3443 ταῖς
2571 3381 2729 3450 ἐμαῖς
2777 3380 2978 3441 ἐνθέοις
3030 3379 3363 3446 ἀναγωγαῖς,
3413 3372 3782 3436 ἀποτάξασθαι
3806 3372 3852 3403 ’³
3883 3368 3984 3440 μὲν

2397 2552 2471 2615 ὡς
2521 2552 2626 2604 ὐπὸ
2673 2551 2799 2622 θείῳ
2822 2553 2992 2624 πατρὶ
3049 2553 3462 2625 καὶ,-σωτηρίας
3511 2553 3659 2622 ἱερᾶς
3703 2550 3972 2621 ἀναδόχῳ.

2399 2642 2598 2696 Τοῦτον
2642 2640 2782 2698 οῦνὸ
2807 2647 3064 2717 ἱεράρχης
3088 2645 3449 2715 ὁμολογοῦντα
3491 2645 3631 2700 κατά
3667 2643 3765 2716 τὴν
3815 2644 3976 2714 ίεράν

738 3485 931 3539 puero,
962 3485 1085 3524 cum
1116 3485 1212 3540 per
1235 3479 1450 3525 aetatem
1509 3469 1817 3540 intelligere
1873 3483 2031 3525 sacra
2076 3467 2303 3538 poterit,

738 3561 938 3616 divinis
967 3562 1102 3616 meis
1135 3562 1561 3618 institutionibus
1594 3577 2005 3631 persuasurum,
2038 3572 2096 3615 ut
2117 3562 2311 3616 adver-

740 3652 902 3707 sariis
919 3653 1164 3707 nuntium
1190 3654 1412 3710 omnino
1440 3655 1701 3718 remittat,
1728 3666 1783 3711 et
1832 3656 2011 3710 divina
2037 3655 2309 3723 promissa

741 3749 1081 3819 profiteatur,
1133 3760 1188 3805 et
1217 3750 1486 3805 exsolvat.
1540 3749 1688 3804 Nihil
1739 3766 1894 3821 ergo,
1947 3760 2003 3804 ut
2065 3750 2304 3820 opinor,

740 3842 1037 3896 absurdum
1074 3852 1176 3908 est,
1204 3845 1248 3898 si
1287 3844 1354 3897 ad
1383 3843 1627 3897 divinum
1654 3845 1953 3898 institutum
1985 3859 2118 3912 puer
2141 3843 2312 3896 addu-

744 3937 905 3999 citur,
962 3949 1082 3990 cum
1117 3936 1308 3990 ducem
1341 3951 1404 3991 ac
1457 3951 1777 4004 sponsorem
1817 3936 2015 3991 habeat
2064 3935 2153 4005 qui
2187 3950 2310 3989 eum

743 4036 799 4079 ct
817 4026 1124 4078 divinarqu
1169 4041 1353 4079 rerum
1397 4025 1624 4079 scientia
1652 4026 1876 4088 imbuat,
1912 4037 1968 4080 et
2024 4027 2092 4080 ab
2120 4014 2315 4081 adver-

2406 3469 2601 3534 ὁλικῶς
2625 3471 2737 3533 τοῖς
2763 3470 3044 3532 ἐναντίοις,
3086 3467 3417 3538 ὁμολογῆσαι
3467 3464 3524 3517 δὲ
3573 3464 3667 3516 καὶ
3692 3459 3984 3532 ἐνεργῆσαι

2406 3561 2504 3625 τὰς
2532 3562 2680 3626 θείας
2705 3561 3009 3632 ὁμολογίας.
3036 3561 3206 3614 Οὐδὲν
3227 3555 3341 3623 οὖν,
3367 3557 3443 3621 ὡς
3469 3553 3643 3627 οἶμαι,
3673 3554 3734 3607 τὸ
3760 3553 3982 3616 ἀτοτων,

2409 3658 2456 3708 ει
2484 3654 2624 3708 κατὰ
2648 3654 2798 3709 θείαν
2817 3656 2844 3708 ὁ
2864 3655 2993 3716 παῖς
3018 3649 3305 3722 ἀναγωγὴν
3325 3649 3605 3717 ἀνάγεται,
3632 3644 3988 3716 καθηγεμόνα

2410 3748 2504 3799 καὶ
2535 3747 2791 3817 ἀνάδοχον
2833 3746 2977 3816 ιερὸν
2998 3744 3154 3815 ἔχων,
3206 3742 3319 3810 ιξιν
3342 3740 3490 3811 αὑτῷ
3534 3739 3644 3793 τῶν
3677 3738 3836 3792 θείων
3883 3737 3988 3805 ἑμ-

2411 3840 2688 3903 ποιοῦντα,
2736 3840 2829 3892 καὶ
2876 3837 3212 3907 φυλάττοντα
3232 3834 3341 3888 τῶν
3367 3831 3625 3890 ἐναντίων
3668 3829 3985 3898 ἀπείρατον.

2412 3931 2748 3984 Μεταδίδωσι
2770 3930 2826 3982 δὲ
2846 3928 2923 3998 τῷ
2946 3928 3099 3981 παιδὶ
3119 3926 3232 3982 τῶν
3256 3924 3417 3998 ἱερῶν
3443 3922 3724 3994 συμϐόλων
3746 3921 3775 3972 ὁ
3803 3919 3988 3990 ἱεράρ-

2414 4042 2536 4094 χης,
2588 4024 2733 4086 ὅπως
2792 4023 2850 4075 ὲν
2895 4022 3078 4085 αὐτοῖς
3103 4018 3460 4091 ἀνατραφείη,
3510 4016 3604 4070 καὶ
3650 4013 3783 4085 μηδὲ
3831 4012 3984 4081 σχοίη

746 4120 904 4175 sariis
950 4129 1122 4174 tutum
1156 4121 1448 4175 custodiat.
1506 4119 1676 4174 Porro
1700 4119 1864 4189 272
1892 4121 2129 4190 pontifex
2176 4136 2297 4189 pue-

2415 4115 2559 4185 ζωὴν
2609 4115 2821 4186 ἑτέραν,
2849 4117 2897 4167 εἰ
2936 4113 3009 4184 μὴ
3055 4113 3159 4183 τὴν
3185 4111 3255 4166 τὰ
3280 4110 3397 4164 θεῖα
3423 4107 3731 4180 θεωροῦσαν
3756 4105 3862 4169 ἀεὶ,
3893 4103 3988 4157 καὶ

749 4227 869 4266 rum
900 4222 1204 4266 consortem
1252 4212 1386 4266 facit
1421 4227 1704 4267 sacrorum
1733 4213 2138 4282 mysteriorum,
2173 4221 2230 4266 ut
2261 4213 2297 4265 it

2417 4208 2669 4260 κοινωνὸν
2694 4206 2871 4260 αὐτῶν
2898 4208 2956 4259 ὲν
2982 4207 3286 4276 προκοπαῖς
3313 4205 3485 4275 ιεραῖς
3508 4198 3857 4269 γιγνομένην,
3875 4192 3988 4258 ἕξιν

747 4307 829 4359 eis
850 4305 1132 4371 educetur,
1177 4319 1352 4373 neque
1402 4313 1528 4374 agat
1553 4303 1723 4357 vitam
1765 4303 1947 4368 aliam,
2004 4317 2167 4371 quam
2193 4316 2297 4354 ean

2417 4317 2476 4352 τε
2499 4301 2648 4370 ἱερὰν
2675 4301 2732 4352 ἐν
2757 4299 2964 4362 τούτοις
2987 4297 3258 4368 ἴσχουσαν,
3285 4293 3624 4366 ἀναγομένην
3646 4308 3706 4343 τε
3731 4292 3986 4362 ἱεροπρε-

749 4411 870 4461 qua:
899 4395 1077 4449 divina
1137 4410 1349 4464 semper
1393 4403 1622 4464 spectet,
1669 4403 1720 4447 et
1759 4392 2064 4460 huiusmodi
2129 4401 2297 4447 sancl:

2420 4395 2536 4458 πῶς
2564 4395 2667 4446 ὑπὸ
2687 4392 2780 4446 τοῦ
2807 4391 3069 4455 θεοειδοῦς
3095 4387 3375 4459 ἀναδόχου.

751 4489 1130 4542 communione
1154 4487 1419 4556 proﬁciat,
1439 4495 1601 4554 atque
1631 4485 1682 4538 in
1714 4484 1798 4538 his
1828 4499 2042 4538 sacrum
2071 4484 2314 4538 habitum
2357 4487 2657 4555 possideat,
2692 4493 2747 4539 et
2791 4499 2820 4537 a
2857 4491 3172 4550 susceptore
3215 4479 3465 4533 deilormi
3502 4475 3740 4532 studiose
3770 4487 3989 4544 promo-

754 4591 957 4634 νυειιιπ.

811 4671 911 4724 Ista
937 4679 1086 4733 sunt,
1110 4670 1180 4723 mi
1206 4668 1299 4734 ﬁli,
1328 4678 1471 4723 tanta
1494 4679 1712 4738 tamque
1729 4671 1983 4738 praeclara
2006 4669 2297 4724 bierarchia

2395 4688 2400 4716 l
2499 4666 2744 4720 Τοσαῦτα
2768 4705 2782 4728 ,
2812 4658 2856 4717 ὧ
2893 4666 3027 4725 παῖ,
3057 4661 3150 4713 καὶ
3184 4659 3326 4712 οὕτω
3374 4657 3512 4711 καλά
3547 4657 3644 4727 τῆς
3683 4655 3800 4708 καθ’
3844 4655 3990 4725 ἡμᾶς

755 4775 956 4818 nostra:
982 4762 1288 4830 spectacula
1335 4762 1625 4815 uniformia
1671 4761 1801 4814 mihi
1841 4761 2205 4825 manifestata,
2231 4776 2297 4816 set

2428 4759 2707 4832 ἰεραρχίας
2724 4751 2904 4809 ὦπταί
2930 4771 3018 4824 μοι
3041 4752 3111 4805 τά
3137 4749 3339 4820 ὲνοειδῆ
3366 4749 3630 4819 θεάματα,
3657 4747 3792 4818 πρὸς
3818 4746 3988 4799 ἀλλων

754 4856 875 4909 aliis
897 4855 1129 4909 fortasse
1160 4854 1432 4907 mentibus
1473 4851 1986 4922 perspicacioribus,
2018 4868 2124 4905 non
2147 4851 2297 4906 solun

2427 4856 2485 4909 δὲ
2515 4854 2642 4916 ῐσως
2667 4846 3052 4916 ὁπτικωτέρων
3088 4845 3134 4875 ⁹⁶
3158 4842 3294 4895 νοῶν
3330 4842 3391 4894 οὐ
3431 4838 3600 4893 ταῦτα
3643 4839 3799 4908 μόνον
3831 4837 3992 4892 ὲθεω-

759 4951 890 5008 baee,
910 4962 1095 5000 verum
1115 4946 1276 4998 etiam
1298 4945 1402 4997 alia
1425 4944 1592 5000 multo
1611 4944 1906 4998 illustriora
1930 4955 2095 5014 atque
2120 4943 2297 4997 deifort

2433 4945 2600 5017 ρήθη,
2632 4941 2900 5011 φανότερα
2937 4937 2991 4989 δὲ
3031 4935 3208 5005 πολλῷ
3229 4935 3273 4966 ⁸⁷
3307 4933 3402 4986 καὶ
3442 4931 3832 5000 θεοειδέστερα.
3877 4929 3984 4983 Καὶ

759 5038 928 5091 miora
961 5046 1238 5106 perspecta
1265 5046 1409 5090 sunt.
1441 5035 1582 5102 Quin
1612 5044 1665 5090 et
1722 5036 1818 5090 tibi
1851 5050 2087 5105 quoque,
2118 5045 2177 5089 ut
2203 5035 2289 5104 opi

2431 5035 2510 5086 σοὶ
2547 5034 2625 5098 δὲ,
2686 5031 2760 5093 ὡς
2785 5025 2935 5098 οἶμαι
2959 5065 2974 5089 ,
3018 5026 3230 5086 πάντως
3284 5022 3545 5092 ἐλλάμψει
3589 5020 3992 5093 τηλαυγέστερα

763 5143 885 5192 nor,
914 5127 1175 5181 clariores
1223 5127 1626 5194 divinioresque
1673 5118 2107 5195 pitlchritudines
2156 5125 2294 5180 collu

2429 5125 2596 5194 κάλλη
2636 5123 2728 5175 καὶ
2755 5120 3018 5188 θειότερα,
3039 5119 3152 5179 τοῖς
3190 5115 3500 5185 εἰρημένοις
3523 5111 3570 5146 ⁸⁸
3592 5111 3989 5195 ὲπαναϐαθμοῖς

761 5191 984 5280 ccbnnt,
1031 5221 1077 5273 si
1131 5221 1197 5274 iis
1218 5219 1498 5288 gradibus,
1530 5191 1819 5286 quos'dixi,
1854 5218 1918 5271 ad
1950 5216 2297 5271 sublimioren

2431 5191 2694 5284 χρωμένῳ
2733 5209 2868 5280 πρὸς
2907 5204 3213 5276 ὑπερτέραν
3251 5203 3461 5255 ἀκτῖνα.
3511 5201 3754 5264 Μετάδος
3790 5195 3916 5266 οὖν,
3949 5191 3990 5254 ὖ

2037 5391 2272 5447 VARI/E
2307 5387 2712 5446 LECTIONES.

2514 5532 2556 5560 θ’
2601 5529 2692 5580 καὶ
2728 5519 3142 5592 πανσοφοποιοῦ,
3191 5521 3251 5592 S._
3335 5517 3770 5592 ’fjnpoqﬁycyov.
3797 5510 3984 5592 βεδε.

838 5535 881 5561 ’⁸⁵
910 5532 1295 5600 προστιθέντα,
1344 5531 1406 5585 Μ.
1465 5533 1523 5585 S.
1569 5534 1628 5586 D.
1691 5534 1814 5586 Sar.
1893 5536 1931 5564 ³¹
1965 5533 2350 5600 ἁγνοουμένας,
2377 5531 2432 5583 S.
2514 5532 2556 5560 θ’
2601 5531 2692 5580 καὶ
2728 5538 3142 5592 πανσοφοποιου,
3191 5531 3245 5574 δ.
3335 5531 3379 5550 ’⁸
3406 5531 3770 5586 προσηγαγυν-
3811 5531 3984 5567 Μοῦσα

841 5605 1010 5663 ἄγειν,
1041 5605 1097 5653 S.
1199 5605 1241 5633 ’⁵
1267 5603 1643 5663 ἀποταξεσθαι,
1677 5603 1735 5657 υ.
1771 5602 1888 5657 Sar.
1991 5604 2033 5634 9"
2062 5601 2446 5663 ὁπτικώτερον,
2477 5599 2522 5652 Μ
2577 5599 2664 5652 Sc.
2765 5598 2808 5627 ’7
2839 5594 3186 5663 φανερώτερα
3212 5590 3266 5644 δὲ
3296 5589 3492 5651 πολλὰ,
3530 5587 3597 5639 Μ.
3627 5584 3718 5641 Sc.
3797 5584 3839 5618 "'
3864 5584 3986 5638 θειου

767 5604 809 5633 ’⁸⁸
841 5605 1010 5668 ἄγειν,
1041 5605 1097 5653 S.
1199 5605 1241 5633 ’⁵
1267 5603 1643 5668 ἀποταξεσθαι,
1677 5603 1735 5657 υ.
1771 5602 1888 5657 Sar.

767 5674 968 5734 τόξοις,
999 5670 1049 5726 Μ
1099 5673 1188 5725 Sc.

1893 5536 1931 5564 ³¹
1965 5533 2350 5600 ἀγνοουμὲνας,
2377 5529 2432 5583 S.

1991 5604 2033 5634 9“
2062 5599 2446 5669 ὀπτικώτερον,
2477 5599 2522 5652 Μ
2577 5599 2664 5652 Sc.
