4178 6312
273 247 381 305 569
817 248 902 304 DE
941 249 1220 307 ECCLES.
1259 248 1652 316 HIERARCH.,
1687 252 1839 307 CAP.
1879 251 2079 307 Vll.--
2115 242 2458 306 PARAPHR.
2489 248 2959 306 PACHYMERIE.
3385 249 3490 305 570

270 360 430 430 φίλε,
477 362 570 417 καὶ
617 361 776 427 αὐτὸς
820 364 941 434 ἐμοὶ
977 365 1310 436 τελειοτέρας
1358 365 1691 436 ὲλλάμψεως,
1732 385 1780 421 κε

1882 365 2132 431 ιτοάἰιιηι
2173 365 2529 422 conscendas.
2564 363 3111 433 Communicalgitnr-
3151 372 3200 409 et
3254 372 3306 419 tu
3358 366 3489 422 mth

267 453 437 521 δεῖξον
463 456 611 526 ἐμοῖς
652 455 941 526 ὀφθαλμοῖς
985 455 1126 528 ἅπερ
1175 457 1238 510 ἂν
1266 458 1392 511 ἰδεῖν
1437 458 1715 529 δυνηθείης
1740 462 1780 513 εἰ

1929 455 2301 527 perfectioretn
2351 455 2782 516 illustrationem,
2826 457 3068 522 meisque
3093 449 3267 511 oculis
3296 455 3490 509 exhibe

269 547 617 617 πρεπέστερα
641 546 808 618 κάλλη
861 548 954 600 καὶ
992 548 1356 619 ἑνοειδέστερα
1380 567 1392 578 °
1449 550 1634 621 Θαρῤὦ
1677 550 1780 621 γὰρ

1928 548 2330 619 prmslantiores
2387 547 2608 612 formas,
2639 562 2760 615 quae
2792 547 2954 600 unius
3024 546 3262 616 speciem
3320 547 3489 616 magis

265 635 348 688 ᾶτι
425 640 539 699 τοῖς
606 637 914 707 εἰρημένοις
996 637 1106 706 ἐγὼ
1174 641 1299 702 τοὺς
1373 641 1780 711 ὲναποκειμένοι

1927 639 2233 708 exprimant
2265 653 2279 690 :
2321 639 2530 693 confido
2557 637 2729 701 enim,
2765 651 2850 690 me
2877 636 2965 700 iis,
3006 651 3126 707 qum
3151 649 3488 689 commemo-

265 729 323 777 ὲν
371 729 452 781 σοι
497 726 590 780 τοῦ
616 728 754 782 θείου
783 729 950 799 πυρὸς
974 729 1359 784 ἀνασκαλεύσω
1406 731 1727 804 σπινθῆρας.

1925 741 2042 784 rata
2072 740 2215 796 sunt,
2252 731 2440 787 insitas
2468 731 2563 785 tibi
2611 730 2778 785 divini
2809 729 2951 800 ignis
2981 728 3243 783 scintillas
3283 728 3490 782 excita-

1927 832 2128 878 turum.

1845 1023 1920 1038 -ρ

1428 1185 1956 1246 ADNOTATIONES
1991 1187 2330 1244 CORDERII.

328 1367 464 1420 Nota
502 1366 677 1435 primo
703 1365 792 1420 hic
821 1365 1097 1435 antiquum
1132 1366 1386 1422 Ecclesiae
1408 1379 1568 1421 ritum
1601 1382 1697 1434 pro
1731 1369 2001 1421 defunctis
2028 1366 2379 1436 deprecandi,
2411 1377 2464 1422 et
2493 1371 2735 1432 eosdem,
2761 1381 2862 1435 pro
2889 1366 3149 1436 cujusque
3187 1364 3478 1435 dignitate,

253 1434 554 1491 honoriﬁco
577 1446 630 1489 et
659 1451 812 1508 sacro
854 1434 970 1508 loco
997 1437 1309 1508 sepeliendi,
1334 1447 1387 1490 et
1415 1439 1703 1508 exsequias
1751 1434 2200 1508 celebrandum;
2224 1438 2308 1491 bis
2331 1453 2542 1508 quoque
2571 1440 2708 1506 Aug.
2743 1434 2792 1491 in
2841 1434 3091 1508 libro_De
3126 1434 3478 1501 cura’agenda

251 1523 348 1574 pro
377 1511 631 1566 mortuis,
659 1506 711 1577 in
752 1506 997 1577 eamdem
1038 1505 1190 1573 plane
1228 1522 1350 1560 cum
1386 1507 1642 1577 Dionysio
1692 1507 2018 1559 sententiam
2055 1523 2067 1558 :
2106 1524 2125 1558 ‹
2163 1506 2263 1577 Qui
2319 1505 2470 1570 facit,
2517 1505 2723 1575 inquit.
2772 1505 3068 1573 exsequias
3123 1513 3479 1577 mortuorum,

251 1579 323 1629 ob
371 1591 611 1628 amorem
643 1575 782 1628 illius
815 1574 960 1635 facit,
991 1577 1082 1644 qui
1122 1577 1370 1644 promisit
1428 1574 1654 1644 corpora
1719 1584 2122 1640 resurrectura.
2151 1588 2177 1628 δ
2215 1575 2400 1645 Neque
2434 1574 2604 1631 enim,
2630 1577 3022 1632 contemnenda
3079 1584 3203 1645 sunt
3241 1582 3294 1626 et
3341 1575 3479 1642 abji-

246 1647 442 1716 cienda
463 1659 690 1712 corpora
709 1643 1346 1716 defunctorum,maxime
1380 1643 1642 1707 fidelium,
1683 1645 1881 1711 quibus
1915 1655 2168 1716 tanquam
2200 1643 2424 1716 organis
2448 1658 2501 1700 et
2524 1647 2669 1700 vasis
2692 1649 2757 1700 ad
2780 1646 2961 1701 omnia
2991 1658 3156 1711 opera
3186 1643 3321 1716 bona
3350 1658 3479 1716 usus

251 1725 337 1768 est
363 1715 602 1783 Spiritus
635 1724 870 1767 sanctus.
929 1713 1078 1768 llnde
1119 1724 1171 1768 et
1200 1717 1546 1783 antiquorum
1575 1716 1817 1768 ﬁdelium
1852 1713 2038 1768 funera
2074 1713 2310 1770 ofﬁciosa
2342 1718 2540 1784 pietate
2567 1727 2752 1770 curata
2781 1725 2929 1778 sunt,
2957 1724 3011 1769 et
3042 1713 3313 1782 exsequiae
3334 1713 3478 1784 cele-

249 1780 423 1856 bratae
457 1799 518 1837 ac
550 1785 836 1856 sepultura:
869 1785 1118 1856 provisae,
1167 1780 1375 1856 ipsique
1420 1802 1540 1840 cum
1589 1786 1855 1856 viverent,
1883 1785 1949 1856 de
2000 1780 2475 1853 sepeliendis'seu
2532 1785 2929 1841 transferendis
2986 1784 3100 1856 suis
3158 1780 3478 1856 corporibus

249 1853 377 1908 ﬁliis
413 1855 823 1918 mandaverunt,
873 1851 927 1907 et
969 1851 1544 1923 Tobias'sepeliendis
1606 1854 1835 1909 mortuis
1885 1851 2076 1908 Deum'
2129 1857 2492 1922 promeruisse
2551 1858 2981 1923 commendatur.
3053 1852 3172 1921 Ipse
3220 1851 3478 1923 Dominus

249 1927 342 1976 die
380 1925 544 1985 tertia
589 1931 1020 1986 resurrecturus,
1050 1921 1300 1992 gloriosa:
1333 1926 1574 1979 mulieris
1607 1924 1806 1978 bonum
1861 1937 1995 1990 Opus
2052 1921 2298 1991 prmdicit
2343 1925 2782 1991 praedicandum;
2834 1933 2888 1977 et
2923 1921 3144 1990 Joscph,
3207 1921 3298 1990 qui
3352 1935 3477 1992 eum

245 1993 496 2062 sepelivit
566 1995 700 2046 mire
769 1990 1129 2048 collaudatur.
1205 1998 1282 2048 Ac
1341 1995 1461 2048 ideo
1535 2009 1630 2062 pro
1688 1992 1887 2045 nostris
1948 1990 2214 2046 defunctis
2287 1990 2500 2047 certare
2563 1993 2857 2055 debemus,
2929 2004 3195 2060 quatenus
3263 1990 3478 2058 possint

245 2064 538 2130 participes
599 2062 715 2116 ﬁeri
778 2079 964 2118 eorum
1008 2077 1142 2133 quos
1221 2064 1470 2118 Christus
1527 2081 1554 2116 a
1611 2062 1863 2133 claustris
1918 2065 2196 2133 revocavit
2226 2063 2446 2117 inferni.
2481 2064 2642 2116 Plura
2693 2065 2759 2118 de
2804 2063 3081 2131 exsequiis
3130 2068 3478 2114 mortuorum

242 2141 530 2203 et‘eorum
574 2131 1092 2187 commemoratione
1130 2133 1251 2186 vide
1308 2135 1446 2201 apud
1479 2132 1769 2187 Alcuinuin
1823 2131 2069 2203 in_libro
2114 2131 2187 2203 De
2235 2133 2424 2187 divinis
2457 2135 2662 2203 o/ﬁciis.

313 2200 450 2255 Nata
479 2205 710 2256 secundo
735 2203 801 2255 ad
849 2213 1057 2271 partem
1107 2198 1395 2271 secundum
1443 2203 1658 2270 capitis,
1715 2201 2030 2271 sacerdotes
2059 2202 2179 2271 alio
2237 2205 2342 2254 ritu
2399 2219 2460 2256 ac
2488 2198 2630 2256 "loco
2676 2202 2950 2271 quondam
3012 2199 3230 2268 sepeliri
3274 2198 3470 2271 solere

238 2287 404 2342 quam
440 2272 610 2324 Iaicos
635 2287 649 2336 ;
679 2272 753 2324 uti
778 2268 990 2342 quoque
1018 2287 1082 2324 ex
1107 2270 1248 2324 Beda
1278 2271 1437 2324 tradit
1466 2268 1770 2342 Amalarius
1801 2269 1896 2323 lib.
1928 2285 1982 2322 tv
2049 2270 2120 2342 De
2147 2273 2512 2326 ecclesiasticis
2540 2268 2795 2342 oﬂiciis,c.
2822 2273 2884 2325 41
2920 2289 2933 2324 :
2971 2290 2991 2324 ε
3021 2273 3245 2342 Aperte,
3273 2268 3473 2342 inquit,

238 2340 487 2396 dominus
513 2342 652 2395 Beda
686 2339 922 2410 declarat
956 2342 1004 2393 in
1030 2342 1300 2410 exsequiis
1325 2343 1492 2395 sancti
1536 2341 1840 2403 Cuthberti,
1868 2341 2136 2407 quomodo
2163 2343 2346 2394 vestiri
2373 2339 2622 2410 oporteat
2651 2342 2983 2397 sacerdotem
3014 2340 3323 2394 defunctum
3352 2355 3366 2396 ;
3398 2339 3472 2391 ita

236 2411 382 2463 enim
412 2413 598 2480 scribit
637 2411 702 2463 de
752 2409 867 2477 ejus
917 2411 1188 2478 exsequiis
1219 2427 1232 2462 :
1285 2409 1568 2478 Postquam
1597 2424 1726 2478 ergo
1749 2419 1944 2480 sanctae
1985 2411 2256 2464 memoria:
2278 2412 2606 2467 Cutlibertus
2636 2413 2944 2480 episcopus,
2983 2412 3202 2478 peracta
3228 2422 3474 2461 commu-

235 2482 420 2542 nione,
453 2479 676 2534 elevatis
705 2480 875 2535 oculis
903 2491 958 2535 et
984 2477 1230 2533 manibus
1259 2481 1325 2533 ad
1350 2477 1537 2542 Deum,
1567 2477 2030 2550 con’itiiendansei
2058 2481 2290 2532 animam
2317 2497 2490 2544 suam,
2514 2491 2568 2534 et
2593 2477 2843 2536 eminens
2862 2477 3135 2550 spiritum.
3171 2480 3477 2546 sedensque

235 2550 353 2602 sine
390 2561 592 2618 gemitu
640 2554 773 2604 obiit
803 2552 852 2603 in
887 2553 969 2603 via
1009 2562 1244 2618 patrum,
1272 2563 1301 2602 a
1330 2551 1710 2618 navigantibus
1736 2549 1802 2599 ad
1830 2548 2062 2601 insulam
2089 2559 2324 2601 nostram
2360 2553 2595 2617 delatus,
2637 2561 2748 2604 toto
2799 2548 3022 2617 corpore
3054 2551 3255 2610 lavate,
3293 2550 3474 2616 capite

232 2621 455 2672 sudario
481 2621 834 2683 circumdato,
868 2620 1047 2672 oblata
1079 2633 1240 2684 super
1291 2620 1474 2687 pectus
1515 2628 1760 2677 sanetum
1809 2620 2003 2686 posita,
2055 2620 2380 2674 vestimento
2434 2621 2758 2675 sacerdotali
2835 2622 3073 2684 indutus,
3140 2619 3195 2670 in
3253 2619 3473 2670 obviam

233 2688 437 2742 Christi
474 2692 857 2743 calceamentis
888 2690 1000 2743 suis
1030 2700 1363 2756 praeparatus
1409 2690 1461 2741 in
1510 2690 1733 2742 sindone
1775 2697 1991 2740 cereata
2028 2688 2320 2754 involutus,
2357 2692 2593 2743 animam
2643 2692 2846 2745 habens
2895 2704 3016 2744 cum
3068 2687 3286 2742 Christo
3336 2699 3474 2755 gan-

231 2758 477 2812 dentem.
531 2759 648 2812 Non
674 2769 758 2812 est
799 2758 1171 2820 dubitandum,
1212 2758 1383 2826 inquit
1411 2758 1737 2823 Amalarius,
1792 2759 1918 2824 quin
1962 2759 2072 2825 ipse
2105 2772 2221 2811 mos
2245 2770 2389 2814 esset
2426 2763 2563 2826 apud
2619 2759 2913 2814 Romanam
2945 2757 3244 2813 Ecclesiam
3293 2756 3345 2809 in
3372 2756 3474 2810 hac

231 2839 294 2879 re
318 2865 334 2890 ,
364 2830 454 2896 qui
484 2829 622 2896 apud
651 2828 850 2896 Anglos
875 2831 976 2880 fuit
996 2867 1009 2889 ,
1035 2832 1332 2895 praesertim
1361 2844 1483 2884 cum
1512 2843 1579 2881 ex
1607 2826 1694 2880 illa
1724 2827 1953 2898 primum
1980 2828 2291 2896 episc0pum
2320 2829 2674 2898 Augustinum
2700 2831 2963 2883 haberent
2992 2829 3148 2896 Anin
3196 2826 3463 2898 Saxones,

229 2905 289 2966 ςι
339 2894 404 2950 eo
465 2894 702 2965 tempore
727 2894 837 2966 quo
889 2894 1240 2952 celeberrima
1307 2898 1407 2952 fuit
1458 2899 1701 2952 Romana
1729 2894 2243 2966 Ecclesia,’propter
2284 2894 2661 2955 auctoritatem
2718 2899 3011 2954 doctissimi
3073 2894 3188 2965 ejus
3234 2894 3471 2966 episcopi

227 2963 524 3032 Gregorii,
576 2963 635 3022 et
691 2963 876 3036 postea
935 2981 1003 3020 ex
1054 2968 1245 3020 eadem
1322 2968 1568 3023 Ecclesia
1642 2967 1944 3020 habuerunt
1993 2963 2458 3036 a'rcbiepiscOpum
2513 2968 2853 3021 Theodorum
2905 2969 2956 3020 in
3018 2963 3246 3036 utraque
3289 2965 3470 3036 lingua

227 3033 708 3107 peritissimumu'
729 3036 887 3089 Plura
918 3037 1021 3107 qui
1057 3036 1202 3089 volet
1223 3037 1402 3107 videat
1426 3038 1569 3106 apud
1620 3037 1952 3107 Amalarium
2000 3035 2119 3107 loco
2150 3033 2349 3107 citato,
2377 3048 2431 3092 et
2461 3037 2621 3107 273
2651 3052 2773 3107 cap.
2825 3038 3097 3107 sequenti,
3130 3033 3218 3089 ubi
3259 3034 3370 3103 agit
3390 3033 3464 3087 de

227 3054 678 3101 νεηιιδειιηυιη.»
729 3054 887 3089 rtura
956 3054 1007 3100 ιιι
1057 3054 1569 3106 votetvmeatapuu
1620 3054 1952 3090 Atnaiarium
2000 3054 2119 3090 ioco
2150 3054 2337 3101 citato,
2377 3054 2431 3092 et
2461 3054 2621 3107 273
2651 3054 2712 3091 ea
2757 3078 2769 3092 .

225 3102 426 3176 officiis
462 3118 818 3170 mortuorum,
845 3114 900 3159 et
918 3054 1207 3160 litabantqu
1235 3105 1480 3161 Maurum
1511 3107 1605 3176 lib.
1633 3121 1669 3158 ll
1719 3105 1793 3158 De
1814 3105 2139 3176 institutione
2171 3106 2498 3171 clericorum,
2530 3124 2651 3176 cap.
2678 3054 2769 3162 si.

300 3173 438 3228 Nata
472 3178 652 3237 tertio,
680 3185 831 3244 parte
859 3178 1018 3247 tertia
1050 3178 1208 3247 hujus
1231 3176 1474 3247 capitis§
1503 3174 1595 3240 XI,
1625 3174 1862 3245 Dionysii
1912 3176 2220 3247 testimonio
2251 3178 2319 3230 ab
2343 3173 2612 3247 apostolis
2628 3187 2850 3246 accepto
2881 3176 3150 3245 confutari
3179 3173 3465 3244 anabapti-

225 3251 364 3324 nas,
398 3249 487 3313 qui
520 3255 714 3324 negant
741 3245 995 3313 prodesse
1017 3245 1629 3324 parvulis_baptisinum,
1659 3253 1981 3324 cumtamen
2005 3245 2485 3324 Dotiiiiiusdixerit
2518 3263 2534 3301 :
2566 3246 2738 3324 Sinite
2767 3245 3010 3314 parvulos
3045 3248 3220 3324 venire
3253 3248 3322 3296 ad
3356 3257 3459 3324 nte,

225 3312 422 3366 talium
453 3325 527 3368 eu
558 3312 695 3367 enim
714 3312 925 3382 regnum
954 3312 1219 3381 cistarum,
1251 3312 1420 3370 Marc.
1446 3332 1501 3380 x,
1527 3315 1633 3377 14;
1665 3315 1806 3382 quod
1856 3313 2074 3381 quidem
2139 3314 2385 3369 Clemens
2447 3312 2888 3369 Constitutiouum
2933 3317 3340 3384 apostolicarum
3370 3313 3464 3366 lib.

223 3395 303 3444 vt,
344 3399 464 3454 cap.
498 3385 586 3448 15,
620 3385 688 3437 de
729 3385 969 3452 parvulis
1006 3386 1340 3502 baptizandis
1392 3389 1828 3462 interpretatur,
1877 3383 2066 3465 dicens
2110 3399 2124 3436 :
2177 3383 2457 3452 Baptizete
2513 3395 2686 3438 autem
2730 3395 2924 3439 vestros
2968 3383 3153 3452 pueros
3206 3385 3463 3450 infantes.

223 3461 274 3502 ιι
358 3456 573 3502 educata
632 3469 720 3502 eos
785 3455 838 3502 in
899 3453 1179 3502 diecminu
1236 3464 1285 3502 et
1355 3457 1636 3502 monitione
1695 3452 1836 3502 Det:
1869 3461 2039 3502 btmte
2096 3455 2273 3502 enim.
2338 3456 2409 3502 ait
2474 3453 2757 3502 Dominus-
2817 3471 3005 3502 ouem:
3039 3455 3208 3502 venire
3268 3455 3335 3502 ad
3386 3465 3463 3502 me

221 3461 274 3504 et
358 3448 573 3508 educata
632 3448 745 3508 σοι’
785 3455 838 3506 in
872 3448 1179 3522 idisctplimt
1236 3464 1285 3506 et
1355 3448 1636 3508 monitione
1695 3452 1836 3505 Dei:
1869 3448 2039 3504 Sinite
2096 3448 2273 3517 enim,
2338 3456 2409 3507 ait
2474 3453 2757 3519 Dominus,
2816 3448 3005 3522 pueros
3039 3455 3208 3506 venire
3266 3448 3335 3506 od
3369 3465 3464 3522 Luto

221 3530 404 3662 aptatae
433 3523 705 3603 prohibete
731 3538 844 3591 eos,
870 3521 1005 3578 Luc.
1033 3518 1200 3591 ἰνιιι,
1233 3524 1325 3580 16.
1357 3524 1520 3580 Plura
1566 3527 1633 3578 de
1684 3524 1787 3578 hac
1846 3535 1908 3575 re
1940 3523 2060 3578 vide
2100 3527 2238 3592 apud
2271 3522 2510 3593 Vasquez
2576 3530 2629 3578 in
2662 3518 2871 3595 partem
2925 3541 3012 3590 tu,
3044 3528 3304 3594 disputat.
3331 3518 3459 3585 154,

331 3607 344 3645 ι
430 3609 630 3663 primo.

1277 3911 1652 3967 PARAPHRA
1665 3910 1768 3967 διε
1796 3909 2242 3966 PACHYMEM}
2281 3909 2415 3980 (ea).

296 4090 326 4162 ς
360 4089 397 4142 1.
430 4089 644 4144 Τούτων
687 4086 782 4146 οὖν
821 4092 1212 4164 διωρισμένων,
1273 4097 1568 4164 ἀναγκαῖον
1614 4097 1780 4149 εἰπεῖν

1963 4093 1990 4165 §
2023 4093 2061 4148 1.
2094 4092 2185 4148 His
2217 4093 2383 4162 igitur
2410 4089 2670 4156 deﬁnitis,
2703 4089 3018 4145 necessario
3062 4092 3227 4147 etiam
3261 4094 3452 4151 dicen-

214 4182 313 4234 καὶ
362 4179 616 4250 περὶτῶν
665 4183 1110 4252 κεκοιμημένων·
1163 4185 1255 4236 καὶ
1311 4185 1419 4255 γὰρ
1456 4184 1576 4236 οὐδὲ
1623 4183 1780 4238 τοῦτο

1891 4189 2016 4241 dum
2048 4187 2114 4241 de
2143 4184 2406 4240 defunctis
2436 4201 2450 4237 :
2483 4197 2656 4252 neque
2683 4181 2898 4236 enimid
2926 4196 3214 4238 commune
3249 4184 3455 4242 habent

213 4271 413 4334 κοινῶς
441 4270 648 4342 ἔχουσιν
693 4273 744 4324 οῖ
782 4290 841 4325 τε
871 4275 1182 4344 Χριστιανοὶ
1215 4277 1456 4346 (τούτους
1503 4276 1612 4345 γὰρ
1637 4276 1782 4344 λέγει

211 4364 380 4417 τανῦν
425 4363 636 4434 ἱερούς)
666 4366 759 4417 καὶ
783 4366 830 4416 οἱ
861 4364 1058 4428 ἔξωθεν
1104 4367 1381 4438 Ἕλληνες,
1437 4370 1487 4420 οἱ
1535 4368 1779 4438 ἀνίεροι·

211 4455 332 4509 ἀλλ’
385 4455 572 4526 ὥσπερ
625 4455 724 4524 τῆς
774 4455 918 4526 ζωῆς
977 4457 1156 4528 αὐτῶν
1208 4459 1340 4512 πολὺ
1401 4461 1464 4512 τὸ
1503 4459 1776 4530 διάφορον,

213 4548 347 4618 (τῶν
396 4549 493 4617 μὲν
547 4545 762 4611 ζώντων
793 4547 933 4601 κατά
973 4550 1205 4620 Χριστὸν
1256 4552 1315 4603 ὲν
1338 4550 1414 4620 τῷ
1462 4551 1784 4622 νεκροῦσθαι

206 4639 288 4711 τῷ
315 4636 546 4708 σώματι,
588 4638 695 4690 τῶν
740 4638 798 4690 δὲ
846 4638 1056 4703 ζώντων
1101 4640 1242 4693 κατὰ
1283 4639 1382 4703 τὰς
1429 4641 1530 4710 τῆς
1585 4644 1784 4712 σαρκὸς

198 4730 575 4801 lit-taenia“)
622 4731 762 4783 οὕτω
807 4731 902 4783 καὶ
948 4732 1008 4784 τὸ
1051 4731 1204 4795 τέλος
1254 4733 1434 4785 αὐτῶν
1506 4734 1780 4804 διάφορον.

205 4827 270 4878 0i
329 4825 428 4894 μὲν
449 4825 555 4893 γὰρ
596 4824 747 4894 ἱεροὶ,
773 4824 1208 4888 ἀποσκοποῦντες
1239 4827 1375 4897 πρὸς
1424 4827 1523 4889 τὰς
1566 4827 1780 4880 ἐκεῖθεν

201 4914 448 4978 ἐλπίδας,
480 4915 614 4984 πρὸς
643 4915 702 4968 τὸ
724 4914 816 4967 τοῦ
835 4913 1058 4968 θανάτου
1081 4915 1251 4986 πέρας
1281 4916 1443 4980 ἴασιν,
1470 4916 1657 4988 ὥσπερ
1689 4918 1781 4969 ἐπὶ

203 5008 361 5069 τέλος
413 5006 656 5074 ἀγώνων,
705 5006 794 5060 τὸν
827 5007 927 5075 τῆς
965 5006 1308 5077 δικαιοσύνης
1331 5007 1627 5078 ληψόμενοι
1662 5008 1781 5060 στέ-

205 5113 376 5166 φανον
405 5097 460 5147 ὲν
487 5100 554 5167 τῇ
575 5097 726 5166 ολικῇ
751 5095 926 5149 αὐτῶν
949 5097 1238 5150 ἀναστάσει
1262 5101 1328 5167 τῇ
1371 5097 1508 5166 μετὰ
1530 5096 1778 5166 σώματος

200 5188 463 5259 δηλονότιι
495 5191 549 5242 αἱ
583 5190 679 5260 μὲν
699 5188 807 5259 γὰρ
831 5190 973 5259 ἱεραὶ
997 5189 1178 5260 ψυχαὶ,
1206 5190 1436 5242 ἐνταῦθα
1465 5190 1525 5242 τὸ
1547 5188 1778 5260 τρεπτὺν

204 5279 445 5352 ἔχουσαι,
476 5281 535 5334 ὲν
570 5283 635 5351 τῇ
663 5279 1047 5352 παλιγγενεσία
1082 5280 1142 5333 τὸ
1193 5282 1599 5352 ἀμετάτρεπτον
1631 5279 1778 5345 ἕξου-

207 5388 258 5424 σι
275 5389 290 5402 ο
337 5372 406 5426 τὰ
429 5372 483 5426 δὲ
502 5373 743 5443 ὁμόζυγα
761 5373 1005 5443 σώματα,
1033 5372 1265 5426 ἐνταῦθα
1285 5377 1404 5437 ταῖς
1427 5373 1626 5443 ψυχαῖς
1654 5388 1778 5438 συγ-

205 5465 682 5536 κακοπαθήσαντα.
711 5465 809 5535 τὴν
828 5465 1032 5520 οἰκείαν
1051 5466 1346 5521 ἀνάστασιν
1373 5463 1770 5535 ἀπολήψονται,

1890 4276 2184 4332 Christiani
2227 4276 2388 4343 (quos
2444 4273 2532 4327 hic
2579 4281 2768 4327 sacres
2818 4270 3000 4343 vocat)
3027 4287 3152 4327 cum
3208 4276 3456 4332 externis

1889 4365 2204 4437 gentilibus,
2229 4363 2320 4433 qui
2360 4360 2576 4432 profani
2609 4369 2734 4416 sunt
2768 4376 2782 4414 :
2810 4362 2905 4416 sed
2941 4361 3085 4415 sicut
3111 4362 3254 4416 inter
3285 4365 3455 4419 vitam

1887 4470 2076 4512 eorum
2107 4453 2336 4508 multum
2365 4454 2596 4508 interest
2622 4452 2769 4522 (cum
2810 4453 2886 4509 iHi
2910 4454 3129 4525 quidem
3160 4458 3454 4516 secundum

1887 4547 2165 4602 Christum
2229 4547 2414 4598 vivant
2466 4557 2668 4613 corpus
2722 4544 3148 4612 inortificando;
3191 4545 3250 4599 bi
3321 4561 3456 4601 vero

1888 4637 2183 4692 secundum
2210 4639 2395 4692 carnis
2419 4636 2894 4704 concupiscentiae
2918 4636 3087 4690 vitam
3119 4637 3452 4708 instituant),

1886 4731 1968 4784 sic
1999 4739 2053 4782 et
2082 4729 2201 4784 finis
2237 4742 2429 4784 eorum
2489 4727 2761 4783 diversus.
2809 4727 3088 4796 Siquidem
3155 4729 3329 4782 sancti
3382 4729 3451 4792 ad

1885 4838 2008 4892 spes
2039 4821 2249 4876 futuras
2294 4819 2653 4887 attendentes,
2687 4818 2755 4873 ad
2786 4819 2977 4874 mortis
3023 4821 3322 4873 terminum
3352 4833 3450 4873 ve-

1870 4914 2042 4976 _niunt
2076 4922 2331 4979 tanquam
2366 4908 2434 4962 ad
2457 4907 2622 4962 finem
2647 4909 3027 4973 certaminum,
3050 4908 3268 4961 virtutis
3292 4922 3452 4961 coro-

1884 5018 2009 5057 nam
2034 5000 2298 5071 recepturi
2330 4999 2385 5052 in
2443 4998 2592 5053 totali
2639 4998 3198 5075 supa'resurrectione,
3232 4997 3452 5053 scilicet

1883 5110 1986 5147 una
2030 5108 2154 5148 cum
2177 5103 2404 5159 corpore
2426 5111 2450 5170 _:
2483 5099 2684 5146 sancta:
2715 5090 2860 5144 enim
2915 5091 3112 5144 animae
3171 5106 3293 5145 cum
3355 5090 3450 5144 ltio

1880 5185 2112 5255 perverti
2156 5185 2380 5255 possint,
2413 5183 2466 5237 in
2496 5182 2892 5237 resurrectione
2943 5182 3441 5236 immutabilitatem

1879 5283 2321 5343 consequentur;
2355 5288 2581 5340 corpora
2630 5287 2781 5336 vero,
2842 5287 2960 5340 qua:
3012 5271 3101 5325 hic
3157 5270 3441 5326 animabus

1877 5354 2124 5437 copulata
2167 5381 2271 5421 una
2313 5382 2432 5422 cum
2480 5366 2545 5420 iis
2573 5364 2710 5419 mala
2744 5364 3103 5435 pertulerunt,
3149 5365 3426 5434 prepriam

1879 5476 2090 5531 quoque
2125 5459 2576 5515 resurrectionem
2609 5459 2907 5515 sortientur
2934 5476 2948 5525 ;
2980 5457 3266 5514 animabus
3288 5456 3430 5526 suis,

273 5684 386 5758 (-28)
440 5686 568 5742 Vide
597 5687 810 5743 Scholia
843 5687 900 5744 S.
947 5687 1184 5747 Maximi,
1223 5697 1352 5743 tom.
1396 5686 1460 5755 ll,
1506 5700 1626 5755 cap.
1689 5685 1716 5738 7
1751 5685 1950 5739 Eccles.
1983 5685 2110 5738 ltier.
