4162 6304
709 323 804 380 571

1853 325 1904 383 8.
1945 323 2243 382 DlONYSll
2278 322 2742 382 AREOPAGITAE.

3833 318 3961 376 57!

707 442 905 510 quibus
943 446 996 495 In
1027 442 1129 496 hac
1177 444 1288 496 vita
1340 443 1630 511 conjuncta
1682 440 1947 511 fuerant,
1998 442 2211 497 reunita
2255 458 2260 504 ς

2377 436 2640 491 ἐνωθέντα
2687 437 2809 499 ταῖς
2866 435 3086 505 ψυχαῖς,
3131 432 3216 499 αἷς
3262 434 3493 504 ἥνωνται
3520 431 3657 489 κατά
3682 432 3772 485 τὸν

708 544 1071 602 assequentur
1132 544 1311 590 autem
1361 535 1678 591 deiformem
1734 534 1963 605 gloriam
2020 545 2270 603 tanquam

701 624 946 677 membra
976 623 1095 679 Dei.

777 737 807 807 ᾖ
844 736 905 789 ll.
934 735 1290 794 Profanorum
1317 755 1446 794 vero
1485 738 1649 809 aliqui
1677 739 1892 808 quidem
1918 740 2036 794 sine
2063 738 2273 793 ratione

708 840 917 897 putant,
946 846 1049 883 non
1080 832 1253 885 solum
1298 848 1589 903 corporum
1639 847 1748 886 non
1800 830 2034 884 futuram
2094 842 2278 882 resur-

710 921 1029 988 rectionem,
1059 938 1243 977 verum
1282 926 1445 979 etiam
1488 926 1747 993 ipsasmet
1792 925 2003 977 animas
2052 922 2274 990 penitus

704 1012 932 1074 aboleri,
965 1028 1057 1067 seu
1094 1014 1145 1067 in
1175 1013 1403 1068 nihilum
1434 1017 1624 1081 abire;
1658 1014 1746 1068 alii
1772 1029 1923 1077 vero,
1957 1013 2041 1067 his
2082 1013 2272 1082 utique

703 1106 1107 1174 prudentiores,
1138 1118 1194 1161 ut
1223 1108 1397 1175 Plato,
1423 1108 1597 1173 aiunt,
1628 1122 1830 1176 corpus
1886 1106 2105 1175 quidem
2152 1113 2275 1175 post

704 1209 930 1250 mortem
963 1213 1303 1269 nequaquam
1326 1201 1709 1265 substiturum,
1738 1200 1833 1256 sed
1862 1215 1960 1253 nec
2014 1199 2065 1251 in
2115 1209 2273 1251 aeter-

703 1301 831 1339 nurn
859 1287 926 1341 ad
952 1288 1357 1342 subsistentiam
1387 1305 1539 1343 suam
1571 1304 1943 1345 reversurum.
1989 1289 2103 1343 Hoc
2125 1287 2271 1342 enim

697 1389 782 1433 est
812 1380 953 1447 quod
980 1381 1109 1433 dicit
1136 1380 1392 1444 εἰσάπαξ.
1418 1381 1696 1451 Indignum
1728 1382 1875 1435 enim
1917 1396 2058 1445 esse,
2089 1382 2264 1444 aiunt,

699 1481 757 1527 ut
788 1472 1068 1527 materiale
1090 1487 1285 1541 corpus
1309 1474 1505 1528 animae
1530 1474 1875 1529 immateriali
1906 1476 1978 1529 sit
2004 1488 2266 1542 coaevunr,

696 1566 932 1619 animam
962 1579 1089 1618 vero
1116 1564 1286 1619 solam
1312 1578 1433 1620 esse
1483 1564 1867 1620 immortalem.
1922 1564 2067 1619 idem
2098 1565 2264 1619 etiam

698 1656 938 1713 Simonis
993 1656 1242 1726 discipuli
1281 1657 1757 1718 asserebant,lnon
1783 1658 2111 1727 cogitantes.
2142 1671 2271 1711 nec-

694 1745 824 1798 dum
852 1744 1029 1799 edocti
1059 1759 1087 1797 a
1117 1759 1312 1813 magno
1342 1744 1587 1812 apostolo
1608 1742 1775 1796 Paulo
1810 1744 2045 1806 dicente,
2075 1744 2270 1812 pignus

2377 524 2487 595 βίον
2505 543 2519 556 ⁸
2549 524 2909 596 ἀπολήψονται
2930 523 2987 578 δὲ
3009 524 3101 577 καὶ
3135 525 3233 595 τὴν
3258 524 3462 593 θεοειδῆ
3509 522 3662 590 δόξαν
3684 522 3757 587 ὡς
3802 520 3957 591 μέλη

2376 618 2538 672 Θεοῦ.

2452 730 2480 801 ς
2504 730 2567 784 ll.
2595 731 2717 784 Τῶν
2756 730 2813 785 δὲ
2837 731 3065 801 ἀνιέρων
3097 729 3145 782 οι
3191 728 3290 799 μὲν
3313 726 3713 797 ἀλογιστότερον
3741 741 3813 797 μη
3841 726 3958 797 μό-

2374 838 2462 875 νον
2491 820 2758 891 σωμάτων
2803 820 2863 873 ού
2912 817 3222 885 δοξάζουσιν
3249 816 3623 883 ἐξανάστασιν,
3663 815 3793 869 ἀλλά
3842 817 3956 870 καὶ

2374 913 2473 978 τὰς
2516 913 2692 984 ψυχὰς
2752 912 2921 977 αύτάς
2958 915 3038 977 εἰς
3082 910 3293 965 τελείαν
3362 910 3694 981 ἀνυπαρξίαν
3741 912 3953 979 χωρεῖν

2373 1002 2592 1056 οῖονται.
2621 1004 2681 1056 Οἱ
2708 1002 2762 1054 δὲ
2782 1000 3128 1073 λογικώτεροι
3145 1000 3301 1069 δῆθεν
3324 999 3521 1064 αὐτῶν,
3546 1000 3620 1061 ὡς
3646 1000 3672 1050 ό
3694 998 3950 1062 Πλάτων,

2372 1096 2433 1148 τὸ
2456 1096 2551 1166 μὲν
2582 1094 2736 1165 σῶμα
2766 1093 2903 1167 μετά
2947 1094 3171 1148 θάνατον
3198 1092 3378 1167 οὐκετι
3406 1092 3538 1162 φασὶ
3564 1090 3948 1162 συστήσεσθαι,

2372 1162 2489 1240 ἀλλ’
2518 1189 2597 1250 εἰς
2622 1162 2821 1250 αίῶνας
2844 1186 2942 1257 οὐχ
2967 1162 3329 1258 ὑποστρέφεέν
3358 1184 3437 1239 ἐτι
3462 1184 3594 1254 πρὸς
3620 1185 3683 1255 ἢν
3706 1183 3810 1253 ἔχει
3838 1182 3949 1234 σύ-

2377 1295 2598 1332 στασινο
2631 1278 2787 1333 τοῦτο
2826 1280 2933 1351 γάρ
2979 1280 3127 1331 ἐστιν
3168 1279 3197 1332 ὃ
3245 1295 3407 1349 φησιν
3444 1274 3718 1340 εἰσάπαξ.
3778 1275 3949 1328 Ἀνά-

2373 1366 2483 1434 ξιον
2521 1369 2628 1440 γάρ
2674 1387 2835 1440 φασιν
2859 1365 2994 1423 εἶναι
3022 1370 3081 1423 τὸ
3108 1369 3291 1422 ὑλικὸν
3313 1365 3677 1430 συναιωνίζειν
3701 1369 3763 1438 τῇ
3792 1366 3949 1436 eam

2370 1459 2537 1530 ψυχῇ,
2564 1462 2664 1531 τὴν
2702 1460 2876 1532 ψυχὴν
2921 1461 3085 1533 μόνην
3115 1460 3394 1523 ἀθανάτως
3422 1458 3705 1531 ὑπάρχειν.
3755 1458 3947 1511 Ταῦτα

2372 1548 2466 1600 καὶ
2490 1549 2538 1600 οἱ
2585 1548 2704 1601 ἀπδ’
2743 1549 2980 1619 Σίμωνος
3014 1548 3222 1619 ἔλεγον,
3274 1549 3373 1603 οὑκ
3424 1551 3771 1619 ἐννοήσαντες
3816 1547 3946 1599 οὐδέ

2375 1638 2671 1709 μυηθέντες
2710 1640 2860 1711 παρά
2896 1640 2987 1694 τοῦ
3032 1640 3264 1712 μεγάλου
3294 1639 3586 1694 ἀποστόλου
3619 1638 3823 1691 Παύλου
3850 1638 3948 1692 λέ-

2372 1745 2578 1797 γοντος,
2630 1731 2920 1802 ἀρραϐῶνα
2964 1732 3055 1785 καὶ
3093 1731 3363 1799 ἀπόδειξιν
3384 1732 3482 1802 τῆς
3530 1731 3668 1802 μετὰ
3696 1729 3945 1800 σώματος

694 1846 748 1892 et
773 1834 1150 1904 probationem
1179 1834 1503 1888 universalis
1540 1834 1591 1888 in
1625 1834 1790 1907 274
1818 1849 2045 1904 corpore
2072 1836 2260 1889 futura!

2374 1819 2667 1892 καθολικῆς
2742 1823 3087 1886 ἀναστάσεως
3136 1823 3225 1875 τὸν
3275 1822 3475 1892 Κύριον
3525 1820 3679 1893 ήμῶν
3738 1819 3947 1891 Ἰησοῦν

697 1928 1113 1983 resurrectionis
1144 1929 1431 1982 Dominum
1458 1938 1705 1982 nostrum
1746 1926 1931 1982 Jesum
1988 1925 2267 1982 Christum

692 2020 1003 2085 exstitisse;
1033 2029 1090 2075 et
1120 2021 1263 2089 quod
1298 2020 1350 2074 in
1374 2020 1489 2088 ipso
1517 2021 1675 2075 modo
1702 2020 2019 2075 abscondita
2052 2018 2126 2073 sit
2158 2017 2267 2072 vita

695 2123 886 2165 nostra
934 2111 987 2164 iu
1040 2110 1152 2165 Deo
1217 2111 1508 2165 revelanda
1560 2110 1613 2163 in
1672 2111 2097 2180 regeneratione.
2161 2109 2267 2163 Alii

695 2218 823 2260 vero
855 2203 1107 2259 dicebant
1139 2219 1336 2271 corpus
1367 2214 1493 2258 tunc
1539 2218 1757 2259 aereum
1802 2203 1997 2257 animis
2023 2202 2264 2256 futurum

693 2296 763 2365 (si
795 2299 954 2351 modo
995 2300 1234 2352 futurum
1272 2297 1366 2367 sit)
1394 2308 1450 2353 et
1495 2315 1600 2353 non
1653 2309 2086 2353 resurrecturum
2134 2296 2266 2352 illud

694 2389 873 2458 ipsum
928 2390 1073 2459 quod
1122 2392 1281 2445 modo
1327 2392 1589 2463 gerimus,
1637 2392 1958 2459 corporibus
2010 2407 2130 2460 qua:
2162 2406 2267 2444 una

693 2482 1051 2536 decertarunt
1085 2482 1338 2550 iniuriam
1367 2484 1694 2551 irrogantes.
1725 2484 1829 2538 Alii
1861 2498 2047 2553 porro,
2079 2483 2265 2537 nescio

692 2588 800 2642 quo
823 2582 983 2642 pacto
1017 2573 1085 2627 ad
1118 2584 1363 2629 terrenas
1386 2561 1770 2643 cogitationes
1802 2575 2101 2644 provocati,
2127 2573 2265 2626 scri-

693 2672 921 2731 pserunt
956 2663 1030 2717 ibi
1069 2664 1222 2718 cibos
1254 2674 1520 2735 potusque
1568 2664 1797 2720 sensiles
1832 2665 2064 2720 futuros.
2130 2664 2265 2718 lnsi-

692 2755 852 2809 nuari
895 2756 1049 2809 aiunt
1073 2770 1168 2825 per
1198 2756 1299 2809 hoc
1332 2756 1612 2825 Pappiam,
1640 2755 1941 2826 Hierapolis
1978 2755 2121 2810 Asiae
2148 2756 2263 2823 epi-

698 2861 951 2917 scopum,
976 2849 1066 2916 qui
1093 2848 1201 2903 divi
1248 2847 1477 2903 Joannis
1529 2848 1874 2917 evangelista:
1928 2847 2264 2917 temporibus

692 2938 896 2997 ﬂoruit.
928 2939 1029 2993 Hic
1053 2940 1198 2994 enirn
1218 2940 1448 3009 Pappias
1472 2940 1607 2995 libro
1634 2950 1827 3009 quarto
1857 2939 2261 2993 Dominicarum

691 3046 912 3084 suarum
940 3032 1367 3099 explanationum
1397 3032 1636 3100 scripsit,
1666 3030 1784 3087 fore
1808 3032 1862 3085 in
1902 3032 2260 3087 resurrectio-

2373 1912 2610 1981 Χριστὸν
2642 1913 2990 1983 γεγενῆσθαι,
3020 1914 3113 1966 καὶ
3138 1914 3218 1967 ὅτι
3248 1915 3303 1968 ἐν
3330 1912 3478 1985 αύτῷ
3500 1913 3593 1966 νῦν
3639 1913 3947 1982 κέκρυπται

2372 2008 2404 2076 ή
2455 2003 2567 2076 ζωὴ
2616 2006 2768 2076 ήμῶν
2816 2008 2873 2061 ἐν
2919 2005 2997 2077 τῷ
3055 2004 3173 2079 Θεῷ
3223 2005 3712 2078 φανερωθησομένη
3769 2006 3824 2057 ἐν
3874 2008 3944 2076 τῇ

2371 2096 2778 2168 παλιγγενεσία.
2833 2096 3015 2151 Ἀλλοι
3061 2098 3117 2151 δέ
3144 2097 3385 2169 αἰθέριον
3432 2097 3669 2166 ἔφασκον
3726 2094 3945 2149 ἔσεσθαι

2371 2186 2531 2257 (εἴγε
2557 2189 2651 2241 καὶ
2673 2187 2910 2259 ἔσεσθαι)
2940 2188 3098 2260 σῶμα
3120 2191 3240 2252 ταῖς
3261 2188 3478 2259 ψυχαῖς,
3519 2188 3611 2241 καὶ
3668 2187 3767 2239 οὐκ
3811 2185 3947 2239 αὐτὸ

2368 2280 2523 2333 τοῦτο
2549 2280 3001 2353 ἐξαναστήσεσθαι
3028 2280 3056 2335 ὃ
3094 2280 3471 2352 περικείμεθα,
3520 2279 3824 2342 ἀδικοῦντες
3874 2277 3949 2332 τὰ

2371 2370 2775 2443 συναθλήσαντα
2824 2370 3069 2443 σώματα.
3103 2370 3285 2425 Ἀλλοι
3309 2370 3385 2434 δὲ,
3420 2372 3520 2424 οὐκ
3555 2366 3648 2423 οἶδ’
3674 2371 3817 2434 ὅπως
3863 2371 3947 2434 είς

2368 2461 2576 2527 ἐννοίας
2616 2461 2805 2525 ὑλικὰς
2851 2462 3239 2527 ἀποκλιθέντες
3261 2502 3275 2528 ,
3303 2463 3508 2533 τροφάς
3534 2463 3797 2533 αἰσθητὰς
3848 2463 3948 2515 καὶ

2368 2553 2555 2617 πόσεις
2600 2554 2778 2607 ἐκεῖσε
2818 2554 3187 2626 γενησομένας
3254 2553 3585 2626 ἀνέγραψαν.
3640 2555 3947 2607 Αίνίττεται

2366 2644 2444 2710 δὲ,
2474 2646 2656 2715 φασὶν,
2688 2649 2767 2711 είς
2829 2648 3087 2701 Παππὶαν
3112 2648 3203 2701 τὸν
3240 2646 3591 2717 Ἱεραπόλεως
3616 2647 3713 2719 τῆς
3757 2648 3948 2710 Ἀσίας

2365 2738 2683 2804 ἐπίσκοπον,
2734 2740 2824 2793 τὸν
2871 2738 2949 2811 τῷ
2999 2740 3126 2812 θείῳ
3176 2741 3270 2793 καὶ
3319 2741 3675 2813 εὐαγγελιστῇ
3717 2738 3944 2813 Ἰωάννῃ

2366 2832 2809 2902 συνακμάσαντα.
2838 2827 3005 2896 Οὗτος
3031 2832 3139 2905 γάρ
3177 2836 3204 2889 ό
3229 2834 3491 2898 Παππίας
3516 2835 3573 2885 ἐν
3594 2832 3671 2903 τῷ
3696 2833 3940 2904 τετάρτῳ

2367 2933 2554 3004 βιϐλίῳ
2577 2934 2684 2986 τῶν
2709 2933 3001 3005 Κυριακῶν
3029 2934 3195 2987 αὐτοῦ
3226 2932 3533 3006 ἐξηγήσεων
3561 2934 3659 2998 τὰς
3690 2932 3777 2986 διά
3804 2934 3942 3004 βρω-

2367 3026 2552 3096 μάτων
2588 3020 2739 3079 εἷπεν
2767 3027 2822 3079 ἐν
2854 3028 2919 3097 τῇ
2970 3026 3263 3080 ἀναστάσει
3308 3025 3633 3088 ἀπολαύσεις
3658 3042 3671 3054 ⁶
3702 3026 3783 3088 είς
3806 3026 3939 3096 ὅπερ

690 3137 762 3176 ne
802 3123 1105 3193 voluptates
1134 3139 1252 3192 qua:
1299 3124 1673 3193 percipiuntur
1714 3142 1780 3180 ex
1829 3126 2001 3192 cibis;
2029 3126 2084 3180 in
2117 3126 2259 3196 quod

2364 3114 2538 3186 δόγμα
2564 3117 2656 3168 καὶ
2708 3117 2736 3168 ό
2780 3115 3180 3187 Ἀπολλινάριος
3236 3116 3374 3187 μετά
3421 3116 3595 3170 ταῦτα
3619 3115 3926 3169 ἐπίστευσε.

691 3214 909 3280 quidem
950 3215 1143 3284 dogma
1189 3217 1529 3283 postmodum
1577 3217 1945 3284 Apollinarius
2001 3218 2253 3272 credidit.

690 3305 971 3370 Quomodo
1031 3306 1197 3377 igitur
1235 3308 1564 3378 Apollinarii
1615 3320 1779 3365 erunt
1829 3310 2034 3379 scripta
2086 3310 2262 3365 sancti

691 3396 962 3466 Dionysii,
995 3398 1293 3453 secundum
1328 3415 1496 3470 nugas
1548 3400 1883 3471 aliquorum,
1913 3416 2033 3472 quae
2059 3400 2264 3469 Apolli-

694 3490 908 3543 narium
946 3490 1235 3545 refutant?
1273 3492 1378 3547 Sed
1408 3508 1567 3549 nemo
1606 3494 1843 3548 virorum
1871 3495 2163 3562 proborum
2194 3495 2261 3551 ad

691 3582 997 3636 istiusmodi
1052 3584 1421 3640 absurditates
1463 3586 1787 3650 abducetur,
1824 3600 2010 3639 verum
2027 3584 2262 3639 «creden-

692 3682 772 3727 tes
796 3688 855 3728 se
884 3674 1315 3729 Christiformern
1348 3687 1548 3731 sortem
1572 3678 1881 3747 adepturos,
1908 3679 2259 3735 mutationem

690 3762 883 3815 tnortis
910 3763 1130 3818 minime
1158 3764 1545 3830 formidabant,
1584 3768 1751 3838 probe
1778 3768 2010 3821 scientes
2029 3782 2087 3821 se
2118 3770 2259 3823 bona

688 3865 843 3922 parta
875 3855 1147 3909 stabiliter
1181 3873 1545 3926 possessums.
1588 3857 1908 3914 Peccatores
1929 3874 2058 3915 vero
2087 3860 2259 3930 siqui-

688 3946 811 3998 dem
844 3962 1056 4001 sacram
1109 3948 1391 4003 hauserint
1432 3950 1851 4015 institutionem,
1878 3965 2048 4020 eaque
2078 3956 2258 4021 negle-

688 4047 801 4099 cta,
828 4037 893 4091 ad
951 4042 1417 4108 concupiscentias
1472 4060 1567 4098 sua
1620 4054 1812 4113 sponte
1861 4043 2093 4098 devoluti
2128 4046 2255 4107 sint,

688 4143 811 4181 cum
849 4131 915 4181 ad
960 4132 1080 4184 vita:
1140 4135 1300 4186 linem
1338 4135 1711 4203 pervenerint,
1761 4151 1868 4189 non
1924 4138 2033 4205 jam
2086 4136 2256 4205 legem

686 4217 924 4271 divinam
978 4235 1130 4289 aeque
1181 4232 1237 4276 ut
1286 4224 1436 4292 prius
1469 4226 1854 4293 despicabilem
1901 4226 2252 4291 existimant;

684 4312 782 4366 sed
813 4313 935 4367 aliis
968 4312 1124 4384 longe
1147 4316 1339 4380 oculis,
1362 4320 1697 4393 spiritalibus
1725 4323 1939 4374 demum
1972 4329 2025 4375 et
2051 4335 2113 4374 ea
2138 4337 2256 4391 quae

686 4404 802 4457 illic
851 4416 977 4459 sunt
1017 4407 1375 4474 intuentibus,
1446 4424 1511 4465 ea
1559 4426 1679 4480 qua:
1727 4413 1798 4465 ibi
1837 4422 1963 4466 sunt
1998 4415 2253 4467 conside-

2366 3206 2491 3271 Πῶς
2535 3205 2628 3260 οὖν
2669 3206 3073 3281 Ἀπολλιναρίου
3105 3207 3277 3262 ταῦτα
3314 3207 3387 3283 τὰ
3430 3209 3523 3262 τοῦ
3548 3210 3704 3277 ἁγίου
3754 3210 3935 3262 Διονυ-

2366 3297 2481 3349 σίου
2540 3298 2948 3368 συγγράμματα
3002 3298 3143 3351 κατά
3206 3297 3328 3362 τούς
3375 3314 3535 3351 τινων
3582 3298 3814 3369 λήρους,
3872 3297 3938 3353 τά

2363 3386 2689 3459 ἀναιροῦντα
2724 3388 3122 3459 Ἀπολλινάριον
3145 3405 3159 3454 ;
3187 3388 3323 3441 Ἀλλ’
3349 3388 3450 3441 οὐκ
3471 3388 3535 3441 ἀν
3552 3405 3634 3451 τις
3648 3388 3755 3441 τῶν
3780 3387 3937 3459 ιερῶν

2359 3477 2571 3550 ἀνδρῶν
2621 3480 2700 3542 είς
2742 3477 2992 3542 τοιαύτας
3033 3477 3261 3541 ἀτοπίας
3301 3477 3747 3548 ἀπενεχθήσεται·
3802 3475 3939 3531 ἀλλὰ

2363 3569 2726 3636 πιστεύοντες,
2753 3571 2833 3623 ὅτι
2864 3568 3120 3640 λήψονται
3147 3569 3246 3639 τὴν
3293 3568 3613 3639 Χριστοειδῆ
3646 3568 3838 3639 λλῆξιν,
3873 3569 3936 3622 οὑ

2359 3662 2457 3732 τὴν
2486 3662 2577 3715 ἐπὶ
2628 3661 2855 3715 θάνατον
2882 3661 3178 3725 δεδοικότες
3204 3661 3431 3733 τροπὴν,
3477 3660 3588 3714 ἀλλ’
3626 3654 3685 3713 εὖ
3739 3659 3937 3725 εἰδότες

2360 3754 2440 3807 ὅτι
2473 3752 2540 3806 τά
2589 3752 2853 3824 κτηθέντα
2874 3753 3014 3806 καλά
3046 3752 3275 3823 βεϐαίως
3303 3752 3535 3818 ἕξουσιν.
3571 3753 3632 3806 0i
3669 3751 3724 3804 δὲ
3756 3753 3937 3823 ἀμαρ-

2358 3844 2537 3909 τωλοὶ,
2588 3844 2746 3915 εἴπερ
2782 3846 2887 3899 εἰσὶ
2916 3846 3010 3897 καὶ
3037 3845 3399 3917 μεμυημένοι,
3448 3844 3572 3897 ἐπεὶ
3633 3846 3768 3916 πρὸς
3817 3846 3937 3899 ἐπι-

2360 3938 2557 4008 θυμίας
2600 3937 3073 4009 ἀπηυτομόλησαν,
3103 3938 3230 3990 ὅταν
3293 3937 3428 4008 πρὸς
3478 3938 3539 3990 τὸ
3564 3937 3713 4000 τέλος
3738 3936 3935 4007 ἕρχων-

2358 4048 2472 4093 ται,
2502 4030 2686 4082 οὐκέτι
2731 4028 2852 4089 τότε
2908 4028 3380 4100 εὐκαταφρόνητον
3440 4028 3529 4081 τὸν
3581 4028 3719 4081 θεῖον
3770 4029 3933 4099 νόμον

2358 4120 2656 4189 λογίζονται
2686 4121 2760 4184 ὡς
2798 4121 2894 4174 καὶ
2924 4122 3207 4192 πρότερον,
3236 4119 3350 4172 ἀλλ’
3376 4120 3585 4191 ἑτέροις
3635 4119 3932 4190 ὀφθαλμοῖς

2358 4216 2562 4284 νοεροῖς
2611 4214 2793 4267 λοιπὸν
2857 4215 2949 4267 καὶ¹
2970 4213 3038 4266 τὰ
3081 4214 3258 4266 ἐκεῖσε
3314 4213 3637 4278 σκοποῦσιν,
3694 4214 3930 4266 ἀποσκο-

2356 4304 2584 4368 ποῦντες
2650 4306 2719 4358 τὰ
2774 4306 2975 4370 ἐκεῖσε,
3024 4305 3117 4357 καὶ
3187 4298 3262 4357 ὧν
3299 4305 3707 4366 ἐκπεπτώκασι,
3757 4322 3932 4376 μακα-

2361 4396 2567 4467 ρίζουσι
2628 4397 2725 4467 μὲν
2792 4399 2917 4461 τοὺς
2977 4399 3199 4452 ἐκείνων
3266 4398 3608 4469 ἁψαμένους,
3684 4398 3930 4462 ἐλεεινῶς

680 4512 903 4565 rantes,
932 4511 985 4554 et
1032 4501 1225 4570 quibus
1279 4503 1435 4556 bonis
1490 4503 1796 4557 exciderint
1842 4507 2249 4573 expendentes,

2364 4491 2409 4542 δὲ
2464 4489 2561 4559 τῆς
2620 4490 2899 4561 παρούσης
2972 4490 3118 4560 ζωῆς
3164 4490 3582 4559 ἀποσχίζονται,
3628 4493 3727 4544 οὐκ
3774 4491 3924 4561 ἔχον-

683 4591 876 4645 bcatos
903 4593 1119 4660 quidem
1158 4595 1457 4662 praedicant
1482 4609 1576 4649 eos
1601 4596 1691 4664 qui
1744 4595 1835 4649 illa
1877 4597 2055 4663 adepti
2097 4607 2249 4661 sunt,

680 4682 865 4739 miseri
906 4696 1085 4739 autem
1127 4696 1180 4740 et
1226 4688 1377 4741 inviti
1414 4702 1480 4741 ex
1519 4689 1620 4743 hac
1650 4690 1755 4742 vita
1787 4689 2087 4757 decedunt,
2128 4706 2253 4760 pro—

677 4784 800 4843 pter
851 4777 1013 4829 vitam
1046 4794 1196 4831 suam
1226 4779 1538 4849 pessimam,
1584 4780 1730 4833 nulla
1764 4782 1955 4836 salutis
1985 4796 2080 4852 spe
2102 4782 2248 4836 fulti.

751 4867 780 4938 ᾗ
826 4869 908 4923 Ill.
949 4870 1080 4924 Cum
1115 4873 1165 4925 in
1197 4882 1507 4926 sanctorum
1559 4873 2057 4929 obdormitionibus
2117 4875 2253 4928 nihil

678 4965 872 5018 horum
926 4966 1155 5029 accidat,
1188 4964 1235 5019 is
1264 4964 1480 5034 quidem
1515 4966 1604 5035 qui
1652 4967 1719 5020 ad
1775 4968 1899 5021 vita:
1928 4968 2088 5021 linem
2129 4982 2252 5036 pro—

678 5066 857 5127 perat,
890 5059 1085 5127 gaudet
1151 5073 1209 5111 se
1235 5060 1301 5112 ad
1357 5069 1600 5112 sanctam
1629 5060 2095 5127 regenerationem
2126 5074 2251 5128 per-

676 5152 899 5213 venire,
957 5152 1198 5207 defuncti
1242 5162 1423 5205 autem
1473 5150 1787 5218 familiares,
1822 5153 2095 5222 spiritales
2151 5166 2249 5221 po-

679 5248 786 5301 tius
819 5262 982 5315 quam
1028 5248 1277 5302 carnales
1324 5249 1451 5319 (hoc
1473 5250 1617 5301 enim
1672 5257 1756 5302 est
1787 5263 1882 5318 pro
1903 5247 2023 5316 jure
2052 5246 2249 5299 divina:

677 5339 1117 5409 propinquitatis)
1151 5340 1367 5393 beatum
1397 5341 1567 5409 ipsum
1594 5340 1916 5408 praedicant,
1942 5348 1995 5393 et
2013 5338 2246 5393 similem

676 5434 839 5489 ﬁnem
888 5432 1260 5491 beatissimum
1304 5436 1403 5505 ipsi
1434 5450 1648 5505 quoque
1682 5436 1940 5504 consequi
1968 5440 2244 5501 exoptant.

676 5532 906 5589 Portant
936 5548 1114 5593 antem
1156 5538 1329 5607 ipsum
1389 5538 1455 5592 ad
1489 5539 1822 5607 episcopum,
1855 5536 2007 5605 quasi
2028 5535 2246 5590 coronis

678 5630 1071 5685 munerandum
1104 5647 1118 5697 ;
1154 5633 1409 5702 bic_vern
1440 5631 1617 5702 ipsum
1668 5632 1948 5701 excipiens
2001 5629 2048 5686 ei
2098 5628 2245 5699 jusla

677 5720 955 5777 uersoltrit.

2352 4599 2448 4661 τες
2518 4582 2709 4635 ἐλπίδα
2770 4583 3042 4653 σωτηρίας
3100 4582 3189 4637 διά
3233 4584 3332 4653 τὴν
3388 4581 3667 4653 χειρίστην
3730 4584 3928 4653 διαγω-

2350 4687 2477 4753 γήν-

2432 4876 2569 4946 §lll.
2602 4876 2819 4930 Τούτων
2868 4877 3077 4939 οὐδενὸς
3115 4876 3411 4947 γινομένων
3471 4874 3611 4928 κατά
3667 4873 3766 4938 τάς
3816 4874 3924 4928 τῶν

2353 4966 2523 5033 ἁγίων
2552 4966 2758 5035 ἀνδρῶν
2799 4968 3105 5037 κοιμήσεις,
3144 4966 3303 5029 αὐτὸς
3335 4966 3432 5035 μὲν
3471 4965 3499 5015 ό
3543 4964 3678 5035 πρὸς
3724 4966 3785 5016 τὸ
3831 4964 3924 5016 πέ-

2356 5074 2453 5127 ρας
2496 5057 2804 5127 ἐρχόμενος,
2858 5056 3032 5127 χαίρει
3074 5056 3364 5109 ἐπιϐαίνων
3411 5056 3509 5124 τῆς
3548 5057 3695 5123 ἱερᾶς
3734 5055 3923 5121 παλιγ-

2352 5148 2621 5214 γενεσίας,
2677 5149 2724 5200 οἱ
2762 5148 2818 5199 δέ
2874 5146 2968 5198 τοῦ
2999 5146 3351 5216 κοιμηθέντος
3398 5147 3607 5209 οἰκεῖοι,
3645 5148 3692 5197 oi
3756 5161 3919 5197 πνευ-

2354 5241 2571 5309 ματικοὶ
2602 5240 2799 5309 μᾶλλον
2826 5242 2968 5310 ἥπερ
2997 5241 3045 5291 οἱ
3074 5239 3215 5291 κατὰ
3245 5240 3421 5308 σάρκα
3445 5238 3619 5307 (τοῦτο
3672 5238 3779 5308 γάρ
3806 5240 3917 5289 ἐστι

2349 5334 2411 5385 τὸ
2458 5333 2597 5386 κατά
2645 5333 2741 5404 τὴν
2782 5332 2930 5385 Θείαν
2976 5330 3317 5402 οἰκειότητα)
3368 5329 3528 5388 αὐτόν
3578 5346 3637 5381 τε
3684 5326 3917 5399 μακαρίη

2351 5426 2498 5491 ζουσι
2526 5428 2617 5479 καὶ
2661 5425 2900 5479 τοιοῦτον
2944 5426 3273 5496 μακαριστὸν
3322 5423 3473 5487 τέλος
3540 5422 3784 5493 εὔχονται
3826 5420 3915 5473 καὶ

2349 5519 2503 5573 αὐτοὶ
2526 5518 2809 5587 λήψεσθαι.
2838 5518 3063 5585 Ἀγουσι
3090 5517 3145 5570 δὲ
3175 5516 3361 5571 τοῦτον
3387 5518 3478 5569 ἐπὶ
3517 5515 3607 5566 τὸν
3635 5514 3909 5585 ίεράρχην,

2346 5615 2420 5676 ὠς
2448 5616 2539 5667 ἐπὶ
2589 5614 2735 5665 δόσιν
2764 5611 3069 5681 στεφάνων·
3099 5614 3127 5664 ὁ
3147 5610 3221 5675 δέ,
3250 5609 3555 5681 δεχόμενος,
3582 5607 3791 5661 ἐκτελεῖ
3818 5604 3910 5661 ἐπὶ

2348 5706 2519 5777 τούτῳ
2552 5704 2619 5758 τά
2646 5706 2783 5758 ὅσια.
