4178 6312
282 348 389 406 δη

826 463 892 515 ll.
931 465 1298 533 Μυστήριον.

354 557 678 628 Συναγαγὼν
697 558 786 611 τὸν
810 559 1007 631 κλῆρον
1027 563 1055 613 6
1081 565 1357 632 ίεράρχης,
1380 562 1426 614 εί
1450 561 1546 632 μὲν
1568 559 1674 614 τῶν
1697 561 1847 630 ίερω-

281 645 463 717 μένων
486 649 631 700 ἐστὶν
666 649 694 698 6
736 647 1131 718 κεκοιμημένος
1153 689 1166 714 ,
1207 649 1535 721 ἐπίπροσθεν
1567 649 1660 701 τοῦ
1700 649 1844 701 θείου

279 737 661 809 θυσιαστηρίου
687 738 1034 804 κατακλίνας,
1060 738 1166 792 τῶν
1191 740 1362 810 εὐχῶν
1389 742 1481 794 καὶ
1502 740 1601 810 τῆς
1624 740 1843 810 εὐχαρι-

279 830 437 892 στίας
479 829 812 900 ἀπάρχεται·
843 830 1016 900 εὐχῶν
1047 830 1162 900 μὲν,
1185 831 1328 900 ὑπὲρ
1354 831 1462 882 τῶν
1485 832 1844 901 ἀγνοημάτων

273 920 378 972 τοῦ
404 920 798 990 κεκοιμημένον
815 937 830 951 ο
865 922 1210 992 εὐχαριστίας
1236 921 1291 974 δὲ
1310 963 1324 986 ,
1351 922 1490 992 ὑπὲρ
1511 913 1583 974 ὧν
1606 922 1842 992 ἠμϐλυνε

274 1010 344 1063 τὸ
367 1011 459 1063 τοῦ
485 1010 708 1063 θανάτου
735 1010 977 1082 κέντρον,
1009 1011 1101 1064 καὶ
1139 1010 1310 1074 οὕτως
1333 1010 1568 1082 ἠδυνήθη
1597 1011 1736 1080 παρ’·
1750 1011 1845 1062 αὐ-

272 1099 376 1153 τοῦ
395 1099 584 1170 βοηθού
593 1117 749 1171 μενος
776 1101 1113 1172 κατορθῶσαί
1134 1118 1272 1154 τινα.
1293 1102 1353 1154 Ei
1375 1101 1430 1154 δὲ
1455 1101 1680 1170 μοναχός
1700 1102 1844 1153 ἐστιν

273 1191 311 1262 ἢ
343 1191 528 1253 πιστὸς
550 1193 613 1243 ὲκ
637 1191 728 1244 τοῦ
758 1191 903 1262 ίεροῦ
925 1191 1054 1245 λαοῦ
1074 1231 1088 1255 ,
1106 1191 1266 1263 «παρά
1289 1191 1379 1250 τὸν
1404 1192 1647 1262 νάρθηκα
1673 1208 1842 1244 κατα-

274 1281 475 1334 κλίνει.
505 1283 579 1335 Τὸ
601 1282 658 1335 δὲ
683 1282 795 1350 πρὸ
822 1281 1252 1354 τῆςζὶερατικῆς
1268 1283 1657 1347 εὶσελεύσεως
1696 1279 1845 1351 δηλοῖ

271 1373 362 1428 ὁτι
400 1374 726 1446 ἐπίπροσθεν
747 1375 854 1428 τῶν
893 1374 1197 1444 ψαλλόντων
1222 1375 1420 1444 ὀφείλει
1452 1373 1682 1428 κεῖσθαι.
1711 1370 1844 1427 Εἶτα

267 1464 303 1516 ὁ
348 1464 444 1532 μὲν
485 1463 743 1534 ίεράρχης
767 1465 858 1516 τὸν
901 1463 1188 1533 εὐλογητὸν
1221 1464 1484 1532 ὲκφωνεῖ,
1533 1461 1658 1530 ἑξῆς
1699 1461 1754 1513 δὲ
1795 1464 1842 1514 οἱ

269 1550 510 1605 διάκονοι
533 1553 602 1606 τά
624 1553 908 1624 πρόσφορα
947 1552 1107 1622 ίερῶς
1146 1553 1356 1623 ᾅδουσιο
1383 1553 1554 1606 ταῦτα
1593 1553 1701 1624 γάρ
1739 1554 1842 1605 είσι

267 1641 346 1696 τὰ
383 1642 754 1712 ταύτοδύναμα
789 1643 883 1696 καὶ
918 1641 1150 1714 ὁμόλογα
1171 1684 1187 1710 ,
1211 1643 1448 1713 δηλονότι
1473 1643 1542 1697 τὰ
1576 1646 1688 1706 τοῖς
1713 1661 1841 1714 προ-

269 1734 547 1804 κειμένοις
573 1735 854 1805 σύμφωνα.
883 1734 1016 1790 Εἶτα
1039 1737 1067 1790 ὁ
1088 1736 1460 1808 ἀρχῶιάκονος
1488 1735 1712 1787 ἀπολύει
1742 1735 1840 1806 μὲν

267 1827 404 1888 τοὺς
427 1826 880 1898 κατηχουμένους,
908 1824 1030 1882 εἶτα
1048 1829 1218 1898 ἀνακη
1229 1827 1406 1898 ρύττει
1440 1826 1508 1882 τά
1542 1825 1652 1878 τῶν
1673 1827 1841 1894 ἁγίων

268 1915 484 1986 ἀνδρῶν
507 1919 601 1971 καὶ
625 1918 1035 1989 κεκοιμημένων
1059 1919 1315 1989 ὀνόματα,
1347 1916 1462 1987 μεθ’
1488 1910 1561 1970 ὦν
1587 1918 1728 1983 ἀξιοῖ
1751 1917 1843 1970 τὸν

269 2007 634 2078 προκείμενον
648 2009 745 2078 τῆς
760 2009 1111 2078 ἀναρρήσεως
1126 2008 1349 2079 ταύτης,
1367 2007 1462 2060 καὶ
1478 2008 1841 2080 προτρέπεται

268 2099 485 2162 πάντας
514 2099 653 2170 ὑπὲρ
671 2099 834 2152 αὐτοῦ
861 2101 1077 2171 αἰτῆσαι
1101 2103 1198 2172 τὴν
1220 2104 1278 2156 ὲν
1300 2101 1520 2173 Χριστῷ
1539 2098 1837 2153 τελείωσιν.

265 2188 410 2244 Εἶτα
436 2193 464 2244 6
491 2191 752 2262 ίεράρχης
789 2191 956 2262 εὐχὴν
983 2191 1125 2264 ὑπὲρ
1151 2193 1246 2246 τοῦ
1285 2210 1514 2263 κεκοιμη
1525 2191 1684 2262 μένου
1727 2209 1843 2243 ποι-

265 2285 435 2348 εῖται,
459 2283 553 2337 καὶ
582 2280 885 2347 ἀσπάζεται
903 2283 1108 2350 τοῦτον,
1141 2286 1234 2340 καὶ
1264 2286 1362 2339 σὺν
1388 2285 1537 2355 αὐτῷ
1564 2286 1613 2336 οἱ
1641 2284 1838 2353 ἕτεροι.

266 2372 432 2427 Πετά
453 2371 622 2426 ταῦτα
651 2373 862 2443 ὲπιχέει
889 2374 1063 2445 τούτῳ
1095 2375 1158 2427 τὸ
1186 2375 1338 2443 ἅγιον
1365 2373 1543 2427 ἔλαιον
1561 2413 1576 2437 ,
1626 2374 1720 2426 καὶ
1745 2371 1841 2442 τὴν

265 2463 534 2516 ἀπόλυσιν
554 2500 568 2525 ,
594 2462 722 2532 ἥτις.
744 2461 962 2530 λέγεται
989 2464 1128 2536 ὑπὲρ
1172 2465 1388 2519 πάντων
1418 2463 1570 2535 εὐχὴ,
1617 2462 1842 2533 ποιησά-

268 2569 460 2624 μενος,
484 2553 772 2624 ἀποτίθησι
798 2554 860 2606 τὸ
893 2555 1049 2625 σῶμα
1074 2557 1130 2609 ὲν
1153 2554 1286 2626 οἴκῳ
1307 2556 1471 2627 τιμίῳ
1495 2553 1612 2626 μεθ’
1640 2554 1840 2624 ἐτέρων

263 2645 558 2716 ὁμοταγῶν
587 2648 632 2699 ίε
637 2646 750 2717 ρῶν
779 2648 1064 2718 σωμάτων.

873 2827 965 2880 IlI.
1009 2827 1247 2895 Θεωρία.

354 2915 444 2988 δι.
469 2915 654 2970 Ταῦτα
686 2916 786 2988 μὲν
817 2915 978 2989 εἰπερ
1007 2917 1168 2972 ἴδοιεν
1195 2918 1228 2990 ἢ
1252 2919 1539 2973 ἀκούσαιεν
1563 2920 1612 2973 oi
1643 2919 1840 2990 Ἐλλη-

267 3026 365 3072 νες
392 3007 687 3078 τελούμενα
711 3008 842 3079 παρ’
863 3009 1021 3080 ἡμῶν
1037 3049 1052 3074 ,
1085 3010 1258 3064 πλατὺ
1292 3009 1609 3079 γελάσουσιν
1633 3027 1646 3040 ·
1679 3012 1839 3081 ἡμεῖς

263 3097 351 3161 δὲ,
380 3099 472 3150 τὸν
495 3098 827 3176 φωταγωγδν
865 3097 1068 3169 Ἰησοῦν
1098 3099 1547 3170 ἐπικαλεσάμενοι
1589 3099 1836 3170 λέγομεν,

265 3185 357 3239 ὅτι
385 3186 561 3250 καλῶς
590 3189 620 3240 6
642 3187 901 3258 ίεράρχης
938 3189 1030 3240 ἐπὶ
1058 3189 1149 3241 τὸν
1177 3188 1325 3254 ἀξιον
1352 3188 1516 3242 τόπον
1538 3188 1631 3242 τὸν
1653 3205 1837 3241 κεκοι-

271 3275 516 3347 μημένον
555 3276 828 3348 ἐπιτίθησι
851 3316 866 3341 ,
896 3277 1134 3348 δηλονότι
1167 3279 1259 3335 τὸν
1291 3279 1387 3350 μὲν
1426 3279 1716 3350 ἱερωμένον
1743 3281 1838 3336 τοῦ

269 3368 660 3439 θυσιαστηρίου
688 3367 1048 3439 ἐπίπροσθεν,
1079 3368 1170 3422 τὸν
1206 3369 1263 3424 δὲ
1296 3371 1521 3442 μοναχὸν
1547 3371 1580 3441 ἢ
1609 3372 1699 3426 τὸν
1725 3372 1840 3426 λα’ί-

269 3457 370 3511 κὸν
409 3457 466 3512 ὲν
490 3457 567 3528 τῷ
595 3459 865 3529 ἱερατείῳ.
909 3459 1192 3528 Ἑμ’φαίνει
1216 3460 1325 3530 γὰρ
1361 3461 1440 3513 ὅτι
1467 3461 1606 3513 κατά
1630 3461 1720 3513 τὸν
1749 3463 1838 3514 ὲν-

268 3547 446 3604 ταῦθα
486 3547 600 3618 βίον
640 3550 736 3602 καὶ
777 3549 846 3602 τά
892 3551 1139 3620 πρακτέα
1173 3553 1205 3620 ή
1239 3551 1417 3603 ἐκεῖσε
1461 3552 1670 3620 γίνεται
1705 3553 1829 3606 ἀπο-

269 3634 548 3710 κλήρωσις
569 3655 582 3669 ε
628 3641 677 3691 εί
709 3639 807 3708 μὲν
844 3639 1075 3692 ἐνταῦθα
1103 3639 1340 3711 θεοειδής
1377 3660 1459 3706 τις
1489 3644 1702 3712 ἐγένετο
1725 3686 1740 3710 ,
1779 3649 1836 3700 ὲν

270 3727 445 3791 θείαις
474 3731 567 3781 καὶ
605 3729 743 3781 κατά
779 3729 844 3781 τὸ
882 3731 1071 3800 μέλλον
1108 3730 1355 3802 λήξεσιν·
1385 3736 1432 3786 εί
1460 3735 1517 3787 δὲ
1555 3737 1837 3808 καθυφῆκε

267 3821 371 3892 τῆς
399 3821 684 3891 ἀκριϐείας
713 3821 945 3875 ἐνταῦθα
968 3862 983 3886 ,
1021 3825 1140 3876 κατ’
1171 3824 1322 3890 ἀξίαν
1362 3829 1582 3880 κάκεῖσε
1613 3830 1836 3900 λήψεται

267 3912 370 3976 τὰς
392 3913 816 3984 ἀποκληρώσεις.
852 3914 1176 3985 Εὐχαριστεῖ
1203 3917 1381 3970 τοίνυν
1410 3921 1437 3971 6
1466 3921 1721 3992 ίεράρχης
1745 3923 1838 3976 καὶ

276 4004 416 4076 ὕπερ
443 4005 540 4075 τῆς
568 4005 817 4074 τοιαύτης
840 4004 1180 4078 δικαιοσύνης
1202 4047 1216 4073 ,
1261 4007 1398 4063 ἀλλά
1433 4010 1524 4063 καὶ
1568 4012 1650 4065 ὅτι
1680 4030 1837 4067 κατε-

268 4095 407 4165 λύθη
429 4096 488 4146 τὸ
509 4094 601 4148 τοῦ
629 4095 889 4166 τυράννου
912 4097 1130 4168 κράτος,
1166 4100 1262 4151 καὶ
1289 4103 1316 4152 6
1344 4099 1568 4165 θάνατος
1597 4103 1696 4155 οὐκ
1720 4102 1834 4156 ἐστι

271 4185 500 4248 θάνατος
523 4226 537 4251 ,
575 4185 710 4239 ἀλλά
739 4184 872 4259 ζωή.

344 4273 467 4344 δη.
509 4275 574 4326 Δί
613 4273 671 4325 δὲ
713 4273 844 4344 ᾠδαὶ
891 4273 984 4327 καὶ
1025 4277 1081 4329 αί
1127 4276 1458 4346 ἀναγνώσεις
1513 4281 1834 4351 ὲκφαντικαί

269 4365 380 4417 εἱσι
404 4365 512 4418 τῶν
547 4367 724 4417 ἐκεῖσε
755 4366 984 4422 αἰωνίων
1009 4369 1202 4437 μονῶν,
1234 4371 1583 4427 ἀποδεκτικαὶ
1615 4376 1710 4445 μὲν
1738 4376 1832 4429 τοῦ

819 347 908 403 DE
941 346 1221 404 ECCLES.
1257 347 1653 416 HlERARCH.,
1689 350 1841 406 CAP.
1888 347 2001 404 Vll.
2034 378 2100 390 σ-
2124 344 2474 402 PARAPHR.
2507 343 2972 401 PACHYMERAS.

1870 475 1919 528 A

3400 343 3507 400 574

2403 463 2565 533 275
2612 462 2674 516 ll.
2718 461 3047 525 Hysterium.

2018 559 2312 628 Episcopus
2343 564 2550 612 clerum
2579 553 3226 625 congregans,siquidem
3253 552 3308 608 in
3333 557 3507 610 sacris

1945 646 2126 701 fuerat
2167 649 2260 714 qui
2303 647 2671 710 obdormivit,
2708 652 2832 700 ante
2855 644 3096 698 divinum
3128 643 3301 700 altare
3330 645 3507 714 ipsum

1945 740 2236 804 inclinans,
2273 741 2392 794 iniit
2418 740 2756 808 precationes
2783 747 2839 792 et
2865 738 3161 806 gratiarum
3194 737 3463 797 actionem
3487 756 3500 790 :

1942 845 2131 899 preces
2167 831 2418 900 quidem,
2458 843 2619 896 super
2666 825 3000 897 ignorantias
3048 824 3326 890 defuncti;
3382 839 3505 893 gra-

1945 921 2139 976 tiarum
2170 937 2299 976 vero
2325 922 2592 979 actionem
2615 961 2630 986 ,
2660 921 2788 988 quia
2838 917 3156 986 (Christus)
3186 919 3376 970 mortis
3403 915 3503 970 sti-

1944 1012 2147 1066 mulum
2181 1013 2478 1074 hebetavit,
2511 1021 2673 1080 atque
2707 1012 2782 1064 ita
2809 1012 2928 1080 ejus
2951 994 3156 1064 auxilio
3183 1009 3354 1062 fretus
3377 1007 3502 1062 boni

1942 1102 2216 1172 quidpiam
2258 1116 2417 1170 agere
2473 1100 2666 1170 potuit.
2715 1099 2808 1153 Sin
2869 1109 3047 1153 autem
3112 1098 3319 1153 sanctis
3384 1112 3500 1150 mo-

1944 1195 2137 1248 nachis
2166 1203 2427 1248 sanctove
2465 1192 2658 1263 populo
2689 1199 3012 1261 aggregatus
3041 1199 3160 1243 erat
3185 1233 3198 1255 ,
3222 1189 3375 1258 juxta
3414 1204 3502 1242 sa-

1942 1284 2182 1344 crarium
2231 1283 2481 1338 collocat.
2513 1283 2646 1337 Illud
2682 1290 2888 1344 autem,
2954 1279 3023 1332 ad
3049 1279 3377 1333 sacerdotum
3401 1281 3489 1334 in-

1947 1390 2201 1444 gressum,
2239 1371 2512 1444 significat
2539 1373 2686 1428 illum
2721 1386 2904 1428 coram
2931 1370 3288 1440 psallentibus
3319 1369 3502 1440 jacere

1942 1465 2161 1518 debere.
2196 1463 2396 1517 Prmsul
2441 1464 2640 1518 deinde
2691 1461 3116 1516 benedictionem
3163 1459 3500 1527 pronuntiat,

1942 1555 2194 1624 deinceps
2226 1570 2357 1608 vero
2391 1553 2605 1607 diaconi
2653 1567 2716 1606 ea
2769 1567 2889 1620 qua:
2933 1551 3264 1605 conveniunt
3312 1560 3501 1605 sancte

1941 1651 2266 1703 concinunt:
2291 1649 2380 1701 illa
2401 1647 2548 1704 enim
2570 1654 2698 1700 sunt
2717 1644 3093 1714 :equivalentia
3110 1627 3163 1698 et
3178 1658 3498 1714 synonyma,

1943 1757 2063 1811 qua:
2095 1741 2349 1795 nimirum
2381 1746 2690 1808 congruunt
2739 1735 3033 1790 defunctis.
3060 1735 3198 1788 Tum
3229 1733 3500 1787 archidia-

1941 1849 2112 1890 conus
2159 1832 2584 1888 catechumenos
2615 1827 2872 1891 dimittit,
2926 1835 3349 1895 sanctorumque
3390 1824 3499 1895 jam

1943 1926 2320 1980 defunctorum
2354 1921 2572 1977 nomina
2611 1927 2897 1983 recenset,
2942 1917 3138 1988 quibus
3177 1925 3500 1986 praesentem

1942 2016 2260 2072 defunctum
2304 2015 2492 2068 eadem
2540 2011 3065 2067 commemoratione
3095 2022 3391 2078 aggregare
3419 2007 3502 2061 di-

1943 2116 2158 2177 gnatur,
2217 2107 2574 2173 hortaturque
2621 2115 2844 2164 omnes,
2899 2099 3002 2170 ipsi
3056 2111 3117 2154 ut
3169 2100 3388 2154 beatum
3443 2097 3497 2153 in

1940 2197 2158 2252 Christo
2209 2197 2372 2251 linem
2419 2205 2628 2265 petant.
2699 2195 2838 2249 Tum
2909 2194 3176 2248 accedens
3228 2191 3495 2254 antistes,

1941 2301 2157 2354 precem
2207 2299 2418 2340 sacram
2466 2300 2630 2355 super
2672 2286 2929 2341 defuncto
2971 2283 3217 2356 peragit,
3266 2297 3500 2355 eumque

1941 2375 2176 2441 salutat,
2230 2383 2288 2428 et
2340 2390 2465 2429 cum
2500 2375 2615 2444 ipso
2658 2376 2860 2431 caeteri.
2893 2376 3090 2431 Postea
3141 2371 3366 2429 affundit
3404 2374 3508 2443 ipsi

1940 2479 2155 2544 sacrum
2189 2464 2364 2519 oleum
2388 2503 2403 2527 ,
2450 2478 2504 2520 et
2553 2466 2872 2533 impertiens
2911 2463 3337 2521 absolutionem.
3378 2471 3500 2528 qua:

1939 2556 2244 2610 communis
2285 2557 2458 2610 oratio
2506 2567 2772 2622 vocatur,
2822 2557 2944 2613 loco
2990 2557 3256 2612 honorato
3301 2562 3500 2620 corpus

1938 2643 2171 2698 collocat
2244 2659 2350 2698 una
2421 2659 2544 2700 cum
2629 2646 2928 2715 arqualibus
2990 2644 3113 2701 aliis
3184 2638 3500 2712 corporibus

1939 2735 2166 2790 sanctis.

2453 2830 2539 2886 lli.
2581 2829 2982 2899 Contemplatio.

2009 2920 2110 2994 §l.
2151 2921 2276 2976 Hazc
2323 2922 2538 2990 quidem
2580 2922 2624 2976 si
2677 2921 2987 2990 aspexerint
3033 2917 3292 2988 gentiles,
3341 2915 3425 2971 vel
3464 2932 3497 2972 ι

1939 3014 2094 3068 nobis
2123 3011 2240 3068 lieri
2273 3011 2665 3074 inaudiverint,
2692 3009 2911 3079 profuse
2950 3010 3245 3065 ridebunt:
3279 3022 3378 3062 nos
3402 3023 3499 3060 au-

1945 3115 2048 3158 tem
2087 3103 2221 3157 lucis
2249 3103 2492 3158 datorem
2533 3100 2714 3156 Jesum
2761 3101 3078 3156 invocantes
3119 3100 3351 3154 dicimus
3393 3097 3498 3152 rite

1942 3192 2223 3262 praesulem
2269 3206 2392 3246 eum
2423 3191 2514 3260 qui
2546 3190 2832 3246 defunctus
2860 3199 2943 3246 est
2974 3189 3096 3246 loco
3126 3189 3289 3258 digno
3317 3187 3488 3242 collo-

1940 3299 2097 3348 care;
2154 3297 2346 3351 nempe
2379 3281 2528 3336 illum
2579 3282 2669 3350 qui
2704 3282 2755 3334 in
2785 3281 2957 3336 sacris
2986 3289 3088 3344 est,
3138 3289 3263 3335 ante
3293 3278 3494 3344 altare;

1942 3375 2262 3428 monachum
2293 3388 2422 3426 vero
2469 3373 2550 3424 vel
2597 3371 2792 3425 laicum
2814 3411 2832 3436 ,
2863 3371 2915 3424 in
2947 3370 3211 3426 sacrario.
3245 3369 3501 3428 Declarat

1938 3469 2113 3532 enim,
2166 3466 2459 3521 secundum
2491 3466 2632 3519 hanc
2665 3464 2832 3518 vitam
2877 3473 2933 3519 et
2975 3481 3096 3534 quae
3145 3472 3292 3534 gesta
3338 3471 3496 3529 sunt,

1939 3545 2027 3614 ibi.
2057 3569 2259 3614 sortem
2293 3557 2523 3612 retribui
2551 3573 2566 3610 :
2594 3565 2654 3610 ut
2695 3556 2742 3609 si
2792 3555 2914 3624 quis
2964 3555 3052 3609 hic
3088 3554 3372 3609 deiformis
3402 3569 3499 3609 ex-

1937 3653 2157 3716 stiterit,
2188 3652 2240 3705 in
2269 3649 2449 3704 futuro
2475 3663 2690 3718 quoque
2719 3646 2917 3701 saeculo
2950 3646 3003 3700 in
3031 3645 3228 3699 divinis
3252 3645 3361 3699 erit
3406 3645 3499 3699 de-

1939 3741 2357 3805 lectationibus;
2415 3742 2498 3795 sin
2533 3740 2620 3793 hic
2652 3738 2895 3792 nonnihil
2933 3738 3166 3791 studium
3199 3735 3492 3801 remiserit,

1937 3853 2035 3907 pro
2084 3835 2290 3890 meritis
2337 3833 2410 3888 ibi
2467 3848 2680 3902 quoque
2735 3840 2910 3885 sortes
2963 3830 3211 3896 accipiet.
3259 3828 3499 3883 Antistes

1937 3933 2121 3998 itaque
2154 3942 2255 3998 pro
2281 3928 2464 3982 divina
2492 3926 2700 3995 justitia
2734 3928 2869 3990 hac,
2907 3937 3005 3978 nec
3049 3938 3155 3976 non
3187 3923 3255 3977 de
3283 3921 3494 3992 tyranni

1939 4021 2164 4090 imperio
2194 4017 2478 4088 proﬂigato
2517 4018 2719 4087 gratias
2755 4016 2900 4084 agit,
2937 4017 3185 4085 quodque
3216 4027 3362 4069 mors
3389 4028 3496 4070 non

1935 4113 2042 4182 iam
2071 4112 2301 4183 amplius
2332 4127 2475 4166 mors
2503 4111 2599 4175 sit,
2637 4109 2732 4164 sed
2762 4110 2896 4163 vita.

2007 4291 2170 4361 276
2204 4288 2233 4363 §
2266 4289 2327 4344 ll.
2365 4289 2536 4343 Porro
2566 4285 2779 4342 cantica
2833 4293 2888 4340 et
2933 4283 3191 4339 lectiones
3219 4295 3497 4347 exponunt

1937 4382 2055 4437 illas
2101 4394 2329 4436 aeternas
2382 4379 2725 4440 mansiones,
2776 4391 2895 4444 quae
2935 4374 3220 4430 defunctos
3272 4373 3493 4445 quidem

270 4459 625 4529 κοιμηθέντος
644 4500 659 4526 ,
688 4459 796 4512 τῶν
823 4459 878 4512 δὲ
901 4459 982 4512 ἔτι
1017 4458 1231 4523 ζώντων
1267 4469 1660 4536 προτρεπτικαὶ
1694 4470 1827 4540 πρὸς

1941 4474 2256 4542 excipiunt,
2285 4470 2533 4524 viventes
2563 4477 2747 4522 autem
2798 4466 2866 4521 ad
2907 4464 3133 4520 similem
3167 4465 3288 4520 vita:
3331 4464 3494 4517 linem

269 4549 372 4622 τὴν
397 4550 584 4620 ὁμοίαν
611 4550 902 4606 τελείωσιν.

348 4651 482 4721 §ill.
513 4652 710 4705 Σκόπει
737 4653 815 4717 δὲ,
844 4655 926 4707 ὅτι
953 4653 1046 4708 νῦν
1071 4655 1130 4707 οὐ
1161 4657 1331 4708 πᾶσαι
1363 4659 1418 4710 αἱ
1448 4658 1834 4730 καθαιρόμεναι

273 4745 457 4810 τάξεις
483 4743 834 4810 ἀπολύονται,
866 4747 1030 4817 ἤγουν
1071 4748 1163 4800 καὶ
1194 4749 1252 4801 αί
1281 4748 1387 4801 τῶν
1421 4749 1832 4821 ἐνοχλουμένων,

274 4839 372 4891 καὶ
416 4841 468 4891 αί
509 4839 616 4892 τῶν
644 4841 701 4891 ὲν
736 4842 1021 4913 μετανοίᾳ,
1051 4841 1186 4896 ἀλλά
1218 4843 1393 4912 μόνων
1436 4845 1545 4897 τῶν
1574 4863 1836 4916 κατηχού-

275 4930 453 5000 μένων
474 4945 488 4959 ⁸
517 4930 748 5000 ἀμύητοι
776 4931 884 5003 γὰρ
899 4928 1064 4999 οὗτοι,
1082 4935 1174 4986 καὶ
1191 4935 1371 5007 πάσης
1396 4937 1628 5006 ὲποψίας
1659 4939 1834 5009 ἀμέθ-

271 5037 450 5073 εκτοι.
485 5021 646 5074 Οὐδὲν
680 5021 735 5075 δὲ
761 5024 956 5095 μικρὸν
981 5026 1039 5078 ἐν
1059 5028 1171 5090 τοῖς
1197 5025 1319 5078 καθ’
1337 5029 1483 5098 ἡμᾶς
1515 5029 1833 5100 μυστηρίοις

271 5110 577 5181 λογίζεσθαι
605 5114 741 5186 χρὴ,
782 5115 917 5169 ἀλλά
961 5117 1136 5173 πάντα
1185 5119 1425 5189 μεγάλα*
1456 5120 1593 5174 αύτά
1626 5121 1832 5191 μέντοι,

271 5201 412 5272 πρὸς
433 5201 635 5272 ἀλληλα
659 5205 1070 5276 συγκρινόμενα,
1095 5207 1354 5279 διαφορὰν
1372 5208 1566 5273 ἕξουσι.
1589 5212 1836 5279 Μέγιστα

270 5294 384 5364 γάρ
424 5294 519 5347 καὶ⁵
557 5295 946 5370 ἀπαράσλητα,
997 5299 1066 5352 τά
1096 5299 1205 5354 τῶν
1246 5300 1422 5354 θείων.
1460 5303 1524 5353 Ai
1555 5301 1610 5355 δὲ
1651 5303 1835 5373 ἕτεραι

269 5384 474 5450 τάξεις,
500 5388 546 5438 oi
572 5387 946 5459 ὲνεργούμενοι
964 5430 991 5461 ,,
1023 5391 1072 5443 οἳ
1096 5393 1152 5444 ὲν
1182 5392 1434 5464 μετανοίᾳ
1469 5373 1832 5458 συνίστανται,

269 5474 348 5539 ὡς
375 5477 660 5548 μυηθεῑσαι
686 5478 804 5549 μὲν,
836 5481 1080 5551 ἀνοήτως
1116 5481 1171 5534 δὲ
1199 5481 1334 5552 πρὸς
1368 5483 1438 5535 τά
1462 5484 1629 5554 χείρω
1655 5484 1844 5538 παλιν-

271 5567 634 5639 δρομήσασαι,
668 5569 776 5623 τῶν
800 5569 930 5638 γοῦν
953 5571 1254 5643 θεαρχικῶν
1299 5574 1590 5638 ὲποπτιῶν,
1622 5575 1716 5626 καὶ
1738 5574 1835 5645 τῆς

273 5657 425 5722 θείας
471 5659 820 5732 μεταλήψεως
853 5662 1321 5736 ἀπειρχθήσονται.
1356 5666 1416 5717 '0
1440 5665 1547 5736 γὰρ
1577 5666 1834 5732 ἀναξίως

273 5749 491 5804 domum
517 5750 614 5804 καί
638 5752 846 5818 πίνων,
872 5755 959 5820 εἰς
992 5753 1165 5824 κρῖμα
1189 5753 1376 5821 ἐαυτῷ
1402 5755 1588 5810 ἐσθίει
1619 5753 1713 5807 καὶ
1740 5757 1832 5810 πί-

1935 4567 2312 4621 adhortantur.

2009 4654 2037 4726 §
2079 4654 2160 4708 Ill.
2204 4653 2466 4707 Cancrum
2510 4649 2781 4712 observa,
2830 4647 3097 4716 quomodo
3144 4661 3251 4702 non
3305 4660 3495 4702 omnes

1933 4751 2024 4818 qui
2058 4748 2353 4816 expiationi
2401 4755 2600 4800 vacant
2636 4746 2856 4801 ordines
2892 4743 3004 4813 jam
3032 4742 3396 4803 dimittantur,
3438 4748 3496 4794 ut

1935 4852 2059 4896 sunt
2088 4839 2431 4896 daamonibus
2463 4838 2822 4894 obnoxiorum
2857 4847 2912 4890 et
2956 4833 3358 4906 poenitentium,
3394 4832 3491 4886 sed

1939 4932 2038 4986 soli
2083 4933 2491 4996 catecltumeui;
2539 4931 2793 5000 quoniam
2846 4928 2900 4984 hi
2954 4926 3102 4981 nullo
3147 4935 3494 4982 sacramento

1935 5032 2063 5076 sunt
2108 5009 2346 5087 initiati,
2414 5031 2468 5076 et
2513 5022 2690 5075 omnis
2729 5029 2978 5090 aspectus
3029 5015 3169 5073 sacri
3214 5027 3489 5084 expertes.

1935 5115 2148 5169 Nullum
2192 5115 2369 5169 autem
2403 5129 2434 5169 e
2462 5114 2737 5184 mysteriis
2770 5112 2970 5168 nostris
2992 5111 3150 5182 parvi
3180 5108 3487 5164 faciendum

1939 5219 2038 5271 est,
2070 5210 2324 5278 quoniam
2359 5223 2548 5276 magna
2590 5215 2716 5261 sunt
2760 5204 2972 5269 omnia,
3007 5203 3134 5257 licet
3162 5200 3226 5256 ad
3259 5201 3488 5264 invicem

1934 5299 2129 5353 collata
2158 5299 2372 5352 diversa
2404 5297 2534 5352 sint.
2561 5295 2790 5350 Maxima
2819 5295 2964 5349 enim
3000 5303 3057 5348 et
3083 5291 3490 5361 incomparabi-

1933 5389 2002 5443 lia
2052 5401 2216 5455 sunt,
2265 5403 2600 5458 qumounqne
2643 5389 2822 5442 divina
2870 5396 3015 5442 sunt.
3065 5382 3256 5442 Caneri
3305 5391 3486 5437 autem

1934 5480 2150 5535 ordines
2172 5521 2187 5545 ,
2215 5491 2271 5534 ut
2301 5477 2648 5547 energnmeni
2683 5487 2738 5532 et
2770 5478 3127 5548 pmnitentes,
3153 5483 3332 5529 astant
3366 5472 3490 5543 qui-

1935 5572 2054 5625 dem
2108 5579 2362 5639 tanquam
2409 5563 2765 5625 sacramento'
2815 5568 3047 5631 initiati,
3092 5574 3484 5628 verumtamen,

1934 5677 2054 5715 cum
2081 5663 2448 5729 imprudenter
2491 5663 2542 5715 in
2585 5661 2781 5716 malum
2814 5660 3006 5727 relapsi
3037 5656 3176 5723 sint,
3207 5672 3236 5711 a
3267 5655 3484 5710 divino-

1939 5767 2052 5807 rum
2111 5754 2484 5822 mysteriorum
2536 5753 2841 5822 aspectibus
2898 5752 3188 5821 divinaque
3241 5762 3480 5804 commu-
