  <div class='ocr_page' id='page_1' title='image "/cluster/home/n/w/nwhite01/storage/ocr_20150623/3/pst.000003853313/297.png"; bbox 0 0 4162 6304; ppageno 0'>
   <div class='ocr_carea' id='block_1_1' title="bbox 666 315 770 374">
    <p class='ocr_par' dir='ltr' id='par_1_1' title="bbox 666 315 770 374">
     <span class='ocr_line' id='line_1_1' title="bbox 666 315 770 374; baseline -0.01 0"><span class='ocrx_word' id='word_1_1' title='bbox 666 315 770 374; x_wconf 72' lang='lat' dir='ltr'><strong>F75</strong></span> 
     </span>
    </p>
   </div>
   <div class='ocr_carea' id='block_1_2' title="bbox 1829 264 2721 372">
    <p class='ocr_par' dir='ltr' id='par_1_2' title="bbox 1829 264 2721 372">
     <span class='ocr_line' id='line_1_2' title="bbox 1829 264 2721 372; baseline -0.008 0"><span class='ocrx_word' id='word_1_2' title='bbox 1829 313 1886 372; x_wconf 89' lang='lat' dir='ltr'><strong>s.</strong></span> <span class='ocrx_word' id='word_1_3' title='bbox 1926 310 2225 371; x_wconf 81' lang='lat' dir='ltr'><strong>DlONYSll</strong></span> <span class='ocrx_word' id='word_1_4' title='bbox 2257 264 2721 367; x_wconf 66' lang='lat' dir='ltr'><strong>summatm</strong></span> 
     </span>
    </p>
   </div>
   <div class='ocr_carea' id='block_1_3' title="bbox 3784 307 3901 365">
    <p class='ocr_par' dir='ltr' id='par_1_3' title="bbox 3784 307 3901 365">
     <span class='ocr_line' id='line_1_3' title="bbox 3784 307 3901 365; baseline 0 -1"><span class='ocrx_word' id='word_1_5' title='bbox 3784 307 3901 365; x_wconf 79' lang='lat'><strong>5&#39;76</strong></span> 
     </span>
    </p>
   </div>
   <div class='ocr_carea' id='block_1_4' title="bbox 666 420 2216 497">
    <p class='ocr_par' dir='ltr' id='par_1_4' title="bbox 666 430 2216 497">
     <span class='ocr_line' id='line_1_4' title="bbox 666 430 2216 497; baseline -0.003 -12"><span class='ocrx_word' id='word_1_6' title='bbox 666 433 829 487; x_wconf 88' lang='lat' dir='ltr'><strong>nione</strong></span> <span class='ocrx_word' id='word_1_7' title='bbox 876 430 1228 487; x_wconf 90' lang='lat' dir='ltr'><strong>arcebnntur.</strong></span> <span class='ocrx_word' id='word_1_8' title='bbox 1264 430 1371 497; x_wconf 75' lang='lat' dir='ltr'><strong>Qui</strong></span> <span class='ocrx_word' id='word_1_9' title='bbox 1400 430 1544 486; x_wconf 87' lang='lat' dir='ltr'><strong>enim</strong></span> <span class='ocrx_word' id='word_1_10' title='bbox 1592 430 1804 497; x_wconf 77' lang='lat' dir='ltr'><strong>indigne</strong></span> <span class='ocrx_word' id='word_1_11' title='bbox 1836 430 2119 483; x_wconf 76' lang='lat' dir='ltr'><strong>manducet</strong></span> <span class='ocrx_word' id='word_1_12' title='bbox 2173 437 2216 482; x_wconf 85' lang='lat' dir='ltr'><strong>et</strong></span> 
     </span>
    </p>
   </div>
   <div class='ocr_carea' id='block_1_5' title="bbox 2313 420 3904 497">
    <p class='ocr_par' dir='ltr' id='par_1_5' title="bbox 2323 420 3904 495">
     <span class='ocr_line' id='line_1_5' title="bbox 2323 420 3904 495; baseline 0.001 -20"><span class='ocrx_word' id='word_1_13' title='bbox 2323 441 2442 487; x_wconf 81' lang='grc' dir='ltr'>νει,</span> <span class='ocrx_word' id='word_1_14' title='bbox 2492 423 2671 486; x_wconf 86' lang='grc' dir='ltr'>καθὼς</span> <span class='ocrx_word' id='word_1_15' title='bbox 2701 424 2757 476; x_wconf 82' lang='grc' dir='ltr'>ὲν</span> <span class='ocrx_word' id='word_1_16' title='bbox 2788 424 2855 494; x_wconf 73' lang='grc' dir='ltr'>τῇ</span> <span class='ocrx_word' id='word_1_17' title='bbox 2898 422 3033 495; x_wconf 82' lang='grc' dir='ltr'>πρὸς</span> <span class='ocrx_word' id='word_1_18' title='bbox 3078 420 3393 494; x_wconf 77' lang='grc' dir='ltr'><strong>Κορινθίους</strong></span> <span class='ocrx_word' id='word_1_19' title='bbox 3439 420 3629 494; x_wconf 81' lang='grc' dir='ltr'>πρώτῃ</span> <span class='ocrx_word' id='word_1_20' title='bbox 3666 422 3829 493; x_wconf 56' lang='grc' dir='ltr'>φησιν</span> <span class='ocrx_word' id='word_1_21' title='bbox 3872 424 3904 477; x_wconf 81' lang='grc' dir='ltr'><strong>ὁ</strong></span> 
     </span>
    </p>
   </div>
   <div class='ocr_carea' id='block_1_6' title="bbox 662 517 2226 588">
    <p class='ocr_par' dir='ltr' id='par_1_6' title="bbox 662 517 2226 588">
     <span class='ocr_line' id='line_1_6' title="bbox 662 517 2226 588; baseline -0.004 -11"><span class='ocrx_word' id='word_1_22' title='bbox 662 522 826 584; x_wconf 82' lang='lat' dir='ltr'><strong>bibit,</strong></span> <span class='ocrx_word' id='word_1_23' title='bbox 868 522 1131 588; x_wconf 70' lang='lat' dir='ltr'><strong>judicium</strong></span> <span class='ocrx_word' id='word_1_24' title='bbox 1180 521 1279 574; x_wconf 71' lang='lat' dir='ltr'><strong>sibi</strong></span> <span class='ocrx_word' id='word_1_25' title='bbox 1328 520 1711 574; x_wconf 53' lang='lat' dir='ltr'><strong>manducahet</strong></span> <span class='ocrx_word' id='word_1_26' title='bbox 1760 518 1926 583; x_wconf 80' lang='lat' dir='ltr'><strong>bibit,</strong></span> <span class='ocrx_word' id='word_1_27' title='bbox 1979 517 2120 573; x_wconf 88' lang='lat' dir='ltr'><strong>sicut</strong></span> <span class='ocrx_word' id='word_1_28' title='bbox 2171 518 2226 571; x_wconf 89' lang='lat' dir='ltr'><strong>in</strong></span> 
     </span>
    </p>
   </div>
   <div class='ocr_carea' id='block_1_7' title="bbox 660 609 2227 681">
    <p class='ocr_par' dir='ltr' id='par_1_7' title="bbox 660 609 2227 681">
     <span class='ocr_line' id='line_1_7' title="bbox 660 609 2227 681; baseline -0.001 -18"><span class='ocrx_word' id='word_1_29' title='bbox 660 615 833 681; x_wconf 83' lang='lat' dir='ltr'><strong>prima</strong></span> <span class='ocrx_word' id='word_1_30' title='bbox 863 626 959 665; x_wconf 82' lang='lat' dir='ltr'><strong>sua</strong></span> <span class='ocrx_word' id='word_1_31' title='bbox 998 612 1063 663; x_wconf 89' lang='lat' dir='ltr'><strong>ad</strong></span> <span class='ocrx_word' id='word_1_32' title='bbox 1095 610 1403 666; x_wconf 80' lang='lat' dir='ltr'><strong>Corinthios</strong></span> <span class='ocrx_word' id='word_1_33' title='bbox 1432 609 1721 678; x_wconf 78' lang='lat' dir='ltr'><strong>Apostolus</strong></span> <span class='ocrx_word' id='word_1_34' title='bbox 1767 612 1865 663; x_wconf 89' lang='lat' dir='ltr'><strong>ait.</strong></span> <span class='ocrx_word' id='word_1_35' title='bbox 1895 610 2011 663; x_wconf 82' lang='lat' dir='ltr'><strong>Non</strong></span> <span class='ocrx_word' id='word_1_36' title='bbox 2040 611 2227 663; x_wconf 87' lang='lat' dir='ltr'><strong>incon-</strong></span> 
     </span>
    </p>
   </div>
   <div class='ocr_carea' id='block_1_8' title="bbox 661 684 2224 772">
    <p class='ocr_par' dir='ltr' id='par_1_8' title="bbox 661 684 2224 772">
     <span class='ocr_line' id='line_1_8' title="bbox 661 684 2224 772; baseline -0.001 -20"><span class='ocrx_word' id='word_1_37' title='bbox 661 714 794 769; x_wconf 78' lang='lat' dir='ltr'><strong>grue</strong></span> <span class='ocrx_word' id='word_1_38' title='bbox 824 710 1004 754; x_wconf 86' lang='lat' dir='ltr'><strong>autem</strong></span> <span class='ocrx_word' id='word_1_39' title='bbox 1056 700 1417 772; x_wconf 81' lang='lat' dir='ltr'><strong>admittuntur</strong></span> <span class='ocrx_word' id='word_1_40' title='bbox 1457 700 1523 753; x_wconf 87' lang='lat' dir='ltr'><strong>ad</strong></span> <span class='ocrx_word' id='word_1_41' title='bbox 1552 714 1615 753; x_wconf 85' lang='lat' dir='ltr'><strong>ea</strong></span> <span class='ocrx_word' id='word_1_42' title='bbox 1644 684 1763 767; x_wconf 73' lang='lat' dir='ltr'><strong>qum</strong></span> <span class='ocrx_word' id='word_1_43' title='bbox 1811 699 1899 753; x_wconf 88' lang='lat' dir='ltr'><strong>hic</strong></span> <span class='ocrx_word' id='word_1_44' title='bbox 1938 708 2224 768; x_wconf 81' lang='lat' dir='ltr'><strong>geruntur,</strong></span> 
     </span>
    </p>
   </div>
   <div class='ocr_carea' id='block_1_9' title="bbox 659 790 2227 858">
    <p class='ocr_par' dir='ltr' id='par_1_9' title="bbox 659 790 2227 858">
     <span class='ocr_line' id='line_1_9' title="bbox 659 790 2227 858; baseline 0.001 -17"><span class='ocrx_word' id='word_1_45' title='bbox 659 801 717 843; x_wconf 88' lang='lat' dir='ltr'><strong>ut</strong></span> <span class='ocrx_word' id='word_1_46' title='bbox 748 790 957 844; x_wconf 86' lang='lat' dir='ltr'><strong>discant</strong></span> <span class='ocrx_word' id='word_1_47' title='bbox 1016 791 1203 844; x_wconf 87' lang='lat' dir='ltr'><strong>mortis</strong></span> <span class='ocrx_word' id='word_1_48' title='bbox 1238 790 1700 852; x_wconf 89' lang='lat' dir='ltr'><strong>incertitudinem,</strong></span> <span class='ocrx_word' id='word_1_49' title='bbox 1733 798 1785 842; x_wconf 89' lang='lat' dir='ltr'><strong>et</strong></span> <span class='ocrx_word' id='word_1_50' title='bbox 1812 791 2031 857; x_wconf 74' lang='lat' dir='ltr'><strong>praemia</strong></span> <span class='ocrx_word' id='word_1_51' title='bbox 2055 790 2227 858; x_wconf 81' lang='lat' dir='ltr'><strong>justo-</strong></span> 
     </span>
    </p>
   </div>
   <div class='ocr_carea' id='block_1_10' title="bbox 660 878 2225 948">
    <p class='ocr_par' dir='ltr' id='par_1_10' title="bbox 660 878 2225 948">
     <span class='ocr_line' id='line_1_10' title="bbox 660 878 2225 948; baseline 0 -17"><span class='ocrx_word' id='word_1_52' title='bbox 660 895 778 934; x_wconf 86' lang='lat' dir='ltr'><strong>rnm</strong></span> <span class='ocrx_word' id='word_1_53' title='bbox 809 894 873 934; x_wconf 86' lang='lat' dir='ltr'><strong>ac</strong></span> <span class='ocrx_word' id='word_1_54' title='bbox 898 887 1249 947; x_wconf 74' lang='lat' dir='ltr'><strong>peccatorum</strong></span> <span class='ocrx_word' id='word_1_55' title='bbox 1286 894 1495 948; x_wconf 65' lang='lat' dir='ltr'><strong>pinnas.</strong></span> <span class='ocrx_word' id='word_1_56' title='bbox 1527 879 1739 932; x_wconf 84' lang='lat' dir='ltr'><strong>Adsunt</strong></span> <span class='ocrx_word' id='word_1_57' title='bbox 1770 879 1976 946; x_wconf 87' lang='lat' dir='ltr'><strong>itaque,</strong></span> <span class='ocrx_word' id='word_1_58' title='bbox 2006 888 2065 932; x_wconf 90' lang='lat' dir='ltr'><strong>ut</strong></span> <span class='ocrx_word' id='word_1_59' title='bbox 2095 878 2225 932; x_wconf 84' lang='lat' dir='ltr'><strong>hinc</strong></span> 
     </span>
    </p>
   </div>
   <div class='ocr_carea' id='block_1_11' title="bbox 661 967 2223 1039">
    <p class='ocr_par' dir='ltr' id='par_1_11' title="bbox 661 967 2223 1039">
     <span class='ocr_line' id='line_1_11' title="bbox 661 967 2223 1039; baseline 0.001 -17"><span class='ocrx_word' id='word_1_60' title='bbox 661 970 865 1039; x_wconf 87' lang='lat' dir='ltr'><strong>aliquid</strong></span> <span class='ocrx_word' id='word_1_61' title='bbox 899 971 1154 1024; x_wconf 69' lang='lat' dir='ltr'><strong>utilitatis</strong></span> <span class='ocrx_word' id='word_1_62' title='bbox 1189 970 1387 1034; x_wconf 87' lang='lat' dir='ltr'><strong>ferant,</strong></span> <span class='ocrx_word' id='word_1_63' title='bbox 1421 978 1477 1024; x_wconf 88' lang='lat' dir='ltr'><strong>et</strong></span> <span class='ocrx_word' id='word_1_64' title='bbox 1514 968 1634 1023; x_wconf 90' lang='lat' dir='ltr'><strong>illos</strong></span> <span class='ocrx_word' id='word_1_65' title='bbox 1663 967 1802 1023; x_wconf 71' lang='lat' dir='ltr'><strong>forte</strong></span> <span class='ocrx_word' id='word_1_66' title='bbox 1834 968 2091 1023; x_wconf 84' lang='lat' dir='ltr'><strong>similium</strong></span> <span class='ocrx_word' id='word_1_67' title='bbox 2130 968 2223 1023; x_wconf 85' lang='lat' dir='ltr'><strong>de—</strong></span> 
     </span>
    </p>
   </div>
   <div class='ocr_carea' id='block_1_12' title="bbox 656 1060 1214 1115">
    <p class='ocr_par' dir='ltr' id='par_1_12' title="bbox 656 1060 1214 1115">
     <span class='ocr_line' id='line_1_12' title="bbox 656 1060 1214 1115; baseline -0.002 -1"><span class='ocrx_word' id='word_1_68' title='bbox 656 1061 918 1114; x_wconf 77' lang='lat' dir='ltr'><strong>siderium</strong></span> <span class='ocrx_word' id='word_1_69' title='bbox 948 1060 1214 1115; x_wconf 71' lang='lat' dir='ltr'><strong>excitabit</strong></span> 
     </span>
    </p>
   </div>
   <div class='ocr_carea' id='block_1_13' title="bbox 726 1144 2223 1216">
    <p class='ocr_par' dir='ltr' id='par_1_13' title="bbox 726 1144 2223 1216">
     <span class='ocr_line' id='line_1_13' title="bbox 726 1144 2223 1216; baseline 0.001 -16"><span class='ocrx_word' id='word_1_70' title='bbox 726 1144 879 1216; x_wconf 84' lang='lat' dir='ltr'><strong>§lV.</strong></span> <span class='ocrx_word' id='word_1_71' title='bbox 944 1148 1153 1201; x_wconf 84' lang='lat' dir='ltr'><strong>Deinde</strong></span> <span class='ocrx_word' id='word_1_72' title='bbox 1209 1156 1406 1201; x_wconf 79' lang='lat' dir='ltr'><strong>tractat</strong></span> <span class='ocrx_word' id='word_1_73' title='bbox 1464 1147 1627 1201; x_wconf 87' lang='lat' dir='ltr'><strong>etiam</strong></span> <span class='ocrx_word' id='word_1_74' title='bbox 1675 1147 1744 1201; x_wconf 88' lang='lat' dir='ltr'><strong>de</strong></span> <span class='ocrx_word' id='word_1_75' title='bbox 1794 1147 2115 1203; x_wconf 87' lang='lat' dir='ltr'><strong>salutatione</strong></span> <span class='ocrx_word' id='word_1_76' title='bbox 2167 1156 2223 1202; x_wconf 88' lang='lat' dir='ltr'><strong>et</strong></span> 
     </span>
    </p>
   </div>
   <div class='ocr_carea' id='block_1_14' title="bbox 644 1238 2220 1307">
    <p class='ocr_par' dir='ltr' id='par_1_14' title="bbox 644 1238 2220 1307">
     <span class='ocr_line' id='line_1_14' title="bbox 644 1238 2220 1307; baseline 0.001 -17"><span class='ocrx_word' id='word_1_77' title='bbox 644 1238 898 1292; x_wconf 86' lang='lat' dir='ltr'><strong>oratione</strong></span> <span class='ocrx_word' id='word_1_78' title='bbox 937 1254 953 1291; x_wconf 88' lang='lat'><strong>:</strong></span> <span class='ocrx_word' id='word_1_79' title='bbox 992 1245 1048 1292; x_wconf 89' lang='lat' dir='ltr'><strong>et</strong></span> <span class='ocrx_word' id='word_1_80' title='bbox 1098 1238 1276 1291; x_wconf 86' lang='lat' dir='ltr'><strong>oratio</strong></span> <span class='ocrx_word' id='word_1_81' title='bbox 1320 1239 1535 1306; x_wconf 83' lang='lat' dir='ltr'><strong>quidem</strong></span> <span class='ocrx_word' id='word_1_82' title='bbox 1578 1238 1824 1307; x_wconf 82' lang='lat' dir='ltr'><strong>precatio</strong></span> <span class='ocrx_word' id='word_1_83' title='bbox 1870 1247 1957 1294; x_wconf 53' lang='lat' dir='ltr'><strong>est</strong></span> <span class='ocrx_word' id='word_1_84' title='bbox 1999 1252 2095 1307; x_wconf 89' lang='lat' dir='ltr'><strong>pro</strong></span> <span class='ocrx_word' id='word_1_85' title='bbox 2124 1238 2220 1291; x_wconf 79' lang='lat' dir='ltr'><strong>de-</strong></span> 
     </span>
    </p>
   </div>
   <div class='ocr_carea' id='block_1_15' title="bbox 659 1327 2221 1397">
    <p class='ocr_par' dir='ltr' id='par_1_15' title="bbox 659 1327 2221 1397">
     <span class='ocr_line' id='line_1_15' title="bbox 659 1327 2221 1397; baseline 0.002 -18"><span class='ocrx_word' id='word_1_86' title='bbox 659 1329 868 1391; x_wconf 76' lang='lat' dir='ltr'><strong>functo,</strong></span> <span class='ocrx_word' id='word_1_87' title='bbox 902 1337 961 1381; x_wconf 92' lang='lat' dir='ltr'><strong>ut</strong></span> <span class='ocrx_word' id='word_1_88' title='bbox 991 1328 1363 1382; x_wconf 78' lang='lat' dir='ltr'><strong>constituatur</strong></span> <span class='ocrx_word' id='word_1_89' title='bbox 1394 1329 1444 1379; x_wconf 93' lang='lat' dir='ltr'><strong>in</strong></span> <span class='ocrx_word' id='word_1_90' title='bbox 1475 1329 1597 1384; x_wconf 88' lang='lat' dir='ltr'><strong>sinu</strong></span> <span class='ocrx_word' id='word_1_91' title='bbox 1652 1330 2088 1397; x_wconf 82' lang='lat' dir='ltr'><strong>patriarcharum</strong></span> <span class='ocrx_word' id='word_1_92' title='bbox 2108 1366 2122 1393; x_wconf 93' lang='lat'><strong>,</strong></span> <span class='ocrx_word' id='word_1_93' title='bbox 2165 1327 2221 1383; x_wconf 89' lang='lat' dir='ltr'><strong>in</strong></span> 
     </span>
    </p>
   </div>
   <div class='ocr_carea' id='block_1_16' title="bbox 652 1412 1621 1481">
    <p class='ocr_par' dir='ltr' id='par_1_16' title="bbox 652 1412 1621 1481">
     <span class='ocr_line' id='line_1_16' title="bbox 652 1412 1621 1481; baseline 0.001 -15"><span class='ocrx_word' id='word_1_94' title='bbox 652 1412 770 1466; x_wconf 83' lang='lat' dir='ltr'><strong>loco</strong></span> <span class='ocrx_word' id='word_1_95' title='bbox 797 1426 826 1465; x_wconf 88' lang='lat' dir='ltr'><strong>a</strong></span> <span class='ocrx_word' id='word_1_96' title='bbox 858 1427 967 1481; x_wconf 83' lang='lat' dir='ltr'><strong>quo</strong></span> <span class='ocrx_word' id='word_1_97' title='bbox 994 1415 1211 1471; x_wconf 84' lang='lat' dir='ltr'><strong>tristitia</strong></span> <span class='ocrx_word' id='word_1_98' title='bbox 1241 1414 1418 1469; x_wconf 87' lang='lat' dir='ltr'><strong>omnis</strong></span> <span class='ocrx_word' id='word_1_99' title='bbox 1447 1414 1621 1470; x_wconf 83' lang='lat' dir='ltr'><strong>abest.</strong></span> 
     </span>
    </p>
   </div>
   <div class='ocr_carea' id='block_1_17' title="bbox 722 1585 2224 1661">
    <p class='ocr_par' dir='ltr' id='par_1_17' title="bbox 722 1585 2224 1661">
     <span class='ocr_line' id='line_1_17' title="bbox 722 1585 2224 1661; baseline 0.004 -23"><span class='ocrx_word' id='word_1_100' title='bbox 722 1585 842 1658; x_wconf 59' lang='grc' dir='ltr'>δν.</span> <span class='ocrx_word' id='word_1_101' title='bbox 884 1586 1350 1656; x_wconf 83' lang='lat' dir='ltr'><strong>Quemadmodum</strong></span> <span class='ocrx_word' id='word_1_102' title='bbox 1385 1592 1530 1646; x_wconf 88' lang='lat' dir='ltr'><strong>enim</strong></span> <span class='ocrx_word' id='word_1_103' title='bbox 1576 1592 1644 1645; x_wconf 86' lang='lat' dir='ltr'><strong>ab</strong></span> <span class='ocrx_word' id='word_1_104' title='bbox 1685 1590 1751 1644; x_wconf 88' lang='lat' dir='ltr'><strong>iis</strong></span> <span class='ocrx_word' id='word_1_105' title='bbox 1781 1605 1902 1659; x_wconf 65' lang='lat' dir='ltr'><strong>quae</strong></span> <span class='ocrx_word' id='word_1_106' title='bbox 1950 1590 2107 1645; x_wconf 85' lang='lat' dir='ltr'><strong>nobis</strong></span> <span class='ocrx_word' id='word_1_107' title='bbox 2139 1592 2224 1661; x_wconf 86' lang='lat' dir='ltr'><strong>ju-</strong></span> 
     </span>
    </p>
   </div>
   <div class='ocr_carea' id='block_1_18' title="bbox 652 1680 2221 1761">
    <p class='ocr_par' dir='ltr' id='par_1_18' title="bbox 652 1680 2221 1761">
     <span class='ocr_line' id='line_1_18' title="bbox 652 1680 2221 1761; baseline 0.002 -29"><span class='ocrx_word' id='word_1_108' title='bbox 652 1680 830 1733; x_wconf 86' lang='lat' dir='ltr'><strong>cunda</strong></span> <span class='ocrx_word' id='word_1_109' title='bbox 878 1690 1039 1745; x_wconf 90' lang='lat' dir='ltr'><strong>sunt,</strong></span> <span class='ocrx_word' id='word_1_110' title='bbox 1073 1692 1133 1733; x_wconf 94' lang='lat' dir='ltr'><strong>ut</strong></span> <span class='ocrx_word' id='word_1_111' title='bbox 1179 1697 1365 1749; x_wconf 78' lang='lat' dir='ltr'><strong>regno,</strong></span> <span class='ocrx_word' id='word_1_112' title='bbox 1391 1698 1545 1737; x_wconf 76' lang='lat' dir='ltr'><strong>cmna</strong></span> <span class='ocrx_word' id='word_1_113' title='bbox 1568 1722 1584 1746; x_wconf 89' lang='lat'><strong>,</strong></span> <span class='ocrx_word' id='word_1_114' title='bbox 1616 1683 1765 1746; x_wconf 89' lang='lat' dir='ltr'><strong>luce,</strong></span> <span class='ocrx_word' id='word_1_115' title='bbox 1798 1681 1969 1761; x_wconf 74' lang='lat' dir='ltr'><strong>gloria</strong></span> <span class='ocrx_word' id='word_1_116' title='bbox 1991 1720 2007 1746; x_wconf 92' lang='lat'><strong>,</strong></span> <span class='ocrx_word' id='word_1_117' title='bbox 2042 1680 2221 1753; x_wconf 85' lang='lat' dir='ltr'><strong>splen-</strong></span> 
     </span>
    </p>
   </div>
   <div class='ocr_carea' id='block_1_19' title="bbox 2341 511 3905 583">
    <p class='ocr_par' dir='ltr' id='par_1_19' title="bbox 2341 511 3905 583">
     <span class='ocr_line' id='line_1_19' title="bbox 2341 511 3905 583; baseline 0 -18"><span class='ocrx_word' id='word_1_118' title='bbox 2341 514 2679 577; x_wconf 82' lang='grc' dir='ltr'>Ἀπόστολος.</span> <span class='ocrx_word' id='word_1_119' title='bbox 2707 513 2821 567; x_wconf 82' lang='grc' dir='ltr'><strong>υύκ</strong></span> <span class='ocrx_word' id='word_1_120' title='bbox 2845 514 3149 576; x_wconf 83' lang='grc' dir='ltr'>ἀπεικότως</span> <span class='ocrx_word' id='word_1_121' title='bbox 3172 513 3230 565; x_wconf 82' lang='grc' dir='ltr'>δὲ</span> <span class='ocrx_word' id='word_1_122' title='bbox 3253 513 3345 565; x_wconf 72' lang='grc' dir='ltr'>ἐπὶ</span> <span class='ocrx_word' id='word_1_123' title='bbox 3368 514 3482 577; x_wconf 84' lang='grc' dir='ltr'>τοῖς</span> <span class='ocrx_word' id='word_1_124' title='bbox 3512 511 3605 565; x_wconf 81' lang='grc' dir='ltr'>νῦν</span> <span class='ocrx_word' id='word_1_125' title='bbox 3640 512 3905 583; x_wconf 82' lang='grc' dir='ltr'>τελουμέ-</span> 
     </span>
    </p>
   </div>
   <div class='ocr_carea' id='block_1_20' title="bbox 2326 604 3901 677">
    <p class='ocr_par' dir='ltr' id='par_1_20' title="bbox 2326 604 3901 677">
     <span class='ocr_line' id='line_1_20' title="bbox 2326 604 3901 677; baseline 0.001 -18"><span class='ocrx_word' id='word_1_126' title='bbox 2326 623 2437 669; x_wconf 85' lang='grc' dir='ltr'><strong>νοις</strong></span> <span class='ocrx_word' id='word_1_127' title='bbox 2464 608 2557 661; x_wconf 79' lang='grc' dir='ltr'><strong>καὶ</strong></span> <span class='ocrx_word' id='word_1_128' title='bbox 2578 604 2721 662; x_wconf 73' lang='grc' dir='ltr'>οὗτοι</span> <span class='ocrx_word' id='word_1_129' title='bbox 2745 608 3022 677; x_wconf 82' lang='grc' dir='ltr'><strong>πάρεισιν,</strong></span> <span class='ocrx_word' id='word_1_130' title='bbox 3042 606 3413 675; x_wconf 79' lang='grc' dir='ltr'><strong>διδασκόμενοι</strong></span> <span class='ocrx_word' id='word_1_131' title='bbox 3436 605 3533 676; x_wconf 76' lang='grc' dir='ltr'>τὴν</span> <span class='ocrx_word' id='word_1_132' title='bbox 3550 605 3771 675; x_wconf 84' lang='grc' dir='ltr'>ἀδηλίαν</span> <span class='ocrx_word' id='word_1_133' title='bbox 3796 606 3901 660; x_wconf 78' lang='grc' dir='ltr'>τοῦ</span> 
     </span>
    </p>
   </div>
   <div class='ocr_carea' id='block_1_21' title="bbox 2328 696 3902 768">
    <p class='ocr_par' dir='ltr' id='par_1_21' title="bbox 2328 696 3902 768">
     <span class='ocr_line' id='line_1_21' title="bbox 2328 696 3902 768; baseline 0.001 -19"><span class='ocrx_word' id='word_1_134' title='bbox 2328 696 2555 751; x_wconf 84' lang='grc' dir='ltr'>θανάτου</span> <span class='ocrx_word' id='word_1_135' title='bbox 2577 738 2592 763; x_wconf 96' lang='grc'><strong>,</strong></span> <span class='ocrx_word' id='word_1_136' title='bbox 2620 701 2687 753; x_wconf 82' lang='grc' dir='ltr'>τά</span> <span class='ocrx_word' id='word_1_137' title='bbox 2708 716 2766 751; x_wconf 92' lang='grc' dir='ltr'><strong>τε</strong></span> <span class='ocrx_word' id='word_1_138' title='bbox 2810 698 3035 768; x_wconf 79' lang='grc' dir='ltr'>βραδεῖα</span> <span class='ocrx_word' id='word_1_139' title='bbox 3074 698 3183 750; x_wconf 83' lang='grc' dir='ltr'><strong>τῶν</strong></span> <span class='ocrx_word' id='word_1_140' title='bbox 3224 697 3482 761; x_wconf 75' lang='grc' dir='ltr'>δικαίων,</span> <span class='ocrx_word' id='word_1_141' title='bbox 3524 697 3618 751; x_wconf 76' lang='grc' dir='ltr'><strong>καὶ</strong></span> <span class='ocrx_word' id='word_1_142' title='bbox 3659 697 3759 760; x_wconf 80' lang='grc' dir='ltr'>τὰς</span> <span class='ocrx_word' id='word_1_143' title='bbox 3785 696 3902 751; x_wconf 76' lang='grc' dir='ltr'><strong>τῶν</strong></span> 
     </span>
    </p>
   </div>
   <div class='ocr_carea' id='block_1_22' title="bbox 2326 788 3904 859">
    <p class='ocr_par' dir='ltr' id='par_1_22' title="bbox 2326 788 3904 859">
     <span class='ocr_line' id='line_1_22' title="bbox 2326 788 3904 859; baseline 0.005 -20"><span class='ocrx_word' id='word_1_144' title='bbox 2326 789 2663 859; x_wconf 81' lang='grc' dir='ltr'><strong>ἁμαρτωλῶν</strong></span> <span class='ocrx_word' id='word_1_145' title='bbox 2691 789 2887 853; x_wconf 83' lang='grc' dir='ltr'>λύπας.</span> <span class='ocrx_word' id='word_1_146' title='bbox 2922 789 3019 841; x_wconf 85' lang='grc' dir='ltr'>Διά</span> <span class='ocrx_word' id='word_1_147' title='bbox 3051 789 3183 856; x_wconf 80' lang='grc' dir='ltr'>γοῦν</span> <span class='ocrx_word' id='word_1_148' title='bbox 3204 788 3265 840; x_wconf 83' lang='grc' dir='ltr'><strong>τὸ</strong></span> <span class='ocrx_word' id='word_1_149' title='bbox 3294 788 3539 843; x_wconf 76' lang='grc' dir='ltr'>ἐντεῦθεν</span> <span class='ocrx_word' id='word_1_150' title='bbox 3564 790 3777 859; x_wconf 73' lang='grc' dir='ltr'>ὄφελος,</span> <span class='ocrx_word' id='word_1_151' title='bbox 3800 795 3904 846; x_wconf 80' lang='grc' dir='ltr'>καὶ</span> 
     </span>
    </p>
   </div>
   <div class='ocr_carea' id='block_1_23' title="bbox 2328 876 3903 953">
    <p class='ocr_par' dir='ltr' id='par_1_23' title="bbox 2328 876 3903 953">
     <span class='ocr_line' id='line_1_23' title="bbox 2328 876 3903 953; baseline 0.003 -22"><span class='ocrx_word' id='word_1_152' title='bbox 2328 879 2413 933; x_wconf 82' lang='grc' dir='ltr'>ἵνα</span> <span class='ocrx_word' id='word_1_153' title='bbox 2440 883 2583 951; x_wconf 83' lang='grc' dir='ltr'><strong>τάχα</strong></span> <span class='ocrx_word' id='word_1_154' title='bbox 2610 882 2703 934; x_wconf 77' lang='grc' dir='ltr'>καὶ</span> <span class='ocrx_word' id='word_1_155' title='bbox 2739 876 2883 935; x_wconf 72' lang='grc' dir='ltr'>οὗτοι</span> <span class='ocrx_word' id='word_1_156' title='bbox 2923 882 3059 953; x_wconf 75' lang='grc' dir='ltr'>πρὸς</span> <span class='ocrx_word' id='word_1_157' title='bbox 3098 882 3196 951; x_wconf 81' lang='grc' dir='ltr'><strong>τὴν</strong></span> <span class='ocrx_word' id='word_1_158' title='bbox 3231 881 3339 934; x_wconf 83' lang='grc' dir='ltr'><strong>τῶν</strong></span> <span class='ocrx_word' id='word_1_159' title='bbox 3362 881 3561 953; x_wconf 84' lang='grc' dir='ltr'>ὁμοίων</span> <span class='ocrx_word' id='word_1_160' title='bbox 3582 882 3769 951; x_wconf 70' lang='grc' dir='ltr'>ἔφεσιν</span> <span class='ocrx_word' id='word_1_161' title='bbox 3788 882 3903 936; x_wconf 75' lang='grc' dir='ltr'>διε·</span> 
     </span>
    </p>
   </div>
   <div class='ocr_carea' id='block_1_24' title="bbox 2326 967 2894 1041">
    <p class='ocr_par' dir='ltr' id='par_1_24' title="bbox 2326 967 2894 1041">
     <span class='ocr_line' id='line_1_24' title="bbox 2326 967 2894 1041; baseline 0.011 -23"><span class='ocrx_word' id='word_1_162' title='bbox 2326 967 2562 1035; x_wconf 80' lang='grc' dir='ltr'>γερθῶσι</span> <span class='ocrx_word' id='word_1_163' title='bbox 2582 1007 2596 1032; x_wconf 95' lang='grc'><strong>,</strong></span> <span class='ocrx_word' id='word_1_164' title='bbox 2622 971 2894 1041; x_wconf 81' lang='grc' dir='ltr'>πάρεισιν.</span> 
     </span>
    </p>
   </div>
   <div class='ocr_carea' id='block_1_25' title="bbox 2396 1145 3895 1219">
    <p class='ocr_par' dir='ltr' id='par_1_25' title="bbox 2396 1145 3895 1219">
     <span class='ocr_line' id='line_1_25' title="bbox 2396 1145 3895 1219; baseline 0.001 -19"><span class='ocrx_word' id='word_1_165' title='bbox 2396 1146 2537 1219; x_wconf 62' lang='grc' dir='ltr'>ειν.</span> <span class='ocrx_word' id='word_1_166' title='bbox 2582 1147 2719 1218; x_wconf 85' lang='grc' dir='ltr'>Ἤδη</span> <span class='ocrx_word' id='word_1_167' title='bbox 2760 1147 3122 1217; x_wconf 74' lang='grc' dir='ltr'>διαλαμϐάνει</span> <span class='ocrx_word' id='word_1_168' title='bbox 3158 1145 3253 1202; x_wconf 74' lang='grc' dir='ltr'>καὶ</span> <span class='ocrx_word' id='word_1_169' title='bbox 3287 1147 3415 1218; x_wconf 77' lang='grc' dir='ltr'>περὶ</span> <span class='ocrx_word' id='word_1_170' title='bbox 3449 1146 3544 1202; x_wconf 80' lang='grc' dir='ltr'>τοῦ</span> <span class='ocrx_word' id='word_1_171' title='bbox 3599 1147 3895 1219; x_wconf 78' lang='grc' dir='ltr'><strong>ἀσπασμοῦ</strong></span> 
     </span>
    </p>
   </div>
   <div class='ocr_carea' id='block_1_26' title="bbox 2326 1236 3897 1315">
    <p class='ocr_par' dir='ltr' id='par_1_26' title="bbox 2326 1236 3897 1315">
     <span class='ocr_line' id='line_1_26' title="bbox 2326 1236 3897 1315; baseline -0.001 -25"><span class='ocrx_word' id='word_1_172' title='bbox 2326 1239 2417 1290; x_wconf 74' lang='grc' dir='ltr'><strong>καὶ</strong></span> <span class='ocrx_word' id='word_1_173' title='bbox 2438 1238 2536 1307; x_wconf 86' lang='grc' dir='ltr'>τῆς</span> <span class='ocrx_word' id='word_1_174' title='bbox 2561 1237 2725 1308; x_wconf 80' lang='grc' dir='ltr'>εύχῆς</span> <span class='ocrx_word' id='word_1_175' title='bbox 2745 1255 2756 1267; x_wconf 93' lang='grc'><strong>·</strong></span> <span class='ocrx_word' id='word_1_176' title='bbox 2785 1240 2877 1315; x_wconf 63' lang='grc' dir='ltr'>κα).</span> <span class='ocrx_word' id='word_1_177' title='bbox 2904 1239 2935 1309; x_wconf 80' lang='grc' dir='ltr'><strong>ἡ</strong></span> <span class='ocrx_word' id='word_1_178' title='bbox 2963 1236 3063 1308; x_wconf 85' lang='grc' dir='ltr'>μὲν</span> <span class='ocrx_word' id='word_1_179' title='bbox 3099 1236 3231 1307; x_wconf 78' lang='grc' dir='ltr'>εὐχὴ</span> <span class='ocrx_word' id='word_1_180' title='bbox 3255 1236 3437 1306; x_wconf 77' lang='grc' dir='ltr'>δέησίς</span> <span class='ocrx_word' id='word_1_181' title='bbox 3459 1237 3603 1289; x_wconf 74' lang='grc' dir='ltr'>ἐστιν</span> <span class='ocrx_word' id='word_1_182' title='bbox 3628 1239 3769 1311; x_wconf 83' lang='grc' dir='ltr'>ὑπὲρ</span> <span class='ocrx_word' id='word_1_183' title='bbox 3792 1236 3897 1291; x_wconf 77' lang='grc' dir='ltr'>τοῦ</span> 
     </span>
    </p>
   </div>
   <div class='ocr_carea' id='block_1_27' title="bbox 2325 1327 3899 1401">
    <p class='ocr_par' dir='ltr' id='par_1_27' title="bbox 2325 1327 3899 1401">
     <span class='ocr_line' id='line_1_27' title="bbox 2325 1327 3899 1401; baseline 0.001 -20"><span class='ocrx_word' id='word_1_184' title='bbox 2325 1329 2724 1400; x_wconf 82' lang='grc' dir='ltr'>κεκοιμημένου</span> <span class='ocrx_word' id='word_1_185' title='bbox 2748 1367 2764 1392; x_wconf 86' lang='grc'><strong>,</strong></span> <span class='ocrx_word' id='word_1_186' title='bbox 2834 1329 2920 1383; x_wconf 84' lang='grc' dir='ltr'><strong>ίνα</strong></span> <span class='ocrx_word' id='word_1_187' title='bbox 2974 1327 3342 1401; x_wconf 84' lang='grc' dir='ltr'>καταταχθείη</span> <span class='ocrx_word' id='word_1_188' title='bbox 3399 1329 3458 1381; x_wconf 83' lang='grc' dir='ltr'>ὲν</span> <span class='ocrx_word' id='word_1_189' title='bbox 3513 1329 3730 1393; x_wconf 82' lang='grc' dir='ltr'>κόλποις</span> <span class='ocrx_word' id='word_1_190' title='bbox 3780 1327 3899 1383; x_wconf 80' lang='grc' dir='ltr'><strong>τῶν</strong></span> 
     </span>
    </p>
   </div>
   <div class='ocr_carea' id='block_1_28' title="bbox 2325 1416 3899 1490">
    <p class='ocr_par' dir='ltr' id='par_1_28' title="bbox 2325 1416 3899 1490">
     <span class='ocr_line' id='line_1_28' title="bbox 2325 1416 3899 1490; baseline 0 -18"><span class='ocrx_word' id='word_1_191' title='bbox 2325 1418 2710 1490; x_wconf 85' lang='grc' dir='ltr'>πατριαρχῶν,</span> <span class='ocrx_word' id='word_1_192' title='bbox 2776 1420 2835 1472; x_wconf 72' lang='grc' dir='ltr'>ὲν</span> <span class='ocrx_word' id='word_1_193' title='bbox 2879 1418 3029 1485; x_wconf 83' lang='grc' dir='ltr'>τόπῳ</span> <span class='ocrx_word' id='word_1_194' title='bbox 3082 1417 3211 1471; x_wconf 75' lang='grc' dir='ltr'>ἔνθα</span> <span class='ocrx_word' id='word_1_195' title='bbox 3278 1416 3489 1490; x_wconf 78' lang='grc' dir='ltr'><strong>ἀπέδρα</strong></span> <span class='ocrx_word' id='word_1_196' title='bbox 3532 1417 3602 1475; x_wconf 74' lang='grc' dir='ltr'>τὰ</span> <span class='ocrx_word' id='word_1_197' title='bbox 3659 1417 3899 1490; x_wconf 75' lang='grc' dir='ltr'>ὀδυνηρά</span> 
     </span>
    </p>
   </div>
   <div class='ocr_carea' id='block_1_29' title="bbox 2324 1510 2516 1565">
    <p class='ocr_par' dir='ltr' id='par_1_29' title="bbox 2324 1510 2516 1565">
     <span class='ocr_line' id='line_1_29' title="bbox 2324 1510 2516 1565; baseline -0.005 -2"><span class='ocrx_word' id='word_1_198' title='bbox 2324 1510 2516 1565; x_wconf 76' lang='grc' dir='ltr'>πάντα.</span> 
     </span>
    </p>
   </div>
   <div class='ocr_carea' id='block_1_30' title="bbox 2393 1596 3896 1671">
    <p class='ocr_par' dir='ltr' id='par_1_30' title="bbox 2393 1596 3896 1671">
     <span class='ocr_line' id='line_1_30' title="bbox 2393 1596 3896 1671; baseline 0 -20"><span class='ocrx_word' id='word_1_199' title='bbox 2393 1598 2419 1670; x_wconf 81' lang='lat'><strong>§</strong></span> <span class='ocrx_word' id='word_1_200' title='bbox 2450 1597 2509 1651; x_wconf 85' lang='lat' dir='ltr'><strong>V.</strong></span> <span class='ocrx_word' id='word_1_201' title='bbox 2553 1599 2760 1671; x_wconf 81' lang='grc' dir='ltr'>Ὥσπερ</span> <span class='ocrx_word' id='word_1_202' title='bbox 2798 1597 2905 1668; x_wconf 79' lang='grc' dir='ltr'><strong>γὰρ</strong></span> <span class='ocrx_word' id='word_1_203' title='bbox 2934 1600 3041 1654; x_wconf 87' lang='grc' dir='ltr'><strong>ἀπὸ</strong></span> <span class='ocrx_word' id='word_1_204' title='bbox 3069 1598 3178 1653; x_wconf 88' lang='grc' dir='ltr'><strong>τῶν</strong></span> <span class='ocrx_word' id='word_1_205' title='bbox 3202 1598 3331 1669; x_wconf 75' lang='grc' dir='ltr'>ἡμῖν</span> <span class='ocrx_word' id='word_1_206' title='bbox 3367 1597 3557 1669; x_wconf 77' lang='grc' dir='ltr'>ἡδέων,</span> <span class='ocrx_word' id='word_1_207' title='bbox 3596 1596 3697 1666; x_wconf 80' lang='grc' dir='ltr'>τῆς</span> <span class='ocrx_word' id='word_1_208' title='bbox 3742 1597 3896 1668; x_wconf 73' lang='grc' dir='ltr'>βασι-</span> 
     </span>
    </p>
   </div>
   <div class='ocr_carea' id='block_1_31' title="bbox 2322 1689 3896 1760">
    <p class='ocr_par' dir='ltr' id='par_1_31' title="bbox 2322 1689 3896 1760">
     <span class='ocr_line' id='line_1_31' title="bbox 2322 1689 3896 1760; baseline 0.001 -17"><span class='ocrx_word' id='word_1_209' title='bbox 2322 1690 2493 1756; x_wconf 88' lang='grc' dir='ltr'>λείας,</span> <span class='ocrx_word' id='word_1_210' title='bbox 2522 1690 2615 1743; x_wconf 84' lang='grc' dir='ltr'><strong>τοῦ</strong></span> <span class='ocrx_word' id='word_1_211' title='bbox 2651 1690 2886 1754; x_wconf 78' lang='grc' dir='ltr'>δείπνου,</span> <span class='ocrx_word' id='word_1_212' title='bbox 2923 1691 3016 1744; x_wconf 80' lang='grc' dir='ltr'><strong>τοῦ</strong></span> <span class='ocrx_word' id='word_1_213' title='bbox 3040 1690 3251 1759; x_wconf 62' lang='grc' dir='ltr'>φωτὸς,</span> <span class='ocrx_word' id='word_1_214' title='bbox 3282 1690 3379 1760; x_wconf 79' lang='grc' dir='ltr'><strong>τῆς</strong></span> <span class='ocrx_word' id='word_1_215' title='bbox 3404 1690 3562 1760; x_wconf 80' lang='grc' dir='ltr'>δόξης</span> <span class='ocrx_word' id='word_1_216' title='bbox 3581 1729 3594 1753; x_wconf 93' lang='grc'><strong>,</strong></span> <span class='ocrx_word' id='word_1_217' title='bbox 3622 1691 3721 1760; x_wconf 83' lang='grc' dir='ltr'>τῆς</span> <span class='ocrx_word' id='word_1_218' title='bbox 3751 1689 3896 1759; x_wconf 79' lang='grc' dir='ltr'>λαμ-</span> 
     </span>
    </p>
   </div>
   <div class='ocr_carea' id='block_1_32' title="bbox 650 1768 2216 1851">
    <p class='ocr_par' dir='ltr' id='par_1_32' title="bbox 650 1768 2216 1839">
     <span class='ocr_line' id='line_1_32' title="bbox 650 1768 2216 1839; baseline 0.005 -20"><span class='ocrx_word' id='word_1_219' title='bbox 650 1768 818 1834; x_wconf 88' lang='lat' dir='ltr'><strong>dore,</strong></span> <span class='ocrx_word' id='word_1_220' title='bbox 849 1783 969 1836; x_wconf 75' lang='lat' dir='ltr'><strong>qum</strong></span> <span class='ocrx_word' id='word_1_221' title='bbox 1018 1770 1089 1822; x_wconf 89' lang='lat' dir='ltr'><strong>ibi</strong></span> <span class='ocrx_word' id='word_1_222' title='bbox 1132 1781 1257 1822; x_wconf 89' lang='lat' dir='ltr'><strong>sunt</strong></span> <span class='ocrx_word' id='word_1_223' title='bbox 1287 1770 1423 1823; x_wconf 89' lang='lat' dir='ltr'><strong>bona</strong></span> <span class='ocrx_word' id='word_1_224' title='bbox 1467 1771 1842 1838; x_wconf 75' lang='lat' dir='ltr'><strong>designantur,</strong></span> <span class='ocrx_word' id='word_1_225' title='bbox 1878 1786 1999 1839; x_wconf 66' lang='lat' dir='ltr'><strong>quae</strong></span> <span class='ocrx_word' id='word_1_226' title='bbox 2030 1772 2216 1831; x_wconf 82' lang='lat' dir='ltr'><strong>oculus</strong></span> 
     </span>
    </p>
   </div>
   <div class='ocr_carea' id='block_1_33' title="bbox 2313 1768 3895 1851">
    <p class='ocr_par' dir='ltr' id='par_1_33' title="bbox 2321 1778 3895 1851">
     <span class='ocr_line' id='line_1_33' title="bbox 2321 1778 3895 1851; baseline 0.002 -21"><span class='ocrx_word' id='word_1_227' title='bbox 2321 1780 2619 1850; x_wconf 81' lang='grc' dir='ltr'>πρότητος,</span> <span class='ocrx_word' id='word_1_228' title='bbox 2689 1779 2760 1833; x_wconf 75' lang='grc' dir='ltr'>τὰ</span> <span class='ocrx_word' id='word_1_229' title='bbox 2809 1783 2984 1834; x_wconf 78' lang='grc' dir='ltr'>ἐκεῖσε</span> <span class='ocrx_word' id='word_1_230' title='bbox 3049 1779 3539 1851; x_wconf 77' lang='grc' dir='ltr'>χαρακτηρίζονται</span> <span class='ocrx_word' id='word_1_231' title='bbox 3595 1778 3797 1848; x_wconf 84' lang='grc' dir='ltr'>ἀγαθὰ,</span> <span class='ocrx_word' id='word_1_232' title='bbox 3856 1779 3895 1833; x_wconf 76' lang='grc' dir='ltr'>ἃ</span> 
     </span>
    </p>
   </div>
   <div class='ocr_carea' id='block_1_34' title="bbox 653 1856 2215 1928">
    <p class='ocr_par' dir='ltr' id='par_1_34' title="bbox 653 1856 2215 1928">
     <span class='ocr_line' id='line_1_34' title="bbox 653 1856 2215 1928; baseline 0.004 -19"><span class='ocrx_word' id='word_1_233' title='bbox 653 1870 762 1909; x_wconf 84' lang='lat' dir='ltr'><strong>non</strong></span> <span class='ocrx_word' id='word_1_234' title='bbox 811 1856 966 1921; x_wconf 86' lang='lat' dir='ltr'><strong>vidit,</strong></span> <span class='ocrx_word' id='word_1_235' title='bbox 1028 1873 1126 1911; x_wconf 87' lang='lat' dir='ltr'><strong>nec</strong></span> <span class='ocrx_word' id='word_1_236' title='bbox 1176 1860 1326 1912; x_wconf 84' lang='lat' dir='ltr'><strong>auris</strong></span> <span class='ocrx_word' id='word_1_237' title='bbox 1374 1861 1606 1921; x_wconf 82' lang='lat' dir='ltr'><strong>audivit;</strong></span> <span class='ocrx_word' id='word_1_238' title='bbox 1658 1862 1736 1914; x_wconf 82' lang='lat' dir='ltr'><strong>sic</strong></span> <span class='ocrx_word' id='word_1_239' title='bbox 1774 1862 1937 1914; x_wconf 86' lang='lat' dir='ltr'><strong>etiam</strong></span> <span class='ocrx_word' id='word_1_240' title='bbox 1976 1876 2096 1928; x_wconf 74' lang='lat' dir='ltr'><strong>qua:</strong></span> <span class='ocrx_word' id='word_1_241' title='bbox 2144 1861 2215 1915; x_wconf 85' lang='lat' dir='ltr'><strong>ibi</strong></span> 
     </span>
    </p>
   </div>
   <div class='ocr_carea' id='block_1_35' title="bbox 650 1944 2213 2016">
    <p class='ocr_par' dir='ltr' id='par_1_35' title="bbox 650 1944 2213 2016">
     <span class='ocr_line' id='line_1_35' title="bbox 650 1944 2213 2016; baseline 0.003 -18"><span class='ocrx_word' id='word_1_242' title='bbox 650 1944 876 1998; x_wconf 82' lang='lat' dir='ltr'><strong>molesta</strong></span> <span class='ocrx_word' id='word_1_243' title='bbox 919 1955 1065 2010; x_wconf 89' lang='lat' dir='ltr'><strong>sunt,</strong></span> <span class='ocrx_word' id='word_1_244' title='bbox 1096 1947 1163 2000; x_wconf 89' lang='lat' dir='ltr'><strong>ab</strong></span> <span class='ocrx_word' id='word_1_245' title='bbox 1191 1948 1340 2005; x_wconf 85' lang='lat' dir='ltr'><strong>hisce</strong></span> <span class='ocrx_word' id='word_1_246' title='bbox 1374 1949 1638 2016; x_wconf 84' lang='lat' dir='ltr'><strong>molestiis</strong></span> <span class='ocrx_word' id='word_1_247' title='bbox 1673 1950 2018 2004; x_wconf 87' lang='lat' dir='ltr'><strong>denominata</strong></span> <span class='ocrx_word' id='word_1_248' title='bbox 2067 1959 2213 2014; x_wconf 88' lang='lat' dir='ltr'><strong>sunt,</strong></span> 
     </span>
    </p>
   </div>
   <div class='ocr_carea' id='block_1_36' title="bbox 651 2036 2213 2107">
    <p class='ocr_par' dir='ltr' id='par_1_36' title="bbox 651 2036 2213 2107">
     <span class='ocr_line' id='line_1_36' title="bbox 651 2036 2213 2107; baseline 0.004 -18"><span class='ocrx_word' id='word_1_249' title='bbox 651 2036 887 2090; x_wconf 65' lang='lat' dir='ltr'><strong>tenebrae</strong></span> <span class='ocrx_word' id='word_1_250' title='bbox 922 2047 975 2091; x_wconf 88' lang='lat' dir='ltr'><strong>et</strong></span> <span class='ocrx_word' id='word_1_251' title='bbox 1006 2039 1205 2092; x_wconf 90' lang='lat' dir='ltr'><strong>stridor</strong></span> <span class='ocrx_word' id='word_1_252' title='bbox 1237 2040 1497 2103; x_wconf 86' lang='lat' dir='ltr'><strong>dentium,</strong></span> <span class='ocrx_word' id='word_1_253' title='bbox 1545 2050 1598 2093; x_wconf 89' lang='lat' dir='ltr'><strong>et</strong></span> <span class='ocrx_word' id='word_1_254' title='bbox 1657 2042 1836 2104; x_wconf 82' lang='lat' dir='ltr'><strong>dolor,</strong></span> <span class='ocrx_word' id='word_1_255' title='bbox 1884 2048 1938 2096; x_wconf 89' lang='lat' dir='ltr'><strong>et</strong></span> <span class='ocrx_word' id='word_1_256' title='bbox 1972 2043 2213 2107; x_wconf 89' lang='lat' dir='ltr'><strong>tristitia,</strong></span> 
     </span>
    </p>
   </div>
   <div class='ocr_carea' id='block_1_37' title="bbox 648 2128 2205 2203">
    <p class='ocr_par' dir='ltr' id='par_1_37' title="bbox 648 2128 2205 2203">
     <span class='ocr_line' id='line_1_37' title="bbox 648 2128 2205 2203; baseline 0.004 -23"><span class='ocrx_word' id='word_1_257' title='bbox 648 2138 703 2180; x_wconf 88' lang='lat' dir='ltr'><strong>et</strong></span> <span class='ocrx_word' id='word_1_258' title='bbox 735 2128 1041 2196; x_wconf 52' lang='lat' dir='ltr'><strong>singultus:</strong></span> <span class='ocrx_word' id='word_1_259' title='bbox 1079 2131 1193 2185; x_wconf 81' lang='lat' dir='ltr'><strong>b:ec</strong></span> <span class='ocrx_word' id='word_1_260' title='bbox 1219 2130 1365 2185; x_wconf 90' lang='lat' dir='ltr'><strong>enim</strong></span> <span class='ocrx_word' id='word_1_261' title='bbox 1396 2143 1521 2185; x_wconf 88' lang='lat' dir='ltr'><strong>sunt</strong></span> <span class='ocrx_word' id='word_1_262' title='bbox 1559 2131 1803 2201; x_wconf 63' lang='lat' dir='ltr'><strong>analugm</strong></span> <span class='ocrx_word' id='word_1_263' title='bbox 1854 2134 2205 2203; x_wconf 76' lang='lat' dir='ltr'><strong>signiﬁcatio-</strong></span> 
     </span>
    </p>
   </div>
   <div class='ocr_carea' id='block_1_38' title="bbox 648 2217 2208 2289">
    <p class='ocr_par' dir='ltr' id='par_1_38' title="bbox 648 2217 2208 2289">
     <span class='ocr_line' id='line_1_38' title="bbox 648 2217 2208 2289; baseline 0.004 -15"><span class='ocrx_word' id='word_1_264' title='bbox 648 2234 765 2284; x_wconf 82' lang='lat' dir='ltr'><strong>nes,</strong></span> <span class='ocrx_word' id='word_1_265' title='bbox 796 2234 915 2289; x_wconf 73' lang='lat' dir='ltr'><strong>qua:</strong></span> <span class='ocrx_word' id='word_1_266' title='bbox 945 2235 975 2273; x_wconf 88' lang='lat' dir='ltr'><strong>a</strong></span> <span class='ocrx_word' id='word_1_267' title='bbox 1014 2224 1240 2277; x_wconf 84' lang='lat' dir='ltr'><strong>veritate</strong></span> <span class='ocrx_word' id='word_1_268' title='bbox 1266 2217 1529 2277; x_wconf 87' lang='lat' dir='ltr'><strong>bonorum</strong></span> <span class='ocrx_word' id='word_1_269' title='bbox 1571 2239 1634 2278; x_wconf 85' lang='lat' dir='ltr'><strong>ac</strong></span> <span class='ocrx_word' id='word_1_270' title='bbox 1669 2224 2044 2279; x_wconf 86' lang='lat' dir='ltr'><strong>molestiarum</strong></span> <span class='ocrx_word' id='word_1_271' title='bbox 2075 2226 2208 2280; x_wconf 85' lang='lat' dir='ltr'><strong>ista-</strong></span> 
     </span>
    </p>
   </div>
   <div class='ocr_carea' id='block_1_39' title="bbox 648 2308 2205 2383">
    <p class='ocr_par' dir='ltr' id='par_1_39' title="bbox 648 2308 2205 2383">
     <span class='ocr_line' id='line_1_39' title="bbox 648 2308 2205 2383; baseline 0.004 -23"><span class='ocrx_word' id='word_1_272' title='bbox 648 2322 767 2361; x_wconf 85' lang='lat' dir='ltr'><strong>rum</strong></span> <span class='ocrx_word' id='word_1_273' title='bbox 791 2308 1009 2363; x_wconf 85' lang='lat' dir='ltr'><strong>omnino</strong></span> <span class='ocrx_word' id='word_1_274' title='bbox 1027 2308 1358 2380; x_wconf 86' lang='lat' dir='ltr'><strong>discrepant.</strong></span> <span class='ocrx_word' id='word_1_275' title='bbox 1382 2312 1541 2367; x_wconf 90' lang='lat' dir='ltr'><strong>Sinus</strong></span> <span class='ocrx_word' id='word_1_276' title='bbox 1563 2324 1744 2368; x_wconf 86' lang='lat' dir='ltr'><strong>autem</strong></span> <span class='ocrx_word' id='word_1_277' title='bbox 1767 2313 2205 2383; x_wconf 62' lang='lat' dir='ltr'><strong>patriarcharum</strong></span> 
     </span>
    </p>
   </div>
   <div class='ocr_carea' id='block_1_40' title="bbox 646 2405 2212 2473">
    <p class='ocr_par' dir='ltr' id='par_1_40' title="bbox 646 2405 2212 2473">
     <span class='ocr_line' id='line_1_40' title="bbox 646 2405 2212 2473; baseline 0.003 -19"><span class='ocrx_word' id='word_1_278' title='bbox 646 2412 1077 2473; x_wconf 67' lang='lat' dir='ltr'><strong>caeterurumque</strong></span> <span class='ocrx_word' id='word_1_279' title='bbox 1133 2413 1445 2459; x_wconf 88' lang='lat' dir='ltr'><strong>sanctorum</strong></span> <span class='ocrx_word' id='word_1_280' title='bbox 1499 2414 1627 2459; x_wconf 86' lang='lat' dir='ltr'><strong>sunt</strong></span> <span class='ocrx_word' id='word_1_281' title='bbox 1674 2405 2003 2459; x_wconf 59' lang='lat' dir='ltr'><strong>beatissima;</strong></span> <span class='ocrx_word' id='word_1_282' title='bbox 2059 2420 2212 2459; x_wconf 89' lang='lat' dir='ltr'><strong>man-</strong></span> 
     </span>
    </p>
   </div>
   <div class='ocr_carea' id='block_1_41' title="bbox 650 2490 2211 2566">
    <p class='ocr_par' dir='ltr' id='par_1_41' title="bbox 650 2490 2211 2566">
     <span class='ocr_line' id='line_1_41' title="bbox 650 2490 2211 2566; baseline 0.004 -23"><span class='ocrx_word' id='word_1_283' title='bbox 650 2490 835 2544; x_wconf 87' lang='lat' dir='ltr'><strong>siones</strong></span> <span class='ocrx_word' id='word_1_284' title='bbox 858 2530 873 2553; x_wconf 90' lang='lat'><strong>,</strong></span> <span class='ocrx_word' id='word_1_285' title='bbox 903 2506 1053 2561; x_wconf 65' lang='lat' dir='ltr'><strong>quin,</strong></span> <span class='ocrx_word' id='word_1_286' title='bbox 1092 2500 1149 2545; x_wconf 92' lang='lat' dir='ltr'><strong>ut</strong></span> <span class='ocrx_word' id='word_1_287' title='bbox 1178 2492 1391 2561; x_wconf 78' lang='lat' dir='ltr'><strong>opinor,</strong></span> <span class='ocrx_word' id='word_1_288' title='bbox 1424 2508 1453 2545; x_wconf 93' lang='lat' dir='ltr'><strong>a</strong></span> <span class='ocrx_word' id='word_1_289' title='bbox 1482 2495 1727 2549; x_wconf 83' lang='lat' dir='ltr'><strong>sinuosis</strong></span> <span class='ocrx_word' id='word_1_290' title='bbox 1779 2496 1945 2549; x_wconf 87' lang='lat' dir='ltr'><strong>maris</strong></span> <span class='ocrx_word' id='word_1_291' title='bbox 1987 2496 2211 2566; x_wconf 72' lang='lat' dir='ltr'><strong>gremiis</strong></span> 
     </span>
    </p>
   </div>
   <div class='ocr_carea' id='block_1_42' title="bbox 644 2569 2209 2657">
    <p class='ocr_par' dir='ltr' id='par_1_42' title="bbox 644 2569 2209 2657">
     <span class='ocr_line' id='line_1_42' title="bbox 644 2569 2209 2657; baseline 0.006 -23"><span class='ocrx_word' id='word_1_292' title='bbox 644 2595 709 2634; x_wconf 83' lang='lat' dir='ltr'><strong>ac</strong></span> <span class='ocrx_word' id='word_1_293' title='bbox 738 2582 998 2655; x_wconf 81' lang='lat' dir='ltr'><strong>portubus</strong></span> <span class='ocrx_word' id='word_1_294' title='bbox 1042 2586 1257 2637; x_wconf 83' lang='lat' dir='ltr'><strong>navium</strong></span> <span class='ocrx_word' id='word_1_295' title='bbox 1311 2586 1491 2652; x_wconf 87' lang='lat' dir='ltr'><strong>potius</strong></span> <span class='ocrx_word' id='word_1_296' title='bbox 1519 2569 1911 2653; x_wconf 82' lang='lat' dir='ltr'><strong>desumuntur,</strong></span> <span class='ocrx_word' id='word_1_297' title='bbox 1962 2602 2123 2657; x_wconf 81' lang='lat' dir='ltr'><strong>quam</strong></span> <span class='ocrx_word' id='word_1_298' title='bbox 2180 2604 2209 2643; x_wconf 85' lang='lat' dir='ltr'><strong>a</strong></span> 
     </span>
    </p>
   </div>
   <div class='ocr_carea' id='block_1_43' title="bbox 644 2670 2210 2745">
    <p class='ocr_par' dir='ltr' id='par_1_43' title="bbox 644 2670 2210 2745">
     <span class='ocr_line' id='line_1_43' title="bbox 644 2670 2210 2745; baseline 0.004 -21"><span class='ocrx_word' id='word_1_299' title='bbox 644 2670 767 2724; x_wconf 87' lang='lat' dir='ltr'><strong>sinu</strong></span> <span class='ocrx_word' id='word_1_300' title='bbox 794 2673 1047 2727; x_wconf 87' lang='lat' dir='ltr'><strong>vestium.</strong></span> <span class='ocrx_word' id='word_1_301' title='bbox 1099 2672 1568 2739; x_wconf 81' lang='lat' dir='ltr'><strong>Quemadmodum</strong></span> <span class='ocrx_word' id='word_1_302' title='bbox 1628 2676 1771 2729; x_wconf 88' lang='lat' dir='ltr'><strong>enim</strong></span> <span class='ocrx_word' id='word_1_303' title='bbox 1803 2677 1894 2745; x_wconf 87' lang='lat' dir='ltr'><strong>qui</strong></span> <span class='ocrx_word' id='word_1_304' title='bbox 1940 2677 1990 2729; x_wconf 92' lang='lat' dir='ltr'><strong>in</strong></span> <span class='ocrx_word' id='word_1_305' title='bbox 2043 2676 2210 2731; x_wconf 86' lang='lat' dir='ltr'><strong>maris</strong></span> 
     </span>
    </p>
   </div>
   <div class='ocr_carea' id='block_1_44' title="bbox 645 2765 2209 2832">
    <p class='ocr_par' dir='ltr' id='par_1_44' title="bbox 645 2765 2209 2832">
     <span class='ocr_line' id='line_1_44' title="bbox 645 2765 2209 2832; baseline 0.004 -19"><span class='ocrx_word' id='word_1_306' title='bbox 645 2768 972 2830; x_wconf 80' lang='lat' dir='ltr'><strong>tempestate</strong></span> <span class='ocrx_word' id='word_1_307' title='bbox 1000 2774 1315 2831; x_wconf 75' lang='lat' dir='ltr'><strong>versantur,</strong></span> <span class='ocrx_word' id='word_1_308' title='bbox 1344 2765 1409 2818; x_wconf 92' lang='lat' dir='ltr'><strong>ad</strong></span> <span class='ocrx_word' id='word_1_309' title='bbox 1444 2766 1691 2821; x_wconf 81' lang='lat' dir='ltr'><strong>marinos</strong></span> <span class='ocrx_word' id='word_1_310' title='bbox 1722 2768 1874 2821; x_wconf 83' lang='lat' dir='ltr'><strong>sinus</strong></span> <span class='ocrx_word' id='word_1_311' title='bbox 1903 2769 2209 2832; x_wconf 83' lang='lat' dir='ltr'><strong>attendunt,</strong></span> 
     </span>
    </p>
   </div>
   <div class='ocr_carea' id='block_1_45' title="bbox 644 2852 2211 2929">
    <p class='ocr_par' dir='ltr' id='par_1_45' title="bbox 644 2852 2211 2929">
     <span class='ocr_line' id='line_1_45' title="bbox 644 2852 2211 2929; baseline 0.002 -21"><span class='ocrx_word' id='word_1_312' title='bbox 644 2852 700 2908; x_wconf 88' lang='lat' dir='ltr'><strong>in</strong></span> <span class='ocrx_word' id='word_1_313' title='bbox 729 2854 929 2923; x_wconf 84' lang='lat' dir='ltr'><strong>quibus</strong></span> <span class='ocrx_word' id='word_1_314' title='bbox 978 2865 1033 2909; x_wconf 89' lang='lat' dir='ltr'><strong>et</strong></span> <span class='ocrx_word' id='word_1_315' title='bbox 1079 2856 1340 2925; x_wconf 88' lang='lat' dir='ltr'><strong>quietiori</strong></span> <span class='ocrx_word' id='word_1_316' title='bbox 1372 2872 1505 2910; x_wconf 87' lang='lat' dir='ltr'><strong>aura</strong></span> <span class='ocrx_word' id='word_1_317' title='bbox 1542 2857 1831 2923; x_wconf 87' lang='lat' dir='ltr'><strong>fruuntur,</strong></span> <span class='ocrx_word' id='word_1_318' title='bbox 1864 2870 1919 2912; x_wconf 92' lang='lat' dir='ltr'><strong>et</strong></span> <span class='ocrx_word' id='word_1_319' title='bbox 1946 2859 2014 2913; x_wconf 91' lang='lat' dir='ltr'><strong>ab</strong></span> <span class='ocrx_word' id='word_1_320' title='bbox 2043 2860 2211 2929; x_wconf 76' lang='lat' dir='ltr'><strong>agita-</strong></span> 
     </span>
    </p>
   </div>
   <div class='ocr_carea' id='block_1_46' title="bbox 647 2944 2209 3019">
    <p class='ocr_par' dir='ltr' id='par_1_46' title="bbox 647 2944 2209 3019">
     <span class='ocr_line' id='line_1_46' title="bbox 647 2944 2209 3019; baseline 0.003 -20"><span class='ocrx_word' id='word_1_321' title='bbox 647 2944 881 3000; x_wconf 84' lang='lat' dir='ltr'><strong>tionibus</strong></span> <span class='ocrx_word' id='word_1_322' title='bbox 932 2948 1251 3016; x_wconf 79' lang='lat' dir='ltr'><strong>quiescuut;</strong></span> <span class='ocrx_word' id='word_1_323' title='bbox 1302 2949 1374 3001; x_wconf 87' lang='lat' dir='ltr'><strong>ita</strong></span> <span class='ocrx_word' id='word_1_324' title='bbox 1422 2964 1634 3019; x_wconf 89' lang='lat' dir='ltr'><strong>quoque</strong></span> <span class='ocrx_word' id='word_1_325' title='bbox 1675 2950 1769 3018; x_wconf 88' lang='lat' dir='ltr'><strong>qui</strong></span> <span class='ocrx_word' id='word_1_326' title='bbox 1826 2950 1880 3004; x_wconf 87' lang='lat' dir='ltr'><strong>in</strong></span> <span class='ocrx_word' id='word_1_327' title='bbox 1928 2951 2031 3004; x_wconf 87' lang='lat' dir='ltr'><strong>hac</strong></span> <span class='ocrx_word' id='word_1_328' title='bbox 2090 2951 2209 3004; x_wconf 87' lang='lat' dir='ltr'><strong>vita</strong></span> 
     </span>
    </p>
   </div>
   <div class='ocr_carea' id='block_1_47' title="bbox 646 3037 2211 3113">
    <p class='ocr_par' dir='ltr' id='par_1_47' title="bbox 646 3037 2211 3113">
     <span class='ocr_line' id='line_1_47' title="bbox 646 3037 2211 3113; baseline 0.003 -20"><span class='ocrx_word' id='word_1_329' title='bbox 646 3037 1064 3106; x_wconf 82' lang='lat' dir='ltr'><strong>tempestatibus</strong></span> <span class='ocrx_word' id='word_1_330' title='bbox 1105 3039 1301 3107; x_wconf 86' lang='lat' dir='ltr'><strong>jactati</strong></span> <span class='ocrx_word' id='word_1_331' title='bbox 1346 3049 1506 3109; x_wconf 85' lang='lat' dir='ltr'><strong>sunt,</strong></span> <span class='ocrx_word' id='word_1_332' title='bbox 1551 3044 1603 3096; x_wconf 90' lang='lat' dir='ltr'><strong>in</strong></span> <span class='ocrx_word' id='word_1_333' title='bbox 1641 3044 1855 3098; x_wconf 85' lang='lat' dir='ltr'><strong>sinibus</strong></span> <span class='ocrx_word' id='word_1_334' title='bbox 1900 3042 2061 3113; x_wconf 70' lang='grc'><strong>277</strong></span> <span class='ocrx_word' id='word_1_335' title='bbox 2093 3045 2211 3099; x_wconf 77' lang='lat' dir='ltr'><strong>istis</strong></span> 
     </span>
    </p>
   </div>
   <div class='ocr_carea' id='block_1_48' title="bbox 644 3105 2279 3205">
    <p class='ocr_par' dir='ltr' id='par_1_48' title="bbox 644 3105 2279 3205">
     <span class='ocr_line' id='line_1_48' title="bbox 644 3105 2279 3205; baseline 0.005 -20"><span class='ocrx_word' id='word_1_336' title='bbox 644 3128 1079 3201; x_wconf 83' lang='lat' dir='ltr'><strong>conquiescunt,</strong></span> <span class='ocrx_word' id='word_1_337' title='bbox 1109 3105 1294 3187; x_wconf 80' lang='lat' dir='ltr'><strong>modo</strong></span> <span class='ocrx_word' id='word_1_338' title='bbox 1346 3106 1559 3189; x_wconf 85' lang='lat' dir='ltr'><strong>scilicet</strong></span> <span class='ocrx_word' id='word_1_339' title='bbox 1610 3149 1642 3189; x_wconf 90' lang='lat' dir='ltr'><strong>e</strong></span> <span class='ocrx_word' id='word_1_340' title='bbox 1682 3105 2206 3205; x_wconf 57' lang='lat' dir='ltr'><strong>periculisiuiimam</strong></span> <span class='ocrx_word' id='word_1_341' title='bbox 2236 3105 2279 3165; x_wconf 64' lang='grc' dir='ltr'><strong><em>ε</em></strong></span> 
     </span>
    </p>
   </div>
   <div class='ocr_carea' id='block_1_49' title="bbox 645 3223 2211 3298">
    <p class='ocr_par' dir='ltr' id='par_1_49' title="bbox 645 3223 2211 3298">
     <span class='ocr_line' id='line_1_49' title="bbox 645 3223 2211 3298; baseline 0.008 -24"><span class='ocrx_word' id='word_1_342' title='bbox 645 3236 800 3298; x_wconf 77' lang='lat' dir='ltr'><strong>suam</strong></span> <span class='ocrx_word' id='word_1_343' title='bbox 831 3223 1176 3277; x_wconf 70' lang='lat' dir='ltr'><strong>vindicarint.</strong></span> <span class='ocrx_word' id='word_1_344' title='bbox 1216 3223 1310 3281; x_wconf 90' lang='lat' dir='ltr'><strong>Sin</strong></span> <span class='ocrx_word' id='word_1_345' title='bbox 1356 3241 1483 3280; x_wconf 85' lang='lat' dir='ltr'><strong>vero</strong></span> <span class='ocrx_word' id='word_1_346' title='bbox 1512 3228 1670 3284; x_wconf 88' lang='lat' dir='ltr'><strong>sinus</strong></span> <span class='ocrx_word' id='word_1_347' title='bbox 1712 3229 1879 3284; x_wconf 83' lang='lat' dir='ltr'><strong>etiam</strong></span> <span class='ocrx_word' id='word_1_348' title='bbox 1912 3245 1942 3283; x_wconf 90' lang='lat' dir='ltr'><strong>a</strong></span> <span class='ocrx_word' id='word_1_349' title='bbox 1970 3230 2211 3286; x_wconf 80' lang='lat' dir='ltr'><strong>vestibus</strong></span> 
     </span>
    </p>
   </div>
   <div class='ocr_carea' id='block_1_50' title="bbox 645 3311 2210 3383">
    <p class='ocr_par' dir='ltr' id='par_1_50' title="bbox 645 3311 2210 3383">
     <span class='ocr_line' id='line_1_50' title="bbox 645 3311 2210 3383; baseline 0.006 -17"><span class='ocrx_word' id='word_1_350' title='bbox 645 3311 855 3367; x_wconf 80' lang='lat' dir='ltr'><strong>nostris</strong></span> <span class='ocrx_word' id='word_1_351' title='bbox 881 3315 1058 3383; x_wconf 81' lang='lat' dir='ltr'><strong>accipi</strong></span> <span class='ocrx_word' id='word_1_352' title='bbox 1089 3314 1411 3380; x_wconf 83' lang='lat' dir='ltr'><strong>dixerimus,</strong></span> <span class='ocrx_word' id='word_1_353' title='bbox 1447 3315 1596 3383; x_wconf 77' lang='lat' dir='ltr'><strong>juxta</strong></span> <span class='ocrx_word' id='word_1_354' title='bbox 1626 3319 1787 3373; x_wconf 90' lang='lat' dir='ltr'><strong>illud:</strong></span> <span class='ocrx_word' id='word_1_355' title='bbox 1814 3318 1883 3376; x_wconf 90' lang='lat' dir='ltr'><strong>Ut</strong></span> <span class='ocrx_word' id='word_1_356' title='bbox 1912 3334 2010 3375; x_wconf 80' lang='lat' dir='ltr'><strong>nos</strong></span> <span class='ocrx_word' id='word_1_357' title='bbox 2033 3319 2210 3375; x_wconf 85' lang='lat' dir='ltr'><strong>foveat</strong></span> 
     </span>
    </p>
   </div>
   <div class='ocr_carea' id='block_1_51' title="bbox 644 3402 2208 3483">
    <p class='ocr_par' dir='ltr' id='par_1_51' title="bbox 644 3402 2208 3483">
     <span class='ocr_line' id='line_1_51' title="bbox 644 3402 2208 3483; baseline 0.005 -26"><span class='ocrx_word' id='word_1_358' title='bbox 644 3402 801 3483; x_wconf 76' lang='lat' dir='ltr'><strong>sinus</strong></span> <span class='ocrx_word' id='word_1_359' title='bbox 843 3403 1093 3469; x_wconf 71' lang='lat' dir='ltr'><strong>Abrahae,</strong></span> <span class='ocrx_word' id='word_1_360' title='bbox 1143 3409 1533 3462; x_wconf 82' lang='lat' dir='ltr'><strong>convenienter</strong></span> <span class='ocrx_word' id='word_1_361' title='bbox 1564 3408 1665 3463; x_wconf 87' lang='lat' dir='ltr'><strong>hoc</strong></span> <span class='ocrx_word' id='word_1_362' title='bbox 1697 3424 1915 3479; x_wconf 86' lang='lat' dir='ltr'><strong>quoque</strong></span> <span class='ocrx_word' id='word_1_363' title='bbox 1941 3410 2208 3480; x_wconf 78' lang='lat' dir='ltr'><strong>explicari</strong></span> 
     </span>
    </p>
   </div>
   <div class='ocr_carea' id='block_1_52' title="bbox 645 3491 2210 3579">
    <p class='ocr_par' dir='ltr' id='par_1_52' title="bbox 645 3491 2210 3579">
     <span class='ocr_line' id='line_1_52' title="bbox 645 3491 2210 3579; baseline 0.007 -33"><span class='ocrx_word' id='word_1_364' title='bbox 645 3491 837 3565; x_wconf 85' lang='lat' dir='ltr'><strong>possit,</strong></span> <span class='ocrx_word' id='word_1_365' title='bbox 866 3495 1011 3562; x_wconf 81' lang='lat' dir='ltr'><strong>quod</strong></span> <span class='ocrx_word' id='word_1_366' title='bbox 1039 3494 1297 3551; x_wconf 88' lang='lat' dir='ltr'><strong>nimirum</strong></span> <span class='ocrx_word' id='word_1_367' title='bbox 1325 3497 1603 3579; x_wconf 81' lang='lat' dir='ltr'><strong>Abraham</strong></span> <span class='ocrx_word' id='word_1_368' title='bbox 1636 3500 1844 3568; x_wconf 87' lang='lat' dir='ltr'><strong>primus</strong></span> <span class='ocrx_word' id='word_1_369' title='bbox 1871 3502 1939 3555; x_wconf 89' lang='lat' dir='ltr'><strong>ad</strong></span> <span class='ocrx_word' id='word_1_370' title='bbox 1968 3492 2063 3557; x_wconf 83' lang='lat' dir='ltr'><strong>Dei</strong></span> <span class='ocrx_word' id='word_1_371' title='bbox 2112 3498 2210 3557; x_wconf 76' lang='lat' dir='ltr'><strong>ho-</strong></span> 
     </span>
    </p>
   </div>
   <div class='ocr_carea' id='block_1_53' title="bbox 648 3586 2207 3654">
    <p class='ocr_par' dir='ltr' id='par_1_53' title="bbox 648 3586 2207 3654">
     <span class='ocr_line' id='line_1_53' title="bbox 648 3586 2207 3654; baseline 0.005 -11"><span class='ocrx_word' id='word_1_372' title='bbox 648 3586 821 3643; x_wconf 85' lang='lat' dir='ltr'><strong>titiam</strong></span> <span class='ocrx_word' id='word_1_373' title='bbox 871 3587 1139 3642; x_wconf 82' lang='lat' dir='ltr'><strong>adductus</strong></span> <span class='ocrx_word' id='word_1_374' title='bbox 1166 3591 1236 3644; x_wconf 84' lang='lat' dir='ltr'><strong>sit</strong></span> <span class='ocrx_word' id='word_1_375' title='bbox 1261 3629 1277 3654; x_wconf 85' lang='lat'><strong>,</strong></span> <span class='ocrx_word' id='word_1_376' title='bbox 1332 3601 1387 3645; x_wconf 88' lang='lat' dir='ltr'><strong>et</strong></span> <span class='ocrx_word' id='word_1_377' title='bbox 1419 3591 1529 3647; x_wconf 85' lang='lat' dir='ltr'><strong>Deo</strong></span> <span class='ocrx_word' id='word_1_378' title='bbox 1560 3592 1852 3650; x_wconf 77' lang='lat' dir='ltr'><strong>familiaris</strong></span> <span class='ocrx_word' id='word_1_379' title='bbox 1882 3595 2157 3651; x_wconf 83' lang='lat' dir='ltr'><strong>exstiterit</strong></span> <span class='ocrx_word' id='word_1_380' title='bbox 2190 3610 2207 3651; x_wconf 89' lang='lat'><strong>:</strong></span> 
     </span>
    </p>
   </div>
   <div class='ocr_carea' id='block_1_54' title="bbox 646 3675 2210 3753">
    <p class='ocr_par' dir='ltr' id='par_1_54' title="bbox 646 3675 2210 3753">
     <span class='ocr_line' id='line_1_54' title="bbox 646 3675 2210 3753; baseline 0.008 -27"><span class='ocrx_word' id='word_1_381' title='bbox 646 3676 730 3729; x_wconf 89' lang='lat' dir='ltr'><strong>vel</strong></span> <span class='ocrx_word' id='word_1_382' title='bbox 761 3675 905 3745; x_wconf 86' lang='lat' dir='ltr'><strong>quod</strong></span> <span class='ocrx_word' id='word_1_383' title='bbox 953 3685 1109 3744; x_wconf 90' lang='lat' dir='ltr'><strong>pater</strong></span> <span class='ocrx_word' id='word_1_384' title='bbox 1154 3678 1448 3734; x_wconf 77' lang='lat' dir='ltr'><strong>multarum</strong></span> <span class='ocrx_word' id='word_1_385' title='bbox 1490 3683 1728 3751; x_wconf 78' lang='lat' dir='ltr'><strong>gentium</strong></span> <span class='ocrx_word' id='word_1_386' title='bbox 1775 3682 2077 3753; x_wconf 85' lang='lat' dir='ltr'><strong>appellatus</strong></span> <span class='ocrx_word' id='word_1_387' title='bbox 2115 3684 2210 3750; x_wconf 88' lang='lat' dir='ltr'><strong>sit,</strong></span> 
     </span>
    </p>
   </div>
   <div class='ocr_carea' id='block_1_55' title="bbox 646 3767 2211 3843">
    <p class='ocr_par' dir='ltr' id='par_1_55' title="bbox 646 3767 2211 3843">
     <span class='ocr_line' id='line_1_55' title="bbox 646 3767 2211 3843; baseline 0.006 -22"><span class='ocrx_word' id='word_1_388' title='bbox 646 3780 836 3822; x_wconf 85' lang='lat' dir='ltr'><strong>earum</strong></span> <span class='ocrx_word' id='word_1_389' title='bbox 875 3767 1087 3823; x_wconf 83' lang='lat' dir='ltr'><strong>scilicet</strong></span> <span class='ocrx_word' id='word_1_390' title='bbox 1123 3784 1246 3838; x_wconf 60' lang='lat' dir='ltr'><strong>quae</strong></span> <span class='ocrx_word' id='word_1_391' title='bbox 1278 3772 1576 3827; x_wconf 89' lang='lat' dir='ltr'><strong>secundum</strong></span> <span class='ocrx_word' id='word_1_392' title='bbox 1608 3771 1882 3831; x_wconf 82' lang='lat' dir='ltr'><strong>Christum</strong></span> <span class='ocrx_word' id='word_1_393' title='bbox 1931 3785 2091 3843; x_wconf 83' lang='lat' dir='ltr'><strong>sunt;</strong></span> <span class='ocrx_word' id='word_1_394' title='bbox 2124 3776 2211 3833; x_wconf 85' lang='lat' dir='ltr'><strong>vel</strong></span> 
     </span>
    </p>
   </div>
   <div class='ocr_carea' id='block_1_56' title="bbox 647 3859 2211 3930">
    <p class='ocr_par' dir='ltr' id='par_1_56' title="bbox 647 3859 2211 3930">
     <span class='ocr_line' id='line_1_56' title="bbox 647 3859 2211 3930; baseline 0.009 -21"><span class='ocrx_word' id='word_1_395' title='bbox 647 3866 870 3927; x_wconf 87' lang='lat' dir='ltr'><strong>propter</strong></span> <span class='ocrx_word' id='word_1_396' title='bbox 913 3859 1239 3926; x_wconf 65' lang='lat' dir='ltr'><strong>patriarcha:</strong></span> <span class='ocrx_word' id='word_1_397' title='bbox 1291 3861 1755 3930; x_wconf 84' lang='lat' dir='ltr'><strong>hospitalitatem,</strong></span> <span class='ocrx_word' id='word_1_398' title='bbox 1803 3866 1910 3920; x_wconf 89' lang='lat' dir='ltr'><strong>ista</strong></span> <span class='ocrx_word' id='word_1_399' title='bbox 1958 3865 2211 3923; x_wconf 86' lang='lat' dir='ltr'><strong>facientis</strong></span> 
     </span>
    </p>
   </div>
   <div class='ocr_carea' id='block_1_57' title="bbox 649 3948 2208 4028">
    <p class='ocr_par' dir='ltr' id='par_1_57' title="bbox 649 3948 2208 4028">
     <span class='ocr_line' id='line_1_57' title="bbox 649 3948 2208 4028; baseline 0.005 -24"><span class='ocrx_word' id='word_1_400' title='bbox 649 3948 704 4004; x_wconf 90' lang='lat' dir='ltr'><strong>in</strong></span> <span class='ocrx_word' id='word_1_401' title='bbox 737 3951 835 4001; x_wconf 89' lang='lat' dir='ltr'><strong>bac</strong></span> <span class='ocrx_word' id='word_1_402' title='bbox 860 3950 971 4000; x_wconf 81' lang='lat' dir='ltr'><strong>vita</strong></span> <span class='ocrx_word' id='word_1_403' title='bbox 995 3989 1012 4013; x_wconf 85' lang='lat'><strong>,</strong></span> <span class='ocrx_word' id='word_1_404' title='bbox 1062 3960 1288 4019; x_wconf 84' lang='lat' dir='ltr'><strong>propter</strong></span> <span class='ocrx_word' id='word_1_405' title='bbox 1314 3966 1435 4021; x_wconf 61' lang='lat' dir='ltr'><strong>quae</strong></span> <span class='ocrx_word' id='word_1_406' title='bbox 1467 3956 1650 4008; x_wconf 88' lang='lat' dir='ltr'><strong>mundi</strong></span> <span class='ocrx_word' id='word_1_407' title='bbox 1679 3956 1927 4014; x_wconf 84' lang='lat' dir='ltr'><strong>conditor</strong></span> <span class='ocrx_word' id='word_1_408' title='bbox 1956 3972 2019 4013; x_wconf 88' lang='lat' dir='ltr'><strong>ac</strong></span> <span class='ocrx_word' id='word_1_409' title='bbox 2038 3957 2208 4028; x_wconf 80' lang='lat' dir='ltr'><strong>judex</strong></span> 
     </span>
    </p>
   </div>
   <div class='ocr_carea' id='block_1_58' title="bbox 642 4030 1666 4113">
    <p class='ocr_par' dir='ltr' id='par_1_58' title="bbox 642 4030 1666 4113">
     <span class='ocr_line' id='line_1_58' title="bbox 642 4030 1666 4113; baseline 0.013 -24"><span class='ocrx_word' id='word_1_410' title='bbox 642 4030 817 4110; x_wconf 81' lang='lat' dir='ltr'><strong>justos</strong></span> <span class='ocrx_word' id='word_1_411' title='bbox 849 4040 1110 4095; x_wconf 64' lang='lat' dir='ltr'><strong>calorum</strong></span> <span class='ocrx_word' id='word_1_412' title='bbox 1152 4058 1317 4113; x_wconf 74' lang='lat' dir='ltr'><strong>regno</strong></span> <span class='ocrx_word' id='word_1_413' title='bbox 1348 4046 1666 4102; x_wconf 74' lang='lat' dir='ltr'><strong>honorabit.</strong></span> 
     </span>
    </p>
   </div>
   <div class='ocr_carea' id='block_1_59' title="bbox 718 4129 2207 4207">
    <p class='ocr_par' dir='ltr' id='par_1_59' title="bbox 718 4129 2207 4207">
     <span class='ocr_line' id='line_1_59' title="bbox 718 4129 2207 4207; baseline 0.011 -23"><span class='ocrx_word' id='word_1_414' title='bbox 718 4129 747 4203; x_wconf 67' lang='grc' dir='ltr'><strong>ς</strong></span> <span class='ocrx_word' id='word_1_415' title='bbox 773 4129 854 4185; x_wconf 79' lang='lat' dir='ltr'><strong>VI.</strong></span> <span class='ocrx_word' id='word_1_416' title='bbox 876 4133 981 4186; x_wconf 76' lang='lat' dir='ltr'><strong>Sed</strong></span> <span class='ocrx_word' id='word_1_417' title='bbox 1003 4134 1115 4187; x_wconf 70' lang='lat' dir='ltr'><strong>haec</strong></span> <span class='ocrx_word' id='word_1_418' title='bbox 1141 4133 1392 4193; x_wconf 82' lang='lat' dir='ltr'><strong>fortassis</strong></span> <span class='ocrx_word' id='word_1_419' title='bbox 1415 4139 1634 4207; x_wconf 88' lang='lat' dir='ltr'><strong>quidem</strong></span> <span class='ocrx_word' id='word_1_420' title='bbox 1665 4141 1799 4196; x_wconf 84' lang='lat' dir='ltr'><strong>satis</strong></span> <span class='ocrx_word' id='word_1_421' title='bbox 1830 4142 2207 4201; x_wconf 87' lang='lat' dir='ltr'><strong>demonstrata</strong></span> 
     </span>
    </p>
   </div>
   <div class='ocr_carea' id='block_1_60' title="bbox 644 4220 2208 4308">
    <p class='ocr_par' dir='ltr' id='par_1_60' title="bbox 644 4220 2208 4308">
     <span class='ocr_line' id='line_1_60' title="bbox 644 4220 2208 4308; baseline 0.009 -29"><span class='ocrx_word' id='word_1_422' title='bbox 644 4224 792 4290; x_wconf 80' lang='lat' dir='ltr'><strong>sint,</strong></span> <span class='ocrx_word' id='word_1_423' title='bbox 824 4220 1106 4282; x_wconf 83' lang='lat' dir='ltr'><strong>dubitabis</strong></span> <span class='ocrx_word' id='word_1_424' title='bbox 1150 4236 1333 4283; x_wconf 87' lang='lat' dir='ltr'><strong>tamen</strong></span> <span class='ocrx_word' id='word_1_425' title='bbox 1378 4232 1447 4287; x_wconf 88' lang='lat' dir='ltr'><strong>de</strong></span> <span class='ocrx_word' id='word_1_426' title='bbox 1494 4247 1658 4302; x_wconf 90' lang='lat' dir='ltr'><strong>prece</strong></span> <span class='ocrx_word' id='word_1_427' title='bbox 1714 4236 2005 4302; x_wconf 84' lang='lat' dir='ltr'><strong>antistitis,</strong></span> <span class='ocrx_word' id='word_1_428' title='bbox 2044 4253 2208 4308; x_wconf 87' lang='lat' dir='ltr'><strong>quam</strong></span> 
     </span>
    </p>
   </div>
   <div class='ocr_carea' id='block_1_61' title="bbox 647 4310 2209 4396">
    <p class='ocr_par' dir='ltr' id='par_1_61' title="bbox 647 4310 2209 4396">
     <span class='ocr_line' id='line_1_61' title="bbox 647 4310 2209 4396; baseline 0.01 -30"><span class='ocrx_word' id='word_1_429' title='bbox 647 4314 776 4367; x_wconf 87' lang='lat' dir='ltr'><strong>facit</strong></span> <span class='ocrx_word' id='word_1_430' title='bbox 802 4330 898 4384; x_wconf 92' lang='lat' dir='ltr'><strong>pro</strong></span> <span class='ocrx_word' id='word_1_431' title='bbox 924 4316 991 4371; x_wconf 92' lang='lat' dir='ltr'><strong>iis</strong></span> <span class='ocrx_word' id='word_1_432' title='bbox 1021 4319 1113 4387; x_wconf 89' lang='lat' dir='ltr'><strong>qui</strong></span> <span class='ocrx_word' id='word_1_433' title='bbox 1138 4324 1189 4373; x_wconf 90' lang='lat' dir='ltr'><strong>in</strong></span> <span class='ocrx_word' id='word_1_434' title='bbox 1210 4324 1449 4388; x_wconf 81' lang='lat' dir='ltr'><strong>peccatis</strong></span> <span class='ocrx_word' id='word_1_435' title='bbox 1477 4322 1717 4379; x_wconf 89' lang='lat' dir='ltr'><strong>defuncti</strong></span> <span class='ocrx_word' id='word_1_436' title='bbox 1746 4337 1904 4393; x_wconf 88' lang='lat' dir='ltr'><strong>sunt;</strong></span> <span class='ocrx_word' id='word_1_437' title='bbox 1935 4310 2209 4396; x_wconf 83' lang='lat' dir='ltr'><strong>quomodo</strong></span> 
     </span>
    </p>
   </div>
   <div class='ocr_carea' id='block_1_62' title="bbox 2316 1868 3895 1941">
    <p class='ocr_par' dir='ltr' id='par_1_62' title="bbox 2316 1868 3895 1941">
     <span class='ocr_line' id='line_1_62' title="bbox 2316 1868 3895 1941; baseline 0.001 -20"><span class='ocrx_word' id='word_1_438' title='bbox 2316 1869 2591 1939; x_wconf 80' lang='grc' dir='ltr'>ὀφθαλμὸς</span> <span class='ocrx_word' id='word_1_439' title='bbox 2620 1872 2720 1925; x_wconf 73' lang='grc' dir='ltr'><strong>οὐκ</strong></span> <span class='ocrx_word' id='word_1_440' title='bbox 2747 1868 2853 1924; x_wconf 79' lang='grc' dir='ltr'>εἶδε</span> <span class='ocrx_word' id='word_1_441' title='bbox 2878 1913 2891 1936; x_wconf 87' lang='grc'><strong>,</strong></span> <span class='ocrx_word' id='word_1_442' title='bbox 2922 1873 3015 1926; x_wconf 75' lang='grc' dir='ltr'>καὶ</span> <span class='ocrx_word' id='word_1_443' title='bbox 3041 1869 3133 1935; x_wconf 76' lang='grc' dir='ltr'>οὖς</span> <span class='ocrx_word' id='word_1_444' title='bbox 3162 1874 3263 1925; x_wconf 86' lang='grc' dir='ltr'><strong>οὐκ</strong></span> <span class='ocrx_word' id='word_1_445' title='bbox 3306 1873 3536 1941; x_wconf 76' lang='grc' dir='ltr'>ἧκουσεν</span> <span class='ocrx_word' id='word_1_446' title='bbox 3556 1888 3567 1901; x_wconf 88' lang='grc'>·</span> <span class='ocrx_word' id='word_1_447' title='bbox 3614 1871 3757 1923; x_wconf 75' lang='grc' dir='ltr'>οὕτω</span> <span class='ocrx_word' id='word_1_448' title='bbox 3795 1872 3895 1923; x_wconf 80' lang='grc' dir='ltr'><strong>καὶ</strong></span> 
     </span>
    </p>
   </div>
   <div class='ocr_carea' id='block_1_63' title="bbox 2314 1959 3893 2031">
    <p class='ocr_par' dir='ltr' id='par_1_63' title="bbox 2314 1959 3893 2031">
     <span class='ocr_line' id='line_1_63' title="bbox 2314 1959 3893 2031; baseline 0.002 -21"><span class='ocrx_word' id='word_1_449' title='bbox 2314 1959 2384 2011; x_wconf 74' lang='grc' dir='ltr'>τὰ</span> <span class='ocrx_word' id='word_1_450' title='bbox 2411 1960 2590 2012; x_wconf 74' lang='grc' dir='ltr'>ἐκεῖσε</span> <span class='ocrx_word' id='word_1_451' title='bbox 2619 1960 2854 2031; x_wconf 83' lang='grc' dir='ltr'>δυσχερῆ</span> <span class='ocrx_word' id='word_1_452' title='bbox 2879 1963 2987 2017; x_wconf 82' lang='grc' dir='ltr'><strong>ἀπὸ</strong></span> <span class='ocrx_word' id='word_1_453' title='bbox 3012 1962 3119 2015; x_wconf 82' lang='grc' dir='ltr'><strong>τῶν</strong></span> <span class='ocrx_word' id='word_1_454' title='bbox 3153 1962 3383 2015; x_wconf 77' lang='grc' dir='ltr'>ἐνταῦθα</span> <span class='ocrx_word' id='word_1_455' title='bbox 3411 1960 3682 2031; x_wconf 81' lang='grc' dir='ltr'>δυσχερῶν</span> <span class='ocrx_word' id='word_1_456' title='bbox 3710 1976 3893 2013; x_wconf 74' lang='grc' dir='ltr'>κατω-</span> 
     </span>
    </p>
   </div>
   <div class='ocr_carea' id='block_1_64' title="bbox 2316 2049 3892 2127">
    <p class='ocr_par' dir='ltr' id='par_1_64' title="bbox 2316 2049 3892 2127">
     <span class='ocr_line' id='line_1_64' title="bbox 2316 2049 3892 2127; baseline 0.001 -24"><span class='ocrx_word' id='word_1_457' title='bbox 2316 2049 2680 2120; x_wconf 87' lang='grc' dir='ltr'>νομάσθησαν,</span> <span class='ocrx_word' id='word_1_458' title='bbox 2712 2054 2919 2117; x_wconf 86' lang='grc' dir='ltr'>σκότος,</span> <span class='ocrx_word' id='word_1_459' title='bbox 2950 2056 3041 2107; x_wconf 75' lang='grc' dir='ltr'>καὶ</span> <span class='ocrx_word' id='word_1_460' title='bbox 3065 2055 3304 2127; x_wconf 80' lang='grc' dir='ltr'>βρυγμὸς</span> <span class='ocrx_word' id='word_1_461' title='bbox 3326 2055 3573 2115; x_wconf 78' lang='grc' dir='ltr'>ὀδόντων,</span> <span class='ocrx_word' id='word_1_462' title='bbox 3594 2056 3685 2105; x_wconf 76' lang='grc' dir='ltr'>καὶ</span> <span class='ocrx_word' id='word_1_463' title='bbox 3707 2052 3892 2122; x_wconf 84' lang='grc' dir='ltr'>ὀδύνη,</span> 
     </span>
    </p>
   </div>
   <div class='ocr_carea' id='block_1_65' title="bbox 2314 2141 3893 2223">
    <p class='ocr_par' dir='ltr' id='par_1_65' title="bbox 2314 2141 3893 2223">
     <span class='ocr_line' id='line_1_65' title="bbox 2314 2141 3893 2223; baseline 0.003 -30"><span class='ocrx_word' id='word_1_464' title='bbox 2314 2146 2407 2196; x_wconf 77' lang='grc' dir='ltr'><strong>καὶ</strong></span> <span class='ocrx_word' id='word_1_465' title='bbox 2438 2141 2602 2212; x_wconf 83' lang='grc' dir='ltr'>λύπη,</span> <span class='ocrx_word' id='word_1_466' title='bbox 2629 2146 2722 2198; x_wconf 79' lang='grc' dir='ltr'>καὶ</span> <span class='ocrx_word' id='word_1_467' title='bbox 2754 2146 3051 2216; x_wconf 79' lang='grc' dir='ltr'>στεναγμός</span> <span class='ocrx_word' id='word_1_468' title='bbox 3070 2164 3083 2177; x_wconf 77' lang='grc'><em>’</em></span> <span class='ocrx_word' id='word_1_469' title='bbox 3116 2147 3287 2223; x_wconf 80' lang='grc' dir='ltr'>ταῦτα</span> <span class='ocrx_word' id='word_1_470' title='bbox 3312 2145 3421 2215; x_wconf 85' lang='grc' dir='ltr'><strong>γάρ</strong></span> <span class='ocrx_word' id='word_1_471' title='bbox 3446 2148 3581 2198; x_wconf 76' lang='grc' dir='ltr'>εἰσιν</span> <span class='ocrx_word' id='word_1_472' title='bbox 3610 2147 3664 2197; x_wconf 83' lang='grc' dir='ltr'>αἱ</span> <span class='ocrx_word' id='word_1_473' title='bbox 3696 2143 3893 2197; x_wconf 75' lang='grc' dir='ltr'>ἀνάλο-</span> 
     </span>
    </p>
   </div>
   <div class='ocr_carea' id='block_1_66' title="bbox 2313 2234 3893 2307">
    <p class='ocr_par' dir='ltr' id='par_1_66' title="bbox 2313 2234 3893 2307">
     <span class='ocr_line' id='line_1_66' title="bbox 2313 2234 3893 2307; baseline 0.001 -21"><span class='ocrx_word' id='word_1_474' title='bbox 2313 2251 2398 2301; x_wconf 84' lang='grc' dir='ltr'>γοι</span> <span class='ocrx_word' id='word_1_475' title='bbox 2436 2237 2732 2307; x_wconf 85' lang='grc' dir='ltr'>σημασίαι,</span> <span class='ocrx_word' id='word_1_476' title='bbox 2776 2237 2872 2289; x_wconf 71' lang='grc' dir='ltr'>καὶ</span> <span class='ocrx_word' id='word_1_477' title='bbox 2914 2237 3023 2290; x_wconf 80' lang='grc' dir='ltr'>τιῖιν</span> <span class='ocrx_word' id='word_1_478' title='bbox 3063 2236 3286 2306; x_wconf 81' lang='grc' dir='ltr'>ἀγαθῶν</span> <span class='ocrx_word' id='word_1_479' title='bbox 3325 2239 3419 2290; x_wconf 76' lang='grc' dir='ltr'>καὶ</span> <span class='ocrx_word' id='word_1_480' title='bbox 3464 2237 3573 2289; x_wconf 86' lang='grc' dir='ltr'><strong>τῶν</strong></span> <span class='ocrx_word' id='word_1_481' title='bbox 3614 2234 3893 2306; x_wconf 78' lang='grc' dir='ltr'>δυσχερῶν</span> 
     </span>
    </p>
   </div>
   <div class='ocr_carea' id='block_1_67' title="bbox 2311 2326 3893 2400">
    <p class='ocr_par' dir='ltr' id='par_1_67' title="bbox 2311 2326 3893 2400">
     <span class='ocr_line' id='line_1_67' title="bbox 2311 2326 3893 2400; baseline 0 -21"><span class='ocrx_word' id='word_1_482' title='bbox 2311 2326 2630 2381; x_wconf 76' lang='grc' dir='ltr'>ἀποδέουσαι</span> <span class='ocrx_word' id='word_1_483' title='bbox 2654 2329 2869 2392; x_wconf 79' lang='grc' dir='ltr'>πάντως</span> <span class='ocrx_word' id='word_1_484' title='bbox 2896 2329 2994 2400; x_wconf 79' lang='grc' dir='ltr'>τῆς</span> <span class='ocrx_word' id='word_1_485' title='bbox 3028 2329 3305 2399; x_wconf 87' lang='grc' dir='ltr'>ἀληθείας.</span> <span class='ocrx_word' id='word_1_486' title='bbox 3337 2329 3542 2382; x_wconf 73' lang='grc' dir='ltr'>Κόλποι</span> <span class='ocrx_word' id='word_1_487' title='bbox 3564 2329 3619 2381; x_wconf 75' lang='grc' dir='ltr'>δέ</span> <span class='ocrx_word' id='word_1_488' title='bbox 3646 2332 3752 2381; x_wconf 87' lang='grc' dir='ltr'>είσι</span> <span class='ocrx_word' id='word_1_489' title='bbox 3779 2326 3893 2379; x_wconf 85' lang='grc' dir='ltr'><strong>τῶν</strong></span> 
     </span>
    </p>
   </div>
   <div class='ocr_carea' id='block_1_68' title="bbox 2310 2416 3894 2493">
    <p class='ocr_par' dir='ltr' id='par_1_68' title="bbox 2310 2416 3894 2493">
     <span class='ocr_line' id='line_1_68' title="bbox 2310 2416 3894 2493; baseline -0.001 -21"><span class='ocrx_word' id='word_1_490' title='bbox 2310 2420 2665 2493; x_wconf 86' lang='grc' dir='ltr'>πατριαρχῶν</span> <span class='ocrx_word' id='word_1_491' title='bbox 2707 2422 2800 2474; x_wconf 72' lang='grc' dir='ltr'>καὶ</span> <span class='ocrx_word' id='word_1_492' title='bbox 2842 2420 2951 2475; x_wconf 83' lang='grc' dir='ltr'><strong>τῶν</strong></span> <span class='ocrx_word' id='word_1_493' title='bbox 2994 2422 3196 2492; x_wconf 73' lang='grc' dir='ltr'>ἑτέρων</span> <span class='ocrx_word' id='word_1_494' title='bbox 3246 2422 3419 2489; x_wconf 85' lang='grc' dir='ltr'>ἀγίων</span> <span class='ocrx_word' id='word_1_495' title='bbox 3449 2422 3503 2473; x_wconf 84' lang='grc' dir='ltr'><strong>ἀί</strong></span> <span class='ocrx_word' id='word_1_496' title='bbox 3555 2416 3894 2492; x_wconf 80' lang='grc' dir='ltr'>μακαρισταὶ</span> 
     </span>
    </p>
   </div>
   <div class='ocr_carea' id='block_1_69' title="bbox 2314 2512 3892 2584">
    <p class='ocr_par' dir='ltr' id='par_1_69' title="bbox 2314 2512 3892 2584">
     <span class='ocr_line' id='line_1_69' title="bbox 2314 2512 3892 2584; baseline 0 -19"><span class='ocrx_word' id='word_1_497' title='bbox 2314 2513 2473 2581; x_wconf 76' lang='grc' dir='ltr'>μοναί</span> <span class='ocrx_word' id='word_1_498' title='bbox 2492 2530 2504 2545; x_wconf 81' lang='grc' dir='ltr'><strong>ο</strong></span> <span class='ocrx_word' id='word_1_499' title='bbox 2528 2514 2577 2566; x_wconf 82' lang='grc' dir='ltr'>οι</span> <span class='ocrx_word' id='word_1_500' title='bbox 2603 2514 2717 2575; x_wconf 83' lang='grc' dir='ltr'>καὶ,</span> <span class='ocrx_word' id='word_1_501' title='bbox 2747 2514 2823 2577; x_wconf 84' lang='grc' dir='ltr'><strong>ὡς</strong></span> <span class='ocrx_word' id='word_1_502' title='bbox 2853 2512 3039 2584; x_wconf 77' lang='grc' dir='ltr'>οἶμαι,</span> <span class='ocrx_word' id='word_1_503' title='bbox 3071 2513 3178 2567; x_wconf 80' lang='grc' dir='ltr'><strong>ἀπὸ</strong></span> <span class='ocrx_word' id='word_1_504' title='bbox 3200 2513 3307 2567; x_wconf 88' lang='grc' dir='ltr'><strong>τῶν</strong></span> <span class='ocrx_word' id='word_1_505' title='bbox 3333 2512 3635 2567; x_wconf 79' lang='grc' dir='ltr'>θαλαττίων</span> <span class='ocrx_word' id='word_1_506' title='bbox 3669 2512 3892 2566; x_wconf 73' lang='grc' dir='ltr'>κόλπων</span> 
     </span>
    </p>
   </div>
   <div class='ocr_carea' id='block_1_70' title="bbox 2310 2604 3893 2676">
    <p class='ocr_par' dir='ltr' id='par_1_70' title="bbox 2310 2604 3893 2676">
     <span class='ocr_line' id='line_1_70' title="bbox 2310 2604 3893 2676; baseline 0 -19"><span class='ocrx_word' id='word_1_507' title='bbox 2310 2604 2405 2657; x_wconf 77' lang='grc' dir='ltr'><strong>καὶ</strong></span> <span class='ocrx_word' id='word_1_508' title='bbox 2426 2604 2659 2675; x_wconf 79' lang='grc' dir='ltr'>λιμένων</span> <span class='ocrx_word' id='word_1_509' title='bbox 2683 2604 2844 2659; x_wconf 77' lang='grc' dir='ltr'>πλέον</span> <span class='ocrx_word' id='word_1_510' title='bbox 2872 2606 3321 2676; x_wconf 75' lang='grc' dir='ltr'>ἐκλαμϐάνονται,</span> <span class='ocrx_word' id='word_1_511' title='bbox 3349 2605 3383 2676; x_wconf 73' lang='grc' dir='ltr'>ἢ</span> <span class='ocrx_word' id='word_1_512' title='bbox 3406 2604 3519 2663; x_wconf 73' lang='grc' dir='ltr'>ἀπὸ</span> <span class='ocrx_word' id='word_1_513' title='bbox 3541 2604 3653 2656; x_wconf 78' lang='grc' dir='ltr'><strong>τῶν</strong></span> <span class='ocrx_word' id='word_1_514' title='bbox 3675 2604 3893 2658; x_wconf 80' lang='grc' dir='ltr'>κόλπων</span> 
     </span>
    </p>
   </div>
   <div class='ocr_carea' id='block_1_71' title="bbox 2309 2694 3892 2767">
    <p class='ocr_par' dir='ltr' id='par_1_71' title="bbox 2309 2694 3892 2767">
     <span class='ocr_line' id='line_1_71' title="bbox 2309 2694 3892 2767; baseline 0.001 -21"><span class='ocrx_word' id='word_1_515' title='bbox 2309 2694 2418 2747; x_wconf 87' lang='grc' dir='ltr'><strong>τῶν</strong></span> <span class='ocrx_word' id='word_1_516' title='bbox 2450 2696 2693 2765; x_wconf 84' lang='grc' dir='ltr'>ἱματίων.</span> <span class='ocrx_word' id='word_1_517' title='bbox 2737 2696 2823 2759; x_wconf 82' lang='grc' dir='ltr'>Ὠς</span> <span class='ocrx_word' id='word_1_518' title='bbox 2845 2695 2953 2767; x_wconf 63' lang='grc' dir='ltr'><strong>γὰρ</strong></span> <span class='ocrx_word' id='word_1_519' title='bbox 2979 2699 3027 2759; x_wconf 84' lang='lat' dir='ltr'><strong>oi</strong></span> <span class='ocrx_word' id='word_1_520' title='bbox 3057 2697 3114 2753; x_wconf 76' lang='grc' dir='ltr'>ὲν</span> <span class='ocrx_word' id='word_1_521' title='bbox 3166 2695 3393 2749; x_wconf 84' lang='grc' dir='ltr'>κλύδωνι</span> <span class='ocrx_word' id='word_1_522' title='bbox 3428 2694 3703 2764; x_wconf 84' lang='grc' dir='ltr'>θαλάσσης</span> <span class='ocrx_word' id='word_1_523' title='bbox 3738 2694 3892 2757; x_wconf 73' lang='grc' dir='ltr'>ὄντες</span> 
     </span>
    </p>
   </div>
   <div class='ocr_carea' id='block_1_72' title="bbox 2313 2781 3893 2862">
    <p class='ocr_par' dir='ltr' id='par_1_72' title="bbox 2313 2781 3893 2862">
     <span class='ocr_line' id='line_1_72' title="bbox 2313 2781 3893 2862; baseline -0.002 -18"><span class='ocrx_word' id='word_1_524' title='bbox 2313 2790 2448 2862; x_wconf 80' lang='grc' dir='ltr'>πρὸς</span> <span class='ocrx_word' id='word_1_525' title='bbox 2475 2789 2600 2851; x_wconf 77' lang='grc' dir='ltr'>τοὺς</span> <span class='ocrx_word' id='word_1_526' title='bbox 2640 2788 2957 2852; x_wconf 72' lang='grc' dir='ltr'>θαλαττίους</span> <span class='ocrx_word' id='word_1_527' title='bbox 2982 2786 3227 2858; x_wconf 80' lang='grc' dir='ltr'>ἀφορῶσι</span> <span class='ocrx_word' id='word_1_528' title='bbox 3272 2786 3539 2849; x_wconf 85' lang='grc' dir='ltr'>κόλπους,</span> <span class='ocrx_word' id='word_1_529' title='bbox 3588 2787 3645 2837; x_wconf 82' lang='grc' dir='ltr'>ὲν</span> <span class='ocrx_word' id='word_1_530' title='bbox 3689 2781 3769 2848; x_wconf 72' lang='grc' dir='ltr'>οἷς</span> <span class='ocrx_word' id='word_1_531' title='bbox 3796 2787 3893 2841; x_wconf 78' lang='grc' dir='ltr'>καὶ</span> 
     </span>
    </p>
   </div>
   <div class='ocr_carea' id='block_1_73' title="bbox 2307 2866 3885 2951">
    <p class='ocr_par' dir='ltr' id='par_1_73' title="bbox 2307 2866 3885 2951">
     <span class='ocr_line' id='line_1_73' title="bbox 2307 2866 3885 2951; baseline -0.003 -18"><span class='ocrx_word' id='word_1_532' title='bbox 2307 2880 2777 2951; x_wconf 61' lang='grc' dir='ltr'>ἐλλιμενίξονται,</span> <span class='ocrx_word' id='word_1_533' title='bbox 2828 2880 2922 2932; x_wconf 79' lang='grc' dir='ltr'>καὶ</span> <span class='ocrx_word' id='word_1_534' title='bbox 2981 2878 3090 2933; x_wconf 88' lang='grc' dir='ltr'><strong>τῶν</strong></span> <span class='ocrx_word' id='word_1_535' title='bbox 3150 2876 3403 2948; x_wconf 84' lang='grc' dir='ltr'>ταραχῶν</span> <span class='ocrx_word' id='word_1_536' title='bbox 3476 2866 3885 2932; x_wconf 71' lang='grc' dir='ltr'>ἀποπαύονται·</span> 
     </span>
    </p>
   </div>
   <div class='ocr_carea' id='block_1_74' title="bbox 2309 2965 3891 3039">
    <p class='ocr_par' dir='ltr' id='par_1_74' title="bbox 2309 2965 3891 3039">
     <span class='ocr_line' id='line_1_74' title="bbox 2309 2965 3891 3039; baseline -0.004 -15"><span class='ocrx_word' id='word_1_537' title='bbox 2309 2970 2451 3025; x_wconf 74' lang='grc' dir='ltr'>οὕτω</span> <span class='ocrx_word' id='word_1_538' title='bbox 2476 2970 2568 3023; x_wconf 69' lang='grc' dir='ltr'>καὶ</span> <span class='ocrx_word' id='word_1_539' title='bbox 2590 2971 2639 3023; x_wconf 80' lang='lat' dir='ltr'><strong>oi</strong></span> <span class='ocrx_word' id='word_1_540' title='bbox 2665 2972 2719 3022; x_wconf 85' lang='grc' dir='ltr'>ὲν</span> <span class='ocrx_word' id='word_1_541' title='bbox 2746 2968 2823 3039; x_wconf 78' lang='grc' dir='ltr'>τῷ</span> <span class='ocrx_word' id='word_1_542' title='bbox 2848 2970 2946 3039; x_wconf 75' lang='grc' dir='ltr'>βίῳ</span> <span class='ocrx_word' id='word_1_543' title='bbox 2985 2966 3429 3037; x_wconf 74' lang='grc' dir='ltr'>κλυδωνιζόμενοι</span> <span class='ocrx_word' id='word_1_544' title='bbox 3472 2966 3569 3038; x_wconf 72' lang='grc' dir='ltr'>ἠδη</span> <span class='ocrx_word' id='word_1_545' title='bbox 3608 2968 3721 3029; x_wconf 80' lang='grc' dir='ltr'>τοῖς</span> <span class='ocrx_word' id='word_1_546' title='bbox 3767 2965 3891 3019; x_wconf 79' lang='grc' dir='ltr'>κόλ-</span> 
     </span>
    </p>
   </div>
   <div class='ocr_carea' id='block_1_75' title="bbox 2313 3054 3890 3129">
    <p class='ocr_par' dir='ltr' id='par_1_75' title="bbox 2313 3054 3890 3129">
     <span class='ocr_line' id='line_1_75' title="bbox 2313 3054 3890 3129; baseline -0.004 -14"><span class='ocrx_word' id='word_1_547' title='bbox 2313 3077 2435 3125; x_wconf 82' lang='grc' dir='ltr'>ποις</span> <span class='ocrx_word' id='word_1_548' title='bbox 2458 3059 3169 3129; x_wconf 73' lang='grc' dir='ltr'>ἑκείνοιςὲλλιμενίζονται,</span> <span class='ocrx_word' id='word_1_549' title='bbox 3211 3057 3328 3113; x_wconf 86' lang='grc' dir='ltr'>ἀλλ’</span> <span class='ocrx_word' id='word_1_550' title='bbox 3374 3058 3489 3111; x_wconf 80' lang='grc' dir='ltr'>ὅσοι</span> <span class='ocrx_word' id='word_1_551' title='bbox 3537 3056 3637 3127; x_wconf 78' lang='grc' dir='ltr'>τὴν</span> <span class='ocrx_word' id='word_1_552' title='bbox 3680 3054 3890 3110; x_wconf 79' lang='grc' dir='ltr'>ἑαυτῶν</span> 
     </span>
    </p>
   </div>
   <div class='ocr_carea' id='block_1_76' title="bbox 2309 3146 3889 3225">
    <p class='ocr_par' dir='ltr' id='par_1_76' title="bbox 2309 3146 3889 3225">
     <span class='ocr_line' id='line_1_76' title="bbox 2309 3146 3889 3225; baseline -0.006 -16"><span class='ocrx_word' id='word_1_553' title='bbox 2309 3153 2486 3225; x_wconf 77' lang='grc' dir='ltr'>ψυχὴν</span> <span class='ocrx_word' id='word_1_554' title='bbox 2523 3153 2799 3225; x_wconf 80' lang='grc' dir='ltr'>ἀνωτὲραν</span> <span class='ocrx_word' id='word_1_555' title='bbox 2824 3148 2918 3208; x_wconf 77' lang='grc' dir='ltr'>τοῦ</span> <span class='ocrx_word' id='word_1_556' title='bbox 2963 3151 3209 3207; x_wconf 75' lang='grc' dir='ltr'>κινδύνου</span> <span class='ocrx_word' id='word_1_557' title='bbox 3235 3146 3637 3219; x_wconf 79' lang='grc' dir='ltr'>διεφυλάξαντο.</span> <span class='ocrx_word' id='word_1_558' title='bbox 3661 3148 3723 3200; x_wconf 88' lang='lat' dir='ltr'><strong>El</strong></span> <span class='ocrx_word' id='word_1_559' title='bbox 3745 3146 3803 3200; x_wconf 71' lang='grc' dir='ltr'>δέ</span> <span class='ocrx_word' id='word_1_560' title='bbox 3825 3162 3889 3216; x_wconf 80' lang='grc' dir='ltr'>γε</span> 
     </span>
    </p>
   </div>
   <div class='ocr_carea' id='block_1_77' title="bbox 2310 3240 3888 3318">
    <p class='ocr_par' dir='ltr' id='par_1_77' title="bbox 2310 3240 3888 3318">
     <span class='ocr_line' id='line_1_77' title="bbox 2310 3240 3888 3318; baseline -0.005 -15"><span class='ocrx_word' id='word_1_561' title='bbox 2310 3250 2437 3313; x_wconf 76' lang='grc' dir='ltr'>τοὺς</span> <span class='ocrx_word' id='word_1_562' title='bbox 2460 3249 2691 3314; x_wconf 73' lang='grc' dir='ltr'>κόλπους</span> <span class='ocrx_word' id='word_1_563' title='bbox 2713 3249 2807 3304; x_wconf 76' lang='grc' dir='ltr'>καὶ</span> <span class='ocrx_word' id='word_1_564' title='bbox 2834 3248 2940 3304; x_wconf 65' lang='grc' dir='ltr'>ἀπὸ</span> <span class='ocrx_word' id='word_1_565' title='bbox 2974 3245 3082 3302; x_wconf 82' lang='grc' dir='ltr'><strong>τῶν</strong></span> <span class='ocrx_word' id='word_1_566' title='bbox 3108 3248 3167 3301; x_wconf 69' lang='grc' dir='ltr'>ιν</span> <span class='ocrx_word' id='word_1_567' title='bbox 3195 3247 3325 3318; x_wconf 76' lang='grc' dir='ltr'>ἡμῖν</span> <span class='ocrx_word' id='word_1_568' title='bbox 3351 3242 3581 3314; x_wconf 82' lang='grc' dir='ltr'>ίματίων</span> <span class='ocrx_word' id='word_1_569' title='bbox 3610 3240 3888 3311; x_wconf 73' lang='grc' dir='ltr'>ἐκλαμϐα-</span> 
     </span>
    </p>
   </div>
   <div class='ocr_carea' id='block_1_78' title="bbox 2310 3329 3886 3413">
    <p class='ocr_par' dir='ltr' id='par_1_78' title="bbox 2310 3329 3886 3413">
     <span class='ocr_line' id='line_1_78' title="bbox 2310 3329 3886 3413; baseline -0.007 -17"><span class='ocrx_word' id='word_1_570' title='bbox 2310 3342 2496 3397; x_wconf 86' lang='grc' dir='ltr'>νεσθαι</span> <span class='ocrx_word' id='word_1_571' title='bbox 2538 3342 2822 3413; x_wconf 79' lang='grc' dir='ltr'>εἴποιμεν,</span> <span class='ocrx_word' id='word_1_572' title='bbox 2868 3339 3009 3395; x_wconf 82' lang='grc' dir='ltr'><strong>κατά</strong></span> <span class='ocrx_word' id='word_1_573' title='bbox 3046 3340 3153 3393; x_wconf 86' lang='grc' dir='ltr'>τό·</span> <span class='ocrx_word' id='word_1_574' title='bbox 3201 3338 3320 3390; x_wconf 83' lang='grc' dir='ltr'>Ἵνα</span> <span class='ocrx_word' id='word_1_575' title='bbox 3365 3336 3514 3406; x_wconf 79' lang='grc' dir='ltr'>ἡμᾶς</span> <span class='ocrx_word' id='word_1_576' title='bbox 3559 3332 3738 3404; x_wconf 54' lang='lat' dir='ltr'><strong>oaxen</strong></span> <span class='ocrx_word' id='word_1_577' title='bbox 3792 3329 3886 3386; x_wconf 79' lang='grc' dir='ltr'>τοῦ</span> 
     </span>
    </p>
   </div>
   <div class='ocr_carea' id='block_1_79' title="bbox 2323 3423 3883 3505">
    <p class='ocr_par' dir='ltr' id='par_1_79' title="bbox 2323 3423 3883 3505">
     <span class='ocr_line' id='line_1_79' title="bbox 2323 3423 3883 3505; baseline -0.009 -18"><span class='ocrx_word' id='word_1_578' title='bbox 2323 3432 2570 3505; x_wconf 74' lang='grc' dir='ltr'>’Δὸραάμ</span> <span class='ocrx_word' id='word_1_579' title='bbox 2600 3434 2629 3486; x_wconf 86' lang='grc' dir='ltr'><strong>ό</strong></span> <span class='ocrx_word' id='word_1_580' title='bbox 2652 3433 2847 3497; x_wconf 86' lang='grc' dir='ltr'>κόλπος</span> <span class='ocrx_word' id='word_1_581' title='bbox 2868 3448 2885 3463; x_wconf 75' lang='grc'><strong><em>⁸</em></strong></span> <span class='ocrx_word' id='word_1_582' title='bbox 2919 3428 3209 3502; x_wconf 75' lang='grc' dir='ltr'>ὲξηγηθείη</span> <span class='ocrx_word' id='word_1_583' title='bbox 3236 3427 3329 3481; x_wconf 76' lang='grc' dir='ltr'>καὶ</span> <span class='ocrx_word' id='word_1_584' title='bbox 3364 3423 3517 3478; x_wconf 76' lang='grc' dir='ltr'>τοῦτο</span> <span class='ocrx_word' id='word_1_585' title='bbox 3545 3424 3883 3495; x_wconf 72' lang='grc' dir='ltr'>προσφόρως,</span> 
     </span>
    </p>
   </div>
   <div class='ocr_carea' id='block_1_80' title="bbox 2310 3513 3882 3596">
    <p class='ocr_par' dir='ltr' id='par_1_80' title="bbox 2310 3513 3882 3596">
     <span class='ocr_line' id='line_1_80' title="bbox 2310 3513 3882 3596; baseline -0.01 -17"><span class='ocrx_word' id='word_1_586' title='bbox 2310 3524 2399 3579; x_wconf 82' lang='grc' dir='ltr'>διὰ</span> <span class='ocrx_word' id='word_1_587' title='bbox 2419 3524 2482 3579; x_wconf 82' lang='grc' dir='ltr'>τὸ</span> <span class='ocrx_word' id='word_1_588' title='bbox 2514 3522 2745 3596; x_wconf 84' lang='grc' dir='ltr'>πρώτως</span> <span class='ocrx_word' id='word_1_589' title='bbox 2790 3524 2869 3586; x_wconf 80' lang='grc' dir='ltr'><strong>είς</strong></span> <span class='ocrx_word' id='word_1_590' title='bbox 2892 3519 3220 3591; x_wconf 81' lang='grc' dir='ltr'>θεογνωσίαν</span> <span class='ocrx_word' id='word_1_591' title='bbox 3249 3517 3482 3588; x_wconf 83' lang='grc' dir='ltr'>ἀχθῆναι</span> <span class='ocrx_word' id='word_1_592' title='bbox 3503 3516 3594 3569; x_wconf 83' lang='grc' dir='ltr'><strong>τὸν</strong></span> <span class='ocrx_word' id='word_1_593' title='bbox 3612 3513 3882 3585; x_wconf 64' lang='grc' dir='ltr'>’Δσραάμη</span> 
     </span>
    </p>
   </div>
   <div class='ocr_carea' id='block_1_81' title="bbox 2310 3604 3881 3686">
    <p class='ocr_par' dir='ltr' id='par_1_81' title="bbox 2310 3604 3881 3686">
     <span class='ocr_line' id='line_1_81' title="bbox 2310 3604 3881 3686; baseline -0.009 -16"><span class='ocrx_word' id='word_1_594' title='bbox 2310 3617 2404 3670; x_wconf 77' lang='grc' dir='ltr'><strong>καὶ</strong></span> <span class='ocrx_word' id='word_1_595' title='bbox 2429 3615 2775 3684; x_wconf 80' lang='grc' dir='ltr'>οἰκειωθῆναι</span> <span class='ocrx_word' id='word_1_596' title='bbox 2806 3613 2924 3686; x_wconf 88' lang='grc' dir='ltr'><strong>Θεῷ</strong></span> <span class='ocrx_word' id='word_1_597' title='bbox 2946 3630 2959 3645; x_wconf 88' lang='grc'><strong>·</strong></span> <span class='ocrx_word' id='word_1_598' title='bbox 2991 3612 3026 3685; x_wconf 70' lang='grc' dir='ltr'>ἢ</span> <span class='ocrx_word' id='word_1_599' title='bbox 3046 3610 3134 3665; x_wconf 83' lang='grc' dir='ltr'>διὰ</span> <span class='ocrx_word' id='word_1_600' title='bbox 3159 3610 3221 3663; x_wconf 73' lang='grc' dir='ltr'>τὸ</span> <span class='ocrx_word' id='word_1_601' title='bbox 3242 3607 3458 3679; x_wconf 81' lang='grc' dir='ltr'>πατέρα</span> <span class='ocrx_word' id='word_1_602' title='bbox 3479 3605 3688 3660; x_wconf 84' lang='grc' dir='ltr'>πολλῶν</span> <span class='ocrx_word' id='word_1_603' title='bbox 3712 3604 3881 3658; x_wconf 76' lang='grc' dir='ltr'>ἐθνῶν</span> 
     </span>
    </p>
   </div>
   <div class='ocr_carea' id='block_1_82' title="bbox 2311 3693 3881 3777">
    <p class='ocr_par' dir='ltr' id='par_1_82' title="bbox 2311 3693 3881 3777">
     <span class='ocr_line' id='line_1_82' title="bbox 2311 3693 3881 3777; baseline -0.008 -18"><span class='ocrx_word' id='word_1_604' title='bbox 2311 3706 2607 3777; x_wconf 80' lang='grc' dir='ltr'>κληθῆναι,</span> <span class='ocrx_word' id='word_1_605' title='bbox 2633 3704 2743 3759; x_wconf 83' lang='grc' dir='ltr'><strong>τῶν</strong></span> <span class='ocrx_word' id='word_1_606' title='bbox 2769 3702 2910 3757; x_wconf 85' lang='grc' dir='ltr'><strong>κατά</strong></span> <span class='ocrx_word' id='word_1_607' title='bbox 2935 3700 3169 3773; x_wconf 78' lang='grc' dir='ltr'>Χριστὸν</span> <span class='ocrx_word' id='word_1_608' title='bbox 3210 3698 3410 3771; x_wconf 77' lang='grc' dir='ltr'>δηλαδή</span> <span class='ocrx_word' id='word_1_609' title='bbox 3432 3714 3447 3727; x_wconf 90' lang='grc'><strong>·</strong></span> <span class='ocrx_word' id='word_1_610' title='bbox 3477 3696 3511 3768; x_wconf 74' lang='grc' dir='ltr'>ἢ</span> <span class='ocrx_word' id='word_1_611' title='bbox 3536 3694 3628 3749; x_wconf 84' lang='grc' dir='ltr'>διὰ</span> <span class='ocrx_word' id='word_1_612' title='bbox 3650 3695 3749 3767; x_wconf 83' lang='grc' dir='ltr'><strong>τὴν</strong></span> <span class='ocrx_word' id='word_1_613' title='bbox 3788 3693 3881 3749; x_wconf 79' lang='grc' dir='ltr'>τοῦ</span> 
     </span>
    </p>
   </div>
   <div class='ocr_carea' id='block_1_83' title="bbox 2310 3786 3882 3868">
    <p class='ocr_par' dir='ltr' id='par_1_83' title="bbox 2310 3786 3882 3868">
     <span class='ocr_line' id='line_1_83' title="bbox 2310 3786 3882 3868; baseline -0.005 -19"><span class='ocrx_word' id='word_1_614' title='bbox 2310 3796 2647 3868; x_wconf 79' lang='grc' dir='ltr'>πατριάρχου</span> <span class='ocrx_word' id='word_1_615' title='bbox 2679 3793 3003 3865; x_wconf 77' lang='grc' dir='ltr'>φιλοξενίαν,</span> <span class='ocrx_word' id='word_1_616' title='bbox 3028 3793 3210 3846; x_wconf 71' lang='grc' dir='ltr'>ὲκεῖνα</span> <span class='ocrx_word' id='word_1_617' title='bbox 3232 3790 3559 3861; x_wconf 80' lang='grc' dir='ltr'>ποιήσαντος</span> <span class='ocrx_word' id='word_1_618' title='bbox 3586 3788 3643 3841; x_wconf 80' lang='grc' dir='ltr'>ὲν</span> <span class='ocrx_word' id='word_1_619' title='bbox 3663 3786 3742 3858; x_wconf 82' lang='grc' dir='ltr'>τῷ</span> <span class='ocrx_word' id='word_1_620' title='bbox 3766 3787 3882 3858; x_wconf 78' lang='grc' dir='ltr'>βίῳ,</span> 
     </span>
    </p>
   </div>
   <div class='ocr_carea' id='block_1_84' title="bbox 2310 3877 3884 3956">
    <p class='ocr_par' dir='ltr' id='par_1_84' title="bbox 2310 3877 3884 3956">
     <span class='ocr_line' id='line_1_84' title="bbox 2310 3877 3884 3956; baseline -0.006 -16"><span class='ocrx_word' id='word_1_621' title='bbox 2310 3888 2369 3940; x_wconf 72' lang='grc' dir='ltr'>ἐν</span> <span class='ocrx_word' id='word_1_622' title='bbox 2391 3889 2537 3951; x_wconf 80' lang='grc' dir='ltr'>ὅσοις</span> <span class='ocrx_word' id='word_1_623' title='bbox 2560 3887 2627 3941; x_wconf 81' lang='grc' dir='ltr'><strong>ἂν</strong></span> <span class='ocrx_word' id='word_1_624' title='bbox 2651 3888 2680 3940; x_wconf 86' lang='grc' dir='ltr'><strong>ό</strong></span> <span class='ocrx_word' id='word_1_625' title='bbox 2701 3886 2907 3956; x_wconf 86' lang='grc' dir='ltr'>κόσμου</span> <span class='ocrx_word' id='word_1_626' title='bbox 2936 3882 3137 3946; x_wconf 70' lang='grc' dir='ltr'>παντὸς</span> <span class='ocrx_word' id='word_1_627' title='bbox 3170 3881 3401 3952; x_wconf 80' lang='grc' dir='ltr'>ποιητὴς</span> <span class='ocrx_word' id='word_1_628' title='bbox 3424 3880 3521 3935; x_wconf 72' lang='grc' dir='ltr'>καὶ</span> <span class='ocrx_word' id='word_1_629' title='bbox 3542 3877 3733 3951; x_wconf 79' lang='grc' dir='ltr'>κριτὴς</span> <span class='ocrx_word' id='word_1_630' title='bbox 3760 3878 3884 3942; x_wconf 79' lang='grc' dir='ltr'>τοὺς</span> 
     </span>
    </p>
   </div>
   <div class='ocr_carea' id='block_1_85' title="bbox 2309 3973 3337 4051">
    <p class='ocr_par' dir='ltr' id='par_1_85' title="bbox 2309 3973 3337 4051">
     <span class='ocr_line' id='line_1_85' title="bbox 2309 3973 3337 4051; baseline -0.008 -17"><span class='ocrx_word' id='word_1_631' title='bbox 2309 3980 2547 4045; x_wconf 86' lang='grc' dir='ltr'>δικαίους</span> <span class='ocrx_word' id='word_1_632' title='bbox 2567 3981 2669 4051; x_wconf 83' lang='grc' dir='ltr'>τῆς</span> <span class='ocrx_word' id='word_1_633' title='bbox 2699 3979 2976 4051; x_wconf 76' lang='grc' dir='ltr'>βασιλείας</span> <span class='ocrx_word' id='word_1_634' title='bbox 2999 3973 3337 4047; x_wconf 77' lang='grc' dir='ltr'>καταξιώσῃ.</span> 
     </span>
    </p>
   </div>
   <div class='ocr_carea' id='block_1_86' title="bbox 2381 4148 3879 4224">
    <p class='ocr_par' dir='ltr' id='par_1_86' title="bbox 2381 4148 3879 4224">
     <span class='ocr_line' id='line_1_86' title="bbox 2381 4148 3879 4224; baseline -0.006 -17"><span class='ocrx_word' id='word_1_635' title='bbox 2381 4152 2409 4224; x_wconf 83' lang='lat'>§</span> <span class='ocrx_word' id='word_1_636' title='bbox 2441 4153 2525 4207; x_wconf 84' lang='lat' dir='ltr'><strong>Vl.</strong></span> <span class='ocrx_word' id='word_1_637' title='bbox 2554 4153 2691 4208; x_wconf 80' lang='grc' dir='ltr'>Ἀλλ’</span> <span class='ocrx_word' id='word_1_638' title='bbox 2720 4152 2851 4216; x_wconf 73' lang='grc' dir='ltr'>ἴσως</span> <span class='ocrx_word' id='word_1_639' title='bbox 2889 4149 3063 4205; x_wconf 82' lang='grc' dir='ltr'>ταῦτα</span> <span class='ocrx_word' id='word_1_640' title='bbox 3109 4150 3209 4221; x_wconf 81' lang='grc' dir='ltr'><strong>μὲν</strong></span> <span class='ocrx_word' id='word_1_641' title='bbox 3253 4148 3556 4214; x_wconf 72' lang='grc' dir='ltr'>ἀτωδείξιι·</span> <span class='ocrx_word' id='word_1_642' title='bbox 3588 4148 3879 4219; x_wconf 74' lang='grc' dir='ltr'>ἀπορήσεις</span> 
     </span>
    </p>
   </div>
   <div class='ocr_carea' id='block_1_87' title="bbox 2309 4237 3881 4315">
    <p class='ocr_par' dir='ltr' id='par_1_87' title="bbox 2309 4237 3881 4315">
     <span class='ocr_line' id='line_1_87' title="bbox 2309 4237 3881 4315; baseline -0.004 -17"><span class='ocrx_word' id='word_1_643' title='bbox 2309 4243 2365 4298; x_wconf 79' lang='grc' dir='ltr'>δὲ</span> <span class='ocrx_word' id='word_1_644' title='bbox 2398 4245 2523 4314; x_wconf 80' lang='grc' dir='ltr'>περὶ</span> <span class='ocrx_word' id='word_1_645' title='bbox 2545 4245 2643 4315; x_wconf 83' lang='grc' dir='ltr'>τῆς</span> <span class='ocrx_word' id='word_1_646' title='bbox 2669 4244 2958 4315; x_wconf 77' lang='grc' dir='ltr'>γινομένης</span> <span class='ocrx_word' id='word_1_647' title='bbox 2982 4241 3147 4313; x_wconf 80' lang='grc' dir='ltr'>εὐχῆς</span> <span class='ocrx_word' id='word_1_648' title='bbox 3189 4240 3339 4314; x_wconf 82' lang='grc' dir='ltr'>παρὰ</span> <span class='ocrx_word' id='word_1_649' title='bbox 3381 4240 3478 4294; x_wconf 79' lang='grc' dir='ltr'><strong>τοῦ</strong></span> <span class='ocrx_word' id='word_1_650' title='bbox 3506 4239 3771 4311; x_wconf 48' lang='grc' dir='ltr'>νίεράρχου</span> <span class='ocrx_word' id='word_1_651' title='bbox 3792 4237 3881 4292; x_wconf 65' lang='grc' dir='ltr'><strong>ἰπὶ</strong></span> 
     </span>
    </p>
   </div>
   <div class='ocr_carea' id='block_1_88' title="bbox 2311 4329 3879 4406">
    <p class='ocr_par' dir='ltr' id='par_1_88' title="bbox 2311 4329 3879 4406">
     <span class='ocr_line' id='line_1_88' title="bbox 2311 4329 3879 4406; baseline -0.005 -17"><span class='ocrx_word' id='word_1_652' title='bbox 2311 4338 2422 4400; x_wconf 81' lang='grc' dir='ltr'>τοῖς</span> <span class='ocrx_word' id='word_1_653' title='bbox 2443 4338 2501 4389; x_wconf 75' lang='grc' dir='ltr'>ἰν</span> <span class='ocrx_word' id='word_1_654' title='bbox 2527 4335 2820 4406; x_wconf 79' lang='grc' dir='ltr'>ἁμαρτίαις</span> <span class='ocrx_word' id='word_1_655' title='bbox 2846 4332 3265 4403; x_wconf 78' lang='grc' dir='ltr'>κεκοιμημένοις</span> <span class='ocrx_word' id='word_1_656' title='bbox 3283 4349 3297 4362; x_wconf 93' lang='grc'><strong>·</strong></span> <span class='ocrx_word' id='word_1_657' title='bbox 3324 4332 3429 4395; x_wconf 82' lang='grc' dir='ltr'>ὅτι,</span> <span class='ocrx_word' id='word_1_658' title='bbox 3455 4329 3573 4393; x_wconf 86' lang='grc' dir='ltr'><strong>πῶς</strong></span> <span class='ocrx_word' id='word_1_659' title='bbox 3593 4330 3655 4383; x_wconf 83' lang='grc' dir='ltr'>τὸ</span> <span class='ocrx_word' id='word_1_660' title='bbox 3676 4329 3879 4383; x_wconf 79' lang='grc' dir='ltr'>δίκαιον</span> 
     </span>
    </p>
   </div>
   <div class='ocr_carea' id='block_1_89' title="bbox 648 4406 2216 4508">
    <p class='ocr_par' dir='ltr' id='par_1_89' title="bbox 648 4406 2211 4481">
     <span class='ocr_line' id='line_1_89' title="bbox 648 4406 2211 4481; baseline 0.012 -23"><span class='ocrx_word' id='word_1_661' title='bbox 648 4406 904 4463; x_wconf 85' lang='lat' dir='ltr'><strong>nimirum</strong></span> <span class='ocrx_word' id='word_1_662' title='bbox 938 4409 1151 4479; x_wconf 69' lang='lat' dir='ltr'><strong>iustitia</strong></span> <span class='ocrx_word' id='word_1_663' title='bbox 1180 4412 1391 4468; x_wconf 86' lang='lat' dir='ltr'><strong>Domini</strong></span> <span class='ocrx_word' id='word_1_664' title='bbox 1440 4414 1696 4469; x_wconf 88' lang='lat' dir='ltr'><strong>salvanda</strong></span> <span class='ocrx_word' id='word_1_665' title='bbox 1731 4419 1826 4481; x_wconf 87' lang='lat' dir='ltr'><strong>sit,</strong></span> <span class='ocrx_word' id='word_1_666' title='bbox 1860 4420 1908 4475; x_wconf 86' lang='lat' dir='ltr'><strong>si</strong></span> <span class='ocrx_word' id='word_1_667' title='bbox 1932 4421 2211 4477; x_wconf 75' lang='lat' dir='ltr'><strong>exauditis</strong></span> 
     </span>
    </p>
   </div>
   <div class='ocr_carea' id='block_1_90' title="bbox 2313 4406 3880 4508">
    <p class='ocr_par' dir='ltr' id='par_1_90' title="bbox 2316 4423 3880 4502">
     <span class='ocr_line' id='line_1_90' title="bbox 2316 4423 3880 4502; baseline -0.007 -17"><span class='ocrx_word' id='word_1_668' title='bbox 2316 4429 2713 4502; x_wconf 67' lang='grc' dir='ltr'>φυλαχθήσεται</span> <span class='ocrx_word' id='word_1_669' title='bbox 2741 4428 2835 4481; x_wconf 80' lang='grc' dir='ltr'>τοῦ</span> <span class='ocrx_word' id='word_1_670' title='bbox 2858 4426 3147 4490; x_wconf 82' lang='grc' dir='ltr'>Δεσπότου,</span> <span class='ocrx_word' id='word_1_671' title='bbox 3182 4425 3337 4497; x_wconf 87' lang='grc' dir='ltr'>είπερ</span> <span class='ocrx_word' id='word_1_672' title='bbox 3358 4424 3624 4486; x_wconf 71' lang='grc' dir='ltr'>ὲπαιωυὸς</span> <span class='ocrx_word' id='word_1_673' title='bbox 3654 4423 3880 4493; x_wconf 80' lang='grc' dir='ltr'>γενόμε-</span> 
     </span>
    </p>
   </div>
   <div class='ocr_carea' id='block_1_91' title="bbox 651 4500 2201 4581">
    <p class='ocr_par' dir='ltr' id='par_1_91' title="bbox 651 4500 2201 4581">
     <span class='ocr_line' id='line_1_91' title="bbox 651 4500 2201 4581; baseline 0.01 -29"><span class='ocrx_word' id='word_1_674' title='bbox 651 4500 901 4567; x_wconf 79' lang='lat' dir='ltr'><strong>precibus</strong></span> <span class='ocrx_word' id='word_1_675' title='bbox 929 4504 1099 4559; x_wconf 85' lang='lat' dir='ltr'><strong>salvet</strong></span> <span class='ocrx_word' id='word_1_676' title='bbox 1142 4521 1263 4559; x_wconf 89' lang='lat' dir='ltr'><strong>eum</strong></span> <span class='ocrx_word' id='word_1_677' title='bbox 1307 4509 1398 4575; x_wconf 89' lang='lat' dir='ltr'><strong>qui</strong></span> <span class='ocrx_word' id='word_1_678' title='bbox 1452 4520 1700 4564; x_wconf 83' lang='lat' dir='ltr'><strong>mortuus</strong></span> <span class='ocrx_word' id='word_1_679' title='bbox 1732 4520 1818 4564; x_wconf 88' lang='lat' dir='ltr'><strong>est</strong></span> <span class='ocrx_word' id='word_1_680' title='bbox 1853 4512 1907 4566; x_wconf 89' lang='lat' dir='ltr'><strong>in</strong></span> <span class='ocrx_word' id='word_1_681' title='bbox 1934 4514 2201 4581; x_wconf 83' lang='lat' dir='ltr'><strong>peccatis.</strong></span> 
     </span>
    </p>
   </div>
   <div class='ocr_carea' id='block_1_92' title="bbox 648 4592 2205 4670">
    <p class='ocr_par' dir='ltr' id='par_1_92' title="bbox 648 4592 2205 4670">
     <span class='ocr_line' id='line_1_92' title="bbox 648 4592 2205 4670; baseline 0.01 -26"><span class='ocrx_word' id='word_1_682' title='bbox 648 4592 759 4662; x_wconf 71' lang='lat' dir='ltr'><strong>Ego</strong></span> <span class='ocrx_word' id='word_1_683' title='bbox 783 4604 962 4648; x_wconf 89' lang='lat' dir='ltr'><strong>autem</strong></span> <span class='ocrx_word' id='word_1_684' title='bbox 983 4633 1001 4658; x_wconf 88' lang='lat'><strong>,</strong></span> <span class='ocrx_word' id='word_1_685' title='bbox 1028 4596 1474 4666; x_wconf 84' lang='lat' dir='ltr'><strong>inquit,‘_justam</strong></span> <span class='ocrx_word' id='word_1_686' title='bbox 1520 4602 1744 4670; x_wconf 88' lang='lat' dir='ltr'><strong>quidem</strong></span> <span class='ocrx_word' id='word_1_687' title='bbox 1772 4603 2060 4670; x_wconf 69' lang='lat' dir='ltr'><strong>profectis</strong></span> <span class='ocrx_word' id='word_1_688' title='bbox 2092 4607 2205 4661; x_wconf 89' lang='lat' dir='ltr'><strong>suis</strong></span> 
     </span>
    </p>
   </div>
   <div class='ocr_carea' id='block_1_93' title="bbox 648 4684 2204 4766">
    <p class='ocr_par' dir='ltr' id='par_1_93' title="bbox 648 4684 2204 4766">
     <span class='ocr_line' id='line_1_93' title="bbox 648 4684 2204 4766; baseline 0.01 -29"><span class='ocrx_word' id='word_1_689' title='bbox 648 4684 811 4753; x_wconf 82' lang='lat' dir='ltr'><strong>(banc</strong></span> <span class='ocrx_word' id='word_1_690' title='bbox 848 4690 991 4740; x_wconf 87' lang='lat' dir='ltr'><strong>enim</strong></span> <span class='ocrx_word' id='word_1_691' title='bbox 1022 4690 1429 4745; x_wconf 84' lang='lat' dir='ltr'><strong>retributionem</strong></span> <span class='ocrx_word' id='word_1_692' title='bbox 1463 4695 1643 4763; x_wconf 85' lang='lat' dir='ltr'><strong>vocat)</strong></span> <span class='ocrx_word' id='word_1_693' title='bbox 1672 4705 1875 4750; x_wconf 89' lang='lat' dir='ltr'><strong>sortem</strong></span> <span class='ocrx_word' id='word_1_694' title='bbox 1906 4698 2204 4766; x_wconf 86' lang='lat' dir='ltr'><strong>quemlibet</strong></span> 
     </span>
    </p>
   </div>
   <div class='ocr_carea' id='block_1_94' title="bbox 648 4774 2206 4853">
    <p class='ocr_par' dir='ltr' id='par_1_94' title="bbox 648 4774 2206 4853">
     <span class='ocr_line' id='line_1_94' title="bbox 648 4774 2206 4853; baseline 0.01 -25"><span class='ocrx_word' id='word_1_695' title='bbox 648 4774 959 4829; x_wconf 82' lang='lat' dir='ltr'><strong>habiturum</strong></span> <span class='ocrx_word' id='word_1_696' title='bbox 991 4778 1156 4846; x_wconf 88' lang='lat' dir='ltr'><strong>probe</strong></span> <span class='ocrx_word' id='word_1_697' title='bbox 1194 4780 1307 4835; x_wconf 87' lang='lat' dir='ltr'><strong>scio</strong></span> <span class='ocrx_word' id='word_1_698' title='bbox 1331 4819 1345 4844; x_wconf 88' lang='lat'><strong>,</strong></span> <span class='ocrx_word' id='word_1_699' title='bbox 1400 4780 1700 4850; x_wconf 85' lang='lat' dir='ltr'><strong>Scripturis</strong></span> <span class='ocrx_word' id='word_1_700' title='bbox 1732 4790 2116 4853; x_wconf 82' lang='lat' dir='ltr'><strong>consentiens.</strong></span> <span class='ocrx_word' id='word_1_701' title='bbox 2148 4800 2206 4843; x_wconf 88' lang='lat' dir='ltr'><strong>et</strong></span> 
     </span>
    </p>
   </div>
   <div class='ocr_carea' id='block_1_95' title="bbox 646 4867 2204 4946">
    <p class='ocr_par' dir='ltr' id='par_1_95' title="bbox 646 4867 2204 4946">
     <span class='ocr_line' id='line_1_95' title="bbox 646 4867 2204 4946; baseline 0.009 -27"><span class='ocrx_word' id='word_1_702' title='bbox 646 4867 923 4940; x_wconf 70' lang='lat' dir='ltr'><strong>subiungit</strong></span> <span class='ocrx_word' id='word_1_703' title='bbox 946 4871 1133 4924; x_wconf 81' lang='lat' dir='ltr'><strong>statim</strong></span> <span class='ocrx_word' id='word_1_704' title='bbox 1164 4876 1471 4931; x_wconf 86' lang='lat' dir='ltr'><strong>testimonia</strong></span> <span class='ocrx_word' id='word_1_705' title='bbox 1501 4875 1816 4946; x_wconf 63' lang='lat' dir='ltr'><strong>Scriptura.</strong></span> <span class='ocrx_word' id='word_1_706' title='bbox 1845 4878 1992 4935; x_wconf 87' lang='lat' dir='ltr'><strong>Solis</strong></span> <span class='ocrx_word' id='word_1_707' title='bbox 2022 4890 2204 4934; x_wconf 85' lang='lat' dir='ltr'><strong>autem</strong></span> 
     </span>
    </p>
   </div>
   <div class='ocr_carea' id='block_1_96' title="bbox 646 4958 2206 5039">
    <p class='ocr_par' dir='ltr' id='par_1_96' title="bbox 646 4958 2206 5039">
     <span class='ocr_line' id='line_1_96' title="bbox 646 4958 2206 5039; baseline 0.011 -30"><span class='ocrx_word' id='word_1_708' title='bbox 646 4958 1052 5027; x_wconf 82' lang='lat' dir='ltr'><strong>misericordias</strong></span> <span class='ocrx_word' id='word_1_709' title='bbox 1084 4960 1179 5016; x_wconf 88' lang='lat' dir='ltr'><strong>Dei</strong></span> <span class='ocrx_word' id='word_1_710' title='bbox 1206 4969 1574 5033; x_wconf 86' lang='lat' dir='ltr'><strong>merentibus,</strong></span> <span class='ocrx_word' id='word_1_711' title='bbox 1621 4972 1736 5024; x_wconf 85' lang='lat' dir='ltr'><strong>sive</strong></span> <span class='ocrx_word' id='word_1_712' title='bbox 1777 4970 1915 5039; x_wconf 85' lang='lat' dir='ltr'><strong>vivis</strong></span> <span class='ocrx_word' id='word_1_713' title='bbox 1967 4972 2081 5025; x_wconf 86' lang='lat' dir='ltr'><strong>sive</strong></span> <span class='ocrx_word' id='word_1_714' title='bbox 2112 4972 2206 5025; x_wconf 90' lang='lat' dir='ltr'><strong>de-</strong></span> 
     </span>
    </p>
   </div>
   <div class='ocr_carea' id='block_1_97' title="bbox 647 5040 2205 5131">
    <p class='ocr_par' dir='ltr' id='par_1_97' title="bbox 647 5040 2205 5131">
     <span class='ocr_line' id='line_1_97' title="bbox 647 5040 2205 5131; baseline 0.008 -29"><span class='ocrx_word' id='word_1_715' title='bbox 647 5049 849 5118; x_wconf 71' lang='lat' dir='ltr'><strong>functis</strong></span> <span class='ocrx_word' id='word_1_716' title='bbox 869 5090 884 5111; x_wconf 85' lang='lat'><strong>.</strong></span> <span class='ocrx_word' id='word_1_717' title='bbox 915 5067 1023 5107; x_wconf 84' lang='lat' dir='ltr'><strong>non</strong></span> <span class='ocrx_word' id='word_1_718' title='bbox 1058 5067 1185 5109; x_wconf 87' lang='lat' dir='ltr'><strong>vero</strong></span> <span class='ocrx_word' id='word_1_719' title='bbox 1219 5056 1284 5110; x_wconf 88' lang='lat' dir='ltr'><strong>iis</strong></span> <span class='ocrx_word' id='word_1_720' title='bbox 1312 5059 1406 5127; x_wconf 89' lang='lat' dir='ltr'><strong>qui</strong></span> <span class='ocrx_word' id='word_1_721' title='bbox 1444 5060 1694 5115; x_wconf 89' lang='lat' dir='ltr'><strong>damnari</strong></span> <span class='ocrx_word' id='word_1_722' title='bbox 1731 5040 2088 5125; x_wconf 81' lang='lat' dir='ltr'><strong>meruerunt,</strong></span> <span class='ocrx_word' id='word_1_723' title='bbox 2114 5063 2205 5131; x_wconf 83' lang='lat' dir='ltr'><strong>ju-</strong></span> 
     </span>
    </p>
   </div>
   <div class='ocr_carea' id='block_1_98' title="bbox 648 5144 2205 5219">
    <p class='ocr_par' dir='ltr' id='par_1_98' title="bbox 648 5144 2205 5219">
     <span class='ocr_line' id='line_1_98' title="bbox 648 5144 2205 5219; baseline 0.009 -26"><span class='ocrx_word' id='word_1_724' title='bbox 648 5151 853 5195; x_wconf 84' lang='lat' dir='ltr'><strong>sturum</strong></span> <span class='ocrx_word' id='word_1_725' title='bbox 883 5144 1155 5214; x_wconf 79' lang='lat' dir='ltr'><strong>prodesse,</strong></span> <span class='ocrx_word' id='word_1_726' title='bbox 1190 5150 1392 5218; x_wconf 85' lang='lat' dir='ltr'><strong>scripta</strong></span> <span class='ocrx_word' id='word_1_727' title='bbox 1416 5151 1595 5207; x_wconf 89' lang='lat' dir='ltr'><strong>divina</strong></span> <span class='ocrx_word' id='word_1_728' title='bbox 1627 5154 1841 5208; x_wconf 87' lang='lat' dir='ltr'><strong>docent.</strong></span> <span class='ocrx_word' id='word_1_729' title='bbox 1872 5153 2009 5219; x_wconf 87' lang='lat' dir='ltr'><strong>Quid</strong></span> <span class='ocrx_word' id='word_1_730' title='bbox 2056 5154 2205 5207; x_wconf 86' lang='lat' dir='ltr'><strong>enim</strong></span> 
     </span>
    </p>
   </div>
   <div class='ocr_carea' id='block_1_99' title="bbox 649 5232 2207 5315">
    <p class='ocr_par' dir='ltr' id='par_1_99' title="bbox 649 5232 2207 5315">
     <span class='ocr_line' id='line_1_99' title="bbox 649 5232 2207 5315; baseline 0.011 -34"><span class='ocrx_word' id='word_1_731' title='bbox 649 5232 796 5293; x_wconf 62' lang='lat' dir='ltr'><strong>Sauli</strong></span> <span class='ocrx_word' id='word_1_732' title='bbox 845 5234 1051 5301; x_wconf 84' lang='lat' dir='ltr'><strong>profuit</strong></span> <span class='ocrx_word' id='word_1_733' title='bbox 1096 5238 1349 5295; x_wconf 76' lang='lat' dir='ltr'><strong>Samuel?</strong></span> <span class='ocrx_word' id='word_1_734' title='bbox 1390 5241 1457 5296; x_wconf 84' lang='lat' dir='ltr'><strong>Et</strong></span> <span class='ocrx_word' id='word_1_735' title='bbox 1517 5245 1651 5312; x_wconf 85' lang='lat' dir='ltr'><strong>quid</strong></span> <span class='ocrx_word' id='word_1_736' title='bbox 1704 5244 1906 5300; x_wconf 69' lang='lat' dir='ltr'><strong>Judaeis</strong></span> <span class='ocrx_word' id='word_1_737' title='bbox 1953 5243 2207 5315; x_wconf 73' lang='lat' dir='ltr'><strong>Jeremitn</strong></span> 
     </span>
    </p>
   </div>
   <div class='ocr_carea' id='block_1_100' title="bbox 650 5327 2204 5402">
    <p class='ocr_par' dir='ltr' id='par_1_100' title="bbox 650 5327 2204 5402">
     <span class='ocr_line' id='line_1_100' title="bbox 650 5327 2204 5402; baseline 0.009 -26"><span class='ocrx_word' id='word_1_738' title='bbox 650 5327 889 5391; x_wconf 79' lang='lat' dir='ltr'><strong>precatio</strong></span> <span class='ocrx_word' id='word_1_739' title='bbox 920 5329 1183 5386; x_wconf 71' lang='lat' dir='ltr'><strong>contulit?</strong></span> <span class='ocrx_word' id='word_1_740' title='bbox 1210 5333 1281 5385; x_wconf 88' lang='lat' dir='ltr'><strong>ad</strong></span> <span class='ocrx_word' id='word_1_741' title='bbox 1306 5348 1464 5402; x_wconf 86' lang='lat' dir='ltr'><strong>quem</strong></span> <span class='ocrx_word' id='word_1_742' title='bbox 1488 5335 1626 5391; x_wconf 75' lang='lat' dir='ltr'><strong>dixit</strong></span> <span class='ocrx_word' id='word_1_743' title='bbox 1655 5336 1947 5392; x_wconf 88' lang='lat' dir='ltr'><strong>Dominus:</strong></span> <span class='ocrx_word' id='word_1_744' title='bbox 1973 5334 2057 5391; x_wconf 73' lang='lat' dir='ltr'><strong>Ne</strong></span> <span class='ocrx_word' id='word_1_745' title='bbox 2089 5354 2204 5393; x_wconf 87' lang='lat' dir='ltr'><strong>om</strong></span> 
     </span>
    </p>
   </div>
   <div class='ocr_carea' id='block_1_101' title="bbox 646 5417 2205 5495">
    <p class='ocr_par' dir='ltr' id='par_1_101' title="bbox 646 5417 2205 5495">
     <span class='ocr_line' id='line_1_101' title="bbox 646 5417 2205 5495; baseline 0.008 -24"><span class='ocrx_word' id='word_1_746' title='bbox 646 5429 743 5485; x_wconf 73' lang='lat' dir='ltr'><strong>pm</strong></span> <span class='ocrx_word' id='word_1_747' title='bbox 763 5417 923 5482; x_wconf 66' lang='lat' dir='ltr'><strong>papa!</strong></span> <span class='ocrx_word' id='word_1_748' title='bbox 942 5439 955 5465; x_wconf 79' lang='lat'><strong>.~</strong></span> <span class='ocrx_word' id='word_1_749' title='bbox 989 5422 1108 5473; x_wconf 81' lang='lat' dir='ltr'><strong>hoc.</strong></span> <span class='ocrx_word' id='word_1_750' title='bbox 1140 5421 1353 5479; x_wconf 79' lang='lat' dir='ltr'><strong>Etenim</strong></span> <span class='ocrx_word' id='word_1_751' title='bbox 1379 5433 1437 5477; x_wconf 94' lang='lat' dir='ltr'><strong>ut</strong></span> <span class='ocrx_word' id='word_1_752' title='bbox 1463 5426 1509 5481; x_wconf 88' lang='lat' dir='ltr'><strong>si</strong></span> <span class='ocrx_word' id='word_1_753' title='bbox 1535 5428 1658 5495; x_wconf 85' lang='lat' dir='ltr'><strong>quis</strong></span> <span class='ocrx_word' id='word_1_754' title='bbox 1682 5427 1799 5484; x_wconf 85' lang='lat' dir='ltr'><strong>sole</strong></span> <span class='ocrx_word' id='word_1_755' title='bbox 1826 5427 2065 5493; x_wconf 87' lang='lat' dir='ltr'><strong>lucente,</strong></span> <span class='ocrx_word' id='word_1_756' title='bbox 2100 5428 2205 5483; x_wconf 89' lang='lat' dir='ltr'><strong>sibi</strong></span> 
     </span>
    </p>
   </div>
   <div class='ocr_carea' id='block_1_102' title="bbox 654 5505 2204 5590">
    <p class='ocr_par' dir='ltr' id='par_1_102' title="bbox 654 5505 2204 5590">
     <span class='ocr_line' id='line_1_102' title="bbox 654 5505 2204 5590; baseline 0.01 -31"><span class='ocrx_word' id='word_1_757' title='bbox 654 5505 758 5583; x_wconf 80' lang='lat' dir='ltr'><strong>ipsi</strong></span> <span class='ocrx_word' id='word_1_758' title='bbox 793 5523 979 5568; x_wconf 72' lang='lat' dir='ltr'><strong>armos</strong></span> <span class='ocrx_word' id='word_1_759' title='bbox 999 5528 1218 5579; x_wconf 83' lang='lat' dir='ltr'><strong>eruens,</strong></span> <span class='ocrx_word' id='word_1_760' title='bbox 1264 5515 1401 5572; x_wconf 85' lang='lat' dir='ltr'><strong>lucis</strong></span> <span class='ocrx_word' id='word_1_761' title='bbox 1426 5516 1547 5587; x_wconf 78' lang='lat' dir='ltr'><strong>ejus</strong></span> <span class='ocrx_word' id='word_1_762' title='bbox 1578 5519 1851 5589; x_wconf 82' lang='lat' dir='ltr'><strong>particeps</strong></span> <span class='ocrx_word' id='word_1_763' title='bbox 1880 5519 1995 5574; x_wconf 80' lang='lat' dir='ltr'><strong>ﬁeri</strong></span> <span class='ocrx_word' id='word_1_764' title='bbox 2025 5530 2204 5590; x_wconf 86' lang='lat' dir='ltr'><strong>petat;</strong></span> 
     </span>
    </p>
   </div>
   <div class='ocr_carea' id='block_1_103' title="bbox 650 5598 2203 5680">
    <p class='ocr_par' dir='ltr' id='par_1_103' title="bbox 650 5598 2203 5680">
     <span class='ocr_line' id='line_1_103' title="bbox 650 5598 2203 5680; baseline 0.01 -30"><span class='ocrx_word' id='word_1_765' title='bbox 650 5598 731 5653; x_wconf 73' lang='lat' dir='ltr'><strong>sic</strong></span> <span class='ocrx_word' id='word_1_766' title='bbox 773 5614 838 5655; x_wconf 78' lang='lat' dir='ltr'><strong>ex</strong></span> <span class='ocrx_word' id='word_1_767' title='bbox 880 5602 1198 5671; x_wconf 80' lang='lat' dir='ltr'><strong>impossibili</strong></span> <span class='ocrx_word' id='word_1_768' title='bbox 1237 5622 1333 5675; x_wconf 84' lang='lat' dir='ltr'><strong>spe</strong></span> <span class='ocrx_word' id='word_1_769' title='bbox 1363 5610 1583 5677; x_wconf 87' lang='lat' dir='ltr'><strong>pendet,</strong></span> <span class='ocrx_word' id='word_1_770' title='bbox 1614 5611 1862 5680; x_wconf 86' lang='lat' dir='ltr'><strong>quisquis</strong></span> <span class='ocrx_word' id='word_1_771' title='bbox 1890 5620 2203 5667; x_wconf 82' lang='lat' dir='ltr'><strong>sanctorum</strong></span> 
     </span>
    </p>
   </div>
   <div class='ocr_carea' id='block_1_104' title="bbox 653 5691 2205 5773">
    <p class='ocr_par' dir='ltr' id='par_1_104' title="bbox 653 5691 2205 5773">
     <span class='ocr_line' id='line_1_104' title="bbox 653 5691 2205 5773; baseline 0.005 -23"><span class='ocrx_word' id='word_1_772' title='bbox 653 5703 841 5750; x_wconf 79' lang='lat' dir='ltr'><strong>vreces</strong></span> <span class='ocrx_word' id='word_1_773' title='bbox 867 5691 1075 5762; x_wconf 71' lang='lat' dir='ltr'><strong>ﬂagitat</strong></span> <span class='ocrx_word' id='word_1_774' title='bbox 1109 5697 1235 5755; x_wconf 90' lang='lat' dir='ltr'><strong>dum</strong></span> <span class='ocrx_word' id='word_1_775' title='bbox 1253 5700 1507 5757; x_wconf 79' lang='lat' dir='ltr'><strong>mandata</strong></span> <span class='ocrx_word' id='word_1_776' title='bbox 1540 5703 1629 5759; x_wconf 84' lang='lat' dir='ltr'><strong>Dei</strong></span> <span class='ocrx_word' id='word_1_777' title='bbox 1661 5718 1767 5764; x_wconf 88' lang='lat' dir='ltr'><strong>non</strong></span> <span class='ocrx_word' id='word_1_778' title='bbox 1798 5713 2001 5773; x_wconf 80' lang='lat' dir='ltr'><strong>servat,</strong></span> <span class='ocrx_word' id='word_1_779' title='bbox 2029 5718 2205 5772; x_wconf 79' lang='lat' dir='ltr'><strong>neque</strong></span> 
     </span>
    </p>
   </div>
   <div class='ocr_carea' id='block_1_105' title="bbox 2309 4512 3874 4591">
    <p class='ocr_par' dir='ltr' id='par_1_105' title="bbox 2309 4512 3874 4591">
     <span class='ocr_line' id='line_1_105' title="bbox 2309 4512 3874 4591; baseline -0.006 -15"><span class='ocrx_word' id='word_1_780' title='bbox 2309 4540 2397 4584; x_wconf 86' lang='grc' dir='ltr'><strong>νος</strong></span> <span class='ocrx_word' id='word_1_781' title='bbox 2420 4522 2528 4573; x_wconf 89' lang='grc' dir='ltr'><strong>τῶν</strong></span> <span class='ocrx_word' id='word_1_782' title='bbox 2555 4519 2727 4591; x_wconf 80' lang='grc' dir='ltr'>εὐχῶν</span> <span class='ocrx_word' id='word_1_783' title='bbox 2748 4557 2762 4581; x_wconf 87' lang='grc'><strong>,</strong></span> <span class='ocrx_word' id='word_1_784' title='bbox 2797 4516 2959 4570; x_wconf 82' lang='grc' dir='ltr'>σώσει</span> <span class='ocrx_word' id='word_1_785' title='bbox 2995 4516 3086 4569; x_wconf 83' lang='grc' dir='ltr'><strong>τὸν</strong></span> <span class='ocrx_word' id='word_1_786' title='bbox 3120 4516 3178 4568; x_wconf 83' lang='grc' dir='ltr'>ὲν</span> <span class='ocrx_word' id='word_1_787' title='bbox 3203 4514 3497 4586; x_wconf 81' lang='grc' dir='ltr'>ἁμαρτίαις</span> <span class='ocrx_word' id='word_1_788' title='bbox 3526 4512 3874 4567; x_wconf 81' lang='grc' dir='ltr'>ἀποθανόντα.</span> 
     </span>
    </p>
   </div>
   <div class='ocr_carea' id='block_1_106' title="bbox 2322 4591 3878 4680">
    <p class='ocr_par' dir='ltr' id='par_1_106' title="bbox 2322 4591 3878 4680">
     <span class='ocr_line' id='line_1_106' title="bbox 2322 4591 3878 4680; baseline -0.006 -15"><span class='ocrx_word' id='word_1_789' title='bbox 2322 4610 2461 4679; x_wconf 74' lang='grc' dir='ltr'><strong>Ἐγὼ</strong></span> <span class='ocrx_word' id='word_1_790' title='bbox 2496 4610 2552 4663; x_wconf 84' lang='grc' dir='ltr'>δὲ</span> <span class='ocrx_word' id='word_1_791' title='bbox 2571 4650 2587 4673; x_wconf 85' lang='grc'><strong>,</strong></span> <span class='ocrx_word' id='word_1_792' title='bbox 2617 4611 2698 4663; x_wconf 76' lang='grc' dir='ltr'><strong>δτι</strong></span> <span class='ocrx_word' id='word_1_793' title='bbox 2739 4607 2837 4680; x_wconf 84' lang='grc' dir='ltr'><strong>μὲν</strong></span> <span class='ocrx_word' id='word_1_794' title='bbox 2865 4607 3077 4661; x_wconf 85' lang='grc' dir='ltr'>δικαίαν</span> <span class='ocrx_word' id='word_1_795' title='bbox 3103 4606 3240 4677; x_wconf 86' lang='grc' dir='ltr'>πρὸς</span> <span class='ocrx_word' id='word_1_796' title='bbox 3264 4603 3365 4667; x_wconf 85' lang='grc' dir='ltr'>τὰς</span> <span class='ocrx_word' id='word_1_797' title='bbox 3409 4591 3636 4676; x_wconf 78' lang='grc' dir='ltr'>πράξεις</span> <span class='ocrx_word' id='word_1_798' title='bbox 3661 4602 3878 4675; x_wconf 77' lang='grc' dir='ltr'>(ταύτην</span> 
     </span>
    </p>
   </div>
   <div class='ocr_carea' id='block_1_107' title="bbox 2308 4694 3873 4772">
    <p class='ocr_par' dir='ltr' id='par_1_107' title="bbox 2308 4694 3873 4772">
     <span class='ocr_line' id='line_1_107' title="bbox 2308 4694 3873 4772; baseline -0.005 -18"><span class='ocrx_word' id='word_1_799' title='bbox 2308 4701 2415 4771; x_wconf 83' lang='grc' dir='ltr'><strong>γὰρ</strong></span> <span class='ocrx_word' id='word_1_800' title='bbox 2435 4699 2721 4772; x_wconf 75' lang='grc' dir='ltr'>ἀμοιϐαίαν</span> <span class='ocrx_word' id='word_1_801' title='bbox 2738 4698 2887 4765; x_wconf 80' lang='grc' dir='ltr'>λέγει</span> <span class='ocrx_word' id='word_1_802' title='bbox 2909 4698 2927 4766; x_wconf 93' lang='grc'>)</span> <span class='ocrx_word' id='word_1_803' title='bbox 2960 4696 3075 4762; x_wconf 71' lang='grc' dir='ltr'>ἕξει</span> <span class='ocrx_word' id='word_1_804' title='bbox 3095 4696 3195 4766; x_wconf 81' lang='grc' dir='ltr'>τὴν</span> <span class='ocrx_word' id='word_1_805' title='bbox 3223 4694 3609 4765; x_wconf 81' lang='grc' dir='ltr'>ἀποκλήρωσιν</span> <span class='ocrx_word' id='word_1_806' title='bbox 3629 4694 3873 4757; x_wconf 64' lang='grc' dir='ltr'>ἕκαστος,</span> 
     </span>
    </p>
   </div>
   <div class='ocr_carea' id='block_1_108' title="bbox 2310 4784 3877 4858">
    <p class='ocr_par' dir='ltr' id='par_1_108' title="bbox 2310 4784 3877 4858">
     <span class='ocr_line' id='line_1_108' title="bbox 2310 4784 3877 4858; baseline -0.006 -11"><span class='ocrx_word' id='word_1_807' title='bbox 2310 4790 2366 4847; x_wconf 77' lang='grc' dir='ltr'><strong>εὖ</strong></span> <span class='ocrx_word' id='word_1_808' title='bbox 2392 4790 2507 4845; x_wconf 83' lang='grc' dir='ltr'>οἶδα</span> <span class='ocrx_word' id='word_1_809' title='bbox 2525 4832 2540 4857; x_wconf 91' lang='grc'><strong>,</strong></span> <span class='ocrx_word' id='word_1_810' title='bbox 2581 4789 2887 4846; x_wconf 89' lang='grc' dir='ltr'>ἀκολουθῶν</span> <span class='ocrx_word' id='word_1_811' title='bbox 2910 4790 3030 4852; x_wconf 79' lang='grc' dir='ltr'>ταῖς</span> <span class='ocrx_word' id='word_1_812' title='bbox 3066 4788 3311 4858; x_wconf 83' lang='grc' dir='ltr'>Γραφαίς</span> <span class='ocrx_word' id='word_1_813' title='bbox 3327 4802 3342 4817; x_wconf 75' lang='grc' dir='ltr'><strong>ο</strong></span> <span class='ocrx_word' id='word_1_814' title='bbox 3368 4786 3464 4839; x_wconf 78' lang='grc' dir='ltr'>καὶ</span> <span class='ocrx_word' id='word_1_815' title='bbox 3488 4784 3760 4855; x_wconf 70' lang='grc' dir='ltr'>παρευθὺς</span> <span class='ocrx_word' id='word_1_816' title='bbox 3799 4785 3877 4837; x_wconf 83' lang='grc' dir='ltr'>τί-</span> 
     </span>
    </p>
   </div>
   <div class='ocr_carea' id='block_1_109' title="bbox 2308 4874 3876 4955">
    <p class='ocr_par' dir='ltr' id='par_1_109' title="bbox 2308 4874 3876 4955">
     <span class='ocr_line' id='line_1_109' title="bbox 2308 4874 3876 4955; baseline -0.008 -17"><span class='ocrx_word' id='word_1_817' title='bbox 2308 4886 2432 4955; x_wconf 88' lang='grc' dir='ltr'>θησι</span> <span class='ocrx_word' id='word_1_818' title='bbox 2476 4885 2569 4936; x_wconf 71' lang='grc' dir='ltr'><strong>καὶ</strong></span> <span class='ocrx_word' id='word_1_819' title='bbox 2606 4880 2880 4955; x_wconf 66' lang='grc' dir='ltr'>γραφικὸς</span> <span class='ocrx_word' id='word_1_820' title='bbox 2926 4879 3248 4950; x_wconf 81' lang='grc' dir='ltr'>μαρτυρίας.</span> <span class='ocrx_word' id='word_1_821' title='bbox 3281 4877 3401 4930; x_wconf 74' lang='grc' dir='ltr'>’Ότι</span> <span class='ocrx_word' id='word_1_822' title='bbox 3440 4876 3497 4928; x_wconf 80' lang='grc' dir='ltr'>δὲ</span> <span class='ocrx_word' id='word_1_823' title='bbox 3542 4874 3733 4944; x_wconf 84' lang='grc' dir='ltr'>μόνους</span> <span class='ocrx_word' id='word_1_824' title='bbox 3757 4874 3876 4939; x_wconf 77' lang='grc' dir='ltr'>τοὺς</span> 
     </span>
    </p>
   </div>
   <div class='ocr_carea' id='block_1_110' title="bbox 2307 4964 3875 5045">
    <p class='ocr_par' dir='ltr' id='par_1_110' title="bbox 2307 4964 3875 5045">
     <span class='ocr_line' id='line_1_110' title="bbox 2307 4964 3875 5045; baseline -0.01 -15"><span class='ocrx_word' id='word_1_825' title='bbox 2307 4977 2493 5041; x_wconf 80' lang='grc' dir='ltr'>ἀξίους</span> <span class='ocrx_word' id='word_1_826' title='bbox 2519 4976 2629 5029; x_wconf 86' lang='grc' dir='ltr'><strong>τῶν</strong></span> <span class='ocrx_word' id='word_1_827' title='bbox 2654 4973 2954 5045; x_wconf 73' lang='grc' dir='ltr'>οἰκτιρμῶν</span> <span class='ocrx_word' id='word_1_828' title='bbox 2980 4970 3072 5025; x_wconf 81' lang='grc' dir='ltr'>τοῦ</span> <span class='ocrx_word' id='word_1_829' title='bbox 3096 4968 3233 5022; x_wconf 80' lang='grc' dir='ltr'>Θεοῦ</span> <span class='ocrx_word' id='word_1_830' title='bbox 3256 4966 3556 5037; x_wconf 75' lang='grc' dir='ltr'>ὠφελοῦσιν</span> <span class='ocrx_word' id='word_1_831' title='bbox 3578 4968 3633 5017; x_wconf 81' lang='grc' dir='ltr'>αι</span> <span class='ocrx_word' id='word_1_832' title='bbox 3662 4965 3769 5017; x_wconf 75' lang='grc' dir='ltr'><strong>τῶν</strong></span> <span class='ocrx_word' id='word_1_833' title='bbox 3803 4964 3875 5017; x_wconf 71' lang='grc' dir='ltr'>διε·</span> 
     </span>
    </p>
   </div>
   <div class='ocr_carea' id='block_1_111' title="bbox 2308 5057 3874 5139">
    <p class='ocr_par' dir='ltr' id='par_1_111' title="bbox 2308 5057 3874 5139">
     <span class='ocr_line' id='line_1_111' title="bbox 2308 5057 3874 5139; baseline -0.008 -18"><span class='ocrx_word' id='word_1_834' title='bbox 2308 5070 2477 5123; x_wconf 85' lang='grc' dir='ltr'>καίων</span> <span class='ocrx_word' id='word_1_835' title='bbox 2503 5068 2838 5139; x_wconf 72' lang='grc' dir='ltr'>προσευχαὶ,</span> <span class='ocrx_word' id='word_1_836' title='bbox 2866 5065 2975 5122; x_wconf 68' lang='grc' dir='ltr'>εἴτε</span> <span class='ocrx_word' id='word_1_837' title='bbox 3006 5064 3214 5127; x_wconf 78' lang='grc' dir='ltr'>ζῶντας</span> <span class='ocrx_word' id='word_1_838' title='bbox 3239 5099 3255 5126; x_wconf 93' lang='grc'><strong>,</strong></span> <span class='ocrx_word' id='word_1_839' title='bbox 3281 5061 3393 5115; x_wconf 74' lang='grc' dir='ltr'>εἴτε</span> <span class='ocrx_word' id='word_1_840' title='bbox 3416 5059 3512 5113; x_wconf 77' lang='grc' dir='ltr'>καὶ</span> <span class='ocrx_word' id='word_1_841' title='bbox 3529 5057 3874 5128; x_wconf 78' lang='grc' dir='ltr'>τελευτησαν-</span> 
     </span>
    </p>
   </div>
   <div class='ocr_carea' id='block_1_112' title="bbox 2306 5149 3871 5230">
    <p class='ocr_par' dir='ltr' id='par_1_112' title="bbox 2306 5149 3871 5230">
     <span class='ocr_line' id='line_1_112' title="bbox 2306 5149 3871 5230; baseline -0.011 -14"><span class='ocrx_word' id='word_1_842' title='bbox 2306 5179 2425 5224; x_wconf 86' lang='grc' dir='ltr'>τας,</span> <span class='ocrx_word' id='word_1_843' title='bbox 2449 5162 2509 5213; x_wconf 82' lang='grc' dir='ltr'><strong>ού</strong></span> <span class='ocrx_word' id='word_1_844' title='bbox 2536 5161 2641 5230; x_wconf 83' lang='grc' dir='ltr'>μὴν</span> <span class='ocrx_word' id='word_1_845' title='bbox 2665 5161 2788 5221; x_wconf 77' lang='grc' dir='ltr'>τοὺς</span> <span class='ocrx_word' id='word_1_846' title='bbox 2812 5153 3292 5225; x_wconf 79' lang='grc' dir='ltr'>ἀξιοκατακρίτους</span> <span class='ocrx_word' id='word_1_847' title='bbox 3322 5153 3383 5205; x_wconf 69' lang='grc' dir='ltr'><strong>αἱ</strong></span> <span class='ocrx_word' id='word_1_848' title='bbox 3416 5149 3681 5221; x_wconf 80' lang='grc' dir='ltr'>γραφικαὶ</span> <span class='ocrx_word' id='word_1_849' title='bbox 3702 5163 3871 5218; x_wconf 85' lang='grc' dir='ltr'>παρα-</span> 
     </span>
    </p>
   </div>
   <div class='ocr_carea' id='block_1_113' title="bbox 2305 5236 3872 5319">
    <p class='ocr_par' dir='ltr' id='par_1_113' title="bbox 2305 5236 3872 5319">
     <span class='ocr_line' id='line_1_113' title="bbox 2305 5236 3872 5319; baseline -0.01 -13"><span class='ocrx_word' id='word_1_850' title='bbox 2305 5254 2478 5316; x_wconf 88' lang='grc' dir='ltr'>δόσεις</span> <span class='ocrx_word' id='word_1_851' title='bbox 2508 5252 2836 5305; x_wconf 83' lang='grc' dir='ltr'>διδάσκουσι.</span> <span class='ocrx_word' id='word_1_852' title='bbox 2856 5249 2923 5301; x_wconf 84' lang='grc' dir='ltr'>Τί</span> <span class='ocrx_word' id='word_1_853' title='bbox 2948 5248 3057 5319; x_wconf 86' lang='grc' dir='ltr'>γὰρ</span> <span class='ocrx_word' id='word_1_854' title='bbox 3091 5245 3243 5317; x_wconf 87' lang='grc' dir='ltr'><strong>παρά</strong></span> <span class='ocrx_word' id='word_1_855' title='bbox 3265 5244 3361 5299; x_wconf 78' lang='grc' dir='ltr'>τοῦ</span> <span class='ocrx_word' id='word_1_856' title='bbox 3386 5241 3637 5314; x_wconf 75' lang='grc' dir='ltr'>Σαμουὴλ</span> <span class='ocrx_word' id='word_1_857' title='bbox 3659 5242 3689 5293; x_wconf 87' lang='grc' dir='ltr'><strong>ὀ</strong></span> <span class='ocrx_word' id='word_1_858' title='bbox 3710 5236 3872 5292; x_wconf 84' lang='grc' dir='ltr'>Σαοὺλ</span> 
     </span>
    </p>
   </div>
   <div class='ocr_carea' id='block_1_114' title="bbox 2306 5329 3870 5414">
    <p class='ocr_par' dir='ltr' id='par_1_114' title="bbox 2306 5329 3870 5414">
     <span class='ocr_line' id='line_1_114' title="bbox 2306 5329 3870 5414; baseline -0.011 -17"><span class='ocrx_word' id='word_1_859' title='bbox 2306 5342 2561 5414; x_wconf 78' lang='grc' dir='ltr'>ὠφελήθη</span> <span class='ocrx_word' id='word_1_860' title='bbox 2585 5359 2599 5407; x_wconf 89' lang='lat'><strong>;</strong></span> <span class='ocrx_word' id='word_1_861' title='bbox 2624 5342 2689 5395; x_wconf 90' lang='grc' dir='ltr'><strong>Τί</strong></span> <span class='ocrx_word' id='word_1_862' title='bbox 2714 5341 2771 5394; x_wconf 80' lang='grc' dir='ltr'>δὲ</span> <span class='ocrx_word' id='word_1_863' title='bbox 2796 5342 2921 5403; x_wconf 79' lang='grc' dir='ltr'>τοὺς</span> <span class='ocrx_word' id='word_1_864' title='bbox 2937 5338 3219 5400; x_wconf 77' lang='grc' dir='ltr'>Ἰουδαίους</span> <span class='ocrx_word' id='word_1_865' title='bbox 3242 5337 3277 5408; x_wconf 78' lang='grc' dir='ltr'><strong>ἡ</strong></span> <span class='ocrx_word' id='word_1_866' title='bbox 3298 5332 3391 5389; x_wconf 77' lang='grc' dir='ltr'>τοῦ</span> <span class='ocrx_word' id='word_1_867' title='bbox 3419 5331 3677 5405; x_wconf 68' lang='grc' dir='ltr'>Ἰερεμίου</span> <span class='ocrx_word' id='word_1_868' title='bbox 3702 5329 3870 5400; x_wconf 70' lang='grc' dir='ltr'>ὢνησε</span> 
     </span>
    </p>
   </div>
   <div class='ocr_carea' id='block_1_115' title="bbox 2308 5422 3875 5509">
    <p class='ocr_par' dir='ltr' id='par_1_115' title="bbox 2308 5422 3875 5509">
     <span class='ocr_line' id='line_1_115' title="bbox 2308 5422 3875 5509; baseline -0.006 -22"><span class='ocrx_word' id='word_1_869' title='bbox 2308 5435 2616 5506; x_wconf 30' lang='grc' dir='ltr'>προσευχή,;</span> <span class='ocrx_word' id='word_1_870' title='bbox 2663 5432 2798 5503; x_wconf 85' lang='grc' dir='ltr'>πρὸς</span> <span class='ocrx_word' id='word_1_871' title='bbox 2823 5431 2881 5485; x_wconf 82' lang='grc' dir='ltr'>ὃν</span> <span class='ocrx_word' id='word_1_872' title='bbox 2904 5426 3056 5484; x_wconf 73' lang='grc' dir='ltr'>εἶπεν</span> <span class='ocrx_word' id='word_1_873' title='bbox 3146 5428 3353 5499; x_wconf 78' lang='grc' dir='ltr'>Κύριος</span> <span class='ocrx_word' id='word_1_874' title='bbox 3375 5441 3389 5456; x_wconf 89' lang='grc'><strong>·</strong></span> <span class='ocrx_word' id='word_1_875' title='bbox 3413 5425 3510 5492; x_wconf 71' lang='grc' dir='ltr'><strong>Μὴ</strong></span> <span class='ocrx_word' id='word_1_876' title='bbox 3535 5422 3875 5490; x_wconf 75' lang='grc' dir='ltr'>προσεύχου</span> 
     </span>
    </p>
   </div>
   <div class='ocr_carea' id='block_1_116' title="bbox 2306 5511 3864 5593">
    <p class='ocr_par' dir='ltr' id='par_1_116' title="bbox 2306 5511 3864 5593">
     <span class='ocr_line' id='line_1_116' title="bbox 2306 5511 3864 5593; baseline -0.01 -13"><span class='ocrx_word' id='word_1_877' title='bbox 2306 5526 2440 5593; x_wconf 71' lang='grc' dir='ltr'>περὶ</span> <span class='ocrx_word' id='word_1_878' title='bbox 2471 5525 2576 5579; x_wconf 80' lang='grc' dir='ltr'>τοῦ</span> <span class='ocrx_word' id='word_1_879' title='bbox 2598 5524 2751 5578; x_wconf 69' lang='grc' dir='ltr'>λαοῦ</span> <span class='ocrx_word' id='word_1_880' title='bbox 2778 5524 3011 5579; x_wconf 85' lang='grc' dir='ltr'>τούτου.</span> <span class='ocrx_word' id='word_1_881' title='bbox 3042 5522 3252 5591; x_wconf 80' lang='grc' dir='ltr'>’Ὠσπερ</span> <span class='ocrx_word' id='word_1_882' title='bbox 3275 5518 3405 5590; x_wconf 86' lang='grc' dir='ltr'><strong>γάρ,</strong></span> <span class='ocrx_word' id='word_1_883' title='bbox 3431 5516 3523 5571; x_wconf 79' lang='grc' dir='ltr'>τοῦ</span> <span class='ocrx_word' id='word_1_884' title='bbox 3560 5514 3709 5585; x_wconf 77' lang='grc' dir='ltr'>ἡλίου</span> <span class='ocrx_word' id='word_1_885' title='bbox 3741 5511 3864 5581; x_wconf 78' lang='grc' dir='ltr'>λάμ-</span> 
     </span>
    </p>
   </div>
   <div class='ocr_carea' id='block_1_117' title="bbox 2309 5607 3867 5681">
    <p class='ocr_par' dir='ltr' id='par_1_117' title="bbox 2309 5607 3867 5681">
     <span class='ocr_line' id='line_1_117' title="bbox 2309 5607 3867 5681; baseline -0.006 -13"><span class='ocrx_word' id='word_1_886' title='bbox 2309 5631 2498 5677; x_wconf 82' lang='grc' dir='ltr'>ποντος</span> <span class='ocrx_word' id='word_1_887' title='bbox 2519 5654 2533 5677; x_wconf 89' lang='grc'><strong>,</strong></span> <span class='ocrx_word' id='word_1_888' title='bbox 2558 5612 2895 5681; x_wconf 72' lang='grc' dir='ltr'>ἰξαφανίζων</span> <span class='ocrx_word' id='word_1_889' title='bbox 2921 5630 3003 5676; x_wconf 84' lang='grc' dir='ltr'><strong>τις</strong></span> <span class='ocrx_word' id='word_1_890' title='bbox 3037 5611 3136 5676; x_wconf 84' lang='grc' dir='ltr'><strong>τάς</strong></span> <span class='ocrx_word' id='word_1_891' title='bbox 3157 5610 3363 5675; x_wconf 75' lang='grc' dir='ltr'>οἰκείας</span> <span class='ocrx_word' id='word_1_892' title='bbox 3393 5610 3544 5679; x_wconf 78' lang='grc' dir='ltr'>δψεις</span> <span class='ocrx_word' id='word_1_893' title='bbox 3561 5646 3577 5669; x_wconf 91' lang='grc'><strong>,</strong></span> <span class='ocrx_word' id='word_1_894' title='bbox 3618 5607 3759 5659; x_wconf 83' lang='grc' dir='ltr'>αιτεῐ</span> <span class='ocrx_word' id='word_1_895' title='bbox 3782 5619 3867 5672; x_wconf 73' lang='grc' dir='ltr'><strong>μιν</strong></span> 
     </span>
    </p>
   </div>
   <div class='ocr_carea' id='block_1_118' title="bbox 2310 5696 3877 5775">
    <p class='ocr_par' dir='ltr' id='par_1_118' title="bbox 2310 5696 3877 5775">
     <span class='ocr_line' id='line_1_118' title="bbox 2310 5696 3877 5775; baseline -0.008 -15"><span class='ocrx_word' id='word_1_896' title='bbox 2310 5708 2528 5775; x_wconf 80' lang='grc' dir='ltr'>τασχεῖν</span> <span class='ocrx_word' id='word_1_897' title='bbox 2558 5704 2731 5773; x_wconf 82' lang='grc' dir='ltr'>φωτός</span> <span class='ocrx_word' id='word_1_898' title='bbox 2752 5723 2763 5734; x_wconf 90' lang='grc'><strong>·</strong></span> <span class='ocrx_word' id='word_1_899' title='bbox 2806 5704 2947 5759; x_wconf 77' lang='grc' dir='ltr'>οὓτω</span> <span class='ocrx_word' id='word_1_900' title='bbox 2992 5703 3084 5757; x_wconf 76' lang='grc' dir='ltr'>καὶ</span> <span class='ocrx_word' id='word_1_901' title='bbox 3115 5704 3247 5775; x_wconf 87' lang='grc' dir='ltr'>πρὸς</span> <span class='ocrx_word' id='word_1_902' title='bbox 3276 5701 3565 5762; x_wconf 76' lang='grc' dir='ltr'>ἀδυνάτους</span> <span class='ocrx_word' id='word_1_903' title='bbox 3604 5696 3877 5766; x_wconf 64' lang='grc' dir='ltr'>κρέματασ</span> 
     </span>
    </p>
   </div>
  </div>
