  <div class='ocr_page' id='page_1' title='image "/cluster/home/n/w/nwhite01/storage/ocr_20150623/3/pst.000003853313/298.png"; bbox 0 0 4178 6312; ppageno 0'>
   <div class='ocr_carea' id='block_1_1' title="bbox 299 411 407 467">
    <p class='ocr_par' dir='ltr' id='par_1_1' title="bbox 299 411 407 467">
     <span class='ocr_line' id='line_1_1' title="bbox 299 411 407 467; baseline -0.009 0"><span class='ocrx_word' id='word_1_1' title='bbox 299 411 407 467; x_wconf 72' lang='grc' dir='ltr'>δτι</span> 
     </span>
    </p>
   </div>
   <div class='ocr_carea' id='block_1_2' title="bbox 829 408 2992 474">
    <p class='ocr_par' dir='ltr' id='par_1_2' title="bbox 829 408 2992 474">
     <span class='ocr_line' id='line_1_2' title="bbox 829 408 2992 474; baseline 0.002 -10"><span class='ocrx_word' id='word_1_2' title='bbox 829 408 918 464; x_wconf 87' lang='lat' dir='ltr'><strong>DE</strong></span> <span class='ocrx_word' id='word_1_3' title='bbox 953 409 1232 468; x_wconf 83' lang='lat' dir='ltr'><strong>ECCLES.</strong></span> <span class='ocrx_word' id='word_1_4' title='bbox 1274 408 1671 474; x_wconf 73' lang='lat' dir='ltr'><strong>HIERARCH.,</strong></span> <span class='ocrx_word' id='word_1_5' title='bbox 1709 410 1858 466; x_wconf 77' lang='lat' dir='ltr'><strong>CAP.</strong></span> <span class='ocrx_word' id='word_1_6' title='bbox 1902 409 2011 466; x_wconf 78' lang='lat' dir='ltr'><strong>VII.</strong></span> <span class='ocrx_word' id='word_1_7' title='bbox 2046 442 2113 453; x_wconf 89' lang='lat'>—</span> <span class='ocrx_word' id='word_1_8' title='bbox 2137 409 2482 467; x_wconf 74' lang='lat' dir='ltr'><strong>PARAPHR.</strong></span> <span class='ocrx_word' id='word_1_9' title='bbox 2520 410 2992 469; x_wconf 58' lang='lat' dir='ltr'><strong>PACIIYMERIE.</strong></span> 
     </span>
    </p>
   </div>
   <div class='ocr_carea' id='block_1_3' title="bbox 3417 416 3519 471">
    <p class='ocr_par' dir='ltr' id='par_1_3' title="bbox 3417 416 3519 471">
     <span class='ocr_line' id='line_1_3' title="bbox 3417 416 3519 471; baseline 0.02 -3"><span class='ocrx_word' id='word_1_10' title='bbox 3417 416 3519 471; x_wconf 76' lang='lat'><strong>578</strong></span> 
     </span>
    </p>
   </div>
   <div class='ocr_carea' id='block_1_4' title="bbox 299 526 1858 601">
    <p class='ocr_par' dir='ltr' id='par_1_4' title="bbox 299 526 1858 601">
     <span class='ocr_line' id='line_1_4' title="bbox 299 526 1858 601; baseline 0.002 -21"><span class='ocrx_word' id='word_1_11' title='bbox 299 527 523 590; x_wconf 61' lang='grc' dir='ltr'>ἑλπίδας</span> <span class='ocrx_word' id='word_1_12' title='bbox 553 529 582 582; x_wconf 87' lang='grc' dir='ltr'><strong>ὁ</strong></span> <span class='ocrx_word' id='word_1_13' title='bbox 601 527 698 591; x_wconf 79' lang='grc' dir='ltr'>τὰς</span> <span class='ocrx_word' id='word_1_14' title='bbox 721 526 827 580; x_wconf 88' lang='grc' dir='ltr'>τῶν</span> <span class='ocrx_word' id='word_1_15' title='bbox 853 528 1020 596; x_wconf 79' lang='grc' dir='ltr'>ἁγίων</span> <span class='ocrx_word' id='word_1_16' title='bbox 1050 534 1146 598; x_wconf 82' lang='grc' dir='ltr'>μὲν</span> <span class='ocrx_word' id='word_1_17' title='bbox 1173 531 1397 595; x_wconf 74' lang='grc' dir='ltr'>ἐξαιτῶν</span> <span class='ocrx_word' id='word_1_18' title='bbox 1437 529 1758 601; x_wconf 81' lang='grc' dir='ltr'>προσευχὰς,</span> <span class='ocrx_word' id='word_1_19' title='bbox 1791 530 1858 601; x_wconf 77' lang='grc' dir='ltr'>μὴ</span> 
     </span>
    </p>
   </div>
   <div class='ocr_carea' id='block_1_5' title="bbox 1943 526 3520 601">
    <p class='ocr_par' dir='ltr' id='par_1_5' title="bbox 1969 527 3520 597">
     <span class='ocr_line' id='line_1_5' title="bbox 1969 527 3520 597; baseline 0 -14"><span class='ocrx_word' id='word_1_20' title='bbox 1969 529 2164 583; x_wconf 89' lang='lat' dir='ltr'><strong>mentis</strong></span> <span class='ocrx_word' id='word_1_21' title='bbox 2188 531 2376 583; x_wconf 91' lang='lat' dir='ltr'><strong>oculos</strong></span> <span class='ocrx_word' id='word_1_22' title='bbox 2406 537 2624 597; x_wconf 86' lang='lat' dir='ltr'><strong>apertos</strong></span> <span class='ocrx_word' id='word_1_23' title='bbox 2657 530 2840 591; x_wconf 85' lang='lat' dir='ltr'><strong>habet.</strong></span> <span class='ocrx_word' id='word_1_24' title='bbox 2870 537 2923 582; x_wconf 90' lang='lat' dir='ltr'><strong>et</strong></span> <span class='ocrx_word' id='word_1_25' title='bbox 2958 528 3108 595; x_wconf 68' lang='lat' dir='ltr'><strong>juxta</strong></span> <span class='ocrx_word' id='word_1_26' title='bbox 3157 527 3520 589; x_wconf 78' lang='lat' dir='ltr'><strong>Psalmistam.</strong></span> 
     </span>
    </p>
   </div>
   <div class='ocr_carea' id='block_1_6' title="bbox 297 617 1863 692">
    <p class='ocr_par' dir='ltr' id='par_1_6' title="bbox 297 617 1863 692">
     <span class='ocr_line' id='line_1_6' title="bbox 297 617 1863 692; baseline 0.003 -21"><span class='ocrx_word' id='word_1_27' title='bbox 297 618 546 688; x_wconf 79' lang='grc' dir='ltr'><strong>κατέχων</strong></span> <span class='ocrx_word' id='word_1_28' title='bbox 585 618 641 671; x_wconf 81' lang='grc' dir='ltr'>δὲ</span> <span class='ocrx_word' id='word_1_29' title='bbox 678 617 776 680; x_wconf 76' lang='grc' dir='ltr'>τὰς</span> <span class='ocrx_word' id='word_1_30' title='bbox 800 619 893 672; x_wconf 88' lang='grc' dir='ltr'><strong>τοῦ</strong></span> <span class='ocrx_word' id='word_1_31' title='bbox 920 618 1056 671; x_wconf 99' lang='grc' dir='ltr'>Θεοῦ</span> <span class='ocrx_word' id='word_1_32' title='bbox 1099 620 1348 683; x_wconf 77' lang='grc' dir='ltr'>ἐντολὰς,</span> <span class='ocrx_word' id='word_1_33' title='bbox 1396 621 1528 692; x_wconf 82' lang='grc' dir='ltr'>μηδὲ</span> <span class='ocrx_word' id='word_1_34' title='bbox 1574 620 1710 692; x_wconf 74' lang='grc' dir='ltr'>ἔχων</span> <span class='ocrx_word' id='word_1_35' title='bbox 1753 617 1863 676; x_wconf 76' lang='grc' dir='ltr'>οἷον</span> 
     </span>
    </p>
   </div>
   <div class='ocr_carea' id='block_1_7' title="bbox 295 703 1864 784">
    <p class='ocr_par' dir='ltr' id='par_1_7' title="bbox 295 703 1864 784">
     <span class='ocr_line' id='line_1_7' title="bbox 295 703 1864 784; baseline 0.004 -21"><span class='ocrx_word' id='word_1_36' title='bbox 295 703 850 780; x_wconf 78' lang='grc' dir='ltr'>ἀποκεκαλυμμένους</span> <span class='ocrx_word' id='word_1_37' title='bbox 904 711 1031 772; x_wconf 78' lang='grc' dir='ltr'>τοὺς</span> <span class='ocrx_word' id='word_1_38' title='bbox 1095 713 1315 780; x_wconf 75' lang='grc' dir='ltr'><strong>νοητοὺς</strong></span> <span class='ocrx_word' id='word_1_39' title='bbox 1369 713 1714 784; x_wconf 82' lang='grc' dir='ltr'>ὀφθαλμοὺς,</span> <span class='ocrx_word' id='word_1_40' title='bbox 1772 716 1864 769; x_wconf 79' lang='grc' dir='ltr'><strong>καὶ</strong></span> 
     </span>
    </p>
   </div>
   <div class='ocr_carea' id='block_1_8' title="bbox 296 801 1862 879">
    <p class='ocr_par' dir='ltr' id='par_1_8' title="bbox 296 801 1862 879">
     <span class='ocr_line' id='line_1_8' title="bbox 296 801 1862 879; baseline 0.004 -25"><span class='ocrx_word' id='word_1_41' title='bbox 296 801 651 864; x_wconf 63' lang='grc' dir='ltr'>ἐκλείποντας</span> <span class='ocrx_word' id='word_1_42' title='bbox 695 801 815 872; x_wconf 72' lang='grc' dir='ltr'>ήδη,</span> <span class='ocrx_word' id='word_1_43' title='bbox 857 801 999 855; x_wconf 87' lang='grc' dir='ltr'><strong>κατά</strong></span> <span class='ocrx_word' id='word_1_44' title='bbox 1022 801 1112 854; x_wconf 83' lang='grc' dir='ltr'>τὸν</span> <span class='ocrx_word' id='word_1_45' title='bbox 1146 804 1465 874; x_wconf 58' lang='grc' dir='ltr'>Ψαλμιεῆδν,</span> <span class='ocrx_word' id='word_1_46' title='bbox 1494 809 1573 869; x_wconf 85' lang='grc' dir='ltr'><strong>είς</strong></span> <span class='ocrx_word' id='word_1_47' title='bbox 1595 807 1654 860; x_wconf 75' lang='grc' dir='ltr'><strong>τὸ</strong></span> <span class='ocrx_word' id='word_1_48' title='bbox 1694 809 1862 879; x_wconf 81' lang='grc' dir='ltr'>σωτή-</span> 
     </span>
    </p>
   </div>
   <div class='ocr_carea' id='block_1_9' title="bbox 298 891 1860 967">
    <p class='ocr_par' dir='ltr' id='par_1_9' title="bbox 298 891 1860 967">
     <span class='ocr_line' id='line_1_9' title="bbox 298 891 1860 967; baseline 0.005 -22"><span class='ocrx_word' id='word_1_49' title='bbox 298 910 416 964; x_wconf 83' lang='grc' dir='ltr'>ριον</span> <span class='ocrx_word' id='word_1_50' title='bbox 448 892 540 946; x_wconf 90' lang='grc' dir='ltr'><strong>τοῦ</strong></span> <span class='ocrx_word' id='word_1_51' title='bbox 576 891 730 945; x_wconf 83' lang='grc' dir='ltr'><strong>Θεοῦ.</strong></span> <span class='ocrx_word' id='word_1_52' title='bbox 758 891 847 964; x_wconf 85' lang='grc' dir='ltr'><strong>Μὴ</strong></span> <span class='ocrx_word' id='word_1_53' title='bbox 873 893 1099 966; x_wconf 75' lang='grc' dir='ltr'>νομίσῃς</span> <span class='ocrx_word' id='word_1_54' title='bbox 1125 894 1204 958; x_wconf 85' lang='grc' dir='ltr'><strong>δὲ,</strong></span> <span class='ocrx_word' id='word_1_55' title='bbox 1247 895 1326 948; x_wconf 81' lang='grc' dir='ltr'><strong>ὅτι</strong></span> <span class='ocrx_word' id='word_1_56' title='bbox 1352 897 1379 950; x_wconf 81' lang='grc' dir='ltr'><strong>ὁ</strong></span> <span class='ocrx_word' id='word_1_57' title='bbox 1402 896 1548 967; x_wconf 79' lang='grc' dir='ltr'>ἥλιος</span> <span class='ocrx_word' id='word_1_58' title='bbox 1572 897 1642 953; x_wconf 82' lang='grc' dir='ltr'>τὰ</span> <span class='ocrx_word' id='word_1_59' title='bbox 1667 900 1860 954; x_wconf 77' lang='grc' dir='ltr'>ἑαυτοῦ</span> 
     </span>
    </p>
   </div>
   <div class='ocr_carea' id='block_1_10' title="bbox 296 980 1861 1060">
    <p class='ocr_par' dir='ltr' id='par_1_10' title="bbox 296 980 1861 1060">
     <span class='ocr_line' id='line_1_10' title="bbox 296 980 1861 1060; baseline -0.006 -7"><span class='ocrx_word' id='word_1_60' title='bbox 296 985 454 1053; x_wconf 71' lang='grc' dir='ltr'>φῶτα</span> <span class='ocrx_word' id='word_1_61' title='bbox 483 984 752 1053; x_wconf 82' lang='grc' dir='ltr'>δωρεῖται,</span> <span class='ocrx_word' id='word_1_62' title='bbox 794 980 932 1053; x_wconf 78' lang='grc' dir='ltr'><strong>(πῶς</strong></span> <span class='ocrx_word' id='word_1_63' title='bbox 957 982 1064 1055; x_wconf 82' lang='grc' dir='ltr'><strong>γὰρ</strong></span> <span class='ocrx_word' id='word_1_64' title='bbox 1090 984 1176 1048; x_wconf 80' lang='grc' dir='ltr'>ἂν,</span> <span class='ocrx_word' id='word_1_65' title='bbox 1204 985 1404 1057; x_wconf 74' lang='grc' dir='ltr'>ἄψυχος</span> <span class='ocrx_word' id='word_1_66' title='bbox 1426 985 1521 1052; x_wconf 81' lang='grc' dir='ltr'><strong>ὢν,</strong></span> <span class='ocrx_word' id='word_1_67' title='bbox 1561 988 1861 1060; x_wconf 80' lang='grc' dir='ltr'><strong>δωρήσεται</strong></span> 
     </span>
    </p>
   </div>
   <div class='ocr_carea' id='block_1_11' title="bbox 292 1073 1861 1152">
    <p class='ocr_par' dir='ltr' id='par_1_11' title="bbox 292 1073 1861 1152">
     <span class='ocr_line' id='line_1_11' title="bbox 292 1073 1861 1152; baseline 0.004 -26"><span class='ocrx_word' id='word_1_68' title='bbox 292 1074 502 1146; x_wconf 83' lang='grc' dir='ltr'>δωρεάν</span> <span class='ocrx_word' id='word_1_69' title='bbox 523 1075 570 1145; x_wconf 89' lang='grc'><strong>;)</strong></span> <span class='ocrx_word' id='word_1_70' title='bbox 593 1073 725 1127; x_wconf 85' lang='grc' dir='ltr'>ἀλλὰ</span> <span class='ocrx_word' id='word_1_71' title='bbox 748 1073 890 1127; x_wconf 82' lang='grc' dir='ltr'>κατὰ</span> <span class='ocrx_word' id='word_1_72' title='bbox 917 1074 1198 1144; x_wconf 73' lang='grc' dir='ltr'>ἠθοποιίαν</span> <span class='ocrx_word' id='word_1_73' title='bbox 1229 1079 1386 1131; x_wconf 85' lang='grc' dir='ltr'>οἱονεί</span> <span class='ocrx_word' id='word_1_74' title='bbox 1407 1096 1527 1133; x_wconf 89' lang='grc' dir='ltr'>τινα</span> <span class='ocrx_word' id='word_1_75' title='bbox 1549 1080 1610 1134; x_wconf 87' lang='grc' dir='ltr'><strong>τὸ</strong></span> <span class='ocrx_word' id='word_1_76' title='bbox 1638 1081 1861 1152; x_wconf 85' lang='grc' dir='ltr'>προκεί-</span> 
     </span>
    </p>
   </div>
   <div class='ocr_carea' id='block_1_12' title="bbox 294 1164 1861 1241">
    <p class='ocr_par' dir='ltr' id='par_1_12' title="bbox 294 1164 1861 1241">
     <span class='ocr_line' id='line_1_12' title="bbox 294 1164 1861 1241; baseline 0.005 -25"><span class='ocrx_word' id='word_1_77' title='bbox 294 1181 458 1233; x_wconf 88' lang='grc' dir='ltr'>μενον</span> <span class='ocrx_word' id='word_1_78' title='bbox 497 1164 663 1234; x_wconf 78' lang='grc' dir='ltr'>λέγει.</span> <span class='ocrx_word' id='word_1_79' title='bbox 692 1164 901 1237; x_wconf 85' lang='grc' dir='ltr'>’Ὠσπερ</span> <span class='ocrx_word' id='word_1_80' title='bbox 938 1165 1046 1235; x_wconf 84' lang='grc' dir='ltr'>γὰρ</span> <span class='ocrx_word' id='word_1_81' title='bbox 1079 1165 1134 1220; x_wconf 65' lang='lat' dir='ltr'><strong>ei</strong></span> <span class='ocrx_word' id='word_1_82' title='bbox 1163 1183 1246 1230; x_wconf 89' lang='grc' dir='ltr'><strong>τις</strong></span> <span class='ocrx_word' id='word_1_83' title='bbox 1289 1167 1537 1222; x_wconf 82' lang='grc' dir='ltr'>ὑπόθοιτο</span> <span class='ocrx_word' id='word_1_84' title='bbox 1578 1169 1669 1224; x_wconf 81' lang='grc' dir='ltr'><strong>τὸν</strong></span> <span class='ocrx_word' id='word_1_85' title='bbox 1710 1170 1861 1241; x_wconf 76' lang='grc' dir='ltr'>ἥλιον</span> 
     </span>
    </p>
   </div>
   <div class='ocr_carea' id='block_1_13' title="bbox 289 1254 1859 1333">
    <p class='ocr_par' dir='ltr' id='par_1_13' title="bbox 289 1254 1859 1333">
     <span class='ocr_line' id='line_1_13' title="bbox 289 1254 1859 1333; baseline 0.005 -25"><span class='ocrx_word' id='word_1_86' title='bbox 289 1254 553 1324; x_wconf 84' lang='grc' dir='ltr'>λέγοντα·</span> <span class='ocrx_word' id='word_1_87' title='bbox 607 1254 744 1324; x_wconf 83' lang='grc' dir='ltr'><strong>Ἐγὼ</strong></span> <span class='ocrx_word' id='word_1_88' title='bbox 782 1258 893 1320; x_wconf 86' lang='grc' dir='ltr'>τοῖς</span> <span class='ocrx_word' id='word_1_89' title='bbox 955 1258 1288 1330; x_wconf 75' lang='grc' dir='ltr'>ἐρρωμένοις</span> <span class='ocrx_word' id='word_1_90' title='bbox 1334 1259 1624 1332; x_wconf 77' lang='grc' dir='ltr'><strong>ὀφθαλμοῖς</strong></span> <span class='ocrx_word' id='word_1_91' title='bbox 1667 1262 1859 1333; x_wconf 88' lang='grc' dir='ltr'>δίδωμι</span> 
     </span>
    </p>
   </div>
   <div class='ocr_carea' id='block_1_14' title="bbox 289 1343 1859 1423">
    <p class='ocr_par' dir='ltr' id='par_1_14' title="bbox 289 1343 1859 1423">
     <span class='ocr_line' id='line_1_14' title="bbox 289 1343 1859 1423; baseline 0.005 -25"><span class='ocrx_word' id='word_1_92' title='bbox 289 1346 411 1416; x_wconf 82' lang='grc' dir='ltr'><strong>φῶς</strong></span> <span class='ocrx_word' id='word_1_93' title='bbox 434 1363 445 1376; x_wconf 77' lang='grc'><strong><em>⁸</em></strong></span> <span class='ocrx_word' id='word_1_94' title='bbox 478 1343 595 1400; x_wconf 77' lang='grc' dir='ltr'>εἶτα</span> <span class='ocrx_word' id='word_1_95' title='bbox 627 1347 866 1401; x_wconf 83' lang='grc' dir='ltr'>ἀσθενῶν</span> <span class='ocrx_word' id='word_1_96' title='bbox 900 1366 988 1413; x_wconf 90' lang='grc' dir='ltr'><strong>τις</strong></span> <span class='ocrx_word' id='word_1_97' title='bbox 1010 1348 1079 1402; x_wconf 87' lang='grc' dir='ltr'><strong>τά</strong></span> <span class='ocrx_word' id='word_1_98' title='bbox 1107 1349 1329 1421; x_wconf 76' lang='grc' dir='ltr'>ὄμματα</span> <span class='ocrx_word' id='word_1_99' title='bbox 1364 1351 1506 1404; x_wconf 82' lang='grc' dir='ltr'>είποι</span> <span class='ocrx_word' id='word_1_100' title='bbox 1528 1369 1542 1383; x_wconf 90' lang='grc'>·</span> <span class='ocrx_word' id='word_1_101' title='bbox 1569 1352 1670 1416; x_wconf 81' lang='grc' dir='ltr'>Δὸς</span> <span class='ocrx_word' id='word_1_102' title='bbox 1691 1353 1859 1423; x_wconf 72' lang='grc' dir='ltr'>κάμοὶ</span> 
     </span>
    </p>
   </div>
   <div class='ocr_carea' id='block_1_15' title="bbox 286 1438 1859 1512">
    <p class='ocr_par' dir='ltr' id='par_1_15' title="bbox 286 1438 1859 1512">
     <span class='ocr_line' id='line_1_15' title="bbox 286 1438 1859 1512; baseline 0.004 -22"><span class='ocrx_word' id='word_1_103' title='bbox 286 1438 393 1510; x_wconf 72' lang='grc' dir='ltr'><strong>τὴν</strong></span> <span class='ocrx_word' id='word_1_104' title='bbox 438 1439 660 1502; x_wconf 82' lang='grc' dir='ltr'>ἀκτῖνα,</span> <span class='ocrx_word' id='word_1_105' title='bbox 709 1438 954 1511; x_wconf 77' lang='grc' dir='ltr'>ἔρρωμαι</span> <span class='ocrx_word' id='word_1_106' title='bbox 1004 1440 1148 1512; x_wconf 85' lang='grc' dir='ltr'><strong>γάρ·</strong></span> <span class='ocrx_word' id='word_1_107' title='bbox 1199 1441 1341 1510; x_wconf 85' lang='grc' dir='ltr'>λέγω</span> <span class='ocrx_word' id='word_1_108' title='bbox 1382 1441 1462 1496; x_wconf 81' lang='grc' dir='ltr'><strong>ὅτι</strong></span> <span class='ocrx_word' id='word_1_109' title='bbox 1505 1443 1564 1496; x_wconf 82' lang='grc' dir='ltr'><strong>οὐ</strong></span> <span class='ocrx_word' id='word_1_110' title='bbox 1606 1442 1859 1497; x_wconf 87' lang='grc' dir='ltr'>τοσοῦτον</span> 
     </span>
    </p>
   </div>
   <div class='ocr_carea' id='block_1_16' title="bbox 287 1526 1858 1607">
    <p class='ocr_par' dir='ltr' id='par_1_16' title="bbox 287 1526 1858 1607">
     <span class='ocr_line' id='line_1_16' title="bbox 287 1526 1858 1607; baseline 0.004 -26"><span class='ocrx_word' id='word_1_111' title='bbox 287 1527 704 1602; x_wconf 77' lang='grc' dir='ltr'><strong>ὠφεληθήσεται</strong></span> <span class='ocrx_word' id='word_1_112' title='bbox 731 1526 880 1595; x_wconf 72' lang='grc' dir='ltr'>οὗτος</span> <span class='ocrx_word' id='word_1_113' title='bbox 900 1570 915 1596; x_wconf 90' lang='grc'><strong>,</strong></span> <span class='ocrx_word' id='word_1_114' title='bbox 941 1533 1064 1586; x_wconf 75' lang='grc' dir='ltr'>ὅσον</span> <span class='ocrx_word' id='word_1_115' title='bbox 1102 1533 1197 1587; x_wconf 73' lang='grc' dir='ltr'><strong>καὶ</strong></span> <span class='ocrx_word' id='word_1_116' title='bbox 1220 1535 1248 1587; x_wconf 81' lang='grc' dir='ltr'><strong>ὃ</strong></span> <span class='ocrx_word' id='word_1_117' title='bbox 1273 1532 1417 1607; x_wconf 79' lang='grc' dir='ltr'>ἐώρα</span> <span class='ocrx_word' id='word_1_118' title='bbox 1449 1533 1739 1588; x_wconf 88' lang='grc' dir='ltr'>ἀπολέσει·</span> <span class='ocrx_word' id='word_1_119' title='bbox 1767 1534 1858 1588; x_wconf 82' lang='grc' dir='ltr'><strong>τὸν</strong></span> 
     </span>
    </p>
   </div>
   <div class='ocr_carea' id='block_1_17' title="bbox 287 1613 1858 1698">
    <p class='ocr_par' dir='ltr' id='par_1_17' title="bbox 287 1613 1858 1698">
     <span class='ocr_line' id='line_1_17' title="bbox 287 1613 1858 1698; baseline 0.001 -22"><span class='ocrx_word' id='word_1_120' title='bbox 287 1622 456 1676; x_wconf 74' lang='grc' dir='ltr'>αὐτὸν</span> <span class='ocrx_word' id='word_1_121' title='bbox 492 1624 692 1693; x_wconf 79' lang='grc' dir='ltr'>τρόπον</span> <span class='ocrx_word' id='word_1_122' title='bbox 735 1613 830 1676; x_wconf 64' lang='grc' dir='ltr'><strong>καί</strong></span> <span class='ocrx_word' id='word_1_123' title='bbox 856 1626 884 1677; x_wconf 84' lang='grc' dir='ltr'><strong>ό</strong></span> <span class='ocrx_word' id='word_1_124' title='bbox 918 1623 1360 1698; x_wconf 78' lang='grc' dir='ltr'>ἀξιοκατάκριτος</span> <span class='ocrx_word' id='word_1_125' title='bbox 1397 1626 1716 1697; x_wconf 78' lang='grc' dir='ltr'>ἁμαρτωλὸς</span> <span class='ocrx_word' id='word_1_126' title='bbox 1761 1625 1858 1689; x_wconf 76' lang='grc' dir='ltr'>τὰς</span> 
     </span>
    </p>
   </div>
   <div class='ocr_carea' id='block_1_18' title="bbox 285 1704 1857 1786">
    <p class='ocr_par' dir='ltr' id='par_1_18' title="bbox 285 1704 1857 1786">
     <span class='ocr_line' id='line_1_18' title="bbox 285 1704 1857 1786; baseline 0.002 -23"><span class='ocrx_word' id='word_1_127' title='bbox 285 1709 401 1763; x_wconf 84' lang='grc' dir='ltr'>τῶν</span> <span class='ocrx_word' id='word_1_128' title='bbox 441 1710 664 1764; x_wconf 81' lang='grc' dir='ltr'>δικαίων</span> <span class='ocrx_word' id='word_1_129' title='bbox 689 1711 853 1783; x_wconf 82' lang='grc' dir='ltr'>εὐχὰς</span> <span class='ocrx_word' id='word_1_130' title='bbox 880 1712 1146 1785; x_wconf 71' lang='grc' dir='ltr'>ἐκζητῶν,</span> <span class='ocrx_word' id='word_1_131' title='bbox 1179 1704 1429 1777; x_wconf 69' lang='grc' dir='ltr'>κάκεῖνος</span> <span class='ocrx_word' id='word_1_132' title='bbox 1461 1715 1703 1786; x_wconf 86' lang='grc' dir='ltr'>μηδόλως</span> <span class='ocrx_word' id='word_1_133' title='bbox 1737 1715 1857 1766; x_wconf 80' lang='grc' dir='ltr'>ἐπι-</span> 
     </span>
    </p>
   </div>
   <div class='ocr_carea' id='block_1_19' title="bbox 287 1803 1859 1878">
    <p class='ocr_par' dir='ltr' id='par_1_19' title="bbox 287 1803 1859 1878">
     <span class='ocr_line' id='line_1_19' title="bbox 287 1803 1859 1878; baseline 0.002 -22"><span class='ocrx_word' id='word_1_134' title='bbox 287 1803 681 1874; x_wconf 81' lang='grc' dir='ltr'>στρεφόμενος.</span> <span class='ocrx_word' id='word_1_135' title='bbox 707 1803 818 1857; x_wconf 78' lang='grc' dir='ltr'><strong>Καὶ</strong></span> <span class='ocrx_word' id='word_1_136' title='bbox 843 1803 1001 1858; x_wconf 86' lang='grc' dir='ltr'>τοῦτό</span> <span class='ocrx_word' id='word_1_137' title='bbox 1036 1806 1152 1860; x_wconf 75' lang='grc' dir='ltr'>ἐστι</span> <span class='ocrx_word' id='word_1_138' title='bbox 1187 1807 1248 1860; x_wconf 82' lang='grc' dir='ltr'><strong>τὸ</strong></span> <span class='ocrx_word' id='word_1_139' title='bbox 1276 1809 1428 1878; x_wconf 87' lang='grc' dir='ltr'><strong>παρά</strong></span> <span class='ocrx_word' id='word_1_140' title='bbox 1455 1809 1522 1878; x_wconf 81' lang='grc' dir='ltr'>τῇ</span> <span class='ocrx_word' id='word_1_141' title='bbox 1551 1807 1739 1878; x_wconf 79' lang='grc' dir='ltr'>Γραφῇ</span> <span class='ocrx_word' id='word_1_142' title='bbox 1779 1805 1859 1859; x_wconf 89' lang='grc' dir='ltr'>λε-</span> 
     </span>
    </p>
   </div>
   <div class='ocr_carea' id='block_1_20' title="bbox 283 1893 1855 1971">
    <p class='ocr_par' dir='ltr' id='par_1_20' title="bbox 283 1893 1855 1971">
     <span class='ocr_line' id='line_1_20' title="bbox 283 1893 1855 1971; baseline 0.002 -23"><span class='ocrx_word' id='word_1_143' title='bbox 283 1895 520 1965; x_wconf 72' lang='grc' dir='ltr'>γόμενον</span> <span class='ocrx_word' id='word_1_144' title='bbox 539 1910 553 1926; x_wconf 81' lang='grc'><strong><em>⁸</em></strong></span> <span class='ocrx_word' id='word_1_145' title='bbox 581 1895 748 1966; x_wconf 70' lang='grc' dir='ltr'>Μέγα</span> <span class='ocrx_word' id='word_1_146' title='bbox 781 1897 977 1964; x_wconf 77' lang='grc' dir='ltr'>ἰσχύει</span> <span class='ocrx_word' id='word_1_147' title='bbox 1005 1895 1158 1965; x_wconf 80' lang='grc' dir='ltr'><strong>εὐχή</strong></span> <span class='ocrx_word' id='word_1_148' title='bbox 1184 1893 1414 1952; x_wconf 71' lang='grc' dir='ltr'>δικαίου</span> <span class='ocrx_word' id='word_1_149' title='bbox 1461 1897 1820 1971; x_wconf 75' lang='grc' dir='ltr'><strong>ἐνεργουμένη</strong></span> <span class='ocrx_word' id='word_1_150' title='bbox 1841 1916 1855 1929; x_wconf 79' lang='grc'><em>’</em></span> 
     </span>
    </p>
   </div>
   <div class='ocr_carea' id='block_1_21' title="bbox 282 1986 1855 2063">
    <p class='ocr_par' dir='ltr' id='par_1_21' title="bbox 282 1986 1855 2063">
     <span class='ocr_line' id='line_1_21' title="bbox 282 1986 1855 2063; baseline 0.003 -22"><span class='ocrx_word' id='word_1_151' title='bbox 282 1987 422 2059; x_wconf 80' lang='grc' dir='ltr'>παρ’</span> <span class='ocrx_word' id='word_1_152' title='bbox 461 1989 670 2043; x_wconf 77' lang='grc' dir='ltr'>ἐκείνου</span> <span class='ocrx_word' id='word_1_153' title='bbox 713 1989 821 2060; x_wconf 83' lang='grc' dir='ltr'><strong>γάρ</strong></span> <span class='ocrx_word' id='word_1_154' title='bbox 859 1987 1095 2058; x_wconf 84' lang='grc' dir='ltr'>λέγεται.</span> <span class='ocrx_word' id='word_1_155' title='bbox 1141 1987 1301 2062; x_wconf 88' lang='grc' dir='ltr'>Παρά</span> <span class='ocrx_word' id='word_1_156' title='bbox 1339 1990 1396 2044; x_wconf 78' lang='grc' dir='ltr'>δὲ</span> <span class='ocrx_word' id='word_1_157' title='bbox 1442 1989 1536 2044; x_wconf 90' lang='grc' dir='ltr'><strong>τοῦ</strong></span> <span class='ocrx_word' id='word_1_158' title='bbox 1567 1990 1706 2062; x_wconf 82' lang='grc' dir='ltr'>ὑπὲρ</span> <span class='ocrx_word' id='word_1_159' title='bbox 1734 1986 1794 2046; x_wconf 76' lang='grc' dir='ltr'><strong>οὗ</strong></span> <span class='ocrx_word' id='word_1_160' title='bbox 1819 1994 1855 2063; x_wconf 80' lang='grc' dir='ltr'><strong>ἡ</strong></span> 
     </span>
    </p>
   </div>
   <div class='ocr_carea' id='block_1_22' title="bbox 281 2078 1856 2155">
    <p class='ocr_par' dir='ltr' id='par_1_22' title="bbox 281 2078 1856 2155">
     <span class='ocr_line' id='line_1_22' title="bbox 281 2078 1856 2155; baseline 0.003 -23"><span class='ocrx_word' id='word_1_161' title='bbox 281 2078 527 2144; x_wconf 74' lang='grc' dir='ltr'>ἔντευξις</span> <span class='ocrx_word' id='word_1_162' title='bbox 555 2082 874 2153; x_wconf 75' lang='grc' dir='ltr'>ἐνεργεῖται,</span> <span class='ocrx_word' id='word_1_163' title='bbox 898 2081 1040 2151; x_wconf 79' lang='grc' dir='ltr'>λέγω</span> <span class='ocrx_word' id='word_1_164' title='bbox 1068 2080 1195 2151; x_wconf 87' lang='grc' dir='ltr'>γοῦν</span> <span class='ocrx_word' id='word_1_165' title='bbox 1220 2082 1363 2137; x_wconf 87' lang='grc' dir='ltr'><strong>κατά</strong></span> <span class='ocrx_word' id='word_1_166' title='bbox 1385 2081 1482 2148; x_wconf 76' lang='grc' dir='ltr'>τὰς</span> <span class='ocrx_word' id='word_1_167' title='bbox 1509 2082 1749 2155; x_wconf 86' lang='grc' dir='ltr'>Γραφάς,</span> <span class='ocrx_word' id='word_1_168' title='bbox 1779 2083 1856 2147; x_wconf 86' lang='grc' dir='ltr'>ὼς</span> 
     </span>
    </p>
   </div>
   <div class='ocr_carea' id='block_1_23' title="bbox 279 2172 1854 2246">
    <p class='ocr_par' dir='ltr' id='par_1_23' title="bbox 279 2172 1854 2246">
     <span class='ocr_line' id='line_1_23' title="bbox 279 2172 1854 2246; baseline 0.002 -22"><span class='ocrx_word' id='word_1_169' title='bbox 279 2172 551 2244; x_wconf 78' lang='grc' dir='ltr'>ὠφέλιμοι</span> <span class='ocrx_word' id='word_1_170' title='bbox 606 2176 740 2228; x_wconf 81' lang='grc' dir='ltr'>είσιν</span> <span class='ocrx_word' id='word_1_171' title='bbox 778 2174 836 2227; x_wconf 77' lang='lat' dir='ltr'><strong>ai</strong></span> <span class='ocrx_word' id='word_1_172' title='bbox 862 2173 970 2227; x_wconf 85' lang='grc' dir='ltr'><strong>τῶν</strong></span> <span class='ocrx_word' id='word_1_173' title='bbox 1001 2173 1224 2229; x_wconf 84' lang='grc' dir='ltr'>δικαίων</span> <span class='ocrx_word' id='word_1_174' title='bbox 1251 2175 1404 2246; x_wconf 75' lang='grc' dir='ltr'>εὐχαὶ</span> <span class='ocrx_word' id='word_1_175' title='bbox 1427 2174 1565 2228; x_wconf 82' lang='grc' dir='ltr'>κατὰ</span> <span class='ocrx_word' id='word_1_176' title='bbox 1592 2175 1740 2228; x_wconf 87' lang='grc' dir='ltr'>τόνδε</span> <span class='ocrx_word' id='word_1_177' title='bbox 1765 2173 1854 2227; x_wconf 84' lang='grc' dir='ltr'>τὸν</span> 
     </span>
    </p>
   </div>
   <div class='ocr_carea' id='block_1_24' title="bbox 279 2263 1856 2336">
    <p class='ocr_par' dir='ltr' id='par_1_24' title="bbox 279 2263 1856 2336">
     <span class='ocr_line' id='line_1_24' title="bbox 279 2263 1856 2336; baseline 0.001 -22"><span class='ocrx_word' id='word_1_178' title='bbox 279 2263 508 2333; x_wconf 83' lang='grc' dir='ltr'>τρόπον,</span> <span class='ocrx_word' id='word_1_179' title='bbox 542 2263 595 2316; x_wconf 73' lang='grc' dir='ltr'>ετ</span> <span class='ocrx_word' id='word_1_180' title='bbox 620 2278 706 2327; x_wconf 90' lang='grc' dir='ltr'><strong>τις</strong></span> <span class='ocrx_word' id='word_1_181' title='bbox 723 2305 737 2329; x_wconf 91' lang='grc'><strong>,</strong></span> <span class='ocrx_word' id='word_1_182' title='bbox 773 2265 881 2318; x_wconf 86' lang='grc' dir='ltr'><strong>τῶν</strong></span> <span class='ocrx_word' id='word_1_183' title='bbox 908 2265 972 2318; x_wconf 82' lang='grc' dir='ltr'>ὲκ</span> <span class='ocrx_word' id='word_1_184' title='bbox 1005 2263 1139 2318; x_wconf 84' lang='grc' dir='ltr'>Θεοῦ</span> <span class='ocrx_word' id='word_1_185' title='bbox 1162 2264 1380 2336; x_wconf 78' lang='grc' dir='ltr'>δωρεῶν</span> <span class='ocrx_word' id='word_1_186' title='bbox 1403 2263 1682 2336; x_wconf 67' lang='grc' dir='ltr'>ἐφιέμενος</span> <span class='ocrx_word' id='word_1_187' title='bbox 1702 2303 1716 2326; x_wconf 91' lang='grc'><strong>,</strong></span> <span class='ocrx_word' id='word_1_188' title='bbox 1761 2264 1856 2316; x_wconf 74' lang='grc' dir='ltr'>καὶ</span> 
     </span>
    </p>
   </div>
   <div class='ocr_carea' id='block_1_25' title="bbox 280 2353 1856 2429">
    <p class='ocr_par' dir='ltr' id='par_1_25' title="bbox 280 2353 1856 2429">
     <span class='ocr_line' id='line_1_25' title="bbox 280 2353 1856 2429; baseline 0.001 -21"><span class='ocrx_word' id='word_1_189' title='bbox 280 2354 428 2425; x_wconf 74' lang='grc' dir='ltr'>ἔχων</span> <span class='ocrx_word' id='word_1_190' title='bbox 455 2353 692 2409; x_wconf 84' lang='grc' dir='ltr'>διάθεσιν</span> <span class='ocrx_word' id='word_1_191' title='bbox 732 2356 943 2429; x_wconf 83' lang='grc' dir='ltr'>ἀγαθὴν</span> <span class='ocrx_word' id='word_1_192' title='bbox 982 2357 1118 2429; x_wconf 82' lang='grc' dir='ltr'>πρὸς</span> <span class='ocrx_word' id='word_1_193' title='bbox 1143 2356 1332 2421; x_wconf 78' lang='grc' dir='ltr'>αὐτὰς,</span> <span class='ocrx_word' id='word_1_194' title='bbox 1372 2356 1490 2428; x_wconf 76' lang='grc' dir='ltr'>(τὴν</span> <span class='ocrx_word' id='word_1_195' title='bbox 1513 2356 1620 2428; x_wconf 80' lang='grc' dir='ltr'><strong>γὰρ</strong></span> <span class='ocrx_word' id='word_1_196' title='bbox 1645 2355 1738 2409; x_wconf 87' lang='grc' dir='ltr'><strong>τοῦ</strong></span> <span class='ocrx_word' id='word_1_197' title='bbox 1779 2358 1856 2409; x_wconf 83' lang='lat' dir='ltr'><strong>oi-</strong></span> 
     </span>
    </p>
   </div>
   <div class='ocr_carea' id='block_1_26' title="bbox 278 2443 1853 2519">
    <p class='ocr_par' dir='ltr' id='par_1_26' title="bbox 278 2443 1853 2519">
     <span class='ocr_line' id='line_1_26' title="bbox 278 2443 1853 2519; baseline 0 -19"><span class='ocrx_word' id='word_1_198' title='bbox 278 2445 440 2500; x_wconf 79' lang='grc' dir='ltr'>κείου</span> <span class='ocrx_word' id='word_1_199' title='bbox 488 2446 600 2517; x_wconf 88' lang='grc' dir='ltr'>βίου</span> <span class='ocrx_word' id='word_1_200' title='bbox 648 2443 785 2519; x_wconf 68' lang='grc' dir='ltr'>πρὸς</span> <span class='ocrx_word' id='word_1_201' title='bbox 827 2445 1031 2518; x_wconf 76' lang='grc' dir='ltr'>ἀρετὴν</span> <span class='ocrx_word' id='word_1_202' title='bbox 1079 2444 1317 2501; x_wconf 81' lang='grc' dir='ltr'>διάθεσιν</span> <span class='ocrx_word' id='word_1_203' title='bbox 1358 2446 1470 2512; x_wconf 73' lang='grc' dir='ltr'>ἕξιν</span> <span class='ocrx_word' id='word_1_204' title='bbox 1508 2445 1680 2511; x_wconf 67' lang='grc' dir='ltr'>εἶπεν,</span> <span class='ocrx_word' id='word_1_205' title='bbox 1733 2447 1853 2518; x_wconf 75' lang='grc' dir='ltr'>ἥτις</span> 
     </span>
    </p>
   </div>
   <div class='ocr_carea' id='block_1_27' title="bbox 280 2535 1853 2614">
    <p class='ocr_par' dir='ltr' id='par_1_27' title="bbox 280 2535 1853 2614">
     <span class='ocr_line' id='line_1_27' title="bbox 280 2535 1853 2614; baseline 0 -22"><span class='ocrx_word' id='word_1_206' title='bbox 280 2535 507 2601; x_wconf 77' lang='grc' dir='ltr'>πάντως</span> <span class='ocrx_word' id='word_1_207' title='bbox 547 2536 752 2607; x_wconf 84' lang='grc' dir='ltr'>γίνεται</span> <span class='ocrx_word' id='word_1_208' title='bbox 781 2539 845 2592; x_wconf 79' lang='grc' dir='ltr'>ὲκ</span> <span class='ocrx_word' id='word_1_209' title='bbox 879 2535 980 2614; x_wconf 81' lang='grc' dir='ltr'>τῆς</span> <span class='ocrx_word' id='word_1_210' title='bbox 1014 2538 1218 2602; x_wconf 86' lang='grc' dir='ltr'>οίκείας</span> <span class='ocrx_word' id='word_1_211' title='bbox 1253 2538 1699 2609; x_wconf 71' lang='grc' dir='ltr'>έπιγνωμοσύνης</span> <span class='ocrx_word' id='word_1_212' title='bbox 1726 2539 1853 2592; x_wconf 70' lang='grc' dir='ltr'><strong>ἑκά-</strong></span> 
     </span>
    </p>
   </div>
   <div class='ocr_carea' id='block_1_28' title="bbox 281 2628 1852 2698">
    <p class='ocr_par' dir='ltr' id='par_1_28' title="bbox 281 2628 1852 2698">
     <span class='ocr_line' id='line_1_28' title="bbox 281 2628 1852 2698; baseline -0.001 -16"><span class='ocrx_word' id='word_1_213' title='bbox 281 2646 415 2682; x_wconf 85' lang='grc' dir='ltr'>στου</span> <span class='ocrx_word' id='word_1_214' title='bbox 435 2629 474 2697; x_wconf 88' lang='grc'><strong>·)</strong></span> <span class='ocrx_word' id='word_1_215' title='bbox 494 2628 661 2682; x_wconf 74' lang='grc' dir='ltr'>ἐλθὼν</span> <span class='ocrx_word' id='word_1_216' title='bbox 687 2629 780 2682; x_wconf 73' lang='grc' dir='ltr'>ἐπί</span> <span class='ocrx_word' id='word_1_217' title='bbox 800 2644 922 2687; x_wconf 85' lang='grc' dir='ltr'>τινα</span> <span class='ocrx_word' id='word_1_218' title='bbox 943 2629 1050 2683; x_wconf 85' lang='grc' dir='ltr'>τῶν</span> <span class='ocrx_word' id='word_1_219' title='bbox 1074 2628 1314 2692; x_wconf 81' lang='grc' dir='ltr'>δικαίων,</span> <span class='ocrx_word' id='word_1_220' title='bbox 1340 2629 1585 2694; x_wconf 79' lang='grc' dir='ltr'>ἀξιώσειε</span> <span class='ocrx_word' id='word_1_221' title='bbox 1604 2629 1852 2698; x_wconf 81' lang='grc' dir='ltr'>γενέσθαι</span> 
     </span>
    </p>
   </div>
   <div class='ocr_carea' id='block_1_29' title="bbox 278 2718 1843 2793">
    <p class='ocr_par' dir='ltr' id='par_1_29' title="bbox 278 2718 1843 2793">
     <span class='ocr_line' id='line_1_29' title="bbox 278 2718 1843 2793; baseline -0.001 -19"><span class='ocrx_word' id='word_1_222' title='bbox 278 2720 357 2774; x_wconf 86' lang='grc' dir='ltr'><strong>τά</strong></span> <span class='ocrx_word' id='word_1_223' title='bbox 400 2719 536 2792; x_wconf 84' lang='grc' dir='ltr'>πρὸς</span> <span class='ocrx_word' id='word_1_224' title='bbox 568 2718 661 2773; x_wconf 80' lang='grc' dir='ltr'><strong>τὸν</strong></span> <span class='ocrx_word' id='word_1_225' title='bbox 694 2719 824 2774; x_wconf 87' lang='grc' dir='ltr'>Θεδν</span> <span class='ocrx_word' id='word_1_226' title='bbox 859 2719 1361 2793; x_wconf 79' lang='grc' dir='ltr'>συμπαρακλήτορά</span> <span class='ocrx_word' id='word_1_227' title='bbox 1400 2720 1448 2774; x_wconf 82' lang='grc' dir='ltr'><strong>οί</strong></span> <span class='ocrx_word' id='word_1_228' title='bbox 1495 2721 1586 2773; x_wconf 79' lang='grc' dir='ltr'><strong>καὶ</strong></span> <span class='ocrx_word' id='word_1_229' title='bbox 1643 2719 1843 2790; x_wconf 69' lang='grc' dir='ltr'>ἑαυτῷ,</span> 
     </span>
    </p>
   </div>
   <div class='ocr_carea' id='block_1_30' title="bbox 279 2810 1850 2884">
    <p class='ocr_par' dir='ltr' id='par_1_30' title="bbox 279 2810 1850 2884">
     <span class='ocr_line' id='line_1_30' title="bbox 279 2810 1850 2884; baseline 0.001 -21"><span class='ocrx_word' id='word_1_230' title='bbox 279 2811 699 2882; x_wconf 76' lang='grc' dir='ltr'>ὠφεληθήσεται</span> <span class='ocrx_word' id='word_1_231' title='bbox 739 2813 957 2877; x_wconf 81' lang='grc' dir='ltr'>πάντως</span> <span class='ocrx_word' id='word_1_232' title='bbox 989 2811 1055 2866; x_wconf 77' lang='grc' dir='ltr'>ἐκ</span> <span class='ocrx_word' id='word_1_233' title='bbox 1079 2810 1267 2867; x_wconf 83' lang='grc' dir='ltr'>τούτου</span> <span class='ocrx_word' id='word_1_234' title='bbox 1291 2813 1389 2884; x_wconf 77' lang='grc' dir='ltr'>τὴν</span> <span class='ocrx_word' id='word_1_235' title='bbox 1421 2811 1678 2883; x_wconf 78' lang='grc' dir='ltr'>μεγίστην</span> <span class='ocrx_word' id='word_1_236' title='bbox 1706 2811 1850 2882; x_wconf 83' lang='grc' dir='ltr'>ὠφέ-</span> 
     </span>
    </p>
   </div>
   <div class='ocr_carea' id='block_1_31' title="bbox 276 2900 1851 2974">
    <p class='ocr_par' dir='ltr' id='par_1_31' title="bbox 276 2900 1851 2974">
     <span class='ocr_line' id='line_1_31' title="bbox 276 2900 1851 2974; baseline 0.001 -21"><span class='ocrx_word' id='word_1_237' title='bbox 276 2900 435 2954; x_wconf 87' lang='grc' dir='ltr'>λειαν</span> <span class='ocrx_word' id='word_1_238' title='bbox 455 2917 467 2930; x_wconf 73' lang='grc' dir='ltr'><strong><em>ο</em></strong></span> <span class='ocrx_word' id='word_1_239' title='bbox 495 2901 922 2973; x_wconf 80' lang='grc' dir='ltr'>ἀποδεχθήσεται</span> <span class='ocrx_word' id='word_1_240' title='bbox 944 2901 1053 2973; x_wconf 80' lang='grc' dir='ltr'><strong>γὰρ</strong></span> <span class='ocrx_word' id='word_1_241' title='bbox 1079 2902 1229 2974; x_wconf 80' lang='grc' dir='ltr'><strong>παρά</strong></span> <span class='ocrx_word' id='word_1_242' title='bbox 1254 2900 1386 2956; x_wconf 88' lang='grc' dir='ltr'>Θεοῦ</span> <span class='ocrx_word' id='word_1_243' title='bbox 1419 2901 1581 2956; x_wconf 72' lang='grc' dir='ltr'>ἕνεκα</span> <span class='ocrx_word' id='word_1_244' title='bbox 1620 2901 1720 2972; x_wconf 84' lang='grc' dir='ltr'>τῆς</span> <span class='ocrx_word' id='word_1_245' title='bbox 1759 2901 1851 2955; x_wconf 84' lang='grc' dir='ltr'><strong>εὑ-</strong></span> 
     </span>
    </p>
   </div>
   <div class='ocr_carea' id='block_1_32' title="bbox 276 2993 1853 3066">
    <p class='ocr_par' dir='ltr' id='par_1_32' title="bbox 276 2993 1853 3066">
     <span class='ocr_line' id='line_1_32' title="bbox 276 2993 1853 3066; baseline 0 -20"><span class='ocrx_word' id='word_1_246' title='bbox 276 2993 482 3057; x_wconf 79' lang='grc' dir='ltr'>λαδοῦς</span> <span class='ocrx_word' id='word_1_247' title='bbox 496 2994 658 3048; x_wconf 82' lang='grc' dir='ltr'>αὑτοῦ</span> <span class='ocrx_word' id='word_1_248' title='bbox 684 2994 1152 3066; x_wconf 82' lang='grc' dir='ltr'>ὲπιγνωμοσύνης,</span> <span class='ocrx_word' id='word_1_249' title='bbox 1175 2994 1384 3065; x_wconf 78' lang='grc' dir='ltr'>καὶτῆς</span> <span class='ocrx_word' id='word_1_250' title='bbox 1411 2994 1502 3047; x_wconf 74' lang='grc' dir='ltr'><strong>ἐπὶ</strong></span> <span class='ocrx_word' id='word_1_251' title='bbox 1527 2993 1654 3057; x_wconf 79' lang='grc' dir='ltr'>τοὺς</span> <span class='ocrx_word' id='word_1_252' title='bbox 1673 2994 1853 3058; x_wconf 78' lang='grc' dir='ltr'>ὁσίους</span> 
     </span>
    </p>
   </div>
   <div class='ocr_carea' id='block_1_33' title="bbox 276 3080 1846 3155">
    <p class='ocr_par' dir='ltr' id='par_1_33' title="bbox 276 3080 1846 3155">
     <span class='ocr_line' id='line_1_33' title="bbox 276 3080 1846 3155; baseline 0 -19"><span class='ocrx_word' id='word_1_253' title='bbox 276 3082 495 3147; x_wconf 85' lang='grc' dir='ltr'>αίδοῦς,</span> <span class='ocrx_word' id='word_1_254' title='bbox 527 3083 606 3136; x_wconf 75' lang='grc' dir='ltr'>ἔτι</span> <span class='ocrx_word' id='word_1_255' title='bbox 651 3083 708 3138; x_wconf 84' lang='grc' dir='ltr'>δὲ</span> <span class='ocrx_word' id='word_1_256' title='bbox 752 3084 846 3139; x_wconf 74' lang='grc' dir='ltr'>καὶ</span> <span class='ocrx_word' id='word_1_257' title='bbox 869 3080 968 3154; x_wconf 85' lang='grc' dir='ltr'>τῆς</span> <span class='ocrx_word' id='word_1_258' title='bbox 988 3083 1227 3155; x_wconf 76' lang='grc' dir='ltr'>ἐφέσεως</span> <span class='ocrx_word' id='word_1_259' title='bbox 1269 3085 1360 3138; x_wconf 73' lang='grc' dir='ltr'>καὶ</span> <span class='ocrx_word' id='word_1_260' title='bbox 1387 3084 1609 3155; x_wconf 82' lang='grc' dir='ltr'>μετρίας</span> <span class='ocrx_word' id='word_1_261' title='bbox 1648 3082 1846 3147; x_wconf 68' lang='grc' dir='ltr'>ἕξεως·</span> 
     </span>
    </p>
   </div>
   <div class='ocr_carea' id='block_1_34' title="bbox 276 3172 1921 3274">
    <p class='ocr_par' dir='ltr' id='par_1_34' title="bbox 276 3172 1921 3274">
     <span class='ocr_line' id='line_1_34' title="bbox 276 3172 1921 3274; baseline 0.001 -48"><span class='ocrx_word' id='word_1_262' title='bbox 276 3172 442 3226; x_wconf 79' lang='grc' dir='ltr'>τοῦτο</span> <span class='ocrx_word' id='word_1_263' title='bbox 469 3173 577 3244; x_wconf 84' lang='grc' dir='ltr'><strong>γάρ</strong></span> <span class='ocrx_word' id='word_1_264' title='bbox 611 3174 727 3228; x_wconf 76' lang='grc' dir='ltr'>ἐστι</span> <span class='ocrx_word' id='word_1_265' title='bbox 755 3174 815 3226; x_wconf 83' lang='grc' dir='ltr'><strong>τὸ</strong></span> <span class='ocrx_word' id='word_1_266' title='bbox 841 3175 1193 3245; x_wconf 84' lang='grc' dir='ltr'>κατάλληλον,</span> <span class='ocrx_word' id='word_1_267' title='bbox 1220 3173 1300 3229; x_wconf 81' lang='grc' dir='ltr'><strong>δτι</strong></span> <span class='ocrx_word' id='word_1_268' title='bbox 1333 3175 1399 3228; x_wconf 86' lang='grc' dir='ltr'>τὰ</span> <span class='ocrx_word' id='word_1_269' title='bbox 1419 3174 1559 3228; x_wconf 84' lang='grc' dir='ltr'>καλὰ</span> <span class='ocrx_word' id='word_1_270' title='bbox 1580 3173 1850 3243; x_wconf 70' lang='grc' dir='ltr'>ξὴγάπησε</span> <span class='ocrx_word' id='word_1_271' title='bbox 1876 3215 1921 3274; x_wconf 76' lang='lat' dir='ltr'><strong><em>C</em></strong></span> 
     </span>
    </p>
   </div>
   <div class='ocr_carea' id='block_1_35' title="bbox 277 3261 1853 3335">
    <p class='ocr_par' dir='ltr' id='par_1_35' title="bbox 277 3261 1853 3335">
     <span class='ocr_line' id='line_1_35' title="bbox 277 3261 1853 3335; baseline 0.001 -20"><span class='ocrx_word' id='word_1_272' title='bbox 277 3263 381 3316; x_wconf 74' lang='grc' dir='ltr'><strong>καὶ</strong></span> <span class='ocrx_word' id='word_1_273' title='bbox 405 3262 685 3332; x_wconf 68' lang='grc' dir='ltr'>ἐζήτησεν.</span> <span class='ocrx_word' id='word_1_274' title='bbox 713 3263 867 3317; x_wconf 87' lang='grc' dir='ltr'>Ἔστι</span> <span class='ocrx_word' id='word_1_275' title='bbox 891 3262 999 3335; x_wconf 82' lang='grc' dir='ltr'>γὰρ</span> <span class='ocrx_word' id='word_1_276' title='bbox 1025 3261 1291 3317; x_wconf 72' lang='grc' dir='ltr'>καὶτοῦτο</span> <span class='ocrx_word' id='word_1_277' title='bbox 1314 3267 1425 3328; x_wconf 82' lang='grc' dir='ltr'>τοῖς</span> <span class='ocrx_word' id='word_1_278' title='bbox 1453 3264 1615 3327; x_wconf 82' lang='grc' dir='ltr'>θείοις</span> <span class='ocrx_word' id='word_1_279' title='bbox 1641 3278 1853 3334; x_wconf 88' lang='grc' dir='ltr'>νενομο-</span> 
     </span>
    </p>
   </div>
   <div class='ocr_carea' id='block_1_36' title="bbox 279 3353 1850 3427">
    <p class='ocr_par' dir='ltr' id='par_1_36' title="bbox 279 3353 1850 3427">
     <span class='ocr_line' id='line_1_36' title="bbox 279 3353 1850 3427; baseline 0.003 -21"><span class='ocrx_word' id='word_1_280' title='bbox 279 3353 579 3424; x_wconf 80' lang='grc' dir='ltr'>θετημένον</span> <span class='ocrx_word' id='word_1_281' title='bbox 606 3353 854 3426; x_wconf 75' lang='grc' dir='ltr'>κρεμασι,</span> <span class='ocrx_word' id='word_1_282' title='bbox 881 3354 943 3409; x_wconf 76' lang='grc' dir='ltr'>τὸ</span> <span class='ocrx_word' id='word_1_283' title='bbox 964 3355 1249 3427; x_wconf 81' lang='grc' dir='ltr'>δωρεῖσθαι</span> <span class='ocrx_word' id='word_1_284' title='bbox 1274 3359 1386 3421; x_wconf 76' lang='grc' dir='ltr'>τοῖς</span> <span class='ocrx_word' id='word_1_285' title='bbox 1413 3356 1582 3423; x_wconf 79' lang='grc' dir='ltr'>ἀξίοις</span> <span class='ocrx_word' id='word_1_286' title='bbox 1626 3357 1719 3410; x_wconf 87' lang='grc' dir='ltr'><strong>τοῦ</strong></span> <span class='ocrx_word' id='word_1_287' title='bbox 1753 3373 1850 3427; x_wconf 83' lang='grc' dir='ltr'>με·</span> 
     </span>
    </p>
   </div>
   <div class='ocr_carea' id='block_1_37' title="bbox 277 3445 1852 3520">
    <p class='ocr_par' dir='ltr' id='par_1_37' title="bbox 277 3445 1852 3520">
     <span class='ocr_line' id='line_1_37' title="bbox 277 3445 1852 3520; baseline 0.004 -24"><span class='ocrx_word' id='word_1_288' title='bbox 277 3447 504 3514; x_wconf 81' lang='grc' dir='ltr'>τασχεῖν</span> <span class='ocrx_word' id='word_1_289' title='bbox 539 3445 628 3499; x_wconf 80' lang='grc' dir='ltr'>διὰ</span> <span class='ocrx_word' id='word_1_290' title='bbox 651 3445 760 3500; x_wconf 85' lang='grc' dir='ltr'>τῶν</span> <span class='ocrx_word' id='word_1_291' title='bbox 805 3445 970 3520; x_wconf 77' lang='grc' dir='ltr'>ἀξίων</span> <span class='ocrx_word' id='word_1_292' title='bbox 998 3445 1092 3499; x_wconf 88' lang='grc' dir='ltr'><strong>τοῦ</strong></span> <span class='ocrx_word' id='word_1_293' title='bbox 1138 3445 1473 3518; x_wconf 86' lang='grc' dir='ltr'>μεταδοῦναι.</span> <span class='ocrx_word' id='word_1_294' title='bbox 1519 3448 1604 3512; x_wconf 85' lang='grc' dir='ltr'>Ὠς</span> <span class='ocrx_word' id='word_1_295' title='bbox 1628 3447 1735 3519; x_wconf 82' lang='lat'><strong>7&amp;9</strong></span> <span class='ocrx_word' id='word_1_296' title='bbox 1761 3447 1852 3502; x_wconf 83' lang='grc' dir='ltr'>τὸν</span> 
     </span>
    </p>
   </div>
   <div class='ocr_carea' id='block_1_38' title="bbox 280 3530 1847 3607">
    <p class='ocr_par' dir='ltr' id='par_1_38' title="bbox 280 3530 1847 3607">
     <span class='ocr_line' id='line_1_38' title="bbox 280 3530 1847 3607; baseline 0.005 -24"><span class='ocrx_word' id='word_1_297' title='bbox 280 3530 550 3603; x_wconf 76' lang='grc' dir='ltr'>ζητοῦντα</span> <span class='ocrx_word' id='word_1_298' title='bbox 582 3534 881 3605; x_wconf 82' lang='grc' dir='ltr'>φιλοκρινεϊ</span> <span class='ocrx_word' id='word_1_299' title='bbox 900 3573 915 3599; x_wconf 92' lang='grc'><strong>,</strong></span> <span class='ocrx_word' id='word_1_300' title='bbox 946 3534 1102 3607; x_wconf 74' lang='grc' dir='ltr'>εἴπερ</span> <span class='ocrx_word' id='word_1_301' title='bbox 1133 3536 1248 3588; x_wconf 72' lang='grc' dir='ltr'>ἐστὶ</span> <span class='ocrx_word' id='word_1_302' title='bbox 1274 3537 1371 3607; x_wconf 82' lang='grc' dir='ltr'>τῆς</span> <span class='ocrx_word' id='word_1_303' title='bbox 1420 3534 1624 3606; x_wconf 84' lang='grc' dir='ltr'>δωρεᾶς</span> <span class='ocrx_word' id='word_1_304' title='bbox 1664 3536 1812 3604; x_wconf 72' lang='grc' dir='ltr'>ἄξιος</span> <span class='ocrx_word' id='word_1_305' title='bbox 1833 3579 1847 3602; x_wconf 96' lang='grc'><strong>,</strong></span> 
     </span>
    </p>
   </div>
   <div class='ocr_carea' id='block_1_39' title="bbox 278 3624 1852 3699">
    <p class='ocr_par' dir='ltr' id='par_1_39' title="bbox 278 3624 1852 3699">
     <span class='ocr_line' id='line_1_39' title="bbox 278 3624 1852 3699; baseline 0.003 -23"><span class='ocrx_word' id='word_1_306' title='bbox 278 3624 428 3677; x_wconf 73' lang='grc' dir='ltr'>οὕτω</span> <span class='ocrx_word' id='word_1_307' title='bbox 471 3625 679 3678; x_wconf 77' lang='grc' dir='ltr'>καὶτὸν</span> <span class='ocrx_word' id='word_1_308' title='bbox 727 3625 1020 3696; x_wconf 87' lang='grc' dir='ltr'>εὐχόμενον</span> <span class='ocrx_word' id='word_1_309' title='bbox 1045 3628 1356 3698; x_wconf 77' lang='grc' dir='ltr'>ἐρευνήσει,</span> <span class='ocrx_word' id='word_1_310' title='bbox 1407 3627 1565 3699; x_wconf 80' lang='grc' dir='ltr'>εῐπερ</span> <span class='ocrx_word' id='word_1_311' title='bbox 1595 3627 1713 3682; x_wconf 72' lang='grc' dir='ltr'>ἐστὶ</span> <span class='ocrx_word' id='word_1_312' title='bbox 1758 3630 1852 3682; x_wconf 72' lang='grc' dir='ltr'><strong>καὶ</strong></span> 
     </span>
    </p>
   </div>
   <div class='ocr_carea' id='block_1_40' title="bbox 278 3713 1851 3789">
    <p class='ocr_par' dir='ltr' id='par_1_40' title="bbox 278 3713 1851 3789">
     <span class='ocr_line' id='line_1_40' title="bbox 278 3713 1851 3789; baseline 0.006 -25"><span class='ocrx_word' id='word_1_313' title='bbox 278 3714 447 3776; x_wconf 81' lang='grc' dir='ltr'>αὐτὸς</span> <span class='ocrx_word' id='word_1_314' title='bbox 475 3713 620 3781; x_wconf 74' lang='grc' dir='ltr'>ἄξιος</span> <span class='ocrx_word' id='word_1_315' title='bbox 647 3715 888 3788; x_wconf 82' lang='grc' dir='ltr'>ὑπηρετή</span> <span class='ocrx_word' id='word_1_316' title='bbox 899 3715 1088 3769; x_wconf 88' lang='grc' dir='ltr'>σασθαι</span> <span class='ocrx_word' id='word_1_317' title='bbox 1112 3715 1246 3788; x_wconf 83' lang='grc' dir='ltr'>πρὸς</span> <span class='ocrx_word' id='word_1_318' title='bbox 1275 3718 1478 3771; x_wconf 79' lang='grc' dir='ltr'>ἐκεῖνον</span> <span class='ocrx_word' id='word_1_319' title='bbox 1501 3717 1724 3789; x_wconf 82' lang='grc' dir='ltr'>τοιούτῳ</span> <span class='ocrx_word' id='word_1_320' title='bbox 1749 3719 1851 3772; x_wconf 82' lang='grc' dir='ltr'>δω-</span> 
     </span>
    </p>
   </div>
   <div class='ocr_carea' id='block_1_41' title="bbox 284 3805 1846 3882">
    <p class='ocr_par' dir='ltr' id='par_1_41' title="bbox 284 3805 1846 3882">
     <span class='ocr_line' id='line_1_41' title="bbox 284 3805 1846 3882; baseline 0.001 -22"><span class='ocrx_word' id='word_1_321' title='bbox 284 3806 505 3878; x_wconf 85' lang='grc' dir='ltr'>ρήματι.</span> <span class='ocrx_word' id='word_1_322' title='bbox 524 3809 635 3878; x_wconf 74' lang='grc' dir='ltr'>Οὐχ</span> <span class='ocrx_word' id='word_1_323' title='bbox 657 3808 842 3873; x_wconf 88' lang='grc' dir='ltr'>ἀπλῶς</span> <span class='ocrx_word' id='word_1_324' title='bbox 870 3805 962 3862; x_wconf 81' lang='grc' dir='ltr'><strong>οὖν</strong></span> <span class='ocrx_word' id='word_1_325' title='bbox 989 3808 1050 3862; x_wconf 80' lang='grc' dir='ltr'><strong>τὸ</strong></span> <span class='ocrx_word' id='word_1_326' title='bbox 1068 3809 1203 3880; x_wconf 85' lang='grc' dir='ltr'>πρὸς</span> <span class='ocrx_word' id='word_1_327' title='bbox 1227 3809 1374 3864; x_wconf 80' lang='grc' dir='ltr'>θείαν</span> <span class='ocrx_word' id='word_1_328' title='bbox 1396 3809 1608 3882; x_wconf 83' lang='grc' dir='ltr'>ὁμιλίαν</span> <span class='ocrx_word' id='word_1_329' title='bbox 1631 3813 1846 3882; x_wconf 87' lang='grc' dir='ltr'>χωρεῖν,</span> 
     </span>
    </p>
   </div>
   <div class='ocr_carea' id='block_1_42' title="bbox 279 3899 1849 3972">
    <p class='ocr_par' dir='ltr' id='par_1_42' title="bbox 279 3899 1849 3972">
     <span class='ocr_line' id='line_1_42' title="bbox 279 3899 1849 3972; baseline 0.002 -21"><span class='ocrx_word' id='word_1_330' title='bbox 279 3900 382 3952; x_wconf 72' lang='grc' dir='ltr'>καὶ</span> <span class='ocrx_word' id='word_1_331' title='bbox 422 3899 687 3952; x_wconf 80' lang='grc' dir='ltr'>αίτεῖσθαι</span> <span class='ocrx_word' id='word_1_332' title='bbox 717 3900 866 3972; x_wconf 83' lang='grc' dir='ltr'>παρὰ</span> <span class='ocrx_word' id='word_1_333' title='bbox 899 3899 1033 3954; x_wconf 76' lang='grc' dir='ltr'>Θεοῦ</span> <span class='ocrx_word' id='word_1_334' title='bbox 1074 3901 1144 3954; x_wconf 82' lang='grc' dir='ltr'>τὰ</span> <span class='ocrx_word' id='word_1_335' title='bbox 1175 3901 1454 3971; x_wconf 85' lang='grc' dir='ltr'>κρείττονα</span> <span class='ocrx_word' id='word_1_336' title='bbox 1485 3902 1744 3956; x_wconf 72' lang='grc' dir='ltr'>κωλύσειε</span> <span class='ocrx_word' id='word_1_337' title='bbox 1767 3918 1849 3965; x_wconf 89' lang='grc' dir='ltr'><strong>τις</strong></span> 
     </span>
    </p>
   </div>
   <div class='ocr_carea' id='block_1_43' title="bbox 281 3988 1841 4065">
    <p class='ocr_par' dir='ltr' id='par_1_43' title="bbox 281 3988 1841 4065">
     <span class='ocr_line' id='line_1_43' title="bbox 281 3988 1841 4065; baseline 0.004 -23"><span class='ocrx_word' id='word_1_338' title='bbox 281 3989 584 4061; x_wconf 74' lang='grc' dir='ltr'>εὐφρονῶν,</span> <span class='ocrx_word' id='word_1_339' title='bbox 612 3988 766 4054; x_wconf 80' lang='grc' dir='ltr'>εἰδὼς</span> <span class='ocrx_word' id='word_1_340' title='bbox 794 3990 885 4044; x_wconf 84' lang='grc' dir='ltr'><strong>τὸν</strong></span> <span class='ocrx_word' id='word_1_341' title='bbox 913 3991 1080 4062; x_wconf 84' lang='grc' dir='ltr'>μέγαν</span> <span class='ocrx_word' id='word_1_342' title='bbox 1096 3991 1412 4047; x_wconf 78' lang='grc' dir='ltr'>’Δπόστολον</span> <span class='ocrx_word' id='word_1_343' title='bbox 1437 3994 1841 4065; x_wconf 78' lang='grc' dir='ltr'>προστάσσοντα</span> 
     </span>
    </p>
   </div>
   <div class='ocr_carea' id='block_1_44' title="bbox 283 4080 1854 4155">
    <p class='ocr_par' dir='ltr' id='par_1_44' title="bbox 283 4080 1854 4155">
     <span class='ocr_line' id='line_1_44' title="bbox 283 4080 1854 4155; baseline 0.002 -22"><span class='ocrx_word' id='word_1_344' title='bbox 283 4080 644 4144; x_wconf 76' lang='grc' dir='ltr'>ἀδιαλείπτως</span> <span class='ocrx_word' id='word_1_345' title='bbox 669 4080 1096 4153; x_wconf 85' lang='grc' dir='ltr'>προσεύχεσθαι·</span> <span class='ocrx_word' id='word_1_346' title='bbox 1131 4081 1345 4151; x_wconf 69' lang='grc' dir='ltr'>ἀλλάτὸ</span> <span class='ocrx_word' id='word_1_347' title='bbox 1372 4085 1547 4154; x_wconf 76' lang='grc' dir='ltr'>οἰήσει</span> <span class='ocrx_word' id='word_1_348' title='bbox 1575 4082 1695 4137; x_wconf 83' lang='grc' dir='ltr'>τινὰ</span> <span class='ocrx_word' id='word_1_349' title='bbox 1723 4101 1854 4155; x_wconf 86' lang='grc' dir='ltr'>κρα-</span> 
     </span>
    </p>
   </div>
   <div class='ocr_carea' id='block_1_45' title="bbox 279 4171 1850 4247">
    <p class='ocr_par' dir='ltr' id='par_1_45' title="bbox 279 4171 1850 4247">
     <span class='ocr_line' id='line_1_45' title="bbox 279 4171 1850 4247; baseline 0.002 -22"><span class='ocrx_word' id='word_1_350' title='bbox 279 4171 377 4226; x_wconf 79' lang='grc' dir='ltr'><strong>τού</strong></span> <span class='ocrx_word' id='word_1_351' title='bbox 387 4189 542 4242; x_wconf 85' lang='grc' dir='ltr'>μενον</span> <span class='ocrx_word' id='word_1_352' title='bbox 569 4173 926 4243; x_wconf 80' lang='grc' dir='ltr'>ὑπερφρονεῖν</span> <span class='ocrx_word' id='word_1_353' title='bbox 954 4173 1061 4228; x_wconf 86' lang='grc' dir='ltr'>τῶν</span> <span class='ocrx_word' id='word_1_354' title='bbox 1087 4173 1256 4243; x_wconf 81' lang='grc' dir='ltr'>ἁγίων</span> <span class='ocrx_word' id='word_1_355' title='bbox 1275 4213 1290 4238; x_wconf 91' lang='grc'><strong>,</strong></span> <span class='ocrx_word' id='word_1_356' title='bbox 1332 4175 1424 4227; x_wconf 70' lang='grc' dir='ltr'>καὶ</span> <span class='ocrx_word' id='word_1_357' title='bbox 1455 4173 1604 4247; x_wconf 86' lang='grc' dir='ltr'><strong>παρά</strong></span> <span class='ocrx_word' id='word_1_358' title='bbox 1635 4174 1850 4243; x_wconf 83' lang='grc' dir='ltr'>φαύλων</span> 
     </span>
    </p>
   </div>
   <div class='ocr_carea' id='block_1_46' title="bbox 278 4263 1850 4336">
    <p class='ocr_par' dir='ltr' id='par_1_46' title="bbox 278 4263 1850 4336">
     <span class='ocr_line' id='line_1_46' title="bbox 278 4263 1850 4336; baseline 0.003 -19"><span class='ocrx_word' id='word_1_359' title='bbox 278 4263 525 4318; x_wconf 83' lang='grc' dir='ltr'>τίθεσθαι</span> <span class='ocrx_word' id='word_1_360' title='bbox 549 4263 648 4328; x_wconf 90' lang='grc' dir='ltr'><strong>τάς</strong></span> <span class='ocrx_word' id='word_1_361' title='bbox 672 4265 874 4319; x_wconf 87' lang='grc' dir='ltr'>τούτων</span> <span class='ocrx_word' id='word_1_362' title='bbox 894 4265 1077 4336; x_wconf 82' lang='grc' dir='ltr'>εὐχὰς,</span> <span class='ocrx_word' id='word_1_363' title='bbox 1104 4265 1262 4320; x_wconf 85' lang='grc' dir='ltr'>τοῦτο</span> <span class='ocrx_word' id='word_1_364' title='bbox 1287 4267 1381 4319; x_wconf 76' lang='grc' dir='ltr'>καὶ</span> <span class='ocrx_word' id='word_1_365' title='bbox 1406 4265 1524 4320; x_wconf 81' lang='grc' dir='ltr'>λίαν</span> <span class='ocrx_word' id='word_1_366' title='bbox 1548 4270 1660 4331; x_wconf 83' lang='grc' dir='ltr'>τοῖς</span> <span class='ocrx_word' id='word_1_367' title='bbox 1687 4266 1850 4332; x_wconf 86' lang='grc' dir='ltr'>θείοις</span> 
     </span>
    </p>
   </div>
   <div class='ocr_carea' id='block_1_47' title="bbox 281 4357 1848 4430">
    <p class='ocr_par' dir='ltr' id='par_1_47' title="bbox 281 4357 1848 4430">
     <span class='ocr_line' id='line_1_47' title="bbox 281 4357 1848 4430; baseline 0 -19"><span class='ocrx_word' id='word_1_368' title='bbox 281 4357 488 4430; x_wconf 80' lang='grc' dir='ltr'>ἀπᾷδον</span> <span class='ocrx_word' id='word_1_369' title='bbox 513 4358 606 4410; x_wconf 72' lang='grc' dir='ltr'>καὶ</span> <span class='ocrx_word' id='word_1_370' title='bbox 631 4358 1023 4428; x_wconf 83' lang='grc' dir='ltr'>κεκωλυμένον.</span> <span class='ocrx_word' id='word_1_371' title='bbox 1055 4359 1181 4412; x_wconf 84' lang='grc' dir='ltr'>Ὅτε</span> <span class='ocrx_word' id='word_1_372' title='bbox 1203 4358 1261 4412; x_wconf 82' lang='grc' dir='ltr'><strong>δὲ</strong></span> <span class='ocrx_word' id='word_1_373' title='bbox 1291 4361 1386 4412; x_wconf 71' lang='grc' dir='ltr'>καὶ</span> <span class='ocrx_word' id='word_1_374' title='bbox 1408 4358 1584 4430; x_wconf 84' lang='grc' dir='ltr'>οἴησις</span> <span class='ocrx_word' id='word_1_375' title='bbox 1615 4359 1688 4430; x_wconf 83' lang='grc' dir='ltr'>μὴ</span> <span class='ocrx_word' id='word_1_376' title='bbox 1714 4358 1848 4424; x_wconf 77' lang='grc' dir='ltr'>ἐστι,</span> 
     </span>
    </p>
   </div>
   <div class='ocr_carea' id='block_1_48' title="bbox 279 4450 1850 4523">
    <p class='ocr_par' dir='ltr' id='par_1_48' title="bbox 279 4450 1850 4523">
     <span class='ocr_line' id='line_1_48' title="bbox 279 4450 1850 4523; baseline 0.002 -21"><span class='ocrx_word' id='word_1_377' title='bbox 279 4451 422 4513; x_wconf 82' lang='grc' dir='ltr'>τέως</span> <span class='ocrx_word' id='word_1_378' title='bbox 463 4450 731 4522; x_wconf 79' lang='grc' dir='ltr'>χρῄζομεν</span> <span class='ocrx_word' id='word_1_379' title='bbox 756 4453 864 4505; x_wconf 81' lang='grc' dir='ltr'><strong>τῶν</strong></span> <span class='ocrx_word' id='word_1_380' title='bbox 894 4453 1164 4506; x_wconf 88' lang='grc' dir='ltr'>κοινωνῶν</span> <span class='ocrx_word' id='word_1_381' title='bbox 1191 4453 1290 4523; x_wconf 80' lang='grc' dir='ltr'>τῆς</span> <span class='ocrx_word' id='word_1_382' title='bbox 1321 4452 1482 4523; x_wconf 76' lang='grc' dir='ltr'>εὐχῆς</span> <span class='ocrx_word' id='word_1_383' title='bbox 1549 4452 1609 4506; x_wconf 77' lang='grc' dir='ltr'><strong>τὸ</strong></span> <span class='ocrx_word' id='word_1_384' title='bbox 1637 4453 1736 4523; x_wconf 80' lang='grc' dir='ltr'><strong>μὲν</strong></span> <span class='ocrx_word' id='word_1_385' title='bbox 1764 4455 1850 4505; x_wconf 84' lang='grc' dir='ltr'>ἰ’να</span> 
     </span>
    </p>
   </div>
   <div class='ocr_carea' id='block_1_49' title="bbox 1968 617 3521 674">
    <p class='ocr_par' dir='ltr' id='par_1_49' title="bbox 1968 617 3521 674">
     <span class='ocr_line' id='line_1_49' title="bbox 1968 617 3521 674; baseline 0.001 -2"><span class='ocrx_word' id='word_1_386' title='bbox 1968 619 2285 673; x_wconf 82' lang='lat' dir='ltr'><strong>deﬁcientes</strong></span> <span class='ocrx_word' id='word_1_387' title='bbox 2329 619 2382 672; x_wconf 87' lang='lat' dir='ltr'><strong>in</strong></span> <span class='ocrx_word' id='word_1_388' title='bbox 2431 619 2667 673; x_wconf 83' lang='lat' dir='ltr'><strong>salutare</strong></span> <span class='ocrx_word' id='word_1_389' title='bbox 2699 619 2862 672; x_wconf 69' lang='lat' dir='ltr'><strong>Deik.</strong></span> <span class='ocrx_word' id='word_1_390' title='bbox 2909 617 2985 672; x_wconf 85' lang='lat' dir='ltr'><strong>Ne</strong></span> <span class='ocrx_word' id='word_1_391' title='bbox 3011 620 3294 674; x_wconf 82' lang='lat' dir='ltr'><strong>existimes</strong></span> <span class='ocrx_word' id='word_1_392' title='bbox 3344 628 3521 673; x_wconf 80' lang='lat' dir='ltr'><strong>autent</strong></span> 
     </span>
    </p>
   </div>
   <div class='ocr_carea' id='block_1_50' title="bbox 1974 712 3524 779">
    <p class='ocr_par' dir='ltr' id='par_1_50' title="bbox 1974 712 3524 779">
     <span class='ocr_line' id='line_1_50' title="bbox 1974 712 3524 779; baseline -0.001 -13"><span class='ocrx_word' id='word_1_393' title='bbox 1974 712 2139 766; x_wconf 86' lang='lat' dir='ltr'><strong>solem</strong></span> <span class='ocrx_word' id='word_1_394' title='bbox 2169 713 2301 767; x_wconf 86' lang='lat' dir='ltr'><strong>dare</strong></span> <span class='ocrx_word' id='word_1_395' title='bbox 2329 712 2532 766; x_wconf 89' lang='lat' dir='ltr'><strong>lumina</strong></span> <span class='ocrx_word' id='word_1_396' title='bbox 2567 727 2662 766; x_wconf 84' lang='lat' dir='ltr'><strong>sua</strong></span> <span class='ocrx_word' id='word_1_397' title='bbox 2686 714 2976 779; x_wconf 84' lang='lat' dir='ltr'><strong>(quomodo</strong></span> <span class='ocrx_word' id='word_1_398' title='bbox 2999 715 3142 766; x_wconf 89' lang='lat' dir='ltr'><strong>enim</strong></span> <span class='ocrx_word' id='word_1_399' title='bbox 3164 756 3177 778; x_wconf 94' lang='lat'><strong>,</strong></span> <span class='ocrx_word' id='word_1_400' title='bbox 3199 729 3318 766; x_wconf 78' lang='lat' dir='ltr'><strong>cum</strong></span> <span class='ocrx_word' id='word_1_401' title='bbox 3348 715 3524 768; x_wconf 80' lang='lat' dir='ltr'><strong>inani-</strong></span> 
     </span>
    </p>
   </div>
   <div class='ocr_carea' id='block_1_51' title="bbox 1967 801 3520 872">
    <p class='ocr_par' dir='ltr' id='par_1_51' title="bbox 1967 801 3520 872">
     <span class='ocr_line' id='line_1_51' title="bbox 1967 801 3520 872; baseline 0.001 -16"><span class='ocrx_word' id='word_1_402' title='bbox 1967 803 2069 858; x_wconf 89' lang='lat' dir='ltr'><strong>mis</strong></span> <span class='ocrx_word' id='word_1_403' title='bbox 2098 803 2188 867; x_wconf 88' lang='lat' dir='ltr'><strong>sit,</strong></span> <span class='ocrx_word' id='word_1_404' title='bbox 2213 803 2383 872; x_wconf 78' lang='lat' dir='ltr'><strong>possit</strong></span> <span class='ocrx_word' id='word_1_405' title='bbox 2417 804 2545 858; x_wconf 84' lang='lat' dir='ltr'><strong>dare</strong></span> <span class='ocrx_word' id='word_1_406' title='bbox 2580 803 2864 866; x_wconf 68' lang='lat' dir='ltr'><strong>mnnnsi),</strong></span> <span class='ocrx_word' id='word_1_407' title='bbox 2891 806 2986 857; x_wconf 90' lang='lat' dir='ltr'><strong>sed</strong></span> <span class='ocrx_word' id='word_1_408' title='bbox 3013 801 3174 857; x_wconf 86' lang='lat' dir='ltr'><strong>veluti</strong></span> <span class='ocrx_word' id='word_1_409' title='bbox 3196 821 3290 871; x_wconf 89' lang='lat' dir='ltr'><strong>per</strong></span> <span class='ocrx_word' id='word_1_410' title='bbox 3309 819 3520 858; x_wconf 87' lang='lat' dir='ltr'><strong>morum</strong></span> 
     </span>
    </p>
   </div>
   <div class='ocr_carea' id='block_1_52' title="bbox 1956 887 3523 964">
    <p class='ocr_par' dir='ltr' id='par_1_52' title="bbox 1956 887 3523 964">
     <span class='ocr_line' id='line_1_52' title="bbox 1956 887 3523 964; baseline 0.003 -19"><span class='ocrx_word' id='word_1_411' title='bbox 1956 887 2250 962; x_wconf 85' lang='lat' dir='ltr'><strong>quamdam</strong></span> <span class='ocrx_word' id='word_1_412' title='bbox 2288 893 2563 948; x_wconf 75' lang='lat' dir='ltr'><strong>fictionem</strong></span> <span class='ocrx_word' id='word_1_413' title='bbox 2616 894 2666 947; x_wconf 89' lang='lat' dir='ltr'><strong>id</strong></span> <span class='ocrx_word' id='word_1_414' title='bbox 2723 894 2874 948; x_wconf 90' lang='lat' dir='ltr'><strong>dicit.</strong></span> <span class='ocrx_word' id='word_1_415' title='bbox 2925 894 3075 948; x_wconf 84' lang='lat' dir='ltr'><strong>Sicut</strong></span> <span class='ocrx_word' id='word_1_416' title='bbox 3115 896 3259 948; x_wconf 88' lang='lat' dir='ltr'><strong>enim</strong></span> <span class='ocrx_word' id='word_1_417' title='bbox 3309 897 3351 948; x_wconf 90' lang='lat' dir='ltr'><strong>si</strong></span> <span class='ocrx_word' id='word_1_418' title='bbox 3400 897 3523 964; x_wconf 85' lang='lat' dir='ltr'><strong>quis</strong></span> 
     </span>
    </p>
   </div>
   <div class='ocr_carea' id='block_1_53' title="bbox 1967 983 3518 1054">
    <p class='ocr_par' dir='ltr' id='par_1_53' title="bbox 1967 983 3518 1054">
     <span class='ocr_line' id='line_1_53' title="bbox 1967 983 3518 1054; baseline 0.001 -18"><span class='ocrx_word' id='word_1_419' title='bbox 1967 991 2236 1052; x_wconf 90' lang='lat' dir='ltr'><strong>supponat</strong></span> <span class='ocrx_word' id='word_1_420' title='bbox 2258 983 2429 1039; x_wconf 89' lang='lat' dir='ltr'><strong>solem</strong></span> <span class='ocrx_word' id='word_1_421' title='bbox 2453 985 2637 1039; x_wconf 78' lang='lat' dir='ltr'><strong>dicere</strong></span> <span class='ocrx_word' id='word_1_422' title='bbox 2659 1001 2672 1036; x_wconf 94' lang='lat'>:</span> <span class='ocrx_word' id='word_1_423' title='bbox 2705 984 2814 1054; x_wconf 80' lang='lat' dir='ltr'><strong>Ego</strong></span> <span class='ocrx_word' id='word_1_424' title='bbox 2826 986 3131 1040; x_wconf 85' lang='lat' dir='ltr'><strong>valentibus</strong></span> <span class='ocrx_word' id='word_1_425' title='bbox 3147 986 3317 1040; x_wconf 83' lang='lat' dir='ltr'><strong>oculis</strong></span> <span class='ocrx_word' id='word_1_426' title='bbox 3343 987 3518 1038; x_wconf 78' lang='lat' dir='ltr'><strong>Iunten</strong></span> 
     </span>
    </p>
   </div>
   <div class='ocr_carea' id='block_1_54' title="bbox 1963 1071 3517 1143">
    <p class='ocr_par' dir='ltr' id='par_1_54' title="bbox 1963 1071 3517 1143">
     <span class='ocr_line' id='line_1_54' title="bbox 1963 1071 3517 1143; baseline 0.002 -18"><span class='ocrx_word' id='word_1_427' title='bbox 1963 1071 2135 1138; x_wconf 90' lang='lat' dir='ltr'><strong>dono;</strong></span> <span class='ocrx_word' id='word_1_428' title='bbox 2185 1083 2371 1142; x_wconf 86' lang='lat' dir='ltr'><strong>postea</strong></span> <span class='ocrx_word' id='word_1_429' title='bbox 2419 1074 2618 1143; x_wconf 88' lang='lat' dir='ltr'><strong>aliquis</strong></span> <span class='ocrx_word' id='word_1_430' title='bbox 2648 1073 2908 1128; x_wconf 85' lang='lat' dir='ltr'><strong>laborans</strong></span> <span class='ocrx_word' id='word_1_431' title='bbox 2953 1075 3127 1128; x_wconf 89' lang='lat' dir='ltr'><strong>oculis</strong></span> <span class='ocrx_word' id='word_1_432' title='bbox 3174 1075 3413 1129; x_wconf 78' lang='lat' dir='ltr'><strong>dixerit:</strong></span> <span class='ocrx_word' id='word_1_433' title='bbox 3445 1073 3517 1128; x_wconf 86' lang='lat' dir='ltr'><strong>Da</strong></span> 
     </span>
    </p>
   </div>
   <div class='ocr_carea' id='block_1_55' title="bbox 1961 1160 3517 1229">
    <p class='ocr_par' dir='ltr' id='par_1_55' title="bbox 1961 1160 3517 1229">
     <span class='ocr_line' id='line_1_55' title="bbox 1961 1160 3517 1229; baseline 0.003 -16"><span class='ocrx_word' id='word_1_434' title='bbox 1961 1161 2124 1214; x_wconf 89' lang='lat' dir='ltr'><strong>etiam</strong></span> <span class='ocrx_word' id='word_1_435' title='bbox 2156 1160 2288 1216; x_wconf 85' lang='lat' dir='ltr'><strong>mihi</strong></span> <span class='ocrx_word' id='word_1_436' title='bbox 2323 1161 2559 1229; x_wconf 82' lang='lat' dir='ltr'><strong>radium,</strong></span> <span class='ocrx_word' id='word_1_437' title='bbox 2602 1163 2754 1218; x_wconf 81' lang='lat' dir='ltr'><strong>valeo</strong></span> <span class='ocrx_word' id='word_1_438' title='bbox 2803 1165 2972 1227; x_wconf 87' lang='lat' dir='ltr'><strong>enim,</strong></span> <span class='ocrx_word' id='word_1_439' title='bbox 3003 1166 3123 1218; x_wconf 90' lang='lat' dir='ltr'><strong>dico</strong></span> <span class='ocrx_word' id='word_1_440' title='bbox 3155 1165 3208 1219; x_wconf 91' lang='lat' dir='ltr'><strong>id</strong></span> <span class='ocrx_word' id='word_1_441' title='bbox 3256 1165 3383 1218; x_wconf 82' lang='lat' dir='ltr'><strong>huic</strong></span> <span class='ocrx_word' id='word_1_442' title='bbox 3411 1181 3517 1218; x_wconf 76' lang='lat' dir='ltr'><strong>non</strong></span> 
     </span>
    </p>
   </div>
   <div class='ocr_carea' id='block_1_56' title="bbox 1964 1254 3522 1325">
    <p class='ocr_par' dir='ltr' id='par_1_56' title="bbox 1964 1254 3522 1325">
     <span class='ocr_line' id='line_1_56' title="bbox 1964 1254 3522 1325; baseline 0.002 -18"><span class='ocrx_word' id='word_1_443' title='bbox 1964 1261 2168 1308; x_wconf 88' lang='lat' dir='ltr'><strong>tantum</strong></span> <span class='ocrx_word' id='word_1_444' title='bbox 2201 1254 2304 1308; x_wconf 84' lang='lat' dir='ltr'><strong>nOn</strong></span> <span class='ocrx_word' id='word_1_445' title='bbox 2325 1254 2686 1323; x_wconf 79' lang='lat' dir='ltr'><strong>profuturum,</strong></span> <span class='ocrx_word' id='word_1_446' title='bbox 2711 1257 2841 1324; x_wconf 90' lang='lat' dir='ltr'><strong>quin</strong></span> <span class='ocrx_word' id='word_1_447' title='bbox 2871 1257 3034 1309; x_wconf 88' lang='lat' dir='ltr'><strong>etiam</strong></span> <span class='ocrx_word' id='word_1_448' title='bbox 3061 1256 3110 1309; x_wconf 90' lang='lat' dir='ltr'><strong>id</strong></span> <span class='ocrx_word' id='word_1_449' title='bbox 3142 1259 3281 1325; x_wconf 91' lang='lat' dir='ltr'><strong>quod</strong></span> <span class='ocrx_word' id='word_1_450' title='bbox 3305 1257 3522 1324; x_wconf 77' lang='lat' dir='ltr'><strong>videbat</strong></span> 
     </span>
    </p>
   </div>
   <div class='ocr_carea' id='block_1_57' title="bbox 1961 1345 3520 1415">
    <p class='ocr_par' dir='ltr' id='par_1_57' title="bbox 1961 1345 3520 1415">
     <span class='ocr_line' id='line_1_57' title="bbox 1961 1345 3520 1415; baseline 0.003 -19"><span class='ocrx_word' id='word_1_451' title='bbox 1961 1345 2215 1399; x_wconf 69' lang='lat' dir='ltr'><strong>amittet;</strong></span> <span class='ocrx_word' id='word_1_452' title='bbox 2254 1345 2440 1400; x_wconf 91' lang='lat' dir='ltr'><strong>eodem</strong></span> <span class='ocrx_word' id='word_1_453' title='bbox 2486 1347 2648 1399; x_wconf 88' lang='lat' dir='ltr'><strong>etiam</strong></span> <span class='ocrx_word' id='word_1_454' title='bbox 2683 1345 2840 1401; x_wconf 91' lang='lat' dir='ltr'><strong>modo</strong></span> <span class='ocrx_word' id='word_1_455' title='bbox 2901 1348 2991 1415; x_wconf 85' lang='lat' dir='ltr'><strong>qui</strong></span> <span class='ocrx_word' id='word_1_456' title='bbox 3042 1345 3291 1400; x_wconf 87' lang='lat' dir='ltr'><strong>damnari</strong></span> <span class='ocrx_word' id='word_1_457' title='bbox 3326 1348 3520 1402; x_wconf 87' lang='lat' dir='ltr'><strong>meruit</strong></span> 
     </span>
    </p>
   </div>
   <div class='ocr_carea' id='block_1_58' title="bbox 1959 1436 3519 1509">
    <p class='ocr_par' dir='ltr' id='par_1_58' title="bbox 1959 1436 3519 1509">
     <span class='ocr_line' id='line_1_58' title="bbox 1959 1436 3519 1509; baseline 0.002 -21"><span class='ocrx_word' id='word_1_458' title='bbox 1959 1446 2219 1504; x_wconf 83' lang='lat' dir='ltr'><strong>peccator</strong></span> <span class='ocrx_word' id='word_1_459' title='bbox 2245 1436 2474 1493; x_wconf 77' lang='lat' dir='ltr'><strong>alTectus</strong></span> <span class='ocrx_word' id='word_1_460' title='bbox 2499 1445 2616 1504; x_wconf 90' lang='lat' dir='ltr'><strong>est,</strong></span> <span class='ocrx_word' id='word_1_461' title='bbox 2658 1453 2778 1492; x_wconf 89' lang='lat' dir='ltr'><strong>cum</strong></span> <span class='ocrx_word' id='word_1_462' title='bbox 2802 1438 3071 1506; x_wconf 79' lang='lat' dir='ltr'><strong>iustorum</strong></span> <span class='ocrx_word' id='word_1_463' title='bbox 3102 1454 3293 1509; x_wconf 84' lang='lat' dir='ltr'><strong>preces</strong></span> <span class='ocrx_word' id='word_1_464' title='bbox 3318 1439 3519 1505; x_wconf 79' lang='lat' dir='ltr'><strong>efﬂagi-</strong></span> 
     </span>
    </p>
   </div>
   <div class='ocr_carea' id='block_1_59' title="bbox 1963 1529 3517 1598">
    <p class='ocr_par' dir='ltr' id='par_1_59' title="bbox 1963 1529 3517 1598">
     <span class='ocr_line' id='line_1_59' title="bbox 1963 1529 3517 1598; baseline 0.003 -16"><span class='ocrx_word' id='word_1_465' title='bbox 1963 1536 2076 1591; x_wconf 77' lang='lat' dir='ltr'><strong>tat,</strong></span> <span class='ocrx_word' id='word_1_466' title='bbox 2124 1538 2179 1584; x_wconf 91' lang='lat' dir='ltr'><strong>et</strong></span> <span class='ocrx_word' id='word_1_467' title='bbox 2225 1529 2341 1598; x_wconf 89' lang='lat' dir='ltr'><strong>ipse</strong></span> <span class='ocrx_word' id='word_1_468' title='bbox 2388 1545 2450 1584; x_wconf 91' lang='lat' dir='ltr'><strong>se</strong></span> <span class='ocrx_word' id='word_1_469' title='bbox 2486 1545 2590 1582; x_wconf 91' lang='lat' dir='ltr'><strong>non</strong></span> <span class='ocrx_word' id='word_1_470' title='bbox 2623 1531 2915 1583; x_wconf 80' lang='lat' dir='ltr'><strong>convertit.</strong></span> <span class='ocrx_word' id='word_1_471' title='bbox 2961 1529 3026 1582; x_wconf 87' lang='lat' dir='ltr'><strong>Et</strong></span> <span class='ocrx_word' id='word_1_472' title='bbox 3063 1530 3165 1585; x_wconf 84' lang='lat' dir='ltr'><strong>hoc</strong></span> <span class='ocrx_word' id='word_1_473' title='bbox 3209 1537 3292 1585; x_wconf 91' lang='lat' dir='ltr'><strong>est</strong></span> <span class='ocrx_word' id='word_1_474' title='bbox 3322 1532 3462 1598; x_wconf 88' lang='lat' dir='ltr'><strong>quod</strong></span> <span class='ocrx_word' id='word_1_475' title='bbox 3489 1547 3517 1585; x_wconf 85' lang='lat' dir='ltr'><strong>a</strong></span> 
     </span>
    </p>
   </div>
   <div class='ocr_carea' id='block_1_60' title="bbox 1961 1618 3514 1691">
    <p class='ocr_par' dir='ltr' id='par_1_60' title="bbox 1961 1618 3514 1691">
     <span class='ocr_line' id='line_1_60' title="bbox 1961 1618 3514 1691; baseline 0.001 -17"><span class='ocrx_word' id='word_1_476' title='bbox 1961 1619 2244 1688; x_wconf 78' lang='lat' dir='ltr'><strong>Scriptura</strong></span> <span class='ocrx_word' id='word_1_477' title='bbox 2292 1620 2491 1675; x_wconf 92' lang='lat' dir='ltr'><strong>dicitur</strong></span> <span class='ocrx_word' id='word_1_478' title='bbox 2517 1637 2530 1674; x_wconf 92' lang='lat'><strong>:</strong></span> <span class='ocrx_word' id='word_1_479' title='bbox 2560 1618 2783 1673; x_wconf 82' lang='lat' dir='ltr'><strong>Multum</strong></span> <span class='ocrx_word' id='word_1_480' title='bbox 2832 1619 2963 1674; x_wconf 83' lang='lat' dir='ltr'><strong>valet</strong></span> <span class='ocrx_word' id='word_1_481' title='bbox 2993 1623 3291 1688; x_wconf 81' lang='lat' dir='ltr'><strong>deprecatio</strong></span> <span class='ocrx_word' id='word_1_482' title='bbox 3325 1623 3466 1691; x_wconf 78' lang='lat' dir='ltr'><strong>justi</strong></span> <span class='ocrx_word' id='word_1_483' title='bbox 3498 1620 3514 1660; x_wconf 80' lang='grc' dir='ltr'><strong>Ι</strong></span> 
     </span>
    </p>
   </div>
   <div class='ocr_carea' id='block_1_61' title="bbox 1960 1711 3515 1786">
    <p class='ocr_par' dir='ltr' id='par_1_61' title="bbox 1960 1711 3515 1786">
     <span class='ocr_line' id='line_1_61' title="bbox 1960 1711 3515 1786; baseline 0.001 -20"><span class='ocrx_word' id='word_1_484' title='bbox 1960 1727 1989 1766; x_wconf 88' lang='lat' dir='ltr'><strong>a</strong></span> <span class='ocrx_word' id='word_1_485' title='bbox 2023 1712 2226 1786; x_wconf 88' lang='lat' dir='ltr'><strong>Spiritu</strong></span> <span class='ocrx_word' id='word_1_486' title='bbox 2258 1712 2462 1782; x_wconf 89' lang='lat' dir='ltr'><strong>agitata</strong></span> <span class='ocrx_word' id='word_1_487' title='bbox 2499 1711 2648 1781; x_wconf 76' lang='lat'><strong>(29);</strong></span> <span class='ocrx_word' id='word_1_488' title='bbox 2686 1714 2749 1765; x_wconf 89' lang='lat' dir='ltr'><strong>de</strong></span> <span class='ocrx_word' id='word_1_489' title='bbox 2792 1712 2944 1780; x_wconf 81' lang='lat' dir='ltr'><strong>justo</strong></span> <span class='ocrx_word' id='word_1_490' title='bbox 2977 1713 3122 1765; x_wconf 89' lang='lat' dir='ltr'><strong>enim</strong></span> <span class='ocrx_word' id='word_1_491' title='bbox 3161 1713 3263 1767; x_wconf 91' lang='lat' dir='ltr'><strong>hoc</strong></span> <span class='ocrx_word' id='word_1_492' title='bbox 3297 1712 3515 1768; x_wconf 89' lang='lat' dir='ltr'><strong>dicitur.</strong></span> 
     </span>
    </p>
   </div>
   <div class='ocr_carea' id='block_1_62' title="bbox 1964 1803 3520 1874">
    <p class='ocr_par' dir='ltr' id='par_1_62' title="bbox 1964 1803 3520 1874">
     <span class='ocr_line' id='line_1_62' title="bbox 1964 1803 3520 1874; baseline 0.001 -15"><span class='ocrx_word' id='word_1_493' title='bbox 1964 1805 2038 1859; x_wconf 90' lang='lat' dir='ltr'><strong>De</strong></span> <span class='ocrx_word' id='word_1_494' title='bbox 2083 1804 2174 1860; x_wconf 89' lang='lat' dir='ltr'><strong>illo</strong></span> <span class='ocrx_word' id='word_1_495' title='bbox 2207 1813 2415 1867; x_wconf 84' lang='lat' dir='ltr'><strong>autem,</strong></span> <span class='ocrx_word' id='word_1_496' title='bbox 2467 1819 2564 1873; x_wconf 91' lang='lat' dir='ltr'><strong>pro</strong></span> <span class='ocrx_word' id='word_1_497' title='bbox 2609 1818 2720 1873; x_wconf 89' lang='lat' dir='ltr'><strong>quo</strong></span> <span class='ocrx_word' id='word_1_498' title='bbox 2764 1804 2822 1857; x_wconf 86' lang='lat' dir='ltr'><strong>ﬁt</strong></span> <span class='ocrx_word' id='word_1_499' title='bbox 2849 1803 3191 1873; x_wconf 78' lang='lat' dir='ltr'><strong>deprecatio,</strong></span> <span class='ocrx_word' id='word_1_500' title='bbox 3225 1804 3520 1874; x_wconf 89' lang='lat' dir='ltr'><strong>Scripturis</strong></span> 
     </span>
    </p>
   </div>
   <div class='ocr_carea' id='block_1_63' title="bbox 1889 1878 3517 1966">
    <p class='ocr_par' dir='ltr' id='par_1_63' title="bbox 1889 1878 3517 1966">
     <span class='ocr_line' id='line_1_63' title="bbox 1889 1878 3517 1966; baseline 0.002 -21"><span class='ocrx_word' id='word_1_501' title='bbox 1889 1878 2174 1966; x_wconf 77' lang='lat' dir='ltr'><strong>Bquoque</strong></span> <span class='ocrx_word' id='word_1_502' title='bbox 2220 1909 2456 1950; x_wconf 86' lang='lat' dir='ltr'><strong>consone</strong></span> <span class='ocrx_word' id='word_1_503' title='bbox 2498 1895 2654 1960; x_wconf 83' lang='lat' dir='ltr'><strong>dico,</strong></span> <span class='ocrx_word' id='word_1_504' title='bbox 2710 1894 2968 1964; x_wconf 83' lang='lat' dir='ltr'><strong>perutiles</strong></span> <span class='ocrx_word' id='word_1_505' title='bbox 3030 1907 3153 1948; x_wconf 87' lang='lat' dir='ltr'><strong>esse</strong></span> <span class='ocrx_word' id='word_1_506' title='bbox 3206 1896 3517 1950; x_wconf 84' lang='lat' dir='ltr'><strong>sanctorum</strong></span> 
     </span>
    </p>
   </div>
   <div class='ocr_carea' id='block_1_64' title="bbox 1954 1984 3521 2056">
    <p class='ocr_par' dir='ltr' id='par_1_64' title="bbox 1954 1984 3521 2056">
     <span class='ocr_line' id='line_1_64' title="bbox 1954 1984 3521 2056; baseline 0.001 -18"><span class='ocrx_word' id='word_1_507' title='bbox 1954 2000 2173 2056; x_wconf 85' lang='lat' dir='ltr'><strong>preces,</strong></span> <span class='ocrx_word' id='word_1_508' title='bbox 2207 1985 2501 2039; x_wconf 85' lang='lat' dir='ltr'><strong>dummodo</strong></span> <span class='ocrx_word' id='word_1_509' title='bbox 2530 1984 2654 2052; x_wconf 88' lang='lat' dir='ltr'><strong>quis</strong></span> <span class='ocrx_word' id='word_1_510' title='bbox 2679 1999 2959 2038; x_wconf 86' lang='lat' dir='ltr'><strong>sacrorum</strong></span> <span class='ocrx_word' id='word_1_511' title='bbox 2989 1998 3277 2039; x_wconf 87' lang='lat' dir='ltr'><strong>munermn</strong></span> <span class='ocrx_word' id='word_1_512' title='bbox 3310 1985 3521 2041; x_wconf 85' lang='lat' dir='ltr'><strong>deside-</strong></span> 
     </span>
    </p>
   </div>
   <div class='ocr_carea' id='block_1_65' title="bbox 1954 2074 3522 2146">
    <p class='ocr_par' dir='ltr' id='par_1_65' title="bbox 1954 2074 3522 2146">
     <span class='ocr_line' id='line_1_65' title="bbox 1954 2074 3522 2146; baseline 0 -13"><span class='ocrx_word' id='word_1_513' title='bbox 1954 2079 2034 2134; x_wconf 89' lang='lat' dir='ltr'><strong>rio</strong></span> <span class='ocrx_word' id='word_1_514' title='bbox 2053 2077 2218 2146; x_wconf 71' lang='lat'><strong>278</strong></span> <span class='ocrx_word' id='word_1_515' title='bbox 2232 2089 2519 2136; x_wconf 84' lang='lat' dir='ltr'><strong>accensus,</strong></span> <span class='ocrx_word' id='word_1_516' title='bbox 2541 2086 2594 2128; x_wconf 92' lang='lat' dir='ltr'><strong>et</strong></span> <span class='ocrx_word' id='word_1_517' title='bbox 2626 2074 2691 2129; x_wconf 84' lang='lat' dir='ltr'><strong>ad</strong></span> <span class='ocrx_word' id='word_1_518' title='bbox 2712 2076 2898 2130; x_wconf 84' lang='lat' dir='ltr'><strong>eadem</strong></span> <span class='ocrx_word' id='word_1_519' title='bbox 2926 2080 3014 2145; x_wconf 88' lang='lat' dir='ltr'><strong>pie</strong></span> <span class='ocrx_word' id='word_1_520' title='bbox 3037 2079 3108 2130; x_wconf 87' lang='lat' dir='ltr'><strong>sit</strong></span> <span class='ocrx_word' id='word_1_521' title='bbox 3131 2074 3358 2131; x_wconf 77' lang='lat' dir='ltr'><strong>affectus</strong></span> <span class='ocrx_word' id='word_1_522' title='bbox 3375 2076 3522 2146; x_wconf 82' lang='lat' dir='ltr'><strong>(pro-</strong></span> 
     </span>
    </p>
   </div>
   <div class='ocr_carea' id='block_1_66' title="bbox 1953 2165 3522 2240">
    <p class='ocr_par' dir='ltr' id='par_1_66' title="bbox 1953 2165 3522 2240">
     <span class='ocr_line' id='line_1_66' title="bbox 1953 2165 3522 2240; baseline -0.002 -15"><span class='ocrx_word' id='word_1_523' title='bbox 1953 2171 2089 2240; x_wconf 71' lang='lat' dir='ltr'><strong>pria:</strong></span> <span class='ocrx_word' id='word_1_524' title='bbox 2108 2171 2250 2223; x_wconf 90' lang='lat' dir='ltr'><strong>enim</strong></span> <span class='ocrx_word' id='word_1_525' title='bbox 2277 2168 2402 2222; x_wconf 77' lang='lat' dir='ltr'><strong>vita:</strong></span> <span class='ocrx_word' id='word_1_526' title='bbox 2418 2166 2484 2220; x_wconf 83' lang='lat' dir='ltr'><strong>ad</strong></span> <span class='ocrx_word' id='word_1_527' title='bbox 2505 2167 2758 2220; x_wconf 82' lang='lat' dir='ltr'><strong>virtutem</strong></span> <span class='ocrx_word' id='word_1_528' title='bbox 2781 2165 3119 2222; x_wconf 71' lang='lat' dir='ltr'><strong>affectionem</strong></span> <span class='ocrx_word' id='word_1_529' title='bbox 3136 2169 3346 2223; x_wconf 85' lang='lat' dir='ltr'><strong>vocavit</strong></span> <span class='ocrx_word' id='word_1_530' title='bbox 3367 2168 3522 2223; x_wconf 86' lang='lat' dir='ltr'><strong>habi-</strong></span> 
     </span>
    </p>
   </div>
   <div class='ocr_carea' id='block_1_67' title="bbox 1955 2257 3520 2330">
    <p class='ocr_par' dir='ltr' id='par_1_67' title="bbox 1955 2257 3520 2330">
     <span class='ocr_line' id='line_1_67' title="bbox 1955 2257 3520 2330; baseline -0.001 -13"><span class='ocrx_word' id='word_1_531' title='bbox 1955 2263 2215 2328; x_wconf 92' lang='lat' dir='ltr'><strong>tudinem,</strong></span> <span class='ocrx_word' id='word_1_532' title='bbox 2232 2275 2351 2330; x_wconf 69' lang='lat' dir='ltr'><strong>quae</strong></span> <span class='ocrx_word' id='word_1_533' title='bbox 2365 2276 2433 2315; x_wconf 78' lang='lat' dir='ltr'><strong>ex</strong></span> <span class='ocrx_word' id='word_1_534' title='bbox 2454 2257 2744 2327; x_wconf 87' lang='lat' dir='ltr'><strong>cujuslibet</strong></span> <span class='ocrx_word' id='word_1_535' title='bbox 2761 2259 3087 2312; x_wconf 83' lang='lat' dir='ltr'><strong>conscientia</strong></span> <span class='ocrx_word' id='word_1_536' title='bbox 3103 2259 3341 2327; x_wconf 76' lang='lat' dir='ltr'><strong>exsistit)</strong></span> <span class='ocrx_word' id='word_1_537' title='bbox 3355 2261 3420 2315; x_wconf 89' lang='lat' dir='ltr'><strong>ad</strong></span> <span class='ocrx_word' id='word_1_538' title='bbox 3437 2263 3520 2314; x_wconf 83' lang='lat' dir='ltr'><strong>vi-</strong></span> 
     </span>
    </p>
   </div>
   <div class='ocr_carea' id='block_1_68' title="bbox 1954 2351 3520 2422">
    <p class='ocr_par' dir='ltr' id='par_1_68' title="bbox 1954 2351 3520 2422">
     <span class='ocr_line' id='line_1_68' title="bbox 1954 2351 3520 2422; baseline -0.001 -14"><span class='ocrx_word' id='word_1_539' title='bbox 1954 2369 2075 2408; x_wconf 89' lang='lat' dir='ltr'><strong>rum</strong></span> <span class='ocrx_word' id='word_1_540' title='bbox 2102 2354 2566 2422; x_wconf 83' lang='lat' dir='ltr'><strong>aliquemjustum</strong></span> <span class='ocrx_word' id='word_1_541' title='bbox 2598 2351 2862 2405; x_wconf 89' lang='lat' dir='ltr'><strong>accedens</strong></span> <span class='ocrx_word' id='word_1_542' title='bbox 2883 2360 3051 2420; x_wconf 88' lang='lat' dir='ltr'><strong>petat,</strong></span> <span class='ocrx_word' id='word_1_543' title='bbox 3070 2352 3311 2405; x_wconf 90' lang='lat' dir='ltr'><strong>utDeutn</strong></span> <span class='ocrx_word' id='word_1_544' title='bbox 3335 2368 3431 2421; x_wconf 88' lang='lat' dir='ltr'><strong>pro</strong></span> <span class='ocrx_word' id='word_1_545' title='bbox 3461 2368 3520 2408; x_wconf 86' lang='lat' dir='ltr'><strong>se</strong></span> 
     </span>
    </p>
   </div>
   <div class='ocr_carea' id='block_1_69' title="bbox 1963 2441 3518 2514">
    <p class='ocr_par' dir='ltr' id='par_1_69' title="bbox 1963 2441 3518 2514">
     <span class='ocr_line' id='line_1_69' title="bbox 1963 2441 3518 2514; baseline -0.001 -15"><span class='ocrx_word' id='word_1_546' title='bbox 1963 2455 2141 2514; x_wconf 88' lang='lat' dir='ltr'><strong>roget,</strong></span> <span class='ocrx_word' id='word_1_547' title='bbox 2184 2444 2397 2512; x_wconf 89' lang='lat' dir='ltr'><strong>sibique</strong></span> <span class='ocrx_word' id='word_1_548' title='bbox 2419 2441 2692 2505; x_wconf 87' lang='lat' dir='ltr'><strong>conciliet,</strong></span> <span class='ocrx_word' id='word_1_549' title='bbox 2712 2457 2817 2511; x_wconf 88' lang='lat' dir='ltr'><strong>qua</strong></span> <span class='ocrx_word' id='word_1_550' title='bbox 2849 2445 3062 2496; x_wconf 86' lang='lat' dir='ltr'><strong>ratione</strong></span> <span class='ocrx_word' id='word_1_551' title='bbox 3078 2456 3208 2496; x_wconf 81' lang='lat' dir='ltr'><strong>sane</strong></span> <span class='ocrx_word' id='word_1_552' title='bbox 3228 2446 3518 2497; x_wconf 77' lang='lat' dir='ltr'><strong>maximum</strong></span> 
     </span>
    </p>
   </div>
   <div class='ocr_carea' id='block_1_70' title="bbox 1951 2530 3515 2598">
    <p class='ocr_par' dir='ltr' id='par_1_70' title="bbox 1951 2530 3515 2598">
     <span class='ocr_line' id='line_1_70' title="bbox 1951 2530 3515 2598; baseline -0.006 -9"><span class='ocrx_word' id='word_1_553' title='bbox 1951 2549 2019 2588; x_wconf 80' lang='lat' dir='ltr'><strong>ex</strong></span> <span class='ocrx_word' id='word_1_554' title='bbox 2042 2551 2108 2589; x_wconf 90' lang='lat' dir='ltr'><strong>eo</strong></span> <span class='ocrx_word' id='word_1_555' title='bbox 2132 2533 2330 2587; x_wconf 76' lang='lat' dir='ltr'><strong>referet</strong></span> <span class='ocrx_word' id='word_1_556' title='bbox 2358 2531 2782 2586; x_wconf 87' lang='lat' dir='ltr'><strong>emolumentum</strong></span> <span class='ocrx_word' id='word_1_557' title='bbox 2814 2531 2954 2584; x_wconf 79' lang='lat' dir='ltr'><strong>:vOti</strong></span> <span class='ocrx_word' id='word_1_558' title='bbox 2984 2530 3126 2583; x_wconf 91' lang='lat' dir='ltr'><strong>enim</strong></span> <span class='ocrx_word' id='word_1_559' title='bbox 3157 2544 3378 2598; x_wconf 87' lang='lat' dir='ltr'><strong>compos</strong></span> <span class='ocrx_word' id='word_1_560' title='bbox 3403 2531 3515 2596; x_wconf 80' lang='lat' dir='ltr'><strong>liet,</strong></span> 
     </span>
    </p>
   </div>
   <div class='ocr_carea' id='block_1_71' title="bbox 1953 2622 3520 2696">
    <p class='ocr_par' dir='ltr' id='par_1_71' title="bbox 1953 2622 3520 2696">
     <span class='ocr_line' id='line_1_71' title="bbox 1953 2622 3520 2696; baseline -0.004 -14"><span class='ocrx_word' id='word_1_561' title='bbox 1953 2642 2074 2682; x_wconf 88' lang='lat' dir='ltr'><strong>cum</strong></span> <span class='ocrx_word' id='word_1_562' title='bbox 2109 2633 2327 2696; x_wconf 88' lang='lat' dir='ltr'><strong>propter</strong></span> <span class='ocrx_word' id='word_1_563' title='bbox 2358 2623 2749 2679; x_wconf 88' lang='lat' dir='ltr'><strong>conscientiam</strong></span> <span class='ocrx_word' id='word_1_564' title='bbox 2773 2622 3112 2692; x_wconf 79' lang='lat' dir='ltr'><strong>religiosam,</strong></span> <span class='ocrx_word' id='word_1_565' title='bbox 3159 2629 3270 2674; x_wconf 88' lang='lat' dir='ltr'><strong>tum</strong></span> <span class='ocrx_word' id='word_1_566' title='bbox 3299 2630 3520 2690; x_wconf 84' lang='lat' dir='ltr'><strong>propter</strong></span> 
     </span>
    </p>
   </div>
   <div class='ocr_carea' id='block_1_72' title="bbox 1953 2714 3516 2783">
    <p class='ocr_par' dir='ltr' id='par_1_72' title="bbox 1953 2714 3516 2783">
     <span class='ocr_line' id='line_1_72' title="bbox 1953 2714 3516 2783; baseline -0.004 -11"><span class='ocrx_word' id='word_1_567' title='bbox 1953 2727 2264 2772; x_wconf 87' lang='lat' dir='ltr'><strong>sanctorum</strong></span> <span class='ocrx_word' id='word_1_568' title='bbox 2289 2715 2675 2780; x_wconf 86' lang='lat' dir='ltr'><strong>reverentiam,</strong></span> <span class='ocrx_word' id='word_1_569' title='bbox 2702 2725 2813 2770; x_wconf 87' lang='lat' dir='ltr'><strong>tum</strong></span> <span class='ocrx_word' id='word_1_570' title='bbox 2842 2721 3063 2783; x_wconf 83' lang='lat' dir='ltr'><strong>pmpter</strong></span> <span class='ocrx_word' id='word_1_571' title='bbox 3091 2715 3192 2781; x_wconf 76' lang='lat' dir='ltr'><strong>pia:</strong></span> <span class='ocrx_word' id='word_1_572' title='bbox 3238 2714 3516 2782; x_wconf 85' lang='lat' dir='ltr'><strong>petitionis</strong></span> 
     </span>
    </p>
   </div>
   <div class='ocr_carea' id='block_1_73' title="bbox 1954 2805 3508 2875">
    <p class='ocr_par' dir='ltr' id='par_1_73' title="bbox 1954 2805 3508 2875">
     <span class='ocr_line' id='line_1_73' title="bbox 1954 2805 3508 2875; baseline -0.006 -11"><span class='ocrx_word' id='word_1_573' title='bbox 1954 2811 2230 2874; x_wconf 74' lang='lat' dir='ltr'><strong>allectum;</strong></span> <span class='ocrx_word' id='word_1_574' title='bbox 2260 2810 2363 2863; x_wconf 88' lang='lat' dir='ltr'><strong>hoc</strong></span> <span class='ocrx_word' id='word_1_575' title='bbox 2388 2808 2533 2862; x_wconf 90' lang='lat' dir='ltr'><strong>enim</strong></span> <span class='ocrx_word' id='word_1_576' title='bbox 2561 2807 2633 2860; x_wconf 87' lang='lat' dir='ltr'><strong>ita</strong></span> <span class='ocrx_word' id='word_1_577' title='bbox 2660 2807 2937 2868; x_wconf 85' lang='lat' dir='ltr'><strong>convenit,</strong></span> <span class='ocrx_word' id='word_1_578' title='bbox 2956 2805 3210 2875; x_wconf 85' lang='lat' dir='ltr'><strong>quoniam</strong></span> <span class='ocrx_word' id='word_1_579' title='bbox 3246 2805 3385 2856; x_wconf 87' lang='lat' dir='ltr'><strong>bona</strong></span> <span class='ocrx_word' id='word_1_580' title='bbox 3420 2805 3508 2856; x_wconf 79' lang='lat' dir='ltr'><strong>ad-</strong></span> 
     </span>
    </p>
   </div>
   <div class='ocr_carea' id='block_1_74' title="bbox 1952 2892 3515 2970">
    <p class='ocr_par' dir='ltr' id='par_1_74' title="bbox 1952 2892 3515 2970">
     <span class='ocr_line' id='line_1_74' title="bbox 1952 2892 3515 2970; baseline -0.005 -14"><span class='ocrx_word' id='word_1_581' title='bbox 1952 2903 2175 2968; x_wconf 79' lang='lat' dir='ltr'><strong>amavit,</strong></span> <span class='ocrx_word' id='word_1_582' title='bbox 2199 2910 2253 2956; x_wconf 86' lang='lat' dir='ltr'><strong>et</strong></span> <span class='ocrx_word' id='word_1_583' title='bbox 2270 2898 2533 2970; x_wconf 72' lang='lat' dir='ltr'><strong>quaesivit.</strong></span> <span class='ocrx_word' id='word_1_584' title='bbox 2560 2897 2772 2953; x_wconf 85' lang='lat' dir='ltr'><strong>Etenim</strong></span> <span class='ocrx_word' id='word_1_585' title='bbox 2797 2896 2994 2950; x_wconf 76' lang='lat' dir='ltr'><strong>divinis</strong></span> <span class='ocrx_word' id='word_1_586' title='bbox 3019 2897 3068 2947; x_wconf 90' lang='lat' dir='ltr'><strong>id</strong></span> <span class='ocrx_word' id='word_1_587' title='bbox 3091 2894 3322 2948; x_wconf 82' lang='lat' dir='ltr'><strong>decretis</strong></span> <span class='ocrx_word' id='word_1_588' title='bbox 3345 2892 3515 2948; x_wconf 75' lang='lat' dir='ltr'><strong>stabi-</strong></span> 
     </span>
    </p>
   </div>
   <div class='ocr_carea' id='block_1_75' title="bbox 1953 2988 3517 3061">
    <p class='ocr_par' dir='ltr' id='par_1_75' title="bbox 1953 2988 3517 3061">
     <span class='ocr_line' id='line_1_75' title="bbox 1953 2988 3517 3061; baseline -0.006 -12"><span class='ocrx_word' id='word_1_589' title='bbox 1953 2995 2104 3049; x_wconf 92' lang='lat' dir='ltr'><strong>litum</strong></span> <span class='ocrx_word' id='word_1_590' title='bbox 2140 3003 2246 3059; x_wconf 89' lang='lat' dir='ltr'><strong>est,</strong></span> <span class='ocrx_word' id='word_1_591' title='bbox 2269 3002 2328 3047; x_wconf 89' lang='lat' dir='ltr'><strong>ut</strong></span> <span class='ocrx_word' id='word_1_592' title='bbox 2354 3007 2539 3046; x_wconf 91' lang='lat' dir='ltr'><strong>eorum</strong></span> <span class='ocrx_word' id='word_1_593' title='bbox 2568 2990 2978 3061; x_wconf 87' lang='lat' dir='ltr'><strong>participatione</strong></span> <span class='ocrx_word' id='word_1_594' title='bbox 3007 2988 3207 3058; x_wconf 81' lang='lat' dir='ltr'><strong>dignis,</strong></span> <span class='ocrx_word' id='word_1_595' title='bbox 3246 2989 3517 3042; x_wconf 87' lang='lat' dir='ltr'><strong>donentur</strong></span> 
     </span>
    </p>
   </div>
   <div class='ocr_carea' id='block_1_76' title="bbox 1952 3077 3517 3155">
    <p class='ocr_par' dir='ltr' id='par_1_76' title="bbox 1952 3077 3517 3155">
     <span class='ocr_line' id='line_1_76' title="bbox 1952 3077 3517 3155; baseline -0.004 -15"><span class='ocrx_word' id='word_1_596' title='bbox 1952 3101 2047 3155; x_wconf 91' lang='lat' dir='ltr'><strong>per</strong></span> <span class='ocrx_word' id='word_1_597' title='bbox 2068 3101 2160 3140; x_wconf 92' lang='lat' dir='ltr'><strong>eos</strong></span> <span class='ocrx_word' id='word_1_598' title='bbox 2178 3085 2270 3154; x_wconf 90' lang='lat' dir='ltr'><strong>qui</strong></span> <span class='ocrx_word' id='word_1_599' title='bbox 2290 3084 2435 3151; x_wconf 78' lang='lat' dir='ltr'><strong>digni</strong></span> <span class='ocrx_word' id='word_1_600' title='bbox 2461 3089 2584 3136; x_wconf 88' lang='lat' dir='ltr'><strong>sunt</strong></span> <span class='ocrx_word' id='word_1_601' title='bbox 2603 3080 2785 3133; x_wconf 88' lang='lat' dir='ltr'><strong>eadem</strong></span> <span class='ocrx_word' id='word_1_602' title='bbox 2803 3077 3517 3144; x_wconf 83' lang='lat' dir='ltr'><strong>distribuere.Quemadmo-</strong></span> 
     </span>
    </p>
   </div>
   <div class='ocr_carea' id='block_1_77' title="bbox 1954 3166 3514 3242">
    <p class='ocr_par' dir='ltr' id='par_1_77' title="bbox 1954 3166 3514 3242">
     <span class='ocr_line' id='line_1_77' title="bbox 1954 3166 3514 3242; baseline -0.006 -14"><span class='ocrx_word' id='word_1_603' title='bbox 1954 3176 2078 3228; x_wconf 92' lang='lat' dir='ltr'><strong>dum</strong></span> <span class='ocrx_word' id='word_1_604' title='bbox 2097 3174 2239 3228; x_wconf 83' lang='lat' dir='ltr'><strong>enim</strong></span> <span class='ocrx_word' id='word_1_605' title='bbox 2258 3172 2617 3242; x_wconf 86' lang='lat' dir='ltr'><strong>postulantem</strong></span> <span class='ocrx_word' id='word_1_606' title='bbox 2634 3169 2703 3237; x_wconf 88' lang='lat' dir='ltr'><strong>dij</strong></span> <span class='ocrx_word' id='word_1_607' title='bbox 2713 3171 3043 3233; x_wconf 89' lang='lat' dir='ltr'><strong>udicat,num</strong></span> <span class='ocrx_word' id='word_1_608' title='bbox 3057 3171 3197 3222; x_wconf 88' lang='lat' dir='ltr'><strong>dono</strong></span> <span class='ocrx_word' id='word_1_609' title='bbox 3214 3168 3406 3237; x_wconf 86' lang='lat' dir='ltr'><strong>dignus</strong></span> <span class='ocrx_word' id='word_1_610' title='bbox 3421 3166 3514 3232; x_wconf 87' lang='lat' dir='ltr'><strong>sit,</strong></span> 
     </span>
    </p>
   </div>
   <div class='ocr_carea' id='block_1_78' title="bbox 1953 3260 3515 3335">
    <p class='ocr_par' dir='ltr' id='par_1_78' title="bbox 1953 3260 3515 3335">
     <span class='ocr_line' id='line_1_78' title="bbox 1953 3260 3515 3335; baseline -0.003 -15"><span class='ocrx_word' id='word_1_611' title='bbox 1953 3267 2032 3321; x_wconf 90' lang='lat' dir='ltr'><strong>sic</strong></span> <span class='ocrx_word' id='word_1_612' title='bbox 2057 3267 2220 3321; x_wconf 84' lang='lat' dir='ltr'><strong>etiam</strong></span> <span class='ocrx_word' id='word_1_613' title='bbox 2244 3273 2555 3335; x_wconf 85' lang='lat' dir='ltr'><strong>precantem</strong></span> <span class='ocrx_word' id='word_1_614' title='bbox 2572 3261 2926 3328; x_wconf 86' lang='lat' dir='ltr'><strong>scrutabitur,</strong></span> <span class='ocrx_word' id='word_1_615' title='bbox 2945 3276 3068 3314; x_wconf 92' lang='lat' dir='ltr'><strong>num</strong></span> <span class='ocrx_word' id='word_1_616' title='bbox 3097 3270 3151 3315; x_wconf 88' lang='lat' dir='ltr'><strong>et</strong></span> <span class='ocrx_word' id='word_1_617' title='bbox 3181 3262 3295 3330; x_wconf 76' lang='lat' dir='ltr'><strong>ipse</strong></span> <span class='ocrx_word' id='word_1_618' title='bbox 3319 3260 3515 3329; x_wconf 84' lang='lat' dir='ltr'><strong>dignus</strong></span> 
     </span>
    </p>
   </div>
   <div class='ocr_carea' id='block_1_79' title="bbox 1952 3352 3513 3424">
    <p class='ocr_par' dir='ltr' id='par_1_79' title="bbox 1952 3352 3513 3424">
     <span class='ocr_line' id='line_1_79' title="bbox 1952 3352 3513 3424; baseline -0.004 -11"><span class='ocrx_word' id='word_1_619' title='bbox 1952 3359 2023 3413; x_wconf 84' lang='lat' dir='ltr'><strong>sit</strong></span> <span class='ocrx_word' id='word_1_620' title='bbox 2067 3359 2172 3412; x_wconf 88' lang='lat' dir='ltr'><strong>tale</strong></span> <span class='ocrx_word' id='word_1_621' title='bbox 2202 3357 2280 3410; x_wconf 89' lang='lat' dir='ltr'><strong>illi</strong></span> <span class='ocrx_word' id='word_1_622' title='bbox 2314 3370 2512 3412; x_wconf 89' lang='lat' dir='ltr'><strong>munus</strong></span> <span class='ocrx_word' id='word_1_623' title='bbox 2545 3354 2859 3424; x_wconf 88' lang='lat' dir='ltr'><strong>impetrare.</strong></span> <span class='ocrx_word' id='word_1_624' title='bbox 2916 3352 3031 3407; x_wconf 82' lang='lat' dir='ltr'><strong>Non</strong></span> <span class='ocrx_word' id='word_1_625' title='bbox 3084 3362 3288 3407; x_wconf 90' lang='lat' dir='ltr'><strong>temere</strong></span> <span class='ocrx_word' id='word_1_626' title='bbox 3329 3354 3513 3422; x_wconf 82' lang='lat' dir='ltr'><strong>itaque</strong></span> 
     </span>
    </p>
   </div>
   <div class='ocr_carea' id='block_1_80' title="bbox 1952 3448 3512 3520">
    <p class='ocr_par' dir='ltr' id='par_1_80' title="bbox 1952 3448 3512 3520">
     <span class='ocr_line' id='line_1_80' title="bbox 1952 3448 3512 3520; baseline -0.003 -15"><span class='ocrx_word' id='word_1_627' title='bbox 1952 3453 2042 3520; x_wconf 78' lang='lat' dir='ltr'><strong>qui</strong></span> <span class='ocrx_word' id='word_1_628' title='bbox 2086 3451 2236 3520; x_wconf 80' lang='lat' dir='ltr'><strong>cupit</strong></span> <span class='ocrx_word' id='word_1_629' title='bbox 2280 3451 2345 3504; x_wconf 86' lang='lat' dir='ltr'><strong>ad</strong></span> <span class='ocrx_word' id='word_1_630' title='bbox 2391 3449 2632 3503; x_wconf 80' lang='lat' dir='ltr'><strong>divinum</strong></span> <span class='ocrx_word' id='word_1_631' title='bbox 2674 3448 3009 3502; x_wconf 89' lang='lat' dir='ltr'><strong>consortium</strong></span> <span class='ocrx_word' id='word_1_632' title='bbox 3056 3450 3336 3510; x_wconf 86' lang='lat' dir='ltr'><strong>accedere,</strong></span> <span class='ocrx_word' id='word_1_633' title='bbox 3379 3454 3436 3500; x_wconf 90' lang='lat' dir='ltr'><strong>et</strong></span> <span class='ocrx_word' id='word_1_634' title='bbox 3479 3461 3512 3499; x_wconf 83' lang='lat' dir='ltr'><strong>a</strong></span> 
     </span>
    </p>
   </div>
   <div class='ocr_carea' id='block_1_81' title="bbox 1952 3539 3509 3612">
    <p class='ocr_par' dir='ltr' id='par_1_81' title="bbox 1952 3539 3509 3612">
     <span class='ocr_line' id='line_1_81' title="bbox 1952 3539 3509 3612; baseline -0.003 -13"><span class='ocrx_word' id='word_1_635' title='bbox 1952 3545 2064 3599; x_wconf 88' lang='lat' dir='ltr'><strong>Deo</strong></span> <span class='ocrx_word' id='word_1_636' title='bbox 2101 3542 2307 3612; x_wconf 80' lang='lat' dir='ltr'><strong>optima</strong></span> <span class='ocrx_word' id='word_1_637' title='bbox 2350 3549 2580 3612; x_wconf 64' lang='lat' dir='ltr'><strong>qttxque</strong></span> <span class='ocrx_word' id='word_1_638' title='bbox 2623 3539 2897 3609; x_wconf 91' lang='lat' dir='ltr'><strong>postulare</strong></span> <span class='ocrx_word' id='word_1_639' title='bbox 2944 3540 3342 3609; x_wconf 85' lang='lat' dir='ltr'><strong>prohibebitur,</strong></span> <span class='ocrx_word' id='word_1_640' title='bbox 3387 3539 3509 3594; x_wconf 77' lang='lat' dir='ltr'><strong>cuiu</strong></span> 
     </span>
    </p>
   </div>
   <div class='ocr_carea' id='block_1_82' title="bbox 1952 3631 3513 3705">
    <p class='ocr_par' dir='ltr' id='par_1_82' title="bbox 1952 3631 3513 3705">
     <span class='ocr_line' id='line_1_82' title="bbox 1952 3631 3513 3705; baseline -0.006 -13"><span class='ocrx_word' id='word_1_641' title='bbox 1952 3637 2091 3692; x_wconf 86' lang='lat' dir='ltr'><strong>sciat</strong></span> <span class='ocrx_word' id='word_1_642' title='bbox 2135 3649 2388 3705; x_wconf 89' lang='lat' dir='ltr'><strong>magnum</strong></span> <span class='ocrx_word' id='word_1_643' title='bbox 2415 3632 2732 3702; x_wconf 79' lang='lat' dir='ltr'><strong>Apostolum</strong></span> <span class='ocrx_word' id='word_1_644' title='bbox 2767 3631 3060 3700; x_wconf 68' lang='lat' dir='ltr'><strong>praecipere</strong></span> <span class='ocrx_word' id='word_1_645' title='bbox 3090 3641 3149 3684; x_wconf 89' lang='lat' dir='ltr'><strong>ut</strong></span> <span class='ocrx_word' id='word_1_646' title='bbox 3178 3631 3513 3686; x_wconf 87' lang='lat' dir='ltr'><strong>incessanter</strong></span> 
     </span>
    </p>
   </div>
   <div class='ocr_carea' id='block_1_83' title="bbox 1951 3719 3512 3791">
    <p class='ocr_par' dir='ltr' id='par_1_83' title="bbox 1951 3719 3512 3791">
     <span class='ocr_line' id='line_1_83' title="bbox 1951 3719 3512 3791; baseline -0.006 -10"><span class='ocrx_word' id='word_1_647' title='bbox 1951 3741 2206 3791; x_wconf 88' lang='lat' dir='ltr'><strong>oremus;</strong></span> <span class='ocrx_word' id='word_1_648' title='bbox 2257 3725 2352 3780; x_wconf 89' lang='lat' dir='ltr'><strong>sed</strong></span> <span class='ocrx_word' id='word_1_649' title='bbox 2398 3723 2692 3777; x_wconf 85' lang='lat' dir='ltr'><strong>absurdum</strong></span> <span class='ocrx_word' id='word_1_650' title='bbox 2724 3721 2882 3774; x_wconf 88' lang='lat' dir='ltr'><strong>simul</strong></span> <span class='ocrx_word' id='word_1_651' title='bbox 2910 3729 2964 3772; x_wconf 90' lang='lat' dir='ltr'><strong>et</strong></span> <span class='ocrx_word' id='word_1_652' title='bbox 2995 3719 3239 3774; x_wconf 85' lang='lat' dir='ltr'><strong>illicitum</strong></span> <span class='ocrx_word' id='word_1_653' title='bbox 3271 3734 3423 3787; x_wconf 88' lang='lat' dir='ltr'><strong>esse,</strong></span> <span class='ocrx_word' id='word_1_654' title='bbox 3464 3719 3512 3774; x_wconf 88' lang='lat' dir='ltr'><strong>si</strong></span> 
     </span>
    </p>
   </div>
   <div class='ocr_carea' id='block_1_84' title="bbox 1959 3814 3513 3888">
    <p class='ocr_par' dir='ltr' id='par_1_84' title="bbox 1959 3814 3513 3888">
     <span class='ocr_line' id='line_1_84' title="bbox 1959 3814 3513 3888; baseline -0.003 -18"><span class='ocrx_word' id='word_1_655' title='bbox 1959 3818 2108 3888; x_wconf 83' lang='lat' dir='ltr'><strong>quis,</strong></span> <span class='ocrx_word' id='word_1_656' title='bbox 2134 3815 2389 3886; x_wconf 92' lang='lat' dir='ltr'><strong>opinione</strong></span> <span class='ocrx_word' id='word_1_657' title='bbox 2418 3828 2513 3867; x_wconf 89' lang='lat' dir='ltr'><strong>sua</strong></span> <span class='ocrx_word' id='word_1_658' title='bbox 2546 3814 2820 3875; x_wconf 86' lang='lat' dir='ltr'><strong>seductus,</strong></span> <span class='ocrx_word' id='word_1_659' title='bbox 2858 3825 3016 3878; x_wconf 85' lang='lat' dir='ltr'><strong>supra</strong></span> <span class='ocrx_word' id='word_1_660' title='bbox 3062 3821 3279 3865; x_wconf 87' lang='lat' dir='ltr'><strong>sanctos</strong></span> <span class='ocrx_word' id='word_1_661' title='bbox 3324 3825 3513 3879; x_wconf 83' lang='lat' dir='ltr'><strong>sapere</strong></span> 
     </span>
    </p>
   </div>
   <div class='ocr_carea' id='block_1_85' title="bbox 1950 3898 3512 3976">
    <p class='ocr_par' dir='ltr' id='par_1_85' title="bbox 1950 3898 3512 3976">
     <span class='ocr_line' id='line_1_85' title="bbox 1950 3898 3512 3976; baseline -0.006 -12"><span class='ocrx_word' id='word_1_662' title='bbox 1950 3909 2104 3975; x_wconf 82' lang='lat' dir='ltr'><strong>velit,</strong></span> <span class='ocrx_word' id='word_1_663' title='bbox 2137 3917 2189 3963; x_wconf 92' lang='lat' dir='ltr'><strong>et</strong></span> <span class='ocrx_word' id='word_1_664' title='bbox 2217 3921 2318 3976; x_wconf 87' lang='lat' dir='ltr'><strong>pro</strong></span> <span class='ocrx_word' id='word_1_665' title='bbox 2351 3906 2515 3958; x_wconf 82' lang='lat' dir='ltr'><strong>rebus</strong></span> <span class='ocrx_word' id='word_1_666' title='bbox 2567 3903 2724 3958; x_wconf 89' lang='lat' dir='ltr'><strong>malis</strong></span> <span class='ocrx_word' id='word_1_667' title='bbox 2763 3915 2947 3970; x_wconf 89' lang='lat' dir='ltr'><strong>preces</strong></span> <span class='ocrx_word' id='word_1_668' title='bbox 2988 3898 3236 3955; x_wconf 81' lang='lat' dir='ltr'><strong>fundere.</strong></span> <span class='ocrx_word' id='word_1_669' title='bbox 3288 3901 3512 3967; x_wconf 82' lang='lat' dir='ltr'><strong>Quando</strong></span> 
     </span>
    </p>
   </div>
   <div class='ocr_carea' id='block_1_86' title="bbox 1952 3990 3514 4060">
    <p class='ocr_par' dir='ltr' id='par_1_86' title="bbox 1952 3990 3514 4060">
     <span class='ocr_line' id='line_1_86' title="bbox 1952 3990 3514 4060; baseline -0.005 -7"><span class='ocrx_word' id='word_1_670' title='bbox 1952 4008 2133 4059; x_wconf 81' lang='lat' dir='ltr'><strong>autem</strong></span> <span class='ocrx_word' id='word_1_671' title='bbox 2165 3995 2308 4050; x_wconf 87' lang='lat' dir='ltr'><strong>nulla</strong></span> <span class='ocrx_word' id='word_1_672' title='bbox 2332 3997 2484 4050; x_wconf 86' lang='lat' dir='ltr'><strong>adest</strong></span> <span class='ocrx_word' id='word_1_673' title='bbox 2515 3993 2698 4055; x_wconf 83' lang='lat' dir='ltr'><strong>elatio,</strong></span> <span class='ocrx_word' id='word_1_674' title='bbox 2722 4003 2852 4045; x_wconf 89' lang='lat' dir='ltr'><strong>tunc</strong></span> <span class='ocrx_word' id='word_1_675' title='bbox 2884 4006 2987 4044; x_wconf 93' lang='lat' dir='ltr'><strong>non</strong></span> <span class='ocrx_word' id='word_1_676' title='bbox 3026 3990 3328 4060; x_wconf 72' lang='lat' dir='ltr'><strong>refugimus</strong></span> <span class='ocrx_word' id='word_1_677' title='bbox 3355 4008 3514 4046; x_wconf 48' lang='lat' dir='ltr'><strong>comi-</strong></span> 
     </span>
    </p>
   </div>
   <div class='ocr_carea' id='block_1_87' title="bbox 1951 4083 3514 4158">
    <p class='ocr_par' dir='ltr' id='par_1_87' title="bbox 1951 4083 3514 4158">
     <span class='ocr_line' id='line_1_87' title="bbox 1951 4083 3514 4158; baseline -0.004 -14"><span class='ocrx_word' id='word_1_678' title='bbox 1951 4105 2143 4144; x_wconf 85' lang='lat' dir='ltr'><strong>munes</strong></span> <span class='ocrx_word' id='word_1_679' title='bbox 2170 4102 2394 4158; x_wconf 90' lang='lat' dir='ltr'><strong>preces;</strong></span> <span class='ocrx_word' id='word_1_680' title='bbox 2440 4097 2550 4139; x_wconf 85' lang='lat' dir='ltr'><strong>tum</strong></span> <span class='ocrx_word' id='word_1_681' title='bbox 2584 4093 2640 4138; x_wconf 92' lang='lat' dir='ltr'><strong>ut</strong></span> <span class='ocrx_word' id='word_1_682' title='bbox 2663 4084 2940 4136; x_wconf 84' lang='lat' dir='ltr'><strong>discamus</strong></span> <span class='ocrx_word' id='word_1_683' title='bbox 2965 4096 3086 4150; x_wconf 71' lang='lat' dir='ltr'><strong>qua:</strong></span> <span class='ocrx_word' id='word_1_684' title='bbox 3111 4091 3294 4149; x_wconf 87' lang='lat' dir='ltr'><strong>petere</strong></span> <span class='ocrx_word' id='word_1_685' title='bbox 3314 4083 3514 4138; x_wconf 86' lang='lat' dir='ltr'><strong>debea-</strong></span> 
     </span>
    </p>
   </div>
   <div class='ocr_carea' id='block_1_88' title="bbox 1951 4177 3512 4246">
    <p class='ocr_par' dir='ltr' id='par_1_88' title="bbox 1951 4177 3512 4246">
     <span class='ocr_line' id='line_1_88' title="bbox 1951 4177 3512 4246; baseline -0.003 -11"><span class='ocrx_word' id='word_1_686' title='bbox 1951 4197 2094 4245; x_wconf 86' lang='lat' dir='ltr'><strong>mus,</strong></span> <span class='ocrx_word' id='word_1_687' title='bbox 2117 4190 2230 4234; x_wconf 91' lang='lat' dir='ltr'><strong>tum</strong></span> <span class='ocrx_word' id='word_1_688' title='bbox 2265 4193 2396 4233; x_wconf 88' lang='lat' dir='ltr'><strong>vero</strong></span> <span class='ocrx_word' id='word_1_689' title='bbox 2423 4178 2585 4230; x_wconf 88' lang='lat' dir='ltr'><strong>etiam</strong></span> <span class='ocrx_word' id='word_1_690' title='bbox 2614 4178 2889 4246; x_wconf 88' lang='lat' dir='ltr'><strong>quomodo</strong></span> <span class='ocrx_word' id='word_1_691' title='bbox 2919 4191 3108 4246; x_wconf 90' lang='lat' dir='ltr'><strong>preces</strong></span> <span class='ocrx_word' id='word_1_692' title='bbox 3134 4177 3512 4231; x_wconf 81' lang='lat' dir='ltr'><strong>instituamus.</strong></span> 
     </span>
    </p>
   </div>
   <div class='ocr_carea' id='block_1_89' title="bbox 1951 4269 3516 4340">
    <p class='ocr_par' dir='ltr' id='par_1_89' title="bbox 1951 4269 3516 4340">
     <span class='ocr_line' id='line_1_89' title="bbox 1951 4269 3516 4340; baseline -0.004 -12"><span class='ocrx_word' id='word_1_693' title='bbox 1951 4273 2304 4328; x_wconf 87' lang='lat' dir='ltr'><strong>Frustramur</strong></span> <span class='ocrx_word' id='word_1_694' title='bbox 2329 4272 2472 4325; x_wconf 89' lang='lat' dir='ltr'><strong>enim</strong></span> <span class='ocrx_word' id='word_1_695' title='bbox 2499 4270 2660 4335; x_wconf 86' lang='lat' dir='ltr'><strong>votis,</strong></span> <span class='ocrx_word' id='word_1_696' title='bbox 2685 4270 2767 4322; x_wconf 84' lang='lat' dir='ltr'><strong>vel</strong></span> <span class='ocrx_word' id='word_1_697' title='bbox 2791 4270 2916 4340; x_wconf 88' lang='lat' dir='ltr'><strong>quia</strong></span> <span class='ocrx_word' id='word_1_698' title='bbox 2952 4270 3219 4322; x_wconf 85' lang='lat' dir='ltr'><strong>nescimus</strong></span> <span class='ocrx_word' id='word_1_699' title='bbox 3241 4269 3516 4336; x_wconf 82' lang='lat' dir='ltr'><strong>quomodo</strong></span> 
     </span>
    </p>
   </div>
   <div class='ocr_carea' id='block_1_90' title="bbox 1949 4359 3513 4428">
    <p class='ocr_par' dir='ltr' id='par_1_90' title="bbox 1949 4359 3513 4428">
     <span class='ocr_line' id='line_1_90' title="bbox 1949 4359 3513 4428; baseline -0.003 -11"><span class='ocrx_word' id='word_1_700' title='bbox 1949 4365 2126 4417; x_wconf 89' lang='lat' dir='ltr'><strong>oratio</strong></span> <span class='ocrx_word' id='word_1_701' title='bbox 2155 4363 2226 4416; x_wconf 91' lang='lat' dir='ltr'><strong>sit</strong></span> <span class='ocrx_word' id='word_1_702' title='bbox 2257 4360 2585 4416; x_wconf 87' lang='lat' dir='ltr'><strong>intendenda</strong></span> <span class='ocrx_word' id='word_1_703' title='bbox 2609 4400 2625 4426; x_wconf 98' lang='lat'><strong>,</strong></span> <span class='ocrx_word' id='word_1_704' title='bbox 2661 4361 2761 4415; x_wconf 92' lang='lat' dir='ltr'><strong>ista</strong></span> <span class='ocrx_word' id='word_1_705' title='bbox 2797 4361 2940 4414; x_wconf 90' lang='lat' dir='ltr'><strong>enim</strong></span> <span class='ocrx_word' id='word_1_706' title='bbox 3003 4370 3086 4413; x_wconf 86' lang='lat' dir='ltr'><strong>est</strong></span> <span class='ocrx_word' id='word_1_707' title='bbox 3135 4359 3513 4428; x_wconf 87' lang='lat' dir='ltr'><strong>postulationis</strong></span> 
     </span>
    </p>
   </div>
   <div class='ocr_carea' id='block_1_91' title="bbox 1951 4451 3513 4522">
    <p class='ocr_par' dir='ltr' id='par_1_91' title="bbox 1951 4451 3513 4522">
     <span class='ocr_line' id='line_1_91' title="bbox 1951 4451 3513 4522; baseline -0.004 -13"><span class='ocrx_word' id='word_1_708' title='bbox 1951 4454 2206 4521; x_wconf 89' lang='lat' dir='ltr'><strong>inscitia;</strong></span> <span class='ocrx_word' id='word_1_709' title='bbox 2233 4453 2319 4508; x_wconf 89' lang='lat' dir='ltr'><strong>vel</strong></span> <span class='ocrx_word' id='word_1_710' title='bbox 2349 4453 2475 4522; x_wconf 89' lang='lat' dir='ltr'><strong>quia</strong></span> <span class='ocrx_word' id='word_1_711' title='bbox 2508 4467 2597 4506; x_wconf 88' lang='lat' dir='ltr'><strong>res</strong></span> <span class='ocrx_word' id='word_1_712' title='bbox 2627 4452 2872 4521; x_wconf 81' lang='lat' dir='ltr'><strong>indignas</strong></span> <span class='ocrx_word' id='word_1_713' title='bbox 2900 4451 3258 4519; x_wconf 86' lang='lat' dir='ltr'><strong>postulamus.</strong></span> <span class='ocrx_word' id='word_1_714' title='bbox 3292 4451 3399 4506; x_wconf 84' lang='lat' dir='ltr'><strong>Sed</strong></span> <span class='ocrx_word' id='word_1_715' title='bbox 3429 4451 3513 4504; x_wconf 86' lang='lat' dir='ltr'><strong>di-</strong></span> 
     </span>
    </p>
   </div>
   <div class='ocr_carea' id='block_1_92' title="bbox 278 4541 1858 4616">
    <p class='ocr_par' dir='ltr' id='par_1_92' title="bbox 278 4543 1857 4616">
     <span class='ocr_line' id='line_1_92' title="bbox 278 4543 1857 4616; baseline 0.001 -18"><span class='ocrx_word' id='word_1_716' title='bbox 278 4543 661 4614; x_wconf 83' lang='grc' dir='ltr'>διδασκώμεθα</span> <span class='ocrx_word' id='word_1_717' title='bbox 686 4544 748 4597; x_wconf 82' lang='grc' dir='ltr'>τὸ</span> <span class='ocrx_word' id='word_1_718' title='bbox 767 4545 888 4597; x_wconf 89' lang='grc' dir='ltr'>τίνα</span> <span class='ocrx_word' id='word_1_719' title='bbox 915 4545 982 4596; x_wconf 86' lang='grc' dir='ltr'>ἂν</span> <span class='ocrx_word' id='word_1_720' title='bbox 1008 4544 1369 4616; x_wconf 77' lang='grc' dir='ltr'>αἰτησαίμεθα</span> <span class='ocrx_word' id='word_1_721' title='bbox 1433 4545 1494 4598; x_wconf 79' lang='grc' dir='ltr'>τὸ</span> <span class='ocrx_word' id='word_1_722' title='bbox 1521 4544 1577 4598; x_wconf 84' lang='grc' dir='ltr'>δὲ</span> <span class='ocrx_word' id='word_1_723' title='bbox 1599 4546 1748 4610; x_wconf 84' lang='grc' dir='ltr'>ὅπως</span> <span class='ocrx_word' id='word_1_724' title='bbox 1772 4550 1857 4600; x_wconf 80' lang='grc' dir='ltr'>αί-</span> 
     </span>
    </p>
   </div>
   <div class='ocr_carea' id='block_1_93' title="bbox 1943 4541 3510 4616">
    <p class='ocr_par' dir='ltr' id='par_1_93' title="bbox 1963 4541 3510 4613">
     <span class='ocr_line' id='line_1_93' title="bbox 1963 4541 3510 4613; baseline -0.003 -12"><span class='ocrx_word' id='word_1_725' title='bbox 1963 4557 2049 4601; x_wconf 91' lang='lat' dir='ltr'><strong>cet</strong></span> <span class='ocrx_word' id='word_1_726' title='bbox 2096 4544 2329 4613; x_wconf 84' lang='lat' dir='ltr'><strong>aliquis:</strong></span> <span class='ocrx_word' id='word_1_727' title='bbox 2365 4541 2502 4608; x_wconf 84' lang='lat' dir='ltr'><strong>Quid</strong></span> <span class='ocrx_word' id='word_1_728' title='bbox 2554 4555 2688 4610; x_wconf 89' lang='lat' dir='ltr'><strong>opus</strong></span> <span class='ocrx_word' id='word_1_729' title='bbox 2756 4551 2841 4595; x_wconf 89' lang='lat' dir='ltr'><strong>est</strong></span> <span class='ocrx_word' id='word_1_730' title='bbox 2892 4541 3264 4608; x_wconf 88' lang='lat' dir='ltr'><strong>institutione,</strong></span> <span class='ocrx_word' id='word_1_731' title='bbox 3315 4552 3372 4595; x_wconf 91' lang='lat' dir='ltr'><strong>ut</strong></span> <span class='ocrx_word' id='word_1_732' title='bbox 3415 4556 3510 4596; x_wconf 87' lang='lat' dir='ltr'><strong>co-</strong></span> 
     </span>
    </p>
   </div>
   <div class='ocr_carea' id='block_1_94' title="bbox 280 4626 1852 4709">
    <p class='ocr_par' dir='ltr' id='par_1_94' title="bbox 280 4626 1852 4709">
     <span class='ocr_line' id='line_1_94' title="bbox 280 4626 1852 4709; baseline -0.001 -19"><span class='ocrx_word' id='word_1_733' title='bbox 280 4636 610 4709; x_wconf 84' lang='grc' dir='ltr'>τησαίμεθα.</span> <span class='ocrx_word' id='word_1_734' title='bbox 637 4637 885 4707; x_wconf 84' lang='grc' dir='ltr'>Λήσομεν</span> <span class='ocrx_word' id='word_1_735' title='bbox 922 4634 1031 4707; x_wconf 83' lang='grc' dir='ltr'><strong>γὰρ</strong></span> <span class='ocrx_word' id='word_1_736' title='bbox 1077 4626 1435 4706; x_wconf 71' lang='grc' dir='ltr'>ἀποτυχόντες</span> <span class='ocrx_word' id='word_1_737' title='bbox 1471 4637 1503 4706; x_wconf 81' lang='grc' dir='ltr'>ἦ</span> <span class='ocrx_word' id='word_1_738' title='bbox 1540 4636 1626 4689; x_wconf 86' lang='grc' dir='ltr'>διὰ</span> <span class='ocrx_word' id='word_1_739' title='bbox 1667 4635 1729 4688; x_wconf 81' lang='grc' dir='ltr'>τὸ</span> <span class='ocrx_word' id='word_1_740' title='bbox 1779 4638 1852 4708; x_wconf 80' lang='grc' dir='ltr'><strong>μὴ</strong></span> 
     </span>
    </p>
   </div>
   <div class='ocr_carea' id='block_1_95' title="bbox 284 4726 1852 4799">
    <p class='ocr_par' dir='ltr' id='par_1_95' title="bbox 284 4726 1852 4799">
     <span class='ocr_line' id='line_1_95' title="bbox 284 4726 1852 4799; baseline -0.001 -17"><span class='ocrx_word' id='word_1_741' title='bbox 284 4727 488 4782; x_wconf 74' lang='grc' dir='ltr'>εἰδέναι</span> <span class='ocrx_word' id='word_1_742' title='bbox 533 4728 680 4790; x_wconf 82' lang='grc' dir='ltr'>ὅπως</span> <span class='ocrx_word' id='word_1_743' title='bbox 728 4727 975 4792; x_wconf 84' lang='grc' dir='ltr'>σύντονος</span> <span class='ocrx_word' id='word_1_744' title='bbox 1015 4729 1049 4799; x_wconf 85' lang='grc' dir='ltr'><strong>ἡ</strong></span> <span class='ocrx_word' id='word_1_745' title='bbox 1095 4727 1276 4799; x_wconf 86' lang='grc' dir='ltr'>δέησις</span> <span class='ocrx_word' id='word_1_746' title='bbox 1313 4727 1539 4796; x_wconf 84' lang='grc' dir='ltr'>γίνεται,</span> <span class='ocrx_word' id='word_1_747' title='bbox 1568 4726 1724 4780; x_wconf 88' lang='grc' dir='ltr'>τοῦτο</span> <span class='ocrx_word' id='word_1_748' title='bbox 1745 4729 1852 4798; x_wconf 74' lang='grc' dir='ltr'>γάρ</span> 
     </span>
    </p>
   </div>
   <div class='ocr_carea' id='block_1_96' title="bbox 283 4818 1853 4892">
    <p class='ocr_par' dir='ltr' id='par_1_96' title="bbox 283 4818 1853 4892">
     <span class='ocr_line' id='line_1_96' title="bbox 283 4818 1853 4892; baseline -0.003 -18"><span class='ocrx_word' id='word_1_749' title='bbox 283 4823 434 4874; x_wconf 77' lang='grc' dir='ltr'>ἐστιν</span> <span class='ocrx_word' id='word_1_750' title='bbox 459 4821 822 4891; x_wconf 83' lang='grc' dir='ltr'>ἀνεπιστῆμον</span> <span class='ocrx_word' id='word_1_751' title='bbox 847 4822 946 4890; x_wconf 85' lang='grc' dir='ltr'>τῆς</span> <span class='ocrx_word' id='word_1_752' title='bbox 975 4822 1260 4892; x_wconf 79' lang='grc' dir='ltr'>αἰτήσεως,</span> <span class='ocrx_word' id='word_1_753' title='bbox 1289 4820 1322 4890; x_wconf 79' lang='grc' dir='ltr'><strong>ἦ</strong></span> <span class='ocrx_word' id='word_1_754' title='bbox 1345 4819 1430 4872; x_wconf 80' lang='grc' dir='ltr'>διὰ</span> <span class='ocrx_word' id='word_1_755' title='bbox 1463 4819 1520 4872; x_wconf 84' lang='grc' dir='ltr'><strong>τὸ</strong></span> <span class='ocrx_word' id='word_1_756' title='bbox 1546 4818 1737 4886; x_wconf 81' lang='grc' dir='ltr'>ἀνάξια</span> <span class='ocrx_word' id='word_1_757' title='bbox 1770 4820 1853 4871; x_wconf 78' lang='lat' dir='ltr'><strong>ai-</strong></span> 
     </span>
    </p>
   </div>
   <div class='ocr_carea' id='block_1_97' title="bbox 281 4910 1852 4983">
    <p class='ocr_par' dir='ltr' id='par_1_97' title="bbox 281 4910 1852 4983">
     <span class='ocr_line' id='line_1_97' title="bbox 281 4910 1852 4983; baseline -0.001 -15"><span class='ocrx_word' id='word_1_758' title='bbox 281 4917 420 4970; x_wconf 87' lang='grc' dir='ltr'>τεῖν.</span> <span class='ocrx_word' id='word_1_759' title='bbox 460 4912 598 4965; x_wconf 81' lang='grc' dir='ltr'>Ἀλλ’</span> <span class='ocrx_word' id='word_1_760' title='bbox 622 4911 762 4964; x_wconf 78' lang='grc' dir='ltr'>εἴποι</span> <span class='ocrx_word' id='word_1_761' title='bbox 803 4930 886 4975; x_wconf 91' lang='grc' dir='ltr'><strong>τις</strong></span> <span class='ocrx_word' id='word_1_762' title='bbox 927 4913 1018 4965; x_wconf 80' lang='grc' dir='ltr'>ἀν’</span> <span class='ocrx_word' id='word_1_763' title='bbox 1045 4912 1154 4965; x_wconf 71' lang='grc' dir='ltr'><strong>Καὶ</strong></span> <span class='ocrx_word' id='word_1_764' title='bbox 1191 4911 1275 4974; x_wconf 87' lang='grc' dir='ltr'><strong>τίς</strong></span> <span class='ocrx_word' id='word_1_765' title='bbox 1317 4911 1471 4983; x_wconf 83' lang='grc' dir='ltr'>χρεία</span> <span class='ocrx_word' id='word_1_766' title='bbox 1506 4910 1852 4978; x_wconf 84' lang='grc' dir='ltr'>διδασκαλίας</span> 
     </span>
    </p>
   </div>
   <div class='ocr_carea' id='block_1_98' title="bbox 285 4999 1850 5071">
    <p class='ocr_par' dir='ltr' id='par_1_98' title="bbox 285 4999 1850 5071">
     <span class='ocr_line' id='line_1_98' title="bbox 285 4999 1850 5071; baseline -0.002 -14"><span class='ocrx_word' id='word_1_767' title='bbox 285 5005 368 5067; x_wconf 85' lang='grc' dir='ltr'><strong>είς</strong></span> <span class='ocrx_word' id='word_1_768' title='bbox 393 5001 454 5055; x_wconf 79' lang='grc' dir='ltr'><strong>τὸ</strong></span> <span class='ocrx_word' id='word_1_769' title='bbox 477 5001 676 5069; x_wconf 83' lang='grc' dir='ltr'>γνῶναι</span> <span class='ocrx_word' id='word_1_770' title='bbox 700 5001 844 5064; x_wconf 89' lang='grc' dir='ltr'>τίνες</span> <span class='ocrx_word' id='word_1_771' title='bbox 873 5001 1010 5054; x_wconf 69' lang='grc' dir='ltr'>εἰσὶν</span> <span class='ocrx_word' id='word_1_772' title='bbox 1040 5002 1095 5055; x_wconf 91' lang='grc' dir='ltr'>αἱ</span> <span class='ocrx_word' id='word_1_773' title='bbox 1127 4999 1333 5064; x_wconf 85' lang='grc' dir='ltr'>ἀνάξιοι</span> <span class='ocrx_word' id='word_1_774' title='bbox 1361 5002 1622 5071; x_wconf 80' lang='grc' dir='ltr'>αἰτήσεις,</span> <span class='ocrx_word' id='word_1_775' title='bbox 1650 5004 1743 5053; x_wconf 79' lang='grc' dir='ltr'>καὶ</span> <span class='ocrx_word' id='word_1_776' title='bbox 1766 5002 1850 5054; x_wconf 89' lang='grc' dir='ltr'>τί-</span> 
     </span>
    </p>
   </div>
   <div class='ocr_carea' id='block_1_99' title="bbox 285 5089 1854 5160">
    <p class='ocr_par' dir='ltr' id='par_1_99' title="bbox 285 5089 1854 5160">
     <span class='ocr_line' id='line_1_99' title="bbox 285 5089 1854 5160; baseline -0.001 -13"><span class='ocrx_word' id='word_1_777' title='bbox 285 5111 377 5157; x_wconf 88' lang='grc' dir='ltr'><strong>νες</strong></span> <span class='ocrx_word' id='word_1_778' title='bbox 417 5093 472 5144; x_wconf 81' lang='grc' dir='ltr'>αἱ</span> <span class='ocrx_word' id='word_1_779' title='bbox 514 5091 695 5156; x_wconf 79' lang='grc' dir='ltr'>ἀξιαι,</span> <span class='ocrx_word' id='word_1_780' title='bbox 732 5089 893 5144; x_wconf 78' lang='grc' dir='ltr'>αὐτοῦ</span> <span class='ocrx_word' id='word_1_781' title='bbox 933 5090 1027 5145; x_wconf 88' lang='grc' dir='ltr'><strong>τοῦ</strong></span> <span class='ocrx_word' id='word_1_782' title='bbox 1066 5090 1269 5160; x_wconf 87' lang='grc' dir='ltr'>Κυρίου</span> <span class='ocrx_word' id='word_1_783' title='bbox 1310 5090 1591 5158; x_wconf 76' lang='grc' dir='ltr'>λέγοντοςο</span> <span class='ocrx_word' id='word_1_784' title='bbox 1632 5093 1854 5147; x_wconf 69' lang='grc' dir='ltr'>Αἰτεῖτε</span> 
     </span>
    </p>
   </div>
   <div class='ocr_carea' id='block_1_100' title="bbox 289 5175 1856 5250">
    <p class='ocr_par' dir='ltr' id='par_1_100' title="bbox 289 5175 1856 5250">
     <span class='ocr_line' id='line_1_100' title="bbox 289 5175 1856 5250; baseline -0.001 -14"><span class='ocrx_word' id='word_1_785' title='bbox 289 5179 524 5250; x_wconf 69' lang='grc' dir='ltr'>πρῶτον</span> <span class='ocrx_word' id='word_1_786' title='bbox 544 5180 658 5247; x_wconf 75' lang='grc' dir='ltr'>τὴν·</span> <span class='ocrx_word' id='word_1_787' title='bbox 671 5180 994 5243; x_wconf 77' lang='grc' dir='ltr'>βασιλείαν</span> <span class='ocrx_word' id='word_1_788' title='bbox 1015 5180 1119 5233; x_wconf 84' lang='grc' dir='ltr'><strong>τοῦ</strong></span> <span class='ocrx_word' id='word_1_789' title='bbox 1138 5178 1304 5240; x_wconf 83' lang='grc' dir='ltr'>Θεοῦ,</span> <span class='ocrx_word' id='word_1_790' title='bbox 1329 5175 1424 5231; x_wconf 76' lang='grc' dir='ltr'>καὶ</span> <span class='ocrx_word' id='word_1_791' title='bbox 1445 5179 1638 5232; x_wconf 69' lang='grc' dir='ltr'>τᾶλλα</span> <span class='ocrx_word' id='word_1_792' title='bbox 1661 5179 1856 5234; x_wconf 65' lang='grc' dir='ltr'>πάντα</span> 
     </span>
    </p>
   </div>
   <div class='ocr_carea' id='block_1_101' title="bbox 289 5270 1857 5343">
    <p class='ocr_par' dir='ltr' id='par_1_101' title="bbox 289 5270 1857 5343">
     <span class='ocr_line' id='line_1_101' title="bbox 289 5270 1857 5343; baseline 0 -17"><span class='ocrx_word' id='word_1_793' title='bbox 289 5271 759 5343; x_wconf 80' lang='grc' dir='ltr'>προστεθήσεται</span> <span class='ocrx_word' id='word_1_794' title='bbox 788 5271 963 5342; x_wconf 80' lang='grc' dir='ltr'><strong>ὺμῖν;</strong></span> <span class='ocrx_word' id='word_1_795' title='bbox 991 5270 1233 5342; x_wconf 84' lang='grc' dir='ltr'>Λέγομεν</span> <span class='ocrx_word' id='word_1_796' title='bbox 1258 5272 1336 5334; x_wconf 88' lang='grc' dir='ltr'><strong>είς</strong></span> <span class='ocrx_word' id='word_1_797' title='bbox 1358 5270 1515 5324; x_wconf 87' lang='grc' dir='ltr'>τοῦτο</span> <span class='ocrx_word' id='word_1_798' title='bbox 1533 5311 1547 5336; x_wconf 95' lang='grc'><strong>,</strong></span> <span class='ocrx_word' id='word_1_799' title='bbox 1579 5272 1658 5325; x_wconf 86' lang='grc' dir='ltr'>ὃτι</span> <span class='ocrx_word' id='word_1_800' title='bbox 1686 5272 1857 5327; x_wconf 87' lang='grc' dir='ltr'>πολλά</span> 
     </span>
    </p>
   </div>
   <div class='ocr_carea' id='block_1_102' title="bbox 290 5361 1859 5434">
    <p class='ocr_par' dir='ltr' id='par_1_102' title="bbox 290 5361 1859 5434">
     <span class='ocr_line' id='line_1_102' title="bbox 290 5361 1859 5434; baseline 0.001 -17"><span class='ocrx_word' id='word_1_801' title='bbox 290 5366 401 5418; x_wconf 84' lang='grc' dir='ltr'>είσι</span> <span class='ocrx_word' id='word_1_802' title='bbox 427 5361 498 5417; x_wconf 81' lang='grc' dir='ltr'>τὰ</span> <span class='ocrx_word' id='word_1_803' title='bbox 521 5364 648 5434; x_wconf 77' lang='grc' dir='ltr'>παρ’</span> <span class='ocrx_word' id='word_1_804' title='bbox 677 5363 832 5434; x_wconf 81' lang='grc' dir='ltr'>ἡμῶν</span> <span class='ocrx_word' id='word_1_805' title='bbox 857 5363 1195 5434; x_wconf 84' lang='grc' dir='ltr'>ἀγνοούμενα</span> <span class='ocrx_word' id='word_1_806' title='bbox 1223 5363 1303 5416; x_wconf 83' lang='grc' dir='ltr'>ὅτι</span> <span class='ocrx_word' id='word_1_807' title='bbox 1330 5363 1464 5416; x_wconf 78' lang='grc' dir='ltr'>είσὶν</span> <span class='ocrx_word' id='word_1_808' title='bbox 1494 5363 1713 5430; x_wconf 77' lang='grc' dir='ltr'>ἀνάξια·</span> <span class='ocrx_word' id='word_1_809' title='bbox 1743 5363 1859 5418; x_wconf 86' lang='grc' dir='ltr'>κλε-</span> 
     </span>
    </p>
   </div>
   <div class='ocr_carea' id='block_1_103' title="bbox 1959 4633 3513 4708">
    <p class='ocr_par' dir='ltr' id='par_1_103' title="bbox 1959 4633 3513 4708">
     <span class='ocr_line' id='line_1_103' title="bbox 1959 4633 3513 4708; baseline -0.002 -17"><span class='ocrx_word' id='word_1_810' title='bbox 1959 4650 2281 4708; x_wconf 88' lang='lat' dir='ltr'><strong>gnoscamus</strong></span> <span class='ocrx_word' id='word_1_811' title='bbox 2321 4650 2567 4702; x_wconf 79' lang='lat' dir='ltr'><strong>quamam</strong></span> <span class='ocrx_word' id='word_1_812' title='bbox 2601 4634 2711 4687; x_wconf 89' lang='lat' dir='ltr'><strong>sint</strong></span> <span class='ocrx_word' id='word_1_813' title='bbox 2745 4633 2980 4702; x_wconf 66' lang='lat' dir='ltr'><strong>indigna:</strong></span> <span class='ocrx_word' id='word_1_814' title='bbox 3037 4633 3425 4702; x_wconf 87' lang='lat' dir='ltr'><strong>postulationes</strong></span> <span class='ocrx_word' id='word_1_815' title='bbox 3457 4645 3513 4688; x_wconf 84' lang='lat' dir='ltr'><strong>et</strong></span> 
     </span>
    </p>
   </div>
   <div class='ocr_carea' id='block_1_104' title="bbox 1955 4723 3510 4798">
    <p class='ocr_par' dir='ltr' id='par_1_104' title="bbox 1955 4723 3510 4798">
     <span class='ocr_line' id='line_1_104' title="bbox 1955 4723 3510 4798; baseline -0.005 -16"><span class='ocrx_word' id='word_1_816' title='bbox 1955 4742 2200 4798; x_wconf 63' lang='lat' dir='ltr'><strong>quietiam</strong></span> <span class='ocrx_word' id='word_1_817' title='bbox 2251 4726 2462 4794; x_wconf 66' lang='lat' dir='ltr'><strong>dignae,</strong></span> <span class='ocrx_word' id='word_1_818' title='bbox 2514 4726 2738 4779; x_wconf 87' lang='lat' dir='ltr'><strong>Domino</strong></span> <span class='ocrx_word' id='word_1_819' title='bbox 2781 4725 3038 4780; x_wconf 88' lang='lat' dir='ltr'><strong>dicente:</strong></span> <span class='ocrx_word' id='word_1_820' title='bbox 3070 4723 3236 4776; x_wconf 83' lang='lat' dir='ltr'><strong>Petite</strong></span> <span class='ocrx_word' id='word_1_821' title='bbox 3284 4728 3510 4792; x_wconf 68' lang='lat' dir='ltr'><strong>primum</strong></span> 
     </span>
    </p>
   </div>
   <div class='ocr_carea' id='block_1_105' title="bbox 1954 4816 3514 4888">
    <p class='ocr_par' dir='ltr' id='par_1_105' title="bbox 1954 4816 3514 4888">
     <span class='ocr_line' id='line_1_105' title="bbox 1954 4816 3514 4888; baseline -0.002 -16"><span class='ocrx_word' id='word_1_822' title='bbox 1954 4835 2169 4888; x_wconf 85' lang='lat' dir='ltr'><strong>regnum</strong></span> <span class='ocrx_word' id='word_1_823' title='bbox 2221 4817 2352 4881; x_wconf 83' lang='lat' dir='ltr'><strong>Dei,</strong></span> <span class='ocrx_word' id='word_1_824' title='bbox 2383 4829 2430 4870; x_wconf 86' lang='lat' dir='ltr'><strong>et</strong></span> <span class='ocrx_word' id='word_1_825' title='bbox 2460 4829 2648 4870; x_wconf 73' lang='lat' dir='ltr'><strong>cratera</strong></span> <span class='ocrx_word' id='word_1_826' title='bbox 2685 4818 2859 4870; x_wconf 82' lang='lat' dir='ltr'><strong>omnia</strong></span> <span class='ocrx_word' id='word_1_827' title='bbox 2909 4818 3228 4886; x_wconf 72' lang='lat' dir='ltr'><strong>adjiciantur</strong></span> <span class='ocrx_word' id='word_1_828' title='bbox 3249 4821 3388 4871; x_wconf 74' lang='lat' dir='ltr'><strong>vobis</strong></span> <span class='ocrx_word' id='word_1_829' title='bbox 3447 4816 3514 4869; x_wconf 60' lang='lat' dir='ltr'><strong>In?</strong></span> 
     </span>
    </p>
   </div>
   <div class='ocr_carea' id='block_1_106' title="bbox 1955 4907 3512 4976">
    <p class='ocr_par' dir='ltr' id='par_1_106' title="bbox 1955 4907 3512 4976">
     <span class='ocr_line' id='line_1_106' title="bbox 1955 4907 3512 4976; baseline -0.003 -11"><span class='ocrx_word' id='word_1_830' title='bbox 1955 4912 2192 4966; x_wconf 88' lang='lat' dir='ltr'><strong>Dicimus</strong></span> <span class='ocrx_word' id='word_1_831' title='bbox 2241 4910 2444 4965; x_wconf 89' lang='lat' dir='ltr'><strong>idcirco</strong></span> <span class='ocrx_word' id='word_1_832' title='bbox 2474 4907 2644 4961; x_wconf 90' lang='lat' dir='ltr'><strong>multa</strong></span> <span class='ocrx_word' id='word_1_833' title='bbox 2676 4909 2832 4962; x_wconf 80' lang='lat' dir='ltr'><strong>nobis</strong></span> <span class='ocrx_word' id='word_1_834' title='bbox 2867 4923 2988 4962; x_wconf 90' lang='lat' dir='ltr'><strong>esse</strong></span> <span class='ocrx_word' id='word_1_835' title='bbox 3037 4910 3213 4975; x_wconf 88' lang='lat' dir='ltr'><strong>ignota</strong></span> <span class='ocrx_word' id='word_1_836' title='bbox 3248 4924 3367 4976; x_wconf 72' lang='lat' dir='ltr'><strong>qua:</strong></span> <span class='ocrx_word' id='word_1_837' title='bbox 3403 4910 3512 4962; x_wconf 86' lang='lat' dir='ltr'><strong>sint</strong></span> 
     </span>
    </p>
   </div>
   <div class='ocr_carea' id='block_1_107' title="bbox 1954 4998 3513 5072">
    <p class='ocr_par' dir='ltr' id='par_1_107' title="bbox 1954 4998 3513 5072">
     <span class='ocr_line' id='line_1_107' title="bbox 1954 4998 3513 5072; baseline -0.003 -14"><span class='ocrx_word' id='word_1_838' title='bbox 1954 5003 2174 5072; x_wconf 86' lang='lat' dir='ltr'><strong>indigna</strong></span> <span class='ocrx_word' id='word_1_839' title='bbox 2221 5019 2237 5058; x_wconf 87' lang='lat'><strong>:</strong></span> <span class='ocrx_word' id='word_1_840' title='bbox 2288 5017 2412 5055; x_wconf 90' lang='lat' dir='ltr'><strong>nam</strong></span> <span class='ocrx_word' id='word_1_841' title='bbox 2459 5000 2753 5068; x_wconf 86' lang='lat' dir='ltr'><strong>cupiditate</strong></span> <span class='ocrx_word' id='word_1_842' title='bbox 2799 4998 3128 5069; x_wconf 88' lang='lat' dir='ltr'><strong>decipimur,</strong></span> <span class='ocrx_word' id='word_1_843' title='bbox 3177 5009 3228 5052; x_wconf 91' lang='lat' dir='ltr'><strong>et</strong></span> <span class='ocrx_word' id='word_1_844' title='bbox 3277 5003 3513 5068; x_wconf 85' lang='lat' dir='ltr'><strong>peccatis</strong></span> 
     </span>
    </p>
   </div>
   <div class='ocr_carea' id='block_1_108' title="bbox 1955 5091 3511 5162">
    <p class='ocr_par' dir='ltr' id='par_1_108' title="bbox 1955 5091 3511 5162">
     <span class='ocr_line' id='line_1_108' title="bbox 1955 5091 3511 5162; baseline -0.005 -13"><span class='ocrx_word' id='word_1_845' title='bbox 1955 5107 2328 5162; x_wconf 66' lang='lat' dir='ltr'><strong>saepenumero</strong></span> <span class='ocrx_word' id='word_1_846' title='bbox 2379 5091 2871 5153; x_wconf 84' lang='lat' dir='ltr'><strong>circumvenimur,</strong></span> <span class='ocrx_word' id='word_1_847' title='bbox 2933 5103 3299 5157; x_wconf 63' lang='lat' dir='ltr'><strong>sapennmero</strong></span> <span class='ocrx_word' id='word_1_848' title='bbox 3348 5091 3511 5142; x_wconf 74' lang='lat' dir='ltr'><strong>etiam</strong></span> 
     </span>
    </p>
   </div>
   <div class='ocr_carea' id='block_1_109' title="bbox 1959 5177 3511 5250">
    <p class='ocr_par' dir='ltr' id='par_1_109' title="bbox 1959 5177 3511 5250">
     <span class='ocr_line' id='line_1_109' title="bbox 1959 5177 3511 5250; baseline -0.005 -12"><span class='ocrx_word' id='word_1_849' title='bbox 1959 5196 2234 5250; x_wconf 81' lang='lat' dir='ltr'><strong>rogamus,</strong></span> <span class='ocrx_word' id='word_1_850' title='bbox 2268 5189 2325 5234; x_wconf 89' lang='lat' dir='ltr'><strong>et</strong></span> <span class='ocrx_word' id='word_1_851' title='bbox 2353 5181 2493 5235; x_wconf 86' lang='lat' dir='ltr'><strong>bona</strong></span> <span class='ocrx_word' id='word_1_852' title='bbox 2531 5180 2746 5248; x_wconf 78' lang='lat' dir='ltr'><strong>indigne</strong></span> <span class='ocrx_word' id='word_1_853' title='bbox 2772 5177 3139 5246; x_wconf 84' lang='lat' dir='ltr'><strong>postulamus,</strong></span> <span class='ocrx_word' id='word_1_854' title='bbox 3185 5179 3511 5240; x_wconf 84' lang='lat' dir='ltr'><strong>nescientes,</strong></span> 
     </span>
    </p>
   </div>
   <div class='ocr_carea' id='block_1_110' title="bbox 1959 5267 3514 5340">
    <p class='ocr_par' dir='ltr' id='par_1_110' title="bbox 1959 5267 3514 5340">
     <span class='ocr_line' id='line_1_110' title="bbox 1959 5267 3514 5340; baseline -0.004 -14"><span class='ocrx_word' id='word_1_855' title='bbox 1959 5274 2212 5335; x_wconf 87' lang='lat' dir='ltr'><strong>adversa,</strong></span> <span class='ocrx_word' id='word_1_856' title='bbox 2247 5285 2365 5340; x_wconf 72' lang='lat' dir='ltr'><strong>qum</strong></span> <span class='ocrx_word' id='word_1_857' title='bbox 2397 5271 2659 5340; x_wconf 87' lang='lat' dir='ltr'><strong>permissu</strong></span> <span class='ocrx_word' id='word_1_858' title='bbox 2686 5269 2775 5322; x_wconf 91' lang='lat' dir='ltr'><strong>Dei</strong></span> <span class='ocrx_word' id='word_1_859' title='bbox 2808 5267 3126 5333; x_wconf 79' lang='lat' dir='ltr'><strong>obveniant,</strong></span> <span class='ocrx_word' id='word_1_860' title='bbox 3155 5268 3326 5338; x_wconf 74' lang='lat' dir='ltr'><strong>magis</strong></span> <span class='ocrx_word' id='word_1_861' title='bbox 3351 5267 3514 5335; x_wconf 83' lang='lat' dir='ltr'><strong>prod-</strong></span> 
     </span>
    </p>
   </div>
   <div class='ocr_carea' id='block_1_111' title="bbox 1961 5358 3514 5432">
    <p class='ocr_par' dir='ltr' id='par_1_111' title="bbox 1961 5358 3514 5432">
     <span class='ocr_line' id='line_1_111' title="bbox 1961 5358 3514 5432; baseline -0.005 -15"><span class='ocrx_word' id='word_1_862' title='bbox 1961 5377 2101 5417; x_wconf 87' lang='lat' dir='ltr'><strong>esse.</strong></span> <span class='ocrx_word' id='word_1_863' title='bbox 2149 5361 2430 5428; x_wconf 81' lang='lat' dir='ltr'><strong>Quomodo</strong></span> <span class='ocrx_word' id='word_1_864' title='bbox 2475 5361 2616 5414; x_wconf 89' lang='lat' dir='ltr'><strong>enim</strong></span> <span class='ocrx_word' id='word_1_865' title='bbox 2649 5358 2810 5411; x_wconf 88' lang='lat' dir='ltr'><strong>Israel</strong></span> <span class='ocrx_word' id='word_1_866' title='bbox 2846 5360 2897 5412; x_wconf 90' lang='lat' dir='ltr'><strong>in</strong></span> <span class='ocrx_word' id='word_1_867' title='bbox 2925 5360 3212 5432; x_wconf 64' lang='lat' dir='ltr'><strong>Egyptum</strong></span> <span class='ocrx_word' id='word_1_868' title='bbox 3254 5359 3514 5413; x_wconf 82' lang='lat' dir='ltr'><strong>transmi-</strong></span> 
     </span>
    </p>
   </div>
   <div class='ocr_carea' id='block_1_112' title="bbox 291 5446 1858 5542">
    <p class='ocr_par' dir='ltr' id='par_1_112' title="bbox 291 5452 1858 5542">
     <span class='ocr_line' id='line_1_112' title="bbox 291 5452 1858 5542; baseline 0 -33"><span class='ocrx_word' id='word_1_869' title='bbox 291 5453 537 5527; x_wconf 84' lang='grc' dir='ltr'>πτόμεθα</span> <span class='ocrx_word' id='word_1_870' title='bbox 563 5454 671 5542; x_wconf 76' lang='lat'><strong>7&amp;9</strong></span> <span class='ocrx_word' id='word_1_871' title='bbox 705 5456 772 5524; x_wconf 81' lang='grc' dir='ltr'>τῇ</span> <span class='ocrx_word' id='word_1_872' title='bbox 814 5453 997 5524; x_wconf 82' lang='grc' dir='ltr'>εφέσει</span> <span class='ocrx_word' id='word_1_873' title='bbox 1019 5494 1035 5518; x_wconf 92' lang='grc'><strong>,</strong></span> <span class='ocrx_word' id='word_1_874' title='bbox 1067 5453 1162 5507; x_wconf 72' lang='grc' dir='ltr'>καὶ</span> <span class='ocrx_word' id='word_1_875' title='bbox 1195 5454 1253 5507; x_wconf 77' lang='grc' dir='ltr'>ἐν</span> <span class='ocrx_word' id='word_1_876' title='bbox 1283 5452 1577 5525; x_wconf 84' lang='grc' dir='ltr'>ἁμαρτίαις</span> <span class='ocrx_word' id='word_1_877' title='bbox 1604 5453 1858 5520; x_wconf 78' lang='grc' dir='ltr'>πολλάκις</span> 
     </span>
    </p>
   </div>
   <div class='ocr_carea' id='block_1_113' title="bbox 1943 5446 3515 5542">
    <p class='ocr_par' dir='ltr' id='par_1_113' title="bbox 1963 5446 3515 5524">
     <span class='ocr_line' id='line_1_113' title="bbox 1963 5446 3515 5524; baseline -0.004 -15"><span class='ocrx_word' id='word_1_878' title='bbox 1963 5462 2207 5524; x_wconf 79' lang='lat' dir='ltr'><strong>grasset,</strong></span> <span class='ocrx_word' id='word_1_879' title='bbox 2252 5463 2308 5509; x_wconf 86' lang='lat' dir='ltr'><strong>et</strong></span> <span class='ocrx_word' id='word_1_880' title='bbox 2337 5459 2539 5507; x_wconf 83' lang='lat' dir='ltr'><strong>terram</strong></span> <span class='ocrx_word' id='word_1_881' title='bbox 2570 5449 2944 5521; x_wconf 83' lang='lat' dir='ltr'><strong>promissionis</strong></span> <span class='ocrx_word' id='word_1_882' title='bbox 2973 5452 3375 5512; x_wconf 76' lang='lat' dir='ltr'><strong>lnereditasset,</strong></span> <span class='ocrx_word' id='word_1_883' title='bbox 3408 5446 3515 5503; x_wconf 83' lang='lat' dir='ltr'><strong>nisi</strong></span> 
     </span>
    </p>
   </div>
   <div class='ocr_carea' id='block_1_114' title="bbox 395 5653 1985 5726">
    <p class='ocr_par' dir='ltr' id='par_1_114' title="bbox 395 5653 1985 5726">
     <span class='ocr_line' id='line_1_114' title="bbox 395 5653 1985 5726; baseline 0.001 -14"><span class='ocrx_word' id='word_1_884' title='bbox 395 5655 422 5697; x_wconf 69' lang='grc' dir='ltr'>ι</span> <span class='ocrx_word' id='word_1_885' title='bbox 453 5654 596 5712; x_wconf 86' lang='lat' dir='ltr'><strong>Psal.</strong></span> <span class='ocrx_word' id='word_1_886' title='bbox 633 5655 827 5723; x_wconf 77' lang='lat' dir='ltr'><strong>cxvitt,</strong></span> <span class='ocrx_word' id='word_1_887' title='bbox 859 5656 980 5711; x_wconf 74' lang='lat'><strong>123.</strong></span> <span class='ocrx_word' id='word_1_888' title='bbox 1055 5653 1211 5710; x_wconf 70' lang='lat' dir='ltr'><strong>‘Jac.</strong></span> <span class='ocrx_word' id='word_1_889' title='bbox 1246 5671 1297 5720; x_wconf 78' lang='grc' dir='ltr'>γ,</span> <span class='ocrx_word' id='word_1_890' title='bbox 1331 5656 1418 5714; x_wconf 78' lang='lat' dir='ltr'><strong>l6.</strong></span> <span class='ocrx_word' id='word_1_891' title='bbox 1489 5654 1754 5714; x_wconf 76' lang='lat' dir='ltr'><strong>&quot;Mattlt.</strong></span> <span class='ocrx_word' id='word_1_892' title='bbox 1784 5673 1856 5726; x_wconf 83' lang='grc' dir='ltr'><strong>νι,</strong></span> <span class='ocrx_word' id='word_1_893' title='bbox 1895 5657 1985 5713; x_wconf 77' lang='lat'><strong>55.</strong></span> 
     </span>
    </p>
   </div>
   <div class='ocr_carea' id='block_1_115' title="bbox 369 5832 1567 5904">
    <p class='ocr_par' dir='ltr' id='par_1_115' title="bbox 369 5832 1567 5904">
     <span class='ocr_line' id='line_1_115' title="bbox 369 5832 1567 5904; baseline -0.003 -15"><span class='ocrx_word' id='word_1_894' title='bbox 369 5833 482 5898; x_wconf 61' lang='grc' dir='ltr'>αθ)</span> <span class='ocrx_word' id='word_1_895' title='bbox 520 5833 702 5889; x_wconf 71' lang='lat' dir='ltr'><strong>Graece</strong></span> <span class='ocrx_word' id='word_1_896' title='bbox 727 5834 1112 5904; x_wconf 75' lang='grc' dir='ltr'>ἐνεργουμένη.</span> <span class='ocrx_word' id='word_1_897' title='bbox 1147 5832 1299 5902; x_wconf 79' lang='lat' dir='ltr'><strong>Vulg.</strong></span> <span class='ocrx_word' id='word_1_898' title='bbox 1332 5833 1567 5887; x_wconf 74' lang='lat' dir='ltr'><strong>assidua.</strong></span> 
     </span>
    </p>
   </div>
  </div>
