4178 6312
726 390 840 452 8⁸19

1896 396 1954 456 St
1990 394 2295 456 DlONYSll
2312 434 2317 438 -
2333 399 2802 460 AREOPAGITE

3873 419 3969 477 580

730 505 872 563 Deus
915 500 1136 575 Josepltl
1187 519 1380 577 preces
1424 508 1757 577 exaudiens,
1791 509 2115 580 incolumem
2159 516 2290 585 patri

2405 518 2883 593 προφασιζόμεθα·
2913 524 3168 589 πολλάκις
3210 527 3266 583 δὲ
3310 529 3585 603 αίτοῦντες
3624 535 3717 597 καὶ
3762 536 3969 604 ἀγαθά,

731 595 899 651 tilium
927 596 1243 661 servasset?

2403 610 2638 676 ἀναξίως
2677 613 2966 685 αἰτοῦμεν,
3018 617 3093 690 μὴ
3133 620 3333 688 είδότες
3375 624 3457 677 ὅτι
3485 623 3683 695 μᾶλλον
3727 626 3797 678 τὰ
3836 628 3970 681 κατά

728 687 1117 760 παραχώρησιν
1157 689 1253 753 τοῦ
1284 690 1421 745 Θεοῦ
1462 692 1683 750 ἐναντία
1716 694 1981 767 μειζόνως
2034 698 2324 771 ὠφελήσει.
2366 702 2492 766 Πῶς
2516 706 2623 776 γὰρ
2653 706 2971 793 μετῴκησεν
2998 687 3091 775 είς
3124 687 3399 781 Αἴγυπτον
3430 687 3678 790 Ἰσραὴλ,
3730 720 3827 772 καὶ
3875 723 3971 793 τὴν

727 779 830 852 γῆν
884 780 981 852 τῆς
1014 782 1340 861 ἐπαγγελίας
1366 784 1831 859 ἐκληρονόμησεν,
1856 789 2036 863 εἴπερ,
2063 791 2333 859 ὲπακουὸς
2376 794 2485 848 τῶν
2524 797 2702 868 εὐχῶν
2726 789 2821 852 τοῦ
2859 800 3058 871 Ἰωσὴφ
3098 806 3128 858 6
3155 779 3287 871 Θεὸς
3318 779 3539 877 φανεὶς,
3575 779 3856 881 ἀλῶϐητον
3896 779 3971 885 τῶ

727 877 898 947 πατρὶ
925 876 1180 950 παραυτά
1198 878 1289 932 τὸν
1312 880 1477 934 παῖδα
1500 880 1763 946 διέσωζες

799 967 964 1039 279
1000 966 1027 1041 ﬁ
1065 968 1173 1025 Vll.
1198 968 1396 1041 Verum
1434 972 1523 1026 bis
1552 968 1606 1026 in
1642 975 1916 1030 communi
1945 975 2012 1032 de
2035 978 2286 1033 oratione

724 1059 911 1127 ﬁctis.
936 1059 1254 1116 necessario
1271 1063 1434 1118 etiam
1454 1064 1740 1120 dicendum
1763 1065 1829 1120 de
1845 1081 2004 1135 prece
2018 1082 2177 1137 quam
2201 1085 2294 1124 su-

725 1167 823 1223 per
837 1152 1091 1210 defuncto
1117 1153 1315 1210 recitat
1338 1144 1587 1214 antistes.
1608 1157 1831 1213 Divinos
1856 1159 2019 1230 igitur
2051 1163 2279 1216 antistes

726 1245 992 1313 interpres
1038 1253 1125 1300 est
1178 1244 1483 1302 divinarum
1527 1244 1982 1316 justiﬁeationum
2025 1271 2041 1307 :
2088 1255 2293 1309 idcirco

724 1336 869 1392 enim
894 1335 1121 1406 angelus
1146 1335 1356 1391 Domini
1385 1340 1778 1409 omnipatentis
1801 1358 1829 1395 a
1858 1353 2049 1398 sancto
2070 1344 2291 1400 Μίςιιιυα

724 1426 944 1491 dicitur,
978 1436 1037 1483 ut
1072 1430 1165 1498 qui
1200 1429 1290 1485 Dei
1322 1432 1746 1498 iustificationes
1776 1438 2054 1493 annuntiet
2084 1454 2148 1492 ac
2177 1455 2293 1493 ma-

723 1517 964 1598 nifestet.
990 1517 1187 1575 Didicit
1206 1522 1403 1590 utique
1428 1539 1496 1581 ex
1543 1523 1863 1598 Scripturis,
1884 1529 2049 1597 justis
2073 1530 2288 1598 quidem

716 1610 869 1679 justo
904 1594 999 1666 Dei
1032 1611 1240 1680 judicio
1264 1594 1677 1674 lucidissimant
1715 1594 2066 1691 divinamque
2088 1594 2289 1677 —vitam

722 1702 971 1769 retribui,
1000 1704 1179 1761 divina
1223 1705 1467 1764 bonitate
1495 1723 1559 1765 ac
1596 1709 1931 1783 benignitate
1973 1722 2289 1771 contractas

719 1807 787 1853 ex
831 1792 1061 1851 humana
1086 1796 1390 1868 fragilitate
1421 1803 1663 1867 maculas
1689 1804 1989 1859 clementer
2031 1807 2289 1861 dissimu-

720 1882 888 1954 lante,
918 1902 1041 1942 cum
1086 1902 1245 1945 nemo
1276 1891 1453 1954 sit.ut
1506 1894 1706 1959 inquit,
1758 1898 1991 1951 mundus
2036 1912 2067 1952 a
2108 1898 2286 1954 sorde.
2319 1914 2361 1968 Β

720 1975 845 2031 Haec
871 1979 1102 2035 antistes
1151 1981 1422 2050 promissa
1454 1997 1585 2040 nesse
1628 1987 1798 2041 novit.
1827 1984 2074 2045 Postulat
2104 1988 2285 2058 igitur,

721 2076 779 2122 ut
802 2067 1042 2129 ﬁdelium
1075 2083 1144 2126 ex
1171 2071 1485 2129 infirmitate
1525 2085 1823 2132 contractas
1872 2078 2097 2134 macula
2123 2079 2286 2134 dissi-

721 2161 1020 2228 mnlemur,
1060 2173 1115 2217 et
1164 2178 1335 2221 sacra:
1385 2167 1775 2225 retributiones
1801 2169 2178 2241 conferantur,
2212 2174 2289 2228 si-

720 2254 942 2323 mulque
972 2254 1142 2310 Deum
1182 2256 1469 2331 imitando,
1497 2259 1634 2314 dona
1665 2275 1782 2329 qua:
1812 2261 1938 2316 aliis
1961 2263 2284 2320 conferenda

718 2352 845 2397 sunt
894 2352 1154 2413 tanquam
1204 2346 1309 2400 sibi
1363 2348 1687 2420 indulgenda
1727 2352 2157 2422 postulans(boc
2201 2364 2287 2410 est

717 2434 863 2489 enim
895 2434 1063 2491 Deum
1094 2436 1318 2503 imitari,
1353 2441 1662 2508 proximum
1713 2426 1941 2513 diligere
1971 2446 2112 2501 sicut
2140 2447 2285 2515 seip-

716 2528 885 2591 sum),
904 2526 1065 2581 simul
1088 2543 1217 2583 vero
1235 2532 1398 2585 etiam
1426 2540 1679 2601 tanquam
1702 2534 1970 2604 interpres
1994 2535 2086 2593 Dei
2109 2538 2287 2593 sciens

715 2624 776 2670 et
803 2615 929 2673 aliis
957 2617 1336 2687 manifestans,
1369 2629 1627 2690 tanquam
1664 2625 1889 2694 angelus
1939 2627 1991 2681 id
2021 2630 2163 2697 quod
2194 2646 2286 2699 pe-

718 2706 870 2772 titur,
902 2718 1083 2775 utpote
1116 2709 1343 2779 justum,
1371 2726 1593 2781 prorsus
1624 2724 1943 2771 eventurum
1970 2719 2281 2789 signiﬁcat;

717 2812 895 2867 neque
943 2799 1085 2855 enim
1114 2803 1184 2856 ab
1227 2801 1384 2857 initio
1411 2805 1632 2871 petebat
1660 2808 1763 2863 nisi
1808 2823 1929 2879 qua:
1975 2809 2086 2865 Deo
2130 2823 2286 2868 erant

714 2902 876 2958 quam
900 2890 1231 2960 gratissima.
1265 2893 1536 2963 Quocirca
1579 2900 1797 2967 quidem
1843 2916 1942 2969 pro
1972 2905 2179 2958 sanctis
2204 2906 2285 2959 sic

714 2978 865 3047 facit,
895 2981 988 3035 sed
1019 2996 1118 3049 pro
1167 2982 1428 3053 improbis
1459 2988 1790 3052 inﬁdelibus,
1834 2990 1974 3043 sicut
2017 2991 2180 3045 etiam
2230 2992 2282 3046 In

712 3086 1008 3140 progressu
1058 3074 1405 3144 signiﬁcabit,
1440 3079 1658 3148 quando
1689 3081 1842 3145 dicit,
1874 3081 2148 3138 videbitur
2179 3084 2282 3139 hoc

718 3158 965 3230 profanis
989 3163 1255 3231 probabili
1286 3166 1396 3221 risu
1420 3167 1663 3236 dignum.
1683 3168 1932 3225 Profanis
1950 3172 2140 3241 itaque
2167 3173 2280 3228 haec

2469 973 2498 1045 ς
2521 973 2627 1029 VII.
2656 968 3029 1033 Ἀλλάτούτων
3040 980 3139 1053 ἠδη
3156 983 3427 1055 ῥηθέντων
3444 989 3570 1062 περὶ
3585 992 3766 1064 πάσης
3776 997 3971 1062 κοινῶς

2395 1066 2579 1137 εὐχῆς,
2604 1068 2897 1137 ἀναγκαῖον
2918 1073 3091 1126 εἰπεῖν
3108 1077 3199 1129 καὶ
3227 1080 3355 1148 περὶ
3385 1079 3485 1149 τῆς
3513 1084 3605 1136 ὲπί
3632 1086 3709 1156 τῷ
3734 1089 3972 1162 κειμένῳ

2390 1154 2486 1209 τοῦ
2544 1159 2795 1231 ίεράρχου
2838 1164 3020 1235 εὐχῆς.
3072 1166 3128 1217 'O
3154 1167 3316 1232 θεῖος
3370 1154 3972 1253 τοιγαροῦνήίερά-ρχης

2393 1249 2783 1322 ὲκφαντορικός
2813 1257 2927 1307 ἐστι
2951 1256 3058 1309 τῶν
3090 1259 3247 1312 θείων
3262 1261 3646 1335 δικαιωμάτων
3665 1285 3678 1297 '
3704 1249 3794 1323 διά

2392 1340 2501 1411 γὰρ
2556 1342 2783 1411 ἄγγελος
2811 1346 3017 1418 Κυρίου
3053 1355 3486 1426 παντοκράτορος
3530 1359 3680 1429 παρὰ
3721 1363 3798 1433 τῷ
3841 1366 3971 1438 ἱερῷ

2392 1428 2602 1502 Μιχαίᾳ
2618 1434 2852 1502 λέγεται,
2894 1438 2968 1501 ὼς
2991 1440 3325 1510 ἐξαγγέλλων
3361 1447 3453 1502 καί⁵
3477 1428 3751 1518 ἐκφαίνων
3769 1428 3851 1509 ’τὰ
3878 1428 3969 1511 τοῦ

2392 1521 2525 1575 Θεοῦ
2559 1524 2916 1597 δικαιώματα.
2944 1531 3244 1602 Μεμάθηκε
3271 1536 3401 1603 γοῦν
3434 1538 3541 1592 ἀπὸ
3573 1541 3682 1595 τῶν
3714 1543 3753 1594 Γ
3757 1547 3967 1615 ραφῶν,

2391 1615 2472 1667 ὅτι
2500 1618 2612 1679 τοῖς
2646 1617 2743 1686 μὲν
2772 1619 2999 1684 δικαίοις
3022 1622 3172 1699 παρά
3184 1625 3284 1694 τῆς
3305 1627 3401 1680 τοῦ
3420 1630 3552 1682 Θεοῦ
3574 1632 3969 1707 δικαιοκρισίας

2392 1706 2424 1776 ή
2458 1704 2811 1782 λαμπροτάτη
2847 1712 2937 1765 καί
2959 1712 3078 1765 θεία
3109 1714 3222 1787 ζωὴ
3267 1718 3605 1784 ἀντιδίδοται,
3639 1704 3968 1799 παρορὼσης

2390 1796 2447 1863 ἐξ
2485 1798 2816 1872 ἀγαθὸτητος
2848 1803 2947 1873 τῆς
2976 1804 3067 1857 τοῦ
3117 1806 3251 1863 Θεοῦ
3291 1810 3698 1883 φιλανθρωπίας
3732 1820 3861 1882 τοὺς

2390 1887 2736 1962 ἀνθρωπίνης
2766 1893 3045 1958 ἀσθενείας
3068 1896 3269 1967 ῥύπους
3289 1916 3302 1930 ·
3331 1902 3559 1975 ἐπείπερ
3578 1906 3772 1971 οὐδεὶς,

2392 1982 2627 2053 καθαρὸς
2656 1983 2849 2054 ῥύπου.
2879 1987 3063 2041 Ταῦτα
3079 1984 3216 2044 εἶδεν
3238 1992 3623 2067 ἐπηγγελμένα
3638 1999 3666 2050 6
3684 2002 3962 2074 ίεράρχης.

2390 2074 2539 2126 Δίτεί
2563 2076 2739 2129 τοίνυν
2764 2081 2876 2141 τοῖς
2897 2081 3102 2145 πιστῶς
3130 2082 3437 2153 βεϐιωκόσι,
3471 2093 3847 2164 παροραθῆναι
3866 2095 3965 2159 τὰς

2390 2163 2447 2230 ἐξ
2489 2154 2769 2232 ἀσθενείας
2807 2168 3047 2241 κηλῖδας,
3080 2177 3171 2228 καὶ
3207 2168 3445 2248 δοθῆναι
3475 2154 3575 2245 τάς
3618 2154 3782 2255 ’ίεράς
3819 2154 3965 2253 am;

2386 2256 2561 2320 δόσεις
2580 2274 2591 2288 ·
2626 2258 2741 2329 ἅμα
2777 2260 2875 2330 μὲν
2897 2262 3242 2335 θεομιμήτως
3270 2268 3367 2334 τὰς
3398 2271 3476 2334 είς
3507 2273 3727 2344 ἐτέρους
3756 2275 3965 2349 δωρεὰς

2386 2349 2479 2400 τοῦ
2510 2349 2644 2402 Θεοῦ
2668 2351 2743 2415 ὼς
2770 2354 2850 2416 είς
2870 2355 3062 2410 ἑαυτὸν
3101 2363 3468 2432 γενησομένας
3504 2365 3750 2431 ἐξαιτῶν,
3786 2370 3967 2440 (τοῦτο

2386 2440 2494 2511 γάρ
2528 2442 2642 2495 ἐστι
2695 2444 2753 2496 τὸ
2800 2443 3148 2519 θεομίμητον,
3191 2451 3421 2524 ἀγαπᾷν
3461 2455 3554 2509 τὸν
3609 2458 3836 2529 πλησίον
3887 2460 3964 2525 ὡς

2387 2532 2574 2585 ἑαυτόν
2589 2533 2626 2603 ’)
2671 2535 2786 2606 ἅμα
2838 2537 2894 2590 δὲ
2932 2540 3026 2593 καὶ
3068 2542 3142 2605 ὡς
3167 2544 3451 2617 ὑποφήτης
3492 2547 3627 2601 Θεοῦ
3683 2551 3840 2615 εἰδὼς
3870 2553 3969 2617 καὶ.¹

2383 2624 2496 2685 τοῖς
2529 2623 2705 2687 ἄλλοις
2733 2629 3024 2696 ὲκφαίνων,
3064 2633 3141 2697 ὡς
3172 2634 3397 2703 ἄγγελος
3439 2639 3669 2709 Κυρίου,
3698 2643 3964 2713 ἐκφαντο-

2384 2714 2574 2782 ρικῶς,
2609 2716 2690 2770 ὅτι
2717 2720 3007 2790 γενήσεται
3069 2724 3146 2788 ὼς
3179 2727 3361 2781 δικαία
3397 2731 3433 2799 ή
3477 2731 3693 2803 αῐτησις
3714 2750 3726 2765 ⁸
3758 2738 3821 2789 οὐ
3854 2737 3962 2808 γάρ

2386 2804 2451 2857 ἂν
2480 2806 2577 2876 τὴν
2616 2808 2787 2880 ἀρχὴν
2815 2811 2996 2883 ἐζήτει
3024 2815 3092 2869 τὰ
3123 2816 3197 2889 μὴ
3227 2818 3345 2891 Θεῷ
3375 2824 3834 2893 προσφιλέστατα.
3870 2804 3960 2883 Διί)

2384 2894 2475 2947 ἐπὶ
2508 2896 2606 2965 μὲν
2628 2902 2740 2963 τοῖς
2776 2902 2943 2967 ὁσίοις
2981 2904 3123 2959 οὕτω
3164 2912 3324 2973 ποιεί,
3359 2911 3451 2964 ἐπὶ
3482 2912 3538 2965 δὲ
3576 2918 3688 2979 τοῖς
3726 2918 3958 2990 ἀνιέροις

2383 2986 2650 3052 ἀπίστοις,
2682 2990 2864 3056 καθὼς
2891 2995 2985 3047 καὶ
3018 3000 3372 3067 παρακατιὼν
3398 3002 3644 3074 δηλώσει,
3669 3007 3757 3059 ὅτε
3789 2986 3955 3077 λέγει,

2381 3076 2519 3170 δόξει
2545 3082 2655 3143 τοῖς
2687 3083 2922 3154 ἀνιέροις
2946 3088 3167 3157 εὐλόγου
3197 3092 3430 3159 γέλωτος
3473 3095 3641 3162 ἄξιονο
3682 3103 3794 3164 τοῖς
3829 3076 3959 3170 γοῦν

2382 3165 2617 3238 ἀνιέροις
2659 3171 2758 3224 οὐκ
2811 3175 3101 3245 ἐπεύχεται
3124 3179 3317 3245 ταῦτα,
3349 3183 3408 3235 οὐ
3456 3185 3613 3255 μόνον
3656 3187 3756 3251 δτι,
3800 3189 3957 3261 εἴπερ

712 3252 938 3309 tuininte
966 3267 1308 3323 apprecatur,
1344 3273 1447 3313 non
1481 3260 1652 3316 solum
1696 3263 1844 3331 quia,
1877 3264 1922 3319 si
1975 3266 2077 3319 ista
2125 3276 2278 3335 pete-

2383 3257 2567 3330 ζητοίη
2598 3260 2789 3326 ταῦτα,
2817 3266 2916 3318 οὐκ
2941 3266 3089 3321 ἔσται
3104 3271 3337 3341 χρηστὸς
3364 3245 3645 3348 ὑποφήτης
3670 3245 3765 3330 τοῦ
3793 3245 3959 3333 Πνεύο

715 3355 818 3408 ret,
846 3348 1070 3403 minime
1125 3351 1299 3406 bonus
1332 3353 1599 3424 interpres
1642 3365 1788 3411 esset
1820 3355 2076 3427 Spiritus,
2104 3370 2160 3414 ut
2186 3362 2276 3430 qui

713 3436 801 3491 illa
826 3448 1057 3507 peteret,
1086 3442 1152 3494 ad
1181 3458 1303 3511 qua:
1330 3443 1396 3498 ab
1425 3456 1649 3501 auctore
1689 3449 2071 3518 mysteriorum
2096 3452 2281 3507 divino

713 3528 925 3585 scilicet
972 3528 1185 3600 Spiritu
1227 3535 1448 3590 minime
1485 3547 1821 3605 moveretur;
1876 3556 2062 3595 verum
2110 3544 2275 3597 etiam

710 3621 855 3689 quod
903 3624 1165 3692 petitione
1198 3641 1290 3680 sua
1322 3636 1577 3696 tanquam
1611 3631 1831 3701 indigna
1878 3634 2271 3690 frustraretur:

712 3712 815 3767 boc
844 3714 987 3768 enim
1020 3714 1221 3770 indicat
1272 3732 1373 3771 vox
1422 3719 1671 3787 ἐναγοῦς,
1712 3723 1826 3777 sive
1872 3724 2057 3793 impia,
2094 3726 2145 3781 id
2171 3736 2276 3792 est,

712 3802 953 3874 indigna.
998 3807 1194 3861 Audiet
1235 3808 1378 3863 enim
1408 3812 1571 3866 etiam
1612 3814 1731 3882 ipse
1767 3813 1967 3883 ajusto
2016 3817 2275 3888 eloquio:

713 3890 898 3950 Petilia
923 3908 973 3950 et
994 3914 1096 3951 non
1124 3900 1361 3967 arcipitis
1380 3912 1429 3967 ιι,
1449 3912 1535 3956 est
1563 3914 1741 3959 autem
1775 3907 1888 3961 hanc
1914 3913 2179 3965 sententia
2208 3928 2274 3969 ex

709 3985 951 4056 Epistula
990 3987 1367 4057 Jacobi.Quod
1392 3994 1576 4063 utique
1601 3997 1749 4063 dicit,
1782 4000 1865 4053 vel
1885 4002 2010 4069 quia
2036 4002 2181 4070 juste
2202 4007 2276 4061 di-

706 4091 883 4145 ctum,
898 4081 982 4145 vel
999 4083 1123 4151 quia
1140 4098 1167 4135 a
1181 4084 1326 4150 justo
1341 4086 1628 4154 prolatum.
1642 4088 1873 4146 Jacobus
1887 4094 2027 4147 enim
2047 4094 2271 4164 Joblias,

709 4176 862 4242 quasi
884 4174 1082 4241 justus,
1110 4178 1515 4246 cognominatus
1533 4192 1637 4236 est.
1665 4180 1904 4238 Postulat
1934 4186 2118 4256 itaque
2149 4205 2274 4244 san-

707 4276 829 4322 ctns
849 4270 1080 4323 antistes
1098 4269 1182 4321 illa
1209 4285 1327 4339 quze
1349 4272 1568 4326 omnino
1597 4273 1769 4330 danda
1810 4289 1952 4344 sunt,
1981 4282 2272 4338 ostendens

710 4358 819 4421 hic,
842 4358 949 4413 Deo
970 4360 1210 4427 quidem,
1230 4361 1470 4415 habitum
1494 4379 1647 4416 suum
1677 4380 1784 4434 quo
1809 4367 2267 4438 Deumimitatnr;

708 4450 1063 4516 praesentibus
1094 4466 1242 4517 vero,
1273 4455 1492 4520 praemia
1522 4470 1641 4524 quae
1662 4466 1882 4511 sanctos
1910 4472 2146 4516 manent.
2180 4462 2270 4518 Sic

2383 3363 2572 3417 ματος,
2597 3351 2673 3415 ὡς
2705 3354 2886 3408 ἐκεῖνα
2910 3358 3109 3441 ζητῶν,
3135 3363 3216 3424 είς
3247 3363 3389 3435 ειπερ
3422 3352 3520 3420 οὐκ
3549 3369 3771 3440 ἐκινήθη
3802 3371 3958 3442 παρά

2378 3440 2473 3494 τοῦ
2501 3442 2845 3516 τελετάρχου,
2895 3448 2990 3501 τοῦ
3036 3440 3179 3504 θείου
3213 3452 3412 3527 δηλαδὴ
3447 3457 3763 3529 Πνεύματος
3790 3479 3802 3490 ·
3842 3440 3955 3515 ἀλλ’

2376 3532 2458 3586 δτι
2475 3536 2565 3588 καὶ
2584 3536 2686 3607 τῆς
2704 3537 2870 3608 εὐχῆς
2893 3540 3246 3609 ἀποτεύξεται
3266 3544 3338 3609 ὼς
3355 3546 3587 3615 ἀναξίως
3608 3552 3911 3622 γενομένης
3942 3570 3951 3584 ·

2376 3626 2535 3679 τοῦτο
2572 3628 2681 3700 γὰρ
2718 3629 2868 3701 δηλοῖ
2894 3630 2953 3683 τὸ
2978 3634 3252 3703 ἐναγοῦς,
3290 3638 3453 3691 οἱονεὶ
3482 3639 3721 3705 ἀναξίου.
3765 3641 3953 3700 ΪΑκού-

2378 3738 2530 3773 σεται
2560 3720 2668 3793 γὰρ
2700 3723 2791 3775 καί
2842 3722 3002 3785 αὐτὸς
3038 3724 3174 3795 πρὸς
3218 3724 3312 3778 τοῦ
3358 3726 3566 3782 δικαίου
3610 3730 3812 3799 λογίου,
3854 3736 3953 3788 Alc

2376 3812 2543 3879 τεῐτε,
2570 3815 2667 3867 καί
2703 3817 2775 3868 οὐ
2810 3818 3159 3886 λαμϐάνετε.
3197 3820 3351 3871 Ἔστι
3378 3819 3433 3872 δὲ
3466 3821 3526 3873 τὸ
3564 3823 3725 3893 ῥητὸν
3755 3826 3822 3877 ἐκ
3852 3826 3948 3895 τῆς

2374 3906 2467 3960 τοῦ
2513 3906 2764 3961 Ἰακώϐου
2810 3908 3143 3981 Ἐπιστολῆς.
3180 3912 3243 3965 Ὃ
3272 3911 3334 3982 δὴ
3378 3912 3471 3964 καὶ
3494 3912 3661 3980 λέγει,
3693 3914 3725 3985 ἢ
3767 3916 3843 3979 ὡς
3867 3918 3946 3969 δι-

2376 3999 2541 4064 καίως
2586 4000 2892 4072 λεγόμενον,
2942 4003 2975 4075 ἦ
3031 4002 3105 4067 ὡς
3167 4003 3320 4075 παρὰ
3368 4004 3576 4057 δικαίου
3628 4004 3943 4077 λεγόμενον

2376 4089 2608 4159 ,Ἰοϐλίας
2628 4092 2735 4161 γὰρ
2756 4094 2785 4145 6
2822 4092 3097 4169 Ἰάκωϐος,
3120 4095 3281 4146 οἱονεὶ
3312 4093 3941 4165 δίκαιος,ἐπωνομὰζετο.

2373 4183 2580 4237 Οὐκοῦν
2606 4185 2788 4238 ἐκεῖνα
2819 4186 2959 4237 αίτεῖ
2985 4186 3012 4239 6
3049 4185 3329 4255 ίερὰρχης,
3360 4184 3429 4238 τά
3456 4186 3673 4249 πάντως
3696 4187 3942 4259 δωρηθη-

2374 4276 2595 4345 σόμενα,
2623 4277 2927 4339 ἐπιδεικνὺς
2962 4276 3207 4330 ἐντεῦθεν
3244 4278 3321 4348 τῷ
3345 4279 3441 4348 μὲν
3470 4277 3609 4349 Θεῷ,
3631 4279 3730 4348 τὴν
3755 4279 3939 4350 θεομί-

2376 4389 2542 4443 μητον
2574 4369 2767 4424 ἑαυτοῦ
2798 4368 2910 4434 ἐξιν
2931 4384 2945 4398 '
2976 4370 3087 4432 τοῖς
3116 4368 3173 4422 δὲ
3200 4369 3455 4440 παροῦσι,
3479 4371 3547 4425 τὰ
3574 4373 3808 4443 ἐσόμενα
3831 4378 3939 4437 τοῖς

2369 4465 2535 4525 ὁσίοις
2587 4461 2753 4533 δῶρα.
2790 4459 2941 4513 Οὕτω
2975 4461 3069 4513 καὶ
3114 4459 3213 4523 τάς
3269 4461 3623 4531 ἀφοριπικάς
3662 4465 3936 4536 δυνάμεις,

707 4541 871 4594 etiam
902 4541 1197 4597 hicrarchae
1226 4544 1424 4599 habent
1458 4548 1684 4601 virtutes
1732 4553 2072 4620 segregandi,
2100 4554 2149 4608 id
2185 4566 2268 4611 cst

2383 4552 2606 4623 ἰηλονότι
2632 4551 2757 4612 τοὺς
2782 4550 3139 4621 ἁφορισμοὺς,
3187 4550 3235 4601 οί
3280 4550 3530 4623 ίεράρχαι
3562 4553 3797 4623 ἔχουσιν,
3840 4558 3936 4628 οὐχ

708 4636 1133 4703 segregationes,
1192 4652 1297 4690 non
1340 4640 1481 4707 quod
1533 4640 1995 4697 irrationabilibus
2034 4646 2268 4702 motibus

705 4740 921 4788 eorum,
946 4735 1004 4778 ut
1027 4726 1199 4780 dicam
1230 4728 1477 4791 honeste,
1508 4732 1764 4788 divinitas
1791 4736 2144 4803 obsequatur,
2171 4740 2264 4793 sed

703 4816 844 4883 quod
878 4816 1093 4884 ipsimet
1139 4830 1167 4869 a
1198 4817 1402 4886 Spiritu
1434 4833 1626 4875 sancto
1667 4824 1799 4876 moti
1847 4826 2131 4881 damnatos
2179 4843 2265 4883 se-

704 4920 945 4977 gregent.
981 4911 1215 4976 Accipite
1255 4912 1419 4977 enim,
1472 4914 1666 4980 inquit,
1700 4913 1953 4983 Spiritum
2000 4928 2259 4983 sanctum,

700 5000 792 5066 qui
826 5000 1070 5054 videlicet
1099 5016 1192 5054 vos
1218 5014 1432 5058 moveat
1462 5006 1527 5058 ad
1551 5006 1822 5074 ligandum
1842 5020 1897 5062 et
1920 5009 2256 5065 solvendum.

701 5094 769 5149 Et
803 5096 996 5150 iterum
1043 5098 1121 5151 sic
1157 5098 1322 5168 280
1354 5100 1513 5155 Petro
1554 5103 1810 5160 Dominus
1837 5108 1948 5160 ait:
1982 5106 2264 5171 Quodcun-

699 5200 797 5253 qu
841 5184 1084 5254 ligaveris
1126 5206 1281 5257 super
1328 5202 1520 5245 terram
1553 5195 1597 5259 ⁸,
1640 5206 1697 5249 et
1757 5212 1877 5265 quas
1940 5209 2257 5267 sequuntur.

699 5278 918 5343 quando
942 5277 1141 5341 divinis
1188 5281 1607 5339 revelatiOnibus
1643 5301 1670 5337 a
1699 5285 1860 5341 Patre
1901 5290 1991 5357 qui
2020 5292 2071 5345 in
2106 5290 2260 5346 caelis

698 5376 786 5421 est
811 5366 1199 5429 "lustrabatur.
1239 5374 1311 5426 ita
1362 5384 1420 5428 ut
1466 5377 1624 5431 beato
1662 5377 1850 5445 Petro,
1882 5392 1932 5435 et
1966 5384 2110 5437 omni
2139 5394 2259 5451 post

700 5455 875 5523 ipsum
904 5461 1163 5527 pontillci,
1194 5466 1489 5520 secundum
1527 5470 1882 5527 revelationes
1911 5474 2013 5547 ipsi
2041 5476 2257 5531 ctelitus

699 5562 727 5598 a
754 5546 862 5601 Deo
888 5548 1079 5618 factas,
1118 5564 1170 5609 et
1199 5556 1525 5625 approbandi
1568 5570 1623 5612 et
1649 5546 1969 5632 segregandi
2012 5576 2256 5635 potestas

696 5640 789 5696 sit.
831 5644 1110 5707 Quomodo
1139 5656 1317 5702 autem
1352 5650 1711 5708 revelationes
1744 5656 1839 5725 ipsi
1888 5657 2040 5713 facta:
2072 5662 2122 5714 in
2158 5677 2256 5717 ca:-

751 5809 792 5835 ἰλ
828 5804 945 5856 Jac.
980 5819 1053 5867 Iv,
1097 5804 1147 5857 5.
1232 5814 1253 5840 ο
1285 5806 1471 5863 Μῖιιιιι.
1512 5825 1618 5872 xvi,
1657 5812 1738 5866 l9.

2368 4645 2447 4697 ὅτι
2481 4644 2669 4695 ἕπεται
2702 4644 2823 4704 ταῖς
2855 4640 3067 4709 ἀλόγοις
3102 4644 3297 4712 ὁρμαῖς
3320 4642 3518 4709 αὐτῶν,
3551 4645 3615 4698 ἵν’
3645 4645 3817 4712 οὕτως
3848 4651 3936 4701 εὐ-

2365 4729 2544 4793 λαϐῶς
2584 4729 2744 4792 εἴπω,
2775 4730 2807 4800 ἠ
2843 4729 3090 4800 θεαρχία,
3134 4729 3248 4782 ἀλλ’
3285 4732 3365 4783 ὅτι
3410 4732 3565 4787 αὐτοὶ
3613 4736 3932 4806 ἀφορίζουσι

2362 4823 2487 4884 τοὺς
2548 4821 2921 4892 κεκριμένους,
2974 4823 3054 4884 είς
3102 4822 3258 4876 τοῦτο
3303 4825 3575 4889 κινοῦντος
3628 4827 3721 4879 τοῦ
3777 4830 3929 4896 ἁγίου

2366 4917 2695 4987 Πνεύματος·
2729 4914 2946 4969 Λάϐετε
2987 4914 3115 4986 γὰρ,
3161 4918 3313 4985 φησὶ,
3346 4919 3585 4987 Πνεῦμα
3618 4920 3809 4988 ἅγιον,
3846 4941 3927 4975 κε-

2365 5010 2489 5060 νοῦν
2532 5008 2673 5077 ὐμᾶς
2702 5006 2899 5075 δηλαδὴ
2926 5006 3020 5059 καὶ
3052 5009 3132 5070 είς
3177 5008 3321 5061 δέσιν
3360 5011 3451 5063 καὶ
3507 5012 3586 5074 είς
3617 5011 3788 5064 λύσιν.
3822 5015 3925 5066 Καὶ

2364 5097 2522 5150 πάλιν
2543 5098 2661 5149 τότε
2686 5098 2817 5168 φησὶ
2838 5096 2915 5167 τῷ
2941 5098 3128 5169 Πέτρῳ
3152 5100 3180 5151 6
3206 5099 3407 5170 Κύριος
3428 5118 3441 5130 ·
3471 5103 3540 5153 Ὃ
3577 5102 3687 5153 ἐὰν
3729 5102 3927 5171 δήσῃς

2360 5189 2457 5241 ἐπί
2482 5187 2590 5255 τῆς
2614 5187 2746 5261 γῆς,
2773 5190 2867 5241 καὶ
2886 5189 2952 5241 τά
2973 5190 3097 5258 ἑξῆς
3117 5206 3129 5219 ’
3156 5190 3243 5242 ὅτε
3264 5191 3361 5255 τάς
3385 5192 3534 5255 θείας
3556 5193 3923 5264 ἀποκαλύψεις

2360 5278 2512 5349 παρά
2543 5278 2634 5331 τοῦ
2685 5281 2742 5332 ἐν
2786 5281 3036 5351 οὐρανοῖς
3080 5282 3293 5353 Πατρὸς
3324 5283 3675 5353 ἐνελάμπετο,
3710 5286 3786 5348 ὡς
3834 5286 3923 5337 καὶ

2358 5374 2449 5425 τοῦ
2494 5376 2760 5445 μακαρίου
2795 5376 3023 5447 Πέτρου,
3068 5379 3162 5429 καὶ
3203 5380 3422 5458 παντὸς.
3455 5379 3547 5431 τοῦ
3598 5381 3715 5433 κατ’
3765 5380 3923 5433 αὐτὸν

2360 5466 2631 5536 ίεράρχου,
2669 5466 2809 5519 κατά
2832 5466 2930 5531 τάς
2956 5467 3011 5520 ἐν
3044 5468 3191 5539 αὐτῷ
3228 5469 3512 5540 γινομένας
3542 5470 3829 5539 οὐρανόθεν
3861 5472 3922 5525 ἐκ

2357 5552 2491 5606 Θεοῦ
2524 5553 2907 5623 ἀπσκαλύψεις,
2936 5557 3027 5607 καὶ
3053 5556 3499 5627 προσδεχομένου,
3528 5558 3620 5610 καὶ
3641 5555 3920 5628 ἀφορίζον-

2356 5658 2464 5706 τος.
2498 5644 2620 5707 Πῶς
2648 5644 2702 5697 δὲ
2736 5645 2792 5698 αί
2829 5646 2886 5699 ἐν
2927 5645 3119 5717 ἐκείνῳ
3143 5646 3506 5719 ἀποκαλύψεις
3543 5646 3635 5700 καί
3677 5646 3771 5700 ἐπὶ
3810 5646 3921 5709 τοῖς
