4162 6304
223 419 334 478 581

762 418 852 474 DE
883 416 1163 474 ECCLES.
1207 412 1603 480 HIERARCH.,
1638 411 1795 471 CA'P.
1831 405 1949 475 VII.
1978 444 2007 458 -
2064 413 2412 474 PARAPHB.
2447 414 2914 475 PACHYMERE.

3360 411 3469 484 ass

223 540 440 609 ἑτέροις
461 533 743 607 ῖερὰρχαις
776 532 987 588 ἔσονται
1017 533 1089 587 δι’
1123 528 1199 588 ὧν
1245 534 1417 594 ταῦτα
1449 535 1542 588 καὶ
1573 535 1798 609 ἐνεργή-

1920 532 2037 587 .eris
2067 546 2282 602 quoque
2303 531 2644 602 pontiﬁcibus
2667 545 2845 599 erunt,
2870 535 2942 592 ita
2971 545 3030 592 ut
3058 551 3155 607 per
3187 537 3285 595 hos
3304 543 3470 599 etiam

224 643 438 692 σουσιν,
490 623 523 698 ἢ
550 628 630 679 ὅτι
672 625 1174 697 διαπορθμευτικῶς
1207 627 1300 680 καὶ
1332 625 1801 698 ἁλληλοδιαδόχως,

225 719 330 772 καὶ
378 713 818 787 ὲκφαντορικῶς;
853 717 1002 786 Ὅσῳ
1034 714 1143 788 γὰρ
1186 714 1548 788 πληθύνονται
1579 714 1648 769 τὰ
1693 716 1804 770 τῶν

224 809 626 880 ἀποκαλύψεων
650 809 707 862 ὲν
726 807 960 876 πολλοῖς,
977 807 1214 880 τοσούτῳ
1231 809 1428 880 μᾶλλον
1437 809 1801 879 ὲκφαίνονται.

223 903 345 956 Καὶ
367 902 476 974 γὰρ
501 900 600 972 τὴν
633 899 786 972 ἱερὰν
820 899 1034 972 εκείνην
1068 899 1365 970 θεολογίαν,
1398 901 1517 973 τήν·
1547 902 1632 957 Σὺ
1677 901 1731 957 εἶ
1773 905 1806 958 ὀ

221 992 489 1062 Χριστὸς
516 994 549 1047 d
585 991 722 1059 Υιὸς
746 991 852 1046 τοῦ
875 991 1022 1047 Θεοῦ
1048 991 1154 1047 τοῦ
1180 991 1411 1058 ζῶντος,
1443 993 1543 1046 οὐκ
1569 991 1661 1063 ἀφ’
1688 993 1809 1047 ἑαυ-

221 1085 347 1153 τοῦ,
369 1085 477 1139 οὐδ’
493 1083 599 1138 ἀπὸ
615 1084 812 1155 σαρκὸς
832 1083 926 1138 καὶ
944 1084 1191 1155 αῖματος,
1209 1083 1322 1137 ἀλλ’
1339 1084 1445 1137 ὑπὸ
1460 1083 1592 1138 Θεοῦ
1614 1085 1809 1157 μυοῦν-

223 1195 326 1242 τος
363 1176 458 1232 καὶ
483 1177 776 1241 ’κινοῦντος
832 1175 992 1232 αὐτὸν
1044 1175 1442 1248 ἀπεφθέγξατο.
1490 1177 1630 1242 Τοὺς
1677 1177 1809 1247 γοῦν

225 1273 510 1345 ἀρχιερεῖς
533 1269 675 1324 οὕτω
705 1271 826 1334 ταῖς
861 1270 1199 1342 ίεραρχικαῖς
1225 1268 1484 1341 δυνάμεσι
1521 1270 1805 1343 χρηστέον.

240 1363 465 1435 Ἀττικὴ
490 1363 597 1434 δὲή
628 1360 897 1428 σύνταξις,
923 1360 1019 1417 καὶ
1039 1361 1280 1433 ἀρχαῖον,
1305 1361 1367 1415 τὺ
1397 1363 1711 1417 συντάσσειν
1740 1361 1810 1417 τὰ

228 1453 532 1511 ὖποθετικά
560 1454 886 1517 αἰτιατικαῖς
923 1451 1224 1507 πτώσεσιν·
1261 1451 1403 1507 οὕτω
1443 1471 1580 1518 πως,
1628 1452 1809 1518 καθὼς

229 1547 304 1604 ἂν
337 1548 546 1621 κινήσοι
573 1545 768 1611 αὐτοὺς
798 1547 827 1600 6
849 1545 999 1610 Θεός·
1019 1545 1148 1611 τοὺς
1179 1543 1236 1600 δὲ
1269 1544 1459 1612 ἄλλους
1484 1546 1624 1600 οὕτω
1651 1563 1812 1619 προσ-

229 1639 483 1697 ενεκτέον
521 1641 635 1702 τοῖς
691 1637 974 1709 ἱεράρχαις
1021 1636 1138 1708 (καὶ
1179 1636 1337 1691 τοῦτο
1370 1637 1478 1710 γὰρ
1509 1638 1652 1692 οὕτω
1687 1655 1812 1692 συν-

227 1729 514 1801 τάσσεται)
566 1729 642 1793 ὡς
673 1729 778 1783 ὑπὸ
809 1727 946 1782 Θεοῦ
993 1727 1397 1800 κεκινημένοις·
1435 1729 1572 1802 πρὸς
1614 1730 1812 1796 αὐτοὺς

227 1825 346 1895 γάρ
373 1823 489 1876 ἔστι
516 1823 545 1876 6
564 1819 658 1875 τοῦ
683 1819 952 1875 Δεσπότου
966 1819 1198 1892 Χριστοῦ
1215 1821 1390 1891 λόγος,
1425 1821 1486 1877 '0
1500 1821 1655 1893 ὑμᾶς
1675 1821 1808 1879 ἀθε-

230 1915 376 1980 τῶν,
405 1913 512 1985 ἐμὲ
533 1911 754 1969 ἀθετεῖ.

309 2004 336 2077 §
363 1987 492 2058 Vill.
526 2003 664 2057 Ἀλλ’
683 2002 1066 2067 ἐπανελθόντες
1085 2003 1337 2076 λέγομεν,
1359 2005 1441 2059 ότι
1463 2004 1808 2078 τελεσθείσης

233 2098 338 2170 τῆς
369 2097 554 2169 εὐχῆς,
598 2097 932 2162 ἀσπάζονται
965 2096 1203 2161 ἅπαντες
1232 2097 1324 2150 τὸν
1374 2095 1774 2168 κεκοιμημένον
1796 2113 1810 2126 ·

232 2191 371 2262 ἡδὺς
396 2190 505 2262 γὰρ
534 2190 628 2244 καὶ
663 2187 843 2260 τίμιος
868 2189 897 2242 6
928 2188 1098 2258 ἀγίως
1133 2187 1426 2260 βεϐιωκώς.
1455 2187 1612 2243 Μετὰ
1641 2185 1816 2241 ταῦτα

233 2282 448 2354 ὲπιχέει
474 2281 534 2336 τὸ
575 2282 748 2335 ἔλαιον
776 2283 804 2335 6
844 2281 1104 2352 ῖεράρχης
1135 2280 1214 2352 τῷ
1235 2281 1489 2353 κειμένῳ.
1529 2279 1817 2352 Ἐλέγομεν

231 2371 296 2425 δὲ
328 2374 385 2425 ὲν
409 2371 522 2435 τοῖς
550 2368 788 2441 περὶτοῦ
816 2367 1161 2440 φωτίσματος
1192 2367 1389 2440 λόγοις,
1424 2371 1500 2435 ὡς
1529 2370 1608 2441 τῷ
1653 2370 1816 2442 ἐλαίῳ

233 2461 474 2535 πρώτως
513 2462 726 2534 ἐχρίετο
778 2463 808 2516 6
841 2459 1164 2532 τελούμενος
1196 2461 1325 2534 ’μεθ’
1371 2460 1400 2516 ὃ
1443 2463 1543 2534 τῆς
1589 2460 1816 2533 ἐσθῆτος

237 2553 648 2624 ἆπεγυμνοῦτο·
675 2554 905 2608 ἐνταῦθα
946 2555 1004 2609 ὲν
1045 2553 1124 2626 τῷ
1152 2552 1314 2620 τέλει,
1368 2553 1674 2609 καὶταῦτα
1717 2555 1817 2608 ούκ

237 2647 565 2710 ἀπεικότως.
613 2642 830 2717 Ἐπειδῆ
865 2645 974 2718 γὰρ
1023 2645 1118 2700 καὶ
1158 2648 1206 2700 οί
1242 2648 1322 2710 είς
1366 2645 1584 2715 ἀγῶνας
1623 2633 1814 2720 εὐτρέ-

237 2739 525 2810 πιζόμενοι
559 2740 820 2812 χρίονται,
872 2739 964 2792 καὶ
996 2740 1046 2792 oi
1089 2739 1196 2792 τῶν
1229 2738 1448 2808 ἀγώνων
1481 2741 1816 2811 παυσάμενοι

240 2833 341 2886 καὶ
385 2832 492 2886 τῶν
528 2830 767 2903 ἱδρώτων
815 2829 1245 2904 ἁπολουσάμενοι
1291 2831 1552 2903 χρίονται,
1594 2831 1816 2898 εἰκότως

240 2925 341 2978 καὶ
365 2924 457 2978 ἐπὶ
499 2923 729 2988 τούτοις,
779 2922 958 2976 ἐκεῖσε
988 2922 1086 2993 μὲν
1128 2923 1248 2977 κατ’
1278 2923 1453 2996 ἀρχὰς
1486 2924 1696 2996 ἐχρίετο
1737 2925 1818 2988 είς

237 3017 370 3080 τοὺς
397 3014 610 3084 ἀγῶνας
627 3009 1071 3088 ὑπαλειφόμενος
1090 3053 1105 3079 ,
1144 3014 1376 3069 ἐνταῦθα
1398 3015 1455 3068 δὲ
1478 3015 1535 3070 ὲν
1574 3015 1652 3087 τῷ
1675 3015 1818 3071 τέλει

241 3105 462 3158 πάντων
484 3101 560 3167 ὡς
588 3102 695 3158 τῶν
719 3103 943 3173 ἀγώνων
964 3103 1435 3175 ἁποπαυσάμενος.

1907 625 2021 677 hac
2040 634 2353 692 Operentur,
2384 624 2487 679 nisi
2511 638 2611 694 per
2632 625 2977 684 traditionem
2999 638 3056 686 et
3077 643 3319 691 mutuam
3347 649 3474 692 suc-

1906 714 2210 770 cessionem
2257 725 2312 771 et
2355 714 2887 774 manifestationem?
2930 721 3142 789 Quanto
3192 727 3338 782 enim
3386 743 3474 782 re-

1906 807 2199 862 ‘velaliones
2230 809 2282 862 in
2318 807 2564 878 pluribus
2606 809 3062 880 multiplicantur,
3107 825 3259 872 tanto
3302 818 3475 890 magis

1908 898 2342 954 manifestantur.
2377 899 2592 955 Etenim
2623 915 2836 965 sacram
2863 903 3008 959 illam
3045 903 3139 961 Dei
3173 909 3475 978 profeSsio-

1908 1004 2074 1046 nem:
2109 990 2188 1044 Tu
2233 1008 2305 1047 es.
2342 991 2581 1046 Christus
2629 990 2808 1048 Filius
2862 994 2959 1050 Dei
2998 999 3122 1063 vivi,
3168 1016 3271 1056 non
3296 1017 3330 1057 ε
3380 1019 3473 1060 se-

1909 1085 2163 1156 metipso,
2196 1100 2370 1156 neque
2395 1101 2426 1142 a
2454 1103 2618 1144 carne
2639 1100 2694 1144 et
2723 1091 3004 1160 sanguine,
3039 1093 3133 1148 sed
3162 1092 3272 1149 Deo
3295 1096 3471 1165 ipsum

1909 1175 2013 1230 hoc
2055 1175 2281 1231 docente
2323 1191 2386 1230 ac
2442 1187 2689 1233 movente
2738 1180 3146 1248 pronuntiabat.
3204 1179 3472 1238 Similiter

1912 1270 2096 1338 itaque
2142 1270 2430 1338 pontiﬁces
2455 1270 2841 1327 ecclesiasticis
2883 1268 3247 1342 potestatibus
3271 1275 3349 1331 uti
3379 1277 3478 1333 de-

1910 1364 2062 1420 bent.
2091 1365 2269 1420 Attica
2297 1375 2382 1421 est
2413 1367 2657 1436 syntaxis
2678 1376 2732 1422 et
2755 1375 2965 1423 Vetusta
2992 1372 3352 1440 constructio,
3371 1367 3477 1442 qua

1911 1457 2315 1528 propositiones
2380 1458 2673 1512 accusandi
2741 1461 2958 1516 casibus
3008 1461 3342 1530 efferuntur;
3396 1465 3481 1520 sic

1913 1549 2191 1614 nimirum,
2223 1563 2290 1604 ac
2319 1550 2363 1604 si
2419 1556 2665 1604 moveret
2690 1564 2796 1605 eos‘
2829 1549 3004 1617 Deus;
3043 1554 3257 1609 ceteris
3295 1564 3476 1611 autem

1913 1638 1989 1693 ita
2021 1637 2305 1706 pontiﬁces
2353 1639 2679 1694 observandi
2715 1649 2846 1695 sunt
2882 1640 3033 1710 (nam
3059 1649 3115 1697 et
3152 1642 3254 1698 hoc
3284 1645 3476 1699 eodem

1913 1731 2074 1786 modo
2109 1730 2467 1801 construitur)
2495 1738 2749 1801 tanquam
2780 1731 2873 1803 qui
2910 1748 2939 1786 a
2967 1731 3433 1791 Deo‘moveantur
3462 1753 3477 1790 :

1916 1822 1984 1879 ad
2029 1837 2125 1879 eos
2163 1823 2310 1879 enim
2356 1831 2439 1880 est
2483 1837 2663 1880 sermo
2710 1823 2916 1881 Christi
2958 1823 3219 1882 Domini:
3253 1826 3360 1894 Qui
3392 1843 3484 1885 vos

1912 1916 2128 1986 spernit,
2150 1930 2232 1970 me
2253 1915 2448 1985 spernit
2474 1922 2524 1970 Ρ.

1987 2005 2016 2078 ς
2048 2006 2181 2061 VIII.
2208 2005 2478 2061 Caeterum
2525 2003 2594 2059 ad
2633 2011 2835 2061 textum
2871 2006 3182 2077 redeuntes,
3225 2009 3480 2077 dicimus,

1926 2098 2076 2154 ﬁnita
2109 2098 2449 2168 precatione,
2476 2109 2667 2151 omnes
2687 2095 2998 2152 defunctum
3023 2099 3293 2164 salutare;
3324 2115 3483 2159 acce-

1916 2200 2040 2262 ptus
2074 2190 2217 2246 enim
2245 2198 2300 2244 et
2321 2187 2528 2244 honore
2553 2187 2748 2258 dignus
2776 2195 2859 2243 est
2908 2189 3157 2259 quisqms
3187 2202 3372 2247 sancte
3405 2193 3485 2247 vl-

1919 2283 2018 2338 xit.
2042 2281 2237 2337 Postea
2276 2278 2520 2350 pontifex
2550 2276 2811 2335 defuncto
2843 2278 3021 2334 oleum
3053 2279 3302 2336 aﬂundit.
3334 2280 3485 2338 Dixi-

1917 2388 2040 2428 mus
2073 2382 2251 2429 autem
2287 2365 2340 2428 in
2371 2372 2437 2428 iis
2470 2385 2594 2443 quae
2626 2373 2694 2428 de
2734 2373 3133 2430 illuminatione
3162 2376 3304 2431 dicta
3334 2385 3484 2442 sunt,

1917 2467 2188 2535 quomodo
2217 2464 2513 2520 inltiandus
2540 2463 2773 2533 primum
2802 2464 2924 2520 oleo
2966 2465 3321 2536 inungeretur
3364 2477 3489 2539 post

1915 2558 2145 2615 vestium
2176 2556 2569 2628 depositionem
2593 2571 2610 2622 ;
2637 2556 2717 2611 sic
2738 2565 2792 2611 et
2825 2557 2911 2611 hic
2939 2557 2991 2612 in
3025 2557 3241 2624 ﬁne,'et
3263 2560 3490 2627 quidem

1916 2664 2023 2704 non
2065 2649 2358 2704 immerito.
2396 2647 2530 2703 Cum
2562 2648 2706 2702 enim
2755 2646 2794 2702 ii
2847 2648 2939 2718 qui
2976 2648 3043 2703 ad
3071 2650 3372 2704 certamina
3406 2651 3486 2703 in-

1915 2748 2227 2805 struuntur,
2280 2738 2652 2810 intinguntur;
2702 2737 2784 2792 uti
2847 2750 2904 2792 et
2937 2738 2974 2794 ii
3023 2741 3113 2808 qui
3160 2755 3188 2793 a
3230 2739 3491 2794 certando

1918 2839 2160 2894 cessant,
2203 2837 2256 2885 et
2308 2827 2974 2895 sudores'abstersernnt;
3002 2829 3201 2884 merito
3241 2829 3405 2884 etiam
3437 2829 3490 2882 in

1918 2920 2003 2976 his
2028 2937 2042 2973 :
2067 2919 2141 2975 ibi
2170 2920 2387 2990 quidem
2413 2921 2464 2974 in
2492 2919 2780 2990 principio,
2813 2921 2858 2974 is
2877 2920 2967 2989 qui
2996 2919 3292 2975 certamina
3319 2920 3489 2974 susci-

1919 3012 2020 3082 pit,
2057 3013 2143 3068 hic
2170 3024 2302 3067 vero
2332 3011 2384 3065 in
2418 3011 2523 3065 ﬁne
2565 3011 2827 3077 omnium,
2863 3021 3118 3082 tanquam
3159 3011 3251 3074 qui
3299 3026 3330 3066 a
3371 3025 3491 3066 cer-

1928 3101 2093 3156 tando
2120 3100 2352 3164 desistit,
2384 3099 2682 3170 inungitur.

314 3195 343 3268 ᾗ
372 3194 460 3249 IX.
487 3193 672 3249 Ταῦτα
694 3193 916 3259 τελέσας
941 3195 970 3248 6
997 3193 1277 3267 ἱερὰρχης,
1307 3193 1594 3269 ἀποτίθησι
1627 3196 1817 3268 τιμίως

1997 3189 2025 3262 ς
2058 3186 2149 3246 ΙΧ.
2174 3188 2273 3246 His
2302 3189 2559 3260 peractis,
2594 3189 2836 3260 pontilex
2887 3185 3128 3242 defuncti
3158 3198 3356 3255 corpus
3395 3184 3488 3239 ho-

236 3288 304 3342 τὺ
337 3287 497 3357 σῶμα
524 3286 649 3357 μεθ’
679 3285 880 3358 ἑτέρων
932 3285 1095 3357 ἱερῶν
1130 3285 1417 3356 σωμάτων.
1465 3285 1679 3360 Ἐπειδὴ
1713 3287 1821 3360 γὰρ

239 3383 272 3434 6
299 3378 543 3450 φιλόθεος
567 3377 850 3450 ἄνθρωπος
878 3378 935 3430 ὲν
969 3378 1112 3449 ψυχῇ
1148 3379 1242 3431 καὶ
1292 3375 1502 3448 σώματι
1552 3379 1821 3444 συνεστὼς

239 3472 338 3526 τὸν
358 3471 609 3542 ἐνάρετον
640 3469 752 3541 βίον
777 3467 1142 3532 ἐπολιτεύετο,
1187 3469 1274 3521 ἵνα
1300 3467 1352 3521 τί
1382 3469 1480 3540 τῆς
1520 3468 1695 3540 ψυχῆς
1719 3469 1819 3522 αύ-

246 3561 544 3634 λιζομένης
579 3562 636 3614 ὲν
660 3560 904 3630 ἀγαθοῖς,
936 3559 996 3613 τὸ
1023 3560 1180 3631 σῶμα
1214 3558 1652 3632 παροραθήσεται
1671 3599 1686 3624 ,
1729 3561 1823 3613 καὶ

241 3655 306 3709 οὐ
330 3653 527 3725 τιμίως
555 3652 980 3723 κατατεθήσεται
1009 3669 1022 3716 ;
1056 3653 1167 3705 Καὶ
1208 3651 1317 3723 γὰρ
1355 3651 1450 3704 καὶ
1496 3652 1552 3705 ai
1601 3651 1825 3724 ἀμοιϐαὶ

240 3749 313 3818 τῇ
333 3746 478 3816 ψυχῇ
514 3744 652 3816 μετὰ
680 3742 928 3815 σώματος
954 3742 1290 3814 δοθήσονται,
1317 3741 1428 3796 εἴτε
1451 3742 1560 3796 τῶν
1583 3742 1820 3813 ἀγαθῶν,

243 3837 362 3892 εἴτε
387 3838 496 3890 τῶν
522 3835 727 3899 κακῶν,
758 3834 907 3907 παρὰ
928 3833 1020 3886 τοῦ
1051 3832 1260 3888 δικαίου
1309 3833 1531 3905 Κριτοῦ.
1558 3833 1648 3886 Διὸ
1676 3833 1769 3886 καὶ
1794 3833 1825 3885 6

245 3927 394 4000 ἱερὸς
445 3927 642 3997 θεσμὸς
673 3925 768 3979 καὶ
802 3923 1089 3996 ἀμφότερα
1135 3923 1370 3992 ἁγιάζει,
1406 3925 1506 3996 τήν
1537 3940 1597 3976 τε
1648 3923 1825 3994 ψυχὴν

249 4021 351 4074 καὶ
382 4018 443 4072 τὸ
473 4019 656 4088 σῶμα’
690 4017 790 4088 τὴν
832 4015 1010 4086 ψυχὴν
1047 4016 1166 4086 μὲν,
1214 4015 1274 4068 έν
1309 4017 1526 4086 νοηταῖς
1571 4013 1825 4088 θεωρίαις

244 4110 345 4167 καὶ
378 4111 656 4182 ἐπιστήμῃ
688 4107 796 4162 τῶν
831 4107 1168 4179 τελουμένων
1192 4124 1205 4137 ·
1235 4107 1296 4160 τὸ
1323 4107 1482 4178 σῶμα
1513 4107 1570 4162 δὲ
1594 4107 1671 4178 τῷ
1698 4106 1826 4178 θείῳ

249 4201 430 4274 μύρῳ.
479 4201 601 4253 Ἔτι
633 4199 688 4253 δὲ
745 4200 840 4252 καὶ
881 4201 992 4262 τοῖς
1035 4199 1358 4267 ἁγιωτάτοις
1406 4198 1690 4270 συμϐόλοις
1725 4197 1826 4267 τῆς

247 4294 402 4357 θείας
432 4291 785 4363 μεταλήψεως
808 4290 1046 4359 ἁγιάζων
1069 4289 1243 4342 πάντα
1272 4289 1364 4343 τὸν
1396 4289 1698 4360 ἄνθρωπον,
1733 4289 1828 4342 καὶ

245 4389 349 4459 τὴν
373 4386 556 4457 όλικὴν
585 4385 772 4451 αὐτοῦ,
799 4384 966 4455 ἤγουν
999 4384 1094 4437 καὶ
1135 4384 1234 4455 τὴν
1280 4383 1378 4454 τῆς
1404 4381 1583 4455 ψυχῆς
1610 4383 1704 4435 καὶ
1727 4382 1827 4452 τὴν

247 4475 346 4530 τοῦ
380 4475 628 4546 σώματος
661 4476 930 4548 σωτηρίαν
977 4474 1292 4548 ίερουργῶν,
1318 4471 1434 4526 ’καὶ
1487 4473 1647 4528 πάλιν
1687 4473 1829 4527 οὕτω

247 4566 593 4638 τελειοτάτην
633 4565 961 4635 διαγγέλλων
991 4565 1087 4619 καὶ
1108 4566 1207 4636 τὴν
1233 4563 1546 4618 ἀνάστασιν.

325 4735 444 4808 ςΧ.
469 4736 579 4801 Τὰς
605 4737 777 4808 δὲτῆς
800 4735 1127 4809 χειροτονίας
1154 4738 1317 4809 εύχὰς
1341 4739 1402 4792 ού
1429 4737 1644 4811 θεμιτὸν
1664 4740 1826 4811 ἀφερ-

252 4829 535 4902 μηνεύειν,
576 4831 742 4900 ἤγουν
772 4831 889 4901 μεθ’
920 4831 1213 4902 ἑρμηνείας
1243 4833 1601 4903 δημοσιεύειν,
1637 4851 1825 4904 μυστι-

251 4921 360 4984 κάς
381 4919 544 4982 οὔσας
573 4919 665 4972 καὶ
709 4921 1085 4992 ἀπορρήτουςο
1117 4922 1176 4974 ού
1214 4923 1319 4993 χρὴ
1351 4923 1407 4976 δὲ
1440 4924 1653 4992 ἐξάγειν
1691 4924 1825 4996 πρὸς

250 5013 318 5067 τὸ
363 5013 540 5066 κοινὸν
580 5013 678 5076 τὰς
708 5013 772 5066 ὲκ
799 5012 906 5066 τῶν
935 5011 1107 5082 εύχῶν
1133 5013 1472 5085 δωρουμένας
1499 5018 1610 5080 τοῖς
1639 5015 1823 5068 τελου-

256 5105 443 5177 μένοις
486 5105 743 5174 δυνὰμεις
788 5104 882 5158 τοῦ
921 5104 1253 5178 Πνεύματος.
1298 5105 1456 5159 Ἀλλὰ
1493 5108 1579 5169 σὺ,
1621 5106 1827 5170 ταύτας

253 5195 402 5251 κατὰ
454 5195 551 5266 τὴν
595 5196 746 5250 θείαν
782 5196 1078 5266 παράδοσιν
1131 5197 1403 5266 μυστικῶς
1452 5197 1703 5268 ἐκμαθὼν
1736 5199 1831 5251 καὶ

255 5287 400 5361 πρὸς
448 5288 723 5359 θειοτέραν
753 5287 1004 5358 ἀναχθεὶς
1051 5287 1181 5352 ἕξιν,
1214 5287 1438 5357 φθάσεις
1467 5289 1562 5342 καὶ
1595 5289 1692 5360 τὴν
1719 5287 1830 5356 τῶν

252 5379 514 5435 τοιούτων
555 5381 860 5452 ἐπιστήμην
896 5380 1000 5433 ὑπὸ
1016 5380 1138 5451 ττῆς
1169 5380 1481 5451 ίεραρχικῆς
1516 5380 1831 5451 ὲλλάμψεως

256 5473 420 5545 (αὕτη
466 5473 573 5543 γάρ
623 5476 768 5526 ἐστιν
805 5475 838 5544 ἡ
899 5472 1090 5527 πασῶν
1127 5471 1235 5525 τῶν
1277 5471 1507 5525 τελετῶν
1549 5465 1829 5544 ἄρχουσα)

252 5564 452 5634 όδηγού
461 5581 635 5635 μενος.
1223 5609 1226 5612 .

332 5657 360 5731 ᾗ
389 5659 480 5712 XI.
514 5656 788 5712 Ἐντεῦθεν
811 5658 933 5730 ὅρα,
953 5657 1006 5711 τί
1033 5673 1195 5729 φησιν
1216 5658 1244 5711 6
1269 5657 1456 5728 Πατὴρ
1487 5665 1612 5729 περὶ
1636 5655 1728 5735 τοῦ
1759 5654 1828 5709 τὰ

336 5844 356 5883 ι
382 5833 512 5888 Luc.
540 5849 593 5899 ι,
629 5833 712 5886 16.

1853 4614 1903 4674 D

1921 3291 2080 3339 nesto
2117 3279 2239 3336 loco
2293 3281 2539 3336 recondit
2579 3295 2702 3335 cum
2752 3279 2872 3334 aliis
2921 3275 3245 3346 corporibus
3297 3274 3488 3332 sacris.

1922 3374 2056 3432 Cum
2086 3374 2229 3430 enim
2278 3373 2323 3428 is
2352 3373 2444 3442 qui
2501 3371 2788 3426 defunctus
2841 3377 2946 3433 est,
2979 3368 3158 3422 anima
3212 3367 3380 3423 simul
3434 3376 3490 3423 et

1921 3482 2147 3538 corpore
2173 3474 2449 3530 constans,
2478 3473 2721 3520 sanctam
2760 3463 2926 3517 vitam
2954 3462 3147 3533 egerit,
3181 3477 3285 3518 cur
3307 3460 3488 3517 anima

1923 3561 1978 3615 in
2027 3560 2184 3615 bonis
2236 3564 2614 3613 commorante
2643 3568 2839 3625 corpus
2885 3555 3272 3624 negligerctur,
3301 3561 3355 3607 et
3383 3566 3490 3608 non

1923 3655 2149 3710 honeste
2173 3650 2566 3722 deponeretur?
2597 3649 2810 3705 Etenim
2857 3663 2885 3701 a
2914 3636 3064 3717 justo
3087 3646 3272 3714 judice
3305 3647 3494 3702 condi-

1925 3759 2027 3817 gna
2059 3743 2354 3800 retributio
2384 3743 2580 3796 anima:
2613 3755 2744 3817 una,
2769 3754 2891 3794 cum
2927 3751 3156 3806 corpore
3184 3736 3488 3796 donabitur.

1924 3839 2040 3894 sive
2068 3839 2334 3893 bonorum
2377 3836 2494 3890 sive
2549 3834 2845 3890 malorum.
2883 3829 3090 3885 Idcirco
3122 3827 3287 3883 etiam
3335 3843 3492 3883 sacra

1925 3928 2009 3984 lex
2042 3937 2270 3997 utraque
2296 3926 2625 3992 sanctiﬁcat,
2657 3935 2766 3979 tam
2798 3936 2996 3990 corpus
3025 3933 3185 3990 quam
3217 3918 3490 3973 animam:

1925 4021 2161 4074 animam
2214 4017 2376 4089 281
2407 4017 2621 4086 quidem
2645 4056 2662 4082 ,
2707 4015 2760 4069 in
2794 4012 3127 4083 spiritalibus
3163 4010 3496 4078 contempla-

1927 4112 2166 4168 tionibus
2231 4122 2394 4181 atque
2437 4111 2666 4165 scientia
2716 4122 2901 4162 eorum
2947 4120 3065 4174 qua:
3111 4103 3491 4169 celebrantur;

1927 4216 2121 4271 corpus
2151 4214 2300 4264 vero,
2327 4201 2508 4255 divino
2537 4206 2830 4268 unguento.
2860 4197 2999 4263 Quin
3051 4205 3106 4250 et
3134 4193 3495 4249 sanctissimis

1929 4291 2190 4363 symbolis
2244 4292 2438 4346 divinae
2493 4288 2931 4360 participationis
2981 4297 3150 4341 totum
3217 4283 3492 4340 hominem

1929 4383 2254 4448 sanctiﬁcat,
2305 4392 2467 4451 atque
2497 4381 2715 4435 totalem
2763 4379 2900 4446 eius,
2934 4377 3127 4431 animae
3183 4374 3393 4430 scilicet
3438 4381 3496 4425 et

1928 4475 2193 4546 corporis,
2222 4473 2450 4529 salutem
2479 4480 2758 4542 operatur,
2787 4485 2890 4526 nec
2922 4487 3026 4525 non
3055 4472 3158 4524 hoc
3183 4469 3341 4524 modo
3371 4479 3496 4537 per-

1932 4567 2279 4622 lectissimam
2341 4566 2421 4621 illi
2487 4583 2700 4637 quoque
2764 4566 3217 4622 resurrectionem
3277 4573 3493 4616 annun-

1932 4660 2049 4713 tiat.

2007 4749 2131 4821 μ.
2177 4748 2540 4804 Invocationes
2590 4764 2749 4816 porro
2791 4745 3152 4803 ordinationis
3207 4745 3363 4799 nefas
3406 4750 3494 4796 est

1934 4841 2304 4910 interpretari,
2347 4856 2440 4896 seu
2492 4841 2813 4910 explicando
2863 4841 3161 4910 publicare,
3213 4852 3334 4890 cum
3380 4848 3494 4906 my-

1932 4933 2084 4987 stica:
2130 4932 2238 4986 sint
2281 4943 2336 4985 et
2363 4947 2607 4995 arcanas;
2651 4947 2755 4984 non
2789 4940 3002 5000 oportet
3029 4939 3209 4983 autem
3241 4931 3295 4981 in
3341 4942 3493 4980 com-

1936 5038 2097 5078 mune
2127 5022 2320 5078 cﬁ‘erre
2343 5024 2569 5077 virtutes
2597 5022 2833 5089 Spiritus
2868 5021 3065 5083 sancti,
3095 5037 3214 5091 quae
3235 5035 3332 5089 per
3373 5034 3497 5088 pre-

1932 5130 2022 5169 ces
2053 5115 2281 5169 initiatis
2324 5115 2695 5169 conferuntur.
2729 5115 2832 5169 Sed
2879 5123 2956 5177 tu,
2985 5113 3074 5166 tibi
3099 5111 3368 5180 easjuxta
3411 5109 3496 5162 di-

1932 5208 2117 5259 vinam
2147 5207 2490 5260 traditionem
2519 5206 2746 5276 mystice
2773 5204 3044 5268 hauseris,
3068 5212 3125 5257 et
3159 5204 3227 5258 ad
3267 5199 3496 5254 divinio-

1933 5313 2050 5352 rem
2077 5297 2318 5352 habitum
2345 5298 2622 5351 traductus
2645 5297 2833 5360 fueris,
2859 5309 3048 5350 earum
3075 5307 3288 5362 quoque
3316 5291 3496 5345 scien-

1934 5391 2065 5444 tiam
2125 5389 2471 5444 bierarchica
2536 5389 2895 5443 illustratione
2951 5386 3320 5454 consequeris,
3383 5385 3496 5437 hac

1936 5478 2079 5534 enim
2107 5487 2188 5533 est
2216 5479 2456 5534 omnium
2489 5479 2875 5548 mysteriorum
2903 5477 3154 5547 princeps
3175 5490 3240 5529 ac
3257 5475 3388 5528 dux.

2010 5654 2159 5728 5X1.
2211 5657 2505 5714 Considera
2561 5659 2728 5714 etiam
2771 5657 2860 5714 hic
2911 5656 3038 5726 quid
3081 5654 3226 5710 dicat
3276 5659 3496 5708 sanctus
