  <div class='ocr_page' id='page_1' title='image "/cluster/home/n/w/nwhite01/storage/ocr_20150623/3/pst.000003853313/303.png"; bbox 0 0 4178 6312; ppageno 0'>
   <div class='ocr_carea' id='block_1_1' title="bbox 791 373 894 430">
    <p class='ocr_par' dir='ltr' id='par_1_1' title="bbox 791 373 894 430">
     <span class='ocr_line' id='line_1_1' title="bbox 791 373 894 430; baseline -0.029 0"><span class='ocrx_word' id='word_1_1' title='bbox 791 373 894 430; x_wconf 79' lang='lat'><strong>587</strong></span> 
     </span>
    </p>
   </div>
   <div class='ocr_carea' id='block_1_2' title="bbox 1943 366 2837 428">
    <p class='ocr_par' dir='ltr' id='par_1_2' title="bbox 1943 366 2837 428">
     <span class='ocr_line' id='line_1_2' title="bbox 1943 366 2837 428; baseline -0.002 -4"><span class='ocrx_word' id='word_1_2' title='bbox 1943 369 1999 424; x_wconf 86' lang='lat' dir='ltr'><strong>S.</strong></span> <span class='ocrx_word' id='word_1_3' title='bbox 2036 367 2338 428; x_wconf 69' lang='lat' dir='ltr'><strong>DIONYSH</strong></span> <span class='ocrx_word' id='word_1_4' title='bbox 2374 366 2837 426; x_wconf 68' lang='lat' dir='ltr'><strong>AREOPAGlTrE</strong></span> 
     </span>
    </p>
   </div>
   <div class='ocr_carea' id='block_1_3' title="bbox 3933 369 4038 426">
    <p class='ocr_par' dir='ltr' id='par_1_3' title="bbox 3933 369 4038 426">
     <span class='ocr_line' id='line_1_3' title="bbox 3933 369 4038 426; baseline 0 -4"><span class='ocrx_word' id='word_1_5' title='bbox 3933 369 4038 426; x_wconf 79' lang='lat'><strong>588</strong></span> 
     </span>
    </p>
   </div>
   <div class='ocr_carea' id='block_1_4' title="bbox 789 479 2348 554">
    <p class='ocr_par' dir='ltr' id='par_1_4' title="bbox 789 480 2348 551">
     <span class='ocr_line' id='line_1_4' title="bbox 789 480 2348 551; baseline 0 -12"><span class='ocrx_word' id='word_1_6' title='bbox 789 487 900 540; x_wconf 72' lang='lat' dir='ltr'><strong>vim</strong></span> <span class='ocrx_word' id='word_1_7' title='bbox 928 496 1143 538; x_wconf 87' lang='lat' dir='ltr'><strong>omnem</strong></span> <span class='ocrx_word' id='word_1_8' title='bbox 1173 496 1237 537; x_wconf 86' lang='lat' dir='ltr'><strong>ac</strong></span> <span class='ocrx_word' id='word_1_9' title='bbox 1271 480 1573 551; x_wconf 75' lang='lat' dir='ltr'><strong>potentiam</strong></span> <span class='ocrx_word' id='word_1_10' title='bbox 1609 488 1807 534; x_wconf 79' lang='lat' dir='ltr'><strong>nostrae</strong></span> <span class='ocrx_word' id='word_1_11' title='bbox 1838 490 1929 535; x_wconf 88' lang='lat' dir='ltr'><strong>aut</strong></span> <span class='ocrx_word' id='word_1_12' title='bbox 1978 485 2348 540; x_wconf 88' lang='lat' dir='ltr'><strong>ratiocinatio-</strong></span> 
     </span>
    </p>
   </div>
   <div class='ocr_carea' id='block_1_5' title="bbox 2449 479 4035 554">
    <p class='ocr_par' dir='ltr' id='par_1_5' title="bbox 2459 479 4035 554">
     <span class='ocr_line' id='line_1_5' title="bbox 2459 479 4035 554; baseline 0.002 -19"><span class='ocrx_word' id='word_1_13' title='bbox 2459 482 2580 536; x_wconf 82' lang='grc' dir='ltr'>καθ’</span> <span class='ocrx_word' id='word_1_14' title='bbox 2607 483 2750 552; x_wconf 75' lang='grc' dir='ltr'>ἡμᾶς</span> <span class='ocrx_word' id='word_1_15' title='bbox 2786 479 3010 550; x_wconf 67' lang='grc' dir='ltr'>λογικῆς</span> <span class='ocrx_word' id='word_1_16' title='bbox 3053 480 3144 533; x_wconf 76' lang='grc' dir='ltr'>καὶ</span> <span class='ocrx_word' id='word_1_17' title='bbox 3187 481 3376 552; x_wconf 73' lang='grc' dir='ltr'>νοερᾶς</span> <span class='ocrx_word' id='word_1_18' title='bbox 3415 480 3695 551; x_wconf 86' lang='grc' dir='ltr'>δυνάμεως</span> <span class='ocrx_word' id='word_1_19' title='bbox 3739 482 3834 537; x_wconf 70' lang='grc' dir='ltr'><strong>καὶ</strong></span> <span class='ocrx_word' id='word_1_20' title='bbox 3878 483 4035 554; x_wconf 70' lang='grc' dir='ltr'>ἐνερ-</span> 
     </span>
    </p>
   </div>
   <div class='ocr_carea' id='block_1_6' title="bbox 791 571 2356 644">
    <p class='ocr_par' dir='ltr' id='par_1_6' title="bbox 791 571 2356 644">
     <span class='ocr_line' id='line_1_6' title="bbox 791 571 2356 644; baseline -0.002 -12"><span class='ocrx_word' id='word_1_21' title='bbox 791 577 876 632; x_wconf 88' lang='lat' dir='ltr'><strong>nis</strong></span> <span class='ocrx_word' id='word_1_22' title='bbox 904 587 998 630; x_wconf 90' lang='lat' dir='ltr'><strong>aut</strong></span> <span class='ocrx_word' id='word_1_23' title='bbox 1027 573 1412 630; x_wconf 89' lang='lat' dir='ltr'><strong>intellectionis</strong></span> <span class='ocrx_word' id='word_1_24' title='bbox 1457 573 1695 628; x_wconf 82' lang='lat' dir='ltr'><strong>excedit.</strong></span> <span class='ocrx_word' id='word_1_25' title='bbox 1728 571 1994 629; x_wconf 83' lang='lat' dir='ltr'><strong>Universe</strong></span> <span class='ocrx_word' id='word_1_26' title='bbox 2046 575 2211 644; x_wconf 79' lang='lat' dir='ltr'><strong>igitur</strong></span> <span class='ocrx_word' id='word_1_27' title='bbox 2254 592 2356 630; x_wconf 73' lang='grc' dir='ltr'>ου-</span> 
     </span>
    </p>
   </div>
   <div class='ocr_carea' id='block_1_7' title="bbox 791 664 2354 737">
    <p class='ocr_par' dir='ltr' id='par_1_7' title="bbox 791 664 2354 737">
     <span class='ocr_line' id='line_1_7' title="bbox 791 664 2354 737; baseline -0.001 -14"><span class='ocrx_word' id='word_1_28' title='bbox 791 670 1024 723; x_wconf 89' lang='lat' dir='ltr'><strong>dendum</strong></span> <span class='ocrx_word' id='word_1_29' title='bbox 1054 681 1156 721; x_wconf 89' lang='lat' dir='ltr'><strong>non</strong></span> <span class='ocrx_word' id='word_1_30' title='bbox 1187 675 1291 729; x_wconf 91' lang='lat' dir='ltr'><strong>est,</strong></span> <span class='ocrx_word' id='word_1_31' title='bbox 1321 679 1496 734; x_wconf 90' lang='lat' dir='ltr'><strong>neque</strong></span> <span class='ocrx_word' id='word_1_32' title='bbox 1519 664 1911 735; x_wconf 76' lang='lat' dir='ltr'><strong>dicere,neque</strong></span> <span class='ocrx_word' id='word_1_33' title='bbox 1933 668 2173 737; x_wconf 81' lang='lat' dir='ltr'><strong>cogitare</strong></span> <span class='ocrx_word' id='word_1_34' title='bbox 2198 669 2354 737; x_wconf 88' lang='lat' dir='ltr'><strong>quid-</strong></span> 
     </span>
    </p>
   </div>
   <div class='ocr_carea' id='block_1_8' title="bbox 790 754 2357 827">
    <p class='ocr_par' dir='ltr' id='par_1_8' title="bbox 790 754 2357 827">
     <span class='ocr_line' id='line_1_8' title="bbox 790 754 2357 827; baseline 0.001 -17"><span class='ocrx_word' id='word_1_35' title='bbox 790 773 952 827; x_wconf 97' lang='lat' dir='ltr'><strong>quam</strong></span> <span class='ocrx_word' id='word_1_36' title='bbox 983 757 1048 811; x_wconf 90' lang='lat' dir='ltr'><strong>de</strong></span> <span class='ocrx_word' id='word_1_37' title='bbox 1074 754 1585 825; x_wconf 87' lang='lat' dir='ltr'><strong>supersuhstantiali</strong></span> <span class='ocrx_word' id='word_1_38' title='bbox 1619 763 1671 809; x_wconf 90' lang='lat' dir='ltr'><strong>et</strong></span> <span class='ocrx_word' id='word_1_39' title='bbox 1701 755 1880 808; x_wconf 85' lang='lat' dir='ltr'><strong>abdita</strong></span> <span class='ocrx_word' id='word_1_40' title='bbox 1912 756 2134 821; x_wconf 86' lang='lat' dir='ltr'><strong>deitate,</strong></span> <span class='ocrx_word' id='word_1_41' title='bbox 2163 770 2357 826; x_wconf 77' lang='lat' dir='ltr'><strong>praeter</strong></span> 
     </span>
    </p>
   </div>
   <div class='ocr_carea' id='block_1_9' title="bbox 787 839 2359 919">
    <p class='ocr_par' dir='ltr' id='par_1_9' title="bbox 787 839 2359 919">
     <span class='ocr_line' id='line_1_9' title="bbox 787 839 2359 919; baseline 0 -16"><span class='ocrx_word' id='word_1_42' title='bbox 787 864 852 903; x_wconf 92' lang='lat' dir='ltr'><strong>ea</strong></span> <span class='ocrx_word' id='word_1_43' title='bbox 884 864 1005 919; x_wconf 84' lang='lat' dir='ltr'><strong>quae</strong></span> <span class='ocrx_word' id='word_1_44' title='bbox 1056 848 1213 903; x_wconf 88' lang='lat' dir='ltr'><strong>nobis</strong></span> <span class='ocrx_word' id='word_1_45' title='bbox 1260 849 1312 902; x_wconf 94' lang='lat' dir='ltr'><strong>in</strong></span> <span class='ocrx_word' id='word_1_46' title='bbox 1346 847 1518 903; x_wconf 89' lang='lat' dir='ltr'><strong>sacris</strong></span> <span class='ocrx_word' id='word_1_47' title='bbox 1541 839 1774 901; x_wconf 78' lang='lat' dir='ltr'><strong>oraculis</strong></span> <span class='ocrx_word' id='word_1_48' title='bbox 1799 857 1924 901; x_wconf 90' lang='lat' dir='ltr'><strong>sunt</strong></span> <span class='ocrx_word' id='word_1_49' title='bbox 1958 849 2192 903; x_wconf 81' lang='lat' dir='ltr'><strong>iudicata</strong></span> <span class='ocrx_word' id='word_1_50' title='bbox 2221 849 2359 903; x_wconf 84' lang='lat' dir='ltr'><strong>divi—</strong></span> 
     </span>
    </p>
   </div>
   <div class='ocr_carea' id='block_1_10' title="bbox 779 939 2357 1010">
    <p class='ocr_par' dir='ltr' id='par_1_10' title="bbox 779 939 2357 1010">
     <span class='ocr_line' id='line_1_10' title="bbox 779 939 2357 1010; baseline -0.001 -15"><span class='ocrx_word' id='word_1_51' title='bbox 779 942 956 995; x_wconf 89' lang='lat' dir='ltr'><strong>&#39;nitus.</strong></span> <span class='ocrx_word' id='word_1_52' title='bbox 987 939 1121 994; x_wconf 81' lang='lat' dir='ltr'><strong>Nam</strong></span> <span class='ocrx_word' id='word_1_53' title='bbox 1167 939 1699 1010; x_wconf 84' lang='lat' dir='ltr'><strong>supernaturalitatis</strong></span> <span class='ocrx_word' id='word_1_54' title='bbox 1734 940 1900 1009; x_wconf 85' lang='lat' dir='ltr'><strong>ipsius</strong></span> <span class='ocrx_word' id='word_1_55' title='bbox 1959 941 2357 996; x_wconf 86' lang='lat' dir='ltr'><strong>indemonstra-</strong></span> 
     </span>
    </p>
   </div>
   <div class='ocr_carea' id='block_1_11' title="bbox 787 1033 2353 1102">
    <p class='ocr_par' dir='ltr' id='par_1_11' title="bbox 787 1033 2353 1102">
     <span class='ocr_line' id='line_1_11' title="bbox 787 1033 2353 1102; baseline -0.002 -14"><span class='ocrx_word' id='word_1_56' title='bbox 787 1034 994 1098; x_wconf 85' lang='lat' dir='ltr'><strong>bilitas,</strong></span> <span class='ocrx_word' id='word_1_57' title='bbox 1028 1046 1147 1102; x_wconf 78' lang='lat' dir='ltr'><strong>quze</strong></span> <span class='ocrx_word' id='word_1_58' title='bbox 1201 1047 1365 1101; x_wconf 85' lang='lat' dir='ltr'><strong>supra</strong></span> <span class='ocrx_word' id='word_1_59' title='bbox 1425 1046 1644 1086; x_wconf 90' lang='lat' dir='ltr'><strong>omnem</strong></span> <span class='ocrx_word' id='word_1_60' title='bbox 1688 1033 1974 1094; x_wconf 84' lang='lat' dir='ltr'><strong>rationem.</strong></span> <span class='ocrx_word' id='word_1_61' title='bbox 2005 1043 2060 1087; x_wconf 91' lang='lat' dir='ltr'><strong>et</strong></span> <span class='ocrx_word' id='word_1_62' title='bbox 2097 1045 2353 1099; x_wconf 84' lang='lat' dir='ltr'><strong>mentem,</strong></span> 
     </span>
    </p>
   </div>
   <div class='ocr_carea' id='block_1_12' title="bbox 784 1125 2356 1196">
    <p class='ocr_par' dir='ltr' id='par_1_12' title="bbox 784 1125 2356 1196">
     <span class='ocr_line' id='line_1_12' title="bbox 784 1125 2356 1196; baseline -0.002 -15"><span class='ocrx_word' id='word_1_63' title='bbox 784 1137 842 1181; x_wconf 91' lang='lat' dir='ltr'><strong>ct</strong></span> <span class='ocrx_word' id='word_1_64' title='bbox 872 1127 1165 1181; x_wconf 78' lang='lat' dir='ltr'><strong>essentiam</strong></span> <span class='ocrx_word' id='word_1_65' title='bbox 1193 1133 1300 1188; x_wconf 89' lang='lat' dir='ltr'><strong>est,</strong></span> <span class='ocrx_word' id='word_1_66' title='bbox 1321 1125 1437 1194; x_wconf 85' lang='lat' dir='ltr'><strong>ipsa</strong></span> <span class='ocrx_word' id='word_1_67' title='bbox 1462 1135 1545 1179; x_wconf 90' lang='lat' dir='ltr'><strong>est</strong></span> <span class='ocrx_word' id='word_1_68' title='bbox 1567 1125 1652 1180; x_wconf 92' lang='lat' dir='ltr'><strong>cui</strong></span> <span class='ocrx_word' id='word_1_69' title='bbox 1678 1127 2150 1196; x_wconf 88' lang='lat' dir='ltr'><strong>supernaturalem</strong></span> <span class='ocrx_word' id='word_1_70' title='bbox 2181 1128 2356 1181; x_wconf 85' lang='lat' dir='ltr'><strong>scicn-</strong></span> 
     </span>
    </p>
   </div>
   <div class='ocr_carea' id='block_1_13' title="bbox 786 1218 2354 1286">
    <p class='ocr_par' dir='ltr' id='par_1_13' title="bbox 786 1218 2354 1286">
     <span class='ocr_line' id='line_1_13' title="bbox 786 1218 2354 1286; baseline -0.001 -14"><span class='ocrx_word' id='word_1_71' title='bbox 786 1219 914 1272; x_wconf 91' lang='lat' dir='ltr'><strong>tiam</strong></span> <span class='ocrx_word' id='word_1_72' title='bbox 945 1218 1183 1272; x_wconf 89' lang='lat' dir='ltr'><strong>tribuere</strong></span> <span class='ocrx_word' id='word_1_73' title='bbox 1213 1231 1315 1272; x_wconf 85' lang='lat' dir='ltr'><strong>nos</strong></span> <span class='ocrx_word' id='word_1_74' title='bbox 1357 1225 1608 1286; x_wconf 89' lang='lat' dir='ltr'><strong>oportet;</strong></span> <span class='ocrx_word' id='word_1_75' title='bbox 1645 1226 1856 1271; x_wconf 89' lang='lat' dir='ltr'><strong>tantum</strong></span> <span class='ocrx_word' id='word_1_76' title='bbox 1902 1219 1968 1272; x_wconf 89' lang='lat' dir='ltr'><strong>ad</strong></span> <span class='ocrx_word' id='word_1_77' title='bbox 2015 1219 2354 1272; x_wconf 81' lang='lat' dir='ltr'><strong>inaccessum</strong></span> 
     </span>
    </p>
   </div>
   <div class='ocr_carea' id='block_1_14' title="bbox 785 1308 2356 1378">
    <p class='ocr_par' dir='ltr' id='par_1_14' title="bbox 785 1308 2356 1378">
     <span class='ocr_line' id='line_1_14' title="bbox 785 1308 2356 1378; baseline -0.001 -14"><span class='ocrx_word' id='word_1_78' title='bbox 785 1308 916 1364; x_wconf 90' lang='lat' dir='ltr'><strong>illud</strong></span> <span class='ocrx_word' id='word_1_79' title='bbox 975 1309 1159 1362; x_wconf 85' lang='lat' dir='ltr'><strong>lumen</strong></span> <span class='ocrx_word' id='word_1_80' title='bbox 1216 1309 1532 1378; x_wconf 89' lang='lat' dir='ltr'><strong>aspirando,</strong></span> <span class='ocrx_word' id='word_1_81' title='bbox 1566 1319 1828 1376; x_wconf 89' lang='lat' dir='ltr'><strong>quantum</strong></span> <span class='ocrx_word' id='word_1_82' title='bbox 1884 1325 1943 1364; x_wconf 86' lang='lat' dir='ltr'><strong>se</strong></span> <span class='ocrx_word' id='word_1_83' title='bbox 1998 1309 2356 1364; x_wconf 86' lang='lat' dir='ltr'><strong>insinuaverit</strong></span> 
     </span>
    </p>
   </div>
   <div class='ocr_carea' id='block_1_15' title="bbox 783 1397 2355 1475">
    <p class='ocr_par' dir='ltr' id='par_1_15' title="bbox 783 1397 2355 1475">
     <span class='ocr_line' id='line_1_15' title="bbox 783 1397 2355 1475; baseline 0.001 -17"><span class='ocrx_word' id='word_1_84' title='bbox 783 1404 1095 1458; x_wconf 78' lang='lat' dir='ltr'><strong>divinorum</strong></span> <span class='ocrx_word' id='word_1_85' title='bbox 1132 1403 1222 1458; x_wconf 92' lang='lat' dir='ltr'><strong>ille</strong></span> <span class='ocrx_word' id='word_1_86' title='bbox 1269 1403 1456 1458; x_wconf 84' lang='lat' dir='ltr'><strong>radius</strong></span> <span class='ocrx_word' id='word_1_87' title='bbox 1492 1397 1864 1471; x_wconf 80' lang='lat' dir='ltr'><strong>oraculorum,</strong></span> <span class='ocrx_word' id='word_1_88' title='bbox 1899 1421 2006 1475; x_wconf 89' lang='lat' dir='ltr'><strong>quo</strong></span> <span class='ocrx_word' id='word_1_89' title='bbox 2034 1407 2355 1460; x_wconf 80' lang='lat' dir='ltr'><strong>eminentio-</strong></span> 
     </span>
    </p>
   </div>
   <div class='ocr_carea' id='block_1_16' title="bbox 782 1496 2352 1566">
    <p class='ocr_par' dir='ltr' id='par_1_16' title="bbox 782 1496 2352 1566">
     <span class='ocr_line' id='line_1_16' title="bbox 782 1496 2352 1566; baseline -0.001 -16"><span class='ocrx_word' id='word_1_90' title='bbox 782 1497 935 1551; x_wconf 85' lang='lat' dir='ltr'><strong>ribus</strong></span> <span class='ocrx_word' id='word_1_91' title='bbox 965 1497 1084 1551; x_wconf 91' lang='lat' dir='ltr'><strong>istis</strong></span> <span class='ocrx_word' id='word_1_92' title='bbox 1133 1511 1316 1551; x_wconf 88' lang='lat' dir='ltr'><strong>rerum</strong></span> <span class='ocrx_word' id='word_1_93' title='bbox 1355 1496 1662 1550; x_wconf 89' lang='lat' dir='ltr'><strong>divinarum</strong></span> <span class='ocrx_word' id='word_1_94' title='bbox 1712 1497 2095 1566; x_wconf 77' lang='lat' dir='ltr'><strong>splendOrihus</strong></span> <span class='ocrx_word' id='word_1_95' title='bbox 2142 1497 2352 1550; x_wconf 83' lang='lat' dir='ltr'><strong>sobrie-</strong></span> 
     </span>
    </p>
   </div>
   <div class='ocr_carea' id='block_1_17' title="bbox 782 1585 2351 1656">
    <p class='ocr_par' dir='ltr' id='par_1_17' title="bbox 782 1585 2351 1656">
     <span class='ocr_line' id='line_1_17' title="bbox 782 1585 2351 1656; baseline 0 -17"><span class='ocrx_word' id='word_1_96' title='bbox 782 1594 896 1640; x_wconf 92' lang='lat' dir='ltr'><strong>tate</strong></span> <span class='ocrx_word' id='word_1_97' title='bbox 927 1586 1164 1654; x_wconf 87' lang='lat' dir='ltr'><strong>quadam</strong></span> <span class='ocrx_word' id='word_1_98' title='bbox 1188 1600 1253 1640; x_wconf 89' lang='lat' dir='ltr'><strong>ac</strong></span> <span class='ocrx_word' id='word_1_99' title='bbox 1279 1585 1573 1640; x_wconf 76' lang='lat' dir='ltr'><strong>sanctitate</strong></span> <span class='ocrx_word' id='word_1_100' title='bbox 1603 1595 2103 1656; x_wconf 86' lang='lat' dir='ltr'><strong>contemperamur.</strong></span> <span class='ocrx_word' id='word_1_101' title='bbox 2140 1587 2351 1640; x_wconf 84' lang='lat' dir='ltr'><strong>Etenim</strong></span> 
     </span>
    </p>
   </div>
   <div class='ocr_carea' id='block_1_18' title="bbox 781 1677 2355 1748">
    <p class='ocr_par' dir='ltr' id='par_1_18' title="bbox 781 1677 2355 1748">
     <span class='ocr_line' id='line_1_18' title="bbox 781 1677 2355 1748; baseline 0 -16"><span class='ocrx_word' id='word_1_102' title='bbox 781 1680 826 1733; x_wconf 84' lang='lat' dir='ltr'><strong>si</strong></span> <span class='ocrx_word' id='word_1_103' title='bbox 860 1678 990 1748; x_wconf 91' lang='lat' dir='ltr'><strong>quid</strong></span> <span class='ocrx_word' id='word_1_104' title='bbox 1021 1678 1447 1748; x_wconf 69' lang='lat' dir='ltr'><strong>sapientissimaa</strong></span> <span class='ocrx_word' id='word_1_105' title='bbox 1473 1677 1880 1747; x_wconf 77' lang='lat' dir='ltr'><strong>verissiuunque</strong></span> <span class='ocrx_word' id='word_1_106' title='bbox 1915 1678 2196 1747; x_wconf 49' lang='lat' dir='ltr'><strong>theologi-in</strong></span> <span class='ocrx_word' id='word_1_107' title='bbox 2236 1691 2355 1732; x_wconf 83' lang='lat' dir='ltr'><strong>cre-</strong></span> 
     </span>
    </p>
   </div>
   <div class='ocr_carea' id='block_1_19' title="bbox 781 1767 2352 1840">
    <p class='ocr_par' dir='ltr' id='par_1_19' title="bbox 781 1767 2352 1840">
     <span class='ocr_line' id='line_1_19' title="bbox 781 1767 2352 1840; baseline -0.002 -15"><span class='ocrx_word' id='word_1_108' title='bbox 781 1771 1017 1825; x_wconf 87' lang='lat' dir='ltr'><strong>dendunt</strong></span> <span class='ocrx_word' id='word_1_109' title='bbox 1061 1778 1168 1834; x_wconf 83' lang='lat' dir='ltr'><strong>est,</strong></span> <span class='ocrx_word' id='word_1_110' title='bbox 1202 1783 1302 1838; x_wconf 91' lang='lat' dir='ltr'><strong>pro</strong></span> <span class='ocrx_word' id='word_1_111' title='bbox 1345 1767 1686 1840; x_wconf 75' lang='lat' dir='ltr'><strong>singularum</strong></span> <span class='ocrx_word' id='word_1_112' title='bbox 1716 1778 1877 1838; x_wconf 91' lang='lat' dir='ltr'><strong>captu</strong></span> <span class='ocrx_word' id='word_1_113' title='bbox 1923 1769 2182 1823; x_wconf 88' lang='lat' dir='ltr'><strong>mentium</strong></span> <span class='ocrx_word' id='word_1_114' title='bbox 2213 1769 2352 1823; x_wconf 86' lang='lat' dir='ltr'><strong>divi-</strong></span> 
     </span>
    </p>
   </div>
   <div class='ocr_carea' id='block_1_20' title="bbox 2460 571 4036 643">
    <p class='ocr_par' dir='ltr' id='par_1_20' title="bbox 2460 571 4036 643">
     <span class='ocr_line' id='line_1_20' title="bbox 2460 571 4036 643; baseline 0.002 -18"><span class='ocrx_word' id='word_1_115' title='bbox 2460 574 2613 642; x_wconf 88' lang='grc' dir='ltr'>γείας</span> <span class='ocrx_word' id='word_1_116' title='bbox 2652 575 2862 626; x_wconf 73' lang='grc' dir='ltr'>ἕνωσιν.</span> <span class='ocrx_word' id='word_1_117' title='bbox 2905 572 3147 626; x_wconf 80' lang='grc' dir='ltr'>Καθόλου</span> <span class='ocrx_word' id='word_1_118' title='bbox 3190 571 3480 642; x_wconf 76' lang='grc' dir='ltr'><strong>τοιγαροῦν</strong></span> <span class='ocrx_word' id='word_1_119' title='bbox 3522 573 3580 624; x_wconf 83' lang='grc' dir='ltr'><strong>οὑ</strong></span> <span class='ocrx_word' id='word_1_120' title='bbox 3629 573 3921 643; x_wconf 72' lang='grc' dir='ltr'>τολμητέον</span> <span class='ocrx_word' id='word_1_121' title='bbox 3952 578 4036 628; x_wconf 79' lang='grc' dir='ltr'>εῖ-</span> 
     </span>
    </p>
   </div>
   <div class='ocr_carea' id='block_1_21' title="bbox 2459 663 4039 736">
    <p class='ocr_par' dir='ltr' id='par_1_21' title="bbox 2459 663 4039 736">
     <span class='ocr_line' id='line_1_21' title="bbox 2459 663 4039 736; baseline 0.001 -18"><span class='ocrx_word' id='word_1_122' title='bbox 2459 663 2604 729; x_wconf 76' lang='grc' dir='ltr'>πεῖν,</span> <span class='ocrx_word' id='word_1_123' title='bbox 2634 665 2755 719; x_wconf 75' lang='grc' dir='ltr'>οὔτε</span> <span class='ocrx_word' id='word_1_124' title='bbox 2791 666 2895 736; x_wconf 81' lang='grc' dir='ltr'>μὴν</span> <span class='ocrx_word' id='word_1_125' title='bbox 2935 666 3183 735; x_wconf 75' lang='grc' dir='ltr'>ἐννοῆσαί</span> <span class='ocrx_word' id='word_1_126' title='bbox 3219 681 3268 716; x_wconf 93' lang='grc' dir='ltr'><strong>τι</strong></span> <span class='ocrx_word' id='word_1_127' title='bbox 3295 666 3421 734; x_wconf 76' lang='grc' dir='ltr'>περὶ</span> <span class='ocrx_word' id='word_1_128' title='bbox 3454 665 3551 734; x_wconf 78' lang='grc' dir='ltr'><strong>τῆς</strong></span> <span class='ocrx_word' id='word_1_129' title='bbox 3581 665 3902 735; x_wconf 83' lang='grc' dir='ltr'>ὑπερουσίου</span> <span class='ocrx_word' id='word_1_130' title='bbox 3942 668 4039 720; x_wconf 77' lang='grc' dir='ltr'><strong>καὶ</strong></span> 
     </span>
    </p>
   </div>
   <div class='ocr_carea' id='block_1_22' title="bbox 2459 753 4038 826">
    <p class='ocr_par' dir='ltr' id='par_1_22' title="bbox 2459 753 4038 826">
     <span class='ocr_line' id='line_1_22' title="bbox 2459 753 4038 826; baseline -0.001 -16"><span class='ocrx_word' id='word_1_131' title='bbox 2459 755 2696 826; x_wconf 65' lang='grc' dir='ltr'>κρυφίαις</span> <span class='ocrx_word' id='word_1_132' title='bbox 2741 755 3010 825; x_wconf 69' lang='grc' dir='ltr'>θεότητος,</span> <span class='ocrx_word' id='word_1_133' title='bbox 3054 755 3206 826; x_wconf 87' lang='grc' dir='ltr'><strong>παρά</strong></span> <span class='ocrx_word' id='word_1_134' title='bbox 3255 754 3325 808; x_wconf 82' lang='grc' dir='ltr'><strong>τά</strong></span> <span class='ocrx_word' id='word_1_135' title='bbox 3381 753 3612 817; x_wconf 83' lang='grc' dir='ltr'>θειωδῶς</span> <span class='ocrx_word' id='word_1_136' title='bbox 3665 756 3794 824; x_wconf 79' lang='grc' dir='ltr'>ἡμῖν</span> <span class='ocrx_word' id='word_1_137' title='bbox 3826 758 3886 808; x_wconf 83' lang='grc' dir='ltr'>ὲκ</span> <span class='ocrx_word' id='word_1_138' title='bbox 3924 757 4038 811; x_wconf 83' lang='grc' dir='ltr'><strong>τῶν</strong></span> 
     </span>
    </p>
   </div>
   <div class='ocr_carea' id='block_1_23' title="bbox 2462 845 4042 920">
    <p class='ocr_par' dir='ltr' id='par_1_23' title="bbox 2462 845 4042 920">
     <span class='ocr_line' id='line_1_23' title="bbox 2462 845 4042 920; baseline 0.002 -22"><span class='ocrx_word' id='word_1_139' title='bbox 2462 848 2620 920; x_wconf 82' lang='grc' dir='ltr'>ἱερῶν</span> <span class='ocrx_word' id='word_1_140' title='bbox 2651 846 2845 917; x_wconf 84' lang='grc' dir='ltr'>λογίων</span> <span class='ocrx_word' id='word_1_141' title='bbox 2883 846 3292 917; x_wconf 76' lang='grc' dir='ltr'>ἐκπεφασμένα.</span> <span class='ocrx_word' id='word_1_142' title='bbox 3322 845 3434 914; x_wconf 80' lang='grc' dir='ltr'><strong>Τῆς</strong></span> <span class='ocrx_word' id='word_1_143' title='bbox 3457 845 3562 916; x_wconf 82' lang='grc' dir='ltr'>γὰρ</span> <span class='ocrx_word' id='word_1_144' title='bbox 3593 847 3729 918; x_wconf 79' lang='grc' dir='ltr'>ὑπὲρ</span> <span class='ocrx_word' id='word_1_145' title='bbox 3759 846 3912 913; x_wconf 85' lang='grc' dir='ltr'>λόγον</span> <span class='ocrx_word' id='word_1_146' title='bbox 3939 849 4042 901; x_wconf 72' lang='grc' dir='ltr'><strong>καὶ</strong></span> 
     </span>
    </p>
   </div>
   <div class='ocr_carea' id='block_1_24' title="bbox 2458 939 4038 1012">
    <p class='ocr_par' dir='ltr' id='par_1_24' title="bbox 2458 939 4038 1012">
     <span class='ocr_line' id='line_1_24' title="bbox 2458 939 4038 1012; baseline -0.002 -17"><span class='ocrx_word' id='word_1_147' title='bbox 2458 942 2580 996; x_wconf 80' lang='grc' dir='ltr'>νοῦν</span> <span class='ocrx_word' id='word_1_148' title='bbox 2599 944 2693 996; x_wconf 70' lang='grc' dir='ltr'>καὶ</span> <span class='ocrx_word' id='word_1_149' title='bbox 2714 941 2898 996; x_wconf 73' lang='grc' dir='ltr'>οὐσίαν</span> <span class='ocrx_word' id='word_1_150' title='bbox 2914 942 3081 1012; x_wconf 77' lang='grc' dir='ltr'>αὐτῆς</span> <span class='ocrx_word' id='word_1_151' title='bbox 3103 939 3554 1010; x_wconf 83' lang='grc' dir='ltr'>ὑπερουσιότητος</span> <span class='ocrx_word' id='word_1_152' title='bbox 3574 940 3808 1007; x_wconf 77' lang='grc' dir='ltr'>ἀγνωσία</span> <span class='ocrx_word' id='word_1_153' title='bbox 3831 944 3869 1002; x_wconf 83' lang='grc'>¹,</span> <span class='ocrx_word' id='word_1_154' title='bbox 3894 942 4038 1011; x_wconf 75' lang='grc' dir='ltr'>αὐτῇ</span> 
     </span>
    </p>
   </div>
   <div class='ocr_carea' id='block_1_25' title="bbox 2458 1032 4042 1108">
    <p class='ocr_par' dir='ltr' id='par_1_25' title="bbox 2458 1032 4042 1108">
     <span class='ocr_line' id='line_1_25' title="bbox 2458 1032 4042 1108; baseline -0.003 -18"><span class='ocrx_word' id='word_1_155' title='bbox 2458 1037 2557 1108; x_wconf 79' lang='grc' dir='ltr'><strong>τὴν</strong></span> <span class='ocrx_word' id='word_1_156' title='bbox 2587 1036 2910 1108; x_wconf 80' lang='grc' dir='ltr'>ὑπεροὺσιον</span> <span class='ocrx_word' id='word_1_157' title='bbox 2930 1035 3237 1105; x_wconf 78' lang='grc' dir='ltr'>ἐπιστήμην</span> <span class='ocrx_word' id='word_1_158' title='bbox 3262 1032 3566 1094; x_wconf 80' lang='grc' dir='ltr'><strong>ἀναθετέον,</strong></span> <span class='ocrx_word' id='word_1_159' title='bbox 3586 1033 3835 1086; x_wconf 80' lang='grc' dir='ltr'>τοσοῦτον</span> <span class='ocrx_word' id='word_1_160' title='bbox 3858 1035 3950 1086; x_wconf 70' lang='grc' dir='ltr'><strong>ἐπὶ</strong></span> <span class='ocrx_word' id='word_1_161' title='bbox 3971 1034 4042 1086; x_wconf 83' lang='grc' dir='ltr'><strong>τδ</strong></span> 
     </span>
    </p>
   </div>
   <div class='ocr_carea' id='block_1_26' title="bbox 2458 1125 4042 1196">
    <p class='ocr_par' dir='ltr' id='par_1_26' title="bbox 2458 1125 4042 1196">
     <span class='ocr_line' id='line_1_26' title="bbox 2458 1125 4042 1196; baseline -0.002 -15"><span class='ocrx_word' id='word_1_162' title='bbox 2458 1129 2682 1192; x_wconf 83' lang='grc' dir='ltr'>ἄναντες</span> <span class='ocrx_word' id='word_1_163' title='bbox 2723 1127 3098 1190; x_wconf 82' lang='grc' dir='ltr'>ἀνανεύοντας,</span> <span class='ocrx_word' id='word_1_164' title='bbox 3130 1127 3250 1179; x_wconf 85' lang='grc' dir='ltr'>ὅσον</span> <span class='ocrx_word' id='word_1_165' title='bbox 3299 1126 3496 1196; x_wconf 79' lang='grc' dir='ltr'>ἑαυτὴν</span> <span class='ocrx_word' id='word_1_166' title='bbox 3536 1125 3807 1178; x_wconf 75' lang='grc' dir='ltr'><strong>ἐνδίδωσιν</strong></span> <span class='ocrx_word' id='word_1_167' title='bbox 3850 1127 3882 1196; x_wconf 80' lang='grc' dir='ltr'>ἡ</span> <span class='ocrx_word' id='word_1_168' title='bbox 3922 1125 4042 1178; x_wconf 84' lang='grc' dir='ltr'><strong>τῶν</strong></span> 
     </span>
    </p>
   </div>
   <div class='ocr_carea' id='block_1_27' title="bbox 2458 1218 4041 1292">
    <p class='ocr_par' dir='ltr' id='par_1_27' title="bbox 2458 1218 4041 1292">
     <span class='ocr_line' id='line_1_27' title="bbox 2458 1218 4041 1292; baseline -0.001 -20"><span class='ocrx_word' id='word_1_169' title='bbox 2458 1221 2760 1292; x_wconf 86' lang='grc' dir='ltr'>θεαρχικῶν</span> <span class='ocrx_word' id='word_1_170' title='bbox 2814 1220 3051 1289; x_wconf 87' lang='grc' dir='ltr'>λογίων³</span> <span class='ocrx_word' id='word_1_171' title='bbox 3091 1219 3267 1286; x_wconf 69' lang='grc' dir='ltr'>ἀκτὶς,</span> <span class='ocrx_word' id='word_1_172' title='bbox 3326 1220 3463 1290; x_wconf 71' lang='grc' dir='ltr'>πρὸς</span> <span class='ocrx_word' id='word_1_173' title='bbox 3523 1218 3662 1281; x_wconf 68' lang='grc' dir='ltr'>τάςδ</span> <span class='ocrx_word' id='word_1_174' title='bbox 3726 1219 4041 1290; x_wconf 79' lang='grc' dir='ltr'>ὑπερτέρας</span> 
     </span>
    </p>
   </div>
   <div class='ocr_carea' id='block_1_28' title="bbox 2457 1310 4045 1384">
    <p class='ocr_par' dir='ltr' id='par_1_28' title="bbox 2457 1310 4045 1384">
     <span class='ocr_line' id='line_1_28' title="bbox 2457 1310 4045 1384; baseline -0.001 -19"><span class='ocrx_word' id='word_1_175' title='bbox 2457 1313 2629 1381; x_wconf 76' lang='grc' dir='ltr'>αὐγὰς</span> <span class='ocrx_word' id='word_1_176' title='bbox 2654 1315 2719 1383; x_wconf 80' lang='grc' dir='ltr'>τῇ</span> <span class='ocrx_word' id='word_1_177' title='bbox 2753 1313 2881 1384; x_wconf 74' lang='grc' dir='ltr'>περὶ</span> <span class='ocrx_word' id='word_1_178' title='bbox 2929 1311 2997 1364; x_wconf 87' lang='grc' dir='ltr'><strong>τά</strong></span> <span class='ocrx_word' id='word_1_179' title='bbox 3039 1310 3156 1363; x_wconf 88' lang='grc' dir='ltr'>θεῖα</span> <span class='ocrx_word' id='word_1_180' title='bbox 3190 1312 3511 1384; x_wconf 76' lang='grc' dir='ltr'>σωφροσύνῃ</span> <span class='ocrx_word' id='word_1_181' title='bbox 3540 1312 3634 1363; x_wconf 73' lang='grc' dir='ltr'><strong>καὶ</strong></span> <span class='ocrx_word' id='word_1_182' title='bbox 3659 1311 3894 1380; x_wconf 77' lang='grc' dir='ltr'><strong>ὁσιότητι</strong></span> <span class='ocrx_word' id='word_1_183' title='bbox 3940 1327 4045 1364; x_wconf 81' lang='grc' dir='ltr'>συ-</span> 
     </span>
    </p>
   </div>
   <div class='ocr_carea' id='block_1_29' title="bbox 2459 1399 4046 1473">
    <p class='ocr_par' dir='ltr' id='par_1_29' title="bbox 2459 1399 4046 1473">
     <span class='ocr_line' id='line_1_29' title="bbox 2459 1399 4046 1473; baseline -0.003 -18"><span class='ocrx_word' id='word_1_184' title='bbox 2459 1403 2863 1473; x_wconf 83' lang='grc' dir='ltr'>στελλομένους.</span> <span class='ocrx_word' id='word_1_185' title='bbox 2896 1401 3005 1453; x_wconf 74' lang='grc' dir='ltr'>Καὶ</span> <span class='ocrx_word' id='word_1_186' title='bbox 3035 1400 3142 1470; x_wconf 76' lang='grc' dir='ltr'>γὰρ</span> <span class='ocrx_word' id='word_1_187' title='bbox 3164 1401 3216 1452; x_wconf 72' lang='grc' dir='ltr'>εἴ</span> <span class='ocrx_word' id='word_1_188' title='bbox 3230 1418 3281 1451; x_wconf 90' lang='grc' dir='ltr'><strong>τι</strong></span> <span class='ocrx_word' id='word_1_189' title='bbox 3311 1400 3390 1452; x_wconf 77' lang='grc' dir='ltr'><strong>δεῖ</strong></span> <span class='ocrx_word' id='word_1_190' title='bbox 3414 1403 3479 1471; x_wconf 81' lang='grc' dir='ltr'>τῇ</span> <span class='ocrx_word' id='word_1_191' title='bbox 3509 1401 3764 1468; x_wconf 77' lang='grc' dir='ltr'>πανσόφῳ</span> <span class='ocrx_word' id='word_1_192' title='bbox 3789 1402 3880 1452; x_wconf 72' lang='grc' dir='ltr'>καὶ</span> <span class='ocrx_word' id='word_1_193' title='bbox 3905 1399 4046 1468; x_wconf 86' lang='grc' dir='ltr'>ἀλη-</span> 
     </span>
    </p>
   </div>
   <div class='ocr_carea' id='block_1_30' title="bbox 2456 1489 4040 1567">
    <p class='ocr_par' dir='ltr' id='par_1_30' title="bbox 2456 1489 4040 1567">
     <span class='ocr_line' id='line_1_30' title="bbox 2456 1489 4040 1567; baseline -0.004 -19"><span class='ocrx_word' id='word_1_194' title='bbox 2456 1495 2687 1567; x_wconf 78' lang='grc' dir='ltr'>θεστάτη</span> <span class='ocrx_word' id='word_1_195' title='bbox 2717 1493 2964 1563; x_wconf 75' lang='grc' dir='ltr'>θεολογίᾳ</span> <span class='ocrx_word' id='word_1_196' title='bbox 2986 1491 3286 1553; x_wconf 83' lang='grc' dir='ltr'>πείθεσθαι,</span> <span class='ocrx_word' id='word_1_197' title='bbox 3310 1491 3451 1543; x_wconf 87' lang='grc' dir='ltr'><strong>κατά</strong></span> <span class='ocrx_word' id='word_1_198' title='bbox 3471 1491 3570 1560; x_wconf 83' lang='grc' dir='ltr'>τὴν</span> <span class='ocrx_word' id='word_1_199' title='bbox 3592 1489 3875 1557; x_wconf 78' lang='grc' dir='ltr'>ἀναλογίαν</span> <span class='ocrx_word' id='word_1_200' title='bbox 3897 1490 4040 1542; x_wconf 79' lang='grc' dir='ltr'>ἑ.κά-</span> 
     </span>
    </p>
   </div>
   <div class='ocr_carea' id='block_1_31' title="bbox 2458 1582 4045 1645">
    <p class='ocr_par' dir='ltr' id='par_1_31' title="bbox 2458 1582 4045 1645">
     <span class='ocr_line' id='line_1_31' title="bbox 2458 1582 4045 1645; baseline -0.003 -7"><span class='ocrx_word' id='word_1_201' title='bbox 2458 1602 2581 1638; x_wconf 85' lang='grc' dir='ltr'>στου</span> <span class='ocrx_word' id='word_1_202' title='bbox 2619 1585 2728 1638; x_wconf 86' lang='grc' dir='ltr'><strong>τῶν</strong></span> <span class='ocrx_word' id='word_1_203' title='bbox 2766 1585 2899 1638; x_wconf 88' lang='grc' dir='ltr'>νοῶν</span> <span class='ocrx_word' id='word_1_204' title='bbox 2943 1584 3422 1638; x_wconf 78' lang='grc' dir='ltr'>ἀνακαλύπτεται³</span> <span class='ocrx_word' id='word_1_205' title='bbox 3454 1582 3525 1635; x_wconf 88' lang='grc' dir='ltr'><strong>τά</strong></span> <span class='ocrx_word' id='word_1_206' title='bbox 3567 1582 3707 1645; x_wconf 83' lang='grc' dir='ltr'>θεῖα,</span> <span class='ocrx_word' id='word_1_207' title='bbox 3758 1583 3853 1634; x_wconf 72' lang='grc' dir='ltr'>καὶ</span> <span class='ocrx_word' id='word_1_208' title='bbox 3906 1585 4045 1634; x_wconf 75' lang='grc' dir='ltr'>ἑπο-</span> 
     </span>
    </p>
   </div>
   <div class='ocr_carea' id='block_1_32' title="bbox 2455 1673 4044 1747">
    <p class='ocr_par' dir='ltr' id='par_1_32' title="bbox 2455 1673 4044 1747">
     <span class='ocr_line' id='line_1_32' title="bbox 2455 1673 4044 1747; baseline -0.004 -16"><span class='ocrx_word' id='word_1_209' title='bbox 2455 1684 2732 1744; x_wconf 83' lang='grc' dir='ltr'>πτεῡεται,</span> <span class='ocrx_word' id='word_1_210' title='bbox 2762 1677 2862 1747; x_wconf 76' lang='grc' dir='ltr'><strong>τῆς</strong></span> <span class='ocrx_word' id='word_1_211' title='bbox 2884 1676 3179 1747; x_wconf 82' lang='grc' dir='ltr'>θεαρχικῆς</span> <span class='ocrx_word' id='word_1_212' title='bbox 3219 1675 3551 1746; x_wconf 82' lang='grc' dir='ltr'>ἀγαθὸτητος</span> <span class='ocrx_word' id='word_1_213' title='bbox 3583 1676 3641 1727; x_wconf 85' lang='grc' dir='ltr'>ὲν</span> <span class='ocrx_word' id='word_1_214' title='bbox 3691 1677 3931 1744; x_wconf 77' lang='grc' dir='ltr'>σωστικῇ</span> <span class='ocrx_word' id='word_1_215' title='bbox 3956 1673 4044 1725; x_wconf 82' lang='grc' dir='ltr'>δι·-</span> 
     </span>
    </p>
   </div>
   <div class='ocr_carea' id='block_1_33' title="bbox 2454 1765 4044 1840">
    <p class='ocr_par' dir='ltr' id='par_1_33' title="bbox 2454 1765 4044 1840">
     <span class='ocr_line' id='line_1_33' title="bbox 2454 1765 4044 1840; baseline -0.003 -18"><span class='ocrx_word' id='word_1_216' title='bbox 2454 1769 2713 1840; x_wconf 78' lang='grc' dir='ltr'>καιοσύνῃ</span> <span class='ocrx_word' id='word_1_217' title='bbox 2741 1769 2847 1822; x_wconf 91' lang='grc' dir='ltr'><strong>τῶν</strong></span> <span class='ocrx_word' id='word_1_218' title='bbox 2878 1771 2933 1822; x_wconf 85' lang='grc' dir='ltr'>ὲν</span> <span class='ocrx_word' id='word_1_219' title='bbox 2961 1771 3141 1838; x_wconf 81' lang='grc' dir='ltr'>μέτρῳ</span> <span class='ocrx_word' id='word_1_220' title='bbox 3162 1768 3260 1837; x_wconf 79' lang='grc' dir='ltr'><strong>τὴν</strong></span> <span class='ocrx_word' id='word_1_221' title='bbox 3284 1768 3550 1838; x_wconf 77' lang='grc' dir='ltr'>ἀμετρίαν</span> <span class='ocrx_word' id='word_1_222' title='bbox 3589 1765 3934 1837; x_wconf 84' lang='grc' dir='ltr'>θεοπρεπῶς,</span> <span class='ocrx_word' id='word_1_223' title='bbox 3955 1767 4044 1830; x_wconf 84' lang='grc' dir='ltr'>ὡς</span> 
     </span>
    </p>
   </div>
   <div class='ocr_carea' id='block_1_34' title="bbox 777 1857 2348 1934">
    <p class='ocr_par' dir='ltr' id='par_1_34' title="bbox 777 1863 2348 1934">
     <span class='ocr_line' id='line_1_34' title="bbox 777 1863 2348 1934; baseline -0.001 -16"><span class='ocrx_word' id='word_1_224' title='bbox 777 1875 851 1919; x_wconf 83' lang='lat' dir='ltr'><strong>na</strong></span> <span class='ocrx_word' id='word_1_225' title='bbox 878 1864 1214 1928; x_wconf 85' lang='lat' dir='ltr'><strong>revelantur,</strong></span> <span class='ocrx_word' id='word_1_226' title='bbox 1246 1872 1690 1934; x_wconf 81' lang='lat' dir='ltr'><strong>spectanturqne,</strong></span> <span class='ocrx_word' id='word_1_227' title='bbox 1718 1864 1850 1917; x_wconf 84' lang='lat' dir='ltr'><strong>dum</strong></span> <span class='ocrx_word' id='word_1_228' title='bbox 1879 1875 2090 1927; x_wconf 82' lang='lat' dir='ltr'><strong>summa</strong></span> <span class='ocrx_word' id='word_1_229' title='bbox 2123 1863 2219 1917; x_wconf 89' lang='lat' dir='ltr'><strong>Dei</strong></span> <span class='ocrx_word' id='word_1_230' title='bbox 2257 1863 2348 1918; x_wconf 59' lang='lat' dir='ltr'><strong>lto-</strong></span> 
     </span>
    </p>
   </div>
   <div class='ocr_carea' id='block_1_35' title="bbox 2449 1857 4044 1934">
    <p class='ocr_par' dir='ltr' id='par_1_35' title="bbox 2453 1858 4044 1934">
     <span class='ocr_line' id='line_1_35' title="bbox 2453 1858 4044 1934; baseline -0.002 -19"><span class='ocrx_word' id='word_1_231' title='bbox 2453 1863 2756 1934; x_wconf 83' lang='grc' dir='ltr'>ἀχὼρητον,</span> <span class='ocrx_word' id='word_1_232' title='bbox 2797 1863 3337 1932; x_wconf 76' lang='grc' dir='ltr'>ἀποδιαστελλοὺσης.</span> <span class='ocrx_word' id='word_1_233' title='bbox 3378 1862 3590 1932; x_wconf 77' lang='grc' dir='ltr'>’Ὠσπερ</span> <span class='ocrx_word' id='word_1_234' title='bbox 3649 1859 3756 1931; x_wconf 81' lang='grc' dir='ltr'>γὰρ</span> <span class='ocrx_word' id='word_1_235' title='bbox 3813 1858 4044 1929; x_wconf 73' lang='grc' dir='ltr'>ἀληπτι</span> 
     </span>
    </p>
   </div>
   <div class='ocr_carea' id='block_1_36' title="bbox 777 1953 2352 2026">
    <p class='ocr_par' dir='ltr' id='par_1_36' title="bbox 777 1953 2352 2026">
     <span class='ocr_line' id='line_1_36' title="bbox 777 1953 2352 2026; baseline -0.003 -16"><span class='ocrx_word' id='word_1_236' title='bbox 777 1956 1177 2026; x_wconf 84' lang='lat' dir='ltr'><strong>nitas,justitia</strong></span> <span class='ocrx_word' id='word_1_237' title='bbox 1218 1955 1471 2021; x_wconf 77' lang='lat' dir='ltr'><strong>salutari,</strong></span> <span class='ocrx_word' id='word_1_238' title='bbox 1503 1955 1664 2010; x_wconf 83' lang='lat' dir='ltr'><strong>rebus</strong></span> <span class='ocrx_word' id='word_1_239' title='bbox 1702 1955 2030 2009; x_wconf 87' lang='lat' dir='ltr'><strong>mensuratis</strong></span> <span class='ocrx_word' id='word_1_240' title='bbox 2073 1953 2352 2008; x_wconf 82' lang='lat' dir='ltr'><strong>immensi-</strong></span> 
     </span>
    </p>
   </div>
   <div class='ocr_carea' id='block_1_37' title="bbox 779 2046 2351 2116">
    <p class='ocr_par' dir='ltr' id='par_1_37' title="bbox 779 2046 2351 2116">
     <span class='ocr_line' id='line_1_37' title="bbox 779 2046 2351 2116; baseline -0.001 -17"><span class='ocrx_word' id='word_1_241' title='bbox 779 2056 949 2100; x_wconf 89' lang='lat' dir='ltr'><strong>tatem</strong></span> <span class='ocrx_word' id='word_1_242' title='bbox 1000 2063 1155 2100; x_wconf 92' lang='lat' dir='ltr'><strong>suam</strong></span> <span class='ocrx_word' id='word_1_243' title='bbox 1190 2046 1376 2100; x_wconf 79' lang='lat' dir='ltr'><strong>divino</strong></span> <span class='ocrx_word' id='word_1_244' title='bbox 1407 2047 1642 2114; x_wconf 89' lang='lat' dir='ltr'><strong>quodam</strong></span> <span class='ocrx_word' id='word_1_245' title='bbox 1677 2046 1899 2109; x_wconf 86' lang='lat' dir='ltr'><strong>decore,</strong></span> <span class='ocrx_word' id='word_1_246' title='bbox 1933 2046 2074 2116; x_wconf 90' lang='lat' dir='ltr'><strong>quod</strong></span> <span class='ocrx_word' id='word_1_247' title='bbox 2104 2059 2351 2114; x_wconf 78' lang='lat' dir='ltr'><strong>compre-</strong></span> 
     </span>
    </p>
   </div>
   <div class='ocr_carea' id='block_1_38' title="bbox 781 2137 2350 2207">
    <p class='ocr_par' dir='ltr' id='par_1_38' title="bbox 781 2137 2350 2207">
     <span class='ocr_line' id='line_1_38' title="bbox 781 2137 2350 2207; baseline -0.001 -15"><span class='ocrx_word' id='word_1_248' title='bbox 781 2139 944 2193; x_wconf 87' lang='lat' dir='ltr'><strong>hendi</strong></span> <span class='ocrx_word' id='word_1_249' title='bbox 998 2147 1257 2207; x_wconf 87' lang='lat' dir='ltr'><strong>nequeat,</strong></span> <span class='ocrx_word' id='word_1_250' title='bbox 1301 2145 1728 2193; x_wconf 87' lang='lat' dir='ltr'><strong>commensurat.</strong></span> <span class='ocrx_word' id='word_1_251' title='bbox 1764 2138 1917 2191; x_wconf 83' lang='lat' dir='ltr'><strong>Sicut</strong></span> <span class='ocrx_word' id='word_1_252' title='bbox 1957 2137 2101 2191; x_wconf 91' lang='lat' dir='ltr'><strong>enim</strong></span> <span class='ocrx_word' id='word_1_253' title='bbox 2135 2151 2199 2190; x_wconf 93' lang='lat' dir='ltr'><strong>ea</strong></span> <span class='ocrx_word' id='word_1_254' title='bbox 2229 2150 2350 2205; x_wconf 71' lang='lat' dir='ltr'><strong>quae</strong></span> 
     </span>
    </p>
   </div>
   <div class='ocr_carea' id='block_1_39' title="bbox 778 2226 2346 2298">
    <p class='ocr_par' dir='ltr' id='par_1_39' title="bbox 778 2226 2346 2298">
     <span class='ocr_line' id='line_1_39' title="bbox 778 2226 2346 2298; baseline -0.002 -17"><span class='ocrx_word' id='word_1_255' title='bbox 778 2227 882 2281; x_wconf 89' lang='lat' dir='ltr'><strong>sub</strong></span> <span class='ocrx_word' id='word_1_256' title='bbox 909 2226 1325 2295; x_wconf 74' lang='lat' dir='ltr'><strong>intelligentiam</strong></span> <span class='ocrx_word' id='word_1_257' title='bbox 1357 2229 1560 2282; x_wconf 89' lang='lat' dir='ltr'><strong>cadunt</strong></span> <span class='ocrx_word' id='word_1_258' title='bbox 1605 2243 1704 2298; x_wconf 89' lang='lat' dir='ltr'><strong>per</strong></span> <span class='ocrx_word' id='word_1_259' title='bbox 1745 2242 1808 2283; x_wconf 91' lang='lat' dir='ltr'><strong>ea</strong></span> <span class='ocrx_word' id='word_1_260' title='bbox 1839 2242 1958 2297; x_wconf 70' lang='lat' dir='ltr'><strong>quae</strong></span> <span class='ocrx_word' id='word_1_261' title='bbox 2000 2227 2099 2280; x_wconf 81' lang='lat' dir='ltr'><strong>sub</strong></span> <span class='ocrx_word' id='word_1_262' title='bbox 2128 2241 2346 2281; x_wconf 90' lang='lat' dir='ltr'><strong>sensum</strong></span> 
     </span>
    </p>
   </div>
   <div class='ocr_carea' id='block_1_40' title="bbox 776 2318 2346 2388">
    <p class='ocr_par' dir='ltr' id='par_1_40' title="bbox 776 2318 2346 2388">
     <span class='ocr_line' id='line_1_40' title="bbox 776 2318 2346 2388; baseline -0.001 -16"><span class='ocrx_word' id='word_1_263' title='bbox 776 2318 981 2372; x_wconf 83' lang='lat' dir='ltr'><strong>cadunt</strong></span> <span class='ocrx_word' id='word_1_264' title='bbox 1018 2318 1483 2388; x_wconf 85' lang='lat' dir='ltr'><strong>comprehendere</strong></span> <span class='ocrx_word' id='word_1_265' title='bbox 1516 2328 1573 2373; x_wconf 88' lang='lat' dir='ltr'><strong>et</strong></span> <span class='ocrx_word' id='word_1_266' title='bbox 1600 2319 1958 2387; x_wconf 84' lang='lat' dir='ltr'><strong>contemplari</strong></span> <span class='ocrx_word' id='word_1_267' title='bbox 2009 2334 2114 2372; x_wconf 92' lang='lat' dir='ltr'><strong>non</strong></span> <span class='ocrx_word' id='word_1_268' title='bbox 2150 2333 2346 2387; x_wconf 82' lang='lat' dir='ltr'><strong>possu—</strong></span> 
     </span>
    </p>
   </div>
   <div class='ocr_carea' id='block_1_41' title="bbox 777 2410 2343 2481">
    <p class='ocr_par' dir='ltr' id='par_1_41' title="bbox 777 2410 2343 2481">
     <span class='ocr_line' id='line_1_41' title="bbox 777 2410 2343 2481; baseline 0 -17"><span class='ocrx_word' id='word_1_269' title='bbox 777 2421 918 2477; x_wconf 86' lang='lat' dir='ltr'><strong>mus,</strong></span> <span class='ocrx_word' id='word_1_270' title='bbox 945 2424 1120 2480; x_wconf 87' lang='lat' dir='ltr'><strong>neque</strong></span> <span class='ocrx_word' id='word_1_271' title='bbox 1149 2425 1251 2479; x_wconf 88' lang='lat' dir='ltr'><strong>per</strong></span> <span class='ocrx_word' id='word_1_272' title='bbox 1279 2425 1340 2465; x_wconf 92' lang='lat' dir='ltr'><strong>ea</strong></span> <span class='ocrx_word' id='word_1_273' title='bbox 1365 2426 1486 2480; x_wconf 70' lang='lat' dir='ltr'><strong>qua:</strong></span> <span class='ocrx_word' id='word_1_274' title='bbox 1512 2411 1654 2481; x_wconf 86' lang='lat' dir='ltr'><strong>typis</strong></span> <span class='ocrx_word' id='word_1_275' title='bbox 1683 2420 1737 2465; x_wconf 91' lang='lat' dir='ltr'><strong>et</strong></span> <span class='ocrx_word' id='word_1_276' title='bbox 1766 2411 1936 2480; x_wconf 79' lang='lat' dir='ltr'><strong>signis</strong></span> <span class='ocrx_word' id='word_1_277' title='bbox 1961 2410 2343 2477; x_wconf 84' lang='lat' dir='ltr'><strong>iulormantnr,</strong></span> 
     </span>
    </p>
   </div>
   <div class='ocr_carea' id='block_1_42' title="bbox 774 2502 2345 2574">
    <p class='ocr_par' dir='ltr' id='par_1_42' title="bbox 774 2502 2345 2574">
     <span class='ocr_line' id='line_1_42' title="bbox 774 2502 2345 2574; baseline 0.001 -18"><span class='ocrx_word' id='word_1_278' title='bbox 774 2517 839 2556; x_wconf 84' lang='lat' dir='ltr'><strong>ea</strong></span> <span class='ocrx_word' id='word_1_279' title='bbox 865 2517 987 2571; x_wconf 70' lang='lat' dir='ltr'><strong>qua:</strong></span> <span class='ocrx_word' id='word_1_280' title='bbox 1028 2502 1294 2572; x_wconf 83' lang='lat' dir='ltr'><strong>simplicia</strong></span> <span class='ocrx_word' id='word_1_281' title='bbox 1340 2512 1468 2557; x_wconf 90' lang='lat' dir='ltr'><strong>sunt</strong></span> <span class='ocrx_word' id='word_1_282' title='bbox 1505 2511 1562 2557; x_wconf 88' lang='lat' dir='ltr'><strong>et</strong></span> <span class='ocrx_word' id='word_1_283' title='bbox 1593 2503 1735 2574; x_wconf 82' lang='lat' dir='ltr'><strong>typis</strong></span> <span class='ocrx_word' id='word_1_284' title='bbox 1769 2518 1875 2556; x_wconf 89' lang='lat' dir='ltr'><strong>non</strong></span> <span class='ocrx_word' id='word_1_285' title='bbox 1913 2504 2220 2574; x_wconf 80' lang='lat' dir='ltr'><strong>signantur,</strong></span> <span class='ocrx_word' id='word_1_286' title='bbox 2251 2520 2345 2557; x_wconf 86' lang='lat' dir='ltr'><strong>ne-</strong></span> 
     </span>
    </p>
   </div>
   <div class='ocr_carea' id='block_1_43' title="bbox 772 2592 2344 2664">
    <p class='ocr_par' dir='ltr' id='par_1_43' title="bbox 772 2592 2344 2664">
     <span class='ocr_line' id='line_1_43' title="bbox 772 2592 2344 2664; baseline 0.001 -19"><span class='ocrx_word' id='word_1_287' title='bbox 772 2608 880 2661; x_wconf 89' lang='lat' dir='ltr'><strong>que</strong></span> <span class='ocrx_word' id='word_1_288' title='bbox 907 2607 1006 2660; x_wconf 87' lang='lat' dir='ltr'><strong>per</strong></span> <span class='ocrx_word' id='word_1_289' title='bbox 1033 2592 1237 2662; x_wconf 76' lang='lat' dir='ltr'><strong>ﬁguras</strong></span> <span class='ocrx_word' id='word_1_290' title='bbox 1285 2607 1577 2662; x_wconf 88' lang='lat' dir='ltr'><strong>corporum</strong></span> <span class='ocrx_word' id='word_1_291' title='bbox 1612 2596 1954 2662; x_wconf 82' lang='lat' dir='ltr'><strong>incorporea,</strong></span> <span class='ocrx_word' id='word_1_292' title='bbox 2002 2610 2124 2664; x_wconf 62' lang='lat' dir='ltr'><strong>quas</strong></span> <span class='ocrx_word' id='word_1_293' title='bbox 2173 2608 2344 2661; x_wconf 76' lang='lat' dir='ltr'><strong>neque</strong></span> 
     </span>
    </p>
   </div>
   <div class='ocr_carea' id='block_1_44' title="bbox 771 2685 2342 2755">
    <p class='ocr_par' dir='ltr' id='par_1_44' title="bbox 771 2685 2342 2755">
     <span class='ocr_line' id='line_1_44' title="bbox 771 2685 2342 2755; baseline 0.002 -18"><span class='ocrx_word' id='word_1_294' title='bbox 771 2697 995 2737; x_wconf 79' lang='lat' dir='ltr'><strong>sensum</strong></span> <span class='ocrx_word' id='word_1_295' title='bbox 1046 2693 1223 2738; x_wconf 86' lang='lat' dir='ltr'><strong>tactus</strong></span> <span class='ocrx_word' id='word_1_296' title='bbox 1272 2685 1476 2748; x_wconf 82' lang='lat' dir='ltr'><strong>subire,</strong></span> <span class='ocrx_word' id='word_1_297' title='bbox 1513 2699 1691 2754; x_wconf 89' lang='lat' dir='ltr'><strong>neque</strong></span> <span class='ocrx_word' id='word_1_298' title='bbox 1744 2687 1971 2755; x_wconf 77' lang='lat' dir='ltr'><strong>ﬁgurant</strong></span> <span class='ocrx_word' id='word_1_299' title='bbox 2015 2697 2069 2739; x_wconf 92' lang='lat' dir='ltr'><strong>et</strong></span> <span class='ocrx_word' id='word_1_300' title='bbox 2115 2685 2342 2740; x_wconf 74' lang='lat' dir='ltr'><strong>fortnam</strong></span> 
     </span>
    </p>
   </div>
   <div class='ocr_carea' id='block_1_45' title="bbox 772 2775 2344 2845">
    <p class='ocr_par' dir='ltr' id='par_1_45' title="bbox 772 2775 2344 2845">
     <span class='ocr_line' id='line_1_45' title="bbox 772 2775 2344 2845; baseline -0.001 -16"><span class='ocrx_word' id='word_1_301' title='bbox 772 2788 970 2844; x_wconf 84' lang='lat' dir='ltr'><strong>capere</strong></span> <span class='ocrx_word' id='word_1_302' title='bbox 999 2785 1261 2844; x_wconf 88' lang='lat' dir='ltr'><strong>possunt;</strong></span> <span class='ocrx_word' id='word_1_303' title='bbox 1292 2775 1480 2829; x_wconf 81' lang='lat' dir='ltr'><strong>eadem</strong></span> <span class='ocrx_word' id='word_1_304' title='bbox 1513 2775 1672 2845; x_wconf 87' lang='lat' dir='ltr'><strong>plane</strong></span> <span class='ocrx_word' id='word_1_305' title='bbox 1701 2775 1912 2830; x_wconf 89' lang='lat' dir='ltr'><strong>ratione</strong></span> <span class='ocrx_word' id='word_1_306' title='bbox 1955 2777 2200 2830; x_wconf 82' lang='lat' dir='ltr'><strong>veritatis</strong></span> <span class='ocrx_word' id='word_1_307' title='bbox 2253 2793 2344 2830; x_wconf 73' lang='lat' dir='ltr'><strong>su-</strong></span> 
     </span>
    </p>
   </div>
   <div class='ocr_carea' id='block_1_46' title="bbox 769 2866 2341 2937">
    <p class='ocr_par' dir='ltr' id='par_1_46' title="bbox 769 2866 2341 2937">
     <span class='ocr_line' id='line_1_46' title="bbox 769 2866 2341 2937; baseline 0.003 -17"><span class='ocrx_word' id='word_1_308' title='bbox 769 2879 872 2936; x_wconf 86' lang='lat' dir='ltr'><strong>pra</strong></span> <span class='ocrx_word' id='word_1_309' title='bbox 905 2867 1240 2922; x_wconf 88' lang='lat' dir='ltr'><strong>substantias</strong></span> <span class='ocrx_word' id='word_1_310' title='bbox 1268 2877 1354 2920; x_wconf 89' lang='lat' dir='ltr'><strong>est</strong></span> <span class='ocrx_word' id='word_1_311' title='bbox 1380 2866 1468 2920; x_wconf 86' lang='lat' dir='ltr'><strong>illa</strong></span> <span class='ocrx_word' id='word_1_312' title='bbox 1501 2867 2046 2937; x_wconf 88' lang='lat' dir='ltr'><strong>suprasubstantialis</strong></span> <span class='ocrx_word' id='word_1_313' title='bbox 2077 2869 2341 2934; x_wconf 82' lang='lat' dir='ltr'><strong>inﬁnitas.</strong></span> 
     </span>
    </p>
   </div>
   <div class='ocr_carea' id='block_1_47' title="bbox 771 2958 2343 3030">
    <p class='ocr_par' dir='ltr' id='par_1_47' title="bbox 771 2958 2343 3030">
     <span class='ocr_line' id='line_1_47' title="bbox 771 2958 2343 3030; baseline 0.003 -18"><span class='ocrx_word' id='word_1_314' title='bbox 771 2967 830 3012; x_wconf 88' lang='lat' dir='ltr'><strong>et</strong></span> <span class='ocrx_word' id='word_1_315' title='bbox 860 2973 1026 3029; x_wconf 83' lang='lat' dir='ltr'><strong>supra</strong></span> <span class='ocrx_word' id='word_1_316' title='bbox 1063 2969 1270 3014; x_wconf 87' lang='lat' dir='ltr'><strong>mentes</strong></span> <span class='ocrx_word' id='word_1_317' title='bbox 1299 2958 1388 3012; x_wconf 91' lang='lat' dir='ltr'><strong>illa</strong></span> <span class='ocrx_word' id='word_1_318' title='bbox 1420 2975 1581 3030; x_wconf 80' lang='lat' dir='ltr'><strong>supra</strong></span> <span class='ocrx_word' id='word_1_319' title='bbox 1611 2969 1841 3014; x_wconf 88' lang='lat' dir='ltr'><strong>mentem</strong></span> <span class='ocrx_word' id='word_1_320' title='bbox 1885 2962 2095 3026; x_wconf 89' lang='lat' dir='ltr'><strong>unitas;</strong></span> <span class='ocrx_word' id='word_1_321' title='bbox 2123 2973 2176 3016; x_wconf 90' lang='lat' dir='ltr'><strong>et</strong></span> <span class='ocrx_word' id='word_1_322' title='bbox 2225 2978 2343 3016; x_wconf 86' lang='lat' dir='ltr'><strong>om-</strong></span> 
     </span>
    </p>
   </div>
   <div class='ocr_carea' id='block_1_48' title="bbox 772 3049 2341 3124">
    <p class='ocr_par' dir='ltr' id='par_1_48' title="bbox 772 3049 2341 3124">
     <span class='ocr_line' id='line_1_48' title="bbox 772 3049 2341 3124; baseline 0.003 -20"><span class='ocrx_word' id='word_1_323' title='bbox 772 3049 938 3106; x_wconf 87' lang='lat' dir='ltr'><strong>nibus</strong></span> <span class='ocrx_word' id='word_1_324' title='bbox 959 3051 1472 3107; x_wconf 88' lang='lat' dir='ltr'><strong>ratiocinationibus</strong></span> <span class='ocrx_word' id='word_1_325' title='bbox 1517 3052 1864 3106; x_wconf 83' lang='lat' dir='ltr'><strong>inscrutahile</strong></span> <span class='ocrx_word' id='word_1_326' title='bbox 1900 3063 1982 3106; x_wconf 90' lang='lat' dir='ltr'><strong>est</strong></span> <span class='ocrx_word' id='word_1_327' title='bbox 2017 3054 2147 3106; x_wconf 90' lang='lat' dir='ltr'><strong>illud</strong></span> <span class='ocrx_word' id='word_1_328' title='bbox 2179 3067 2341 3124; x_wconf 78' lang='lat' dir='ltr'><strong>supra</strong></span> 
     </span>
    </p>
   </div>
   <div class='ocr_carea' id='block_1_49' title="bbox 772 3141 2342 3212">
    <p class='ocr_par' dir='ltr' id='par_1_49' title="bbox 772 3141 2342 3212">
     <span class='ocr_line' id='line_1_49' title="bbox 772 3141 2342 3212; baseline 0.004 -19"><span class='ocrx_word' id='word_1_329' title='bbox 772 3141 1251 3197; x_wconf 86' lang='lat' dir='ltr'><strong>ratiocinationem</strong></span> <span class='ocrx_word' id='word_1_330' title='bbox 1301 3158 1504 3208; x_wconf 89' lang='lat' dir='ltr'><strong>unum;</strong></span> <span class='ocrx_word' id='word_1_331' title='bbox 1554 3143 1813 3212; x_wconf 89' lang='lat' dir='ltr'><strong>omnique</strong></span> <span class='ocrx_word' id='word_1_332' title='bbox 1854 3146 2018 3198; x_wconf 89' lang='lat' dir='ltr'><strong>verbo</strong></span> <span class='ocrx_word' id='word_1_333' title='bbox 2069 3144 2342 3199; x_wconf 77' lang='lat' dir='ltr'><strong>inell‘abile</strong></span> 
     </span>
    </p>
   </div>
   <div class='ocr_carea' id='block_1_50' title="bbox 2453 1950 4044 2027">
    <p class='ocr_par' dir='ltr' id='par_1_50' title="bbox 2453 1950 4044 2027">
     <span class='ocr_line' id='line_1_50' title="bbox 2453 1950 4044 2027; baseline -0.004 -19"><span class='ocrx_word' id='word_1_334' title='bbox 2453 1957 2545 2009; x_wconf 73' lang='grc' dir='ltr'><strong>καὶ</strong></span> <span class='ocrx_word' id='word_1_335' title='bbox 2575 1955 2862 2027; x_wconf 75' lang='grc' dir='ltr'>ἀθεώρητα</span> <span class='ocrx_word' id='word_1_336' title='bbox 2885 1958 2998 2018; x_wconf 87' lang='grc' dir='ltr'>τοῖς</span> <span class='ocrx_word' id='word_1_337' title='bbox 3031 1955 3304 2024; x_wconf 73' lang='grc' dir='ltr'>αἰσθητοῖς</span> <span class='ocrx_word' id='word_1_338' title='bbox 3330 1955 3446 2006; x_wconf 74' lang='grc' dir='ltr'>ἔστι</span> <span class='ocrx_word' id='word_1_339' title='bbox 3484 1952 3555 2006; x_wconf 76' lang='grc' dir='ltr'>τὰ</span> <span class='ocrx_word' id='word_1_340' title='bbox 3582 1950 3765 2022; x_wconf 75' lang='grc' dir='ltr'>νοητὰ,</span> <span class='ocrx_word' id='word_1_341' title='bbox 3799 1952 3894 2003; x_wconf 71' lang='grc' dir='ltr'>καὶ</span> <span class='ocrx_word' id='word_1_342' title='bbox 3917 1953 4044 2014; x_wconf 79' lang='grc' dir='ltr'>τοις</span> 
     </span>
    </p>
   </div>
   <div class='ocr_carea' id='block_1_51' title="bbox 2452 2045 4043 2117">
    <p class='ocr_par' dir='ltr' id='par_1_51' title="bbox 2452 2045 4043 2117">
     <span class='ocr_line' id='line_1_51' title="bbox 2452 2045 4043 2117; baseline -0.003 -17"><span class='ocrx_word' id='word_1_343' title='bbox 2452 2050 2509 2101; x_wconf 82' lang='grc' dir='ltr'>ὲν</span> <span class='ocrx_word' id='word_1_344' title='bbox 2545 2047 2737 2102; x_wconf 82' lang='grc' dir='ltr'>πλάσει</span> <span class='ocrx_word' id='word_1_345' title='bbox 2770 2049 2862 2101; x_wconf 71' lang='grc' dir='ltr'>καὶ</span> <span class='ocrx_word' id='word_1_346' title='bbox 2890 2047 3044 2117; x_wconf 81' lang='grc' dir='ltr'>τύπῳ</span> <span class='ocrx_word' id='word_1_347' title='bbox 3081 2046 3150 2100; x_wconf 87' lang='grc' dir='ltr'><strong>τά</strong></span> <span class='ocrx_word' id='word_1_348' title='bbox 3186 2047 3332 2100; x_wconf 84' lang='grc' dir='ltr'>ἀπλᾶ</span> <span class='ocrx_word' id='word_1_349' title='bbox 3378 2048 3471 2102; x_wconf 76' lang='grc' dir='ltr'><strong>καὶ</strong></span> <span class='ocrx_word' id='word_1_350' title='bbox 3517 2045 3796 2107; x_wconf 83' lang='grc' dir='ltr'>ἀτύπωτα,</span> <span class='ocrx_word' id='word_1_351' title='bbox 3835 2047 3951 2106; x_wconf 82' lang='grc' dir='ltr'>τοῖς</span> <span class='ocrx_word' id='word_1_352' title='bbox 3971 2061 4043 2096; x_wconf 78' lang='grc' dir='ltr'><strong>τε</strong></span> 
     </span>
    </p>
   </div>
   <div class='ocr_carea' id='block_1_52' title="bbox 2451 2137 4040 2212">
    <p class='ocr_par' dir='ltr' id='par_1_52' title="bbox 2451 2137 4040 2212">
     <span class='ocr_line' id='line_1_52' title="bbox 2451 2137 4040 2212; baseline -0.002 -20"><span class='ocrx_word' id='word_1_353' title='bbox 2451 2139 2589 2193; x_wconf 88' lang='grc' dir='ltr'>κατά</span> <span class='ocrx_word' id='word_1_354' title='bbox 2614 2142 2876 2211; x_wconf 82' lang='grc' dir='ltr'>σωμάτων</span> <span class='ocrx_word' id='word_1_355' title='bbox 2911 2142 3164 2211; x_wconf 82' lang='grc' dir='ltr'>σχήματα</span> <span class='ocrx_word' id='word_1_356' title='bbox 3201 2143 3668 2212; x_wconf 72' lang='grc' dir='ltr'>μεμορφωμένοις,</span> <span class='ocrx_word' id='word_1_357' title='bbox 3688 2141 3719 2208; x_wconf 80' lang='grc' dir='ltr'>ἡ</span> <span class='ocrx_word' id='word_1_358' title='bbox 3743 2137 3848 2191; x_wconf 92' lang='grc' dir='ltr'><strong>τῶν</strong></span> <span class='ocrx_word' id='word_1_359' title='bbox 3875 2138 4040 2189; x_wconf 75' lang='grc' dir='ltr'>ἀσω-</span> 
     </span>
    </p>
   </div>
   <div class='ocr_carea' id='block_1_53' title="bbox 2454 2227 4041 2302">
    <p class='ocr_par' dir='ltr' id='par_1_53' title="bbox 2454 2227 4041 2302">
     <span class='ocr_line' id='line_1_53' title="bbox 2454 2227 4041 2302; baseline -0.002 -17"><span class='ocrx_word' id='word_1_360' title='bbox 2454 2233 2637 2301; x_wconf 82' lang='grc' dir='ltr'>μάτων</span> <span class='ocrx_word' id='word_1_361' title='bbox 2664 2231 2872 2302; x_wconf 77' lang='grc' dir='ltr'>ἀναφὴς</span> <span class='ocrx_word' id='word_1_362' title='bbox 2894 2234 2986 2284; x_wconf 64' lang='grc' dir='ltr'><strong>κα)⁵</strong></span> <span class='ocrx_word' id='word_1_363' title='bbox 3018 2232 3422 2302; x_wconf 75' lang='grc' dir='ltr'>ἀσχημάτιστος</span> <span class='ocrx_word' id='word_1_364' title='bbox 3459 2230 3702 2302; x_wconf 71' lang='grc' dir='ltr'>ἀμορφία</span> <span class='ocrx_word' id='word_1_365' title='bbox 3721 2247 3733 2258; x_wconf 92' lang='grc'><strong>·</strong></span> <span class='ocrx_word' id='word_1_366' title='bbox 3765 2229 3907 2283; x_wconf 74' lang='grc' dir='ltr'>κατὰ</span> <span class='ocrx_word' id='word_1_367' title='bbox 3934 2227 4041 2282; x_wconf 78' lang='grc' dir='ltr'><strong>τὸν</strong></span> 
     </span>
    </p>
   </div>
   <div class='ocr_carea' id='block_1_54' title="bbox 2448 2320 4042 2396">
    <p class='ocr_par' dir='ltr' id='par_1_54' title="bbox 2448 2320 4042 2396">
     <span class='ocr_line' id='line_1_54' title="bbox 2448 2320 4042 2396; baseline -0.003 -18"><span class='ocrx_word' id='word_1_368' title='bbox 2448 2326 2610 2378; x_wconf 84' lang='grc' dir='ltr'>αὑτὸν</span> <span class='ocrx_word' id='word_1_369' title='bbox 2627 2326 2731 2395; x_wconf 74' lang='grc' dir='ltr'>τῆς</span> <span class='ocrx_word' id='word_1_370' title='bbox 2759 2323 3015 2396; x_wconf 74' lang='grc' dir='ltr'>ἀληθείας</span> <span class='ocrx_word' id='word_1_371' title='bbox 3058 2324 3214 2392; x_wconf 85' lang='grc' dir='ltr'>λόγον</span> <span class='ocrx_word' id='word_1_372' title='bbox 3258 2325 3576 2394; x_wconf 68' lang='grc' dir='ltr'>ὑπέρκειται</span> <span class='ocrx_word' id='word_1_373' title='bbox 3617 2322 3726 2374; x_wconf 90' lang='grc' dir='ltr'><strong>τῶν</strong></span> <span class='ocrx_word' id='word_1_374' title='bbox 3766 2320 3967 2374; x_wconf 78' lang='grc' dir='ltr'>οὐσιῶν</span> <span class='ocrx_word' id='word_1_375' title='bbox 3999 2323 4042 2392; x_wconf 74' lang='grc' dir='ltr'>ἡ</span> 
     </span>
    </p>
   </div>
   <div class='ocr_carea' id='block_1_55' title="bbox 2450 2413 4042 2488">
    <p class='ocr_par' dir='ltr' id='par_1_55' title="bbox 2450 2413 4042 2488">
     <span class='ocr_line' id='line_1_55' title="bbox 2450 2413 4042 2488; baseline -0.003 -18"><span class='ocrx_word' id='word_1_376' title='bbox 2450 2416 2774 2488; x_wconf 84' lang='grc' dir='ltr'>ὑπεροὺσιος</span> <span class='ocrx_word' id='word_1_377' title='bbox 2827 2416 3146 2488; x_wconf 72' lang='grc' dir='ltr'>ἀοριστίαθ·</span> <span class='ocrx_word' id='word_1_378' title='bbox 3179 2417 3272 2468; x_wconf 69' lang='grc' dir='ltr'><strong>καὶ</strong></span> <span class='ocrx_word' id='word_1_379' title='bbox 3319 2415 3428 2469; x_wconf 88' lang='grc' dir='ltr'><strong>τῶν</strong></span> <span class='ocrx_word' id='word_1_380' title='bbox 3478 2415 3636 2477; x_wconf 84' lang='grc' dir='ltr'>νοῶν,</span> <span class='ocrx_word' id='word_1_381' title='bbox 3663 2415 3695 2485; x_wconf 79' lang='grc' dir='ltr'><strong>ἡ</strong></span> <span class='ocrx_word' id='word_1_382' title='bbox 3723 2415 3860 2484; x_wconf 76' lang='grc' dir='ltr'>ὑπὲρ</span> <span class='ocrx_word' id='word_1_383' title='bbox 3903 2413 4042 2466; x_wconf 80' lang='grc' dir='ltr'>νοῦν</span> 
     </span>
    </p>
   </div>
   <div class='ocr_carea' id='block_1_56' title="bbox 2449 2505 4044 2580">
    <p class='ocr_par' dir='ltr' id='par_1_56' title="bbox 2449 2505 4044 2580">
     <span class='ocr_line' id='line_1_56' title="bbox 2449 2505 4044 2580; baseline -0.002 -18"><span class='ocrx_word' id='word_1_384' title='bbox 2449 2510 2665 2580; x_wconf 77' lang='grc' dir='ltr'>ἑνότηςο</span> <span class='ocrx_word' id='word_1_385' title='bbox 2705 2509 2800 2561; x_wconf 54' lang='grc' dir='ltr'><strong>καὶ⁸</strong></span> <span class='ocrx_word' id='word_1_386' title='bbox 2849 2509 3049 2572; x_wconf 83' lang='grc' dir='ltr'>πάσαις</span> <span class='ocrx_word' id='word_1_387' title='bbox 3105 2508 3365 2571; x_wconf 88' lang='grc' dir='ltr'>διανοίαις</span> <span class='ocrx_word' id='word_1_388' title='bbox 3438 2507 3746 2576; x_wconf 82' lang='grc' dir='ltr'>ἀδιανόητόν</span> <span class='ocrx_word' id='word_1_389' title='bbox 3799 2507 3919 2558; x_wconf 78' lang='grc' dir='ltr'>ἐστι</span> <span class='ocrx_word' id='word_1_390' title='bbox 3968 2505 4044 2559; x_wconf 75' lang='grc' dir='ltr'>τὸ</span> 
     </span>
    </p>
   </div>
   <div class='ocr_carea' id='block_1_57' title="bbox 2449 2594 4044 2669">
    <p class='ocr_par' dir='ltr' id='par_1_57' title="bbox 2449 2594 4044 2669">
     <span class='ocr_line' id='line_1_57' title="bbox 2449 2594 4044 2669; baseline -0.002 -18"><span class='ocrx_word' id='word_1_391' title='bbox 2449 2600 2589 2669; x_wconf 85' lang='grc' dir='ltr'>ὑπὲρ</span> <span class='ocrx_word' id='word_1_392' title='bbox 2633 2597 2870 2651; x_wconf 85' lang='grc' dir='ltr'>διάνοιαν</span> <span class='ocrx_word' id='word_1_393' title='bbox 2911 2598 2989 2660; x_wconf 82' lang='grc' dir='ltr'>ἓν,</span> <span class='ocrx_word' id='word_1_394' title='bbox 3036 2596 3366 2669; x_wconf 73' lang='grc' dir='ltr'>ἀρῤητόντε</span> <span class='ocrx_word' id='word_1_395' title='bbox 3398 2597 3540 2668; x_wconf 85' lang='grc' dir='ltr'>λόγῳ</span> <span class='ocrx_word' id='word_1_396' title='bbox 3586 2595 3746 2650; x_wconf 80' lang='grc' dir='ltr'>παντὶ</span> <span class='ocrx_word' id='word_1_397' title='bbox 3785 2596 3845 2648; x_wconf 83' lang='grc' dir='ltr'>τὸ</span> <span class='ocrx_word' id='word_1_398' title='bbox 3887 2594 4044 2666; x_wconf 76' lang='grc' dir='ltr'>ὑπὲρ</span> 
     </span>
    </p>
   </div>
   <div class='ocr_carea' id='block_1_58' title="bbox 2446 2688 4044 2759">
    <p class='ocr_par' dir='ltr' id='par_1_58' title="bbox 2446 2688 4044 2759">
     <span class='ocr_line' id='line_1_58' title="bbox 2446 2688 4044 2759; baseline -0.001 -18"><span class='ocrx_word' id='word_1_399' title='bbox 2446 2689 2603 2757; x_wconf 89' lang='grc' dir='ltr'>λόγον</span> <span class='ocrx_word' id='word_1_400' title='bbox 2643 2688 2866 2758; x_wconf 80' lang='grc' dir='ltr'>ἀγαθὸν,</span> <span class='ocrx_word' id='word_1_401' title='bbox 2923 2688 3048 2751; x_wconf 83' lang='grc' dir='ltr'>ὲνάς</span> <span class='ocrx_word' id='word_1_402' title='bbox 3103 2690 3344 2752; x_wconf 80' lang='grc' dir='ltr'>ὲνοποιὸς</span> <span class='ocrx_word' id='word_1_403' title='bbox 3397 2689 3615 2759; x_wconf 87' lang='grc' dir='ltr'>ἀπάσης</span> <span class='ocrx_word' id='word_1_404' title='bbox 3662 2689 3872 2752; x_wconf 80' lang='grc' dir='ltr'>ὲνάδος,</span> <span class='ocrx_word' id='word_1_405' title='bbox 3932 2689 4044 2740; x_wconf 74' lang='grc' dir='ltr'><strong>καὶ</strong></span> 
     </span>
    </p>
   </div>
   <div class='ocr_carea' id='block_1_59' title="bbox 2448 2780 4042 2852">
    <p class='ocr_par' dir='ltr' id='par_1_59' title="bbox 2448 2780 4042 2852">
     <span class='ocr_line' id='line_1_59' title="bbox 2448 2780 4042 2852; baseline -0.003 -16"><span class='ocrx_word' id='word_1_406' title='bbox 2448 2781 2768 2852; x_wconf 84' lang='grc' dir='ltr'>ὑπερούσιος</span> <span class='ocrx_word' id='word_1_407' title='bbox 2793 2780 2969 2844; x_wconf 84' lang='grc' dir='ltr'>οὐσία,</span> <span class='ocrx_word' id='word_1_408' title='bbox 2992 2781 3086 2838; x_wconf 76' lang='grc' dir='ltr'><strong>καὶ</strong></span> <span class='ocrx_word' id='word_1_409' title='bbox 3127 2780 3251 2844; x_wconf 84' lang='grc' dir='ltr'>νοῦς</span> <span class='ocrx_word' id='word_1_410' title='bbox 3282 2782 3508 2851; x_wconf 88' lang='grc' dir='ltr'>ἀνόητος</span> <span class='ocrx_word' id='word_1_411' title='bbox 3539 2783 3632 2833; x_wconf 76' lang='grc' dir='ltr'><strong>καὶ</strong></span> <span class='ocrx_word' id='word_1_412' title='bbox 3658 2780 3814 2846; x_wconf 84' lang='grc' dir='ltr'>λόγος</span> <span class='ocrx_word' id='word_1_413' title='bbox 3844 2781 4042 2851; x_wconf 70' lang='grc' dir='ltr'>ἀρρη-</span> 
     </span>
    </p>
   </div>
   <div class='ocr_carea' id='block_1_60' title="bbox 2445 2871 4042 2944">
    <p class='ocr_par' dir='ltr' id='par_1_60' title="bbox 2445 2871 4042 2944">
     <span class='ocr_line' id='line_1_60' title="bbox 2445 2871 4042 2944; baseline -0.002 -18"><span class='ocrx_word' id='word_1_414' title='bbox 2445 2891 2534 2936; x_wconf 85' lang='grc' dir='ltr'><strong>τος</strong></span> <span class='ocrx_word' id='word_1_415' title='bbox 2557 2890 2570 2902; x_wconf 85' lang='grc'><strong>·</strong></span> <span class='ocrx_word' id='word_1_416' title='bbox 2606 2873 2798 2941; x_wconf 85' lang='grc' dir='ltr'>ἀλογία</span> <span class='ocrx_word' id='word_1_417' title='bbox 2828 2875 2924 2926; x_wconf 76' lang='grc' dir='ltr'><strong>καὶ</strong></span> <span class='ocrx_word' id='word_1_418' title='bbox 2950 2873 3176 2944; x_wconf 85' lang='grc' dir='ltr'>ἀνοησία</span> <span class='ocrx_word' id='word_1_419' title='bbox 3219 2875 3312 2925; x_wconf 73' lang='grc' dir='ltr'><strong>καὶ</strong></span> <span class='ocrx_word' id='word_1_420' title='bbox 3338 2873 3640 2942; x_wconf 82' lang='grc' dir='ltr'>ἀνωνυμία,</span> <span class='ocrx_word' id='word_1_421' title='bbox 3672 2871 3810 2924; x_wconf 77' lang='grc' dir='ltr'><strong>κατά</strong></span> <span class='ocrx_word' id='word_1_422' title='bbox 3854 2871 4042 2941; x_wconf 77' lang='grc' dir='ltr'>μηδὲν</span> 
     </span>
    </p>
   </div>
   <div class='ocr_carea' id='block_1_61' title="bbox 2445 2959 4045 3033">
    <p class='ocr_par' dir='ltr' id='par_1_61' title="bbox 2445 2959 4045 3033">
     <span class='ocr_line' id='line_1_61' title="bbox 2445 2959 4045 3033; baseline -0.002 -14"><span class='ocrx_word' id='word_1_423' title='bbox 2445 2967 2555 3019; x_wconf 81' lang='grc' dir='ltr'><strong>τῶν</strong></span> <span class='ocrx_word' id='word_1_424' title='bbox 2576 2965 2743 3018; x_wconf 82' lang='grc' dir='ltr'>όντων</span> <span class='ocrx_word' id='word_1_425' title='bbox 2766 2961 2898 3018; x_wconf 81' lang='grc' dir='ltr'>οὖσα</span> <span class='ocrx_word' id='word_1_426' title='bbox 2915 2980 2928 2994; x_wconf 85' lang='grc'><strong>·</strong></span> <span class='ocrx_word' id='word_1_427' title='bbox 2959 2965 3051 3017; x_wconf 73' lang='grc' dir='ltr'><strong>καὶ</strong></span> <span class='ocrx_word' id='word_1_428' title='bbox 3075 2964 3244 3016; x_wconf 75' lang='grc' dir='ltr'>αἴτιον</span> <span class='ocrx_word' id='word_1_429' title='bbox 3273 2964 3371 3033; x_wconf 82' lang='grc' dir='ltr'><strong>μὲν</strong></span> <span class='ocrx_word' id='word_1_430' title='bbox 3390 2963 3484 3016; x_wconf 86' lang='grc' dir='ltr'>τοῦ</span> <span class='ocrx_word' id='word_1_431' title='bbox 3509 2959 3647 3015; x_wconf 72' lang='grc' dir='ltr'>εἶναι</span> <span class='ocrx_word' id='word_1_432' title='bbox 3679 2964 3860 3026; x_wconf 81' lang='grc' dir='ltr'>πᾶσιν,</span> <span class='ocrx_word' id='word_1_433' title='bbox 3894 2963 4045 3016; x_wconf 83' lang='grc' dir='ltr'>αὑτὸ</span> 
     </span>
    </p>
   </div>
   <div class='ocr_carea' id='block_1_62' title="bbox 2445 3054 4041 3128">
    <p class='ocr_par' dir='ltr' id='par_1_62' title="bbox 2445 3054 4041 3128">
     <span class='ocr_line' id='line_1_62' title="bbox 2445 3054 4041 3128; baseline -0.004 -16"><span class='ocrx_word' id='word_1_434' title='bbox 2445 3054 2502 3112; x_wconf 78' lang='grc' dir='ltr'>δὲ</span> <span class='ocrx_word' id='word_1_435' title='bbox 2527 3057 2600 3128; x_wconf 84' lang='grc' dir='ltr'>μὴ</span> <span class='ocrx_word' id='word_1_436' title='bbox 2627 3055 2706 3120; x_wconf 77' lang='grc' dir='ltr'>ὃν,</span> <span class='ocrx_word' id='word_1_437' title='bbox 2730 3057 2805 3119; x_wconf 86' lang='grc' dir='ltr'>ὠς</span> <span class='ocrx_word' id='word_1_438' title='bbox 2830 3057 3008 3126; x_wconf 80' lang='grc' dir='ltr'>πάσης</span> <span class='ocrx_word' id='word_1_439' title='bbox 3032 3057 3218 3119; x_wconf 80' lang='grc' dir='ltr'>οὐσίας</span> <span class='ocrx_word' id='word_1_440' title='bbox 3246 3056 3522 3119; x_wconf 80' lang='grc' dir='ltr'>ἐπέκεινα,</span> <span class='ocrx_word' id='word_1_441' title='bbox 3550 3059 3643 3109; x_wconf 70' lang='grc' dir='ltr'>καὶ</span> <span class='ocrx_word' id='word_1_442' title='bbox 3672 3056 3745 3118; x_wconf 79' lang='grc' dir='ltr'>ὡς</span> <span class='ocrx_word' id='word_1_443' title='bbox 3760 3054 3823 3109; x_wconf 78' lang='grc' dir='ltr'>ἂν</span> <span class='ocrx_word' id='word_1_444' title='bbox 3839 3055 3991 3124; x_wconf 68' lang='grc' dir='ltr'>αὑτὴ</span> <span class='ocrx_word' id='word_1_445' title='bbox 4013 3055 4041 3086; x_wconf 78' lang='lat'><strong>’</strong></span> 
     </span>
    </p>
   </div>
   <div class='ocr_carea' id='block_1_63' title="bbox 2446 3144 3924 3218">
    <p class='ocr_par' dir='ltr' id='par_1_63' title="bbox 2446 3144 3924 3218">
     <span class='ocr_line' id='line_1_63' title="bbox 2446 3144 3924 3218; baseline -0.003 -17"><span class='ocrx_word' id='word_1_446' title='bbox 2446 3149 2573 3218; x_wconf 72' lang='grc' dir='ltr'>περὶ</span> <span class='ocrx_word' id='word_1_447' title='bbox 2597 3147 2794 3216; x_wconf 78' lang='grc' dir='ltr'>ἑαυτῆς</span> <span class='ocrx_word' id='word_1_448' title='bbox 2821 3146 3023 3216; x_wconf 83' lang='grc' dir='ltr'>κυρίως</span> <span class='ocrx_word' id='word_1_449' title='bbox 3053 3146 3146 3198; x_wconf 77' lang='grc' dir='ltr'><strong>καὶ</strong></span> <span class='ocrx_word' id='word_1_450' title='bbox 3179 3145 3483 3215; x_wconf 80' lang='grc' dir='ltr'>ὲπιστητῶς</span> <span class='ocrx_word' id='word_1_451' title='bbox 3518 3145 3863 3211; x_wconf 76' lang='grc' dir='ltr'>ἀποφαίνοιτο</span> <span class='ocrx_word' id='word_1_452' title='bbox 3880 3144 3924 3196; x_wconf 79' lang='grc'>⁸.</span> 
     </span>
    </p>
   </div>
   <div class='ocr_carea' id='block_1_64' title="bbox 770 3231 4035 3305">
    <p class='ocr_par' dir='ltr' id='par_1_64' title="bbox 770 3231 4035 3305">
     <span class='ocr_line' id='line_1_64' title="bbox 770 3231 4035 3305; baseline 0 -19"><span class='ocrx_word' id='word_1_453' title='bbox 770 3242 855 3286; x_wconf 85' lang='lat' dir='ltr'><strong>est</strong></span> <span class='ocrx_word' id='word_1_454' title='bbox 899 3231 1028 3287; x_wconf 86' lang='lat' dir='ltr'><strong>illud</strong></span> <span class='ocrx_word' id='word_1_455' title='bbox 1076 3248 1239 3303; x_wconf 85' lang='lat' dir='ltr'><strong>supra</strong></span> <span class='ocrx_word' id='word_1_456' title='bbox 1291 3234 1515 3287; x_wconf 83' lang='lat' dir='ltr'><strong>verbum</strong></span> <span class='ocrx_word' id='word_1_457' title='bbox 1563 3234 1803 3298; x_wconf 89' lang='lat' dir='ltr'><strong>bonum;</strong></span> <span class='ocrx_word' id='word_1_458' title='bbox 1859 3235 2037 3288; x_wconf 87' lang='lat' dir='ltr'><strong>unitas</strong></span> <span class='ocrx_word' id='word_1_459' title='bbox 2069 3234 2314 3290; x_wconf 80' lang='lat' dir='ltr'><strong>ell&#39;ectrix</strong></span> <span class='ocrx_word' id='word_1_460' title='bbox 2349 3238 2622 3292; x_wconf 78' lang='lat' dir='ltr'><strong>universa:</strong></span> <span class='ocrx_word' id='word_1_461' title='bbox 2673 3238 2918 3301; x_wconf 88' lang='lat' dir='ltr'><strong>unitatis,</strong></span> <span class='ocrx_word' id='word_1_462' title='bbox 2975 3245 3031 3290; x_wconf 86' lang='lat' dir='ltr'><strong>et</strong></span> <span class='ocrx_word' id='word_1_463' title='bbox 3068 3237 3372 3290; x_wconf 87' lang='lat' dir='ltr'><strong>substantia</strong></span> <span class='ocrx_word' id='word_1_464' title='bbox 3417 3251 3577 3305; x_wconf 87' lang='lat' dir='ltr'><strong>supra</strong></span> <span class='ocrx_word' id='word_1_465' title='bbox 3625 3236 4035 3302; x_wconf 83' lang='lat' dir='ltr'><strong>substantiam,</strong></span> 
     </span>
    </p>
   </div>
   <div class='ocr_carea' id='block_1_65' title="bbox 770 3323 4037 3397">
    <p class='ocr_par' dir='ltr' id='par_1_65' title="bbox 770 3323 4037 3397">
     <span class='ocr_line' id='line_1_65' title="bbox 770 3323 4037 3397; baseline 0 -17"><span class='ocrx_word' id='word_1_466' title='bbox 770 3329 1008 3381; x_wconf 70' lang='lat' dir='ltr'><strong>e’tmens</strong></span> <span class='ocrx_word' id='word_1_467' title='bbox 1041 3339 1154 3381; x_wconf 86' lang='lat' dir='ltr'><strong>non</strong></span> <span class='ocrx_word' id='word_1_468' title='bbox 1201 3327 1400 3382; x_wconf 85' lang='lat' dir='ltr'><strong>cadens</strong></span> <span class='ocrx_word' id='word_1_469' title='bbox 1432 3329 1531 3381; x_wconf 89' lang='lat' dir='ltr'><strong>sub</strong></span> <span class='ocrx_word' id='word_1_470' title='bbox 1581 3323 2024 3396; x_wconf 80' lang='lat' dir='ltr'><strong>intelligentiam,</strong></span> <span class='ocrx_word' id='word_1_471' title='bbox 2058 3327 2200 3382; x_wconf 83' lang='lat' dir='ltr'><strong>ratio</strong></span> <span class='ocrx_word' id='word_1_472' title='bbox 2258 3343 2363 3382; x_wconf 91' lang='lat' dir='ltr'><strong>non</strong></span> <span class='ocrx_word' id='word_1_473' title='bbox 2390 3328 2620 3383; x_wconf 79' lang='lat' dir='ltr'><strong>effabilis</strong></span> <span class='ocrx_word' id='word_1_474' title='bbox 2684 3330 2930 3392; x_wconf 87' lang='lat' dir='ltr'><strong>ratione,</strong></span> <span class='ocrx_word' id='word_1_475' title='bbox 2977 3328 3353 3397; x_wconf 77' lang='lat' dir='ltr'><strong>intelligentia,</strong></span> <span class='ocrx_word' id='word_1_476' title='bbox 3424 3329 3750 3396; x_wconf 73' lang='lat' dir='ltr'><strong>nornineque</strong></span> <span class='ocrx_word' id='word_1_477' title='bbox 3791 3342 4037 3391; x_wconf 73' lang='lat' dir='ltr'><strong>vacans,</strong></span> 
     </span>
    </p>
   </div>
   <div class='ocr_carea' id='block_1_66' title="bbox 772 3417 4040 3487">
    <p class='ocr_par' dir='ltr' id='par_1_66' title="bbox 772 3417 4040 3487">
     <span class='ocr_line' id='line_1_66' title="bbox 772 3417 4040 3487; baseline -0 -14"><span class='ocrx_word' id='word_1_478' title='bbox 772 3419 976 3473; x_wconf 86' lang='lat' dir='ltr'><strong>nullius</strong></span> <span class='ocrx_word' id='word_1_479' title='bbox 1031 3417 1108 3472; x_wconf 89' lang='lat' dir='ltr'><strong>rei</strong></span> <span class='ocrx_word' id='word_1_480' title='bbox 1169 3417 1581 3472; x_wconf 87' lang='lat' dir='ltr'><strong>similitudinem</strong></span> <span class='ocrx_word' id='word_1_481' title='bbox 1642 3418 1894 3472; x_wconf 81' lang='lat' dir='ltr'><strong>habens:</strong></span> <span class='ocrx_word' id='word_1_482' title='bbox 1939 3433 2058 3485; x_wconf 62' lang='lat' dir='ltr'><strong>quae</strong></span> <span class='ocrx_word' id='word_1_483' title='bbox 2126 3419 2344 3487; x_wconf 86' lang='lat' dir='ltr'><strong>quidem</strong></span> <span class='ocrx_word' id='word_1_484' title='bbox 2378 3434 2540 3473; x_wconf 86' lang='lat' dir='ltr'><strong>causa</strong></span> <span class='ocrx_word' id='word_1_485' title='bbox 2575 3428 2656 3474; x_wconf 84' lang='lat' dir='ltr'><strong>est</strong></span> <span class='ocrx_word' id='word_1_486' title='bbox 2693 3430 2752 3472; x_wconf 89' lang='lat' dir='ltr'><strong>ut</strong></span> <span class='ocrx_word' id='word_1_487' title='bbox 2781 3421 2959 3474; x_wconf 90' lang='lat' dir='ltr'><strong>omnia</strong></span> <span class='ocrx_word' id='word_1_488' title='bbox 2993 3420 3122 3484; x_wconf 90' lang='lat' dir='ltr'><strong>sint,</strong></span> <span class='ocrx_word' id='word_1_489' title='bbox 3165 3417 3275 3486; x_wconf 86' lang='lat' dir='ltr'><strong>ipsa</strong></span> <span class='ocrx_word' id='word_1_490' title='bbox 3313 3433 3439 3472; x_wconf 90' lang='lat' dir='ltr'><strong>vero</strong></span> <span class='ocrx_word' id='word_1_491' title='bbox 3471 3434 3576 3472; x_wconf 90' lang='lat' dir='ltr'><strong>non</strong></span> <span class='ocrx_word' id='word_1_492' title='bbox 3626 3429 3729 3481; x_wconf 89' lang='lat' dir='ltr'><strong>est,</strong></span> <span class='ocrx_word' id='word_1_493' title='bbox 3786 3426 3845 3471; x_wconf 87' lang='lat' dir='ltr'><strong>ut</strong></span> <span class='ocrx_word' id='word_1_494' title='bbox 3901 3433 4040 3487; x_wconf 64' lang='lat' dir='ltr'><strong>qua</strong></span> 
     </span>
    </p>
   </div>
   <div class='ocr_carea' id='block_1_67' title="bbox 770 3507 3909 3583">
    <p class='ocr_par' dir='ltr' id='par_1_67' title="bbox 770 3507 3909 3583">
     <span class='ocr_line' id='line_1_67' title="bbox 770 3507 3909 3583; baseline 0 -18"><span class='ocrx_word' id='word_1_495' title='bbox 770 3511 1002 3583; x_wconf 85' lang='lat' dir='ltr'><strong>quiescit</strong></span> <span class='ocrx_word' id='word_1_496' title='bbox 1041 3519 1196 3566; x_wconf 61' lang='lat' dir='ltr'><strong>extra</strong></span> <span class='ocrx_word' id='word_1_497' title='bbox 1242 3510 1423 3564; x_wconf 85' lang='lat' dir='ltr'><strong>omnia</strong></span> <span class='ocrx_word' id='word_1_498' title='bbox 1471 3523 1592 3578; x_wconf 70' lang='lat' dir='ltr'><strong>qua:</strong></span> <span class='ocrx_word' id='word_1_499' title='bbox 1650 3519 1799 3575; x_wconf 89' lang='lat' dir='ltr'><strong>sunt,</strong></span> <span class='ocrx_word' id='word_1_500' title='bbox 1857 3508 2317 3577; x_wconf 86' lang='lat' dir='ltr'><strong>quemadmodum</strong></span> <span class='ocrx_word' id='word_1_501' title='bbox 2345 3509 2505 3564; x_wconf 88' lang='lat' dir='ltr'><strong>etiam</strong></span> <span class='ocrx_word' id='word_1_502' title='bbox 2538 3509 2649 3579; x_wconf 86' lang='lat' dir='ltr'><strong>ipsa</strong></span> <span class='ocrx_word' id='word_1_503' title='bbox 2678 3511 2743 3563; x_wconf 82' lang='lat' dir='ltr'><strong>de</strong></span> <span class='ocrx_word' id='word_1_504' title='bbox 2768 3525 2827 3564; x_wconf 89' lang='lat' dir='ltr'><strong>se</strong></span> <span class='ocrx_word' id='word_1_505' title='bbox 2859 3511 3074 3579; x_wconf 87' lang='lat' dir='ltr'><strong>proprie</strong></span> <span class='ocrx_word' id='word_1_506' title='bbox 3108 3513 3352 3578; x_wconf 87' lang='lat' dir='ltr'><strong>sciteque</strong></span> <span class='ocrx_word' id='word_1_507' title='bbox 3391 3509 3507 3566; x_wconf 66' lang='lat' dir='ltr'><strong>hinc</strong></span> <span class='ocrx_word' id='word_1_508' title='bbox 3529 3507 3680 3564; x_wconf 65' lang='lat' dir='ltr'><strong>eﬂ‘ari</strong></span> <span class='ocrx_word' id='word_1_509' title='bbox 3711 3521 3909 3580; x_wconf 88' lang='lat' dir='ltr'><strong>potest.</strong></span> 
     </span>
    </p>
   </div>
   <div class='ocr_carea' id='block_1_68' title="bbox 2333 3709 2487 3784">
    <p class='ocr_par' dir='ltr' id='par_1_68' title="bbox 2333 3709 2487 3784">
     <span class='ocr_line' id='line_1_68' title="bbox 2333 3709 2487 3784; baseline 0 -14"><span class='ocrx_word' id='word_1_510' title='bbox 2333 3713 2361 3784; x_wconf 64' lang='grc' dir='ltr'><strong>ς</strong></span> <span class='ocrx_word' id='word_1_511' title='bbox 2409 3709 2487 3770; x_wconf 88' lang='lat' dir='ltr'><strong>ll.</strong></span> 
     </span>
    </p>
   </div>
   <div class='ocr_carea' id='block_1_69' title="bbox 837 3857 2408 3929">
    <p class='ocr_par' dir='ltr' id='par_1_69' title="bbox 837 3857 2408 3929">
     <span class='ocr_line' id='line_1_69' title="bbox 837 3857 2408 3929; baseline -0.006 -10"><span class='ocrx_word' id='word_1_512' title='bbox 837 3858 916 3919; x_wconf 87' lang='lat' dir='ltr'><strong>De</strong></span> <span class='ocrx_word' id='word_1_513' title='bbox 941 3865 1042 3917; x_wconf 89' lang='lat' dir='ltr'><strong>hac</strong></span> <span class='ocrx_word' id='word_1_514' title='bbox 1065 3862 1259 3929; x_wconf 75' lang='lat' dir='ltr'><strong>igitur,</strong></span> <span class='ocrx_word' id='word_1_515' title='bbox 1293 3869 1352 3914; x_wconf 91' lang='lat' dir='ltr'><strong>ut</strong></span> <span class='ocrx_word' id='word_1_516' title='bbox 1372 3860 1572 3914; x_wconf 90' lang='lat' dir='ltr'><strong>dictum</strong></span> <span class='ocrx_word' id='word_1_517' title='bbox 1596 3866 1701 3922; x_wconf 89' lang='lat' dir='ltr'><strong>est,</strong></span> <span class='ocrx_word' id='word_1_518' title='bbox 1727 3857 2237 3927; x_wconf 87' lang='lat' dir='ltr'><strong>supersubstantiali</strong></span> <span class='ocrx_word' id='word_1_519' title='bbox 2277 3872 2339 3911; x_wconf 91' lang='lat' dir='ltr'><strong>ac</strong></span> <span class='ocrx_word' id='word_1_520' title='bbox 2367 3864 2408 3921; x_wconf 84' lang='lat' dir='ltr'><strong><em>C</em></strong></span> 
     </span>
    </p>
   </div>
   <div class='ocr_carea' id='block_1_70' title="bbox 770 3948 2337 4017">
    <p class='ocr_par' dir='ltr' id='par_1_70' title="bbox 770 3948 2337 4017">
     <span class='ocr_line' id='line_1_70' title="bbox 770 3948 2337 4017; baseline -0.008 -5"><span class='ocrx_word' id='word_1_521' title='bbox 770 3955 1053 4011; x_wconf 87' lang='lat' dir='ltr'><strong>recondita</strong></span> <span class='ocrx_word' id='word_1_522' title='bbox 1086 3953 1375 4006; x_wconf 85' lang='lat' dir='ltr'><strong>divinitate</strong></span> <span class='ocrx_word' id='word_1_523' title='bbox 1410 3965 1512 4004; x_wconf 91' lang='lat' dir='ltr'><strong>non</strong></span> <span class='ocrx_word' id='word_1_524' title='bbox 1555 3960 1638 4004; x_wconf 89' lang='lat' dir='ltr'><strong>est</strong></span> <span class='ocrx_word' id='word_1_525' title='bbox 1665 3951 2107 4017; x_wconf 76' lang='lat' dir='ltr'><strong>przesumendunt</strong></span> <span class='ocrx_word' id='word_1_526' title='bbox 2136 3948 2337 4012; x_wconf 77' lang='lat' dir='ltr'><strong>dicere,</strong></span> 
     </span>
    </p>
   </div>
   <div class='ocr_carea' id='block_1_71' title="bbox 769 4041 2340 4118">
    <p class='ocr_par' dir='ltr' id='par_1_71' title="bbox 769 4041 2340 4118">
     <span class='ocr_line' id='line_1_71' title="bbox 769 4041 2340 4118; baseline -0.005 -14"><span class='ocrx_word' id='word_1_527' title='bbox 769 4051 863 4105; x_wconf 77' lang='lat' dir='ltr'><strong>sed</strong></span> <span class='ocrx_word' id='word_1_528' title='bbox 894 4061 1070 4118; x_wconf 90' lang='lat' dir='ltr'><strong>neque</strong></span> <span class='ocrx_word' id='word_1_529' title='bbox 1105 4047 1348 4115; x_wconf 80' lang='lat' dir='ltr'><strong>cogitare</strong></span> <span class='ocrx_word' id='word_1_530' title='bbox 1378 4044 1678 4114; x_wconf 89' lang='lat' dir='ltr'><strong>quidpiam,</strong></span> <span class='ocrx_word' id='word_1_531' title='bbox 1713 4054 1910 4111; x_wconf 66' lang='lat' dir='ltr'><strong>praeter</strong></span> <span class='ocrx_word' id='word_1_532' title='bbox 1933 4056 1995 4095; x_wconf 84' lang='lat' dir='ltr'><strong>ea</strong></span> <span class='ocrx_word' id='word_1_533' title='bbox 2034 4057 2153 4111; x_wconf 64' lang='lat' dir='ltr'><strong>qua?</strong></span> <span class='ocrx_word' id='word_1_534' title='bbox 2181 4041 2340 4096; x_wconf 88' lang='lat' dir='ltr'><strong>nobis</strong></span> 
     </span>
    </p>
   </div>
   <div class='ocr_carea' id='block_1_72' title="bbox 769 4134 2340 4202">
    <p class='ocr_par' dir='ltr' id='par_1_72' title="bbox 769 4134 2340 4202">
     <span class='ocr_line' id='line_1_72' title="bbox 769 4134 2340 4202; baseline -0.006 -8"><span class='ocrx_word' id='word_1_535' title='bbox 769 4141 1035 4195; x_wconf 89' lang='lat' dir='ltr'><strong>divinitus</strong></span> <span class='ocrx_word' id='word_1_536' title='bbox 1091 4137 1268 4192; x_wconf 86' lang='lat' dir='ltr'><strong>sacris</strong></span> <span class='ocrx_word' id='word_1_537' title='bbox 1324 4147 1452 4192; x_wconf 87' lang='lat' dir='ltr'><strong>sunt</strong></span> <span class='ocrx_word' id='word_1_538' title='bbox 1496 4135 1730 4202; x_wconf 82' lang='lat' dir='ltr'><strong>eloquiis</strong></span> <span class='ocrx_word' id='word_1_539' title='bbox 1764 4134 2068 4198; x_wconf 86' lang='lat' dir='ltr'><strong>enuntiata,</strong></span> <span class='ocrx_word' id='word_1_540' title='bbox 2113 4149 2234 4186; x_wconf 91' lang='lat' dir='ltr'><strong>nam</strong></span> <span class='ocrx_word' id='word_1_541' title='bbox 2282 4141 2340 4186; x_wconf 94' lang='lat' dir='ltr'><strong>ut</strong></span> 
     </span>
    </p>
   </div>
   <div class='ocr_carea' id='block_1_73' title="bbox 770 4225 2336 4301">
    <p class='ocr_par' dir='ltr' id='par_1_73' title="bbox 770 4225 2336 4301">
     <span class='ocr_line' id='line_1_73' title="bbox 770 4225 2336 4301; baseline -0.006 -15"><span class='ocrx_word' id='word_1_542' title='bbox 770 4239 884 4301; x_wconf 87' lang='lat' dir='ltr'><strong>ipsa</strong></span> <span class='ocrx_word' id='word_1_543' title='bbox 914 4235 979 4286; x_wconf 90' lang='lat' dir='ltr'><strong>de</strong></span> <span class='ocrx_word' id='word_1_544' title='bbox 1005 4244 1062 4285; x_wconf 89' lang='lat' dir='ltr'><strong>se</strong></span> <span class='ocrx_word' id='word_1_545' title='bbox 1083 4229 1248 4300; x_wconf 73' lang='lat'><strong>285</strong></span> <span class='ocrx_word' id='word_1_546' title='bbox 1284 4229 1336 4284; x_wconf 90' lang='lat' dir='ltr'><strong>in</strong></span> <span class='ocrx_word' id='word_1_547' title='bbox 1353 4229 1533 4284; x_wconf 87' lang='lat' dir='ltr'><strong>sacris</strong></span> <span class='ocrx_word' id='word_1_548' title='bbox 1583 4227 1781 4281; x_wconf 88' lang='lat' dir='ltr'><strong>litteris</strong></span> <span class='ocrx_word' id='word_1_549' title='bbox 1817 4227 2046 4296; x_wconf 76' lang='lat' dir='ltr'><strong>benigne</strong></span> <span class='ocrx_word' id='word_1_550' title='bbox 2097 4225 2336 4289; x_wconf 88' lang='lat' dir='ltr'><strong>tradidit,</strong></span> 
     </span>
    </p>
   </div>
   <div class='ocr_carea' id='block_1_74' title="bbox 767 4318 2339 4395">
    <p class='ocr_par' dir='ltr' id='par_1_74' title="bbox 767 4318 2339 4395">
     <span class='ocr_line' id='line_1_74' title="bbox 767 4318 2339 4395; baseline -0.006 -14"><span class='ocrx_word' id='word_1_551' title='bbox 767 4328 884 4395; x_wconf 87' lang='lat' dir='ltr'><strong>ejus</strong></span> <span class='ocrx_word' id='word_1_552' title='bbox 918 4325 1046 4395; x_wconf 92' lang='lat' dir='ltr'><strong>quid</strong></span> <span class='ocrx_word' id='word_1_553' title='bbox 1076 4325 1146 4378; x_wconf 86' lang='lat' dir='ltr'><strong>sit</strong></span> <span class='ocrx_word' id='word_1_554' title='bbox 1173 4323 1400 4377; x_wconf 88' lang='lat' dir='ltr'><strong>scientia</strong></span> <span class='ocrx_word' id='word_1_555' title='bbox 1429 4333 1484 4377; x_wconf 92' lang='lat' dir='ltr'><strong>et</strong></span> <span class='ocrx_word' id='word_1_556' title='bbox 1527 4319 1934 4389; x_wconf 87' lang='lat' dir='ltr'><strong>contemplatio,</strong></span> <span class='ocrx_word' id='word_1_557' title='bbox 1969 4327 2055 4373; x_wconf 90' lang='lat' dir='ltr'><strong>est</strong></span> <span class='ocrx_word' id='word_1_558' title='bbox 2083 4318 2339 4372; x_wconf 86' lang='lat' dir='ltr'><strong>omnibus</strong></span> 
     </span>
    </p>
   </div>
   <div class='ocr_carea' id='block_1_75' title="bbox 769 4410 2339 4481">
    <p class='ocr_par' dir='ltr' id='par_1_75' title="bbox 769 4410 2339 4481">
     <span class='ocr_line' id='line_1_75' title="bbox 769 4410 2339 4481; baseline -0.007 -9"><span class='ocrx_word' id='word_1_559' title='bbox 769 4418 1047 4472; x_wconf 88' lang='lat' dir='ltr'><strong>inaccessa</strong></span> <span class='ocrx_word' id='word_1_560' title='bbox 1090 4415 1414 4470; x_wconf 88' lang='lat' dir='ltr'><strong>substantiis</strong></span> <span class='ocrx_word' id='word_1_561' title='bbox 1469 4422 1726 4481; x_wconf 87' lang='lat' dir='ltr'><strong>tanquam</strong></span> <span class='ocrx_word' id='word_1_562' title='bbox 1774 4413 1841 4465; x_wconf 86' lang='lat' dir='ltr'><strong>ab</strong></span> <span class='ocrx_word' id='word_1_563' title='bbox 1869 4410 2119 4463; x_wconf 84' lang='lat' dir='ltr'><strong>omnibus</strong></span> <span class='ocrx_word' id='word_1_564' title='bbox 2151 4422 2339 4476; x_wconf 88' lang='lat' dir='ltr'><strong>super-</strong></span> 
     </span>
    </p>
   </div>
   <div class='ocr_carea' id='block_1_76' title="bbox 769 4501 2339 4575">
    <p class='ocr_par' dir='ltr' id='par_1_76' title="bbox 769 4501 2339 4575">
     <span class='ocr_line' id='line_1_76' title="bbox 769 4501 2339 4575; baseline -0.006 -10"><span class='ocrx_word' id='word_1_565' title='bbox 769 4509 1136 4565; x_wconf 84' lang='lat' dir='ltr'><strong>essentialiter</strong></span> <span class='ocrx_word' id='word_1_566' title='bbox 1197 4516 1453 4575; x_wconf 77' lang='lat' dir='ltr'><strong>excepta.</strong></span> <span class='ocrx_word' id='word_1_567' title='bbox 1510 4504 1705 4559; x_wconf 64' lang='lat' dir='ltr'><strong>Huitos</strong></span> <span class='ocrx_word' id='word_1_568' title='bbox 1790 4517 2005 4572; x_wconf 89' lang='lat' dir='ltr'><strong>quoque</strong></span> <span class='ocrx_word' id='word_1_569' title='bbox 2054 4501 2339 4570; x_wconf 79' lang='lat' dir='ltr'><strong>theologos</strong></span> 
     </span>
    </p>
   </div>
   <div class='ocr_carea' id='block_1_77' title="bbox 768 4595 2335 4665">
    <p class='ocr_par' dir='ltr' id='par_1_77' title="bbox 768 4595 2335 4665">
     <span class='ocr_line' id='line_1_77' title="bbox 768 4595 2335 4665; baseline -0.007 -9"><span class='ocrx_word' id='word_1_570' title='bbox 768 4602 1050 4665; x_wconf 87' lang='lat' dir='ltr'><strong>invenias,</strong></span> <span class='ocrx_word' id='word_1_571' title='bbox 1088 4615 1194 4654; x_wconf 92' lang='lat' dir='ltr'><strong>non</strong></span> <span class='ocrx_word' id='word_1_572' title='bbox 1245 4598 1404 4652; x_wconf 90' lang='lat' dir='ltr'><strong>modo</strong></span> <span class='ocrx_word' id='word_1_573' title='bbox 1442 4597 1614 4656; x_wconf 84' lang='lat' dir='ltr'><strong>illaut.</strong></span> <span class='ocrx_word' id='word_1_574' title='bbox 1668 4597 1809 4665; x_wconf 87' lang='lat' dir='ltr'><strong>quod</strong></span> <span class='ocrx_word' id='word_1_575' title='bbox 1872 4595 2041 4647; x_wconf 88' lang='lat' dir='ltr'><strong>visum</strong></span> <span class='ocrx_word' id='word_1_576' title='bbox 2091 4603 2335 4647; x_wconf 86' lang='lat' dir='ltr'><strong>nostrum</strong></span> 
     </span>
    </p>
   </div>
   <div class='ocr_carea' id='block_1_78' title="bbox 2511 3851 4038 3929">
    <p class='ocr_par' dir='ltr' id='par_1_78' title="bbox 2511 3851 4038 3929">
     <span class='ocr_line' id='line_1_78' title="bbox 2511 3851 4038 3929; baseline 0 -20"><span class='ocrx_word' id='word_1_577' title='bbox 2511 3857 2647 3929; x_wconf 54' lang='grc' dir='ltr'><strong>Περὶ⁸</strong></span> <span class='ocrx_word' id='word_1_578' title='bbox 2681 3855 2884 3928; x_wconf 79' lang='grc' dir='ltr'>ταύτης</span> <span class='ocrx_word' id='word_1_579' title='bbox 2927 3851 3040 3921; x_wconf 73' lang='grc' dir='ltr'>οὖν,</span> <span class='ocrx_word' id='word_1_580' title='bbox 3067 3855 3142 3920; x_wconf 84' lang='grc' dir='ltr'>ὼς</span> <span class='ocrx_word' id='word_1_581' title='bbox 3172 3855 3407 3926; x_wconf 72' lang='grc' dir='ltr'>εἴρηται,</span> <span class='ocrx_word' id='word_1_582' title='bbox 3430 3853 3530 3925; x_wconf 78' lang='grc' dir='ltr'>τῆς</span> <span class='ocrx_word' id='word_1_583' title='bbox 3567 3852 3892 3925; x_wconf 72' lang='grc' dir='ltr'>ὑπερουσίου</span> <span class='ocrx_word' id='word_1_584' title='bbox 3923 3856 4038 3909; x_wconf 69' lang='lat' dir='ltr'><strong>xui.</strong></span> 
     </span>
    </p>
   </div>
   <div class='ocr_carea' id='block_1_79' title="bbox 2444 3944 4036 4021">
    <p class='ocr_par' dir='ltr' id='par_1_79' title="bbox 2444 3944 4036 4021">
     <span class='ocr_line' id='line_1_79' title="bbox 2444 3944 4036 4021; baseline 0 -19"><span class='ocrx_word' id='word_1_585' title='bbox 2444 3951 2678 4021; x_wconf 80' lang='grc' dir='ltr'>κρυφίας</span> <span class='ocrx_word' id='word_1_586' title='bbox 2733 3949 2984 4018; x_wconf 83' lang='grc' dir='ltr'>θεότητος</span> <span class='ocrx_word' id='word_1_587' title='bbox 3027 3948 3088 4000; x_wconf 87' lang='grc' dir='ltr'><strong>οὑ</strong></span> <span class='ocrx_word' id='word_1_588' title='bbox 3146 3947 3439 4017; x_wconf 79' lang='grc' dir='ltr'>τολμητέον</span> <span class='ocrx_word' id='word_1_589' title='bbox 3492 3947 3686 4009; x_wconf 82' lang='grc' dir='ltr'>εἰπεῖν,</span> <span class='ocrx_word' id='word_1_590' title='bbox 3731 3944 3856 3997; x_wconf 71' lang='grc' dir='ltr'>οὔτε</span> <span class='ocrx_word' id='word_1_591' title='bbox 3909 3947 4036 4018; x_wconf 76' lang='grc' dir='ltr'><strong>μὴν</strong></span> 
     </span>
    </p>
   </div>
   <div class='ocr_carea' id='block_1_80' title="bbox 2443 4038 4036 4113">
    <p class='ocr_par' dir='ltr' id='par_1_80' title="bbox 2443 4038 4036 4113">
     <span class='ocr_line' id='line_1_80' title="bbox 2443 4038 4036 4113; baseline -0.001 -18"><span class='ocrx_word' id='word_1_592' title='bbox 2443 4044 2692 4113; x_wconf 77' lang='grc' dir='ltr'>ἐννοῆσαί</span> <span class='ocrx_word' id='word_1_593' title='bbox 2728 4060 2802 4105; x_wconf 89' lang='grc' dir='ltr'><strong>τι,</strong></span> <span class='ocrx_word' id='word_1_594' title='bbox 2838 4041 2990 4112; x_wconf 78' lang='grc' dir='ltr'>παρὰ</span> <span class='ocrx_word' id='word_1_595' title='bbox 3028 4041 3096 4093; x_wconf 86' lang='grc' dir='ltr'>τὰ</span> <span class='ocrx_word' id='word_1_596' title='bbox 3139 4040 3386 4102; x_wconf 84' lang='grc' dir='ltr'>θεοειδῶς</span> <span class='ocrx_word' id='word_1_597' title='bbox 3408 4041 3428 4071; x_wconf 76' lang='grc'>⁸</span> <span class='ocrx_word' id='word_1_598' title='bbox 3465 4042 3591 4109; x_wconf 81' lang='grc' dir='ltr'>ἡμῖν</span> <span class='ocrx_word' id='word_1_599' title='bbox 3620 4041 3684 4091; x_wconf 80' lang='grc' dir='ltr'><strong>ὲκ</strong></span> <span class='ocrx_word' id='word_1_600' title='bbox 3709 4038 3816 4090; x_wconf 91' lang='grc' dir='ltr'><strong>τῶν</strong></span> <span class='ocrx_word' id='word_1_601' title='bbox 3852 4039 4036 4109; x_wconf 71' lang='grc' dir='ltr'>ἱερῶν</span> 
     </span>
    </p>
   </div>
   <div class='ocr_carea' id='block_1_81' title="bbox 2441 4131 4036 4202">
    <p class='ocr_par' dir='ltr' id='par_1_81' title="bbox 2441 4131 4036 4202">
     <span class='ocr_line' id='line_1_81' title="bbox 2441 4131 4036 4202; baseline -0.003 -13"><span class='ocrx_word' id='word_1_602' title='bbox 2441 4136 2637 4202; x_wconf 89' lang='grc' dir='ltr'>λογίων</span> <span class='ocrx_word' id='word_1_603' title='bbox 2669 4133 3085 4202; x_wconf 76' lang='grc' dir='ltr'>ἐκπεφασμέναο</span> <span class='ocrx_word' id='word_1_604' title='bbox 3117 4131 3208 4184; x_wconf 69' lang='grc' dir='ltr'>καὶ</span> <span class='ocrx_word' id='word_1_605' title='bbox 3240 4131 3348 4202; x_wconf 84' lang='grc' dir='ltr'><strong>γάρ</strong></span> <span class='ocrx_word' id='word_1_606' title='bbox 3372 4131 3451 4192; x_wconf 76' lang='grc' dir='ltr'><strong>’ὡς</strong></span> <span class='ocrx_word' id='word_1_607' title='bbox 3485 4131 3621 4202; x_wconf 83' lang='grc' dir='ltr'>αὑτὴ</span> <span class='ocrx_word' id='word_1_608' title='bbox 3649 4131 3774 4201; x_wconf 78' lang='grc' dir='ltr'>περὶ</span> <span class='ocrx_word' id='word_1_609' title='bbox 3811 4131 4036 4200; x_wconf 69' lang='grc' dir='ltr'>ἑαυτῆς</span> 
     </span>
    </p>
   </div>
   <div class='ocr_carea' id='block_1_82' title="bbox 2441 4221 4035 4296">
    <p class='ocr_par' dir='ltr' id='par_1_82' title="bbox 2441 4221 4035 4296">
     <span class='ocr_line' id='line_1_82' title="bbox 2441 4221 4035 4296; baseline -0.002 -16"><span class='ocrx_word' id='word_1_610' title='bbox 2441 4230 2498 4281; x_wconf 80' lang='grc' dir='ltr'>ἐν</span> <span class='ocrx_word' id='word_1_611' title='bbox 2545 4230 2656 4290; x_wconf 88' lang='grc' dir='ltr'>τοῖς</span> <span class='ocrx_word' id='word_1_612' title='bbox 2702 4227 2899 4295; x_wconf 87' lang='grc' dir='ltr'>λογίοις</span> <span class='ocrx_word' id='word_1_613' title='bbox 2939 4223 3340 4296; x_wconf 85' lang='grc' dir='ltr'>ἀγαθοπρεπῶς</span> <span class='ocrx_word' id='word_1_614' title='bbox 3393 4221 3794 4293; x_wconf 79' lang='grc' dir='ltr'>παραδέδωκεν,</span> <span class='ocrx_word' id='word_1_615' title='bbox 3844 4225 3878 4294; x_wconf 84' lang='grc' dir='ltr'><strong>ἠ</strong></span> <span class='ocrx_word' id='word_1_616' title='bbox 3917 4225 4035 4293; x_wconf 76' lang='grc' dir='ltr'>μὲν</span> 
     </span>
    </p>
   </div>
   <div class='ocr_carea' id='block_1_83' title="bbox 2441 4317 4034 4392">
    <p class='ocr_par' dir='ltr' id='par_1_83' title="bbox 2441 4317 4034 4392">
     <span class='ocr_line' id='line_1_83' title="bbox 2441 4317 4034 4392; baseline -0.003 -17"><span class='ocrx_word' id='word_1_617' title='bbox 2441 4323 2609 4392; x_wconf 85' lang='grc' dir='ltr'>αὑτῆς</span> <span class='ocrx_word' id='word_1_618' title='bbox 2636 4322 2663 4374; x_wconf 83' lang='grc' dir='ltr'>ὅ</span> <span class='ocrx_word' id='word_1_619' title='bbox 2701 4339 2753 4374; x_wconf 90' lang='grc' dir='ltr'><strong>τι</strong></span> <span class='ocrx_word' id='word_1_620' title='bbox 2794 4320 2920 4374; x_wconf 79' lang='grc' dir='ltr'>ποτέ</span> <span class='ocrx_word' id='word_1_621' title='bbox 2968 4322 3117 4372; x_wconf 75' lang='grc' dir='ltr'>ἐστιν</span> <span class='ocrx_word' id='word_1_622' title='bbox 3165 4318 3439 4389; x_wconf 75' lang='grc' dir='ltr'>ἐπιστήμη</span> <span class='ocrx_word' id='word_1_623' title='bbox 3483 4317 3816 4384; x_wconf 67' lang='grc' dir='ltr'>καὶθεωρίσ,</span> <span class='ocrx_word' id='word_1_624' title='bbox 3849 4320 4034 4372; x_wconf 72' lang='grc' dir='ltr'>πᾶσιν</span> 
     </span>
    </p>
   </div>
   <div class='ocr_carea' id='block_1_84' title="bbox 2441 4407 4028 4484">
    <p class='ocr_par' dir='ltr' id='par_1_84' title="bbox 2441 4407 4028 4484">
     <span class='ocr_line' id='line_1_84' title="bbox 2441 4407 4028 4484; baseline -0.009 -16"><span class='ocrx_word' id='word_1_625' title='bbox 2441 4415 2638 4477; x_wconf 79' lang='grc' dir='ltr'>ἀϐατός</span> <span class='ocrx_word' id='word_1_626' title='bbox 2667 4416 2780 4465; x_wconf 75' lang='grc' dir='ltr'>ἐστι</span> <span class='ocrx_word' id='word_1_627' title='bbox 2823 4416 2933 4476; x_wconf 80' lang='grc' dir='ltr'>τοῖς</span> <span class='ocrx_word' id='word_1_628' title='bbox 2984 4407 3154 4474; x_wconf 79' lang='grc' dir='ltr'>οὖσιν,</span> <span class='ocrx_word' id='word_1_629' title='bbox 3185 4412 3259 4475; x_wconf 84' lang='grc' dir='ltr'>ὼς</span> <span class='ocrx_word' id='word_1_630' title='bbox 3286 4412 3500 4464; x_wconf 85' lang='grc' dir='ltr'>πάντων</span> <span class='ocrx_word' id='word_1_631' title='bbox 3529 4411 3868 4480; x_wconf 82' lang='grc' dir='ltr'>ὑπερουσίως</span> <span class='ocrx_word' id='word_1_632' title='bbox 3897 4411 4028 4484; x_wconf 48' lang='lat' dir='ltr'><strong>seu-</strong></span> 
     </span>
    </p>
   </div>
   <div class='ocr_carea' id='block_1_85' title="bbox 2443 4503 4028 4578">
    <p class='ocr_par' dir='ltr' id='par_1_85' title="bbox 2443 4503 4028 4578">
     <span class='ocr_line' id='line_1_85' title="bbox 2443 4503 4028 4578; baseline -0.003 -18"><span class='ocrx_word' id='word_1_633' title='bbox 2443 4507 2671 4578; x_wconf 80' lang='grc' dir='ltr'>ρημένη.</span> <span class='ocrx_word' id='word_1_634' title='bbox 2703 4507 2812 4560; x_wconf 73' lang='grc' dir='ltr'><strong>Καὶ</strong></span> <span class='ocrx_word' id='word_1_635' title='bbox 2860 4504 3086 4567; x_wconf 79' lang='grc' dir='ltr'>πολλοὺς</span> <span class='ocrx_word' id='word_1_636' title='bbox 3112 4503 3221 4556; x_wconf 88' lang='grc' dir='ltr'><strong>τῶν</strong></span> <span class='ocrx_word' id='word_1_637' title='bbox 3246 4503 3506 4569; x_wconf 88' lang='grc' dir='ltr'>θεολόγων</span> <span class='ocrx_word' id='word_1_638' title='bbox 3549 4503 3798 4572; x_wconf 79' lang='grc' dir='ltr'>εὑρήσεις</span> <span class='ocrx_word' id='word_1_639' title='bbox 3823 4503 3885 4554; x_wconf 82' lang='grc' dir='ltr'><strong>οὑ</strong></span> <span class='ocrx_word' id='word_1_640' title='bbox 3919 4504 4028 4572; x_wconf 73' lang='grc' dir='ltr'>μό-</span> 
     </span>
    </p>
   </div>
   <div class='ocr_carea' id='block_1_86' title="bbox 2441 4595 4028 4670">
    <p class='ocr_par' dir='ltr' id='par_1_86' title="bbox 2441 4595 4028 4670">
     <span class='ocr_line' id='line_1_86' title="bbox 2441 4595 4028 4670; baseline -0.003 -17"><span class='ocrx_word' id='word_1_641' title='bbox 2441 4617 2528 4652; x_wconf 91' lang='grc' dir='ltr'><strong>νον</strong></span> <span class='ocrx_word' id='word_1_642' title='bbox 2563 4600 2637 4663; x_wconf 84' lang='grc' dir='ltr'>ὼς</span> <span class='ocrx_word' id='word_1_643' title='bbox 2666 4601 2892 4670; x_wconf 86' lang='grc' dir='ltr'>ἀόρατον</span> <span class='ocrx_word' id='word_1_644' title='bbox 2921 4595 3088 4667; x_wconf 80' lang='grc' dir='ltr'>αὑτὴν</span> <span class='ocrx_word' id='word_1_645' title='bbox 3132 4597 3222 4649; x_wconf 73' lang='grc' dir='ltr'>καὶ</span> <span class='ocrx_word' id='word_1_646' title='bbox 3263 4595 3632 4666; x_wconf 84' lang='grc' dir='ltr'>ἀπερίληπτον</span> <span class='ocrx_word' id='word_1_647' title='bbox 3678 4595 4028 4664; x_wconf 80' lang='grc' dir='ltr'>ὑμνηκότας,</span> 
     </span>
    </p>
   </div>
   <div class='ocr_carea' id='block_1_87' title="bbox 2438 4683 4029 4759">
    <p class='ocr_par' dir='ltr' id='par_1_87' title="bbox 2438 4683 4029 4759">
     <span class='ocr_line' id='line_1_87' title="bbox 2438 4683 4029 4759; baseline -0.003 -17"><span class='ocrx_word' id='word_1_648' title='bbox 2438 4689 2574 4743; x_wconf 87' lang='grc' dir='ltr'><strong>ἀλλά</strong></span> <span class='ocrx_word' id='word_1_649' title='bbox 2598 4689 2690 4742; x_wconf 76' lang='grc' dir='ltr'>καὶ</span> <span class='ocrx_word' id='word_1_650' title='bbox 2717 4685 3132 4759; x_wconf 81' lang='grc' dir='ltr'>ἀνεξερεύνητον</span> <span class='ocrx_word' id='word_1_651' title='bbox 3182 4686 3298 4756; x_wconf 73' lang='grc' dir='ltr'><strong>ἅμα</strong></span> <span class='ocrx_word' id='word_1_652' title='bbox 3342 4686 3435 4738; x_wconf 76' lang='grc' dir='ltr'><strong>καὶ</strong></span> <span class='ocrx_word' id='word_1_653' title='bbox 3480 4683 3910 4754; x_wconf 81' lang='grc' dir='ltr'>ἀνεξιχνίαστον,</span> <span class='ocrx_word' id='word_1_654' title='bbox 3943 4689 4029 4753; x_wconf 81' lang='grc' dir='ltr'>ὡς</span> 
     </span>
    </p>
   </div>
   <div class='ocr_carea' id='block_1_88' title="bbox 2437 4770 4030 4851">
    <p class='ocr_par' dir='ltr' id='par_1_88' title="bbox 2437 4770 4030 4851">
     <span class='ocr_line' id='line_1_88' title="bbox 2437 4770 4030 4851; baseline -0.001 -18"><span class='ocrx_word' id='word_1_655' title='bbox 2437 4781 2539 4834; x_wconf 87' lang='grc' dir='ltr'><strong>οὑκ</strong></span> <span class='ocrx_word' id='word_1_656' title='bbox 2563 4781 2711 4844; x_wconf 79' lang='grc' dir='ltr'>ὄντος</span> <span class='ocrx_word' id='word_1_657' title='bbox 2741 4780 2920 4850; x_wconf 79' lang='grc' dir='ltr'>ἴχνους</span> <span class='ocrx_word' id='word_1_658' title='bbox 2943 4770 3175 4841; x_wconf 75' lang='grc' dir='ltr'>οὐδενὸς,</span> <span class='ocrx_word' id='word_1_659' title='bbox 3204 4778 3312 4830; x_wconf 88' lang='grc' dir='ltr'><strong>τῶν</strong></span> <span class='ocrx_word' id='word_1_660' title='bbox 3339 4775 3430 4830; x_wconf 76' lang='grc' dir='ltr'>ἐπὶ</span> <span class='ocrx_word' id='word_1_661' title='bbox 3452 4777 3551 4847; x_wconf 74' lang='grc' dir='ltr'>τὴν</span> <span class='ocrx_word' id='word_1_662' title='bbox 3579 4779 3813 4848; x_wconf 80' lang='grc' dir='ltr'>κρυφίαν</span> <span class='ocrx_word' id='word_1_663' title='bbox 3841 4777 4030 4851; x_wconf 77' lang='grc' dir='ltr'>αὐτῆς</span> 
     </span>
    </p>
   </div>
   <div class='ocr_carea' id='block_1_89' title="bbox 2438 4863 4028 4942">
    <p class='ocr_par' dir='ltr' id='par_1_89' title="bbox 2438 4863 4028 4942">
     <span class='ocr_line' id='line_1_89' title="bbox 2438 4863 4028 4942; baseline -0.004 -17"><span class='ocrx_word' id='word_1_664' title='bbox 2438 4874 2691 4942; x_wconf 88' lang='grc' dir='ltr'>ἀπειρίαν</span> <span class='ocrx_word' id='word_1_665' title='bbox 2739 4868 3141 4940; x_wconf 83' lang='grc' dir='ltr'>διεληλυθότων.</span> <span class='ocrx_word' id='word_1_666' title='bbox 3193 4867 3266 4918; x_wconf 81' lang='grc' dir='ltr'><strong>Οὐ</strong></span> <span class='ocrx_word' id='word_1_667' title='bbox 3318 4866 3423 4938; x_wconf 82' lang='grc' dir='ltr'><strong>μὴν</strong></span> <span class='ocrx_word' id='word_1_668' title='bbox 3490 4863 3846 4936; x_wconf 79' lang='grc' dir='ltr'>ἀκοινώνητόν</span> <span class='ocrx_word' id='word_1_669' title='bbox 3894 4871 4028 4926; x_wconf 67' lang='grc' dir='ltr'>ἐστι</span> 
     </span>
    </p>
   </div>
   <div class='ocr_carea' id='block_1_90' title="bbox 2437 4950 4026 5029">
    <p class='ocr_par' dir='ltr' id='par_1_90' title="bbox 2437 4950 4026 5029">
     <span class='ocr_line' id='line_1_90' title="bbox 2437 4950 4026 5029; baseline -0.001 -14"><span class='ocrx_word' id='word_1_670' title='bbox 2437 4961 2662 5015; x_wconf 76' lang='grc' dir='ltr'>καθόλου</span> <span class='ocrx_word' id='word_1_671' title='bbox 2711 4950 2944 5029; x_wconf 68' lang='grc' dir='ltr'>τάγαθὸν</span> <span class='ocrx_word' id='word_1_672' title='bbox 2977 4959 3151 5011; x_wconf 73' lang='grc' dir='ltr'>οὐδενὶ</span> <span class='ocrx_word' id='word_1_673' title='bbox 3197 4958 3304 5010; x_wconf 89' lang='grc' dir='ltr'><strong>τῶν</strong></span> <span class='ocrx_word' id='word_1_674' title='bbox 3347 4957 3534 5020; x_wconf 84' lang='grc' dir='ltr'>ὅντων,</span> <span class='ocrx_word' id='word_1_675' title='bbox 3562 4957 3677 5009; x_wconf 75' lang='grc' dir='ltr'>ἀλλ’</span> <span class='ocrx_word' id='word_1_676' title='bbox 3703 4958 3787 5027; x_wconf 75' lang='grc' dir='ltr'><strong>ἐφ’</strong></span> <span class='ocrx_word' id='word_1_677' title='bbox 3809 4960 4026 5014; x_wconf 67' lang='grc' dir='ltr'>ἑαυτοῦ</span> 
     </span>
    </p>
   </div>
   <div class='ocr_carea' id='block_1_91' title="bbox 769 5047 2348 5126">
    <p class='ocr_par' dir='ltr' id='par_1_91' title="bbox 769 5051 2332 5126">
     <span class='ocr_line' id='line_1_91' title="bbox 769 5051 2332 5126; baseline -0.004 -16"><span class='ocrx_word' id='word_1_678' title='bbox 769 5057 1065 5126; x_wconf 84' lang='lat' dir='ltr'><strong>quidquam</strong></span> <span class='ocrx_word' id='word_1_679' title='bbox 1114 5071 1231 5126; x_wconf 54' lang='lat' dir='ltr'><strong>eius</strong></span> <span class='ocrx_word' id='word_1_680' title='bbox 1277 5056 1500 5111; x_wconf 90' lang='lat' dir='ltr'><strong>omnino</strong></span> <span class='ocrx_word' id='word_1_681' title='bbox 1535 5054 1661 5108; x_wconf 89' lang='lat' dir='ltr'><strong>boni</strong></span> <span class='ocrx_word' id='word_1_682' title='bbox 1699 5068 1889 5107; x_wconf 78' lang='lat' dir='ltr'><strong>exsors</strong></span> <span class='ocrx_word' id='word_1_683' title='bbox 1929 5053 2175 5112; x_wconf 82' lang='lat' dir='ltr'><strong>exsistit,</strong></span> <span class='ocrx_word' id='word_1_684' title='bbox 2206 5051 2332 5119; x_wconf 90' lang='lat' dir='ltr'><strong>quia</strong></span> 
     </span>
    </p>
   </div>
   <div class='ocr_carea' id='block_1_92' title="bbox 2449 5047 4030 5126">
    <p class='ocr_par' dir='ltr' id='par_1_92' title="bbox 2449 5047 4030 5125">
     <span class='ocr_line' id='line_1_92' title="bbox 2449 5047 4030 5125; baseline -0.006 -19"><span class='ocrx_word' id='word_1_685' title='bbox 2449 5050 2680 5125; x_wconf 62' lang='grc' dir='ltr'>μονίμως</span> <span class='ocrx_word' id='word_1_686' title='bbox 2717 5053 2816 5122; x_wconf 79' lang='grc' dir='ltr'><strong>τὴν</strong></span> <span class='ocrx_word' id='word_1_687' title='bbox 2843 5051 3162 5122; x_wconf 82' lang='grc' dir='ltr'>ὑπεροὺσιον</span> <span class='ocrx_word' id='word_1_688' title='bbox 3217 5047 3439 5119; x_wconf 79' lang='grc' dir='ltr'>ῐδρῦσαν</span> <span class='ocrx_word' id='word_1_689' title='bbox 3488 5049 3678 5100; x_wconf 83' lang='grc' dir='ltr'>ἀκτῖνα</span> <span class='ocrx_word' id='word_1_690' title='bbox 3721 5053 3842 5112; x_wconf 86' lang='grc' dir='ltr'>ταῖς</span> <span class='ocrx_word' id='word_1_691' title='bbox 3882 5052 4030 5105; x_wconf 70' lang='grc' dir='ltr'><strong>ἑκά-</strong></span> 
     </span>
    </p>
   </div>
   <div class='ocr_carea' id='block_1_93' title="bbox 772 5134 2348 5219">
    <p class='ocr_par' dir='ltr' id='par_1_93' title="bbox 772 5144 2335 5219">
     <span class='ocr_line' id='line_1_93' title="bbox 772 5144 2335 5219; baseline -0.006 -13"><span class='ocrx_word' id='word_1_692' title='bbox 772 5154 986 5206; x_wconf 86' lang='lat' dir='ltr'><strong>radium</strong></span> <span class='ocrx_word' id='word_1_693' title='bbox 1014 5149 1161 5205; x_wconf 90' lang='lat' dir='ltr'><strong>illum</strong></span> <span class='ocrx_word' id='word_1_694' title='bbox 1188 5144 1764 5219; x_wconf 86' lang='lat' dir='ltr'><strong>supersubstantialem</strong></span> <span class='ocrx_word' id='word_1_695' title='bbox 1793 5147 1898 5203; x_wconf 90' lang='lat' dir='ltr'><strong>sibi</strong></span> <span class='ocrx_word' id='word_1_696' title='bbox 1925 5153 2335 5214; x_wconf 85' lang='lat' dir='ltr'><strong>perseveranter</strong></span> 
     </span>
    </p>
   </div>
   <div class='ocr_carea' id='block_1_94' title="bbox 2449 5134 4028 5219">
    <p class='ocr_par' dir='ltr' id='par_1_94' title="bbox 2449 5134 4028 5207">
     <span class='ocr_line' id='line_1_94' title="bbox 2449 5134 4028 5207; baseline -0.004 -13"><span class='ocrx_word' id='word_1_697' title='bbox 2449 5158 2564 5194; x_wconf 71' lang='grc' dir='ltr'><strong>που</strong></span> <span class='ocrx_word' id='word_1_698' title='bbox 2591 5141 2698 5194; x_wconf 84' lang='grc' dir='ltr'><strong>τῶν</strong></span> <span class='ocrx_word' id='word_1_699' title='bbox 2722 5141 2891 5194; x_wconf 81' lang='grc' dir='ltr'>ὅντων</span> <span class='ocrx_word' id='word_1_700' title='bbox 2917 5134 3199 5206; x_wconf 85' lang='grc' dir='ltr'>ἀναλόγοις</span> <span class='ocrx_word' id='word_1_701' title='bbox 3226 5136 3553 5207; x_wconf 79' lang='grc' dir='ltr'>ἐλλάμψεσιν</span> <span class='ocrx_word' id='word_1_702' title='bbox 3606 5136 4028 5206; x_wconf 78' lang='grc' dir='ltr'>ἀγαθοπρεπῶς</span> 
     </span>
    </p>
   </div>
   <div class='ocr_carea' id='block_1_95' title="bbox 775 5226 2348 5312">
    <p class='ocr_par' dir='ltr' id='par_1_95' title="bbox 775 5233 2335 5312">
     <span class='ocr_line' id='line_1_95' title="bbox 775 5233 2335 5312; baseline -0.006 -12"><span class='ocrx_word' id='word_1_703' title='bbox 775 5248 996 5300; x_wconf 89' lang='lat' dir='ltr'><strong>insitum</strong></span> <span class='ocrx_word' id='word_1_704' title='bbox 1024 5243 1251 5298; x_wconf 91' lang='lat' dir='ltr'><strong>cuilibet</strong></span> <span class='ocrx_word' id='word_1_705' title='bbox 1285 5243 1364 5295; x_wconf 88' lang='lat' dir='ltr'><strong>rei</strong></span> <span class='ocrx_word' id='word_1_706' title='bbox 1395 5241 1649 5312; x_wconf 76' lang='lat' dir='ltr'><strong>congruis</strong></span> <span class='ocrx_word' id='word_1_707' title='bbox 1700 5233 2186 5294; x_wconf 74' lang='lat' dir='ltr'><strong>illuminationibus</strong></span> <span class='ocrx_word' id='word_1_708' title='bbox 2227 5236 2335 5291; x_wconf 92' lang='lat' dir='ltr'><strong>cle-</strong></span> 
     </span>
    </p>
   </div>
   <div class='ocr_carea' id='block_1_96' title="bbox 2449 5226 4026 5312">
    <p class='ocr_par' dir='ltr' id='par_1_96' title="bbox 2449 5226 4026 5301">
     <span class='ocr_line' id='line_1_96' title="bbox 2449 5226 4026 5301; baseline -0.002 -17"><span class='ocrx_word' id='word_1_709' title='bbox 2449 5231 2802 5301; x_wconf 73' lang='grc' dir='ltr'>ξπιφαίνεται,</span> <span class='ocrx_word' id='word_1_710' title='bbox 2833 5231 2926 5282; x_wconf 78' lang='grc' dir='ltr'><strong>καὶ</strong></span> <span class='ocrx_word' id='word_1_711' title='bbox 2972 5227 3108 5300; x_wconf 82' lang='grc' dir='ltr'>πρὸς</span> <span class='ocrx_word' id='word_1_712' title='bbox 3145 5229 3248 5298; x_wconf 76' lang='grc' dir='ltr'><strong>τὴν</strong></span> <span class='ocrx_word' id='word_1_713' title='bbox 3294 5228 3521 5298; x_wconf 78' lang='grc' dir='ltr'>εφικτὴν</span> <span class='ocrx_word' id='word_1_714' title='bbox 3557 5227 3720 5279; x_wconf 80' lang='grc' dir='ltr'>αὑτοῦ</span> <span class='ocrx_word' id='word_1_715' title='bbox 3770 5226 4026 5298; x_wconf 77' lang='grc' dir='ltr'>θεωρίαν</span> 
     </span>
    </p>
   </div>
   <div class='ocr_carea' id='block_1_97' title="bbox 774 5319 2348 5402">
    <p class='ocr_par' dir='ltr' id='par_1_97' title="bbox 774 5325 2332 5402">
     <span class='ocr_line' id='line_1_97' title="bbox 774 5325 2332 5402; baseline -0.007 -14"><span class='ocrx_word' id='word_1_716' title='bbox 774 5345 988 5389; x_wconf 86' lang='lat' dir='ltr'><strong>menter</strong></span> <span class='ocrx_word' id='word_1_717' title='bbox 1017 5341 1358 5402; x_wconf 87' lang='lat' dir='ltr'><strong>attemperat.</strong></span> <span class='ocrx_word' id='word_1_718' title='bbox 1387 5345 1598 5385; x_wconf 89' lang='lat' dir='ltr'><strong>necnon</strong></span> <span class='ocrx_word' id='word_1_719' title='bbox 1617 5325 1682 5383; x_wconf 87' lang='lat' dir='ltr'><strong>ad</strong></span> <span class='ocrx_word' id='word_1_720' title='bbox 1712 5341 1968 5398; x_wconf 87' lang='lat' dir='ltr'><strong>quantam</strong></span> <span class='ocrx_word' id='word_1_721' title='bbox 1995 5325 2079 5383; x_wconf 75' lang='lat' dir='ltr'><strong>fas</strong></span> <span class='ocrx_word' id='word_1_722' title='bbox 2102 5336 2182 5381; x_wconf 86' lang='lat' dir='ltr'><strong>est</strong></span> <span class='ocrx_word' id='word_1_723' title='bbox 2204 5342 2332 5380; x_wconf 85' lang='lat' dir='ltr'><strong>eou-</strong></span> 
     </span>
    </p>
   </div>
   <div class='ocr_carea' id='block_1_98' title="bbox 2449 5319 4028 5402">
    <p class='ocr_par' dir='ltr' id='par_1_98' title="bbox 2449 5319 4028 5392">
     <span class='ocr_line' id='line_1_98' title="bbox 2449 5319 4028 5392; baseline -0.003 -16"><span class='ocrx_word' id='word_1_724' title='bbox 2449 5327 2534 5378; x_wconf 79' lang='grc' dir='ltr'><strong>καὶ</strong></span> <span class='ocrx_word' id='word_1_725' title='bbox 2591 5323 2873 5376; x_wconf 86' lang='grc' dir='ltr'>κοινωνίαν</span> <span class='ocrx_word' id='word_1_726' title='bbox 2917 5324 3013 5375; x_wconf 76' lang='grc' dir='ltr'><strong>καὶ</strong></span> <span class='ocrx_word' id='word_1_727' title='bbox 3062 5321 3320 5392; x_wconf 83' lang='grc' dir='ltr'>ὁμοίωσιν</span> <span class='ocrx_word' id='word_1_728' title='bbox 3354 5319 3624 5372; x_wconf 81' lang='grc' dir='ltr'>ἀνατείνει</span> <span class='ocrx_word' id='word_1_729' title='bbox 3660 5320 3783 5382; x_wconf 74' lang='grc' dir='ltr'>τοὺς</span> <span class='ocrx_word' id='word_1_730' title='bbox 3825 5322 4028 5391; x_wconf 75' lang='grc' dir='ltr'>ἱεροὺς</span> 
     </span>
    </p>
   </div>
   <div class='ocr_carea' id='block_1_99' title="bbox 775 5412 2348 5496">
    <p class='ocr_par' dir='ltr' id='par_1_99' title="bbox 775 5421 2331 5496">
     <span class='ocr_line' id='line_1_99' title="bbox 775 5421 2331 5496; baseline -0.003 -17"><span class='ocrx_word' id='word_1_731' title='bbox 775 5427 1179 5496; x_wconf 89' lang='lat' dir='ltr'><strong>templationetn</strong></span> <span class='ocrx_word' id='word_1_732' title='bbox 1232 5441 1296 5479; x_wconf 87' lang='lat' dir='ltr'><strong>ac</strong></span> <span class='ocrx_word' id='word_1_733' title='bbox 1341 5421 1776 5478; x_wconf 87' lang='lat' dir='ltr'><strong>communionem</strong></span> <span class='ocrx_word' id='word_1_734' title='bbox 1808 5421 2331 5488; x_wconf 88' lang='lat' dir='ltr'><strong>similitudinemque</strong></span> 
     </span>
    </p>
   </div>
   <div class='ocr_carea' id='block_1_100' title="bbox 2449 5412 4028 5496">
    <p class='ocr_par' dir='ltr' id='par_1_100' title="bbox 2449 5412 4028 5487">
     <span class='ocr_line' id='line_1_100' title="bbox 2449 5412 4028 5487; baseline -0.011 -14"><span class='ocrx_word' id='word_1_735' title='bbox 2449 5419 2581 5481; x_wconf 73' lang='grc' dir='ltr'>νόας,</span> <span class='ocrx_word' id='word_1_736' title='bbox 2604 5420 2730 5481; x_wconf 81' lang='grc' dir='ltr'>τοὺς</span> <span class='ocrx_word' id='word_1_737' title='bbox 2751 5419 2826 5483; x_wconf 86' lang='grc' dir='ltr'>ὼς</span> <span class='ocrx_word' id='word_1_738' title='bbox 2852 5417 3070 5487; x_wconf 83' lang='grc' dir='ltr'>θεμιτὸν</span> <span class='ocrx_word' id='word_1_739' title='bbox 3097 5415 3245 5486; x_wconf 85' lang='grc' dir='ltr'>αὑτῷ</span> <span class='ocrx_word' id='word_1_740' title='bbox 3284 5417 3376 5468; x_wconf 79' lang='grc' dir='ltr'>καὶ</span> <span class='ocrx_word' id='word_1_741' title='bbox 3418 5412 3756 5486; x_wconf 84' lang='grc' dir='ltr'>ἱεροπρεπῶς</span> <span class='ocrx_word' id='word_1_742' title='bbox 3779 5413 4028 5468; x_wconf 68' lang='grc' dir='ltr'>ἐπιεάλ-</span> 
     </span>
    </p>
   </div>
   <div class='ocr_carea' id='block_1_101' title="bbox 769 4684 2338 4763">
    <p class='ocr_par' dir='ltr' id='par_1_101' title="bbox 769 4684 2338 4763">
     <span class='ocr_line' id='line_1_101' title="bbox 769 4684 2338 4763; baseline -0.008 -15"><span class='ocrx_word' id='word_1_743' title='bbox 769 4704 1098 4763; x_wconf 88' lang='lat' dir='ltr'><strong>captumque</strong></span> <span class='ocrx_word' id='word_1_744' title='bbox 1129 4692 1300 4762; x_wconf 72' lang='lat' dir='ltr'><strong>fugiat</strong></span> <span class='ocrx_word' id='word_1_745' title='bbox 1326 4689 1608 4753; x_wconf 89' lang='lat' dir='ltr'><strong>laudasse;</strong></span> <span class='ocrx_word' id='word_1_746' title='bbox 1649 4703 1834 4748; x_wconf 71' lang='lat' dir='ltr'><strong>verum</strong></span> <span class='ocrx_word' id='word_1_747' title='bbox 1883 4687 2046 4740; x_wconf 86' lang='lat' dir='ltr'><strong>etiam</strong></span> <span class='ocrx_word' id='word_1_748' title='bbox 2071 4684 2209 4753; x_wconf 90' lang='lat' dir='ltr'><strong>quod</strong></span> <span class='ocrx_word' id='word_1_749' title='bbox 2257 4684 2338 4737; x_wconf 87' lang='lat' dir='ltr'><strong>in-</strong></span> 
     </span>
    </p>
   </div>
   <div class='ocr_carea' id='block_1_102' title="bbox 770 4773 2337 4854">
    <p class='ocr_par' dir='ltr' id='par_1_102' title="bbox 770 4773 2337 4854">
     <span class='ocr_line' id='line_1_102' title="bbox 770 4773 2337 4854; baseline -0.006 -14"><span class='ocrx_word' id='word_1_750' title='bbox 770 4785 955 4854; x_wconf 75' lang='lat' dir='ltr'><strong>dagari</strong></span> <span class='ocrx_word' id='word_1_751' title='bbox 990 4792 1224 4852; x_wconf 88' lang='lat' dir='ltr'><strong>nequeat</strong></span> <span class='ocrx_word' id='word_1_752' title='bbox 1265 4791 1320 4835; x_wconf 95' lang='lat' dir='ltr'><strong>et</strong></span> <span class='ocrx_word' id='word_1_753' title='bbox 1370 4780 1712 4849; x_wconf 80' lang='lat' dir='ltr'><strong>investigari,</strong></span> <span class='ocrx_word' id='word_1_754' title='bbox 1772 4778 1919 4832; x_wconf 91' lang='lat' dir='ltr'><strong>nullo</strong></span> <span class='ocrx_word' id='word_1_755' title='bbox 1965 4773 2180 4831; x_wconf 89' lang='lat' dir='ltr'><strong>scilicet</strong></span> <span class='ocrx_word' id='word_1_756' title='bbox 2239 4783 2337 4831; x_wconf 82' lang='lat' dir='ltr'><strong>ex-</strong></span> 
     </span>
    </p>
   </div>
   <div class='ocr_carea' id='block_1_103' title="bbox 769 4866 2332 4942">
    <p class='ocr_par' dir='ltr' id='par_1_103' title="bbox 769 4866 2332 4942">
     <span class='ocr_line' id='line_1_103' title="bbox 769 4866 2332 4942; baseline -0.004 -16"><span class='ocrx_word' id='word_1_757' title='bbox 769 4881 953 4928; x_wconf 83' lang='lat' dir='ltr'><strong>stante</strong></span> <span class='ocrx_word' id='word_1_758' title='bbox 980 4871 1208 4942; x_wconf 73' lang='lat' dir='ltr'><strong>vestigio</strong></span> <span class='ocrx_word' id='word_1_759' title='bbox 1242 4868 1384 4939; x_wconf 84' lang='lat' dir='ltr'><strong>quod</strong></span> <span class='ocrx_word' id='word_1_760' title='bbox 1437 4870 1600 4924; x_wconf 90' lang='lat' dir='ltr'><strong>ducat</strong></span> <span class='ocrx_word' id='word_1_761' title='bbox 1629 4871 1698 4922; x_wconf 89' lang='lat' dir='ltr'><strong>ad</strong></span> <span class='ocrx_word' id='word_1_762' title='bbox 1744 4866 1861 4936; x_wconf 82' lang='lat' dir='ltr'><strong>ejus</strong></span> <span class='ocrx_word' id='word_1_763' title='bbox 1912 4866 2332 4922; x_wconf 87' lang='lat' dir='ltr'><strong>secretissimam</strong></span> 
     </span>
    </p>
   </div>
   <div class='ocr_carea' id='block_1_104' title="bbox 770 4962 2337 5032">
    <p class='ocr_par' dir='ltr' id='par_1_104' title="bbox 770 4962 2337 5032">
     <span class='ocr_line' id='line_1_104' title="bbox 770 4962 2337 5032; baseline -0.005 -12"><span class='ocrx_word' id='word_1_764' title='bbox 770 4965 1118 5020; x_wconf 80' lang='lat' dir='ltr'><strong>inﬁnitatem.</strong></span> <span class='ocrx_word' id='word_1_765' title='bbox 1172 4962 1279 5019; x_wconf 87' lang='lat' dir='ltr'><strong>Sed</strong></span> <span class='ocrx_word' id='word_1_766' title='bbox 1327 4977 1501 5032; x_wconf 88' lang='lat' dir='ltr'><strong>neque</strong></span> <span class='ocrx_word' id='word_1_767' title='bbox 1562 4971 1742 5016; x_wconf 88' lang='lat' dir='ltr'><strong>tamen</strong></span> <span class='ocrx_word' id='word_1_768' title='bbox 1796 4975 1985 5015; x_wconf 89' lang='lat' dir='ltr'><strong>eorum</strong></span> <span class='ocrx_word' id='word_1_769' title='bbox 2039 4975 2159 5028; x_wconf 77' lang='lat' dir='ltr'><strong>qua:</strong></span> <span class='ocrx_word' id='word_1_770' title='bbox 2211 4967 2337 5012; x_wconf 83' lang='lat' dir='ltr'><strong>sttnt</strong></span> 
     </span>
    </p>
   </div>
   <div class='ocr_carea' id='block_1_105' title="bbox 2047 5597 2726 5657">
    <p class='ocr_par' dir='ltr' id='par_1_105' title="bbox 2047 5597 2726 5657">
     <span class='ocr_line' id='line_1_105' title="bbox 2047 5597 2726 5657; baseline -0.003 -3"><span class='ocrx_word' id='word_1_771' title='bbox 2047 5599 2281 5656; x_wconf 68' lang='lat' dir='ltr'><strong>VAKl/E</strong></span> <span class='ocrx_word' id='word_1_772' title='bbox 2323 5597 2726 5657; x_wconf 82' lang='lat' dir='ltr'><strong>LECTIONES.</strong></span> 
     </span>
    </p>
   </div>
   <div class='ocr_carea' id='block_1_106' title="bbox 806 5727 4022 5811">
    <p class='ocr_par' dir='ltr' id='par_1_106' title="bbox 806 5727 4022 5811">
     <span class='ocr_line' id='line_1_106' title="bbox 806 5727 4022 5811; baseline -0.007 -16"><span class='ocrx_word' id='word_1_773' title='bbox 806 5747 826 5776; x_wconf 81' lang='grc'>¹</span> <span class='ocrx_word' id='word_1_774' title='bbox 864 5760 954 5811; x_wconf 88' lang='grc' dir='ltr'>γρ.</span> <span class='ocrx_word' id='word_1_775' title='bbox 977 5744 1266 5810; x_wconf 84' lang='grc' dir='ltr'>ἀγνωσίας.</span> <span class='ocrx_word' id='word_1_776' title='bbox 1326 5739 1564 5810; x_wconf 78' lang='grc' dir='ltr'>³-λόγων,</span> <span class='ocrx_word' id='word_1_777' title='bbox 1590 5740 1686 5794; x_wconf 88' lang='lat' dir='ltr'><strong>Ch.</strong></span> <span class='ocrx_word' id='word_1_778' title='bbox 1753 5739 1936 5811; x_wconf 42' lang='lat' dir='ltr'><strong>{rt-po;</strong></span> <span class='ocrx_word' id='word_1_779' title='bbox 1961 5735 2155 5811; x_wconf 54' lang='grc' dir='ltr'>δὲτὰς,</span> <span class='ocrx_word' id='word_1_780' title='bbox 2266 5805 2280 5811; x_wconf 34' lang='grc' dir='ltr'><strong>Α</strong></span> <span class='ocrx_word' id='word_1_781' title='bbox 2308 5737 2328 5766; x_wconf 82' lang='grc'>⁸</span> <span class='ocrx_word' id='word_1_782' title='bbox 2358 5734 2749 5811; x_wconf 52' lang='grc' dir='ltr'>ἀνακύπτεται,</span> <span class='ocrx_word' id='word_1_783' title='bbox 2781 5730 2913 5811; x_wconf 50' lang='lat' dir='ltr'><strong>M.ﬂS</strong></span> <span class='ocrx_word' id='word_1_784' title='bbox 2936 5802 2946 5811; x_wconf 85' lang='lat'><strong>_</strong></span> <span class='ocrx_word' id='word_1_785' title='bbox 2996 5733 3016 5763; x_wconf 84' lang='lat'><strong>&#39;</strong></span> <span class='ocrx_word' id='word_1_786' title='bbox 3039 5731 3278 5811; x_wconf 79' lang='grc' dir='ltr'>ἀπειρία,</span> <span class='ocrx_word' id='word_1_787' title='bbox 3306 5731 3450 5811; x_wconf 63' lang='lat' dir='ltr'><strong>M._§z</strong></span> <span class='ocrx_word' id='word_1_788' title='bbox 3473 5727 3716 5811; x_wconf 62' lang='grc' dir='ltr'>ἀοριστία</span> <span class='ocrx_word' id='word_1_789' title='bbox 3732 5728 3826 5811; x_wconf 48' lang='grc' dir='ltr'><strong>καὶ</strong></span> <span class='ocrx_word' id='word_1_790' title='bbox 3841 5729 4022 5811; x_wconf 54' lang='grc' dir='ltr'>ἀπε-ε-</span> 
     </span>
    </p>
   </div>
   <div class='ocr_carea' id='block_1_107' title="bbox 774 5797 4020 5884">
    <p class='ocr_par' dir='ltr' id='par_1_107' title="bbox 774 5797 4020 5884">
     <span class='ocr_line' id='line_1_107' title="bbox 774 5797 4020 5884; baseline -0.006 -15"><span class='ocrx_word' id='word_1_791' title='bbox 774 5797 889 5884; x_wconf 60' lang='lat' dir='ltr'><strong>pta:</strong></span> <span class='ocrx_word' id='word_1_792' title='bbox 907 5797 972 5869; x_wconf 76' lang='grc' dir='ltr'>Ῥ.</span> <span class='ocrx_word' id='word_1_793' title='bbox 1027 5797 1074 5845; x_wconf 76' lang='grc'><strong>’⁷</strong></span> <span class='ocrx_word' id='word_1_794' title='bbox 1099 5797 1252 5879; x_wconf 55' lang='grc' dir='ltr'>αὑτό,</span> <span class='ocrx_word' id='word_1_795' title='bbox 1282 5813 1339 5868; x_wconf 84' lang='lat' dir='ltr'><strong>S.</strong></span> <span class='ocrx_word' id='word_1_796' title='bbox 1363 5813 1425 5868; x_wconf 87' lang='lat' dir='ltr'><strong>P.</strong></span> <span class='ocrx_word' id='word_1_797' title='bbox 1446 5797 1504 5868; x_wconf 71' lang='lat' dir='ltr'><strong>et</strong></span> <span class='ocrx_word' id='word_1_798' title='bbox 1529 5797 1650 5867; x_wconf 74' lang='lat' dir='ltr'><strong>mox</strong></span> <span class='ocrx_word' id='word_1_799' title='bbox 1683 5806 1807 5883; x_wconf 73' lang='grc' dir='ltr'>περὶ</span> <span class='ocrx_word' id='word_1_800' title='bbox 1835 5797 2045 5863; x_wconf 77' lang='grc' dir='ltr'>ἑαυτοῦ.</span> <span class='ocrx_word' id='word_1_801' title='bbox 2120 5797 2435 5869; x_wconf 59' lang='grc' dir='ltr'>’ίαίσθητῶς</span> <span class='ocrx_word' id='word_1_802' title='bbox 2460 5804 2809 5873; x_wconf 75' lang='grc' dir='ltr'>ἀποφήσοιτο,</span> <span class='ocrx_word' id='word_1_803' title='bbox 2841 5802 2899 5860; x_wconf 78' lang='grc'><strong>8.·</strong></span> <span class='ocrx_word' id='word_1_804' title='bbox 2925 5797 3356 5873; x_wconf 57' lang='grc' dir='ltr'>ἀποφοιτήσοιτο,</span> <span class='ocrx_word' id='word_1_805' title='bbox 3385 5800 3444 5855; x_wconf 83' lang='grc' dir='ltr'>Ρ.</span> <span class='ocrx_word' id='word_1_806' title='bbox 3545 5797 3565 5832; x_wconf 73' lang='grc'><strong>⁸</strong></span> <span class='ocrx_word' id='word_1_807' title='bbox 3597 5797 3890 5865; x_wconf 82' lang='grc' dir='ltr'>θειοειδῶς,</span> <span class='ocrx_word' id='word_1_808' title='bbox 3941 5799 4020 5855; x_wconf 85' lang='lat' dir='ltr'><strong>D.</strong></span> 
     </span>
    </p>
   </div>
  </div>
