4178 6312
183 401 294 460 ⁸89

1241 400 1326 454 DE
1361 399 1614 455 DlVlNlS
1647 396 2042 464 NOMINIBUS,
2076 397 2227 452 CAP.
2267 398 2308 452 1.

3293 393 3401 453 5M

182 520 395 588 λαντας,
425 519 516 571 καὶ
543 521 680 590 μήτε
707 517 842 592 πρὸς
866 519 928 571 τὸ
952 518 1254 589 ὑπέρτερον
1289 519 1388 588 τῆς
1414 517 1745 588 ὲναρμονίως

1853 526 2069 570 sanctas
2102 526 2306 568 mentes
2333 512 2531 578 evehit,
2560 528 2677 581 quae
2700 517 2765 569 ad
2803 516 3002 585 ipsum,
3047 517 3222 583 quoad
3274 535 3401 585 pus-

182 614 522 686 ἰνδιδομένης
589 614 921 682 θεοφανείας,
987 614 1260 676 ἀδυνάτως
1319 610 1745 681 ἀπαυθαδιζομέ-

183 723 311 769 νους
343 707 406 769 ⁸⁸,
439 708 572 776 μήτε
601 701 736 776 προς
761 704 821 756 τὸ
853 706 1112 768 κάταντες
1140 705 1202 756 ὲκ
1226 703 1324 773 τῆς
1357 704 1447 756 ἐπὶ
1480 702 1540 755 τὸ
1564 705 1744 772 χεῖρον

183 795 431 862 ὑφέσεως
490 794 988 857 ἀπολισθαίνοντας,
1042 794 1155 848 ἀλλ’
1204 794 1482 856 εὐσταθῶς
1537 811 1594 846 τε
1651 793 1746 845 καὶ

181 886 415 948 ἀκλτνῶς
453 885 544 938 ἐπὶ
590 886 687 955 τὴν
727 886 919 937 ἀκτῖνα
960 884 1056 955 τὴν
1099 883 1277 947 αὐτοῖς
1337 885 1744 955 ὲπιλάμπουσαν

179 977 648 1046 ἁνατεινομένους,
691 977 782 1029 καὶ
828 977 903 1045 τῷ
941 977 1236 1048 συμμέτρῳ
1261 976 1368 1028 τῶν
1402 975 1630 1046 Θεμιτῶ»
1657 976 1742 1026 ἐλ-

180 1068 442 1138 λάμψεων
474 1067 635 1142 ἔρωτι
665 1072 781 1139 μετ’
809 1069 1090 1131 εὐλαϐείας
1134 1070 1309 1139 ἱερᾶς,
1357 1067 1649 1138 σωφρόνως
1685 1078 1743 1118 τε

179 1159 277 1210 καὶ
307 1159 466 1221 ὁσίως
494 1159 1011 1229 ἀναπτερουμένους.

1854 615 1999 668 sunt,
2034 607 2401 669 connitnntur,
2441 605 2728 657 dummodo
2753 621 2858 659 non
2896 606 3206 670 sublimius,
3236 624 3396 676 quam

1854 711 2167 766 procorum
2213 705 2371 764 captu
2400 694 2580 746 divina
2623 693 2731 747 fert
2777 695 3080 759 illustratio,
3107 697 3404 750 insolenter

1855 785 2058 854 aliquid
2083 793 2438 852 praesumant,
2477 797 2580 837 nec
2625 783 2676 836 in
2726 797 2963 852 pmceps
2996 800 3245 853 perversa
3274 802 3405 856 pro-

1855 877 2116 946 pensione
2138 874 2410 939 labentur,
2432 883 2486 928 at
2513 883 2831 928 constanter
2856 881 2911 928 et
2940 873 3202 930 irreﬂexis
3229 878 3406 932 oculis

1856 967 2094 1020 illucenti
2122 966 2272 1020 radio
2298 966 2649 1032 obtueantur,
2688 979 2786 1019 nec
2820 980 2927 1019 non
2963 981 3149 1020 amore
3178 970 3399 1023 indultis

1855 1056 1958 1108 sibi
2014 1053 2514 1108 collustrationibus
2554 1069 2889 1117 eommenso,
2925 1069 3046 1109 cum
3077 1072 3230 1110 sacra
3263 1075 3402 1127 qua-

1853 1147 1975 1199 dam
2035 1145 2343 1201 reverentia
2381 1145 2622 1200 medeate
2670 1157 2975 1216 sancteque
3021 1163 3236 1203 sursum
3274 1166 3410 1204 evo-

1853 1238 1985 1292 lent.

1745 1402 1772 1472 ς
1803 1400 1912 1460 111.

252 1580 474 1646 Τούτοις
499 1577 752 1656 ἑπόμενοι
776 1584 884 1645 τοῖς
910 1582 1216 1652 Θεαρχικοῖς
1239 1582 1443 1650 ζυγοῖς,
1469 1581 1518 1635 οῖ
1535 1581 1626 1633 καὶ
1647 1578 1745 1642 τὰς

174 1673 309 1737 ὅλας
329 1674 716 1745 διακυϐερνῶσι
750 1672 858 1726 τῶν
885 1673 1282 1743 ὑπερουρανίων
1302 1673 1505 1738 τάξεων
1522 1673 1562 1702 ¹¹
1589 1672 1748 1739 ἁγίας

171 1763 585 1835 διακοσμήσεις,
616 1765 676 1830 τὸ
703 1766 801 1836 μὲν
829 1763 969 1834 ὑπὲρ
987 1763 1107 1817 νοῦν
1128 1767 1220 1818 καὶ
1240 1765 1443 1827 οὐσίαν,
1464 1766 1560 1837 τῆς
1588 1766 1746 1835 Θεαρ-

172 1856 303 1924 χίας
335 1852 561 1926 κρύφιον
603 1856 1034 1929 ἀνεξερευνήτοις
1077 1861 1168 1913 καὶ
1207 1860 1378 1928 ἱεραῖς
1428 1857 1544 1919 νοὸς
1590 1855 1742 1908 εὐλα-

173 1947 376 2010 ϐείαις,
401 1946 466 2000 τὰ
491 1948 544 2000 δὲ
569 1949 778 2020 ἄρρητα
810 1949 1043 2020 σώφρονι
1075 1953 1197 2020 σιγῇ
1226 1947 1509 2017 τιμῶντες,
1536 1948 1626 1999 ἐπὶ
1644 1944 1741 2007 τάς

172 2036 558 2107 ὲλλαμπούσας
586 2041 716 2108 ἡμῖν
754 2039 815 2090 ὲν
853 2042 964 2108 τοῖς
994 2041 1157 2110 ἱεροῖς
1194 2039 1391 2106 λογίοις
1418 2035 1588 2104 αὐγὰς
1614 2037 1742 2088 ἁνα-

169 2129 482 2198 τεινόμεθα,
531 2130 624 2182 καὶ
682 2130 816 2200 πρὸς
863 2130 1038 2183 αὐτῶν
1089 2128 1560 2198 φωταγωγούμεθα
1608 2128 1742 2199 πρὸς

171 2221 304 2283 τοὺς
328 2220 645 2291 θεαρχικοὺς
666 2221 886 2290 ὕμνους,
915 2221 1004 2274 ὑπ’
1025 2221 1200 2274 αὐτῶν
1223 2221 1604 2290 ὑπερκοσμίως
1629 2235 1740 2287 φω-

171 2311 469 2381 τιζόμενοι,
498 2313 590 2364 καὶ
642 2313 775 2384 πρὸς
816 2312 914 2375 τὰς
941 2312 1089 2381 ἱερὰς
1116 2310 1434 2381 ὐμνολογίας
1466 2309 1740 2379 τυπούμε-

171 2422 279 2467 νοι,
311 2403 444 2474 πρὸς
470 2405 530 2457 τὸ
555 2404 648 2457 καὶ
665 2405 796 2476 όρᾷν
813 2405 854 2435 ¹²
883 2403 950 2456 τὰ
975 2405 1299 2474 συμμέτρως
1325 2405 1452 2472 ἡμῖν
1480 2403 1544 2454 δι’
1567 2404 1743 2456 αὐτῶν

171 2494 498 2566 δωρούμενα
527 2494 791 2564 ϐεαρχικά
818 2495 990 2564 φῶτα,
1025 2495 1118 2548 καὶ
1169 2496 1268 2566 τὴν
1309 2493 1621 2561 ἀγαθοδότιν
1647 2496 1744 2566 ἁρ-

171 2589 280 2659 χὴν
307 2590 520 2656 ἀπάσης
553 2589 703 2659 ίερᾶς
731 2588 1098 2656 φωτοφανείας
1130 2588 1334 2656 ὑμνεῖν,
1361 2587 1436 2650 ὡς
1459 2588 1592 2659 αὐτὴ
1618 2590 1744 2660 περὶ

173 2678 377 2748 ἑαυτῆς
397 2679 437 2708 ³³
467 2680 523 2730 ὲν
544 2682 652 2741 τοῖς
682 2680 842 2748 ἱεροῖς
867 2678 1062 2746 λογίοις
1088 2678 1480 2748 παραδέδωκεν.
1504 2674 1648 2741 Οἴον,
1665 2681 1745 2732 ὅτι

174 2770 394 2822 πάντων
411 2768 554 2822 ἐστὶν
573 2770 744 2832 αίτία,
764 2770 854 2822 καὶ
868 2769 1028 2840 ἁρχὴ,
1051 2771 1140 2822 καὶ
1161 2770 1333 2833 οὐσία,
1364 2772 1454 2823 καὶ
1481 2772 1588 2842 ζωή
1611 2789 1623 2800 ·
1653 2773 1746 2823 καὶ

171 2861 286 2913 τῶν
318 2863 414 2930 μὲν
440 2861 850 2915 ἀποπιτιτόντων
892 2861 1059 2932 αὐτῆς
1109 2861 1400 2932 ἀνάκλησίς
1424 2880 1482 2915 τε
1509 2865 1600 2915 καὶ
1623 2862 1746 2917 ἀνά-

181 2970 372 3016 στασις
391 2992 405 3013 ,
434 2953 538 3004 τῶν
566 2953 619 3006 δὲ
649 2953 781 3024 πρὸς
804 2952 864 3006 τὸ
888 2953 981 3005 τοῦ
1012 2953 1273 3017 Θεοειδοῦς
1301 2955 1744 3026 παραφθαρτικὸν

175 3045 654 3114 ἀπολισθησὰντων
679 3045 722 3076 ίι
768 3046 1152 3116 ἀνακαινισμδς
1200 3047 1291 3099 καὶ
1336 3047 1739 3118 ἀναμὸρφωσις,

174 3134 289 3186 τῶν
331 3134 387 3186 δὲ
432 3135 572 3187 κατά
607 3151 726 3186 τινα
774 3134 930 3187 σάλον
985 3135 1197 3206 ἀνίερον
1260 3137 1739 3207 παρακινουμένων
1769 3171 1810 3228 C

174 3225 384 3298 ἵδρυσις
413 3226 552 3296 ἱερὰ,
583 3226 675 3279 καὶ
715 3226 822 3280 τῶν
848 3227 1152 3298 ἑστηκότων
1189 3228 1471 3297 ἀσφάλεια,
1502 3232 1593 3282 καὶ
1632 3229 1740 3282 τῶν

169 3321 262 3373 ἐπ’
279 3319 445 3390 αὐτὴν
465 3319 807 3387 ἀναγομένων
832 3321 1126 3392 ἁνατατικὴ
1146 3323 1497 3392 χειραγωγία,
1525 3325 1740 3376 καὶτῶν

172 3411 560 3482 φωτιζομὲνων
591 3412 867 3483 ἑλλαμψις,
894 3413 987 3465 καὶ
1021 3412 1127 3466 τῶν
1172 3413 1506 3482 τελουμένων
1535 3418 1574 3445 ¹³
1602 3416 1742 3468 τελεο

169 3503 394 3574 ταρχία,
423 3506 514 3556 καὶ
538 3505 646 3557 τῶν
675 3504 982 3574 θεουμὲνων
1008 3504 1251 3575 Θεαρχία,
1283 3507 1374 3558 καὶ
1411 3507 1516 3558 τῶν
1542 3507 1743 3559 ἁπλου-

174 3593 355 3663 μένων
405 3591 661 3662 ἁπλότης,
707 3592 940 3644 καὶτῶν
983 3591 1306 3662 ἑνιζομένων
1355 3595 1539 3664 ἑνότης
1567 3596 1739 3665 ἀρχῆς

169 3685 392 3754 ἀπάσης
420 3685 752 3754 ὐπερουσίως
776 3685 1103 3755 ὑπεράρχιος
1128 3685 1169 3716 ²⁶
1190 3685 1348 3755 ἀρχὴ,
1368 3687 1459 3737 καὶ
1485 3686 1577 3737 τοῦ
1606 3704 1737 3755 κρυ-

170 3775 302 3844 φίου
341 3775 481 3827 κατά
530 3776 595 3828 τὸ
639 3775 856 3845 θεμιτὸν
883 3777 1059 3846 ἀγαθὴ
1100 3777 1395 3846 μεταδόσεις,
1428 3778 1518 3830 καὶ
1559 3778 1742 3842 ἁπλῶς

168 3868 366 3931 εἰπεῖν,
385 3871 416 3938 ἠ
433 3868 540 3920 τῶν
561 3868 775 3932 ζώντων
797 3869 927 3940 ζωὴ,
947 3870 1037 3922 καὶ
1064 3871 1169 3922 τῶν
1188 3870 1352 3923 ὄντων
1375 3872 1545 3936 οὐσία,
1567 3873 1742 3944 πάσης

169 3957 320 4028 ζωῆς
344 3959 439 4010 καὶ
465 3958 648 4022 οὐσίας
672 3961 812 4031 ἀρχὴ
841 3961 933 4013 καὶ
958 3961 1124 4025 αἰτία,
1161 3961 1248 4014 διὰ
1271 3962 1368 4028 τὴν
1390 3964 1556 4031 αὐτῆς
1580 3964 1656 4024 εἰς
1683 3963 1742 4014 τὸ

170 4043 312 4099 εἶναι
371 4046 439 4101 τὰ
485 4047 613 4100 ὖντα
660 4050 1001 4119 παρακτικὴν
1058 4051 1098 4081 ¹⁷
1149 4052 1240 4102 καὶ
1277 4050 1560 4120 συνοχικὴν
1604 4051 1740 4118 ἀγα-

172 4134 398 4208 Θότητα.

1918 1582 2028 1638 Eas
2052 1597 2181 1651 ergo
2213 1585 2424 1638 divinas
2459 1584 2662 1649 lances,
2686 1600 2805 1654 quae
2831 1597 3048 1642 sanctas
3081 1604 3270 1645 omnes
3310 1602 3405 1646 or-

1852 1676 2038 1729 dinum
2064 1675 2362 1729 reicstium
2387 1675 2762 1731 distinctiones
2785 1679 3153 1743 moderantur,
3187 1682 3407 1735 imitan-

1855 1778 1958 1834 tes,
2013 1783 2238 1822 summae
2292 1768 2512 1836 quidem
2577 1769 2880 1824 divinitatis
2927 1786 3187 1825 arcanum
3249 1774 3405 1838 illud,

1844 1859 1990 1929 quod
2029 1875 2244 1912 omnem
2277 1859 2688 1928 intelligentiam
2743 1862 3216 1932 substantiamque
3248 1874 3404 1918 tran-

1845 1950 2078 2010 scendit,
2107 1965 2134 2002 a
2161 1949 2499 2002 scrutatione
2530 1951 2738 2012 vacuis,
2769 1951 3055 2020 sacrisque
3085 1957 3281 2009 mentis
3314 1971 3404 2010 νος

1845 2043 2241 2104 nerationibus,
2267 2041 2561 2095 ineﬂ’abilia
2606 2057 2736 2096 vero
2786 2045 3032 2098 modesto
3064 2048 3300 2114 quodam
3330 2051 3407 2103 si-

1845 2133 2015 2186 lentio
2038 2144 2447 2201 prosequentes,
2477 2134 2796 2202 fulgoribus.
2839 2135 2926 2202 qui
2963 2137 3118 2191 nobis
3149 2154 3178 2191 e
3204 2142 3409 2196 sanctis

1845 2224 2072 2292 eloquiis
2144 2221 2415 2293 aﬂulgent,
2487 2224 2859 2289 attendamus,
2923 2241 3150 2295 quorum
3209 2231 3407 2286 deinde

1845 2317 1960 2370 luce
1993 2315 2057 2369 ad
2085 2316 2292 2369 divinos
2328 2317 2555 2384 hymnos
2599 2318 2922 2381 excitemur,
2966 2321 3164 2387 quibus
3212 2338 3403 2392 super-

1845 2409 2194 2463 mundialiter
2241 2409 2628 2471 illuminamur,
2670 2412 2955 2481 sacrisque
2985 2413 3210 2468 laudum
3233 2417 3410 2470 canti-

1845 2502 1924 2556 cis
1952 2501 2250 2554 formamur
2283 2503 2348 2553 ad
2382 2502 2560 2555 divina
2596 2501 2824 2566 lumina,
2857 2506 2978 2573 qua:
3011 2505 3064 2559 in
3103 2506 3170 2560 iis
3196 2509 3262 2561 ad
3314 2524 3408 2562 ca-

1850 2602 1997 2662 ptum
2022 2605 2266 2649 nostrum
2287 2595 2682 2657 conceduntur,
2717 2599 3045 2664 contuenda,
3073 2599 3404 2655 beneﬁcum-

1845 2699 1950 2752 que
1976 2682 2304 2752 principium
2356 2686 2531 2736 omnis
2593 2684 2991 2750 illustrationis,
3024 2699 3183 2756 prout
3229 2690 3406 2758 ipsum

1845 2776 1911 2829 de
1941 2791 1997 2831 se
2041 2778 2091 2829 in
2118 2775 2345 2841 eloquiis
2389 2777 2657 2845 expressit
2693 2776 3132 2836 collaudandum.
3159 2780 3232 2836 Ut
3260 2787 3407 2850 quod

1844 2867 2083 2919 onminm
2115 2865 2373 2918 sit-causa
2401 2875 2455 2918 et
2480 2866 2654 2935 origo,
2692 2869 3035 2938 essentiaque
3087 2888 3149 2926 ac
3198 2875 3412 2939 vita,et

1846 2971 1872 3007 a
1902 2971 1960 3009 se
1984 2956 2312 3023 dilapsorum
2362 2957 2639 3013 revocatio
2676 2972 2741 3011 ac
2765 2961 3117 3025 resurrectio,
3156 2962 3396 3018 divinam

1845 3065 1974 3103 vero
2000 3051 2054 3102 in
2092 3050 2400 3119 semetipsis
2428 3050 2722 3119 imaginem
2753 3052 3185 3109 oblitterantium
3244 3074 3405 3112 reuo-

1845 3143 1992 3196 vatio
2024 3157 2088 3196 ac
2121 3141 2460 3206 reformatio,
2489 3158 2589 3197 nec
2615 3159 2716 3196 non
2749 3145 2963 3214 impuro
3012 3156 3158 3202 motu
3201 3161 3405 3205 nutan-

1850 3235 1982 3286 tium
2016 3233 2440 3299 tirmamentum,
2496 3250 2558 3288 ac
2605 3236 2864 3289 stantium
2926 3242 3216 3308 securitas;
3248 3246 3313 3298 ad
3345 3261 3407 3300 se

1849 3328 2185 3379 tendentium
2218 3327 2583 3391 manudttctio,
2613 3327 3039 3384 illuminatorum
3091 3333 3403 3399 illustratio,

1847 3417 2212 3486 perfectorum
2265 3418 2596 3486 principium
2645 3420 2970 3486 perliciens,
3026 3425 3406 3482 deiﬁcatorum

1848 3525 2064 3561 summa
2093 3509 2375 3572 divinitas,
2405 3510 2871 3578 sintpliﬁcatorum
2908 3513 3248 3583 simplicitas,
3279 3521 3401 3573 uni-

1848 3609 2022 3667 torum
2067 3599 2267 3661 unitas,
2336 3599 2513 3651 omnis
2562 3600 2816 3667 principii
2876 3605 3407 3670 superessentialiter

1845 3689 2277 3757 superoriginaie
2308 3690 2660 3757 principium,
2699 3698 2860 3756 atque
2887 3692 3056 3746 abditi
3121 3694 3264 3750 illius
3314 3712 3401 3752 se-

1843 3780 2002 3842 creti,
2037 3781 2214 3847 quoad
2272 3781 2350 3832 l'as
2397 3788 2502 3841 est,
2564 3781 2806 3834 lienetica
2868 3785 3308 3850 communicatio,
3345 3798 3401 3842 et

1842 3872 2165 3939 simpliciter
2195 3871 2358 3940 286
2381 3872 2635 3935 dicendo,
2661 3872 2768 3926 vita
2807 3873 3128 3940 viventium,
3156 3879 3394 3932 essentia

1841 3961 2070 4020 entium.
2097 3963 2273 4014 omnis
2290 3964 2412 4014 vita:
2441 3969 2494 4013 et
2529 3962 2778 4014 essentia:
2802 3962 3124 4031 principium
3149 3980 3211 4019 ac
3232 3981 3397 4020 causa

1845 4061 2063 4119 propter
2093 4067 2244 4103 suam
2280 4051 2602 4112 bonitatem,
2635 4066 2739 4119 qua
2777 4061 2832 4105 et
2872 4052 3124 4108 universa
3152 4055 3400 4123 producit

1846 4144 2050 4204 utsint,
2083 4152 2137 4196 ct
2170 4143 2408 4196 continet
2435 4159 2498 4196 ne
2523 4153 2767 4212 pereant.

1704 4300 1735 4372 ς
1797 4299 1899 4357 tv.

246 4459 426 4513 Ταῦτα
453 4459 586 4528 πρὸς
610 4459 716 4513 τῶν
741 4461 896 4513 θείων
921 4461 1112 4530 λογίων
1143 4478 1205 4530 με
1215 4463 1319 4532 poi;
1329 4460 1483 4530 μεθα,
1502 4463 1605 4514 καὶ
1633 4463 1734 4513 πᾶ-

1911 4462 2034 4517 Haec
2068 4477 2130 4516 ex
2169 4463 2465 4533 Scripturis
2507 4463 2704 4518 divinis
2754 4465 3070 4530 didicimus;
3105 4473 3179 4530 et,
3229 4475 3285 4519 ut
3316 4467 3386 4522 ita

169 4570 296 4615 σαν,
323 4552 399 4615 ὡς
425 4554 618 4616 εἰπεῖν,
647 4553 744 4622 τὴν
790 4552 940 4622 ἱερὰν
979 4553 1086 4606 τῶν
1127 4553 1388 4621 θεολόγων
1413 4553 1733 4622 ὑμνολογίαν

167 4646 426 4716 εὑρήσεις
467 4643 601 4714 πρὸς
640 4644 738 4706 τὰς
778 4644 1146 4714 ἀγαθουργούς
1170 4646 1267 4716 τῆς
1295 4645 1548 4716 Θεαρχὶας
1577 4644 1736 4716 προό-

169 4736 314 4807 δους,
359 4736 757 4803 ἐκφαντορικῶς
795 4737 886 4788 καὶ
925 4735 1236 4806 ὐμνητικῶς
1278 4735 1375 4799 τὰς
1425 4736 1731 4807 θεωνυμίας

171 4827 714 4892 διασκευάζουσαν¹⁸.
748 4827 908 4881 Ὅθεν
947 4831 1003 4879 ὲν
1052 4829 1199 4900 πάσῃ
1237 4829 1420 4898 σχεδὸν
1460 4831 1526 4898 τῇ
1556 4829 1735 4882 θεολο-

170 4923 304 4990 γικῇ
333 4920 680 4990 πραγματείᾳ
703 4920 800 4990 τὴν
826 4921 1077 4991 θεαρχίαν
1105 4921 1319 4991 ὁρῶμεν
1347 4921 1506 4992 ίερῶς
1531 4924 1731 4991 ὑμνου-

175 5012 365 5082 μένην,
390 5011 465 5072 ὡς
494 5012 693 5081 μονάδα
722 5013 818 5082 μὲν
841 5014 933 5066 καὶ
975 5012 1154 5078 ἐνάδα,
1193 5012 1285 5065 διά
1317 5013 1416 5083 τὴν
1452 5015 1730 5085 ἁπλότητα

171 5105 267 5159 καὶ
305 5102 531 5173 ἑνότητα
568 5103 667 5172 τῆς
704 5103 1009 5174 ὑπερφυοῦς
1051 5104 1301 5175 ἁμερίας,
1331 5104 1389 5168 ἐξ
1412 5101 1496 5178 ἧς,
1528 5107 1600 5170 ὡς
1628 5111 1734 5162 ἐνο-

172 5194 328 5252 ποιοῦ
355 5195 651 5266 δυνάμεως,
677 5193 979 5266 ἑνιζόμεθα,
1007 5197 1100 5248 καὶ
1136 5195 1242 5247 τῶν
1282 5198 1548 5268 μεριοίτῶν
1573 5201 1604 5269 ἡ
1614 5199 1728 5268 μῶν

171 5289 503 5361 ὲτεροτήτων
535 5287 908 5358 ὑπερκοσμίως
937 5290 1444 5359 συμπτυσσομένων,
1463 5292 1539 5353 εἰς
1567 5291 1732 5344 Θεοει-

170 5381 240 5451 δῆ
267 5379 468 5450 μονάδα
507 5381 866 5450 συναγόμεθα,
906 5381 999 5434 κα)⁵
1035 5382 1358 5452 θεομίμητον
1402 5382 1622 5435 ἕνωσιν·
1653 5385 1728 5448 ὡς

1835 4554 2035 4620 dicam,
2065 4571 2277 4610 omnem
2310 4555 2421 4609 fere
2435 4571 2650 4610 sacram
2679 4554 3012 4623 Scripturam
3044 4559 3298 4624 reperies,
3324 4560 3388 4612 ad

1837 4648 2218 4705 declarandum
2272 4651 2429 4705 nobis
2461 4651 2650 4715 Deum,
2681 4660 2734 4704 et
2781 4651 2845 4705 ad
2889 4649 3214 4704 laudandum
3240 4667 3384 4716 eum,

1836 4743 2014 4797 divina
2046 4743 2265 4797 nomina
2297 4743 2532 4796 formare
2558 4744 2848 4796 secundum
2875 4741 3071 4796 divinas
3121 4743 3385 4798 bonitatis

1836 4836 2225 4890 emanationes.
2266 4835 2401 4888 Hinc
2447 4834 2499 4887 in
2536 4836 2680 4890 omni
2711 4832 2880 4888 ferme
2937 4834 3238 4901 theologica
3284 4842 3387 4888 tra-

1835 4927 2072 4981 c'tatione
2100 4926 2438 4979 divinitatem
2466 4928 2635 4994 ipsam
2670 4935 2855 4980 sancte
2885 4926 3243 4980 collaudatam
3269 4940 3380 4980 cer-

1838 5021 2035 5086 nimus,
2071 5028 2128 5072 ut
2171 5019 2455 5072 monadem
2499 5019 2714 5087 quidem
2751 5032 2815 5072 ac
2857 5017 3114 5070 unitatem
3166 5028 3382 5085 propter

1836 5106 2265 5177 Supernaturalis
2295 5109 2557 5163 individui
2592 5110 2672 5163 sui
2711 5109 3129 5176 simplicitatem.
3156 5124 3218 5161 ex
3250 5124 3376 5176 qua.

1834 5217 1930 5255 cru
1976 5202 2168 5255 uniﬁca
2200 5203 2418 5265 virtute,
2467 5201 2593 5269 quid
2637 5216 2797 5253 unum
2845 5199 3180 5258 cxsistimus,
3219 5209 3379 5267 atque

1835 5292 2065 5348 dividuis
2101 5295 2301 5346 nostris
2334 5291 2736 5345 diversitatibus
2790 5287 3228 5358 supermundaue
3285 5303 3380 5342 co-

1833 5385 2176 5451 agmentatis,
2203 5383 2269 5436 ad
2307 5382 2591 5437 monadem
2619 5380 2905 5449 quamdam
2938 5375 3272 5440 deiformem,
3317 5391 3378 5432 3c

1427 5556 1658 5613 VARIAE
1695 5558 1983 5614 LECTION
1992 5555 2096 5612 ES.

246 5703 290 5735 “
313 5696 889 5767 ἀπαυθαδιαζομένους,
910 5699 965 5752 Ρ.
989 5698 1046 5752 1).
1082 5697 1180 5750 Ch.

175 5775 219 5808 “
242 5772 376 5842 πρὸς
397 5769 492 5840 τῷ,
523 5771 576 5823 Ρ.
604 5773 692 5842 καί
724 5789 824 5824 non
863 5773 1018 5824 habet
1050 5770 1148 5822 Cit.
1210 5841 1215 5842 ί
1252 5769 1293 5799 ¹³
1321 5773 1444 5842 περὶ
1468 5770 1653 5837 αὐτῆς,
1688 5771 1741 5842 ιτ.

1260 5699 1296 5728 ¹¹
1328 5698 1679 5764 ἐπουρανίων,
1714 5699 1768 5752 Ρ.
1793 5697 2052 5765 οὐρανίων
2074 5698 2278 5762 τάξεων
2311 5699 2402 5750 καὶ
2428 5696 2640 5758 οὐσιῶν,
2674 5695 2730 5749 1).
2759 5694 3017 5764 οὐρανίων
3063 5696 3274 5760 οὐσιῶν,
3307 5696 3372 5752 Μ.

1851 5772 1891 5798 ³⁵
1917 5769 2172 5838 παρήισο
2186 5768 2425 5838 ησάντων
2447 5807 2462 5829 ,
2493 5767 2547 5818 S.
2585 5768 2646 5824 1’.
2747 5766 2790 5797 ¹⁸
2819 5765 3178 5831 ἐνοεουμένων
3205 5806 3216 5832 ε
3271 5770 3371 5822 (λιι.

174 5845 219 5876 ³⁸
245 5839 570 5916 ὐτεέραρχος,
601 5839 661 5892 Μ.
745 5843 782 5870 ”
810 5858 895 5911 γρ.
928 5841 1275 5911 παρεκτικήν.
1355 5839 1945 5903 "namus-adiam“,
1990 5841 2066 5893 Ub
