4178 6312
726 378 820 439 591
1865 376 1924 435 S.
1963 373 2267 433 DIONYSII
2304 376 2769 436 AREOPAGITIE
3868 381 3993 439 593

727 494 896 549 Deum
954 493 1255 548 imitantem
1311 491 1565 547 unionem
1616 491 1957 561 redigimur:
1995 502 2053 547 ut
2118 492 2300 546 Trini-

2427 493 2607 564 Γριάδα
2647 494 2722 557 δὲ,
2750 492 2839 547 διὰ
2897 493 2996 565 τὴν
3055 494 3481 565 τρισυπόστατον
3516 493 3614 564 τῆς
3655 493 3996 565 ὑπερουσιου

726 594 892 641 tatem
942 601 1094 651 vero,
1132 592 1359 655 prOpter
1405 584 1882 655 superessentialis
1935 585 2298 639 fecunditatis

2427 580 2756 658 ὀνιμότητος
2783 586 3063 657 ἔκφανσιν,
3092 584 3151 648 ἐξ
3175 580 3242 657 ἦς
3271 587 3420 638 πᾶσα
3458 586 3663 658 πατριὰ
3688 587 3746 639 ὲν
3769 584 3997 658 οὐρανῷ

729 680 785 733 in
824 676 999 735 tiibus
1032 678 1286 748 personis
1327 676 1849 741 manifestationem,
1878 692 1945 731 ex
1976 692 2081 745 qua
2122 686 2298 747 pater-

2427 678 2497 730 ιαὶ
2521 679 2613 733 ἐπὶ
2636 679 2737 749 γῆς
2765 680 2878 731 ἐστι
2907 678 3000 731 καὶ
3024 678 3346 744 ὀνομάζεται
3368 679 3408 709 ⁸⁵
3428 696 3440 706 ·
3465 677 3539 741 ὡς
3562 677 3737 733 αἰτίαν
3778 679 3832 731 δὲ
3868 676 3999 730 τῶν

731 775 875 829 nitas
901 774 1083 829 omnis
1114 774 1167 827 in
1192 772 1331 826 caelo
1360 780 1413 825 et
1441 771 1491 824 in
1520 780 1666 826 terra
1692 780 1797 835 est,
1842 784 1897 825 et
1948 771 2256 825 nominatur
2284 784 2292 820 :

2427 785 2593 833 mm,
2624 770 2810 840 ἐπειδὴ
2852 770 3029 823 πάντα
3068 769 3206 841 πρὸς
3243 767 3304 820 τὸ
3331 764 3468 821 εἶναι
3494 768 3754 841 παρήχθη
3773 769 3856 821 διὰ
3882 768 3999 839 τὴν

732 876 791 919 ιιι
824 880 1005 920 rerum
1041 879 1168 919 vero
1194 878 1439 925 causam,
1467 860 1615 931 quod
1663 862 1845 916 omnia
1876 876 1972 929 per
2000 860 2299 915 bonitatem

2427 860 2573 932 ιὺτῆς
2602 856 2966 914 οὑσιοποιὸν²⁶
2995 859 3335 931 ἀγαθότητα’
3368 859 3535 929 σοφὴν
3569 860 3625 912 δὲ
3665 860 3756 913 καὶ
3788 860 3997 930 καλὴν,

730 955 869 1023 ejus,
903 970 1081 1009 rerum
1142 952 1501 1017 eﬂectriccm,
1532 953 1642 1007 sint
1673 952 1963 1021 producta,
1993 961 2052 1003 ut
2083 951 2299 1021 sapiens

2427 958 2485 1009 'm
2514 955 2585 1008 τὰ
2611 955 2737 1010 ὄντα
2765 956 2942 1009 πάντα
2963 953 3033 1007 τὰ
3057 952 3158 1023 τῆς
3173 954 3376 1017 οἰκείας
3399 953 3611 1022 φύσεως
3631 954 4003 1025 ἀπαράφθαρ-

734 1059 839 1103 tem
883 1062 1098 1117 quoque
1143 1062 1208 1101 ac
1242 1046 1549 1115 pulchram,
1601 1044 1744 1114 quod
1802 1058 1888 1098 res
1934 1056 2147 1108 omnes,
2174 1040 2302 1094 dum

2427 1050 2531 1103 ia.“
2560 1047 2913 1114 διασῴζοντα,
2964 1051 3146 1118 πάσης
3190 1049 3453 1119 ἁρμονίας
3492 1047 3673 1102 ἐνθέου
3716 1050 4001 1119 καιίερᾶς

732 1149 981 1193 naturam
1009 1153 1164 1193 suam
1214 1144 1441 1192 servant
1470 1136 1874 1203 incorruptam,
1899 1132 2095 1189 divinze
2124 1126 2305 1187 omnis

2427 1142 2737 1215 ιύπρεπείας
2763 1143 2909 1197 ἐστὶν
2938 1139 3178 1199 ἀνάπλεα
3197 1158 3210 1175 ·
3242 1141 3617 1211 φιλάνθρωπον
3636 1140 3692 1194 δὲ
3706 1140 4002 1210 ὁιαφερόν¹

735 1230 1035 1285 harmonia:
1060 1243 1341 1298 sacraeque
1367 1227 1793 1298 pulchritudinis
1823 1225 1932 1279 sint
1962 1224 2131 1293 plenae
2157 1240 2171 1276 :
2197 1221 2306 1275 sin-

2427 1250 2533 1297 τως,
2564 1232 2651 1286 ὅτι
2669 1236 2781 1297 τοῖς
2825 1233 2946 1287 καθ’
2972 1231 3117 1303 ἡμᾶς
3144 1234 3278 1303 πρὸς
3304 1218 3556 1302 όίλήθειαν
3582 1231 3772 1295 όλικῶς
3796 1235 3853 1285 ὲν
3886 1232 4003 1301 μιᾷ

733 1321 907 1391 gulari
947 1328 1125 1375 autem
1160 1334 1346 1373 amore
1389 1320 1685 1373 humanum
1719 1332 1891 1387 genus
1931 1315 2308 1384 complecten-

2427 1326 2516 1378 τῶν
2557 1327 2728 1395 αὐτῆς
2766 1327 3116 1379 ὑποστάσεων
3157 1323 3533 1395 ἐκοινώνησεν,
3573 1324 4000 1395 ἀνακαλουμένη

734 1422 864 1477 tem,
893 1414 1035 1480 quod
1062 1427 1120 1465 se
1155 1411 1313 1466 nobis
1341 1425 1467 1463 vere
1494 1411 1700 1478 integre
1725 1409 1777 1461 in
1815 1421 1919 1460 una
1947 1421 2181 1473 persona
2209 1419 2305 1458 sua

734 1505 1179 1566 communicarit.
1213 1518 1478 1557 revocans
1510 1502 1578 1554 ad
1634 1515 1693 1554 se
1724 1499 2188 1568 sihiquejungens
2216 1496 2311 1549 hu-

736 1613 951 1649 umnam
990 1596 1387 1655 humilitatem;
1424 1608 1490 1649 ex
1526 1606 1632 1661 qua
1657 1589 1883 1660 simplex
1920 1588 2077 1644 Jesus
2121 1585 2311 1641 iueﬂ'a-

734 1692 827 1745 bili
864 1692 1023 1745 modo
1061 1690 1337 1753 consistit,
1368 1703 1431 1742 ac
1466 1689 1558 1757 qui
1588 1700 1825 1742 a>ternns
1879 1692 1980 1745 est,
2035 1691 2307 1750 tempora-

739 1783 843 1835 lem
882 1782 1115 1849 sumpsit
1135 1782 1527 1845 accessionem,
1553 1796 1762 1836 necnon
1790 1779 1856 1831 ad
1892 1778 2079 1830 intima
2108 1784 2311 1827 natura:

740 1883 945 1928 nostra:
967 1874 1281 1938 descendit;
1314 1874 1406 1941 qui
1446 1873 1757 1927 universum
1792 1869 1954 1924 totius
1987 1877 2195 1921 naturae
2219 1881 2315 1922 or-

740 1967 929 2020 dinem
971 1966 1517 2027 superessentialiter
1543 1960 1920 2025 transcendit;
1970 1959 2202 2013 servatis
2237 1967 2317 2010 ta-

739 2060 864 2117 lne'n
900 2058 1330 2128 proprietatibus
1361 2059 1474 2111 suis
1507 2072 1734 2126 prorsus
1764 2054 1989 2121 integris
2038 2060 2092 2105 et
2121 2051 2315 2104 incon-

741 2154 901 2209 fusis.
924 2156 1046 2210 Hace
1075 2158 1289 2225 aliaque
1304 2155 1762 2223 qumlibetdeilica
1782 2154 2010 2216 lumina,
2029 2166 2151 2221 qua:
2173 2150 2324 2207 Scri-

745 2248 924 2316 pturis
948 2264 1182 2301 consona
1214 2249 1387 2301 sancti
1409 2249 1579 2301 nostri
1611 2256 1975 2315 prmceptores
2000 2258 2200 2298 arcana
2230 2258 2326 2296 no-

747 2342 829 2393 his
863 2340 1313 2409 interpretatione
1341 2339 1711 2400 tradiderunt.
1746 2352 1843 2391 nos
1878 2351 2094 2407 quoque
2138 2337 2325 2391 hausi-

748 2446 871 2485 mus
914 2446 929 2483 :
976 2447 1120 2485 nunc
1148 2432 1363 2500 quidem
1394 2446 1489 2499 pro
1518 2440 1677 2499 captu
1710 2441 1920 2494 nostro,
1950 2431 2073 2481 dum
2102 2429 2325 2483 velami-

749 2525 911 2578 nihns
938 2524 1259 2593 quihusdam
1286 2524 1459 2577 sacris
1500 2522 1837 2589 eloquiorum
1876 2531 1930 2575 et
1957 2520 2329 2575 hiet-archica-

750 2632 871 2668 rum
909 2616 1260 2669 tratlitiuuum
1298 2614 1604 2683 benignitas
1632 2655 1645 2673 ,
1688 2612 1857 2683 signis
1897 2613 2192 2667 sensilibus
2240 2628 2328 2667 res

750 2702 1493 2771 Spiritalcs,substantiisque
1537 2717 1624 2755 res
1654 2702 2204 2770 supersuhstantialcs
2234 2704 2324 2756 ab-

750 2796 846 2858 dit,
870 2794 1183 2864 formasque
1207 2794 1518 2864 ﬁgurasque
1536 2794 1698 2848 rebus
1723 2796 1895 2850 forma
1920 2797 2205 2865 tiguraque
2232 2812 2326 2849 ca-

752 2888 1000 2940 rentibus
1018 2887 1344 2951 circumdat,
1374 2901 1473 2940 nec
1497 2904 1602 2941 non
1624 2887 2115 2957 supernaturalem,
2134 2894 2188 2940 et
2208 2902 2328 2957 qua:

752 2982 953 3051 ﬁguras
1003 2981 1235 3046 respuit,
1291 2980 1698 3048 simplicitatem
1751 2981 2098 3033 (lividuorum
2146 2981 2331 3049 signo-

753 3088 874 3125 rum
924 3071 1192 3123 varietate
1246 3069 1577 3138 multiplicat
1625 3078 1682 3121 et
1740 3066 1963 3136 eﬂiugit.
1994 3069 2064 3120 At
2097 3070 2317 3135 quando

2411 1418 2545 1489 πρὸς
2570 1419 2767 1490 ἑαυτὴν
2795 1421 2889 1473 καὶ
2914 1418 3227 1472 ἀνατιθεῖσα
3246 1420 3291 1448 ²²
3315 1418 3414 1486 τὴν
3455 1417 3795 1486 ἀνθρωπίνην
3823 1418 4002 1487 ἐσχα-

2408 1510 2552 1574 τιάν,
2581 1510 2641 1574 ἐξ
2684 1506 2751 1581 ἦς
2795 1511 3111 1583 ἀρῤήτως²³
3150 1512 3177 1563 ὁ
3220 1508 3423 1572 ἁπλοῦς
3459 1508 3665 1579 Ἰησοῦς
3706 1509 3999 1577 συνετέθη,

2413 1602 2505 1655 καὶ
2549 1603 2855 1671 παράτασιν
2892 1602 3081 1673 είληφε
3125 1603 3379 1674 χρονικὴν
3424 1604 3451 1655 ὁ
3490 1600 3676 1665 ἀΐδιος,
3719 1602 3809 1654 καὶ
3851 1600 4002 1653 εἴσω

2411 1690 2509 1759 τῆς
2532 1690 2650 1742 καθ’
2680 1691 2825 1760 ἡμᾶς
2870 1690 3108 1758 ἐγεγόνει
3150 1690 3364 1759 φύσεως
3378 1690 3444 1755 ’⁸,
3469 1693 3496 1745 ὁ
3523 1692 3703 1761 πάσης
3723 1691 3818 1760 τῆς
3843 1690 4004 1744 κατά

2416 1782 2595 1834 πᾶσαν
2636 1782 2798 1851 φύσιν
2842 1782 3051 1848 τάξεως
3101 1783 3441 1852 ὑπερουσίως
3493 1783 3804 1854 ὲκ6ε6ηκὼς
3847 1783 4006 1854 μετὰ

2418 1874 2517 1944 τῆς
2560 1875 2956 1946 ἀμεταϐόλου²⁶
2983 1878 3073 1929 irai
3119 1876 3424 1947 ἀσυγχύτου
3460 1876 3569 1929 τῶν
3608 1876 3817 1930 οἰκείων
3845 1877 4009 1947 ἱδρύ-

2420 1984 2575 2030 σεως.
2599 1968 2708 2020 Καὶ
2734 1969 2833 2020 ὃσα
2858 1967 2991 2022 ἄλλα
3018 1967 3308 2039 θεουργικά
3334 1969 3486 2038 φῶτα
3506 1974 3618 2031 τοῖς
3644 1970 3836 2037 λογίοις
3860 1970 4009 2021 ἀκο-

2418 2048 2625 2154 λούθως
2669 2060 2701 2129 ἡ
2746 2059 2853 2112 τῶν
2901 2060 3101 2113 ἐνθέων
3143 2060 3300 2131 ἡμῶν
3360 2059 3747 2154 καθηγεμόνων
3773 2064 4007 2154 κρυφία

2421 2147 2716 2218 παράδοσις
2741 2149 3151 2220 ὲκφαντορικῶς
3189 2150 3319 2219 ἡμῖν
3343 2147 3673 2220 ἐδωρήσατο,
3704 2147 3872 2201 ταῦτα
3902 2148 4009 2201 καὶ

2420 2242 2579 2311 ἡμεῖς
2610 2240 2967 2311 μεμυήμεθα’
2999 2240 3091 2293 νῦν
3137 2242 3233 2311 μὲν
3279 2237 3552 2309 ἀναλόγως
3578 2243 3724 2311 ἡμῖν,
3764 2240 3850 2292 διὰ
3885 2242 4008 2293 τῶν

2422 2330 2582 2399 ἱερῶν
2623 2332 3132 2402 παραπετασμάτων
3169 2332 3267 2403 τῆς
3306 2332 3417 2385 τῶν
3451 2332 3644 2400 λογίων
3681 2333 3772 2385 καὶ
3798 2332 3915 2385 τῶν
3940 2335 4014 2384 is-

2425 2423 2697 2492 ραρχικῶν
2743 2424 3092 2493 παραδόσεων
3152 2423 3578 2495 φιλανθρωπίας,
3619 2425 3895 2495 αἰσθητοῖς
3937 2426 4010 2478 τὰ

2423 2516 2608 2587 νοητὰ,
2638 2518 2730 2568 κα)¹
2782 2520 2895 2579 τοῖς
2935 2513 3051 2569 οὖσι
3102 2518 3171 2570 τὰ
3217 2517 3519 2588 ὑπερούσια
3563 2519 4005 2589 περικαλυπτού-

2425 2624 2522 2678 σης
2538 2609 2582 2639 “
2608 2608 2701 2660 καὶ
2726 2607 2939 2678 μορφὰς
2965 2609 3054 2661 καὶ
3082 2608 3284 2673 τύπους
3310 2613 3420 2672 τοῖς
3450 2610 3789 2679 ὰμορφώτοις
3813 2629 3872 2663 τε
3910 2612 4011 2663 καὶ

2423 2699 2727 2763 ἀτυπώτοις
2781 2700 3173 2772 περιτιθείσης,
3226 2703 3317 2754 καὶ
3370 2702 3468 2773 τὴν
3532 2704 3841 2773 ὑπερφυῆ¹⁷
3910 2705 4014 2756 καὶΙ

2423 2792 2829 2863 ἀσχημάτιστον
2864 2793 3143 2864 ἁπλότητα
3179 2796 3246 2865 τῇ
3291 2793 3536 2867 ποικιλία
3576 2798 3684 2849 τῶν
3730 2797 4017 2867 μεριστῶν

2426 2884 2706 2953 συμϐόλων
2734 2882 3106 2955 πληθυνούσης
3154 2899 3214 2937 τε
3262 2886 3354 2937 καὶ
3396 2885 3835 2956 διαπλαττούσης.
3865 2887 4015 2943 Τότε

2424 2974 2500 3038 δὲ,
2540 2977 2665 3029 ὅταν
2707 2976 2971 3046 ἄφθαρτοι
3016 2976 3109 3028 καὶ
3146 2976 3399 3030 ἀθάνατοι
3440 2966 3741 3048 γενώμεθα,
3784 2980 3876 3030 καὶ
3907 2979 4019 3048 τῆς

2426 3066 2859 3135 χριστοειδοῦςιθ
2894 3066 2986 3118 καὶ
3034 3067 3456 3137 μακαριωτάτης
3528 3067 3835 3138 ὲφικώμεθα
3902 3064 4014 3141 λψς-

755 3163 1207 3232 incorruptibiles
1256 3171 1309 3215 et
1359 3162 1692 3213 immortales
1718 3155 2313 3222 evasctimus,Christi-

2427 3159 2579 3225 ξεως,
2600 3158 2853 3241 πάντοτε
2879 3162 3000 3215 σὺν
3018 3161 3230 3228 Κιφίῳ,
3253 3158 3393 3212 κατὰ
3415 3154 3474 3212 τὸ
3499 3160 3696 3229 λόγιον,
3724 3162 4016 3229 ἐσόμεθα,

756 3256 985 3309 formem
1012 3252 1494 3317 beatissimnmque
1518 3263 1723 3303 sortem
1753 3251 1958 3317 adepti,
1990 3261 2100 3304 tum
2129 3266 2329 3318 semper

2427 3250 2523 3319 τῆς
2571 3250 2667 3319 μὲν
2713 3252 2911 3322 ὁρατῆς
2937 3250 3100 3304 αὐτοῦ
3128 3250 3444 3321 θεικρανείας
3466 3255 3523 3305 ὲν
3550 3257 3835 3321 πανάγνοις
3870 3255 4020 3308 θεω-

754 3344 859 3412 (uti
904 3344 1166 3411 scriptum
1194 3342 1298 3407 est)
1328 3358 1445 3395 cum
1482 3341 1705 3395 Domino
1738 3342 1929 3395 erimus
1952 3353 1973 3379 ν
2012 3343 2177 3413 287
2206 3344 2337 3398 visi-

757 3434 883 3489 bilis
910 3435 1128 3503 quidem
1177 3432 1463 3500 ipsiusmet
1491 3432 1583 3484 Dei
1616 3434 1979 3501 apparitionis
2007 3436 2335 3492 castissimis

758 3525 1316 3594 contemplatiouihus
1365 3524 1533 3592 pleni,
1573 3528 1728 3591 cujus
1767 3526 2122 3581 lucidissimis
2158 3529 2336 3605 splen-

759 3619 1008 3678 tlorihus.
1043 3632 1149 3670 non
1170 3633 1326 3671 secus
1352 3633 1414 3671 ac
1439 3618 1684 3685 discipuli
1715 3619 1768 3671 in
1796 3618 2129 3673 tlivinissima
2158 3632 2335 3677 trans-

761 3708 1111 3778 ﬁguratiouc,
1164 3708 1573 3771 irradiabimur,
1634 3709 1989 3779 intelligibilis
2041 3726 2171 3767 vero
2221 3712 2337 3781 ejus

758 3799 1132 3854 ilnstrationis
1188 3800 1491 3867 participes
1523 3802 1825 3853 secundum
1857 3812 2091 3855 mentem
2126 3806 2333 3870 passio-

760 3892 919 3944 nibns
949 3890 1291 3957 materiaque
1318 3900 1620 3956 carentem,
1652 3892 1929 3945 radiorum
1969 3893 2338 3949 lucidissima-

761 3996 879 4034 rmn
942 3980 1230 4048 incognitis
1273 3979 1711 4047 beatissimisque
1741 3984 2242 4047 coruscationihus,
2271 3984 2337 4038 ad

759 4072 1086 4124 diviniorem
1124 4070 1601 4136 supercmlestium
1636 4072 2126 4139 intelligentiarum
2160 4075 2341 4130 imita-

763 4162 990 4224 tionem,
1025 4160 1231 4214 unioue
1282 4161 1517 4228 quadam
1576 4160 2004 4232 intelligentiam
2047 4176 2340 4233 superante

762 4252 863 4319 ipsi
891 4253 1302 4317 conjungemur,
1338 4267 1484 4316 nam,
1516 4261 1573 4305 ut
1625 4253 1969 4321 eloquiorum
2017 4257 2223 4311 veritas
2246 4256 2342 4311 ha-

763 4347 855 4399 bet
884 4361 896 4397 :
926 4344 1185 4413 Equales
1218 4345 1418 4411 angelis
1468 4347 1665 4397 erimus
1717 4357 1764 4399 et
1817 4346 1917 4414 ﬁlii
1967 4345 2085 4411 Dei,
2128 4349 2339 4418 quando

764 4437 962 4489 erimus
991 4436 1089 4503 [itii
1123 4440 1526 4491 resurrectionis
1557 4446 1603 4490 ⁸.
1634 4436 1790 4491 Modo
1842 4449 2052 4504 autem,
2081 4450 2139 4493 ut
2190 4440 2339 4495 vale-

765 4543 908 4589 mus,
938 4527 1004 4579 ad
1040 4527 1223 4580 divina
1254 4529 1520 4595 eapienda
1554 4530 1724 4596 signis
1755 4530 1982 4594 utimur,
2012 4531 2206 4599 quibus
2230 4531 2338 4585 sci-

766 4620 891 4673 licet
924 4620 989 4672 ad
1026 4619 1329 4688 simplicem
1359 4631 1415 4674 et
1446 4622 1666 4675 unicam
1718 4620 1863 4674 illam
1920 4622 2340 4692 intelligibilium

765 4710 1201 4780 spectaculorum
1228 4712 1514 4765 veritatem
1568 4726 1667 4777 pro
1699 4721 1859 4779 captu
1896 4721 2089 4766 nostro
2119 4714 2343 4767 adduci-

768 4820 908 4865 mur,
939 4813 1145 4872 etpost
1179 4818 1394 4858 omnem
1454 4816 1698 4859 nostram
1750 4820 1934 4859 rerum
1990 4806 2339 4861 deiformium

768 4895 1203 4965 intelligentiam,
1236 4894 1495 4949 sedantes
1532 4904 1753 4951 nostras
1809 4896 2157 4953 intellecliles
2205 4914 2340 4966 ope-

769 4991 1037 5053 ratiuues,
1066 4990 1119 5042 in
1165 4978 1676 5056 superessentialem
1712 4993 1872 5046 istum
1904 4991 2137 5055 radium,
2164 5006 2340 5061 quau-

772 5089 883 5133 tum
916 5079 998 5133 fas
1027 5089 1133 5141 est,
1170 5080 1516 5143 intendimus,
1572 5081 1623 5134 iu
1684 5096 1791 5149 quo
1842 5081 2022 5135 cuncti
2054 5081 2193 5133 lines
2225 5094 2343 5134 om-

770 5173 919 5225 nium
954 5172 1324 5236 cognitionum
1362 5172 1617 5226 ineffabili
1674 5172 1834 5227 modo
1892 5175 2339 5241 pfazexsliterunt

841 5319 863 5351 ν
895 5313 911 5367 1
946 5314 1135 5370 Thess.
1166 5333 1239 5379 iv,
1269 5318 1353 5376 16.
1379 5318 1430 5372 in
1470 5329 1613 5372 texui
1656 5329 1779 5372 vero
1812 5316 2018 5382 Graeco,
2053 5318 2137 5371 l7.

2430 3341 2571 3413 ρίαις
2610 3341 3081 3411 ἁποπληρούμενοι
3123 3344 3189 3406 ¹⁹,
3239 3344 3563 3411 φανοτάταις
3622 3349 4022 3415 μαρμαρυγαῖς

2428 3435 2574 3503 ἡμᾶς
2612 3432 3105 3505 περιαυγαζούσης,
3138 3434 3201 3498 ἃς
3220 3436 3264 3466 ³ο
3288 3436 3415 3498 τοὺς
3462 3435 3704 3506 μαθητὰς
3739 3438 3795 3489 ἐν
3819 3439 4019 3510 ἐκείνῃ

2428 3529 2492 3595 τῇ
2532 3523 2839 3595 θειοτάτῃ³¹
2875 3512 3325 3596 μεταμορςοώσει⁴
3357 3526 3454 3595 τῆς
3510 3525 3561 3577 δὲ
3603 3525 3796 3595 νοητῆς
3836 3529 4018 3582 αὐτοῦ

2432 3619 2760 3687 φωτοδοσίας
2812 3620 2867 3671 ὲν
2909 3618 3107 3672 ἀπαθεῖ
3157 3619 3248 3671 καὶ
3286 3618 3432 3687 ἀΰλῳ
3455 3617 3534 3687 τῷ
3566 3617 3641 3687 νῷ
3670 3618 4017 3688 μετέχοντες,

2431 3712 2525 3764 καὶ
2562 3711 2661 3781 τῆς
2702 3711 2840 3781 ὑπὲρ
2882 3710 3004 3764 νοῦν
3044 3708 3286 3773 ἐνώσεως
3313 3711 3370 3763 ὲν
3410 3712 3527 3773 ταῖς
3551 3709 3657 3763 τῶν
3684 3711 4020 3780 ὑπερφανῶν

2431 3804 2667 3857 ἀκτίνων
2693 3804 2990 3873 ἀγνώστοις
3016 3804 3109 3857 καὶ
3139 3805 3436 3875 μακαρίαις
3461 3805 3754 3868 ἐπιϐολαῖς,
3785 3806 3840 3856 ὲν
3872 3805 4021 3858 θειο-

2432 3903 2567 3973 τέρα
2615 3903 2842 3971 μιμήσει
2870 3899 2978 3953 τῶν
3033 3899 3439 3969 ὑπερουρανίων
3487 3898 3653 3951 νοῶν·
3708 3898 4021 3967 ἰσάγγελοι

2433 3996 2561 4066 γὰρ,
2592 3994 2666 4056 ὼς
2694 3996 2727 4065 ἡ
2754 3993 2861 4045 τῶν
2888 3992 3079 4061 λογίων
3123 3976 3349 4062 ἀλήθειά
3384 4008 3575 4061 φησιν,
3602 3992 3888 4058 ἐσόμεθα,
3917 3992 4020 4045 καὶ

2446 4086 2561 4139 υἱοὶ
2596 4084 2761 4145 Θεοῦ,
2794 4084 2903 4151 τῆς
2926 4084 3315 4147 ἀναστάσεως
3345 4080 3461 4134 υἱοὶ
3481 4078 3671 4145 ὄντες.
3700 4081 3811 4132 Νῦν
3835 4082 3913 4139 δὲ,
3938 4082 4019 4145 ὡς

2437 4180 2565 4249 ἡμῖν
2594 4176 2833 4243 ἐφικτὸν,
2875 4174 3093 4235 οἰκείοις
3139 4168 3234 4243 μὲν
3252 4172 3294 4203 ³¹
3336 4174 3416 4233 είς
3454 4171 3522 4223 τά
3558 4170 3675 4223 θεῖα
3724 4173 4020 4241 συμϐόλοις

2438 4266 2716 4337 χρώμεθα,
2748 4266 2857 4317 κάκ
2893 4263 3096 4316 τούτων
3139 4260 3291 4325 αὖθις
3316 4264 3407 4314 ἐπὶ
3430 4262 3526 4332 τὴν
3555 4263 3725 4333 ἁπλῆν
3756 4267 3849 4315 καὶ
3878 4268 4023 4333 ἠνω-

2443 4360 2606 4429 μένην
2630 4356 2737 4410 τῶν
2764 4356 2966 4426 νοητῶν
2991 4356 3277 4426 θεαμάτων
3304 4354 3557 4425 ἀλήθειαν
3586 4355 3863 4423 ἀναλόγως
3890 4358 4021 4409 ἀνα-

2438 4450 2745 4521 τεινόμεθα,
2775 4449 2867 4503 καὶ
2898 4448 3033 4519 μετὰ
3059 4450 3238 4500 πᾶσαν
3265 4445 3361 4516 τὴν
3390 4446 3512 4499 καθ’
3540 4448 3683 4517 ἡμᾶς
3710 4447 3821 4499 τῶν
3850 4448 4022 4499 θεοει-

2365 4550 2406 4603 D
2435 4544 2539 4597 δῶν
2587 4544 2790 4614 νόησιν,
2844 4542 3217 4602 ἀποπαύοντες
3268 4540 3422 4609 ἡμῶν
3473 4540 3569 4602 τὰς
3619 4538 3813 4609 νοερὰς
3862 4542 4017 4609 ἐνερ-

2440 4635 2613 4701 γείας,
2667 4636 2747 4697 είς
2797 4633 2896 4704 τὴν
2941 4631 3263 4702 ὑπερούσιον
3304 4632 3497 4684 ἀκτῖνα
3523 4630 3661 4683 κατά
3699 4631 3762 4683 τὸ
3801 4631 4020 4701 θεμιτὸν

2440 4727 2821 4797 ὲπιϐάλλομεν,
2851 4729 2909 4779 ὲν
3000 4727 3176 4778 πάντα
3203 4723 3271 4776 τὰ
3297 4724 3506 4794 πέρατα
3532 4722 3719 4775 πασῶν
3746 4722 3856 4775 τῶν
3881 4723 4021 4790 γνώ-

2443 4835 2579 4871 σεων
2608 4818 3007 4889 ὑπεραρῤμήτως
3052 4812 3485 4886 προϋφέστηκεν,
3512 4813 3579 4883 ἣν
3617 4812 3737 4866 οὔτε
3769 4816 4021 4883 ἐννοῆσαι

2442 4910 2681 4973 δυνατὸν,
2711 4907 2831 4961 οὔτε
2855 4910 3046 4969 εἰπεῖν,
3076 4904 3197 4957 οὔτε
3223 4904 3359 4968 ὅλως
3382 4920 3497 4967 πως
3528 4903 3824 4973 θεωρῆσαι,
3852 4904 3937 4957 διὰ
3958 4904 4026 4955 τὸ

2447 5002 2665 5055 πάντων
2687 4998 2857 5071 αὐτὴν
2882 4998 3225 5070 ἐξῃρημένην
3259 4992 3417 5059 εἶναι,
3446 4995 3540 5047 καὶ
3576 4994 4020 5065 ὑπιράγνωσ-τοεί,

2446 5094 2540 5147 καὶ
2564 5092 2751 5147 πασῶν
2789 5091 2886 5163 μὲν
2912 5090 3020 5143 τῶν
3046 5087 3318 5142 οὐσιωδῶν
3342 5085 3596 5156 γνώσεων
3622 5087 3715 5139 καὶ
3742 5086 4025 5157 δυνάμεων

2443 5186 2540 5251 τάς
2579 5182 3023 5256 ἁποπερατώσεις
3069 5182 3185 5253 ἅμα
3236 5181 3326 5233 καὶ
3367 5179 3545 5245 πάσας
3587 5180 3925 5251 ὑπερουσίως
3962 5182 4027 5232 ὲν

2220 5329 2241 5359 ι
2275 5318 2407 5375 Luc.
2442 5336 2531 5381 xx,
2558 5321 2644 5375 56.

2054 5475 2284 5533 VARUE
2322 5476 2726 5533 LECTIONES.

845 5631 883 5659 Η
912 5629 1025 5709 ἔσξι
1049 5649 1107 5709 Ξε
1129 5634 1218 5709 "Ei
1234 5633 1576 5709 §V°Pd§81at,
1606 5636 1667 5709 D.
1738 5638 1782 5670 ὀ
1809 5640 2134 5699 οὑσιοποιοῦ,
2165 5640 2223 5693 S.
2304 5642 2346 5670 ¹¹
2390 5656 2481 5709 γρ.
2515 5637 2965 5709 ἀπαράθραυστα,
3030 5637 3073 5668 ¹¹
3100 5637 3209 5690 ἀνω
3230 5634 3437 5709 τιθεῖσα
3456 5675 3470 5697 ,
3503 5633 3561 5709 ll.
3584 5632 3677 5684 Ch.
3821 5629 4025 5709 ἀςίθέγ-

770 5714 931 5779 κτως,
956 5699 1017 5779 'S.
1049 5701 1102 5754 Ρ.
1164 5704 1207 5779 ‘_‘
1234 5699 1341 5779 ἕως
1363 5707 1459 5775 τῆς
1490 5708 1545 5759 S.
1574 5708 1819 5779 εληλύθει
1846 5710 2079 5777 φύσεως,
2120 5714 2168 5763 I’.
2243 5713 2286 5743 ⁸⁵
2311 5699 2704 5779 ἀμεταϐλήτου,
2736 5699 2832 5761 Ch.

1718 5782 1760 5810 "
1785 5774 2044 5851 χρηστίς.
2086 5781 2186 5835 (1h.
2250 5783 2292 5813 ’λε’
2320 5774 2804 5849 ἀναπληρούμενα,
2834 5776 2889 5832 Ρ.
2972 5778 3013 5810 ³⁰
3040 5774 3125 5835 Y0.
3150 5774 3240 5833 ὡς.
3303 5777 3340 5806 ³¹
3400 5774 3518 5827 θεία
3539 5812 3551 5824 .
3582 5776 3676 5822 (In.

768 5766 1195 5883 ὑπερῖύσονκαὶ
1252 5766 1520 5844 ὑπεριρυᾶ,
1577 5777 1633 5831 υ.

774 5856 868 5883 In
945 5847 957 5867 ’

774 5856 868 5884 ιιι-ι
922 5847 957 5883 ν

2927 5708 2972 5737 ³⁸
2996 5723 3084 5777 γρ.
3120 5703 3668 5777 παρακαλυπτούσης.
3747 5704 3797 5777 ’.τᾷ
3817 5702 3907 5777 καὶ
3927 5699 4025 5777 τὴν

3165 5770 3239 5820 δὲ-
3303 5777 3340 5806 ³¹
3400 5774 3551 5820 θεία..
3582 5770 3676 5820 tiu.
3761 5770 4027 5820 "nitatur
