4178 6312
224 372 334 430 593

1318 374 1406 438 DE
1441 374 1693 432 DlVlNlS
1727 374 2123 443 NOMINIBUS,
2159 374 2313 432 CAP.
2351 374 2391 431 1.

3359 367 3465 424 598

222 490 393 560 tam?)
432 490 839 562 προειληφυῖαν,
894 494 1109 548 πάντων
1157 494 1213 546 δὲ
1259 495 1614 566 ἀπεριλήπτῳ
1639 495 1791 547 δυνά-

1896 509 2164 564 quemque
2199 510 2297 550 nec
2330 500 2507 548 mente
2533 491 2840 560 concipere,
2870 503 2970 544 nec
2995 486 3252 542 oratione
3278 485 3456 554 prolo-

223 597 342 650 μει,
371 581 594 634 καὶτῶν
636 583 1040 656 ὑπερουρανίων
1085 585 1220 639 νοῶν
1254 587 1710 657 ὑπεριδρυμένην.
1738 586 1801 638 Ei

219 672 334 742 γὰρ
361 675 412 726 ai
439 673 664 741 γνώσεις
688 677 856 728 πᾶσαι
882 676 989 730 τῶν
1014 678 1181 731 ὄντων
1204 680 1328 740 εἰσὶ,
1361 681 1451 732 καὶ
1479 682 1556 742 εἰς
1582 678 1648 731 τὰ
1672 678 1798 732 ὄντα

218 762 285 814 τὸ
326 765 494 836 πέρας
535 768 767 838 ἔχουσιν,
813 771 846 839 ἡ
885 770 1063 841 πάσης
1085 771 1268 834 οὐσίας
1296 771 1550 824 ἐπέκεινα
1577 772 1668 824 καὶ
1694 769 1799 822 πά-

221 872 328 927 σης
354 858 606 926 γνώσεώς
634 863 780 913 ἐστιν
810 860 1144 935 ἐξῃρημένη.

1899 591 1989 659 qui
2016 588 2276 650 valemus,
2327 602 2502 656 neque
2531 587 2644 638 visu
2679 581 3087 654 quomodolibet
3132 577 3356 643 intueri,
3395 590 3461 630 eo

1901 679 2047 750 quod
2079 678 2150 733 sit
2182 678 2434 733 omnibus
2462 685 2770 744 exemptus,
2807 680 2861 727 et
2893 672 3196 727 eminenter
3221 669 3459 740 ignotus,

1900 781 1961 825 ut
1987 771 2076 840 qui
2102 770 2261 824 simul
2295 784 2482 824 onmes
2517 767 2758 823 omnium
2800 764 3168 834 cognitionum
3197 757 3463 816 essentia-

1900 863 2057 925 linm,
2085 861 2458 928 virtutumque
2493 856 2905 913 terminationes
2939 851 3464 923 superessentialiter

222 949 279 1001 in
324 953 617 1020 semetipso
669 953 1002 1022 anticiparit,
1027 955 1238 1009 cunctis
1279 955 1592 1012 C(PieSlibtiS
1646 953 2021 1021 intelligentiis
2050 953 2381 1006 eminentior
2435 949 2882 1018 incomprehensa
2914 947 3112 1000 virtute
3146 943 3459 998 collocatus.

223 1040 435 1096 Etenim
460 1057 580 1097 cum
617 1045 863 1101 notiones
899 1062 1089 1103 omnes
1127 1050 1236 1102 sint
1263 1050 1573 1114 entitatum,
1622 1058 1676 1103 et
1704 1049 1794 1100 'ad
1830 1050 2090 1102 entitates
2122 1047 2504 1110 terminentur,
2537 1045 2581 1100 is
2604 1044 2694 1114 qui
2747 1041 2895 1097 onmi
2924 1039 3154 1095 entitate
3180 1035 3456 1091 sublimior

219 1141 330 1201 est,
357 1149 573 1189 omnem
597 1151 810 1206 quoque
838 1138 1024 1208 eli'ngit
1048 1141 1428 1209 cognitionem.

1778 1247 1916 1322 ἐν,

293 1394 404 1449 Καὶ
440 1393 543 1469 μὴν
567 1433 581 1457 ,
631 1395 679 1446 εἰ
723 1394 984 1465 κρείττων
1031 1396 1148 1448 ἐστὶ
1183 1396 1226 1426 ³³
1266 1395 1464 1458 παντὸς
1510 1393 1666 1463 λόγου
1702 1395 1797 1450 καὶ

219 1484 404 1554 πάσης
437 1483 722 1552 γνώσεως,
759 1486 852 1537 καὶ
885 1485 1022 1555 ὑπὲρ
1055 1486 1176 1542 νοῦν
1201 1485 1427 1538 καθόλου
1480 1487 1572 1543 καὶ
1607 1486 1791 1538 οὐσίαν

219 1574 431 1645 ἵδρυται
455 1615 468 1639 ,
507 1576 722 1628 πάντων
760 1576 856 1646 μὲν
889 1571 1024 1629 οὖσα
1058 1577 1459 1648 περιληπτικὴ,
1497 1578 1589 1630 καὶ
1635 1593 1794 1629 συνα-

220 1666 392 1737 πτικὴ
424 1667 488 1730 ³⁸,
525 1669 618 1720 καὶ
652 1667 1003 1738 συλληπτικὴ,
1039 1670 1131 1720 καὶ
1165 1668 1537 1741 προληπτικὴ,
1575 1669 1705 1721 πᾶσι
1737 1668 1793 1721 δὲ

219 1757 383 1820 αὑτὸς
433 1757 655 1810 καθόλου
703 1756 972 1828 ἄληπτος,
1025 1759 1118 1811 καὶ
1163 1757 1281 1811 οὔτε
1328 1758 1577 1829 αἴσθησις
1625 1761 1792 1830 αὐτῆς

1970 1389 2240 1443 Cancrum
2283 1386 2327 1439 si
2372 1398 2677 1441 sermonem
2717 1398 2933 1440 omnem
2985 1381 3461 1453 cognitionemque

1902 1480 2276 1544 transcendat,
2308 1493 2583 1546 supraque
2616 1485 2849 1530 mentem
2878 1474 2947 1528 sit
2973 1484 3027 1528 et
3052 1472 3376 1536 essentiam,
3402 1480 3462 1523 ut

1898 1574 1989 1642 qui
2021 1571 2200 1626 omnia
2235 1587 2332 1626 suo
2372 1572 2576 1626 ambitu
2628 1569 2904 1624 contineat
2934 1582 2997 1621 ac
3047 1565 3457 1633 complectatur,

1897 1677 1952 1720 et
1984 1665 2278 1733 anticipet,
2312 1666 2440 1732 quin
2467 1673 2520 1718 et
2552 1677 2768 1718 onmem
2803 1669 3013 1724 captum
3057 1667 3310 1725 superet,
3336 1671 3458 1711 cum

1899 1774 2072 1828 neque
2112 1758 2212 1812 sub
2266 1771 2480 1814 sensum
2515 1757 2695 1817 cadat,
2729 1767 2900 1821 neque
2945 1749 3061 1817 ejus
3091 1752 3164 1804 sit
3194 1750 3461 1817 imagina-

219 1848 374 1911 ἐστιν
396 1889 409 1910 ,
443 1848 566 1900 οὔτε
602 1850 868 1919 φαντασία
889 1889 902 1913 ,
937 1849 1059 1902 οὗτε
1093 1850 1217 1916 δόξα
1238 1890 1251 1912 ,
1290 1849 1409 1903 οὒτε
1449 1851 1633 1921 ὄνομα,
1671 1851 1791 1904 οὕτε

1900 1852 1994 1913 tio,
2030 1862 2129 1904 nec
2152 1847 2416 1917 opinatio,
2449 1861 2626 1915 neque
2653 1859 2874 1905 nomen,
2910 1855 3085 1910 neque
3113 1855 3314 1904 sermo,
3363 1854 3458 1894 ne-

217 1939 397 2008 λόγος,
431 1940 554 1994 οὔτε
584 1943 786 2013 ἐπαφὴ,
813 1942 935 1996 οὔτε
957 1944 1255 2013 ἐπιστήμη,
1287 1943 1408 2006 πῶς
1432 1946 1458 1997 ὁ
1488 1945 1612 2014 περὶ
1634 1944 1792 1996 θείων

217 2027 500 2098 ὀνομάτων
536 2033 665 2101 ἡμῖν
689 2032 1331 2103 διαπραγματευθήσεται
1355 2033 1529 2100 λόγος,
1558 2034 1791 2104 ἀκλήτου

216 2122 318 2173 καὶ
366 2121 720 2192 ὑπερωνὺμου
772 2125 869 2193 τῆς
907 2124 1227 2195 ὑπερουσίου
1275 2123 1524 2194 θεότητος
1573 2125 1786 2176 ἀποδει-

217 2212 531 2283 κνυμένης;
581 2213 717 2265 Ἀλλ’
752 2216 888 2286 ὅπερ
936 2214 1177 2286 ἔφημεν,
1216 2214 1374 2284 ἡνίκα
1425 2214 1522 2277 τάς
1556 2214 1794 2282 θεολογι-

217 2302 325 2366 κάς
361 2302 734 2367 ὑποτυπώσεις
759 2304 1126 2378 ἐξετιθέμεθα,
1151 2306 1209 2356 τὸ
1235 2305 1309 2371 ἓν,
1346 2306 1405 2357 τὸ
1438 2305 1708 2374 ἄγνωστον
1725 2306 1788 2371 ⁸³,

227 2395 280 2450 τὸ
303 2394 647 2463 ὑπερούσιον,
682 2396 1068 2465 αὐτοτάγαθον,
1088 2398 1222 2467 ὅπερ
1243 2398 1375 2460 ἐστὶ,
1397 2397 1495 2468 τὴν
1515 2398 1791 2470 τριαδικὴν

218 2487 382 2547 ὲνάδα
412 2489 569 2557 φημὶ,
589 2489 685 2558 τὴν
715 2487 959 2558 ὁμόθεον,
980 2490 1071 2541 καὶ
1097 2490 1416 2558 όμοάγαθον,
1447 2490 1568 2550 obes
1596 2493 1788 2555 εἰπεῖν,

214 2575 343 2628 οὔτε
375 2578 620 2646 ἐννοῆσαι
653 2580 892 2632 δυνατόν·
925 2580 1060 2632 ἀλλά
1094 2582 1185 2632 καὶ
1219 2583 1273 2633 αἱ
1316 2581 1422 2633 τῶν
1448 2583 1615 2649 ἁγίων
1638 2582 1793 2636 δυνά-

221 2685 370 2738 μεων
395 2670 820 2739 ἀγγελοπρεπεῖς
854 2672 1091 2735 ἐνώσεις,
1127 2672 1192 2736 ἃς
1229 2674 1336 2725 εἴτε
1371 2674 1646 2738 ἐπιϐολὰς,
1683 2675 1789 2727 εἴτε

216 2763 528 2833 παραδοχάς
555 2766 656 2835 χρὴ
692 2766 853 2833 φάναι
887 2766 984 2834 τῆς
1021 2765 1440 2836 ὑπεραγνώστου
1486 2768 1577 2820 καὶ
1626 2770 1791 2840 ὑπερ-

217 2855 422 2922 φανοῦς
455 2856 783 2924 ἀγαθότητος
804 2896 817 2919 ,
862 2858 1084 2927 ἄρρητοί
1118 2875 1176 2909 τε
1212 2859 1314 2910 εἰσὶ
1361 2861 1452 2912 κα)⁴
1486 2860 1747 2927 ἄγνωστοι
1774 2899 1788 2923 ,

217 2944 316 2999 καὶ
350 2944 526 3014 μόνοις
558 2946 739 3009 αὑτοῖς
773 2947 1131 3017 ἐνυπάρχουσι
1164 2951 1272 3011 τοῖς
1311 2950 1449 3020 ὑπὲρ
1472 2950 1668 3018 γνῶσιν
1695 2953 1791 3019 ἀγ-

215 3036 442 3106 γελικὴν
476 3035 796 3108 ἠξιωμένοις
819 3040 996 3091 αὐτῶν
1028 3040 1294 3108 ἀγγέλοις.
1333 3043 1566 3105 Ταύταις
1592 3045 1638 3095 oi
1673 3042 1788 3095 θεο-

216 3125 378 3188 ειδεῖς
418 3127 885 3198 ἀγγελομιμήτως,
935 3129 1009 3191 ῶς
1057 3131 1305 3197 ἐφικτὸν,
1355 3130 1627 3201 ἐνούμενοι
1674 3133 1788 3196 νόες

219 3216 428 3285 (ἐπειδὴ
453 3217 591 3269 κατὰ
618 3220 796 3288 πάσης
824 3223 1012 3289 νοερᾶς
1039 3222 1312 3292 ἐνεργείας
1337 3223 1379 3254 ³⁸
1414 3225 1719 3277 ἀπόπαυσιν
1754 3227 1786 3296 ἡ
1814 3262 1854 3317 C

214 3307 393 3362 τοιάδε
418 3309 659 3376 γίγνεται
686 3310 791 3362 τῶν
816 3312 1184 3384 ἐκθεουμὲνων
1214 3313 1346 3366 νοῶν
1381 3316 1514 3386 πρὸς
1546 3316 1604 3367 τὸ
1628 3317 1788 3387 ὑπέρ-

218 3395 341 3449 θεον
372 3399 411 3428 ³⁷
469 3401 581 3466 φῶς
616 3400 824 3472 ἕνωσις)
875 3403 1130 3472 ὑμνοῦσιν
1179 3406 1307 3458 αὑτὸ
1354 3406 1662 3476 κυριώτατα
1699 3409 1786 3461 διὰ

213 3489 318 3558 τῆς
358 3491 570 3542 πάντων
619 3492 723 3543 τῶν
763 3494 926 3545 ὄντων
973 3494 1329 3566 ἀςαιρὲσεως,
1377 3497 1531 3548 τοῦτο
1573 3497 1784 3568 ἀληθῶς

215 3583 314 3632 καὶ
348 3581 633 3650 ὑπερφυῶς
660 3582 1048 3652 ἐλλαμφθέντες
1074 3586 1135 3637 ἐκ
1167 3585 1264 3653 τῆς
1290 3586 1420 3655 πρὸς
1464 3587 1591 3637 αὑτὸ
1616 3603 1788 3656 μακα-

220 3674 488 3746 ρ.ωτάτης
524 3673 786 3738 ἐνὼσεως,
825 3676 909 3727 ὅτε
933 3677 1143 3728 πάντων
1181 3678 1275 3746 μέν
1321 3679 1436 3730 ἐστι
1479 3677 1584 3728 τῶν
1619 3679 1786 3731 ὅντων

216 3765 410 3827 αι’τιον,
449 3766 576 3817 αὑτὸ
599 3767 654 3818 δὲ
683 3767 851 3828 οὐδὲν,
887 3767 961 3829 ὡς
989 3769 1200 3820 πάντων
1226 3770 1268 3799 ³⁸
1297 3770 1632 3838 ὑπερουσίως
1658 3770 1782 3841 ἐξῃ-

221 3853 472 3925 ρημένον.
501 3856 610 3926 Τὴν
647 3856 742 3927 μὲν
768 3852 858 3909 οὖν
882 3858 1306 3929 ὑπερουσιότητα
1328 3861 1426 3930 τὴν
1473 3860 1782 3932 θεαρχικὴν,

215 3947 245 3998 ὃ
283 3963 335 3997 τι
388 3948 514 4000 ποτέ
553 3950 696 4000 ἐστιν
737 3950 769 4018 ἡ
815 3950 911 4020 τῆς
964 3951 1431 4021 ὑπεραγαθότητος
1473 3953 1786 4024 ὑπερύπαρ-

254 4055 301 4098 ις
328 4038 392 4100 ³9,
438 4037 556 4090 οὔτε
607 4039 682 4102 ῶς
725 4040 897 4108 λόγον,
1018 4041 1264 4112 δύναμιν,
1311 4043 1429 4099 οὔτε
1475 4045 1547 4107 ὡς
1575 4045 1716 4107 νοῧνν
1752 4045 1784 4117 ἢ

218 4129 386 4199 ζωὴν,
477 4132 663 4183 οὐσίαν
690 4133 927 4201 ὑμνῆσαι
962 4133 1176 4203 θεμιτὸν
1209 4135 1382 4186 οὐδενὶ
1409 4135 1513 4187 τῶν
1548 4137 1659 4187 ὅσοι
1687 4137 1787 4205 τῆς

218 4219 360 4285 ὑπὲρ
401 4221 576 4274 πᾶσαν
621 4220 873 4290 ἀλήθειαν
913 4221 1165 4291 ἀληθείας
1202 4225 1337 4276 εἰσὶν
1383 4226 1640 4294 ἐρασταί·
1673 4226 1784 4277 ἀλλ’

215 4310 294 4374 ὡς
323 4311 497 4379 πάσης
523 4310 706 4374 ἕξεως,
744 4316 1025 4383 κινήσεως,
1053 4313 1214 4382 ζωῆς,
1260 4317 1569 4382 φαντασίας,
1609 4316 1783 4387 δόξης,

216 4403 496 4471 ὀνόματος,
528 4403 705 4471 λόγου,
733 4405 985 4468 διανοίας,
1011 4408 1262 4476 νοήσεως,
1292 4407 1496 4470 οὐσίας,
1527 4411 1781 4475 στάσεως,

216 4492 496 4562 ἱδρύσεως,
533 4493 793 4557 ἐνῶσεως,
823 4494 1071 4565 πέρατος,
1110 4496 1379 4566 ἀπειρίας,
1410 4498 1660 4550 ἁπάντων
1687 4500 1784 4552 ὅσα

1894 1954 2000 2008 que
2028 1949 2224 2001 tactus,
2257 1953 2433 2006 neque
2463 1937 2652 1990 notitia
2674 1975 2688 1997 ,
2723 1935 2993 2002 quomodo
3026 1933 3092 1988 de
3139 1931 3336 1984 divinis
3363 1944 3460 1983 uo—

1895 2030 2127 2082 tninibus
2158 2045 2184 2082 a
2223 2031 2379 2082 nobis
2406 2044 2585 2082 sermo
2619 2026 3060 2088 concinnabitur,
3112 2039 3231 2078 cum
3266 2021 3456 2076 dirini-

1894 2129 2058 2174 tatem
2088 2119 2233 2173 illam
2262 2120 2339 2172 uti
2371 2118 2630 2180 essentia,
2655 2116 2734 2170 sic
2761 2124 2814 2168 et
2834 2117 3050 2169 nomine
3080 2115 3268 2183 quovis
3293 2123 3462 2181 atque

1894 2208 2257 2277 appellatione
2290 2210 2552 2276 potiorem
2601 2221 2722 2262 esse
2770 2204 3201 2258 declaraverim?
3239 2203 3456 2272 Utique,

1894 2318 1952 2361 ut
1984 2307 2222 2363 diximus
2250 2306 2465 2374 quando
2499 2303 2836 2373 tlicologicas
2862 2302 3250 2369 descriptiones
3287 2315 3455 2369 expo-

1892 2398 2123 2463 suimus,
2155 2412 2318 2448 unum
2361 2394 2512 2457 illud,
2558 2396 2828 2463 ignotum,
2875 2405 3036 2459 supra
3069 2389 3452 2452 substantiam,

1893 2495 2071 2558 seipso
2097 2491 2320 2552 bonum,
2347 2487 2488 2562 quod
2512 2495 2611 2548 est,
2642 2484 2860 2546 trinam,
2887 2483 3128 2550 inquam,
3162 2480 3453 2543 unitatem,

1893 2581 2053 2635 simul
2087 2579 2276 2641 Deum,
2320 2576 2481 2631 simul
2528 2575 2766 2639 bonum,
2815 2587 2990 2641 neque
3024 2571 3204 2625 verbis
3253 2570 3453 2638 eloqui,

1894 2686 2071 2742 neque
2098 2670 2390 2739 cogitando
2433 2667 2649 2735 assequi
2698 2669 2973 2729 valemus;
3010 2670 3138 2731 quin
3168 2672 3223 2716 et
3273 2677 3456 2715 sacra-

1892 2779 2011 2818 rum
2061 2777 2275 2832 quoque
2323 2762 2583 2813 virtutum
2625 2774 2746 2812 cum
2799 2757 3084 2826 plusquam
3134 2757 3313 2824 ignota
3362 2754 3453 2807 illa

1890 2854 2056 2924 288
2097 2853 2494 2922 przelucidaque
2537 2852 2775 2904 bonitate
2830 2849 3278 2916 conjunctiones,
3335 2858 3454 2911 quae

1891 2948 2099 3016 angelis
2130 2945 2490 3009 conveniunt,
2525 2944 2638 2996 sive
2673 2942 3060 3003 immissioncs,
3112 2940 3227 2992 sive
3267 2950 3452 2991 susce—

1890 3041 2100 3109 ptiones
2128 3037 2454 3106 appellanda:
2485 3036 2613 3098 sint,
2640 3044 2694 3086 et
2718 3031 3012 3086 inellabiles
3046 3041 3189 3095 sunt,
3216 3039 3270 3085 et
3302 3031 3453 3097 igno-

1892 3143 1976 3195 ιω,
2041 3130 2278 3198 solisque
2337 3129 2440 3182 illis
2498 3131 2698 3188 insunt,
2756 3125 2846 3193 qui
2909 3134 3105 3190 praeter
3153 3121 3454 3190 angelicam

1889 3224 2272 3294 cognitionem,
2303 3235 2408 3271 una
2438 3234 2558 3272 cuni
2589 3216 2793 3286 angelis
2819 3230 2908 3268 eas
2943 3214 3449 3282 acccperunt..'llen-.

1891 3321 1971 3365 tes
2003 3313 2184 3378 itaque
2219 3310 2510 3362 deil'ormes
2560 3307 2628 3357 ad
2675 3303 3024 3373 angelorum,
3063 3315 3322 3373 quantum
3367 3302 3450 3354 l'as

1886 3415 1988 3468 est,
2023 3403 2371 3457 imitationem
2405 3403 2570 3452 bacce
2605 3398 2810 3449 ratione
2840 3397 2945 3449 Deo
2974 3396 3136 3449 unita:
3165 3395 3446 3463 (siquidem

1888 3512 1982 3564 per
2012 3510 2223 3548 omnem
2258 3494 2506 3547 mentalis
2549 3489 2881 3562 Operationis
2913 3489 3251 3541 vacationem
3299 3489 3448 3556 ejus-

1887 3588 2092 3640 cctnodi
2140 3585 2511 3639 deiﬁcalarum
2561 3585 2820 3635 mentium
2882 3583 2947 3635 ad
3001 3595 3306 3649 supremum
3354 3581 3444 3633 Dei

1888 3675 2065 3730 lumen
2101 3676 2226 3726 unio
2256 3675 2487 3740 exsistit)
2509 3673 2934 3740 laudantjpsnm
2975 3670 3342 3739 propriissime
3375 3685 3441 3725 ex

1889 3781 2068 3822 rerum
2114 3765 2354 3817 omnimn
2402 3765 2712 3828 ablatione,
2758 3765 2859 3816 hoc
2890 3777 2956 3814 ex
3002 3761 3316 3822 beatissima
3358 3761 3442 3813 illa

1888 3872 2007 3910 cum
2049 3857 2157 3909 Deo
2189 3855 2390 3908 unione
2421 3869 2581 3920 supra
2613 3863 2861 3906 naturam
2896 3867 3017 3905 vere
3047 3867 3143 3922 per
3178 3851 3444 3917 illumina-

1890 3948 2089 4000 tionem
2121 3945 2380 4009 eruditae,
2430 3956 2486 3997 ut
2542 3945 2680 3998 Deus
2727 3944 2965 4002 omnium
3005 3944 3224 4012 quidem
3264 3958 3442 3997 rerum

1888 4055 2048 4096 causa
2081 4038 2180 4101 sit,
2217 4039 2331 4106 ipse
2387 4051 2510 4089 vero
2565 4036 2697 4088 nihil
2728 4051 2911 4088 earum
2959 4037 3206 4097 exsistat,
3241 4036 3331 4087 sed
3373 4035 3441 4086 ab

1889 4132 2142 4185 onmibns
2175 4131 2245 4182 sit
2273 4128 2803 4197 supet‘esscntialiter
2832 4139 3134 4196 exemptus.
3177 4127 3321 4179 Illam
3347 4127 3442 4195 igi-

1889 4232 1974 4276 tur
2027 4220 2258 4274 divinam
2306 4235 2629 4289 supraquam
2658 4220 3013 4272 substantiam
3041 4258 3056 4282 ,
3089 4221 3444 4287 quodcunque

1887 4322 1969 4367 cst
2018 4311 2104 4364 illa
2151 4326 2474 4379 supraquam
2508 4310 2745 4363 essentia
2799 4309 3076 4372 bonitatis,
3115 4325 3233 4378 qua:
3280 4326 3441 4378 supra

1887 4404 2181 4458 bonitatem
2216 4413 2319 4466 est,
2361 4417 2538 4470 neque
2565 4412 2812 4470 tanquam
2842 4403 3105 4456 rationem
3134 4413 3224 4454 aut
3249 4412 3437 4470 poten-

1889 4497 2051 4558 tiam,
2088 4509 2258 4562 neque
2295 4503 2548 4561 tanquam
2600 4502 2865 4556 mentem,
2918 4502 3008 4545 aut
3061 4495 3436 4560 subsmntiam,

215 4583 347 4634 ὄντα
379 4584 542 4646 ἐστὶν,
571 4583 906 4654 ὑπεροχικῶς
939 4587 1311 4656 ἀφῃρημένην.
1356 4588 1564 4661 Ἐπειδὴ
1609 4589 1665 4642 δὲ
1709 4589 1783 4652 ὡς

1894 4597 1978 4649 aut
2006 4587 2168 4639 vitam
2218 4585 2464 4640 laudibus
2508 4585 2784 4640 celebrare
2837 4588 2915 4642 las
2939 4598 3022 4642 est
3052 4589 3140 4641 ulli
3172 4589 3263 4658 qui
3300 4592 3440 4643 veri-

215 4669 550 4738 ἀγαθότητος
599 4671 862 4742 ὑπαρξις,
911 4675 1055 4744 αὑτῷ
1093 4675 1168 4747 τῷ
1215 4672 1369 4739 εἶναι,
1412 4678 1625 4730 πάντων
1666 4681 1782 4731 ἐστὶ

213 4762 326 4813 τῶν
351 4763 516 4815 ὄντων
543 4766 706 4827 αἰτία,
733 4767 827 4837 τὴν
853 4768 1223 4840 ἀγαθαρχικὴν
1246 4771 1346 4839 τῆς
1381 4770 1632 4841 Θεαρχίας
1658 4773 1784 4843 πρό-

213 4870 387 4916 νοιαν,
433 4856 496 4906 ὲκ
531 4855 747 4908 πάντων
795 4858 902 4910 τῶν
946 4858 1200 4910 αἰτιατῶν
1242 4861 1537 4931 ὑμνητέον·
1587 4862 1707 4912 ἐπεὶ
1731 4862 1776 4893 ⁵ο

213 4947 313 4998 καὶ
351 4948 478 5017 περί
510 4948 676 5018 αὐτὴν
713 4951 921 5014 πάντα,
965 4953 1057 5003 καὶ
1097 4952 1264 5019 αὑτῆς
1291 4952 1468 5016 ἕνεκα,
1508 4953 1600 5004 καὶ
1640 4954 1778 5026 αὑτή

213 5045 333 5091 ἐστι
366 5040 468 5108 πρὸ
501 5041 732 5106 πάντων,
770 5044 860 5096 καὶ
891 5042 958 5095 τά
993 5044 1164 5096 πάντα
1196 5043 1252 5094 ἐν
1291 5045 1424 5114 αὑτῇ
1465 5044 1777 5114 συνέστηκεο

213 5131 312 5182 καὶ
356 5129 430 5199 τῷ
473 5128 607 5184 εἶναι
649 5135 880 5204 ταύτην,
918 5136 949 5204 ὴ
997 5133 1102 5187 τῶν
1146 5135 1279 5186 ὅλων
1335 5136 1634 5206 παραγωγὴ
1683 5138 1778 5188 καὶ

213 5219 528 5284 ὑπόστασις,
557 5223 647 5274 καὶ
680 5225 844 5292 αὐτῆς
871 5224 1043 5276 πάντα
1070 5225 1297 5292 ἐφίεταν
1333 5226 1404 5278 τὰ
1427 5227 1524 5297 μὲν
1556 5227 1774 5299 νοεράΜ

212 5314 311 5364 καί
333 5312 540 5379 λογικὰ,
575 5315 904 5382 γνωστικῶς·
939 5315 1007 5368 τὰ
1031 5317 1087 5372 δὲ
1128 5318 1386 5387 ὑφειμένα
1425 5317 1650 5383 τούτων,
1693 5322 1776 5372 αί-

217 5405 488 5469 σθητικῶς
523 5407 566 5438 ’⁸⁸
587 5424 598 5436 ·
647 5411 738 5464 καὶ
766 5408 835 5462 τὰ
876 5409 1011 5464 ἄλλα
1032 5410 1172 5464 κατά
1196 5410 1429 5482 ζωτικὴν
1471 5413 1701 5482 κίνησιν,
1738 5413 1770 5483 ἦ

211 5499 444 5570 οὑσιῶδη
473 5502 567 5553 καὶ
590 5501 808 5571 ἐκτικὴν
832 5503 1261 5575 ἐπιτηδειότητα.

1889 4680 2033 4745 tatis,
2082 4694 2200 4747 qua:
2235 4695 2394 4748 supra
2438 4696 2654 4736 omnem
2689 4670 2971 4736 veritatem
3002 4693 3103 4748 est,
3132 4686 3203 4737 sit
3230 4687 3440 4740 studio-

1884 4786 2022 4825 sus:
2059 4771 2303 4839 quinimo
2360 4771 2585 4824 laudare
2629 4787 2747 4825 eam
2797 4784 3026 4841 Oportet,
3083 4785 3339 4843 tanquam
3370 4779 3436 4831 ab

1885 4863 2029 4921 omni
2067 4862 2278 4927 habitu,
2321 4876 2496 4927 motu,
2528 4865 2634 4916 vita
2655 4904 2669 4928 ,
2703 4847 3084 4934 imaginatione
3107 4907 3120 4930 ,
3152 4869 3433 4936 opinione,

1887 4955 2128 5019 nomine,
2182 4969 2453 5022 sermone,
2494 4957 2841 5022 cogitatione,
2891 4957 3276 5027 intelligentia,
3307 4962 3437 5015 sub-

1882 5048 2104 5110 stantia,
2129 5056 2297 5111 statu,
2335 5046 2681 5114 fundatione,
2719 5051 2946 5116 unione,
2981 5053 3111 5117 line,
3157 5054 3432 5110 immensi.

1884 5144 2015 5203 late,
2046 5139 2278 5208 denique
2307 5140 2373 5193 ab
2402 5140 2649 5194 omnibus
2674 5156 3007 5211 quatcunque
3048 5154 3172 5198 sunt
3195 5185 3210 5209 ,
3237 5160 3426 5214 supera

1880 5227 1984 5282 late
2005 5229 2350 5282 abstractam.
2393 5229 2653 5295 Quoniam
2684 5245 2808 5283 vero
2845 5241 2902 5283 ut
2939 5233 3052 5300 ipsa
3095 5235 3331 5298 bonitas,
3368 5251 3433 5290 eo

1878 5321 1996 5389 ipso
2019 5321 2161 5389 quod
2193 5330 2298 5386 est,
2330 5320 2570 5373 omnium
2602 5336 2764 5373 causa
2794 5332 2901 5388 est,
2932 5326 3268 5393 providentia
3314 5329 3427 5392 Dei,

1877 5427 2065 5467 eorum
2114 5416 2204 5481 qui
2255 5415 2328 5467 dii
2378 5414 2630 5473 dicuntur
2665 5417 2955 5485 principis,
3012 5434 3131 5488 qua:
3187 5423 3427 5483 omnium

1879 5507 2138 5562 bonorum
2172 5508 2493 5577 principium
2518 5520 2630 5576 est,
2675 5509 2742 5563 ab
2790 5510 3038 5568 erunibus
3080 5513 3286 5569 cﬂ'cctis
3317 5515 3430 5568 lau—

1478 5639 1706 5694 VARUE
1742 5640 2145 5696 LECTIONES.

274 5755 318 5786 ³³
343 5754 774 5846 εὲικαὶικοξξτςόν
798 5756 937 5846 ἐστέ...
972 5755 1038 5837 PL
1093 5757 1136 5842 ξς
1162 5760 1272 5811 iure
1302 5759 1489 5843 desupt
1515 5759 1565 5810 in
1584 5758 1652 5840 .S.
1684 5758 1742 5811 Ρ.
1814 5759 1971 5846 ³⁵ηγρ.
1995 5757 2426 5841 ὑπεράγνωστον.
2479 5760 2537 5838 ,³⁸
2560 5761 3011 5846 ίερᾶςένεργείας,
3042 5764 3138 5817 Ch.
3204 5764 3244 5794 "
3261 5763 3426 5833 ὓπερ-

214 5826 329 5880 θεν,
357 5817 429 5871 Μ.
496 5824 538 5856 ³⁸
558 5820 774 5875 additur
796 5821 849 5874 in
881 5823 947 5878 Μ.
973 5827 1077 5879 τῶν
1100 5828 1278 5880 ὄντων.

1359 5832 1400 5861 ³⁵
1431 5829 1673 5896 ὓπαρξις,
1709 5831 1760 5882 ιι.
1834 5828 1877 5858 ³ο
1903 5827 2113 5897 ἐπειδὴ,
2140 5830 2191 5881 l'.
2266 5832 2307 5859 δ’
2337 5831 2403 5881 τὰ
2433 5827 2533 5898 μὴν
2560 5827 2646 5883 οὖν
2675 5827 2864 5901 νοερὰ,
2885 5833 2937 5888 Ρ.
2976 5835 3016 5864 δ’
3046 5835 3333 5906 αἰσθητῶς,
3367 5827 3424 5890 S.
