4178 6312
737 404 740 409 1
800 325 906 380 δηδ
1937 345 1993 401 S.
2031 346 2323 405 DlONYSll
2356 351 2810 411 AREOPAGI'UE
3919 373 4028 429 596

801 465 973 520 d.mda
1022 477 1140 538 est;
1183 475 1305 542 quia
1351 489 1405 530 et
1456 477 1659 532 circum
1695 481 1863 548 ipsam
1903 489 2029 538 sunt
2069 493 2364 551 omnia,.ct
2411 501 2630 557 propter
2659 494 2850 560 ipsam,
2883 502 2935 547 et
2984 495 3093 564 ipsa
3153 507 3237 552 est
3279 512 3405 553 ante
3439 501 3654 572 omnia,
3705 512 3759 556 et
3808 504 3859 557 in
3906 505 4024 571 ipsa

800 557 977 609 omnia
1012 563 1335 627 consistunt,
1361 574 1561 620 etesse
1591 583 1708 621 eam
1762 571 2008 638 producit
2047 577 2223 628 omnia
2246 616 2260 639 ,
2296 586 2349 630 et
2387 578 2522 632 facit
2575 593 2632 634 ut
2679 586 2966 648 exsistant,
3007 603 3234 657 eamque
3264 593 3442 644 omnia
3477 569 3765 662 appetunt;
3799 596 4023 664 spirita-

802 646 868 700 lia
900 654 1116 719 quidem
1152 671 1214 711 ac
1241 659 1522 713 rationalia
1569 663 1824 729 scienter,
1880 667 2028 721 hisce
2073 669 2358 739 interiora,
2390 674 2708 742 sensiliter;
2752 689 2947 733 cartera
2980 695 3107 737 vero
3153 684 3240 736 vel
3268 700 3360 754 per
3407 697 3608 740 motum
3647 687 3880 753 vitalem,
3939 691 4029 746 vcl

799 746 1232 815 auhstantialem,
1269 752 1351 805 vel
1384 753 1807 810 habitudinalem
1834 760 2209 828 aptitudinem.

2326 905 2352 977 §
2408 905 2516 968 Vl.

871 998 983 1054 Hoc
1013 1001 1180 1070 igitur
1218 1021 1341 1060 cum
1374 1009 1576 1064 scirent
1624 1013 1886 1085 theologi,
1927 1018 2093 1073 Deum
2138 1021 2356 1076 laudant
2388 1031 2433 1087 Α

2388 1031 2433 1087 Α
2532 1027 2701 1080 Τοῦτο
2731 1028 2859 1096 γοῦν
2899 1031 3094 1095 εἰδότες
3127 1034 3173 1085 oi
3209 1033 3462 1110 Θεολόγοι,
3501 1037 3592 1090 καὶ
3631 1038 3704 1101 ὡς
3747 1037 4029 1110 ἀνώνυμον

797 1101 851 1145 et
875 1104 1128 1161 tauquam
1159 1101 1376 1155 nomine
1406 1114 1706 1169 carentem,
1752 1117 1806 1162 et
1844 1111 1911 1163 ab
1939 1113 2083 1165 omni
2117 1129 2350 1169 nommc.
2454 1120 2620 1169 αὐτὴν
2654 1123 2896 1169 ὑμνοῦσι-
2932 1127 3023 1169 καὶ
3070 1127 3132 1169 ἐκ
3176 1129 3370 1169 παν-τὸτ-
3403 1101 3411 1169 λ

798 1183 1077 1253 Tanquam
1117 1191 1333 1245 nomine
1373 1205 1687 1262 carentem,
1721 1211 1780 1252 ut
1808 1215 1928 1256 eum
1961 1205 2113 1256 aiunt
2137 1246 2150 1265 ,
2189 1207 2350 1259 Deum

798 1277 971 1343 ipsum
1009 1279 1060 1331 in
1094 1296 1195 1333 una
1225 1297 1289 1335 ex
1319 1288 1565 1352 mysticis
1599 1290 1897 1347 visionibus
1931 1298 2240 1362 symbolicre
2264 1313 2354 1363 ap-

795 1371 1080 1436 paritionis
1135 1375 1224 1427 Dei
1280 1377 1588 1446 increpasse
1616 1396 1736 1434 eum
1783 1385 1871 1452 qui
1917 1385 2170 1442 dixerat:
2203 1389 2353 1452 Quod

794 1473 867 1515 est
900 1480 1085 1516 nomen
1113 1475 1257 1517 tuum
1298 1470 1360 1521 t‘3
1397 1481 1450 1523 et
1483 1482 1733 1540 tanquam
1759 1475 1826 1528 ab
1857 1479 2002 1530 omni
2037 1481 2223 1538 divino
2252 1497 2352 1534 no-

798 1555 942 1608 mine
991 1559 1371 1625 abdueentem,
1425 1565 1670 1619 dixisse:
1727 1567 1902 1631 Quare
1949 1569 2244 1640 interrogas
2289 1576 2354 1624 de

795 1662 909 1698 meo
939 1651 1187 1703 nomine?
1231 1663 1279 1705 et
1324 1654 1420 1706 hoc
1463 1668 1536 1708 est
1587 1659 1898 1712 admirabile
1927 1672 1975 1713 υ.
2017 1663 2206 1716 Annon
2269 1674 2353 1716 est

795 1733 897 1786 hoc
932 1751 1059 1790 vere
1101 1753 1292 1795 nomen
1327 1744 1663 1810 admirabile,
1715 1750 1856 1816 quod
1886 1761 1967 1803 est
2007 1767 2167 1819 supra
2195 1769 2354 1807 omne

794 1827 958 1896 289
985 1845 1199 1897 nomen,
1231 1836 1373 1902 quod
1405 1849 1554 1890 caret
1584 1843 1817 1905 ncuiine,
1869 1846 2012 1912 quod
2056 1853 2137 1898 est
2184 1846 2354 1899 collo-

793 1933 976 1974 catum
1009 1939 1172 1992 super
1201 1943 1351 1981 omne
1376 1947 1584 1996 nomen,
1623 1936 1763 2001 quod
1799 1940 2133 2003 nominatur,
2163 1942 2268 1994 sive
2299 1942 2351 1993 in

793 2017 888 2065 hoc
929 2017 1143 2081 sa'culo,
1178 2021 1281 2072 sive
1305 2021 1356 2072 in
1393 2024 1571 2090 futuro
1599 2027 1668 2078 v‘i
1703 2027 1989 2082 Multorum
2021 2044 2150 2084 vero
2176 2033 2351 2084 nomi-

794 2121 920 2157 num
957 2108 1185 2172 faciunt,
1220 2121 1276 2163 ut
1304 2128 1423 2165 cum
1463 2115 1636 2182 ipsum
1680 2118 1844 2171 Deum
1892 2122 2240 2174 introducunt
2276 2123 2356 2174 di-

790 2210 1001 2250 centeni
1037 2217 1051 2251 :
1092 2199 1203 2268 Ego
1231 2219 1343 2254 sum
1370 2207 1460 2271 qui
1491 2223 1604 2258 sum
1641 2221 1686 2272 ι,
1721 2212 1847 2277 vita,
1894 2212 2002 2276 lux,
2051 2213 2227 2275 Deus,
2261 2230 2353 2266 ve-

790 2293 960 2359 ritas;
992 2303 1046 2347 et
1076 2311 1198 2349 cum
1225 2299 1498 2366 sapientes
1558 2301 1728 2367 ipsum
1763 2303 1923 2355 Deum
1958 2306 2196 2358 omnium
2226 2305 2353 2360 elic-

2454 1120 2620 1189 αὑτὴν
2654 1123 2896 1191 ὑμνοῦσι,
2932 1127 3023 1177 καὶ
3070 1127 3132 1178 ἐκ
3176 1129 3370 1190 παντὸς
3403 1120 3679 1199 ὀνόματος.
3722 1133 4028 1203 Ἀνώνυμον

2460 1211 2557 1278 μὲν
2608 1212 2681 1274 ὡς
2731 1215 2858 1266 ὅταν
2906 1217 3035 1282 φασὶ
3069 1219 3135 1280 ⁸³,
3186 1219 3283 1289 τὴν
3329 1219 3580 1289 Θεαρχίαν
3621 1224 3787 1292 αὑτὴν
3833 1227 3888 1276 ἐν
3928 1228 4033 1295 μιᾷ

2455 1302 2564 1353 τῶν
2593 1306 2865 1371 μυστικῶν
2886 1307 2981 1375 τῆς
3018 1309 3344 1380 συμϐολικῆς
3367 1311 3410 1339 ⁵³
3433 1312 3743 1380 θεοφανείας
3784 1317 4031 1386 ὁράσεων

2458 1391 2749 1460 ἐπιπλῆξαι
2797 1395 2872 1464 τῷ
2910 1399 3137 1467 φήσαντι
3175 1399 3218 1429 ⁸⁵
3243 1417 3254 1428 ·
3305 1401 3362 1453 Τί
3405 1400 3470 1452 τὸ
3511 1402 3694 1471 ὄνομά
3729 1423 3878 1468 cev;
3935 1407 4032 1457 καὶ

2456 1481 2640 1553 ὥσπερ
2671 1488 2776 1538 ἀπὸ
2825 1489 3001 1558 πάσης
3034 1491 3191 1541 αὑτὸν
3231 1491 3566 1562 θεωνυμικῆς
3591 1495 3840 1561 γνώσεως
3878 1499 4029 1549 ἀπά-

2455 1593 2672 1644 γουσαν,
2713 1579 2874 1648 φάναι
2914 1582 3005 1632 τό·
3044 1585 3150 1635 Καὶ
3187 1587 3340 1637 ὶνατί
3380 1585 3598 1652 ἐρωτᾷς
3636 1586 3700 1639 τὸ
3752 1587 3794 1618 ⁴⁶
3839 1589 4031 1656 ὄνομά

2450 1687 2567 1736 μου
2587 1687 2605 1732 ;
2623 1671 2718 1722 καὶ
2737 1672 2891 1724 τοῦτ’
2911 1674 3039 1725 ἔστι
3058 1676 3417 1742 θαυμαστόν.
3454 1678 3518 1727 Ἢ
3540 1677 3656 1746 οὑχ).
3683 1677 3837 1729 τοῦτο
3857 1678 4029 1739 ὅντως

2455 1763 2570 1814 ἐστὶ
2615 1763 2673 1814 τὸ
2721 1762 3027 1832 Θαυμαστὸν
3066 1765 3255 1833 ὄνομα,
3291 1766 3350 1818 τὸ
3398 1767 3536 1836 ὑπὲρ
3589 1771 3694 1820 πᾶν
3736 1769 3926 1838 ὄνομα,
3967 1771 4030 1822 τὸ

2455 1849 2760 1919 ἀνώνυμον,
2782 1851 2840 1902 τὸ
2865 1852 3087 1916 παντὸς
3108 1855 3573 1922 ὑπεριδρυμένον
3594 1858 3882 1925 ὀνόματος
3905 1860 4032 1912 ὀνο-

2449 1942 2810 2011 μαζομένου,
2847 1943 2964 1995 εἴτε
3002 1944 3070 1995 ἑν
3110 1944 3188 2010 τῷ
3230 1945 3394 1998 αἰῶνι
3433 1949 3637 2010 τούτῳ,
3675 1950 3793 2001 εἴτε
3835 1950 3906 2001 ἐν
3948 1949 4029 2014 τῷ

2449 2035 2732 2103 μέλλοντι
2753 2051 2771 2096 ;
2800 2033 3149 2105 Πολυώνυμον
3174 2036 3247 2097 δὲ,
3275 2037 3348 2099 ὼς
3386 2037 3509 2090 ὅταν
3535 2035 3686 2100 αὖθις
3723 2040 3895 2108 αὑτὴν
3919 2041 4028 2092 εἱσ-

2455 2127 2625 2191 ἀγωσι
2673 2126 3015 2194 φάσκουσαν·
3069 2126 3211 2192 Ἐγώ
3233 2129 3346 2194 εἰμι
3375 2132 3405 2180 ὀ
3441 2126 3546 2179 ὤν’
3573 2132 3604 2197 ή
3643 2127 3774 2198 ζωὴ,
3801 2130 3860 2181 τὸ
3889 2129 4024 2197 φῶς,

2454 2220 2481 2268 ὁ
2515 2217 2672 2278 (θεὸς,
2710 2218 2741 2285 ἠ
2779 2217 2999 2286 ἀλήθεια
3021 2258 3033 2280 ,
3079 2219 3170 2269 καὶ
3194 2221 3318 2271 ὅταν
3354 2220 3504 2271 αὑτοὶ
3537 2221 3642 2271 τῶν
3689 2223 3905 2273 πάντων
3939 2222 4022 2273 αἴ-

2456 2325 2564 2359 τιον
2594 2308 2634 2336 "
2659 2310 2704 2359 οἱ
2739 2307 2981 2374 Θεόσοφοι
3008 2308 3370 2381 πολυωνὺμως
3394 2310 3456 2360 ὲκ
3485 2311 3696 2362 πάντων
3721 2312 3827 2362 τῶν
3853 2314 4027 2364 351w.-

788 2397 993 2438 etorem
1024 2387 1091 2441 ab
1121 2390 1371 2444 omnibus
1402 2392 1608 2447 eﬂ‘ectis
1655 2396 1895 2459 laudant,
1944 2410 1999 2449 ut
2039 2397 2259 2462 bonum,
2295 2409 2351 2452 ιιι
2385 2372 2423 2425 Β

2385 2372 2423 2425 Β
2451 2399 2559 2450 τῶν
2594 2397 2855 2467 ὑμνῶσιν,
2901 2398 2972 2450 ὡς
3017 2399 3236 2463 ἀγαθὸν,
3279 2400 3352 2463 ὼς
3390 2401 3568 2464 καλὸν,
3615 2403 3687 2464 ὡς
3728 2404 3909 2471 σοφὸν,
3954 2405 4025 2467 ὡς

785 2477 1098 2544 pulchrum,
1135 2490 1190 2533 ut
1244 2484 1568 2551 sapientem,
1619 2495 1675 2537 ut
1734 2487 2022 2549 dilectum,
2076 2499 2132 2540 ut
2182 2490 2348 2543 Deum

787 2570 1049 2632 deorum,
1097 2581 1154 2625 ut
1196 2575 1480 2629 Dominum
1538 2579 1914 2644 dominorum,
1974 2590 2031 2632 ιιι
2091 2581 2346 2636 Sanctum

787 2671 1121 2726 sanctorum,
1161 2674 1216 2717 Ui
1243 2676 1522 2727 aeternum.
1557 2678 1615 2721 υι
1644 2685 1764 2722 eum
1796 2673 1884 2737 (Illi
1927 2681 2038 2734 est,
2071 2683 2127 2724 Ill
2159 2684 2345 2727 aucto-

787 2768 898 2804 rem
932 2756 1272 2820 sseeulorum,
1311 2758 1699 2827 utlargitorem
1736 2764 1877 2826 vitae,
1906 2773 1963 2815 ιιι
2001 2768 2344 2830 sapientiam,

788 2855 846 2895 ut
880 2855 1133 2906 mentem.
1163 2860 1218 2900 ut
1247 2847 1504 2914 Verbum,
1542 2862 1597 2903 ut
1642 2854 2016 2919 cognitorem,
2069 2867 2123 2907 ut
2159 2872 2343 2923 super-

784 2935 893 2990 late
939 2938 1225 2991 habentem
1260 2957 1448 2994 omnes
1481 2944 1765 2997 thesauros
1797 2947 1974 2997 omnis
2006 2947 2260 3008 scientiae,
2294 2957 2348 3000 ut

785 3028 1105 3092 potentiam,
1145 3037 1201 3080 ut
1230 3039 1520 3096 potentem,
1553 3042 1609 3084 ut
1644 3031 1840 3099 Regem
1869 3051 2076 3103 regum,
2113 3048 2168 3087 ut
2207 3038 2349 3089 anti-

783 3132 950 3183 quum
984 3120 1231 3184 dierum,
1280 3130 1338 3174 ut
1383 3137 1486 3176 non
1538 3135 1905 3178 Seneseentem
1951 3139 2004 3179 et
2039 3129 2346 3183 immutabi-

785 3207 910 3269 lem,
951 3217 1007 3259 ut
1036 3209 1281 3273 Salutem,
1329 3219 1384 3262 ut
1425 3211 1710 3280 justitiam,
1740 3225 1797 3267 ut
1839 3219 2345 3282 sanetilieationem,

785 3311 841 3350 ιιι
867 3302 1309 3368 redemptionem,
1358 3316 1412 3358 ut
1454 3309 1822 3376 magnitudine
1855 3312 2035 3362 omnia
2086 3326 2346 3379 superan-

783 3401 911 3453 tem,
941 3402 995 3444 et
1023 3402 1078 3443 ut
1103 3395 1152 3445 in
1176 3409 1303 3446 aura
1339 3401 1502 3450 tenui.
1533 3399 1688 3466 Atqui
1736 3410 1792 3453 et
1835 3401 1885 3452 in
1913 3403 2184 3455 mentibus
2222 3419 2342 3456 eum

2451 2489 2762 2558 ἀγαπητὸν,
2814 2488 2888 2550 ὡς
2940 2489 3071 2541 Θεὸν
3107 2489 3272 2554 θεῶν,
3311 2491 3385 2553 ὡς
3432 2493 3629 2560 Κύριον
3682 2495 3912 2564 κυρίων;
3952 2496 4023 2557 ὡς

2453 2580 2635 2645 ’Λγιον
2664 2579 2850 2647 ἁγίων,
2891 2579 2964 2641 ὡς
3007 2580 3238 2643 αἰώνιον,
3272 2581 3345 2642 ὡς
3380 2581 3524 2643 ὄντα,
3566 2583 3657 2634 καὶ
3695 2584 3770 2646 ὡς
3812 2585 4024 2636 αἰώνων

2445 2670 2647 2723 αἴτιον·
2697 2672 2770 2735 ὼς
2824 2669 2967 2742 ζωῆς
3010 2673 3260 2742 χορηγὸν,
3311 2672 3386 2736 ὼς
3428 2675 3637 2741 σοφίαν,
3665 2675 3738 2737 ὡς
3769 2675 3914 2738 νοῦν,
3951 2679 4022 2738 ὡς

2445 2763 2634 2828 Λόγον,
2682 2764 2756 2826 ὡς
2784 2762 3051 2834 γνώστην,
3093 2764 3168 2825 ὼς
3215 2763 3550 2833 ὑπερέχοντα
3579 2765 3622 2794 ⁸⁸
3662 2767 3870 2829 πάντας
3903 2769 4024 2828 τοὺς

2448 2851 2753 2923 θησαυροὺς
2787 2855 3004 2925 ἀπάσης
3032 2854 3074 2889 ⁸9
3100 2854 3378 2921 γνώσεως,
3417 2855 3491 2916 ὼς
3522 2855 3744 2926 δύναμιν
3765 2898 3778 2922 ,
3815 2859 3892 2921 ὡς
3939 2859 4025 2910 δυ-

2444 2947 2664 3016 νάστην,
2701 2948 2773 3010 ὡς
2804 2947 3035 3000 Βασιλέα
3081 2947 3188 3000 τῶν
3229 2947 3627 3016 βασιλευόντων,
3676 2949 3749 3011 ὡς
3797 2951 4022 3002 παλαιὸν

2451 3039 2704 3109 ἡμερῶν,
2740 3039 2813 3100 ὡς
2851 3040 2942 3091 καὶ
2976 3039 3163 3108 ἀγήρω
3198 3041 3289 3090 καὶ
3330 3038 3700 3101 ἀναλλοίωτον,
3736 3043 3810 3103 ὡς
3849 3059 4022 3110 σωτη-

2455 3131 2594 3201 ρίαν,
2622 3131 2695 3192 ὡς
2719 3130 3079 3202 δικαιοσύνην,
3105 3132 3179 3193 ὡς
3213 3134 3499 3201 ἀγιασμὸν,
3527 3133 3601 3195 ὡς
3625 3134 4020 3205 ἀπολύτρωσιν,

2449 3227 2524 3288 ὡς
2561 3228 2618 3278 ἐν
2659 3226 2874 3295 μεγέθει
2913 3229 3126 3280 πάντων
3162 3228 3512 3298 ὑπερέχοντα,
3543 3229 3633 3280 καὶ
3673 3227 3746 3288 ὡς
3785 3229 3840 3278 ἐν
3884 3226 4023 3296 αὔρᾳ

2451 3316 2638 3386 λεπτῇ.
2668 3318 2774 3368 Καί
2810 3334 2870 3383 γε
2896 3318 2988 3368 καὶ
3024 3318 3080 3368 ὲν
3129 3317 3272 3378 νόοις
3298 3318 3342 3347 ⁵⁸³
3381 3316 3541 3367 αὑτὸν
3576 3312 3710 3368 εἶναί
3739 3333 3893 3385 φασι,
3931 3319 4023 3371 καὶ

2450 3409 2507 3460 ἐν
2540 3409 2734 3477 ψυχαῖς
2769 3409 2860 3459 καὶ
2903 3409 2958 3458 ἐν
3000 3407 3230 3476 σώμασι,
3261 3409 3351 3459 καὶ
3387 3410 3442 3458 ἐν
3475 3407 3685 3477 οὑρανῷ
3725 3408 3818 3458 καὶ
3850 3410 3907 3459 ὲν
3929 3412 4017 3478 γῇ,

783 3500 902 3537 esse
931 3485 1136 3549 dicunt,
1169 3499 1223 3540 ct
1258 3493 1307 3541 in
1337 3493 1531 3544 animis
1566 3503 1619 3544 ct
1650 3496 1988 3561 corporibus,
2035 3505 2087 3547 et
2117 3497 2166 3548 in
2210 3497 2344 3550 coelo
2375 3534 2414 3590 Ο

2375 3534 2414 3590 C
2451 3501 2542 3551 καὶ
2580 3500 2692 3567 ἅμα
2736 3499 2790 3549 ἐν
2825 3496 3003 3566 ταὺτῷ
3049 3498 3139 3549 τὸν
3174 3497 3332 3548 αὑτὸν
3355 3538 3368 3560 ,
3420 3497 3709 3566 ὲγκὸσμιον
3735 3536 3749 3556 ,
3797 3497 4017 3565 περικό-

782 3576 916 3627 etin
955 3587 1118 3641 terra,
1155 3589 1210 3632 et
1239 3581 1399 3632 simul
1431 3583 1479 3633 in
1509 3587 1694 3637 eodem
1741 3586 2013 3648 eumdem,
2051 3585 2102 3638 in
2139 3590 2344 3640 munth

782 3669 926 3720 circa
978 3671 1259 3733 mundum,
1315 3687 1477 3738 super
1523 3676 1811 3741 mundum,
1867 3680 2342 3741 supracmlestetn,

785 3761 1303 3826 stiprasnbstantiam
1329 3804 1341 3826 ,
1376 3766 1579 3827 solem,
1614 3767 1846 3829 stellam,
1883 3767 2082 3835 ignem,
2122 3785 2342 3836 aquam,

785 3851 1052 3918 spiritum,
1097 3868 1299 3917 rorem,
1336 3855 1555 3918 nubem,
1600 3871 1695 3923 per
1723 3872 1779 3910 se
1818 3858 2073 3925 lapidem,
2111 3869 2340 3928 petram,

783 3947 962 3997 Omnia
995 3961 1113 4014 qua:
1145 3958 1287 4011 sunt,
1316 3956 1369 4001 et
1397 3949 1529 4003 nihil
1553 3963 1737 4004 eorum
1767 3967 1885 4020 quae
1916 3962 2056 4004 sunt.

2454 3609 2626 3661 σμιον,
2648 3593 2745 3641 ὑπε
2757 3591 3028 3660 ρκόσμιον,
3056 3592 3254 3660 ὑπερου
3265 3592 3462 3660 ράνιον,
3489 3589 3831 3656 ὑπεροὺσιον,
3849 3589 4017 3657 ἥλιον,

2452 3684 2671 3751 ἀστέρα,
2711 3682 2838 3751 πῦρ,
2877 3681 3040 3750 ὔδωρ,
3068 3681 3299 3749 πνεῦμα,
3330 3681 3536 3750 δρόσον,
3572 3681 3821 3748 νεφέλην,
3860 3680 4016 3730 αὑτό-

2450 3774 2628 3837 λιΟον,
2671 3776 2761 3826 καὶ
2807 3775 3042 3842 πέτραν,
3080 3773 3252 3826 πάντα
3286 3773 3354 3825 τὰ
3385 3773 3543 3837 ὄντα,
3587 3775 3678 3824 καὶ
3720 3772 3871 3825 οὐδὲν
3912 3773 4016 3825 τῶν

2447 3868 2628 3918 ὄντων.

2261 4095 2287 4166 §
2328 4091 2464 4151 vn.

856 4272 946 4326 Sic
987 4275 1148 4343 igitur
1178 4277 1227 4330 ei
1263 4278 1352 4344 qui
1401 4280 1640 4333 omnium
1685 4296 1863 4334 rerum
1911 4296 2073 4334 causa
2124 4292 2244 4345 est,
2296 4293 2349 4335 et

785 4382 943 4433 supra
985 4369 1185 4430 ouinia,
1216 4373 1466 4438 congruit
1494 4386 1680 4425 carere
1707 4374 1938 4435 nomine,
1967 4385 2018 4426 et
2043 4383 2349 4442 congruunt

789 4472 973 4510 rursus
1002 4459 1182 4510 omnia
1227 4474 1402 4514 rerum
1444 4465 1681 4516 omnium
1717 4465 1950 4527 nomina,
1985 4475 2041 4517 ut
2076 4467 2144 4518 sit
2173 4468 2347 4532 perle-

786 4559 869 4605 ete
921 4566 1141 4617 regnum
1189 4553 1558 4607 universitatis
1605 4571 1818 4621 rerum,
1875 4565 1928 4609 ct
1972 4560 2115 4612 circa
2175 4559 2346 4626 ipsum

785 4641 896 4696 sint
931 4645 1110 4695 omnia
1132 4685 1148 4707 .
1180 4659 1244 4697 ex
1277 4645 1427 4713 ipso,
1463 4657 1716 4714 tanquam
1747 4665 1811 4701 ex
1853 4664 2036 4713 causa,
2081 4652 2344 4719 principio

786 4744 837 4786 et
868 4737 970 4788 line
1007 4748 1195 4791 cuncta
1221 4741 1512 4806 pendeant,
1539 4751 1591 4793 et
1622 4743 1731 4808 ipse
1761 4745 1861 4806 sit,
1907 4754 1962 4796 ut
1989 4746 2064 4796 ait
2101 4743 2340 4812 Scriptu-

787 4841 864 4888 ιιι,
892 4827 1066 4878 omnia
1093 4828 1146 4879 in
1175 4832 1478 4892 omnibus)‘,
1511 4845 1744 4897 vereque
1771 4830 2034 4894 laudetur,
2067 4839 2125 4882 ιιι
2164 4831 2341 4883 omnia

786 4935 1100 4983 procreatis,
1154 4922 1432 4983 inchoatis,
1466 4922 1772 4988 perliciens,
1800 4926 2200 4990 continensque,
2250 4938 2339 4974 cu-

786 5009 956 5062 stodia
994 5025 1055 5062 ae
1093 5011 1420 5064 domicilium
1445 5053 1458 5076 ,
1489 5016 1781 5082 eademque
1819 5018 1882 5069 ad
1909 5033 1968 5069 se
1991 5033 2336 5080 convertens,

785 5110 946 5162 atque
972 5098 1082 5153 haec
1109 5103 1408 5169 conjunete,
1438 5106 1650 5168 invicte,
1676 5108 2027 5171 excellenter;
2063 5127 2165 5163 non
2195 5109 2336 5161 enim

784 5189 954 5238 solum
981 5201 1058 5242 est
1081 5205 1239 5242 causa
1270 5196 1578 5247 continendi
1618 5199 1818 5259 omnia,
1857 5201 2085 5266 vitwque
2120 5217 2181 5252 ac
2218 5215 2339 5265 per-

785 5276 1032 5331 fectionis
1054 5317 1067 5340 ,
1105 5279 1174 5331 ita
1209 5291 1265 5332 ut
1290 5284 1356 5334 ab
1395 5287 1492 5335 hae
1522 5286 1658 5349 sola,
1695 5295 1787 5338 aut
1831 5288 1897 5338 ab
1922 5289 2023 5338 alia
2052 5288 2339 5352 providen-

853 5396 1031 5448 ιαυη.
1063 5413 1232 5460 xxxii,
1265 5397 1354 5452 9.9.
1430 5411 1454 5437 ιι
1488 5400 1609 5452 Jud.
1649 5418 1763 5461 xui,
1794 5404 1875 5457 >18.

1977 5413 1998 5438 κ’
2029 5405 2224 5471 Ephes.
2259 5421 2297 5468 ι,
2325 5406 2413 5457 ill.

2516 4281 2700 4345 Οῦτωις
2733 4278 2845 4345 οὖν,
2875 4283 2942 4354 τῇ
2985 4281 3194 4335 πάντων
3223 4278 3369 4348 αἰτία
3410 4279 3499 4329 καὶ
3533 4278 3672 4347 ὑπὲρ
3715 4278 3887 4330 πάντα
3923 4279 4007 4330 οῦ-

2450 4390 2548 4444 5“,
2590 4377 2679 4425 καὶ
2712 4375 2770 4425 τὸ
2807 4372 3082 4442 ἀνώνυμον
3110 4371 3433 4440 ἐφαρμόσει,
3474 4371 3565 4421 καὶ
3599 4371 3774 4422 πάντα
3807 4371 3875 4422 τέι
3905 4372 4006 4424 τῶν

2445 4465 2609 4516 ὄντων
2635 4466 2887 4535 ὀνόματα,
2914 4466 2998 4515 ἵνα
3026 4462 3265 4534 ἀκριϐῶς
3358 4460 3466 4512 τῶν
3499 4461 3631 4514 ὂλων
3677 4461 3917 4530 βασιλεία
3941 4465 4001 4524 5‘,

2447 4561 2539 4608 καὶ
2575 4575 2638 4608 πε
2650 4558 2701 4630 pi.
2725 4557 2890 4626 αὑτὴν
2968 4555 3036 4607 τὰ
3062 4556 3255 4616 πάντα,
3284 4555 3377 4606 καὶ
3399 4553 3660 4624 αὑτῆςοὼς
3702 4555 3900 4616 αἰτίας,
3933 4554 4001 4617 ὡς

2447 4648 2637 4716 ἀρχῆς,
2670 4649 2743 4710 ὡς
2773 4648 3022 4718 πέρατος,
3061 4645 3419 4716 ἐξηρτημένα,
3468 4647 3560 4697 καὶ
3592 4645 3750 4715 αὑτὴ,
3786 4645 3922 4696 κατά
3948 4647 4000 4695 τὸ

2442 4742 2636 4808 λόγιον,
2675 4740 2710 4807 ᾖ
2741 4742 2808 4792 τὰ
2849 4740 3040 4792 πάντα
3081 4740 3149 4790 ἐν
3191 4737 3358 4801 πᾶσι,
3405 4737 3494 4790 καὶ
3516 4737 3726 4806 ἀληθῶς
3778 4738 3997 4806 ὑμνῆται

2441 4833 2655 4884 πάντων
2690 4829 2998 4890 ὑποστάτις,
3035 4826 3309 4898 ἀρχηγικὴ
3336 4829 3401 4889 ⁵³,
3431 4829 3524 4879 καὶ
3563 4827 3896 4896 τελειωτικὴν
3916 4828 3998 4878 καὶ

2449 4921 2754 4991 συνεκτικὴ,
2795 4920 3000 4990 φρουρὰ
3049 4921 3142 4971 καὶ
3183 4921 3351 4983 ἑστία,
3378 4921 3469 4974 καὶ
3493 4920 3623 4990 πρὸς
3668 4919 3863 4989 ἑαυτὴν
3887 4922 3995 4970 ἐπι-

2451 5014 2765 5084 στρεπτικὴ,
2792 5016 2884 5066 καὶ
2920 5013 3090 5067 ταῦτα
3123 5013 3430 5084 ἡνωμένως,
3455 5013 3716 5082 ἀσχέτως,
3743 5010 3996 5081 ἐξῃρημέ-

2447 5124 2580 5169 νως·
2621 5109 2680 5161 οὑ
2727 5107 2831 5176 γὰρ
2880 5109 3135 5177 συνοχῆς,
3178 5107 3208 5177 ἢ
3243 5106 3406 5175 ζωῆς,
3447 5104 3828 5176 ἢτελειώσεως
3863 5106 3993 5156 αἰτία

2451 5201 2607 5268 μόνον
2651 5201 2814 5261 ἐστὶν,
2864 5201 2949 5253 ἵνα
2998 5200 3103 5251 ἀπὸ
3139 5199 3302 5268 μόνης
3348 5199 3568 5266 ταύτης,
3607 5197 3639 5266 ἦ
3675 5197 3773 5266 τῆς
3816 5198 3991 5264 ἐτέρας

2450 5293 2716 5360 προνοίας,
2749 5295 2779 5361 ἡ
2808 5291 3158 5360 ὑπερώνυμος
3184 5290 3450 5358 ἀγαθότης
3490 5288 3838 5358 ὁνομασθιιίη⁸
3868 5289 3988 5340 πάν-

2528 5420 2553 5445 ι
2583 5407 2745 5459 Exod.
2776 5422 2856 5466 ιιι,
2892 5406 2968 5458 Η.
3078 5412 3104 5452 ἵ
3131 5405 3148 5458 ι
3174 5404 3299 5459 Cor.
3333 5420 3419 5464 xv,
3453 5404 3542 5460 9.8.

2047 5582 2276 5634 \‘AliIJE
2314 5581 2718 5637 LECTIONES.

853 5694 893 5722 ⁸³
924 5694 1059 5760 edn:
1084 5739 1096 5757 ,
1132 5698 1185 5748 D.
1258 5699 1299 5726 "‘
1317 5716 1404 5767 γρ.
1463 5701 1798 5767 συμϐολικιτιν
1840 5705 1933 5770 τῆς
1971 5704 2246 5770 μυστικῆς.

1087 5747 1096 5757 ν
1133 5747 1138 5748 ν
1369 5747 1403 5750 έν
1469 5747 1719 5752 """""'
1757 5747 1790 5751 ”
1851 5747 1932 5763 "‘.’
1971 5747 2246 5770 ,’”⁷“”““’““Ἴ’

782 5747 1094 5829 πρλλκκ,
1131 5768 1189 5819 ιι.
1228 5769 1278 5818 ς.
1313 5747 1367 5820 ὑί
1452 5773 1489 5800 ³-⁸
1528 5747 1631 5820 ἀῖό
1664 5775 1851 5839 πάγης,
1896 5755 1929 5823 ὶι
2025 5781 2066 5801 δ”
2302 5778 2337 5802 Μ

2325 5705 2367 5734 "5
2406 5706 2724 5772 ᾳιυνὴταντι,
2754 5705 2806 5756 S.

2372 5776 2628 5842 (factisex,
2664 5776 2714 5824 Ι).

2878 5703 2920 5732 ’⁸
2938 5719 3026 5771 γρ.
3047 5703 3188 5754 αὑτό.
3269 5705 3309 5735 ⁸⁷
3333 5703 3420 5756 τὸν
3446 5703 3676 5767 πάντων,
3705 5703 3770 5757 Μ.
3855 5706 3893 5736 ⁸⁸
3916 5703 3984 5767 ὡς

2797 5777 2836 5803 ⁵²
2864 5773 3057 5843 ἀρχικὴ
3128 5773 3183 5826 υ.
