4178 6312
762 358 867 413 605
1951 358 2012 416 S.
2050 360 2346 417 DIONYSII
2378 358 2832 416 AREOPAGITJE
3884 352 3993 411 ϐω

763 473 935 544 ponit,
974 474 1183 539 dicens,
1212 473 1381 547 Deum
1406 474 1567 531 nullis
1595 476 1779 533 verbis
1808 477 2069 547 explicari
2102 493 2280 547 posse,
2340 487 2521 531 mente
2574 488 2749 531 autem
2774 470 3188 547 “comprehendi
3245 470 3414 547 multo
3459 470 3659 547 minus.
3713 470 3989 547 Quarlora

763 535 928 618 recte
953 535 1248 618 concordat
1275 535 1543 618 vasquez,
1574 555 1702 601 tom.
1730 548 1768 613 l,
1808 535 2047 616 in'prim.
2073 535 2242 617 plart.,
2268 535 2475 618 dispnt.
2509 548 2681 618 57η.
2738 546 2828 609 15,
2878 535 3035 597 artic.
3071 544 3123 608 1,
3157 557 3275 618 cap.
3324 542 3396 597 ὅτ
3450 560 3484 618 ι-
3507 542 3615 618 Nec
3638 535 3984 618 contradicit,

764 614 961 687 inquit,
994 616 1100 687 ullo
1131 616 1290 669 modo
1321 612 1667 684 Platoni,qui
1701 612 1901 671 decuit'
1943 612 2210 672 difﬁcilius
2242 612 2562 687 esse-eloqui
2595 612 2784 680 Deum,
2835 630 3033 687 quam”
3056 614 3368 687 percipere;
3394 613 3520 682 quia
3554 612 3817 687 boc_dicit
3865 626 3989 665 esse

762 681 999 743 difﬁcile,
1034 686 1163 738 illud
1198 702 1326 740 vero
1360 681 1711 756 impossibile.
1760 687 2134 743 Nazianzenus
2163 704 2292 742 vero
2327 681 2619 753 utrumque
2648 702 2767 740 esse
2798 681 3145 756 impossibile,
3172 693 3223 756 et
3254 681 3424 756 multo
3446 682 3615 753 magis
3641 681 3808 756 Deum
3839 697 3991 735 com-

762 757 1121 827 prehendere.
1158 756 1288 809 Nam
1313 752 1466 811 Plato
1490 758 1813 826 loquebatur
1840 760 1905 813 de
1932 759 2242 827 cognitione
2274 759 2384 824 Dei,
2415 752 2591 827 qualis
2646 754 2944 827 viatoribus
2990 754 3329 827 conceditur,
3354 752 3607 827 obscura,
3650 760 3705 806 et
3733 752 3837 805 hac
3860 766 3991 827 vere

761 820 899 877 dixit
924 825 1137 879 diﬂicile
1163 842 1283 881 esse
1314 820 1593 897 percipere
1619 828 1823 897 absque
1858 820 2095 882 falsitate
2124 830 2311 893 Deum,
2338 820 2390 882 et
2419 820 2538 895 qure
2562 826 2629 879 de
2677 827 2792 895 ipso
2830 826 3108 897 dicuntur,
3130 823 3326 897 eloqui
3377 837 3505 897 vero
3534 824 3707 890 ipsum
3740 830 3794 873 et
3818 820 3992 897 expli-

762 908 900 969 c_are_
922 897 1294 969 exactesicuti
1317 891 1417 969 est
1447 891 1522 965 (id
1551 900 1695 951 enim
1723 891 2032 969 signiﬁcare
2058 898 2249 963 voluit,
2293 891 2413 952 cum
2438 891 2583 951 dixit
2607 891 2804 969 eloqui)
2866 895 3247 969 impossibile.)
3280 892 3651 969 Nazianaenus
3694 901 3877 969 autem
3909 891 3992 969 di-

762 964 857 1036 cit.
888 964 1222 1032 impossibile
1252 982 1373 1020 esse
1402 960 1567 1021 Deum
1592 960 1869 1035 explicare
1900 987 2007 1023 non
2048 968 2217 1021 solmn
2237 960 2607 1036 'qnidditative
2632 960 2858 1020 et'sicut
2889 960 2991 1028 est,
3029 967 3121 1018 sed
3165 964 3330 1036 etiam
3360 964 3688 1036 omniaqore
3717 968 3816 1014 sub
3841 960 3995 1036 vela-

763 1034 907 1087 mine
940 1038 1005 1088 de
1029 1037 1142 1101 ipso
1167 1038 1269 1089 dici
1299 1047 1554 1105 possent;
1586 1032 1800 1106 semper
1827 1040 1971 1093 enim
2001 1049 2247 1105 superest
2269 1032 2481 1106 aliquid
2512 1038 2856 1091 addendum:
2895 1044 2950 1087 at
2982 1037 3155 1104 ipsum
3192 1033 3373 1087 videre
3402 1033 3557 1087 siculi
3590 1042 3689 1106 est,
3720 1032 3865 1106 quod
3892 1046 3991 1085 vo-

763 1114 851 1156 cat
880 1102 1338 1177 comprehendere,
1369 1117 1513 1161 certe
1548 1102 1718 1176 magis
1743 1121 1825 1162 est
1860 1102 2221 1177 impossibile;
2253 1109 2301 1161 id
2348 1102 2493 1161 enim
2533 1108 2703 1174 magis
2760 1106 2935 1159 adlmc
2978 1102 3244 1177 remotum
3276 1112 3358 1156 est
3416 1118 3447 1177 ιι
3476 1102 3992 1177 cognitioneviato-

763 1188 908 1245 rum,
937 1190 1096 1243 quam
1127 1176 1292 1229 Deum
1326 1186 1513 1231 exacte
1542 1173 1815 1245 explicare
1856 1173 1955 1233 sub
2013 1178 2280 1231 Velamine
2340 1188 2393 1231 et
2441 1173 2773 1230 obscuritate
2820 1177 2963 1230 ﬁdei.
3007 1174 3204 1229 Contra
3251 1188 3378 1227 vero
3423 1174 3753 1245 Augustinus
3776 1173 3861 1245 d_e_
3886 1173 3993 1225 alio

763 1244 923 1317 modo
953 1240 1277 1317 cognitionis
1310 1248 1387 1299 ait
1415 1265 1428 1300 :
1470 1266 1488 1298 ι
1523 1240 1715 1301 Verius
1741 1250 2015 1317 cogitatur
2049 1248 2189 1317 Deus
2220 1263 2378 1315 quam
2420 1248 2651 1309 dicitur;
2682 1248 2774 1300 sed
2811 1249 2995 1317 verius
3025 1254 3106 1299 est
3143 1260 3302 1317 quam
3327 1240 3591 1317 cogitatur
3614 1243 3778 1311 (50).»
3898 1258 3994 1293 au-

762 1321 868 1365 tem
903 1315 1214 1383 intelligitur
1243 1319 1293 1369 in
1327 1318 1651 1379 viatoribus,
1680 1319 1769 1386 qui
1798 1314 2091 1387 aliquando
2146 1314 2299 1385 plura
2360 1318 2424 1370 de
2478 1318 2587 1370 Deo
2639 1316 3091 1387 contemplatione
3143 1315 3456 1387 concipiunt
3495 1328 3668 1387 quam
3713 1314 3993 1377 explicare

760 1394 997 1448 queant;
1035 1382 1155 1437 cum
1190 1397 1366 1439 tamen
1394 1388 1571 1442 adhuc
1621 1382 1813 1442 melius
1848 1382 1908 1442 et
1932 1388 2111 1441 verius
2149 1382 2201 1439 in
2253 1402 2310 1441 se
2362 1389 2432 1440 sit
2484 1387 2648 1449 Deus,
2690 1382 2869 1453 quain‘
2902 1402 2930 1437 a
2972 1386 3125 1438 nobis
3158 1382 3441 1452 cogitatur.
3493 1382 3617 1437 Haec
3674 1393 3856 1453 tamen
3887 1398 3990 1434 non

760 1455 1001 1514 obstant,
1024 1457 1357 1520 quominus,
1381 1458 1427 1510 si
1453 1456 1736 1523 loquamur
1767 1473 1832 1511 ex
1859 1468 2009 1527 parte
2037 1458 2153 1526 ejus
2180 1458 2271 1525 qui
2298 1456 2520 1511 nomina
2554 1467 2648 1527 aut
2687 1452 2992 1509 sermonem
3022 1456 3087 1509 de
3112 1457 3219 1509 Deo
3248 1456 3419 1527 audit,
3446 1469 3595 1527 arqua
3624 1452 3794 1527 sitilli
3818 1457 3996 1527 nomi-

763 1536 895 1596 num
914 1533 1013 1596 aut
1037 1528 1305 1596 sermonis
1336 1527 1662 1593 signiﬁcatio
1688 1524 2144 1596 atque'cognitio,
2174 1524 2336 1594 quam
2376 1527 2489 1592 ipse
2539 1526 2604 1578 de
2637 1528 2745 1580 Deo
2800 1526 3001 1590 habet;
3032 1540 3155 1578 nam
3186 1525 3431 1593 cognitio
3463 1524 3734 1596 audientis
3768 1524 3995 1596 metitur

762 1592 1209 1665 signiﬁcationem
1239 1592 1495 1649 nominis.
1532 1596 1679 1651 Unde
1704 1592 1843 1650 sicut
1870 1592 2010 1650 beati
2042 1592 2321 1665 proprium
2348 1597 2413 1648 de
2440 1596 2547 1649 Deo
2578 1596 2804 1649 verbum
2834 1606 2887 1649 et
2933 1606 3263 1665 conceptum,
3284 1596 3538 1656 l‘ormant,
3568 1595 3637 1646 ita
3664 1593 3781 1665 puri
3814 1593 3990 1646 viato-

764 1675 851 1735 res
879 1662 1031 1735 nullo
1064 1662 1239 1732 ipsum
1271 1666 1433 1717 verbo
1461 1667 1679 1734 proprie
1704 1669 1830 1734 quid
1856 1669 1926 1721 sit
1950 1662 2281 1735 signiﬁcare,
2309 1679 2486 1733 neque
2516 1677 2778 1732 c0nceptu
2837 1666 3033 1735 mentis
3056 1664 3269 1732 assequi
3313 1675 3569 1735 possunt;
3609 1666 3684 1716 uti
3713 1664 3994 1735 eleganter

762 1728 1134 1805 Nazianzenus
1164 1736 1423 1786 Oratione
1442 1728 1505 1789 de
1536 1728 1657 1803 ﬁde,
1690 1728 1805 1805 quae
1833 1748 1917 1789 est
1949 1728 2365 1803 quadragesima
2397 1728 2571 1798 'nona,
2600 1728 2780 1788 sic-ait
2811 1753 2823 1788 :
2878 1754 2894 1785 ι
2923 1734 3091 1805 Certe
3127 1728 3229 1788 hoc
3271 1728 3548 1805 estDeus,
3588 1733 3729 1805 quod
3759 1728 3994 1805 cumdi-

762 1800 924 1861 citur,
958 1818 1060 1874 non
1089 1812 1261 1869 potest
1283 1805 1386 1855 dici
1411 1823 1423 1865 ;
1451 1800 1571 1859 cum
1599 1800 1919 1869 testi-matur,
1965 1800 2085 1859 non
2115 1800 2290 1874 potest
2313 1806 2599 1870 aestimari;
2627 1821 2749 1856 cum
2780 1806 3059 1867 delinitur,
3080 1804 3195 1874 ipsa
3222 1804 3532 1857 deﬁnitione
3555 1803 3804 1874 crescit.)
3824 1801 3993 1874 Dixit

764 1881 942 1925 autem
974 1872 1134 1924 Deum
1166 1875 1276 1937 ipsa
1308 1876 1620 1928 deﬁnitione
1646 1891 1918 1940 crescere;
1952 1876 2074 1941 quia
2109 1872 2233 1928 licet
2261 1876 2504 1928 deﬁnitio
2533 1876 2749 1928 dicatur
2779 1877 3037 1928 terminus
3086 1873 3181 1935 rei,
3220 1874 3346 1940 quia
3396 1886 3458 1925 ea
3486 1873 3647 1925 veluti
3681 1872 3912 1925 termino
3938 1882 3994 1926 et

765 1943 869 2009 line
903 1955 985 1992 res
1010 1941 1294 2003 clauditur,
1344 1954 1520 1997 tamen
1546 1961 1665 1999 cum
1698 1946 1865 1997 Deum
1891 1946 2117 1999 deﬁnire
2143 1954 2196 1998 et
2225 1946 2590 1997 determinare
2614 1946 3009 2003 contendimus,
3044 1944 3114 1996 ita
3159 1956 3217 1996 se
3242 1944 3424 2005 habet,
3453 1952 3509 1995 ut
3536 1957 3751 2009 semper
3784 1941 3992 2008 aliquid

761 2008 907 2082 illius
936 2020 1084 2062 extra
1120 2023 1374 2082 maneat;
1405 2028 1469 2066 eo
1497 2017 1638 2081 quod
1669 2027 1861 2067 natura
1890 2016 2006 2080 ejus
2030 2017 2097 2068 ab
2126 2016 2403 2067 intellectu
2453 2025 2638 2067 creato
2668 2017 2883 2082 propria
2915 2017 3113 2066 virtute
3160 2014 3413 2079 cognosci
3444 2008 3708 2080 nequeat,
3736 2026 3838 2064 nec
3877 2013 3992 2064 via-

764 2079 866 2154 tori
883 2082 1029 2154 satis
1060 2080 1429 2154 ex_p|icari,_et
1454 2079 1768 2137 deﬁnitione
1794 2079 2047 2138 describi.
2092 2086 2219 2139 Vide
2248 2088 2357 2136 haec
2392 2084 2565 2137 fusius
2616 2079 3049 2154 apud'Vasqnez,
3078 2091 3210 2136 tom.
3239 2082 3281 2147 1,
3305 2084 3360 2137 in
3400 2098 3419 2139 ι
3464 2079 3630 2150 part.,
3659 2082 3865 2149 disput.
3896 2082 3991 2151 57,

758 2161 814 2217 q.
964 2162 1068 2201 art.
1104 2151 1156 2222 l,
1184 2167 1302 2217 cap.
1330 2152 1381 2211 5,
1412 2158 1551 2207 unde
1579 2156 1690 2208 haec
1718 2157 2035 2222 compendio
2058 2156 2337 2221 desumpta
2366 2163 2513 2209 sunt.

832 2216 1033 2293 Ibidem
1063 2237 1075 2271 :
1110 2216 1268 2271 Illum
1302 2222 1483 2287 igitur,
1517 2234 1622 2275 etc.
1664 2216 1943 2290 Negat'hic
1969 2216 2263 2293 Dionysius
2289 2225 2352 2275 de
2387 2223 2517 2286 Deo,
2560 2239 2899 2292 quacunque
2926 2221 3139 2277 lormali
3169 2222 3345 2292 aliqua
3381 2223 3593 2277 ratione
3616 2223 3900 2293 pertinent
3926 2222 3992 2293 ad

757 2290 1126 2361 proprietates
1158 2304 1333 2341 rerum
1362 2294 1711 2355 naturalium,
1748 2290 2159 2361 animarumque
2190 2304 2243 2345 et
2274 2293 2551 2352 mentium,
2578 2290 2661 2347 ιρι
2688 2290 2852 2347 etiam
2885 2295 3026 2347 entis
3051 2293 3195 2346 illius
3222 2290 3481 2358 universi,
3517 2297 3567 2346 in
3595 2290 3701 2361 quo
3722 2292 3993 2347 Platonici

756 2358 1071 2420 essentiam,
1103 2360 1293 2422 vitam,
1332 2361 1691 2425 intellectum,
1720 2365 2027 2428 collocant;
2061 2358 2187 2417 item
2217 2374 2442 2424 motum,
2474 2374 2695 2427 statum,
2738 2365 3097 2425 identitatem,
3149 2364 3548 2426 diversitatem,
3588 2358 3847 2430 tanquam
3900 2378 3994 2431 ge-

759 2442 888 2501 nera
924 2443 1139 2501 rerum;
1177 2445 1362 2501 rursus
1390 2432 1709 2484 inﬁnitatem
1744 2442 1902 2500 atque
1932 2437 2243 2495 terminum,
2273 2435 2435 2485 veluti
2499 2436 2669 2501 prima
2727 2436 2965 2486 onmium
3001 2435 3293 2487 elementa.
3329 2432 3511 2486 Utitur
3568 2434 3731 2486 etiam
3762 2432 3992 2499 epistola

757 2495 1001 2572 Platonis
1032 2514 1149 2572 qua:
1179 2500 1308 2552 dicit
1338 2518 1350 2552 :
1396 2517 1414 2550 ι
1439 2501 1594 2555 Circa
1625 2495 2092 2569 Regem-omnium
2129 2512 2320 2555 cuncta
2366 2495 2524 2566 sunt',
2583 2504 2751 2569 ipsius
2805 2505 2974 2569 gratia
3015 2505 3217 2568 omnia,
3270 2504 3381 2572 ipse
3418 2516 3579 2555 causa
3612 2512 3695 2555 est
3721 2495 3993 2555 bonorum

756 2571 1051 2641 omnium.»
1092 2569 1226 2621 Nota
1253 2580 1453 2641 autem,
1487 2574 1551 2623 ad
1581 2574 1968 2625 excellentiam
1992 2588 2168 2626 eausa:
2195 2574 2299 2623 duo
2338 2574 2647 2637 pertinere;
2680 2575 2913 2641 primum
2940 2573 3182 2639 quidem,
3216 2569 3405 2641 ut'quo
3440 2574 3793 2641 praestantior
3824 2587 3990 2624 causa

757 2646 862 2699 est,
892 2652 956 2689 eo
982 2640 1052 2711 sit
1085 2654 1113 2691 a
1140 2640 1482 2711 subditorum
1513 2642 1913 2695 conditionibus
1940 2642 2306 2709 segregatior;
2343 2646 2639 2694 secundum
2667 2640 2816 2703 rero,
2856 2653 2913 2695 ut
2936 2658 3033 2711 pro
3055 2640 3388 2696 excellentiae
3424 2640 3534 2696 Suae
3567 2642 3827 2711 gradibus
3848 2642 3993 2695 vires

758 2708 1269 2781 suasactioncsque
1311 2710 1521 2771 longius
1557 2711 1824 2779 latiusque
1855 2708 2139 2765 dilfuiidat.
2192 2712 2556 2779 Quamobrem
2620 2715 2793 2779 prima
2831 2708 3071 2765 omnium
3132 2728 3296 2765 causa
3344 2708 3753 2781 separatissima
3788 2722 3874 2764 est
3925 2715 3992 2764 ah

757 2778 1030 2850 omnibus,
1060 2789 1114 2831 et
1138 2780 1357 2850 interim
1383 2778 1836 2847 pi-tesentissiiiia;
1874 2781 1996 2834 inde
2022 2778 2363 2843 unum,’hinc
2399 2783 2589 2833 bonum
2621 2778 2665 2833 7a
2725 2782 3016 2835 l’latonicis
3071 2778 3571 2837 nominaturJInde
3596 2782 3817 2850 quidem
3853 2782 3993 2833 nihil

757 2845 923 2921 habet
950 2849 1124 2921 simile
1148 2864 1269 2921 cum
1302 2845 1587 2904 elice-tibus
1616 2862 1778 2917 atque
1804 2845 2127 2915 commune;
2160 2852 2286 2904 hinc
2322 2866 2537 2902 rursum
2576 2854 2686 2919 agit
2719 2854 2921 2913 omnia,
2954 2853 3066 2921 agit
3120 2857 3171 2904 in
3201 2854 3405 2918 onmia,
3434 2845 3723 2906 conservat
3749 2854 3990 2904 assidue.

758 2915 899 2991 Deus
929 2919 1095 2981 enim,
1125 2920 1199 2972 uti
1233 2933 1395 2987 supra
1424 2922 1612 2991 docet,
1643 2915 1823 2973 omnia
1851 2923 2215 2987 amplectitur,
2244 2915 2633 2988 complectitur
2653 2934 2703 2974 et
2731 2915 3014 2989 ιιιιιιεῳιιιῖ
3049 2915 3406 2990 Amplectitur
3431 2924 3648 2991 quidem
3684 2936 3780 2989 per
3804 2922 3992 2973 excel-

758 2984 979 3039 lentiam
1013 2984 1321 3056 potestatis,
1352 2990 1495 3042 velut
1520 2991 1824 3044 cxtrinsece
1856 2984 2248 3055 circumlusus;
2283 2984 2668 3058 complectitur
2700 2984 3103 3058 autem,'pcnes
3155 2984 3212 3046 se
3256 2984 3465 3045 natura'
3484 3008 3578 3045 sua
3631 2984 3795 3045 unice
3835 2991 3995 3043 colli-

759 3069 891 3122 gens
920 3058 1152 3131 singula,
1185 3060 1589 3127 quantumlibet
1618 3062 1758 3113 inter
1783 3076 1838 3113 se
1871 3062 2102 3123 diversa,
2129 3061 2391 3121 anticipat
2419 3063 2671 3128 denique,
2711 3063 2963 3127 quoniam
3018 3073 3071 3115 et
3135 3073 3421 3129 antequam
3455 3064 3563 3114 sint
3589 3063 3832 3131 possidet
3858 3063 3992 3129 ipse,

758 3135 812 3177 et
837 3128 1001 3193 gradu
1031 3129 1183 3198 longe
1213 3133 1595 3196 przestantiore
1625 3146 1784 3197 quam
1813 3131 1940 3184 sint.
1974 3131 2111 3184 Hinc
2133 3132 2294 3183 etiam
2326 3133 2517 3199 prohat
2543 3134 2829 3202 Dionysius
2860 3134 3048 3184 bonum
3076 3148 3195 3186 esse
3229 3128 3337 3185 Deo
3368 3128 3994 3186 accommodatissinium

758 3209 975 3272 nomen,
1006 3208 1119 3272 tum
1148 3204 1353 3251 ratione
1376 3202 1652 3268 principii,
1679 3215 1936 3269 quoniam
1967 3204 2033 3254 ad
2062 3217 2231 3269 ipsum
2279 3203 2484 3256 bonum
2514 3202 2846 3270 amplissnna
2887 3202 3102 3257 dill’usio
3148 3205 3419 3272 pertinet;
3462 3213 3573 3256 tum
3608 3204 3819 3255 ratione
3849 3204 3993 3263 linis,

757 3270 884 3331 quia
904 3269 1085 3320 omnia
1111 3270 1308 3322 bonum
1335 3281 1612 3337 appetunt.

836 3337 869 3413 §_
897 3337 1136 3413 Vl.ﬂlloc
1171 3340 1332 3406 igitur
1356 3342 1690 3413 cumscirent
1720 3343 1969 3413 theologi,
1997 3341 2166 3394 Deum
2226 3342 2471 3408 laudant,
2521 3350 2627 3413 etc.
2660 3344 2829 3397 Docet
2859 3358 2964 3411 qua
2998 3345 3208 3399 ratione
3244 3343 3429 3413 negari
3466 3345 3651 3397 omnia
3685 3343 3751 3397 de
3782 3342 3895 3396 Deo
3927 3356 3991 3395 ac

756 3411 961 3481 pariter
992 3410 1194 3462 ﬁrmari
1226 3411 1454 3477 possint.
1478 3410 1847 3465 Conlirmalur
1876 3410 1963 3467 hic
1992 3415 2261 3465 sententia
2283 3414 2536 3467 Mercurii
2588 3410 2926 3481 Trismegisti
2965 3415 3214 3478 dicentis,
3243 3410 3407 3469 Deum
3443 3415 3577 3467 nihil
3606 3429 3725 3468 esse.
3750 3415 3996 3467 omnium

756 3489 813 3549 et
844 3479 1011 3531 Deum
1044 3495 1164 3532 esse
1196 3482 1409 3544 omnia;
1447 3493 1573 3535 item
1600 3483 1766 3537 Deum
1796 3484 1998 3538 nullum
2034 3484 2233 3537 habere
2254 3498 2472 3549 nomen,
2508 3485 2710 3536 habere
2733 3479 2895 3536 onine
2921 3500 3139 3537 nomen.
3176 3486 3251 3537 lla
3283 3488 3424 3537 enim
3461 3500 3551 3537 res
3582 3500 3774 3537 omnes
3804 3484 3859 3535 in
3890 3484 3998 3537 Deo

757 3546 875 3603 fere
896 3550 1102 3617 pariter
1128 3561 1277 3615 sunt,
1306 3564 1467 3619 atque
1500 3567 1604 3605 non
1634 3566 1781 3620 sunt,
1808 3556 1951 3608 sicut
1978 3557 2168 3608 donius
2206 3555 2255 3607 in
2289 3546 2611 3618 architecto,
2661 3554 2847 3606 fortine
2898 3560 3265 3607 membrorum
3302 3556 3356 3607 in
3407 3557 3636 3621 vegetali
3671 3556 3997 3605 seminaria-

757 3628 1107 3693 que_nalura,
1140 3622 1326 3688 igneus
1355 3624 1501 3675 calor
1526 3625 1575 3675 in
1611 3626 1749 3687 sole,
1778 3630 1829 3677 in
1872 3627 2078 3677 unitate
2107 3626 2344 3685 numeri,
2376 3626 2655 3691 longitudo
2708 3625 2863 3677 lineae
2894 3626 2942 3676 in
2984 3636 3181 3691 puncto
3219 3628 3357 3677 unde
3385 3624 3740 3693 Pythagorica
3788 3624 3997 3679 ratione

756 3691 1093 3756 producitur,
1132 3694 1284 3744 linem
1318 3693 1367 3743 in
1406 3702 1593 3746 centro
1612 3696 1885 3759 circulari,
1910 3696 2043 3747 radii
2074 3709 2263 3747 omnes
2296 3696 2347 3747 in
2376 3707 2564 3748 centro
2589 3696 2742 3757 solis,
2767 3697 2817 3746 in
2845 3696 3045 3745 lumine
3068 3710 3195 3747 vero
3212 3691 3441 3748 calores.
3473 3691 3663 3746 Mei-ito
3684 3693 3997 3760 igiturl’arg

756 3762 998 3835 menides
1016 3760 1175 3829 295
1196 3761 1353 3835 eti_a_m
1373 3764 1757 3833 Pythagoricus
1778 3768 1914 3833 apud
1931 3765 2227 3824 Platonem,
2248 3782 2427 3817 omnia
2451 3767 2516 3817 de
2534 3765 2647 3832 ipso
2666 3780 2771 3816 uno
2790 3779 2965 3816 rerum
2986 3767 3246 3832 principio
3271 3776 3428 3835 negat
3451 3766 3652 3835 pariter
3671 3780 3723 3818 et
3740 3764 3993 3817 allirmat.

830 3832 966 3885 Nola
998 3848 1120 3884 cum
1150 3836 1211 3887 D.
1252 3831 1459 3886 Thema
1490 3831 1595 3899 hic,
1625 3850 1690 3887 ex
1723 3831 1918 3901 quibus
1973 3836 2273 3903 Scriptura:
2322 3837 2459 3888 locis
2505 3831 2604 3887 ista
2656 3835 2749 3887 Dei
2801 3831 3019 3887 nomina
3052 3831 3511 3903 desumpta'sint.
3553 3832 3671 3886 Vita
3703 3844 3749 3886 et
3782 3838 3991 3897 veritas,

756 3900 980 3956 Joannis
1008 3918 1117 3967 xiv,
1146 3904 1177 3955 ὃ
1206 3920 1219 3955 :
1256 3903 1365 3971 Ego
1394 3920 1506 3955 sum
1536 3907 1637 3966 via,
1672 3900 1857 3957 veritas
1885 3915 1931 3958 et
1960 3900 2244 3967 vitm—Lux,
2274 3904 2431 3958 Joau.
2468 3920 2587 3967 viii,
2623 3906 2724 3956 ηε
2765 3905 2873 3972 lngo
2901 3921 3013 3955 sum
3047 3908 3139 3956 tua:
3170 3900 3370 3957 mundi.
3405 3905 3565 3966 Deus,
3603 3904 3773 3958 Exodi
3805 3905 3989 3972 111,76:

762 3972 873 4041 Ego
905 3988 1018 4024 sum
1049 3973 1189 4026 Deus
1238 3977 1407 4039 putris
1436 3976 1533 4026 tui.
1562 3974 1760 4036 Bonus,
1798 3975 1953 4028 Luca:
1989 3990 2143 4037 xvtit,
2181 3977 2244 4027 19
2272 3991 2286 4030 :
2322 3974 2489 4027 Nemo
2514 3980 2674 4027 bonus
2710 3971 2983 4027 nistsolus
3018 3974 3175 4027 Deus.
3204 3973 3455 4040 Pulcher,
3482 3976 3637 4029 Cant.
3659 3974 3783 4037 ι,16
3813 3991 3826 4027 :
3861 3971 3993 4025 Ecce

758 4052 815 4094 tu
846 4045 1058 4103 pulcher
1093 4059 1166 4110 es,
1202 4043 1387 4096 άιιεειε
1420 4047 1509 4096 uti.
1545 4045 1791 4111 Sapiens,
1826 4046 1927 4097 Joh
1957 4061 2031 4107 Ix,
2061 4046 2094 4097 4
2121 4063 2134 4097 :
2169 4048 2389 4111 Sapiens
2415 4050 2567 4096 corde
2594 4044 2958 4104 cst.Dilectus,
2983 4045 3141 4097 Cant.
3178 4061 3238 4108 ll,
3270 4045 3367 4099 ili:
3403 4048 3637 4097 Dilectus
3668 4060 3813 4096 meus
3845 4046 3991 4096 mihi.

758 4112 901 4184 Deus
934 4115 1177 4184 deorum,
1205 4113 1350 4166 Psal.
1379 4130 1529 4177 xm,
1564 4117 1589 4167 1
1624 4132 1638 4166 :
1668 4115 1807 4168 Deus
1837 4120 2054 4167 deorum
2087 4116 2343 4167 Dominus
2372 4115 2576 4167 locutus
2607 4126 2705 4166 est.
2750 4114 3005 4184 Dominus
3046 4116 3403 4178 dominorum,
3430 4116 3991 4184 Apocalypseosxvlt,

760 4182 827 4235 14
852 4198 867 4234 :
933 4183 1189 4235 Dominus
1219 4186 1551 4235 dominorum
1579 4198 1676 4237 est.
1707 4184 1931 4238 Sanctus
1957 4196 2286 4249 sanctorum,
2328 4184 2566 4237 Dauielis
2597 4201 2672 4247 ix,
2699 4184 2801 4235 9.4:
2856 4182 2922 4235 Et
2956 4197 3183 4252 ungatur
3211 4184 3434 4237 Sanctus
3464 4181 3787 4237 sanctorum.
3812 4181 3994 4235 diter-

760 4268 879 4314 nus,
912 4254 1145 4310 Baruch.
1180 4268 1249 4316 Iv,
1277 4254 1306 4305 7
1345 4273 1359 4308 :
1406 4252 1773 4309 Exacerbastis
1803 4272 1920 4309 eum
1951 4256 2039 4322 qui
2068 4256 2186 4323 fecit
2214 4272 2322 4318 vos,
2350 4254 2517 4307 Deum
2535 4266 2808 4307 wternum.
2868 4254 2969 4315 Qui
2999 4268 3094 4317 est,
3146 4256 3319 4307 Exod.
3370 4271 3453 4319 ιιι,
3485 4256 3551 4307 14
3583 4270 3596 4304 :
3627 4255 3728 4316 Qui
3751 4266 3825 4305 est
3852 4254 3991 4305 misit

759 4339 839 4375 me
873 4331 939 4377 ad
974 4340 1081 4375 vos.
1112 4329 1308 4377 Auctor
1335 4326 1670 4389 surculorum,
1697 4326 2063 4379 Ecclesiastici
2095 4339 2244 4387 xxiv,
2273 4326 2381 4377 14:
2428 4326 2504 4375 Ab
2556 4325 2711 4376 initio
2752 4336 2797 4378 et
2840 4336 2961 4375 ante
2995 4326 3213 4387 swcula,
3254 4336 3358 4379 etc.
3421 4326 3554 4377 Vita:
3588 4324 3832 4391 largitor,
3867 4327 3988 4375 Act.

762 4409 889 4455 xm,
923 4394 1030 4446 25:
1064 4393 1196 4447 Cum
1220 4396 1326 4460 ipse
1358 4397 1442 4446 det
1493 4404 1732 4449 omnibus
1757 4400 1914 4448 vitam
1962 4407 2009 4447 et
2053 4395 2476 4454 inspirationem.
2534 4396 2831 4461 Sapientia,
2882 4395 2900 4444 l
2959 4397 3293 4459 Corinthnt,
3339 4396 3441 4449 30:
3486 4395 3687 4447 Factus
3738 4406 3813 4444 est
3847 4394 3990 4443 nobis

758 4465 1038 4533 sapientia.
1080 4464 1251 4525 Mens,
1312 4464 1464 4519 Isaia:
1496 4481 1603 4528 xiv,
1629 4476 1681 4518 et
1710 4472 1775 4519 ad
1805 4467 1963 4519 ltum.
1998 4481 2084 4518 xi:
2122 4466 2253 4527 Quis
2287 4466 2520 4533 cognovit
2565 4481 2773 4516 sensum
2803 4466 3062 4521 Domini?
3090 4466 3280 4519 Grazec
3326 4478 3411 4518 est
3456 4464 3614 4527 νοῦν,
3653 4464 3702 4515 id
3727 4472 3817 4533 est
3849 4479 3992 4515 men-

754 4548 888 4589 ιειιι..
929 4532 1174 4598 Verbum,
1206 4536 1344 4590 Osee
1376 4552 1390 4588 ι
1417 4553 1430 4587 :
1473 4536 1690 4589 Verbum
1719 4536 1928 4589 Domini
1968 4546 2101 4603 quod
2130 4543 2329 4601 [actum
2356 4532 2431 4587 est
2464 4538 2531 4588 ad
2582 4536 2712 4587 Usee
2736 4554 2751 4598 ;
2778 4548 2832 4589 et
2859 4538 2971 4587 Joel
3007 4552 3061 4589 ιε
3102 4534 3325 4587 Verbum
3358 4536 3573 4589 Domini
3604 4534 3739 4601 quod
3793 4532 3990 4599 factum

755 4616 831 4655 est
867 4608 933 4656 ad
960 4604 1104 4659 Joel.
1155 4606 1222 4658 Et
1251 4608 1501 4659 similiter
1532 4608 1585 4658 in
1621 4608 1742 4660 aliis
1767 4613 2087 4675 prophetis;
2146 4608 2314 4673 quod,
2357 4616 2412 4657 ut
2444 4607 2673 4675 Cyrillus
2724 4610 2774 4658 in
2824 4607 3225 4659 Commentariis
3264 4608 3319 4658 in
3364 4607 3495 4659 Osee
3545 4614 3705 4671 caput
3756 4603 3987 4675 primum

757 4675 854 4736 ait,
884 4676 1019 4727 nihil
1047 4678 1194 4729 aliud
1240 4678 1534 4744 signiﬁcat,
1562 4692 1721 4744 quam
1753 4674 2118 4745 cognitionem
2151 4683 2453 4728 lutnrorum
2488 4674 2661 4729 instar
2686 4676 2903 4729 luminis
2951 4678 3255 4731 illustrasse
3310 4689 3544 4730 mentem
3575 4690 3690 4741 eius
3717 4674 3991 4742 prophetae

757 4744 825 4796 ad
856 4760 1015 4812 quem
1044 4750 1244 4799 laetum
1271 4758 1354 4799 est
1385 4751 1606 4800 verbum
1637 4744 1869 4811 Domini,
1903 4751 1952 4800 id
1977 4760 2058 4799 est
2082 4757 2283 4798 sanctae
2315 4747 2619 4799 Trinitatis.
2652 4752 2801 4810 Quod
2848 4756 3027 4798 autem
3064 4746 3328 4814 ejusmodi
3379 4747 3638 4800 revelatio
3673 4762 3777 4795 non
3811 4749 3991 4810 lingua

756 4827 821 4867 ac
855 4818 1033 4869 verbis
1064 4832 1213 4869 more
1239 4828 1423 4869 nostro
1457 4820 1608 4869 lieret
1637 4819 1689 4869 in
1722 4820 2025 4886 prOphetis,
2066 4819 2223 4869 docet
2248 4817 2447 4884 (inquit
2474 4822 2611 4870 idem
2640 4818 2877 4885 L‘yrillus
2906 4819 3131 4884 ibidem)
3154 4818 3353 4871 Paulus
3377 4834 3499 4870 cum
3534 4818 3611 4868 ait
3638 4832 3652 4867 :
3680 4816 3760 4886 An
3791 4814 3991 4878 experi-

756 4897 991 4937 mentum
1018 4889 1261 4955 qua-ritis
1286 4888 1401 4953 ejus
1451 4889 1539 4954 qui
1582 4888 1636 4939 in
1672 4883 1751 4939 me
1788 4883 2020 4955 loquitur
2064 4887 2301 4940 Christus
2341 4883 2408 4939 i‘L’
2454 4883 2722 4953 Cognitor,
2748 4888 2789 4937 11
2821 4887 3059 4941 Timoth.
3088 4902 3153 4952 ιι,
3183 4897 3237 4940 et
3283 4889 3521 4941 Dauielis
3546 4901 3663 4941 xm.
3696 4883 3990 4950 Superlate,

758 4956 874 5007 sive
898 4959 1520 5026 exsuperanter,habens
1552 4975 1727 5011 omnes
1757 4961 2029 5010 thesauros
2064 4962 2232 5009 omnis
2270 4962 2498 5013 scientia:
2521 4998 2534 5022 ,
2598 4960 2709 5011 Col.
2742 4972 2801 5009 ll.
2833 4959 3080 5009 Potentia
3107 4996 3123 5023 ,
3153 4960 3171 5011 l
3201 4959 3324 5011 (lor.
3356 4975 3394 5026 ι,
3444 4961 3532 5013 ubi
3583 4957 3850 5026 interpres
3882 4958 3988 5008 vir-

759 5035 921 5097 tutem
952 5038 1128 5080 vocat.
1163 5025 1377 5089 Potens,
1406 5031 1546 5083 Psal.
1608 5044 1762 5081 xxiii.
1816 5029 1925 5079 [lex
1963 5044 2162 5097 regum,
2216 5032 2383 5095 Apoc.
2448 5047 2557 5081 xix.
2594 5031 2851 5095 Antiquus
2891 5033 3119 5093 dierum,
3152 5025 3384 5083 Dauielis
3418 5046 3508 5082 vn.
3546 5028 3667 5081 Non
3696 5042 3989 5090 senescens,

757 5094 903 5149 E'sal.
934 5112 1004 5148 Cl.
1041 5098 1421 5161 Immutabilts,
1452 5101 1552 5150 lsa.
1584 5115 1619 5150 ι.
1648 5097 1827 5159 Salus,
1886 5094 2075 5151 Matth.
2108 5116 2120 5151 I
2154 5116 2165 5149 :
2220 5094 2339 5165 Ipse
2377 5118 2536 5163 enim,
2592 5094 2789 5166 inquit,
2818 5100 3019 5151 salvum
3071 5100 3224 5167 faciet
3275 5102 3522 5167 populum
3567 5116 3598 5149 ιι
3644 5107 3866 5164 peccatis
3897 5111 3990 5149 eo-

759 5182 915 5239 rum;
946 5182 973 5218 a
1004 5170 1176 5221 salute
1206 5168 1355 5239 enim
1381 5171 1756 5239 dicitiirDeus
1784 5172 2054 5221 Salvator.
2093 5169 2337 5234 Justitia,
2364 5172 2740 5239 sanctificatio,
2770 5170 3075 5236 redemptio,
3132 5174 3149 5224 l
3205 5170 3328 5223 Cor.
3379 5188 3453 5223 xI.
3502 5168 3857 5239 Magnitudine
3879 5183 3989 5219 omo

761 5238 848 5285 nia
881 5254 1135 5304 superans
1158 5279 1172 5300 ,
1203 5238 1349 5290 Psal.
1387 5254 1527 5291 xciv.
1563 5238 1628 5290 Ut
1659 5241 1710 5290 in
1742 5258 1875 5292 aura
1918 5243 2082 5303 tenui,
2127 5244 2185 5293 111
2215 5243 2345 5309 lteg.
2376 5258 2489 5294 xix.
2538 5237 2699 5309 Atqui
2729 5253 2783 5293 et
2840 5259 2892 5293 in
2943 5243 3195 5295 mentibus
3236 5256 3354 5292 eum
3383 5256 3492 5293 esse
3526 5242 3732 5300 dicunt,
3788 5237 3988 5309 Ephes.

757 5321 817 5359 ιιι
851 5319 1081 5375 inuentes
1112 5312 1256 5360 enim
1287 5322 1439 5361 vocat
1465 5312 1532 5362 ibi
1553 5312 1751 5362 Paulus
1780 5315 2000 5379 cordo);
2033 5324 2082 5363 et
2106 5328 2157 5361 ιη
2186 5308 2393 5373 animis,

2336 5330 2393 5373 ts,
2428 5318 2555 5379 δίῳ.
2595 5308 2663 5365 ιιι
2690 5331 2703 5365 :
2726 5314 2793 5365 Et
2824 5316 2875 5364 in
2904 5315 3128 5376 animus,
3161 5314 3356 5378 inquit,
3380 5322 3589 5363 sanctas
3616 5325 3669 5361 se
3699 5308 3986 5373 transfert;

754 5387 811 5428 et
854 5384 1262 5451 inrcorporibus,
1290 5380 1307 5430 l
1336 5381 1461 5433 Cor.
1493 5396 1565 5446 vl,
1595 5392 1646 5434 et
1679 5383 1696 5433 1
1726 5380 1920 5437 Thess.
1952 5398 1979 5433 v
2007 5399 2021 5434 :
2070 5382 2136 5435 Ut
2168 5389 2365 5451 integer
2389 5386 2605 5448 spiritus
2631 5396 2810 5447 vester,
2854 5397 2897 5435 et
2928 5385 3109 5434 anima
3157 5395 3203 5437 et
3240 5397 3429 5450 corpus
3458 5384 3571 5434 sine
3591 5380 3800 5449 querela
3823 5394 3987 5451 serve-

757 5459 879 5523 tur;
915 5450 1015 5501 hoc
1045 5462 1225 5501 autem
1252 5455 1313 5523 _li_t
1344 5453 1619 5507 habitante
1667 5454 1778 5509 Deo
1808 5457 1856 5505 in
1886 5467 2085 5521 mente,
2115 5466 2169 5508 et
2204 5449 2403 5519 anima,
2433 5467 2485 5508 et
2516 5472 2743 5523 corpore
2771 5460 3028 5523 (mentem
3059 5467 3215 5509 vocat
3244 5456 3331 5507 hic
3375 5449 3908 5523 Paulusrspiritum),
3938 5458 3981 5501 e‘

757 5513 802 5567 11
822 5519 1066 5572 Corinth.
1103 5535 1151 5573 rt
1187 5537 1199 5571 :
1238 5518 1307 5570 Et
1339 5523 1636 5578 tttltabttabo
1674 5528 1728 5578 in
1753 5526 1882 5593 illis,
1914 5513 2126 5582 scilicet
2158 5526 2211 5579 in
2240 5513 2537 5593 mentibus,
2567 5513 2860 5589 et'aniniis,
2887 5540 2943 5582 et
2966 5528 3302 5597 corporibus.
3336 5524 3399 5578 Et
3431 5524 3483 5577 in
3511 5513 3648 5577 calo
3669 5530 3717 5573 et
3745 5522 3797 5572 in
3826 5531 3980 5587 terra.

870 5686 893 5712 ο
928 5675 964 5728 ll
994 5675 1115 5733 Cor.
1152 5696 1269 5745 xm,
1308 5683 1362 5735 5.

832 5797 943 5865 (50)
996 5797 1113 5851 Lib.
1150 5816 1239 5862 νει,
1294 5802 1355 5854 ut
1401 5800 1643 5863 1'n..,c.
1678 5802 1729 5855 ι.
