4178 6312
751 296 851 357 οοτ

1944 303 2001 361 S.
2036 298 2334 358 DIONYSII
2366 299 2827 359 AREOPAGITIE

3883 301 3999 357 608

750 415 967 487 Cicuta}:
992 424 1171 487 eorum
1195 417 1252 471 in
1288 432 1443 471 aures
1478 415 1693 487 Domi-ii
1725 415 1956 471 Sabaoth
1992 420 2245 473 introivit.
2296 418 2553 487 Capillos,
2593 419 2727 471 Dan.
2755 433 2828 471 vn
2860 433 2877 472 :
2933 415 2999 469 Et
3056 416 3472 487 capilli_capitis
3527 419 3640 485 ejus
3673 418 3829 483 quasi
3859 418 3999 472 lana

749 485 891 538 alba.
924 483 1160 545 Faciem.
1192 486 1332 541 PSal.
1389 500 1539 541 xuii
1568 504 1582 540 :
1616 486 1803 540 Facies
1830 487 2043 541 Domini
2073 504 2229 554 super
2262 483 2508 555 facientes
2539 483 2716 541 'mala.
2744 488 2959 545 Manus.
2984 488 3084 542 Job
3114 483 3143 541 τ
3175 506 3188 541 :
3243 483 3435 541 nam
3466 483 3570 541 tuti:
3620 489 3858 554 fecerunt
3883 504 3993 542 me.

751 555 1039 625 bcupulas.
1086 558 1230 610 Psal.
1264 570 1369 611 xc:
1423 555 1660 623 Scapulis
1690 562 1798 611 suis
1849 560 2173 611 obumbrabit
2206 560 2317 611 tibi.
2368 560 2516 619 Alas.
2559 558 2700 611 Psal.
2732 573 2862 611 xu:
2915 559 3024 611 Sub
3069 559 3251 610 umbra
3298 561 3508 613 alarum
3540 569 3750 609 tuarum
3770 569 3991 625 protegi!

747 639 847 676 me.
885 624 1133 688 Brachia,
1184 628 1324 679 Psal.
1355 642 1641 681 Luxvttt:
1693 627 1981 681 Brachium
2021 645 2189 682 meum
2221 628 2540 694 confortabit
2600 645 2739 681 eum.
2808 626 3139 687 Posteriora,
3186 627 3359 680 Exod.
3414 644 3627 681 xum:
3682 624 4002 679 Posterio’ra

748 708 861 764 mea
892 694 1105 748 videbis.
1154 695 1339 759 Pedes,
1387 696 1522 749 Gen.
1560 713 1614 749 Ill
1646 712 1660 750 :
1698 696 1768 749 Et
1794 698 2079 751 audierunt
2129 713 2300 750 vocem
2333 697 2543 751 Domini
2565 696 2947 751 deambulanti:
2977 699 3028 750 in
3059 699 3329 764 paradiso.
3372 698 3623 761 Coronos,
3653 695 3796 749 PSaI.
3822 713 3945 750 ιτιν
3980 711 3999 748 :

748 759 1261 834 lienedicesicoromt:
1302 766 1428 817 uniti
1459 768 1795 834 benignitatis
1838 778 1964 820 tua'.
2032 765 2213 833 Sedes,
2266 766 2410 821 Psal.
2438 783 2679 821 Lxuvm
2715 785 2728 820 :
2788 766 3025 820 Thronus
3059 759 3198 819 'tuus
3252 768 3387 820 Deus
3421 771 3473 820 in
3502 759 3754 820 stt-culum
3782 768 3999 819 δατηίὶ.

748 831 1004 897 Calicem,
1036 833 1178 888 Psal.
1207 850 1367 887 sunt
1394 851 1406 887 ε
1440 831 1598 890 Calii:
1649 836 1858 890 Domini
1916 838 1971 890 in
2026 831 2207 890 maan
2240 837 2374 905 eius.
2400 836 2668 891 Craterem
2704 876 2721 900 ,
2766 835 2924 891 Prov.
2969 852 3018 891 ιι
3057 853 3072 890 :
3100 835 3319 890 Miscuit
3348 848 3621 899 craterem,
3647 836 3790 906 apud
3821 835 3995 893 LXX.

1707 1055 1868 1126 297
1900 1052 2379 1111 PARAPHRASIS
2404 1051 2844 1110 PACHYMEIUE
2884 1053 3018 1124 (δι).

817 1162 1139 1220 Praesentem
1177 1166 1371 1222 librum
1414 1183 1639 1238 magnus
1687 1164 1974 1239 Dionysius
2017 1169 2213 1223 scribit.
2242 1169 2310 1225 ad

2482 1171 2554 1227 Τὸ
2583 1172 2754 1242 παρὸν
2781 1169 2979 1241 βιϐλίον
3006 1170 3034 1221 ὁ
3052 1170 3220 1240 μέγας
3251 1170 3527 1243 συντίθησι
3553 1170 3826 1235 Διονύσιος
3858 1173 4006 1242 πρὸς

743 1266 989 1311 sanctum
1050 1256 1429 1331 Timotheum,
1496 1261 1673 1329 magni
1734 1258 1882 1313 Pauli
1962 1259 2304 1330 discipulum,

744 1345 940 1414 Ephesi
970 1350 1282 1417 episcopum
1323 1351 1390 1405 ab
1438 1349 1554 1419 ipso
1588 1351 1967 1406 constitutum.
2002 1352 2127 1419 Qui,
2163 1351 2309 1421 quod

744 1446 855 1490 tmn
897 1439 947 1491 in
985 1440 1129 1493 lonia
1179 1439 1622 1509 philosophorum
1674 1441 1909 1496 haereses
1953 1442 2306 1511 pullularent,

745 1530 1031 1597 multaeque
1064 1532 1360 1587 dialectica:
1388 1532 1764 1599 argutationes
1794 1533 1843 1586 ei
1872 1533 1939 1586 al)
1975 1532 2080 1586 illis
2109 1531 2309 1600 objice-

746 1632 961 1686 rentur;
994 1639 1116 1676 cunt
1149 1627 1312 1692 probe
1344 1637 1529 1681 nosset
1557 1642 1810 1698 magnum
1855 1626 2167 1697 Dionysium
2202 1642 2306 1680 non

741 1722 963 1765 externa
1028 1716 1205 1769 minus
1258 1729 1417 1783 quam
1471 1716 1650 1769 divina
1721 1698 1991 1785 sacraque
2040 1717 2308 1785 sapientia

743 1804 1047 1871 prmdilum,
1074 1813 1129 1856 ut
1155 1807 1245 1872 qui
1284 1806 1460 1875 magni
1494 1804 1645 1861 Pauli
1680 1806 1973 1875 discipulus
2000 1809 2303 1873 exstiterat,

743 1901 791 1947 et
827 1893 1025 1947 di\inis
1078 1892 1311 1957 Scriptis
1358 1894 1581 1949 multum
1616 1905 1926 1958 vacaverat,
1959 1897 2090 1965 petit
2136 1896 2205 1949 ab
2243 1912 2307 1950 eo

743 1987 1015 2055 proposita
1048 1987 1261 2040 edoceri
1290 2003 1304 2052 ;
1336 1988 1476 2056 quod
1508 1996 1562 2041 et
1611 1993 1691 2043 lit.
1718 1988 1888 2043 Vocat
1922 1990 2105 2058 itaque
2134 1990 2306 2057 ipsum

743 2094 966 2148 magnus
1017 2078 1301 2149 Dionysius
1348 2082 1871 2153 compresbyterum,
1910 2083 1961 2136 id
2008 2094 2091 2136 est
2122 2089 2301 2151 coepi-

740 2184 982 2239 scopum,
1034 2173 1174 2225 sicut
1222 2173 1571 2240 semetipsum
1620 2184 1777 2227 vOCat
1824 2174 2221 2243 presbyterum,
2255 2176 2306 2229 id

740 2268 823 2313 est
849 2264 1180 2328 episcopum.
1214 2262 1303 2316 Sic
1334 2266 1477 2317 enim
1510 2264 1670 2317 etiam
1712 2265 1766 2317 in
1798 2264 1951 2318 Actis
1995 2276 2307 2319 sanctorum

741 2353 1104 2418 apostolorum
1136 2352 1461 2417 declaratur,
1484 2357 1569 2408 ubi
1598 2371 1825 2425 magnus
1849 2356 2052 2409 Christi
2087 2366 2306 2423 aposto-

742 2444 825 2499 lus
882 2444 1077 2500 Paulus
1130 2446 1269 2499 Asize
1335 2446 1591 2501 Ecclesiis
1656 2447 1915 2501 nonnulla
1978 2446 2303 2515 praescribit.

741 2536 874 2592 Cum
904 2546 1083 2591 autem
1116 2537 1201 2591 hic
1231 2547 1492 2591 tractatus
1530 2542 1600 2592 sit
1636 2539 1701 2592 de
1734 2539 1934 2592 divinis
1974 2540 2307 2603 nominibus,

741 2627 1038 2690 seiemlum,
1066 2628 1355 2681 universim
1382 2638 1436 2682 et
1467 2629 1518 2681 in
1553 2630 1805 2682 omnibus
1833 2628 2049 2681 nomina
2084 2643 2187 2680 non
2229 2630 2306 2683 si-

740 2719 999 2787 gniﬁcare
1039 2721 1390 2787 substantias,
1414 2730 1468 2773 et
1499 2720 1629 2788 quid
1661 2720 1866 2789 aliquid
1906 2723 1995 2785 sit,
2039 2721 2139 2775 hoc
2164 2722 2307 2775 enim

741 2820 827 2865 est
884 2811 1252 2877 deﬁnitionis,
1283 2813 1393 2883 lsed
1446 2828 1641 2867 nomen
1693 2814 2017 2883 etymologia
2066 2814 2307 2882 quaedam

742 2917 824 2959 est
863 2920 929 2957 ex
961 2922 1023 2957 ns
1066 2920 1183 2972 quae
1221 2906 1296 2958 rei
1332 2906 1621 2958 nominata!
1666 2906 1885 2970 adsunt,
1914 2908 2065 2962 verbi
2110 2906 2308 2976 gratia,

741 2998 1043 3067 ἄνθρωπος,
1071 2998 1122 3051 id
1157 3005 1240 3052 est
1290 2998 1471 3059 homo,
1511 2997 1577 3050 ab
1606 2996 1719 3050 ἄνω
1763 2998 1965 3068 ἀθρεῖν,
1997 3000 2047 3052 id
2093 3009 2199 3065 est,
2244 3004 2312 3056 ab

743 3105 808 3144 ιο
830 3092 969 3159 quod
992 3106 1204 3145 sursum
1232 3101 1447 3145 tueatur
1471 3091 1555 3145 vel
1584 3091 1837 3158 aspiciat,
1867 3106 2063 3147 nomen
2090 3096 2307 3161 accipit.

744 3181 857 3235 lloc
885 3182 1044 3250 igitur
1069 3185 1196 3251 quid
1226 3185 1294 3236 sit
1318 3198 1435 3238 esse
1472 3184 1640 3237 divini
1677 3186 1913 3239 numinis
1953 3188 2113 3240 etiam
2155 3186 2309 3255 ipsis-

744 3281 853 3324 tnet
884 3273 1088 3339 angelis
1124 3284 1207 3325 est
1245 3272 1614 3327 inscrutabile.
1645 3273 1795 3339 Quod
1852 3286 2031 3330 autem
2075 3292 2142 3334 ex
2186 3280 2311 3345 qui-

744 3361 965 3416 busdam
1016 3364 1222 3417 eﬂ‘ectis
1258 3366 1369 3421 suis
1398 3362 1561 3436 (Deus
1612 3383 1665 3420 v.
1716 3382 1765 3435 ε.
1811 3368 2008 3434 bonus,
2050 3371 2310 3434 salvator,

743 3474 905 3525 quam
940 3459 1263 3528 theologiam
1300 3461 1654 3515 aﬂirmantem
1692 3463 1913 3531 vocant)
1949 3464 2024 3516 uti
2078 3475 2130 3517 et
2165 3464 2307 3517 illam

745 3552 861 3616 quze
884 3566 944 3601 ex
965 3552 1123 3604 rebus
1165 3554 1365 3605 nostris
1394 3554 1644 3616 sumitur,
1672 3564 1955 3622 negantem
1988 3557 2310 3625 theologiam

745 3642 949 3704 dicunt,
986 3645 1064 3709 (ut
1092 3643 1231 3709 quod
1256 3644 1325 3697 sit
1354 3645 1854 3711 incomprehensus,
1878 3661 2077 3714 expers
2101 3645 2310 3710 fornae,

752 3733 1086 3799 immortalis)
1106 3734 1245 3800 quod
1270 3749 1333 3787 ex
1358 3736 1523 3800 hisee,
1544 3737 1783 3805 inquam,
1799 3737 2200 3803 denominetur,
2222 3754 2312 3793 nec

2406 1262 2496 1317 τὸν
2531 1264 2587 1316 ὲν
2613 1263 2789 1329 ἁγίοις
2819 1262 3098 1333 Τιμόθεον,
3122 1262 3212 1315 τὸν
3250 1261 3342 1315 τοῦ
3376 1263 3610 1332 μεγάλου
3649 1262 3864 1322 Παύλου
3892 1280 4005 1332 μα·-

2356 1398 2368 1416 ,
2408 1353 2596 1427 θητὴν,
2642 1354 2866 1424 Ἐφέσου
2890 1356 3184 1408 ἐπίσκοπον
3219 1354 3348 1426 παρ’
3381 1355 3588 1407 ἐκείνου
3625 1356 3998 1408 καταστάντα.

2413 1446 2528 1506 Ὃς,
2560 1444 2745 1516 ἐπειδὴ
2776 1444 2895 1497 τότε
2924 1445 2979 1499 αί
3004 1445 3111 1497 τῶν
3134 1446 3190 1499 ὲν
3219 1446 3395 1515 Ἰωνία
3425 1444 3725 1528 φιλοσόιρων
3751 1445 4005 1515 αἱρέσεις

2406 1537 2675 1608 ἤκμαζον,
2711 1538 2804 1592 καὶ
2836 1537 3034 1601 πολλάς
3077 1534 3188 1608 εἶχε
3226 1538 3323 1601 τὰς
3365 1537 3701 1600 διαλεκτικὰς
3727 1536 4006 1608 ἐπηρείας

2407 1627 2535 1697 παρ’
2568 1627 2788 1681 ἐκείνων
2809 1629 2837 1679 ὁ
2867 1628 3041 1695 ἆγιος,
3084 1627 3364 1695 γινώσκων
3389 1628 3481 1681 τὸν
3512 1626 3685 1697 μέγαν
3718 1626 4007 1678 Διονύσιον

2409 1716 2571 1786 σοφὸν
2594 1719 2687 1769 καὶ
2722 1717 2820 1790 τὴν
2863 1717 2967 1782 ἕξω
3008 1718 3219 1787 σοφίαν,
3255 1719 3417 1787 σοφὸν
3449 1719 3542 1771 καὶ
3583 1718 3681 1789 τὴν
3717 1717 3864 1770 θείαν
3900 1716 4009 1768 καὶ

2411 1804 2580 1875 ἰεράν,
2603 1805 2680 1879 τῷ
2707 1806 2922 1877 μεγάλῳ
2944 1806 3136 1878 Παύλῳ
3163 1806 3300 1867 κατά
3328 1806 3528 1877 ταύτην
3557 1806 4006 1877 μαθητεύσαντα,

2407 1895 2501 1948 καὶ
2556 1895 2725 1948 πολλά
2770 1896 3098 1965 ὲσχολακότα
3147 1894 3270 1959 ταῖς
3316 1896 3488 1958 θείαις
3536 1896 3797 1965 Γραφαίς,
3846 1894 4010 1959 ἀξιοῖ

2408 1986 2535 2057 παρ’
2580 1986 2740 2038 αὑτοῦ
2779 1986 3082 2057 διδαχθῆναι
3124 1987 3192 2040 τά
3243 1987 3685 2057 ὑποτεταγμένα·
3726 1987 3752 2040 ὂ
3798 1986 3862 2057 δὴ
3900 1987 4012 2039 καὶ

2407 2077 2631 2147 γίνεται.
2666 2078 2835 2142 καλεῖ
2872 2078 3001 2145 γοῦν
3044 2078 3204 2135 αὑτὸν
3247 2078 3275 2129 ὁ
3318 2078 3487 2148 μέγας
3531 2077 3803 2140 Διονύσιος
3851 2095 4011 2149 συμ-

2407 2168 2810 2241 πρεσϐύτερον,
2860 2170 3020 2222 οἱονεὶ
3068 2169 3495 2232 συνεπίσκοπον,
3542 2170 3617 2233 ὡς
3662 2170 3752 2222 καὶ
3798 2172 4012 2224 ἑαυτὸν

2408 2262 2794 2333 πρεσϐύτερον,
2825 2262 3062 2332 δηλονότι
3106 2263 3419 2317 ἐπίσκοπον.
3464 2264 3619 2317 Οὕτω
3654 2263 3760 2335 γὰρ
3799 2264 4012 2335 δηλοῦ-

2410 2372 2494 2407 ται
2526 2357 2582 2407 ἐν
2610 2360 2729 2418 ταῖς
2769 2355 3005 2426 Πράξεσι
3044 2354 3151 2409 τῶν
3192 2356 3361 2423 ἁγίων
3396 2357 3722 2420 ἀποστόλων,
3765 2356 3898 2410 ἔνθα
3948 2358 4014 2409 ὲν

2424 2447 2576 2518 Ἀσίᾳ
2617 2450 2962 2500 συντάττεται
3000 2449 3473 2520 ταῖςἚκκλησίαις
3532 2449 3708 2507 αὐτῶν
3742 2452 3771 2504 ὁ
3815 2450 4014 2521 μέγας

2342 2530 2381 2582 Β
2408 2537 2502 2590 τοῦ
2529 2539 2763 2609 Χριστοῦ
2793 2539 3083 2603 ἀπόστολος
3105 2540 3333 2603 Παῦλος.
3353 2540 3568 2611 Ἐπειδὴ
3594 2541 3648 2593 δὲ
3676 2541 3798 2611 περὶ
3828 2541 4016 2595 θείων

2412 2630 2688 2700 ὀνομάτων
2728 2633 2761 2701 ἡ
2809 2633 3157 2703 πραγματεία
3197 2633 3377 2698 ἐστὶν,
3417 2634 3587 2685 ίστέον
3615 2675 3628 2700 ,
3661 2636 3739 2687 ὅτι
3776 2634 4016 2689 καοολι-

2412 2726 2520 2787 κῶς
2548 2726 2640 2777 καὶ
2666 2726 2758 2776 ἐπὶ
2794 2727 2925 2778 πᾶσι
2951 2725 3016 2776 τὰ
3044 2725 3281 2795 ὀνόματα
3306 2728 3368 2780 οὐ
3400 2726 3752 2797 σημαίνουσιν
3781 2728 4013 2793 οὐσίας,

2412 2818 2507 2869 καὶ
2548 2816 2608 2867 τὸ
2645 2815 2696 2867 τί
2739 2812 2806 2887 ἦν
2852 2812 3007 2876 εἶναι,
3034 2816 3191 2869 τοῦτο
3228 2817 3335 2888 γὰρ
3369 2816 3463 2870 τοῦ
3505 2818 3728 2889 ὁρισμοῦ
3761 2820 3917 2871 ἐστι·
3948 2822 4019 2873 τὸ

2412 2902 2468 2956 δὲ
2498 2903 2667 2974 ὄνομα
2697 2904 3016 2974 ὲτυμολογία
3057 2906 3141 2968 τίς
3177 2906 3322 2959 ἐστιν
3355 2909 3419 2959 ὲκ
3454 2906 3562 2959 τῶν
3588 2906 3903 2978 προσόντων
3932 2911 4020 2980 τῷ

2413 2996 2796 3067 ὀνομαζομένῳ
2835 2998 3147 3067 πράγματι·
3182 2992 3294 3052 οἷον
3331 2998 3635 3070 ἄνθρωπος,
3662 3001 3724 3051 ὲκ
3760 2999 3854 3051 τοῦ
3880 2998 4023 3051 ἀνω

2405 3088 2623 3161 ἀθρεῖν,
2668 3089 2786 3160 ἦτοι
2831 3088 3072 3161 θεωρεῖν,
3133 3089 3479 3163 ὀνομάζεται.
3527 3092 3598 3145 Τὸ
3640 3091 3784 3161 γοῦν,
3832 3093 3897 3145 τί
3944 3089 4022 3166 ἦν

2414 3177 2551 3235 εἶναι
2578 3181 2672 3235 τοῦ
2703 3182 2882 3246 Θείου,
2914 3185 3005 3235 καὶ
3038 3186 3219 3249 αὐτοῖς
3254 3189 3366 3249 τοῖς
3412 3185 3663 3255 ἀγγέλοις
3699 3186 4022 3255 ἀνεξιχνία-

2417 3292 2558 3329 στον.
2591 3276 2663 3329 Τὸ
2692 3276 2771 3339 δὲ,
2804 3275 2867 3328 ἔκ
2902 3292 3064 3329 τινων
3092 3277 3379 3347 ἐνεργειῶν
3420 3277 3581 3330 αὑτοῦ
3623 3279 3713 3349 (ὡς
3745 3278 3823 3341 τὸ,
3870 3279 4022 3343 Θεὸς

2416 3368 2633 3436 ἀγαθὸς,
2656 3368 2855 3438 σωτὴρ,
2881 3368 2945 3437 ἣν
2989 3368 3050 3437 δὴ
3090 3368 3184 3421 καὶ
3214 3368 3584 3440 καταφατικὴν
3615 3368 3893 3435 θεολογίαν
3929 3372 4021 3426 λέ-

2415 3459 2591 3529 γουσι)
2626 3461 2719 3511 καὶ
2759 3459 2919 3511 πάλιν
2960 3462 3024 3510 ὲκ
3053 3456 3161 3509 τῶν
3202 3458 3321 3511 καθ’
3359 3461 3506 3529 ἡμᾶς
3536 3459 3673 3512 κατά
3702 3459 4021 3527 ἀπόφασιν,

2414 3552 2480 3620 ἢν
2508 3551 2571 3621 δὴ
2597 3552 2689 3603 καὶ
2714 3550 3068 3620 ἀφαιρετικὴν
3091 3549 3366 3617 θεολογίαν
3390 3552 3551 3618 φασὶν
3577 3550 3669 3621 (ὡς
3690 3550 3765 3613 τὸ,
3794 3551 4021 3607 ἀκατά-

2414 3643 2634 3713 ληπτος,
2672 3641 2925 3703 ἁνείδεος,
2965 3642 3265 3709 ἀθάνατος),
3301 3641 3361 3693 τὸ
3389 3641 3520 3709 γοῦν
3543 3644 3607 3694 ὲκ
3637 3641 3834 3694 τούτων
3890 3644 4021 3697 ὀνο-

2420 3731 2701 3803 μάζεσθαι,
2733 3731 2831 3783 οὐκ
2851 3732 2994 3783 ἐστιν
3018 3730 3218 3801 ἀπᾷδον
3245 3733 3309 3800 τῇ
3361 3732 3481 3801 ἱερᾷ
3510 3731 3861 3802 extorsit-1'06
3902 3734 4021 3804 γὰρ

745 3840 1012 3895 quaquam
1039 3825 1106 3879 ab
1138 3826 1307 3895 ipsius
1328 3830 1687 3883 sanctimonia
1708 3830 1997 3893 abhorret;
2032 3848 2136 3883 non
2164 3836 2308 3885 enim

2417 3824 2515 3893 τὴν
2554 3822 2711 3890 φύσιν
2735 3820 2896 3872 αὐτοῦ
2930 3819 3507 3890 πολυπραγμονοῦμεν,
3552 3820 3708 3872 τοῦτο
3734 3820 3842 3890 γὰρ
3882 3823 4018 3877 ἁδύ-

747 3931 995 3982 naturam
1046 3920 1166 3989 ejus
1216 3922 1661 3992 multiplicamus,
1713 3923 1854 3992 quod
1906 3922 2019 3976 ﬁeri
2069 3938 2171 3977 non
2216 3940 2309 3992 po-

747 4020 869 4076 test,
903 4012 993 4066 sed
1028 4014 1483 4082 quemadmodum
1511 4028 1577 4067 ex
1598 4015 1771 4067 sacris
1802 4015 2122 4082 quibusdam
2155 4016 2309 4083 quasi

747 4104 1062 4171 compositis
1095 4105 1186 4157 Det
1220 4104 1674 4173 descriptionibus
1710 4105 1777 4158 ad
1810 4104 2167 4174 simplicitatis
2196 4104 2312 4173 ejus

746 4194 1034 4261 sanqualem
1080 4196 1445 4265 cognitionem
1495 4210 1895 4264 promovemur,
1933 4197 2009 4249 sic
2040 4197 2201 4249 etiam
2243 4210 2313 4249 ex

749 4286 1049 4342 istiusmodi
1079 4288 1386 4340 nominibus
1417 4295 1472 4340 et
1503 4287 1817 4341 earumdem
1843 4288 2217 4355 usurpatione,
2247 4287 2313 4339 ad

749 4377 799 4429 id
832 4378 972 4444 quod
1002 4378 1394 4433 innominabile
1439 4388 1523 4432 est
1567 4381 1907 4433 adducimur.
1935 4377 2069 4433 Hinc
2102 4380 2146 4435 si
2193 4379 2312 4447 quis

748 4468 951 4539 aliquid
990 4469 1057 4523 de
1098 4468 1209 4523 Deo
1254 4470 1473 4535 dixerit,
1518 4482 1603 4524 est
1646 4485 1807 4538 supra
1864 4471 1916 4523 id
1966 4471 2109 4538 quod
2153 4472 2309 4535 dicit;

747 4564 893 4617 omni
926 4565 1069 4618 enim
1092 4563 1405 4618 nominabili
1434 4563 1654 4617 nomine
1675 4573 1757 4617 est
1781 4563 2129 4617 eminentius.
2155 4562 2316 4618 Idcir-

747 4672 811 4709 co
834 4655 885 4707 in
909 4656 991 4709 bis
1012 4656 1317 4724 excogitata
1340 4666 1421 4709 est
1440 4671 1469 4708 a
1505 4655 1766 4724 theologis
1791 4654 2045 4723 loquendi
2075 4654 2302 4709 formula

748 4763 845 4816 per
873 4748 1306 4817 praepositionem
1334 4747 1475 4818 ὑπέρ
1498 4757 1551 4802 et
1576 4748 1709 4801 αὑτό
1738 4762 1753 4799 :
1788 4758 1951 4816 atque
1991 4748 2065 4800 ita
2116 4748 2314 4800 dicitur

750 4841 889 4893 Deus
921 4854 1081 4908 supra
1124 4855 1284 4908 quam
1326 4841 1519 4903 bonus,
1546 4848 1598 4892 et
1628 4854 1722 4907 per
1749 4854 1811 4893 se
1838 4839 2032 4901 bonus,
2060 4846 2111 4889 et
2154 4853 2313 4906 supra

748 4941 913 4992 quam
954 4928 1217 4992 inﬁnitus,
1247 4940 1301 4980 et
1349 4942 1455 4996 per.
1493 4943 1550 4983 se
1604 4927 1867 4982 inﬁnitus.
1913 4928 2046 4981 Illud
2095 4928 2313 4997 quidem

750 5018 967 5080 dicitur,
1006 5020 1260 5085 quoniam
1295 5034 1455 5088 supra
1493 5032 1555 5071 ea
1593 5033 1713 5086 qu:e
1747 5019 2005 5072 dicuntur
2036 5018 2316 5087 incompa-

751 5108 993 5163 rabiliter
1020 5112 1253 5176 eminet;
1287 5112 1387 5164 hoc
1420 5127 1569 5175 vero,
1601 5112 1727 5179 quia
1773 5111 1989 5179 proprie
2027 5122 2081 5164 et
2112 5112 2314 5179 prima-

754 5200 867 5261 rio.
916 5210 973 5255 et
1021 5218 1125 5256 non
1176 5202 1468 5257 secundum
1510 5203 1977 5271 participationem
2028 5201 2194 5271 298
2230 5202 2312 5255 vel

2416 3930 2571 3966 νατον
2592 3930 2604 3942 ·
2639 3911 2752 3964 ἀλλ’
2787 3910 2973 3981 ὥσπερ
3002 3914 3065 3963 ὲκ
3094 3911 3200 3965 τῶν
3234 3910 3592 3981 ίερογραφιῶν
3613 3911 3703 3963 τοῦ
3740 3911 3906 3979 Θεοῦ,
3941 3916 4019 3979 ὡς

2415 4007 2479 4058 ἐκ
2538 4004 2807 4057 συνθέτων
2860 4003 3042 4065 τινῶν,
3094 4004 3187 4056 ἐπὶ
3236 4004 3295 4055 τὸ
3351 4003 3553 4055 ἁπλοῦν
3606 4004 3701 4073 τῆς
3750 4004 4019 4060 ὁπωσοῦν

2415 4095 2667 4164 γνώσεως
2695 4094 3023 4165 ἀναγόμεθα,
3057 4093 3197 4145 οῦτω
3228 4094 3319 4145 καὶ
3349 4096 3413 4146 ἐκ
3436 4093 3546 4145 τῶν
3588 4094 3837 4146 τοιούτων
3886 4097 4017 4149 ὀνο-

2420 4186 2647 4257 μασιῶν,
2680 4187 2773 4239 καὶ
2800 4186 2891 4239 τοῦ
2920 4188 3010 4237 ἐπὶ
3032 4183 3240 4245 τούτοις
3276 4184 3619 4260 συνεθισμοῦ,
3646 4185 3735 4235 ἐπὶ
3762 4183 3822 4235 τὸ
3856 4186 4016 4240 ἀνω-

2416 4278 2678 4350 νόμαστον
2724 4276 3048 4346 ἀναγόμεθα.
3103 4275 3252 4340 Τέως
3295 4276 3353 4328 δὲ
3396 4274 3495 4328 εἴτι
3525 4276 3590 4328 άν
3622 4293 3703 4338 τις
3731 4276 3880 4327 εἴποι
3917 4281 4018 4333 ἐπὶ

2417 4377 2572 4440 Θεοῦ,
2620 4376 2763 4444 ὑπὲρ
2805 4375 2962 4427 τοῦτό
3005 4376 3149 4427 ἐστι’
3196 4374 3394 4439 παντὸς
3435 4365 3555 4447 ’γάρ
3599 4374 4017 4446 ὀνομαζομένου

2415 4468 2670 4537 ὀνόματος
2721 4465 2974 4520 ὲπέκεινά
3022 4466 3154 4517 ἐστι.
3206 4462 3304 4516 Διά
3361 4463 3514 4516 τοῦτο
3560 4463 3822 4535 ἐπενοήθη
3893 4471 4017 4528 τοῖς

2417 4560 2681 4629 θεολόγοις
2700 4562 2791 4611 ἐπὶ
2810 4558 3084 4629 τούτοις,ὴ
3108 4556 3257 4625 ὑπὲρ
3278 4556 3583 4629 προσθήκη,
3617 4558 3705 4609 καὶ
3734 4557 3794 4608 τὸ
3822 4560 4013 4612 αὑτό·

2418 4654 2511 4709 καὶ
2536 4651 2748 4720 λέγεται
2775 4653 2804 4703 ὁ
2829 4650 2960 4713 Θεὸς
2989 4649 3352 4720 ὑπεράγαθος,
3380 4650 3473 4701 καὶ
3512 4648 3863 4715 αὑτοὰγαθος,
3916 4655 4015 4704 καὶ

2417 4744 2800 4813 ὑπεράπειρος,
2843 4744 2933 4795 καὶ
2990 4740 3365 4809 αὑτοάπειρος.
3424 4742 3495 4795 Τὸ
3555 4743 3670 4811 μὲν,
3712 4742 3793 4793 ὅτι
3855 4743 4017 4815 ὑπὲρ

2413 4837 2585 4892 ταῦτα
2630 4836 2722 4886 καὶ
2763 4834 3105 4903 ἁσυγκρίτως
3143 4833 3259 4885 ἐστί
3283 4848 3297 4862 ’
3329 4834 3389 4885 τὸ
3419 4833 3493 4895 δὲ,
3539 4834 3620 4886 ὅτι
3657 4834 3858 4901 κυρίως
3912 4836 4011 4888 καὶ

2416 4924 2665 4997 πρώτως,
2698 4927 2792 4978 καὶ
2831 4927 2892 4977 οὑ
2933 4925 3070 4977 κατά
3098 4943 3215 4979 τινα
3249 4926 3476 4997 μετοχὴν
3507 4926 3539 4997 ἢ
3574 4926 3751 4995 σχέσιν
3790 4924 3821 4994 ἢ
3869 4927 4017 4993 σύγ-

2416 5034 2625 5088 κρισιν·
2658 5021 2719 5070 τὸ
2759 5018 2866 5089 γάρ
2896 5017 3061 5088 ὄνομα
3090 5018 3123 5087 ἢ
3155 5018 3313 5089 σῶμα
3350 5019 3381 5088 ἦ
3428 5021 3658 5089 πρᾶγμα
3702 5018 4014 5087 σημαίνέῐθ

2418 5107 2558 5177 ὑπὲρ
2578 5107 2750 5161 ταῦτα
2774 5108 2829 5159 δὲ
2858 5109 3237 5178 ἀκατανοήτως
3266 5110 3360 5160 καὶ
3389 5107 3731 5177 ἐξῃρημένως
3756 5104 3816 5157 τὸ
3837 5104 4017 5163 Θείόν

2415 5204 2552 5253 ἐστι.

751 5293 1117 5347 habitudinem
1160 5293 1243 5347 vel
1292 5294 1748 5362 comparationem
1795 5302 1911 5356 est;
1948 5306 2071 5345 nam
2109 5308 2305 5346 nomen
2360 5293 2442 5347 vel
2472 5308 2668 5362 corpus
2703 5292 2783 5347 vel
2837 5309 2951 5348 rem
2996 5292 3287 5363 signiﬁcat,
3341 5310 3506 5365 supra
3533 5294 3648 5349 haec
3688 5302 3873 5348 autem
3926 5298 4014 5353 di-

751 5387 931 5439 vinum
994 5402 1188 5441 numen
1234 5387 1850 5458 incomprehensibiliter
1890 5400 1945 5443 et
1993 5388 2293 5443 eminentcr
2319 5389 2550 5445 exsistit.

826 5478 854 5548 ﬁ
894 5479 934 5531 l.
961 5478 1113 5533 Nune
1156 5487 1356 5542 autem,
1384 5496 1417 5534 ο
1452 5480 1631 5547 beate,
1671 5482 1961 5535 secundum
2005 5484 2235 5551 gratiam
2265 5492 2310 5536 et

2494 5482 2591 5553 ξι.
2624 5482 2737 5535 Νῦν
2773 5483 2851 5548 δὲ,
2896 5479 2941 5535 ὦ
2992 5484 3243 5554 μακάριε,
3291 5485 3429 5537 κατά
3459 5486 3617 5555 χάριν
3644 5495 3731 5539 και
3763 5491 4019 5563 μετοχὴν

752 5570 1214 5641 participationem
1261 5572 1407 5640 ejus,
1452 5573 1545 5641 qui
1599 5572 1824 5635 beatus,
1872 5583 1927 5627 et
1971 5588 2311 5643 nequaquam

2421 5573 2515 5627 τοῦ
2553 5573 2701 5638 ὄντος
2737 5574 3024 5645 μακαρίου,
3054 5576 3146 5627 καὶ
3193 5574 3266 5646 μὴ
3314 5580 3441 5650 κηρὶ
3486 5580 3578 5631 καὶ
3611 5579 3817 5646 θανάτῳ
3860 5581 4016 5638 ὑπο-

829 5715 944 5787 (31)
978 5716 1105 5774 Vide
1151 5717 1365 5774 Scholia
1412 5720 1465 5773 S.
1509 5720 1752 5787 binim”
1790 5731 1918 5774 tom.
1957 5720 2016 5786 ll,
2052 5736 2165 5791 cap.
2199 5738 2213 5775 t
2246 5721 2319 5775 De
2351 5723 2537 5774 divinis
2568 5722 2876 5774 nominibus.
