4176 6308
228 375 340 434 609

796 372 884 428 DE
917 373 1170 430 DlVlNlS
1202 372 1596 438 NOMINIBUS.
1631 375 1785 433 CAP.

1905 409 1970 419 -—
2001 373 2346 437 PARAPHR.
2383 380 2830 440 PACHYMEILE
2843 428 2857 442 .

3374 386 3480 446 600

231 497 490 561 κειμένου
517 481 674 554 Θεοῦ,
701 491 950 562 Τιμόθεε,
982 490 1117 562 μετά
1146 492 1244 556 τὰς
1275 493 1588 561 θεολογικάς
1616 495 1802 547 ὑποτυ-

1917 494 2030 550 fato
2081 499 2310 554 mortive
2352 497 2627 568 subjectus
2673 510 2790 568 est,
2838 501 2955 568 Dei,
3003 502 3302 566 'l'imdthcc,
3361 512 3478 574 post

231 584 441 646 πώσεις
483 585 576 636 καὶ⁵
625 588 1060 655 προεισαγωγάς.
1096 585 1286 656 Ἑτέρα
1328 585 1436 657 γὰρ
1465 586 1572 657 πρὸ
1608 587 1808 657 ταύτης

231 674 583 746 πραγματεία
609 673 686 744 τῷ
704 673 841 744 ἁγίῳ
859 676 1178 747 πεπόνηται,
1201 677 1538 748 στοιχειώδης
1556 678 1664 730 τῶν
1684 679 1809 750 περὶ

231 763 372 817 Θεοῦ
398 769 455 818 ὲν
480 768 598 829 ταῖς
630 763 871 836 Γραφαῖς
901 766 1222 837 εἰρημένων,
1253 763 1321 838 ἧς
1345 783 1488 831 τινος
1517 767 1654 820 κατά
1682 770 1809 822 ἀκο-

229 853 451 909 λουθίαν
477 858 510 926 ὴ
549 855 796 926 παροῦσα
823 856 1264 928 ὲπραγματεύθη.
1311 858 1466 910 Κατὰ
1495 857 1625 925 γοῦν
1666 857 1808 910 ὲκεί-

231 963 354 1015 νην,
381 949 474 999 ἐπὶ
501 947 599 1017 τὴν
640 947 749 1000 τῶν
776 947 933 1003 θείων
975 950 1248 1020 ὀνομάτων
1293 948 1613 1020 διασάφησιν
1655 967 1808 1020 μετε-

228 1038 511 1110 λεύσομαι.
537 1036 886 1100 Ἁνάπτυξιν
899 1038 1029 1108 γοῦν
1065 1037 1182 1094 εἶπε
1228 1040 1326 1112 τὴν
1343 1041 1809 1111 διασάφησιη,ὡς

230 1132 466 1201 ἑχόντων
495 1130 601 1183 τῶν
633 1131 888 1185 τοιούτων
919 1131 1077 1186 θείων
1117 1133 1395 1204 ὀνομάτων
1421 1132 1515 1186 τοῦ
1549 1134 1807 1204 φαινομέ-

231 1236 325 1272 νου
360 1220 670 1292 βαθύτερον,
705 1223 884 1274 Ἔστω
918 1222 975 1275 δὲ
1001 1225 1090 1275 καὶ
1119 1222 1348 1276 ἐνταῦθα
1374 1222 1809 1295 προδιωμολογη-

235 1309 415 1382 μένον,
461 1314 540 1365 ὃτι
586 1315 684 1385 τὴν
719 1315 828 1367 τῶν
865 1315 993 1386 περὶ
1037 1312 1170 1368 Θεοῦ
1211 1315 1514 1386 λεγομένων
1554 1316 1808 1386 ἀλήθειαν

231 1405 294 1459 οὐ
349 1405 703 1474 καταδοῦμεν,
744 1407 836 1458 καὶ¹
880 1405 1319 1477 καταδεσμοῦμεν
1364 1410 1422 1460 ὲν
1465 1403 1808 1479 ἀνθρωπίνης

233 1497 427 1565 σοφίας
458 1496 631 1549 πειθοῖ
659 1499 751 1551 καὶ
772 1497 913 1567 λόγῳ
931 1515 944 1528 ·
979 1498 1163 1562 ἄνετος
1189 1503 1297 1568 γὰρ
1338 1503 1429 1552 καὶ
1469 1500 1609 1571 ὑπὲρ
1631 1502 1808 1554 πάντα

229 1586 301 1639 τὰ
332 1587 457 1639 ὄντα
484 1587 650 1644 ἐστὶν,
688 1573 838 1638 ὥστε
868 1586 940 1656 μὴ
970 1589 1034 1640 ὲκ
1062 1587 1262 1642 τούτων
1302 1591 1430 1641 παι-ὲ
1462 1590 1807 1660 συλλογισθῆ-

231 1695 321 1730 ναι
355 1695 366 1706 ·
395 1678 426 1746 ἡ
457 1677 564 1746 γάρ
589 1676 898 1747 ἀνθρωπίνη
932 1676 1089 1746 σοφία
1138 1680 1201 1731 ἐκ
1251 1680 1356 1732 τῶν
1402 1679 1672 1750 αἰσθητῶν
1708 1680 1808 1744 τὰς

231 1769 532 1833 ἀποδείξεις
557 1769 880 1840 ἐρανίζεται.
913 1770 1083 1842 Εἴπερ
1109 1771 1166 1824 δὲ
1192 1773 1283 1824 καὶ
1306 1773 1473 1843 αὐτὴν
1504 1773 1675 1836 είποις
1708 1772 1806 1844 τὴν

228 1859 432 1929 ἀμεσον
479 1859 756 1930 πρότασιν,
789 1860 910 1929 ἥτις
951 1860 1100 1912 ἐστὶν
1141 1862 1478 1924 αὑτόπιστος,
1534 1862 1625 1914 καὶ
1666 1860 1803 1931 aint}

225 1951 296 2003 tu
331 1949 438 2003 τῶν
486 1949 723 2020 μερικῶν
772 1951 1073 2022 αἰσθήσεων
1109 1951 1186 2022 τῷ
1223 1952 1298 2022 νῷ
1343 1952 1661 2020 συνάγεται·
1711 1955 1802 2004 ἐπὶ

221 2037 286 2093 δὲ
311 2038 419 2092 τῶν
451 2040 592 2109 ὑπὲρ
621 2042 798 2093 πᾶσαν
822 2041 1007 2093 οὐσίαν
1039 2041 1154 2104 πῶς
1195 2042 1260 2095 ἀν
1298 2060 1381 2104 τις
1417 2041 1646 2109 λογικῶς
1685 2048 1803 2095 ὲπι-

224 2131 501 2201 στήσειεν,
543 2133 591 2184 εί
640 2130 713 2201 μὴ
751 2130 901 2201 μόλις
943 2132 1021 2201 τῷ
1058 2133 1340 2202 ἀκροτάτῳ
1370 2132 1534 2185 ἄνθει
1576 2132 1670 2184 τοῦ
1713 2131 1803 2184 νοῦ

220 2221 320 2274 διὰ
372 2224 471 2292 τῆς
526 2222 848 2291 εἰλικρινοῦς
902 2223 1178 2287 εὐσεϐείας
1231 2224 1508 2295 άλαλήτως
1570 2227 1805 2277 συννοεῖν

220 2311 471 2377 δῦναιτο;
506 2315 616 2383 Οὐχ
645 2313 785 2367 οὕτω
819 2314 948 2380 γοῦν
984 2318 1076 2369 καὶ
1109 2316 1394 2386 εὑοδοῦμεν
1425 2317 1522 2388 τὴν
1553 2317 1805 2388 ἀλήθειαν

221 2407 285 2459 ἐν
315 2405 488 2459 πειθοῖ
513 2399 856 2477 ἀνθρωπίνης
890 2409 1098 2477 σοφίας,
1138 2408 1250 2460 ἀλλ’
1293 2411 1351 2461 ὲν
1391 2409 1659 2473 ἀποδείξει
1703 2412 1804 2480 τῆς

219 2495 336 2550 τῶν
369 2496 630 2565 θεολόγων
658 2498 957 2568 δυνάμεως,
991 2493 1110 2552 καθ⁴
1137 2500 1202 2570 ἣν
1227 2505 1337 2560 τοῖς
1357 2500 1681 2570 ἀφθέγκτοις
1713 2503 1804 2554 καὶ

222 2587 524 2655 ἀγνώστοις
573 2585 946 2659 συναπτόμὲθα
989 2591 1218 2661 νοερῶς·
1269 2592 1423 2644 τοῦτο
1460 2593 1566 2662 γάρ
1595 2595 1707 2645 ἐστι
1746 2593 1806 2646 τὸ

221 2681 569 2750 ἁφθέγκτως
597 2679 687 2735 καὶ
707 2683 1042 2751 ἀγνώστως.
1062 2675 1130 2736 Et.”
1144 2700 1195 2736 τι
1215 2686 1321 2754 γάρ
1339 2684 1402 2738 ἂν
1421 2683 1704 2752 φθέγξαιτό
1723 2703 1805 2749 τις

219 2772 314 2826 διὰ
343 2765 705 2840 διδασκαλίαν,
734 2775 827 2827 καὶ
855 2773 908 2826 εί
931 2790 983 2826 τι
1012 2775 1275 2842 γνώσεται
1302 2775 1388 2827 διὰ
1425 2775 1677 2846 μάθησιν,
1705 2779 1808 2830 οὐκ

230 2867 349 2920 ἐστι
376 2865 704 2936 κατάλληλον
732 2868 852 2929 ταῖς
877 2865 1004 2937 περὶ
1047 2865 1180 2918 Θεοῦ
1217 2866 1464 2929 ἐννοίαις,
1497 2869 1544 2918 εί
1582 2865 1654 2936 μή
1689 2883 1806 2929 πως

221 2959 629 3029 ὲνδυναμωοείη
659 2959 766 3011 τῶν
805 2959 1005 3030 νοερῶν
1039 2960 1194 3030 ἡμῶν
1224 2963 1341 3022 ταῖς
1377 2964 1807 3032 πνευματοκινή-

221 3069 337 3113 τοις
375 3051 692 3117 θεολογίαις,
727 3052 818 3102 ἐπὶ
864 3051 943 3121 τῷ
983 3051 1282 3121 διατεθῆναι
1311 3054 1389 3115 είς
1417 3051 1514 3122 τὴν
1552 3051 1804 3120 τοιαύτην

220 3140 526 3207 ἄφθεγκτον
560 3139 806 3208 σύναψιν,
850 3139 988 3192 κατά
1019 3141 1116 3211 τὴν
1156 3141 1438 3212 κρείττονα
1484 3140 1674 3194 ἕνωσιν
1707 3142 1802 3211 τῆς

1909 587 2240 657 theologicae
2317 589 2733 646 informationes
2794 601 2848 646 et
2916 595 3475 664 praintrtxluctiones.

1907 679 2060 734 Alius
2091 683 2236 733 enim
2264 693 2389 736 ante
2437 684 2580 737 hunc
2625 698 2654 736 a
2687 694 2879 739 sancto
2915 688 3016 741 hoc
3055 689 3368 743 elaboratus
3397 697 3481 743 est

1912 779 2188 833 tractatus,
2213 771 2559 828 elementaris
2606 790 2793 830 eorum
2834 791 2953 843 quae
2984 778 3052 832 de
3083 779 3194 834 Deo
3229 779 3282 833 in
3326 779 3478 835 Scri-

1909 861 2083 928 pturis
2112 860 2253 914 dicta
2302 874 2447 927 sunt,
2479 872 2602 932 post
2646 880 2830 932 quem,
2878 868 3169 921 secundum
3211 870 3477 935 ordinem,

1909 965 2145 1020 praesens
2177 952 2427 1006 hic-liber
2464 963 2548 1007 est
2577 957 2927 1024 compositus.
2963 957 3086 1010 Post
3120 957 3267 1014 illum
3301 962 3481 1028 itaque

1908 1043 1975 1094 ad
2036 1042 2344 1096 divinorum
2401 1044 2674 1097 nominum
2741 1047 3159 1114 explicationem
3218 1052 3476 1106 trausnho.

1923 1129 2268 1195 Ἀνάπτυξιν,
2318 1132 2368 1186 id
2410 1142 2494 1187 est
2549 1138 2972 1206 explicationem,
3047 1138 3213 1208 igitur
3261 1144 3480 1196 vet-avit

1908 1221 2256 1292 διασάφησιν,
2285 1223 2335 1277 id
2368 1239 2450 1278 est
2477 1225 2912 1292 declarationem,
2931 1231 3082 1299 quod
3125 1232 3236 1286 ltmc
3296 1233 3478 1286 divina

1911 1312 2126 1365 nomina
2153 1313 2281 1381 quid
2313 1313 2628 1382 profundius
2655 1317 2969 1370 contineant
3015 1335 3177 1389 quam
3236 1320 3286 1375 id
3330 1323 3476 1393 quod

1910 1409 2147 1469 apparet.
2185 1398 2265 1454 Sit
2301 1411 2480 1454 autem
2507 1404 2672 1455 etiam
2709 1404 2798 1456 hic
2825 1409 2948 1457 ante
2990 1406 3040 1458 in
3073 1407 3344 1470 confesso,
3377 1422 3480 1462 nos

1909 1509 2094 1547 eorum
2128 1508 2246 1561 quae
2273 1495 2337 1548 de
2370 1496 2474 1547 Deo
2508 1496 2762 1548 dicuntur
2793 1494 3071 1549 veritatem
3102 1499 3324 1552 minime
3364 1507 3478 1552 tra-

1910 1586 2060 1650 dere,
2090 1595 2142 1638 et
2193 1587 2494 1652 astringere
2535 1585 2782 1640 humana:
2828 1589 3106 1656 sapientia:
3141 1591 3472 1657 pet-suasioni

1912 1689 2074 1748 atque
2100 1678 2362 1743 sermoni;
2394 1678 2955 1745 incomprehensibilis
2984 1684 3127 1734 enim
3164 1693 3265 1744 est,
3291 1694 3344 1736 et
3385 1698 3494 1736 sum

1910 1785 2010 1838 per
2051 1770 2229 1822 omnia
2275 1785 2394 1838 quae
2421 1769 2712 1834 exsistunt,
2745 1773 2816 1824 ita
2865 1782 2922 1824 ut
2970 1788 3034 1826 ex
3077 1773 3158 1826 his
3209 1788 3278 1826 uu
3322 1788 3478 1842 quam

1909 1862 2088 1931 colligi
2123 1864 2328 1931 possit:
2366 1878 2487 1916 nam
2520 1865 2750 1917 humana
2778 1865 3043 1933 sapientia
3072 1881 3138 1918 ex
3167 1867 3328 1918 rebus
3358 1881 3486 1919 sen-

1906 1951 2150 2008 sibilihus
2179 1955 2665 2009 demonstrationes
2694 1959 3018 2009 emendicat.
3049 1956 3205 2022 Quod
3234 1957 3279 2011 si
3311 1957 3477 2012 etiam

1907 2049 2110 2102 dixeris
2141 2050 2313 2116 ipsam
2344 2049 2710 2100 immediatam
2740 2063 2859 2103 esse
2891 2051 3314 2117 prepositionem
3361 2064 3483 2117 qua;

1907 2153 2005 2207 per
2053 2153 2114 2192 se
2158 2135 2443 2192 credibilis
2485 2138 2592 2203 sit,
2641 2145 2698 2191 et
2740 2150 2808 2193 ex
2853 2140 3172 2206 partialibus
3232 2141 3484 2193 sensibus

1909 2231 2074 2282 menti
2107 2228 2425 2297 applicetur,
2457 2228 2727 2298 quomodo
2772 2228 2838 2284 de
2870 2230 2934 2281 iis
2961 2244 3082 2298 qua:
3126 2245 3341 2284 onmem
3385 2245 3480 2284 so-

1907 2329 2094 2389 perant
2150 2321 2444 2374 essentiam
2503 2319 2814 2373 ratiocinari
2859 2320 2978 2388 quis
3003 2323 3214 2387 poterit,
3249 2321 3345 2373 nisi
3377 2320 3484 2373 sal—

1909 2419 2016 2462 tem
2052 2423 2266 2462 summo
2307 2409 2506 2462 utentis
2548 2408 2732 2477 vigore
2782 2425 2877 2476 per
2921 2425 3112 2478 puram
3164 2409 3479 2478 religionem

1908 2501 2066 2552 modo
2123 2499 2486 2566 inexplicabili
2543 2501 2628 2553 illa
2679 2501 2858 2552 valeat
2901 2503 3114 2568 assequi
3162 2498 3482 2570 cogitando?

1909 2591 2021 2644 Non
2048 2591 2128 2644 sic
2160 2591 2343 2658 itaque
2372 2591 2652 2643 veritatem
2690 2591 2742 2644 in
2775 2593 3021 2645 humanae
3052 2593 3332 2658 sapientia)
3356 2606 3483 2659 per-

1908 2680 2268 2736 Suasibilitate
2297 2681 2710 2750 investigamus.
2749 2683 2842 2736 sed
2875 2684 2926 2734 in
2965 2682 3274 2737 OSIensione
3303 2691 3480 2734 Virtu-

1910 2777 1978 2828 tis
2020 2774 2411 2840 theologorum,
2443 2789 2546 2842 qua
2578 2773 2741 2828 rebus
2784 2773 3144 2828 inell'abilibus
3187 2784 3240 2829 et
3283 2775 3482 2844 ignou'e

1909 2865 2135 2936 spiritali
2168 2866 2327 2918 modo
2369 2868 2775 2935 coujttngimnr,
2803 2866 2904 2920 hoc
2931 2868 3076 2920 enim
3115 2875 3197 2920 est
3234 2862 3488 2930 ineffabili

1906 2968 1960 3010 et
1999 2953 2195 3020 ignoto.
2233 2955 2367 3009 Nam
2403 2958 2444 3008 si
2482 2960 2605 3024 quis
2637 2958 2834 3026 aliquid
2862 2958 3102 3027 proferat
3132 2960 3394 3022 docendo,
3427 2969 3485 3012 et

1908 3047 2162 3100 discendo
2190 3059 2499 3115 cognoscat,
2535 3064 2869 3118 nequaquam
2901 3051 2952 3102 id
2980 3064 3102 3102 cum
3135 3050 3200 3102 iis
3245 3063 3365 3117 quae
3413 3051 3482 3102 de

1911 3139 2018 3191 Deo
2053 3148 2182 3190 sunt
2227 3137 2540 3190 nationibus
2585 3141 2890 3198 conveniet,
2927 3140 3028 3193 nisi
3072 3141 3344 3205 spiritales
3385 3157 3481 3194 uo-

219 3228 345 3281 καθ’
394 3232 536 3298 ἡμᾶς
577 3229 798 3298 λογικῆς
852 3231 945 3281 καὶ
987 3231 1177 3300 νοερᾶς
1225 3231 1525 3302 δυνάμεως,
1575 3233 1694 3286 καθ’
1737 3235 1802 3303 ἢν

1908 3239 2033 3282 strre
2066 3229 2359 3284 facultates
2383 3232 2707 3284 roborentur
2737 3231 2930 3283 divinis
2967 3233 3269 3284 rationihus
3293 3248 3321 3283 a
3355 3233 3478 3299 Spi-

221 3321 499 3390 δυνάμεθα
531 3324 703 3373 εἰπεῖν
723 3338 775 3372 τι
807 3322 900 3373 καὶ
923 3321 1132 3389 νοῆσαι,
1163 3323 1251 3376 καὶ
1271 3324 1567 3394 ἐνεργείας,
1594 3323 1712 3376 καθ’
1735 3326 1800 3394 ἣν

219 3411 452 3481 λέγομεν
481 3411 775 3481 ἢνοοῦμεν.
808 3411 977 3463 Τοῦτο
997 3411 1054 3463 δέ
1098 3415 1232 3476 ἐστι,
1264 3414 1345 3466 ὅτι
1383 3414 1462 3484 τῷ
1487 3415 1654 3485 ὁμοίῳ
1684 3415 1798 3468 ἐστὶ

219 3507 412 3575 νοῆσαι
453 3512 513 3557 τὸ
552 3507 750 3575 ὅμοιον.
794 3505 874 3558 Τά
915 3504 1044 3573 γοῦν
1086 3503 1203 3557 καθ’
1258 3507 1395 3576 ἡμᾶς
1443 3506 1529 3562 διὰ
1576 3509 1798 3578 λογικῆς

222 3598 446 3669 μεθόδου
496 3599 583 3652 καὶ
627 3601 936 3669 ἐπιστήμης
981 3599 1337 3668 γινώσκομεν,
1390 3599 1656 3667 λέγοντες,
1709 3601 1800 3653 καί¹

215 3691 310 3745 διὰ
340 3693 530 3760 νοερᾶς
555 3689 832 3760 δυνάμεως
858 3691 948 3742 καὶ
982 3691 1277 3762 ἐνεργείας,
1315 3691 1455 3743 κατὰ
1501 3691 1598 3761 τὴν
1631 3709 1798 3762 προσ-

219 3785 461 3853 ήκουσαν
510 3783 791 3850 ἀναλογίαν
826 3783 925 3852 τῆς
962 3783 1404 3852 γιγνωσκομένης
1441 3783 1665 3854 νοοῦμεν
1709 3786 1801 3838 καὶ

217 3869 334 3927 υτον
363 3875 570 3936 τούτοις
601 3871 976 3942 συναπτόμεθα
1018 3874 1110 3925 καὶ
1152 3872 1433 3941 ὲνούμεθα.
1463 3874 1546 3936 Ὠς
1576 3874 1684 3943 γάρ
1710 3873 1801 3925 ἐπὶ

216 3965 321 4034 τῆς
347 3963 647 4034 αἰσθήσεως
702 3963 834 4032 ἔχει,
873 3963 954 4015 ὅτι
1003 3959 1122 4015 τότε
1166 3962 1547 4033 αἰσθανόμεθα,
1591 3965 1679 4017 ὅτε
1724 3965 1801 4034 τῷ

217 4055 465 4124 αἰσθητῷ
491 4055 700 4106 ἑνοῦται
735 4055 768 4124 ἡ
798 4053 1078 4123 αἴσθησις·
1109 4051 1253 4105 οὕτω
1281 4059 1374 4106 καὶ
1415 4055 1506 4106 ἐπὶ
1549 4049 1644 4124 τῆς
1679 4057 1802 4124 νοή-

221 4161 360 4206 σεως
392 4146 502 4214 ἔχει
521 4161 533 4173 °
568 4146 661 4215 καὶ
687 4144 794 4214 γὰρ
812 4143 890 4213 τῷ
909 4143 1081 4212 νοητῷ
1107 4141 1316 4194 ἑνοῦται
1349 4143 1376 4193 6
1399 4141 1539 4204 νοῦς,
1569 4143 1654 4194 ὅτε
1681 4143 1801 4194 τού-

217 4253 314 4288 του
351 4235 820 4305 ἀντιλαμέάνεται.
855 4235 960 4288 Καί
987 4235 1156 4294 ταῦτα
1196 4235 1292 4304 μὲν
1323 4237 1416 4286 ἐπὶ
1443 4234 1551 4286 τῶν
1589 4234 1762 4287 ἄλλων
1783 4251 1794 4264 ·

216 4330 313 4380 ἐπὶ
366 4328 423 4380 δέ
467 4345 529 4396 γε
569 4327 662 4380 τοῦ
701 4327 863 4391 θείου,
887 4327 1180 4396 ἐπειδήπερ
1209 4328 1306 4378 οὐκ
1347 4327 1541 4396 ἔχομέν
1581 4344 1631 4377 τι
1664 4326 1798 4378 Θεοῦ

216 4418 542 4487 οἰκειότερον
570 4415 727 4484 λόγου
775 4417 868 4469 καὶ
897 4416 1010 4479 νοῦ,
1046 4417 1204 4469 πάλιν
1247 4418 1449 4468 τούτων
1475 4416 1541 4468 τά
1570 4414 1801 4486 κρείττω

219 4510 312 4560 καὶ
343 4503 451 4559 οῗον
493 4507 650 4576 ἄνθη,
693 4507 782 4559 καὶ
814 4507 983 4559 ταῦτα
1025 4507 1405 4577 κεκαθαρμένα
1445 4505 1802 4576 παραλαμϐά-

217 4615 417 4658 νονται,
457 4599 530 4662 ὡς
561 4599 626 4651 ἂν
646 4593 673 4647 ὁ
699 4598 819 4660 νοῦς
845 4599 939 4668 μὲν
973 4597 1150 4660 ποσῶς
1176 4599 1304 4668 γνῷ,
1328 4600 1356 4649 6
1383 4597 1436 4649 δὲ
1462 4597 1615 4664 λόγος
1644 4597 1802 4664 ἑξαγ-

218 4689 376 4761 γιίλῃ
400 4690 465 4742 τά
501 4689 639 4760 ὑπὲρ
661 4691 829 4758 ἡμᾶς.

1915 3321 2016 3370 ritu
2050 3329 2236 3371 sancto
2280 3321 2459 3382 motis,
2485 3321 2675 3387 quibus
2701 3323 2765 3370 ad
2797 3321 2952 3372 talem
2986 3321 3312 3376 ineffabilem
3347 3339 3482 3377 con-

1898 3410 2228 3476 junctioucm
2271 3411 2646 3478 disponantur,
2692 3414 2987 3462 St't'tllllllllll
3045 3414 3480 3468 t‘XCCilt‘llllOl’Clll

1903 3503 2188 3554 rationalis
2233 3513 2286 3555 et
2341 3504 2717 3556 intellectualis
2770 3513 2966 3556 uestra:
3020 3505 3278 3568 virtutis,
3327 3508 3478 3573 juxta

1903 3606 2061 3660 quam
2117 3594 2318 3660 aliquid
2372 3595 2523 3645 ell'arl
2558 3605 2610 3646 et
2645 3597 2932 3662 concipere
2981 3595 3276 3660 valeamus,
3321 3609 3482 3666 atque

1903 3684 2239 3751 operaliOuis
2257 3687 2532 3748 unionem,
2549 3678 2845 3738 secundum
2873 3701 3032 3754 quam
3053 3688 3284 3742 dicimus
3303 3689 3385 3742 vel
3408 3692 3484 3743 iu-

1907 3775 2218 3844 telligimus.
2246 3775 2355 3829 lloc
2376 3785 2553 3828 autem
2587 3786 2689 3840 est,
2715 3778 2858 3846 quod
2886 3779 3078 3833 similis
3107 3781 3194 3843 sit,
3221 3797 3378 3836 nosse
3402 3785 3480 3833 si-

1905 3867 2050 3919 mile.
2073 3865 2340 3918 Nostratia
2367 3868 2550 3934 itaque
2586 3866 2832 3919 rationali
2854 3869 3105 3921 methodo
3125 3879 3282 3937 atque
3303 3871 3479 3923 scien-

1910 3959 1979 4010 tia
2017 3957 2310 4019 noscimus,
2343 3957 2602 4018 dicentes,
2648 3971 2743 4010 nos
2777 3956 3101 4023 intelligendi
3135 3963 3186 4012 vi
3211 3969 3260 4013 et
3283 3975 3476 4027 opera-

1912 4050 2079 4111 tione,
2120 4050 2415 4101 secuudum
2452 4053 2863 4103 convenientem
2895 4053 3008 4118 ejus
3033 4051 3171 4117 quod
3202 4052 3480 4120 cognosri-

1906 4149 1990 4190 tur
2018 4141 2423 4207 proportionem
2455 4139 2776 4207 intelligere,
2804 4150 2856 4193 et
2883 4143 3279 4208 quodaminodo
3310 4144 3472 4198 rebus

1905 4229 2035 4297 ipsis
2066 4229 2314 4297 ceujungi
2346 4240 2400 4280 et
2427 4230 2589 4281 uniri.
2624 4228 2790 4297 299
2819 4228 3282 4293 Quemadmodum
3328 4247 3472 4284 enim

1905 4321 1956 4372 in
1991 4332 2147 4372 sensu
2186 4319 2458 4382 usuvenit,
2493 4328 2549 4370 ut
2575 4330 2699 4370 tunc
2725 4320 3042 4380 sentiamus,
3067 4322 3279 4387 quando
3307 4324 3480 4374 sensi-

1904 4409 1994 4462 bili
2024 4424 2224 4462 sensus
2253 4408 2617 4475 conjnngitur,
2647 4411 2723 4462 sic
2750 4413 2910 4462 etiam
2938 4413 2988 4462 in
3021 4412 3388 4467 intellectione
3417 4428 3478 4466 se

1905 4517 1992 4554 res
2025 4503 2226 4564 habet;
2272 4517 2394 4552 nam
2444 4503 2606 4553 etiam
2642 4502 2957 4568 iutelligibili
3011 4504 3314 4556 intellectus
3355 4505 3472 4557 titti-

1907 4603 2018 4656 tur,
2077 4592 2290 4660 quando
2343 4592 2470 4643 illud
2527 4593 2895 4660 apprehendit.
2955 4594 3021 4647 Et
3085 4595 3195 4647 haec
3257 4597 3468 4662 quidem

1828 4668 1872 4724 ι)
1899 4685 2075 4754 quoad
2110 4684 2246 4737 alia:
2276 4683 2450 4751 quoad
2485 4684 2647 4736 Deum
2681 4699 2829 4750 vero,
2861 4700 2980 4737 cum
3010 4685 3142 4739 nihil
3177 4686 3471 4742 habeamus

221 4784 332 4838 Deo
357 4785 529 4848 magis
551 4781 705 4834 aliine
727 4781 886 4848 quam
911 4790 1142 4833 mentem
1170 4795 1230 4833 ac
1257 4783 1544 4840 rationem,
1574 4793 1784 4830 rur~um
1814 4790 1874 4828 ea
1901 4791 2016 4842 quae
2036 4775 2225 4828 harum
2256 4775 2534 4841 potissima
2561 4784 2688 4828 sunt
2712 4785 2765 4828 et
2787 4777 2939 4844 quasi
2964 4775 3142 4838 ﬂores,
3172 4779 3280 4830 hate
3306 4780 3471 4829 etiam

219 4885 448 4944 purgata
479 4873 840 4939 accipiuntur,
864 4872 934 4923 ita
957 4881 1012 4922 ut
1032 4880 1084 4922 et
1110 4886 1260 4922 mens
1278 4872 1490 4938 quidem
1518 4866 1918 4936 quodammodo
1937 4869 2230 4933 cognoscat
2256 4904 2271 4924 ,
2293 4867 2428 4917 ratio
2449 4879 2577 4917 vero
2598 4866 2840 4918 enuntiet
2863 4880 2983 4932 qum
3008 4880 3166 4933 ειιριιι
3201 4881 3299 4918 nos
3323 4877 3467 4920 stitit.

292 4965 534 5018 Καθόλου
569 4963 855 5033 τοιγαροῦν
883 4963 944 5014 οῦ
977 4961 1268 5030 τολμητέον
1298 4961 1418 5018 οὔτε
1450 4963 1643 5021 εἰπεῖν,
1669 4952 1793 5010 οὔτε

221 5056 328 5129 μὴν
361 5049 608 5124 ἐννοῆσαί
641 5061 693 5105 τι
719 5054 845 5121 περὶ
871 5053 967 5123 τῆς
995 5053 1134 5122 ὑπὲρ
1164 5053 1341 5104 πᾶσαν
1389 5051 1573 5103 οὐσίαν
1603 5049 1793 5118 αἰσθη-

214 5149 318 5218 τήν
345 5163 404 5201 τε
436 5149 527 5198 καὶ
560 5143 749 5215 νοεράν
789 5143 972 5213 οὔσης,
1007 5142 1098 5196 καὶ
1131 5143 1364 5214 κρυφίας
1392 5146 1456 5214 τῇ
1483 5143 1639 5210 φύσει
1668 5139 1797 5192 Θεό-

213 5257 400 5312 τητος,
436 5239 586 5309 παρὰ
611 5239 679 5290 τὰ
702 5235 1036 5306 ἐνδειχθέντα
1076 5238 1206 5307 ἡμῖν
1247 5239 1310 5288 ὲκ
1352 5237 1461 5287 τῶν
1495 5234 1653 5304 ἱερῶν
1696 5233 1788 5286 καὶ

214 5333 378 5384 θείων
420 5329 631 5398 λογίων,
665 5326 701 5380 ἀ
730 5328 793 5398 δὴ
827 5328 919 5380 καὶ
961 5328 1141 5391 ποσῶς
1168 5329 1194 5380 6
1221 5328 1484 5398 ἡμέτερος
1531 5325 1651 5386 νοῦς
1702 5326 1798 5376 καὶ

211 5421 373 5489 λόγος
421 5419 786 5491 ὲνασμενίζει·
841 5421 939 5490 τὴν
984 5418 1091 5489 γὰρ
1132 5419 1447 5489 ὑπεροῦσιον
1485 5418 1790 5486 ἐπιστήμην

210 5515 316 5584 τῆς
341 5513 613 5580 ἀγνωσίας
652 5512 749 5582 τῆς
778 5509 918 5579 ὑπὲρ
943 5510 1116 5577 λόγον,
1151 5512 1243 5562 καὶ
1284 5510 1428 5570 νοῦν,
1466 5511 1558 5561 καὶ
1602 5510 1790 5560 οὐσίαν

214 5604 688 5675 ὑπερουσιότητος,
732 5603 867 5671 αὐτῇ
917 5602 1050 5672 μόνῃ
1091 5601 1392 5654 ἀναθετέον.
1429 5602 1566 5670 Ὅρα
1608 5600 1662 5652 δὲ
1699 5601 1793 5652 καὶ

211 5699 526 5766 ἑπιστήμην
567 5694 857 5761 ἀγνωσίας,
890 5693 947 5744 οὐ
983 5694 1140 5762 μόνον
1187 5690 1468 5758 γνώσεως’
1508 5691 1580 5761 μὴ
1635 5691 1789 5760 μόνον

213 5789 324 5859 γάρ
353 5788 410 5839 τὸ
441 5788 490 5836 τί
520 5789 632 5838 ἐστι
676 5784 805 5846 θεὸς
844 5784 1218 5852 ἐπιστημόνως
1257 5783 1352 5833 οὐκ
1391 5782 1578 5850 ἕχομῑν
1619 5779 1792 5849 (scito

1976 4956 2118 5010 Nihil
2153 4959 2318 5022 igitur
2346 4956 2572 5010 omnino
2598 4958 3024 5023 pricsumeudum
3068 4957 3247 5010 dicere
3276 4958 3354 5011 vel
3382 4973 3474 5012 co-

1905 5050 2078 5118 gitare
2121 5051 2187 5103 de
2236 5065 2297 5102 ea
2349 5064 2467 5116 qua:
2510 5063 2673 5117 supra
2733 5063 2946 5102 omnem
2991 5050 3309 5109 essentiam.
3362 5061 3468 5104 tam

1906 5141 2162 5195 sensilem
2206 5151 2370 5209 quam
2419 5141 2835 5194 intellectualem
2863 5180 2876 5201 ,
2918 5141 3082 5194 etiam
3133 5153 3324 5195 natura
3374 5159 3469 5196 sua

1905 5234 2090 5287 abdita
2129 5243 2234 5296 est,
2265 5233 2495 5294 Deitate,
2527 5245 2718 5297 pr:eter
2760 5233 2845 5283 illa
2879 5247 2996 5300 qu.»
3031 5249 3096 5285 ex
3123 5236 3295 5286 sacris
3334 5234 3472 5289 divi-

1905 5325 2094 5392 nisque
2119 5324 2354 5376 oraculis
2380 5333 2502 5376 sunt
2532 5322 2900 5385 manifestata,
2925 5323 3122 5390 quibus
3145 5325 3307 5376 etiam
3332 5339 3471 5392 quo-

1895 5415 2182 5467 dammodo
2210 5429 2362 5469 mens
2388 5424 2570 5466 ttostra
2619 5416 2862 5481 ratioque
2888 5415 3216 5475 delectatur;
3264 5429 3387 5467 nam
3414 5424 3470 5468 et

1894 5520 2199 5559 sermOuem
2217 5514 2270 5559 et
2301 5505 2630 5558 intellectum
2655 5514 2708 5557 et
2731 5509 3023 5558 essentiam
3046 5505 3260 5560 excedit
3285 5521 3469 5572 super

1893 5597 2305 5658 essentialitatls
2331 5596 2447 5660 ejus
2477 5597 2763 5662 ignoratio,
2793 5598 2878 5652 cui
2904 5597 3000 5650 soli
3032 5599 3470 5664 superessentia-

1897 5689 1962 5741 lis
2024 5687 2251 5741 scientia
2317 5686 2601 5738 tribuenda
2655 5696 2759 5740 εει.
2825 5687 3062 5742 Observa
3122 5700 3248 5739 vero
3303 5687 3467 5739 etiam

1897 5779 2175 5832 scientiam
2199 5776 2574 5845 ignorationis,
2598 5786 2649 5831 ct
2696 5793 2799 5832 non
2847 5789 3055 5831 tantum
3090 5777 3418 5843 ceguitiouis
3450 5793 3458 5830 :
