4178 6312
754 361 855 417 ιιι

1922 362 1981 421 S.
2017 363 2319 421 DlONYSli
2354 361 2819 425 AREOPAGITIE

3896 367 3995 424 θη

737 487 844 529 non
870 470 1045 529 solum
1078 472 1225 529 enim
1262 487 1369 529 non
1404 473 1650 545 capimus
1688 474 1830 531 scite
1862 478 1993 546 quid
2040 481 2179 534 Deus
2237 480 2309 534 sit

2412 482 2521 552 γάρ
2564 482 2711 537 ἐστιν
2750 477 3053 551 ἀδύνατον),
3084 479 3238 535 κάλλά
3290 482 3386 534 καὶ
3438 478 3501 533 τδ
3553 480 3605 533 τί
3658 480 3761 534 οὐκ
3816 479 3991 535 ἔστιν·

735 569 882 634 (nam
910 566 1013 620 hoc
1036 574 1121 621 est
1148 566 1532 637 impossibiie),
1558 575 1651 621 sed
1698 569 1863 622 etiam
1889 570 2021 637 quid
2055 585 2159 624 non
2196 571 2303 636 sit;

733 656 935 713 scimus
962 668 1138 713 tamen
1164 656 1327 713 Deum
1354 673 1459 713 non
1483 674 1603 713 esse
1620 659 1821 727 aliquid
1840 675 2021 715 rerum
2042 663 2312 717 essisten-

734 748 888 802 tium.
912 748 1194 814 Quomodo
1225 760 1405 804 autem
1434 759 1487 805 et
1511 764 1616 818 qua
1642 750 1711 804 de
1730 765 1896 806 causa
1924 767 2027 806 non
2059 754 2309 807 novimus

734 841 789 895 id
854 842 999 910 quod
1055 852 1261 895 exactae
1316 843 1558 897 scientia:
1617 853 1701 897 est
1759 841 1811 896 in
1870 844 2028 899 rebus
2072 844 2307 899 nostris?

734 934 957 1002 Quando
976 934 1104 1003 quid
1127 943 1207 988 est
1233 935 1367 989 scite
1392 935 1663 999 novimus,
1696 946 1822 990 tunc
1847 936 2013 991 etiam
2042 936 2169 1004 quid
2195 950 2307 989 non

734 1037 821 1082 est
856 1028 991 1081 scite
1017 1027 1285 1082 novimus.
1312 1028 1365 1081 Si
1389 1030 1531 1083 enim
1560 1041 1777 1083 causam
1801 1028 2005 1083 scimus
2028 1043 2129 1082 cur
2149 1029 2311 1083 homo

735 1122 810 1174 sit
858 1120 1179 1183 rationalis,
1220 1120 1361 1188 quod
1414 1122 1675 1175 nimirum
1718 1121 1921 1175 ratione
1971 1122 2157 1187 utitur,
2185 1134 2308 1173 cum

734 1214 836 1267 hoc
892 1212 961 1267 sit
988 1212 1223 1265 medium
1255 1219 1309 1267 et
1333 1228 1518 1277 causa,
1546 1228 1644 1283 per
1689 1212 1819 1267 illud
1865 1214 2039 1281 ipsum
2071 1213 2308 1266 medium

734 1306 981 1359 novimus
1002 1304 1163 1357 etiam
1186 1319 1407 1359 causam
1433 1319 1532 1358 cur
1559 1305 1722 1358 homo
1750 1320 1856 1358 non
1899 1304 1971 1359 sit
2023 1302 2313 1356 irrationa-

734 1397 819 1453 lis.
851 1396 1117 1463 Quoniam
1145 1411 1273 1451 vero
1308 1397 1374 1451 de
1427 1396 1539 1451 Deo
1576 1397 1705 1465 quid
1749 1397 1821 1449 sit
1863 1395 1980 1451 dari
2028 1396 2178 1449 notio
2204 1409 2312 1449 non

730 1498 930 1558 potest,
956 1487 1075 1557 ejus
1118 1489 1286 1542 etiam
1310 1487 1440 1557 quid
1463 1502 1567 1543 non
1598 1487 1691 1551 sit,
1715 1489 2066 1558 lgnorationis
2083 1486 2313 1542 scientia

730 1582 1161 1651 supernaturalis
1202 1581 1313 1636 Deo
1354 1593 1574 1649 quoque
1622 1581 1908 1635 tribuenda
1936 1588 2037 1637 est.
2074 1578 2307 1634 Tantum

731 1687 863 1742 ergo
906 1673 974 1727 sd
1013 1673 1296 1742 superiora
1345 1671 1731 1739 suspiciamus,
1755 1680 2019 1740 quantum
2063 1688 2124 1727 se
2157 1672 2315 1727 nobis

732 1763 1096 1818 insinuaverit
1139 1778 1423 1818 sacrorum
1452 1763 1545 1819 ille
1584 1763 1769 1818 radius
1813 1764 2157 1819 oraculorum
2182 1766 2311 1832 (non

2405 574 2520 625 ἀλλ’
2550 573 2770 643 οἴδαμεν
2814 574 2896 625 ὃτι
2941 572 2997 623 τὶ
3032 571 3142 627 τῶν
3193 573 3362 625 ὅντων
3398 574 3500 626 οὐκ
3537 571 3650 624 ἔστι
3676 573 3829 635 Θεός.
3878 572 3997 638 Πῶς

2406 665 2487 727 δὲ,
2532 666 2627 717 καὶ
2669 664 2737 716 δι’
2778 664 2846 734 ἣν
2892 664 3071 718 αἰτίαν
3100 664 3203 717 οὐκ
3240 664 3495 733 οἴδαμεν,
3542 664 3677 732 ὅπερ
3704 665 3804 734 τῆς
3842 665 3998 733 ἀκρι-

2408 756 2535 821 ϐοῦς
2569 759 2717 811 ἐστιν
2768 758 3077 829 ἐπιστήμης
3118 757 3214 811 ἐπὶ
3265 756 3375 809 τῶν
3411 756 3533 808 καθ’
3562 756 3747 825 insae;
3785 759 3914 809 Ὅτε
3942 755 3999 809 τὸ

2406 850 2460 902 τί
2486 852 2600 903 ἐστι
2655 847 2777 902 τόδε
2831 850 3053 920 οἴδαμεν
3101 848 3501 920 ἐπιστημόνως,
3544 847 3663 900 τότε
3709 849 3804 900 καὶ
3848 848 3910 901 τὸ
3948 848 3998 900 τί

2408 942 2508 995 οὐκ
2551 942 2695 995 ἐστιν
2742 944 3120 1013 ἐπιστημόνως
3148 942 3385 1011 οἴδαμεν.
3409 941 3471 992 El
3500 939 3610 1010 γὰρ
3642 940 3863 1011 οἴδαμεν
3905 940 3998 1011 τὴν

2410 1032 2587 1089 αἰτίαν
2643 1034 2737 1087 τοῦ
2793 1031 2931 1087 εἶναι
2951 1034 3041 1087 τὸν
3080 1033 3365 1105 ἄνθρωπον
3432 1032 3670 1099 λογικὸν,
3726 1032 3807 1084 ὅτι
3862 1031 4000 1101 λόγῳ

2410 1127 2607 1197 χρῆται
2633 1125 2812 1195 (τοῦτο
2839 1126 2947 1196 γάρ
2976 1127 3092 1178 ἐστι
3116 1124 3178 1177 τὸ
3208 1124 3377 1178 αἴτιον
3415 1123 3509 1176 καὶ
3533 1123 3594 1174 τὸ
3626 1120 3833 1192 μέσον),
3859 1122 4000 1174 οῖδα-

2415 1235 2513 1289 μεν
2536 1217 2633 1287 τὴν
2662 1218 2856 1280 αἰτίαν,
2885 1217 2979 1269 καὶ
3021 1215 3113 1268 τοῦ
3151 1217 3224 1286 μὴ
3253 1208 3387 1267 εἶναι
3425 1214 3514 1266 τὸν
3559 1214 3844 1284 ἄνθρωπον
3882 1212 4000 1265 ἀλο-

2410 1327 2507 1378 γον
2536 1310 2603 1364 δι’
2631 1308 2795 1362 αὑτοῦ
2824 1309 3013 1361 τούτου
3058 1306 3153 1360 τοῦ
3201 1307 3386 1377 μέσου.
3443 1307 3594 1359 Ἐπεὶ
3622 1306 3678 1358 δὲ
3724 1306 3819 1358 τοῦ
3864 1304 3997 1357 Θεοῦ

2413 1402 2507 1455 καὶ
2543 1402 2579 1473 ἠ
2616 1399 2817 1468 γνῶσις
2856 1399 2949 1454 τοῦ
2986 1398 3039 1451 τί
3079 1400 3225 1452 ἐστιν
3274 1397 3681 1460 ἀναπόδεικτος,
3723 1400 3819 1449 καὶ
3848 1401 3881 1468 η
3904 1398 4001 1465 τῆς

2412 1491 2506 1545 τοῦ
2531 1492 2585 1545 τι
2617 1493 2718 1544 οὐκ
2761 1491 2905 1545 ἔστιν
2950 1489 3289 1559 ἀναγνωσίας
3339 1490 3618 1560 ἐπιστήμη
3656 1488 3998 1559 ὑπερούσιος,

2414 1584 2481 1654 ἢν
2508 1582 2569 1653 δὴ
2609 1582 2701 1636 καὶ
2738 1582 3026 1635 ἀναθετέον
3051 1580 3188 1651 Θεῷ.
3226 1579 3495 1633 Τοσοῦτον
3540 1581 3636 1633 ἐπὶ
3678 1580 3739 1632 τὸ
3776 1580 4001 1642 ἄναντες

2416 1674 2792 1736 ἀνανεύοντας,
2828 1675 3001 1745 ὅσονή
3032 1673 3140 1726 τῶν
3175 1671 3337 1743 ἱερῶν
3377 1672 3572 1740 λογίων
3600 1671 3755 1733 ἀκτὶς
3787 1669 3999 1722 ἐνδίδω-

2418 1780 2499 1816 σιν
2525 1763 2723 1834 ἑαυτὴν
2751 1763 2887 1833 πρὸς
2910 1765 3054 1834 ἡμᾶς
3086 1762 3229 1833 (οὐδὲ
3253 1761 3361 1833 γὰρ
3390 1763 3512 1815 ὅσον
3541 1762 3643 1825 ενι,
3675 1762 3737 1814 τὸ
3758 1761 3912 1813 Θεῖον
3938 1761 4002 1812 ἐκ

739 1856 883 1909 enim
913 1865 1174 1925 quantum
1204 1866 1405 1926 petest,
1437 1856 1531 1911 sed
1562 1865 1821 1925 quantum
1847 1856 1979 1910 satis
2010 1864 2113 1915 est.
2141 1856 2310 1910 Deum

2415 1853 2525 1906 τῶν
2585 1852 2816 1925 Γραφῶν
2866 1852 3239 1923 μανθάνομεν,
3293 1851 3406 1904 ἀλλ’
3456 1852 3579 1904 ὅσον
3637 1851 3863 1920 χωρεῖ),
3912 1850 4003 1901 καὶ⁵

728 1960 796 2001 es
836 1944 1140 2015 Scripturis
1187 1948 1469 2011 discimus)
1536 1962 1647 2016 quo
1687 1946 2145 2001 eminentioribus
2188 1948 2308 2004 istis

732 2053 915 2092 rerum
949 2038 1255 2093 divinarum
1298 2037 1679 2109 splendoribus
1724 2039 2023 2093 sobrietate
2073 2041 2309 2107 quatiam

731 2143 794 2183 ac
817 2128 1125 2183 reverentia
1174 2143 1669 2195 contemperamur.
1715 2129 1926 2183 Etenim
1962 2130 2006 2184 si
2052 2130 2182 2198 quid
2224 2145 2319 2185 sa-

728 2220 1080 2291 pientissima:
1108 2221 1289 2291 magni
1320 2219 1472 2274 Pauli
1514 2221 1802 2291 theologia:
1833 2222 2165 2276 credendum
2204 2233 2308 2287 est,

728 2314 868 2381 (ipse
888 2314 1036 2367 enim
1073 2322 1157 2367 est
1201 2312 1293 2380 qui
1335 2312 1489 2375 dicit,
1524 2313 1822 2366 secundum
1861 2328 2169 2367 mensuram
2205 2314 2313 2366 vir-

731 2405 861 2461 tutis
892 2403 1153 2472 cujusque
1198 2419 1227 2456 a
1270 2402 1379 2456 Deo
1416 2404 1606 2457 donari
1658 2403 2077 2458 illustratinnem
2103 2406 2172 2472 δ)
2210 2406 2312 2459 hoc

728 2496 982 2561 dicimus,
1022 2495 1279 2563 quoniam
1314 2510 1414 2563 pro
1460 2495 1798 2565 singularum
1839 2505 1999 2563 captu
2047 2496 2309 2550 mentium

728 2589 843 2643 sive
873 2590 1261 2651 humanarum,
1280 2596 1339 2639 ut
1363 2601 1485 2655 qua:
1507 2587 1742 2654 primum
1769 2586 2183 2640 illustrationem
2216 2601 2311 2638 ac-

728 2680 938 2749 cipiant
958 2680 1075 2733 sive
1098 2678 1438 2747 angelorum,
1463 2694 1599 2747 quos
1624 2688 1835 2734 mentes
1860 2679 2134 2746 appellare
2150 2678 2310 2745 solet,

728 2780 783 2823 ut
808 2768 901 2839 qui
921 2768 1141 2823 omnino
1165 2768 1535 2823 essentisliter
1559 2782 1711 2821 meus
1735 2768 2026 2834 exsistant,
2049 2777 2104 2822 et
2127 2768 2311 2823 omnia

729 2861 1029 2933 lntelligant
1051 2860 1216 2931 300
1236 2860 1385 2914 unite
1409 2874 1529 2928 quas
1568 2874 1597 2913 a
1640 2860 1750 2915 Deo
1788 2861 1839 2913 in
1874 2857 2022 2928 ipsos
2054 2861 2312 2914 continue

729 2953 1066 3017 derivantur,
1092 2966 1188 3020 pro
1213 2950 1490 3020 cujusque,
1526 2952 1767 3019 inqupm,
1798 2960 1961 3020 captu
1996 2952 2177 3005 divina
2220 2967 2310 3004 re-

728 3043 1012 3105 velantur;
1042 3057 1149 3095 non
1179 3040 1324 3109 quod
1352 3041 1497 3095 Deus
1540 3041 1608 3095 iis
1647 3042 1825 3095 lumen
1852 3041 2024 3110 majus
2051 3041 2307 3104 invideat,

731 3134 823 3187 sed
855 3143 913 3186 ut
937 3132 987 3186 in
1016 3132 1402 3185 distributione
1453 3132 1646 3184 divinze
1676 3132 2009 3201 cognitionis
2047 3142 2102 3188 et
2143 3134 2311 3202 a-qni-

732 3235 895 3279 tatem
920 3235 1120 3279 servet.
1154 3222 1441 3291 Proprium
1476 3222 1750 3291 siquidem
1797 3222 2025 3291 iustitiae
2058 3234 2162 3285 est,
2187 3226 2306 3277 cui-

730 3332 833 3389 que
856 3332 954 3387 pro
977 3316 1174 3369 merito
1204 3329 1513 3369 mensuram
1541 3316 1799 3370 tribuere.
1830 3316 2014 3384 Itaque
2044 3316 2307 3373 immensa

732 3410 948 3479 quidem
985 3416 1068 3460 est
1109 3406 1201 3460 Dei
1242 3408 1505 3475 cognitio,
1534 3406 1629 3460 scd
1664 3408 1937 3461 mensuris
1980 3407 2137 3462 nobis
2174 3423 2308 3475 Opus

730 3509 833 3554 est.
882 3498 1014 3551 Nam
1061 3497 1105 3551 si
1160 3496 1368 3565 absque
1416 3512 1672 3551 mensura
1742 3498 1896 3552 nobis
1952 3499 2310 3567 revelaretur,

730 3591 952 3649 minime
984 3592 1187 3644 servari
1224 3604 1546 3657 possemus;
1580 3591 1724 3643 sicut
1756 3605 1931 3659 neque
1956 3591 2147 3646 oculus
2184 3608 2312 3647 cor-

729 3698 950 3755 poreus,
975 3683 1017 3737 si
1044 3692 1215 3737 totum
1248 3687 1421 3736 solem
1444 3680 1699 3752 excipiat.
1736 3684 1959 3736 Summa
1996 3683 2179 3753 itaque
2210 3684 2306 3737 Dei

731 3777 965 3838 bonitas,
1000 3775 1113 3829 sive
1150 3774 1377 3841 iustitiae
1422 3773 1699 3838 decorem,
1723 3775 1839 3829 sive
1874 3790 1976 3829 nos
2018 3775 2163 3843 ipsos
2193 3789 2311 3829 scr-

731 3883 860 3921 vare
888 3866 1097 3932 volens,
1126 3867 1204 3918 uti
1233 3864 1401 3919 Deum
1425 3867 1585 3919 decet
1610 3867 1759 3935 (nam
1794 3866 1900 3919 Deo
1920 3864 2173 3919 convenit
2203 3865 2314 3919 sal-

732 3972 878 4023 vere,
906 3966 960 4013 et
1002 3971 1107 4011 non
1143 3955 1409 4017 invidere)
1439 3970 1467 4009 a
1510 3956 1672 4009 rebus
1706 3958 2035 4011 mensuratis
2067 3966 2122 4009 et
2162 3970 2309 4011 com-

730 4052 1013 4121 prehensis
1054 4065 1207 4104 suam
1252 4049 1673 4103 immensitatem
1703 4088 1719 4114 ,
1774 4058 1957 4118 utpote
2000 4050 2307 4118 incompre-

732 4143 1050 4199 bensibilem
1076 4142 1349 4208 subducit,
1373 4143 1500 4195 dum
1527 4142 1724 4195 divinae
1746 4142 2073 4212 cognitionis
2099 4141 2309 4195 incom-

734 4238 1255 4309 prehensibilitatem
1289 4252 1387 4308 per
1429 4237 1846 4307 proportionem
1892 4238 2185 4305 quamdam
2213 4237 2308 4291 tri-

732 4332 865 4385 buit.
894 4329 1049 4384 Sicut
1074 4331 1219 4383 enim
1253 4327 1721 4399 imperceptibiies
1746 4337 1872 4381 sunt
1908 4338 1965 4381 et
2012 4327 2309 4383 invisibiles

735 4420 896 4474 rebus
934 4419 1209 4473 scnsitivis
1242 4418 1665 4481 intellectuales,
1693 4427 1750 4471 et
1789 4417 1934 4471 ﬁctis
1967 4418 2310 4487 compositis-

733 4525 836 4579 que
866 4510 1144 4579 simplices
1173 4521 1227 4563 et
1259 4511 1653 4578 incompositae,
1689 4518 1743 4564 et
1782 4524 1880 4579 per
1906 4509 2107 4579 ﬁguras
2141 4508 2307 4564 eﬂ'or-
2338 4537 2382 4591 υ

733 4605 897 4658 matis
921 4603 1243 4673 inﬁgurata,
1260 4605 1555 4657 secundum
1582 4604 1829 4657 eamdem
1858 4602 2119 4658 rationem
2145 4603 2305 4657 etiam

734 4710 823 4753 res
845 4695 1042 4749 divina:
1069 4692 1643 4764 incomprehensibiles
1662 4694 1947 4749 exsistunt.
1970 4694 2025 4749 Si
2048 4696 2191 4749 enim
2221 4712 2309 4751 res

735 4788 1012 4858 simplices
1055 4797 1111 4843 et
1161 4786 1487 4855 inﬂguratse,
1530 4786 1656 4841 licet
1701 4786 2014 4841 substantia:
2062 4790 2305 4856 quaedam

735 4881 863 4944 sint,
924 4880 1147 4934 minime
1198 4880 1300 4933 sub
1358 4892 1579 4933 sensum
1640 4879 1877 4941 cadunt,
1926 4888 1985 4931 ut
2044 4880 2215 4949 angeli
2253 4889 2310 4934 et

734 4974 1175 5039 animmquanto
1216 4970 1391 5040 magis
1423 4969 1564 5023 Deus
1603 4970 1992 5039 supereminet,
2032 4970 2155 5039 quia
2195 4987 2303 5025 non

735 5062 1061 5124 substantia.
1086 5062 1179 5115 sed
1203 5075 1361 5129 supra
1394 5060 1753 5114 substantiam
1790 5071 1847 5114 et
1878 5060 2124 5115 infinitus
2151 5066 2301 5117 exsi-

735 5156 862 5215 stit;
912 5166 1085 5222 neque
1128 5166 1280 5205 meus
1324 5159 1433 5215 est,
1467 5152 1559 5207 sed
1605 5166 1765 5219 supra
1812 5162 2045 5209 mentem
2083 5154 2302 5207 unitas?

738 5242 1011 5301 Unitatem
1043 5260 1173 5299 vero
1203 5244 1448 5303 audiens,
1484 5258 1549 5297 ne
1581 5244 1700 5312 quis
1730 5246 1931 5314 cogitet
1963 5245 2297 5299 diversorum

735 5338 1097 5409 quorumdam
1140 5336 1208 5391 ad
1259 5334 1555 5390 unitionem
1600 5351 1958 5401 concursum;
2002 5352 2106 5391 non
2157 5338 2299 5391 enim

737 5434 804 5483 de
858 5429 1055 5482 talibus
1092 5428 1257 5481 modo
1301 5442 1477 5481 sermo
1522 5436 1627 5493 est,
1671 5428 1767 5481 sed
1813 5428 1879 5482 de
1935 5428 2044 5482 Deo
2078 5442 2301 5496 prorsus

739 5520 1110 5589 incomposito.
1173 5529 1227 5573 et
1270 5533 1433 5588 supra
1461 5534 1547 5584 ea,
1597 5535 1720 5589 quae
1777 5522 1937 5576 unius
1986 5522 2299 5576 substantia:

738 5623 885 5680 sunt,
911 5614 1081 5666 sinito.
1118 5612 1253 5666 Nam
1284 5610 1413 5683 quid
1444 5626 1552 5668 uno
1583 5615 1752 5685 magis
1780 5614 2031 5686 simplex.
2054 5624 2109 5670 et
2138 5615 2297 5669 unius

810 5789 836 5829 δ-
865 5789 1057 5859 Epltcs.
1088 5802 1159 5851 tv,
1194 5786 1246 5847 7.

2414 1944 2865 2015 συστελλομένους
2900 1944 3037 2015 πρὸς
3074 1944 3173 2007 τάς
3214 1944 3527 2016 ὑπερτέρας
3559 1943 3733 2012 αὐγὰς
3768 1946 3836 2013 τῇ
3874 1942 4003 2013 περ)⁸

2411 2036 2479 2089 τὰ
2525 2036 2641 2089 θεῖα
2674 2035 2996 2108 σωφροσύνῃ
3026 2037 3120 2090 καὶ
3161 2036 3433 2107 εὐλαϐείᾳ,
3483 2038 3592 2090 Καὶ
3634 2038 3743 2107 γάρ
3776 2037 3878 2091 εῐτι
3923 2037 4003 2089 δεῖ

2411 2128 2477 2196 τῇ
2509 2125 2768 2195 πανσόφῳ
2798 2126 3040 2197 θεολογίᾳ
3066 2126 3158 2179 τοῦ
3194 2127 3429 2197 μεγάλου
3468 2127 3683 2182 Παύλου
3722 2127 4004 2181 πείθεσθαι

2415 2219 2594 2289 (αὐτὸς
2618 2219 2727 2289 γάρ
2765 2222 2909 2271 ἐστιν
2957 2222 2987 2272 ὁ
3029 2220 3223 2287 λέγων,
3261 2223 3340 2273 ὅτι
3380 2220 3523 2275 κατά
3563 2222 3624 2275 τὸ
3662 2222 3860 2293 μέτρον
3905 2223 4003 2294 τῆς

2412 2310 2690 2381 δυνάμεως
2710 2312 2941 2364 ἑκάστου
2961 2314 2992 2380 ἡ
3018 2311 3169 2382 παρὰ
3189 2312 3323 2365 Θεοῦ
3361 2316 3671 2385 χορηγεῖται
3693 2313 4002 2385 ἔλλαμψις),

2411 2403 2567 2455 τοῦτο
2591 2403 2839 2472 λέγομεν,
2862 2404 2942 2455 ὅτι
2970 2404 3109 2456 κατά
3140 2404 3429 2472 ἀναλογίαν
3454 2407 3687 2459 ἑκάστου
3704 2406 3815 2458 τῶν
3842 2407 4000 2469 νοῶν,

2412 2494 2581 2564 ἢτῶν
2623 2494 2997 2565 ἀνθρωπίνων,
3029 2497 3103 2559 ὼς
3144 2495 3377 2567 πρώτως
3422 2498 3726 2567 δεχομένων
3766 2500 3866 2569 τὴν
3912 2500 4001 2553 ιλ-

2414 2583 2638 2653 λαμψιν,
2675 2584 2707 2653 ἦ
2744 2583 2850 2635 τῶν
2891 2585 3157 2653 ἀγγέλων,
3201 2584 3292 2649 οὓς
3320 2586 3475 2640 εἴωθε
3519 2588 3647 2650 νόας
3693 2588 4001 2658 ὀνομάζειν,

2414 2676 2487 2737 ὼς
2514 2676 2575 2727 τὸ
2604 2678 2712 2728 πᾶν
2754 2675 2875 2739 νοῦς
2901 2678 3057 2740 ὄντας
3086 2678 3470 2747 ούσιωμένους,
3498 2681 3589 2731 καὶ
3618 2682 3795 2733 πάντα
3821 2681 4002 2735 νοοῦν-

2412 2784 2509 2831 τας
2542 2768 2754 2831 ἐνιαίως
2785 2768 2851 2820 τά
2880 2771 2943 2821 ἐκ
2972 2769 3105 2821 Θεοῦ
3133 2770 3325 2842 ῥέοντα
3355 2771 3638 2841 προσεχῶς
3666 2774 3745 2835 είς
3780 2774 3998 2838 αὐτοὺς,

2415 2859 2553 2912 κατὰ
2586 2858 2715 2928 γοῦν
2748 2860 2845 2929 τὴν
2869 2860 3157 2927 ἀναλογίαν
3200 2862 3429 2915 ἑκάστου
3458 2863 3895 2918 ἀνακαλύπτεται
3933 2866 4000 2918 τά

2413 2952 2562 3004 θεῖα·
2612 2952 2707 3021 ούχ
2742 2952 2822 3003 ὅτι
2862 2950 3045 3017 φθονεῖ
3091 2954 3118 3004 ὁ
3155 2951 3287 3015 Θεὸς
3325 2953 3420 3005 τοῦ
3453 2954 3718 3021 πλείονος,
3750 2956 3884 3010 ἀλλά
3914 2957 4001 3011 διὰ

2412 3043 2472 3095 τὸ
2506 3043 2684 3098 σῶσαι,
2701 3043 2799 3113 τὴν
2830 3045 2888 3095 ἐν
2932 3044 2997 3112 τῇ
3030 3044 3383 3113 ὲπιμετρήσει
3424 3046 3522 3113 τῆς
3558 3046 3887 3113 θεογνωσίας
3925 3042 4001 3100 δὶ-

2414 3134 2722 3205 καιοσύνην.
2751 3136 3104 3205 Δικαιοσύνης
3128 3137 3234 3207 γάρ
3267 3136 3411 3199 rem,
3445 3138 3506 3189 τὸ
3529 3140 3666 3190 κατὰ
3694 3137 3849 3201 ἀξίαν
3881 3143 4000 3191 ἐπι-

2415 3230 2634 3297 μετρεῖν
2674 3228 2906 3297 ὲκάστῳ.
2957 3228 3251 3297 Τοιγαροῦν
3301 3230 3607 3299 ἀμέτρητος
3660 3233 3758 3301 μὲν
3799 3233 3830 3300 ἡ
3874 3230 4001 3301 περὶ

2410 3319 2543 3373 Θεοῦ
2572 3317 2795 3387 γνῶσις·
2830 3321 2989 3389 ⁴ἡμεῖς
3019 3318 3073 3370 δὲ
3108 3321 3318 3390 μέτρων
3349 3319 3597 3389 δεόμεθα.
3632 3321 3694 3372 Εἰ
3734 3320 3843 3391 γάρ
3866 3322 4001 3391 ἀμέ-

2409 3428 2551 3481 τρως
2579 3413 2708 3480 ἡμῖν
2733 3409 3165 3473 ἀπεκαλύπτετο,
3198 3411 3297 3461 οὐκ
3325 3410 3389 3463 ἀν
3424 3410 3709 3481 ἐσώθημεν
3730 3427 3743 3440 ’
3778 3413 3854 3475 ὡς
3878 3414 3998 3466 οὐδὲ

2413 3503 2720 3572 σωματικὸς
2765 3500 3043 3571 ὀφθαλμὸς
3089 3501 3206 3554 ὅλον
3254 3501 3401 3572 ἥλιον
3440 3502 3745 3572 δεχόμενος.
3784 3504 3849 3557 Ἡ
3893 3504 4001 3556 τοί-

2410 3608 2504 3647 νυν
2533 3593 2796 3663 Θεαρχικὴ
2831 3592 3102 3662 ἀγαθότης
3146 3592 3317 3645 σῶσαι
3374 3592 3753 3664 βουλομένη,ῆ
3798 3595 3860 3647 τὸ
3903 3596 3998 3666 τῆς

2408 3683 2753 3751 δικαιοσύνης
2783 3684 2964 3746 καλὸν,
2996 3684 3027 3752 ἢ
3052 3683 3144 3735 καὶ
3175 3685 3322 3753 ἡμᾶς
3348 3684 3563 3748 αὐτοὺς,
3593 3685 3996 3739 ἀπώιαπὲλλει

2410 3776 2727 3847 θεοπρεπῶς
2757 3776 2985 3847 (πρέπον
3024 3775 3131 3844 γάρ
3166 3775 3227 3827 τὸ
3271 3775 3486 3841 σώζειν,
3530 3778 3624 3830 καὶ
3667 3779 3741 3848 μὴ
3786 3780 3996 3847 φθονεῖν

2408 3866 2568 3937 Θεῷ),
2604 3867 2712 3919 ἀπὸ
2730 3867 2836 3918 τῶν
2864 3869 2918 3920 ἐν
2948 3865 3129 3936 μέτρῳ
3168 3865 3258 3917 καὶ
3284 3865 3547 3936 χωρητῶν
3583 3866 3676 3937 τὴν
3732 3869 3996 3941 ἀμετρίαν

2409 3958 2595 4021 αὑτοῦ,
2628 3958 2703 4021 ὡς
2746 3956 3047 4028 ἀχώρητον,
3093 3956 3152 4023 ἐξ
3199 3957 3486 4024 ἀναλογίας
3527 3958 3588 4009 τὸ
3617 3959 3995 4029 ἀκατάληπτον

2408 4053 2505 4121 τῆς
2538 4052 2666 4120 περὶ
2693 4050 2826 4103 Θεοῦ
2850 4048 3100 4117 γνώσεως
3130 4050 3361 4103 ἐνταῦθα
3390 4052 3738 4122 παρίσταται.
3783 4054 3868 4116 Ὡς
3889 4053 3994 4124 γὰρ

2409 4144 2624 4213 ἀληπτα
2654 4144 2767 4204 τοῖς
2801 4140 3076 4212 αἰσθητοῖς
3107 4142 3175 4194 τά
3205 4142 3389 4210 νοητά,
3420 4143 3513 4195 καὶ
3546 4146 3656 4206 τοίς
3684 4145 3742 4195 ἐν
3780 4144 3992 4209 πλάσει,

2410 4237 2504 4289 καὶ
2539 4234 2802 4296 συνθέσει,
2834 4234 2927 4285 καὶ
2963 4233 3119 4302 τύπῳ
3151 4233 3217 4285 τά
3266 4233 3412 4286 ἁπλᾶ
3457 4235 3551 4286 καὶ
3594 4234 3873 4299 ἀτύπωτα,
3906 4236 3997 4289 καὶ

2408 4330 2519 4389 τοῖς
2545 4325 2685 4379 κατά
2713 4326 2811 4394 cur]
2823 4341 2966 4395 ματα
2992 4326 3462 4395 μεμορςςωμένοις,
3489 4324 3557 4376 τὰ
3579 4326 3960 4396 ὰσχτιηιιάάτισιεει
3977 4343 3990 4357 .

2410 4418 2551 4470 κατά
2581 4417 2671 4469 τὸν
2698 4418 2859 4468 αὑτὸν
2899 4415 3050 4483 λόγον
3076 4416 3169 4467 καὶ
3190 4415 3257 4467 τά
3288 4415 3407 4468 θεῖα
3438 4416 3799 4489 ἀκατάληπτά
3838 4421 3989 4473 εἰσιν.

2411 4506 2473 4557 Ei
2503 4504 2611 4572 γάρ
2642 4504 2764 4555 οὔτε
2814 4504 2882 4555 τὰ
2929 4503 3077 4555 ἀπλά
3119 4504 3212 4555 καί
3261 4505 3661 4574 ἀσχημάτιστα,
3693 4507 3798 4561 κᾶν
3822 4510 3992 4563 οὐσίαι

2409 4597 2551 4659 τινὲς
2578 4591 2699 4659 ὦσι,
2722 4599 2840 4659 ταῖς
2870 4596 3184 4666 αἰσθήσεσιν
3221 4597 3635 4663 ὑποπίπτουσιν,
3671 4600 3746 4663 ὡς
3773 4600 3987 4669 ἄγγελοι

2410 4690 2503 4742 καὶ
2548 4688 2735 4757 ψυχαὶ,
2783 4687 2933 4757 πόσῳ
2972 4687 3169 4757 μᾶλλον
3215 4689 3472 4760 ὑπερέχει
3514 4692 3544 4743 ὁ
3586 4690 3739 4755 Θεὸς,
3787 4695 3817 4745 ὁ
3855 4695 3989 4763 μήτε

2408 4778 2584 4843 οὐσία,
2614 4778 2725 4830 ἀλλ’
2748 4778 2890 4848 ὑπὲρ
2915 4776 3126 4841 οὐσίαν,
3157 4780 3249 4832 καὶ
3278 4780 3502 4851 ἀπειρος
3531 4780 3634 4833 ὤν’
3671 4786 3807 4853 μήτε
3837 4784 3988 4848 νοῦς,

2408 4872 2523 4926 ἀλλ’
2563 4872 2703 4943 ὑπὲρ
2728 4871 2850 4925 νοῦν
2895 4873 3120 4941 ἐνότης;
3162 4874 3387 4943 ἑνότητα
3424 4875 3479 4927 δὲ
3510 4874 3740 4941 ἀκούων,
3769 4878 3845 4948 μὴ
3878 4879 3991 4931 δια-

2409 4966 2587 5037 φόρων
2626 4965 2785 5018 τινῶν
2832 4966 2969 5035 πρὸς
3005 4966 3199 5019 ἕνωσιν
3250 4968 3344 5019 καὶ
3395 4969 3696 5042 συνδρομὴν
3743 4974 3988 5041 ωησάτω

2403 5074 2520 5121 τις·
2558 5058 2619 5109 ού
2646 5058 2755 5128 γάρ
2797 5060 2923 5127 περὶ
2952 5058 3205 5111 τοιούτων
3245 5061 3272 5112 ὁ
3316 5059 3470 5129 λόγος
3513 5063 3627 5126 νῦν,
3679 5065 3815 5118 ἀλλά
3863 5067 3991 5135 περὶ

2404 5146 2539 5199 Θεοῦ
2586 5147 2679 5199 τοῦ
2722 5147 3013 5199 ἀσυνθέτου
3046 5148 3243 5217 πάντη,
3299 5151 3393 5202 καὶ
3434 5152 3573 5223 ὑπὲρ
3600 5152 3665 5205 τὰ
3702 5154 3989 5224 μονοούσια

2404 5240 2699 5309 ήνωμένου.
2733 5240 2795 5290 Τί
2828 5239 2935 5311 γάρ
2961 5240 3077 5302 ἐνὸς
3112 5242 3308 5310 μᾶλλον
3329 5243 3530 5297 ἁπλοῦν
3558 5263 3617 5298 τε
3654 5248 3749 5300 καὶ
3768 5248 3990 5315 μονοού-

2408 5346 2553 5390 σιον;
2603 5328 2736 5382 Ἀλλ’
2770 5329 2919 5399 ἢτοῦ
2966 5330 3099 5382 Θεοῦ
3148 5334 3334 5403 ἑνότης
3379 5335 3805 5407 ὑπεξῃρημένοις
3848 5339 3989 5409 ὑπὲρ

2406 5427 2589 5479 τοῦτόν
2622 5428 2757 5487 ἐστι,
2795 5426 2887 5479 καὶ
2916 5425 3220 5497 ἀδιανόητον
3246 5432 3361 5481 ἐστι
3390 5431 3585 5510 πάσαις
3625 5432 3900 5495 διανοίαις,
3926 5434 3989 5487 τὸ

2406 5518 2545 5587 ὑπὲρ
2561 5518 2794 5571 διάνοιαν
2816 5519 2990 5569 ἐκεῖσε
3018 5518 3093 5569 ἐν.
3132 5518 3395 5573 Ἐνταῦθα
3416 5520 3523 5592 γὰρ
3546 5524 3577 5592 ἡ
3602 5523 3840 5592 ἡμετέρα
3870 5523 3991 5577 διά-

2406 5627 2521 5664 νοια
2545 5609 2949 5681 ποικιλλομένη,
2976 5611 3053 5675 είς
3083 5611 3381 5677 ἀποδείξεις
3404 5616 3496 5667 καί
3521 5632 3671 5680 τινας
3694 5616 3989 5689 προτάσεις
