4178 6312
240 379 355 435 613
798 381 886 434 DE
922 380 1175 436 DlVlNlS
1210 380 1609 447 NOMINIBUS,
1647 379 1801 437 CAP.
1839 378 1882 437 1.
1921 412 1986 421 -
2021 380 2370 440 PARAPHR.
2409 381 2890 441 PACHYMER/E.
3409 387 3516 444 δη

243 496 617 566 λαμϐάνουσα,
650 498 995 566 πληθύνεται.
1045 497 1172 552 Ὀτε
1201 499 1257 552 δὲ
1284 501 1348 552 ὲκ
1371 499 1574 553 τούτων
1617 500 1834 565 συνάξει

1943 500 2262 554 substantiae
2307 500 2432 554 est?
2461 508 2646 554 tamen
2693 499 2790 557 Dei
2831 500 3011 556 unitas
3055 501 3520 572 superemineoter

241 589 309 642 τὸ
342 590 730 661 συμπέρασμα,
755 590 813 642 ἓν
842 609 895 642 τι
929 591 1113 660 ἕτερον
1142 591 1251 644 τῶν
1280 592 1569 662 κειμένων,
1601 593 1834 662 συμϐαϊο

1948 606 2108 660 supra
2138 591 2192 645 id
2227 594 2403 662 ipsum
2432 600 2542 658 est,
2589 601 2645 647 et
2684 594 2934 649 omnibus
2963 595 3240 650 mentibus
3270 596 3525 650 inconce-

245 699 340 736 νον
369 682 628 754 εὑρίσκει.
661 683 733 734 Τὸ
769 682 824 734 δὲ
872 683 1009 752 ὑπὲρ
1041 683 1275 738 διάνοιαν
1313 683 1390 746 ἓν,
1424 685 1484 736 οὑ
1521 685 1756 737 τοιοῦτόν
1780 702 1834 736 τι

1946 682 2137 752 ptibile
2167 693 2250 740 est
2299 684 2430 739 illud
2485 700 2650 738 unum
2697 687 2851 755 quod
2888 688 2960 741 ibi
3003 697 3237 742 mentem
3275 694 3520 758 superat.

245 773 428 836 ἐστὶν,
483 771 596 824 ἀλλ’
649 771 962 840 ἀδιανόητον
1023 774 1115 825 καὶ
1175 774 1585 842 ἀσυλλόγιστον·
1654 774 1682 827 ὃ
1748 776 1834 828 καὶ

1949 773 2049 828 Hic
2076 774 2219 828 enim
2245 775 2599 851 intelligentia
2635 785 2820 831 nostra
2851 779 3110 842 variatur,
3143 780 3266 833 dum
3293 780 3520 834 demens

250 865 396 933 ὑπὲρ
451 864 604 932 λόγον
630 862 688 915 ὃν
729 861 951 930 ἀγαθὸν,
996 861 1234 934 ἀρῤητόν
1271 868 1385 918 ἐστι
1465 865 1607 935 λόγῳ
1657 867 1834 920 παντί.

1953 867 2249 922 strationes
2279 877 2333 922 et
2361 869 2764 938 propositiones
2798 869 3007 940 aliquas
3051 872 3344 940 excipiens,
3383 870 3522 926 mul-

249 957 545 1025 tiplicatur.
595 955 828 1020 Quando
885 964 1066 1010 autem
1128 973 1194 1010 ex
1256 958 1338 1010 his
1383 957 1591 1024 colligit
1639 958 2067 1023 conclusionem,
2118 973 2187 1012 ex
2234 959 2300 1012 iis
2346 973 2470 1027 quae
2520 960 2796 1029 proposita
2857 971 2984 1016 sunt
3038 965 3302 1030 comperit
3350 972 3516 1018 unum

244 1050 503 1118 quiddam
542 1049 687 1102 aliud
736 1046 1013 1115 consequi.
1066 1042 1197 1098 lllud
1247 1054 1426 1097 autem
1468 1060 1643 1132 unum.
1674 1045 1817 1112 quod
1852 1060 2014 1115 supra
2042 1055 2275 1100 mentem
2309 1055 2410 1107 est,
2450 1062 2556 1100 non
2586 1057 2671 1102 est
2729 1049 2837 1104 tale
2888 1051 3056 1120 quid,
3117 1053 3211 1106 sed
3260 1055 3521 1108 inconce-

244 1146 456 1215 ptibile,
490 1156 547 1201 et
570 1145 718 1215 quod
748 1143 1093 1200 ratiocinatio
1126 1157 1232 1196 non
1259 1142 1514 1212 attingit:
1541 1143 1741 1213 quippe
1785 1145 1930 1212 quod
1963 1145 2163 1198 bonum
2220 1151 2329 1209 est,
2366 1157 2531 1213 supra
2593 1144 2883 1209 rationem,
2942 1143 3090 1199 omni
3137 1144 3304 1199 etiam
3355 1145 3522 1200 verbo

382 1253 526 1290 abite
556 1253 664 1293 εει.

249 1235 526 1290 ineffabile
556 1244 664 1293 est.

319 1328 519 1382 Λοιπὸν
559 1329 694 1401 μετά
732 1329 794 1382 τὸ
837 1329 1036 1394 ἐξελεῖν
1083 1329 1301 1383 πάντων
1345 1327 1451 1381 τῶν
1491 1329 1548 1381 ὲν
1577 1331 1688 1390 τοῖς
1718 1322 1834 1380 οὑσι

2011 1319 2282 1376 (ἔσιθι-ηπ»
2314 1333 2436 1372 cum
2462 1331 2676 1388 eaan
2708 1327 2834 1374 sunt
2859 1319 2975 1384 Dei,
3006 1334 3035 1372 a
3073 1320 3239 1376 rebus
3266 1323 3524 1401 omnibus

241 1422 316 1474 τὰ
375 1422 505 1491 περὶ
551 1397 709 1484 Θεοῦ,
760 1420 838 1491 τῷ
891 1423 1075 1492 μέτρῳ
1123 1421 1222 1490 τῆς
1272 1420 1542 1490 ἡμετέρας
1586 1417 1834 1487 γλώσσης

1941 1412 2330 1466 exsistentibus
2362 1412 2614 1481 excepit,
2648 1411 2849 1480 lingua:
2892 1421 3092 1466 nostra
3133 1397 3404 1470 modulum
3436 1433 3522 1473 se-

245 1511 558 1566 ἀκολουθῶν
580 1513 662 1582 (οὑ
694 1513 802 1585 γὰρ
840 1513 1142 1585 ὑπερϐῆναι
1181 1512 1382 1582 ταύτην
1417 1511 1636 1564 δυνατὸν
1660 1510 1836 1581 ἡμῖν),

244 1604 308 1669 te
348 1604 525 1656 αὑτῶν
553 1603 761 1670 δοξάζει
790 1605 880 1657 τὸν
904 1604 1056 1667 Θεὸν,
1098 1601 1157 1667 ὲξ
1197 1599 1272 1654 ὧν
1307 1603 1469 1656 αὑτὸν
1498 1600 1687 1665 ἐξεῖλε.
1734 1597 1843 1652 Καὶ

244 1696 414 1751 ἑνάδα
437 1697 600 1766 φησιν
622 1696 787 1750 αὑτὸν
808 1737 820 1760 ,
847 1696 959 1749 ἀλλ’
980 1695 1221 1748 ἑνοποιὸν
1235 1695 1453 1764 ἀπάσης
1477 1692 1661 1755 ἐνὰδος
1682 1730 1698 1754 ,
1717 1707 1839 1743 του-

245 1788 402 1840 τέστι
419 1789 748 1859 δημιουργὸν
766 1787 875 1840 τῶν
901 1786 1086 1840 ἁπλῶν
1111 1785 1327 1849 οὐσιῶν,
1344 1784 1607 1853 ἀγγέλων,
1625 1783 1832 1853 ψυχῶν⁴

244 1880 344 1931 καὶ
372 1878 519 1943 νοῦν,
559 1879 673 1932 ἀλλ’
704 1879 947 1950 ἀνόητον,
995 1879 1113 1932 ἀντὶ
1155 1878 1249 1930 τοῦ
1297 1877 1372 1948 μὴ
1411 1876 1698 1946 νοούμενον
1733 1875 1838 1927 ὑπό

243 1988 395 2038 τινος
424 1970 536 2026 νοῦ.
563 1973 625 2026 Ei
650 1972 760 2044 γάρ
795 1973 857 2025 τὸ
893 1973 1078 2044 ὅμοιον
1101 1971 1206 2024 ὑπὸ
1239 1970 1333 2023 τοῦ
1360 1968 1545 2040 ὁμοίου
1576 1966 1840 2036 γινώσκει-

243 2081 360 2126 ται,
383 2064 554 2135 ἐχρῆν
581 2065 628 2116 εί
659 2065 785 2129 νοῦς
827 2058 916 2136 ἦν,
963 2064 1066 2118 ὑπὸ
1092 2064 1199 2116 τῶν
1234 2061 1370 2117 νοῶν
1403 2061 1668 2116 νοεῖσθαιο
1705 2059 1837 2113 ἀλλά

251 2157 352 2221 Τις
378 2156 531 2225 ἔγνω
570 2155 723 2210 γοῦν
769 2158 1028 2224 Κυρίου;
1063 2154 1270 2208 Οὐκοῦν
1321 2153 1444 2217 νοῦς
1493 2155 1642 2205 ἐστιν
1700 2153 1838 2224 ὑπὲρ

244 2245 398 2310 νοῦν,
438 2247 533 2300 καὶ
555 2245 731 2316 ὄνομα
753 2247 812 2299 τὸ
839 2247 981 2318 ὑπὲρ
1023 2247 1131 2298 πᾶν
1167 2245 1355 2316 ὄνομα.
1404 2245 1514 2298 Kal
1551 2243 1615 2296 τὸ
1652 2242 1839 2311 ὄνομά

238 2355 387 2409 μου,
430 2339 614 2408 φησὶν,
655 2342 768 2392 οὐκ
806 2341 979 2393 εἵπον
1023 2339 1256 2404 αὐτοῖς·
1302 2338 1382 2390 διὸ
1425 2340 1520 2392 καὶ
1560 2335 1838 2405 ἀνώνυμός

253 2431 376 2484 ἐστι
426 2433 611 2484 πᾶσιν.
651 2431 776 2485 Ἐὰν
817 2431 874 2484 δὲ
917 2431 1080 2505 λετ-η’
1139 2431 1284 2500 Ἐγώ
1321 2434 1436 2499 εἰμι
1471 2434 1502 2483 ό
1538 2430 1640 2493 ὢν,
1675 2428 1839 2492 ἀξίως

247 2526 453 2577 νοεῖται
498 2525 729 2595 ἄναρχος
777 2523 874 2576 καὶ
913 2523 1285 2592 ἀτελεύτητος,
1332 2523 1427 2576 καὶ
1471 2523 1547 2586 ὼς
1600 2522 1664 2576 ἂν
1702 2519 1837 2591 αὑτὴ

249 2614 385 2682 περὶ
419 2615 618 2684 ἑαυτῆς
665 2615 841 2666 εἷποιν
898 2614 1033 2687 μόνῃ
1071 2614 1180 2685 γὰρ
1223 2615 1358 2685 αὑτῇ
1384 2617 1463 2684 -τῇ
1509 2613 1733 2682 Θεὸτητι
1771 2611 1841 2665 τὰ

250 2705 377 2759 καθ’
402 2705 596 2776 ἑαυτὴν
618 2707 693 2770 ὡς
719 2705 830 2775 ἔχει
859 2706 1071 2775 φύσεως
1112 2707 1394 2776 ἐπιστητὰ,
1424 2706 1518 2759 καὶ
1560 2706 1693 2775 μόνη
1721 2705 1840 2756 ἐπί-

249 2812 449 2850 σταται
475 2797 779 2868 ὲπιστητῶς
811 2799 905 2850 καὶ
935 2798 1154 2869 κυρίως.
1192 2798 1400 2863 Οὐδεὶς
1425 2799 1534 2868 γὰρ
1563 2796 1840 2867 γινώσκει

1942 1519 2114 1576 quens
2128 1506 2328 1573 (neque
2341 1504 2483 1558 enim
2501 1504 2642 1557 hunc
2656 1505 2919 1558 excedere
2942 1506 3296 1570 valemus),ex
3313 1510 3378 1562 iis
3391 1510 3522 1579 ipsis

1947 1599 2110 1651 rebus
2146 1611 2174 1649 a
2209 1597 2414 1663 quibus
2441 1595 2610 1648 Deum
2642 1597 2875 1662 excepit,
2899 1598 3070 1666 ipsum
3112 1597 3310 1652 laudat.
3343 1601 3410 1656 Et
3443 1603 3521 1656 ait

1949 1689 2124 1757 ipsum
2149 1704 2270 1743 esse
2295 1688 2686 1750 unitatem,sed
2709 1685 3036 1742 eﬂ‘ectricem
3058 1689 3216 1760 301
3250 1695 3519 1749 universa:

1943 1783 2191 1845 unitatis,
2218 1783 2266 1834 id
2286 1790 2368 1834 est
2389 1788 2692 1833 creatorem
2717 1780 3045 1847 simplicium
3065 1785 3514 1853 substantiarum,

1941 1885 1998 1930 ut
2031 1873 2365 1943 angelorum,
2387 1871 2733 1934 animarum;
2769 1880 2824 1923 et
2857 1881 3127 1937 mentem,
3152 1878 3244 1927 sed
3295 1893 3400 1932 non
3432 1881 3518 1934 in-

1943 1967 2272 2030 tellectilem,
2310 1966 2362 2019 id
2391 1977 2497 2030 est,
2531 1982 2652 2035 quae
2689 1981 2718 2020 a
2768 1966 2912 2019 nulla
2964 1977 3144 2020 mente
3177 1968 3516 2041 intelligitur.

1941 2065 1998 2118 Si
2031 2066 2175 2118 enim
2205 2063 2385 2118 simile
2424 2077 2453 2115 a
2483 2063 2647 2115 simili
2689 2064 3057 2131 cognoscitur,
3085 2064 3130 2117 si
3162 2079 3315 2119 mens
3351 2079 3515 2134 esset,

1942 2165 2220 2224 oporteret
2260 2165 2320 2208 ut
2351 2170 2379 2207 a
2411 2155 2683 2208 mentibus
2717 2164 3139 2221 cognosceretur
3165 2174 3178 2208 :
3211 2166 3264 2210 at
3289 2161 3406 2227 quis
3430 2176 3519 2212 co-

1941 2251 2115 2320 gnovit
2163 2259 2387 2302 mentem
2442 2246 2655 2300 Domini
2699 2247 2767 2298 1?
2809 2246 2902 2300 Est
2954 2247 3117 2312 igitur
3158 2263 3309 2301 mens
3351 2267 3516 2319 supra

1945 2351 2198 2402 mentem,
2233 2349 2290 2392 et
2323 2353 2520 2392 nomen
2559 2351 2722 2405 supra
2759 2351 2922 2412 omne
2959 2324 3276 2394 nomen.~Ei
3304 2358 3514 2408 nomen,

1945 2430 2140 2500 inquit,
2191 2445 2362 2482 meum
2398 2446 2500 2481 non
2543 2428 2883 2496 manifestavi
2937 2430 3010 2482 eis
3046 2431 3109 2495 ll;
3164 2434 3515 2500 quamobrem

1940 2522 2193 2576 omnibus
2239 2531 2322 2575 est
2372 2521 2489 2574 sine
2537 2521 2778 2576 nomine.
2871 2521 3022 2586 Quod
3077 2524 3119 2576 si
3169 2525 3300 2579 dicit
3339 2543 3356 2579 :
3404 2526 3519 2596 Ego

1941 2629 2056 2666 sum
2081 2609 2352 2683 quisuml,
2371 2613 2686 2681 intelligitur
2718 2620 2778 2664 ut
2804 2614 2977 2675 decet,
3011 2629 3133 2669 esse
3161 2617 3369 2672 scilicet
3397 2620 3517 2674 slne

1943 2707 2209 2776 principio
2243 2718 2296 2760 et
2332 2707 2452 2761 sine
2482 2705 2609 2768 line,
2634 2712 2770 2758 etut
2806 2706 2919 2774 ipsa
2953 2705 3216 2762 Divinitas
3243 2710 3308 2763 de
3338 2711 3516 2780 seipse

1943 2799 2242 2853 dicitzsoli
2271 2800 2412 2852 enim
2460 2798 2738 2854 Divinitati
2789 2799 2891 2866 ipsi
2934 2813 3035 2866 per
3080 2816 3138 2855 se
3176 2813 3367 2855 natura
3417 2819 3514 2858 sua

248 2887 364 2942 τὸν
386 2890 635 2957 Πατέρα,
665 2892 717 2942 εί
745 2890 831 2958 μὴ
870 2893 901 2942 ό
945 2891 1093 2954 Υἱός·
1133 2891 1228 2944 καὶ
1262 2889 1368 2942 τὸν
1411 2888 1576 2949 Υὶὸν,
1604 2891 1657 2941 εί
1685 2887 1770 2957 μὴ
1808 2891 1834 2942 d

1945 2901 2066 2944 nota
2100 2901 2204 2950 est.
2236 2901 2291 2944 et
2324 2892 2438 2946 sola
2473 2907 2532 2946 se
2568 2893 2702 2945 scite
2749 2908 2810 2945 ac
2863 2890 3082 2961 proprie
3133 2894 3298 2947 novit.
3349 2892 3517 2948 Nemo

248 2981 478 3049 Πατήρ.
506 2978 578 3034 Τὸ
601 2982 731 3034 αὑτὸ
757 2983 993 3054 καὶπερὶ
1019 2981 1111 3034 τοῦ
1138 2981 1290 3050 ἁγίου
1309 2983 1446 3034 Πνεύ
1455 2999 1620 3052 ματος
1635 2998 1648 3012 ’
1669 2982 1834 3045 οὐδεὶς

1942 2981 2084 3034 enim
2120 2980 2259 3032 novit
2300 2978 2516 3034 Patrem
2562 2982 2670 3034 nisi
2709 2981 2906 3041 Filius.
2937 2992 2984 3034 et
3029 2979 3225 3034 Filium
3277 2984 3379 3036 nisi
3414 2981 3520 3036 Pa-

248 3073 366 3144 γὰρ
394 3070 499 3126 οἶδε
540 3075 610 3127 τά
647 3073 740 3126 τοῦ
771 3073 929 3138 Θεοῦ,
977 3075 1025 3125 εί
1073 3072 1146 3144 μὴ
1182 3073 1239 3124 τὸ
1285 3073 1507 3143 Πνεῦμα
1549 3072 1610 3125 τὸ
1646 3075 1708 3125 ὲκ
1743 3072 1834 3125 τοῦ

1943 3079 2019 3122 ter
2047 3078 2108 3125 ω.
2143 3070 2287 3124 Idem
2317 3081 2402 3125 est
2436 3073 2502 3126 de
2548 3082 2739 3128 sancto
2771 3073 3008 3140 Spiritu;
3047 3089 3204 3128 nemo
3239 3076 3381 3130 enim
3421 3084 3517 3130 ηο-

248 3165 414 3218 Θεοῦ.

327 3258 355 3330 ς
381 3261 447 3312 ll.
477 3259 613 3330 Περὶ
642 3259 847 3332 ταύτης
871 3257 962 3313 οῦν
989 3259 1090 3329 τῆς
1117 3258 1444 3327 ὑπερουσίου
1463 3275 1476 3288 '
1521 3261 1554 3328 ὴ
1598 3257 1708 3328 γὰρ
1748 3257 1837 3310 οὑ-

251 3350 348 3406 σία
371 3351 589 3419 λέγεται
627 3352 775 3421 παρὰ
815 3353 876 3404 τὸ
914 3349 1081 3406 εἶναι·
1126 3353 1185 3404 τὸ
1221 3353 1276 3404 δὲ
1321 3348 1458 3403 εἶναι
1501 3349 1835 3420 παραγωγῆς

244 3457 400 3504 τινος
423 3439 626 3494 ἔννοιαν
653 3442 993 3511 ὑπογράφει,
1037 3442 1136 3494 οὑκ
1163 3441 1227 3493 ἂν
1261 3440 1470 3507 λέγοιτο
1509 3439 1712 3509 κυρίως
1747 3437 1836 3488 οὑ-

252 3534 368 3596 σία,
397 3534 508 3586 ἀλλ’
539 3533 880 3605 ὑπερούσιος.
910 3534 1045 3605 Περὶ
1082 3533 1287 3603 ταύτης
1313 3528 1404 3584 οῦν
1447 3532 1547 3600 τῆς
1596 3531 1833 3596 ὑπερου-

252 3629 374 3682 σίου
401 3631 496 3682 καὶ
521 3632 754 3698 κρυφίας
782 3629 1031 3702 θεότητος
1055 3627 1177 3682 οὒτε
1200 3629 1395 3688 εἰπεῖν,
1429 3626 1551 3680 ούτε
1580 3624 1835 3696 ἐννοῆσαί

247 3736 307 3774 τι
330 3721 625 3793 τολμητέον
647 3721 798 3792 παρὰ
823 3722 892 3776 τὰ
919 3723 1226 3794 δηλωθέντα
1272 3724 1336 3774 ἐκ
1379 3720 1485 3774 τῶν
1511 3720 1670 3772 θείων
1697 3719 1838 3788 Γρα-

253 3812 393 3880 φῶν.
426 3815 533 3866 Καὶ
557 3814 665 3883 γὰρ
692 3815 767 3875 ὡς
792 3815 929 3885 αὑτὴ
957 3815 1081 3884 rapi
1105 3814 1304 3882 ἑαυτῆς
1344 3815 1402 3864 ὲν
1443 3815 1554 3874 τοῖς
1591 3813 1835 3879 Εὑαγγε-

252 3903 393 3967 λξοις
418 3905 730 3975 παρέδωκεν
759 3906 868 3973 (ὅτε
896 3908 922 3958 ὁ
948 3906 1149 3976 Κύριος
1193 3905 1375 3971 ἔλεγεν
1397 3921 1410 3932 ·
1458 3902 1666 3969 Οὐδεὶς
1710 3907 1832 3960 οἶδε

255 3995 366 4048 τὸν
395 3997 629 4063 Πατέρα
658 4000 708 4050 εὶ
734 3997 812 4064 μὴ
837 4000 869 4050 ό
907 3999 1036 4062 Υἱός
1061 4014 1072 4027 ·
1105 3997 1218 4058 καὶ,
1249 3995 1457 4061 Οὐδεὶς
1483 3995 1604 4048 οἶδε
1633 3995 1704 4048 τὰ
1728 3991 1833 4050 τοῦ

256 4083 409 4136 Θεοῦ
439 4085 494 4136 εί
529 4083 616 4152 μὴ
649 4084 715 4136 τὸ
752 4084 994 4152 Πνεῦμα
1049 4084 1112 4137 τὸ
1145 4085 1212 4137 ἐκ
1244 4086 1350 4138 τοῦ
1400 4085 1546 4138 Θεοῦ
1569 4126 1583 4148 ,
1632 4086 1834 4152 ἀγαθο-

256 4179 484 4251 πρεπῶς
527 4182 989 4253 ἀποφαινόμενος,
1032 4183 1372 4237 ἀναστέλλων
1425 4185 1520 4255 τὴν
1558 4185 1832 4254 ἡμετέραν

253 4272 567 4344 παράλογον
597 4271 881 4343 ἔρευναν),
910 4274 942 4343 ἡ
971 4274 1246 4344 ἐπιστήμη
1273 4273 1473 4345 ταύτης
1518 4274 1610 4327 καὶ
1636 4275 1842 4344 θεωρία

253 4361 454 4424 ἄδατός
479 4363 593 4413 ἐστι
618 4363 749 4414 πᾶσι
766 4365 878 4425 τοῖς
902 4359 1069 4426 οὖσιν,
1089 4363 1164 4426 ὡς
1187 4365 1326 4434 ὑπὲρ
1347 4364 1416 4416 τὰ
1442 4365 1614 4417 πάντα
1642 4365 1826 4436 οὔσης.

255 4454 366 4506 Καὶ
394 4453 618 4517 πολλοὺς
651 4453 760 4506 τῶν
782 4453 1048 4522 θεολόγων
1076 4456 1332 4526 εὑρήσεις
1358 4457 1416 4508 οὑ
1449 4457 1606 4525 μόνον
1626 4458 1830 4530 ταύτην

1949 3161 2021 3214 vit
2055 3176 2116 3214 ea
2145 3178 2265 3231 qua:
2290 3172 2413 3216 sunt
2438 3165 2553 3231 Dei,
2592 3165 2692 3218 nisi
2742 3166 2977 3234 Spiritus
3011 3166 3104 3235 qui
3133 3177 3198 3220 ex
3227 3167 3335 3222 Deo
3359 3181 3441 3222 est
3463 3173 3511 3224 ³.

2009 3255 2035 3326 §
2067 3255 2126 3309 ll.
2160 3256 2231 3308 De
2261 3257 2360 3310 hac
2387 3257 2552 3326 igitur
2575 3263 3051 3328 supercssentiali;
3098 3280 3220 3316 nam
3276 3267 3510 3319 essentia

1939 3347 2139 3401 dicitur
2177 3348 2408 3414 abesse;
2447 3349 2618 3416 ipsum
2650 3359 2827 3405 autem
2858 3369 3000 3417 csse,
3046 3370 3166 3407 cum
3199 3357 3513 3423 productio-

1939 3439 2024 3491 nis
2071 3438 2300 3504 alicujus
2339 3456 2556 3494 sensum
2587 3443 2851 3506 insinuet,
2904 3462 3008 3500 non
3053 3447 3255 3500 dicittir
3295 3449 3516 3517 proprie

1936 3532 2196 3593 essentia,
2231 3531 2326 3585 sed
2360 3535 2859 3602 superessentialis.
2899 3536 2973 3592 De
2998 3539 3099 3591 hac
3132 3539 3296 3608 igitur
3321 3555 3514 3609 super:

1937 3621 2207 3674 essentiali
2239 3637 2302 3674 ac
2327 3625 2604 3678 recondita
2637 3626 2920 3680 divinitate
2947 3643 3050 3681 non
3082 3630 3517 3698 przesumcndum

1937 3716 2140 3780 dicere,
2178 3720 2270 3772 sed
2298 3721 2638 3790 ne‘cogitare
2665 3724 2961 3792 quidquam
2985 3764 3000 3788 ,
3056 3733 3252 3793 praeter
3300 3740 3360 3779 ea
3391 3739 3513 3794 quze

1937 3809 2110 3862 sacris
2157 3819 2282 3864 sunt
2311 3811 2542 3880 eloquiis
2579 3816 2884 3872 enuntiata.
2919 3817 3052 3871 Nam
3085 3828 3139 3870 ut
3173 3818 3286 3887 ipsa
3336 3817 3402 3872 de
3451 3834 3511 3874 se

1938 3904 1993 3956 in
2033 3902 2343 3972 Evarigcllis
2372 3905 2850 3976 tradidit(quan(io
2869 3909 3124 3964 Dominus
3149 3909 3285 3963 dixit
3305 3927 3318 3962 :
3342 3907 3511 3964 Nemo

1936 3994 2076 4047 novit
2107 3993 2325 4048 Patrem
2354 3997 2455 4048 nisi
2475 3994 2652 4049 Filius
2678 4005 2740 4061 °;
2769 4009 2822 4052 et
2846 4015 2859 4050 :
2898 3994 3065 4052 Nemo
3093 4000 3364 4070 novitque
3392 4010 3512 4054 sunt

1937 4086 2056 4151 Dei,
2097 4088 2201 4144 nisi
2235 4087 2469 4156 Spiritus
2496 4089 2590 4159 qui
2617 4095 2693 4142 est
2726 4105 2790 4144 ea:
2823 4090 2934 4143 Deo
2960 4099 3022 4155 Ρ,
3078 4090 3309 4159 benigne
3363 4093 3512 4148 visus

1936 4178 2194 4233 cohibere
2218 4187 2454 4234 nostram
2503 4191 2889 4249 praeposteram
2943 4180 3368 4252 scrutationem)
3392 4184 3510 4252 ejus

1935 4270 2163 4325 scientia
2190 4281 2244 4324 et
2272 4271 2659 4340 contemplatio
2683 4271 2934 4325 omnibus
2955 4284 3038 4326 est
3069 4273 3347 4327 inaccessa
3376 4274 3509 4329 sub-

1934 4361 2175 4427 stantiis,
2237 4370 2428 4430 utpote
2470 4362 2652 4417 omnia
2699 4362 2991 4418 excedens.
3044 4362 3239 4418 Multos
3283 4365 3509 4436 quoque

1934 4452 2214 4521 theologus
2239 4453 2488 4506 Invenias
2511 4453 2656 4506 illam
2713 4469 2818 4508 non
2849 4455 3006 4507 modo
3041 4454 3374 4511 invisibilem
3424 4456 3507 4510 in-

254 4542 492 4612 ἀύρατον
517 4543 609 4595 καὶ
632 4542 1004 4614 ἀπερίληπτον
1047 4544 1304 4612 λέγοντας
1341 4544 1517 4614 (τοῦτο
1562 4547 1670 4617 γάρ
1714 4549 1831 4600 ἐστι

1939 4543 2594 4612 comprehensibileinque
2621 4543 2825 4599 dixisse
2876 4546 3016 4614 (hac
3052 4545 3194 4598 enim
3246 4545 3338 4600 Dci
3388 4545 3506 4601 laus

254 4636 350 4689 καί
396 4634 562 4705 ῦμνος
581 4635 741 4696 Θεοῦ,
769 4636 857 4688 ὅτε
881 4637 1264 4706 προσηκόντως
1289 4654 1372 4701 τις
1411 4639 1538 4708 περὶ
1578 4637 1713 4691 Θεοῦ
1741 4639 1834 4691 λέ-

253 4744 376 4796 γει,
405 4727 592 4799 ὥσπερ
617 4727 678 4779 τὸ
711 4726 952 4780 ὲναντίόν
983 4727 1298 4798 βλασφημία
1318 4768 1331 4791 ,
1374 4731 1461 4781 ὅτε
1506 4729 1579 4800 μὴ
1624 4746 1830 4800 προση-

251 4818 480 4886 κόντως)
501 4858 514 4882 ,
544 4817 678 4870 ἀλλά
701 4819 794 4870 καὶ
820 4818 1236 4891 ἀνεξερεύνητον
1274 4823 1365 4873 καὶ
1409 4823 1828 4892 ἀνεξιχνίαστον·

252 4913 336 4964 ὅτι
362 4911 566 4982 κρυφία
609 4913 641 4986 ἡ
683 4912 906 4982 ἀπειρία
934 4913 1103 4983 αὑτῆς
1145 4914 1279 4967 ἐστι.
1310 4917 1419 4968 Καὶ
1462 4916 1533 4986 μὴ
1576 4916 1734 4986 μόνον
1769 4917 1829 4969 οὐ

252 5006 716 5077 περιλαμϐάνεται
740 5006 829 5060 διὰ
851 5007 909 5059 τὸ
934 5007 1157 5078 ἄπειρον
1185 5005 1264 5078 (τὸ
1280 5007 1385 5079 γὰρ
1417 5010 1839 5080 πεπερασμένον

251 5099 719 5172 περιλαμσάνεται
759 5097 848 5168 ὑφ’
876 5095 935 5154 οῦ
977 5099 1070 5152 καὶ
1117 5098 1490 5171 πεπέρασταιδ
1535 5101 1562 5152 ὁ
1612 5101 1744 5165 Θεὸς
1768 5101 1824 5153 δὲ

255 5193 514 5248 ἁπάντων
537 5191 702 5255 τόπος
725 5193 890 5254 ἐστὶν,
914 5193 972 5244 οὑ
1004 5192 1328 5262 σωματικῶς
1348 5233 1361 5254 ,
1390 5191 1526 5245 ἀλλὰ
1567 5193 1828 5265 δημιουρ-

251 5283 426 5353 γικῶς
445 5301 457 5313 ·
485 5284 578 5336 τὸν
603 5284 710 5356 γὰρ
736 5284 978 5355 οὑρανὸν,
1008 5284 1101 5336 καὶ
1126 5284 1222 5353 τὴν
1249 5283 1370 5354 γῆν,
1414 5286 1506 5337 καὶ
1545 5284 1614 5337 τά
1653 5273 1826 5339 πάντα

251 5374 418 5436 αὐτὸς
439 5371 680 5445 πληροῖ),
697 5374 832 5427 ἀλλά
854 5374 951 5427 καὶ
971 5374 1120 5427 οὐδὲν
1147 5373 1290 5442 ἴχνος
1319 5373 1642 5444 ἐμφαίνεται
1674 5375 1827 5428 οῦδε-

251 5467 343 5530 νὸς
369 5465 476 5518 τῶν
497 5462 882 5536 διεληλυθότων
911 5465 1004 5518 ἐπὶ
1031 5462 1236 5534 ταύτην
1262 5463 1361 5534 τὴν
1391 5464 1627 5536 κρυφίαν
1666 5465 1826 5518 ἀπει-

255 5559 398 5628 ρίαν.
429 5557 600 5610 Τοῦτο
633 5557 689 5610 δὲ
713 5555 880 5625 λέγει,
910 5557 1008 5628 οὐχ
1037 5557 1119 5609 ὅτι
1158 5553 1370 5626 διῆλθον
1417 5557 1516 5627 μέν
1547 5572 1711 5619 τινες,
1761 5556 1824 5608 οὑ

333 5741 345 5778 ί
381 5739 535 5793 Rom.
574 5755 646 5798 XI,
680 5738 771 5792 54.
851 5737 876 5775 ι
905 5735 1073 5789 Exod.
1100 5753 1173 5796 τι,
1201 5739 1254 5792 5.
1339 5735 1354 5774 ι
1387 5737 1552 5798 Exod,
1582 5751 1666 5802 tu,
1704 5737 1786 5798 14,

1942 5736 2129 5792 Matth.
2165 5754 2240 5801 ιι,
2271 5740 2361 5804 Η,
2410 5737 2492 5792 17.
2572 5747 2597 5776 ο
2631 5737 2648 5791 Ι
2689 5739 2812 5793 Cor.
2849 5752 2884 5792 It
2911 5776 2924 5800 ,
2960 5737 3039 5790 Η.

251 5808 343 5864 27.
440 5812 506 5864 ΡΙ
545 5811 670 5866 Cor.
714 5824 774 5868 tt.
812 5811 894 5874 ll;
925 5810 1089 5877 Apoc.
1129 5823 1237 5873 six,
1275 5807 1355 5861 l2.

1937 4643 2040 4696 est,
2067 4636 2284 4704 quando
2314 4636 2436 4704 quis
2485 4637 2743 4690 decenter.
2773 4637 2839 4690 de
2891 4635 2998 4690 Deo
3043 4635 3310 4705 loquitur;
3363 4634 3505 4692 sicut

1936 4742 1968 4780 ε
1990 4726 2208 4781 diverso
2238 4727 2596 4796 blasphemia,
2639 4729 2853 4797 quando
2883 4731 3003 4796 quis
3035 4727 3381 4799 indecenter)
3414 4744 3505 4782 ve-

1935 4833 2056 4871 rum
2084 4819 2248 4873 etiam
2277 4798 2686 4873 inscrutabilem
2721 4830 2776 4873 et
2805 4821 3332 4890 inluvestigabilem:
3362 4836 3499 4890 quo-

1935 4911 2081 4964 niam
2107 4925 2365 4966 arcauum
2394 4914 2534 4980 ejus,
2568 4924 2652 4968 est
2672 4916 2786 4980 ejus
2818 4913 3074 4966 Inlinitas.
3122 4912 3185 4967 Et
3220 4930 3323 4967 non
3377 4917 3501 4967 tan-

1935 5011 2046 5056 tum
2081 5017 2186 5056 non
2224 5005 2706 5072 comprehenditur
2735 5010 2955 5072 prOpt‘e’r
2982 5007 3301 5059 inﬁnitatem
3335 5005 3499 5076 (quod

1935 5092 2078 5147 enim
2109 5096 2455 5148 terminatum
2489 5106 2593 5163 est,
2624 5097 3110 5165 comprehenditur
3142 5098 3207 5151 ab
3240 5113 3306 5150 eo
3334 5114 3361 5150 a
3391 5113 3500 5168 quo

1933 5187 2295 5241 terminatur:
2323 5185 2462 5241 Deus
2485 5198 2663 5242 autem
2695 5199 2772 5243 est
2803 5194 2952 5243 locus
2973 5203 3215 5242 οιιιιιιυιη
3239 5206 3342 5243 non
3375 5204 3499 5246 cor-

1932 5277 2211 5344 poraliter,
2241 5278 2332 5331 sed
2381 5276 2658 5343 eﬂ'ective;
2692 5295 2817 5332 nam
2848 5279 3041 5333 coelum
3095 5290 3148 5333 et
3201 5288 3400 5333 terram
3443 5292 3500 5336 et

1930 5368 2109 5423 omnia
2142 5368 2258 5438 ipse
2284 5369 2514 5438 implet),
2546 5371 2788 5438 quinlmo
2840 5369 3042 5422 nullum
3082 5372 3277 5424 'exStat
3326 5369 3496 5424 vesti-

1931 5461 2075 5529 gium
2099 5475 2287 5514 eorum
2316 5476 2436 5528 qua:
2460 5462 2528 5514 ad
2550 5461 2665 5528 ejus
2693 5463 3111 5516 secretissimam
3167 5461 3493 5516 iulluitateut

1931 5553 2290 5622 penetrarint.
2316 5552 2435 5608 Hoc
2464 5558 2642 5607 autem
2675 5553 2828 5617 dicit,
2857 5567 2963 5606 non
2992 5554 3145 5622 quasi
3176 5552 3340 5623 aliqui
3366 5552 3492 5622 qui-

3119 5743 3143 5770 °
3183 5734 3369 5791 Matth.
3413 5747 3490 5796 XI.
