4176 6308
690 299 794 361 815

1854 300 1912 362 S.
1958 305 2261 362 DlONYSll
2300 304 2762 363 ABEOPAGI'UE
2858 358 2863 381 γ,

3849 312 3967 374 διε

690 432 815 473 uem
839 430 906 470 eo
927 417 1289 485 penetrarint,
1309 430 1498 473 eorum
1513 432 1642 473 vero
1668 422 1891 489 vestigia
1915 437 2018 473 non
2043 421 2267 476 videan-

2375 419 2653 489 φαίνονται
2678 419 2735 471 δὲ
2761 422 2833 471 τά
2862 418 2983 490 ἴχνη
3011 419 3189 475 αὐτῶν
3214 436 3227 450 °
3272 421 3386 474 ἀλλ’
3429 421 3506 474 ὅτι
3548 420 3675 475 οὔτε
3714 424 3967 494 διῆλθον,

691 522 820 575 tur;
849 508 944 563 sed
963 510 1104 577 quod
1124 523 1301 578 neque
1328 511 1395 564 eo
1428 514 1801 579 pervenerint,
1830 528 2003 583 neque
2038 512 2267 580 vestigia

694 602 997 669 aliquorum
1028 610 1360 669 appareant;
1390 602 1662 670 quomodo
1688 603 1833 656 enim
1864 606 2031 659 videri
2056 604 2269 675 possint

695 693 922 757 vestigia
948 708 1137 747 eorum
1167 696 1260 761 qui
1291 710 1398 749 non
1428 695 1845 749 transiverunt?

762 782 924 855 302
944 780 1055 837 Etsi
1087 793 1263 839 autem
1288 786 1409 852 quis
1446 785 1636 841 audiat
1670 786 1810 840 banc
1830 786 2270 853 esseiucompre-

695 874 1035 939 beusibilem,
1062 889 1169 931 non
1202 883 1381 931 tamen
1420 876 1537 944 ejus
1586 876 1802 931 buuitas
1830 876 1920 930 ulli
1942 877 2165 931 omnino
2185 885 2269 931 est

696 981 921 1034 prorsus
956 966 1511 1030 inconnnunicabilis,
1551 973 1647 1022 sed
1680 968 1921 1022 divinum
1967 970 2177 1022 radium
2218 969 2268 1020 in

698 1057 995 1124 semetipso
1022 1057 1296 1121 stabiliter
1321 1059 1597 1114 ﬁrmatum
1624 1058 1826 1128 (neque
1878 1058 2021 1111 enim
2069 1075 2097 1112 a
2140 1073 2268 1127 pro-

697 1152 929 1219 prietate
959 1166 1053 1205 sua
1092 1150 1388 1218 quidquam
1434 1152 1661 1219 recedit)
1698 1150 2121 1220 proportiouatis
2150 1152 2269 1205 cui-

697 1245 828 1298 libet
850 1246 925 1298 rei
954 1244 1406 1300 illustrationibns
1439 1261 1535 1315 per
1567 1246 1862 1301 bonitatem
1895 1246 2127 1315 benigne
2155 1247 2269 1298 dis-

699 1336 980 1401 tributum,
1031 1339 1332 1392 secundum
1368 1342 1585 1393 modqu
1617 1346 1672 1391 et
1710 1337 1957 1391 ordinem
2009 1336 2274 1405 cujusque

697 1438 907 1483 natum
927 1432 1212 1500 expandit.
1240 1429 1395 1497 Quod
1424 1430 1570 1484 enim
1600 1430 1869 1487 duntaxat
1896 1438 1997 1494 est,
2053 1431 2272 1499 proprie

696 1522 1301 1590 participatesseutiam
1330 1524 1383 1577 in
1414 1534 1679 1593 quantum
1726 1531 1832 1584 est,
1893 1525 2033 1590 quod
2088 1533 2271 1575 autem

696 1616 848 1679 vivit,
878 1617 1095 1683 proprie
1121 1617 1291 1669 vitam
1318 1616 1369 1669 in
1403 1626 1662 1684 quantum
1691 1616 1853 1679 vivit;
1881 1616 2027 1685 quod
2066 1608 2273 1668 ratione

699 1719 986 1775 menteque
1023 1709 1307 1777 praeditum
1335 1720 1437 1770 est,
1464 1709 1683 1777 proprie
1711 1708 1761 1761 id
1808 1708 1980 1776 ipsum
2014 1709 2065 1760 in
2099 1723 2263 1776 quau.-

700 1810 809 1854 luin
841 1802 1053 1855 ratione
1078 1811 1366 1867 menteque
1392 1800 1575 1866 pollet.
1635 1800 1776 1865 Quin
1808 1800 1971 1853 eziam
1998 1801 2065 1853 ad
2092 1814 2271 1869 quan-

698 1900 812 1945 tum
837 1890 920 1945 fas
946 1899 1028 1944 est
1051 1892 1132 1943 sui
1161 1890 1696 1960 contemplationem,
1730 1904 1796 1947 cx
1819 1905 1925 1959 qua
1960 1886 2267 1943 communio

697 1981 1106 2051 similitudoque
1124 1984 1415 2046 exsistunt,
1433 1992 1648 2035 sanctos
1664 1982 1885 2049 angelos
1905 1983 2130 2041 excitat.
2146 1983 2269 2034 dum

696 2072 765 2125 ad
800 2072 998 2125 bonum
1029 2072 1154 2124 illud
1189 2085 1286 2138 pro
1321 2070 1529 2123 viribus
1553 2076 1935 2133 connituntur,
1978 2070 2137 2123 modo
2166 2085 2271 2123 non

699 2162 1006 2224 sublimius,
1039 2178 1199 2232 quam
1235 2178 1335 2232 pro
1359 2177 1547 2217 eorum
1570 2173 1733 2231 caput
1779 2160 1966 2216 divina
2017 2162 2121 2215 fert
2152 2161 2274 2215 illu-

698 2256 910 2316 stratio,
948 2256 1249 2308 insolenter
1284 2254 1485 2321 aliquid
1523 2262 1854 2320 prmsumant
1883 2293 1898 2318 ,
1925 2268 2025 2305 nec
2052 2254 2103 2307 in
2134 2267 2272 2322 prae-

699 2363 826 2415 ceps
868 2359 1125 2416 perversa
1164 2348 1525 2415 propensioue
1566 2344 1857 2408 labantur,
1895 2346 1986 2397 sel
2018 2386 2032 2409 ,
2097 2345 2271 2414 quoad

701 2448 949 2507 possunt,
1008 2448 1332 2491 constanter
1384 2446 1440 2490 et
1493 2434 1763 2490 irrellexis
1814 2436 1986 2490 oculis
2029 2437 2270 2490 illucenti

700 2529 856 2582 radio
881 2531 1233 2592 obtueantur,
1266 2543 1367 2583 nec
1401 2544 1531 2594 non,
1560 2542 1748 2581 amore
1773 2527 1996 2583 indultis
2026 2528 2127 2582 sibi
2160 2528 2274 2583 eol-

702 2620 1114 2675 lustratiouibus
1147 2635 1458 2677 commenso
1483 2636 1604 2676 eum
1636 2634 1795 2675 sacra
1842 2621 2079 2687 quadam
2118 2636 2275 2674 reve-

704 2715 884 2767 rentia
940 2717 1184 2767 modeste
1214 2722 1518 2783 sancteque
1550 2727 1766 2765 sursum
1817 2713 2054 2766 evolent.
2110 2711 2276 2767 Recte

702 2806 852 2859 addit
894 2804 955 2857 τὸ
1001 2804 1298 2867 ἀδυνάτως,
1359 2806 1408 2858 id
1441 2814 1520 2859 est
1580 2805 1919 2872 impotenter;
1972 2807 2072 2858 etsi
2131 2807 2272 2856 enim

702 2896 973 2965 quispiam
1001 2898 1244 2959 tentarit,
1287 2896 1511 2951 minime
1549 2898 1877 2959 assequitur,
1919 2903 2013 2948 seu
2068 2903 2272 2947 tantum

705 2990 1009 3043 intellectus
1048 2990 1222 3042 oculis
1252 2988 1578 3048 obscuratis.
1614 2989 1778 3041 etiam
1824 3000 1851 3039 ιι
1909 3001 2036 3040 vero
2071 2986 2276 3040 lumine

2369 507 2493 561 οὔτε
2532 509 2662 581 ἴχνη
2676 510 2837 562 τινῶν
2860 512 3139 578 φαίνονται
3165 526 3179 541 ”
3209 512 3323 575 πῶς
3348 512 3457 583 γὰρ
3477 512 3583 566 τῶν
3608 513 3681 583 μὴ
3722 516 3973 571 διελθόν-

2369 616 2476 652 των
2510 598 2628 669 ῐχνη
2662 602 2989 671 φανήσονται
3010 616 3024 664 ;

2444 782 2519 834 Οὐ
2552 782 2656 852 μὴν
2678 781 2735 833 δὲ
2763 782 2810 834 εί
2833 768 3019 835 ἀκούει
3044 796 3142 847 τις·
3168 784 3539 855 ἀπερίληπτον
3573 784 3810 855 ταύτην,
3859 786 3969 855 ᾔδη

2372 873 2465 927 καὶ
2490 872 2851 945 ἀκοινώνητόν
2878 876 2993 927 ἐστι
3020 872 3249 927 καθόλου
3271 878 3365 928 καὶ
3399 875 3675 939 παντελῶς
3709 876 3771 930 τὸ
3812 876 3955 944 ἀγα-

2372 964 2463 1018 θὸν
2498 966 2668 1036 αὐτῆς
2699 966 2807 1020 τῶν
2830 967 3001 1021 ὄντων
3022 969 3216 1032 οὐδενὶ,
3240 968 3351 1023 ἀλλ’
3374 971 3461 1037 ἐφ’
3488 970 3679 1023 ἑαυτοῦ
3708 970 3969 1040 μονίμως

2375 1058 2594 1131 ίδρῦσαν
2621 1059 2719 1130 τὴν
2742 1060 2893 1113 θείαν
2922 1062 3115 1114 ἀκτῖνα
3131 1062 3191 1113 τὸ
3215 1063 3418 1151 ἀγαθὸν
3443 1062 3581 1132 (οὐδὲ
3600 1063 3707 1134 γὰρ
3741 1062 3963 1129 ἐξίστα·

2372 1168 2460 1204 ται
2502 1152 2645 1206 κατὰ
2669 1169 2722 1204 τι
2762 1152 2863 1222 τῆς
2904 1153 3166 1224 ἰδιότητος
3209 1152 3445 1224 αὐτοῦ’)
3493 1154 3861 1225 μετεχὸμενον
3898 1154 3971 1209 δι’

2374 1240 2686 1313 ἀγαθότητα
2703 1243 3043 1310 ἐπιφαίνεται
3063 1242 3336 1313 ἀγαθοπρε
3344 1243 3463 1304 πῶς
3474 1242 3582 1295 τῶν
3598 1244 3829 1298 ἑκάστου
3852 1244 3973 1297 τῶν

2374 1332 2542 1387 ὄντων
2568 1333 2849 1404 ἀναλόγοις
2882 1334 3202 1407 ὲλλάμψεσι,
3231 1334 3372 1388 κατά
3394 1334 3455 1387 τὸ
3480 1332 3676 1407 μέτρον
3716 1339 3812 1390 καὶ
3862 1338 3971 1408 τὴν

2374 1424 2535 1489 τάξιν
2555 1425 2662 1495 τῆς
2690 1424 2918 1479 ἑκάστου
2945 1427 3179 1497 φύσεως.
3206 1428 3279 1480 Τὸ
3304 1426 3411 1498 γὰρ
3439 1428 3612 1497 μόνως
3637 1427 3695 1481 ὃν
3738 1430 3969 1500 μετέχει

2373 1516 2467 1570 τοῦ
2499 1519 2703 1588 κυρίως
2730 1516 2881 1582 δντος
2910 1518 3044 1573 καθὸ
3068 1519 3126 1573 ὃν
3147 1536 3159 1548 ·
3198 1520 3259 1573 τὸ
3291 1518 3349 1572 δὲ
3385 1518 3523 1582 ζῶον
3543 1556 3558 1583 ,
3604 1519 3696 1572 τοῦ
3750 1522 3973 1593 κυρίως

2376 1610 2595 1675 ζῶντος,
2632 1610 2767 1665 καθὸ
2790 1609 2897 1674 ζῶν
2916 1625 2929 1641 ⁸
2956 1606 3017 1665 τὸ
3040 1611 3257 1680 λογικόν
3279 1628 3337 1664 τε
3376 1612 3471 1665 καὶ
3496 1612 3700 1683 νοερὸν,
3735 1612 3831 1665 τοῦ
3861 1631 3967 1666 κυ-

2377 1704 2505 1775 ρίως
2528 1702 2792 1764 τοιούτου,
2821 1703 2955 1756 καθὸ
2970 1702 3185 1771 λογικόν
3200 1720 3258 1756 τε
3280 1705 3374 1756 καὶ
3398 1703 3599 1774 νοερόν.
3634 1705 3754 1757 Ἔτι
3780 1705 3840 1757 δὲ
3868 1703 3971 1757 καὶ

2376 1798 2514 1866 πρὸς
2549 1798 2648 1868 τὴν
2670 1795 2896 1867 ὲφικτὴν
2922 1796 3085 1851 αὑτοῦ
3120 1796 3373 1867 θεωρίαν,
3406 1786 3464 1862 ἐξ
3490 1791 3557 1866 ἧς
3582 1798 3674 1849 καὶ
3698 1798 3732 1867 ἡ
3757 1814 3968 1851 κοινωδ

2375 1886 2464 1940 νία
2490 1886 2625 1950 ἐστὶ,
2652 1888 2745 1939 καὶ
2787 1885 2846 1952 ἐξ
2889 1886 3061 1956 αὐτῆς
3104 1888 3139 1955 ἡ
3182 1886 3477 1957 ὁμοίωσις,
3522 1887 3791 1940 ἀνατείνει
3829 1889 3965 1953 τοὺς

2377 1980 2556 2051 ἱεροὺς
2576 1976 2839 2048 ἀγγέλους
2860 1978 3268 2042 ἐπιϐάλλοντας,
3286 1979 3361 2041 ὡς
3381 1978 3617 2048 θεμιτὸν,
3634 1977 3711 2049 τῷ
3730 1977 3973 2049 τοιούτῳ

2375 2071 2583 2143 ἀγαθῷ,
2614 2075 2706 2124 καὶ
2737 2073 2873 2143 μήτε
2904 2070 3037 2143 πρὸς
3066 2071 3127 2123 τὸ
3151 2071 3447 2142 ὑπέρτερον
3486 2071 3585 2139 τῆς
3624 2070 3965 2141 ὲναρμονίως

2374 2166 2467 2218 καλ⁵
2489 2165 2766 2227 εὐτάκτως
2791 2163 3133 2233 ἐνδιδομένης
3157 2163 3480 2231 θεοφανείας
3500 2203 3512 2225 ,
3559 2161 3707 2232 παρά
3752 2161 3855 2232 τὴν
3880 2162 3963 2214 δύ-

2374 2273 2536 2328 ναμιν
2561 2256 2740 2311 αὐτῶν
2765 2255 3355 2326 ἀπαυθαδιαζομένους,
3392 2257 3525 2326 μήτε
3571 2254 3706 2325 πρὸς
3754 2254 3816 2307 τὸ
3862 2256 3963 2308 κάδ

2374 2368 2562 2414 ταντες
2588 2352 2652 2403 ἐκ
2666 2350 2763 2419 τῆς
2792 2350 2884 2402 ἐπὶ
2903 2350 2965 2402 τὸ
2985 2352 3167 2420 χεῖρον
3185 2347 3428 2416 ὑφέσεως
3455 2346 3967 2415 ἀπολισθαίνοντας,

2375 2442 2490 2494 ἀλλ’
2546 2441 2777 2511 ὲδραίως
2818 2440 2911 2493 καὶ
2963 2438 3195 2500 ἀκλινῶς
3236 2438 3683 2509 ἀνατεινομένους
3730 2438 3824 2492 ἐπὶ
3860 2437 3963 2508 τὴν

2374 2530 2717 2601 ἐνδιδομένην
2748 2533 2957 2595 ἀκτῖνα,
2995 2530 3116 2584 καθ’
3164 2531 3287 2582 ὅσον
3336 2531 3517 2593 αὐτοῖς
3555 2532 3666 2582 ἐστι
3709 2528 3959 2589 δυνατὸν,

2374 2626 2469 2676 καὶ
2494 2622 2999 2693 ἀναπτερουμένους
3044 2622 3331 2691 σωφρόνως
3359 2637 3418 2672 τε
3462 2623 3554 2673 καὶ
3597 2619 3842 2682 εὐλαϐῶς
3881 2618 3961 2689 τῷ

2379 2714 2674 2784 συμμέτρῳ
2704 2712 2863 2783 ἔρωτι
2884 2713 2991 2765 τῶν
3021 2712 3250 2765 καθόσον
3276 2712 3356 2765 ἔνι
3378 2711 3581 2782 πρέπον
3610 2712 3702 2763 καὶ
3731 2710 3959 2765 δυνατὸν

2375 2805 2716 2875 ἐλλάμψεων.
2746 2804 2942 2868 Καλῶς
2965 2803 3021 2856 δὲ
3053 2804 3113 2857 τὸ
3151 2803 3493 2868 ἀδυνάτως·
3542 2802 3644 2855 κᾶν
3681 2801 3791 2871 γὶιρ
3837 2804 3957 2857 ir;—

2376 2897 2605 2969 χειρὴσῃ
2633 2914 2737 2961 τις,
2764 2896 2864 2948 οὐκ
2892 2897 3193 2963 ἐφικνεῖται
3219 2895 3339 2966 μὲν,
3374 2894 3530 2963 μόνον
3552 2894 3607 2946 δὲ
3636 2893 3734 2955 τὰς
3763 2892 3958 2963 νοεράς

2375 2988 2524 3057 δψεις
2546 2990 2695 3059 ἀμαυ
2709 2988 2983 3060 ρούμενος,
3010 2989 3102 3043 καί
3132 2985 3223 3040 τοῦ
3250 2986 3416 3049 ὅντως
3457 2985 3707 3038 ἐκπίπτει
3756 2983 3955 3052 φωτὸς,

704 3081 927 3145 (ελρΗὶι,
952 3096 1059 3133 non
1091 3094 1250 3133 secus
1269 3093 1333 3133 ac
1358 3082 1448 3147 qui
1476 3080 1747 3148 integrum
1772 3078 1943 3133 solem
1966 3078 2121 3132 oculo
2151 3092 2273 3133 cor-

2378 3083 2568 3153 ῶσπερ
2597 3084 2624 3133 ὁ
2657 3081 3034 3152 φιλονεικήσας
3054 3080 3171 3132 ὅλον
3200 3079 3348 3148 ἥλιον
3375 3077 3453 3147 τῷ
3482 3076 3775 3147 σωματικῷ
3803 3074 3955 3140 δέξαι

703 3190 866 3241 poreo
899 3174 1147 3238 excipere
1180 3174 1483 3227 contendit.
1519 3172 1632 3225 lloc
1665 3187 1784 3227 cum
1811 3172 2009 3225 divinre
2047 3174 2276 3227 virtutes

708 3268 993 3320 insinuare
1021 3264 1241 3329 vellent,
1268 3264 1546 3318 cherubim
1576 3274 1630 3316 et
1657 3264 1958 3332 serapbim,
1993 3262 2160 3316 facies
2199 3272 2279 3316 tes

706 3364 857 3425 gum,
892 3354 1248 3416 declarantes,
1276 3369 1334 3409 se
1368 3370 1472 3410 non
1517 3356 1785 3408 inliterere
1832 3352 2276 3419 contemplationi

708 3443 1007 3499 sublimiori
1046 3460 1206 3514 quam
1246 3446 1378 3514 ipsis
1418 3460 1679 3499 concessa
1705 3446 1796 3501 sit.
1826 3444 2004 3514 Atque
2043 3446 2146 3497 hoc
2163 3452 2274 3497 est:

708 3537 874 3591 Deum
900 3554 1045 3590 nemo
1080 3538 1207 3591 vidit
1263 3552 1491 3605 unquam
1522 3547 1571 3589 (ι.
1623 3536 1773 3591 Unde
1819 3538 1910 3605 qui
1965 3534 2144 3589 divina
2184 3550 2275 3587 sa—

707 3629 884 3694 piunt,
913 3631 1138 3698 gloriam
1170 3628 1287 3695 Dei,
1316 3644 1421 3685 non
1471 3637 1650 3685 autem
1704 3628 2074 3696 ipsumDeum
2100 3627 2278 3682 visum

708 3734 987 3776 asserunt.

780 3809 924 3880 §lll.
972 3811 1226 3880 llasergo
1256 3810 1468 3865 divinas
1516 3811 1700 3867 lances
1748 3811 2023 3867 imitantes
2053 3810 2143 3879 (id
2193 3820 2279 3865 est

711 3902 948 3956 divinam
983 3913 1299 3971 mqmtatem
1340 3903 1723 3970 seujustitiam
1771 3903 2094 3964 salutarem.
2144 3918 2279 3970 quo-

710 3995 851 4046 niam
884 3993 1271 4047 illusuatioues
1295 3994 1594 4057 secundum
1623 3995 1838 4051 modum
1864 3994 2276 4049 convenientem

709 4082 899 4153 llum),
958 4098 1052 4153 per
1085 4099 1218 4152 quas
1268 4086 1522 4139 nimirum
1572 4086 1755 4140 lances
1808 4085 2068 4153 angelica:
2112 4087 2276 4139 etiam

710 4176 958 4237 virtutes,
986 4175 1281 4230 secundum
1310 4178 1693 4239 convenientes
1723 4176 1851 4247 ipsis
1884 4178 2277 4231 illustratioaes

709 4270 1117 4334 gubernantur;
1148 4268 1415 4335 siquidem
1448 4268 1593 4337 quod
1622 4280 1853 4323 mentem
1879 4270 2280 4337 essentiamque

712 4370 933 4427 superat
964 4364 1207 4414 omnium
1235 4362 1325 4430 qui
1354 4361 1425 4414 dii
1453 4362 1807 4430 appellantur,
1844 4363 2157 4432 angelorum
2193 4364 2282 4419 in-

2381 3174 2504 3229 σθαι
2534 3173 2815 3244 ὀφθαλμῷ.
2840 3174 3016 3242 Ὅπερ
3045 3173 3099 3223 αἱ
3131 3170 3269 3222 θεῖαι
3293 3171 3545 3241 δυνάμεις
3566 3169 3953 3238 αίνιττόμεναι,

2378 3268 2642 3337 χερουὸὶμ
2668 3266 2761 3317 καὶ
2788 3266 3047 3335 σεραφὶμ,
3092 3263 3158 3314 τὰ
3187 3262 3453 3331 πρόσωπα
3478 3260 3830 3321 καλύπτουσι,
3870 3258 3955 3331 δη-

2378 3358 2572 3411 λοῦντα
2607 3358 2680 3428 μὴ
2715 3354 3057 3426 προσερίζειν
3100 3358 3166 3425 τῇ
3199 3353 3341 3423 ὑπὲρ
3387 3344 3583 3415 αὐτοὺς
3625 3352 3827 3422 θεωρίᾳ
3881 3351 3954 3423 μὴ

2378 3447 2659 3517 δεδομένῃ.
2696 3449 2805 3499 Καὶ
2846 3446 3003 3498 τοῦτό
3038 3448 3151 3497 ἐστι
3183 3445 3244 3495 τὸ
3267 3482 3279 3505 ,
3313 3443 3463 3497 Θεὸν
3492 3442 3690 3515 οὐδεὶς
3735 3442 3953 3509 ἑώρακε

2380 3540 2632 3594 πώποτε.
2662 3541 2820 3593 Ὅθεν
2851 3542 2895 3592 οἱ
2927 3540 3171 3607 θεόσοφοι
3197 3536 3351 3602 δόξαν
3375 3534 3532 3599 Θεοῦ,
3563 3534 3768 3588 ἀλλ’·οὺ
3819 3532 3952 3588 Θεὸν

2380 3634 2685 3705 ἑωρακέναι
2722 3634 2873 3702 φασί.

2454 3821 2479 3891 §
2518 3822 2607 3873 III.
2642 3817 2863 3880 Τούτοις
2894 3815 3280 3884 επόμενοιτοῐς
3318 3812 3483 3875 θείοις
3525 3822 3729 3879 ςυγοις,
3757 3813 3949 3881 (ἤγουν

2380 3916 2445 3983 τῇ
2478 3912 2738 3982 θεαρχικῇ
2796 3908 3041 3974 ἐξισώσει
3090 3907 3183 3958 καὶ
3223 3906 3461 3974 σωστικῇ
3493 3904 3826 3973 δικαιοσύνῃ,
3872 3903 3949 3955 ὅτι

2381 4006 2520 4059 κατὰ
2541 4004 2601 4055 τὸ
2624 4003 2896 4071 προσῆκον
2923 4000 3116 4068 μέτρον
3140 4001 3193 4050 αἱ
3209 3996 3502 4066 ὲλλάμψεις
3520 3995 3811 4065 γίνονται
3834 3995 3947 4047 καθ’

2381 4095 2471 4159 οὓς
2496 4094 2691 4162 ζυγοὺς
2715 4088 3189 4159 διακυϐερνοὼται
3234 4089 3328 4138 καὶ
3371 4088 3423 4136 αἱ
3467 4086 3752 4153 ἀγγελικαὶ
3794 4084 3941 4137 δυνά-

2385 4206 2504 4259 μεις
2532 4188 2609 4249 εἰς
2639 4185 2737 4246 τὰς
2765 4180 3142 4253 προσηκούσας
3185 4176 3473 4246 ὲλλάμψεις
3510 4178 3727 4240 αὐταῖς·
3770 4177 3827 4227 τὸ
3856 4174 3947 4245 μὲν

2382 4282 2523 4352 ὑπὲρ
2548 4280 2672 4332 νοῦν
2697 4277 2790 4331 καὶ
2828 4276 3015 4326 οὐσίαν
3036 4273 3135 4343 τῆς
3164 4271 3555 4341 παμὸασιλίδος
3584 4269 3823 4340 Τριάδος,
3860 4270 3946 4321 καὶ

2382 4377 2489 4429 τῶν
2522 4372 2827 4441 λεγομένων
2852 4365 2989 4419 θεῶν
3009 4406 3021 4427 ,
3055 4363 3195 4435 φημὶ
3224 4361 3467 4429 ἀγγέλων
3515 4378 3574 4413 τε
3634 4362 3727 4413 καὶ
3764 4362 3943 4429 ἁγίων,

712 4467 872 4522 quam
905 4460 957 4503 et
979 4462 1318 4518 sanctorum,
1353 4454 1715 4522 imperatricis
1736 4470 1800 4507 ac
1819 4459 2017 4526 regLnae
2043 4453 2273 4510 Trinita-

2390 4467 2685 4540 ἀρχούσης,
2714 4462 2776 4516 τὸ
2804 4462 3031 4531 κρύφιον
3062 4457 3154 4509 καὶ
3181 4454 3559 4525 ἀκατάληπτον
3603 4452 3945 4523 ἀνεξερευνῄ-

716 4544 788 4597 tis
813 4558 1070 4596 arcanum
1111 4543 1238 4597 illud
1270 4545 1820 4609 incontprebeusibile
1865 4562 1894 4599 a
1940 4550 2277 4603 scrutatione

712 4634 899 4689 vacuis
932 4635 1129 4689 utentis
1166 4638 1630 4699 venerationibus,
1679 4636 1969 4692 ineffabilia
1995 4652 2122 4694 vero
2161 4657 2275 4695 mo-

714 4727 868 4782 desto
914 4730 1146 4796 quodam
1208 4727 1425 4782 silentio
1462 4740 1855 4797 prosequentes
1883 4770 1899 4797 ,
1956 4730 2278 4799 fulgoribus.

714 4820 807 4891 qui
832 4822 989 4874 nobis
1020 4835 1050 4874 e
1087 4822 1292 4874 sanctis
1322 4819 1563 4888 Eloqniis
1592 4820 1872 4891 aﬂ‘ulgeut,
1912 4824 2278 4889 attendamus,

713 4916 768 4961 et
796 4921 827 4959 a
852 4907 1153 4978 Scripturis
1186 4909 1461 4971 illustrati.
1493 4911 1557 4964 ad
1586 4912 1797 4965 divinas
1822 4912 2024 4977 laudes.
2057 4916 2169 4968 sive
2199 4914 2281 4967 di-

718 4995 839 5049 vina
876 4999 1093 5051 nomina
1122 4998 1443 5069 dirigantur.
1477 4999 1671 5055 Verum
1732 5019 1838 5057 non
1871 5005 1942 5057 ita
1995 5004 2280 5074 dirigimur

717 5089 877 5161 303
907 5100 961 5143 et
983 5090 1352 5160 eﬂ'ormamur,
1386 5103 1446 5147 ut
1469 5096 1918 5153 irrationabiliter
1953 5110 2008 5170 et
2033 5099 2285 5169 imperite

717 5198 1033 5252 sequamur;
1077 5196 1134 5239 et
1158 5185 1392 5239 obscure
1409 5187 1805 5253 quodammodo
1832 5204 1894 5244 ac
1921 5191 2036 5244 sine
2060 5190 2280 5264 lumine,

718 5276 813 5329 sed
841 5276 914 5329 ita
946 5285 1003 5329 ut
1033 5274 1119 5330 illa
1146 5278 1381 5335 videndo
1410 5293 1720 5345 commensa
1766 5297 1977 5354 quoque
2017 5283 2173 5337 nobis
2199 5282 2283 5339 lu—

722 5369 866 5423 mina
894 5372 1265 5440 prtnbeantur,
1320 5374 1517 5444 quibus
1543 5372 1818 5436 instructi,
1850 5374 2175 5444 principium
2226 5384 2284 5430 et

720 5477 943 5518 causam
968 5467 1147 5521 omnis
1171 5468 1547 5524 illustrationis
1574 5469 1960 5525 collaudemus.
2004 5471 2283 5537 Quomodo

2384 4576 2498 4621 τοις
2522 4556 2640 4619 νοὸς
2661 4551 2960 4611 εὑλαὸείαις
2982 4586 2994 4607 ,
3020 4545 3088 4598 τὰ
3115 4544 3170 4596 δὲ
3198 4544 3410 4615 ἄρρητα
3436 4541 3669 4613 σώφρονι
3694 4544 3943 4615 τιμῶντες

2389 4655 2532 4721 σιγῇ,
2558 4650 2649 4701 ἐπὶ
2669 4648 2767 4708 τὰς
2797 4640 3136 4710 ὲνδιδομὲνας
3158 4637 3333 4705 αὐγὰς
3374 4635 3521 4705 παρά
3557 4634 3665 4687 τῶν
3721 4636 3941 4706 Γραφῶν

2387 4739 2812 4809 ἀνατε.νόμεθα,
2856 4730 2947 4787 καὶ
2993 4732 3142 4802 παρὰ
3176 4729 3284 4782 τῶν
3320 4727 3549 4798 Γραφῶν
3596 4726 3942 4795 φωταγωγού-

2393 4837 2551 4908 μεθα,
2576 4834 2675 4890 καὶ
2704 4830 2839 4901 πρὸς
2861 4828 2958 4890 τὰς
2988 4822 3311 4896 ὑμνολογίας
3338 4820 3435 4881 τὰς
3468 4818 3633 4884 θείας,
3669 4818 3827 4908 οίονεὶ
3852 4816 3940 4908 τὰς

2387 4929 2535 4991 θείας
2563 4922 2855 4993 ὀνομασίας
2906 4912 3319 4984 κανονιζόμεθα.
3366 4910 3439 4961 Οὐ
3477 4907 3858 4978 κανονιζὸμεθα
3887 4907 3938 4962 δὲ

2386 5020 2478 5071 καὶ
2501 5013 2667 5068 τυπού
2679 5012 2814 5083 μεθα
2835 5008 3025 5071 οὕτως,
3052 5007 3192 5058 ὥστε
3221 5001 3428 5069 ἀλόγως
3455 5000 3547 5051 καὶ
3574 4999 3799 5068 ἀμαθῶς
3822 5001 3937 5052 ἒπε-

2388 5108 2531 5169 σθαι,
2559 5104 2654 5158 καὶ
2676 5098 2783 5156 οἷον
2814 5097 3097 5158 σκοτεινῶς
3124 5094 3214 5147 καὶ
3235 5091 3573 5161 ἀφωτίστως,
3606 5088 3741 5143 ἀλλά
3765 5094 3854 5144 σὺν
3869 5090 3937 5160 τῷ

2384 5202 2515 5273 ὁρᾷν
2538 5200 2630 5251 καί
2653 5196 2719 5248 τὰ
2773 5191 3098 5263 συμμέτρως
3144 5186 3207 5238 δι’
3239 5182 3414 5237 αὐτῶν
3444 5183 3572 5252 ἡμῖν
3612 5181 3936 5273 παρεχόμενα

2388 5272 2559 5361 φῶτα,
2592 5289 2685 5342 καὶ
2711 5286 2807 5355 τὴν
2830 5281 3001 5354 ἀρχὴν
3020 5278 3112 5333 καὶ
3140 5277 3321 5331 αἰτίαν
3338 5275 3554 5344 ἀπάσης
3585 5272 3935 5342 φωτοφανείας

2385 5385 2593 5453 ὑμνεῖνι
2617 5379 2740 5441 Πῶς
2769 5377 2823 5429 δέ
2842 5378 2986 5427 ἐστιν
3010 5370 3150 5441 ἀρχὴ
3181 5370 3273 5423 καί
3296 5366 3443 5419 αίτία
3464 5406 3477 5422 ,
3504 5365 3667 5429 αὐτὸς
3701 5366 3731 5417 ὁ
3750 5362 3933 5436 Κύριος

2384 5475 2530 5544 λέγει
2566 5476 2623 5527 ὲν
2652 5474 2763 5534 τοῖς
2786 5470 2950 5539 ἱεροῖς
2992 5462 3373 5532 Εὑαγγελίοις·
3425 5456 3561 5527 Ἐγώ
3597 5460 3713 5527 ειμι
3740 5456 3780 5524 ἡ
3816 5454 3931 5523 ζωὴ,

722 5568 900 5611 autem
926 5556 995 5612 sit
1025 5559 1350 5629 principium
1380 5568 1431 5615 ct
1458 5574 1644 5630 causa,
1674 5563 1791 5635 ipse
1830 5563 2089 5621 Dominus
2114 5565 2166 5619 in
2198 5580 2273 5620 sa-

2389 5565 2485 5619 καὶ
2509 5565 2547 5635 ἡ
2571 5561 2927 5626 ἀνάστασις.
2955 5554 3076 5627 Ζωὴ
3124 5554 3230 5608 τῶν
3257 5548 3730 5621 ἅπολισθησάντων
3759 5546 3835 5609 εἱς
3847 5544 3933 5616 τὴν

862 5763 1069 5820 11min,
1110 5783 1145 5828 ι,
1182 5768 1263 5822 i8.
