4176 6308
169 420 276 475 διτ

737 416 826 470 DE
864 414 1117 470 DIVINIS
1155 409 1550 474 NOMINIBUS,
1585 406 1739 463 CAP.-
1776 406 1816 462 1.
1853 439 1920 449 -—-
1953 407 2300 463 PARAPHR.
2337 408 2802 464 PACIIYMERRF“

3285 417 3390 471 6l8

163 541 261 592 τοῦ
285 536 545 598 θεοειδοῦς
572 534 947 604 παραφθοραν·
976 532 1002 582 6
1027 534 1134 600 γὰρ
1166 529 1336 599 φθορὰ
1366 530 1477 590 τοῖς
1501 529 1731 595 σώμασι,
1765 532 1806 585 Α

1723 565 1731 585 ,
1765 532 1806 585 Α
1840 526 1946 578 cris
1972 524 2277 596 Evangelii-3
2312 528 2416 579 ait:
2478 525 2587 596 Ego
2611 546 2723 581 sum
2777 531 2881 583 vita
2927 543 2970 583 et
3007 535 3319 589 resurrectio
3343 542 3372 575 ν

167 625 326 678 τοῦτο
341 625 538 694 ψυχαῖς
563 623 594 691 ἡ
616 622 708 674 τοῦ
735 620 998 682 Θεοειδοῦς
1028 618 1354 689 παραφθορά
1375 635 1386 645 ”
1443 618 1734 676 ἀνάστασις

165 717 276 770 τῶν
307 716 739 770 ἀποπιπτόντων.
771 715 888 766 Ἔτι
915 713 970 765 δὲ
1001 712 1100 763 τῶν
1132 712 1270 763 κατά
1301 727 1421 762 τινα
1450 708 1604 762 ἄλλον
1650 708 1737 759 λο-

170 810 365 878 γισμδν
406 803 617 879 ἀνίερον
644 805 1034 875 σαλευομένων,
1068 803 1202 855 ὥστε
1236 801 1361 871 παρ’
1397 798 1571 868 ολίγον
1587 799 1738 867 ἐκχυ-

168 900 329 972 θῆναι
358 900 424 952 τὰ
458 899 596 952 κατὰ
617 896 747 950 Θεὸν
776 897 1105 965 διαϐήματα,
1134 896 1338 965 ἵδρυσις
1366 891 1505 964 ἱερὰ,
1537 891 1618 943 ὃτι
1645 890 1738 942 καὶ

166 994 195 1044 6
223 993 382 1054 σάλος
411 993 620 1062 ἀνίερος
639 1007 653 1020 ⁸
678 989 744 1043 τὰ
774 989 828 1042 δὲ
865 987 1076 1040 ἐναντία
1104 987 1209 1039 τῶν
1233 987 1488 1039 ἐναντίων
1515 985 1734 1052 ἰάματα.

171 1084 295 1135 Ἔτι
316 1082 421 1134 τῶν
446 1081 747 1153 ἑστηκότων
769 1080 1034 1148 ἀσφάλεια
1053 1097 1064 1108 ·
1098 1079 1196 1131 Ἐν
1217 1077 1296 1142 τῷ
1313 1075 1431 1141 Θεῷ
1447 1075 1553 1145 τὰρ
1573 1072 1738 1137 ποιή-

168 1189 351 1242 σομαι
376 1173 648 1242 δύναμιν,
681 1175 843 1242 φησὶν
873 1171 1102 1223 ὁΔαυίδ.
1129 1171 1237 1221 Καὶ
1263 1169 1367 1221 τῶν
1391 1166 1738 1236 ἀναγομένων

167 1265 260 1318 διὰ
292 1264 523 1336 θεωρίας
548 1266 636 1317 ἐπ’
677 1265 844 1334 αὐτὴν
879 1264 1240 1335 χειραγωγία·
1289 1262 1366 1313 ἔτι
1415 1261 1524 1330 γὰρ
1562 1258 1738 1312 αὐτῶν

168 1358 502 1420 καλούντων,
536 1359 681 1429 ἐρεῖ·
743 1357 873 1409 Ἰδοὺ
906 1356 1149 1425 πάρειμι.
1182 1356 1288 1406 Καὶ
1319 1355 1453 1424 μετὰ
1477 1352 1572 1422 τὴν
1612 1353 1740 1403 ἀνα-

168 1449 356 1519 γωγὴν
378 1449 490 1501 τῶν
524 1447 904 1518 φαγειζομένων
931 1447 1210 1516 ἕλλαμψις.
1240 1446 1333 1498 καὶ
1353 1444 1623 1514 βαθμηδὸν
1652 1443 1694 1472 ⁵⁸
1723 1447 1736 1462 ⁶

167 1539 280 1594 τῶν
302 1539 658 1610 τελουμένων,
689 1539 946 1610 ἀρχὴτῆς
970 1540 1149 1592 αὐτῶν
1184 1538 1484 1608 προκοπῆς,
1512 1536 1604 1588 καὶ
1632 1534 1739 1585 τῶν

169 1629 478 1700 Θεουμένων
504 1612 859 1702 ἐτιθεαρχία.
897 1633 1005 1684 Καὶ
1035 1631 1114 1684 ἔτι
1144 1631 1251 1683 τῶν
1290 1629 1397 1681 ἀπὸ
1441 1629 1538 1699 τῆς
1582 1627 1740 1678 πολυ-

169 1721 428 1774 συνθέτου
460 1720 588 1791 ὕλης
610 1721 1045 1791 ἀπογενομένων,
1072 1721 1170 1792 καὶ
1201 1720 1549 1790 ἀπλουμένων
1580 1718 1740 1771 ἁπλό-

166 1827 290 1881 της,
320 1813 411 1864 καὶ
456 1811 562 1864 τῶν
591 1814 916 1884 ὲνιζομένων
953 1815 1048 1865 καὶ
1085 1814 1144 1864 τὸ
1174 1811 1374 1881 κυρίως
1411 1810 1468 1862 ἒν
1501 1811 1738 1864 καταλα-

167 1877 373 1954 ϐόντων
403 1896 587 1971 ἑνότης
607 1919 619 1931 ο
649 1877 829 1975 πάσης
850 1905 1021 1975 ἀρχῆς
1041 1902 1202 1973 ἀρχὴ.
1232 1877 1324 1954 καὶ
1351 1901 1629 1976 μετάδοσις
1644 1898 1733 1953 τοῦ
1768 1877 1812 1933 Β

168 1991 404 2061 κρυφίου
431 1992 496 2044 δι’
520 1992 846 2063 ὰγαθότητα,
874 1993 986 2064 ςωὴ
1012 1993 1117 2046 τῶν
1156 1992 1371 2056 ζώντων
1391 2033 1403 2054 ,
1443 1993 1601 2045 οὐσία
1629 1995 1738 2044 τῶν

167 2080 361 2142 ὄντων,
394 2083 533 2154 ἀρχὴ
563 2085 657 2137 καὶ
681 2082 827 2136 αίτία
857 2085 965 2136 τῶν
991 2084 1185 2136 οὐσιῶν
1211 2121 1224 2145 ,
1255 2081 1290 2135 ἃ
1329 2082 1392 2154 δὴ
1434 2083 1608 2136 πάντα
1648 2083 1741 2136 καὶ

168 2174 407 2243 παράγει
435 2177 527 2227 καὶ
567 2177 779 2246 συνέχει
816 2177 881 2229 δι’
911 2175 1236 2243 ἀγαθότητα.

1841 617 1959 670 Vita
1992 633 2178 671 eorum
2231 620 2320 686 qui
2387 619 2624 672 divinam
2655 624 2943 692 imaginem
2979 626 3027 677 in
3054 641 3110 680 se
3143 629 3395 681 aboleve-

1839 718 1993 773 rnnt;
2023 711 2164 776 quod
2195 713 2339 763 enim
2371 709 2620 764 interitus
2651 724 2734 764 est
2762 715 3097 781 corporibus,
3149 717 3249 770 hoc
3282 720 3400 770 ani—

1841 799 1942 852 mis
1964 799 2158 854 divinze
2182 801 2435 870 imaginis
2459 802 2712 868 abolitio;
2748 810 3072 862 resurrectio
3092 825 3276 864 eorum
3306 814 3398 879 qui

1841 892 2183 946 exciderunt.
2213 893 2293 945 Ad
2328 895 2440 948 haec
2470 911 2600 948 vero
2636 898 2846 964 impuro
2880 911 3026 954 motu
3067 906 3398 965 nutantium,

1842 983 1915 1035 ita
1953 993 2070 1037 uta
2099 984 2190 1037 Dei
2242 987 2486 1053 vestigiis
2539 989 2858 1057 semitisque
2915 992 3028 1046 fere
3075 996 3400 1062 exciderint,

1842 1089 2056 1128 sacrum
2089 1074 2516 1140 ﬁrmamentum,
2553 1080 2811 1145 quoniam
2864 1086 3074 1138 nutatio
3108 1087 3210 1140 ista
3243 1103 3401 1156 pror-

1842 1182 1933 1221 Sus
1966 1167 2174 1228 impura
2205 1177 2322 1232 est;
2357 1171 2632 1223 contraria
2665 1181 2844 1224 autem
2889 1178 3174 1231 contrariis
3209 1194 3403 1233 curan-

1844 1270 1950 1311 tur.
1980 1259 2060 1312 Ad
2095 1261 2206 1312 lucc
2237 1261 2497 1312 stantium
2531 1265 2831 1317 securitas:
2862 1264 2929 1317 In
2962 1265 3065 1321 Deo
3108 1268 3272 1334 enim,
3320 1272 3404 1325 iu-

1840 1351 1955 1417 qnit
1981 1351 2168 1413 David,
2193 1347 2395 1418 faciant
2421 1353 2660 1406 virtutem
2695 1367 2741 1407 θ.
2773 1355 2837 1408 Ει
2868 1359 2933 1408 ad
2954 1373 3011 1412 se
3042 1373 3136 1428 per
3161 1363 3402 1416 cantem-

1840 1441 2135 1507 plationem
2164 1442 2499 1495 tendentium
2527 1446 2902 1514 manudnctio;
2927 1466 3046 1503 nam
3075 1452 3201 1519 ipsis
3227 1454 3404 1509 adhuc

1839 1533 2210 1585 clamantibus
2239 1535 2406 1588 dicit:
2437 1536 2577 1589 Ecce
2615 1539 2823 1593 adsum.
2857 1541 2922 1593 Et
2972 1553 3090 1610 post
3124 1544 3404 1600 adductio—

1845 1640 1963 1676 nem
2003 1625 2434 1678 illuminatnrunt
2478 1627 2790 1690 illustratio,
2849 1640 2903 1685 et
2958 1634 3101 1687 basis
3136 1635 3404 1702 perfecto-

1842 1730 1961 1767 rnm
1992 1730 2054 1768 ac
2079 1717 2400 1783 principium
2423 1718 2694 1786 profectus
2714 1736 2922 1785 eorum,
2949 1734 3006 1777 et
3031 1724 3400 1780 dciticatorum

1843 1807 2166 1876 principium
2198 1810 2518 1863 divinitatis.
2560 1813 2736 1880 Atque
2790 1815 3010 1880 insuper
3067 1832 3093 1869 a
3138 1822 3401 1874 materiali

1847 1900 2246 1968 multiplicitatc
2274 1903 2660 1966 recedentium,
2690 1919 2752 1957 ac
2774 1908 3240 1974 simplilicatorum
3269 1914 3399 1966 sitn—

1847 1990 2081 2058 plicitas,
2112 1999 2166 2042 et
2190 1991 2489 2054 uuilorum,
2530 2007 2592 2047 ac
2616 1995 2831 2061 proprie
2850 1998 3109 2051 unitatem
3138 2001 3404 2070 recipien-

1847 2081 2221 2144 tinmnnitas;
2277 2083 2458 2133 omnis
2514 2083 2761 2152 principii
2819 2088 3182 2158 principium,
3243 2104 3405 2159 atque

1849 2171 2016 2224 abditi
2053 2171 2195 2223 illius
2244 2186 2337 2238 per
2368 2173 2664 2226 bonitatem
2705 2182 3159 2244 communicatio;
3194 2184 3299 2236 vita
3329 2187 3405 2236 vi-

171 2267 434 2325 ventium,
466 2269 701 2323 essentia
732 2274 960 2335 entium,
1007 2270 1331 2337 principium
1378 2277 1434 2323 et.
1482 2282 1641 2322 causa
1687 2267 1914 2330 entium,
1961 2278 2180 2336 propter
2232 2267 2535 2322 bonitatem
2588 2283 2691 2337 qua
2750 2280 2804 2323 et
2851 2274 3104 2338 producit
3169 2285 3223 2328 et
3277 2293 3405 2329 ron-

167 2369 355 2410 θεῖναι
390 2361 658 2414 universa.

243 2448 272 2520 ς
314 2451 398 2504 IV.
441 2448 622 2506 Ταῦτα
649 2456 795 2526 παρὰ
817 2457 924 2508 τῶν
942 2457 1100 2528 ἱερῶν
1122 2457 1352 2529 Γραφῶν
1393 2459 1738 2529 μεμυήμεθα.

170 2541 284 2594 Καὶ
312 2545 490 2596 πᾶσαν
515 2546 766 2616 εὑρήσεις
818 2548 1139 2616 ὑμνολογίαν
1186 2547 1294 2602 τῶν
1342 2547 1602 2617 θεολόγων
1644 2548 1743 2612 τὰς

168 2628 310 2683 Θεοῦ
335 2632 629 2703 ὀνομασίας
648 2621 1112 2700 ’διασκευάζουσαν
1152 2636 1287 2709 πρὸς
1332 2637 1430 2701 τὰς
1473 2637 1566 2691 τοῦ
1606 2637 1739 2690 Θεοῦ

169 2725 475 2795 ἐνεργείας,
503 2728 561 2780 οὐ
593 2729 728 2798 πρὸς
750 2728 846 2802 τὴν
871 2731 1030 2799 φύσιν
1071 2731 1233 2788 αὐτοῦ
1286 2733 1365 2794 είς
1415 2730 1600 2801 ὕμνον,
1648 2732 1743 2783 καὶ

170 2817 530 2890 ὲκφαντορίαν
556 2817 735 2885 ποσῶς
760 2823 921 2877 αὐτοῦ
941 2841 954 2854 ·
986 2827 1313 2896 ὲκφάντορες
1351 2825 1459 2897 γὰρ
1497 2825 1741 2893 λέγονται

169 2914 220 2965 οι
247 2911 359 2965 τῶν
387 2915 700 2987 μυστηρίων
721 2916 791 2969 τὰ
813 2917 1025 2989 ἄρρητα
1052 2936 1111 2971 συ
1121 2918 1390 2989 μόολικῶς
1427 2917 1745 2988 ἀναφαίνον-

170 3019 283 3065 τες.
317 3005 476 3057 Ὅθεν
509 3007 600 3059 καὶ
643 3008 698 3060 ὲν
736 3009 971 3072 άπάσαις
1014 3013 1131 3073 ταῖς
1172 3010 1338 3072 Θείαις
1374 3010 1614 3080 Γραφαῖς
1653 3011 1742 3063 τὸν

171 3095 310 3148 Θεὸν
335 3097 547 3167 ὁρῶμεν
586 3100 744 3170 ίερῶς
788 3101 1120 3170 ὑμνούμενον
1157 3103 1231 3164 ὡς
1272 3101 1471 3170 μονάδα
1512 3102 1610 3171 μὲν
1650 3103 1744 3155 καὶ

1916 2458 2060 2529 ςιν.
2095 2458 2221 2513 Haec
2260 2473 2325 2512 ex
2385 2459 2681 2530 Scripturis
2739 2457 2936 2513 divinis
2984 2461 3290 2516 didicimus.
3343 2463 3407 2517 lit

1847 2565 2062 2605 omnem
2097 2553 2333 2619 reperies
2367 2551 2737 2621 theologorum
2764 2552 3000 2615 laudem,
3057 2553 3149 2606 Dei
3185 2557 3403 2608 nomina

1848 2645 1913 2697 ad
1944 2643 2155 2696 divinas
2181 2643 2529 2712 Operationes
2561 2643 2790 2709 referre,
2819 2658 2922 2697 non
2953 2646 3020 2697 ad
3050 2647 3219 2714 ipsius
3249 2658 3407 2701 natu-

1849 2750 1985 2797 rain,
2017 2734 2158 2801 quod
2191 2734 2242 2788 id
2276 2732 2420 2787 laudi
2448 2743 2506 2785 et
2549 2733 2994 2803 interpretationi
3045 2736 3160 2801 ejus
3203 2740 3408 2792 condu-

1850 2836 1967 2892 cat;
2008 2827 2328 2894 interpretes
2373 2827 2515 2879 enim
2547 2826 2819 2890 dicuntur,
2853 2828 2940 2896 qui
2977 2827 3269 2882 ineﬂabilia
3294 2846 3407 2902 my-

1847 2920 2010 2971 steria
2035 2916 2330 2984 symbolice
2360 2927 2658 2982 exponunt.
2695 2916 2830 2969 llinc
2855 2918 2904 2968 in
2934 2918 3184 2973 omnibus
3236 2919 3404 2976 ferme

1846 3007 2046 3062 divinis
2078 3006 2376 3074 Scripturis
2408 2993 2571 3060 lfenm
2604 3018 2789 3061 sancte
2825 2996 3185 3063 collaudatum
3222 3014 3404 3066 cerui-

1848 3113 1988 3162 mus,
2027 3105 2085 3150 ut
2113 3099 2396 3153 monadem
2447 3099 2662 3164 quidem
2697 3108 2750 3151 et
2802 3101 3063 3154 unitatem
3092 3141 3106 3164 ,
3147 3105 3402 3170 quoniam

172 3185 355 3249 ἑνάδα,
385 3189 504 3241 ἐπεὶ
529 3191 560 3258 ἠ
589 3190 753 3260 μονὰς
781 3191 1068 3255 ἀσύνθετός
1098 3195 1211 3244 ἐστι
1236 3192 1328 3244 καὶ
1353 3193 1564 3262 ἀμερής
1587 3209 1599 3222 ο
1626 3195 1658 3263 ἡ
1688 3193 1742 3246 δὲ
1771 3182 1814 3242 C

1771 3182 1814 3242 C
1846 3205 2034 3245 monas
2063 3191 2413 3258 incomposita
2445 3201 2528 3245 est
2551 3201 2604 3244 et
2628 3193 2927 3256 individua,
2987 3197 3170 3248 unitas
3224 3207 3400 3251 autem

169 3281 298 3344 ὲνὰς
324 3280 498 3333 ὲνιαία
523 3298 603 3344 τις
630 3284 723 3334 καὶ
743 3284 992 3354 ἡνωμένη
1019 3286 1110 3337 καὶ
1131 3285 1494 3356 ένοποιητικὴ,
1526 3286 1611 3337 ἵνα
1640 3302 1741 3336 πα-

173 3377 346 3446 ραστῇ
376 3372 521 3443 ήτοῦ
546 3374 680 3426 Θεοῦ
707 3375 955 3444 ἀμέρεια.
983 3377 1055 3429 Τὸ
1086 3375 1193 3447 γὰρ
1219 3377 1402 3444 δγκοις
1445 3378 1540 3430 καὶ
1578 3378 1738 3449 πηλι-

171 3469 364 3539 κότησι
391 3467 784 3538 διειλημμένον,
811 3469 966 3521 τοῦτο
993 3469 1066 3535 ὡς
1092 3470 1186 3523 am:
1207 3471 1301 3523 καὶ
1331 3470 1486 3540 σῶμα
1528 3470 1741 3542 μερίζε-

167 3575 292 3611 ται·
324 3559 384 3610 τὸ
404 3559 459 3611 δὲ
488 3559 709 3630 ἀμερὲς,
734 3562 826 3613 καὶ
846 3561 1168 3630 ἁνέμφατον,
1198 3561 1332 3614 ἀλλὰ
1355 3563 1447 3615 καὶ
1474 3561 1614 3631 ὑπὲρ
1641 3564 1742 3614 πᾶ-

173 3651 273 3703 σαν
302 3652 395 3703 ἐστ
423 3669 448 3688 ν
477 3652 812 3721 ἀσωματίαν.
846 3652 1053 3716 ’Ἄλλως
1076 3670 1135 3704 τε
1164 3653 1349 3723 ἐπειδὴ
1389 3651 1688 3722 διανοηθεὶς
1714 3655 1741 3704 6

169 3743 306 3806 Θεὸς
335 3741 685 3812 βουλητικῶς,
717 3743 892 3796 πάντα
919 3743 1242 3813 ὑπέστησεν,
1269 3743 1364 3812 οὐχ
1386 3738 1474 3795 οἷά
1511 3761 1594 3805 τις
1620 3743 1742 3805 νοῦς

169 3833 252 3896 είς
280 3834 492 3902 νοήσεις
520 3832 790 3902 μερισθεὶς
830 3832 1300 3903 ὲπολυπλασιάσθη
1324 3871 1338 3896 ,
1380 3832 1514 3884 ἀλλὰ
1558 3833 1742 3904 μείνας

170 3923 266 3975 mi.
285 3923 458 3992 μένων
485 3925 541 3974 ὲν
564 3925 628 3993 τῇ
666 3923 806 3976 ένὰδι
829 3923 1047 3994 ἀμερῶς
1073 3931 1164 3975 καί
1187 3923 1545 3986 ἀσκεδάστως,
1569 3928 1742 3977 πάντα

167 4013 243 4068 τὰ
268 4016 326 4065 ὲν
349 4017 415 4084 τῇ
438 4014 607 4066 κτίσει
633 4015 725 4067 καὶ
759 4014 1028 4085 ὑπέστησε
1054 4015 1145 4066 καὶ
1172 4014 1456 4085 ὑφίστησιν
1474 4032 1485 4043 ·
1518 4015 1620 4079 ἕως
1637 4014 1742 4085 γὰρ

169 4104 304 4171 ἄρτι
329 4103 639 4172 ἐργάζεται.
685 4105 1098 4175 Ὑπερήτιλωται
1126 4101 1235 4167 οὖν,
1267 4108 1442 4158 πᾶσαν
1469 4105 1742 4174 ἁπλότητα

168 4193 279 4263 ἁμε
291 4193 397 4264 ρῶς
425 4194 734 4264 ὑπεραίρων
758 4211 769 4222 °
802 4195 1008 4247 ἐκεῖθεν
1035 4194 1089 4247 δὲ
1116 4196 1206 4248 καὶ
1228 4198 1360 4265 ἡμῖν
1387 4198 1419 4266 ἡ
1451 4195 1640 4257 ἓνωσις
1663 4195 1743 4263 γίο

171 4300 344 4334 νεται.
379 4283 500 4346 Πῶς
524 4284 579 4336 δὲ
607 4284 1013 4354 ὲνοποιούμεθα,
1040 4284 1146 4337 τῶν
1191 4285 1458 4355 μεριστῶν
1494 4287 1743 4356 ὲτεροτή-

169 4390 236 4426 tu
333 4375 451 4427 καθ’
476 4375 538 4438 ἂς
562 4375 789 4439 ἕκαστος
815 4377 1055 4446 διαφέρει
1094 4377 1342 4438 ἑκάστου,
1397 4392 1741 4445 συμπτυσσο-

174 4467 355 4537 μένων
383 4486 394 4520 2
425 4469 543 4520 Μιά
569 4469 675 4536 γὰρ
701 4470 920 4533 πίστις,
949 4468 1044 4520 καί
1089 4467 1158 4520 ἐν
1189 4468 1533 4536 βάπτισμα,
1574 4469 1666 4520 καὶ
1714 4471 1742 4520 6

170 4559 408 4630 Χριστὸς
432 4563 488 4612 ου
517 4562 839 4632 μεμέρισται
878 4561 1017 4613 κατὰ
1056 4561 1144 4613 τὸν
1187 4561 1358 4631 μέγαν
1396 4560 1733 4613 Ἀπόστολον.
1774 4541 1812 4594 D

171 4651 525 4721 Σ·ιναγόμεοα
546 4654 675 4719 γοῦν
701 4654 779 4715 εἰς
807 4651 1012 4721 Οεοειδῆ
1040 4651 1239 4721 μονάδα
1257 4692 1272 4715 ,
1302 4651 1460 4704 ἁπλοῖ
1483 4652 1573 4702 καὶ
1605 4653 1740 4721 ἀμε-

172 4746 288 4814 ρεῖς
318 4745 410 4795 καὶ
437 4745 616 4814 ἠμῖς,
652 4744 725 4808 ὡς
751 4746 780 4795 6
800 4744 949 4807 Θεὸς,
979 4743 1118 4796 κατὰ
1142 4743 1202 4795 τὸ
1230 4743 1507 4813 προσῆκον
1523 4742 1739 4812 γινόμε-

169 4850 274 4893 νοι,
299 4835 394 4886 καὶ
419 4838 495 4897 εἰς
523 4835 844 4906 θεομέμητον
867 4835 1075 4898 ἕνωσιν,
1093 4835 1332 4887 τουτέστι
1350 4835 1440 4886 καὶ
1462 4833 1738 4886 ἑνοποιού-

171 4926 317 4992 μεθα
347 4928 436 4979 καὶ
463 4928 804 4999 ένοποιοῦμεν
823 4946 836 4958 ·
862 4928 1018 4981 τοῦτο
1036 4930 1142 4999 γάρ
1161 4931 1276 4982 ἐστι
1301 4927 1362 4980 τὸ
1389 4927 1734 4998 θεομίμητον,

168 5016 295 5068 καθ’
325 5015 353 5066 ὃ
377 5021 466 5069 καὶ
501 5021 604 5072 υἱοὶ
629 5020 761 5073 Θεοῦ
795 5019 1079 5074 καλοῦνται
1106 5022 1153 5071 oi
1182 5021 1526 5090 είρηνοποιοὶ,
1555 5021 1632 5072 ὅτι
1659 5038 1741 5088 μι-

171 5107 562 5178 μοῦνταιθεόν.
598 5111 668 5164 Ἦ
692 5110 820 5178 γοῦν
842 5109 1011 5173 οὕτως
1026 5113 1074 5162 oi
1103 5110 1282 5162 πολλοὶ
1299 5113 1364 5180 τῇ
1384 5111 1573 5180 εἰρήνῃ
1590 5110 1739 5163 ἐνού-

171 5199 338 5269 μεθα,
366 5202 399 5269 ἢ
427 5202 518 5252 καὶ
541 5204 568 5253 ὁ
591 5198 669 5265 εἷς
698 5203 815 5254 καθ’
841 5202 1028 5254 ἑαυτὸν
1055 5201 1265 5253 ἑνοῦται
1290 5202 1731 5271 τοιουτοτρόποις.

181 5290 271 5352 Ὠς
299 5289 408 5359 γὰρ
434 5292 524 5343 ἐπὶ
549 5291 655 5345 τῶν
682 5293 1079 5364 ὑπερκοσμίων,
1128 5294 1218 5345 καὶ
1243 5293 1399 5344 τοῦδε
1421 5292 1514 5343 τοῦ
1539 5292 1732 5362 ὁρατοῦ

166 5378 238 5430 τὰ
264 5379 552 5450 κατώτερα
578 5380 870 5452 ἔστραπται
894 5383 983 5433 ἐπὶ
1005 5381 1072 5433 τὰ
1099 5380 1464 5452 ὑπερκείμενα
1489 5420 1503 5442 ,
1545 5383 1638 5434 καὶ
1674 5383 1733 5433 τὸ

254 5547 272 5573 τ
309 5533 468 5590 Joan.
497 5551 577 5601 ιι,
610 5536 703 5592 25.
781 5547 802 5574 ⁸
840 5537 985 5590 Psal.
1020 5552 1129 5600 ux,
1161 5539 1242 5593 l5.

1329 5543 1340 5574 ί
1373 5536 1524 5591 Joan.
1561 5553 1615 5588 v.
1650 5537 1733 5590 ΓΙ.
1812 5546 1836 5572 τι
1863 5537 2058 5607 Ephes.
2097 5551 2169 5600 tv,
2205 5537 2256 5590 5.

1842 3285 2045 3339 unitiva
2074 3292 2174 3346 est,
2205 3292 2258 3335 et
2283 3283 2453 3344 unita,
2488 3293 2543 3336 et
2575 3284 2800 3348 unitica,
2833 3296 2890 3335 ut
2921 3297 3271 3353 repraesentet
3307 3289 3400 3343 Dei

1843 3375 2296 3429 individuitatem.
2332 3374 2482 3438 Quod
2526 3377 2670 3427 enim
2720 3377 2858 3429 mole
2909 3388 2960 3430 et
3009 3381 3405 3447 quantitatibns

1842 3469 2164 3521 distinctum
2199 3477 2301 3530 est,
2336 3469 2435 3520 hoc
2468 3469 2641 3520 instar
2671 3470 2916 3536 corporis
2956 3472 3006 3522 in
3051 3481 3231 3539 partes
3261 3475 3402 3526 divi—

1841 3559 2024 3621 ditur;
2062 3559 2204 3625 quod
2230 3569 2409 3611 autem
2442 3572 2595 3626 parte
2618 3569 2784 3622 caret,
2824 3559 2874 3611 id
2907 3560 3065 3612 etiam
3094 3577 3196 3614 non
3234 3578 3402 3631 appu-

1845 3659 1946 3715 ret,
1973 3650 2212 3716 quiuimo
2233 3659 2316 3703 est
2346 3664 2507 3717 supra
2530 3664 2743 3703 omnem
2766 3650 3258 3716 incorpmeitatem.
3290 3655 3404 3707 Ca»

1846 3748 2019 3795 terum
2055 3756 2176 3795 cum
2229 3743 2392 3794 ctiam
2443 3742 2729 3808 cogitando
2789 3742 2930 3796 Deus
2975 3745 3247 3798 voluntate
3303 3762 3398 3798 sua

1845 3833 1970 3887 fecit
1995 3843 2185 3886 cuncta
2215 3833 2529 3894 subsistere,
2585 3849 2688 3887 non
2725 3841 2978 3899 tanquam
3018 3851 3168 3889 mens
3224 3835 3400 3905 aliqua

1845 3925 1895 3978 in
1927 3923 2281 3991 cogitationes
2311 3924 2479 3976 divisa
2523 3923 2909 3990 multiplicatus
2960 3924 3097 3987 fuit,
3126 3927 3217 3979 sed
3252 3938 3402 3994 post-

1844 4029 2003 4082 quam
2042 4015 2093 4066 in
2131 4029 2188 4068 se
2218 4017 2417 4067 mansit
2439 4029 2501 4068 ac
2531 4025 2708 4067 manet
2728 4015 2779 4067 in
2812 4015 3020 4068 unitate
3050 4017 3252 4086 absque
3279 4033 3400 4084 par-

1844 4108 2033 4161 titione
2060 4118 2222 4175 atque
2251 4107 2538 4171 divisione,
2583 4118 2866 4161 creaturas
2907 4122 3095 4162 omnes
3127 4119 3182 4161 et
3240 4107 3402 4180 304

1846 4200 2145 4252 subsistere
2204 4197 2327 4250 fecit
2357 4238 2369 4257 ,
2409 4207 2463 4249 et
2514 4207 2814 4260 sustentat;
2875 4213 2997 4251 nam
3042 4215 3201 4267 usque
3249 4203 3401 4253 modo

1844 4299 2088 4356 operatur
2114 4288 2159 4341 ί.
2192 4288 2463 4358 Singulari
2509 4303 2638 4357 ergo
2672 4292 2831 4342 modo
2884 4288 3259 4358 simplilicatus
3295 4302 3398 4350 est,

1843 4380 2604 4448 quiomnemsimplicitatem
2654 4380 2928 4433 indivisim
2986 4381 3224 4447 excedit,
3277 4383 3399 4434 inde

1845 4474 1987 4526 enim
2023 4472 2174 4526 nobis
2203 4473 2328 4526 unio
2362 4472 2609 4540 obtingit.
2643 4471 2922 4535 Quomodo
2948 4481 3126 4525 autem
3161 4474 3397 4536 unimur,

1843 4579 1963 4615 cum
1995 4563 2314 4632 partialibns
2341 4573 2654 4616 constemus
2703 4563 3111 4615 diversitatibns
3132 4603 3146 4624 ,
3197 4579 3394 4616 secun-

1841 4654 1966 4706 dum
1985 4669 2122 4721 quas
2152 4653 2378 4719 quilibet
2401 4652 2465 4705 ab
2496 4651 2667 4705 altero
2691 4653 2902 4706 dilfert?
2929 4652 3033 4706 Sed
3058 4670 3158 4705 una
3177 4655 3329 4720 ﬁdes,
3353 4667 3398 4707 ει

1841 4763 2002 4798 unum
2026 4747 2278 4812 baptisma
2310 4757 2334 4782 ιι
2355 4785 2370 4807 ,
2402 4755 2454 4796 et
2486 4743 2734 4797 Christus
2763 4761 2866 4797 non
2917 4744 3199 4810 dividitur,
3237 4746 3392 4810 juxta

1841 4850 2089 4902 magnum
2119 4834 2452 4902 Apostolum.
2470 4833 2857 4904 Conjuugitnur
2875 4833 3052 4902 itaque
3075 4835 3127 4886 in
3152 4834 3395 4888 dciformi

1845 4925 2075 4988 unitate,
2108 4925 2205 4994 ipsi
2239 4939 2477 4992 quoque,
2540 4931 2697 4989 prout
2743 4926 2898 4977 decet
2930 4926 3101 4976 instar
3139 4925 3225 4977 Dei
3263 4927 3398 4978 sim-

1842 5017 2009 5083 plices
2064 5025 2118 5069 et
2160 5016 2392 5083 partium
2449 5025 2698 5083 expertes
2726 5013 2922 5074 eﬂ‘ecti,
2954 5024 3008 5066 et
3039 5015 3105 5066 ad
3144 5015 3394 5069 unionem

1843 5105 2007 5159 Deum
2033 5105 2332 5158 imitantem
2367 5105 2623 5166 revocati,
2665 5105 2713 5156 id
2737 5111 2817 5158 est
2842 5102 3163 5155 unificamur
3191 5112 3242 5155 et
3274 5105 3396 5154 uni-

1841 5194 2096 5258 ficamns;
2127 5195 2228 5249 hoc
2251 5196 2392 5248 enim
2425 5205 2510 5248 est
2547 5194 2712 5248 Deum
2766 5194 2998 5258 imitari,
3047 5193 3195 5259 juxta
3250 5194 3390 5260 quod

1837 5290 2000 5341 etiam
2027 5287 2238 5355 paciﬁci
2261 5287 2353 5340 ﬁlii
2382 5287 2472 5341 Dei
2495 5286 2831 5355 appellantur
2853 5295 2912 5352 τ,
2946 5286 3198 5354 quoniam
3223 5284 3386 5336 Deum

1839 5379 2142 5431 imitantur.
2169 5378 2351 5446 Itaque
2383 5379 2461 5430 vel
2503 5378 2654 5430 multi
2684 5378 2759 5430 ita
2787 5393 2881 5446 per
2921 5392 3107 5447 pacem
3149 5378 3390 5440 unimur,

2338 5544 2362 5573 τ
2388 5534 2573 5589 Matth.
2618 5550 2669 5596 ν,
2696 5533 2749 5587 9.

1440 5690 1667 5744 νΑῐιιΑΞ
1705 5688 2105 5744 LECTIONES.

245 5829 315 5865 ιη’
342 5827 556 5902 βαθμίς.

696 5923 955 5986 Ρηιιοι..
1004 5926 1119 5986 Gn.
1168 5925 1270 5990 Ill.

2831 5924 2910 5984 20
