4176 6308
807 398 913 457 619

1964 402 2021 458 S.
2059 401 2359 459 DIONYSII
2396 405 2857 462 ΑΒΕΟΡΔΟΙΤΑΞ

3941 416 4042 472 620

807 516 894 570 vel
925 516 1021 587 qui
1054 515 1106 570 in
1140 530 1198 574 se
1237 530 1379 572 unus
1406 524 1488 571 est
1515 518 1683 574 hocce
1710 518 1867 573 modo
1915 523 2122 576 uuitur.
2176 522 2364 590 Quem-

2478 527 2786 598 σωματικὸν
2820 527 3082 599 ήδρασται
3114 529 3172 583 ἐν
3206 528 3284 601 τῷ
3314 529 3495 596 ζῶντι,
3519 528 3608 601 (ἐν
3638 530 3747 603 γὰρ
3793 532 3868 603 τῇ
3894 538 4037 605 χειρὶ

807 609 1094 663 admodum
1120 608 1261 663 enim
1294 609 1346 662 in
1374 608 1927 680 supramundialibus,
1958 621 2014 667 et
2041 614 2141 667 hoc
2170 617 2372 669 mundo

805 704 893 774 qui
925 704 1136 759 videtur
1195 702 1457 760 inferiora
1506 720 1767 760 conversa
1820 714 1945 760 sunt
1966 707 2033 761 ad
2065 708 2367 775 superiora,

806 808 857 851 et
891 812 979 851 res
1022 811 1281 864 corporea
1329 798 1430 850 sita
1478 808 1564 851 est
1616 797 1667 850 in
1697 797 1911 853 vivente
1956 797 2259 869 (siquidem
2315 800 2370 852 in

806 905 966 941 manu
990 889 1103 958 ejus
1126 905 1301 943 omnes
1320 889 1451 957 fines
1477 898 1627 943 terra:
1658 897 1714 955 ι,
1751 889 1858 944 imo
1890 891 2057 946 etiam
2102 891 2229 946 εαξιί
2254 931 2268 955 ,
2315 891 2370 944 in

804 997 905 1049 quo
943 982 1109 1045 enim,
1151 982 1353 1050 inquit,
1384 990 1507 1035 sunt
1537 982 1773 1053 omnia),
1808 985 1885 1039 sic
1931 983 2093 1038 etiam
2150 984 2202 1038 in
2249 1000 2370 1054 pro-

806 1073 984 1142 posito
1016 1087 1201 1130 nostro
1238 1076 1521 1142 usuvenit;
1554 1093 1677 1131 nam
1720 1078 1902 1131 anima
1937 1080 2278 1134 convertitur
2302 1080 2369 1134 ad

805 1167 1079 1232 spiritum,
1112 1168 1165 1222 in
1197 1184 1303 1237 quo
1333 1184 1522 1223 sensus
1548 1185 1612 1224 ac
1639 1171 2088 1225 ratiocinationes
2138 1170 2371 1226 fundan-

805 1269 912 1323 tur,
956 1261 1150 1329 quibus
1202 1260 1254 1314 in
1313 1261 1680 1329 speculatione
1733 1262 1973 1317 rationes
2015 1262 2365 1332 indagamus;

802 1354 927 1422 quia
963 1354 1188 1421 spiritus
1217 1354 1369 1407 novit
1408 1368 1528 1422 qua:
1587 1354 1696 1408 sint
1750 1355 1801 1409 in
1853 1355 2068 1410 homine
2093 1366 2143 1410 γ.
2176 1357 2365 1410 Anima

801 1444 967 1514 igitur
982 1446 1047 1503 ad
1068 1446 1208 1499 hunc
1231 1445 1480 1514 spiritum
1503 1459 1785 1510 conversa,
1808 1447 1882 1499 uti
1909 1455 1959 1500 et
1979 1447 2044 1500 ad
2064 1462 2256 1501 sensus
2277 1446 2367 1515 qui

804 1540 855 1592 in
890 1538 1005 1607 ipso
1033 1546 1178 1601 sunt,
1210 1547 1264 1593 et
1288 1553 1382 1606 pcr
1405 1553 1499 1593 eos
1527 1538 1593 1593 ad
1628 1553 1845 1609 corpus,
1874 1539 2217 1595 intellectiles
2240 1555 2369 1610 ope-

803 1631 1043 1685 rationes
1074 1630 1276 1685 divisas
1310 1629 1468 1684 habet
1493 1631 1543 1683 in
1569 1631 1836 1696 diversas,
1867 1640 1919 1686 et
1946 1631 2364 1687 discriminatim

800 1724 1130 1791 prodeuntes
1162 1738 1191 1777 a
1248 1722 1438 1791 primis
1475 1722 1894 1791 cogitationibus
1943 1724 2010 1777 ad
2051 1733 2365 1793 sequentes,

797 1817 914 1871 sive
941 1818 1130 1878 bonas,
1162 1815 1277 1869 sive
1303 1815 1491 1869 malas.
1522 1814 1664 1870 Dicit
1689 1831 1838 1885 ergo,
1866 1830 1963 1871 nos
1993 1817 2045 1869 iu
2080 1817 2243 1871 Deum
2282 1817 2365 1871 in-

2474 620 2660 674 αῠτοῦ
2684 620 2879 675 πάντα
2911 621 2981 675 τὰ
3001 621 3224 689 πέρατα
3248 621 3357 690 τῆς
3382 620 3515 693 γῆς,
3543 623 3677 677 ἀλλά
3700 626 3794 677 καὶ
3816 630 3862 679 οἰ
3890 630 4042 701 οὐρα-

2473 711 2568 763 νοί·
2585 710 2655 763 ἐν
2676 710 2722 776 ᾧ
2745 712 2871 782 γάρ,
2888 713 3037 784 φησὶ,
3057 713 3128 766 τὰ
3147 712 3384 787 πάντα),
3410 716 3551 769 οὕτω
3575 717 3668 770 καὶ
3695 719 3787 770 ἐπὶ
3811 718 3907 770 τοῦ
3926 720 4040 773 καθ’

2471 804 2617 872 ἡμᾶς
2643 803 2753 874 ἔχει
2776 822 2789 833 ·
2821 806 2853 875 ή
2882 805 2987 877 γὰρ
3012 805 3157 877 ψυχὴ
3191 806 3492 877 ἔστραπται
3530 809 3662 879 πρὸς
3702 810 3763 862 τὸ
3804 810 4037 879 πνεῦμα,

2472 893 2530 946 ὲν
2618 896 2751 949 εἰσιν
2776 897 3241 971 ἀπεστηριγμέναι
3266 901 3319 952 αἰ
3348 899 3623 970 αἰσθήσεις
3648 901 3739 953 καὶ
3782 904 3831 954 οί
3860 901 4037 969 λογισ-

2474 986 2583 1055 μοὶ,
2609 988 2674 1039 δι’
2704 983 2777 1042 ὧν
2799 989 2859 1042 τὸ
2876 990 2932 1041 ὲν
2958 990 3146 1060 σκέψει
3171 989 3514 1061 λογιζόμεθα,
3542 992 3678 1062 ὅπερ
3700 991 3920 1062 πνεῦμα
3936 988 4039 1045 οἶδε

2469 1078 2539 1131 τά
2580 1081 2635 1132 ὲν
2675 1079 2753 1149 τῷ
2797 1079 3085 1153 ἀνθρώπῳ.
3152 1082 3601 1153 Ἐπεστραμμένη
3656 1078 3748 1135 οῦν
3798 1085 3938 1154 πρὸς
3983 1083 4043 1135 τὸ

2470 1171 2685 1243 πνεῦμα
2709 1175 2741 1244 ή
2768 1172 2932 1244 ψυχὴ,
2962 1176 3052 1227 καὶ
3080 1174 3214 1245 πρὸς
3235 1174 3333 1238 τὰς
3366 1176 3423 1226 ὲν
3451 1173 3596 1244 αὑτῷ
3623 1174 3925 1244 αἰσθήσεις,
3952 1176 4042 1228 καὶ

2468 1262 2533 1314 δι’
2560 1262 2737 1317 αὐτῶν
2763 1265 2898 1334 πρὸς
2921 1266 2981 1317 τὸ
3018 1265 3207 1336 σῶμα,
3248 1266 3346 1329 τάς
3386 1265 3576 1337 νοεράς
3614 1268 3893 1336 ἐνεργείας
3932 1267 4042 1337 ἔχει

2474 1354 2829 1427 μεριζομένας
2856 1358 2934 1419 εἰς
2963 1356 3305 1429 ἑτερότητας,
3339 1358 3432 1409 καὶ
3472 1357 3778 1420 σκεδαστῶς
3818 1358 4040 1429 προϊού-

2471 1464 2567 1510 σας
2584 1447 2690 1499 ἀπὸ
2716 1446 2935 1518 πρώτης
2962 1450 3198 1518 νοήσεως
3225 1450 3303 1512 εἰς
3337 1449 3592 1521 δευτέρας
3611 1489 3625 1512 ,
3653 1450 3686 1520 ἢ
3724 1450 4041 1519 κρείττονας

2468 1538 2757 1608 ἢφαύλας.
2793 1536 3093 1610 Φησῖνοῦν,
3148 1541 3227 1593 ὅτι
3279 1540 3685 1611 ἀνατεινάμενοι
3730 1542 3868 1612 πρὸς
3909 1542 4041 1594 Θεὸν

2467 1631 2729 1702 γινόμεθα
2754 1631 2858 1684 ὑπὸ
2883 1631 2982 1701 τῆς
3009 1632 3191 1694 ὲνάδος
3218 1631 3430 1703 ἐκείνης
3458 1631 3513 1684 ἓν
3536 1630 3757 1702 ἀμερὲς,
3785 1631 3897 1684 τῶν
3943 1649 4040 1685 m-

2466 1722 2717 1793 λυμερῶν
2747 1721 2902 1793 ἡμῶν
2934 1723 3264 1793 ἐτεροτήτων
3288 1724 3351 1775 ὲκ
3366 1720 3458 1775 τοῦ
3484 1721 3786 1793 σκεδασμοῦ
3805 1723 3888 1785 εἰς
3914 1722 4042 1791 σύμ-

2468 1815 2657 1881 πτυξιν
2715 1814 3113 1886 ἀθροιζομένων
3140 1855 3154 1879 ,
3188 1816 3280 1869 καὶ
3306 1814 3728 1885 ὲνοποιουμένων
3766 1814 4042 1884 ὑπερκοσ-

801 1909 1070 1964 tendendo
1111 1909 1177 1963 ab
1207 1909 1413 1964 unitate
1465 1908 1550 1962 illa
1574 1909 1702 1978 quid
1763 1924 1926 1962 unum
1987 1909 2363 1964 indistinctum

2474 1907 2630 1979 μίως,
2658 1907 2935 1961 τουτέστιν
2984 1909 3085 1961 οὐκ
3113 1905 3402 1978 αἰσθητῶς,
3433 1906 3567 1960 ἀλλά
3590 1906 3811 1979 νοερῶς,
3840 1908 3943 1959 οὐκ
3960 1907 4039 1959 ἔτι

796 2002 939 2067 ﬁeri,
973 2001 1377 2058 discriminibus
1427 2004 1657 2069 nostris,
1714 2017 1833 2072 quze
1887 2000 2071 2055 multis
2121 2002 2365 2071 partibus

798 2095 1145 2159 constabant,
1175 2097 1248 2147 ex
1274 2093 1539 2147 divisione
1585 2093 1635 2147 in
1683 2087 2112 2162 complexionem
2138 2095 2361 2160 coactis,

794 2199 850 2243 et
878 2187 1394 2258 supermundialiter
1418 2185 1707 2251 uniﬁcatis,
1729 2185 1781 2240 id
1813 2194 1897 2240 est
1928 2202 2032 2240 non
2062 2188 2244 2241 sensili
2271 2186 2363 2241 sed

796 2280 1152 2335 intellectuali
1217 2280 1400 2345 modo,
1442 2294 1563 2334 cum
1602 2281 1670 2335 ab
1733 2294 1922 2335 eorum
1977 2278 2364 2348 conjunctione

796 2374 1017 2427 minime
1060 2373 1471 2436 abhorreamus,
1505 2372 1599 2427 sed
1639 2372 1985 2426 uniformiter
2024 2372 2154 2443 quid
2195 2386 2360 2425 unum

790 2462 972 2518 effecti
1010 2464 1203 2529 simus,
1236 2462 1379 2517 sicut
1412 2471 1468 2515 et
1498 2462 1614 2531 ipse
1653 2478 1817 2517 unum
1863 2472 1972 2527 est,
2010 2464 2361 2532 quemadmo-

796 2556 920 2609 dum
955 2556 1008 2608 in
1032 2555 1205 2609 sacris
1231 2554 1540 2625 Evangeliis
1563 2564 1791 2610 testatur
1830 2564 1875 2607 ι.
1935 2554 2147 2610 Rursus
2178 2553 2362 2607 Trini-

796 2657 984 2711 tatem,
1015 2656 1200 2717 utpote
1245 2648 1297 2700 in
1329 2646 1501 2700 tribus
1550 2648 1794 2714 personis
1849 2646 2262 2713 subsistentem,
2306 2654 2361 2700 et

792 2752 1010 2811 propter
1035 2739 1628 2810 iucomprebensibilem
1648 2750 1929 2811 paternam
1953 2743 2356 2810 processionem

792 2835 1057 2902 principio
1108 2840 1409 2897 carentem,
1442 2832 1506 2885 ad
1541 2833 1957 2901 productionem
1992 2832 2113 2886 Filii
2152 2840 2205 2887 et
2238 2832 2359 2904 Spi-

795 2927 928 2980 ritus
957 2926 1156 2990 sancti,
1188 2940 1253 2977 ex
1277 2940 1381 2992 qua
1404 2924 1571 2977 omnis
1596 2924 1888 2991 paternitas
1918 2925 1971 2976 in
2012 2924 2160 2988 ccelo,
2192 2924 2244 2978 id
2276 2930 2360 2979 est

790 3018 1011 3072 ordines
1042 3016 1317 3079 caelestes,
1347 3026 1392 3069 et
1442 3015 1495 3068 in
1530 3026 1671 3069 terra
1703 3027 1729 3056 ι
1750 3056 1765 3081 ,
1820 3015 2029 3071 scilicet
2085 3016 2359 3084 spiritales

791 3106 1151 3175 cogitationes
1180 3114 1237 3159 et
1286 3104 1729 3174 complexiones,
1774 3103 1985 3175 Moyses
2040 3105 2185 3159 enim
2249 3124 2356 3159 πα-

792 3199 949 3270 τριάς
984 3208 1139 3253 vocat
1170 3197 1520 3267 cognationes
1542 3212 1636 3250 seu
1674 3195 1984 3261 aliinilates,
2011 3208 2084 3252 est
2115 3208 2160 3251 et
2189 3200 2358 3252 nanti-

790 3300 969 3346 natur.
998 3288 1067 3344 Ut
1104 3304 1284 3342 rerum
1321 3302 1562 3353 causam,
1590 3287 1848 3357 quoniam
1879 3290 2044 3343 etiam
2074 3290 2255 3345 omnia
2287 3305 2354 3346 ex
2384 3270 2425 3327 (ἶ

788 3383 950 3436 Patre
981 3396 1077 3450 per
1104 3380 1300 3434 Filium
1335 3379 1387 3433 in
1438 3379 1639 3448 Spiritu
1673 3390 1863 3435 sancto
1901 3379 2041 3434 facta
2094 3390 2240 3448 sunt,
2301 3392 2357 3437 et

788 3473 1081 3527 essentiam
1113 3470 1274 3542 305
1312 3481 1658 3539 acceperunt,
1700 3487 1807 3525 non
1862 3483 2084 3542 propter
2115 3475 2355 3529 necessi-

790 3577 979 3628 tatem,
1009 3564 1098 3618 sed
1120 3573 1339 3633 propter
1368 3562 1690 3618 bonitatem.
1723 3562 1789 3618 Ut
1812 3564 2111 3634 sapientem
2136 3581 2353 3636 quoque

787 3671 855 3710 ac
884 3656 1191 3725 pulchram,
1220 3655 1473 3724 quoniam
1508 3670 1702 3711 omnes
1745 3666 2008 3711 creatura:
2056 3656 2147 3712 Dei
2202 3658 2355 3713 bona:

786 3746 945 3800 valde
974 3744 1129 3799 facta:
1157 3754 1306 3809 sunt,
1336 3753 1391 3799 et
1443 3754 1588 3800 sunt.
1614 3743 1726 3800 Nisi
1761 3747 1940 3816 itaque
1980 3748 2207 3803 Creator
2238 3759 2354 3804 erat

785 3837 1027 3907 sapiens,
1051 3836 1319 3907 quomodo
1351 3834 1507 3891 factae
1535 3834 1698 3892 sunt?
1729 3848 1783 3892 et
1815 3837 1916 3893 nisi
1951 3848 2069 3893 erat
2101 3841 2352 3909 pulcher,

785 3928 1053 3997 quomodo
1104 3928 1234 3998 ipsa:
1277 3928 1517 3998 pulchrae
1585 3927 1754 3983 sunt?
1790 3929 1843 3982 in
1904 3938 2110 3985 tantum
2169 3942 2350 3988 autem

785 4020 1023 4089 pulchrae
1050 4028 1198 4083 sunt,
1241 4019 1293 4073 in
1327 4029 1591 4089 quantum
1644 4031 1869 4075 manent
1916 4022 1970 4075 in
2000 4024 2236 4077 naturali
2261 4040 2347 4079 or-

786 4112 981 4166 dinein
1014 4126 1122 4180 quo
1147 4112 1422 4181 producta:
1454 4121 1602 4169 sunt.
1660 4111 1947 4168 Perversio
1992 4123 2195 4177 autem,
2232 4130 2350 4185 quae

787 4213 973 4256 contra
1000 4212 1251 4256 naturam
1270 4212 1373 4265 est,
1399 4202 1514 4257 sive
1559 4203 1610 4257 in
1638 4202 1867 4274 angelis,
1898 4206 2011 4260 sive
2045 4207 2097 4259 in
2131 4207 2347 4273 animis,

784 4294 897 4347 sive
926 4293 977 4346 in
1002 4294 1410 4363 quibuscunque
1431 4294 1753 4365 corporibus
1771 4297 2024 4359 exsistat,
2046 4296 2344 4365 pulchritu-

785 4387 962 4438 dinem
997 4384 1248 4447 destruit,
1276 4396 1331 4438 et
1356 4385 1424 4439 ab
1470 4385 1570 4441 hac
1624 4385 1923 4442 deiicienda
1960 4389 2347 4457 turpitudinem

782 4487 1057 4544 operatur.
1083 4476 1355 4547 Singulari
1404 4492 1533 4531 vero
1590 4493 1771 4533 amore
1822 4479 2119 4532 humanum
2176 4495 2346 4550 genus

784 4569 1254 4637 complectentem,
1286 4570 1541 4637 quoniam
1576 4570 1628 4622 in
1661 4571 1891 4624 veritate
1930 4586 2032 4624 una
2066 4569 2345 4627 Trinitatis

2466 2000 2797 2070 ἀσυμϐάτων
2818 1998 2986 2053 ὄντων
3012 1999 3167 2071 ήμῶν
3194 1999 3329 2071 πρὸς
3355 2000 3598 2064 ἑαυτοὺς,
3643 1998 3778 2053 ἀλλά
3812 1999 4039 2070 γινομέ-

2465 2109 2573 2145 νων
2596 2092 2653 2146 ἓν
2674 2091 2942 2156 ἐνοειδῶς,
2972 2093 3046 2156 ὡς
3072 2093 3164 2145 καὶ
3189 2091 3349 2155 αὐτὸς
3377 2091 3435 2145 ἓν
3460 2092 3603 2145 ἐστιν
3622 2131 3636 2156 ,
3672 2091 3747 2155 ὦς
3788 2109 3954 2163 φησιν
3982 2091 4040 2143 ἐν

2463 2186 2575 2247 τοῖς
2606 2186 2769 2255 ίεροῖς
2808 2184 3176 2253 Εὑαγγελίοις.
3206 2185 3371 2239 Πάλιν
3396 2184 3600 2257 Τριάδα
3624 2226 3638 2249 ,
3666 2184 3741 2248 ὡς
3779 2184 4039 2255 τρισυπτό-

2466 2291 2676 2340 στατον,
2708 2276 2799 2329 καὶ
2825 2275 2912 2328 διά
2947 2275 3045 2347 τὴν
3085 2276 3354 2348 πατρικὴν
3394 2277 3532 2349 ὑπὲρ
3556 2276 3761 2330 ἔννοιαν
3801 2276 4038 2347 ἄναρχον

2463 2370 2705 2439 πρόοδον,
2731 2370 2810 2433 εἰς
2827 2369 3082 2439 ἔκφανσιν
3106 2369 3197 2423 τοῦ
3216 2369 3342 2423 Υἰοῦ
3364 2371 3568 2423 καὶτοῦ
3595 2371 3749 2439 ἀγίου
3777 2371 4035 2442 Πνεῦμα-

2460 2479 2571 2525 τος,
2594 2461 2662 2526 ἐξ
2686 2460 2759 2529 ἧς
2783 2462 2950 2515 πᾶσα
2979 2462 3192 2531 πατριὰ
3214 2463 3283 2515 ἐν
3306 2461 3570 2533 οὐρανῷ(
3591 2463 3826 2533 δηλονότι
3854 2464 3925 2516 τά
3948 2464 4039 2517 οὐ-

2463 2552 2621 2624 ράνια
2645 2553 2941 2625 τάγματα),
2968 2554 3063 2607 καὶ
3083 2554 3180 2606 ἐπὶ
3205 2553 3316 2623 γῆς
3340 2553 3617 2625 (δηλονότι
3645 2555 3695 2606 αἰ
3741 2571 4038 2625 πνευματι-

2462 2644 2555 2695 καὶ
2583 2643 2892 2720 συγγένειαι
2937 2645 3030 2697 καὶ
3077 2643 3454 2714 ἀλληλουχίαι,
3508 2644 3740 2715 πατριάς
3775 2644 3886 2715 γὰρ
3931 2646 4032 2709 τὰς

2462 2736 2777 2804 συγγενείας
2796 2738 2956 2803 φησὶν
2973 2739 3001 2790 6
3022 2737 3280 2808 Μωῦσῆς)
3298 2738 3427 2791 ἐστι
3455 2754 3518 2790 τε
3544 2738 3639 2791 καί
3670 2736 4031 2807 ὀνομάζεται.

2472 2828 2559 2891 Ὦς
2584 2828 2757 2881 αἰτίαν
2784 2841 2840 2882 σε
2862 2844 2971 2881 των
2995 2827 3181 2895 ὄντων,
3199 2829 3277 2881 ὅτι
3304 2830 3397 2882 καὶ
3424 2830 3597 2884 πάντα
3621 2832 3683 2883 ὲκ
3715 2830 3925 2901 Πατρδς
3947 2829 4036 2882 διὰ

2459 2917 2553 2971 τοῦ
2582 2918 2710 2971 Υίοῦ
2739 2921 2795 2972 ὲν
2820 2920 2959 2989 ἁγίῳ
2981 2921 3326 2988 ἐγεγόνεισαν
3371 2921 3646 2991 Πνεύματι
3666 2962 3680 2985 ,
3722 2922 4035 2991 οὺσιοποιη-

2460 3010 2639 3075 θέντα,
2670 3012 2729 3063 οὐ
2768 3011 2855 3065 διά
2881 3012 3089 3083 χρείαν,
3128 3012 3242 3065 ἀλλ’
3270 3013 3593 3082 ἀγαθότητα.
3637 3013 3808 3083 Σοφὴν
3834 3013 3889 3065 δὲ
3935 3013 4035 3067 καὶ

2459 3102 2647 3175 καλὴν,
2673 3104 2757 3156 ὅτι
2783 3104 2958 3158 πάντα
2981 3103 3049 3157 τά
3079 3104 3173 3157 τοῦ
3210 3104 3345 3157 Θεοῦ
3390 3104 3840 3177 δημιουργήματα
3887 3105 4030 3158 καλά

2458 3195 2576 3249 λίαν
2602 3196 2852 3265 γεγόνασι
2879 3197 2971 3249 καί
2987 3196 3143 3249 εἰσίν.
3163 3197 3225 3249 Εἰ
3246 3197 3317 3267 μὴ
3334 3192 3401 3267 ἦν
3422 3193 3513 3250 οὖν
3539 3198 3696 3267 σοφὸς
3716 3199 3743 3250 6
3763 3197 4027 3269 δημιουρ-

2458 3287 2573 3357 γὺς,
2603 3287 2719 3351 πῶς
2749 3285 2887 3340 αὐτά
2911 3288 3197 3357 γεγόνασι;
3249 3288 3343 3340 καὶ
3370 3287 3417 3339 εἰ
3469 3288 3543 3358 μὴ
3576 3284 3645 3359 ἦν
3687 3288 3868 3355 καλὸς,
3908 3290 4028 3353 πῶς

2457 3377 2596 3431 αὑτά
2621 3377 2793 3443 καλά;
2821 3378 2968 3441 Τέως
2991 3377 3046 3430 δὲ
3066 3376 3223 3441 καλὰ,
3254 3376 3337 3446 ἐφ’
3382 3378 3502 3430 ὅσον
3524 3379 3580 3429 ὲν
3604 3381 3669 3448 τῇ
3696 3378 3836 3430 κατά
3866 3378 4027 3447 φύσιν

2456 3469 2531 3532 ὼς
2559 3468 2811 3537 γεγόνασι
2847 3468 3063 3538 μένουσι
3093 3467 3261 3531 τάξει.
3328 3468 3392 3521 Ἢ
3434 3468 3491 3521 δὲ
3536 3468 3629 3521 τοῦ
3677 3469 3817 3522 κατά
3864 3470 4027 3539 φύσιν

2456 3560 2801 3631 παρατροπὴ,
2832 3558 2941 3612 εἴτε
2965 3561 3021 3611 ὲν
3050 3558 3319 3627 ἀγγέλοις,
3346 3558 3454 3611 είτε
3481 3561 3539 3611 ὲν
3573 3559 3789 3629 ψυχαῖς,
3831 3560 3941 3613 εἴτε
3970 3562 4027 3613 ἐν

2453 3649 2756 3702 ὁποιοισοῦν
2787 3648 2998 3720 σώμασι
3026 3650 3304 3721 γινομένη,
3332 3649 3391 3701 τὸ
3418 3648 3610 3712 κάλλος
3632 3647 3912 3712 ἀπόλλυσι,
3931 3651 4025 3703 καὶ

2454 3746 2520 3813 τῇ
2549 3742 2738 3795 τούτου
2766 3741 3061 3812 διαμαρτίᾳ.
3075 3742 3134 3793 τὸ
3154 3737 3338 3811 αἶσχος
3354 3740 3692 3812 δημιουργεῖ.
3728 3738 4026 3811 Φιλάνθρω-

2456 3850 2554 3887 πον
2580 3833 2635 3885 δὲ
2666 3834 2758 3885 καὶ
2787 3831 2982 3902 μᾶλλον
3010 3832 3185 3897 τοῦτο,
3215 3833 3296 3885 ὅτι
3326 3830 3609 3902 ὲσαρκώθη
3649 3832 3704 3883 ὲν
3743 3829 3967 3902 ἀληθείᾳ
3998 3831 4026 3882 ό

2452 3926 2552 3997 τῆς
2578 3925 2806 3996 Τριάδος
2829 3921 2928 3989 εἷς,
2956 3925 3050 3977 καί
3088 3923 3291 3976 τέλειον
3332 3922 3617 3993 ἄνθρωπον
3662 3921 4023 3993 προσελάϐετο

2454 4017 2649 4089 (τοῦτο
2693 4019 2803 4089 γάρ
2861 4019 2978 4070 ἐστι
3016 4016 3077 4069 τὸ
3117 4015 3367 4086 ὀλικῶς)
3414 4017 3508 4069 καὶ
3554 4018 3664 4078 τοῖς
3711 4013 3833 4067 καθ’
3875 4015 4021 4084 ἡμᾶς

2452 4110 2803 4181 ἐκοινώνησεν
2823 4108 3215 4181 ἀνακληθείσης
3237 4108 3335 4178 τῆς
3359 4107 3702 4178 ἀνθρωπίνης
3726 4106 4019 4171 οὐθενείας,

2451 4199 2509 4265 ἐξ
2536 4194 2603 4269 ἦς
2632 4200 2732 4270 τῆς
2755 4200 3099 4269 ἀνθρωπίνης
3135 4200 3388 4268 ἐσχατιᾶς
3417 4201 3445 4251 6
3468 4196 3671 4261 ἀπλοῦς
3706 4201 3771 4268 τῇ
3802 4196 4017 4269 θεότητι

2464 4292 2666 4364 Ἰησοῦς
2698 4292 2974 4363 συνετέθη,
3006 4292 3100 4345 καὶ
3134 4289 3353 4353 διπλοῦς
3381 4293 3447 4361 τῇ
3486 4289 3641 4359 φύσει
3682 4289 3889 4357 γέγονε,
3925 4294 4018 4344 καὶ

2448 4386 2475 4435 6
2502 4383 2668 4445 ἀΐδιος
2697 4383 2998 4453 παράτασιν
3035 4379 3224 4450 εἴληφε
3252 4382 3525 4451 χρονικὴν,
3553 4380 3790 4450 δηλονότι
3822 4382 3923 4452 τὴν
3962 4384 4017 4434 ὲν

2451 4477 2612 4546 σαρκὶ
2638 4474 2929 4543 διαγωγήν·
2957 4474 3049 4526 καί
3075 4472 3205 4525 εἴσω
3225 4471 3324 4541 τῆς
3349 4471 3470 4526 καθ’
3494 4473 3639 4542 ἡμᾶς
3668 4472 3877 4540 φύσεως
3902 4475 4017 4540 ἐγε·

2448 4569 2594 4636 γόνει
2617 4568 2735 4620 καθ’
2766 4566 3060 4619 ὑπόστασιν
3084 4565 3221 4635 αὐτῇ
3256 4566 3474 4628 ένωθεὶς
3491 4604 3505 4628 ,
3534 4566 3562 4617 6
3588 4565 3762 4635 πάσης
3787 4563 4016 4635 ἐκδεδη-

783 4675 1014 4729 persona
1045 4660 1325 4713 incarnata
1360 4668 1465 4723 est,
1504 4670 1559 4713 et
1603 4659 1900 4729 perfectum
1948 4663 2221 4717 hominem
2264 4678 2345 4717 as-

2461 4630 2559 4723 ini);
2599 4658 2831 4728 φυσικῆς
2870 4658 3073 4725 τάξεως
3109 4661 3172 4729 τῇ
3197 4630 3465 4729 Πθεότητι,
3493 4630 3875 4727 ἀμεταδλήτως
3924 4630 4011 4709 καὶ

781 4749 1015 4817 sumpsit
1046 4749 1182 4817 (hoc
1234 4750 1378 4803 enim
1412 4751 1635 4804 denotat
1686 4766 1785 4804 vox
1824 4752 2052 4821 integre)
2083 4752 2342 4822 nobisque

2461 4747 2766 4818 itauyxt'nw;
2790 4746 3226 4817 ἐνανθρωπήσας.
3254 4747 3362 4798 Καὶ
3388 4746 3517 4809 ὅσας
3557 4746 3719 4808 ᾱλλας
3760 4745 4009 4798 διδασκα-

782 4858 839 4897 se
871 4842 1313 4904 communicavit.
1354 4858 1615 4897 revocans
1643 4845 1709 4896 ad
1748 4860 1806 4898 se
1865 4846 2078 4913 sibique
2109 4846 2340 4917 jungcns

2461 4840 2565 4902 tia;
2589 4841 2707 4902 ταῖς
2725 4840 2965 4908 Γραφαῖς
2990 4838 3292 4901 ἀκολούθως
3320 4838 3352 4909 ὴ
3377 4836 3485 4890 τῶν
3502 4836 3829 4890 διδασκάλων
3853 4840 3883 4907 η
3895 4837 4009 4906 μῶν

784 4937 1075 4988 humanam
1107 4934 1561 4999 exinanitiouem,
1589 4951 1654 4988 ex
1686 4952 1788 5004 qua
1820 4937 2055 4989 humana
2095 4938 2336 4992 exinani-

2461 4932 2653 5002 κρυφία
2695 4931 2985 5002 παράδοσις
3031 4933 3088 4983 ὲν
3138 4931 3416 5003 μυστηρίῳ
3443 4929 3619 5002 (τοῦτο
3660 4930 3765 5000 γάρ
3814 4931 4011 4983 ὲστιτὺ

783 5029 926 5081 tione
963 5028 1244 5080 divinitate
1274 5028 1501 5096 simplex
1554 5027 1709 5082 Jesus
1758 5039 1839 5082 est
1880 5029 2233 5099 compositus,
2287 5038 2336 5083 et

2461 5022 2920 5093 ixgcawopmtbg)
3004 5027 3133 5096 ἡμῖν
3187 5025 3511 5095 ἐδωρήσατο,
3540 5023 3661 5094 (καὶ
3688 5022 4005 5092 σημείωσαι.

782 5129 975 5171 natura
1006 5117 1201 5185 duplex
1240 5120 1486 5181 exstitit;
1524 5134 1585 5172 ac
1618 5120 1705 5186 qui
1734 5129 1968 5173 :cternns
2003 5131 2083 5174 cst
2132 5131 2339 5191 tempo-

2461 5119 2525 5169 ὅτι
2554 5116 2721 5169 πολλὰ
2745 5120 2855 5180 τοῖς
2888 5117 3113 5179 τελείοις
3140 5116 3225 5168 διὰ
3248 5116 3403 5184 λόγου
3428 5116 3776 5187 παρεδίδοσαν
3801 5117 3848 5166 οἰ
3875 5116 4007 5166 ἀπό-

781 5210 951 5262 ralem
977 5210 1208 5277 sumpsit
1237 5210 1628 5273 accessionem,
1656 5210 1865 5264 scilicet
1906 5213 1956 5265 in
2012 5228 2179 5266 carne
2208 5228 2339 5268 con--

779 5301 1173 5366 versationem;
1201 5317 1301 5355 nec
1342 5318 1447 5356 non
1496 5302 1545 5355 in
1578 5316 1766 5355 natura
1796 5313 1976 5357 nostra
2014 5303 2223 5356 exstitit
2254 5319 2338 5359 se-

784 5392 1021 5445 cundum
1047 5391 1362 5463 hypostasin
1402 5394 1499 5461 ipsi
1536 5391 1868 5461 unitus,‘qui
1902 5394 2212 5448 universum
2243 5410 2338 5447 na-

784 5494 915 5537 tura:
939 5485 1182 5538 ordinem
1207 5486 1496 5539 divinitate
1527 5487 1885 5548 transcendit,
1924 5487 2338 5541 immutabiliter

779 5574 1499 5631 ctiuconfuseincarnatus.
1550 5578 1613 5631 Et
1656 5593 2007 5647 quascunque
2064 5577 2196 5632 alias
2237 5580 2334 5631 do-

779 5666 987 5721 ctrinas
1019 5665 1312 5737 Scripturis
1346 5682 1586 5723 consone
1609 5709 1623 5735 ,
1678 5678 2070 5737 praeceptorum
2128 5680 2334 5723 nostro-

856 5811 879 5840 κ
913 5801 1051 5855 Ρεαιε
1086 5806 1283 5867 ιεΙγΛ
1384 5812 1411 5853 1
1442 5805 1455 5859 Ι
1486 5805 1611 5865 Cor.
1638 5822 1692 5871 ιι,
1725 5806 1805 5859 ll.

1888 5816 1906 5843 ι
1935 5806 2088 5863 Joau.
2124 5823 2255 5871 xm,
2289 5808 2376 5861 ‘2l.

2446 5208 2620 5261 στολοι
2652 5208 3036 5279 μυστηριωδῶς
3074 5208 3559 5270 ἀποκαλύπτοντες·
3588 5206 3665 5259 διὸ
3691 5208 3782 5259 καὶ
3807 5206 4005 5258 ὁἈπό-

2447 5302 2648 5365 στολος,
2675 5302 2896 5371 γράφων
2923 5300 3387 5363 Θεσσαλονικεῦσι,
3418 5302 3565 5370 φησί,
3594 5300 3783 5371 χρῆναι
3810 5298 4000 5361 φυλάτ-

2444 5412 2555 5447 τειν
2582 5394 2776 5457 αὐτοὺς
2802 5393 2837 5445 ἃ
2864 5394 3099 5463 ἤκουσαν
3125 5392 3242 5445 site
3279 5392 3375 5446 διὰ
3410 5394 3604 5461 λόγων
3628 5393 3747 5445 stre
3776 5390 3846 5441 δι’
3876 5390 4000 5442 ἐπι-

2445 5486 2691 5554 στολῆς·
2742 5486 2834 5538 καὶ
2876 5484 3120 5554 Τιμοθέῳ
3170 5483 3488 5554 παραθήκην
3525 5484 3695 5551 λέγων
3718 5482 4003 5534 δεδωκέναι

2440 5583 2498 5633 ἐν
2527 5578 2860 5651 μυστηρίῳ),
2897 5576 3067 5630 ταῦτα
3097 5577 3187 5629 καί
3212 5578 3372 5647 ἡμεῖς
3412 5574 3753 5646 μεμυήμεθα⁹
3785 5575 3877 5628 νῦν
3907 5576 4004 5645 μὲν

2440 5674 2533 5725 καὶ
2559 5672 2697 5726 κατά
2723 5671 2816 5724 τοῦ
2846 5672 2961 5740 βίου
3000 5669 3207 5740 καιρὸν,
3250 5668 3524 5740 ἀναλόγως
3549 5671 3614 5738 τῇ
3651 5668 3877 5739 δυνάμει
3905 5668 4004 5739 τῆς

2454 5822 2477 5850 α
2511 5809 2707 5878 Ephcs.
2748 5824 2826 5871 tu,
2856 5808 2939 5862 15.
