4176 6308
265 343 372 399 οτι

1173 341 1210 396 S
1243 340 1639 408 NOMINIBUS,
1672 340 1825 400 CAP.
1863 340 1906 398 ί.
1938 372 2007 382 -ο
2041 340 2387 399 PARAPHR.
2426 341 2895 402 PACHYMERE.

3405 353 3512 408 022

273 452 546 527 ἡμετέρας
572 453 831 524 νοήσεως,
868 451 958 508 διά
997 470 1058 507 τε
1101 453 1394 526 Γραφικῶν
1418 454 1852 526 παραπετασμά-

1958 467 2076 506 rum
2124 469 2323 508 arcana
2383 455 2606 512 traditio
2653 458 2706 512 in
2758 459 3182 533 mysterio(hoc
3229 463 3375 520 enim
3426 480 3513 526 est

264 564 398 609 των,
441 547 569 599 ὅταν
616 544 843 615 λέγηται
894 546 989 598 ἐπὶ
1031 544 1130 616 μὲν
1157 545 1315 610 Θεοῦ,
1356 547 1432 610 ὼς
1472 546 1604 618 πῦρ,
1643 548 1738 600 καὶ
1774 545 1849 608 ὡς

264 636 468 708 γέρων,
497 637 589 689 καὶ
613 636 687 699 ὼς
715 636 961 689 παλαίων
997 635 1074 706 τῷ
1111 637 1323 703 Ἰακὼϐ,
1353 641 1446 691 καὶ
1471 639 1570 691 ὅσα
1603 637 1846 693 τοιαῦτα·

263 732 364 784 ἐπὶ
389 730 444 784 δὲ
469 729 733 797 ἀγγέλων,
758 730 834 794 ὡς
858 729 925 783 τά
954 732 1317 804 θηριόμορφα,
1357 733 1532 797 καὶ,οί
1559 731 1847 795 νεανίσκοι,

266 825 367 879 καὶ
394 827 448 878 αἱ
486 823 669 877 λοιπαὶ
708 825 934 890 εἰκόνες.
981 825 1166 880 Ταῦτα
1207 828 1313 897 γάρ
1361 829 1467 880 είσι
1490 825 1559 880 τά
1597 839 1848 898 παραπε-

264 918 549 989 τάσματα,
603 917 678 989 μὴ
720 919 952 990 ἐχόντων
1000 919 1157 990 ἡμῶν
1215 920 1436 990 ἀμέσως
1493 919 1849 991 προσϐάλλειν

263 1012 388 1074 τοῖς
419 1009 730 1082 πράγμασι,
773 1011 868 1064 καὶ
891 1011 979 1065 διὰ
1019 1011 1178 1064 τοῦτο
1217 1012 1486 1082 δεομένων
1515 1011 1852 1083 περικαλυμ-

271 1100 460 1170 μάτων
511 1099 711 1166 τινῶν,
756 1102 899 1176 ᾇπερ
948 1103 1054 1157 sici.
1095 1102 1164 1156 τὰ
1211 1103 1602 1175 προειρημένα.
1648 1104 1746 1157 Διά
1791 1120 1850 1156 τε

1950 543 2375 617 ὲκφαντορικῶς)
2425 548 2579 603 nobis
2615 550 2840 605 indulsit
2877 551 3001 621 (ubi
3053 566 3202 624 nota,
3239 561 3513 628 apostolos

1949 635 2205 703 perfectis
2242 652 2338 706 per
2372 652 2680 694 sermonem
2707 642 2875 696 multa
2927 649 3180 716 mysteria
3220 650 3514 712 revelando

1953 727 2271 796 tradidisse;
2307 745 2474 798 quare
2499 741 2554 788 et
2587 733 2878 802 Apostolus
2908 739 2974 791 ad
3001 738 3515 802 Thessalonicenses

1950 818 2196 873 scribens
2231 820 2327 885 ait,
2353 835 2605 891 oportere
2633 825 2780 896 ipsos
2812 842 3032 884 servare
3055 846 3173 900 quae
3197 835 3516 892 audiverant

1950 909 2057 962 sive
2081 926 2174 977 per
2200 927 2512 979 sermonem,
2545 916 2651 970 sive
2688 933 2780 985 per
2822 919 3100 987 epistolam
3138 922 3166 962 δ
3201 941 3215 977 :
3244 933 3296 980 et
3327 925 3512 982 Timo-

1953 999 2078 1054 theo
2116 1000 2267 1067 dicit,
2312 1018 2372 1058 se
2401 1005 2704 1075 depositum
2753 1011 2968 1066 dedisse
3006 1012 3059 1066 in
3093 1017 3373 1089 mysterio)
3415 1021 3514 1076 has

1950 1098 2004 1144 et
2043 1105 2144 1145 nos
2185 1107 2402 1162 quoque
2435 1095 2745 1166 hausimus;
2789 1117 2932 1156 nunc
2967 1104 3182 1172 quidem
3215 1109 3378 1164 etiam
3414 1112 3515 1166 bu-

267 1189 405 1258 γοῦν
443 1190 544 1260 τῆς
584 1189 788 1244 τούτων
816 1192 1243 1266 φιλανθρωπίας,
1273 1196 1368 1249 καὶ
1401 1193 1505 1248 είτι
1529 1194 1638 1247 τῶν
1665 1195 1850 1265 ἱεραρ-

1951 1178 2034 1249 ius
2064 1181 2187 1235 vita:
2225 1191 2492 1253 tempore,
2542 1188 2906 1260 intelligentia;
2946 1203 3144 1250 nostra:
3182 1199 3385 1257 viribus
3424 1217 3516 1260 ac-

268 1283 442 1353 χικῶν
469 1284 838 1357 παραδόσεων,
866 1284 965 1358 τήν
1009 1287 1208 1360 μύησιν
1232 1289 1446 1360 ἔχομεν.
1479 1290 1592 1343 Kal.
1616 1288 1854 1360 σημείω-

271 1391 388 1439 σαι,
415 1377 496 1430 ὃτι
518 1379 611 1432 καὶ
636 1378 804 1432 πολλά
829 1381 855 1432 ἐ
863 1379 1316 1450 μυσταγωγοῦντο
1337 1381 1598 1452 ἀγράφως
1619 1383 1666 1434 οί
1686 1380 1850 1450 ἆγιοι.

269 1466 338 1519 Τί
384 1467 440 1521 δέ
485 1471 598 1522 ἐστι
651 1471 711 1523 τὸ
764 1469 1140 1542 φιλάνθρωπον
1203 1471 1308 1525 τῶν
1365 1472 1524 1544 ἱερῶν
1582 1470 1851 1543 Γραφῶν;

271 1559 399 1612 Ὀτι
426 1560 565 1613 κατὰ
589 1563 870 1632 ἀγάπησιν
892 1561 1063 1626 θείαν,
1094 1563 1179 1617 ἵνα
1206 1563 1426 1635 χωρηθῇ
1453 1562 1515 1615 τὸ
1541 1561 1729 1634 νοητὸν
1759 1563 1854 1616 κα)⁵

269 1649 556 1720 ἁχώρητον
598 1653 656 1705 ἐν
703 1654 866 1722 ἡμῖν,
915 1653 1190 1726 αίσθητοῖς
1234 1654 1521 1725 συμϐόλοις
1561 1655 1850 1727 ἐχρήσατο,

268 1741 436 1794 οίονεί
455 1758 562 1795 τισι
584 1742 1054 1814 περικαλύμμασι,
1072 1745 1165 1797 καὶ
1190 1744 1258 1798 τά
1281 1745 1660 1817 ἀσχημάτιστα
1683 1744 1854 1797 εἰκον-

1953 1273 2312 1341 commodate,
2364 1291 2460 1345 per
2502 1279 2765 1336 velamina
2817 1282 3218 1354 Scripturarum
3281 1304 3337 1347 ut
3389 1311 3514 1353 cum

1954 1364 2170 1432 dicitur,
2221 1367 2361 1422 Deus
2396 1371 2613 1439 quidem
2637 1412 2654 1437 ,
2685 1373 2833 1428 velut
2861 1376 3021 1446 ignis,
3049 1391 3106 1434 et
3144 1389 3400 1453 tanquam
3429 1403 3517 1444 se-

1954 1475 2080 1525 nex,
2119 1473 2172 1518 et
2208 1464 2348 1518 sicut
2380 1466 2592 1523 luctans
2619 1484 2741 1524 cum
2788 1470 2956 1528 Jacob
2987 1483 3042 1528 et
3070 1476 3305 1544 similia;
3335 1485 3514 1554 angeli

1956 1566 2106 1620 vero,
2150 1555 2294 1610 velut
2339 1555 2529 1613 formae
2551 1558 2822 1628 ferarum,
2853 1564 3186 1637 iuvenesque
3219 1582 3274 1624 et
3303 1584 3516 1630 czeterze

1955 1643 2157 1715 ﬁgura.
2190 1646 2317 1703 Hac
2343 1650 2488 1704 enim
2533 1661 2658 1706 sunt
2687 1652 2972 1720 velamina,
3011 1660 3151 1726 quod
3193 1675 3298 1716 non
3341 1667 3516 1733 possi-

1957 1751 2077 1792 mus
2123 1739 2436 1796 immediate
2473 1742 2637 1798 rebus
2686 1744 2815 1814 ipsis
2843 1747 3122 1821 conjungi,
3154 1752 3402 1824 adeoque
3427 1769 3516 1811 ve-

269 1831 512 1904 ούργησε
531 1874 546 1898 ,
586 1836 681 1888 καὶ
715 1835 783 1889 τά
809 1835 955 1890 ἀπλᾶ
978 1837 1036 1890 ἐν
1061 1839 1128 1908 τῇ
1174 1836 1414 1908 ποικιλίᾳ
1443 1835 1553 1889 τῶν
1584 1836 1852 1908 μεριστῶν

1958 1827 2249 1885 laminibus
2298 1833 2624 1902 quibusdam
2667 1851 2802 1908 epus
2846 1817 3176 1910 habeamus,
3225 1817 3346 1915 qua:
3392 1858 3519 1902 sunt

273 1923 575 1994 συμϐόλων·
629 1926 717 1979 ὅτε
770 1927 1010 1996 δηλονότι
1052 1927 1459 1998 ἀνθρωπολογεῖ
1506 1928 1539 1998 ή
1579 1925 1768 1998 Γραφὴ
1794 1925 1855 1978 τὸ

271 2016 452 2082 Θείον,
482 2017 649 2083 πόδας
675 2009 784 2072 καῖ
796 2022 982 2091 χεῖρας
1025 2021 1120 2074 καὶ
1147 2020 1434 2091 πρόσωπον
1475 2018 1624 2089 αὐτῷ
1644 2036 1853 2090 περιτι-

273 2106 449 2169 θεῖσα,
480 2107 745 2178 ἐπλήθυνε
789 2111 883 2163 καὶ
916 2109 1172 2163 διέπλασε
1213 2109 1275 2162 τὸ
1314 2107 1371 2162 ἓν
1402 2111 1468 2180 τῇ
1501 2108 1658 2178 φύσει
1686 2107 1853 2162 πολλά

269 2201 386 2262 τοῖς
417 2199 704 2270 συμϐόλοις
731 2199 958 2254 ποιοῦσα
981 2201 1074 2254 καὶ
1113 2199 1469 2266 εἰκονίζουσα.
1502 2201 1611 2255 Καὶ
1631 2200 1725 2253 νῦν
1756 2199 1854 2271 μὲν

269 2291 465 2356 οὕτως·
509 2291 567 2346 ἐν
599 2309 656 2345 τε
693 2297 758 2365 τῇ
788 2293 1101 2360 ἀναστάσει,
1137 2295 1226 2347 ὅτε
1261 2293 1639 2364 Χριστοειδοῦς
1670 2293 1854 2360 τευξό-

276 2383 419 2455 μεθα
467 2385 852 2457 καταστάσεως
899 2385 1090 2455 (τοῦτο
1130 2387 1235 2455 γάρ
1282 2388 1399 2439 ἐστι
1469 2385 1531 2438 τὸ
1573 2384 1850 2457 λήξεως),

271 2470 532 2526 πάντοτε
559 2473 680 2526 σὺν
701 2475 896 2541 Κυρίῳ
919 2474 1196 2543 ἐσόμεθα,
1221 2474 1361 2528 κατὰ
1388 2474 1479 2528 τὸν
1513 2473 1850 2538 Ἀπόστολον,

272 2564 752 2637 ἀποπληρούμενοι
801 2567 897 2637 μὲν
943 2567 1166 2637 καὶτῆς
1207 2567 1409 2640 ὁρατῆς
1450 2567 1614 2621 αὐτοῦ
1655 2567 1851 2637 θεοφα-

273 2655 458 2720 νείας,
510 2658 591 2710 ὅτι
645 2657 731 2711 ἀεί
790 2659 939 2711 ἐστιν
1001 2659 1304 2731 ἀδιαίρετος
1353 2663 1419 2732 τῇ
1485 2660 1852 2734 ἐμψυχωμένῃ

275 2752 443 2822 σαρκὶ
473 2753 538 2823 ἢν
565 2752 946 2825 προσελάϐετο,
975 2753 1449 2826 περιαυγαζούσης
1468 2756 1527 2808 ἐν
1563 2771 1854 2826 μαρμαρυ-

272 2851 402 2917 γαῖς
435 2850 564 2919 ἡμῖν
585 2849 930 2917 φανοτάταις,
949 2847 1132 2912 καθὼς
1158 2849 1252 2900 καὶ
1271 2849 1328 2900 ἐν
1340 2850 1405 2918 τῇ
1433 2845 1852 2919 μεταμορφώσει

271 2943 470 3012 ἐφάνη·
494 2942 810 3013 μετέχοντες
829 2942 884 2995 δὲ
903 2942 1112 3013 καὶτῆς
1133 2940 1328 3010 νοητῆς
1358 2940 1706 3009 φωτοδοσίας,
1731 2940 1852 3009 ἥτις

271 3034 394 3087 ἐστὶ
428 3034 522 3087 καὶ
552 3034 690 3106 ὑπὲρ
719 3034 842 3089 νοῦν
871 3036 962 3089 καὶ
999 3035 1141 3088 κατά
1169 3035 1294 3088 νοῦν
1315 3036 1506 3098 ἐνωσις
1532 3032 1693 3106 (κατά
1725 3031 1852 3086 νοῦν

270 3123 385 3195 γάρ
413 3123 561 3177 ἔσται
595 3127 725 3196 ἡμῖν
746 3124 1025 3196 μεθεκτή),
1047 3126 1167 3178 τότε
1184 3125 1541 3196 τελεωτέρως,
1563 3125 1711 3186 ὃταν,
1728 3124 1850 3176 ἐπι·
1877 3157 1919 3214 C

272 3215 607 3286 στραφέντες
631 3216 766 3287 πρὸς
793 3217 943 3281 Θεὸν,
967 3216 1174 3270 ἐκεῖθεν
1197 3216 1415 3279 τελείως
1435 3214 1848 3286 ἐλλαμπόμενοι,

270 3307 519 3372 ἑνοειδῶς
567 3309 849 3379 γενώμεθα
898 3309 988 3372 ἓν,
1040 3309 1490 3380 ἐλευθερωθέντες
1544 3306 1653 3360 τῶν
1712 3307 1851 3361 κατά

273 3399 524 3454 σύνθεσιν
573 3403 703 3471 ἡμῖν
753 3403 1102 3474 έτεροτήτων,
1152 3402 1393 3472 δηλονότι
1437 3400 1544 3454 τῶν
1573 3400 1852 3471 κοσμικῶν

275 3488 584 3560 ἐπιθυμιῶν
609 3493 702 3544 καὶ
729 3491 1052 3562 αἰσθήσεων·
1075 3490 1234 3545 τοῦτο
1262 3492 1370 3563 γάρ
1397 3492 1545 3545 ἐστιν
1573 3493 1604 3544 ὁ
1633 3491 1848 3561 ἀπαθὴς

270 3583 374 3635 καὶ
417 3582 578 3647 ἀῦλος
624 3582 766 3647 νοῦς.
815 3583 938 3648 Πῶς
987 3583 1045 3637 δέ
1091 3581 1420 3654 μεθέξομεν;
1469 3586 1524 3636 ἐν
1572 3583 1849 3648 ἐπιϐολαῖς

272 3675 576 3743 ἀγνώστοις
603 3675 711 3729 τῶν
740 3677 995 3730 ἀκτίνων.
1028 3677 1190 3729 Ὅσον
1233 3675 1341 3747 γὰρ
1381 3677 1691 3746 ἐγγίσομεν,
1728 3693 1851 3730 τοσ-

266 3765 428 3818 οῦτον
475 3765 536 3818 τὸ
581 3767 854 3834 ἄγνωστον
882 3769 1011 3838 ἡμῖν
1040 3768 1344 3838 γενήσεται·
1383 3767 1474 3820 καὶ
1509 3767 1630 3820 ὅσον
1658 3768 1850 3821 ἐπιϐα-

268 3854 474 3926 λοῦμεν
513 3858 580 3927 τῇ
613 3856 832 3928 θεωρίᾳ,
865 3856 1119 3910 τοσοῦτον
1148 3857 1207 3910 τὺ
1241 3856 1334 3910 τοῦ
1363 3857 1590 3929 ἀπείρου
1617 3858 1848 3926 πέλαγος

271 3947 729 4018 πλατυνθήσεται,
775 3951 834 4002 ἐν
881 3949 1128 4019 θειοτέρα
1178 3949 1406 4020 μιμήσει
1444 3949 1550 4002 τῶν
1583 3950 1846 4018 ἀγγέλων,

265 4036 512 4093 δηλονότι
558 4039 946 4111 ἀκριϐεστέρα·
993 4041 1271 4111 σημαίνων
1316 4040 1582 4106 ἐντεῦθεν,
1630 4042 1707 4106 ὡς
1753 4042 1847 4094 καὶ

269 4128 371 4182 νῦν
391 4131 807 4202 ἀγγελοπρεπής
837 4133 864 4184 ό
903 4129 1010 4184 τῶν
1045 4131 1214 4199 ἁγίων
1242 4131 1355 4201 βίος
1399 4133 1457 4184 ἐν
1485 4136 1550 4204 τῇ
1585 4131 1677 4186 τοῦ
1711 4132 1846 4186 Θεοῦ

269 4223 503 4285 αίνέσει,
538 4226 629 4278 καὶ
655 4223 922 4295 ὑπεροψίᾳ
951 4222 1059 4277 τῶν
1097 4224 1394 4296 σαρκικῶν,
1426 4224 1528 4279 κᾶν
1550 4226 1608 4277 οὺ
1651 4243 1846 4280 παντε-

270 4315 375 4368 λεῖ·
419 4316 496 4367 διὸ
537 4317 631 4369 καὶ
667 4315 734 4368 τὰ
775 4316 875 4385 τῆς
921 4317 1202 4386 μιμήσεως
1243 4314 1613 4385 μετριώτερα,
1642 4316 1759 4368 τότε
1788 4316 1846 4369 δὲ

271 4408 518 4480 θειοτέρα
549 4411 581 4479 ὴ
614 4393 841 4480 μίμησις
877 4409 1180 4478 γενήσεται·
1209 4409 1530 4477 ’ἰσάγγελοι
1557 4407 1844 4478 γάρ,κατά

1955 1919 2231 1986 praedicta.
2260 1919 2357 1975 His
2387 1921 2568 1992 itaque
2614 1925 2852 1984 humano
2877 1943 3028 1985 more
3076 1933 3230 1988 nobis
3269 1935 3516 2004 indultis,

1955 2019 2118 2079 atque
2169 2013 2387 2084 insuper
2432 2017 2808 2075 traditionibus
2853 2023 3148 2079 erudimur.
3199 2024 3296 2082 Ubi
3349 2040 3516 2100 nata,

1953 2111 2171 2159 sanctos
2194 2121 2414 2176 quoque
2443 2109 2610 2163 multa
2657 2126 2761 2165 non
2811 2114 3015 2184 scripto
3043 2117 3318 2178 didicisse.
3350 2123 3514 2189 Quae-

1955 2210 2080 2248 nam
2136 2207 2317 2252 autem
2369 2207 2453 2252 est
2503 2200 2816 2258 humanitas
2866 2204 3315 2275 Scripturarum?
3356 2213 3514 2281 Quod

1954 2287 2208 2341 nimirum
2257 2291 2552 2344 secundum
2604 2292 2838 2347 divinam
2885 2295 3265 2368 dilectionem,
3318 2313 3378 2358 ut
3425 2319 3514 2361 res

1953 2377 2218 2447 spiritalis
2259 2389 2313 2434 et
2343 2381 2927 2451 incomprehensibilis,
2957 2403 2986 2440 a
3017 2389 3173 2446 nobis
3205 2404 3512 2463 caperetur,

1951 2467 2115 2538 306
2137 2469 2428 2525 sensilibus
2456 2473 2625 2543 signis
2653 2489 2746 2528 usa
2775 2475 2860 2538 sit,
2895 2486 3148 2547 tanquam
3193 2483 3513 2550 quibusdam

1952 2561 2304 2627 velamentis,
2333 2573 2390 2618 et
2430 2580 2520 2620 res
2548 2565 2866 2637 inﬁguratas
2913 2568 3180 2640 ﬁgurarit,
3211 2574 3514 2644 simplices-

1953 2668 2058 2723 que
2085 2654 2427 2710 dividuorum
2475 2656 2750 2726 signorum
2780 2659 3040 2715 varietate
3072 2662 3380 2731 depinxerit
3410 2676 3540 2731 :_ut,

1953 2746 2168 2814 quando
2193 2748 2448 2802 nimirum
2491 2745 2771 2818 Scriptura
2812 2749 2979 2805 Deum
3003 2729 3242 2809 humana
3270 2771 3400 2811 voce
3429 2729 3512 2812 ιὶ)-

1953 2849 2231 2908 quentem,
2260 2841 2427 2910 pedes
2454 2850 2510 2895 et
2545 2855 2735 2914 manus
2763 2842 3061 2913 faciemque
3099 2845 3176 2899 illi
3215 2848 3515 2920 circumpo-

1953 2947 2109 2998 nens,
2164 2934 2486 3003 multiplicat
2533 2945 2586 2988 et
2637 2932 2838 3004 eiﬁngit
2889 2937 2940 2991 id
2984 2939 3124 3007 quod
3176 2949 3365 2994 natura
3415 2957 3512 2997 sua

1954 3039 2118 3077 unum
2148 3037 2253 3090 eat,
2284 3040 2383 3094 per
2417 3025 2658 3096 symbols
2705 3027 2987 3097 variegans
3034 3040 3088 3084 et
3111 3029 3418 3088 eﬂortuans.
3449 3034 3515 3089 Et

1955 3130 2095 3170 nunc
2123 3116 2340 3186 quidem
2367 3117 2471 3182 sic;
2510 3127 2565 3172 at
2591 3117 2644 3171 in
2674 3120 3093 3184 resurrectione,
3125 3124 3339 3191 quando
3365 3123 3517 3180 Chri-

1955 3207 2256 3263 stiformem
2287 3219 2488 3264 statum
2531 3225 2925 3279 consequemur
2951 3215 3076 3283 (hoc
3110 3215 3252 3271 enim
3295 3217 3516 3272 denotat

1952 3314 2056 3352 vox
2095 3299 2323 3370 λήξεως)
2364 3317 2562 3367 semper
2602 3317 2719 3354 cum
2766 3301 2990 3355 Domino
3033 3305 3228 3358 erimus
3260 3315 3309 3370 ε,
3340 3314 3398 3359 ιιι
3437 3307 3518 3361 ait

1953 3391 2262 3459 Apostolus,
2283 3392 2483 3447 visibili
2513 3393 2726 3463 quidem
2753 3395 3033 3462 ipsiusmet
3062 3397 3150 3451 Dei
3181 3399 3517 3466 apparitione

1953 3485 2118 3552 pleni,
2148 3485 2402 3554 quoniam
2439 3486 2607 3554 ipsius
2634 3488 2885 3543 animata:
2908 3490 3077 3553 carni,
3109 3505 3272 3558 quam
3303 3507 3516 3548 assum-

1951 3575 2076 3642 psit,
2113 3574 2380 3629 indivulsa
2422 3575 2511 3630 lux
2557 3577 2715 3641 inest,
2743 3592 2862 3647 qua:
2891 3578 3236 3635 lncidissimis
3260 3597 3516 3640 corusca-

1953 3665 2188 3721 tionibus
2214 3667 2366 3721 nobis
2389 3667 2772 3736 resplendebit,
2795 3671 3246 3738 quemadmodum
3267 3676 3516 3743 apparuit

1951 3757 2004 3810 in
2067 3759 2584 3827 transfiguratione;
2629 3758 2984 3830 intelligibilis
3026 3775 3154 3814 vero
3204 3761 3350 3817 illius
3391 3765 3516 3818 illu-

1950 3849 2229 3903 strationis
2257 3848 2581 3918 participes,
2611 3865 2730 3919 qua:
2758 3861 2839 3904 est
2881 3852 3041 3905 etiam
3073 3867 3237 3922 supra
3276 3868 3512 3910 mentem

1949 3950 2003 3994 et
2026 3941 2318 3994 secundum
2353 3953 2582 3995 mentem
2612 3941 2736 3996 unio
2762 3943 3079 4008 (secundum
3107 3956 3338 4002 mentem
3365 3948 3510 4002 enim

1951 4033 2094 4086 illam
2143 4032 2604 4102 participabimus)
2658 4043 2770 4087 tum
2819 4035 3144 4104 perfectius,
3177 4038 3392 4102 quando
3441 4043 3508 4094 ad

1953 4125 2118 4179 Deum
2148 4124 2438 4188 conversi,
2485 4123 2610 4178 inde
2658 4125 2894 4194 perfecte
2941 4126 3352 4194 illustrabimur,
3384 4132 3509 4186 uni-

1949 4215 2193 4272 formiter
2237 4217 2365 4286 quid
2413 4232 2578 4270 unum
2625 4217 2858 4282 erimus,
2895 4234 2924 4272 a
2975 4219 3378 4278 diversitatibus
3409 4239 3509 4278 no-

1948 4310 2078 4363 stris
2102 4325 2221 4378 quae
2249 4323 2316 4363 ex
2345 4309 2740 4378 compositione
2780 4311 3050 4375 oriuntur,
3087 4313 3136 4367 id
3164 4323 3245 4367 est
3287 4330 3316 4368 a
3339 4331 3507 4374 mun-

1950 4401 2107 4456 danis
2138 4401 2523 4470 cupiditatibus
2556 4401 2912 4470 sensibusque
2939 4402 3188 4472 liberati;
3226 4406 3328 4459 hoc
3365 4409 3510 4464 enim

268 4501 342 4553 τὰ
369 4501 488 4570 ίερά
516 4501 840 4568 Εὑαγγέλια,
871 4501 969 4554 καί
1004 4501 1121 4555 υἱοί
1147 4501 1312 4564 Θεοῦ,
1349 4500 1422 4562 ὡς
1457 4500 1562 4551 υἱοὶ
1593 4499 1693 4568 τῆς
1717 4500 1846 4552 ἀνα-

1952 4501 2034 4546 est
2087 4509 2240 4547 mens
2295 4494 2646 4562 impassibilis
2690 4502 2743 4545 et
2785 4495 3170 4552 immateriata.
3229 4498 3510 4565 Quomodo

273 4593 536 4655 στάσεως,
574 4595 1035 4662 χρηματίσομεν.
1071 4597 1134 4646 01
1165 4593 1275 4662 γὰρ
1305 4594 1600 4661 σύμφυτοι
1630 4590 1709 4656 τῷ
1737 4591 1842 4644 τοῦ

270 4685 576 4738 Δεσπότου
627 4684 857 4748 θανάτῳ
899 4686 1202 4754 γενόμενοι
1259 4682 1528 4737 κοινωνοὶ
1585 4682 1681 4735 καὶ
1734 4681 1842 4749 τῆς

270 4776 458 4842 δόξης
504 4778 776 4840 ἔσονται,
822 4776 1002 4840 καθὼς
1038 4777 1130 4830 καὶ
1172 4779 1200 4829 ό
1248 4775 1469 4846 Κύριος·
1516 4774 1842 4841 Πορεύομαι

270 4865 422 4931 πρὸς
452 4866 556 4917 τεν
597 4867 825 4934 Πατέρα
863 4885 1003 4935 μου,
1050 4867 1146 4920 καὶ
1189 4866 1420 4932 Πατέρα
1450 4865 1634 4934 ὑμῶν.
1679 4862 1841 4916 Ἀλλά

268 4956 446 5011 ταῦτα
480 4959 576 5029 μὲν
599 4960 734 5030 μετά
759 4961 856 5030 τὴν
893 4961 1203 5013 ἀνάστασιν·
1235 4959 1330 5011 νῦν
1355 4958 1410 5010 δὲ
1445 4957 1663 5018 οἰκείοις
1701 4973 1840 5024 συμ-

271 5047 444 5110 ϐόλοις
469 5049 744 5119 χρώμεθα,
780 5053 872 5102 ἐπὶ
902 5051 1034 5103 Θεοῦ
1070 5051 1341 5120 δηλονότι,
1379 5051 1471 5104 καὶ
1514 5049 1724 5111 τύποις,
1755 5049 1846 5101 καὶ

266 5138 605 5206 ὀνομασίαις.
638 5141 781 5211 Πλὴν
822 5143 922 5194 οὐκ
949 5145 1005 5193 ὲν
1036 5142 1243 5204 τούτοις
1270 5141 1702 5210 ἐναπομένομεν,
1732 5138 1847 5190 ἀλλ’

270 5229 678 5300 ἁνατεινόμεθα,
706 5231 824 5283 καθ’
848 5234 968 5284 ὅσον
988 5232 1086 5293 ἔνι,
1115 5235 1206 5285 ἐπὶ
1234 5233 1332 5303 τὴν
1365 5231 1542 5300 ἁπλῆν
1579 5231 1672 5282 καὶ
1703 5231 1847 5298 ἡνω-

275 5319 442 5388 μένην
480 5321 748 5390 ἀλήθειαν.
804 5323 1004 5391 Ἀπλῆν
1053 5325 1181 5392 μὲν,
1220 5324 1300 5375 ὃτι
1334 5324 1544 5393 ἀμερής
1591 5324 1704 5374 ἐστι
1755 5323 1850 5374 καὶ

274 5411 565 5482 μονοειδής·
598 5415 877 5484 ἡνωμένην
903 5415 980 5476 δὲ,
1005 5416 1084 5467 ᾶτι
1107 5416 1281 5468 ένιαία
1305 5416 1437 5467 ἐστί.
1467 5414 1574 5465 Καὶ
1601 5415 1646 5465 εί
1676 5431 1845 5466 ποικι-

269 5504 546 5574 λοτρόπως
572 5511 681 5570 τοῖς
724 5508 1004 5578 συμϐόλοις
1044 5509 1402 5578 πληθύνεται,
1441 5508 1534 5560 καὶ
1571 5506 1706 5576 μετά
1734 5510 1838 5560 πᾶ-

271 5613 370 5649 σαν
407 5599 587 5670 νόησιν
629 5601 734 5653 τῶν
771 5601 1016 5655 θεοειδῶν
1043 5603 1286 5671 ἀγγέλων
1309 5600 1710 5664 ἀποπαύοντες,
1747 5603 1840 5655 καὶ

344 5777 370 5816 δ
401 5774 436 5829 ιι
469 5775 659 5843 Thess.
693 5793 753 5838 lt,
787 5776 862 5829 ll.

1948 4594 2128 4638 autem
2155 4586 2874 4655 participabimus?jactibus
2899 4588 3186 4658 incognitis
3213 4591 3506 4647 radiorum.

1948 4675 2221 4741 Quantum
2250 4676 2392 4729 enim
2425 4677 2769 4740 accedemus,
2815 4678 2866 4730 in
2920 4689 3125 4731 tantum
3171 4680 3327 4735 nobis
3356 4681 3510 4736 inco-

1948 4769 2156 4838 gnitum
2187 4752 2327 4835 erit;
2355 4779 2408 4822 et
2437 4780 2696 4838 quantum
2730 4785 2825 4822 nos
2873 4772 3311 4838 contemplationi
3349 4790 3507 4828 vaca-

1947 4863 2146 4928 bimus,
2177 4870 2381 4914 tantum
2412 4863 2572 4916 etiam
2607 4861 2889 4916 inﬁnitatis
2916 4861 3034 4928 ejus
3059 4864 3277 4932 pelagus
3311 4865 3508 4919 dilata-

1949 4955 2116 5018 bitur,
2149 4956 2214 5007 ad
2240 4954 2560 5007 divinioreni
2587 4955 2898 5024 angelorum
2933 4956 3310 5020 imitationem,
3347 4958 3397 5010 id
3426 4970 3511 5012 est

1949 5047 2371 5110 accuratiorem;
2405 5045 2717 5115 significans
2746 5063 2841 5116 per
2871 5047 2993 5111 hoc,
3021 5051 3290 5115 quomodo
3311 5051 3505 5104 etiam-

1951 5154 2076 5192 num
2109 5139 2310 5207 angelis
2349 5138 2506 5206 digna
2559 5138 2839 5192 beatorum
2874 5139 2976 5191 vita
3025 5139 3079 5192 in
3121 5137 3214 5193 Dei
3245 5138 3423 5202 laude,
3455 5150 3509 5195 et

1949 5231 2244 5284 carnalium
2276 5239 2586 5298 contemptu
2611 5269 2626 5292 ,
2660 5229 2761 5282 etsi
2799 5245 2901 5282 non
2947 5230 3256 5283 omnimodo
3277 5275 3290 5295 ,
3324 5246 3508 5286 verse-

1953 5334 2075 5386 tur;
2129 5324 2353 5391 ideoqne
2406 5322 2570 5375 etiam
2605 5323 2719 5376 haec
2767 5322 3000 5375 imitatio
3049 5322 3379 5376 moderatior
3421 5334 3507 5378 est

1951 5429 2060 5470 tum
2108 5427 2292 5470 autem
2339 5415 2569 5468 imitatio
2611 5413 2844 5468 divinior
2893 5413 3135 5467 exsistet.
3171 5413 3325 5478 Nam,
3349 5413 3501 5480 juxta

1948 5525 2102 5562 sacra
2135 5508 2423 5577 Evangelia
2457 5525 2470 5560 :
2504 5505 2759 5575 Equales
2799 5506 3000 5574 angelis
3048 5506 3265 5567 erimus,
3313 5516 3361 5558 et
3401 5506 3503 5574 ﬁlii

1949 5599 2048 5654 Dei
2076 5599 2124 5666 ἀ,
2152 5601 2348 5670 quippe
2374 5597 2466 5652 ﬁlii
2499 5596 2914 5652 resurrectionis
2950 5595 3366 5666 appeliabimur.
3400 5599 3501 5664 Qui

943 5787 963 5814 ε
1007 5775 1237 5831 lThess.
1283 5793 1352 5838 tv,
1395 5777 1475 5829 l6.
1550 5776 1573 5813 ἀ
1607 5775 1739 5832 Luc.
1777 5793 1863 5840 xx,
1899 5775 1984 5828 55.
