4176 6308
716 327 825 384 627)

1898 331 1954 386 S.
1992 330 2296 387 DIONYSH
2331 329 2791 386 AREOPAGlT/E

3866 336 3980 391 σει

719 444 859 499 enim
890 444 1045 497 morti
1078 444 1290 498 Domini
1316 450 1657 515 complontati
1688 462 1806 503 sunt
1826 491 1840 515 ,
1872 463 2139 506 consortes
2161 472 2289 523 quo-

2398 455 2650 518 ἱστῶντες
2679 455 2775 516 τάς
2811 454 2999 524 νοεράς
3038 455 3334 524 ἐνεργείας,
3360 457 3426 525 τῇ
3458 455 3580 525 θείᾳ
3622 458 3797 511 ἀκτῖνι
3831 461 3984 513 κατὰ

719 552 821 605 quo
848 537 1031 605 gloriw
1066 548 1218 591 erant
1254 550 1299 601 ε,
1323 543 1777 606 quemadmodum
1824 546 1987 598 etiam
2031 545 2292 599 Dominus

718 630 797 681 ait
825 645 839 678 :
881 627 1025 682 Vada
1056 630 1125 682 ad
1160 630 1372 685 Patrem
1413 632 1433 671 ί
1468 648 1667 699 meum,
1699 646 1751 689 et
1784 634 1997 690 Patrem
2026 647 2287 693 vestrum.

729 720 921 776 Verum
970 722 1085 777 bace
1126 734 1247 792 post
1278 728 1726 781 resurrectionem
1768 744 1781 780 :
1828 744 1971 783 nunc.
2002 746 2130 785 vero
2168 746 2291 801 pro-

722 816 855 883 priis
902 816 1171 885 symbolis
1210 827 1424 870 utamur
1462 820 1539 887 (in
1584 820 1693 874 Deo
1720 821 1950 891 scilicet)
1990 832 2044 877 et
2078 824 2289 893 ﬁguris,

722 916 777 959 et
835 906 1165 961 nominibus.
1230 906 1612 964 Verumtamen
1674 913 1727 965 in
1796 913 1903 968 illis
1952 931 2290 986 nequaquam

722 1001 1115 1064 immoremur,
1159 1001 1253 1054 sed
1296 1004 1721 1065 contendamus.
1773 1009 1951 1074 quoad
1982 1019 2287 1075 possumus,

723 1092 790 1143 ad
830 1092 1132 1159 simplicem
1165 1102 1220 1145 et
1250 1094 1452 1146 unitam
1484 1096 1787 1149 veritatem.
1830 1097 2140 1167 Simplicem
2174 1100 2292 1166 qni-

722 1185 881 1247 riem,
926 1186 1179 1250 quoniam
1221 1185 1445 1239 indivisa
1493 1194 1595 1249 cst,
1632 1197 1687 1240 et
1729 1188 2043 1253 uniformis;
2081 1191 2288 1242 unitam

723 1290 889 1337 vero,
920 1275 1049 1344 quia
1088 1276 1383 1346 singularis
1436 1290 1529 1330 seu
1580 1278 1736 1330 unica
1782 1288 1883 1334 est.
1918 1279 2029 1334 Etsi
2064 1281 2293 1334 diversi-

721 1366 881 1421 mode
911 1365 1170 1435 symbolis
1202 1366 1607 1434 multiplicetur,
1642 1380 1761 1437 post
1788 1370 2096 1425 divinorum
2123 1371 2286 1426 etiam

720 1460 971 1514 notitiam
1000 1458 1337 1529 angelorum,
1366 1460 1527 1529 307
1556 1463 1971 1529 tranquillantes
2002 1479 2066 1518 ac
2092 1466 2293 1519 sisten-

721 1563 804 1606 tes
846 1551 1193 1607 intellectiles
1239 1563 1453 1606 nostras
1496 1555 1840 1621 operationes
1884 1556 2065 1610 divino
2119 1558 2288 1621 radio,

720 1654 982 1713 quantum
1025 1644 1104 1697 fas
1129 1654 1235 1709 est,
1266 1646 1618 1701 attendimus.
1650 1644 2078 1715 Tranquillantes
2110 1657 2288 1701 autem

718 1753 815 1790 seu
843 1737 1103 1791 sistentcs
1139 1736 1317 1800 dixit,
1342 1739 1635 1790 secundum
1678 1738 1813 1790 duas
1863 1738 2169 1807 explicandi
2205 1755 2289 1791 ra-

2391 546 2453 598 τὸ
2516 546 2733 615 θεμιτὸν
2795 543 3170 613 ὲπιδὰλλομεν.
3225 545 3661 611 Ἀποπαύοντες
3696 548 3804 619 γὰρ
3850 545 3983 601 εἷπε

2393 636 2533 690 κατά
2569 636 2664 689 δύο
2703 636 2937 707 τρόπους
2971 633 3068 703 τῆς
3104 634 3432 706 ἐξηγήσεως
3473 636 3504 707 ἢ
3550 637 3630 689 ὅτι
3676 638 3837 708 μέχρι
3866 639 3985 691 τῶν

2393 728 2697 797 ἀηελικῶν
2727 728 3012 797 θεαμάτων
3049 727 3282 797 ίστῶμεν
3313 729 3412 797 τὴν
3440 729 3645 799 νόησιν,
3670 731 3745 793 ὡς
3774 732 3985 802 ἀργού-

2395 835 2495 888 σης
2530 820 2709 887 πάσης
2752 815 3005 884 γνώσεως
3034 816 3125 867 ἐπὶ
3157 816 3311 880 Θεοῦ,
3343 819 3435 870 καὶ
3469 818 3678 882 οὐδενὸς
3703 819 3813 871 τῶν
3847 820 3985 873 τού-

2390 927 2484 963 του
2516 912 2585 980 τῇ
2610 910 2817 979 κινήσει
2847 906 2940 960 τοῦ
2978 905 3069 957 νοῦ
3106 906 3672 978 καταλαμϐανομένου,
3717 910 3880 979 μόνον
3920 910 3981 962 δὲ

2393 1004 2536 1075 ὑπὲρ
2562 1002 2745 1071 νόησιν
2772 1004 2804 1071 η
2834 1000 2952 1052 θεία
2985 1001 3140 1063 ἀκτὶς
3174 1002 3307 1069 ἡμῖν
3348 1000 3640 1071 ἐπιλάμπει
3674 1003 3739 1055 δι’
3768 1004 3980 1071 ἀγαθό-

2392 1110 2548 1166 τητα’
2578 1094 2612 1164 ἦ
2640 1093 3054 1156 ἀποπαύοντες
3080 1089 3189 1143 οἷον
3221 1092 3355 1161 πρός
3380 1110 3500 1144 τινα
3533 1093 3982 1165 ὁμολογουμένην

2393 1187 2488 1239 καὶ
2514 1184 2715 1257 τρανὴν
2742 1181 3108 1253 πληροφορίαν
3136 1182 3387 1246 ίστῶντες
3422 1185 3517 1255 τὴν
3556 1186 3758 1255 νόησιν,
3786 1187 3984 1256 δηλον-

2392 1281 2473 1331 ότι
2527 1278 2654 1349 περὶ⁸
2693 1275 2824 1328 αὐτὸ
2865 1274 2929 1327 τὸ
2968 1274 3347 1343 ἀκατάληπτον
3385 1276 3477 1329 τοῦ
3516 1278 3668 1342 Θεοῦ,
3722 1281 3864 1349 ὅπερ
3906 1282 3976 1349 τῇ

2390 1371 2484 1425 τοῦ
2508 1373 2625 1433 νοὸς
2662 1368 3018 1439 ἀνενεργησία
3053 1366 3545 1435 καταλαμϐάνεται·
3584 1372 3640 1423 ὲν
3679 1366 3820 1442 ᾖτινι
3848 1370 3981 1441 Θείᾳ.

2394 1467 2569 1518 ἀκτῖνι
2598 1466 2771 1518 πάντα
2804 1470 2871 1521 τά
2894 1471 3000 1521 τῶν
3027 1468 3215 1520 πασῶν
3236 1465 3487 1536 γνώσεων
3518 1464 3745 1533 πέρατα·
3770 1464 3830 1515 οὗ
3860 1463 3981 1535 γὰρ

2392 1557 2457 1607 ὲκ
2483 1557 2700 1627 μέρους,
2730 1558 2841 1611 ἀλλ’
2882 1559 3092 1629 ἀθρόως
3134 1558 3227 1610 καὶ
3264 1558 3378 1627 ἅμα
3414 1553 3811 1622 προῡφέστηκε.
3860 1554 3976 1605 Καὶ

2392 1653 2456 1703 ὲκ
2496 1651 2685 1704 τούτου
2716 1653 3055 1722 νοηοήσεται,
3096 1651 3213 1715 πῶς
3261 1667 3423 1720 φησιν
3462 1651 3489 1701 ὁ
3558 1646 3875 1710 ἀπόστολος,
3911 1649 3973 1701 ιν

2392 1742 2469 1812 τῷ
2492 1743 2610 1813 Θεῷ
2633 1739 2768 1797 εἶναι
2792 1745 2939 1813 ἡμᾶς
2963 1744 3073 1810 πρὸ
3102 1738 3437 1807 καταϐολῆς
3476 1740 3722 1807 κόσμου.
3773 1737 3971 1790 Ἱστὲον

720 1832 929 1893 tiones;
966 1828 1047 1881 vel
1083 1830 1224 1897 quod
1251 1844 1420 1897 usque
1442 1832 1507 1882 ad
1540 1829 1782 1900 angelica
1806 1833 2116 1899 spectacula
2149 1835 2289 1887 sisn-

2392 1832 2502 1899 οὖν,
2530 1837 2611 1888 ὃτι
2651 1836 2724 1898 ὡς
2756 1836 2853 1905 τῆς
2885 1837 3134 1889 ἁπάντων
3167 1832 3501 1905 παραγωγῆς
3531 1831 3669 1883 κατά
3696 1829 3757 1882 τὸ
3790 1830 3973 1883 αἴτιον

721 1939 839 1977 mus
865 1921 1304 1990 intelligentiam,
1332 1923 1487 1990 quasi
1519 1924 1571 1977 in
1618 1924 1727 1977 Deo
1769 1925 1946 1979 omnis
1976 1925 2127 1979 notio
2158 1927 2292 1979 deli-

720 2013 853 2076 ciat,
878 2023 936 2065 ut
978 2014 1066 2080 qui
1126 2012 1258 2065 nihil
1303 2014 1592 2067 siteorum
1639 2014 1779 2081 quod
1833 2015 2029 2070 mentis
2075 2020 2291 2070 notione

720 2104 1032 2173 percipitur,
1066 2112 1275 2157 tantum
1315 2112 1495 2157 autem
1546 2120 1705 2173 supra
1752 2106 2023 2162 notionem
2080 2107 2292 2161 divinus

722 2196 906 2250 radius
939 2198 1098 2251 nobis
1148 2212 1245 2265 per
1277 2197 1576 2250 bOuitatem
1610 2196 1860 2266 aﬂ‘ulget;
1908 2198 1993 2251 vel
2027 2200 2291 2265 tranquil-

719 2290 910 2351 (antes,
958 2288 1112 2357 quasi
1161 2289 1228 2341 ad
1276 2288 1513 2357 aliquam
1544 2303 1661 2356 qua:
1702 2290 1752 2341 in
1783 2288 2033 2343 confesso
2060 2299 2163 2352 est,-
2195 2306 2288 2343 seu

725 2380 1072 2448 perspicuam
1098 2379 1621 2446 comprobationem,
1652 2377 1924 2445 intelligen
1954 2378 2058 2430 iam
2090 2379 2290 2432 sisten-

726 2485 829 2535 tes,
860 2471 1070 2527 scilicet
1110 2471 1255 2524 circa
1284 2470 1378 2524 Dei
1409 2469 2143 2539 incompreliensibilitatem‘,
2169 2483 2290 2537 qua:

720 2564 1031 2620 intellectus
1078 2563 1385 2616 cessatione
1429 2562 1762 2629 percipitur;
1801 2562 1853 2615 in
1896 2576 2004 2630 quo
2031 2562 2287 2615 nimirum

718 2658 903 2711 divino
959 2654 1110 2709 radio
1151 2669 1340 2709 omnes
1390 2653 1522 2708 ﬁnes
1562 2663 1685 2706 sunt
1738 2654 1980 2708 omnium
2029 2654 2290 2723 cegnitio-

721 2765 888 2811 num;
921 2762 1025 2800 non
1058 2749 1200 2799 enim
1230 2760 1297 2799 ex
1342 2757 1519 2814 parte,
1557 2747 1647 2801 sed
1686 2744 1970 2801 confertim
1991 2786 2005 2810 ,
2044 2754 2099 2799 et
2128 2746 2285 2798 simul

720 2840 1061 2911 pneexstitit.
1087 2838 1151 2891 Et
1176 2840 1301 2892 hinc
1339 2837 1966 2907 intelligitur,quomodo
2013 2840 2288 2906 apostolus

721 2934 824 2997 ait,
864 2935 916 2986 in
952 2931 1060 2985 Deo
1098 2945 1193 2985 nos
1227 2945 1352 2984 esse
1401 2940 1522 2983 ante
1571 2930 1755 2982 mundi
1786 2929 2207 2983 constitutionem
2236 2930 2286 2983 ⁸.

728 3025 1018 3081 Sciendum
1050 3025 1235 3091 itaque
1256 3023 1661 3091 productionem
1693 3022 2065 3075 universorum
2095 3037 2288 3077 secun-

2394 1927 2486 1978 καὶ
2521 1926 2620 1995 τὴν
2663 1926 2834 1996 ἀρχὴν
2872 1924 3262 1995 ἀπηρτημένης
3300 1920 3486 1985 αὑτοῦ,
3525 1920 3707 1990 ἐπειδὴ
3742 1920 3811 1972 τά
3838 1920 3976 1972 ὄντα.

2394 2017 2570 2069 πάντα
2619 2015 2675 2081 ἐξ
2726 2015 2889 2067 αὑτοῦ
2937 2018 3095 2075 εἰσιν,
3150 2013 3372 2074 είκότως
3419 2012 3512 2062 ἆτε
3556 2012 3647 2062 καὶ
3704 2010 3970 2079 μέλλοντα

2394 2107 2635 2169 ἔσεσθαι,
2670 2108 2726 2158 ὲν
2766 2105 2912 2173 αὐτῷ
2946 2106 3039 2157 καὶ
3074 2104 3527 2175 προῦφειστήκειν
3556 2101 3632 2171 τῷ
3670 2102 3853 2162 είδότι,
3883 2100 3966 2151 ὅτι

2393 2201 2485 2251 καὶ
2526 2198 2774 2269 παράξει,
2816 2198 2908 2249 καλ⁵
2943 2197 3071 2248 πότε
3099 2195 3347 2265 παράξει,
3374 2194 3447 2257 ὡς
3477 2211 3500 2245 ε
3532 2210 3707 2263 ρηται,
3750 2194 3777 2243 ό
3807 2190 3968 2253 εἰδὼς

2394 2291 2567 2343 πάντα
2614 2292 2738 2360 πρὶν
2784 2290 3047 2356 γενέσεων
3092 2287 3286 2339 αὐτῶν.
3328 2283 3427 2339 Ἦν
3478 2287 3541 2357 δὴ
3591 2288 3783 2338 ἀκτῖνα
3840 2283 3966 2337 οὔτε

2393 2382 2641 2451 ἐννοῆσαι
2702 2381 2962 2441 δυνατὸν,
3009 2378 3140 2431 οὔτε
3186 2380 3391 2442 εἰπεῖν,
3446 2376 3567 2430 οὔτε
3618 2377 3789 2439 άλλως
3846 2393 3967 2439 πως

2394 2473 2699 2545 θεωρῆσαι,
2741 2474 2828 2525 διά
2874 2473 2933 2525 τὸ
2979 2469 3113 2524 εἶναι
3174 2470 3391 2523 πάντων
3450 2471 3821 2541 ἐξῃρημένην,
3871 2470 3967 2521 καὶ

2394 2565 2830 2636 προσλαμϐάνειν
2877 2566 2973 2635 μὲν
3016 2566 3192 2617 πᾶσαν
3230 2564 3643 2634 ἀποπεράτωσιν
3686 2562 3963 2630 γνώσεως,

2392 2656 2709 2718 καὶοὺσίας,
2746 2656 2839 2709 καὶ
2875 2655 3175 2725 δυνάμεως·
3216 2655 3430 2707 πάντων
3455 2654 3509 2705 δὲ
3546 2654 3768 2706 καὶτῶν
3794 2655 3963 2724 οὐρα-

2391 2751 2519 2803 νίων
2541 2750 2676 2803 νοῶν
2701 2747 3139 2819 ὐπεριδρύεσθαι.
3168 2748 3276 2799 Καὶ
3296 2748 3396 2817 ὅρα
3426 2745 3540 2809 πῶς
3566 2744 3964 2807 κατασκευάζει

2392 2842 2565 2896 τοῦτο.
2607 2843 2727 2895 Ὀτι
2768 2844 2821 2894 αί
2852 2839 3081 2908 γνώσεις
3122 2839 3283 2892 τινῶν
3324 2842 3429 2891 εἰσι
3474 2838 3738 2907 γνώσεις,
3793 2840 3962 2909 ἢγουν

2391 2934 2578 2988 ὄντων’
2628 2936 2721 2987 καὶ
2766 2934 2818 2987 εἴ
2866 2951 2989 2986 τινα
3032 2932 3492 3002 ἀποπερατοῦνται
3535 2931 3767 2999 γνωστὰ,
3815 2932 3962 3000 άπερ

2393 3027 2498 3079 sici
2535 3026 2630 3079 καὶ
2658 3026 2793 3078 αὑτά
2832 3027 2975 3079 ὄντα.
3015 3027 3084 3077 Ἣ
3109 3025 3287 3094 πάσης
3310 3023 3438 3090 γοῦν
3464 3022 3666 3085 οὐσίας,
3703 3022 3793 3073 καὶ
3831 3023 3959 3076 πάν-

719 3120 843 3171 dum
884 3132 1106 3172 causam
1139 3125 1195 3169 et
1240 3115 1561 3184 principium
1606 3116 1671 3167 ab
1715 3128 1780 3167 eo
1830 3114 2087 3182 pendere,
2120 3130 2286 3183 quan-

2392 3130 2496 3167 των
2520 3112 2628 3165 τῶν
2659 3112 2823 3167 ὄντων
2848 3112 3118 3173 ἐπέκεινα,
3145 3112 3359 3173 πάντως
3385 3110 3477 3164 καὶ
3509 3109 3757 3178 γνώσεως
3780 3111 3959 3179 πάσης

719 3210 1006 3275 doquidem
1042 3224 1129 3264 res
1172 3220 1360 3261 omnes
1392 3221 1487 3275 per
1512 3208 1693 3273 ipsum.
1722 3207 2008 3275 exsistant,
2034 3206 2286 3275 probabi-

2392 3205 2699 3278 ἐξῃρημένη
2744 3206 2910 3258 ἐστίν.
2965 3206 3157 3258 ἰστέον
3195 3204 3250 3256 δὲ
3296 3204 3376 3257 ὅτι
3423 3204 3605 3272 ἕτερον
3650 3202 3821 3265 οὐσία,
3864 3205 3959 3255 καὶ

716 3301 843 3353 liter
887 3299 1051 3352 etiam
1094 3312 1194 3363 ea,
1236 3312 1356 3351 cum
1399 3296 1577 3349 futura
1622 3304 1811 3360 erant,
1845 3296 1895 3348 in
1932 3296 2047 3363 ipso
2071 3311 2284 3365 quoque

2392 3295 2572 3366 ἕτερον
2595 3295 2893 3365 δύναμις’ή
2921 3296 3017 3365 μὲν
3044 3296 3151 3368 γὰρ
3172 3296 3277 3349 τῶν
3296 3296 3415 3348 καθ’
3444 3294 3581 3347 αὑτά
3614 3292 3956 3361 ὑφεστώτων,

719 3401 847 3444 ante
872 3389 1204 3451 constitisse,
1249 3397 1433 3457 utpote
1466 3388 1702 3449 sciente,
1730 3394 1783 3439 et
1811 3387 1952 3454 quod
1987 3390 2242 3455 producet
2268 3427 2285 3453 ,

2392 3389 2422 3459 ἡ
2452 3388 2509 3439 δὲ
2535 3386 2642 3439 τῶν
2666 3389 2723 3439 ὲν
2751 3389 2920 3459 ἑτέρῳ
2944 3389 3004 3441 τὸ
3026 3385 3163 3441 εἶναι
3184 3390 3413 3458 ἑχόντων
3438 3388 3600 3441 ἐστίν.

715 3491 773 3539 et
806 3483 1019 3551 quando
1066 3480 1360 3550 producet,
1404 3479 1479 3532 uti
1528 3480 1731 3533 dictum
1777 3488 1861 3534 est
1900 3494 2065 3532 :cum
2097 3480 2276 3533 omnia
2316 3489 2608 3547 cognoscat
2663 3493 2787 3535 ante
2827 3481 3043 3534 illorum
3092 3483 3520 3552 generationem.
3576 3479 3727 3534 Hune
3767 3482 3952 3550 utique

718 3579 927 3631 radium
959 3588 1136 3643 neque
1161 3582 1341 3627 mente
1364 3572 1647 3640 concipere
1676 3586 1777 3627 nec
1811 3574 2055 3626 oratione
2113 3571 2357 3640 proloqui
2411 3571 2671 3634 valemus,
2726 3586 2898 3638 neque
2952 3572 3059 3626 alio
3115 3588 3435 3641 quocunque
3480 3572 3637 3625 modo
3683 3576 3949 3638 contueri,

718 3670 863 3739 quod
893 3665 1245 3721 sitomuibus
1292 3676 1599 3731 exemptus,
1652 3674 1707 3718 et
1744 3680 1959 3725 omnem
2000 3664 2214 3732 quidem
2275 3664 2511 3717 notionis
2570 3672 2624 3716 et
2670 3664 2918 3716 essentne
2960 3674 3015 3718 et
3070 3665 3284 3719 virtutis
3330 3663 3763 3718 terminationem
3812 3667 3950 3718 anti-

716 3764 881 3831 cipet,
908 3774 1066 3827 supra
1090 3772 1281 3812 omnes
1334 3772 1461 3813 vero
1493 3763 1741 3816 cmlcstes
1784 3761 2164 3830 intelligentias
2223 3760 2543 3815 collocetur.
2598 3758 2664 3812 Et
2716 3760 2835 3813 vide
2882 3761 3152 3827 quomodo
3200 3761 3250 3815 id
3293 3760 3504 3829 probet.
3557 3760 3814 3823 Quoniam
3857 3774 3949 3811 co-

718 3856 988 3925 gnitiones
1014 3852 1320 3920 aliquorum
1358 3857 1863 3926 suntcognitiones,
1900 3854 2053 3909 verbi
2079 3855 2274 3923 gratia,
2308 3869 2519 3917 rerum;
2545 3863 2600 3905 et
2642 3852 2686 3905 si
2734 3854 2914 3921 aliqua
2979 3854 3310 3907 deﬁniuntur
3367 3864 3516 3914 ηοω,
3577 3866 3693 3919 qua:
3738 3859 3793 3903 et
3831 3851 3945 3918 ipsa

720 3964 807 4002 res
839 3956 983 4001 sunt.
1018 3945 1170 4011 Quod
1220 3946 1385 4013 igitur
1428 3944 1572 3998 omni
1611 3944 1845 3999 essentia
1885 3944 2152 4009 rebusque
2193 3946 2442 3997 omnibus
2474 3941 2800 3995 eminentius
2852 3952 2954 4007 est,
3017 3943 3201 4010 utique
3263 3942 3330 3994 ab
3385 3942 3530 3994 omni
3582 3950 3794 4007 quoque
3852 3954 3945 3991 co-

717 4043 961 4111 gnitione
985 4039 1263 4094 eximitur.
1293 4037 1586 4091 Sciendum
1630 4050 1819 4105 porro,
1877 4034 2191 4087 aliudessc
2250 4036 2569 4099 eSsentiam,
2624 4044 2678 4089 et
2736 4036 2880 4089 aliud
2928 4036 3223 4099 virtutem;
3290 4034 3379 4087 illa
3432 4035 3575 4088 enim
3627 4042 3709 4085 est
3757 4046 3940 4086 eorum

717 4150 836 4204 qua:
870 4148 965 4202 per
1007 4148 1064 4185 se
1104 4129 1437 4194 subsistunt,
1482 4131 1596 4182 haec
1624 4143 1757 4182 vero
1783 4142 1971 4183 eorum
2000 4140 2127 4197 qua:
2169 4126 2289 4181 aliis
2330 4129 2529 4183 insunt.

791 4227 819 4300 ς
855 4226 917 4278 V.
944 4225 1078 4279 Cum
1120 4223 1345 4277 dixisset
1373 4221 1710 4275 divinitatem
1735 4236 1947 4276 onmem
1983 4222 2275 4277 essentiam

2457 4224 2483 4296 ᾗ
2525 4222 2586 4277 ν.
2617 4222 2798 4277 Εἰπὼν
2842 4222 2940 4292 τὴν
2967 4218 3221 4290 Θεαρχίαν
3252 4217 3429 4287 πάσης
3462 4216 3641 4279 οὐσίας
3682 4212 3943 4287 ἐξῃρημέ-

717 4333 771 4376 et
800 4322 1163 4391 cognitionem
1202 4331 1483 4387 superare,
1516 4318 1649 4386 petit
1676 4320 1948 4386 quomodo
1975 4319 2138 4388 igitur
2180 4334 2276 4371 no-

2392 4333 2478 4387 νην
2528 4317 2621 4369 καὶ
2665 4315 2936 4385 γνώσεως,
2981 4314 3173 4383 ἀπορεῖ
3216 4310 3331 4373 πῶς
3378 4304 3467 4361 οὖν
3523 4306 3944 4377 όνομασθήσεται

721 4415 917 4468 minari
969 4415 1138 4483 possit
1190 4413 1437 4482 (nomina
1492 4412 1633 4464 enim
1686 4427 1863 4465 rerum
1913 4411 2276 4479 subiectarum

2392 4412 2472 4483 [τὰ
2510 4412 2619 4481 γάρ
2644 4411 2881 4479 ὀνόματα
2922 4404 3193 4478 δηλωτικά
3218 4407 3321 4457 είσι
3358 4403 3689 4473 πραγμάτων
3729 4401 3943 4453 ὑποκει-

720 4516 845 4561 sunt
874 4506 1223 4571 declarativa)
1252 4511 1305 4556 et
1332 4503 1601 4571 quomodo
1630 4504 1696 4555 de
1744 4502 1944 4557 divinis
1975 4503 2281 4557 nominibus

2392 4503 2587 4574 μένων)
2624 4503 2717 4554 καὶ
2776 4500 2891 4563 πῶς
2941 4496 3487 4568 πραγματευθήσεται
3536 4496 3564 4546 ό
3604 4494 3729 4563 περὶ
3783 4493 3941 4546 Θείων

719 4618 747 4652 a
781 4600 934 4653 nobis
958 4614 1137 4653 sermo
1166 4598 1604 4663 concinnabitur,
1631 4599 1705 4663 si,
1748 4599 1823 4651 uti
1866 4599 2063 4651 dictum
2094 4606 2198 4663 est,
2229 4606 2283 4650 el.

2392 4596 2653 4665 ὂνομάτων
2688 4593 2843 4659 λόγος
2869 4594 3021 4661 ἡμῖν,
3057 4592 3105 4641 εί
3136 4589 3398 4659 κρείττων
3432 4588 3597 4651 ἐστὶν,
3618 4586 3692 4648 ὡς
3724 4585 3937 4655 ἐρρέθη,

713 4707 935 4745 omnem
978 4706 1285 4745 sermonem
1337 4699 1391 4743 et
1432 4705 1645 4743 omnem
1694 4689 1969 4743 notionem
2017 4688 2282 4743 excedat?

2392 4689 2471 4740 ια).
2502 4686 2697 4749 παντὸς
2722 4686 2877 4752 λόγου
2902 4684 2995 4736 καὶ
3022 4682 3198 4751 πάσης
3222 4678 3491 4749 γνώσεως,
3528 4679 3620 4731 καὶ
3657 4678 3703 4729 εί
3729 4676 3818 4727 νοῦ
3850 4679 3941 4730 καὶ

719 4794 777 4837 ct
801 4784 845 4839 si
872 4784 942 4837 sit
969 4797 1133 4850 supra
1164 4791 1397 4837 mentem
1427 4792 1483 4835 et
1509 4782 2106 4849 cssentiam,quomodo
2132 4794 2280 4832 mens

2392 4780 2561 4841 >ὑσίας
2581 4779 2858 4839 ἐπέκεινα,
2898 4774 3015 4836 πῶς
3052 4774 3079 4823 ὁ
3119 4771 3238 4835 νοῦς
3283 4771 3637 4831 ὲπιόαλεῖται,
3668 4769 3760 4820 καὶ
3797 4786 3938 4839 περι-

719 4892 837 4931 cam
866 4876 1114 4945 attinget,
1157 4886 1246 4928 aut
1280 4874 1689 4944 apprehendet?
1714 4872 1838 4926 Haec
1868 4873 2010 4927 enim
2045 4882 2101 4925 ut
2130 4887 2283 4926 crea-

2392 4871 2665 4941 Βράξεται;
2700 4870 2844 4939 Αὕτη
2870 4870 2976 4939 γάρ
3003 4870 3147 4921 ἐστιν
3175 4866 3425 4919 ἁπάντων
3463 4861 3842 4934 περιληπτικὴ,
3864 4860 3936 4923 ὡς

717 4970 824 5021 trix
859 4968 1040 5021 omnia
1086 4967 1506 5035 complectitur,
1558 4966 1682 5033 quia
1730 4965 1925 5018 caelum
1980 4974 2034 5016 et
2079 4975 2278 5017 terram

2392 4962 2727 5032 δημιουργὸς,
2768 4962 2848 5013 ὅτι
2892 4961 2982 5012 τὸν
3026 4958 3249 5029 οὐρανὸν
3292 4958 3384 5010 καὶ
3425 4958 3523 5026 τὴν
3573 4953 3675 5021 γῆν
3723 4950 3930 5020 πληροῖ·

716 5059 934 5129 implet;
975 5068 1029 5111 et
1057 5058 1497 5127 comprehendit,
1543 5057 1592 5108 in
1622 5064 1877 5125 quantum
1910 5056 2075 5125 308
2100 5056 2278 5123 provi-

2392 5056 2474 5107 καὶ
2513 5053 2865 5123 συλληπτικὴ,
2920 5053 2995 5115 ὼς
3043 5052 3392 5124 προνοητική·
3435 5051 3492 5102 ὲν
3538 5047 3671 5116 αὐτῇ
3714 5043 3819 5113 γὰρ
3872 5043 3934 5096 τά

719 5152 826 5211 det,
861 5150 913 5202 in
943 5152 1055 5217 ipsa
1106 5149 1252 5202 enim
1301 5149 1481 5201 omnia
1532 5148 1874 5209 consistunt,
1914 5146 2271 5213 etauticipat,

2392 5147 2556 5199 πάντα
2598 5145 2912 5216 συνέστηκε·
2948 5146 3039 5197 καὶ
3074 5142 3435 5215 προληπτικὴ,
3463 5142 3543 5193 ὅτι
3581 5139 3672 5191 καὶ
3707 5137 3756 5187 οἱ
3794 5135 3934 5200 λόγοι

716 5240 842 5308 quia
896 5239 1134 5293 rationes
1184 5240 1464 5301 omnium,
1513 5238 1595 5291 vel
1646 5239 1818 5307 potius
1872 5236 2005 5291 ﬁnes
2035 5238 2272 5289 omnium

2392 5238 2615 5300 πάντων,
2647 5238 2841 5308 μᾶλλον
2878 5237 2935 5290 δὲ
2962 5242 3028 5290 τά
3066 5236 3273 5306 πέρατα
3300 5233 3407 5286 τῶν
3444 5230 3692 5301 γνώσεων
3717 5230 3930 5280 άπασων

718 5334 1017 5396 uotionum,
1043 5333 1092 5385 in
1120 5333 1235 5401 ipsa
1274 5332 1669 5401 przeexsistnnt.
1704 5329 1797 5382 Est
1822 5341 2000 5383 autem
2029 5330 2277 5383 omnibus

2392 5335 2441 5385 ὲν
2486 5334 2620 5404 αὐτῇ
2666 5332 3092 5404 προῦφέστηκεν.
3122 5332 3275 5382 Ἐστι
3312 5329 3367 5380 δὲ
3414 5329 3575 5379 πᾶσιν
3622 5323 3718 5391 οὐχ
3757 5319 3932 5383 ἁπλῶς

719 5439 823 5477 non
857 5423 1174 5491 simpliciter
1201 5424 1422 5477 omnino
1451 5433 1507 5477 et
1549 5423 1785 5491 pr0prie,
1817 5424 1911 5475 sed
1956 5436 2050 5489 per
2078 5436 2134 5474 se
2162 5434 2276 5474 om-

2392 5424 2606 5477 καθόλου
2647 5426 2740 5477 καὶ
2770 5424 2969 5495 κυρίως
3003 5423 3255 5493 ἄληπτος,
3287 5421 3420 5473 ἀλλά
3446 5414 3817 5473 αὑτοκαθόλου,
3846 5430 3931 5463 και

720 5516 865 5575 nino,
895 5523 948 5567 ct
989 5528 1087 5581 per
1126 5529 1183 5567 se
1226 5515 1467 5583 proprie,
1494 5524 1548 5566 et
1592 5530 1685 5583 per
1725 5528 1781 5566 se
1817 5515 2030 5582 penitus
2071 5513 2275 5565 incom—

2392 5516 2734 5586 ιὺτοκυρίως,
2762 5516 2854 5567 καὶ
2877 5512 3302 5573 αὑτοπαντελῶς.
3330 5510 3401 5562 Τὸ
3427 5507 3533 5576 γὰρ
3562 5504 3928 5571 αὑτοάπειρον.

719 5604 1119 5674 prcbensibilis.
1145 5604 1277 5659 Nam
1302 5606 1440 5674 quod
1469 5621 1565 5674 per
1587 5621 1644 5660 se
1676 5603 1941 5659 inﬁnitum
1970 5614 2071 5667 est,
2105 5606 2266 5657 etiam

2392 5606 2469 5658 (αἱ
2508 5605 2861 5658 αὺτοκαΟόλου
2900 5605 3153 5674 ἄληπτονο
3209 5602 3301 5654 καὶ
3326 5595 3433 5653 οἷον
3472 5598 3531 5651 τὸ
3563 5592 3929 5661 ὑποκείμενον,

796 5797 817 5818 ει
851 5784 1000 5830 ιιηιιι.
1034 5799 1103 5833 γι.
1140 5782 1191 5835 5.
1276 5780 1291 5816 ί
1324 5780 1480 5835 Joan.
1525 5797 1625 5835 xw.
1712 5782 1775 5833 3|
1807 5779 1947 5832 l‘utr.
1981 5795 2015 5840 ι.
2049 5778 2137 5830 9-0-
