4178 6312
248 370 358 434 ϐἳδ

807 372 896 428 DE
930 372 1182 428 DIVINIS
1214 371 1612 440 NOMINIBUS,
1647 371 1800 427 CAP.
1836 370 1876 425 1.
1912 401 1978 412 -
2012 369 2360 427 PARAPHB.
2397 368 2867 426 PACIIYMERIE.

3378 365 3481 420 626

247 489 485 543 τοιοῦτον
524 491 616 542 καὶ
651 488 711 540 τὸ
751 488 898 542 ίδιον.
932 490 1040 542 Καὶ
1076 489 1198 542 οὔτε
1230 488 1475 561 αἰσθήσει
1507 487 1802 541 ὑποπίπτει

1929 501 2024 556 per
2051 502 2110 542 se
2131 487 2352 542 omnino
2378 485 2927 556 incomprehensibile
2957 485 3172 541 exsistit
3198 501 3215 540 :
3240 493 3296 539 et
3326 483 3483 552 quale

248 579 366 635 οὐδὲ
393 581 499 651 γὰρ
521 580 794 652 αἰσθητόν·
830 581 952 634 οὔτε
990 583 1256 652 φαντασίᾳ
1293 582 1415 646 τινὶ,
1459 580 1698 634 τυπώσει
1727 580 1821 650 δη-

246 673 376 743 λαδὴ
418 673 778 744 ἀναγγελτικῇ
817 673 1073 743 αἰσθητοῦ
1110 673 1260 736 νοὸς,
1289 674 1497 742 γίνεται
1541 673 1650 745 γὰρ
1687 690 1821 742 φαν-

244 765 407 818 τασία
440 767 504 816 ὲκ
556 765 821 836 μενόντων
854 765 1015 817 τινῶν
1055 765 1574 836 ἑγκαταλειμμάτων
1594 804 1607 826 ,
1650 766 1706 830 ἐξ
1736 764 1820 816 al-

247 857 347 928 σθη
357 859 547 928 μάτων.
559 858 634 929 μὴ
658 857 852 930 ἔχουσα
871 859 1262 929 ὲρηρεισμένας
1283 858 1374 912 ἐπί
1394 875 1445 910 τι
1466 857 1563 920 τὰς
1585 858 1815 921 εἰκόνας.

246 949 372 1013 Πῷς
412 945 506 1002 οῦν
556 949 990 1020 φαντασθήσεται
1039 950 1098 1002 τὸ
1150 949 1415 1015 ἀθέατον;
1476 948 1611 1003 Οῠτε
1667 948 1814 1023 δόξῃ,

243 1041 408 1093 οἱονεὶ
431 1040 608 1112 τοιᾷδὲ
630 1058 736 1093 τινι
759 1039 1019 1103 ὑπολήψει
1042 1041 1180 1094 κατά
1201 1041 1260 1093 τὸ
1286 1040 1474 1094 δοκοῦν
1501 1040 1813 1112 φαινομένη

243 1133 295 1184 εί
321 1133 429 1204 γὰρ
458 1135 551 1187 καὶ
579 1133 775 1205 μᾶλλον
801 1134 898 1204 τῆς
930 1134 1229 1204 φαντασίας
1252 1135 1286 1204 ή
1308 1134 1430 1200 δόξα
1457 1134 1814 1205 πεπέρασται,

244 1223 341 1276 καὶ
362 1225 475 1276 ἐστι
498 1225 632 1295 πρὸς
670 1225 749 1295 τῷ
774 1226 853 1278 ἑνὶ
880 1225 1141 1294 σύνεγγυς
1163 1225 1255 1278 τοῦ
1291 1225 1426 1290 νοός·
1453 1226 1532 1279 ὅτι
1558 1227 1648 1280 καὶ
1677 1226 1813 1296 αὓτη

241 1314 521 1368 ὲπιϐάλλει
542 1317 940 1385 ἀσυλλογίστως
975 1320 1087 1381 τοῖς
1107 1317 1214 1370 τῶν
1248 1320 1583 1389 πραγμάτων
1611 1335 1818 1388 συμπε-

244 1409 537 1479 ράσμασιν,
581 1408 772 1481 ὥσπερ
806 1413 836 1463 ό
873 1409 998 1472 νοῦς
1046 1410 1163 1463 καθ’
1201 1411 1376 1480 ἀπλῆν
1414 1412 1689 1482 ἐπιϐολὴν,
1715 1412 1816 1481 τῆς

241 1500 542 1567 φαντασίας
564 1500 765 1570 πλῆθος
790 1501 1016 1571 ἀπειρον
1038 1502 1130 1552 καὶ
1157 1501 1404 1573 ἀόριστον
1429 1503 1678 1574 ἐχούσης,
1700 1502 1814 1556 ἀλλ’

235 1589 338 1658 οὐχ
361 1591 458 1642 οἶα
484 1590 545 1642 τὲ
583 1591 726 1643 ἔστιν
760 1592 792 1661 ἡ
822 1589 946 1653 δόξα
980 1591 1289 1648 ἐπιϐάλλειν
1323 1597 1436 1657 τοῖς
1470 1595 1610 1666 ὑπὲρ
1648 1595 1816 1648 κατά-

237 1681 419 1751 ληψιν.
453 1681 588 1735 Οὔτε
630 1682 855 1753 ὀνόματι
893 1683 1205 1736 ὑποπίπτειν
1253 1686 1369 1749 πῶς
1396 1688 1504 1758 γάρ
1532 1687 1592 1740 τὸ
1635 1687 1815 1760 πάσης

1921 587 2004 632 est
2050 580 2372 646 subjectum,
2427 579 2547 633 talis
2596 579 2762 633 etiam
2808 588 2894 632 est
2931 580 3256 649 proprietas.
3298 575 3483 645 Neque

1919 671 2084 724 etiam
2114 672 2213 725 sub
2254 686 2473 725 sensum
2500 672 2668 732 cadit,
2701 671 2962 741 quoniam
2992 687 3098 726 non
3138 682 3222 727 est
3248 670 3479 734 sensile;

1918 779 2096 836 neque
2125 763 2240 833 ejus
2265 774 2350 819 est
2375 765 2710 835 imaginatio,
2735 777 2858 832 qua:
2887 763 3138 817 videlicet
3165 763 3240 818 sit
3266 760 3483 817 sensilis

1919 855 2142 921 alicuius
2179 857 2517 910 cnuntiativa
2556 849 2832 926 llgnratio,
2878 856 2932 910 ﬁt
2976 855 3119 908 enim
3163 853 3482 925 imaginatio

1917 959 1983 998 ex
2015 947 2262 1015 reliquiis
2294 947 2624 1018 quibusdam
2655 963 2723 1002 ex
2767 947 3171 1003 sensationibus
3201 960 3480 1001 remanen-

1920 1035 2084 1100 tibus,
2126 1051 2228 1090 non
2259 1038 2471 1094 habens
2502 1037 2704 1093 solidas
2732 1039 2785 1092 in
2812 1038 2995 1107 aliquo
3025 1038 3310 1106 imagines.
3341 1037 3479 1103 Qum

1918 1129 2078 1182 modo
2145 1129 2308 1198 igitur
2367 1130 2758 1201 imaginatione
2825 1128 3054 1198 exprimi
3109 1127 3279 1197 possit
3337 1126 3478 1197 quod

1915 1223 2065 1277 cerni
2120 1223 2343 1290 nequit?
2389 1222 2576 1294 Neque
2624 1224 2788 1278 etiam
2836 1222 2955 1287 ejus
3001 1230 3081 1278 est
3133 1219 3339 1291 opinio,
3363 1235 3479 1289 qua:

1915 1315 2068 1384 quasi
2093 1329 2157 1367 ex
2195 1316 2510 1384 conjectura
2534 1316 2713 1384 aliqua
2741 1317 3039 1370 secundum
3066 1314 3484 1371 aestimationem

1915 1407 2183 1475 probabili
2235 1408 2463 1462 formari
2495 1409 2666 1478 possit
2693 1426 2708 1462 :
2741 1409 3004 1476 siquidem
3034 1408 3220 1476 opinio
3254 1417 3338 1461 est
3365 1421 3482 1460 ma-

1912 1498 2005 1566 gis
2041 1499 2271 1554 limitata
2318 1515 2481 1569 quam
2535 1501 2889 1571 imaginatio,
2937 1509 3126 1569 estque
3177 1500 3371 1554 mentis
3411 1499 3478 1552 ad

1913 1605 2077 1645 unum
2119 1591 2250 1659 quid
2297 1592 2632 1661 applicatio;
2675 1593 2932 1662 quoniam
2980 1593 3095 1646 haec
3150 1590 3314 1645 etiam
3361 1590 3479 1644 sine

1914 1681 2335 1736 ratiocinatione
2380 1697 2562 1736 rerum
2610 1682 2874 1736 terminos
2919 1677 3305 1751 apprehendit,
3337 1677 3481 1732 sicut

235 1771 492 1840 γνώσεως
531 1773 788 1826 ἐπέκεινα
829 1775 1288 1848 όνομασθήσεται;
1327 1775 1449 1829 οὔτε
1492 1777 1652 1850 λόγῳο
1695 1779 1803 1845 πῶς

1915 1767 2222 1823 intellech
2269 1784 2366 1839 per.
2417 1770 2728 1840 simplicem
2783 1770 3308 1840 apprehensionem,
3354 1783 3476 1822 cum

235 1862 348 1933 γὰρ
377 1863 564 1934 ῥηθείη
591 1864 651 1916 τὸ
677 1863 946 1936 άρρητον;
983 1865 1108 1918 οῦτε
1129 1869 1334 1938 ἐπαφῇ,
1367 1871 1529 1940 νοερᾷ
1553 1870 1803 1941 δηλονότι,

1915 1861 2242 1933 imaginatio
2289 1863 2558 1918 infinitam
2622 1874 2678 1920 et
2741 1864 3217 1918 indetertninatam
3282 1861 3480 1917 habent

233 1953 265 2006 ὅ
305 1955 422 2006 ἐστι
449 1954 546 2024 νῷ,
577 1957 670 2008 καὶ
704 1956 810 2038 γὰρ
849 1958 894 2008 oi
936 1961 1050 2020 τοῖς
1087 1960 1295 2029 νοητοῖς
1333 1959 1708 2026 ἐπιϐάλλοντες
1735 1963 1812 2034 τῷ

233 2041 316 2096 νοῒ
345 2043 588 2098 δοκοῦσιν
616 2045 804 2116 ὥσπερ
829 2047 1124 2116 ἁπτόμενοι
1153 2047 1348 2112 αύτῷν,
1382 2053 1520 2104 νοεῖν
1549 2052 1576 2105 ὅ
1599 2071 1652 2106 τι
1681 2055 1812 2107 ποτέ

232 2135 395 2198 εἰσιν,
419 2135 494 2198 ὡς
520 2137 612 2188 καὶ
635 2137 724 2189 διὰ
749 2137 848 2206 τῆς
875 2138 1021 2206 ἀφῆς
1046 2138 1154 2191 τῷν
1180 2140 1448 2212 αἰσθητῶν
1467 2143 1534 2195 τά
1557 2144 1808 2217 αἰσθητά,

232 2225 329 2278 ἐπὶ
355 2224 415 2277 δὲ
440 2225 572 2278 Θεοῦ
618 2227 825 2289 οὐδενὸς
852 2227 1051 2298 νοερῶς
1092 2227 1442 2300 ὲπαςρὼμεθα,
1476 2232 1657 2286 Εἰπὼν
1696 2236 1810 2290 τοί-

231 2332 330 2368 νυν
368 2316 466 2380 τὰς
507 2317 778 2388 τέσσαρας
827 2319 1129 2386 γνωπικάς
1173 2321 1425 2392 δυνάμεις
1472 2323 1571 2394 τῆς
1610 2324 1807 2397 ψυχῆς,

229 2407 332 2480 τὴν
362 2408 634 2479 αἴσθησιν.
682 2409 778 2480 τὴν
828 2412 1150 2480 φαντασίαν,
1196 2416 1295 2485 τὴν
1331 2415 1517 2482 δόξαν,
1545 2418 1636 2470 τὸν
1661 2419 1806 2485 νοῦν,

228 2499 413 2571 τίθησι
442 2503 535 2555 καὶ
563 2503 662 2573 τὴν
705 2502 896 2572 λοιπὴν
929 2504 1258 2578 ἐπιστήμην,
1291 2508 1527 2580 δηλονότι
1568 2513 1666 2584 τὴν
1695 2513 1810 2566 διάρ-

228 2609 412 2646 νοιαν·.
450 2596 488 2664 ἡ
529 2594 638 2665 γάρ
679 2599 952 2667 ἐπιστήμη
999 2598 1088 2651 διά
1134 2616 1294 2654 τινων
1344 2606 1807 2676 προῦπαρχουσῷν

228 2685 482 2752 γνώσεων
509 2687 733 2755 γίνεται.
753 2689 889 2740 Ποία
915 2690 970 2742 δὲ
1000 2691 1066 2744 ἂν
1094 2692 1177 2762 είη
1213 2693 1409 2760 γνῶσις
1439 2695 1572 2748 Θεοῦ
1600 2701 1810 2768 προῦπ-

226 2776 503 2847 άρχουσα;
547 2778 666 2830 ὅθεν
708 2779 828 2832 οὐδὲ
870 2783 1147 2856 ἐπιστήμῃ
1188 2786 1506 2840 ὑποπίπτει.
1552 2788 1678 2852 Πῶς
1713 2785 1806 2844 οῦν

224 2868 708 2941 ὀνομασθήσεταιή
731 2871 960 2942 ἄκλητος
990 2875 1083 2926 καὶ
1105 2877 1177 2946 μὴ
1207 2878 1509 2950 καλουμένη
1541 2882 1645 2944 τιν)
1669 2897 1807 2950 γνω-

228 2959 476 3029 ρίσματι,
502 2961 594 3012 καὶ
617 2961 690 3032 μὴ
724 2962 882 3032 μόνον
909 2964 1158 3035 ἀγλητος,
1183 2966 1315 3020 ἀλλὰ
1345 2969 1435 3021 καὶ
1459 2971 1595 3041 ὑπὲρ
1627 2973 1805 3026 πᾶσαν

223 3049 525 3120 ὀνομασίαν
559 3048 726 3118 οὖσα;
764 3055 938 3125 Ὅπερ
968 3055 1073 3126 γὰρ
1103 3057 1330 3130 ἔφημεν,
1362 3063 1519 3132 ἡνίκα
1564 3062 1661 3127 τὰς
1689 3065 1805 3119 θεο-

224 3141 449 3210 λογικάς
477 3144 852 3210 ύποτυπὼσεις
878 3147 1245 3218 ὲξετιθέμεθα,
1275 3153 1372 3218 τὴν
1399 3156 1677 3228 τριαδικὴν
1709 3161 1802 3213 καὶ

224 3235 533 3305 ὁμοάῖαθον
557 3239 650 3291 καὶ⁸
683 3240 904 3308 ὁμόθεον
935 3241 1113 3308 ἐνάδα,
1144 3245 1278 3317 ὅπερ
1309 3247 1422 3300 ἐστὶ
1451 3253 1797 3319 κατὰφύσιν,

223 3323 349 3377 οὔτε
377 3326 567 3389 είπεῖν,
597 3327 720 3380 οὗτε
750 3329 996 3399 ἐννοῆσαι
1024 3331 1261 3388 δυνατόν.
1291 3338 1398 3390 Καὶ
1431 3347 1481 3390 τί
1510 3357 1648 3410 φημι
1676 3345 1801 3414 περὶ

224 3414 385 3478 θεοῦ,
411 3417 491 3469 ὅτι
519 3418 831 3488 ἀνεννόητος
855 3421 984 3490 ἡμῖν
1015 3423 1108 3475 καὶ
1137 3423 1437 3494 ἀφθεγκτός
1465 3429 1642 3496 ὲστιν;
1670 3431 1803 3485 ἀλλά

225 3509 321 3561 καὶ
354 3509 512 3562 αὐταὶ
541 3513 596 3562 αἱ
639 3513 747 3566 τῶν
775 3515 1041 3585 οὐρανίων
1069 3516 1347 3587 δυνάμεων
1376 3520 1802 3593 άγγελοπρεπείς

225 3600 470 3664 ὲνὼσεις,
520 3603 641 3656 καθ’
692 3603 760 3667 ἀς
808 3606 1050 3660 ἑνοῦνται
1102 3608 1219 3678 Θεῷ
1259 3610 1380 3663 καθ’
1427 3613 1549 3665 ὅσον
1603 3616 1802 3686 πρέπει

221 3691 475 3746 ἑνοῦσθαι
504 3694 766 3762 ἀγγέλους
787 3697 922 3767 Θεῷ.
954 3693 1119 3752 Δῦται
1148 3695 1241 3752 οῦν
1277 3703 1329 3753 αἱ
1361 3702 1579 3767 ὲνὼσεις
1606 3706 1672 3769 ἃς
1691 3707 1798 3765 εἴτε

223 3783 482 3846 ἐπιϐολὰς
507 3785 614 3837 εἴτε
646 3788 954 3858 παραδοχάς
991 3790 1099 3860 χρὴ
1143 3791 1304 3858 φάναι
1340 3794 1437 3864 τῆς
1471 3796 1799 3869 άγαθότητος

222 3876 320 3929 τοῦ
352 3875 508 3940 Θεοῦ,
541 3879 768 3948 ἄρρητοι
809 3882 903 3934 καὶ
929 3881 1195 3950 ἀγνωστοί
1235 3887 1389 3940 εἰσιν.
1430 3887 1713 3960 Ἐπιϐολὴν
1741 3891 1797 3944 δὲ

223 3969 446 4039 νοητέον
466 3971 562 4040 τὴν
593 3973 672 4034 είς
705 3973 764 4025 τὸ
792 3974 911 4026 καθ’
940 3975 997 4027 ἓν
1025 3975 1131 4028 τῶν
1161 3981 1556 4050 παραγομένων
1585 3984 1798 4054 μεριζο-

225 4061 395 4132 μένην
423 4063 644 4134 άμερῶς
672 4064 885 4136 θέλησιν
913 4067 956 4098 ³⁸
986 4068 1078 4120 τοῦ
1108 4070 1263 4134 Θεοῦ,
1289 4073 1560 4126 τουτέστιν
1596 4078 1674 4138 είς
1701 4079 1798 4148 τὴν

222 4153 458 4207 ἑκάστου
495 4160 851 4228 παραγωγήν.
912 4160 1046 4216 Ἀλλ’
1089 4164 1209 4215 ἐπεὶ
1262 4165 1322 4216 οὐ
1381 4167 1797 4236 συμϐιϐάζονται

222 4248 316 4299 καὶ⁵
346 4249 401 4298 αί
433 4248 728 4319 παραδοχαὶ
758 4251 896 4304 κατά
923 4253 1019 4317 τὴν
1041 4255 1292 4327 τοιαύτην
1323 4259 1526 4311 ἔννοιαν
1549 4261 1644 4329 τῆς
1673 4262 1795 4314 ὲπι-

222 4339 409 4408 ϐολῆς,
442 4339 615 4403 άλλως
661 4343 876 4412 νοητέον
909 4345 969 4397 τὸ
1004 4347 1162 4417 ῥητὸν
1206 4348 1298 4400 ἐπὶ
1328 4349 1432 4402 τῷν
1462 4351 1706 4418 ἀγγέλων
1726 4393 1740 4412 .
1769 4352 1797 4405 ὃ

222 4433 320 4485 καὶ
353 4431 568 4500 μᾶλλον,
598 4435 680 4485 ὅτι
714 4437 808 4487 καὶ
832 4437 1078 4500 ἐπιϐολαὶ
1107 4441 1200 4492 καὶ
1240 4442 1537 4512 παραδοχαὶ
1563 4444 1670 4495 τῶν
1698 4446 1798 4512 ἀγ-

1913 1955 2342 2020 multitudinem.
2375 1955 2469 2010 sed
2514 1971 2690 2026 neque
2735 1958 2900 2011 etiam
2949 1964 3133 2026 potest
3181 1954 3366 2020 opinio
3413 1969 3476 2007 ea

1911 2062 2032 2116 quae
2059 2062 2221 2116 supra
2252 2059 2470 2118 captum
2501 2059 2625 2106 sunt
2651 2050 3074 2119 apprehendere.
3101 2046 3294 2116 Neque
3311 2048 3474 2123 etiam

1910 2137 2012 2191 sub
2040 2152 2237 2191 nomen
2261 2139 2440 2204 cadit;
2467 2142 2738 2204 quomodo
2764 2141 2906 2194 enim
2933 2141 3301 2195 nominabitur
3333 2141 3475 2209 quod

1910 2237 2141 2298 superat
2164 2244 2327 2284 omne
2373 2231 2605 2285 nomen?
2632 2231 2817 2300 Neque
2842 2232 2941 2285 sub
2976 2247 3314 2298 sermonem;
3344 2247 3476 2301 qtto-

1911 2320 2070 2372 modo
2111 2319 2256 2372 enim
2307 2321 2453 2388 quod
2505 2319 2776 2376 ineffabile
2820 2330 2906 2376 est
2945 2324 3217 2377 enuntiari
3272 2323 3478 2392 possit?

1907 2403 2092 2474 Neque
2132 2408 2232 2460 sub
2273 2417 2472 2462 tactum
2497 2451 2512 2474 ,
2567 2410 2936 2466 intellectilem
2988 2411 3262 2476 videlicet,
3313 2413 3366 2467 id
3393 2428 3477 2468 est

1910 2499 2107 2553 mentis
2137 2516 2151 2551 ε
2180 2501 2271 2568 qui
2301 2501 2447 2555 enim
2479 2502 2911 2571 intelligibilibus
2939 2514 2997 2557 et
3024 2503 3475 2560 immaterialibus

1911 2592 2071 2644 rebus
2103 2604 2279 2646 mente
2305 2592 2904 2655 incttmbunt,videntur
2931 2595 3330 2662 quodammodo
3357 2595 3473 2663 ipsa

1909 2691 2133 2752 tangere
2161 2683 2513 2754 intelligendo
2557 2685 2736 2754 qualia
2779 2687 2906 2748 sint,
2938 2703 3042 2741 non
3080 2701 3239 2742 secus
3263 2702 3326 2741 ac
3349 2703 3468 2749 sen-

1907 2774 2032 2828 silia
2061 2789 2158 2844 per
2197 2784 2404 2830 tactum
2434 2777 2721 2844 sensilem,
2754 2777 2922 2834 Deum
2944 2787 3138 2835 tamen
3165 2794 3231 2832 ne
3255 2779 3470 2848 quidem

1907 2875 2089 2921 mente
2137 2867 2523 2937 contingimus.
2572 2868 2708 2924 Cum
2767 2869 2951 2938 itaque
2999 2879 3233 2938 quatuor
3278 2870 3472 2924 animae

1906 2958 2158 3023 virtutes,
2193 2964 2312 3027 qua:
2355 2960 2719 3028 cognoscendi
2767 2960 2820 3016 vi
2862 2959 3083 3029 pollent,
3115 2961 3471 3026 recensuerit,

1907 3049 2116 3104 scilicet
2157 3065 2401 3115 sensum,
2447 3051 2923 3120 imaginationem,
2962 3052 3295 3124 opinionem,
3325 3068 3474 3107 men-

1910 3153 2040 3206 tem,
2079 3144 2230 3198 addit
2271 3150 2327 3198 et
2365 3144 2628 3213 reliquam
2676 3145 2985 3209 scientiam,
3011 3146 3222 3200 scilicet
3248 3157 3471 3200 senten-

1908 3235 2070 3300 tiam;
2107 3236 2337 3292 scientia
2380 3239 2525 3291 enim
2569 3237 2631 3292 ﬁt
2654 3253 2749 3308 per
2785 3238 2994 3308 aliquas
3030 3239 3471 3309 prmexsistentes

1905 3326 2170 3381 notiones.
2186 3328 2372 3394 Qualis
2402 3338 2586 3384 autem
2612 3330 2701 3384 Dei
2727 3330 2876 3383 notio
2898 3330 3277 3398 prmexsistat?
3296 3344 3467 3398 quare

1904 3431 2077 3485 neque
2103 3420 2202 3472 sub
2241 3419 2525 3476 scientiam
2565 3420 2737 3474 cadit.
2781 3420 3062 3486 Quomodo
3104 3421 3270 3489 igitur
3292 3421 3468 3474 nomi-

1905 3510 2020 3563 nari
2048 3511 2334 3577 possit,et
2377 3527 2501 3568 cum
2548 3511 2950 3566 innominabilis
2997 3513 3100 3577 sit,
3148 3527 3323 3580 neque
3363 3512 3466 3565 ulla

1905 3603 2126 3659 natione
2173 3603 2494 3672 compellari
2546 3604 2750 3668 valeat;
2805 3621 2976 3675 neque
3008 3617 3214 3659 tantum
3242 3605 3469 3658 imiomi-

1904 3696 2125 3759 nabilis,
2157 3696 2250 3749 sed
2277 3704 2333 3750 et
2360 3711 2524 3764 supra
2566 3711 2728 3751 omne
2776 3714 2970 3753 nomen
3003 3698 3109 3751 sit?
3139 3698 3290 3763 Quod
3319 3698 3462 3753 enim

1901 3787 2239 3850 dicebamus,
2264 3788 2480 3854 quando
2509 3786 2838 3856 theologicas
2859 3787 3273 3849 informationes
3298 3801 3463 3855 expc-.-

1904 3876 2188 3941 nebamus,
2218 3877 2418 3930 trinam
2470 3875 2616 3930 illam
2667 3879 2934 3932 unitatem
2971 3887 3025 3933 et
3052 3879 3212 3934 simul
3241 3879 3460 3941 bellum,

1900 3980 1956 4024 et
1996 3969 2158 4024 simul
2209 3969 2400 4035 Deum,
2443 3970 2571 4037 quid
2604 3981 2795 4024 natura
2823 3987 2919 4025 sua
2947 3972 3040 4036 sit,
3077 3986 3255 4040 neque
3286 3972 3465 4026 verbis

1898 4062 2148 4130 exprimi,
2174 4076 2352 4131 neque
2377 4065 2670 4132 cogitando
2696 4064 2811 4132 capi
2843 4079 3018 4132 posse.
3054 4063 3120 4115 Et
3145 4062 3314 4132 309
3336 4063 3460 4132 quid

1899 4153 2028 4206 dico
2057 4153 2224 4206 Deum
2255 4153 2728 4223 inexcogitabilem
2756 4154 2912 4208 nobis
2939 4163 2994 4208 et
3025 4155 3460 4223 inexplicabilem

1899 4245 2206 4300 exsistere?
2232 4247 2362 4315 quin
2393 4256 2447 4301 et
2496 4247 2798 4304 etelestium
2845 4260 3058 4315 quoque
3102 4245 3359 4299 virtutum
3389 4247 3464 4301 di-

1897 4351 2018 4407 gnm
2046 4336 2252 4406 angelis
2297 4338 2551 4403 uniones,
2585 4337 2884 4391 secundum
2931 4351 3068 4406 quas
3097 4337 3204 4390 Deo
3240 4336 3463 4405 conjun-

1898 4437 2099 4496 guntur
2134 4435 2399 4495 quantum
2435 4428 2655 4497 angelos
2696 4428 2837 4480 uniri
2901 4427 3009 4481 Deo
3052 4429 3324 4483 convenit.
3368 4428 3460 4480 lla:

219 4521 396 4588 γέλων
438 4521 572 4592 πρὸς
614 4523 675 4580 τὸ
721 4525 872 4579 Θεῖον
913 4527 1176 4596 λέγονται.
1229 4531 1478 4604 Ἑπιϐολὴ
1523 4535 1641 4604 μὲν,
1673 4537 1792 4590 καθ’

1908 4523 2012 4574 sive
2041 4522 2402 4575 immissiones
2428 4521 2545 4574 sive
2576 4522 2948 4588 susceptiones
2973 4521 3170 4578 divina:
3204 4522 3459 4574 bonitatis

219 4613 287 4682 ἦν
321 4612 668 4666 ἐπιϐάλλουσι
695 4616 834 4668 κατά
863 4617 960 4688 τὴν
992 4621 1194 4673 οἰκείαν
1225 4620 1380 4684 ἀξίαν
1408 4626 1471 4694 τῇ
1501 4624 1792 4696 ἀγαθότητι

218 4700 313 4753 τοῦ
363 4700 516 4754 Θεοῦο
559 4703 833 4777 παραδοχὴ
873 4706 928 4758 δὲ
959 4709 992 4778 ὴ
1023 4709 1122 4778 τῆς
1156 4710 1249 4762 τοῦ
1284 4711 1417 4765 Θεοῦ
1464 4713 1798 4785 ἀγαθότητος

218 4793 407 4855 αὐτοῖς
434 4793 790 4865 ἀποκάλυψις.
821 4792 986 4851 Αὖται
1031 4798 1161 4868 γοῦν
1195 4801 1268 4871 μὴ
1318 4802 1474 4871 μόνον
1504 4806 1635 4874 ἡμῖν
1663 4808 1790 4871 εἰσι,

218 4884 407 4947 καθώς
439 4887 596 4947 εἰσιν,
647 4889 942 4954 ἄγνωστοι,
987 4892 1120 4945 άλλά
1172 4896 1264 4947 καὶ
1310 4899 1422 4958 τοῖς
1467 4899 1792 4970 κατωτέροις

215 4975 492 5042 ἀγγέλοις,
528 4977 704 5047 μόνοις
733 4980 788 5034 δὲ
819 4983 931 5044 τοῖς
966 4984 1258 5048 άνωτάτοις
1288 4985 1660 5055 γινώσκονται,
1697 4993 1791 5045 ἆτε

216 5066 542 5137 ἠξιωμένοις
580 5071 687 5124 τῷν
735 5074 1052 5141 κρειττόνων
1092 5076 1354 5130 ἑνώσεων.
1397 5079 1630 5144 Ταύταις
1672 5087 1788 5147 ταῖς

217 5159 393 5221 θείαις
438 5161 691 5215 ἐνώσεσιν
724 5166 772 5215 οἱ
815 5165 1064 5232 θεοειδεῖς
1103 5170 1220 5233 νόες
1256 5171 1362 5226 τῶν
1396 5171 1655 5242 θεολόγων
1695 5179 1788 5229 καὶ

216 5249 514 5321 προφητῶν
541 5252 988 5326 ἀγγελομιμήτως
1008 5258 1300 5329 ὲνούμενοι,
1325 5263 1507 5333 ἐπειδὴ
1533 5265 1623 5316 καὶ
1649 5265 1789 5320 οὕτω

213 5340 427 5408 γίνεται
455 5340 658 5404 τούτοις
684 5345 714 5413 ἡ
743 5345 961 5418 τοιαύτη
982 5347 1190 5414 ἓνωσις,
1221 5351 1562 5407 ἀποπαύουσι
1591 5354 1784 5428 δηλαδὴ

215 5431 362 5484 κατά
404 5433 584 5506 πάσης
626 5439 813 5506 νοερᾶς
848 5439 1142 5511 ἐνεργείας·
1185 5443 1303 5497 οὐδὲ
1333 5444 1440 5517 γὰρ
1482 5447 1539 5498 ἐν
1575 5449 1785 5518 κινήσει

213 5523 373 5588 Θεὸς,
403 5524 537 5579 ἀλλὰ
585 5527 780 5597 μᾶλλον
822 5533 880 5584 ὲν
921 5533 1124 5604 ἠρεμίᾳ
1153 5536 1244 5589 καὶ
1272 5537 1576 5592 ἀποπαύσει
1605 5541 1637 5609 ή
1665 5539 1784 5593 θεία

1896 4612 2224 4683 appellanda:
2247 4613 2375 4675 sint,
2403 4612 2697 4666 inelIabiles
2725 4620 2778 4666 et
2797 4613 3002 4680 ignota:
3032 4612 3327 4665 exsistunt.
3354 4611 3457 4666 Per

1894 4706 2286 4760 immissionem
2336 4717 2510 4760 autem
2551 4707 2894 4776 intelligenda
2934 4715 3016 4758 est
3052 4706 3144 4758 Dei
3184 4707 3457 4760 volitio'”

1895 4799 2170 4859 indivisim
2196 4799 2364 4852 divisa
2405 4799 2458 4852 in
2505 4813 2689 4857 rerum
2738 4801 3124 4867 productarum
3170 4799 3457 4865 unitatem,

1895 4890 1950 4946 id
1980 4901 2063 4944 est
2086 4890 2140 4943 in
2160 4892 2451 4958 cujuslibet
2490 4891 2924 4959 productionem.
2959 4890 3159 4944 Verum
3187 4905 3310 4942 cunt
3339 4905 3453 4945 sus-

1892 4982 2166 5050 ceptiones
2194 4998 2298 5036 non
2335 4983 2526 5037 eodem
2572 4997 2732 5037 sensu
2757 4983 3091 5050 accipiantur
3112 4994 3222 5050 quo
3258 4982 3461 5036 immis-

1895 5076 2100 5139 siones,
2129 5076 2288 5131 aliter
2335 5075 2740 5146 intelligendum
2776 5078 2991 5129 esthoc
3031 5073 3233 5127 dictum
3267 5076 3332 5126 de
3361 5091 3451 5127 an-

1895 5165 2058 5233 gelis,
2087 5168 2388 5235 praesertim
2419 5183 2543 5221 cum
2595 5167 2955 5220 itntnissiones
2991 5178 3046 5219 et
3086 5167 3458 5233 susceptiones

1895 5259 2212 5328 angelorum
2246 5265 2312 5314 ad
2363 5258 2528 5314 Deum
2573 5259 2901 5313 referantur.
2939 5258 3208 5312 lmmissio
3236 5259 3452 5326 quidem

1893 5364 1997 5416 est,
2025 5353 2319 5408 secundum
2365 5367 2527 5420 quam
2576 5351 2892 5405 incumbunt
2939 5367 3036 5420 pro
3068 5367 3161 5405 sua
3195 5351 3454 5419 dignitate

1894 5447 2118 5500 bonitati
2145 5445 2266 5509 Dei;
2296 5449 2562 5514 susceptio
2584 5459 2709 5500 vero
2736 5454 2817 5498 est
2841 5445 2954 5514 ipsa
2985 5444 3238 5496 revelatio
3261 5442 3458 5496 divinum

1892 5533 2174 5604 bonitatis,
2204 5556 2321 5610 quis
2355 5541 2486 5610 ipsis
2527 5540 2834 5597 exhibetur.
2875 5537 2968 5594 lia:
3009 5537 3192 5606 itaque
3224 5551 3336 5590 non
3360 5550 3451 5587 so-

1492 5697 1718 5754 VARLE
1759 5696 2158 5755 LECTIONES.

299 5807 343 5842 δυ
372 5809 600 5884 κίνησιν.
679 5814 743 5847 ⁸³⁸
773 5817 961 5873 motio.
