4178 6312
694 410 799 463 627
1866 393 1923 450 S.
1961 388 2256 449 DIONYSII

2395 387 2755 446 ΕΟΡΑΟΙΤΔΞ
3827 385 3931 442 628

694 521 804 577 lum
838 520 993 574 nobis
1030 525 1153 571 sunt
1182 512 1399 584 ignotae,
1430 510 1505 565 uti
1541 522 1727 568 revera
1764 518 1923 570 sunt,
1952 509 2042 562 sed
2088 506 2248 560 etiam
2281 543 2289 564 Α

2395 502 2551 566 νῶσις
2583 502 2896 556 ἰνδάλλεται.
2926 502 3036 555 Καὶ
3078 499 3448 570 ὲνθεουμένοις
3485 500 3574 554 διὰ
3616 501 3931 572 καθάρσεως

702 610 907 689 angelis
954 606 1337 693 inferioribus;
1386 618 1413 656 a
1468 602 1597 657 solis
1634 608 1811 655 autem
1861 600 2123 666 supremis
2167 614 2261 652 co—

2398 592 2587 664 μνοῦσι
2634 592 2693 645 τὸ
2737 592 2889 647 Θεῖον
2925 590 3235 664 κυριώτατα
3284 590 3340 656 ἐξ
3384 591 3745 663 ἀφαιρέσεως,
3779 596 3842 662 ἢν
3869 594 3930 665 δὴ

700 684 1058 774 gnoscuntur,
1087 708 1272 766 utpote
1302 695 1475 765 dignis
1514 692 1975 763 prmstantioribus
2005 691 2261 746 nnitioni-

2400 686 2455 739 αἱ
2483 684 2841 756 ἀφαιρετικὴν
2870 683 3146 751 θεολογίαν
3194 685 3377 752 φασιν,
3419 685 3501 737 ὅτι
3540 686 3601 738 οὐ
3634 685 3811 755 σῶμα,
3837 688 3931 757 οὐχ

700 798 819 851 bus.
853 794 1008 849 Hisce
1031 790 1227 845 divinis
1255 786 1537 841 unionibus
1571 786 1634 839 ad
1666 786 1973 855 angelorum
2002 783 2260 837 imitatio-

2395 778 2493 845 ξις,
2526 781 2586 831 οὐ
2629 777 2873 847 δύναμις,
2919 777 3009 830 καί
3048 775 3118 828 τὰ
3162 775 3352 844 λογικὰ
3392 777 3600 839 πάντα,
3632 776 3814 840 καθὼς
3844 780 3933 831 καὶ

702 906 826 944 nem
858 870 1020 941 unita:
1052 895 1177 939 sunt
1209 891 1418 938 mentes
1443 879 1543 933 illa:
1571 878 1859 933 deiformes
1891 876 2257 945 theologorum

2396 871 2449 923 ιὰ
2475 870 2582 923 τῶν
2604 871 2727 940 ἑξῆς
2752 869 3026 940 σημαίνει,
3046 866 3203 920 τοῦτο
3224 867 3617 938 ὲλλαμφθέντες
3646 870 3934 941 ὑπερφυῶς

704 998 768 1035 ac
811 980 1220 1051 pmphetarum,
1267 988 1501 1043 cumque
1548 972 1667 1027 talis
1708 973 1789 1027 eis
1832 972 1959 1023 unio
1989 969 2262 1037 obtigerit,

2396 962 2553 1031 κτῆς
2580 962 2830 1032 τοιαύτης
2872 960 3110 1031 ἀρρήτου
3150 957 3416 1021 ένώσεως,
3456 959 3535 1011 ὅτι
3581 959 3799 1013 πάντων
3843 961 3935 1013 μὲν

701 1074 887 1143 utique
932 1078 1149 1126 cessant
1214 1072 1507 1124 secundum
1570 1078 1785 1121 omnem
1849 1061 2261 1116 intellectualem

2398 1071 2482 1106 στι
2528 1053 2636 1106 τῶν
2683 1054 2849 1105 ὄντων
2894 1052 3086 1121 αἴτιον,
3143 1051 3272 1103 αὐτὸ
3327 1051 3383 1103 δὲ
3420 1052 3571 1104 οὐδὲν
3614 1053 3721 1105 τῶν
3744 1052 3929 1104 ὃντωψ

701 1163 1101 1231 operationem;
1135 1175 1238 1213 non
1274 1159 1414 1213 enim
1442 1158 1493 1211 in
1523 1155 1760 1209 motione
1789 1152 1949 1217 Dens,
1975 1150 2067 1205 sed
2097 1150 2265 1219 magis

2395 1148 2505 1218 ελὴν
2528 1146 2625 1215 οὐχ
2664 1147 2739 1208 ὡς
2782 1144 3003 1215 μηδαμῆ
3051 1142 3310 1214 μηδαμῶς
3356 1142 3436 1206 ὃν,
3468 1144 3581 1195 ἀλλ’
3620 1144 3695 1206 ὡς
3726 1142 3935 1195 πάντων

704 1256 759 1311 in
798 1255 1013 1309 silentio
1042 1260 1095 1307 et
1123 1252 1303 1322 quiete
1343 1248 1520 1302 divina
1571 1245 1809 1313 cognitio
1855 1240 2162 1296 instillatur.
2204 1238 2269 1292 Et

705 1351 800 1419 qui
853 1346 1089 1403 deiﬁcati
1129 1354 1257 1399 sunt
1294 1350 1516 1413 propter
1558 1340 1849 1411 puritatem
1899 1333 2271 1405 propriissime

706 1439 876 1494 Deum
920 1438 1141 1493 laudant
1188 1452 1256 1491 ex
1317 1434 1621 1495 ablatione,
1672 1445 1834 1498 quam
1880 1439 1935 1482 et
1985 1436 2267 1497 negantem

707 1529 1034 1599 theologiam
1061 1537 1287 1591 vocant;
1321 1524 1445 1594 quia
1496 1537 1601 1577 non
1641 1536 1861 1589 corpus,
1896 1508 2266 1582 nonliabitus,

2371 1241 2708 1311 ὑπερουσίως
2761 1237 3116 1311 ἐξῃρημένον.
3156 1238 3515 1307 Κυριωτάτην
3566 1236 3620 1288 δὲ
3659 1236 3803 1304 λέγει
3837 1233 3931 1304 τὴ)

2373 1335 2431 1401 ἐξ
2488 1332 2827 1403 ἀφαιρέσεως
2867 1331 3002 1401 πρὸς
3042 1330 3442 1400 ἀντιδιαστολὴν
3494 1330 3592 1399 τῆς
3646 1345 3932 1398 καταφατι-

2377 1426 2499 1494 κῆς·
2541 1425 2593 1476 τί
2631 1424 2739 1494 γὰρ
2791 1423 2893 1475 οὐκ
2942 1422 3122 1486 ἔστιν,
3161 1420 3401 1491 οἴδαμεν·
3444 1422 3495 1473 τί
3544 1421 3601 1473 δέ
3640 1422 3807 1483 ἐστιν,
3846 1419 3942 1472 οὐκ

2379 1515 2496 1569 οῖδα
2502 1532 2617 1585 μεν.

704 1639 814 1680 non
868 1627 1062 1686 virtus,
1096 1633 1403 1689 catersque
1446 1615 1749 1677 rationalia,
1780 1616 2033 1680 exsistit,
2086 1613 2227 1667 sicut
2281 1612 2333 1665 in
2367 1611 2723 1680 sequentibus
2776 1609 3036 1673 declarat,
3092 1608 3195 1662 hoc
3244 1620 3309 1660 ex
3349 1600 3652 1658 istiusmodi
3687 1594 3942 1655 ineffabili

707 1723 911 1778 unione
963 1718 1450 1791 supernaturaliter
1516 1712 1808 1776 illustrati,
1860 1710 2032 1780 ipsum
2089 1709 2304 1777 quidem
2340 1722 2519 1761 rerum
2577 1706 2822 1760 omnium
2887 1719 3004 1760 esse
3046 1718 3297 1765 causam,
3349 1700 3480 1755 nihil
3529 1709 3707 1753 autem
3760 1710 3943 1749 earum

708 1815 1012 1880 exsistere,
1049 1828 1155 1867 non
1210 1819 1386 1864 tamen
1447 1810 1597 1881 quasi
1651 1808 1782 1862 nihil
1831 1807 2051 1861 omnino
2105 1807 2319 1875 penitus
2366 1805 2636 1863 exsistat,
2678 1805 2770 1858 sed
2820 1803 2960 1871 quod
3010 1804 3078 1855 ab
3131 1801 3378 1855 omnibus
3427 1792 3947 1865 snperessentialiter

707 1918 994 1978 exemptus
1034 1907 1126 1962 sit.
1172 1906 1608 1977 Propriissimam
1650 1918 1810 1974 porro
1854 1902 1988 1958 dicit
2031 1903 2168 1957 hanc
2200 1915 2268 1954 ex
2329 1900 2602 1956 ablatione
2649 1900 2715 1953 ad
2772 1896 3137 1953 diﬂ'erentiam
3186 1894 3341 1950 istius
3418 1888 3784 1945 allirmantis:
3826 1886 3949 1954 quid

706 2001 852 2057 enim
890 2017 993 2056 non
1032 2001 1136 2065 sit,
1180 2001 1418 2067 scimus,
1466 2001 1559 2057 sed
1605 2001 1734 2070 quid
1778 2001 2044 2067 exsistat,
2085 2000 2442 2070 ignoramus,

778 2094 925 2150 Iliam
956 2096 1122 2165 igitur
1143 2110 1305 2165 supra
1319 2111 1479 2165 quam
1497 2094 1815 2161 essentiam,
1845 2103 1897 2147 et
1918 2109 2078 2163 supra
2102 2109 2266 2162 quam

2441 2091 2552 2162 Ἰὴν
2597 2090 2694 2162 μὲν
2733 2085 2828 2145 οὖν
2855 2088 3279 2160 ὑπερουσιότητα
3320 2084 3413 2138 καὶ
3452 2077 3827 2152 ὑπερύπαρξιν
3858 2076 3953 2147 τῆς

709 2186 1082 2241 exsistentiam
1103 2200 1265 2255 supra
1287 2199 1447 2255 quam
1471 2184 1750 2249 bonitatis,
1768 2183 2020 2254 quoniam
2044 2193 2098 2236 et
2119 2198 2280 2252 supra

707 2278 1027 2343 bonitatem,
1060 2286 1117 2332 et
1150 2291 1313 2347 supra
1338 2292 1480 2343 esse,
1508 2286 1560 2332 et
1595 2292 1757 2348 supra
1800 2276 1971 2345 ipsam
2007 2276 2283 2331 exsisten-

709 2372 844 2426 tiam
872 2372 1108 2427 exsistit.
1135 2370 1259 2427 Haec
1284 2371 1425 2425 enim
1452 2373 1631 2425 omnia
1663 2369 2037 2441 productionis
2070 2368 2283 2439 signiﬁ-

712 2465 981 2520 cationem
1032 2463 1260 2528 habent,
1312 2464 1453 2518 Deus
1499 2473 1681 2517 autem
1715 2472 1799 2517 est
1849 2478 2009 2531 supra
2062 2475 2278 2514 mnnem

710 2558 1145 2627 productionem.
1182 2558 1323 2612 Deus
1366 2558 1544 2626 itaque
1570 2557 1696 2624 quid
1724 2556 1795 2609 sit
1822 2554 2027 2610 nemini
2066 2554 2280 2607 illorum

715 2652 805 2719 qui
835 2666 976 2705 verre
1000 2652 1247 2706 veritatis
1272 2640 1545 2704 amatores
1567 2649 1856 2710 exsistunt,
1887 2647 2180 2717 praedicare
2204 2645 2285 2699 fas

714 2754 803 2798 est
833 2759 845 2792 :
889 2759 1063 2813 neque
1087 2754 1145 2798 ut
1178 2744 1469 2808 rationem,
1498 2756 1672 2810 neque
1700 2749 1756 2792 nt
1782 2740 2065 2800 virtutem,
2111 2751 2282 2805 neque

718 2848 774 2890 nt
807 2838 933 2901 alia,
963 2851 1085 2906 quae
1134 2846 1260 2891 sunt
1304 2834 1604 2900 recensita;
1637 2832 1801 2903 310
1849 2831 1942 2885 sed
1990 2839 2075 2885 est
2119 2842 2284 2898 super

718 2933 836 2987 haec
861 2930 1075 2995 omnia,
1129 2940 1184 2983 et
1231 2945 1329 2999 per
1378 2926 1753 2982 excellentiam
1787 2931 2088 2992 exemptus,
2126 2934 2182 2976 et
2216 2923 2283 2977 ab

718 3024 867 3078 omni
894 3022 1100 3087 habitu,
1131 3031 1185 3076 et
1206 3024 1273 3075 ab
1307 3019 1456 3075 omni
1490 3026 1661 3083 motu,
1694 3024 1749 3071 et
1789 3018 1857 3072 ab
1887 3017 2136 3071 omnibus
2167 3028 2286 3084 qua:

720 3116 863 3169 circa
890 3114 1003 3169 haec
1026 3122 1335 3167 versantur.
1369 3109 1643 3179 Siquidem
1679 3108 1903 3161 habitus
1928 3116 2010 3162 est
2055 3104 2286 3173 qualitas

723 3206 1048 3269 immanens,
1100 3211 1277 3256 motus
1329 3209 1511 3253 autem
1568 3206 1649 3251 est
1710 3197 1761 3251 id
1800 3197 1943 3266 quod
1996 3195 2286 3264 opponitur

723 3296 930 3367 quieti;
971 3311 1093 3365 quae
1120 3293 1388 3364 oppositio
1419 3293 1472 3347 in
1511 3292 1755 3359 pluribus
1784 3286 2077 3344 consistit:
2110 3298 2288 3348 motus

723 3390 867 3443 enim
896 3387 1063 3453 elicit,
1091 3388 1199 3440 vita
1230 3389 1382 3441 vero
1408 3384 1520 3439 haec
1552 3382 1789 3439 ostendit
1836 3380 2107 3445 eilicaeia;
2148 3379 2285 3432 inia-

2382 2184 2877 2256 ὑπεραγαθότητος,
2911 2184 3004 2235 καὶ
3032 2181 3173 2251 ὑπὲρ
3212 2179 3272 2232 τὸ
3301 2176 3505 2246 ἀγαθὸν
3550 2174 3658 2245 γὰρ
3686 2174 3780 2225 καὶ
3819 2172 3955 2242 ὑπὲρ

2379 2277 2441 2330 τὸ
2465 2273 2622 2340 εἶναι,
2651 2277 2744 2328 καὶ
2772 2275 2909 2344 ὑπὲρ
2930 2274 3097 2344 αὐτὴν
3121 2272 3217 2342 τὴν
3242 2268 3471 2340 ὓπαρξίν
3492 2270 3626 2319 ἐστι.
3650 2264 3835 2318 Ταῦτα
3851 2263 3956 2333 γὰρ

2384 2370 2560 2424 πάντα
2586 2367 2919 2439 παραγωγῆς
2947 2364 3217 2437 σημασίαν
3245 2362 3455 2433 ἔχουσιν
3473 2378 3486 2391 ·
3537 2360 3676 2430 ὑπὲρ
3698 2359 3753 2411 δὲ
3782 2359 3960 2411 πᾶσαν

2384 2460 2805 2535 παραγωγὴνχτδ
2835 2459 2986 2512 Θεῖόν
3032 2460 3180 2510 ἐστι·
3208 2456 3266 2508 τὸ
3305 2454 3435 2523 γοῦν
3481 2452 3633 2505 Θεῖον
3674 2451 3701 2502 ὅ
3739 2467 3793 2501 τι
3832 2448 3961 2501 ποτέ

2384 2555 2551 2616 ἐστιν,
2578 2552 2753 2604 οὐδενὶ
2776 2549 2992 2620 θεμιτὸν
3016 2548 3253 2618 ὑμνῆσαι
3296 2545 3403 2597 τῶν
3429 2544 3541 2595 ὅσοι
3569 2542 3705 2594 εἰσὶν
3733 2539 3962 2609 ἐρασταὶ

2383 2645 2483 2714 τῆς
2506 2645 2673 2707 ὅντως
2701 2642 2975 2713 ἀληθείας,
3005 2641 3127 2693 οὒτε
3150 2638 3223 2701 ὡς
3248 2637 3405 2706 λόγον
3422 2675 3436 2699 ,
3464 2633 3586 2688 οὔτε
3610 2634 3685 2696 ὡς
3709 2632 3961 2703 δύναμιν,

2384 2736 2507 2789 οὔτε
2543 2736 2617 2799 ὼς
2644 2723 2813 2788 τᾰλὶῖα
2836 2734 2981 2803 τάπη
2991 2731 3073 2801 ριθ
3082 2749 3154 2802 μη
3164 2731 3297 2801 μένα
3318 2747 3331 2759 ·
3366 2727 3508 2797 ὑπὲρ
3522 2724 3694 2777 ταῦτα
3710 2722 3767 2775 δὲ
3788 2722 3966 2775 πάντα

2387 2828 2524 2891 ἐστὶ,
2564 2828 2657 2881 καὶ
2701 2824 3041 2898 ὑπεροχικῶς
3068 2820 3422 2895 ἀφῃρημένον
3468 2818 3605 2879 ἐστὶ,
3648 2816 3741 2869 καὶ
3785 2814 3967 2882 πάσης

2390 2920 2575 2985 ἕξεως,
2606 2919 2700 2971 καὶ
2727 2917 2907 2986 πάσης
2941 2916 3227 2985 κινήσεως,
3256 2912 3348 2965 καὶ
3392 2911 3606 2964 πάντων
3634 2907 3732 2958 ὅσα
3756 2904 3967 2965 τούτοις

2391 3008 2901 3073 συνείλεκται.Ἕξις
2932 3008 3027 3078 μὲν
3048 3002 3139 3058 οὖν
3158 3002 3272 3057 ἐστι
3288 3003 3521 3064 διάθεσις
3542 3000 3797 3070 ἕμμονος·
3822 2996 3971 3064 κίνη-

2390 3123 2473 3169 σις
2499 3106 2575 3170 δὲ,
2592 3104 2655 3156 τὸ
2679 3107 2743 3174 τῇ
2772 3102 2975 3173 ἠρεμίᾳ
3005 3094 3560 3164 ἀντιδιαστελλόμενον
3587 3092 3727 3143 κατὰ
3756 3087 3968 3141 πολλῶν

2387 3199 2687 3269 τιθέμενον*
2718 3196 2921 3266 ὲξαχῶς
2940 3192 2995 3263 (ι.
3018 3190 3221 3261 ἐξάγει)
3251 3188 3356 3260 γὰρ
3385 3189 3417 3257 ἡ
3441 3186 3671 3256 κίνησις,
3701 3180 3813 3251 ζωὴ
3838 3178 3972 3269 δὲτὸ

2388 3268 2559 3342 ταῦτα
2581 3286 2822 3340 δεικνύον
2844 3283 3038 3352 ἐνεργά
3056 3299 3068 3311 ·
3101 3279 3365 3349 φαντασία
3391 3278 3447 3329 δὲ
3474 3276 3533 3328 τὸ
3559 3275 3616 3326 ὲν
3667 3274 3733 3341 τῇ
3762 3268 3970 3338 διανοίᾳ

2393 3378 2798 3435 ἀνατυπωτικόν
2819 3393 2831 3406 ’
2860 3375 2986 3442 δόξα
3009 3373 3066 3426 δὲ
3107 3364 3638 3440 πεπληροφορημένη
3667 3360 3936 3432 ὑπόληψις
3954 3376 3968 3388 ·

724 3481 926 3550 ginatio
959 3489 1041 3535 est
1089 3479 1141 3533 id
1171 3477 1310 3548 quod
1343 3477 1396 3530 in
1448 3475 1720 3530 intellectu
1766 3474 1975 3544 species
2016 3470 2286 3533 ell'or‘mat,

2395 3474 2597 3527 διάνοια
2625 3474 2656 3542 ἡ
2686 3465 3082 3539 ὲπιστημονικὴ
3108 3463 3221 3530 ἕξις
3246 3463 3342 3532 τῆς
3358 3459 3535 3530 ψυχῆς
3559 3474 3571 3487 ·
3601 3456 3787 3525 νόησις
3815 3455 3849 3524 ἡ
3877 3451 3970 3503 τοῦ

726 3573 906 3641 opinio
933 3580 1112 3627 autem
1142 3581 1227 3625 est
1250 3584 1509 3640 persuasa
1538 3568 1873 3638 conjectura,
1905 3564 2177 3620 sententia
2209 3572 2293 3616 est

729 3665 1064 3720 scientilicus
1109 3665 1276 3718 animi
1329 3662 1568 3726 habitus,
1618 3660 1914 3715 intellectio
1969 3665 2052 3712 est
2098 3656 2293 3710 mentis

728 3759 995 3828 operatio,
1023 3758 1184 3813 statio
1216 3767 1299 3811 est
1332 3756 1551 3824 quidem
1582 3755 1748 3809 etiam
1771 3753 1927 3822 quies
1970 3765 2092 3819 quae
2123 3748 2297 3804 motui"

730 3852 1039 3920 opponitur,
1073 3856 1442 3904 verumtamen
1475 3861 1692 3915 quoque
1738 3844 1882 3899 idem
1910 3852 1992 3897 est
2016 3841 2158 3911 quod
2192 3849 2298 3894 sta-

732 3942 941 4007 bilitas,
974 3957 1071 4013 pro
1097 3956 1202 4011 qua
1248 3954 1317 3993 ex
1368 3938 1681 3994 Graecorum
1728 3951 1827 3989 usu
1878 3934 2161 4002 accipitur.
2219 3930 2296 3984 Illi

733 4036 877 4090 enim
914 4035 1245 4097 statuebant,
1270 4040 1325 4085 et
1346 4030 1664 4099 quibusdam
1690 4028 1881 4081 ritibus
1904 4026 2301 4082 conﬁrmabant

735 4146 829 4183 eos
872 4128 959 4197 qui
988 4125 1114 4180 olim
1161 4124 1299 4193 apud
1327 4137 1421 4177 eos
1450 4122 1519 4176 dii
1549 4119 1909 4175 habebantur.
1947 4117 2176 4180 Ἔνωσις
2204 4133 2295 4173 seu

736 4218 865 4274 unio
897 4228 978 4272 est
1012 4217 1210 4271 mentis
1236 4223 1493 4277 attactus,
1538 4222 1593 4267 et
1624 4211 1781 4282 quasi
1813 4211 2076 4281 cognitio;
2108 4210 2298 4283 termi-

738 4329 867 4377 nus,
899 4312 1042 4381 quod
1076 4326 1177 4365 non
1215 4318 1272 4363 ut
1301 4322 1425 4378 pars
1460 4315 1555 4361 est
1610 4306 1663 4360 in
1694 4304 2006 4367 terminato,
2036 4311 2091 4356 ut
2120 4304 2303 4356 termi-

742 4421 848 4457 nus
876 4404 1031 4456 lineaa
1061 4412 1143 4456 est
1173 4410 1457 4471 punctum,
1509 4405 1566 4451 et
1615 4395 1879 4450 terminus
1931 4393 2185 4463 temporis
2222 4401 2307 4446 est

678 4496 683 4501 ’
743 4509 906 4561 nunc,
936 4510 1028 4549 seu
1059 4495 1295 4553 instans;
1326 4493 1536 4546 instans
1568 4498 1746 4543 autem
1771 4486 1926 4541 estin
1956 4496 2217 4554 tempore,
2253 4496 2308 4538 et

747 4606 852 4647 non
906 4599 1160 4659 tanquam
1211 4600 1337 4653 pars
1371 4584 1659 4653 temporis;
1706 4594 1828 4634 nam
1871 4594 1994 4647 pars
2048 4576 2305 4648 temporis

746 4700 959 4756 tempus
980 4682 1215 4737 exsistit.
1239 4679 1478 4733 lnﬁnitas
1505 4685 1587 4731 est
1606 4674 1799 4730 infiniti
1830 4675 2161 4727 coextensio.
2182 4672 2309 4727 Haec

748 4780 926 4840 omnia
967 4793 1071 4831 non
1108 4783 1234 4830 sunt
1280 4771 1540 4837 essentia,
1576 4768 1669 4823 sed
1718 4768 1860 4821 circa
1890 4767 2183 4821 essentiam
2222 4764 2305 4818 vi-

2395 3566 2510 3629 νοὸς
2537 3564 2813 3635 ὲνέργεια’
2847 3561 3031 3622 στάσις
3082 3556 3197 3609 ἐστὶ
3250 3554 3346 3624 μὲν
3384 3552 3478 3603 καί
3524 3552 3556 3620 ὴ
3604 3545 3809 3617 ἠρεμία
3840 3542 3974 3612 πρὸς

2394 3660 2491 3730 τὴν
2529 3657 2747 3727 κίνησιν
2770 3649 3307 3718 ἀντιδιαστελλομένη
3328 3685 3342 3707 ,
3398 3644 3512 3697 ἔστι
3551 3640 3608 3692 δὲ
3639 3640 3731 3691 καὶ
3755 3636 3817 3689 τὸ
3844 3634 3972 3687 αὐτὸ

2395 3725 2460 3821 τῆ
2492 3725 2717 3819 ἱδρύσει,
2750 3746 2873 3815 ἥτις
2922 3740 3290 3813 παρείληπται
3318 3737 3381 3787 ἐκ
3430 3733 3527 3802 τῆς
3561 3728 3669 3782 τῶν
3708 3725 3971 3821 Ἑλλήνων

2400 3815 2702 3905 σῦνηθείας.
2744 3832 2969 3884 Ἐκεῖνοι
3016 3827 3122 3898 γὰρ
3169 3827 3328 3878 ἴστων
3367 3821 3460 3873 καὶ
3486 3820 3667 3890 ἵδρυον
3701 3815 3790 3869 διά
3815 3831 3973 3866 τινων

2399 3926 2632 3982 τελετῶν
2678 3924 2805 3987 τοὺς
2851 3918 3308 3991 δοκιμαζομένους
3355 3914 3617 3984 πρότερον
3648 3909 3802 3970 θεοὺς
3845 3907 3971 3976 παρ’

2401 4025 2601 4086 αὐτοῖς.
2640 4022 2869 4080 Ἔνωσις
2899 4018 2931 4087 ἡ
2954 4013 3045 4067 τοῦ
3072 4012 3189 4074 νοὸς
3216 4008 3396 4078 ἐπαφὴ
3424 4006 3517 4058 καὶ
3542 4002 3703 4056 οἱονεί
3727 4018 3811 4063 τις
3836 3998 3974 4067 γνῶ-

2404 4134 2485 4181 σις
2504 4131 2517 4145 ·
2549 4115 2745 4185 πέρας,
2770 4110 2831 4163 τὸ
2856 4109 2953 4178 οὐχ
2978 4107 3051 4170 ὡς
3083 4105 3251 4175 μέρος
3279 4104 3333 4155 ὲν
3357 4098 3434 4169 τῷ
3466 4094 3855 4168 περατουμένῳ
3895 4093 3971 4154 ὃν,

2403 4211 2478 4273 ὡς
2505 4208 2677 4279 πέρας
2701 4202 2962 4275 γραμμῆς
3006 4200 3038 4268 ἡ
3067 4198 3299 4267 στιγμή·
3332 4193 3426 4246 καί
3452 4191 3624 4260 πέρας
3649 4188 3741 4241 τοῦ
3786 4188 3973 4259 χρόνον

2404 4304 2464 4357 τὺ
2487 4303 2581 4357 νῦν
2601 4320 2613 4333 ·
2643 4302 2702 4355 τὸ
2733 4302 2789 4355 δὲ
2820 4300 2912 4354 νῦν
2939 4301 2994 4351 ἐν
3020 4297 3095 4367 τῷ
3122 4296 3315 4367 χρόνῳ,
3346 4296 3434 4347 καὶ
3458 4293 3556 4359 οὐχ
3578 4291 3649 4352 ὼς
3699 4288 3862 4357 μέρος
3887 4282 3974 4334 τοῦ

2408 4396 2598 4469 χρόνου
2620 4411 2632 4423 ·
2662 4386 2721 4446 τὸ
2746 4392 2853 4463 γὰρ
2882 4391 3043 4461 μέρος
3067 4388 3159 4441 τοῦ
3186 4387 3373 4459 χρόνον
3417 4384 3623 4456 χρόνος.
3667 4376 3918 4449 Ἀπειρία
3945 4376 3976 4444 ἡ

2407 4488 2500 4543 τοῦ
2574 4488 2800 4558 ἀπείρου
2851 4483 3313 4556 συμπαρέκτασις.
3366 4480 3432 4531 Ἀ
3473 4475 3645 4530 ταῦτα
3686 4474 3785 4525 οὐκ
3828 4469 3978 4522 οὐσία

2409 4583 2564 4645 εἰσὶν,
2592 4581 2726 4634 ἀλλὰ
2749 4581 2877 4650 περὶ
2901 4578 3086 4630 οὐσίαν
3114 4575 3323 4645 ὁρᾶται.
3355 4571 3570 4639 Ταύτης
3597 4567 3651 4619 δὲ
3691 4563 3850 4617 πάλιν
3885 4562 3981 4631 τῆς

2409 4675 2595 4737 οὐσίας
2617 4672 2675 4724 τὸ
2701 4673 2853 4723 Θεῖον
2882 4669 3219 4739 ὑπέρκειται,
3250 4665 3343 4718 καὶ
3379 4658 3700 4732 ὑπερούσιόν
3746 4658 3862 4708 ἐστι
3892 4655 3983 4707 καὶ

2412 4766 2691 4837 ὑπέρθεον.
2725 4762 2938 4834 Ἐπειδὴ
2965 4761 3021 4814 δὲ
3043 4760 3171 4812 αὐτὸ
3194 4758 3446 4827 μὲνέστιν
3466 4751 3797 4820 ἀγαθότητος
3819 4748 3983 4816 ὓπαρ-

749 4874 964 4926 dentur.
996 4868 1167 4936 Super
1197 4867 1336 4920 hanc
1357 4871 1534 4917 autem
1566 4860 1734 4929 ipsam
1770 4856 2059 4911 essentiam
2089 4870 2289 4909 rursun

2414 4859 2495 4924 εις
2520 4858 2611 4909 καὶ
2633 4856 2731 4925 οὐχ
2756 4853 2940 4915 ἁπλῶς
2968 4850 3257 4919 ἀγαθότης,
3288 4846 3355 4898 τὰ
3376 4846 3433 4898 δὲ
3483 4842 3760 4930 κτίσματα
3808 4840 3982 4891 πάντα

750 4966 891 5020 Deus
904 4963 1127 5026 eminet,
1156 4969 1209 5014 et
1229 4971 1389 5027 supra
1415 4954 1707 5008 essentiam
1730 4957 1901 5013 est,et
1932 4962 2094 5017 supra
2118 4949 2305 5002 Deum.

750 5058 1014 5125 Quoniam
1044 5056 1159 5122 ipse
1191 5051 1406 5119 quidem
1445 5054 1528 5101 est
1549 5046 1785 5101 essentia
1814 5043 2091 5103 bonitatis.
2122 5051 2176 5095 et
2207 5054 2310 5095 non

753 5150 983 5220 simplici
1032 5148 1246 5202 ratione
1287 5142 1535 5206 bonitas;
1583 5148 1765 5192 creata
1809 5150 1938 5189 vero
1967 5136 2148 5188 omnia
2194 5150 2315 5203 quae

758 5252 907 5306 runt,
939 5241 1100 5295 etiam
1135 5239 1301 5306 ipsius
1334 5233 1417 5289 sui
1465 5246 1586 5287 esse
1624 5243 1842 5284 causam
1907 5226 2111 5280 habent
2148 5225 2314 5278 Deum

758 5341 812 5394 in
842 5340 943 5391 hoc
970 5337 1087 5405 ipso
1112 5346 1253 5393 esse,
1286 5327 1426 5397 quod
1481 5324 1718 5379 divinum
1772 5335 1967 5374 numen
2010 5318 2316 5371 eininenter

760 5431 926 5486 habet
950 5438 1205 5495 tanquam
1235 5419 1473 5475 essentia
1502 5414 1781 5477 bonitatis,
1814 5428 1911 5481 per
1935 5425 2096 5481 quam
2132 5412 2320 5477 utique

763 5524 1060 5579 bonitatem
1114 5522 1278 5573 etiam
1324 5527 1482 5568 omne
1529 5508 1673 5580 quod
1711 5515 1796 5561 est
1836 5505 2109 5575 produxit.
2145 5503 2321 5571 Atque

764 5618 890 5673 hinc
928 5614 1206 5668 solvuntur
1236 5608 1393 5661 fatuas
1410 5606 1694 5675 Opiniones
1716 5614 1903 5655 eorum
1930 5597 2019 5667 qui
2058 5596 2173 5651 ausi
2198 5604 2323 5649 sunt

765 5709 985 5769 dicere,
1045 5702 1265 5757 insitam
1340 5713 1463 5754 esse
1524 5699 1632 5751 Deo
1682 5702 1873 5747 natura
1924 5690 2158 5760 quadam
2214 5687 2322 5740 vim

765 5800 1013 5865 creandi,
1048 5798 1188 5853 sicut
1214 5793 1436 5848 insitum
1468 5797 1553 5844 est
1578 5784 1849 5841 araneolis
1882 5793 2085 5848 texere,
2119 5795 2214 5850 per
2238 5792 2325 5832 so-

769 5899 875 5949 lam
909 5894 1052 5947 enim
1095 5889 1388 5945 bonitatem
1425 5879 1676 5937 inl'ﬁJl'ili
1714 5877 1985 5933 voluntate
2018 5875 2155 5928 Deus
2200 5887 2324 5941 pro-

2412 4950 2559 5011 ὅντα,
2587 4946 2678 5000 καὶ
2704 4944 2844 4998 κατά
2868 4944 2927 4995 τὸ
2952 4940 3087 4994 εἶναι
3112 4939 3286 4993 αἰτίαν
3312 4937 3491 5007 ἔχουσι
3519 4920 3605 4985 τὸν
3622 4932 3773 4991 Θεὸν,
3790 4932 3845 4983 ὲν
3868 4928 3984 4981 τού-

2415 5059 2491 5110 τῳ
2508 5037 2741 5108 αὐτῷτῷ
2774 5033 2933 5098 εἶναι,
2964 5035 3099 5103 ὅπερ
3123 5032 3233 5102 ἕχει
3259 5027 3604 5102 ἐξῃρημένους
3627 5024 3687 5075 τὸ
3711 5022 3887 5083 Θεῖον,
3913 5020 3983 5082 ὡς

2421 5128 3005 5202 ὓπαρξις,ὰγαθότητος
3030 5124 3095 5176 δι’
3117 5125 3183 5194 ῆν
3210 5122 3272 5191 δὴ
3297 5120 3603 5189 ἀγαθότητα
3646 5116 3739 5167 καὶ
3779 5114 3838 5166 τὸ
3882 5115 3981 5165 πᾶν

2424 5224 2745 5293 παρήγαγε·
2779 5219 2869 5271 καὶ
2896 5219 2959 5269 ὲκ
2983 5215 3185 5266 τούτων
3225 5212 3277 5263 αί
3323 5210 3535 5277 ἀνόητοι
3574 5204 3722 5269 δόξαι
3770 5202 3983 5254 ἐκλύονο

2424 5333 2511 5368 ται
2556 5315 2663 5367 τῶν
2709 5308 3090 5381 τολμησάντων
3136 5304 3333 5371 λέγειν,
3384 5299 3539 5368 φύσει
3565 5297 3669 5348 τινί
3696 5296 3893 5345 ἐνεῖναι
3931 5290 3983 5341 τὸ

2424 5403 2807 5476 δημιουργικὸν
2832 5399 2907 5469 τῷ
2932 5396 3069 5467 Θεῷ,
3098 5395 3171 5456 ὡς
3198 5394 3290 5445 καὶ
3314 5394 3424 5452 τοῖς
3451 5388 3725 5458 ἀραχνὲοις
3750 5383 3811 5435 τὺ
3839 5380 3985 5449 ὑφαί-

2428 5516 2536 5553 νειν
2556 5515 2569 5527 ⁸
2598 5498 2688 5551 διὰ
2711 5495 2816 5567 γὰρ
2846 5493 3010 5565 μόνην
3036 5488 3344 5557 ἁγαθὸτητα
3381 5483 3449 5535 τὰ
3497 5480 3769 5549 κτίσματα
3817 5475 3980 5567 παρῄ-

2428 5610 2594 5661 γαγεν
2618 5593 2645 5643 ὁ
2669 5565 2798 5651 Θεὸς
2826 5588 3047 5657 ἀρρήτῳ
3070 5582 3315 5651 θελήσει·
3347 5576 3466 5629 ἐπεὶ
3486 5570 3579 5627 οὖν
3600 5570 3788 5631 ταῦτα,
3818 5566 3909 5620 καὶ
3933 5565 3983 5615 ἐν

2430 5682 2578 5752 αὐτῷ
2603 5681 2679 5750 τῷ
2706 5676 2841 5731 εἶναι
2866 5676 3010 5729 αἰτία
3034 5675 3138 5726 τῶν
3163 5672 3327 5723 ὄντων
3352 5667 3497 5720 ἐστὶν
3519 5666 3545 5716 ὁ
3572 5661 3724 5725 Θεὸς,
3753 5660 3849 5729 τὴν
3875 5656 3980 5709 τοὺ·

2431 5794 2521 5830 του
2558 5772 2831 5843 πρόνοιαν,
2878 5768 2997 5820 ἐπεὶ
3022 5765 3223 5833 ταύτης
3246 5763 3343 5832 τῆς
3381 5760 3556 5820 αἰτίας
3583 5753 3825 5822 ἁνωτέρα
3850 5747 3976 5803 αἰτία

2432 5871 2528 5923 οὐκ
2556 5867 2719 5929 ἔστιν,
2750 5863 2805 5929 ἐξ
2832 5854 2897 5932 ἧς
2923 5858 3311 5934 ὑμνηθήσεται,
3337 5854 3398 5903 ὲκ
3425 5848 3528 5902 τῶν
3547 5844 3796 5903 αἰτιατῶν
3820 5842 3968 5910 imq-
