4178 6312
224 305 334 361 629

796 302 882 358 DE
920 301 1171 358 DIVINIS
1211 301 1606 366 NOMINIBUS,
1642 301 1796 358 CAP.
1834 302 1873 355 1.
1913 334 1979 342 -
2023 300 2370 356 PARAPIIR.
2413 297 2879 356 PACHYMERIE.

3363 303 3466 358 6'50
3534 367 3539 391 ι

220 425 365 475 τέον.
413 419 510 473 Διὰ
557 419 646 485 τί;
689 420 769 472 ὅτι
811 419 909 473 καὶ
951 418 1078 489 περὶ
1122 417 1290 490 αὐτὴν
1334 422 1511 471 πάντα
1555 416 1630 480 ὡς
1670 415 1791 487 περί

1901 416 2048 472 duxit
2069 423 2371 471 creaturas.
2403 414 2537 470 cum
2563 415 2676 470 htec
2697 416 3058 485 itaque,quod
3086 417 3247 472 etiam
3278 418 3328 473 in
3350 421 3464 490 ipso

219 511 417 577 αῐτιον,
443 514 536 566 καὶ
565 513 912 584 δημιουργὸν,
954 513 1048 566 καὶ
1091 512 1282 582 ἀρχὴν,
1311 511 1386 574 ὡς
1415 511 1542 581 περί
1578 510 1639 563 τὸ
1677 509 1800 563 κέν-

217 623 349 676 τρον
373 608 405 676 ἡ
431 605 774 676 περιφέρεια,
802 603 878 668 ὼς
900 603 965 658 ἄν
998 620 1082 666 τις
1106 603 1248 658 εἴποι
1272 602 1358 656 διὰ
1383 603 1480 673 τὴν
1505 601 1613 656 τῶν
1640 603 1796 671 λεγο-

223 699 399 769 μένων
424 699 736 770 σαφήνειαν·
757 698 850 751 καὶ
875 697 1042 766 αὐτῆς
1064 696 1247 768 ἕνεκα,
1261 697 1337 759 ὡς
1352 696 1538 760 τέλους
1557 696 1792 750 πάντων·

219 793 316 843 καὶ
338 790 474 861 αὑτὴ
498 791 602 861 πρὸ
625 791 842 843 πάντων
871 789 1037 842 ἐστίν.
1079 789 1247 860 Ἀρχὴ
1275 787 1386 859 γὰρ
1403 789 1497 840 καὶ
1512 788 1662 852 τέλος
1687 787 1796 841 τῶν

216 881 474 933 ἁπάντων
502 879 653 942 Θεὸς,
685 879 821 950 πλὴν
849 877 1155 950 ὑπερεξῃρη
1166 875 1340 946 μένως
1365 876 1457 928 καὶ
1474 875 1538 944 δη
1547 891 1793 946 μιουργι-

215 971 333 1036 κῶς
353 988 367 1002 ⁸
416 972 509 1025 καὶ
556 971 664 1043 γὰρ
704 971 762 1025 οὐ
795 972 888 1024 σὺν
918 969 1084 1039 αὐτῷ,
1115 968 1228 1021 ἀλλ’
1252 970 1310 1021 ὲν
1353 967 1499 1038 αὑτῷ
1522 967 1590 1020 τὰ
1619 967 1796 1020 πάντα

218 1067 519 1136 συνέστηκε
542 1083 554 1096 ·
586 1065 680 1118 καὶ
706 1065 762 1116 ὲν
787 1063 863 1134 τῷ
888 1061 1024 1116 εἰναι
1050 1062 1111 1114 τὸ
1135 1061 1338 1130 Θεῖονή
1369 1060 1673 1131 παραγωγὴ
1701 1061 1795 1112 καὶ

215 1159 517 1221 ὑπόστασις
559 1157 810 1210 ἁπάντων
837 1155 972 1227 ἐστ-ί.
1004 1152 1204 1206 Τούτου
1250 1153 1424 1206 πάντα
1449 1151 1664 1220 ἐφίεται
1684 1167 1696 1179 ·
1726 1149 1794 1204 τὰ

218 1248 324 1318 μὲν
349 1248 531 1319 νοερὰ,
575 1247 740 1318 ἦγουν
780 1247 828 1299 οἰ
871 1246 1112 1314 άγγελοι,
1155 1244 1249 1297 καὶ
1289 1243 1359 1296 τὰ
1383 1241 1597 1312 λογικὰ,
1629 1241 1793 1312 ἤγουν

212 1340 269 1393 οι
285 1339 581 1411 ἄνθρωποι,
597 1339 909 1409 γνωστικῶς
928 1335 1282 1390 ἐπιϐάλλοντα
1298 1338 1363 1406 τῇ
1385 1333 1479 1388 τοῦ
1498 1331 1633 1386 Θεοῦ
1663 1350 1795 1404 προ-

213 1435 339 1506 νοίᾳ
368 1475 383 1499 ,
413 1434 692 1503 ἀναλόγως
729 1434 972 1504 ἐφίενται
1013 1430 1106 1484 τοῦ
1132 1429 1287 1483 Θεοῦ.
1319 1428 1400 1482 Τὰ
1431 1428 1486 1481 δὲ
1527 1427 1794 1498 ὑφειμένα

209 1522 442 1588 τούτων,
472 1523 636 1594 ἦγουν
679 1522 746 1576 τὰ
790 1520 978 1589 ἄλογα,
1026 1513 1098 1572 ὧν
1124 1516 1331 1586 ἀλόγων
1355 1517 1387 1586 ἡ
1412 1513 1555 1585 ψυχὴ
1596 1514 1660 1564 ὲκ
1683 1511 1794 1564 τῶν

214 1615 498 1686 στοιχείων
532 1614 740 1669 καὶτοῦ
767 1613 950 1667 ὲνύλου
979 1610 1146 1682 πυρὸς
1175 1608 1506 1671 συνεστῶσα,
1550 1607 1606 1658 ὲν
1634 1602 1795 1657 πνεύ-

215 1723 353 1777 ματι
380 1706 547 1777 ὲνύλῳ
570 1706 681 1778 ἔχει
713 1705 772 1759 τὸ
796 1700 960 1758 εἶναι·
988 1702 1160 1757 ταῦτα
1188 1701 1366 1771 μόνον,
1395 1700 1458 1752 ὲκ
1484 1699 1582 1769 τῆς
1605 1697 1794 1770 αἰσθή-

215 1809 359 1859 σεως
401 1794 830 1865 συνελαυνόμενα
862 1792 1027 1856 εἰς,τὸ
1052 1793 1244 1861 πεινῇν
1276 1790 1371 1842 καὶ
1412 1789 1494 1852 εἰς
1519 1788 1581 1842 τὸ
1612 1787 1792 1859 διψῇν,

209 1887 461 1959 ἐφίενται
505 1886 727 1949 εἰκότως
769 1883 1038 1955 αἰσθητῶς
1063 1881 1157 1934 τοῦ
1197 1879 1571 1952 χορηγοῦντος,
1600 1878 1674 1942 ὡς
1697 1877 1757 1930 τό
1779 1894 1792 1908 ·

210 1976 422 2030 Πάντα
438 1977 585 2044 πρὸς
605 1976 679 2030 σὲ
694 1973 1073 2043 προσδοκῶσι
1093 1972 1299 2027 δοῦναι
1316 1971 1430 2039 τὴν
1443 1969 1673 2039 τροφὴν·
1690 1970 1764 2022 αὐ
1776 1998 1796 2008 -

209 2067 336 2122 τῶν
353 2070 439 2133 εἰς
453 2066 935 2136 εὐκαιρον.Τᾶλλα
955 2065 1132 2136 μέντοι
1149 2065 1247 2118 ὅσα
1261 2063 1358 2134 τὴν
1375 2061 1608 2132 ζωτικὴν
1630 2061 1796 2132 μόνην

206 2156 554 2228 ἀναισθήτως
581 2155 692 2225 ἔχει
716 2154 947 2226 κίνησιν,
973 2153 1047 2217 ὡς
1085 2152 1151 2206 τὰ
1175 2152 1317 2222 φυτὰ
1357 2152 1448 2204 καί
1474 2153 1528 2204 αἱ
1556 2150 1793 2221 βοτάναι,

206 2247 249 2301 ἅ.
278 2264 396 2303 τινα
428 2248 522 2300 καὶ
553 2247 781 2311 ζωτικὸν
831 2245 1046 2315 πνεῦμα
1093 2245 1251 2316 μόνον
1303 2241 1564 2297 συνιστῶν
1590 2241 1793 2311 ἔχουσι,

206 2338 312 2411 τὴν
339 2339 542 2393 ἑαυτῶν
567 2340 750 2392 οὐσίαν
778 2338 906 2392 ἄνευ
947 2337 1252 2408 αἰσθήσεως
1276 2353 1288 2366 ⁸
1318 2335 1354 2389 ἃ.
1387 2335 1450 2405 δὴ
1476 2335 1569 2387 καὶ
1596 2333 1794 2386 πολλά-

207 2451 323 2497 κις,
346 2450 434 2486 στε
443 2431 532 2503 ρού
542 2449 675 2503 μενα
690 2430 782 2483 τοῦ
811 2429 1038 2501 φυσικοῦ
1055 2429 1382 2499 πνεύματος,
1411 2427 1582 2498 ἀποξη
1593 2426 1797 2498 ραίνον-

205 2543 327 2592 ται,
378 2525 444 2578 δι’
469 2523 530 2576 οῦ
564 2522 838 2577 κινοῦνται
890 2522 1025 2594 πρὸς
1073 2520 1298 2593 αὔξησιν
1346 2521 1439 2574 καὶ
1486 2519 1792 2572 εὐθάλειαν.

223 2616 499 2686 Ἐφίενται
523 2616 618 2667 καὶ
643 2613 814 2667 ταῦτα
837 2614 933 2684 τῆς
961 2612 1107 2675 θείας
1128 2611 1411 2682 Προνοίας,
1461 2611 1546 2679 ἐφ’
1573 2603 1616 2676 ᾧ
1643 2625 1796 2661 συνε-

209 2710 410 2780 στάναι
439 2710 532 2762 καὶ
568 2707 748 2780 άνθεῖν
767 2724 781 2737 ⁸
807 2706 928 2760 ὅθεν
955 2707 1048 2759 καὶ
1071 2704 1244 2758 ταῦτα
1270 2703 1793 2775 παραλαμϐάνονται

207 2777 282 2854 ὲν.
320 2799 397 2871 τῷ
445 2777 815 2871 ρμηθΨαλμῷ
839 2837 851 2861 ,
881 2800 1050 2850 αἰνεῖν
1076 2797 1165 2851 τὸν
1187 2797 1318 2849 Θεὸν
1345 2795 1432 2849 διὰ
1469 2796 1566 2865 τῆς
1613 2793 1794 2847 αὐτῶν

209 2891 543 2954 συστάσεως.
588 2890 631 2941 Τ
633 2889 668 2941 ἀ
694 2889 750 2941 δὲ
777 2889 976 2958 ἄψυχα,
1020 2890 1076 2940 ἐν
1117 2889 1193 2959 τῷ
1231 2888 1373 2958 ἔχειν
1416 2889 1472 2940 ὲν
1499 2887 1708 2949 ἑαυτοῖς
1733 2884 1794 2938 τὸ

205 2984 349 3046 ὅλως
375 2978 532 3046 εἶναι,
562 2981 596 3051 ἦ
639 2982 696 3033 ὲν
741 2979 816 3050 τῷ
841 2979 1061 3032 τοιώσδε
1107 2981 1138 3050 ἢ
1183 2979 1407 3032 τοιὼσδε
1435 2975 1573 3033 εἶναι
1594 2997 1605 3009 ·
1635 2979 1792 3032 τοῦτο

205 3075 322 3146 γὰρ
349 3068 500 3127 εἷπεν
526 3071 758 3142 οὐσιώδη
787 3072 880 3125 καὶ
907 3072 1133 3143 ἐκτικὴν
1157 3071 1678 3142 ὲπιτηδειότητα,ὼς
1696 3072 1789 3125 τοῦ

1900 510 2005 563 sint
2039 525 2134 579 per
2155 523 2314 563 suum
2341 521 2480 568 esse,
2505 522 2670 562 causa
2699 521 2878 561 rerum
2908 509 2978 562 sit
3001 509 3165 575 Dens,
3197 509 3318 579 ejus
3343 528 3464 578 pro-

1901 600 2161 663 videntia,
2187 612 2310 653 eum
2345 596 2489 650 nulla
2526 597 2600 650 sit
2635 611 2796 650 causa
2831 598 3116 653 sublimior
3145 616 3174 653 a
3210 615 3313 669 qua
3342 601 3459 656 lau-

1900 691 2014 744 dari
2048 690 2239 759 possit,
2269 704 2332 745 ex
2367 688 2580 744 effectis
2605 687 2874 742 laudanda
2914 699 3014 744 est.
3039 691 3211 758 Quam
3241 693 3311 748 ob
3333 709 3460 748 cau-

1902 782 2060 835 sam?
2087 783 2211 852 quia
2244 791 2298 836 et
2330 781 2538 837 circum
2574 781 2745 850 ipsam
2799 791 2926 836 sunt
2959 785 3162 846 omnia,
3208 796 3462 855 tanquam

1899 875 2105 928 circum
2154 889 2397 939 causam,
2430 883 2483 927 et
2525 873 2907 937 conditricem,
2944 883 3000 927 et
3030 876 3373 945 principium,
3402 894 3464 933 ac

1897 967 1942 1020 si
1970 965 2089 1034 quis
2119 965 2500 1036 esplicationis
2535 965 2709 1035 gratia
2762 965 2931 1031 dicat,
2983 968 3125 1021 sicut
3166 970 3462 1026 circumfe-

1897 1057 2067 1110 rentia
2099 1059 2303 1112 circum
2338 1067 2607 1122 centrum,
2644 1066 2698 1112 et
2727 1067 2950 1128 propter
2982 1060 3143 1125 hanc,
3197 1070 3458 1132 tanquam

1896 1147 2056 1200 liuent
2075 1159 2198 1200 ante
2218 1150 2476 1212 omnium,
2499 1157 2554 1202 et
2577 1148 2692 1217 ipsa
2717 1157 2802 1202 est
2831 1159 2957 1202 ante
3003 1151 3275 1206 universa.
3304 1153 3464 1208 Prin-

1893 1244 2092 1312 cipium
2119 1242 2258 1296 enim
2287 1251 2342 1296 et
2370 1242 2491 1296 linis
2517 1241 2755 1296 omnium
2784 1253 2868 1297 est
2898 1245 3057 1311 Deus,
3095 1256 3463 1302 verumtamen

1892 1328 2354 1397 supereminenter
2369 1337 2422 1382 et
2439 1327 2679 1384 eﬂ'ective
2701 1347 2717 1394 ;
2749 1331 3016 1400 siquidem
3034 1350 3140 1388 non
3161 1351 3282 1390 cum
3324 1337 3462 1407 ipso,

1893 1420 1986 1474 sed
2031 1421 2083 1473 in
2115 1421 2230 1490 ipso
2251 1429 2440 1474 cuncta
2475 1421 2805 1486 consistunt;
2835 1433 2888 1476 et
2911 1438 2975 1478 eo
3001 1428 3141 1492 quod
3182 1427 3323 1481 Deus
3359 1435 3463 1492 est,

1893 1510 2130 1565 omnium
2157 1525 2367 1580 quoque
2382 1511 2538 1582 311
2561 1511 2839 1581 productio
2865 1521 2917 1566 el.
2947 1513 3286 1570 subsistentia
3315 1519 3465 1572 exsi-

1894 1601 2165 1658 stit.Hunc
2179 1603 2356 1656 omnia
2383 1612 2663 1672 appetunt;
2685 1603 2946 1674 spiritalia
2961 1606 3254 1678 quidetnzut
3269 1610 3464 1677 angeli,

1893 1703 1948 1748 et
1979 1693 2290 1758 rationalia,
2331 1703 2389 1748 ut
2433 1695 2709 1761 homines,
2739 1711 2835 1766 per
2876 1699 3244 1769 cognitionem
3271 1702 3467 1757 divina:

1826 1771 1870 1828 Β
1892 1786 2252 1846 Providentiae
2285 1805 2387 1859 pro
2419 1798 2583 1859 captu
2645 1806 2744 1846 suo
2793 1791 2963 1846 Deum
3017 1804 3298 1864 appetunt.
3332 1795 3463 1862 Qua:

1897 1895 2028 1936 vero
2055 1880 2140 1935 his
2164 1880 2413 1936 inferiora
2437 1892 2584 1946 sunt,
2610 1882 2818 1938 scilicet
2845 1884 3199 1954 irrationalia,
3226 1902 3458 1954 quorum

1899 1972 2295 2028 irrationalium
2325 1974 2505 2028 anima
2538 1975 2923 2031 exelementis
2952 1987 3006 2032 et
3039 1979 3302 2033 materiali
3347 1982 3467 2052 igne

1898 2072 2128 2126 constat,
2163 2064 2216 2118 in
2250 2065 2446 2133 spiritu
2479 2066 2746 2120 materiali
2799 2067 3002 2123 habent
3032 2082 3182 2133 esse;
3216 2068 3333 2124 haec
3376 2086 3466 2126 so-

1898 2153 2007 2209 lum
2026 2169 2091 2208 ex
2118 2169 2277 2209 sensu
2307 2154 2584 2224 compulsa
2617 2155 2682 2210 ad
2713 2157 3059 2211 esuriendum
3090 2168 3143 2212 et
3170 2159 3466 2214 sitiendnm

1898 2247 2094 2302 merito
2144 2245 2461 2300 desiderant
2507 2247 2693 2302 sensili
2730 2248 2890 2303 modo
2913 2265 3034 2303 cum
3065 2251 3156 2318 qui
3203 2253 3462 2320 prtebeat,

1892 2336 2042 2406 juxta
2077 2337 2204 2393 illud
2233 2359 2244 2393 :
2270 2337 2508 2393 Omnian
2532 2347 2580 2393 te
2606 2350 2925 2409 exspectant,
2960 2336 3014 2394 u't
3033 2342 3124 2396 de:
3155 2343 3267 2397 illis
3289 2361 3463 2398 escam

1895 2431 2128 2500 ipsorum
2173 2430 2226 2482 in
2263 2440 2488 2498 tempore
2529 2440 2828 2499 opportuno
2851 2432 2901 2485 ιι.
2949 2431 3120 2488 Porro
3167 2435 3293 2499 alia,
3343 2451 3464 2504 quae

1896 2523 2070 2578 solum
2090 2523 2307 2578 vitalem
2333 2524 2451 2577 sine
2464 2538 2624 2577 sensu
2643 2533 2844 2578 motum
2871 2525 3092 2591 habent,
3109 2527 3248 2582 sicut
3272 2529 3466 2598 planta:

1894 2627 1949 2671 et
1974 2617 2177 2682 herbte,
2201 2631 2321 2684 qua:
2353 2615 2572 2670 vitalem
2603 2615 2853 2684 spiritum
2876 2617 3048 2672 solum
3075 2621 3462 2677 consistentem

1895 2707 2116 2771 habent,
2149 2717 2202 2762 et
2230 2722 2382 2762 suam
2406 2708 2701 2762 essentiam
2733 2708 2849 2763 sine
2894 2724 3073 2776 sensu,
3112 2726 3233 2780 quze
3279 2715 3465 2783 utique

1896 2800 2209 2868 frequenter
2232 2809 2510 2862 arescunt,
2540 2799 2770 2853 naturali
2794 2801 2986 2870 spiritu
3013 2802 3245 2872 privata,
3269 2819 3375 2873 quo
3399 2806 3464 2860 ad

1896 2890 2265 2944 acoretionem
2293 2897 2348 2943 et
2384 2889 2834 2959 germinationem
2871 2891 3240 2961 impelluntur.
3287 2897 3466 2967 Appe-

1895 2989 2013 3034 tunt
2037 2979 2199 3034 etiam
2235 2981 2347 3034 haec
2369 2979 2608 3034 divinam
2630 2981 3026 3037 Providentiam
3052 2992 3110 3038 ut
3135 2986 3461 3051 consistant,

1895 3081 1950 3123 et
1984 3070 2241 3134 ﬂoreant,
2293 3072 2434 3126 unde
2464 3072 2630 3126 etiam
2666 3074 2781 3129 haec
2824 3085 3177 3131 assumuntur
3221 3079 3272 3133 in
3316 3079 3458 3135 Psal.

205 3138 361 3217 λῖθου
389 3161 504 3215 ἐστὶ
529 3161 589 3214 τὸ
622 3138 770 3214 κάτω
795 3160 1054 3232 φέρεσθαι
1075 3138 1211 3215 (καὶ
1234 3138 1328 3214 τοῦ
1357 3138 1546 3233 πυρὸς,
1570 3161 1630 3215 τὸ
1658 3163 1787 3216 ἀνω·

1898 3177 2121 3226 CXLVIII,
2149 3162 2214 3216 ad
2246 3163 2574 3218 laudandum
2606 3165 2774 3219 Deum
2803 3177 3027 3237 propter
3054 3171 3292 3238 ipsorum
3329 3187 3461 3226 eon-

205 3255 307 3309 καὶ
333 3252 428 3306 τοῦ
459 3251 672 3316 ὓδατος,
699 3250 759 3303 τὸ
785 3252 843 3303 ὲν
867 3253 1027 3304 παντὶ
1057 3251 1504 3322 σχηματίζεσθαι.

1896 3252 2222 3308 sistentiam.
2246 3253 2485 3309 lnanima
2525 3268 2655 3310 vero
2684 3269 2749 3310 eo
2772 3256 2910 3324 quod
2935 3260 3156 3314 omnino
3179 3259 3229 3314 in
3260 3276 3318 3317 se
3341 3276 3464 3319 esse

207 3344 470 3407 habeant,
507 3343 592 3397 vel
628 3342 732 3398 tale
760 3353 856 3397 aut
885 3342 992 3396 tale
1015 3357 1162 3410 esse;
1197 3345 1298 3401 hoc
1347 3347 1492 3401 enim
1548 3346 1840 3418 appellavit
1896 3348 2308 3402 snbstautialem
2364 3362 2428 3401 ac
2472 3348 2801 3404 hahitnalem
2848 3351 3245 3421 aptitudinem';
3285 3355 3464 3425 qualis

205 3448 293 3492 eet
320 3436 518 3507 lapidis
543 3445 718 3492 motus
752 3437 1027 3500 deorsum,
1061 3449 1114 3493 et
1148 3440 1286 3510 ignis
1314 3456 1556 3510 sursum,
1583 3451 1637 3498 et
1663 3458 1815 3512 aqua:
1848 3458 2062 3498 omnem
2091 3443 2379 3498 admit-tere
2408 3443 2657 3512 ﬁguram.

279 3528 309 3601 δ
338 3528 425 3584 Vl.
454 3527 625 3582 Τοῦτο
662 3528 862 3592 εἰδότες
905 3531 952 3582 οἰ
998 3529 1232 3600 θεολόγοι
1251 3549 1264 3562 ·
1294 3533 1450 3589 τοῦτο
1474 3535 1663 3599 ποῖον;
1707 3535 1788 3587 ὅτι

205 3621 471 3677 ἀδύνατόν
498 3624 644 3675 ἐστιν
670 3623 733 3674 ὲκ
760 3622 1026 3693 προτέρας
1048 3626 1192 3688 τινὸς
1214 3625 1392 3690 αἰτίας
1419 3629 1512 3680 καὶ
1538 3626 1790 3696 γνώσεως

203 3716 271 3770 τὸ
318 3716 473 3769 Θεῖον
521 3718 826 3788 ὑμνεῖσθαι,
876 3721 922 3771 εἰ
953 3719 1025 3790 μὴ
1052 3719 1116 3771 ὲκ
1140 3717 1247 3770 τῶν
1289 3719 1569 3783 αἰτιατῶν,
1597 3720 1690 3773 καὶ
1714 3720 1790 3783 ὼς

207 3805 492 3878 ἀνώνυμον
516 3808 794 3879 ὑμνοῦσιν,
823 3810 903 3862 ὅτι
927 3808 1258 3882 ἐξῃρημένον
1278 3811 1492 3866 πάντων
1518 3811 1632 3865 ὲστί
1652 3808 1676 3843 ·’
1695 3812 1790 3864 καὶ

209 3900 378 3953 πάλιν
403 3901 467 3952 ὲκ
491 3902 686 3965 παντὸς
713 3901 992 3972 ὀνόματος,
1021 3903 1101 3955 ὄτι
1129 3903 1222 3956 καὶ
1249 3903 1464 3956 αἰτιατὰ
1489 3904 1557 3957 τὰ
1607 3905 1786 3957 πάντα

209 3986 278 4039 ἑκ
303 3985 492 4038 τούτου
517 3988 706 4041 αἰτίου.
745 3986 1046 4059 Ἀνώνυμον
1073 3990 1189 4060 μὲν,
1218 3991 1295 4054 ὼς
1323 3992 1380 4044 ὲν
1402 3995 1464 4063 τῇ
1496 3991 1661 4063 βίϐλῳ
1681 3992 1790 4046 τῶν

210 4073 434 4145 Κριτῶν
459 4075 704 4146 εὕρηται,
725 4077 896 4145 λέγων
922 4078 1057 4149 πρὸς
1081 4080 1171 4131 τὸν
1208 4080 1496 4152 ἐρωτῶντα
1521 4100 1532 4112 ·
1561 4084 1673 4136 Καὶ
1691 4085 1791 4137 ἵνα

210 4165 271 4218 τί
301 4164 524 4233 ἐρωτᾷς
545 4167 607 4219 τὸ
630 4167 813 4237 ὄνομά
825 4187 965 4237 μου,
981 4171 1077 4223 καί
1104 4173 1249 4224 αὐτό
1269 4173 1399 4226 ἐστι
1422 4176 1788 4243 θαυμαστῶς

211 4259 342 4323 Πῶς
376 4261 707 4332 θαυμαστὸν,
749 4262 1107 4334 ἐξηγούμενος
1149 4264 1316 4333 λέγει,
1363 4268 1443 4320 ὅτι
1496 4266 1645 4335 ὑπὲρ
1668 4266 1790 4321 πᾶν

1967 3533 1992 3605 §
2021 3534 2109 3590 Vl.
2141 3535 2256 3590 Hoc
2287 3536 2528 3591 scientes
2553 3534 2807 3608 theologi,
2844 3540 3003 3608 quale
3034 3541 3197 3597 illud?
3224 3548 3364 3616 quod
3381 3549 3466 3602 ni-
3550 3516 3558 3527 Ι

1891 3627 2088 3681 mirum
2122 3627 2458 3695 impossibile
2479 3629 2573 3690 sit,
2610 3643 2676 3683 ex
2723 3631 2891 3698 priori
2933 3633 3112 3703 aliqua
3144 3651 3306 3692 causa
3354 3654 3454 3693 no-

1895 3719 2107 3775 tioneve
2134 3719 2304 3773 Deum
2334 3719 2667 3788 collaudare,
2697 3725 2790 3779 sed
2823 3735 3026 3780 tantum
3053 3743 3116 3782 ex
3157 3732 3383 3799 elfectis,
3408 3742 3464 3787 et

1892 3821 2151 3882 tanquam
2187 3812 2412 3867 nomine
2436 3826 2715 3870 carentem
2745 3817 2989 3886 laudant,
3019 3822 3163 3889 quod
3191 3825 3256 3878 ah
3288 3825 3462 3879 omni-

1889 3903 1990 3986 bus
2021 3910 2302 3971 exemptus
2327 3904 2426 3969 sit;
2448 3915 2501 3959 et
2523 3901 2766 3976 rursum,
2795 3925 2859 3964 ex
2886 3913 3031 3966 omni
3058 3914 3292 3983 nomine,
3321 3920 3461 3986 quod

1890 3981 2052 4048 etiam
2081 4010 2272 4050 omnes
2305 3995 2532 4052 effectus
2556 4015 2619 4053 ex
2654 4001 2752 4056 hac
2783 4018 2947 4057 causa
2988 4007 3118 4064 sint.
3148 4006 3465 4063 lnnomina-

1890 4084 2051 4139 bilem
2081 4087 2322 4155 quidem,
2353 4090 2488 4142 utin
2511 4090 2651 4147 libro
2672 4091 2920 4147 Judicnm
2953 4098 3221 4166 reperitur
3245 4101 3458 4156 cuidam

1893 4176 2250 4246 interroganti
2286 4178 2466 4233 dicere
2494 4196 2506 4232 :
2530 4180 3021 4253 Quareinterrogas
3046 4203 3230 4242 nomen
3263 4206 3455 4256 meum,

1893 4278 1940 4319 et
1976 4267 2071 4319 hoc
2112 4277 2186 4320 est
2218 4269 2456 4322 mirabile
2495 4283 2510 4309 ι
2540 4271 2561 4324 ?
2597 4271 2876 4337 Quomodo
2908 4276 3157 4332 mirabile
3181 4279 3249 4332 sit
3287 4281 3460 4348 expli-

211 4352 422 4421 ἃνομα,
449 4352 542 4404 καὶ
567 4353 668 4404 ὑπε
679 4353 957 4422 ρκείμενον
974 4353 1197 4419 παντὸς
1213 4355 1643 4424 ὀνομαζομένου
1658 4359 1764 4411 όνό
1787 4396 1789 4398 -

1895 4371 2048 4426 cans,
2082 4358 2184 4412 ait:
2218 4358 2485 4424 Quoniam
2518 4378 2673 4431 super
2702 4381 2855 4419 omne
2914 4384 3101 4422 nomen
3130 4369 3178 4433 κ,
3209 4382 3264 4424 et
3301 4388 3458 4443 supe-

204 4465 400 4519 ματος
423 4446 530 4499 εἴτε
550 4444 622 4497 ἐν
642 4441 721 4510 τῷ
746 4445 910 4501 αἰῶνι
928 4446 1130 4511 τούτῳ,
1171 4448 1283 4501 εἴτε
1304 4447 1373 4501 ἑν
1390 4446 1470 4513 τῷ
1478 4449 1784 4516 μέλλοντι·

211 4539 567 4610 πολυώνυμον
601 4539 676 4602 δὲ,
705 4539 778 4602 ὼς
806 4541 930 4593 ὅταν
958 4541 1050 4593 καὶ
1073 4541 1233 4594 αὐτὸν
1259 4542 1514 4609 εἰσάγωσι
1541 4541 1785 4610 λέγοντα,

213 4632 292 4694 ὡς
320 4632 378 4683 ὲν
401 4631 477 4701 τῷ
503 4633 662 4700 Σινᾷ,
720 4630 863 4698 Ἐγὼ
899 4635 1012 4700 εἰμι
1038 4634 1069 4684 ὀ
1108 4631 1190 4683 ὢν
1211 4649 1224 4660 ⁸
1252 4633 1345 4684 καὶ
1395 4633 1453 4684 ὲν
1499 4633 1722 4705 ἑτέροις,
1753 4636 1786 4704 ἡ

213 4720 354 4791 ζωὴ,
382 4721 442 4774 τὸ
469 4720 600 4790 φῶς,
631 4723 657 4773 ὁ
682 4720 831 4783 Θεὸς,
860 4723 890 4789 ή
919 4721 1161 4791 ἀλήθεια,
1190 4720 1264 4784 ὡς
1305 4724 1361 4774 ἐν
1406 4723 1753 4792 Εὑαγγελίοις
1771 4743 1785 4752 ·

225 4811 373 4882 Ἐγώ
399 4815 511 4882 εἰμι
542 4814 578 4880 ἡ
613 4812 720 4878 ζωὴ
765 4812 860 4863 καί
889 4814 925 4881 ἡ
960 4813 1207 4878 ἀλήθεια
1228 4831 1239 4843 ·
1275 4815 1368 4866 καὶ
1408 4815 1600 4869 πάλιν·
1654 4818 1791 4886 Ἐγώ

211 4909 333 4976 εἰμι
353 4904 414 4957 τὸ
435 4902 558 4972 φῶς
589 4904 696 4956 τοῦ
721 4905 946 4972 κόσμου
965 4923 977 4934 ·
1013 4906 1103 4957 καὶ
1128 4906 1186 4956 ὲν
1211 4905 1287 4976 τῷ
1312 4907 1447 4977 πρὸς
1472 4909 1561 4962 τὸν
1598 4910 1786 4963 Ἰακὼϐ

211 4995 616 5072 χρηματισμῷ·
671 4995 807 5064 Ἐ’τὼ
835 4999 948 5065 εὶμι
985 5001 1016 5050 o'
1062 4999 1203 5065 Θεὸς
1240 5000 1343 5053 τοῦ
1394 5004 1614 5070 πατρός
1647 5021 1785 5058 σου.

213 5090 330 5144 Καὶ
358 5087 515 5140 πάλιν
543 5088 691 5139 αὐτοὶ
728 5090 774 5140 οἰ
801 5087 1035 5155 θεολόγοι
1073 5091 1198 5160 περὶ
1231 5090 1393 5143 αὑτοῦ
1430 5092 1678 5161 λέγουσιν
1723 5097 1787 5149 ὲκ

211 5174 329 5229 τῶν
352 5173 606 5227 αἰτιατῶν
631 5174 796 5227 τᾶλλα
820 5192 879 5246 τε
909 5177 1000 5228 καὶ
1040 5176 1101 5229 τὸ
1134 5178 1369 5232 αἰώνιον·
1409 5185 1501 5234 τὸν
1543 5183 1650 5255 γὰρ
1676 5185 1785 5238 τῶν

212 5265 429 5321 αἰώνων
466 5264 691 5337 ποιητὴν
729 5265 942 5320 αἰώνιόν
990 5285 1182 5337 φασιν·
1225 5270 1438 5325 αἰώνιον
1480 5274 1535 5326 δέ
1579 5276 1696 5328 ἐστι
1725 5275 1788 5329 τὸ

213 5359 420 5421 αἰῶνος
449 5359 688 5430 μετέχον.
719 5360 828 5412 Καὶ
852 5359 989 5428 γοῦν
1005 5379 1167 5433 φησιν
1195 5366 1222 5416 ὁ
1274 5365 1495 5430 Ἡσαΐας
1516 5384 1528 5396 ·
1573 5367 1624 5419 Ὀ
1644 5368 1786 5433 Θεὸς

216 5454 251 5506 ὁ
279 5447 533 5517 αἰώνιος,
574 5454 607 5505 ό
647 5452 1102 5519 κατασκευάσας
1135 5455 1206 5509 τὰ
1233 5457 1385 5525 ἄκρα
1424 5456 1532 5525 τῆς
1558 5458 1687 5528 τῆς.
1729 5461 1786 5512 ’0

288 5638 320 5680 Ιι
343 5635 482 5693 Psal.
507 5653 685 5702 cntv,
719 5639 805 5694 l5.
903 5642 918 5682 ί
948 5640 1069 5696 Jud.
1104 5656 1221 5704 xm,
1251 5640 1332 5695 l8;

1431 5642 1458 5682 ιι
1487 5641 1683 5713 Philip.
1718 5659 1777 5706 Il,
1819 5645 1870 5698 9.

1898 4457 1981 4502 rat
2009 4466 2156 4503 omne
2187 4468 2371 4506 nomen
2395 4455 2533 4521 quod
2566 4458 2867 4510 nominatur
2901 4461 3014 4513 sive
3039 4461 3092 4514 in
3119 4464 3215 4515 hoc
3244 4466 3456 4532 swculo,

1896 4542 2008 4595 sive
2036 4543 2090 4595 in
2118 4542 2357 4612 futurol.
2380 4546 2767 4601 Multinontium
2787 4565 2934 4617 vero,
2963 4561 3018 4605 nt
3054 4554 3265 4620 quando
3295 4557 3456 4610 etiam

1897 4633 2071 4703 ipsum
2113 4635 2684 4706 inducuntdicentem,
2717 4650 2775 4693 ut
2801 4641 2854 4694 in
2890 4641 3053 4696 Sina:
3086 4643 3198 4714 Ego
3231 4664 3344 4700 sum
3365 4650 3455 4718 qui

1898 4743 2012 4779 sum
2038 4739 2112 4792 m;
2146 4740 2198 4782 et
2244 4729 2394 4796 alibi,
2433 4730 2575 4796 Vita,
2610 4731 2815 4798 lumen,
2852 4734 3012 4798 Deus,
3046 4739 3265 4803 veritas,
3317 4740 3458 4796 sicut

1899 4819 1951 4872 in
1983 4819 2318 4886 Evangeliis:
2349 4820 2458 4890 Ego
2478 4839 2589 4875 sum
2609 4824 2716 4877 vita
2745 4835 2791 4877 et
2819 4826 3006 4878 veritas
3033 4836 3096 4891 In;
3125 4838 3179 4880 et
3212 4845 3452 4884 rursum:

1897 4909 2008 4977 Ego
2045 4927 2159 4963 sum
2188 4910 2278 4964 lux
2302 4913 2484 4964 mundi
2523 4919 2546 4946 ο
2574 4931 2586 4978 ;
2611 4923 2664 4967 et
2700 4914 2751 4968 in
2785 4917 3006 4971 oraculo
3038 4919 3102 4973 ad
3125 4917 3321 4974 Jacob:
3344 4920 3456 4991 Ego

1895 5019 2011 5056 sum
2057 5002 2194 5056 Deus
2240 5005 2405 5071 patris
2437 5005 2513 5057 tui
2543 5014 2592 5058 Ρ.
2625 5006 2688 5058 Ει
2718 5023 2930 5062 rursum
2966 5011 3181 5079 ipsimet
3220 5013 3454 5085 theologi

1893 5095 2186 5164 praedicant
2207 5109 2270 5147 ex
2317 5094 2521 5149 eil'eclis
2551 5095 2864 5152 saecularem
2901 5117 2913 5152 :
2943 5116 3066 5154 nam
3092 5101 3447 5160 Conditorem

1893 5186 2209 5240 saeculorum
2245 5187 2558 5243 saecularem
2591 5200 2819 5257 vocant;
2854 5192 3119 5247 saeculare
3148 5200 3327 5249 autem
3368 5209 3453 5252 est

1893 5276 1944 5329 id
1997 5277 2140 5345 quod
2193 5280 2371 5333 saeculi
2413 5280 2684 5350 particeps
2718 5291 2825 5336 est.
2881 5284 3059 5352 Atque
3109 5284 3275 5340 lsaias
3325 5289 3445 5342 ait:

1893 5367 2032 5421 Deus
2057 5370 2391 5436 sempiternus
2415 5373 2528 5442 (seu
2559 5372 2852 5436 smcularis)
2872 5377 2961 5443 qui
2983 5379 3174 5430 creavit
3199 5381 3448 5434 terminos

1893 5471 2105 5515 temeti.
2134 5463 2293 5533 312
2323 5468 2459 5521 Deus
2484 5475 2659 5521 autem
2686 5482 2788 5522 non
2818 5478 2901 5520 est
2929 5469 3197 5535 posterior
3226 5473 3444 5537 sa:culo,

1984 5644 2010 5717 ιθ
2069 5646 2262 5717 Epltcs.
2297 5663 2332 5714 ι,
2366 5649 2460 5702 2i;
2535 5658 2567 5679 α’
2603 5647 2750 5702 Exod
2813 5661 2893 5710 ιιι,
2935 5645 3015 5699 ιιι.
3101 5656 3125 5684 η
3156 5644 3313 5701 Joan.
3340 5662 3450 5712 xiv,

239 5709 296 5764 6.
388 5707 591 5766 "Joan.
627 5725 744 5775 vtn,
793 5711 876 5767 12.
955 5723 982 5762 ι’
1033 5711 1169 5769 Gen.
1224 5727 1416 5778 xxvttt,
1476 5713 1559 5771 1'5.
1628 5707 1780 5770 itlsa.
1817 5731 1920 5784 rt,
1954 5715 2043 5770 9.8.
