4176 6308
692 205 789 263 631
1866 204 1922 260 S.
1961 201 2255 258 DlONYSll
2291 202 2751 258 AREUI’AGlTr’E
3836 201 3964 256 632

695 329 754 370 ιιι
773 318 888 385 ejus
920 318 1081 372 etiam
1101 321 1372 389 particeps
1399 320 1490 383 sit,
1519 320 1611 375 sed
1635 321 1885 376 conditor
1908 321 2251 377 saeculorum.

2367 338 2412 372 as
2439 320 2569 383 Θεὸς
2595 323 2655 372 οὐ
2681 319 2929 389 δεύτερός
2961 321 3104 370 ἐστιν
3130 320 3342 382 αἰῶνος,
3373 316 3456 369 ἴνα
3484 320 3576 371 καὶ
3607 319 3818 389 μετέχῃ
3853 329 3964 370 αὑ-

697 409 844 461 Senii
891 423 1170 479 expertem
1219 413 1370 478 dicit,
1424 415 1720 468 secundum
1769 412 1899 466 illud
1933 429 1948 464 :
1984 412 2060 465 Τιι
2083 422 2257 466 autem

2367 412 2473 474 τοῦ,
2502 413 2615 464 ἀλλ’
2643 411 2853 465 αίώνων
2877 414 3121 481 ποιητής.
3165 413 3376 483 Ἀγήρω
3400 412 3453 462 δὲ
3481 412 3626 479 λέγει
3667 412 3818 463 κατά
3845 414 3913 464 τό
3944 429 3960 441 ⁶

694 503 829 554 idem
860 503 967 568 ipse
996 520 1072 562 es,
1118 513 1166 557 et
1209 507 1333 556 anni
1365 505 1443 558 lui
1474 522 1573 557 non
1596 506 1833 572 deﬁcient
1872 513 1894 540 τ
1920 522 1931 567 ;
1957 514 2012 557 et
2039 505 2254 568 iterum,

2367 504 2440 557 Σὺ
2458 503 2524 555 δὲ
2558 507 2589 556 ὁ
2614 505 2792 569 αὐτὸς
2810 505 2884 566 εἴ,
2917 504 3010 556 καὶ
3035 506 3104 556 τὰ
3129 505 3231 570 ἔτη
3262 522 3377 557 σου
3411 505 3520 555 οὐκ
3537 505 3913 572 ἐκλείψουσ(
3945 522 3957 531 ο

695 601 753 644 ιιι
778 595 1144 660 magnitudine
1165 596 1346 648 omnia
1386 605 1768 664 superantem;
1795 595 1991 648 cmlum
2033 595 2176 648 enim
2203 607 2256 648 et

2367 598 2450 650 καὶ
2495 596 2676 660 πάλιν,
2707 597 2782 659 ὡς
2824 598 2882 648 ὲν
2909 595 3124 666 μεγέθει
3172 598 3384 648 πάντων
3431 596 3768 664 ὑπερέχοντα
3796 611 3810 621 ⁸
3858 593 3962 645 τὸν

697 690 900 736 terram
939 685 1164 754 implet:
1199 695 1255 738 et
1289 697 1344 738 ut
1375 689 1424 738 in
1462 702 1590 739 aura
1627 686 1796 749 tenui,
1821 686 1974 753 juxta
2001 687 2143 754 quod
2178 686 2257 752 di-

695 776 838 829 citur
865 777 914 828 in
951 777 1104 830 libris
1154 777 1396 846 Regum:
1440 779 1545 833 Sed
1576 777 1761 832 sibilus
1801 795 1944 831 aura:
1979 780 2171 841 tenuis,
2209 786 2259 830 et

697 868 768 918 ibi
798 867 1054 920 Dominus
1083 881 1126 920 ε.
1157 871 1317 937 Atqui
1348 879 1401 922 et
1452 870 1503 923 in
1536 870 1808 924 mentibus
1858 884 1979 923 eum
2029 885 2151 924 esse
2179 869 2260 921 di-

695 964 845 1014 cunt.
888 965 941 1008 et
971 957 1020 1008 in
1051 957 1269 1021 animis,
1320 966 1374 1010 et
1401 957 1452 1008 in
1484 957 1826 1025 corporibus,
1878 956 2031 1022 juxta
2083 955 2211 1008 illud
2244 972 2254 1005 :

700 1045 764 1098 Et
797 1047 1099 1100 mhabitabo
1153 1050 1207 1100 in
1244 1049 1370 1109 illis,
1404 1060 1450 1101 et
1497 1048 1833 1102 inambulabo
1869 1049 1916 1113 τ,
1953 1057 2006 1104 et
2039 1049 2090 1101 in
2132 1046 2258 1098 uni-

698 1153 883 1203 verso;
919 1147 974 1192 et
1022 1140 1270 1194 eumdem
1307 1140 1464 1192 simul
1497 1141 1546 1192 in
1585 1139 1803 1201 mundo,
1853 1147 1909 1193 ut
1959 1137 2175 1205 quando
2206 1136 2258 1190 in

699 1229 899 1281 mundo
922 1244 1040 1284 esse
1073 1230 1272 1283 dicitur
1303 1242 1349 1294 υ,
1375 1242 1429 1285 et
1456 1231 1601 1284 circa
1635 1232 1913 1293 mundum,
1949 1239 2006 1281 ut
2048 1222 2262 1296 quando

698 1323 750 1372 in
778 1319 945 1379 omni,
980 1330 1032 1372 et
1065 1336 1226 1388 supra
1264 1319 1546 1382 mundum,
1586 1329 1642 1372 ut
1671 1319 1886 1386 quando
1912 1318 1976 1370 ab
2010 1331 2262 1370 universo

698 1414 1080 1484 comprehendi
1150 1431 1308 1484 posse
1362 1425 1621 1484 negatur;
1673 1425 1730 1469 et
1772 1412 2215 1482 suprncoelestem
2248 1449 2261 1470 ,

2357 692 2580 762 οὐρανὸν
2618 690 2725 760 γὰρ
2759 690 2851 742 καὶ
2889 691 2988 760 τὴν
3029 691 3130 758 γῆν
3173 690 3401 760 πληροῖ·
3452 693 3540 741 καὶ
3589 690 3664 751 ὡς
3707 689 3766 739 ἐν
3802 687 3966 757 αὖρα

2359 784 2524 855 λεπτῇ
2541 790 2680 836 κατα
2692 783 2751 834 τὸ
2777 784 3057 852 εἰρημένον
3085 783 3142 833 ὲν
3167 785 3284 845 ταῖς
3303 781 3625 843 Βασιλείαις
3647 781 3832 832 Ἀλλὰ
3851 780 3962 845 ut}

2359 878 2525 946 φωνὴ
2547 877 2733 941 αὔρας
2759 876 3008 944 λεπτῆς,
3043 876 3262 929 κὰκεῐό
3282 877 3511 942 Κύριος.
3537 874 3644 927 Καί
3671 890 3734 941 γε
3762 874 3869 925 καὶ
3893 875 3962 924 ὲν

2361 969 2499 1032 νόοις
2526 967 2707 1020 αὐτῶν
2753 985 2905 1036 φασι,
2938 968 3030 1021 καὶ
3055 969 3112 1020 ἐν
3137 966 3352 1037 ψυχαῖς,
3381 969 3472 1018 καὶ
3517 969 3574 1019 ὲν
3601 967 3845 1035 σώμασι,
3874 965 3960 1027 ὡς

2361 1063 2420 1114 τό
2440 1079 2451 1093 ο
2497 1059 2816 1126 Ἐνοικήσω
2846 1061 2915 1114 ὲν
2941 1061 3162 1125 αὐτοῖς,
3192 1061 3289 1113 καὶ
3320 1059 3778 1129 ἐμπεριπατήσω
3806 1076 3819 1086 ·
3855 1058 3958 1109 καί

2363 1160 2418 1210 ἐν
2443 1156 2518 1228 τῷ
2543 1159 2723 1220 παντὶ,
2750 1157 2842 1208 καὶ
2859 1156 2973 1225 ἅμα
2995 1155 3085 1208 τὸν
3106 1155 3264 1208 αὑτὸν
3286 1153 3594 1222 ὲγκόσμιον,
3615 1153 3700 1203 ὅτε
3719 1149 3962 1216 λέγεται

2363 1249 2422 1300 ὲν
2444 1247 2520 1318 τῷ
2547 1248 2734 1318 κόσμῳ
2756 1243 2889 1300 εἶναι
2915 1265 2925 1276 ·
2956 1247 3304 1317 περικόσμιον
3328 1246 3402 1307 δὲ,
3429 1245 3516 1297 ὅτε
3550 1244 3609 1294 ὲν
3634 1241 3712 1312 τῷ
3736 1241 3912 1293 παντί
3942 1257 3956 1268 ·

2363 1341 2455 1394 καὶ¹
2476 1341 2861 1410 ὑπερκόσμιον,
2880 1341 2967 1393 ὅτε
2993 1339 3272 1410 ἀχώρητος
3295 1337 3370 1407 τῷ
3406 1337 3564 1390 παντὶ
3587 1335 3834 1402 λέγεται’
3856 1334 3962 1386 καὶ

2363 1435 2766 1507 ὑπερουράνιον,
2791 1438 2882 1489 καὶ
2903 1435 3240 1504 ὑπερούσιον,
3269 1433 3342 1495 ὡς
3365 1431 3444 1483 τό·
3476 1431 3644 1500 Ὑπὲρ
3667 1429 3756 1480 τὸν
3780 1429 3961 1497 οὐρα-

699 1507 1298 1574 suprasubsmntialem,
1326 1505 1480 1572 juxta
1507 1506 1631 1560 illud
1659 1524 1670 1558 :
1707 1507 1882 1572 Supra
1917 1505 2114 1557 caelum
2148 1502 2263 1570 glo-

2367 1502 2507 1598 vbvij
2537 1502 2661 1592 δόξα
2692 1528 2926 1597 Κυρίου·
2956 1502 3049 1580 καὶ
3083 1526 3241 1580 πάλιν
3266 1520 3818 1595 ἦλιονδικαιοσύνης·
3855 1521 3960 1573 καὶ

701 1600 780 1651 ria
825 1598 1037 1652 Domini
1066 1617 1078 1665 ;
1109 1610 1164 1653 et
1188 1602 1381 1653 iterum
1413 1600 1578 1655 solem
1603 1599 1852 1667 justitiaz,
1877 1606 1929 1651 et
1956 1595 2180 1660 similia,
2211 1601 2264 1646 et

2367 1621 2431 1673 τὰ
2454 1620 2675 1674 τοιαῦτα
2695 1636 2705 1647 ⁸
2727 1622 2820 1672 καὶ
2838 1618 2983 1671 λίθον
3007 1619 3280 1688 τμηθέντα
3305 1617 3361 1682 εξ
3389 1617 3548 1686 ὅρους
3572 1634 3583 1643 ·
3613 1617 3706 1668 καὶ
3734 1614 3960 1683 πέτραν

700 1692 928 1760 lapidem
951 1706 1014 1745 ex
1044 1701 1222 1746 monte
1249 1692 1568 1757 abscissmn,
1597 1700 1652 1747 et
1677 1699 1881 1757 petram
1914 1686 2154 1742 scandali
2174 1703 2186 1749 ;
2210 1693 2264 1736 et

2369 1711 2682 1772 σκανδάλου,
2728 1712 2819 1763 καὶ
2862 1711 3038 1764 πάντα
3069 1698 3138 1762 τά
3163 1710 3289 1762 ὄντα
3319 1711 3381 1762 ἐκ
3407 1709 3513 1761 τῶν
3539 1707 3823 1768 αἰτιατών,
3857 1706 3960 1756 καὶ

701 1799 768 1835 ex
796 1783 1028 1850 ell‘ectis,
1059 1785 1242 1838 omnia
1273 1799 1395 1853 quae
1437 1793 1584 1851 sunt,
1637 1793 1689 1836 et
1743 1781 1876 1834 nihil
1927 1793 2115 1834 eorum
2149 1791 2267 1844 qua:

698 1883 840 1927 sunt.

776 1963 804 2033 ᾖ
839 1962 943 2020 VII.
975 1963 1064 2018 Sic
1094 1965 1255 2033 igitur
1277 1964 1324 2019 ei
1355 1963 1446 2032 qui
1484 1964 1726 2022 omnium
1752 1977 1935 2015 rerum
1962 1976 2124 2016 causa
2157 1967 2259 2023 est,

699 2071 753 2109 et
785 2070 945 2124 super
969 2056 1170 2120 omnia,
1197 2057 1445 2125 congruit
1474 2069 1665 2109 carere
1695 2053 1935 2114 nomine,
1985 2053 2036 2104 in
2088 2066 2263 2118 quan-

703 2161 813 2201 tum
846 2163 1010 2216 super
1042 2149 1221 2202 omnia
1249 2159 1354 2212 est,
1392 2157 1448 2201 et
1474 2148 1607 2200 nihil
1644 2145 1857 2202 horum.
1904 2145 1968 2198 Et
2001 2158 2189 2198 rursus
2215 2142 2262 2196 ei

701 2250 1009 2309 congruunt
1055 2241 1233 2292 omnia
1293 2253 1474 2293 rerum
1522 2238 1760 2298 nomina,
1797 2237 1848 2288 in
1888 2243 2152 2303 quantum
2184 2241 2268 2286 est

701 2345 861 2380 causa
889 2342 1150 2394 omnium,
1179 2330 1470 2398 omniaque
1502 2330 1674 2397 ipsum
1703 2342 1802 2397 pro
1828 2334 1988 2396 captu
2023 2339 2118 2378 suo
2142 2339 2266 2392 par-

705 2423 949 2490 ticipant,
982 2431 1038 2474 ut
1073 2423 1140 2475 sit
1179 2422 1425 2490 perfecte
1475 2435 1698 2490 regnum
1733 2420 2136 2479 universorum,
2187 2415 2268 2467 di-

701 2512 907 2578 gnitate
948 2512 1168 2580 quidem
1211 2513 1466 2564 omnibus
1495 2509 1844 2572 antecellens,
1876 2516 1930 2561 et
1970 2523 1997 2559 a
2049 2507 2264 2560 nemine

705 2619 898 2657 nomen
938 2605 1213 2673 accipiens
1241 2643 1256 2669 ,
1313 2600 1660 2674 providentia
1688 2615 1817 2654 vero
1868 2597 2265 2667 complexuque

700 2712 802 2751 suo
835 2698 886 2750 in
924 2697 1029 2749 illis
1057 2697 1350 2762 exsistens,
1384 2706 1438 2748 et
1467 2695 1532 2750 ab
1562 2695 1667 2746 illis
1694 2694 2052 2748 nominatum.
2073 2689 2263 2745 Omnia

703 2792 846 2843 enim
877 2790 946 2842 ab
978 2791 1094 2859 ipso
1116 2789 1384 2858 pendent,
1423 2798 1676 2857 tanquam
1707 2803 1733 2837 a
1762 2801 1928 2840 causa
1961 2783 2178 2853 quidem
2213 2796 2264 2836 et

2367 1802 2518 1855 οὐδὲν
2545 1802 2650 1855 τῶν
2671 1802 2858 1855 ὄντων.

2437 1978 2463 2048 §
2495 1977 2596 2030 Vll.
2627 1976 2810 2036 Οὕτως
2841 1973 2932 2030 οὖν
2958 1980 3022 2048 τῇ
3056 1978 3272 2031 πάντων
3307 1978 3453 2048 αἰτίᾳ.
3481 1980 3574 2031 καὶ
3603 1980 3740 2050 ὑπὲρ
3768 1981 3957 2032 πάντα

2367 2069 2496 2141 οὔσῃ
2525 2072 2617 2123 καὶ
2640 2070 2699 2123 τὸ
2725 2069 3003 2140 ἀνώνυμον
3028 2070 3349 2139 ἐφαρμόσει,
3401 2070 3520 2122 καθ’
3546 2071 3574 2122 ὃ
3598 2071 3736 2139 ὑπὲρ
3766 2072 3958 2123 πάντα

2367 2162 2501 2225 ἐστὶ,
2535 2162 2626 2214 καὶ
2662 2160 2810 2213 οὐδὲν
2837 2159 3056 2212 τούτων.
3108 2161 3215 2212 Καὶ
3246 2159 3404 2212 πάλιν
3443 2160 3616 2212 πάντα
3645 2159 3955 2229 ἐφαρμόσει

2367 2253 2433 2306 τὰ
2458 2253 2565 2306 τῶν
2595 2253 2763 2307 ὄντων
2787 2253 3044 2324 ὀνόματα,
3077 2253 3198 2306 καθ’
3216 2253 3242 2304 ὃ
3271 2252 3417 2306 αἰτία
3449 2253 3663 2305 πάντων
3689 2253 3828 2312 ἐστι,
3854 2253 3956 2302 καὶ

2371 2346 2685 2416 μετέχουσιν
2709 2346 2877 2415 αὐτῆς
2895 2345 3168 2413 ἀναλόγως
3196 2345 3262 2397 τά
3291 2346 3487 2407 πάντα,
3517 2345 3756 2415 ἀκριϐῶς
3781 2344 3954 2414 οὔσης

2365 2439 2617 2492 ἁπάντων
2645 2438 2938 2507 βασιλείας,
2967 2439 3040 2502 ὡς
3065 2437 3142 2507 τῷ
3173 2438 3268 2507 μὲν
3299 2436 3567 2507 ἀξιώματι
3598 2437 3957 2508 ὑπεξῃρημέ-

2369 2547 2484 2600 νης,
2516 2533 2608 2583 καὶ
2654 2533 2727 2602 μὴ
2769 2531 2873 2591 ἀπό
2901 2549 3044 2594 τινος
3073 2513 3496 2601 ὀνομαζομένης,
3525 2535 3591 2600 τῇ
3633 2531 3692 2583 δὲ
3718 2531 3954 2601 προνοίᾳ

2369 2623 2461 2674 καὶ
2490 2624 2556 2692 τῇ
2585 2626 2780 2692 συνοχῇ
2809 2621 2959 2685 ἐντὸς
3000 2622 3184 2692 οὔσης,
3230 2624 3324 2674 καὶ
3356 2624 3450 2674 ἀπ’
3479 2623 3657 2674 αὐτῶν
3688 2622 3953 2691 ὀνομαζο-

2374 2712 2559 2784 μένης.
2609 2714 2795 2766 Πάντα
2820 2714 2929 2784 γάρ
2968 2715 3136 2784 αὐτῆς
3182 2713 3471 2785 ἐξήρτηται
3506 2713 3580 2775 ὡς
3610 2713 3822 2775 αἰτίας·
3854 2714 3953 2765 καὶ

2371 2807 2544 2876 ἀρχῆς
2577 2807 2693 2875 μὲν,
2720 2804 2795 2868 ὡς
2834 2807 2894 2858 τὸ
2923 2802 3061 2859 εἶναι
3092 2805 3516 2876 παρασχομένης
3541 2822 3552 2832 ·
3586 2805 3816 2874 πέρατος
3869 2804 3949 2863 δὲ,

705 2882 994 2952 principio,
1046 2882 1298 2936 omnibus
1350 2882 1642 2937 essentiam
1681 2879 2092 2947 suppeditante,
2145 2885 2266 2927 tan-

2370 2897 2444 2959 ὡς
2490 2895 2549 2948 τὸ
2597 2891 2735 2948 εἶναι
2790 2896 3136 2965 συνεχούσης.
3184 2895 3291 2948 Καὶ
3329 2895 3464 2964 αὐτή
3495 2895 3627 2956 ἐστι,
3674 2893 3818 2946 κατά
3858 2893 3952 2945 τὸν

705 2988 868 3040 quam
902 2989 929 3025 a
967 2974 1068 3031 line
1113 2988 1264 3040 vero,
1295 2984 1352 3027 ut
1389 2973 1482 3041 qui
1526 2973 1740 3027 illorum
1768 2985 1884 3024 esse
1906 2968 2165 3022 continet.
2204 2967 2268 3018 Et

2373 2987 2513 3041 θεῖον
2540 2988 2853 3054 ἀπόστολον,
2879 2989 2949 3040 τὰ
2974 2989 3150 3040 πάντα
3177 2988 3232 3038 ὲν
3265 2987 3446 3048 πᾶσιν,
3491 2985 3784 3048 ὑποστάτις
3814 2986 3953 3038 πὰν-

708 3067 824 3134 ipse
848 3076 949 3126 est,
986 3075 1042 3119 ut
1082 3066 1156 3125 ait
1202 3064 1511 3134 Scriptura,
1541 3064 1715 3117 omnia
1743 3065 1796 3115 in
1829 3062 2064 3115 omnibus
2097 3069 2145 3122 ν,
2175 3060 2265 3126 qni

2369 3100 2496 3143 των,
2528 3084 2621 3135 καὶ
2647 3082 2867 3152 ἀρχικὴ,
2898 3083 2991 3133 καὶ
3015 3081 3328 3150 τελειωτική
3413 3080 3512 3132 οὐκ
3534 3078 3691 3133 ἄλλου
3721 3080 3817 3148 μὲν
3843 3080 3950 3148 ἀρ-

709 3172 904 3217 cuncta
938 3160 1067 3214 facit
1100 3161 1420 3222 subsistere,
1459 3169 1714 3226 tanquam
1764 3157 2087 3226 principium
2117 3165 2170 3208 et
2203 3153 2268 3205 ﬁ-

707 3256 824 3318 nis;
856 3269 959 3307 non
987 3253 1142 3322 quasi
1173 3253 1308 3306 alius
1329 3253 1545 3321 quidem
1576 3251 1820 3319 incipiat,
1853 3250 1964 3318 ipse
1990 3264 2116 3301 vero
2149 3261 2271 3314 per-

710 3347 857 3400 ticiat
887 3347 972 3399 vel
1003 3347 1154 3413 quasi
1197 3347 1309 3413 ipse
1354 3345 1444 3398 det
1477 3344 1713 3404 initium,
1770 3353 1825 3394 et
1872 3342 1939 3394 ad
1971 3341 2139 3394 alium
2189 3352 2271 3391 re—

709 3442 910 3504 mittat,
943 3439 1338 3506 qui-perticiat.
1387 3436 1749 3505 lpsemetest
1787 3434 1875 3500 qui
1921 3432 2166 3486 continet
2217 3442 2271 3485 et

709 3528 1135 3599 custodit,quasi
1182 3527 1514 3581 domicilium
1548 3525 1817 3578 exsistens
1847 3533 1902 3577 et
1927 3536 2145 3574 sacrum
2177 3521 2274 3573 lia-

710 3622 1028 3679 bitaculum.
1079 3620 1173 3674 Est
1204 3621 1318 3674 haec
1365 3620 1579 3688 phrasis
1622 3614 1950 3686 graecanica;
2007 3613 2274 3666 convertit

711 3715 854 3770 enim
886 3715 953 3768 ad
987 3728 1046 3770 se
1073 3721 1400 3774 creaturam,
1444 3710 1632 3764 dicens
1662 3723 1674 3759 :
1717 3706 1929 3760 Manele
1951 3707 2005 3759 in
2029 3722 2107 3759 me
2131 3714 2194 3770 x;
2222 3714 2276 3758 et

709 3811 908 3864 iterum
943 3806 1081 3871 :Qui
1110 3806 1572 3858 manducatmeam
1605 3819 1831 3863 carnem,
1871 3812 1916 3853 et
1952 3802 2077 3853 bibit
2105 3817 2275 3853 meum

715 3901 1042 3970 sanguinem,
1098 3900 1151 3952 in
1203 3914 1281 3951 me
1332 3905 1506 3948 manet
1539 3903 1587 3946 γ.
1638 3893 2099 3960 Quemadmodum
2131 3894 2274 3945 enim

713 4007 905 4048 smnus
923 3991 1068 4045 velut
1093 3990 1349 4057 templum
1384 3989 1525 4059 ejus,
1559 3984 1712 4055 juxta
1748 3986 1873 4038 illud
1912 4001 1923 4036 :
1963 3984 2277 4037 Inhabilabo

711 4091 767 4140 in
796 4085 903 4138 illis
926 4123 940 4149 ,
967 4095 1012 4135 et
1042 4082 1379 4134 inambulabo
1418 4089 1440 4115 ι
1471 4095 1484 4130 :
1514 4079 1586 4132 ita
1617 4080 1781 4132 etiam
1804 4078 1926 4144 ipse
1961 4076 2153 4129 domus
2182 4090 2281 4128 no-

714 4190 825 4235 sira
862 4186 965 4231 est.
1001 4175 1165 4229 Recte
1192 4182 1370 4225 autem
1401 4171 1585 4231 statim
1621 4169 1903 4237 subjunxit
1951 4168 2114 4222 unite.
2141 4166 2276 4220 Cum

714 4273 860 4326 enim
894 4269 1118 4322 dixisset
1140 4268 1310 4335 ipsmn
1335 4278 1454 4318 esse
1473 4266 1651 4322 omnia
1679 4272 1734 4316 et
1753 4264 1805 4315 in
1832 4263 1949 4331 ipso
1973 4261 2179 4325 omnia,
2211 4276 2277 4315 ne

715 4362 838 4430 quis
869 4359 1205 4413 existimaret
1241 4357 1424 4410 omnia
1463 4356 1515 4407 in
1575 4356 1682 4408 Deo
1713 4356 2005 4408 acervatim
2047 4354 2280 4406 circnm-

716 4452 869 4515 l'erri,
897 4461 1061 4520 atque
1092 4450 1214 4507 inde
1245 4449 1593 4516 incorporeas
1615 4445 1876 4514 quasdam
1899 4443 2058 4517 313
2079 4444 2280 4504 divisas

715 4555 770 4599 et
827 4543 1158 4613 compositas
1207 4540 1489 4609 opiniones
1543 4539 1862 4601 incideret,
1909 4538 2275 4606 suspicionem

717 4646 860 4702 lianc
889 4640 1167 4707 corrigens
1198 4637 1274 4687 ait
1298 4634 1465 4696 unite,
1497 4633 1652 4700 quasi
1688 4648 1791 4685 non
1830 4631 2094 4701 partitim,
2141 4641 2192 4684 et
2227 4634 2275 4685 in

721 4734 938 4803 propria
956 4733 1185 4793 unitate,
1221 4729 1348 4797 quin
1377 4728 1554 4796 potius
1593 4741 1749 4795 supra
1781 4726 2041 4780 unitatem
2070 4741 2280 4794 perma~

719 4844 855 4881 nens
886 4838 969 4879 est
989 4826 1222 4879 omnium
1249 4821 1607 4883 domicilium;
1637 4819 1764 4886 quin
1789 4820 1966 4876 etiam
1991 4822 2278 4884 incompre-

717 4924 898 4979 liense,
929 4919 980 4972 id
1019 4928 1102 4972 est
1127 4933 1157 4969 a
1202 4918 1420 4972 nemine
1446 4911 1878 4981 comprehensus
1912 4921 2006 4968 aut
2038 4915 2280 4969 circum-

716 5015 983 5068 scriptus:
1015 5011 1095 5064 vel
1142 5011 1321 5068 potius
1367 5009 1581 5069 eximie,
1614 5020 1744 5058 nam
1779 5014 1861 5059 est
1890 5015 2041 5066 extra
2075 5005 2279 5064 Omnia.

718 5107 999 5175 Siquidem
1029 5119 1133 5157 non
1157 5113 1360 5155 tantum
1393 5116 1554 5155 causa
1575 5109 1659 5158 est
1678 5097 2066 5167 complexionis
2097 5113 2284 5156 eorum

717 5215 836 5266 qua:
870 5195 1188 5264 simpliciter
1220 5203 1366 5257 sunt,
1411 5194 1491 5247 vel
1511 5196 1638 5247 vita;
1673 5192 1993 5254 viventium,
2045 5190 2123 5243 vel
2156 5206 2284 5252 per-

717 5289 971 5344 fectionis
1027 5287 1352 5355 spiritalium
1407 5299 1477 5338 ac
1519 5284 1864 5340 rationalium
1897 5281 2278 5342 essentiarmn,

724 5381 878 5450 quasi
900 5391 1053 5434 extra
1085 5381 1183 5434 bas
1212 5389 1451 5444 maneat,
1483 5387 1540 5434 ut
1582 5379 1648 5432 ab
1676 5377 1759 5431 his
1789 5375 1918 5432 solis
1952 5374 2281 5438 nominetur,

798 5576 819 5601 "
852 5567 990 5620 Psal.
1022 5583 1091 5624 CI.
1128 5567 1213 5620 '38.

729 5644 749 5683 Υ
780 5636 930 5692 Joan.
967 5655 1036 5701 ιἰ,
1071 5639 1155 5691 57.

1298 5577 1317 5602 ε
1352 5562 1415 5616 ill
1445 5563 1578 5631 Reg.
1626 5578 1737 5620 XIX.
1768 5562 1851 5615 l2.

1238 5648 1257 5674 ι
1297 5635 1334 5688 il
1363 5637 1489 5690 (lor.
1528 5649 1599 5699 ιι,
1646 5635 1706 5687 lii

1931 5561 2016 5615 tll
2045 5561 2167 5616 Cor.
2204 5576 2272 5629 vi,
2311 5562 2390 5615 ιο.

2376 3175 2600 3243 χομένου
2630 3175 2766 3242 αὐτὴ
2807 3173 3103 3238 τελειοῦσα,
3148 3172 3254 3224 οὐδ’
3283 3171 3419 3240 αὐτὴ
3445 3171 3720 3241 ἀρχομένη
3749 3173 3841 3223 καὶ
3861 3174 3948 3235 είς

2373 3264 2528 3316 ἄλλον
2558 3263 3001 3334 παραπέμπουσα
3025 3261 3115 3313 τὸν
3139 3260 3518 3313 τελειώσαντα.
3546 3261 3688 3329 Αὑτή
3724 3260 3946 3314 ἐστικαὶ

2374 3361 2405 3430 ἡ
2435 3359 2748 3428 συνέχουσα,
2773 3359 2865 3411 καὶ
2891 3360 2922 3427 ἡ
2950 3355 3279 3428 φρουροῦσα,
3331 3356 3425 3408 καὶ
3452 3354 3604 3407 ἑστία
3627 3351 3948 3419 οὗσαρίονεὶ

2377 3451 2495 3521 ἱερά
2543 3467 2625 3512 τις
2656 3447 2878 3518 οἴκησις.
2926 3445 3215 3517 Ἑλληνικὴ
3251 3446 3308 3498 δὲ
3349 3448 3381 3518 ὴ
3415 3445 3559 3510 λέξις
3583 3469 3598 3484 ο
3627 3445 3944 3515 ἐπιστρέφει

2375 3540 2481 3610 γάρ
2507 3539 2643 3609 πρὸς
2682 3538 2878 3608 ἑαυτὴν
2914 3537 3012 3606 τὴν
3051 3535 3244 3600 κτίσιν,
3282 3534 3540 3603 λέγουσα·
3582 3535 3832 3588 Μείνατε
3869 3536 3945 3588 ἐν

2374 3633 2538 3700 ἐμοί’
2585 3634 2677 3682 καὶ
2714 3629 2874 3682 πάλιν
2900 3643 2912 3656 ·
2949 3629 3001 3679 Ὁ
3033 3625 3265 3694 τρώγων
3287 3644 3404 3694 μου
3447 3625 3560 3693 τὴν
3602 3626 3812 3694 σάρκα,
3843 3626 3946 3678 και

2378 3725 2567 3776 πίνων
2584 3740 2703 3791 μου
2727 3721 2790 3775 τὸ
2814 3721 2977 3790 αἷμα,
2996 3719 3064 3772 ἐν
3091 3717 3217 3787 ἐμοὶ
3241 3718 3427 3787 μένει.
3459 3719 3665 3790 Ὥσπερ
3690 3720 3793 3790 γὰρ
3818 3719 3941 3781 ναὸς

2379 3815 2541 3870 αὐτοῦ
2587 3817 2773 3885 ἐσμεν,
2823 3813 2960 3872 κατὰ
3000 3813 3090 3867 τό·
3135 3813 3454 3879 Ἐνοικήσω
3496 3813 3565 3866 ἐν
3593 3814 3810 3877 αὐτοῖς,
3843 3812 3942 3864 καὶ

2379 3905 2860 3974 ἐμπεριπατήσω·
2892 3905 3033 3962 οὕτω
3080 3907 3175 3959 καὶ
3217 3904 3376 3967 αὐτὸς
3425 3902 3571 3968 οἶκος
3619 3905 3773 3974 ἡμῶν
3805 3906 3934 3956 ἐστι.

2381 3999 2573 4062 Καλῶς
2599 3998 2654 4051 δὲ
2678 3998 2838 4062 εὐθὺς
2865 4000 3113 4068 ἐπήγαγε
3139 4001 3199 4053 τὸ
3225 3999 3559 4068 ἡνωμένως.
3599 3996 3807 4065 Ἐπειδὴ
3832 3995 3942 4068 γὰρ

2379 4088 2548 4156 εἶπεν,
2576 4091 2736 4145 αὐτὸν
2763 4089 2898 4144 εἷναι
2930 4092 3126 4155 πάντα,
3158 4094 3253 4144 καὶ
3279 4093 3337 4144 ὲν
3365 4090 3512 4160 αὺτῴ
3547 4090 3615 4142 τὰ
3641 4091 3824 4151 πάντα,
3851 4088 3937 4141 ἵνα

2385 4184 2456 4254 μὴ
2479 4186 2644 4256 νοήσῃ
2659 4201 2741 4248 τις
2759 4186 2972 4238 ἅπαντα
2999 4183 3235 4254 σωρηδὸν
3251 4185 3307 4235 ὲν
3328 4182 3403 4253 τῷ
3417 4180 3533 4252 θεῷ
3558 4181 3935 4252 συμφέρεσθαι,

2382 4273 2627 4327 ἐντεῦθεν
2653 4274 2707 4326 δὲ
2733 4275 2811 4337 είς
2845 4273 3160 4344 σωματικὰς
3205 4271 3456 4334 ὑπονοίας
3493 4270 3725 4340 ἐμπέσῃ,
3760 4283 3920 4337 μερισ-

2392 4368 2521 4438 μούς
2546 4383 2694 4429 τινας
2736 4367 2829 4418 καὶ
2879 4363 3172 4427 συνθέσεις,
3206 4362 3520 4438 θεραπεύων
3549 4361 3646 4431 τὴν
3674 4361 3935 4419 ὑπόνοιαν,

2386 4463 2551 4530 φησὶν
2583 4459 2917 4528 ἡγωμένως,
2966 4460 3126 4511 οἱονεὶ
3165 4456 3409 4528 ἀμερῶς,
3438 4457 3528 4508 καὶ
3561 4457 3618 4506 ἐν
3661 4456 3724 4523 τῇ
3771 4453 3938 4523 οἰκείᾳ

2388 4551 2552 4612 ὲνάδι,
2585 4549 2780 4620 μᾶλλον
2811 4549 2887 4610 δὲ,
2914 4550 3006 4600 καὶ
3035 4548 3174 4617 ὑπὲρ
3200 4548 3297 4616 τὴν
3327 4545 3507 4607 ὲνάδα,
3541 4544 3766 4614 μένουσα
3793 4543 3937 4594 ἑστία

2386 4641 2493 4693 τῶν
2516 4642 2730 4694 πάντων
2767 4641 2931 4701 ἐστὶν,
2959 4638 3096 4691 ἀλλά
3121 4639 3211 4692 καὶ
3232 4638 3528 4703 ἀσχέτως,
3573 4635 3690 4688 ἀντὶ
3731 4634 3818 4685 τοῦ
3843 4635 3933 4686 ὑπ’

2386 4732 2595 4794 οὐδενὸς
2634 4730 3028 4800 κατεχομένηῆ
3073 4727 3513 4800 περιγραφομένη
3538 4743 3551 4755 ’
3604 4724 3934 4795 ἐξῃρημένους

2387 4827 2442 4880 δὲ
2464 4826 2680 4897 μᾶλλον,
2710 4823 2813 4888 ἔξω
2838 4825 2944 4893 γάρ
2970 4826 3082 4876 ἐστι
3107 4821 3214 4874 τῶν
3240 4821 3509 4874 ἁπάντων.
3559 4821 3631 4871 Οὐ
3657 4817 3761 4887 γὰρ
3788 4818 3934 4887 μόνον

2384 4918 2532 4971 αἰτία
2586 4919 2700 4970 ἐστι
2731 4916 2959 4986 συνοχῆς
3000 4915 3109 4967 τῶν
3154 4912 3339 4976 ἁπλῶς
3367 4913 3557 4972 ὄντων,
3588 4911 3620 4980 ἦ
3660 4910 3798 4979 ζωῆς
3829 4908 3932 4963 τῶν

2386 5011 2618 5076 ζώντων,
2659 5008 3046 5079 ἢτελειώσεως
3088 5004 3195 5058 τῶν
3214 5003 3415 5076 νοερῶν
3456 5003 3551 5056 καὶ
3592 5001 3814 5069 λογικῶν
3843 5003 3931 5053 οὐ·

2386 5101 2512 5159 σιῶν
2536 5120 2548 5131 ·
2585 5103 2732 5170 μένει
2768 5101 2824 5152 δὲ
2859 5099 2963 5171 ἕξῳ
3000 5098 3221 5160 τούτων,
3264 5098 3351 5149 ἵνα
3396 5095 3503 5148 ἀπὸ
3550 5093 3747 5146 τούτων
3787 5093 3932 5163 μόνον

2383 5192 2718 5262 ὀνομάζοιτο,
2764 5193 3018 5262 συνοχεὺς
3053 5190 3235 5260 τυχὸν,
3278 5187 3412 5259 ζωὴ,
3441 5188 3534 5247 καὶ
3575 5186 3863 5247 τελείωσις·
3895 5187 3927 5254 ἢ

2387 5287 2477 5339 καὶ
2517 5286 2605 5354 ἀφ’
2633 5284 2822 5354 ἑτέρας
2852 5284 3121 5354 προνοίας,
3159 5281 3483 5350 δημιουργὸς
3530 5277 3686 5340 ἴσως,
3715 5292 3929 5329 παντεπ-

2393 5377 2582 5446 όπτης,
2614 5373 3006 5445 φιλάνθρωπος,
3037 5370 3443 5441 παντοκράτωρ,
3475 5371 3565 5431 καὶ
3596 5368 3663 5421 τὰ
3703 5367 3925 5432 τοιαῦτα,

3502 5565 3519 5589 κ
3559 5547 3712 5605 .luan.
3767 5567 3840 5618 xv,
3878 5551 3922 5613 ι.

2472 5571 2494 5598 υ
2529 5556 2684 5612 Juan.
2712 5572 2746 5621 ι,
2781 5557 2863 5612 ιο.
2947 5567 2966 5591 ν
2997 5558 3012 5612 l
3040 5557 3164 5612 Cor.
3203 5571 3288 5617 xv,
3331 5553 3416 5606 εδ.
