4176 6308
201 355 307 415 633

761 358 848 412 DE
882 357 1135 414 DlVlNlS
1167 359 1564 425 NOMlNlBUS,
1606 361 1756 416 CAP.
1797 359 1836 416 Ι.
1873 391 1940 401 -
1975 361 2317 418 PARAPHR.
2358 363 2827 420 PACIIYMERJ‘I.

3353 368 3458 422 θδι

199 468 233 522 ἃ
261 469 327 540 δὴ
353 469 416 522 ἐκ
445 469 541 540 τῆς
565 471 741 533 αἰτίας
773 473 866 523 καὶ
892 472 990 542 τῆς
1020 471 1274 542 προνοίας
1296 473 1759 544 όνομασθήσονται

1888 477 2176 529 continens
2205 491 2254 526 v.
2281 490 2332 544 ε.
2368 474 2472 528 vita
2497 484 2552 530 et
2580 477 2869 551 perfectio,
2906 480 2986 534 vel
3018 480 3086 535 ab
3115 480 3221 534 alia
3271 497 3458 551 provi-

197 561 312 614 ἀλλ’
341 563 462 616 ἐπεὶ
496 565 589 616 καὶ
629 565 804 617 πάντα
827 563 954 617 ὄντα
979 565 1164 628 ἀπλῶς
1191 568 1284 618 καὶ
1313 565 1648 629 ἀσυνθέτως,
1681 567 1776 619 καὶ

196 653 610 725 ἀπεριορίστως,
640 655 733 706 καὶ
756 656 1078 727 ἀκρατήτως
1112 658 1169 709 ὲν
1197 657 1333 727 αύτῇ
1364 658 1437 728 μὴ
1464 657 1622 728 μόνον
1649 674 1774 709 συν-

195 743 333 814 έχει,
371 746 506 799 ἀλλὰ
549 746 642 798 καὶ
679 747 972 818 προείληφε
1019 751 1137 811 ταῖς
1180 749 1475 819 ἀγαθότησι
1518 751 1615 820 τῆς
1644 766 1777 801 παν-

193 838 370 889 αιτίου
424 839 702 908 προνοίας’
747 839 882 910 αὑτὴ
938 841 1046 911 γάρ
1090 843 1236 894 ἐστιν
1281 844 1319 909 ἡ
1385 842 1660 895 καλοῦσα
1703 845 1775 897 τὰ

188 927 276 998 μὴ
313 929 456 982 ὄντα
480 932 559 995 ὠς
586 932 747 985 ὄντα.
791 931 1155 1002 Ἐναρμονίως
1185 934 1292 1005 ἄρα
1308 935 1398 986 καὶ
1419 933 1771 1004 καταλλήλως

192 1022 258 1074 ὲκ
280 1023 497 1076 πάντων
528 1023 635 1077 τῶν
675 1024 841 1077 ὄντων
870 1025 1120 1094 ὑμνεῖται
1146 1026 1240 1078 καὶ
1278 1026 1601 1096 ὀνομάζεται
1633 1023 1768 1094 φῶς,

193 1112 360 1184 ὓδωρ,
390 1115 521 1186 πῦρ,
553 1117 759 1188 δρόσος,
787 1117 1005 1188 νεφέλη,
1033 1120 1127 1171 καὶ
1154 1117 1224 1172 τὰ
1251 1120 1492 1173 τοιαίτα.

1879 566 2059 619 (lentia
2089 579 2142 618 ν.
2170 581 2222 632 g.
2247 575 2464 619 creator
2485 579 2679 622 cuncta
2713 584 2971 635 cernens,
3001 571 3282 633 hominum
3306 587 3456 626 ama-

1881 667 1986 721 tor,
2015 657 2386 724 omnipotens,
2414 665 2546 724 etc.;
2575 675 2694 729 qua:
2721 663 2939 715 nomina
2975 663 3174 732 partim
3203 677 3232 715 a
3267 677 3455 728 causa,

1878 750 2072 818 partim
2103 764 2130 800 ξι
2160 749 2494 815 providentia
2525 750 2913 816 desunmntur;
2947 754 3040 807 sed
3063 753 3204 822 quod
3236 754 3459 807 univer-

1877 855 1934 893 sa
1971 840 2313 910 simpliciter,
2343 851 2397 896 et
2424 842 2779 914 incomposite
2800 887 2814 912 ,
2835 855 2890 900 et
2942 846 3225 901 indelinite
3244 886 3260 909 ,
3293 855 3346 901 et
3366 845 3420 900 in
3443 877 3454 886 -

1880 936 2019 988 victe
2038 935 2089 986 in
2114 936 2402 1003 semetipso
2420 951 2522 989 non
2547 936 2720 990 solum
2745 939 3044 1002 contineat,
3076 956 3260 994 terum
3289 942 3454 995 etiam

1879 1027 2219 1095 anticiparit,
2252 1028 2587 1082 bonitatibus
2634 1030 2802 1098 ipsius
2846 1032 3126 1086 hominum
3157 1033 3449 1097 cﬂectricis

1884 1118 2254 1186 providentiae.
2295 1118 2420 1173 llaec
2450 1119 2596 1172 enim
2629 1133 2712 1174 est
2757 1138 2879 1192 qua:
2925 1138 3070 1177 vocat
3106 1143 3166 1179 ea
3191 1142 3311 1196 quia
3349 1143 3456 1181 non

190 1220 344 1270 sunt,
389 1221 637 1276 tanquam
673 1229 733 1265 ea
759 1229 875 1280 qua:
901 1227 1022 1268 sunt
1068 1227 1117 1268 α.
1149 1214 1404 1284 Congrue
1441 1215 1606 1284 igitur
1655 1214 1898 1269 vicissim
1923 1229 2141 1284 quoque
2168 1229 2233 1270 ex
2265 1215 2424 1269 rebus
2481 1217 2737 1271 omnibus
2783 1216 3034 1271 laudatur
3095 1233 3161 1274 ac
3204 1220 3450 1274 nomina-

195 1310 286 1354 tttr
326 1301 442 1367 lux,
469 1319 632 1374 aqua,
676 1306 836 1374 ignis,
871 1323 978 1373 ros,
1009 1308 1201 1368 nubes,
1232 1317 1344 1362 etc.

266 1394 294 1466 §
332 1394 463 1452 Vlll.
506 1397 612 1452 Καὶ
641 1400 704 1472 δὴ
743 1401 816 1472 μὴ
849 1404 1006 1473 μόνον
1031 1402 1235 1464 ταύτας
1262 1401 1359 1465 τὰς
1390 1401 1692 1472 θεωνυμίας
1720 1401 1772 1453 οἱ

1949 1398 1978 1471 §
2021 1396 2149 1451 Vlll.
2192 1397 2352 1467 Atqui
2387 1397 2616 1469 theologi
2649 1413 2753 1454 non
2789 1402 2903 1455 hinc
2932 1402 3105 1454 solum
3133 1402 3318 1457 divitia
3351 1418 3452 1456 no-

190 1485 428 1558 θεολὸγοι
448 1491 664 1557 δοΞάξου
672 1511 722 1546 σι
734 1494 831 1559 τὰς
846 1496 954 1549 τῶν
972 1496 1248 1550 παντελῶν
1262 1498 1522 1568 προνοιῶν
1534 1497 1640 1550 τῶν
1657 1514 1765 1568 προ

1883 1494 2025 1546 mina
2057 1491 2354 1558 celebrant,
2406 1507 2527 1559 qua:
2570 1496 2638 1548 ab
2667 1495 3068 1549 universalilms
3105 1511 3284 1548 rertnn
3320 1511 3450 1564 pro-

187 1584 520 1654 νοουμένων,
549 1580 657 1638 οἷον
676 1587 737 1639 τὸ
754 1587 1033 1652 Βασιλεὺς,
1048 1591 1107 1642 τὸ
1125 1591 1377 1661 Ποιητὴς,
1396 1591 1456 1644 τὸ
1471 1590 1781 1662 Παντοκρά-

1882 1583 2116 1636 visarum
2163 1584 2519 1652 providentiis
2563 1585 2858 1648 ducuntur,
2911 1594 2964 1636 ut
3023 1584 3158 1649 Rex,
3197 1585 3447 1653 Creator,

186 1690 306 1743 τωρ
325 1689 340 1703 ⁸
369 1673 539 1727 ταῦτα
564 1675 671 1747 γὰρ
695 1676 804 1731 τῶν
836 1679 1028 1733 κοινῶν
1060 1682 1343 1752 προνοιῶν·
1367 1684 1460 1736 καὶ
1491 1683 1654 1737 πάλιν
1679 1682 1765 1745 τὰς

1879 1675 2272 1743 Omnipotens;
2307 1676 2420 1728 bazc
2451 1674 2593 1728 enim
2637 1677 2855 1730 nomina
2892 1686 3016 1730 sunt
3047 1677 3240 1730 divina:
3267 1677 3451 1733 Provi-

185 1766 299 1818 ἀπὸ
330 1766 439 1819 τῶν
466 1769 706 1838 μερικῶν
736 1772 1020 1841 προνοιῶν,
1039 1774 1113 1838 ὡς
1129 1775 1208 1839 τὸ,
1225 1776 1356 1840 Θεὸς
1371 1775 1478 1828 τῶν
1495 1776 1652 1840 θεῶν,
1673 1777 1765 1829 καὶ

1870 1763 2065 1819 tientia:
2096 1765 2150 1818 in
2184 1778 2402 1834 genere.
2432 1764 2496 1818 Et
2545 1781 2762 1818 rursum
2792 1781 2913 1834 qua:
2962 1784 2991 1818 ιι
3027 1768 3451 1836 particularibtts

186 1859 394 1932 Κύριος
417 1862 524 1915 τῶν
548 1863 767 1933 κυρίων,
795 1866 889 1918 καὶ
919 1866 1178 1930 Βασιλεὺς
1206 1867 1314 1921 τῶν
1340 1855 1729 1938 βασιλευόντῶν
1749 1886 1764 1900 ο

181 1951 359 2004 ταῦτα
386 1953 493 2024 γὰρ
521 1954 626 2006 τῶν
656 1956 896 2026 μερικῶν
923 1964 1028 2011 εισι
1055 1960 1341 2029 προνοιῶν,
1384 1962 1477 2015 καὶ
1504 1961 1595 2014 ἐπί
1622 1978 1730 2014 τισι
1750 1978 1764 1992 ο

186 2043 266 2114 μὴ
299 2045 456 2115 μόνον
479 2042 572 2099 οὖν
598 2047 697 2110 τὰς
723 2044 830 2102 ἀπὸ
859 2050 1062 2104 τούτων
1102 2052 1407 2123 θεωνυμίας
1435 2054 1766 2120 δοξάζουσιν,

181 2137 325 2190 ἀλλά
351 2141 441 2192 καὶ
466 2140 572 2192 ἀπό
595 2159 754 2194 τινων
783 2143 930 2194 ἐστιν
953 2143 1043 2195 ὅτε
1070 2141 1228 2198 θείων
1261 2147 1579 2216 φασμάτων
1605 2146 1768 2198 οἱονεὶ

179 2227 294 2279 τῶν
339 2229 396 2279 ὲν
439 2230 725 2300 συμβόλοις
768 2231 1159 2302 ἀποκαλύψεων
1195 2232 1304 2285 τῶν
1342 2233 1400 2286 ὲν
1454 2237 1567 2296 τοῖς
1605 2234 1768 2302 ἱεροῖς

181 2318 527 2389 ἀνακτόροις,
547 2322 714 2391 ἤγουν
730 2325 895 2386 ναοῖς,
911 2323 1338 2394 ἐμφαινομένων·
1359 2323 1632 2396 ἀνάκτορα
1659 2310 1769 2393 γᾶρ

181 2409 417 2463 ἐκάλουν
439 2413 488 2463 οἱ
518 2411 774 2484 Ἕλληνες
797 2413 904 2467 τῶν
931 2417 1059 2485 παρ’
1085 2415 1265 2477 αὐτοῖς
1297 2413 1433 2467 θεῶν
1454 2413 1524 2466 τὰ
1545 2411 1764 2484 τεμένη.

193 2501 490 2572 Ὁνομάζου
500 2520 550 2556 σι
568 2503 697 2572 γοῦν
709 2503 806 2574 τὴν
823 2506 925 2558 ύπε
935 2506 1076 2577 ρφαῆ
1096 2504 1424 2575 ἀγαθότητα,
1451 2504 1543 2558 καὶ
1567 2504 1767 2567 τύπους

178 2593 574 2664 ἀνθρωπίνους,
603 2595 633 2665 ἢ
655 2597 930 2666 πυρίνους,
951 2598 982 2666 ἢ
1005 2596 1350 2667 ἠλεκτρίνους
1379 2595 1764 2663 περιτιθέασιν,

177 2687 260 2749 ὼς
285 2687 343 2738 ὲν
365 2687 446 2756 τῷ
485 2687 741 2761 Ἰεζεκιὴλ
769 2689 1012 2760 εὓρηταιέ
1050 2688 1160 2742 Καὶ
1185 2689 1346 2747 πάλιν
1391 2688 1524 2759 μέλη
1559 2686 1768 2759 ἀνθρώ-

177 2795 318 2832 πινα
354 2778 635 2847 λέγουσιν,
679 2781 754 2844 ὡς
796 2783 855 2834 ὲν
891 2785 1003 2845 τοῖς
1035 2782 1282 2852 Ψαλμοῖς
1335 2784 1429 2836 καὶ
1459 2783 1518 2834 ὲν
1551 2781 1766 2852 ἑτέραις

177 2869 446 2941 Γραφαῖς,
476 2871 551 2935 ὠς
576 2873 636 2927 τό
655 2890 667 2903 ·
703 2877 767 2926 Ol
790 2873 1081 2942 ὀφθαλμοὶ
1119 2872 1304 2927 αὐτοῦ
1327 2875 1416 2939 είς
1439 2872 1544 2926 τὸν
1584 2871 1766 2940 πένη-

177 2980 256 3018 τα
281 2964 711 3018 ὲπιϐλέπουσι·
741 2965 835 3017 καὶ
863 2964 923 3017 τό
941 2981 953 2994 ·
984 2967 1087 3031 Εἰς
1110 2965 1229 3017 ὦτα
1253 2966 1473 3032 Κυρίου
1490 2962 1729 3018 Σαϐαὼθ
1746 2979 1761 2994 ⁸

178 3056 276 3111 καὶ
305 3055 364 3107 τό
386 3074 398 3085 ι
441 3056 506 3110 Ἡ
549 3054 680 3124 θρὶξ
705 3055 888 3111 αὐτοῦ
921 3056 1060 3110 ὡσεὶ
1083 3056 1264 3124 ἔριον·
1303 3057 1396 3109 καὶ
1417 3055 1495 3108 τό·
1529 3056 1766 3124 Προσω-

1873 1857 2226 1926 providentiis
2258 1867 2568 1922 smnuntur,
2600 1867 2658 1912 ιιι
2707 1860 2846 1912 Dens
2889 1859 3139 1920 deorum,
3174 1870 3229 1914 ct
3266 1862 3450 1915 Domi-

1875 1965 1974 2004 nus
2009 1950 2371 2010 dominorum,
2397 1961 2450 2002 et
2478 1948 2593 2004 Rex
2625 1965 2808 2021 regum
2845 1968 2858 2002 :
2894 1951 3005 2003 haec
3035 1953 3178 2005 enim
3231 1955 3450 2008 nomina

1872 2041 2292 2109 particularium.
2314 2053 2438 2096 sunt
2463 2043 2954 2111 providentiaruin,
2984 2055 3038 2098 et
3067 2047 3447 2112 quorumdam.

1875 2132 1987 2186 Non
2015 2133 2175 2202 igitur
2202 2133 2268 2188 ab
2298 2133 2382 2188 his
2412 2134 2676 2188 duntaxat
2719 2135 2902 2191 divitia
2943 2137 3162 2190 nomina
3206 2137 3448 2201 laudant,

1872 2224 1965 2277 sed
1997 2223 2161 2277 etiam
2219 2239 2248 2276 a
2293 2225 2621 2293 quibusdam
2673 2226 2873 2280 divinis
2920 2227 3081 2291 visis,
3121 2243 3240 2297 qua:
3297 2228 3448 2281 verbi

1871 2315 2065 2386 gratia,
2090 2315 2378 2385 aliquando
2410 2317 2462 2370 in
2494 2317 2666 2371 sacris
2695 2318 2907 2386 templis
2949 2319 3246 2388 symbolice
3295 2334 3448 2373 revc-

1873 2411 1978 2464 lata
2005 2420 2152 2475 sum,
2187 2411 2235 2465 id
2285 2419 2368 2465 est
2399 2411 2452 2464 in
2481 2413 2695 2482 templis
2741 2424 3147 2483 apparuerunt;
3176 2404 3450 2483 ἀνάκτορα

1872 2505 2015 2557 enim
2066 2503 2298 2574 gentiles
2345 2504 2615 2558 vocabant
2660 2508 2885 2560 deorum
2931 2522 3152 2560 suorum
3201 2507 3448 2561 delubra.

1871 2593 2164 2646 Nominant
2192 2594 2372 2662 itaque
2399 2609 2726 2663 supraquam
2775 2597 3010 2651 lucidam
3066 2597 3367 2653 bonitatem
3396 2609 3453 2652 et

1873 2689 2138 2738 humanas
2167 2684 2390 2755 ﬁguras,
2423 2687 2536 2740 sive
2567 2686 2781 2757 igneas,
2807 2689 2922 2743 sive
2947 2688 3243 2742 electrinas
3265 2689 3315 2743 ei
3342 2690 3453 2744 cir-

1872 2786 2226 2846 mmponunt,
2254 2778 2396 2832 sicut
2424 2779 2476 2832 in
2509 2777 2793 2834 Ezechiele
2844 2781 3134 2849 reperitur.
3163 2780 3229 2834 Et
3262 2795 3456 2836 rursus

1871 2867 2107 2920 humana
2141 2868 2383 2921 membra
2432 2867 2706 2932 referunt,
2738 2877 2796 2922 ιιι
2845 2870 2899 2923 in
2943 2868 3174 2924 Psalmis
3220 2869 3452 2941 aliisque

1871 2955 2190 3024 Scriptnris,
2216 2956 2369 3025 juxta
2404 2955 2533 3012 illud
2566 2978 2577 3012 :
2613 2957 2769 3012 Oculi
2811 2959 2925 3028 ejus
2964 2977 3123 3031 super
3167 2977 3450 3031 pauperem

1871 3049 2153 3116 respiciunt
2181 3050 2241 3112 ιη
2266 3060 2320 3106 et
2367 3051 2496 3105 illud
2531 3073 2541 3107 :
2573 3051 2639 3105 In
2682 3069 2839 3107 aures
2884 3032 3093 3107 Domini
3129 3055 3358 3112 Sabaoth
3380 3065 3454 3121 ,σε

177 3163 303 3203 πον
327 3147 394 3200 δὲ
431 3149 652 3216 Κιφίου
699 3148 796 3202 ἐπὶ
831 3148 1152 3214 ποιοῦντας
1192 3150 1376 3203 κακά·
1418 3151 1511 3204 καὶ⁸
1554 3149 1613 3203 τό
1638 3167 1652 3180 ·
1695 3152 1765 3204 Al

1869 3150 1922 3192 at
1952 3139 2081 3194 illud
2109 3158 2123 3194 :
2161 3141 2353 3210 Capilli
2385 3142 2496 3210 ejus
2525 3146 2677 3212 quasi
2707 3145 2833 3196 lana
2863 3143 2930 3212 d;
2963 3153 3018 3200 et
3049 3145 3178 3200 illud
3207 3163 3219 3198 :
3254 3143 3443 3201 Facies

175 3239 379 3310 χεῖρές
413 3256 528 3294 σου
569 3240 868 3307 ἐποίησάν
887 3258 964 3310 με
985 3258 997 3272 ·
1042 3239 1135 3295 καὶ
1161 3241 1250 3295 τό·
1313 3243 1416 3296 Ἐν
1434 3243 1560 3308 τοῖς
1588 3259 1766 3312 pera.-
1809 3218 1828 3231 ε

173 3332 422 3405 φρένοις
448 3332 633 3387 αὐτοῦ
661 3333 1000 3387 ἐπισκιάσει
1017 3347 1144 3386 σοι’
1173 3334 1265 3388 καί
1288 3351 1301 3365 ο
1342 3335 1443 3388 Ἐν
1472 3333 1548 3403 τῇ
1569 3334 1764 3403 σκέπῃ

175 3424 300 3480 τῶν
329 3428 632 3496 πτερύγων
659 3442 775 3480 σου
803 3425 1132 3492 σκεπάσείς
1161 3443 1236 3496 με
1255 3444 1266 3456 ·
1295 3429 1390 3481 καὶ
1409 3422 1470 3480 τό
1489 3445 1500 3457 ο
1542 3429 1602 3481 '0
1617 3429 1766 3496 βρα-

177 3517 332 3585 κίων
356 3533 471 3571 σου
497 3519 732 3571 ἔσωσεν
761 3516 1000 3584 αὐτοὺς,
1047 3520 1140 3572 καὶ
1177 3517 1246 3571 τὰ
1283 3517 1501 3573 ὀπίσθια
1537 3520 1762 3590 Κυρίου,

173 3601 254 3663 ὧν
284 3609 488 3679 ⁴Ιγξιώθη
516 3609 755 3680 Μωῦσῆς
776 3627 788 3639 ο
829 3610 921 3663 καὶ
955 3611 1016 3664 τό
1035 3629 1048 3644 ·
1084 3612 1396 3664 Ἤκουσαν
1423 3609 1532 3680 τῆς
1559 3611 1765 3680 φωνῆς

177 3701 406 3768 Κυρίου
445 3700 913 3768 περιπατοῦντος
949 3701 1020 3755 ἐν
1066 3700 1145 3767 τῷ
1187 3701 1545 3769 παραδείσῳ.
1597 3703 1764 3758 Πάλιν

179 3789 482 3858 στεφάνους
539 3789 942 3860 περιτιθέασιν,
997 3789 1072 3853 ὡς
1114 3790 1205 3842 τό·
1254 3792 1613 3861 Εὐλόγησον
1657 3791 1766 3845 τὸν

175 3881 486 3951 στέφανον
511 3881 614 3950 τῆς
657 3882 1062 3950 χρηστότητος
1092 3897 1206 3936 σου
1233 3899 1245 3912 ·
1289 3887 1381 3937 καὶ¹
1419 3882 1662 3955 θρόνους,
1689 3883 1764 3947 ὡς

176 3973 242 4026 τό
261 3991 274 4002 ·
323 3973 382 4025 '0
407 3974 617 4042 θρόνος
642 3988 779 4037 σου,
819 3975 852 4026 ό
887 3971 1049 4038 Θεὸς,
1066 3975 1152 4038 είς
1181 3972 1287 4026 τὸν
1312 3973 1495 4029 αἰῶνα
1513 3991 1525 4004 ο
1558 3975 1651 4031 καὶ
1668 3991 1765 4028 πο-

177 4068 370 4137 τήρια,
403 4065 478 4129 ὼς
501 4065 562 4118 τό
584 4083 598 4096 ·
625 4063 917 4132 Ποτήριον
952 4065 1020 4118 ἐν
1049 4066 1198 4134 χειρὶ
1230 4067 1452 4134 Κυρίου
1472 4083 1485 4096 ’
1515 4077 1606 4120 και
1630 4084 1764 4138 κρα-

175 4156 247 4225 τῆ
256 4173 372 4228 ρας,
386 4156 458 4218 ὡς
480 4155 557 4208 τό·
590 4155 872 4223 Ἐκέρασε
889 4155 994 4209 τὸν
1012 4156 1232 4223 ἑαυτῆς
1247 4157 1528 4227 κρατῆρα·
1549 4175 1614 4211 πε
1623 4160 1675 4230 ρι
1689 4153 1764 4212 ὧν

178 4244 328 4300 ἐστιν
349 4247 522 4302 εἰπεῖν
541 4249 596 4298 ὲν
611 4250 676 4318 τῇ
698 4264 760 4300 συ
769 4246 995 4318 μὸολικῇ
1019 4247 1282 4320 θεολογίᾳ.
1303 4250 1415 4304 Νῦν
1429 4251 1506 4315 δὲ,
1536 4252 1634 4305 ὅσα
1656 4253 1762 4306 eici.

176 4339 280 4410 τῆς
316 4339 597 4410 παρούσης
617 4340 1000 4410 πραγματείας
1032 4341 1452 4410 συναγαγόντες,
1481 4344 1575 4396 καὶ
1599 4345 1762 4399 οἱονεὶ

179 4433 383 4485 κανόνα
397 4430 465 4484 τὰ
479 4449 503 4484 ε
514 4433 599 4502 ίρη
608 4431 745 4502 μένα
762 4429 1157 4504 προθέντες,ὃτι
1175 4433 1237 4484 ὲκ
1252 4433 1359 4486 τῶν
1378 4433 1546 4491 ὄντων
1562 4436 1656 4488 καὶ
1673 4439 1762 4488 κάς

1872 3232 2078 3286 Domini
2109 3250 2261 3300 super
2297 3234 2547 3302 facientes
2576 3237 2717 3290 mala
2753 3248 2806 3302 0;
2832 3247 2887 3293 et
2920 3237 3049 3290 illud
3077 3253 3092 3291 ;
3126 3236 3322 3292 Manus
3340 3247 3445 3290 tua-

1867 3325 2103 3392 fecerunt
2154 3340 2234 3377 me
2270 3323 2318 3390 f;
2347 3335 2400 3380 et
2447 3325 2577 3379 illud
2616 3343 2630 3379 :
2677 3323 2920 3395 Scapulis
2963 3327 3074 3379 suis
3116 3327 3446 3378 obunbral‘il

1867 3417 1961 3468 tibi
1991 3417 2048 3481 ες
2083 3425 2136 3470 et
2166 3437 2175 3470 :
2203 3416 2312 3470 Sub
2344 3419 2530 3470 umbra
2553 3417 2762 3470 alarum
2785 3429 2996 3470 tuarum
3038 3426 3246 3485 protrge
3282 3417 3442 3480 me“;

1865 3517 1920 3560 ct
1956 3508 2122 3561 illud:
2153 3507 2441 3562 Bruchium
2476 3521 2623 3561 tuum
2671 3510 2895 3570 servavit
2945 3525 3030 3563 eos
3059 3511 3111 3572 i;
3163 3521 3218 3563 et
3262 3516 3447 3580 poStc-

1869 3602 2009 3655 riora
2048 3601 2283 3670 Domini,
2315 3605 2514 3674 quibus
2555 3604 2766 3674 Moyses
2799 3605 2998 3673 dignus
3027 3601 3192 3674 315
3220 3612 3304 3658 est
3342 3604 3444 3658 lia-

1865 3694 2008 3749 bitus
2039 3695 2097 3760 IK;
2145 3707 2196 3751 et
2233 3713 2250 3749 :
2284 3695 2580 3749 Audierant
2613 3713 2785 3749 vocem
2823 3694 3037 3748 Domini
3093 3693 3442 3748 deambulan-

1865 3786 1929 3838 lis
1983 3786 2035 3838 in
2086 3789 2336 3855 paradiso
2367 3786 2409 3842 ι.
2464 3787 2673 3842 Rursus
2722 3802 2956 3842 coronas
3001 3787 3444 3858 circumponum,

1858 3877 2009 3945 juxta
2039 3877 2164 3931 illud
2201 3898 2212 3933 :
2248 3878 2476 3934 Benedic
2508 3896 2717 3933 corona:
2749 3879 3087 3948 benignitatis
3137 3887 3242 3932 tua:
3273 3887 3344 3944 ¹“;
3388 3891 3442 3933 et

1861 3973 2039 4036 Bedes,
2069 3972 2220 4039 juxta
2261 3973 2435 4038 illud:
2465 3971 2703 4026 Tlironus
2735 3981 2883 4038 tuus,
2904 3972 3064 4038 Deus,
3093 3973 3148 4026 in
3185 3973 3442 4026 saeculum

1861 4064 2041 4116 swculi
2075 4074 2122 4130 η,
2155 4074 2210 4118 et
2255 4065 2475 4130 calices,
2503 4067 2657 4135 juxta
2715 4066 2884 4120 illud:
2918 4065 3078 4120 Calia;
3125 4064 3340 4118 Domini
3386 4081 3440 4116 ιιι

1863 4171 2022 4208 manu
2050 4155 2162 4224 ejus
2195 4166 2253 4221 0;
2287 4167 2342 4211 et
2371 4166 2637 4222 crateras,
2667 4157 2821 4227 juxta
2866 4156 2996 4210 illud
3029 4173 3044 4210 :
3079 4154 3290 4209 Miscuit
3321 4170 3440 4208 cra-

1861 4257 2020 4299 terem
2068 4263 2221 4300 suum
2250 4258 2306 4315 P,
2357 4249 2422 4302 de
2455 4248 2654 4315 quibus
2706 4248 2994 4302 dicendum
3037 4247 3090 4299 in
3142 4242 3438 4315 symbolicat

1864 4338 2154 4406 theologia.
2186 4338 2342 4394 Nunc
2371 4353 2555 4394 autem
2584 4355 2706 4412 qua:
2734 4339 3018 4410 praesentis
3050 4338 3279 4392 instituti
3311 4346 3440 4392 sunt

1861 4429 2193 4501 colligentes,
2209 4443 2262 4486 et
2276 4448 2338 4486 ea
2356 4445 2474 4501 quae
2495 4433 2640 4487 dicta
2658 4442 2784 4487 sunt
2803 4434 2959 4502 quasi
2978 4431 3219 4499 regulam
3236 4442 3436 4499 propo-

177 4522 492 4593 ταφατικῶς
507 4525 603 4578 καί
623 4524 970 4593 ἀποφατικῶς
988 4525 1049 4578 τὸ
1063 4524 1217 4578 Θεῖον
1240 4524 1576 4596 ὀνομάζεται*
1594 4542 1760 4579 καταν

1868 4534 2074 4587 nentes,
2094 4524 2260 4578 Deum
2279 4539 2343 4577 ex
2367 4525 2434 4578 iis
2456 4533 2578 4593 qme
2607 4535 2754 4588 sunt,
2777 4535 2832 4580 et
2858 4524 3177 4578 aﬂirmative
3196 4533 3251 4578 et
3273 4536 3438 4591 nega-

179 4614 424 4688 φατικῶς
451 4615 548 4687 μὲν
572 4616 646 4679 ὡς
669 4617 839 4671 αἴτιον
863 4618 926 4669 ὲκ
947 4615 1056 4669 τῶν
1079 4615 1338 4669 αίτιατῶν
1362 4655 1377 4680 ,
1404 4615 1757 4685 ἀποφατικῶς

176 4709 509 4774 δὲ,ὼςνοὺδὲν
531 4709 732 4764 τούτων
747 4709 824 4764 ὅν.
878 4709 966 4764 ἐπὶ
982 4710 1079 4781 τὴν
1094 4711 1415 4781 διασάφησιν
1431 4710 1538 4763 τῶν
1550 4709 1756 4781 νοητῶν

179 4801 496 4872 θεωνυμιῶν
525 4802 819 4873 προΐωμεν.
854 4803 963 4855 Καὶ
990 4803 1127 4874 ὅπερ
1155 4805 1284 4873 ἡμῖν
1321 4803 1412 4855 ἐπὶ
1449 4803 1598 4876 πάσῃ
1632 4802 1754 4855 θεο-

179 4894 335 4966 λογίᾳ
355 4894 384 4947 ό
414 4893 554 4965 ἱερὸς
581 4895 738 4965 νόμος
785 4895 1091 4965 ὑφηγεῖται,
1122 4897 1284 4959 ὁσίως
1324 4895 1561 4966 βλέπειν,
1594 4897 1755 4961 ὁσίως

179 4981 377 5052 λέγειν,
406 4986 496 5038 καὶ
516 4985 676 5048 ὁσίως
702 4985 918 5038 ἀκούειν
942 4985 1010 5039 τά
1044 4987 1161 5048 ἱερά
1179 5004 1192 5016 ·
1221 4988 1390 5050 οὕτως
1415 4988 1472 5039 ὲν
1497 4986 1755 5059 θεοπτικῇ

179 5071 390 5142 διανοίᾳ
411 5072 507 5135 τὰς
533 5072 783 5138 θεοειδεῖς
807 5075 1230 5146 ἐποπτεύσωμεν
1254 5076 1504 5147 θεωρίας·
1533 5078 1626 5130 καὶ
1647 5072 1759 5130 ὦτα

185 5161 304 5234 ίερά
327 5168 444 5229 ταῖς
463 5165 793 5232 ἀναπτύξεσι
809 5166 1095 5221 τῶνλθείων
1118 5170 1398 5240 ὀνομάτων
1422 5171 1756 5243 παραϐῶμε-

180 5255 269 5322 θα,
287 5258 619 5329 ὲνιδρύοντες
640 5261 709 5314 τὰ
731 5262 858 5330 ἀγια
876 5261 1030 5336 λογία
1048 5265 1158 5326 τοῖς
1179 5262 1352 5332 ἁγίοις
1373 5264 1493 5330 ὠσὶ,
1512 5265 1606 5320 καὶ
1625 5267 1764 5334 ἐξαιο

183 5347 432 5419 ρούμενοι
459 5351 566 5403 τῶν
602 5354 829 5425 ἀνιέρων
856 5355 1104 5424 γελώτων
1140 5358 1233 5410 καὶ
1284 5358 1631 5429 ἐμπαιγμῶν,
1660 5360 1752 5426 οὒς

178 5439 380 5507 ἐγέλων
403 5442 452 5494 oi
479 5441 736 5514 ’Έλληνες
753 5447 946 5515 παχεῖς
963 5447 1061 5499 ’καὶ
1080 5448 1146 5500 σά
1154 5464 1321 5518 ρκινοι
1334 5447 1505 5513 ὄντες,
1525 5450 1751 5504 ἀκούον-

177 5546 304 5596 τεςο
350 5531 547 5602 μᾶλλον
606 5535 696 5599 δὲ,
734 5536 856 5588 ἐπεὶ
907 5535 1172 5608 θεομαχία
1233 5539 1476 5610 κρίνεται
1516 5541 1576 5594 τὸ
1614 5547 1751 5614 μετά

250 5685 277 5713 ι
307 5670 465 5728 Rom.
497 5690 570 5740 tv,
600 5676 687 5730 Π.
789 5677 817 5718 b
855 5674 995 5732 Psal.
1029 5688 1083 5736 ι,
1112 5672 1165 5726 5.

1245 5684 1266 5710 ε
1292 5671 1409 5732 Jac.
1439 5691 1492 5740 v,
1528 5678 1578 5730 4.
1655 5677 1681 5717 ἀ
1716 5678 1848 5733 Dan.
1883 5699 1974 5745 \‘tl,
1999 5686 2050 5739 9.

1862 4616 1969 4669 tive
1992 4618 2353 4686 nominamus.
2381 4617 2712 4674 Allirmative
2732 4620 2948 4688 intidem
2968 4657 2984 4684 ,
3015 4627 3268 4686 tanquam
3301 4630 3436 4670 cau-

1860 4721 1973 4760 sam
2005 4723 2071 4760 ex
2085 4706 2295 4763 eﬂ‘ectis
2315 4725 2329 4772 ;
2353 4711 2599 4778 negative
2625 4725 2776 4776 vero,
2795 4723 2856 4765 ιιι
2881 4710 2972 4780 ιιιιί
2999 4710 3132 4764 nihil
3158 4710 3433 4764 siteorum

1858 4815 1979 4869 quae
1993 4811 2137 4854 sunt.
2151 4801 2233 4855 Ad
2257 4802 2677 4860 declarationem
2695 4803 3022 4874 spiritalium
3042 4803 3134 4859 Dei
3152 4805 3432 4857 nominum

1860 4897 2159 4948 veniamus.
2193 4894 2258 4948 Et
2287 4911 2407 4950 cum
2435 4897 2486 4950 in
2513 4896 2947 4968 omnitlieologia
2976 4898 3133 4950 nobis
3167 4895 3252 4950 lex
3277 4908 3432 4948 sacra

1862 4987 2157 5055 prwcipiat,
2194 4995 2380 5042 sancte
2403 4989 2651 5053 videnda,
2672 5000 2861 5044 sancte
2877 4988 3228 5059 proferenda,
3245 4997 3436 5042 sancto

1862 5078 2125 5133 audienda
2157 5092 2280 5135 esse
2305 5096 2490 5148 sacra;
2519 5083 2600 5137 sic
2623 5082 2916 5137 deiformes
2943 5079 3431 5148 contemplationes

1865 5169 2047 5224 dis-ina
2077 5183 2256 5229 mente
2285 5176 2614 5240 intueamur,
2643 5187 2698 5230 et
2729 5187 2917 5230 sacras
2943 5188 3104 5228 aures
3150 5173 3324 5227 sacris
3347 5171 3433 5224 diu

1860 5264 2108 5316 vinorum
2143 5267 2420 5320 nominum
2474 5268 3015 5337 interpretationibus
3047 5264 3431 5326 adhibeamus,

1862 5357 2074 5425 eloquia
2103 5369 2290 5413 sancta
2328 5361 2534 5415 sanctis
2564 5363 2788 5416 auribus
2815 5361 3142 5414 instillantes
3167 5367 3222 5412 et
3243 5373 3272 5409 ι
3304 5371 3431 5425 pro-

1861 5449 2004 5503 lanis
2053 5450 2396 5506 irrisionibus
2434 5463 2489 5509 et
2531 5454 2870 5510 illusionibus
2917 5451 3280 5510 vindicantes,
3308 5461 3427 5512 eos,

1860 5557 1995 5611 quos
2028 5545 2256 5610 gentiles
2293 5543 2368 5598 illi
2398 5547 2569 5601 crassl
2601 5556 2655 5602 et
2691 5545 2962 5610 carnales,
2995 5544 3120 5596 dum
3151 5541 3425 5603 audirent,

2153 5696 2173 5723 ε
2202 5682 2342 5738 Psal.
2377 5701 2575 5750 sunt,
2619 5687 2704 5741 Π.
2813 5685 2960 5741 tJob
2994 5703 3045 5741 κ.
3070 5685 3122 5738 8.
3229 5684 3251 5720 ε
3279 5680 3424 5736 Psal.

180 5761 244 5800 xc
291 5748 342 5797 4.
421 5743 620 5825 ipsa].
657 5761 766 5808 xvt,
801 5750 854 5804 9.
934 5747 950 5787 ί
990 5744 1133 5825 ςειιΙ.
1167 5761 1427 5799 tum”.
1508 5750 1532 5788 ιι
1563 5751 1765 5807 Exod.‘

1876 5743 2074 5819 "1,23.
2161 5754 2339 5813 ιῦυιι.
2370 5774 2450 5824 ιιι,
2481 5760 2530 5813 8.
2564 5743 2573 5750 ’
2606 5770 2644 5798 ω
2669 5761 2810 5816 l’sal.
2844 5773 2990 5825 uti,
3031 5756 3112 5812 li.
3192 5763 3216 5791 η
3250 5755 3423 5810 liuor.

182 5831 218 5875 ι.
245 5818 297 5872 8.
381 5813 566 5871 “Psal.
595 5833 780 5884 Lmv,
809 5822 859 5878 8.
937 5827 964 5868 Ρ
987 5815 1146 5870 Prov.
1176 5833 1244 5871 ιι.
