4178 6312
775 310 883 368 635

1935 311 1995 372 S.
2040 312 2339 372 DIONYSII
2379 311 2837 369 AREOPAGITE
3920 318 4011 374 636

778 428 1096 486 irridebant.
1141 426 1415 496 Quinimo,
1438 446 1559 486 cum
1585 430 1854 500 quoddam
1888 447 2148 487 anversus
2179 442 2343 487 Deum

2453 440 2778 505 έμπαιγμών
2820 436 2911 489 καὶ
2938 436 3387 508 καταφρονήσεων
3443 432 3657 486 ἀκούειν
3699 432 3807 487 τῶν
3844 433 4009 498 θείων,

777 521 979 577 bellum
1015 533 1325 587 censeatur,
1354 523 1397 577 si
1430 539 1514 578 res
1543 524 1737 579 divina:
1769 540 1887 579 cum
1934 525 2272 579 illusionibus
2299 535 2354 579 et

776 614 1121 682 despectihus
1147 615 1458 683 audiantur,
1486 617 1529 670 si
1575 616 1689 669 fieri
1728 618 1921 686 possit,
1954 632 2049 671 eos
2092 617 2182 684 qui
2226 626 2352 670 sunt

782 708 944 769 tales,
972 708 1039 761 ah
1069 708 1168 762 hoc
1198 724 1320 762 cum
1349 708 1455 763 Deo
1480 710 1621 764 bello
1647 725 1982 764 revucemus.
2013 708 2137 762 Ητηο
2170 711 2352 776 itaque

782 800 877 853 tibi
910 801 1188 855 servanda
1226 812 1371 865 sunt,
1397 803 1598 869 optime
1629 802 1911 857 Timothee
1945 816 1959 855 :
2002 802 2172 857 habes
2206 803 2349 857 enim

777 892 1094 962 Apostolum
1143 894 1537 949 admonitorem
1566 936 1581 959 ,
1626 895 1900 964 quomodo
1954 910 2058 948 non
2106 904 2352 964 oporteat

780 986 1132 1055 incapacibns
1159 986 1225 1041 de
1259 988 1419 1041 rebus
1448 987 1749 1041 istiusmodi
1784 988 1835 1041 in
1868 988 2097 1041 veritate
2126 988 2349 1043 verbum

777 1076 1096 1148 loquiJlihi
1124 1091 1301 1133 autem
1339 1082 1427 1135 det
1461 1081 1620 1142 Deus,
1657 1080 2060 1136 innominabilis
2091 1080 2351 1134 divinita-

781 1173 848 1228 tis
880 1172 1095 1225 nomiua
1128 1173 1333 1239 divina,
1372 1190 1494 1245 quae
1532 1189 1594 1228 ex
1626 1175 1782 1229 bonis
1807 1174 1925 1243 ejus
1969 1174 2224 1245 Operibus
2261 1189 2353 1228 su-

776 1265 1035 1329 muntur,‘
1050 1264 1159 1320 Deo
1192 1267 1352 1337 digne
1380 1269 1559 1336 eloqui
1586 1284 1650 1323 ac
1698 1283 2003 1323 recensere.
2031 1267 2225 1323 Omnia
2252 1283 2351 1321 au-

780 1368 884 1411 tem
909 1372 1073 1427 opera
1107 1358 1197 1412 Dei
1224 1360 1361 1413 bona
1391 1370 1517 1415 sunt
1541 1372 1595 1416 et
1623 1371 1847 1430 propter
1869 1361 2162 1417 bonitatem
2193 1360 2348 1425 ﬁunt,

775 1451 877 1505 etsi
904 1449 1081 1520 aliqua
1115 1452 1269 1507 nobis
1318 1468 1423 1507 non
1456 1455 1566 1508 sint
1607 1453 1977 1520 delectabilia;
2007 1452 2265 1522 quoniam
2295 1453 2347 1506 in

775 1541 845 1597 iis
872 1543 1069 1612 quibus
1117 1560 1406 1613 peccamus
1440 1547 1585 1615 juste
1621 1547 1916 1618 punimur;
1963 1546 2106 1616 quod
2162 1547 2350 1615 utique

774 1641 860 1687 est
888 1649 1111 1689 summae
1140 1636 1233 1691 Dei
1271 1636 1555 1702 bonitatis,
1582 1654 1704 1692 cum
1734 1638 1849 1708 ipsa
1875 1653 2034 1707 plena
2067 1637 2142 1693 sit
2200 1637 2351 1691 beni-

765 1727 1313 1799 gnitatis.secundum
1342 1731 1527 1785 divum
1568 1731 1890 1802 Gregorium
1920 1744 1938 1786 :
1965 1741 2018 1787 et
2058 1745 2165 1785 non
2198 1728 2348 1784 aule-

778 1827 862 1869 rat
900 1816 1160 1874 Dominus
1207 1835 1514 1877 sermonem
1558 1823 1806 1878 veritatis
1847 1824 1915 1878 ab
1956 1836 2053 1878 ore
2102 1836 2242 1889 meo,
2268 1823 2345 1877 uti

777 1907 944 1963 David
973 1926 1063 1964 rex
1090 1921 1144 1965 et
1171 1913 1433 1983 propheta
1466 1916 1637 1971 cauit.

2452 526 2931 598 ἀπολυτρούμενοι,
2975 528 3131 599 εἴπερ
3153 522 3260 581 οἷόν
3303 544 3400 591 τε,
3442 528 3568 590 τοὺς
3613 526 4010 597 τοιούτουςτῆς

2454 619 2766 690 θεομαχίας.
2800 622 2887 674 Σοὶ
2909 622 3086 676 τοίνυν
3117 622 3312 693 πρέπει
3342 621 3571 690 φυλάξαι
3592 621 3783 685 ταῦτα,
3813 617 3858 674 ὧ
3894 624 4010 677 καλὲ

2453 712 2684 783 ἓΓιμόθεε
2709 731 2720 743 ’
2752 714 2893 785 ἔχεις
2920 716 3026 786 γάρ
3052 715 3416 787 παραινοῦντα
3441 716 3641 769 καὶτὸν
3683 717 4012 781 Ἀπὸστολον,

2452 806 2533 858 ὅτι
2560 807 2618 858 οὐ
2648 806 2727 858 δεῖ
2761 810 2871 870 τοῖς
2913 807 2987 878 μὴ
3028 807 3334 878 δεχομένοις
3375 808 3465 860 τὸν
3506 807 3663 877 λόγον
3703 810 3759 862 ὲν
3800 809 4014 883 ἀληθείᾳ

2451 898 2632 952 λαλεῖν
2676 898 2803 969 περὶ
2850 898 2955 951 τῶν
3010 899 3283 952 τοιούτων.
3341 900 3492 969 Ἐμοὶ
3542 900 3598 952 δὲ
3641 900 3748 972 δῴη
3797 904 3826 955 ὁ
3872 902 4013 967 Θεὸς,

2453 992 2769 1062 πρεπόντως
2815 996 2925 1057 τοῖς
2971 992 3134 1057 θείοις
3179 993 3407 1065 λαλῆσαι
3452 996 3546 1047 καὶ
3590 996 3763 1049 εἰπεῖν
3802 996 3903 1059 τὰς
3927 997 4016 1066 τῆς

2452 1082 2885 1152 ἀκατονομάστου
2914 1082 3161 1153 θεότητος
3198 1084 3517 1155 θεωνυμίας,
3545 1086 3641 1149 τὰς
3672 1090 3735 1139 ἐκ
3756 1086 3868 1139 τῶν
3893 1088 4020 1155 ἀγα-

2454 1171 2561 1224 θῶν
2590 1173 2765 1244 ἑργων
2804 1173 2965 1226 αὑτοῦ
2991 1175 3521 1245 παρωνυμουμέναςί
3548 1176 3731 1229 Πάντα
3758 1177 3816 1229 δὲ
3842 1176 3909 1228 τά
3941 1177 4023 1247 ἐρ-

2451 1284 2523 1335 γα
2547 1266 2639 1320 τοῦ
2673 1264 2807 1319 Θεοῦ
2842 1266 3039 1334 ἀγαθὰ,
3082 1267 3174 1320 καὶ
3209 1266 3276 1319 δι’
3308 1266 3616 1338 ἀγαθότητα
3647 1268 3945 1332 τελοῦνται,
3978 1270 4022 1322 εἰ

2452 1363 2544 1415 καὶ
2577 1363 2705 1433 ἡμῖν
2730 1362 2984 1425 πολλάκις
3012 1362 3131 1416 τινὰ
3162 1361 3262 1414 οὐκ
3291 1362 3397 1414 είσὶ
3421 1362 3541 1416 καθ’
3562 1363 3777 1435 ἡδονὴν,
3809 1365 4023 1429 δικαίως

2450 1455 2876 1526 τιμωρουμένοις
2913 1448 3079 1524 ὲφ“οίς
3114 1455 3525 1526 ἁμαρτάνομεν·
3552 1455 3580 1508 ὂ
3619 1456 3681 1527 δὴ
3718 1459 3817 1528 τῆς
3856 1459 4027 1528 ἄκρας

2451 1547 2595 1600 ἐστὶν
2621 1546 2952 1618 ἀγαθότητος
2988 1545 3080 1599 τοῦ
3114 1546 3270 1610 Θεοῦ,
3300 1546 3588 1619 γινομένης
3619 1549 3721 1619 τῆς
3759 1550 4027 1620 τιμωρίας

2450 1640 2894 1713 φιλανθρωπίας,
2936 1638 3077 1693 κατά
3127 1640 3218 1693 τὸν
3264 1639 3403 1693 θεῖον
3436 1641 3766 1713 Γρηγόριον·
3814 1644 3909 1698 καὶ
3959 1644 4027 1715 μὴ

2452 1734 2741 1805 περιέλοιὸ
2782 1735 2983 1804 Κύριος
3019 1731 3175 1801 λόγον
3220 1732 3475 1803 ἀληθείας
3513 1735 3579 1788 ὲκ
3623 1735 3718 1788 τοῦ
3764 1737 4025 1807 στόματός

2458 1843 2578 1895 μου,
2612 1826 2687 1889 ὼς
2716 1824 2904 1895 ψάλλει
2928 1822 3090 1877 Δαυῒδ
3116 1824 3144 1875 ό
3177 1824 3463 1895 προφήτης
3493 1826 3587 1879 καὶ
3611 1826 3885 1898 βασιλεὺς.

2852 2190 3494 2278 ΚΕΦΑΛΑΙΟΝ
3523 2186 3643 2273 Β’.

2458 2352 2594 2421 Περὶ
2626 2352 2934 2420 ήνωμένης
2972 2350 3068 2403 καί
3101 2347 3547 2421 διακεκριμέτςης
3573 2346 3906 2416 θεολογίας,
3940 2345 4029 2400 καὶ

2722 2415 2814 2487 {lc
2844 2415 3041 2490 ἦθεία
3071 2421 3285 2484 ἓνωσις
3314 2415 3411 2471 καὶ
3449 2415 3761 2485 διάκρισις.

2063 2534 2401 2592 SYNOPSIS
2430 2537 2723 2595 CAPITIS.

771 2641 812 2697 l.
849 2645 1027 2710 Docet,
1066 2664 1251 2701 nomen
1295 2647 1436 2709 boni.
1471 2645 1697 2711 pulchri,
1728 2645 1860 2708 veri,
1901 2645 2187 2711 sapientis,
2220 2658 2268 2701 et
2300 2648 2526 2713 similia,
2565 2650 2629 2704 de
2672 2658 2781 2703 tota
2813 2648 2854 2702 Τ
2858 2650 3070 2703 rinitate
3113 2647 3388 2717 mqualiter
3430 2644 3731 2717 prtedicari.
3765 2642 3895 2717 quia
3935 2660 4030 2717 ra-

849 2722 988 2769 tione
1013 2728 1242 2779 natum,
1264 2734 1380 2787 (μιαν
1405 2720 1460 2770 in
1482 2718 1647 2769 tribus
1670 2716 1904 2787 personis
1928 2716 2105 2787 eadem
2131 2728 2226 2777 est,
2253 2717 2360 2769 Dea
2385 2722 2729 2783 conveniunt;
2752 2730 2797 2773 et
2823 2737 2922 2772 non
2946 2720 3111 2773 solum
3136 2714 3389 2770 attributa
3412 2715 3732 2787 essentialia,
3759 2714 3851 2765 sed
3876 2716 4032 2787 etiam

845 2788 1203 2841 emanationes
1230 2785 1298 2839 ad
1321 2798 1480 2847 extra.
1520 2789 1594 2839 sic
1624 2786 1925 2852 prwdicari.
1975 2786 2036 2839 II.
2073 2785 2179 2857 Illa
2218 2804 2335 2854 qua?
2365 2791 2417 2840 in
2446 2787 2736 2855 Scripturis
2778 2791 2840 2842 de
2871 2789 2976 2841 Deo
3007 2787 3310 2853 copulatim,
3346 2787 3399 2839 id
3430 2797 3504 2839 est
3537 2785 4034 2857 rationeesscntia',

843 2858 1223 2933 pra’dgmntur,
1254 2874 1354 2915 non
1390 2873 1501 2911 esse
1536 2857 1947 2933 distinguenda;
1991 2867 2037 2911 et
2075 2854 2192 2933 qua;
2229 2858 2473 2911 distincte
2500 2862 2607 2913 sive
2636 2860 2983 2933 personaliter
3020 2860 3291 2933 dicuntur,
3338 2873 3439 2933 non
3475 2871 3595 2933 esse
3630 2854 4033 2933 confundenda.

842 2924 930 2981 III.
983 2927 1213 2994 Exponit
1240 2944 1483 2995 quamam
1525 2927 1627 2997 sint
1660 2922 1754 2979 illa
1798 2943 1915 2994 qua:
1952 2922 2240 2994 copulatim
2271 2938 2316 2980 et
2349 2945 2464 2995 qua:
2500 2922 2904 2982 item'distincte
2936 2931 3308 2997 praedicentur.
3342 2926 3425 2979 IV.
3451 2925 3562 2997 Ait,
3593 2924 3811 2977 uniones
3838 2924 3897 2997 in
3933 2922 4038 2975 Deo

844 3002 1021 3050 vocari
1055 2993 1307 3073 a‘ttributa
1339 2996 1659 3073 essentialia,
1690 2993 2050 3073 distinctiones
2078 3013 2197 3073 vero
2226 2999 2331 3073 dici
2361 2993 2752 3073 entanationes;
2785 3010 2829 3051 et
2862 2993 3097 3073 extemplo
3128 2997 3190 3049 ob
3220 2996 3400 3073 oculos
3427 2996 3596 3073 ponit,
3626 2993 3892 3073 quomodo
3930 3004 4030 3073 tres

846 3062 1295 3143 divina’Personaz
1325 3085 1377 3120 se
1409 3070 1530 3121 totis
1558 3068 1669 3119 sine
1696 3068 2000 3143 confusione
2028 3069 2184 3119 unita:
2215 3070 2337 3121 sint.
2376 3066 2438 3121 γ.
2480 3069 2632 3121 Docet
2679 3069 2941 3143 Personas
2981 3062 3187 3143 divinas
3216 3068 3330 3118 sola
3363 3062 3619 3143 relatione
3640 3064 3781 3143 int-er
3826 3080 3886 3143 sf
3930 3064 4039 3115 dis-

846 3140 1015 3204 tingni
1040 3178 1053 3197 ,
1076 3150 1122 3189 et
1154 3137 1319 3189 Deum
1345 3150 1507 3191 totum
1533 3132 1954 3203 participa’bilem
1978 3154 2087 3191 esse
2111 3148 2197 3208 ,_et
2226 3149 2391 3190 totum
2427 3156 2525 3191 non
2551 3140 2965 3208 participabilem
2990 3178 3003 3199 ,
3030 3138 3255 3204 explicat
3284 3153 3389 3208 rem
3419 3134 3676 3208 exemplo.
3701 3132 3800 3208 γι.
3836 3132 4039 3208 Occur-

846 3201 1248 3276 t'itrobjectioni,
1285 3217 1330 3261 et
1350 3201 1574 3260 ostendit
1618 3208 1852 3275 exemplo
1890 3208 2076 3275 sigilli,
2112 3206 2278 3261 Deum
2318 3224 2381 3261 ea:
2419 3201 2566 3274 parte
2600 3228 2696 3262 sua
2741 3201 2843 3261 non
2885 3201 3215 3276 ianualiter
3249 3201 3580 3274 participari,
3620 3204 3709 3255 sed
3737 3219 3803 3276 ea;
3825 3201 4038 3269 defectu

850 3272 1285 3345 participantium
1318 3280 1372 3329 id
1396 3280 1616 3331 evenire.
1654 3277 1719 3329 Et
1758 3272 1916 3330 simul
1940 3272 2117 3339 docet,
2154 3294 2311 3344 opera
2342 3272 2536 3331 Christi
2567 3296 2668 3332 non
2701 3295 2811 3332 esse
2842 3272 3137 3331 communia
3172 3272 3441 3338 Trinitati,
3475 3276 3597 3343 quia
3628 3276 3742 3339 ejus
3771 3272 4038 3345 [acarna-

846 3344 919 3401 tio
963 3365 1064 3401 non
1106 3358 1181 3421 est
1210 3349 1504 3421 communis
1543 3346 1958 3421 totiﬂTrinitati,
1996 3351 2087 3401 sed
2132 3348 2419 3421 singularis
2453 3365 2688 3417 personw
2724 3348 2898 3421 I’erbi.
2938 3348 3045 3421 VII.
3088 3345 3271 3421 Tradit
3311 3361 3401 3421 nos
3443 3361 3521 3397 res
3552 3345 3759 3421 divinas
3802 3344 3978 3421 solum
4009 3360 4039 3392 a

846 3418 1127 3487 posteriori
1147 3436 1215 3491 ea:
1264 3419 1760 3491 participationibus
1798 3434 2127 3491 cognoscere.
2181 3413 2311 3473 VIII.
2352 3413 2529 3481 Docet,
2558 3420 2838 3491 quomodo
2862 3415 3170 3491 engeohsit
3196 3417 3371 3491 omnis
3408 3415 3695 3491 paternitas
3728 3423 3774 3465 et
3811 3413 4039 3491 ﬁliatio;

847 3481 894 3540 et
927 3489 1188 3557 quomodo
1216 3481 1431 3562 effectus
1460 3481 1574 3562 sint
1612 3489 1789 3562 causis
1811 3481 1947 3562 suis
1974 3489 2192 3562 similes,
2224 3506 2326 3542 non
2356 3502 2547 3562 contra
2570 3481 2744 3542 causa:
2780 3488 2999 3557 effectis.
3048 3485 3139 3539 IX.
3160 3486 3456 3562 Quomodo
3492 3486 3633 3562 ratio
3672 3484 3919 3562 mysterii.
3945 3481 4039 3562 In-

847 3553 1171 3611 carnationis
1205 3553 1448 3612 omnibus
1479 3559 1655 3626 ignota
1684 3558 1863 3626 fuerit.
1907 3559 1973 3613 Χ.
2012 3558 2097 3611 Ea:
2127 3573 2305 3611 sancto
2342 3559 2623 3614 Ilierotheo
2655 3553 2903 3623 ostendit,
2942 3557 3203 3626 quomodo
3237 3553 3366 3607 Iesu
3397 3556 3646 3608 divinitas
3672 3554 3958 3626 sit-omnia
3989 3553 4039 3603 in

848 3629 1108 3684 omnibus.
1137 3640 1183 3681 et
1211 3645 1370 3695 supra
1402 3622 1615 3693 omnia;
1646 3622 1695 3681 et
1723 3631 1983 3696 quomodo
2028 3628 2269 3682 Christus
2295 3640 2540 3682 naturam
2576 3642 2807 3682 nostram
2857 3622 3019 3689 supra
3059 3635 3307 3677 naturam
3345 3626 3694 3694 participarit.
3734 3623 3823 3678 XI.
3872 3622 4037 3676 Deum

846 3697 949 3750 dici
978 3700 1318 3766 multiplicari
1345 3700 1470 3751 dum
1503 3714 1584 3751 res
1612 3700 1846 3753 diversas
1878 3700 2146 3768 producit,
2173 3717 2292 3755 eum
2323 3711 2496 3753 tamen
2529 3702 2583 3753 in
2618 3705 2767 3753 rebus
2790 3698 3031 3752 omnibus
3067 3711 3229 3749 unum
3257 3709 3388 3750 esse.

2341 3853 2452 3925 §1.

848 3999 1077 4069 Ipsamet
1105 4001 1318 4055 bonitas
1362 4014 1391 4053 a
1432 3998 1602 4055 sacris
1648 3998 1849 4054 litteris
1901 3999 2223 4063 celebratur,
2261 4011 2333 4055 tu-

2519 3998 2627 4071 Τὴν
2654 3997 2944 4070 θεαρχικὴν
2976 3995 3101 4066 ὅλην
3120 3990 3350 4064 ὕπαρξιν
3381 3990 3409 4043 ὃ
3429 4008 3481 4043 τι
3506 3987 3636 4042 ποτέ
3660 3988 3805 4040 ἐστιν
3829 3987 3863 4057 ἡ
3891 3984 4037 4039 αὺτο-

1147 2211 1309 2283 315
1379 2204 1758 2297 CAPUT
1834 2208 1973 2294 It.
2383 2200 2425 2255 ³

775 2338 855 2393 De
884 2342 1133 2410 copulata
1156 2341 1509 2414 distinctaque
1538 2344 1817 2414 theologia,
1848 2355 1895 2397 ct
1921 2360 2038 2414 qua:
2064 2348 2129 2398 sit
2170 2347 2349 2401 divina

1301 2413 1426 2466 unio
1456 2423 1503 2466 et
1534 2413 1819 2467 distinctio.

777 4100 884 4146 tam
930 4093 1218 4147 essentiam
1269 4094 1531 4159 divinam,
1560 4094 1818 4164 quidquid
1862 4095 2074 4148 tandem
2107 4096 2200 4161 sit,
2230 4096 2349 4151 dili-

777 4181 979 4237 nivisse
1008 4191 1172 4252 atque
1202 4182 1544 4253 explanasse.
1589 4183 1727 4251 Quid
1771 4185 1914 4238 enim
1945 4184 2088 4239 aliud
2127 4200 2189 4240 ex
2237 4187 2351 4242 elo-

775 4275 920 4345 quiis
972 4276 1141 4329 sat-ris
1198 4276 1573 4345 cognoscimus
1625 4292 1747 4330 cum
1821 4276 2107 4345 ipsummet
2182 4277 2346 4334 Deum

778 4367 995 4421 tradunt
1024 4382 1082 4421 se
1112 4368 1442 4437 designanda
1472 4369 1675 4422 dixisse
1708 4385 1721 4421 :
1755 4367 1898 4433 Quid
1945 4385 2026 4422 me
2057 4369 2351 4439 interrogas

776 4458 840 4511 de
886 4459 1059 4511 bona?
1100 4475 1248 4512 nemo
1284 4459 1467 4525 bonus,
1499 4462 1599 4513 nisi
1632 4459 1773 4514 solus
1822 4460 1963 4514 Deus
1996 4470 2045 4514 1.
2081 4460 2192 4518 Hoc
2230 4464 2351 4518 aliis

777 4549 939 4603 etiam
992 4550 1123 4605 locis
1169 4566 1197 4604 a
1247 4552 1400 4606 nobis
1445 4566 1741 4620 expensum
1790 4553 2215 4607 demonstratum
2269 4563 2352 4618 est

778 4644 959 4697 omnia
990 4645 1204 4697 nomina
1238 4644 1419 4698 divina
1451 4645 1632 4715 ,Deum
1666 4646 1908 4700 decentia
1954 4663 2059 4701 non
2091 4647 2143 4701 in
2174 4658 2348 4716 parte,

779 4736 873 4792 sed
908 4737 961 4789 in
997 4746 1104 4791 tota
1139 4746 1189 4791 et
1222 4736 1486 4806 perlecta,
1514 4749 1569 4794 et
1614 4739 1822 4809 integra
1879 4750 1931 4794 et
1962 4741 2117 4809 plena
2151 4741 2349 4794 divini-

782 4836 889 4884 tate
919 4843 947 4881 a
977 4826 1274 4899 Scripturis
1303 4832 1506 4886 sanctis
1554 4831 1786 4896 laudari,
1821 4842 1869 4886 et
1899 4832 2010 4903 ipsa
2039 4834 2220 4887 omnia
2251 4835 2349 4887 im-

778 4922 1114 4991 participate,
1142 4923 1412 4988 absolute,
1439 4924 1555 4978 sine
1585 4926 1967 4981 observatione
1994 4926 2157 4981 ullius
2188 4921 2346 4981 ditl‘e-

780 5017 994 5081 rentiae,
1021 5017 1290 5082 universe,
1322 5017 1387 5071 ad
1418 5032 1631 5071 omnem
1676 5020 2085 5074 universitatem
2122 5035 2186 5075 ex
2236 5030 2350 5074 toto

780 5107 1052 5176 perfectas,
1085 5116 1139 5162 et
1168 5110 1331 5164 totius
1367 5108 1664 5163 divinitatis
1714 5110 1926 5165 referri.
1959 5112 2260 5181 Siquidem,
2295 5123 2351 5165 ut

780 5198 832 5253 ln
884 5196 1201 5271 theologicis
1263 5201 1733 5259 informationibns
1802 5205 2183 5265 meminimus,
2246 5204 2350 5258 nisi

853 5396 880 5436 τι
905 5384 1098 5440 Matth.
1122 5388 1341 5453 “3,17.

2452 4090 2723 4161 αγαθὸτης
2748 4088 3077 4159 ἀφορίζουσα
3094 4086 3187 4138 καὶ
3207 4082 3536 4152 ἐκφαίνουσα
3555 4080 3691 4150 πρὸς
3711 4078 3822 4130 τῶν
3844 4077 4034 4144 λογίων

2453 4180 2688 4252 ὕμνηται
2711 4182 2773 4232 ⁵ο.
2798 4180 2904 4232 Καὶ
2930 4178 2981 4231 τί
3002 4178 3109 4248 γὰρ
3137 4175 3263 4229 ἄλλο
3293 4172 3482 4244 μαθεῖν
3508 4172 3655 4224 ἔστιν
3678 4170 3742 4222 ἐκ
3763 4170 3865 4240 τῆς
3893 4170 4036 4239 ἱερᾶς

2454 4272 2750 4340 θεολογίας,
2767 4271 2965 4323 ὁπόταν
2994 4270 3125 4339 φησὶ
3144 4268 3239 4338 τὴν
3258 4266 3514 4338 θεαρχίαν
3535 4263 3703 4334 αὐτὴν
3721 4262 4036 4334 ὑφηγουμέ-

2454 4385 2549 4436 νην
2578 4369 2769 4418 είπεῖν·
2798 4366 2856 4418 Τι’
2868 4382 2941 4433 με
2960 4359 3177 4431 ἐρωτᾷς
3194 4363 3258 4391 ⁶⁰“
3283 4361 3413 4428 περὶ
3431 4357 3535 4411 τοῦ
3553 4357 3799 4427 dmﬁoﬁ;
3840 4356 4036 4420 οὐδεὶς

2456 4459 2696 4529 ἀγαθὸς,
2722 4460 2773 4511 εὶ
2784 4456 2868 4526 μὴ
2882 4457 3066 4526 μόνος
3083 4457 3113 4507 ό
3134 4452 3470 4518 Θεός.Τοῦτο
3497 4452 3590 4521 μὲν
3611 4446 3734 4535 οὖν,
3748 4449 3844 4501 καὶ
3872 4450 3931 4500 ὲν
3949 4447 4033 4501 ἀ)-

2455 4550 2566 4614 λοις
2595 4549 2898 4616 ὲξετασθὲν,
2926 4551 3055 4619 ἡμῖν
3083 4546 3456 4600 ἀποδέδεικται
3480 4586 3493 4609 ,
3523 4544 3583 4596 τὸ
3614 4544 3792 4605 πάσας
3821 4543 3910 4594 ἀεὶ
3942 4541 4034 4601 τὰς

2456 4645 2777 4714 θεοπρεπεῖς
2803 4641 3105 4711 θεωνυμίας
3122 4642 3163 4672 ⁶¹
3181 4641 3239 4692 οὑ
3263 4638 3522 4709 μερικῶς,
3544 4636 3659 4690 ἀλλ’
3678 4637 3772 4688 ἐπὶ
3789 4637 3889 4705 τῆς
3910 4635 4032 4703 ὅλης

2454 4739 2547 4789 καὶ
2572 4735 2866 4798 παντελοῦς
2889 4776 2901 4798 ,
2930 4738 3021 4787 καὶ
3042 4733 3332 4806 ὁλοκλήρου
3370 4733 3463 4786 καὶ
3505 4731 3744 4803 πλήρους
3783 4730 4033 4799 θεότητος

2455 4831 2559 4883 ὑπὸ
2584 4830 2690 4883 τῶν
2709 4829 2900 4896 λογίων
2919 4826 3217 4897 ὑμνεῖσθαι,
3243 4827 3335 4878 καὶ
3368 4826 3541 4887 πάσας
3575 4822 3766 4886 αὐτὰς,
3789 4820 4030 4892 ἁμερὼς,

2458 4924 2759 4986 ἀπολύτως,
2788 4921 3243 4992 ἀπαρατηρήτως,
3276 4918 3491 4981 ὁλικῶς,
3518 4916 3705 4986 ἁπάσῃ
3734 4918 3800 4985 τῇ
3824 4914 4029 4983 ὁλότητι

2450 5020 2548 5089 τῆς
2593 5013 2888 5077 ὁλοτελοῦς,
2936 5014 3025 5065 καὶ
3074 5011 3251 5080 πάσης
3292 5008 3542 5079 θεότητος
3586 5005 3929 5059 ἀνατίθεσθαι
3951 5006 4022 5070 ξ’.

2454 5110 2562 5162 Καὶ
2587 5106 2737 5177 γοῦν,
2773 5107 2848 5169 ὡς
2879 5107 2934 5157 ὲν
2956 5108 3075 5168 ταῖς
3102 5103 3431 5170 θεολογικαῖς
3462 5098 3869 5153 ὑποτυπώσεσιν
3896 5098 4025 5148 '31::-

2461 5205 2761 5275 μνήσαμεν,
2808 5202 2855 5252 εί
2905 5198 2977 5268 μὴ
3030 5198 3157 5269 περὶ⁹
3209 5195 3305 5266 τῆς
3332 5194 3458 5265 ὅλης
3506 5192 3756 5264 θεότητος
3782 5190 3909 5259 φαίη
3942 5203 4022 5251 τις

2060 5564 2297 5621 VARUE
2333 5562 2734 5619 LECTIONES.

856 5727 902 5761 “’
928 5727 1194 5800 ὑμνεῖται,
1229 5728 1286 5784 S.
1320 5730 1409 5785 Sc.
1443 5727 1561 5783 Sar.
1622 5728 2001 5799 ⁵⁰⁴ὲπερωτᾷς,
2036 5723 2089 5783 S.
2121 5724 2181 5785 P.
2215 5722 2314 5781 Ch.

2418 5724 2455 5756 ⁶¹
2490 5725 2820 5792 ἐπωνυμίας,
2851 5720 2907 5775 S.
2939 5720 3003 5775 Sc

3125 5717 3168 5749 ⁵³
3200 5711 3599 5775 ἀνατείνεσθαι,
3622 5706 3677 5760 S.
3710 5704 3766 5759 P.
