4176 6308
748 306 852 360 639
1944 307 2001 365 S.
2038 307 2335 364 DIONYSII
2369 308 2397 363 Α

2389 308 2829 367 ιιιΕοΡΑοιΤιΕ
3914 317 4038 373 640

747 423 1040 493 quamdam
1066 422 1438 485 introducere,
1456 438 1535 477 na:
1560 423 1627 486 is,
1652 434 1841 480 nostro
1864 424 2090 492 judicio,
2118 427 2325 494 ejusce-
2358 434 2396 491 Α

2389 446 2403 489 λ
2434 430 2594 499 ἡμεῖς
2623 427 2745 482 οὔτε
2779 430 2939 483 αὑτὸν
2967 431 3008 459 ⁷⁷
3035 428 3254 500 οἰόμεθα
3294 429 3500 483 πείθειν
3524 432 3729 494 ἱκανὸν,
3762 433 3842 497 ὼς
3867 437 4038 487 ἐστιν

750 516 893 571 modi
918 516 1235 582 olijertiouis
1251 516 1530 570 veritatem
1551 518 1780 585 probare
1806 533 2076 585 nunquam
2107 517 2323 585 poterit.

2430 520 2655 593 ἀληθής.
2674 524 2735 574 Ei
2765 523 2864 594 μὲν
2892 523 2999 595 γάρ
3026 523 3140 575 ἐστί
3170 540 3253 585 τις
3281 523 3416 587 ὅλως
3452 525 3481 575 ὁ
3517 528 3629 587 τοῖς
3652 523 3858 592 λογίοις
3894 528 4035 579 div:-

750 609 884 663 Nam
930 608 1090 677 317
1120 609 1167 661 si
1211 608 1333 661 talis
1368 609 1545 677 sitqui
1570 610 1794 664 omnino
1817 612 1990 665 sacris
2018 611 2327 665 litteris-re-

2427 615 2808 684 ανιστὰμενος,
2854 615 3042 687 πόρρω
3087 632 3185 667 που
3214 616 3433 678 πάντως
3461 616 3610 669 ἔσται
3637 618 3860 687 καὶτῆς
3893 618 4033 670 καθ’

750 704 933 764 sistat.
965 717 993 753 a
1025 700 1356 769 philosophia
1386 716 1597 769 quoque
1619 713 1799 757 nostra
1824 703 2008 771 procul
2036 703 2324 758 admodum

2427 701 2575 768 ἡμᾶς
2610 700 2924 770 φιλοσοφίας
2986 703 3078 756 καὶ
3108 704 3155 754 εἰ
3186 702 3259 774 μὴ
3284 722 3383 775 της
3410 707 3473 758 ἐκ
3507 705 3614 759 τῶν
3639 705 3838 775 λογίων
3864 709 4033 777 αὐτῷ

750 793 925 847 aberit
984 813 995 846 :
1048 803 1099 846 et
1144 795 1244 848 nisi
1286 792 1358 845 illi
1396 809 1538 846 cura;
1573 793 1644 846 sit
1686 794 1865 847 divina
1902 809 2179 849 sacrarum
2235 796 2324 849 lit-

2431 791 2714 859 θεοσοφίας
2758 794 2929 864 μέλει,
2968 796 3082 860 πῶς
3112 797 3176 850 ἂν
3214 799 3345 867 ἡμῖν
3386 798 3609 869 μελησει
3641 800 3740 870 τῆς
3784 802 3878 851 ἐπὶ
3918 799 4030 869 τὴν

753 896 993 940 terarum
1042 885 1311 953 sapientia
1341 926 1355 947 ,
1414 886 1679 952 quomodo
1731 885 1883 940 nobis
1927 902 2070 941 cura:
2115 887 2222 941 erit
2269 896 2328 940 ut

2428 882 2746 957 θεολογικὴν
2784 888 3093 958 ἐπιστήμην
3124 888 3288 941 αὑτοῦ
3314 889 3710 959 χειραγωγίας;
3746 893 3811 943 ΕΞ
3849 893 3906 945 δὲ
3941 896 4028 955 εἰς

752 977 927 1047 ipsum
995 980 1059 1031 ad
1110 979 1389 1032 scientiam
1448 979 1799 1049 theologicam
1861 981 2325 1035 manudueamus?

2426 976 2523 1048 τὴν
2564 976 2667 1031 τῶν
2703 979 2896 1047 λογίων
2941 981 2985 1011 ⁷⁸
3029 981 3283 1052 ἀλήθειαν
3328 982 3658 1047 ἀποσκοπεῖ,
3696 986 3873 1055 τούτῳ
3921 987 4030 1039 καὶ

753 1071 849 1127 Sin
894 1072 1238 1139 eloquiorum
1272 1071 1486 1125 veritati
1529 1074 1792 1135 attendat,
1822 1087 1921 1127 nos
1953 1074 2055 1127 ista
2108 1089 2323 1141 quoque

2428 1069 2589 1137 ἡμεῖς
2615 1070 2798 1123 κανόνι
2827 1073 2920 1124 καὶ
2947 1072 3083 1141 φωτὶ
3113 1074 3156 1104 ⁷⁹
3187 1071 3455 1143 χρώμενοι
3495 1074 3630 1145 πρὸς
3673 1076 3771 1147 τὴν
3816 1078 4028 1129 ἀπολο-

753 1164 941 1233 regula
972 1165 1197 1231 luceque
1228 1162 1369 1225 freti,
1404 1162 1469 1217 ad
1500 1163 1824 1219 reddendam
1871 1178 1972 1233 pro
2000 1164 2210 1219 viribus
2238 1180 2323 1219 ra-

2427 1160 2571 1221 γίαν,
2598 1161 2672 1224 ὡς
2698 1156 2798 1214 οἷοί
2823 1162 2882 1213 τέ
2909 1164 3091 1232 ἐσμεν,
3120 1163 3349 1227 ἁκλινῶς
3386 1165 3733 1237 βαδιούμεθα,
3772 1169 4027 1237 φάσκον-

754 1257 954 1310 tionem
988 1257 1104 1311 siue
1155 1257 1606 1325 tergiversatione
1651 1258 2086 1324 pr0perabitnus.
2138 1257 2325 1313 dicen-

2427 1268 2537 1317 τες,
2573 1252 2648 1316 ὡς
2675 1254 2707 1319 ὴ
2737 1252 2984 1324 θεολογία
3008 1260 3077 1308 τα
3105 1256 3201 1327 μὲν
3229 1257 3521 1327 ἡνωμὲνως
3552 1259 3905 1329 παραδίδωσι,
3945 1262 4024 1313 τὰ

752 1355 867 1409 tes,
918 1349 1248 1419 theologiam
1294 1350 1510 1418 quidem
1578 1348 1833 1403 nonnulla
1884 1349 2172 1418 copulatim
2218 1357 2327 1403 tra-

2426 1345 2481 1398 δὲ
2506 1344 2962 1417 διακεκριμένως·
3002 1350 3094 1401 καὶ
3131 1347 3251 1401 οὔτε
3276 1347 3345 1401 τὰ
3371 1349 3622 1420 ἡνωμένα
3653 1350 3884 1419 διαιρεῖν
3920 1352 4022 1405 θε-

751 1440 903 1504 dere,
930 1441 1172 1509 quaedam
1205 1454 1336 1493 vero
1368 1440 1655 1502 distincte;
1691 1453 1863 1507 neque
1904 1438 1986 1492 fas
2011 1452 2132 1492 esse
2158 1453 2325 1503 copu-

2430 1438 2604 1499 μιτὸν,
2632 1435 2753 1487 οὕτε
2780 1436 2847 1489 τὰ
2870 1436 3259 1510 διακεκριμένα
3288 1442 3505 1508 συγχεῖν
3526 1457 3540 1469 ·
3568 1440 3683 1494 ἀλλ’
3708 1442 4023 1511 ἑπομένους

751 1530 863 1584 lata
928 1531 1280 1602 disjungere,
1332 1546 1433 1585 nec
1494 1531 1749 1587 distincta
1811 1529 2185 1593 confundere.
2230 1530 2325 1583 sed

2426 1528 2564 1599 αὐτῇ
2593 1529 2733 1581 κατὰ
2758 1528 3005 1599 δύναμιν,
3036 1531 3127 1583 ἐπὶ
3158 1530 3256 1595 τὰς
3280 1531 3431 1594 θείας
3474 1533 3842 1605 μαρμαρυγὰς
3878 1541 4020 1585 ἀνα-

753 1624 1056 1692 Scripturis
1119 1625 1419 1678 insistendo
1470 1640 1567 1693 pro
1617 1625 1761 1677 virili
1832 1624 1898 1676 ad
1945 1622 2155 1677 divinos
2207 1636 2327 1677 esse

2426 1620 2627 1673 νεύειν·
2656 1622 2747 1674 καὶ
2774 1621 2882 1695 γὰρ
2908 1622 3115 1675 ἐκεῖθεν
3137 1622 3237 1687 τὰς
3264 1623 3412 1687 θείας
3441 1624 3797 1697 ὲκφαντορίας
3825 1643 4016 1703 παρα-

751 1720 1067 1789 splendores
1100 1721 1477 1789 aspirandum;
1530 1721 1783 1789 quoniam
1813 1719 1936 1772 inde
1979 1718 2191 1773 divinas
2233 1733 2325 1772 ex-

2426 1711 2700 1777 λαὸόντες,
2726 1712 2912 1785 ὥσπερ
2938 1713 3056 1767 τινὰ
3091 1715 3289 1768 κανόνα
3323 1716 3603 1771 κάλλιστον
3638 1717 3915 1787 ἀληθείας,
3940 1718 4017 1770 τὰ

753 1816 1096 1883 planationes
1146 1830 1243 1870 ceu
1294 1814 1581 1883 quamdam
1632 1813 1879 1866 veritatis
1924 1812 2164 1882 regulam
2210 1812 2327 1883 pul-
2359 1798 2401 1855 Β

2369 1800 2401 1855 Β
2431 1807 2548 1857 ἐκεῖ
2595 1806 2821 1877 κείμενα
2888 1811 3142 1879 φρουρεῖν
3190 1810 3247 1861 ὲν
3291 1812 3503 1873 ἑαυτοῖς
3548 1810 3865 1881 ἀπλὴθυντα
3916 1812 4018 1863 καὶ

753 1906 1123 1969 obex-rimam,
1184 1906 1510 1974 accipimus,
1574 1904 1699 1956 dum
1766 1914 1885 1972 quae
1930 1904 2003 1957 ibi
2056 1912 2183 1957 sunt
2238 1918 2326 1957 re-

2430 1901 2676 1971 ἀμείωτα
2703 1902 2795 1954 καὶ
2820 1902 3215 1974 ἀπαράτρεπτα
3244 1904 3563 1975 σπεύδομεν,
3594 1906 3652 1958 ἐν
3686 1908 3751 1976 τῇ
3797 1905 4018 1975 φρουρᾷ

753 1996 1001 2059 condita,
1028 1995 1163 2049 nihil
1210 1996 1478 2059 addendo,
1512 1994 1647 2049 nihil
1698 1993 2018 2061 minuendo,
2047 1994 2181 2048 nihil
2212 2009 2333 2063 per-

2431 1993 2539 2045 τῶν
2562 1992 2755 2062 λογίων
2772 1993 3160 2066 φρουρούμενοι
3191 1996 3285 2048 καὶ
3308 1996 3441 2067 πρὸς
3465 1997 3642 2049 αὐτῶν
3680 1996 3834 2060 εἰςτὸ
3851 2013 4016 2067 φρου-

754 2088 1055 2153 vertendo,
1110 2088 1164 2142 in
1237 2088 1639 2157 nobismetipsis
1686 2102 2013 2142 conservare
2084 2088 2330 2148 nitimur,

1986 2104 2013 2142 e
2084 2088 2330 2148 nitimur.
2438 2087 2662 2158 ροῦντας
2688 2085 2824 2140 αύτά
2852 2088 3201 2159 φρουρεῖσθαι
3223 2089 3635 2161 δυναμούμενοι.

755 2195 917 2254 atque
965 2185 1061 2253 ipsi
1106 2186 1323 2241 interim
1376 2186 1711 2255 eloquiorum
1761 2182 2010 2241 custodia
2068 2196 2483 2248 conservamur,
2515 2198 2615 2235 nee
2669 2196 2774 2235 non
2826 2183 2893 2236 ab
2942 2182 3132 2236 iisdem
3176 2182 3242 2235 ad
3270 2197 3458 2239 eorum
3502 2180 3885 2240 observatores
3917 2186 4014 2241 de—

756 2277 1050 2333 fendendos
1077 2278 1223 2333 vires
1258 2280 1583 2349 accipimus.

2269 2386 2440 2462 θυι.

823 2535 1052 2590 Nomina
1090 2536 1271 2606 itaque
1313 2536 1565 2606 copulata
1598 2536 1651 2590 in
1680 2552 1846 2590 unttm
1885 2536 1938 2589 in
1972 2544 2086 2591 tota
2126 2534 2323 2588 divini-

2504 2526 2585 2581 Τὰ
2620 2526 2715 2595 μὲν
2750 2520 2840 2579 οὖν
2874 2525 3127 2597 ἡνωμένα
3168 2526 3265 2597 τῆς
3292 2523 3419 2595 ὅλης
3448 2524 3693 2596 θεότητος
3734 2527 3904 2589 ἐστιν,
3934 2529 4011 2591 ὡς

756 2636 886 2694 tate,
919 2639 977 2682 ut
1028 2629 1083 2682 in
1135 2630 1451 2700 theologicis
1498 2629 1977 2687 infortnationibus
2012 2627 2219 2697 prolixe
2258 2642 2321 2679 ex

2432 2620 2489 2673 ὲν
2518 2621 2637 2681 ταῖς
2668 2617 3000 2686 θεολογικαῖς
3030 2618 3413 2670 ὑποτυπώσεσι
3431 2617 3519 2670 διὰ
3538 2618 3796 2673 πλειόνων
3819 2622 3881 2672 ἐκ
3900 2620 4010 2674 τῶν

758 2722 1056 2791 Scripturis
1112 2725 1283 2777 sacris
1333 2725 1843 2789 demonsuavimus,
1909 2732 2076 2785 sunt,
2133 2735 2327 2789 supra-

2432 2712 2627 2779 λογίων
2674 2712 3052 2781 ἀπεδείξαμεν,
3104 2711 3165 2763 τὸ
3205 2710 3569 2781 ὑπεράγαθον,
3616 2711 3675 2763 τὸ
3720 2712 4008 2783 ύπέρθεον,

757 2831 920 2883 quam
972 2818 1163 2881 bonus,
1202 2832 1529 2886 supraquam
1588 2820 1745 2883 Dens,
1798 2830 2128 2885 supraquam
2194 2816 2325 2868 sub-

2432 2805 2492 2858 τὸ
2522 2804 2863 2875 ὑπερούσιον,
2896 2804 2957 2855 τὸ
2984 2802 3282 2874 ὺπέρζωον,
3325 2804 3386 2856 τὸ
3421 2804 3747 2876 ὑπέρσοφον,
3780 2808 3875 2858 καὶ
3910 2808 4010 2858 ὅσα

758 2909 1001 2971 stantia.
1053 2926 1381 2979 supraquam
1438 2912 1645 2976 vivens,
1697 2924 2025 2979 supraquam
2084 2907 2325 2976 sapiens,

2433 2896 2533 2966 τῆς
2574 2896 2900 2967 ὑπεροχικῆς
2944 2897 3090 2949 ἐστιν
3130 2896 3496 2967 ἀφαιρέσεως·
3534 2894 3649 2966 μεθ’
3686 2894 3760 2949 ὧν
3805 2901 3900 2955 καὶ
3946 2898 4012 2949 τὰ

757 3008 811 3051 et
843 3014 1180 3069 quaecunque
1204 3012 1328 3055 sunt
1358 3002 1645 3057 ablationts
1671 3002 1967 3056 secundum
1993 3016 2329 3070 exsuperan-

2434 2988 2769 3058 αἰτιολογικὰ
2815 2989 3013 3053 πάντα,
3044 2988 3104 3042 τὺ
3149 2988 3372 3056 ἀγαθὸν,
3410 2988 3476 3041 τὸ
3515 2989 3695 3051 καλὸν,
3736 2990 3797 3041 τὸ
3842 2990 3923 3051 ὃν,
3954 2990 4012 3041 τὸ

760 3090 923 3156 tiam;
958 3106 1079 3145 cum
1109 3093 1303 3161 quibus
1339 3104 1693 3148 numerantur
1716 3100 1895 3149 omnia
1926 3110 2047 3163 qua:
2073 3095 2140 3147 ad
2168 3096 2328 3148 ratio-

2437 3083 2722 3152 ζωογόνον,
2759 3082 2821 3135 τὸ
2863 3082 3045 3150 σοφὸν,
3074 3081 3169 3133 καὶ
3211 3083 3310 3133 ὅσα
3354 3081 3419 3133 ἐκ
3458 3080 3565 3132 τῶν
3608 3080 4013 3151 ἀγαθοπρεπῶν

760 3197 880 3235 nem
912 3198 1090 3237 causa:
1119 3185 1416 3252 pertinent,
1443 3186 1667 3247 bonum,
1693 3186 2000 3253 pulchrum,
2032 3186 2327 3250 exsisteus.
2356 3179 2400 3239 C

2362 3179 2400 3239 C.
2434 3179 2603 3249 αὐτῆς
2630 3175 2866 3247 δωρεῶν,
2899 3172 2931 3247 ἡ
2963 3175 3178 3227 πάντων
3212 3172 3431 3242 ἀγαθῶν
3466 3173 3613 3226 αἰτία
3640 3172 4011 3244 κατονομάζε-

759 3275 1059 3339 νὶνίἐίειιιιι,
1086 3277 1325 3345 sapiens,
1354 3286 1408 3331 et
1431 3293 1771 3347 quaecunque
1795 3287 2006 3331 suntex
2030 3278 2190 3333 donis
2214 3276 2333 3346 ejus

2433 3288 2521 3322 ται
2546 3286 2559 3301 ο
2584 3268 2652 3322 τὰ
2673 3269 2729 3322 δὲ
2750 3267 3157 3338 διακεκριμένα,
3174 3266 3234 3318 τὸ
3260 3265 3471 3337 Πατρὺς
3488 3266 3534 3297 ⁸ο
3556 3267 3881 3330 ὑπερουσιον
3900 3266 4015 3319 ὄνυ-

761 3384 880 3437 qua:
930 3369 1224 3422 bonitatem
1274 3367 1390 3435 ejus
1433 3370 1647 3433 decent,
1682 3385 1708 3421 a
1742 3370 1940 3438 quibus
1966 3371 2208 3425 omnium
2240 3371 2331 3425 bo.

2438 3380 2514 3433 μα
2541 3362 2635 3415 καὶ
2661 3360 2871 3433 χρῆμα,
2902 3361 2997 3413 καὶ
3019 3359 3174 3424 Υίοῦ,
3202 3360 3297 3412 καὶ
3326 3358 3640 3428 Πνεύματος
3653 3358 3721 3420 ⁸⁸,
3758 3358 4014 3427 οὐδεμιᾶς

763 3478 953 3516 ιιοι-ιιιη
985 3477 1145 3517 causa
1191 3464 1519 3517 nominatur.
1557 3464 1798 3518 Disereta
1842 3479 1971 3518 vero
2001 3474 2127 3518 sunt
2157 3463 2335 3519 Patris

2436 3456 2493 3507 ὲν
2518 3454 2724 3515 τούτοις
2749 3448 3131 3522 ἀντιστροφῆς,
3167 3450 3198 3520 ἢ
3227 3450 3361 3513 ὅλως
3390 3450 3695 3521 κοινότητος
3726 3451 4016 3518 ἐπεισαγο-

763 3556 1281 3623 suprasubstantiale
1308 3571 1520 3622 nomen,
1548 3566 1603 3609 et
1626 3571 1737 3618 res,
1764 3567 1819 3611 et
1843 3556 1989 3624 Filii,
2013 3568 2069 3611 et
2096 3556 2333 3626 Spiritus

2440 3548 2625 3618 μένης.
2652 3547 2806 3598 Ἔστι
2848 3545 2903 3598 δὲ
2933 3540 3253 3616 αὖθιςππρὸς
3270 3543 3443 3615 τούτῳ
3458 3543 3503 3575 ⁸³
3530 3541 3946 3613 διακεκριμένον
3983 3547 4012 3614 ἡ

762 3649 963 3711 sancti,
998 3648 1138 3701 nulla
1190 3648 1242 3701 in
1292 3647 1374 3702 his
1424 3649 1566 3702 facta
1616 3650 2062 3718 reciprocatione,
2091 3664 2192 3706 nec
2226 3649 2331 3703 ulla

2437 3638 2558 3691 καθ’
2587 3640 2732 3710 ἡμᾶς
2770 3637 2944 3709 Ἰησοῦ
2970 3636 3232 3707 παντελὴς
3264 3636 3357 3688 καὶ
3380 3635 3732 3700 ἀναλλοίωτος
3756 3635 4014 3706 ὓπαρξις,

766 3755 986 3809 prorsus
1011 3741 1395 3796 communitate
1448 3742 1778 3796 introducta.
1809 3741 1905 3796 Est
1932 3751 2191 3810 praaterea
2223 3743 2333 3798 die-

2438 3732 2533 3784 καὶ
2571 3730 2670 3784 ὅσα
2713 3730 2813 3801 τῆς
2853 3731 2973 3785 κατ’
2997 3731 3166 3802 αὑτήν
3200 3730 3315 3782 ἐστι
3355 3728 3759 3799 φιλανθρωπίας
3780 3729 4014 3799 οὺσιώδη

768 3843 913 3885 creta
946 3848 1008 3887 ac
1034 3833 1313 3896 distincta,
1344 3834 1605 3901 perlecta,
1643 3835 1783 3889 sicut
1822 3837 1874 3887 in
1908 3835 2084 3901 nobis,
2114 3846 2172 3890 et
2227 3837 2327 3889 im-
2445 3824 2736 3895 sumpta-

772 3928 1053 3981 mutahilis
1078 3927 1207 3981 Jesn
1236 3926 1490 3988 essentia,
1524 3936 1578 3981 et
1610 3942 1948 3997 quaecunque
1975 3934 2100 3983 sunt
2132 3940 2336 4000 myste-

781 4016 859 4071 ria
897 4019 1279 4075 substantialis
1307 4020 1662 4076 humanitatis
1695 4019 1831 4088 eius.

2299 4159 2327 4232 ς
2361 4158 2468 4219 IV.

841 4301 1090 4356 Arbitror
1115 4310 1294 4358 autem
1324 4306 1599 4375 expedire,
1625 4315 1682 4359 ut
1714 4307 1957 4361 nonnihil
1984 4308 2149 4363 altius
2179 4322 2327 4364 resu—
2369 4315 2412 4370 D

2369 4315 2412 4370 D
2510 4306 2630 4379 Χρὴ
2676 4306 2753 4363 δὲ.
2795 4306 2870 4370 ὡς
2910 4301 3084 4376 οἶμαι,
3123 4304 3319 4377 μᾶλλον
3350 4302 3714 4365 ἀναλαϐόντας
3752 4304 3902 4373 ἡμᾶς
3931 4304 4018 4355 τὸν

773 4395 969 4448 mendo
997 4394 1431 4462 perfectissimus
1461 4398 1551 4453 ille
1577 4399 1772 4453 divinae
1804 4401 2022 4455 unionrs
2048 4416 2113 4455 ac
2140 4400 2337 4455 distin-

2445 4398 2683 4471 παντελῆ
2712 4398 2814 4469 τῆς
2849 4398 2998 4462 θείας
3028 4397 3271 4460 ἑνώσεώς
3293 4413 3354 4448 τε
3387 4397 3481 4449 καὶ
3515 4395 3839 4467 διακρίσεως
3870 4394 4020 4447 ἐκθέ-

770 4486 969 4541 ctionis
998 4495 1187 4542 modus
1222 4490 1561 4565 explanetur,
1590 4506 1697 4560 quo
1741 4492 1895 4547 nobis
1943 4501 2120 4548 oratio
2158 4494 2335 4548 omnis

2447 4491 2568 4546 σθαι
2595 4493 2813 4565 τρόπον,
2833 4493 2980 4556 ὅπως
3007 4491 3071 4545 ἂν
3096 4492 3224 4561 ἡμῖν
3256 4488 3583 4551 εὐσύνοπτος
3608 4489 3640 4540 ὁ
3667 4489 3773 4549 πᾶς
3798 4487 4020 4555 ἐγγένη-

774 4578 845 4634 ita
874 4579 944 4632 sit
970 4589 1177 4644 aperta,
1206 4591 1266 4635 ut
1310 4558 1629 4637 varietaietn
1662 4585 1883 4654 quidem
1908 4600 2124 4641 omnem
2152 4596 2209 4641 et
2234 4587 2337 4641 ob-

2443 4603 2534 4639 ται
2560 4558 2736 4655 λόγος,
2764 4585 2825 4638 τὸ
2854 4585 2951 4656 μὲν
2980 4558 3219 4637 ποικίλον
3251 4583 3396 4637 ἅπαν
3425 4583 3519 4634 καὶ
3544 4580 3749 4648 ἀσαφὲς
3787 4581 4018 4632 ἀπαναι‹

775 4670 1087 4724 scuritatem
1119 4672 1385 4739 repudiet,
1415 4674 1667 4729 distincte
1708 4692 1885 4731 autem
1926 4693 1990 4734 ac
2029 4679 2210 4748 plane.
2243 4696 2332 4734 or-

2447 4679 2686 4749 νόμενος,
2717 4678 3065 4749 εὐδιακρίτως
3104 4676 3159 4728 δὲ
3187 4676 3279 4729 καὶ
3312 4674 3495 4743 σαφῶς
3531 4672 3624 4726 καὶ
3651 4671 3930 4732 εὐτάκτως
3956 4670 4017 4721 τὰ

774 4761 1006 4831 dineque
1035 4779 1153 4821 quae
1186 4766 1401 4829 propria
1428 4775 1572 4834 sunt,
1604 4771 1782 4837 quoad
1812 4768 1931 4835 ejus
1978 4770 2093 4825 ﬁeri
2136 4782 2335 4841 potest,

2446 4773 2618 4825 οἰκεῖα
2643 4771 2785 4824 κατὰ
2816 4770 3042 4839 δύναμιν
3080 4768 3363 4840 ὁροθετῶν.
3390 4764 3627 4820 Καλοῦσι
3662 4765 3767 4835 γὰρ
3785 4764 3853 4825 ⁸³,
3888 4764 4016 4832 ὅπερ

774 4855 1017 4909 deﬁniat.
1042 4854 1385 4923 Theologicze
1416 4872 1613 4915 nostra:
1643 4864 2227 4920 traditionisauctores
2258 4869 2339 4938 (ut

2446 4864 2541 4917 καὶ
2574 4866 2629 4917 ὲν
2656 4866 2860 4935 ἑτέροις
2890 4862 3045 4933 ἔφην,
3067 4862 3116 4914 οἱ
3139 4864 3238 4931 τῆς
3260 4860 3380 4913 καθ’
3409 4860 3556 4930 ἡμᾶς
3581 4856 3896 4926 θεολογικῆς
3924 4872 4015 4907 πα-

777 4947 903 5002 alibi
928 4948 1060 5015 dixi)
1093 4948 1304 5004 divinas
1350 4951 1565 5014 quidem
1621 4953 1846 5006 uniones
1889 4962 2086 5008 vocant
2127 4956 2343 5012 abditas

2452 4957 2715 5028 ραδόσεως
2746 4954 3063 5027 ίερομύσται
3092 4954 3187 5016 τὰς
3228 4952 3326 5024 μὲν
3364 4951 3583 5013 ὲνώσεις
3606 4951 3703 5013 τὰς
3728 4948 3901 5010 θείας.
3926 4947 4014 5008 τὰς

778 5042 909 5095 istas
961 5040 1344 5097 collocationes
1398 5044 1517 5111 plus
1552 5063 1712 5114 quam
1740 5044 2029 5102 iucﬂ'abilis
2077 5059 2132 5103 et
2176 5064 2339 5117 supra

2446 5050 2547 5121 τῆς
2592 5050 2973 5121 ὑπεραρῤἡτου
3030 5048 3123 5100 καὶ
3174 5043 3590 5115 ὑπεραγνὼστου
3648 5041 4011 5111 μνιμότητος,

778 5136 995 5189 modum
1031 5135 1227 5202 ignota:
1261 5138 1576 5194 mansionis.
1609 5153 1730 5206 qu:e
1762 5155 2025 5207 nusquam
2059 5156 2182 5196 sese
2214 5158 2341 5211 pro-

2447 5144 2684 5218 κρυφίας
2707 5144 2800 5197 καὶ
2822 5144 3241 5212 ἀνεκφοιτὴτους
3262 5137 3637 5211 ὑπεριδρύσεις
3656 5152 3667 5164 ·
3695 5133 3795 5196 τὰς
3816 5134 4012 5202 διακρί-

779 5227 886 5288 ιΙίι;
917 5227 1295 5283 distinctiones
1338 5244 1485 5293 vero,
1526 5231 1803 5286 henelicas
1842 5234 1932 5287 Dei
1968 5236 2345 5291 entanationes

2450 5252 2562 5299 σεις
2594 5236 2671 5299 δὲ,
2699 5234 2797 5298 τὰς
2822 5234 3222 5304 ἀγαθοπρεπεῖς
3246 5232 3346 5302 τῆς
3373 5230 3646 5302 θεαρχίας,
3676 5226 3933 5299 προόδους
3962 5242 4009 5277 τε

780 5327 834 5373 et
883 5319 1366 5387 manifestationes,
1396 5322 1559 5393 318
1591 5325 1997 5397 assignantque,
2044 5327 2343 5396 Scripturis

2450 5331 2544 5383 καὶ
2564 5329 2850 5397 ὲκφάνσεις
2871 5345 2882 5356 ·
2912 5326 3002 5379 καί
3032 5342 3183 5394 φασι,
3204 5327 3315 5386 τοῖς
3340 5324 3499 5394 ἱεροῖς
3522 5321 3720 5390 λογίοις
3749 5320 4011 5388 ἑπόμενοι,

2052 5535 2291 5592 VARle
2335 5536 2743 5593 LECTIONES.

854 5665 895 5695 ""
920 5665 1063 5741 ob_6’e
1087 5665 1292 5741 ξαυτὸν,
1336 5668 1391 5723 D.
1420 5740 1429 5741 ί
1475 5670 1518 5741 τεξ
1543 5670 1649 5723 τῶν
1678 5670 1835 5725 θείων
1859 5670 2049 5741 λόγων,
2075 5672 2173 5725 Clt.
2254 5672 2297 5703 ⁷³
2324 5673 2415 5726 καὶ
2447 5671 2650 5740 σκοπῷ,
2679 5670 2778 5726 Ch.
2886 5671 2929 5701 ⁸ο
2968 5669 3025 5722 τὸ
3073 5668 3162 5721 τοῦ
3184 5665 3430 5733 Πατρός,
3466 5666 3519 5722 S.
3553 5665 3609 5721 Ρ.
3636 5664 3741 5720 Ch.
3860 5662 3898 5695 ⁸³
3934 5672 4009 5713 κει

786 5734 939 5803 ἅγιον
969 5736 1300 5809 Πνεύματος,
1332 5741 1383 5795 5.
1415 5740 1472 5794 Ρ.
1503 5739 1564 5796 D.
1590 5743 1683 5798 Cb.
1764 5744 1807 5775 ⁸³
1834 5734 2060 5809 τούτοις,
2098 5741 2163 5797 Μ.
2206 5740 2351 5797 δέοι.
2432 5744 2476 5775 ’⁵³
2502 5734 2718 5813 λέγουσι
2742 5742 2867 5815 γάρ,
2901 5741 3035 5795 8.1’.
