4176 6308
827 348 933 405 643

1993 355 2052 411 S.
2084 355 2384 415 DIONYSU
2421 360 2888 421 AREOPAGITA‘S

3979 370 4076 437 ΕΜ

825 465 982 531 Quod
1031 466 1076 521 si
1109 478 1242 521 vero
1281 465 1444 523 etiam
1489 468 1672 524 divina
1696 469 1977 526 distinctio
2008 472 2081 527 sit
2115 476 2372 530 emanatii

2498 478 2743 542 ινώπως
2774 482 2878 552 τῆς
2904 483 3056 549 θείας
3089 486 3521 559 ὑπερηνωμένως
3553 490 3750 561 ἑαυτὴν
3791 494 4077 568 ames-mi

825 558 968 611 bono
1012 559 1337 613 conveniens
1380 561 1576 615 divinae
1624 562 1857 627 unionis,
1896 579 2018 633 quae
2070 580 2396 637 supraquam

826 649 983 701 unite’
1002 648 1245 703 bonitate
1273 650 1365 703 Dei
1399 649 1799 721 multiplicatur
1839 672 1851 707 :
1892 655 2243 709 distinctione
2272 658 2398 725 qui-

824 739 944 793 dem
1003 740 1183 795 divina
1243 743 1409 795 unita:
1462 752 1586 797 sunt
1642 738 2225 816 incomprehensibiles
2281 749 2398 805 ista:

825 832 1364 898 communicationes,
1381 836 1959 904 substantiﬁcationes,
1982 841 2395 908 viviﬁcationes,

824 924 1366 993 sapientiﬁcationes,
1394 928 1610 998 aliaque
1656 930 1957 986 istiusmodi
1987 933 2229 988 omnium
2262 934 2395 990 οιτο-

822 1018 1006 1073 ctricis
1034 1018 1289 1074 bonitatis
1319 1037 1568 1085 munera,
1602 1026 1898 1079 secundum
1929 1042 2052 1096 qua:
2075 1043 2141 1082 ex
2172 1032 2396 1096 partici-

823 1110 1132 1178 pationibus
1154 1121 1209 1166 et
1236 1113 1588 1184 participibus
1612 1115 1901 1172 laudantur
1921 1133 1985 1173 ea
2013 1134 2133 1189 quae
2159 1121 2397 1191 imparti-

820 1223 998 1290 eipate
1020 1225 1437 1293 partietpantur.
1464 1226 1528 1280 Et
1553 1228 1656 1282 hoc
1681 1244 1971 1285 commune
1998 1240 2053 1285 et
2080 1233 2390 1302 copulatum

818 1324 873 1368 et
896 1330 1059 1368 unum
1087 1326 1171 1370 est
1197 1318 1290 1370 toti
1318 1316 1610 1385 divinitati,
1640 1322 1951 1391 participari
1981 1324 2186 1380 scilicet
2220 1326 2389 1395 ipsam

820 1406 885 1457 ab
919 1416 1245 1476 unoquoque
1276 1409 1747 1479 participantium,
1778 1423 1831 1467 et
1856 1429 1885 1466 a
1919 1415 2065 1470 nullo
2092 1408 2236 1471 nulla
2267 1434 2393 1487 par-

818 1506 868 1549 te
902 1517 913 1550 :
945 1496 1085 1551 sicut
1135 1509 1394 1565 punctum
1441 1503 1612 1555 centri
1668 1503 1722 1557 in
1775 1505 1954 1558 medio
2003 1507 2194 1561 circuli
2228 1517 2282 1561 et
2322 1510 2390 1564 ab

814 1589 1067 1645 omnibus
1102 1588 1259 1645 lineis
1292 1592 1481 1657 rectis,
1516 1609 1638 1663 qua:
1680 1604 1807 1648 sunt
1840 1596 1890 1649 in
1920 1596 2123 1652 circulo
2155 1599 2391 1653 circum-

815 1682 1000 1734 nositaa
1040 1682 1423 1750 participatur,
1452 1692 1509 1738 et
1554 1684 1697 1738 sicut
1752 1684 1934 1740 multae
1991 1686 2177 1757 ﬁgura:
2223 1688 2384 1758 sigilli

811 1786 1083 1843 expressa:
1136 1775 1488 1844 archetypum
1540 1776 1780 1846 sigillum
1839 1780 2187 1849 participant,
2223 1794 2278 1837 et
2332 1784 2385 1838 in

811 1880 1135 1935 unaquaque
1163 1866 1329 1935 ﬁgura
1360 1866 1521 1935 sigilli
1555 1884 1810 1938 expressa
1844 1880 2012 1925 totum
2045 1882 2101 1926 et
2134 1873 2272 1928 idem
2306 1876 2382 1929 si-

810 1955 993 2024 gillum
1029 1967 1131 2023 est,
1164 1967 1219 2012 et
1251 1958 1302 2012 in
1336 1958 1481 2012 nulla
1513 1958 2025 2030 ﬁgura‘secundum
2062 1963 2225 2019 ullam
2254 1983 2379 2037 par-

2501 570 2846 646 πληθνούσης
2874 594 2932 629 τε
2968 578 3062 630 καὶ
3074 570 3962 657 πολλαπλασιαζούσης,ήνωμ.έναι
3984 593 4075 659 μέν

2499 666 2604 717 εἰσι
2651 667 2791 721 κατὰ
2822 670 2922 740 τὴν
2953 670 3102 739 Θείαν
3124 672 3395 745 διάκρισιν
3425 678 3480 729 αί
3507 677 3722 747 ἄσχετοι
3749 679 4073 748 μεταδόσεις.

2497 758 2554 811 αί
2581 759 2862 826 ούσιώσεις
2878 763 2941 826 θ’,
2971 766 3025 816 αἱ
3054 764 3310 832 ζωὼσεις,
3336 769 3391 821 αἱ
3421 773 3817 841 σοφοποιήσεις,
3845 770 3901 825 αε
3928 775 4073 828 ἄλλαι

2495 850 2696 923 δωρεαὶ
2732 853 2832 924 τῆς
2872 856 3090 911 πάντων
3133 860 3309 924 αἰτίας
3350 861 3702 933 ἀγαθότητος,
3739 865 3862 918 καθ’
3902 865 3965 930 ἃς
4017 870 4075 921 ὲκ

2493 944 2604 997 τῶν
2641 946 2883 1016 μετοχῶν
2917 950 3010 1002 καὶ
3040 950 3147 1003 τῶν
3177 953 3509 1023 μετεχόντων
3540 956 3784 1026 ὑμνεῖται
3814 958 3882 1010 τὰ
3910 960 4069 1029 ἀμεθ-

2496 1038 2666 1103 έκτως
2718 1042 3073 1113 μετεχόμενα.
3119 1046 3229 1097 Καὶ
3268 1046 3424 1099 τοῦτο
3458 1048 3634 1100 κοινὸν
3666 1050 3759 1102 καὶ
3797 1054 4071 1122 ἡνωμένον

2494 1132 2588 1185 καὶ
2626 1132 2684 1185 ἓν
2718 1134 2832 1187 ὲστι
2865 1138 2930 1206 τῇ
2971 1136 3067 1208 ὅλῃ
3106 1136 3399 1209 θεότητιθθ,
3426 1140 3485 1192 τὺ
3528 1142 3703 1193 πᾶσαν
3740 1143 3912 1213 αὐτὴν
3950 1144 4073 1214 ὅλην

2495 1224 2582 1292 ὑφ’
2620 1225 2847 1279 ἑκάστου
2872 1228 2980 1280 τῶν
3009 1229 3341 1299 μετεχόντων
3368 1232 3707 1303 μετέχεσθαι,
3746 1235 3837 1290 καὶ
3873 1237 3963 1288 ὑπ’
3988 1238 4071 1289 οὑ-

2491 1317 2639 1382 δενὸς
2665 1319 2896 1373 οὐδενὶ⁹¹
2930 1322 3104 1393 μέρει·
3127 1323 3376 1395 καθάπερ
3409 1329 3629 1396 σημεῖον
3646 1329 3689 1358 θ’
3718 1328 3774 1379 ὲν
3801 1329 3952 1399 μέσῳ
3981 1330 4070 1383 κύ-

2492 1412 2619 1465 κλου
2650 1412 2786 1483 πρὸς
2814 1414 3003 1467 πασῶν
3022 1414 3130 1468 τῶν
3155 1417 3213 1467 ἐν
3245 1416 3332 1487 τῷ
3349 1417 3532 1488 κύκλῳ
3565 1420 3959 1490 περικειμένων
3988 1424 4069 1475 εὑ-

2492 1503 2683 1557 Θειῶνο
2724 1507 2815 1558 καὶ
2862 1506 3049 1578 ὥσπερ
3099 1509 3389 1580 σφραγῖδος
3433 1511 3794 1581 ὲκτυπώματα
3837 1512 4068 1566 πολλὰ1η

2494 1596 2705 1667 μετέχει
2728 1597 2828 1667 τῆς
2853 1599 3154 1669 ἀρχετύπου
3183 1602 3490 1672 σφραγῖδος,
3522 1604 3614 1656 καὶ
3644 1607 3699 1656 ὲν
3721 1606 3935 1675 ἑκάστῃ
3961 1607 4068 1660 τῶν

2490 1689 2925 1758 ὲκτύπωμὰτων,
2950 1690 3076 1761 ὅλης
3101 1694 3193 1745 καὶ
3214 1692 3418 1761 ταύτῆς
3444 1695 3617 1748 οὐδενὶ
3644 1700 3763 1751 κατ’
3792 1700 3942 1751 οὐδὲν
3975 1702 4067 1769 μὲ-

2492 1798 2601 1851 ρος.
2622 1781 2965 1854 ’Υπέρκειται
2989 1782 3044 1835 δὲ
3073 1785 3390 1839 καὶτούτων
3428 1790 3461 1859 ἡ
3502 1789 3599 1857 τῆς
3641 1791 3921 1843 παναιτίου
3948 1792 4064 1845 θεό-

2486 1892 2646 1946 τητος
2685 1875 2969 1946 ἀμεθεξία,
2994 1876 3072 1947 τῷ
3118 1879 3253 1948 μήτε
3281 1879 3496 1949 ἐπαφὴν
3538 1882 3703 1951 αὐτῆς
3732 1878 3893 1946 εἶναι,
3928 1887 4061 1955 μήτε

2488 1967 2653 2037 ἄλλην
2674 1966 2795 2019 τινὰ
2821 1968 2954 2038 πρὸς
2979 1968 3046 2021 τὰ
3074 1969 3363 2041 μετέχοντα
3390 1972 3637 2043 συμμιγῆ
3660 1975 3959 2027 κοινωνίαν.

808 2060 939 2106 tem.
981 2050 1166 2106 Vincit
1212 2062 1393 2107 autem
1443 2053 1559 2108 haec
1614 2054 1860 2123 exempla
1907 2055 2242 2123 divinitatis,
2302 2073 2422 2127 qua:
2485 2060 2729 2114 omnium
2797 2075 2959 2113 causa
3010 2071 3134 2127 est,
3192 2062 3747 2133 impartieipabilitas;
3804 2070 4059 2137 quoniam

805 2144 923 2215 ejus
946 2140 1090 2197 nulla
1117 2145 1411 2209 esttactio,
1442 2158 1618 2214 neque
1636 2144 1741 2200 alia
1769 2160 1891 2200 cum
1916 2148 2375 2219 participantilius
2413 2152 2683 2207 mistionis
2711 2155 3042 2210 communio.

2350 2296 2377 2368 ᾗ
2437 2295 2543 2357 Vl.

871 2439 940 2493 At
967 2438 1109 2494 dicet
1140 2438 1357 2510 aliquis,
1378 2439 1611 2513 sigillum
1638 2444 1690 2498 in
1726 2445 1854 2500 totis
1880 2450 2158 2515 expressis
2185 2448 2372 2519 ﬁguris

799 2549 905 2589 non
942 2550 1063 2590 esse
1092 2545 1260 2590 totum
1291 2546 1344 2591 et
1369 2537 1532 2591 idem.
1568 2538 1765 2594 Verum
1797 2539 1955 2607 hujus
1980 2542 2055 2597 rei
2087 2558 2192 2597 non
2219 2542 2372 2613 sigil-

799 2626 907 2682 lum
937 2644 1101 2683 causa
1155 2642 1238 2684 est
1284 2630 1497 2700 (totum
1532 2632 1676 2687 enim
1708 2648 1827 2688 sese
1858 2634 1990 2687 illud
2020 2644 2183 2705 atque
2225 2637 2369 2691 idem

798 2720 1086 2789 unicuique
1109 2723 1516 2792 communicat),
1541 2725 1634 2778 sed
1657 2726 2090 2795 participantium
2116 2726 2373 2782 diﬂeren-

798 2812 891 2873 tia,
921 2812 1103 2875 unius,
1137 2816 1321 2877 totius.
1352 2814 1704 2885 ejusdemque
1727 2819 2015 2885 primitivm
2039 2818 2230 2873 forma:
2252 2820 2370 2874 dis-

794 2904 998 2973 similes
1026 2907 1203 2960 reddit
1234 2907 1435 2978 eﬁigios
1469 2924 1484 2961 :
1517 2922 1575 2961 ut
1603 2910 1683 2971 si,
1711 2911 1862 2965 verbi
1896 2912 2098 2981 gratia,
2125 2912 2364 2979 subjecta

792 2998 904 3052 sint
942 2997 1149 3063 mollia,
1182 2998 1525 3068 formamque
1563 2999 1762 3067 facilia,
1809 3002 2054 3072 leviaque
2089 3014 2144 3058 et
2175 3005 2367 3075 inﬁgu-

793 3100 931 3155 του,
965 3107 1066 3147 nec
1098 3091 1442 3155 reluctantia,
1484 3109 1583 3147 nec
1616 3095 1774 3161 dura,
1812 3110 1987 3163 neque
2011 3096 2176 3162 ﬂuxa,
2200 3106 2255 3150 et
2284 3097 2364 3151 in-

2547 2449 2737 2504 Καίτοι
2771 2450 2903 2520 φαίη
2930 2466 3033 2512 τις·
3058 2450 3171 2502 Οὐκ
3194 2448 3339 2503 ἐστιν
3363 2450 3398 2519 ἡ
3424 2450 3653 2520 σφραγὶς
3687 2450 3747 2501 ὲν
3782 2446 3921 2512 ὅλοις
3945 2451 4054 2507 τοῖς

2476 2540 2794 2610 ὲκμαγείοις
2829 2540 2922 2612 ὅλη
2960 2542 3053 2594 καὶ
3071 2541 3263 2611 ταὺτή.
3291 2539 3493 2592 Τούτου
3515 2540 3571 2591 δὲ
3610 2541 3706 2608 οὐχ
3748 2541 3780 2610 ἡ
3819 2541 4051 2609 σφραγὶς

2474 2635 2622 2687 αἰτία
2651 2635 2853 2705 (πᾶσαν
2876 2635 2983 2704 γὰρ
3013 2635 3212 2703 ἑαυτὴν
3240 2632 3421 2703 ἐκείνη
3445 2634 3538 2685 καὶ
3557 2632 3755 2702 ταύτὴν
3777 2634 3992 2703 ἑκάστῳ
4009 2636 4051 2665 ⁹⁴

2473 2726 2781 2781 ἐπιδίδωσιν
2813 2726 2855 2792 ),
2886 2727 2995 2797 ἡδὲ
3024 2726 3133 2778 τῶν
3166 2726 3495 2796 μετεχόντων
3512 2727 3557 2757 ⁹⁸
3588 2726 3904 2797 διαφοψς
3930 2727 4051 2781 ἀνό-

2478 2837 2605 2890 μοια
2653 2821 2797 2872 ποιεῖ
2838 2819 2905 2871 τὰ
2948 2819 3352 2889 ἀπομόργματα
3392 2818 3491 2887 τῆς
3518 2820 3645 2888 μιᾶς
3669 2821 3761 2871 καὶ
3793 2818 3919 2888 ὅλης
3957 2822 4049 2873 καὶ

2473 2912 2678 2982 ταὺτῆς
2715 2911 3073 2983 ἀρχετυπίαςο
3102 2908 3232 2973 οἷον,
3260 2912 3308 2961 εἰ
3338 2909 3435 2979 μὲν
3464 2910 3641 2963 ἁπαλὰ
3677 2911 3768 2961 καὶ
3802 2910 4049 2962 εύτύπωο

2470 3022 2540 3059 τα
2553 3008 2600 3037 ⁹⁶
2678 3046 2691 3068 ,
2719 3006 2811 3058 καὶ
2834 3005 2950 3057 λεῖα
2974 3048 2987 3069 ,
3015 3004 3110 3056 καὶ
3146 3003 3429 3073 ἀχάρακτα
3470 3004 3562 3055 καὶ
3607 3004 3740 3073 μήτε
3780 3003 4046 3055 ἀντίτυπα

2472 3098 2567 3151 καὶ
2600 3098 2828 3169 σκληρὰ,
2859 3100 2993 3168 μήτε
3029 3097 3315 3165 εύδιάχυτα
3348 3096 3441 3147 καὶ
3462 3093 3733 3146 ἀσύστατα
3753 3134 3766 3156 ,
3804 3093 4044 3164 καθαρὸν

791 3187 1117 3250 constantia,
1154 3186 1379 3256 ﬁguram
1407 3186 1632 3239 nitidam
1666 3200 1721 3241 et
1749 3198 2015 3257 apertam,
2058 3204 2123 3239 ac
2153 3204 2368 3257 perina-

2473 3190 2581 3257 ἓξει
2608 3193 2703 3244 καὶ
2729 3190 2875 3260 σαφῆ
2903 3192 2999 3243 καὶ
3034 3190 3435 3259 ἐναπομένοντα
3464 3189 3554 3240 τὸν
3588 3188 3754 3240 τύπον
3772 3205 3785 3216 ’
3829 3190 3874 3239 εἰ
3914 3187 4041 3240 δέτι

793 3288 1005 3331 nentem
1031 3278 1282 3331 habitura
1308 3289 1469 3340 sunt:
1499 3280 1580 3334 sin
1608 3290 1786 3335 autem
1812 3280 2015 3349 aliquid
2041 3281 2199 3334 dictae
2226 3282 2364 3349 apti-

790 3369 964 3422 tudini
995 3369 1247 3432 defuerit,
1276 3384 1336 3424 ea
1370 3371 1554 3438 utique
1582 3386 1746 3425 causa
1778 3372 1904 3437 erit,
1935 3387 2031 3424 cur
2058 3370 2225 3439 ﬁgura
2262 3371 2364 3424 mi-

788 3476 893 3514 nus
935 3476 1191 3529 expressa
1223 3462 1293 3515 sit
1324 3472 1379 3514 et
1416 3461 1586 3525 clara,
1620 3472 1927 3531 cmtcraque
1965 3463 2216 3516 accidant
2242 3480 2361 3531 qua:

784 3566 851 3604 ex
903 3552 1257 3620 participandi
1308 3552 1669 3622 iueptitudine
1698 3554 1875 3607 solent
1902 3554 2140 3608 evenire.
2178 3553 2352 3611 Porro

787 3644 839 3697 in
869 3644 1107 3697 beneﬁca
1140 3646 1314 3697 nostri
1347 3646 1691 3714 reparatione
1720 3661 1915 3721 munus
1948 3646 2051 3699 lioc
2083 3661 2109 3697 a
2140 3645 2360 3702 Deitate

785 3735 1098 3789 distinctum
1136 3749 1241 3800 est,
1263 3740 1405 3806 quod
1432 3748 1659 3806 propter
1689 3753 1789 3791 nos
1816 3751 1881 3792 ex
1914 3740 2072 3793 nobis
2098 3739 2353 3803 Verbum,

784 3828 929 3895 quod
980 3844 1143 3896 supra
1194 3830 1556 3883 substantiam
1606 3839 1711 3891 est,
1746 3829 2011 3897 integram
2064 3846 2355 3899 veramque

785 3928 1023 3973 nosrram
1055 3916 1408 3973 substantiam
1441 3920 1811 3989 assmnpserit,
1843 3920 2007 3991 320
2034 3935 2203 3990 eaque
2229 3936 2354 3990 ges-

782 4012 916 4067 serit
946 4010 1257 4081 iuleritque,
1287 4027 1405 4079 qua:
1436 4013 1687 4065 humana:
1712 4012 1877 4081 ipsius
1902 4014 2137 4067 aetionis
2164 4016 2353 4083 praeci-

781 4121 883 4174 pua
948 4116 1074 4157 sunt
1123 4118 1179 4158 et
1230 4105 1544 4174 singularia.
1581 4104 1701 4159 llaec
1749 4106 1892 4160 enim
1944 4105 2085 4159 nulla
2145 4110 2352 4161 ratione

780 4198 1087 4251 communia
1136 4207 1263 4249 sunt
1294 4195 1471 4250 Patris
1498 4212 1561 4249 ac
1594 4196 1852 4265 Spiritus,
1900 4196 2003 4251 nisi
2046 4198 2185 4252 forte
2230 4199 2351 4268 quis

780 4290 947 4351 dicat,
978 4288 1191 4342 consilii
1222 4288 1437 4357 benigni
1462 4297 1649 4356 3atque
1679 4287 1900 4341 humani
1936 4290 2346 4355 communitate,

777 4392 831 4433 et
860 4380 1157 4433 secundum
1183 4393 1399 4433 omnem
1433 4377 1575 4430 illam
1608 4380 1937 4432 eminentem
1972 4390 2134 4447 atque
2166 4379 2349 4432 inell'a-

778 4472 937 4524 bilem
968 4470 1204 4523 divinam
1240 4468 1639 4537 operationem,
1672 4484 1855 4535 quam,
1887 4469 2030 4537 apud
2080 4485 2175 4523 nos
2201 4471 2347 4524 exsi-

777 4575 944 4629 5tcns,
986 4563 1030 4617 is
1055 4561 1145 4629 qui
1175 4559 1526 4613 immutabilis
1554 4569 1673 4612 erat
1699 4560 1965 4624 exercuit,
1996 4560 2049 4614 in
2081 4571 2339 4630 quantmu

779 4656 917 4708 Deus
944 4665 991 4707 ct
1026 4654 1114 4706 Dei
1153 4650 1405 4705 Verbum.
1442 4650 1546 4703 Nos
1569 4666 1783 4719 quoque
1812 4651 2059 4705 similiter
2091 4667 2178 4705 res
2204 4653 2341 4705 divi-

2462 3286 2560 3355 τῆς
2588 3283 2885 3355 εἰρημένης
2910 3281 3394 3353 ὲπιτηδειότητος⁹⁷
3420 3280 3670 3343 ἐλλείποι,
3692 3279 3843 3339 τοῦτο
3866 3279 4043 3331 αἴτιον

2464 3377 2614 3429 ἔσται
2654 3375 2747 3428 τοῦ
2786 3374 3088 3445 ἀμεθέκτου
3130 3376 3224 3427 καὶ
3264 3371 3601 3425 humore-.2“
3644 3374 3735 3424 καὶ
3772 3371 3864 3423 τοῦ
3902 3373 4042 3424 ἀσα-

2462 3468 2615 3538 φοῦς,
2652 3469 2746 3522 καὶ
2789 3468 2895 3519 τῶν
2938 3466 3112 3520 ἄλλων
3153 3467 3251 3518 ὅσα
3294 3465 3755 3534 ἀνεπιτηδειότητι
3805 3464 4041 3534 μετοχῆς

2460 3561 2694 3629 γίνεται.
2726 3560 3073 3629 Διακέκριται
3115 3558 3171 3610 δὲ
3207 3558 3305 3626 τῆς
3343 3555 3755 3627 ἁγαθοπρεποῦς
3780 3558 3855 3619 είς
3887 3558 4041 3626 ἡμᾶς

2460 3651 2765 3724 θεουργίας,
2794 3651 2853 3703 τὸ
2892 3650 3012 3702 καθ’
3040 3651 3186 3719 ἡμᾶς
3223 3648 3279 3713 ὲξ
3313 3648 3470 3718 ἡμῶν
3491 3647 3681 3710 ὑλικῶς
3707 3650 3797 3701 καὶ
3820 3648 4043 3717 ἀληθῶς

2457 3743 2780 3813 ούσιωθῆναι
2803 3742 2892 3794 τὸν
2919 3739 3237 3811 ύπερούσιον
3265 3740 3440 3807 λόγον,
3465 3740 3557 3791 καὶ
3582 3740 3773 3809 δρᾶσαι
3803 3740 3894 3791 καὶ
3924 3758 4037 3792 πα-

2458 3835 2569 3887 θεῖν
2608 3835 2707 3887 ὅσα
2738 3834 2834 3903 τῆς
2868 3832 3219 3902 ἀνθρωπικῖπ
3254 3832 3415 3883 αὑτοῦ
3450 3829 3732 3901 θεουργίας
3770 3832 3920 3884 ἐστὶν
3950 3833 4039 3885 ἐκ·

2457 3939 2617 3993 κριτα
2670 3918 3079 3990 καιὲξαίρετα.
3129 3919 3350 3982 Τούτοις
3393 3920 3501 3990 γὰρ
3546 3923 3572 3972 ὁ
3610 3920 3795 3990 Πατὴρ
3831 3921 3929 3973 καὶ
3977 3922 4040 3973 τὸ

2455 4014 2677 4084 Πνεῦμα
2725 4013 2843 4066 κατ’
2871 4012 3057 4065 οὐδένα
3098 4012 3459 4082 κεκοινώνηκε
3502 4012 3675 4079 λόγον,
3703 4012 3750 4064 εί
3800 4014 3868 4081 μή
3930 4015 4034 4067 πού

2450 4122 2534 4167 τις
2592 4106 2722 4175 φαίη
2778 4103 2917 4157 κατὰ
2965 4104 3063 4173 τὴν
3111 4103 3464 4174 ἀγαθοπρεπῆ
3512 4103 3609 4156 καὶ·
3655 4102 4035 4173 φιλάνθρωπον

2454 4194 2701 4263 βούλησιν
2718 4196 2783 4255 ”,
2825 4194 2918 4245 xui
2962 4194 3100 4245 κατὰ
3141 4195 3320 4247 πᾶσαν
3362 4195 3459 4264 τὴν
3502 4195 3899 4265 ὑπερκειμένην
3939 4199 4031 4249 καὶ

2450 4286 2685 4357 ἄρρητον
2712 4270 3025 4356 θεουργίαν,
3045 4288 3109 4355 ἣν
3134 4285 3358 4356 δέδρακε
3382 4287 3449 4317 ¹⁰⁰
3480 4285 3600 4338 καθ’
3622 4288 3767 4356 ἡμᾶς
3788 4288 4028 4354 γεγονὼς

2446 4380 2475 4431 ὁ
2510 4376 2883 4439 ἀναλλοίωτος,
2996 4376 3160 4439 Θεὸςί
3210 4378 3303 4429 καὶ
3328 4376 3463 4429 Θεοῦ
3506 4378 3692 4446 Λόγος.
3736 4378 3891 4431 Οὕτω
3936 4381 4028 4431 καὶ

2447 4468 2607 4535 ἡμεῖς
2630 4466 2697 4518 τὰ
2725 4466 2841 4518 θεῖα
2867 4466 2960 4518 καὶ
2987 4465 3140 4517 ἑνοῦν
3164 4466 3238 4535 τῷ
3262 4467 3403 4537 λόγῳ
3430 4470 3520 4520 καὶ
3542 4468 3834 4538 διακρίνειν
3858 4471 4027 4521 σπεύ-

2447 4560 2644 4629 δομεν,
2700 4560 2774 4622 ὼς
2848 4559 2985 4611 αὐτὰ
3029 4558 3096 4611 τὰ
3147 4559 3264 4611 θεῖα
3313 4563 3406 4613 καὶ
3465 4561 3664 4630 ἥνωται
3698 4562 3791 4613 καὶ
3839 4562 4023 4615 διακέ-

2448 4670 2649 4722 κριται.

776 4764 870 4802 nas
897 4762 1144 4802 sermone
1193 4747 1523 4815 cnnjungere
1566 4744 2010 4814 distinguereque
2060 4745 2386 4814 satagimus,
2421 4755 2581 4815 prout
2627 4746 2755 4815 ipsis:
2806 4746 3061 4799 nimirum
3112 4744 3164 4798 in
3212 4760 3271 4799 se
3301 4746 3385 4801 vel
3435 4748 3598 4801 unitas
3646 4756 3770 4801 sunt
3798 4747 3884 4801 vel
3923 4749 4022 4801 dis-

777 4846 977 4897 littclzc.

2283 4999 2483 5075 gvu.

843 5141 951 5196 Sed
1002 5142 1193 5195 harum
1240 5141 1496 5195 unionum
1526 5158 1589 5196 ac
1616 5142 2024 5198 distinctionum
2059 5158 2330 5212 quasrnn-

771 5251 875 5305 que
911 5236 961 5288 in
991 5234 1222 5303 eloquiis
1256 5235 1490 5289 rationes
1532 5236 1643 5291 Deo
1687 5248 2084 5291 consentaneas
2130 5235 2333 5303 reperi—

2524 5139 2700 5200 am,
2719 5138 2921 5191 τούτων
2947 5142 3045 5210 μὲν
3070 5141 3178 5193 τῶν
3206 5141 3447 5194 ένώσεὼν
3471 5162 3528 5195 τε
3556 5145 3647 5197 καὶ
3673 5145 4012 5220 διακρίσεων,

2440 5234 2567 5296 ὅσας
2604 5237 2659 5287 ὲν
2686 5236 2795 5297 τοῖς
2826 5233 3023 5302 λογίοις
3050 5234 3369 5305 θεοπρεπεῖς
3396 5238 3571 5300 αἰτίας
3600 5240 3937 5312 εὑρήκαμεν,
3959 5247 4014 5296 ὲν

2034 5409 2266 5464 VARUE
2301 5408 2641 5465 LECTIONE
2655 5410 2713 5466 S.

847 5550 891 5623 ’ᾖ
917 5549 1211 5623 οὐσιώδεις.
1261 5621 1267 5623 _
1334 5550 1383 5623 ὀί
1406 5553 1719 5623 ἀγαθότητι,
1752 5554 1806 5607 S.
1839 5556 1898 5609 Ρ.

766 5619 951 5681 πολλὰ,
986 5622 1035 5674 S.
1074 5622 1128 5673 Ρ.

766 5688 826 5741 Ι).
857 5690 1167 5765 ἐκτύπωτα,
1196 5692 1257 5765 5|.
1282 5691 1342 5765 _S.
1420 5696 1464 5765 ξ’
1494 5672 1769 5765 ἰδιότητος,

761 5766 882 5813 bar.
961 5764 1004 5793 ”
1035 5763 1378 5833 συμϐουλίαν,
1412 5764 1466 5818 S.
1496 5763 1835 5835 ὁμοὸονλίαν,
1880 5769 1933 5820 ι).
1963 5767 2017 5819 Ρ.

2002 5556 2042 5587 ⁸⁸
2077 5558 2135 5607 ὲν
2160 5554 2350 5614 οὐδενί,
2399 5553 2453 5605 Ρ.

1234 5621 1278 5651 ⁸³⁸
1308 5622 1397 5673 καὶ
1422 5621 1836 5685 ταύτὴνταύτη,
1870 5626 1935 5679 Μ.
1970 5626 2061 5678 καὶ
2090 5625 2323 5685 ἑκάστῳ,
2355 5622 2410 5675 S.
2444 5624 2502 5675 Ι).
2535 5622 2589 5675 Ρ.

1825 5668 1836 5685 ,
1870 5642 1935 5679 Μ.
1970 5642 2061 5678 και
2090 5642 2323 5693 εκαστῳ,
2356 5642 2372 5674 ξ

1783 5642 1858 5749 Ii).
1937 5698 1980 5727 ³⁸
2008 5695 2100 5748 τοῦ
2132 5695 2369 5763 ἁμεθέκτ

2473 5642 2502 5675 ν.
2535 5642 2589 5675 r.
2673 5642 2714 5651 π
2745 5642 2840 5672 aM.
2888 5642 2917 5688 η
2953 5642 3058 5673 των
3089 5642 3441 5693 μετεχοντων,
3477 5642 3531 5681 l'.
3567 5642 3684 5681 bar.
3770 5642 3813 5661 ’θ
3844 5642 4008 5691 anu,

2473 5709 2569 5745 non
2603 5694 2762 5763 habet
2800 5693 2859 5744 D.
2892 5691 2947 5763 Ρ.
2980 5695 3071 5763 καὶ
3098 5696 3382 5750 ἀτυπώτου
3430 5714 3534 5753 non
3584 5713 3668 5755 est
3709 5702 3763 5755 in
3810 5700 3867 5755 S.
3920 5704 4008 5755 Sc.

2100 5766 2167 5797 ¹⁰⁰
2193 5766 2405 5839 ἔδρασε,

2560 5554 2605 5631 ξδ’
2634 5554 2858 5631 κέντρον
2891 5552 3134 5631 σημεῖον,
3165 5552 3222 5607 P.
3340 5556 3437 5609 Ch.
3477 5629 3501 5631 _
3540 5558 3594 5631 ’ξ
3616 5558 3919 5627 ὲκτύπωμα
3948 5560 4013 5611 τὰ

2670 5623 2715 5651 ⁸⁵
2745 5622 2858 5672 ἀλλ’
2953 5622 3058 5673 τῶν
3089 5625 3441 5693 μετεχόντων,
3476 5629 3531 5681 Ρ.
3567 5629 3684 5681 Sar-
3770 5632 3813 5661 “
3844 5622 4010 5691 ἆπλᾶ,

2437 5764 2491 5818 5.
2528 5766 2582 5817 Ρ.
2666 5765 2678 5791 ⁵
2712 5762 2742 5837 ᾗ
2771 5763 2862 5814 καὶ
2890 5760 3039 5825 θεός,
3077 5765 3114 5817 Ρ
