4178 6312
253 343 362 401 ωδ

1371 340 1460 395 DE
1493 338 1746 396 DlVlNlS
1777 337 2182 398 NOMlNlBUS.
2216 335 2369 394 CAP.
2401 337 2467 396 ll.

3391 343 3500 404 848

251 457 376 520 ταῖς
411 456 744 526 θεολογικαϊς
788 454 1218 520 ὖποτυπώσεσιν,
1271 453 1377 525 ἰδίᾳ
1425 454 1554 525 περὶ
1597 453 1728 506 ὲκάο
1743 469 1816 504 τοι

1938 469 2076 518 mus,
2103 456 2154 510 in
2185 452 2612 509 institutionibus
2645 452 2977 524 theologicis,
3007 445 3252 512 seorsd'm
3284 455 3351 512 de
3379 473 3495 514 sm-

249 547 616 613 διαλαὸὀντες,
647 550 721 613 ὠς
747 549 984 617 ἐφικτὸν,
1014 546 1325 618 ἐξεθέμεθα,
1348 545 1416 599 τὰ
1435 547 1531 616 μὲν
1554 544 1830 609 ἀνελίξαν-

248 644 376 704 τες²
402 639 479 711 τῷ
502 641 690 712 ἀληθεῖ
720 641 862 712 λόγῳ
890 643 981 696 καὶ
1007 639 1427 706 ἀναπτύξαντες,
1454 639 1549 692 καὶ
1572 639 1664 691 τὸν
1688 637 1830 708 ἱερὸν

249 731 350 784 καὶ
383 732 473 785 τὸν
496 733 884 787 ἀνεπιθόλωτθν
915 733 1038 786 νοῦν
1077 734 1168 786 ἐπί⁹
1190 732 1259 786 τὰ
1297 731 1435 802 φανά
1460 729 1568 784 τῶν
1597 728 1790 800 λογίων
1808 730 1828 761 ³

251 821 499 894 θεάματα
529 827 966 897 προσαγαγόντες
985 844 997 855 ·
1027 829 1138 890 τοῖς
1166 826 1242 889 δὲ,
1272 825 1348 889 ὡς
1383 827 1661 898 μυστικοῖς
1687 821 1828 874 κατὰ

246 915 354 987 τὴν
378 914 526 968 θείαν
547 918 842 989 παράδοσιν
865 918 1001 988 ὑπὲρ
1027 917 1217 988 νοερὰν
1250 916 1525 989 ἐνέργειαν
1548 913 1829 967 ἐπιϐαλόν-

246 1005 395 1067 τεςι.
425 1005 608 1059 Πάντα
635 1008 743 1079 γὰρ
772 1007 839 1059 τὰ
867 1007 1005 1070 θεῖα,
1031 1007 1125 1060 καὶ
1163 1008 1261 1060 ὅσα
1301 1008 1430 1077 ημῖν
1468 1004 1826 1072 ἐκπέφανται,

245 1099 372 1161 ταῖς
424 1102 676 1168 μετοχαῖς
723 1099 908 1170 μόναις
953 1098 1276 1166 γινώσκεται
1300 1116 1314 1129 '
1365 1097 1505 1152 αὑτὰ
1550 1096 1628 1160 δὲ,
1671 1095 1831 1149 ὁποῖά

249 1195 386 1242 ποτε
416 1193 531 1244 ἐστι
567 1191 707 1244 κατὰ
734 1193 832 1263 τὴν
858 1193 1062 1246 οἰκείαν
1097 1191 1266 1262 ἀρχὴν
1307 1192 1400 1244 καὶ
1430 1189 1654 1261 ἵδρυσιν,
1687 1186 1828 1258 ὑπὲρ

249 1280 379 1333 νοῦν
406 1284 520 1335 ἐστι
546 1285 639 1337 καὶ
671 1287 849 1338 πᾶσαν
877 1285 1060 1338 οὐσίαν
1087 1286 1181 1337 καὶ
1218 1283 1438 1353 γνῶσιν.
1478 1278 1621 1345 Οἷον,
1655 1284 1703 1334 εἰ
1730 1282 1829 1352 τὴν

250 1375 575 1446 ὓπερούσιον
613 1379 945 1450 κρυφιότητα
984 1377 1134 1441 Θεὸν,
1181 1377 1214 1448 ἦ
1260 1377 1422 1447 ζωὴν,
1466 1377 1498 1448 ἢ
1543 1377 1825 1447 οὐσίαν,ἣ

247 1463 389 1530 φῶς,
416 1466 448 1535 ἢ
478 1466 635 1542 λόγον
673 1467 1060 1538 ὀνομάσαιμεν,
1089 1466 1241 1519 οὐδὲν
1287 1465 1470 1536 ἕτερον
1512 1466 1761 1536 νοοῦμεν,
1794 1464 1827 1535 ἢ

243 1554 350 1619 τὰς
413 1558 491 1620 εἰς
752 1557 810 1624 ἐξ
865 1557 1033 1629 αὐτῆς
1091 1556 1473 1628 προαγομὲνας
1509 1556 1764 1627 δυνάμεις
1784 1559 1826 1620 ⁵,

243 1644 601 1710 ὲκθεωτικάς,
643 1647 676 1719 ἢ
711 1649 1066 1711 οὑσιοποιοὺς,
1109 1647 1141 1718 ἢ
1173 1646 1486 1716 ζωογόνους,
1518 1646 1551 1718 ἢ
1596 1645 1826 1716 σοφοδὼ-

247 1752 412 1807 ρους·
444 1739 581 1809 αὐτῇ
626 1738 683 1791 δὲ
724 1739 863 1793 κατὰ
906 1739 1004 1810 τὴν
1052 1737 1237 1792 πασῶν
1260 1740 1280 1770 ⁸
1309 1738 1416 1790 τῶν
1451 1737 1653 1810 νοερῶν
1677 1738 1828 1808 ἐνερ-

1937 546 2076 616 gulis
2119 545 2575 610 disserentes,.uti
2603 545 2911 615 {potuimus,
2953 547 3336 617 explicuimus,
3373 567 3499 620 par-

1937 638 2032 691 tim
2078 638 2295 708 quidem
2347 652 2440 692 eas
2487 654 2614 694 vera
2664 638 2874 693 ratione
2914 640 3218 704 enodando,
3249 651 3304 697 et
3328 657 3501 714 expo-

1934 729 2132 795 nendo,
2179 739 2341 797 atque
2386 729 2459 782 ita
2506 747 2695 799 purum
2741 747 2806 785 ac
2857 731 3204 801 tranquillum
3258 733 3497 790 animum

1931 836 2193 890 perquam
2229 821 2422 876 lucidis
2454 821 2789 890 eloquiorum
2825 824 3371 893 contemplationibus
3411 825 3502 881 ad-

1932 915 2225 981 movendo;
2259 916 2454 984 partim
2489 932 2638 981 vero,
2671 933 2765 972 ceu
2795 917 3056 989 mysticis,
3091 934 3155 972 ex
3183 918 3361 973 divina
3385 929 3499 973 tra-

1931 1009 2137 1062 ditione
2184 1024 2346 1076 supra
2396 1007 2702 1073 intellectus
2743 1011 3115 1080 operationem
3151 1011 3494 1069 intendenda.

1932 1099 2122 1154 Divina
2140 1101 2286 1154 enim
2302 1100 2503 1163 omnia,
2521 1101 2682 1155 etiam
2699 1102 2782 1154 illa
2803 1119 2922 1170 qua:
2938 1103 3095 1158 nobis
3111 1082 3495 1174 apparuerunt,

1931 1191 2060 1245 solis
2077 1191 2583 1260 participationibus
2603 1205 3031 1261 cognoscuntur;
3055 1210 3218 1265 porro
3247 1199 3383 1265 ipsa,
3398 1214 3495 1252 cu-

1923 1283 2156 1349 jusmodi
2193 1285 2244 1337 in
2284 1299 2381 1338 suo
2409 1285 2673 1362 principio
2698 1301 2908 1356 suaque
2945 1287 3072 1342 sede
3101 1289 3318 1359 propria
3353 1290 3498 1344 exsi-

1931 1386 2092 1438 stant,
2125 1376 2305 1430 nullus
2332 1391 2524 1431 sensus
2553 1377 2788 1446 attingit,
2825 1379 2967 1433 nulla
2998 1389 3191 1434 natura
3231 1380 3492 1451 nullaque

1931 1467 2170 1536 cognitio
2203 1476 2470 1536 penetrat.
2507 1465 2681 1521 Veluti
2710 1483 2830 1521 cum
2868 1483 3126 1523 arcanum
3156 1470 3286 1524 illud
3315 1486 3501 1540 super-

1931 1559 2250 1624 essentiale,
2293 1557 2375 1612 vel
2418 1557 2609 1624 Deum,
2645 1559 2730 1612 vel
2773 1560 2958 1624 vitam,
2991 1561 3075 1616 vel
3114 1561 3497 1628 substantiam,

1930 1651 2011 1705 vel
2067 1649 2269 1716 lucem,
2317 1650 2400 1704 vel
2454 1647 2689 1704 Verbum
2747 1650 3118 1719 appellamus,
3169 1651 3306 1706 nihil
3352 1651 3496 1706 aliud

1929 1759 2091 1813 quam
2121 1744 2202 1798 vel
2261 1727 2505 1807 deiﬁcas,
2532 1741 2619 1797 vel
2655 1743 3086 1810 substantilicas,
3121 1744 3200 1798 vel
3237 1745 3496 1809 viviﬁcu.

240 1833 412 1902 γειῶν
450 1834 706 1888 ἀπόλυσιν
730 1832 1114 1904 ἐπιὸάλλομεν,
1138 1831 1393 1902 οὐδεμίαν
1422 1830 1657 1902 ὁρῶντες
1693 1831 1816 1885 θέω-

1928 1835 2010 1890 vel
2041 1835 2409 1903 sapientiﬁcas
2435 1836 2663 1890 virtutes
2699 1835 3070 1907 intelligimus.
3100 1852 3219 1907 quae
3249 1837 3317 1891 ab
3347 1854 3411 1893 eo
3441 1840 3497 1895 in

241 1926 405 1998 σιν,ἢ
437 1925 600 1998 ζωὴν,
631 1927 664 1998 ἢ
693 1924 1272 1997 οὑσίαν,ἦτιςὰκρι6ὦς
1313 1925 1558 1996 ἐμφερής
1599 1926 1715 1977 ἐστι
1754 1927 1819 1995 τῇ

238 2018 462 2072 πάντων
506 2019 818 2094 ἐξῃρημένη
861 2018 1002 2072 κατὰ
1056 2020 1236 2072 πᾶσαν
1287 2015 1559 2088 ὑπεροχὴν
1604 2015 1749 2087 αἰτίᾳ
1777 2017 1820 2071 ⁷.

236 2110 433 2174 Πάλιν,
462 2111 544 2164 ὅτι
593 2111 688 2182 μὲν
731 2112 845 2165 ἐστι
892 2109 1103 2182 πηγαία
1145 2107 1335 2179 θεότης
1378 2108 1407 2159 ὁ
1452 2108 1660 2178 Πατὴρ,
1693 2106 1722 2157 ὁ
1764 2105 1820 2159 δὲ

250 2190 501 2273 Ἰησοῦς⁸
531 2205 624 2257 καὶ
670 2203 732 2256 τὸ
773 2203 1017 2274 Πνεῦμα,
1042 2202 1142 2272 τῆς
1185 2201 1434 2271 Θεογόνου
1466 2201 1737 2273 θεότητος,
1770 2201 1820 2253 εί

232 2293 384 2349 οὕτω
403 2297 506 2369 χρὴ
536 2297 718 2366 φάναι,
753 2296 969 2367 βλαστοὶ
999 2295 1264 2364 θεόφυτοι,
1298 2296 1391 2348 καὶ
1419 2291 1529 2348 οἷον
1561 2293 1697 2364 ἄνθη
1724 2292 1817 2344 καὶ⁵

234 2388 747 2460 ὑπερούσιανφῶτα,
776 2391 913 2461 πρὸς
947 2388 1056 2441 τῶν
1085 2388 1244 2458 ἱερῶν
1267 2387 1462 2456 λογίων
1485 2387 1821 2458 παρειλήφα-

238 2492 343 2548 μεν
361 2495 375 2508 °
407 2480 554 2544 ὅπως
583 2479 640 2532 δὲ
667 2479 839 2534 ταῦτά
866 2483 1034 2547 ἐστιν,
1059 2478 1180 2532 οὕτε
1210 2481 1403 2545 εἰπεῖν,
1424 2477 1546 2532 οὔτε
1569 2479 1816 2549 ἐννοῆσαι

231 2565 482 2628 δυνατόν.

1928 1943 2025 1981 nos
2057 1927 2370 1994 dimananl;
2416 1927 2590 1997 ipsum
2634 1936 2814 1981 autem
2845 1927 3084 1981 omnium
3127 1929 3326 1984 mentis
3367 1919 3502 2004 ope-

1928 2020 2196 2074 rationum
2240 2020 2547 2076 cessatione
2584 2020 2972 2087 contingimus,
3001 2036 3122 2075 cum
3151 2021 3350 2074 nullam
3377 2037 3501 2077 cer-

1924 2129 2119 2169 namus
2151 2113 2454 2169 divinitatis
2502 2111 2844 2170 eﬂ‘ectionem
2867 2154 2882 2180 ,
2915 2113 3114 2169 nullam
3155 2115 3320 2168 vitam
3347 2153 3363 2180 ,
3404 2124 3502 2169 aut

1923 2208 2245 2272 essentiam,
2279 2222 2398 2278 qua:
2451 2206 2608 2276 plane
2649 2206 2844 2261 similis
2897 2207 2969 2261 sit
3013 2221 3192 2262 causa
3233 2205 3346 2273 illi,
3378 2219 3499 2275 quae

1921 2299 2134 2354 cunctis
2181 2313 2276 2367 per
2328 2313 2544 2352 onmem
2593 2299 2973 2353 excellentiam
3023 2299 3318 2354 antecellit.
3349 2296 3495 2352 Rur-

1921 2404 2040 2444 sum
2102 2403 2133 2442 a
2179 2388 2481 2458 Scripturis
2516 2391 2690 2444 sacris
2736 2391 3077 2459 accepimus,
3111 2391 3327 2447 Patrem
3374 2393 3496 2462 qui-

1920 2481 2039 2536 dem
2067 2493 2190 2534 esse
2221 2479 2487 2556 originem
2518 2482 2570 2533 in
2602 2480 2816 2542 divinis,
2850 2480 3032 2536 Jesum
3064 2497 3193 2537 vero
3223 2491 3277 2537 et
3318 2480 3496 2552 Spiri-

1922 2579 2034 2626 tum
2089 2580 2358 2634 sauctum,
2389 2571 2543 2641 quasi
2588 2569 2684 2625 Dei
2732 2572 2964 2642 prolem,
2995 2573 3098 2637 vel,
3132 2573 3176 2628 si
3220 2574 3364 2628 dictu
3415 2574 3496 2627 las

234 2665 334 2727 sit,
378 2665 529 2734 quasi
565 2665 806 2735 germina
835 2665 1040 2728 divina,
1074 2663 1302 2719 ﬂoresve
1340 2679 1404 2718 ac
1439 2664 1639 2718 lumina
1665 2665 2204 2735 supersubstantialia
2232 2665 2499 2722 exsistere
2529 2685 2543 2721 :
2573 2682 2810 2739 quonam
2843 2680 3022 2724 autem
3056 2679 3217 2740 pacto
3245 2683 3364 2725 sese
3395 2669 3495 2723 ha-

232 2759 426 2823 beant,
457 2773 632 2830 neque
672 2758 850 2830 eloqui
913 2773 1090 2827 neque
1140 2757 1442 2828 intelligere
1490 2756 1747 2812 valemus.

1701 2877 1729 2950 ᾗ
1765 2872 1938 2934 Vill.

323 3022 484 3078 Ἀλλὰ
515 3022 709 3094 μέχρι’
740 3019 930 3074 τούτου
971 3021 1118 3074 πᾶσα
1159 3019 1258 3089 τῆς
1301 3017 1420 3072 καθ’
1448 3019 1595 3088 ἡμᾶς
1623 3020 1815 3088 νοερᾶς

1996 3013 2261 3069 Caeterum
2315 3011 2576 3067 hactenus
2608 3014 2788 3068 omnis
2818 3014 3124 3073 intellectus
3171 3021 3342 3076 nostri
3372 3031 3496 3078 stu-

229 3115 516 3190 ἐνεργείας
543 3119 575 3188 ή
606 3115 832 3187 δύναμις
851 3115 913 3177 ’⁸,
936 3114 1016 3166 ὅτι
1048 3115 1194 3168 πᾶσα
1217 3113 1334 3166 θεία
1363 3111 1564 3184 πατριὰ
1591 3110 1684 3163 καὶ
1703 3108 1816 3162 υἱό-

1923 3107 2067 3162 dium
2093 3121 2159 3162 eo
2185 3105 2379 3171 tendit,
2410 3114 2468 3159 ut
2497 3105 2780 3176 intelligat,
2813 3110 3084 3177 quomodo
3108 3111 3288 3168 divina
3306 3115 3494 3170 omnis

228 3231 336 3285 της
365 3215 428 3265 ἐκ
447 3212 544 3281 τῆς
567 3211 782 3264 πάντων
803 3207 1141 3282 ἐξῃρημένης
1161 3206 1521 3280 πατριαρχίας
1542 3204 1635 3257 καὶ
1655 3205 1811 3274 υίαρ-

229 3304 360 3376 χίας
389 3302 681 3375 δεδώρηται
710 3302 803 3354 καὶ
844 3303 973 3372 ἡμῖν
1008 3302 1102 3352 καὶ
1130 3303 1247 3363 ταῖς
1279 3296 1694 3370 ὑπερουρανίαις
1726 3295 1816 3348 δυο

229 3394 483 3466 νὰμεσιν,
508 3393 567 3457 ἐξ
595 3387 661 3465 ἦς
685 3394 779 3446 καὶ
809 3392 940 3456 θεοὶ,
973 3391 1065 3444 καὶ
1096 3390 1231 3444 θεῶν
1263 3392 1387 3453 υἱοὶ,
1422 3391 1515 3442 καὶ
1542 3388 1677 3441 θεῶν
1706 3404 1808 3440 παι

227 3485 394 3557 τέρες
441 3486 488 3537 οἱ
533 3484 782 3546 θεοειδεῖς
822 3481 1096 3550 γίγνονται
1141 3481 1234 3534 καὶ
1276 3479 1627 3550 ὀνομάζονται
1672 3477 1808 3541 νόες,

229 3593 369 3631 mea
377 3575 617 3647 ματικῶς
633 3573 830 3646 δηλαδὴ
840 3572 936 3643 τῆς
949 3571 1155 3626 τοιᾶσδε
1174 3571 1506 3642 πατρότητος
1531 3569 1622 3621 καὶ
1634 3568 1810 3638 υίότη-

227 3686 325 3732 τος
348 3667 759 3738 ἐκτελουμένης,
786 3665 1085 3718 τοῦτ’ἔστιν
1108 3664 1429 3732 ἀσωμάτως,
1459 3662 1656 3724 ἀΰλως,
1685 3677 1809 3729 νοη-

227 3761 363 3825 τῶς,
391 3759 484 3813 τοῦ
509 3757 795 3831 θεαρχικοῦ
817 3757 954 3812 Πνεύ
964 3773 1150 3828 ματος,
1176 3754 1312 3825 ὑπὲρ
1343 3756 1522 3807 πᾶσαν
1553 3751 1747 3835 νοητὴν
1767 3753 1807 3783 ¹¹

227 3854 434 3911 ἀῦλίαν,
450 3854 542 3909 καὶ
561 3853 753 3905 θέωσιν
783 3850 1041 3923 ὑπεριδρυ
1051 3849 1230 3919 μένου,
1257 3845 1462 3900 καὶτοῦ
1484 3844 1694 3916 Πατρὸς
1717 3845 1809 3898 καὶ

227 3946 330 4001 τοῦ
362 3945 511 4009 Υἱοῦ,
541 3945 719 4016 πάσης
748 3944 980 4014 πατριᾶς
1009 3941 1102 3994 καὶ
1134 3940 1374 4010 υἱότητος
1407 3938 1574 4002 θείας,
1613 3937 1808 4008 ὑπερο-

228 4037 407 4110 χικῶς
437 4036 806 4110 ἐξῃρημένων.
826 4033 958 4086 Οὐδὲ
986 4032 1095 4103 γάρ
1124 4033 1268 4083 ἐστιν
1289 4028 1522 4100 ἀκριϐὴς
1540 4027 1807 4099 ἐμφέρεια

227 4136 349 4196 τοῖς
378 4132 635 4193 αἰτιατοῖς
667 4128 760 4181 καὶ
799 4129 911 4189 τοῖς
945 4124 1134 4186 αἰτίοις
1155 4141 1167 4153 ·
1202 4123 1315 4176 ἀλλ’
1351 4122 1460 4192 ἔχει
1494 4121 1590 4191 μὲν
1623 4121 1690 4173 τὰ
1719 4123 1805 4174 al-

225 4224 392 4278 τιατά
432 4223 532 4285 τὰς
569 4219 678 4273 τῶν
711 4219 896 4272 αἰτίων
929 4215 1279 4286 ἐνδεχομένας
1315 4214 1545 4277 εἰκόνας,
1573 4213 1710 4266 αὐτὰ
1750 4213 1808 4266 δὲ

225 4317 300 4372 τὰ
359 4315 503 4368 αἴτια
555 4312 663 4365 τῶν
711 4309 963 4364 αἰτιατῶν
1005 4308 1262 4379 ἐξῄρηται
1299 4307 1392 4360 καὶ
1431 4305 1801 4376 ὑπερίδρυται,

228 4409 376 4464 κατὰ
406 4408 498 4461 τὸν
525 4407 620 4477 τῆς
651 4405 858 4466 οἰκείας
892 4399 1062 4472 ἀρχῆς
1092 4400 1244 4468 λόγον
1265 4418 1276 4429 ·
1313 4400 1407 4453 καὶ
1431 4399 1516 4452 ἵνα
1547 4402 1657 4462 τοῖς
1681 4397 1801 4451 καθ’

1917 3197 2219 3267 paternitas
2271 3205 2325 3250 et
2378 3196 2587 3262 llliatio,
2632 3211 2700 3250 ex
2753 3200 3185 3267 supraeminenti
3237 3206 3484 3260 omnium

1913 3287 2284 3357 patriarchatu
2336 3288 2538 3359 ﬁliique
2587 3289 2917 3359 principatu,
2961 3302 3068 3348 tam
3116 3295 3275 3352 nobis
3319 3313 3485 3368 qttam

1915 3396 2074 3450 supra
2105 3379 2417 3435 cmlestibus
2454 3380 2748 3435 virtutibus
2792 3382 2997 3438 indulta
3031 3387 3123 3453 sit,
3154 3403 3220 3442 ex
3250 3405 3356 3458 qua
3400 3389 3482 3458 ﬁt,

1913 3485 1971 3527 ut
1996 3473 2161 3527 etiam
2192 3472 2267 3525 dii
2295 3470 2628 3543 deorumque
2650 3472 2744 3526 lilii
2774 3489 2838 3528 ac
2867 3485 3050 3546 patres
3078 3479 3187 3534 sint
3210 3495 3276 3535 ac
3304 3483 3486 3537 nomi-

1914 3576 2110 3620 nentur
2137 3565 2295 3635 321
2328 3574 2537 3619 mentes
2565 3564 2881 3632 deiformes,
2919 3570 3117 3638 quibus
3145 3572 3480 3642 ejuscemodi

1911 3656 2210 3726 paternitas
2263 3671 2326 3710 ac
2377 3656 2564 3710 liliatio
2617 3656 2938 3724 spiritaliter
2984 3661 3289 3728 confertur,
3317 3666 3482 3720 modo

1912 3747 2118 3803 scilicet
2151 3748 2473 3816 incorporeo
2500 3761 2528 3800 a
2562 3748 2790 3801 materia
2839 3760 3148 3819 segregata,
3184 3752 3477 3816 intellecti-

1912 3838 2075 3907 lique,
2101 3852 2208 3908 quo
2237 3847 2416 3892 tamen
2450 3835 2687 3907 Spiritus
2713 3838 2952 3905 divinus,
2985 3850 3042 3894 ut
3077 3856 3237 3911 supra
3261 3859 3480 3901 onmem

1913 3944 2032 3998 quae
2060 3928 2273 3996 concipi
2303 3937 2480 3997 potest
2513 3929 2756 3982 materiae
2789 3931 3120 3984 vacuitatem
3159 3947 3221 3988 ac
3255 3934 3484 3988 deiﬁca-

1917 4023 2119 4077 tionem
2138 4022 2486 4086 constitutus,
2511 4021 2841 4076 eminentior
2865 4023 3097 4089 exsistit,
3125 4026 3224 4089 uti,
3244 4035 3299 4080 et
3323 4027 3486 4083 Pater

1909 4114 2206 4184 Filiusque,
2235 4115 2301 4167 ab
2343 4115 2488 4167 omni
2537 4113 2702 4168 simili
2740 4115 3068 4182 paternitate
3112 4132 3177 4172 ac
3219 4118 3485 4175 llliatione

1895 4207 2092 4275 ,divina
2121 4195 2429 4260 eminenter
2463 4207 2721 4274 exempti.
2767 4205 2884 4260 Non
2914 4208 3059 4260 cnim
3106 4219 3189 4264 est
3237 4211 3477 4279 perfecta

1909 4311 1959 4353 et
1977 4299 2223 4354 absoluta
2247 4298 2547 4353 similitudo
2569 4313 2755 4352 eorum
2780 4315 2898 4368 quae
2923 4298 3113 4353 ellecta
3133 4310 3259 4354 sunt
3279 4312 3332 4356 et
3355 4318 3476 4356 cau-

1910 4405 2125 4456 sarum;
2176 4391 2306 4459 quin
2342 4392 2518 4459 potius
2546 4390 2744 4444 habent
2791 4390 3005 4458 quidem
3049 4391 3241 4446 ell'ecta
3294 4409 3485 4448 causa-

229 4503 384 4574 ἡμᾶς
425 4501 714 4572 χρήσωμαι
750 4494 1259 4566 παραδείγμασιν¹²,
1297 4493 1479 4562 ἡδοναὶ
1513 4492 1604 4544 καὶ
1643 4491 1808 4547 λῦπαι

1918 4502 2054 4547 rum,
2088 4484 2264 4554 quoad
2292 4483 2408 4538 ﬁeri
2435 4483 2942 4552 potest,imagines;
2978 4483 3108 4553 ipsa:
3139 4498 3265 4538 vero
3297 4499 3478 4540 causze

228 4595 482 4662 λέγονται
518 4588 793 4661 ποιητικαὶ
821 4585 913 4639 τοῦ
934 4585 1155 4655 ἥδεσθαι
1181 4583 1272 4636 καὶ
1293 4581 1580 4636 λυπεῖσθαι
1604 4599 1616 4612 ·
1652 4583 1812 4636 αὑταὶ

229 4687 293 4740 δὲ
339 4683 460 4737 οὔτε
506 4683 742 4752 ἥδονται,
778 4679 897 4732 οὔτε
938 4666 1227 4730 λῦποῦνται
1253 4693 1264 4705 ·
1304 4676 1399 4728 καὶ
1440 4676 1499 4727 τὸ
1547 4676 1657 4746 πῦρ
1687 4676 1810 4747 θερ-

233 4781 427 4849 μαῖνον
464 4776 555 4827 καὶ
589 4775 739 4825 καῖον
779 4772 837 4824 οὐ
877 4769 1088 4837 λέγεται
1125 4767 1371 4820 καίεσθαι
1404 4768 1497 4820 καὶ
1527 4767 1812 4837 θερμαίνε-

231 4871 380 4925 σθαι.
415 4869 523 4921 Kal
554 4867 650 4936 ζῇν
691 4866 849 4926 εἴτις
879 4863 1011 4931 φαίη
1038 4862 1136 4930 τὴν
1175 4859 1471 4928 αὑτοζωὴν,
1507 4858 1538 4928 ἢ
1581 4857 1808 4926 φωτίζε-

231 4962 360 5014 σθαι
379 4957 438 5013 τδ
457 4960 721 5028 αὑτόφως,
750 4956 849 5008 οὐκ
873 4953 1044 5025 ὀρθῶς
1071 4955 1184 5020 ἐρεῖ
1207 4951 1343 5004 κατὰ
1361 4951 1449 5002 τὸν
1473 4950 1601 5020 ἐμὸν
1619 4950 1796 5016 λόγον,

228 5059 282 5109 εί
313 5057 388 5126 μή
429 5071 530 5106 που
566 5050 686 5105 καθ’
717 5049 898 5118 ἕτερον
940 5044 1109 5097 ταῦτα
1155 5043 1296 5095 εἴποι
1335 5043 1550 5112 τρόπον,
1585 5043 1666 5093 ὃτι
1699 5059 1800 5094 πε-

232 5147 434 5219 ρισσῶς
457 5145 550 5198 καὶ
580 5139 844 5202 οὐσιωδῶς
877 5137 1154 5205 προένεστι
1174 5134 1241 5187 τὰ
1269 5134 1374 5185 τῶν
1408 5131 1661 5185 αίτιατῶν
1685 5134 1799 5195 τοῖς

227 5240 445 5301 αἰτίοις.

1913 4599 1977 4637 ex
2003 4583 2210 4638 eli‘cctis
2241 4590 2502 4648 exemptae
2533 4589 2658 4634 sunt
2695 4589 2747 4634 et
2777 4595 2875 4649 pro
2905 4580 3115 4633 ratione
3137 4580 3479 4648 principatus

1912 4675 1994 4728 sui
2044 4688 2202 4742 supra
2257 4672 2443 4725 locatze
2503 4685 2568 4723 ac
2617 4669 2852 4723 fundatae
2887 4685 2902 4722 :
2937 4677 2989 4722 et
3041 4679 3098 4722 ut
3142 4672 3476 4726 nostratibus

1911 4763 2171 4831 exemplis
2202 4773 2342 4825 utar,
2375 4765 2676 4830 voluptates
2703 4775 2763 4813 ac
2795 4760 3007 4814 dolores
3035 4759 3247 4814 eilicere
3280 4762 3471 4815 «lien..-

1913 4866 2019 4919 tur,
2055 4865 2106 4908 ut
2157 4854 2403 4908 homines
2442 4853 2688 4906 laetentur
2731 4852 2810 4904 vel
2853 4852 3090 4915 doleant,
3128 4863 3300 4905 tamen
3349 4855 3475 4921 ipsa:

1911 4965 2008 5003 nec
2058 4949 2310 5002 laetantur
2356 4962 2454 5000 nec
2505 4947 2720 5008 dolent;
2752 4946 2890 5011 ignis
2918 4944 3078 4998 etiam
3112 4961 3234 4997 cum
3267 4944 3475 4999 calcfa-

1908 5042 2012 5094 ciat
2056 5051 2111 5094 et
2153 5041 2455 5101 comburat,
2491 5052 2593 5091 non
2626 5047 2803 5090 tamen
2837 5035 3083 5090 comburi
3132 5045 3186 5090 et
3236 5035 3470 5089 caleﬁeri

1908 5133 2124 5185 dicitur.
2153 5131 2282 5185 Etsi
2309 5129 2430 5198 quis
2462 5129 2624 5181 vitam
2656 5129 2823 5196 ipsam
2845 5126 3027 5181 vivere
3054 5135 3146 5179 aut
3176 5125 3473 5181 illuminari

1908 5222 2081 5276 lucem
2109 5223 2325 5286 dixerit,
2362 5236 2478 5274 mea
2522 5221 2736 5290 quidem
2781 5219 3068 5282 sententia,
3098 5234 3204 5271 non
3249 5217 3471 5270 omnino

228 5344 387 5388 recte
419 5330 627 5384 locutus
651 5325 836 5387 fuerit,
870 5323 971 5376 nisi
1001 5321 1140 5374 l‘orte
1165 5321 1279 5372 hzec
1312 5317 1420 5371 alio
1451 5315 1610 5370 modo
1633 5315 1800 5380 dicat,
1835 5315 1977 5384 quod
1995 5317 2252 5400 nit'nirum
2278 5315 2667 5379 abundantius,
2721 5321 2773 5366 ct
2823 5313 3120 5366 secundmn
3146 5311 3466 5377 essentiam,

227 5444 296 5484 ea
324 5439 446 5496 qua:
467 5430 592 5477 sunt
625 5419 910 5474 clTectuum
939 5417 1090 5479 prius
1118 5414 1226 5468 sint
1257 5427 1453 5466 causa}.

1495 5522 1728 5578 VARIE)
1764 5516 2178 5576 LECTIONES.

317 5676 338 5706 ²
365 5669 736 5735 ἀναλέξαντες,
768 5669 834 5721 ill.
870 5667 959 5722 Sc.
989 5667 1379 5736 ἀναδείξαντες,
1410 5666 1464 5720 S.

228 5744 621 5804 5.ἐνωθὲντες,
645 5740 711 5793 Μ.
740 5739 861 5792 Sar.
937 5742 956 5770 ⁵
989 5739 1249 5808 μεθέξεις,
1284 5739 1339 5790 S.

226 5822 249 5849 "
276 5819 306 5872 ἑ
327 5816 383 5868 δὲ
403 5814 540 5877 Υἱός,
571 5811 628 5866 S.
657 5811 717 5865 Ρ.
762 5811 819 5862 υ.
866 5811 956 5866 Sc.
1001 5810 1122 5863 Sur.

1554 5665 1587 5699 κ³
1616 5661 1890 5750 eave:th
1918 5674 2022 5743 non
2056 5657 2224 5750 lgibct
2248 5658 2310 5709 D.
2337 5655 2396 5709 P.
2425 5656 2634 5750 ξανξερὲ
2656 5655 2823 5750 est'in
2850 5651 2918 5705 M.

3013 5650 3034 5682 ⁵
3049 5652 3462 5714 ἐπιϐάλλοντες,

2749 5727 2767 5755 '
2799 5721 3128 5793 ὑπεροχικὴν
3156 5722 3331 5776 αἰτίαν
3355 5759 3368 5785 ,
3397 5719 3461 5776 ι’.

2706 5797 2748 5827 ¹²
2780 5792 3083 5865 πράγμασι,
3108 5792 3169 5846 υ.

2471 5726 2654 5779 .P.D.

2119 5836 2133 5850 .
2232 5801 2268 5829 “
2302 5797 2502 5865 νόησιν,
2536 5798 2602 5851 Μ.
