4176 6308
691 288 799 347 ειν

1863 285 1924 341 S.
1973 284 2267 342 DIONYSII
2306 282 2765 339 AREOPAGITAS

3859 283 3978 340 648

2242 427 2411 499 §IX.

764 571 1100 638 Quinetiam,
1140 571 1196 624 id
1239 572 1381 639 quod
1417 582 1498 625 est
1522 574 1766 627 omnium
1798 581 2017 643 qure_de
2057 576 2164 630 Deo
2189 575 2272 628 di-
2302 587 2341 639 Α

693 674 894 718 cuntur
943 662 1322 723 clarissimum,
1365 663 1548 715 divina
1607 665 1773 733 ipsius
1821 664 1948 720 Jesu
1991 679 2021 718 e
2071 674 2266 718 natura

697 767 877 811 nostra
907 754 1186 817 formatio,
1234 769 1290 807 et
1348 754 1639 811 iiieli'abilis
1682 769 1765 812 est
1810 774 2065 812 sermone
2097 761 2267 820 omni,

699 850 939 917 nullique
970 858 1094 900 nota
1146 847 1542 916 intelligentiae,
1593 851 1758 903 etiam
1802 851 1907 919 ipsi
1953 851 2272 920 antiquissi-

700 954 907 993 morum
947 939 1262 1008 angelorum
1299 940 1540 1009 primati.
1573 942 1750 1011 Atque
1775 957 1897 996 eunt
1923 945 2138 1011 quidem
2170 946 2269 999 viri

701 1035 931 1086 formam
967 1041 1022 1084 et
1045 1033 1404 1085 substantiam
1445 1035 1824 1101 assumpsisse,
1863 1036 2088 1104 u'ysticc
2117 1051 2273 1091 arce—

699 1127 906 1193 pimus;
961 1123 1054 1178 sed
1110 1126 1409 1192 ignoratur,
1441 1126 1709 1193 quomodo
1751 1142 1817 1180 ex
1876 1127 2109 1196 Virginis
2148 1142 2275 1181 san-

699 1217 856 1286 guine
883 1214 987 1269 alia
1019 1230 1180 1284 quam
1215 1225 1421 1269 natura:
1471 1216 1588 1285 lege
1627 1217 1701 1269 sit
1733 1215 2072 1283 eﬂurmatus,
2099 1233 2275 1287 quove

702 1316 858 1377 pacto
904 1307 1068 1361 siccis
1118 1306 1366 1376 pedibus,
1404 1309 1495 1376 qui
1536 1309 1781 1377 corporis
1833 1309 2029 1363 molem
2076 1319 2130 1361 et
2165 1325 2278 1362 ma-

702 1400 853 1454 teria:
905 1401 1116 1469 pondus
1165 1400 1448 1463 baberent,
1507 1399 1767 1468 liquidam
1816 1401 2276 1467 perambulaverit

699 1490 1009 1563 ﬂuxamqne
1044 1495 1421 1554 substantiam,
1471 1492 1684 1562 aliaque
1724 1494 2010 1563 perl‘eeeiit
2039 1510 2157 1563 quae
2187 1510 2277 1548 su-

703 1599 867 1654 perna
896 1584 1102 1638 uralem
1147 1582 1267 1637 Iesu
1302 1594 1554 1637 naturam
1585 1586 1844 1638 indicant.
1879 1585 2075 1640 Verum
2111 1586 2221 1640 haec
2248 1601 2274 1639 a

704 1679 862 1734 nobis
889 1679 1050 1732 etiam
1085 1677 1210 1729 alibi
1247 1678 1377 1730 satis
1404 1678 1696 1747 esplicata,
1737 1688 1791 1731 et
1817 1678 1882 1730 ab
1921 1679 2119 1748 inclyto
2144 1694 2267 1747 prae-

703 1780 928 1839 ceptore
990 1779 1174 1822 nostro
1220 1783 1379 1837 supra
1435 1779 1642 1822 natura:
1687 1770 1901 1822 inodum
1953 1770 2113 1823 valde
2147 1770 2283 1823 cele-

708 1865 862 1918 brata
897 1878 977 1916 sui
1004 1872 1022 1914 t
1055 1862 1107 1915 in
1136 1861 1454 1930 tlieolngicis
1501 1860 1671 1929 ipsius
1695 1861 1995 1927 elementis,
2024 1876 2144 1929 qua:
2194 1861 2281 1916 ille

2460 571 2618 624 Ἀλλά
2659 572 2753 624 καὶ
2803 571 2862 623 τὸ
2906 571 3088 641 πάσης
3135 567 3407 635 θεολογίας
3451 566 3876 634 ἐκφανέστατον,
3943 572 3975 640 ἠ

2368 665 2490 718 καθ’
2516 665 2664 735 ἡμᾶς
2701 663 2876 734 Ἰησοῦ
2909 661 3262 724 θεοπλαστία,
3294 660 3388 712 καὶ
3414 657 3651 729 ἄρρητός
3675 660 3794 710 ἐστι
3819 658 3979 731 λόγῳ

2369 760 2548 822 παντὶ,
2577 761 2670 810 καὶ
2693 759 2968 826 ἄγνωστος
2983 755 3060 825 νῷ
3076 756 3252 818 παντὶ,
3283 755 3376 807 καὶ
3399 753 3545 824 αὑτῷ
3565 751 3641 822 τῷ
3672 756 3979 825 πρωτίστῳ

2368 852 2480 905 τῶν
2505 851 2894 923 πρεσϐυτάτων
2922 848 3191 918 ἀγγέλων.
3231 847 3338 900 Καὶ
3363 845 3423 899 τὸ
3452 847 3549 917 μὲν
3575 846 3844 916 ἀνδρικῶς
3868 848 3978 900 αὺ-

2371 946 2461 999 τὸν
2482 943 2832 1015 οὑσιωθῆναι,
2863 941 3142 1013 μυστικῶς
3182 939 3612 1012 παρειλήφαμεν·
3655 940 3976 1010 ἀγνοοῦμεν

2369 1037 2492 1090 δὲ¹³
2529 1038 2676 1100 ὅπως
2712 1038 2776 1088 ἐκ
2808 1034 3152 1104 παρθενικῶν
3197 1017 3441 1101 αἱξιάτων
3469 1031 3637 1102 ἐτέρῳ
3669 1031 3823 1101 παρὰ
3860 1031 3975 1102 τὴν

2373 1129 2534 1199 φύσιν
2573 1128 2758 1199 θεσμῷ
2786 1127 3134 1180 διεπλάττετο
3157 1166 3171 1188 ,
3211 1126 3304 1177 καὶ
3341 1125 3488 1186 ὅπως
3525 1123 3776 1194 ἀϐρόχοις
3806 1125 3968 1188 ποσὶ,

2376 1217 2684 1290 σωματικὸν
2710 1217 2870 1285 ὃγκον
2893 1216 3072 1286 έχουσι
3089 1216 3181 1268 καὶ
3201 1215 3332 1283 ῦλης
3354 1212 3538 1284 βάρος,
3557 1214 3898 1286 ἐπεπόρευτο
3924 1216 3970 1246 ⁸⁵

2375 1313 2474 1383 τὴν
2509 1310 2681 1383 ὑγρὰν
2715 1312 2809 1362 καὶ
2833 1310 3062 1363 ἄστατον
3092 1309 3295 1361 οὑσίαν·
3335 1307 3428 1360 καὶ
3456 1306 3524 1359 τὰ
3557 1306 3690 1360 ἄλλα
3718 1309 3821 1360 ὅσα
3859 1308 3971 1378 τῆς

2376 1403 2691 1476 ὑπερφυοῦς
2719 1405 2867 1455 ἐστιν
2914 1400 3087 1472 Ἰησοῦ
3117 1400 3480 1470 φυσιολογίας.
3512 1399 3695 1453 Ταῦτα
3728 1401 3787 1454 δὲ
3825 1404 3970 1473 ἡμῖν

2376 1514 2433 1549 τε
2472 1498 2530 1550 ἐν
2568 1497 2746 1558 ἄλλοις
2770 1494 2966 1558 ἱκανῶς
2995 1493 3230 1566 εἴρηται,
3267 1493 3362 1546 καὶ
3385 1491 3462 1562 τῷ
3488 1492 3680 1563 κλεινῷ
3719 1493 3969 1564 καθηγε-

2384 1588 2503 1661 μόνι
2540 1590 2681 1642 κατὰ
2708 1587 2808 1652 τὰς
2842 1586 3156 1656 θεολογικὰς
3181 1585 3344 1639 αὑτοῦ
3382 1585 3740 1656 στοιχειώσεις
3779 1587 3963 1657 ῦμζνη-

2379 1697 2469 1737 ται
2504 1680 2545 1710 "
2575 1681 2695 1733 λίαν
2733 1680 3050 1753 ὑπερφυῶς,
3098 1680 3241 1751 άπερ
3269 1680 3498 1741 ἐκεῖνος,
3542 1679 3649 1730 εἴτε
3683 1679 3819 1750 πρὸς
3848 1680 3968 1733 τῶν

2385 1776 2545 1849 ἱερῶν
2580 1774 2845 1843 θεολόγων
2882 1773 3238 1847 παρείληφεν,
3279 1773 3385 1827 εἴτε
3417 1774 3507 1825 καὶ
3531 1773 3593 1825 ἐκ
3618 1773 3714 1842 τῆς
3735 1775 3966 1845 smm-

2389 1868 2611 1939 μονικῆς
2635 1866 2742 1919 τῶν
2774 1866 2968 1934 λογίων
3010 1865 3238 1937 ἐρεύνης
3265 1863 3623 1936 συνεώρακεν,
3658 1867 3721 1918 ἐκ
3757 1866 3966 1937 πολλῆς

704 1958 901 2027 partim
934 1971 962 2018 a
992 1957 1256 2023 theologis
1284 1955 1488 2008 sanctis
1516 1956 1742 2022 accepit,
1785 1965 1982 2022 partim
2022 1956 2184 2010 etiam
2213 1971 2275 2007 ex

2383 1935 2483 2029 τῆς
2511 1935 2638 2028 περὶ
2665 1957 2803 2010 αὑτὰ
2841 1935 3148 2029 γυμνασίας
3173 1935 3234 2010 τε
3271 1962 3363 2010 καὶ¹
3390 1935 3602 2029 τριϐῆς,
3637 1958 3745 2010 εἴτε
3776 1961 3871 2011 καὶ
3900 1935 3965 2012 ἐκ

705 2052 890 2107 solerti
920 2049 1320 2118 Scripturarum
1352 2049 1699 2115 indagatione
1740 2048 1898 2116 longo
1930 2051 2190 2102 exercitio
2214 2065 2276 2101 ac

707 2151 945 2210 tempore
975 2139 1405 2208 comprehendit,
1437 2138 1631 2205 partim
1657 2150 1820 2192 etiam
1851 2139 2118 2192 diiiniore
2142 2154 2276 2207 qua-

706 2233 828 2286 dam
865 2232 1217 2300 inspiratione
1253 2230 1451 2289 hausit,
1487 2231 1586 2284 ista
1632 2245 1737 2284 non
1767 2230 2024 2283 discendo
2051 2239 2275 2296 tantum,

706 2341 893 2382 verum
923 2326 1088 2378 etiam
1127 2325 1310 2377 divina
1367 2325 1620 2392 patiendo
1665 2332 1973 2382 assecutus.
2028 2338 2124 2377 nec
2173 2339 2277 2378 non

708 2433 893 2472 eorum
923 2417 988 2486 (si
1020 2417 1162 2471 dictu
1197 2414 1278 2471 fas
1308 2417 1402 2484 sit)
1432 2415 1832 2484 compassionc.
1864 2415 1930 2467 ad
1967 2420 2108 2468 diam
2161 2430 2282 2484 qua}

709 2510 890 2565 doceri
941 2511 1130 2579 nequit
1185 2511 1345 2563 [idem
1399 2511 1682 2581 mysticam
1730 2519 1891 2578 aique
1920 2509 2171 2562 unionem
2204 2510 2284 2560 in-

711 2603 996 2659 formatus.
1055 2606 1231 2672 Atque
1292 2614 1350 2656 ut
1393 2602 1659 2671 plurima,
1725 2617 1900 2671 eaque
1951 2601 2286 2665 beatissima,

710 2696 982 2764 praeclara:
1027 2697 1170 2750 illius
1204 2697 1398 2750 mentis
1442 2696 1762 2749 dtu-iuuenta
1813 2694 2003 2761 paucis
2033 2692 2290 2759 subjicia-

714 2805 858 2849 mus,
902 2786 1011 2839 limo
1063 2788 1128 2838 de
1172 2783 1300 2840 Jesu
1356 2785 1407 2839 in
1465 2784 1784 2853 tlieologicis
1832 2783 2114 2838 elementis
2155 2799 2181 2836 a
2231 2797 2290 2836 se

714 2877 957 2930 collectis
980 2877 1052 2928 ait
1080 2891 1095 2928 :

713 2991 874 3064 322
896 2991 1222 3048 Sanctiuimi
1258 2989 1525 3045 IIierothei
1553 2989 1717 3070 _rerba
1747 3005 1812 3042 ex
1854 2989 2155 3058 theologicis
2185 2999 2286 3043 εξε-

1403 3074 1612 3115 υιεηιιε.

2384 2063 2528 2115 τινος
2569 2049 2780 2120 ἐμυήθη
2827 2049 3104 2120 θειοτέρας
3139 2050 3440 2112 ἐπιπνοίας,
3470 2051 3527 2102 οὑ
3569 2050 3723 2120 μόνον
3753 2050 3963 2120 μαθὼν,

2386 2141 2520 2195 ἀλλὰ
2546 2141 2640 2194 καὶ
2671 2141 2857 2194 παθων
2883 2141 2951 2194 τὰ
2977 2141 3114 2194 θεῖα·
3157 2143 3265 2195 κὰκ
3289 2143 3386 2213 τῆς
3407 2142 3541 2213 πρὸς
3575 2142 3709 2195 αὐτὰ
3739 2161 3963 2214 συμπα-

2386 2231 2554 2297 θείας,
2581 2234 2628 2285 εί
2657 2232 2797 2285 οὑτω
2836 2235 2939 2304 χρὴ
2970 2233 3157 2302 φάναι,
3183 2232 3318 2304 πρὸς
3350 2234 3447 2305 τὴν
3477 2235 3754 2288 ἀδίδακτον
3781 2236 3965 2289 αὑτῶν

2387 2327 2480 2381 καὶ
2509 2326 2776 2397 μυστικὴν
2798 2325 3179 2390 ἀποτελεσθεὶς
3207 2327 3398 2379 ἐνωσιν
3422 2329 3512 2380 καὶ
3528 2326 3723 2380 πίστιν.
3747 2329 3852 2381 Καὶ
3874 2330 3966 2382 ἵνα

2382 2418 2450 2471 τὰ
2487 2416 2654 2470 πολλὰ
2684 2417 2774 2469 καὶ
2820 2419 3066 2489 μακάρια
3107 2418 3353 2488 θεάματα
3378 2419 3476 2487 τῆς
3505 2421 3794 2489 κρατίστης
3819 2422 3964 2475 ἐκεί-

2384 2526 2473 2562 νου
2504 2509 2738 2571 διανοίας
2774 2509 2831 2560 ἐν
2872 2508 3174 2580 ἐλαχίστοις
3213 2509 3585 2582 παραθὼμεθα
3609 2551 3623 2574 ,
3667 2511 3791 2566 τάδε
3831 2513 3966 2581 περὶ.

2384 2599 2481 2652 τοῦ
2525 2598 2699 2669 Ἰησοῦ
2725 2616 2887 2670 φησνυ
2912 2602 2970 2656 ἐν
3003 2603 3124 2666 ταῖς
3156 2603 3516 2673 συνηγμέναις
3553 2603 3700 2674 αὑτῷ
3727 2602 3965 2672 θεολογι-

2389 2695 2513 2759 καῖς
2536 2696 2926 2765 στοιχειώσεσι.

2399 2983 2509 3038 Τοῦ
2534 2982 2857 3054 ἁγιωτάτου
2897 2981 3179 3068 Ἰεροθέου
3203 2982 3272 3035 ἐκ
3297 2983 3414 3037 τῶν
3434 2983 3784 3055 θεολογικῶν
3804 3000 3966 3038 arca»

3013 3068 3331 3123 χειωσεων.

2273 3194 2413 3270 §x.

789 3349 961 3402 Causa
1009 3349 1273 3412 omnium,
1332 3357 1382 3401 et
1422 3364 1540 3418 quae
1570 3351 1750 3402 omnia
1800 3346 2009 3417 implet,
2049 3356 2131 3401 est
2160 3343 2281 3400 Jesa
2314 3357 2355 3413 ε

720 3442 1000 3505 dhinitas,
1034 3456 1153 3511 qua:
1198 3449 1382 3494 scivat
1407 3450 1588 3509 partes
1635 3443 1729 3495 loti
1767 3441 2204 3504 t'OItsentienles;
2239 3449 2294 3490 et

720 3549 894 3603 neque
919 3548 1043 3602 pars
1077 3548 1247 3598 neque
1279 3542 1448 3586 totum
1492 3543 1597 3596 est,
1644 3543 1700 3586 et
1726 3541 1810 3586 est
1841 3540 2008 3584 totum
2050 3539 2105 3584 et
2147 3544 2294 3598 pals,

721 3641 988 3698 quatenus
1007 3643 1168 3682 omne
1200 3638 1254 3683 et
1286 3637 1454 3682 totum
1499 3638 1552 3683 et
1577 3637 1784 3698 partem
1833 3627 1884 3680 in
1927 3628 2105 3693 seipsa
2143 3639 2293 3677 eom-

722 3723 1008 3792 prehendit
1056 3732 1112 3776 et
1159 3723 1515 3789 suprahabet,
1565 3731 1623 3775 et
1681 3719 1988 3774 anteliabet.
2044 3717 2292 3771 Perfecta

722 3817 941 3884 quidem
995 3826 1077 3869 est
1127 3818 1178 3869 in
1241 3816 1593 3885 imperfectis,
1659 3825 1918 3883 tanquam
1983 3813 2295 3883 principalis

725 3920 888 3959 eausa
922 3905 1303 3973 perfectionis;
1360 3905 1674 3975 imperfecta
1716 3917 1896 3959 autem
1936 3907 1985 3957 in
2021 3903 2292 3972 perlectis,

728 4010 982 4068 tanquam
1033 4015 1358 4068 supraquam
1413 4000 1651 4070 perfecta
1715 4011 1772 4054 ct
1838 4009 1963 4052 ante
2010 3997 2291 4067 perfecta:

729 4093 1119 4143 formaforma:
1160 4089 1405 4144 eil'ectrix
1465 4092 1515 4143 in
1565 4091 1630 4143 iis
1685 4105 1806 4158 quae
1859 4098 2040 4142 carent
2102 4086 2292 4151 forma,

730 4193 986 4250 t..nquaut
1040 4183 1358 4250 principalis
1408 4199 1572 4238 causa
1631 4185 1845 4248 formae;
1892 4182 2008 4234 sine
2043 4179 2208 4232 forma
2243 4181 2292 4230 iu

732 4273 862 4338 ips.s
889 4273 1096 4338 formis,
1126 4284 1308 4339 utpote
1347 4289 1506 4340 supra
1542 4275 1770 4327 l'nrinatu
1819 4271 2123 4326 substantia
2168 4272 2294 4321 tutis

731 4364 1050 4416 salistantiis
1088 4366 1343 4418 insistens
1402 4366 1705 4433 iiupnllnte,
1753 4372 1807 4416 et
1865 4364 1933 4416 ab
1969 4362 2113 4414 omni
2169 4359 2295 4412 sab-

732 4458 927 4509 stantia
957 4472 1115 4524 supra
1145 4458 1507 4510 substantiam
1540 4459 1846 4520 abstracta;
1880 4465 1986 4508 tota
2036 4454 2292 4524 principia

733 4557 789 4599 et
842 4548 1060 4600 Oidines
1115 4549 1402 4611 definiens,
1459 4563 1620 4616 supra
1677 4563 1835 4601 omne
1886 4547 2212 4616 principium
2243 4555 2297 4598 et

735 4654 950 4693 omnem
991 4643 1232 4694 ordinem
1296 4640 1577 4695 collocata.
1626 4639 1823 4694 Rerum
1879 4649 1961 4692 est
2009 4653 2292 4699 meusma,

737 4731 1099 4799 smculumqne
1149 4742 1203 4782 et
1252 4747 1415 4798 supra
1448 4733 1725 4797 saeculum,
1765 4744 1817 4785 et
1859 4741 1981 4785 ante
2016 4732 2295 4789 smeulum;
2331 4710 2371 4760 D

740 4825 890 4891 plena
937 4835 1017 4876 est
1050 4825 1101 4876 in
1150 4825 1216 4876 iis
1256 4839 1376 4892 qua:
1414 4833 1606 4892 egent,
1646 4825 1697 4877 in
1733 4826 1798 4878 iis
1828 4839 1946 4892 quae
1974 4823 2127 4890 plena
2175 4832 2309 4890 sunt:

739 4919 1028 4981 exuberat;
1082 4915 1368 4970 inelIabilis
1416 4926 1499 4970 est
1548 4927 1602 4970 et
1653 4915 2081 4983 inexplicabilis,
2136 4894 2308 4980 supra

742 5026 984 5072 sensum,
1017 5024 1174 5076 supra
1205 5011 1392 5072 vitam,
1423 5024 1583 5069 supra
1616 5009 1999 5069 suliswutiain,
2041 5021 2314 5075 superna»

744 5105 989 5156 turaliter
1038 5101 1202 5157 habet
1246 5101 1810 5170 supernaturalitatein
1844 5140 1859 5164 ,
1910 5109 1962 5154 ct
2010 5098 2303 5168 supersub—

744 5196 1063 5250 stautialiter
1108 5194 1464 5250 substantiam
1514 5194 1748 5249 excedit.
1804 5191 1978 5258 Unde,
2040 5192 2294 5260 quoniam

2471 3345 2536 3397 'H
2568 3349 2781 3398 πάντων
2818 3341 2985 3404 αἰτία,
3008 3341 3100 3393 καὶ
3126 3338 3571 3410 ἁποπληρωτικὴ,
3599 3338 3688 3393 τοῦ
3725 3337 3896 3408 Ἰησοῦ
3918 3340 3963 3370 ¹⁶

2399 3436 2667 3506 θεότης,ὴ
2700 3434 2766 3487 τὰ
2806 3434 2946 3504 μέρη
2982 3437 3050 3505 τῇ
3082 3433 3294 3502 ὁλότητι
3325 3433 3588 3503 σύμφωνα
3626 3430 3961 3494 διασώζουσα

2399 3528 2492 3580 καὶ
2516 3526 2636 3579 οὑτε
2669 3525 2830 3596 μέρος
2856 3524 2978 3577 οὑτε
3003 3525 3122 3577 ὅλον
3142 3519 3295 3585 οὖσα,
3317 3524 3411 3575 καὶ
3432 3522 3549 3575 ὅλον
3572 3522 3664 3573 καὶ
3691 3521 3865 3592 μέρος,
3886 3520 3964 3583 ὡς

2397 3621 2505 3673 πᾶν
2551 3620 2643 3672 καὶ
2694 3618 2857 3688 μέρος
2897 3617 2992 3670 καὶ¹
3030 3615 3148 3668 ὅλον
3181 3617 3238 3668 ἐν
3275 3615 3438 3685 ἑαυτῇ
3479 3613 3839 3685 συνεάηφυῖα,
3868 3614 3969 3664 καὶ

2400 3711 2743 3783 ὑπερέχουσα
2769 3749 2782 3774 ,
2826 3710 2918 3762 καὶ
2952 3709 3290 3780 προέχουσα,
3317 3707 3496 3783 τελεία
3529 3708 3623 3777 μὲν
3648 3708 3688 3737 ¹⁷
3729 3706 3868 3758 ἐστιν
3907 3708 3968 3759 ἐν

2395 3808 2506 3869 τοῖς
2523 3803 2788 3867 ἀτελέσιν,
2805 3803 2878 3866 ὼς
2894 3803 3081 3858 τελετά
3090 3820 3223 3874 ρχις·
3245 3801 3436 3871 ἀτελὴς
3451 3801 3506 3853 δὲ
3522 3802 3579 3852 ἐν
3593 3802 3702 3862 τοῖς
3719 3797 3965 3862 τελείοις,

2399 3897 2475 3961 ὡς
2500 3895 2800 3966 ὑπερτελὴς
2838 3895 2928 3948 καὶ
2957 3894 3281 3965 προτέλειος⁶
3311 3889 3447 3956 εἶδος
3475 3891 3732 3944 εἰδοποιὸν
3756 3892 3812 3942 ὲν
3848 3894 3966 3954 τοῖς

2397 3990 2677 4052 ἀνειδέοις,ι
2701 3988 2776 4051 ὡς
2813 3988 3102 4058 εἰδεάρχις,
3146 3987 3379 4049 ἁνείδεος
3414 3986 3472 4038 ἐν
3509 3988 3621 4047 τοῖς
3648 3984 3855 4047 εἴδεσιν,
3888 3984 3964 4047 ὡς

2399 4082 2540 4153 ὑπὲρ
2566 4076 2723 4143 εἶδος·
2751 4077 2906 4133 οὐσία
2929 4082 3049 4142 ταῖς
3082 4079 3227 4142 ὅλαις
3251 4078 3456 4139 οὐσίαις
3484 4077 3758 4146 ἀχράντως
3782 4076 3822 4106 ’⁸
3838 4077 3962 4128 ἐπι-

2399 4173 2715 4236 ϐατεύουσα,
2739 4172 2832 4225 καὶ⁹
2849 4172 3082 4242 ὑπερουο
3094 4188 3188 4234 ιος,
3210 4170 3423 4238 απὰσης
3438 4168 3621 4230 οὐσίας
3635 4165 3796 4238 ἐξῃρη
3807 4167 3962 4237 μέν-η,

2395 4267 2492 4330 τὰς
2517 4267 2644 4329 ὅλας
2673 4265 2845 4335 ἀρχὰς
2868 4266 2962 4318 καὶ
2986 4262 3167 4328 τάξεις
3195 4259 3541 4333 ἀφορίζουσα,
3559 4260 3650 4313 καὶ
3675 4262 3847 4329 πάσης
3867 4260 3962 4331 ἀρ-

2399 4360 2498 4430 χῆς
2526 4360 2620 4411 καὶ
2644 4357 2850 4421 τάξεως
2883 4357 3306 4428 ὑπεριδρυμένη.
3345 4355 3454 4406 Καὶ
3483 4356 3677 4425 μέτρον
3711 4355 3823 4407 ἐστὶ
3857 4355 3964 4407 τῶν

2397 4454 2582 4514 ὄντων,
2632 4451 2725 4504 καὶ
2765 4445 2920 4513 αἰὼν,
2953 4451 3045 4502 καὶ
3084 4451 3222 4520 ὑπὲρ
3268 4447 3458 4511 αἰῶνα,
3488 4448 3578 4499 καὶ
3606 4448 3709 4519 πρὸ
3751 4447 3959 4512 αἰῶνος·

2399 4547 2608 4617 πλήρης
2633 4547 2671 4576 ¹⁹
2700 4548 2757 4597 ἐν
2782 4546 2893 4606 τοῖς
2932 4542 3185 4596 ἐνδεέσιν·
3221 4540 3575 4612 ὑπερπλήρης
3601 4542 3658 4592 ἐν
3683 4542 3794 4604 τοῖς
3832 4543 3962 4613 πλή-

2404 4657 2547 4710 ρεσιν
2564 4640 2630 4699 ²⁰,
2659 4639 2911 4708 ἄρῤητος,
2939 4635 3258 4704 άφθεγκτος,
3299 4633 3438 4704 ὑπὲρ
3466 4633 3608 4693 νοῦν,
3635 4633 3773 4705 ὑπὲρ
3805 4632 3958 4706 ζωὴν,

2403 4731 2541 4801 ὑπὲρ
2564 4730 2747 4782 οὐσίαν
2795 4728 3084 4799 ὑπερφυῶς
3111 4727 3220 4797 ἔχει
3245 4727 3305 4778 τὸ
3325 4728 3613 4796 ὑπερφυὲς,
3641 4728 3960 4798 ὑπερουσίως

2401 4823 2461 4876 τὸ
2476 4823 2812 4892 ὑπερουσον.
2828 4819 2996 4872 ν”υθεν
3012 4819 3194 4888 ἐπειδὴ
3211 4818 3302 4870 καὶ
3324 4818 3429 4881 ἕως
3447 4818 3656 4887 φύσεως
3672 4821 3714 4850 ἰ
3735 4819 3836 4871 ὑπὸ
3849 4822 3959 4889 φιλ-

2407 4912 2716 4984 ανθρωπίας
2731 4914 2774 4943 ³⁸
2804 4910 3046 4981 ἐλήλυθε,
3085 4909 3178 4961 καὶ
3206 4908 3419 4979 ἀληθῶς
3443 4907 3696 4979 οὑσιώθη,
3722 4915 3814 4963 καὶ
3834 4912 3959 4981 ἀνὴρ

2405 5005 2433 5054 ὁ
2455 5003 2719 5073 ὑπέρθεος
2746 5002 3111 5072 ἐχρημάτισεν
3141 4999 3285 5071 (ἵλεω
3309 5000 3363 5053 δὲ
3392 5001 3477 5070 εἴη
3502 5000 3567 5052 τὰ
3596 5001 3728 5071 πρὸς
3754 5002 3900 5072 ήμῶν
3919 5004 3959 5034 ⁸⁸

2405 5097 2474 5148 τὰ
2498 5097 2636 5165 ὑπὲρ
2661 5093 2783 5146 νοῦν
2808 5095 2900 5146 καὶ
2927 5093 3078 5161 λόγον
3107 5094 3455 5163 ὑμνούμενα)·
3483 5095 3583 5146 κᾶν
3619 5094 3824 5157 τούτοις
3858 5095 3958 5164 ἔχει

2405 5188 2465 5241 τὸ
2488 5187 2757 5257 ὑπερφυὲς
2783 5186 2875 5237 καὶ
2901 5184 3241 5256 ὑπεροὺσιον,
3268 5187 3326 5238 οὑ
3359 5187 3515 5254 μόνον
3603 5186 3957 5250 ἀναλλοιὼτως

2010 5390 2245 5446 VARUE
2286 5388 2692 5446 LECTIONES.

823 5561 867 5590 ¹³
893 5558 1260 5628 παραδέδοταιο
1290 5557 1560 5628 ἀγνοεῖται
1585 5555 1661 5620 δέ,
1691 5553 1748 5609 S.

1828 5553 1872 5590 ιδ
1895 5549 2272 5622 ἐπεπορεύετο,
2304 5549 2365 5622 li.
2411 5549 2478 5622 8.Δ
2550 5549 2591 5622 ξδ
2623 5548 2900 5622 ὑμνεῖται,
2931 5545 2993 5622 S_._
3023 5545 3112 5599 Sc.

3210 5544 3254 5575 ¹⁶
3276 5540 3370 5595 τοῦ
3386 5541 3533 5601 Υἱοῦ,
3562 5538 3619 5593 S.
3654 5536 3714 5593 P.
3812 5541 3849 5572 "
3877 5541 3958 5594 καὶ

749 5608 1148 5706 τελείαίβξ-Πῖ-’ί
1773 5625 1822 5704 ¹ξ
1838 5608 2183 5706 καιιπλήρης,
2409 5618 2482 5706 ’³ο
2514 5608 2802 5706 πλήθξσινι,
2841 5608 3050 5706 PinSc.
3121 5616 3160 5647 ²¹
3191 5612 3363 5682 ἡμῶν.
3442 5617 3484 5645 ἰ
3514 5610 3650 5680 ὑπὲρ
3678 5608 3957 5680 φιλανθρωο

754 5704 899 5765 τείας,
931 5686 994 5753 Μ.
1020 5700 1072 5755 S.
1114 5699 1169 5754 Ι).
1202 5686 1292 5731 N“
1320 5686 1524 5752 τλειυδὲ
1550 5697 1681 5768 πρὸς
1717 5693 1884 5766 ήμῶν,
1920 5693 1974 5745 l'.
2006 5686 2081 5746 τά
2102 5686 2201 5746 non
2228 5691 2425 5745 habent
2450 5686 2644 5755 praeter
2669 5688 2723 5741 l’.
2749 5686 2793 5740 M
2841 5687 2894 5742 ὃ.
2925 5687 2983 5740 D.
