4176 6308
143 322 265 384 661

735 323 825 380 DE
857 320 1118 380 DlVlNlS
1164 315 1564 386 NOMINIBUB,
1602 313 1755 376 CAP.
1789 317 1856 376 ll.
1895 335 1966 363 -ε-
1996 316 2338 377 PARAPHR.
2376 319 2843 377 PACHYMERIE.

3306 321 3413 378 662

144 442 328 519 ἡμεῖς
371 441 496 508 οὐδὲ
543 438 993 510 ὑπολαμϐάνομεν
1035 437 1197 492 αὐτὸν
1249 433 1386 491 εἶναι
1435 435 1617 490 ἱκανὸν
1665 432 1734 498 είς

1848 447 1971 491 mus
2001 435 2175 504 ipsum
2207 449 2314 489 non
2359 436 2496 490 satis
2541 434 2771 504 probare
2797 449 2982 505 posse,
3025 449 3088 502 se,
3112 437 3267 493 nobis
3300 439 3412 494 haec

141 537 224 593 τὸ
279 535 525 600 πείθειν,
574 534 656 587 δτι
705 531 875 605 ἀληθῆ
921 531 1066 601 λέγει
1111 530 1148 586 ἀ
1195 530 1341 598 λέγει
1400 528 1520 582 καθ’
1561 526 1734 599 ήμῶν.

145 627 227 684 El
259 626 358 698 μὲν
398 624 507 696 γὰρ
543 627 610 696 τῇ
650 623 779 694 θείᾳ
809 621 999 700 Γραφῇ
1038 622 1383 686 ἀνθίσταται,
1424 621 1611 693 πόρρω
1648 622 1740 676 καὶ

149 719 269 791 τῆς
309 718 584 791 ἡμετέρας
635 717 952 787 φιλοσοφίας
1002 716 1152 775 ἔσται
1177 733 1190 746 ·
1235 716 1329 769 καὶ
1368 717 1418 768 εί
1458 710 1531 787 μὴ
1588 714 1739 786 μέλει

149 813 342 884 τούτῳ
367 812 476 866 τῶν
503 812 662 866 θείων
679 811 908 884 Λογίων,
933 810 1048 875 πῶς
1091 809 1159 865 ἂν
1208 810 1428 883 μελήσοι
1468 813 1598 882 ἡμῖν
1631 811 1740 882 ,τῆς

151 903 377 959 ἑκείνου
405 903 770 977 χειραγωγίας
808 905 903 958 καὶ
940 902 1317 969 διδασκαλίαςς
1359 903 1421 956 El
1446 903 1504 957 δὲ
1528 903 1739 974 δέχεται

155 993 264 1066 τὴν
288 994 397 1050 τῶν
424 991 617 1065 λογίων
644 996 896 1069 ἀλήθειαν
917 1037 930 1060 ,
959 999 1119 1068 ἡμεῖς
1159 996 1340 1061 αὐτοῖς
1363 993 1475 1061 τοῖς
1517 986 1735 1066 λογίοις,

149 1087 237 1154 ὡς
266 1091 452 1144 κανόνι
487 1092 579 1144 καὶ
605 1092 742 1160 φωτὶ
768 1088 1035 1164 χρώμενοι
1056 1130 1070 1154 ,
1101 1088 1544 1165 ἀπολογησόμεθα
1569 1086 1736 1160 αύτῷ,

151 1180 240 1247 ὡς
269 1182 300 1253 ἡ
329 1181 575 1250 θεολογία
597 1181 666 1235 τά
694 1179 791 1252 μὲν
817 1181 924 1234 τῶν
948 1179 1223 1252 ὀνομάτων
1243 1177 1533 1252 ἡνωμένως
1565 1199 1740 1253 παρα-

143 1271 395 1336 δίδωσιν,
424 1273 499 1338 ὼς
523 1272 598 1336 ,τὸ
632 1275 793 1340 Θεὸς,
823 1274 883 1334 τὸ
909 1272 1157 1342 ἀγαθὸς,-
1188 1259 1288 1327 καῖ
1321 1272 1388 1326 τὰ
1432 1273 1620 1344 ὃμοια·
1671 1274 1740 1346 τὰ

148 1362 216 1417 δὲ
243 1362 671 1437 διακεκριμένως
693 1407 708 1431 ,
748 1366 822 1430 ᾡς
847 1361 908 1418 τὸ
932 1363 1132 1433 Πατὴρ
1150 1404 1162 1428 ,
1190 1364 1251 1418 τὸ
1283 1365 1414 1432 Υἱὸς
1430 1404 1446 1428 ,
1470 1365 1530 1418 τὸ
1553 1363 1739 1420 Πνεῦ-

143 1471 276 1524 μα,
313 1457 374 1510 τὸ
406 1459 727 1529 γεννητὸν,
762 1457 823 1511 τὸ
854 1456 1212 1528 ἀγέννητονξ,
1233 1457 1304 1510 ετὸ
1337 1457 1699 1528 exqude
1721 1474 1733 1487 ·

153 1549 258 1602 καὶ
283 1551 382 1620 οὐχ
411 1545 522 1604 οἷόν
564 1569 624 1610 τε
649 1550 790 1609 ,οὔτε
813 1551 883 1604 τὰ
916 1536 1455 1629 ἦνωμένανδιαιρείν,
1502 1551 1625 1605 οὒτε
1656 1551 1738 1619 ,τά

144 1641 553 1716 διακεκριμένα
583 1650 818 1717 συγχεῖν,
850 1643 985 1702 ἀλλά
1027 1645 1130 1719 χρὴ
1177 1646 1471 1719 ἑπομένους
1507 1647 1574 1720 τῇ
1623 1646 1739 1701 θεο-

150 1733 341 1807 λογίᾳ,
399 1737 680 1792 ἀνανεύειν
725 1741 818 1794 ἐπὶ
861 1739 963 1804 τὰς
999 1739 1148 1804 Θείας
1189 1741 1550 1810 φωαγωγίας
1576 1758 1590 1772 ·
1643 1742 1737 1797 καὶ

1842 526 2146 584 secundum
2173 525 2747 597 veritatem’objicere.
2792 525 2924 582 Nam
2956 527 3002 584 si
3032 528 3157 604 talis
3199 529 3271 586 sit
3318 531 3411 599 qui

1838 615 2060 679 omnino
2084 619 2255 674 sacris
2278 616 2500 675 Litteris
2544 619 2787 685 resistat,
2828 636 2857 673 a
2900 619 3244 694 philosophia
3270 636 3410 691 quo-

1841 718 1946 780 que
1997 719 2185 766 nostra
2233 711 2424 782 procul
2461 712 2763 767 admodum
2801 711 2978 768 aberit
3008 730 3023 768 :
3052 721 3109 770 et
3153 713 3258 770 nisi
3304 712 3409 784 ipsi

1841 811 1986 862 cdt-te
2029 805 2143 860 sint
2190 805 2491 878 Scriptura:
2521 823 2715 876 sacra),
2743 808 3019 880 quomodo
3070 809 3224 865 nobis
3266 825 3414 866 cura:

1842 895 1947 953 erit
1997 909 2057 953 ut
2113 899 2292 969 ipsum
2354 896 2422 954 ad
2477 901 2761 957 scientiam
2810 899 3409 956 manuducamus?Sin

1842 987 2189 1058 Eloquiorum
2249 979 2535 1046 veritatem
2592 979 2893 1057 admittat,
2937 1006 3044 1047 nos
3100 987 3411 1064 Scripturas

1844 1081 2094 1151 tanquam
2124 1083 2365 1154 regulam
2407 1081 2695 1154 lucemque
2722 1084 3041 1140 adhibentes
3065 1125 3080 1149 ,
3115 1085 3410 1154 responde-

1843 1175 2018 1231 bimus
2052 1176 2174 1246 ipsi,
2202 1177 2346 1248 quod
2375 1167 2644 1249 theologia
2665 1179 2921 1235 nonnulla
2945 1181 3162 1252 quidem
3193 1180 3410 1235 nomina

1841 1269 1990 1324 unite
2005 1270 2203 1334 tradat,
2225 1278 2282 1324 ut
2303 1268 2464 1336 Deus,
2483 1271 2672 1338 bonus,
2686 1271 2948 1326 etsimilia
2964 1289 2980 1340 ;
2999 1271 3255 1328 nonnulla
3275 1286 3409 1326 vero

1842 1357 2094 1416 distincte
2112 1375 2206 1416 seu
2232 1342 2468 1427 divisim,
2486 1373 2543 1416 ut
2560 1361 2744 1429 Pater,
2769 1359 2963 1429 Filius,
2985 1361 3238 1432 Spiritus,
3259 1363 3409 1432 geni-

1843 1464 1986 1521 tum,
2028 1455 2344 1526 ingenitum,
2369 1454 2650 1523 procedens
2672 1472 2691 1521 ;
2713 1463 2765 1508 et
2779 1453 3014 1532 nefassit
3036 1450 3284 1509 velunita
3297 1448 3408 1508 dis-

1843 1546 2112 1620 tinguere
2151 1537 2242 1603 vel.
2276 1547 2529 1612 distincta
2559 1546 2925 1607 confundere.
2973 1546 3068 1601 sed
3098 1540 3407 1614 'Sc‘ripturis

1843 1635 2161 1705 insistendo,
2195 1641 2266 1697 ad
2303 1640 2515 1696 divinas
2535 1655 2657 1698 esse
2681 1639 3066 1696 illustrationes
3106 1632 3405 1708 suspicien—

1841 1732 1992 1796 dum,
2019 1729 2275 1801 quoniam
2306 1732 2434 1789 inde
2454 1732 2666 1789 divinas
2685 1731 3094 1803 explanationes
3132 1731 3408 1800 accipien-

148 1827 271 1900 γὰρ
297 1829 507 1881 ἐκεῖθεν
535 1829 633 1894 τὰς
662 1828 1008 1894 διδασκαλίας
1037 1830 1438 1902 παραλαϐόντες
1463 1873 1476 1897 ,
1505 1831 1734 1888 σπεύσο-

1839 1829 1941 1888 tes,
1968 1835 2230 1877 conamur
2247 1823 2467 1898 easdem
2492 1831 2750 1893 tanquam
2770 1838 3032 1880 canonem
3052 1838 3146 1877 seu
3161 1820 3407 1892 regulam

153 1935 265 1991 μεν
292 1918 483 1992 ὥσπερ
506 1920 627 1974 τινὰ
655 1917 852 1975 κανόνα
876 1920 1079 1985 ταύτας
1104 1920 1389 1992 φυλάττειν
1428 1924 1524 1977 καὶ¹
1564 1926 1736 1998 ἀπλη-

149 2011 385 2077 θύντους
404 2053 417 2076 ,
446 2014 538 2066 καὶ
565 2007 888 2085 ἀμειώτους,
915 2011 1072 2069 τοῦτο
1097 2014 1204 2085 γάρ
1228 2014 1345 2068 ἐστι
1380 2015 1475 2068 τοῦ
1514 2018 1736 2084 κανόνος

146 2104 220 2160 τὸ
258 2103 410 2170 ἴδιον,
456 2105 517 2159 τὸ
563 2105 722 2174 πλέον
746 2106 803 2160 δὲ
831 2097 1294 2180 ἀπερίτρεπτους,
1345 2109 1736 2183 φρουρούμενοι

151 2196 263 2269 μὲν
308 2200 366 2253 ὲν
410 2202 476 2270 τῇ
507 2201 722 2271 φρουρᾷ
744 2200 854 2255 τῶν
881 2196 1075 2270 λογίων
1095 2241 1108 2265 ,
1136 2195 1530 2275 δυναμούμενοι
1553 2205 1630 2276 δὲ,
1658 2208 1737 2270 είς

145 2289 319 2345 τοῦτο
345 2291 410 2363 δὴ
435 2293 496 2344 τὸ
524 2291 873 2365 φρουρεῖσθαι
899 2296 957 2347 ὲν
982 2296 1060 2365 τῷ
1087 2299 1341 2369 φρουρεῖν
1363 2287 1523 2352 αύτά.

233 2380 263 2454 §
320 2384 407 2436 Ill.
470 2385 551 2437 Τά
600 2381 698 2455 μὲν
743 2381 834 2439 οὖν
882 2387 1135 2457 ἡνωμένα
1161 2381 1199 2452 ,δ’
1217 2387 1418 2462 δηλαδὴ
1465 2383 1565 2461 τῆς
1611 2391 1736 2463 ὅλης

143 2473 427 2547 Θιότητος
452 2517 466 2541 ,
497 2478 598 2549 τῆς
643 2468 1194 2554 Τριαδικῆςμονάδος
1218 2524 1232 2548 ,
1259 2482 1334 2548 ὡς
1367 2485 1424 2537 ὲν
1447 2483 1624 2548 ἀλλοις
1657 2483 1734 2537 εῖ-

151 2584 356 2640 πομεν,
411 2570 527 2623 ἐστὶ
570 2571 629 2624 τὸ
656 2563 1046 2644 ὺπερὰτάθον,
1093 2577 1186 2630 καὶ
1221 2576 1420 2640 τᾶλλα,
1454 2577 1735 2649 προσλαμ-

150 2659 464 2732 ϐανομένης
529 2662 630 2732 τῆς
686 2663 838 2731 ὑπὲρ
886 2664 1226 2738 προθέσεως,
1279 2667 1328 2720 ἃμ
1368 2666 1431 2738 δὴ
1481 2666 1573 2722 καὶ
1636 2669 1734 2738 τῆς

147 2750 495 2825 ὑπαροχικῆς
540 2754 887 2830 ἀφαιρέσεως
921 2754 1109 2826 λέγει·
1155 2759 1582 2830 ἁφαιρεματικὸν
1628 2763 1733 2833 γὰρ

145 2841 255 2897 καὶ
279 2840 339 2895 τὸ
366 2843 684 2909 ἀθάνατον,
722 2846 815 2900 καὶ
839 2847 900 2900 τὸ
936 2848 1238 2910 ἆκτιστον,
1269 2850 1408 2913 ἀλλὰ,
1432 2851 1572 2906 κατὰ
1601 2853 1733 2907 ἀπό-

150 2949 345 3002 φασιν.
414 2934 871 3010 Ἀφαιρεματικὸν
915 2940 1006 2992 καὶ
1051 2940 1111 2993 τὸ
1160 2940 1563 3012 ὑπεράγαθον·
1615 2945 1732 3014 οὐδὲ

149 3025 267 3098 γὰρ
302 3027 488 3092 ἁπλῶς
517 3029 720 3098 ἀγαθὸν
750 3032 842 3084 καὶ
878 3032 1058 3110 σοφὸν,
1083 3032 1201 3085 ἀλλ’
1241 3033 1384 3106 ὒπὲρ
1422 3020 1592 3090 ταῦτα
1640 3041 1734 3098 καὶ

145 3118 504 3190 ἁσυγκρίτως
528 3163 541 3186 ,
595 3119 685 3178 καὶ
705 3122 795 3226 8ιά
827 3113 998 3179 τοῦτο’
1034 3128 1377 3199 ὑπεροχικῶς
1426 3130 1522 3202 τὴν
1574 3124 1734 3201 ἀφάί-
1759 3167 1803 3226 C

1837 1913 2151 1980 observare,
2184 1915 2322 1969 nihil
2351 1906 2623 1980 addendo,
2655 1915 2791 1971 nihil
2815 1914 3102 1980 demendo,
3137 1914 3241 1969 hoc
3263 1913 3408 1978 enim

1838 1992 2118 2075 proprium
2145 1989 2232 2061 est
2262 2006 2494 2075 regulas;
2521 2015 2576 2060 et
2602 2006 2746 2075 quod
2778 2005 2950 2076 magis
2990 1989 3093 2069 εει,
3128 1991 3407 2070 άιιιιιιιυί-

1838 2095 2116 2153 dem'illas
2143 2097 2432 2153 inviolatas
2459 2098 2812 2162 custodimus,
2847 2095 3251 2167 Scripturarum
3302 2094 3405 2166 ipsi

1840 2188 2082 2242 custodia
2113 2203 2430 2256 servamur;
2462 2189 2588 2244 dum
2617 2201 2746 2244 vero
2777 2188 2849 2243 ita
2885 2202 3188 2251 servantur,
3219 2193 3408 2256 poten-

1841 2279 2009 2334 tiores
2035 2279 2316 2337 cvadimus
2347 2281 2412 2334 ad
2443 2282 2655 2345 easdem
2686 2279 3095 2337 custodiendas.

1912 2371 1943 2443 ᾗ
1977 2370 2068 2428 lli.
2107 2373 2334 2430 Nomina
2373 2376 2536 2446 igitur
2569 2376 2740 2440 unita,
2769 2374 2978 2431 scilicet
3027 2376 3194 2432 totius
3219 2376 3406 2431 Deita-

1842 2463 2123 2530 tis,Tri’n:e
2155 2466 2401 2534 unitatis,
2435 2467 2576 2522 sictit
2610 2467 2736 2521 alibi
2771 2467 3028 2534 diximus,
3054 2477 3183 2524 sunt
3213 2484 3403 2539 supra-

1837 2574 1995 2626 quam
2026 2557 2242 2621 bonum,
2289 2567 2343 2612 et
2372 2569 2570 2614 caetera
2593 2599 2609 2624 ,
2634 2552 2840 2629 quibus
2886 2561 3194 2630 [ιτεροείϋο
3247 2578 3407 2624 supra

1838 2651 2189 2721 praeponitur,
2223 2664 2345 2720 quae
2385 2659 2543 2706 vocat
2580 2651 2876 2706 ablationis
2905 2653 3200 2714 secundum
3242 2668 3406 2708 exsu-

1838 2742 2168 2808 perantiam;
2212 2740 2478 2810 siquidem
2511 2741 2676 2796 etiam
2727 2739 3024 2796 ablativum
3068 2753 3154 2797 est
3205 2758 3403 2797 nomen

1837 2831 2128 2887 inmortale
2168 2841 2224 2886 et
2260 2834 2546 2886 increatuttt
2569 2873 2584 2900 ,
2612 2831 2705 2888 sed
2736 2831 3038 2887 secundum
3080 2833 3404 2888 allirmatio-

1836 2940 1978 2979 nem.
2052 2924 2358 2978 Ablativum
2419 2925 2587 2979 etiam
2648 2932 2736 2979 est
2806 2939 3124 2994 supraquam
3176 2925 3363 2979 bonum
3384 2945 3406 2990 ,ο

1836 3032 1940 3072 non
1970 3018 2113 3072 enim
2152 3017 2475 3088 simpliciter
2502 3018 2702 3072 bonum
2732 3026 2786 3072 et
2817 3017 3054 3087 sapiens,
3095 3016 3189 3072 sed
3237 3033 3401 3087 supra

1837 3110 1952 3164 haec
1973 3147 1988 3174 ,
2014 3119 2070 3163 et
2098 3113 2219 3167 sine
2265 3111 2699 3180 comparathne,
2731 3107 3039 3166 et'idcirco‘
3077 3111 3404 3181 superlative

152 3227 312 3282 ρισιν
356 3212 534 3283 ἔχουσι
559 3232 571 3244 ·
606 3215 724 3286 μεθ’
747 3209 822 3272 ὧν
865 3220 975 3282 εἰσι,
1015 3220 1109 3275 καὶ
1145 3221 1213 3274 τὰ
1261 3200 1630 3291 αἰτιολογικάέ
1667 3225 1729 3278 τὸ

1838 3201 2156 3256 ablutionem
2203 3200 2506 3266 continent,
2541 3201 2736 3270 quibus
2768 3201 3192 3258 adnumerantur
3219 3203 3402 3256 omnia

147 3297 266 3374 γὰρ
293 3296 534 3370 ἀγαθὸν,
563 3307 656 3359 καὶ
681 3306 741 3359 τὸ
770 3308 980 3373 καλὸν,
1010 3312 1103 3363 καὶ
1143 3312 1202 3364 τὸ
1233 3309 1321 3374 ὃν,
1346 3314 1427 3366 ὅτι
1468 3314 1528 3367 τὸ
1569 3315 1724 3369 Θεῑον

152 3393 431 3463 ὑπέστησε
484 3394 654 3460 καλὰ,
692 3399 785 3451 καὶ
829 3399 977 3464 ὅντα,
1026 3404 1120 3456 καὶ
1169 3403 1380 3471 ἀγαθὰ,
1409 3406 1472 3458 ὲκ
1511 3406 1619 3458 τῶν
1649 3403 1731 3458 αἲ-

147 3483 359 3538 τιατῶν
403 3486 541 3540 αύτά
587 3488 946 3560 ὀνομάζεται·
996 3493 1169 3546 ταῦτα
1213 3495 1280 3548 τὰ
1325 3497 1595 3569 ἡνωμένα.
1649 3494 1730 3553 Τά

142 3575 212 3631 δὲ
256 3576 645 3651 διακεκριμένα
665 3622 680 3647 ,
723 3582 782 3636 τὸ
817 3585 1148 3657 ’ὑπερούσιον
1175 3587 1343 3659 ὄνομα
1371 3590 1464 3644 τοῦ
1496 3589 1726 3664 Πατρὸς,

150 3666 565 3754 τὸὺπερούσιον
590 3670 758 3742 ὄνομα
784 3673 874 3727 τοῦ
902 3673 1033 3728 Υίοῦ
1054 3715 1069 3740 ,
1096 3677 1158 3730 τὸ
1202 3677 1303 3732 ὑπε
1314 3675 1521 3750 ρούσίον
1560 3681 1730 3754 ὄνομα

150 3753 252 3809 τοῦ
280 3757 432 3825 ἁγίου
460 3759 774 3832 Πνεύματος
793 3781 806 3793 ·
838 3763 964 3818 οὔτε
1000 3761 1110 3838 γὰρ
1136 3764 1465 3842 ἀντιστροφὴ
1507 3773 1572 3825 ὲκ
1601 3753 1729 3825 τού-

152 3865 268 3905 των
304 3850 543 3919 γίνεται,
591 3853 711 3908 οὔτε
735 3858 1000 3929 κοινότης.
1040 3859 1100 3912 Ὁ
1133 3859 1240 3932 γὰρ
1265 3861 1455 3934 Πατὴρ
1481 3863 1643 3929 Θεὸς,
1668 3867 1729 3918 ού

159 3941 271 4014 μὴν
297 3944 324 3995 6
350 3943 480 4008 Θεὸς
505 3947 694 4019 Πατὴρ
738 3949 915 4020 μόνως
937 3969 948 3980 ’
978 3951 1081 4005 καὶ·
1111 3952 1140 4002 ὁ
1187 3952 1313 4018 Υἱὸς
1339 3954 1469 4020 Θεὸς
1493 3995 1507 4020 ,
1537 3957 1596 4009 ού
1625 3956 1730 4029 μὴν

140 4033 212 4089 δὲ
251 4037 342 4089 καὶ
367 4041 398 4090 6
422 4039 553 4104 Θεὸς
584 4041 714 4107 Υἱὸς
743 4045 919 4113 μόνως
940 4061 954 4075 ·
997 4047 1196 4116 ὁμοίως
1220 4049 1313 4101 καὶ
1335 4048 1428 4101 ἐπὶ
1458 4050 1550 4102 τοῦ
1577 4051 1728 4125 ἁγίου

155 4125 252 4178 καὶ
296 4127 560 4190 ζωοποιὸῦ
591 4131 922 4202 Πνεύματος.
975 4133 1217 4206 Εὕρηται
1249 4138 1341 4190 καὶ
1377 4138 1508 4209 ἄλλη
1553 4140 1731 4194 διακε-

155 4219 392 4292 κριμένη
421 4214 668 4291 θεολογία
712 4225 857 4289 tam;
882 4225 974 4278 ἐπὶ
997 4227 1091 4278 τοῦ
1133 4228 1334 4297 Κυρίου
1363 4227 1517 4298 ἡμῶν
1556 4230 1728 4300 Ἰησοῦ

155 4310 395 4382 Χριστοῦ
443 4315 535 4366 καὶ
577 4315 732 4381 Θεοῦ,
778 4319 809 4388 ὴ
863 4320 1046 4373 τούτου
1081 4319 1200 4373 καθ’
1228 4321 1374 4390 ἡμᾶς
1419 4317 1726 4396 ῦπαρξις’ή

153 4405 430 4473 παντελής
449 4421 462 4434 ·
495 4406 674 4478 σάρκα
701 4409 809 4480 γὰρ
836 4411 1194 4485 ὲψυχωμένην
1219 4412 1310 4463 καὶ
1340 4416 1532 4486 νοεράν
1565 4432 1731 4488 προσ-

1831 3308 1950 3362 qua:
1991 3292 2060 3346 ad
2116 3291 2380 3348 ratiOuem
2433 3307 2614 3349 causa:
2661 3294 2982 3362 pertinent;
3027 3308 3147 3346 nam
3189 3295 3398 3359 bonum,

1831 3395 1885 3439 et
1919 3385 2188 3452 pulchrum
2212 3427 2227 3452 ,
2264 3395 2317 3440 et
2346 3401 2469 3451 ens,
2512 3384 2768 3455 quoniam
2801 3384 2942 3440 Deus
2992 3401 3054 3440 ea
3103 3400 3222 3456 quas
3269 3397 3399 3440 sunt

1833 3476 2078 3546 pulchra,
2111 3487 2168 3531 et
2193 3477 2487 3541 exsistunt,
2517 3475 2734 3554 etbona
2759 3483 2903 3540 sunt,
2923 3478 3300 3547 suppeditavit,
3329 3492 3398 3534 ex

1832 3565 2038 3624 eiectis
2069 3569 2183 3623 huic
2215 3567 2431 3622 nomina
2474 3567 2735 3632 sortitur;
2777 3579 2897 3635 qua:
2921 3575 3047 3622 sunt
3076 3568 3248 3620 unita.
3281 3565 3396 3622 Dis-

1832 3669 1980 3714 creta
2040 3673 2168 3715 vero
2230 3666 2356 3714 sunt
2409 3673 2603 3714 nomen
2673 3658 3120 3728 super-essentiam
3179 3657 3394 3719 Patris,

1830 3751 1988 3823 331
2024 3758 2221 3807 nomen
2255 3752 2714 3821 stipercssentiale
2754 3751 2897 3816 Filii,
2932 3767 3125 3808 nomen
3148 3765 3396 3820 superes.

1830 3842 2063 3898 sentiale
2093 3841 2335 3911 Spiritus
2360 3843 2570 3907 sancti;
2600 3857 2667 3896 ex
2693 3842 2741 3897 hi
2806 3842 2949 3897 enim
2973 3842 3118 3896 nulla
3151 3841 3210 3896 lit
3259 3843 3396 3897 reci-

1833 3935 2099 4004 procatio,
2134 3935 2218 3989 vel
2249 3934 2698 3991 communicatio.
2723 3933 2883 3990 Pater
2915 3935 3254 4006 enim'Deus,
3284 3951 3393 3992 non

1835 4040 2012 4085 tamen
2063 4028 2208 4084 Deus
2240 4027 2425 4084 solum
2479 4027 2678 4096 Pater;
2729 4038 2784 4082 et
2832 4027 3004 4083 Filius
3053 4028 3227 4093 Deus,
3288 4045 3393 4083 non

1835 4135 2015 4177 tamen
2045 4121 2189 4177 Deus
2216 4122 2367 4179 solus
2403 4120 2604 4188 Filius;
2637 4122 2894 4177 similiter
2918 4125 3081 4178 etiam
3105 4123 3171 4177 de
3206 4132 3396 4176 sancto

1833 4225 1886 4292 et
1930 4214 2145 4270 vivitico
2192 4213 2749 4284 Spirituulnvenittir
2786 4215 2950 4269 etiam
2995 4215 3100 4269 alia
3147 4215 3393 4284 quaedam

1833 4308 2089 4363 distincta
2121 4308 2415 4379 theologia,
2456 4320 2574 4377 quae
2603 4309 2818 4377 propria
2844 4319 2926 4363 est
2957 4308 3182 4363 Domino
3211 4318 3398 4362 nostro

1833 4400 1958 4454 Jeisu
2001 4387 2224 4456 Christo
2267 4413 2331 4454 ac
2380 4401 2509 4464 Deo,
2543 4401 2751 4454 scilicet
2783 4399 3023 4468 perfecta
3053 4399 3172 4468 ejus
3203 4415 3393 4454 secun-

154 4495 412 4550 ιλάϐετο¹
449 4499 543 4550 καὶ
587 4500 970 4567 ἀναλλοίωτος·
1022 4506 1050 4558 ὃ
1097 4507 1203 4580 γὰρ
1246 4506 1313 4581 ἦν
1344 4509 1529 4580 μείνας
1569 4509 1729 4580 ἀτρέ-

1838 4493 1962 4548 dum
2014 4508 2109 4548 nos
2151 4492 2478 4556 existentia,
2508 4494 2770 4561 siquidem
2829 4492 3124 4561 assumpsit
3172 4507 3392 4546 carnem

159 4605 310 4653 πτως
329 4629 344 4652 ,
373 4590 400 4642 ὃ
425 4592 545 4674 οὐκ.
569 4587 637 4663 ἦν
683 4596 1073 4667 προσελάϐετο,
1117 4601 1354 4675 δηλονότι
1384 4601 1496 4665 υίὸς
1523 4597 1728 4673 ἀνθρώ-

157 4696 296 4744 που,
345 4681 406 4734 τὸ
452 4684 544 4736 ὑπ’
587 4687 760 4763 ἀρχὴν
801 4690 1084 4757 γενέσθαι,
1127 4694 1189 4746 τὸ
1234 4695 1338 4747 ὑπὸ
1385 4696 1594 4767 χρόνον,
1635 4695 1728 4747 καὶ

154 4773 324 4829 τᾶλλα
363 4773 432 4828 τά
471 4773 782 4847 ἀνθρώπινα
804 4815 818 4844 ,
865 4783 956 4834 καὶ
996 4784 1094 4836 ὅσα
1133 4785 1269 4840 ἄλλα
1293 4786 1392 4856 τῆς
1422 4788 1539 4842 κατ’
1568 4787 1727 4841 αὑτὸν

157 4863 564 4936 φιλανθρωπίας
604 4871 907 4940 μυστήρια,
949 4873 1008 4926 τὸ
1053 4876 1337 4946 πεινῆσαι,
1370 4873 1429 4929 τὸ
1469 4877 1724 4948 διψῆσαι,

154 4955 218 5009 τὸ
243 4957 520 5020 κοπιάσαι,
549 4961 639 5012 καὶ
672 4951 856 5025 τᾶλλα,
885 4964 920 5017 ἃ
947 4963 1009 5036 δή
1040 4983 1202 5036 φησιν
1223 4968 1455 5038 οὐσιώδη
1474 5010 1489 5032 ,
1528 4971 1722 5024 ἐκϐάλ-

160 5047 264 5102 λων
289 5047 387 5119 τὴν
412 5052 550 5104 κατά
576 5056 873 5121 φαντασίαν
901 5055 1077 5122 δόξαν.

240 5229 268 5302 θ
298 5229 385 5283 ιν.
429 5232 634 5302 Πρέπει
659 5236 857 5300 τοίνυν,
887 5238 1250 5307 ἀναλαϐόντας
1274 5245 1362 5297 τὸν
1385 5246 1601 5319 ὁλοτελῆ
1625 5249 1724 5318 τῆς
1787 5273 1791 5278 ·

159 5321 304 5387 θείας
349 5323 590 5388 ὲνώσεώς
613 5344 673 5378 τε
702 5329 792 5381 καὶ
810 5329 1134 5401 διακρίσεως
1157 5333 1408 5389 ἐκθέσθαι
1436 5339 1527 5390 καὶ
1554 5341 1725 5391 εἰπεῖν

160 5415 378 5488 τρόπον,
405 5418 552 5482 ὅπως
578 5417 734 5488 δῆλος
767 5425 796 5474 6
831 5421 983 5488 λόγος
1010 5426 1251 5496 γένηται,
1282 5428 1424 5482 ἅπαν
1447 5431 1562 5500 ,μὲν
1594 5433 1726 5487 ἀσα-

164 5509 256 5578 et;
289 5509 530 5578 φεύγων,
558 5510 625 5564 τὰ
650 5511 708 5564 δὲ
737 5514 881 5572 κατὰ,
912 5515 1138 5587 δύναμιν
1167 5520 1351 5587 σαφῶς
1375 5523 1720 5594 περιορίζων.

162 5600 393 5659 Καλοῦσι
420 5604 550 5676 γὰρ,
589 5605 846 5677 ὅπερκαὶ
871 5609 928 5661 ὲν
955 5609 1160 5680 ἑτέροις
1184 5607 1356 5676 εἶπον,
1403 5616 1452 5666 οὶ
1495 5615 1562 5670 τὰ
1605 5617 1724 5687 ίερά

163 5698 532 5768 μεμυημένοι,
563 5696 779 5762 ένὼσεις
807 5701 903 5769 μὲν
936 5700 1082 5765 θείας
1116 5703 1212 5767 τὰς
1241 5707 1365 5775 περὶ
1401 5708 1496 5778 τῆς
1544 5709 1725 5773 οὐσίας

159 5788 533 5859 ἁκαταλήπτου
583 5789 806 5858 γνώσεις
828 5811 836 5821 ·
871 5792 963 5862 τὴν
988 5791 1043 5847 δὲ
1063 5795 1246 5850 οὐσίαν
1271 5797 1436 5868 αὐτὴν
1462 5798 1559 5867 τῆς
1584 5800 1720 5852 ἀκα-

1833 4588 2124 4640 animatam
2148 4601 2211 4639 ac
2229 4581 2538 4641 intellectus
2563 4587 2909 4656 participem;
2932 4593 2985 4641 et
3008 4586 3386 4650 immutabilis;

1827 4680 1974 4747 quod
2005 4680 2148 4733 enim
2177 4688 2297 4733 erat
2321 4679 2732 4734 immutabiliter
2755 4660 3007 4742 manens,
3034 4679 3086 4733 id
3117 4680 3258 4748 quod
3286 4695 3388 4733 non

1829 4783 1948 4826 erat
1992 4772 2317 4841 assumpsit,
2377 4785 2568 4842 nempe
2630 4769 2773 4824 lilius
2825 4770 3095 4834 hominis,
3141 4771 3393 4840 principii

1830 4865 2198 4935 temporisque
2244 4862 2672 4932 subjeCIionem,
2719 4861 2929 4930 aliaque
2981 4876 3100 4931 qua:
3155 4862 3390 4916 humana

1827 4968 1975 5021 sunt,
2014 4966 2321 5022 casteraque
2372 4953 2630 5023 mysteria
2666 4951 3026 5006 humanitatis
3070 4949 3220 5020 ejus,
3266 4965 3392 5005 esu-

1830 5051 1984 5113 riem,
2028 5048 2193 5112 sitim,
2243 5046 2508 5113 laborem,
2554 5057 2609 5099 et
2655 5055 2852 5102 caetera
2883 5059 3003 5113 quas
3034 5044 3166 5098 dicit
3195 5057 3386 5098 essen-

1830 5142 1999 5205 tialia,
2032 5149 2089 5195 ιιι
2119 5139 2374 5199 excludat
2402 5138 2776 5207 apparentiam
2805 5136 3205 5204 imaginariam.

1902 5233 1929 5304 ἥ
1972 5233 2057 5289 IV.
2103 5232 2329 5303 Expedit
2359 5233 2574 5299 utique,
2605 5227 2850 5282 nonnihil
2880 5227 3042 5280 altius
3065 5225 3390 5280 resumenda

1828 5325 2282 5396 perfectissimum
2313 5324 2459 5378 illum
2493 5321 2690 5376 divinae
2731 5320 2946 5374 unionis
2979 5335 3043 5376 ac
3084 5319 3389 5374 distinctio-

1827 5422 1913 5474 nis
1943 5420 2180 5483 modum,
2209 5418 2512 5491 explanari,
2537 5432 2642 5485 quo
2673 5417 2832 5470 nobis
2866 5416 3042 5470 oratio
3069 5414 3143 5469 sit
3177 5425 3387 5483 aperta,

1826 5512 2210 5569 obscuritatem
2237 5511 2453 5579 quidem
2479 5508 2714 5576 fugiens,
2739 5511 2853 5563 haec
2881 5523 3033 5571 vero,
3068 5511 3242 5576 quoad
3270 5507 3389 5560 lieri

1827 5612 2040 5672 potest,
2090 5601 2241 5656 clare
2290 5600 2573 5654 deﬁniens.
2623 5600 2774 5655 Sacri
2817 5599 2957 5653 enim
3010 5601 3280 5662 doctores,
3329 5607 3390 5650 ut

1828 5693 1881 5747 in
1916 5694 2033 5748 aliis
2062 5696 2224 5749 etiam
2265 5694 2397 5760 dixi,
2435 5693 2645 5750 divinas
2676 5694 2891 5762 quidem
2924 5693 3149 5747 uniones
3197 5702 3389 5746 vocant

1829 5789 2078 5847 notiones
2110 5789 2226 5846 illas
2271 5791 2465 5847 divina:
2509 5801 2564 5845 et
2611 5786 3172 5859 incmuprchensibilis
3203 5801 3388 5842 essen-
