4178 6312
719 239 828 296 663

1903 241 1962 299 S.
2005 242 2308 302 DIONYSII
2341 245 2806 313 AREOPAGlT/E

3892 254 4002 312 68‘

721 352 847 424 um;
881 357 1056 430 ipsam
1083 369 1264 413 autem
1293 359 1584 414 essentiam
1605 361 2172 433 incomprehensibilis
2199 365 2314 420 Tri-

2426 369 2689 440 ταλήπτου
2717 368 2944 440 Τριάδος
2982 369 3036 421 τί
3077 372 3246 435 ἐστιν,
3298 373 3477 438 οὐδεὶς.
3515 370 3783 442 γνώσεταί
3827 392 3956 429 ποτε
3979 393 4002 421 τ-

722 454 910 534 nitatis
962 450 1092 518 quid
1131 451 1236 514 sit,
1285 466 1445 506 nemo
1486 462 1782 524 cognoscet
1815 470 2090 525 unquam;
2121 455 2308 511 distin—

2426 459 2708 530 ῑιακρίσεις
2747 459 2803 511 δὲ
2842 459 2992 523 θείας
3026 461 3125 524 τὰς
3168 462 3565 527 ὲνυποστάτους
3611 464 4000 534 apemtum-rat;

717 527 930 598 irtiones
959 559 1087 598 vero
1117 543 1352 610 divinas,
1378 558 1475 612 per
1505 558 1564 600 se
1595 544 1960 616 subsistentes
1984 549 2310 603 existentias

723 635 1086 700 venerandas,
1127 634 1180 688 id
1234 643 1320 689 est
1360 632 1486 688 Filii
1519 634 1739 703 quidem
1767 650 1836 691 ex
1868 635 2032 692 Patre
2060 627 2311 693 ineﬂ'a-Bi-

725 730 828 784 lem
872 729 1243 800 splendorem,
1273 739 1330 785 et
1354 731 1534 784 sancti
1567 728 1807 798 Spiritus
1841 745 1909 785 ex
1935 727 2099 789 Patre
2124 732 2310 800 incon-

725 823 1038 894 ceptibilem
1095 809 1538 890 processionem;
1593 805 1753 891 illas,
1807 824 2066 894 inquam,
2112 835 2311 879 vocant

725 921 982 980 uniones,
1018 919 1277 986 quoniam
1311 917 1652 971 identitatem
1693 918 1855 974 unius
1879 929 2089 973 naturae
2111 919 2312 976 .deela-

725 1022 884 1077 rant;
916 1015 1017 1065 has
1038 1025 1169 1064 vero
1190 1009 1596 1074 distinctiones,
1622 993 1879 1080 quoniam
1904 996 2311 1068 distinctionem

725 1116 1087 1170 personarum
1134 1112 1434 1169 exponunt.
1483 1101 1839 1172 Traduntque
1869 1102 2174 1158 istiusmodi
2208 1104 2307 1157 viri

727 1199 935 1261 sancti,
964 1194 1213 1262 quaedam
1247 1208 1370 1249 esse
1399 1194 1621 1250 unionis
1648 1195 1892 1265 propria,
1929 1195 2182 1250 videlicet
2213 1197 2313 1249 bo-

727 1285 954 1338 nitatem
980 1325 995 1349 ,
1041 1285 1394 1355 sapientiam,
1433 1284 1936 1351 immortalitatem;
1973 1296 2136 1362 atque
2183 1287 2310 1341 item

727 1378 976 1447 quaedam
1017 1379 1234 1450 propria
1287 1375 1688 1444 distinctionis,
1742 1388 1801 1431 ut
1844 1378 2022 1436 Patris
2065 1379 2309 1449 quidem,

725 1491 847 1531 esse
893 1475 1233 1544 ingenitum;
1286 1473 1408 1529 Filii
1468 1491 1620 1542 vero,
1652 1476 1937 1546 genitum,
1975 1483 2028 1528 et
2073 1458 2315 1543 Spiritus

726 1569 930 1634 sancti,
959 1568 1391 1640 processionem.
1435 1567 1693 1634 Quaedam
1736 1567 1864 1622 item
1907 1576 2036 1621 sunt
2082 1569 2315 1636 propriae

730 1662 1006 1728 unitatcs,
1058 1671 1114 1716 et
1161 1655 1411 1730 quzedam
1456 1663 1689 1731 propriae
1731 1663 2141 1727 distinctiones;
2175 1678 2227 1716 ν.
2258 1679 2311 1732 g.

2411 541 2713 618 ὑπάρξεις,
2761 549 3045 613 τουτέστι,
3095 549 3338 622 τοῦμὲν
3382 552 3514 606 Υίοῦ
3546 553 3636 606 τὸν
3675 555 3740 606 ὲκ
3782 553 4001 625 Πατρὺς

2411 640 2786 711 ἀνέκφραστον
2825 641 3212 712 ἀπαυγασμὸν,
3256 640 3352 696 τοῦ
3405 643 3463 697 δὲ.
3506 644 3771 714 παναγίου
3821 646 3998 702 Πνεῦ-

2415 722 2580 805 ματος
2628 735 2725 788 τὴν
2767 737 2831 788 ὲκ
2869 732 3080 808 Πατρός
3122 738 3439 809 ἀνεννόητον
3483 740 3840 811 ὲκπόρευσιν,
3871 727 4004 794 ἐκεῖ

2411 827 2632 892 ὲνώσεις
2654 869 2672 892 ,
2719 831 2799 883 ὅτι
2824 830 2884 884 τὸ
2911 830 3106 888 ταύτὸν
3135 831 3232 901 τῆς
3259 831 3464 896 ὲνιαίας
3487 831 3706 904 δηλοῦσι
3750 834 3993 904 φύσεως·

2413 923 2642 996 ἐνταῦθα
2680 925 2981 996 διακρίσεις
3006 967 3020 991 ,
3063 926 3278 998 an,qu
3310 926 3573 998 διαίρεσιν
3613 927 3723 981 τῶν
3761 929 4000 985 ὑποστά-

2415 1034 2552 1070 σεων
2580 1019 2905 1088 παριστῶσι.
2936 1020 3044 1079 Καί
3079 1011 3243 1088 φασιν
3278 1022 3328 1073 οι
3360 1019 3590 1076 τοιοῦτοι
3620 1022 3754 1094 ἱεροὶ
3779 1024 3996 1095 ἄνδρες,

2414 1097 2648 1177 καὶτῆς,
2698 1107 2942 1172 ἑνώσεως
2990 1110 3059 1163 τά
3105 1109 3234 1173 ίδια,
3281 1110 3520 1183 δηλονότι
3562 1111 3624 1164 τὸ
3667 1113 3889 1179 ἀγαθὸν,
3936 1115 4001 1169 τὸ

2418 1200 2599 1270 σοφὸν,
2650 1200 2711 1253 τὸ
2756 1200 3044 1278 ἀθάνατον,
3090 1204 3183 1260 καὶ
3221 1202 3320 1272 τῆς
3355 1202 3682 1276 διακρίσεως
3725 1205 3884 1264 πάλιν
3927 1187 3999 1261 τὰ

2417 1291 2523 1346 ῐδια
2544 1311 2555 1321 ·
2584 1292 2794 1363 Πατρὺς
2826 1295 2923 1364 μὲν
2945 1294 3006 1346 τὸ
3031 1294 3323 1366 ἀγέννητον
3345 1327 3364 1358 ,
3396 1293 3524 1346 Υἰοῦ
3546 1294 3602 1347 δὲ
3627 1293 3688 1346 τὸ
3708 1298 3998 1368 γεννητὸν,

2414 1384 2508 1435 καὶ
2553 1383 2869 1453 Πνεύματος
2898 1384 3054 1451 ἁγίου
3095 1385 3155 1438 τὸ
3195 1385 3546 1458 ὲκπορευτόν.
3590 1385 3744 1450 Τινὲς
3769 1387 4001 1457 δέιείσιν

2415 1474 2471 1524 αί
2515 1474 2677 1526 ίδικαὶ
2725 1473 2983 1540 ἐνώσεις,
3022 1478 3115 1531 καὶ
3162 1477 3306 1540 τινὲς
3350 1479 3405 1534 αἱ
3459 1476 3622 1531 ίδικαὶ
3659 1478 3999 1551 διακρίσεις,

2414 1565 2688 1640 δηλονότι,
2718 1570 2894 1645 κοινὸν
2939 1571 3035 1640 μὲν
3083 1569 3216 1624 Υίοῦ
3244 1573 3338 1629 καὶ
3370 1572 3686 1645 Πνεῦματος
3709 1574 3770 1628 τὸ
3794 1577 3858 1629 ὲκ
3885 1577 4003 1633 Πα-

2415 1659 2543 1728 τρὸς
2572 1653 2711 1712 εἶναι
2730 1700 2743 1720 ,
2777 1643 2906 1712 [διον
2933 1660 2988 1713 δὲ
3016 1660 3196 1725 πάλιν,
3237 1663 3320 1714 ὅτι
3360 1650 3420 1716 τὸ
3466 1643 3563 1735 μέν
3597 1664 3870 1736 γεννητῶς
3896 1707 3913 1730 ,
3940 1669 4019 1722 τὸ.

728 1768 1020 1808 commune
1065 1753 1284 1822 quidem
1323 1764 1406 1807 est
1444 1752 1582 1808 Filio
1611 1763 1666 1826 et
1695 1753 1923 1825 Spiritui
1970 1764 2193 1819 sancto,
2247 1767 2312 1808 ex

2426 1749 2461 1802 5‘
2486 1750 2852 1840 ὲξπορευτῶς.
2878 1754 2988 1805 Καὶ
3006 1753 3186 1818 πάλιν,
3207 1754 3498 1840 κοινὸνμὲν
3519 1756 3736 1829 Πατρὸς
3756 1759 3850 1811 καὶ
3864 1758 4005 1816 Υίοῦ

727 1844 893 1900 Patre
917 1859 1059 1910 esse,
1091 1847 1374 1916 proprium
1407 1861 1564 1913 vero,
1597 1847 1740 1916 quod
1769 1847 1857 1903 ille
1881 1861 1979 1918 per
2004 1840 2317 1919 generatio-

727 1953 890 2013 nem,
929 1937 1017 1992 hic
1053 1953 1150 2008 per
1195 1939 1631 2008 processionetn.
1677 1938 1743 1997 Et
1783 1955 1998 2004 rursus,
2028 1955 2318 1997 commune

729 2027 949 2099 quidem
996 2029 1145 2086 Patri
1196 2037 1249 2084 et
1295 2029 1457 2094 Filio,
1510 2029 1655 2100 quod
1698 2029 1940 2099 Spiritus
1976 2041 2200 2085 sanctus
2248 2031 2319 2086 sit

728 2120 907 2177 Patris
942 2131 990 2176 et
1019 2121 1173 2188 Filii;
1206 2124 1488 2192 proprium
1514 2137 1678 2185 vero,
1711 2123 1855 2191 quod
1887 2122 1957 2178 sit
1986 2120 2166 2176 Patris
2194 2122 2318 2192 Spi-

731 2213 892 2279 ritus,
929 2223 1182 2282 tanquam
1207 2229 1275 2269 ex
1304 2211 1468 2268 Patre
1499 2212 1838 2285 procedens;
1866 2212 1991 2275 Filii
2028 2228 2158 2269 vero
2194 2215 2317 2283 Spi-

731 2306 893 2368 ritus,
929 2315 1192 2376 tanquam
1226 2305 1716 2361 consubstantialis
1747 2320 1813 2360 ac
1841 2305 2095 2376 proprius
2122 2306 2317 2375 ipsius.

730 2397 798 2456 Et
841 2399 939 2452 bas
989 2407 1146 2453 vocat
1179 2397 1410 2452 uniones
1443 2406 1499 2452 et
1531 2398 1910 2452 distinctiones
1944 2398 2322 2454 distinctionis

730 2479 1008 2562 proprias.
1057 2489 1263 2545 Deinde
1295 2490 1454 2556 dicit,
1493 2489 1658 2564 332
1696 2505 1946 2559 quaenam
1980 2491 2093 2545 sint
2124 2490 2322 2550 divinae

732 2582 988 2646 uniones,
1022 2582 1138 2636 sive
1164 2597 1286 2650 qua:
1308 2596 1634 2636 communes
1662 2591 1788 2635 sunt
1817 2581 2071 2637 essentia;
2101 2581 2319 2648 divinaa,

735 2668 994 2722 nimirum
1023 2669 1508 2739 superessentialis
1540 2670 1859 2735 existentia,
1893 2679 1947 2724 et
1971 2685 2321 2738 superessen-

737 2759 878 2815 tialis
905 2760 1080 2815 duitas
1106 2802 1120 2826 ,
1156 2771 1211 2816 et
1237 2746 1571 2832 supraquam
1617 2762 1754 2816 bona
1785 2763 2026 2829 bonitas;
2062 2765 2320 2834 quoniam

735 2853 900 2920 supra
926 2866 1013 2919 ea,
1044 2867 1206 2922 supra
1236 2865 1356 2924 qua:
1391 2855 1533 2913 Deus
1563 2870 1685 2910 esse
1719 2857 1941 2920 dicitur,
1974 2857 2321 2926 incompara-

734 2943 918 3000 biliter
952 2945 1205 3016 superior
1242 2957 1352 3013 est;
1385 2946 1530 3016 quod
1563 2962 1852 3011 asserens,
1892 2963 1990 3018 per
2026 2948 2325 3005 exuberan-

738 3047 850 3094 tcm
885 3039 1234 3109 negationem
1275 3041 1438 3094 dixit.
1469 3039 1730 3097 ldentitas
1761 3045 2018 3097 ornnibns
2045 3044 2320 3112 superior,

736 3132 923 3187 omnia
956 3133 1271 3202 superantis
1325 3134 1494 3188 totius
1537 3133 1653 3203 Dei
1687 3137 2062 3204 prOprietatis,
2113 3137 2322 3191 scilicet

737 3222 885 3285 boni,
918 3231 972 3277 et
1005 3225 1286 3293 sapientis,
1319 3234 1373 3278 et
1397 3224 1692 3291 similium;
1733 3228 1848 3282 bazc
1883 3228 2026 3281 enim
2064 3236 2190 3281 sunt
2229 3227 2320 3282 Dei

737 3317 1077 3385 proprietas,
1121 3316 1379 3371 videlicet
1424 3333 1521 3387 per
1573 3335 1855 3375 excessum
1902 3321 1967 3372 ad
2018 3328 2322 3374 creaturas.

741 3410 920 3485 Super
949 3426 1168 3467 omnem
1199 3413 1465 3468 unitatem
1489 3428 1610 3482 qua:
1636 3414 1688 3467 in
1721 3412 1886 3468 rebus
1920 3422 2024 3478 est,
2060 3413 2325 3468 indivisus

739 3515 797 3557 et
831 3503 1062 3572 simplex
1085 3541 1100 3569 ,
1145 3503 1461 3573 inell'abilis,
1512 3518 1569 3562 et
1612 3507 1796 3562 multis
1833 3507 2064 3562 vocibus
2100 3521 2324 3576 expres-

741 3611 869 3661 sus;
902 3605 1014 3650 tum
1051 3597 1178 3664 quia
1222 3599 1652 3664 innominabilis,
1696 3609 1811 3653 tum
1846 3599 1975 3667 quia
2023 3614 2123 3667 pro
2155 3600 2326 3655 bene-

742 3686 991 3762 licior'um
1029 3687 1355 3744 diversitate
1389 3691 1760 3745 diversimode
1797 3693 2135 3746 nominatur.
2167 3693 2326 3763 Igno-

745 3778 911 3844 ratio,
948 3789 1003 3834 et
1037 3794 1101 3833 ex
1128 3781 1279 3834 omni
1315 3781 1685 3853 intellectu-is;
1719 3783 1772 3836 in
1805 3783 2152 3852 ignoratione
2178 3785 2324 3838 enim

746 3862 888 3923 Deus
943 3872 1313 3941 cognoscitur.
1359 3873 1767 3946 lgnorationem
1816 3885 1999 3929 autem
2043 3891 2149 3929 non
2205 3892 2326 3930 eam

746 3964 985 4032 accipias
1024 3979 1146 4034 quae
1192 3979 1258 4020 ex
1311 3957 1528 4021 inscitia
1569 3976 1744 4020 Ol‘lllll‘
1789 3968 1936 4036 (nam
1984 3968 2100 4028 haec
2129 3969 2331 4022 animae

745 4059 996 4124 quasdam
1025 4066 1109 4112 est
1139 4059 1576 4128 tenebricositas)
1603 4072 1779 4128 neque
1804 4062 1969 4114 etiam
1995 4076 2330 4132 cognoscen-

749 4161 857 4205 tem
898 4151 1182 4219 (quoniam
1231 4152 1322 4225 qui
1371 4152 1933 4223 incognoscibilisest
1967 4155 2191 4210 minime
2242 4169 2331 4209 co-

749 4245 1073 4316 gnoscitur),
1095 4261 1217 4298 nam
1243 4247 1358 4298 haec
1373 4260 1590 4315 quoque
1610 4246 1818 4315 species
1836 4256 1920 4301 est
1939 4249 2328 4318 cognoscitiva,

751 4339 846 4392 sed
880 4338 1186 4392 secundum
1212 4338 1355 4392 illam
1385 4338 1808 4409 ignorationem,
1843 4341 2139 4393 secundum
2168 4355 2328 4409 quam

2416 1840 2478 1893 τὺ
2504 1835 2641 1894 εἶναι
2669 1841 2730 1894 τὸ
2764 1841 2989 1914 Πνεῦμα
3012 1844 3073 1897 τὸ
3101 1844 3256 1913 ἅγιον
3299 1837 3393 1904 καὶ
3428 1844 3523 1899 τοῦ
3552 1842 3762 1918 Πατρὸς
3791 1851 3884 1909 καὶ
3908 1850 4006 1907 τοῦ

2418 1931 2550 1987 Υίοῦ
2577 1950 2589 1962 ·
2624 1924 2778 1987 ’ἴδιον
2823 1933 2913 2000 δὲ,
2965 1935 3046 1989 ὅτι
3089 1936 3304 2008 Πατρδς
3349 1936 3449 2008 μὲν
3501 1938 3764 2010 Πνεῦμα,
3806 1941 3888 2005 ὡς
3938 1944 4006 1996 ἐκ

2418 2025 2632 2097 Πατρὸς
2659 2027 3090 2100 ἐκπορευόμενον
3114 2045 3129 2060 ο
3165 2029 3297 2083 Υίοῦ
3323 2030 3380 2084 δὲ
3406 2030 3653 2102 Πνευμα,
3691 2034 3766 2098 ὡς
3814 2052 4006 2089 συνου-

2419 2119 2683 2190 σιωμένον
2722 2121 2816 2173 καὶ
2855 2120 3195 2175 ἴδιον-αὑτοῦ.
3225 2123 3336 2176 Καὶ
3369 2123 3573 2190 ταύτας
3603 2123 3750 2194 λέγει
3778 2126 4005 2192 ἑνώσεις

2419 2212 2512 2264 καὶ
2540 2210 2837 2284 διακρίσεις
2868 2211 2967 2282 τῆς
2995 2212 3318 2284 διακρίσεως
3349 2215 3540 2280 ίδικάς.
3583 2215 3809 2289 Ὲφεξῆς
3832 2218 4004 2287 λέγει,

2418 2302 2562 2366 τίνες
2604 2303 2659 2356 αί
2710 2302 2848 2356 θεῖαι
2902 2301 3163 2370 ὲνὼσεις,
3190 2305 3371 2378 ’ἤγουν
3403 2295 3460 2364 αἱ
3500 2310 3678 2362 κοιναὶ
3722 2309 3820 2382 τῆς
3854 2309 4007 2376 θείας

2420 2395 2610 2458 οὐσίας
2634 2435 2648 2458 ,
2676 2395 2917 2466 δηλονότι
2947 2399 2979 2468 ἡ
3009 2397 3334 2470 ὑπερούσιος
3383 2399 3610 2472 θεότης,
3653 2403 3686 2474 η
3724 2403 4011 2474 ὑπεράγα-

2422 2490 2512 2554 Οος
2536 2490 2860 2566 ,ἀγαθότης·
2914 2493 2994 2546 ὅτι
3041 2494 3154 2546 καὶ
3191 2494 3333 2566 ὑπὲρ
3371 2494 3407 2548 ἃ
3436 2494 3701 2564 λέγεται,
3741 2497 3804 2549 τὸ
3852 2496 4010 2551 Θεῐον

2422 2569 2766 2654 smnpm);
2788 2599 2791 2603 ‘
2813 2584 2962 2639 ἐστίν
2983 2600 2997 2613 ο
3044 2584 3072 2636 ὃ
3109 2585 3174 2658 δὴ
3211 2585 3518 2658 προλαϐὼν,
3551 2589 3646 2642 καὶ
3673 2588 4012 2662 ὑπεροχικὴν

2421 2678 2711 2749 ἀφαίρεσιν
2740 2673 2920 2730 εἶπενο
2961 2678 3027 2730 Ἦ
3064 2679 3281 2739 πάντων
3312 2679 3569 2733 ἐπέκεινα
3593 2680 3884 2752 ταὺτότης,
3911 2682 4014 2754 τῆς

2420 2771 2696 2823 ἐπέκεινα
2715 2769 2931 2823 πάντων
2973 2769 3100 2840 ὅλης
3127 2758 3264 2823 Θεοῦ
3313 2771 3598 2844 ἰδιότητος,
3627 2772 3869 2844 δηλονότι
3913 2775 4012 2829 τοῦ

2422 2856 2676 2931 ἀγαθοῦξ-
2699 2854 2794 2919 τοῦ
2824 2863 3017 2934 σοφοῦ,
3055 2864 3150 2918 καλ⁴
3196 2863 3306 2918 τῶν
3346 2864 3604 2938 τοιοὺτων
3627 2882 3641 2897 ·
3683 2865 3856 2919 ταῦτα
3903 2866 4019 2939 γάρ

2423 2947 2567 3014 εἰσιν
2591 2954 2789 3027 ίδιότης
2815 2955 2949 3012 Θεοῦ
2993 2957 3130 3029 πρὸς
3164 2956 3234 3012 τὰ
3273 2957 3470 3013 κτιστὰ
3513 2958 3883 3030 ὑπεροχικῶς.
3938 2959 4017 3018 Τὸ

2426 3045 2566 3116 ὑπὲρ
2612 3046 2791 3100 πᾶσαν
2835 3047 3061 3118 ἑνότητα
3105 3049 3165 3101 ὲν
3214 3047 3326 3113 τοῖς
3373 3043 3524 3103 οὖσιν
3568 3049 3772 3121 ἀμερές
3813 3066 3876 3102 τε
3920 3053 4018 3104 καὶ

2425 3136 2652 3212 ἁπλοῦν,
2691 3137 2752 3191 τὸ
2790 3128 3094 3210 ἄφθεγκτον
3125 3139 3221 3192 καὶ
3267 3139 3582 3208 πολύφωνον
3607 3157 3620 3170 ·
3668 3142 3731 3195 τὸ
3765 3141 3886 3212 μὲν,
3929 3143 4020 3195 ὅτι

2425 3208 2864 3300 ἀκατονόμαστον
2885 3247 2898 3260 ·
2927 3230 2989 3284 τὸ
3016 3229 3092 3293 δὲ,
3119 3232 3201 3283 ὅτι
3228 3233 3295 3302 τῇ
3341 3231 3582 3304 ποικιλίᾳ
3629 3231 3738 3288 τῶν
3785 3235 4018 3305 εὐεργε-

2425 3323 2700 3394 τουμένων
2729 3321 2990 3388 ποικίλως
3031 3321 3376 3394 ὀνομάζεται.
3419 3324 3482 3375 Ἠ
3519 3325 3762 3392 ἀγνωσία
3808 3326 3904 3377 καὶ
3952 3327 4022 3379 τὸ

2426 3415 2725 3488 παννόητον
2747 3431 2760 3444 '
2792 3416 2850 3468 ὲν
2876 3415 3072 3487 ἀγνοίᾳ⁸
3117 3415 3226 3489 γὰρ
3272 3415 3482 3484 γίνεται
3527 3417 3768 3484 γνωστὸς
3803 3417 3832 3468 ὁ
3857 3418 4017 3484 Θεός.

2432 3506 2686 3575 Ἀγνοιαν
2729 3505 2787 3558 δὲ
2840 3504 2913 3577 μὴ
2942 3505 3040 3579 τὴν
3079 3506 3167 3560 διὰ
3193 3504 3294 3576 τῆς
3337 3491 3575 3577 ἀμαθίας
3617 3507 3809 3580 λάϐῃς,
3841 3509 4022 3580 (αὕτη

2427 3598 2535 3671 γάρ
2561 3599 2748 3663 σκότος
2778 3599 2893 3651 ἐστὶ
2916 3598 3094 3670 ψυχῆς
3112 3598 3150 3668 ,)
3195 3600 3332 3670 μήτε
3358 3599 3456 3670 τὴν
3483 3599 3876 3668 γινώσκουσαν,
3910 3602 4022 3673 (ὅτι

2428 3693 2701 3760 ἀγνοεῖται
2729 3691 2757 3749 ό
2778 3689 3100 3762 ἀγνωστος,)
3129 3685 3267 3754 εἶδός
3297 3690 3405 3762 γὰρ
3431 3692 3524 3744 καὶ
3558 3690 3698 3762 αῦτη
3724 3709 4023 3765 γνωριστι-

2429 3783 2522 3836 κόν
2549 3799 2562 3813 ·
2601 3781 2734 3835 ἀλλά
2772 3782 2891 3839 κατ’
2923 3781 3138 3854 ἐκείνην
3168 3782 3266 3854 τὴν
3296 3782 3540 3850 ἄγνοιαν,
3580 3783 3702 3835 καθ’
3732 3783 3798 3853 ἢν
3828 3784 4021 3838 ἀπλω-

2430 3875 2612 3939 θέντες
2659 3876 2799 3947 ὑπὲρ
2836 3875 2935 3940 τὰς
2984 3877 3218 3947 νοήσεις,
3268 3877 3361 3928 καὶ
3411 3864 3590 3930 πᾶσαν
3635 3876 3841 3929 ἔννοιαν
3887 3879 4023 3950 περὶ

2430 3965 2564 4018 Θεοῦ
2613 3965 2986 4038 ὑπερϐάντες,
3039 3964 3200 4021 ἁπλοῖ
3243 3964 3525 4035 γινόμεθα.
3581 3963 3911 4036 Νομίζοντες
3958 3965 4023 4021 δὲ

2432 4049 2835 4130 κατειληφέναι,
2865 4061 2959 4113 καὶ
2984 4045 3286 4132 ἀδιάκριτοι
3317 4058 3600 4129 μένοντες,
3637 4056 3723 4109 διά
3748 4058 3849 4128 τὴν
3879 4057 4020 4130 πρὸς

2431 4151 2528 4224 τὴν
2545 4152 2783 4224 Δἑνότητα
2820 4154 3038 4209 στάσιν·
3069 4154 3163 4205 καὶ
3191 4152 3420 4223 βεϐαίως
3450 4150 3683 4213 ἑστῶτες
3708 4152 3767 4202 ὲν
3791 4153 3859 4221 τῇ
3885 4149 4024 4204 ἑνῶ-

2436 4257 2553 4305 σει,
2597 4240 2897 4311 ἀγνοοῦμεν
2925 4242 3004 4295 ὅτι
3032 4242 3092 4294 οὑ
3120 4240 3524 4310 κατελάϐομεν,
3575 4240 3875 4302 τουτέστιν,
3919 4241 4023 4310 οὐχ

2435 4335 2622 4406 ἑτέρου
2654 4334 2798 4397 τινὸς
2849 4333 3051 4398 εἰδότες
3071 4374 3084 4397 ,
3119 4335 3278 4409 ἡμεῖς
3311 4333 3386 4396 ὡς
3417 4331 3647 4403 ἀμαθεῖς
3689 4331 4017 4404 ἀγνοοῦμεν.

752 4430 1112 4499 simplilicati,
1140 4445 1303 4501 supra
1345 4432 1599 4487 notiones
1639 4446 1968 4501 omnemque
1995 4431 2087 4485 Dei
2122 4433 2322 4502 cogita-

2450 4428 2606 4480 Ἀλλά
2634 4427 2703 4480 τὰ
2736 4427 2885 4498 παρὰ
2912 4427 3088 4499 πάσης
3121 4427 3218 4497 τῆς
3249 4426 3478 4489 κτίσεως
3513 4425 3753 4488 εὐσεϐῶς
3791 4424 4022 4492 ἀγνοού-

754 4526 960 4580 tionem
1011 4524 1497 4588 transcendentes,
1548 4523 1825 4598 simplices
1871 4523 2156 4580 eﬂicimur.
2195 4526 2328 4578 Dum

753 4614 1133 4672 existimamus
1188 4625 1366 4671 autem
1426 4629 1526 4669 nos
1586 4615 2114 4683 comprehendisse,
2164 4617 2331 4673 etiam

753 4723 1038 4763 manemus
1067 4707 1345 4777 ambigui,
1381 4715 1606 4774 propter
1636 4717 1838 4760 statum
1876 4709 2131 4772 unionis;
2163 4721 2217 4763 et
2245 4711 2336 4763 ﬁr-

753 4811 915 4855 nnter
944 4802 1000 4855 in
1034 4801 1236 4854 unione
1279 4801 1677 4861 consistentes,
1730 4800 2043 4869 ignoramus
2082 4817 2180 4855 nos
2227 4818 2331 4855 non

740 4896 1083 4964 percepisse,
1134 4894 1184 4946 id
1207 4901 1290 4946 est
1339 4892 1476 4945 nihil
1527 4891 1674 4942 aliud
1730 4905 1999 4956 serentes,
2042 4909 2139 4945 nos
2188 4894 2336 4946 velut

754 4987 917 5041 rudes
976 4988 1312 5056 ignoramus.
1364 4984 1569 5042 Tamen
1614 5002 1736 5055 quae
1786 4987 1852 5040 ab
1886 4987 2032 5039 omni
2079 4996 2332 5041 creatura

757 5078 1013 5148 religiose
1041 5082 1381 5148 ignorantur,
1416 5080 1747 5148 ignoramus.
1780 5078 1833 5131 In
1867 5081 1968 5132 hac
2008 5083 2151 5133 enim
2194 5080 2339 5148 igno-

753 5173 970 5226 ratione
1007 5173 1314 5235 c0nstitnti,
1359 5170 1627 5226 eﬂicimur
1667 5170 1842 5225 forma
1879 5171 1994 5240 ejus
2035 5173 2176 5238 quod
2215 5181 2338 5223 ante

758 5264 940 5317 omnia
968 5265 1206 5329 exsistit,
1230 5263 1562 5333 negligentes
1586 5264 1803 5332 quidem
1832 5262 2039 5316 formas
2069 5277 2256 5316 omnes
2277 5278 2340 5314 ac

763 5357 1036 5421 notiones,
1072 5357 1123 5409 in
1154 5357 1374 5410 silentio
1405 5367 1588 5410 autem
1613 5371 1868 5410 sermone
1892 5355 2038 5409 omni
2072 5364 2337 5423 prazstau—

763 5448 884 5501 tiori
914 5448 1219 5512 constituti,
1248 5447 1347 5501 hoc
1381 5449 1520 5515 ipso,
1556 5443 1698 5514 quod
1748 5461 1814 5496 ne
1862 5445 1963 5496 hoc
2009 5445 2190 5510 ipsum.
2221 5456 2339 5508 (ιιιι⁴

758 5543 881 5599 dcm
909 5546 1287 5612 cognoscimus
1317 5555 1416 5595 nos
1447 5541 1731 5611 ignorare;
1763 5538 2106 5607 postmodum
2137 5537 2331 5588 iterum

2441 4539 2578 4592 μενα
2603 4520 2921 4591 ἀγνοοῦμεν.
2965 4521 3052 4573 Ἐν
3090 4521 3259 4592 ταύτῃ
3283 4520 3393 4592 γάρ
3426 4521 3647 4583 στάντες
3676 4522 3741 4589 τῇ
3787 4518 3980 4590 ἀγνοίᾳ
4004 4560 4019 4583 ,

2438 4611 2577 4678 εἶδος
2602 4614 2863 4682 γινόμεθα
2894 4612 2989 4665 τοῦ
3031 4613 3138 4682 πρὸ
3166 4614 3383 4669 πάντων
3408 4613 3580 4678 ὄντος,
3622 4613 3883 4675 ἐάσαντες
3921 4611 4024 4682 μὲν

2441 4707 2616 4760 πάντα
2642 4705 2711 4758 τὰ
2738 4705 2854 4776 εἴδη
2889 4706 2982 4758 καὶ
3005 4704 3108 4769 τὰς
3132 4706 3365 4776 νοήσεις,
3405 4707 3462 4758 ὲν
3504 4705 3709 4775 ἀφασίᾳ
3753 4704 3812 4757 δὲ
3839 4703 4022 4776 κρείτ-

2440 4814 2552 4850 τονι
2592 4797 2772 4868 πάσης
2800 4796 3099 4867 φθέγξεωςν
3127 4796 3397 4867 ἱδρυμένοι
3558 4796 3691 4867 μηδὲ
3734 4795 3894 4848 τοῦτο
3933 4813 4022 4865 γι-

2443 4887 2670 4941 νώσκειν
2695 4894 2778 4947 ὅτι
2806 4889 3128 4960 ἀγνοοῦμεν·
3166 4887 3283 4943 εἶτα
3316 4889 3476 4943 πάλιν
3494 4889 3933 4961 ὑποστρέψαντες
3953 4892 4024 4943 ἐκ

2445 4982 2542 5051 τῆς
2575 4985 2632 5034 ὲν
2660 4983 2869 5054 ἀφασίᾳ
2909 4985 3138 5054 σιωπῆς,
3171 4985 3262 5037 καὶ
3291 4985 3558 5049 συνιέντες
3585 4985 3665 5036 ὅτι
3694 4983 4020 5054 ἠγνοοῦμεν,

2449 5075 2795 5144 ἀφιστάμεθα
2830 5075 3014 5128 λοιπὸν
3042 5076 3134 5128 τοῦ
3167 5078 3293 5149 περὶ
3334 5076 3610 5145 ἀγνώστου
3639 5077 3839 5146 ζητεῖν.
3876 5077 4022 5129 Παν-

2443 5167 2631 5235 νόητος
2665 5166 2720 5218 δὲ
2764 5166 2923 5219 πάλιν
2954 5169 2983 5219 ὁ
3014 5166 3175 5230 Θεὸς,
3211 5168 3286 5230 ὡς
3329 5170 3394 5220 ἐκ
3438 5167 3546 5220 τῶν
3585 5166 3896 5237 φιλοδώρων
3937 5167 4025 5218 ὲν-

2446 5256 2601 5309 νοιῶν
2619 5257 2658 5288 ⁸¹
2695 5259 2979 5328 νοούμενος
3021 5259 3101 5311 ὅτι
3143 5260 3279 5323 ἐστι,
3327 5260 3419 5313 καὶ
3451 5262 3515 5312 ὲκ
3542 5259 3650 5312 τῶν
3690 5259 4026 5329 δημιουργη-

2449 5349 2666 5420 μάτωνο
2705 5352 2769 5402 ἐκ
2801 5351 2909 5401 τῶν
2951 5351 3067 5420 μὲν,
3118 5351 3199 5406 ὅτι
3240 5351 3423 5422 σωτήρ
3464 5353 3640 5403 ἐστιν·
3687 5352 3750 5402 ἐκ
3795 5348 3906 5402 τῶν
3943 5349 4021 5412 δὲ.

2445 5443 2524 5492 ὅτι
2569 5441 2915 5512 δημιουργός.
2964 5443 3070 5494 Καὶ
3113 5441 3258 5494 θέσιν
3311 5441 3408 5512 μὲν
3437 5440 3534 5520 τῂν
3567 5439 3803 5510 ὓπαρξιν
3847 5439 4024 5505 καλεῖ,

2445 5534 2519 5596 ὡς
2549 5533 2606 5599 ἐξ
2632 5534 2795 5588 αὑτοῦ
2829 5535 2919 5588 τοῦ
2953 5535 3085 5586 Θεοῦ
3106 5575 3119 5598 ,
3147 5535 3245 5602 τῆς
3287 5535 3492 5589 πάντων
3519 5535 3685 5603 οὑσης
3714 5533 4023 5610 ὑπάρξεως.

2071 5650 2297 5704 VARUE
2336 5649 2743 5706 LECTIONES.

829 5751 869 5787 "
916 5752 1175 5819 προνοὶὦν
1201 5795 1213 5819 ,
1244 5754 1303 5808 D.
