4178 6312
233 348 349 407 665

805 348 895 404 DE
933 345 1186 406 DlVlNlS
1239 347 1637 415 NOMlNlBUS,
1671 349 1825 405 CAP.
1866 349 1930 405 ll.
1967 380 2035 390 —
2077 349 2425 406 PAR'APHR.
2458 353 2928 414 PACHYMERE.

3389 357 3498 416 066

233 466 472 536 Λέγουσι
495 466 608 538 γάρ
649 467 698 518 οἰ
732 465 1007 536 φιλόσοφοι
1050 465 1198 522 θέσιν
1227 467 1296 522 τὰ
1323 466 1670 537 ἐπιτιθέμενα
1708 466 1816 537 εῶη

1925 481 1954 518 a
1984 477 2132 521 mulo
2161 468 2376 523 silentio
2400 472 2676 535 conversi,
2704 476 2760 526 et
2785 479 3182 541 cognoscentes
3211 473 3310 528 nos
3337 472 3494 542 ignoo

232 562 306 631 τῇ
338 558 438 631 ὕλῃ
463 576 478 591 ·
508 560 810 631 ἀφαίρεσιν
830 560 907 623 δὲ,
943 561 1081 627 ὅταν,
1109 562 1167 613 αἱ
1202 561 1485 632 ποιότητες
1523 560 1632 615 τῶν
1665 561 1820 615 εἰδῶν

233 651 643 724 ἀφαιρεθῶσιν,
695 647 806 707 οἷον
853 654 958 724 γῆς
998 655 1061 708 τὸ
1113 655 1276 727 ξηρὸν
1327 657 1421 708 καὶ
1479 654 1642 726 βαρύ·
1699 654 1820 706 τότε

225 744 351 816 γὰρ
396 744 547 798 ἔσται
588 745 755 816 τυχὸν
801 746 962 819 ὔδωρ.
1020 746 1079 802 '0.
1123 747 1255 816 γοῦν
1293 747 1425 810 Θεὸς
1461 749 1490 800 ὁ
1528 747 1621 800 καὶ
1650 744 1822 798 ταῦτα

237 840 770 910 μετασχηματίζων,
822 844 855 912 ἠ
920 841 1138 895 πάντων
1193 829 1339 905 θέσις
1392 841 1484 894 καὶ
1533 838 1821 910 ἀφαίρεσίς

233 931 393 984 ἐστι’
430 928 579 993 θέσις
642 931 740 1000 μὲν
790 931 1007 985 πάντων
1036 932 1184 996 ,ὡς
1230 932 1524 986 τάπάντα
1570 931 1682 996 θεὶς
1725 929 1820 983 καὶ

234 1023 511 1093 ποιήσας,
567 1025 658 1076 καὶ
715 1022 960 1094 ἱδρύσθαι
1014 1023 1488 1096 παρασκευάζωνο
1554 1024 1613 1076 ἐν
1671 1021 1819 1093 αὐτῷ

231 1115 350 1187 γὰρ
399 1114 466 1168 τὰ
510 1114 686 1169 πάντα
733 1116 1080 1187 συνέστηκεν.
1143 1115 1452 1187 Ἀφαίρεσις
1493 1117 1550 1172 δὲ
1601 1117 1819 1171 πάντων

231 1207 409 1272 ιστὶν,
447 1207 524 1272 ὼς
555 1209 648 1264 καὶ
693 1209 793 1281 τὴν
840 1208 986 1263 θέσιν
1030 1209 1199 1281 αὐτὴν
1235 1209 1342 1262 τῶν
1383 1209 1551 1284 ὄντων
1591 1211 1686 1262 καὶ
1718 1207 1817 1280 τὴν

1927 576 2080 629 rare,
2110 563 2448 619 abstinemus
2481 574 2741 620 creterum
2787 566 2856 621 ab
2897 564 3016 634 ejus
3055 566 3200 636 quod
3241 562 3495 637 cognosci

1925 655 2118 724 nequit
2163 657 2539 727 inquisitione.
2588 657 2828 719 Rursum
2873 673 3003 714 vero
3038 658 3180 713 Deus
3230 671 3296 714 ex
3348 660 3497 719 omni

1924 747 2252 804 int'ellectilis
2272 751 2468 804 dicitur
2488 767 2503 816 ;
2533 752 2790 818 quoniam
2809 766 2878 806 ex
2898 753 3089 807 amicis
3118 753 3233 807 suis
3261 752 3497 806 muneri-

1923 841 2024 894 bus
2046 850 2100 895 et
2125 841 2491 914 intelligentiis
2505 843 2595 910 δι’,
2617 860 2718 900 nec
2733 859 2839 900 non
2854 858 2919 899 ex
2940 846 3208 900 creaturis
3224 833 3496 901 exsistere

1921 930 2293 997 cognoscitur,
2335 947 2400 987 ex
2433 933 2541 989 illis
2587 935 2805 1002 qtildem
2843 932 3117 1000 Salvator,
3148 929 3214 989 ex
3243 937 3327 990 bis
3367 950 3496 992 vero

1919 1017 2167 1075 Creator.
2197 1014 2529 1081 Positionem
2544 1038 2741 1080 autem
2772 1041 2866 1080 seu
2897 1025 3311 1081 aliirmationem
3340 1037 3497 1084 vocat

1920 1112 2290 1180 existentiam,
2317 1125 2571 1188 tanquam
2601 1136 2664 1174 ex
2700 1117 2974 1186 ipso'Deo,
3019 1119 3112 1188 qui
3142 1128 3226 1174 est
3250 1120 3495 1175 omniain

1917 1205 2229 1262 existentia.
2247 1206 2559 1280 PhilosOphi
2578 1212 2720 1264 enim
2739 1210 2906 1275 θέσιν,
2927 1225 3021 1264 seu
3053 1215 3363 1270 positionem
3378 1254 3393 1278 ,
3410 1199 3498 1266 vo-

230 1298 456 1372 ποίησιν
483 1299 957 1373 μεταρρυθμίζων,
994 1300 1412 1373 μετασκευάζων
1451 1303 1544 1355 καὶ
1568 1299 1814 1371 ἀφαιρῶν

1920 1308 2042 1351 cant
2064 1298 2270 1354 formas
2287 1300 2407 1355 illas
2425 1316 2544 1371 qua:
2561 1300 2804 1356 materia:
2823 1296 3244 1371 imprimuntur;
3269 1297 3497 1369 ablatio-

229 1393 304 1480 ικ
328 1393 436 1446 τῶν
469 1393 798 1465 τεθειμένων
819 1396 887 1449 τὰ
915 1397 1056 1450 κατὰ
1087 1396 1266 1467 φύσιν.
1299 1399 1362 1451 Εἰ
1386 1397 1494 1469 γάρ
1534 1397 1814 1471 ὡμολόγη-

1920 1403 2038 1442 nem
2057 1403 2208 1456 vero,
2221 1393 2438 1458 quando
2452 1391 2737 1462 qualitates
2754 1406 2783 1444 a
2809 1392 3000 1448 formis
3024 1388 3366 1460 auferuntur,
3388 1380 3497 1449 sel-

227 1499 349 1549 ται,
381 1482 447 1536 τὰ
485 1485 544 1536 ὲν
585 1485 792 1552 γενέσει
827 1487 1045 1549 πάντως
1070 1487 1163 1541 καὶ
1190 1487 1520 1559 φθείρεσθαι,
1555 1489 1717 1553 αὐτὸς
1756 1489 1812 1542 δὲ

1920 1482 2044 1536 utia
2072 1491 2215 1536 terra
2253 1484 2473 1538 siccitas
2509 1495 2564 1539 et
2609 1485 2863 1554 gravitas.
2911 1497 3042 1538 tunc
3065 1484 3208 1538 enim
3240 1484 3495 1540 fortassis

224 1575 452 1644 πλούτῳ
478 1575 834 1648 ἀγαθότητος,
867 1578 976 1632 τῶν
1006 1579 1103 1648 μὲν
1127 1579 1303 1634 ἀνεῖλε
1329 1595 1421 1635 και
1458 1581 1520 1634 τὸ
1553 1580 1809 1651 φθαρτὸν,

1920 1589 2055 1644 aqua
2077 1571 2238 1645 333
2272 1574 2393 1629 erit.
2418 1567 2558 1630 Deus
2587 1577 2750 1647 igitur
2770 1575 2861 1645 qui
2879 1577 2998 1630 haec
3013 1575 3197 1629 omnia
3225 1566 3491 1629 transforQ

228 1663 316 1728 ὡς
337 1663 582 1733 ἀγγέλων
608 1668 701 1720 καὶ
720 1667 928 1739 ψυχῶν,
953 1667 1061 1721 τῶν
1084 1669 1225 1724 δὲτὸ
1248 1669 1484 1742 φθαρτὸν
1509 1673 1589 1735 εἰς
1613 1671 1816 1748 ἀφθαρ-

1920 1673 2043 1730 mat,
2071 1667 2312 1721 omnium
2345 1674 2427 1721 est
2449 1669 2646 1736 positio
2669 1677 2723 1722 et
2744 1667 2968 1722 ablatio.
2995 1667 3245 1723 Omnium
3275 1659 3492 1738 quidem

232 1755 359 1810 σίαν
388 1760 716 1830 μετήγαγεν,
743 1760 817 1823 ὡς
860 1760 930 1813 τά
962 1759 1187 1831 σώματα
1209 1760 1366 1832 ἡμῶν
1397 1755 1545 1835 ὲν-τῇ
1575 1763 1808 1818 ἀναστά-

1920 1755 2132 1824 positio,
2149 1756 2309 1825 utqui
2329 1759 2512 1811 omnia
2529 1759 2677 1828 ponit
2694 1769 2748 1813 et
2765 1758 2917 1821 facit,
2937 1769 3100 1828 atque
3117 1760 3494 1814 utconsistant

231 1866 344 1904 σει·
377 1851 535 1922 δῆλον
559 1852 636 1917 ὡς
660 1852 1015 1917 αὑτὸςταῦτα
1038 1855 1172 1924 ἡμῖν
1223 1854 1505 1926 ὑπάρχων,
1532 1855 1694 1918 αὐτὸς
1721 1856 1814 1908 καὶ

1920 1847 2190 1917 disponit;
2223 1850 2284 1903 in
2316 1850 2432 1920 ipso
2475 1851 2620 1905 enim
2659 1860 2859 1906 cuncta
2891 1852 3230 1909 consistunt.
3265 1851 3364 1910 Est
3391 1861 3493 1904 au-

229 1941 379 2014 ὑπὲρ
395 1942 540 1997 θέσιν
559 1946 677 1998 ἐστὶ
694 1945 788 1998 καὶ
812 1944 1124 2015 ἀφαίρεσιν,
1149 1944 1397 2014 θεμέλιος
1420 1945 1518 1998 καὶ
1536 1943 1659 2016 ῥίζα
1683 1945 1815 1998 ardv—

1920 1951 2024 1997 tem
2055 1943 2295 1997 omnium
2332 1943 2560 2017 ablatio,
2584 1953 2644 1998 ut
2672 1943 2762 2014 qui
2807 1945 3101 2014 ipsannnet
3129 1960 3309 2000 rerum
3351 1945 3496 2014 posi-~

225 2049 345 2091 των
370 2033 464 2099 ὣν,
492 2037 552 2089 οὐ
576 2035 835 2100 τοπικῶς,
864 2036 998 2090 ἀλλά
1023 2035 1166 2089 κατά
1191 2035 1250 2089 τὸ
1274 2035 1464 2090 αἴτιον.
1491 2035 1629 2090 Οὔτε
1651 2037 1816 2106 ἀφαί-

1921 2035 2119 2090 tionem
2164 2049 2227 2090 ac
2271 2035 2606 2091 creationem
2655 2037 2934 2106 componit
2979 2046 3144 2105 atque
3177 2037 3488 2101 concinnat,

226 2143 391 2198 ρεσις
426 2129 587 2196 αὐτὸς
611 2127 706 2194 ὢν,
735 2123 808 2183 ὧν
831 2130 991 2193 αὐτὸς
1016 2128 1152 2202 ἔχει’
1178 2130 1239 2183 τὸ
1279 2122 1388 2202 γάρ
1414 2131 1698 2193 ἀθάνατον,
1725 2131 1816 2184 καὶ

1920 2141 2144 2181 necnon
2177 2126 2357 2181 aufert
2379 2142 2420 2183 .a
2453 2129 2614 2188 rebus
2651 2128 2843 2199 positis
2869 2142 2991 2197 quae
3029 2127 3242 2182 illarum
3279 2137 3491 2182 natura:

224 2219 651 2292 ἀκατάληπτον,
688 2223 782 2275 καὶ
813 2221 1119 2291 ἄγνωστον,
1163 2225 1255 2276 καὶ
1294 2224 1394 2276 ὅσα
1432 2221 1655 2300 τοιαῦτα
1682 2221 1814 2293 ἔχει,

1920 2219 2298 2275 adversantur.
2323 2219 2632 2275 Cum-enim
2655 2220 2710 2274 in
2744 2219 2999 2276 confesso
3028 2214 3120 2283 sit,
3154 2233 3218 2273 ea
3245 2234 3364 2288 quas
3393 2230 3492 2288 ge;

223 2313 428 2384 ὠχὼς
473 2313 546 2386 μὴ
587 2313 661 2366 ὢν
683 2313 744 2366 τὸ
767 2315 1025 2379 ἐναντίον,
1069 2315 1203 2368 ἀλλά
1243 2315 1382 2369 κατὰ
1426 2315 1671 2385 ἰδιότητά
1698 2332 1816 2368 τινα

1920 2321 2184 2367 norantur
2207 2314 2433 2369 omnino
2456 2314 2620 2368 etiam
2647 2313 2952 2383 corrumpi,
2980 2312 3095 2380 ipse
3121 2323 3304 2366 autem
3328 2311 3496 2365 abun-

226 2406 401 2461 πᾶσιν
425 2405 974 2478 ἄρρητον-«ἐξῄρηται
1003 2408 1113 2480 γὰρ
1149 2409 1258 2461 τῶν
1301 2411 1576 2473 ἁπάντων,
1604 2409 1698 2463 καὶ
1724 2409 1816 2460 ὑπ’

224 2498 449 2562 οὐδενὸς
484 2501 716 2563 νοεῖται,
759 2499 793 2569 ἦ
830 2499 968 2562 ὅλως
1015 2500 1512 2571 καταλαμϐάνεται,
1537 2501 1615 2565 ὡς
1656 2500 1817 2565 αὐτὸς

223 2591 422 2645 ἑαυτὸν
449 2593 699 2663 ἀρπάσας
724 2592 811 2645 διὰ
833 2593 931 2663 τῆς
955 2593 1228 2663 ἀπειρίας.
1261 2595 1323 2647 Ἠ
1349 2596 1407 2647 έν
1433 2595 1691 2666 ἀλλήλαις
1715 2597 1820 2651 πά-

223 2688 318 2744 λιν
338 2688 446 2742 τῶν
473 2689 772 2764 ὲναρχικῶν
816 2689 1169 2742 ὑποστάσεων
1199 2691 1333 2761 μονὴ
1361 2690 1454 2743 καὶ
1491 2690 1719 2763 ἵδρυσιςο
1759 2691 1818 2744 ἓν

223 2778 486 2848 γάρ,καὶ
511 2778 588 2842 ἓν,
616 2781 710 2832 καὶ
733 2776 813 2842 ἓν,
835 2781 928 2834 καὶ
950 2779 1017 2833 τὰ
1042 2780 1169 2851 τρία
1192 2780 1269 2834 ἓν.
1299 2781 1434 2834 Τίδέ
1455 2783 1604 2835 ἐστιν
1626 2784 1657 2853 ή
1684 2782 1818 2854 μονὴ

224 2872 329 2928 καὶ
353 2870 580 2940 ἵδρυσις,
609 2873 686 2936 ὡς
710 2873 790 2937 τὺ,
823 2873 971 2942 Ἐγὼ
995 2873 1064 2926 ἐν
1091 2872 1175 2938 τῷ(
1203 2875 1406 2942 Πατρί,
1434 2873 1530 2929 aiat
1555 2877 1587 2929 ό
1611 2877 1817 2946 Πατὴρ

224 2962 305 3017 ὲν
333 2963 465 3032 ἐμοί
478 2963 660 3027 mbae)
683 2965 778 3018 καὶ
797 2967 929 3036 ’περὶ
955 2964 1047 3018 τοῦ
1077 2964 1229 3032 ἁγίου
1266 2965 1582 3037 Πνεύματός
1609 2971 1819 3038 φησινό

226 3052 377 3116 θεῖος
404 3053 716 3117 ἀπόστολος.
758 3055 820 3107 Ἠ
850 3055 924 3125 μὴ
953 3056 1332 3126 συγκεχυμένη
1361 3057 1418 3109 ἐν
1447 3058 1621 3129 μέρει,
1652 3058 1819 3113 καθά-

1917 2403 2100 2459 dantia
2127 2403 2388 2460 bonitatis
2413 2405 2776 2474 quorumdam
2808 2418 3027 2475 quoque
3052 2401 3268 2458 auferat
3297 2415 3491 2456 corru-

1917 2487 2282 2563 ptibilitatem,
2314 2507 2374 2553 ut
2402 2497 2733 2566 angelorum
2769 2506 2936 2567 atque
2983 2498 3330 2559 animarum;
3365 2508 3495 2564 quo-

1918 2589 2164 2644 rumdam
2190 2605 2319 2645 vero
2340 2576 2856 2661 corruptibilitatem
2891 2587 3183 2644 transferat
3209 2587 3275 2640 ad
3305 2580 3488 2640 incor-

1919 2681 2258 2749 ruptionem,
2312 2692 2371 2736 ut
2415 2697 2644 2752 corpora
2676 2669 2872 2740 nostra
2918 2680 2973 2735 in
3046 2679 3485 2734 resurrectione°

1919 2772 2262 2828 manifestum
2327 2784 2412 2830 est
2467 2775 2642 2844 ipsum
2708 2773 2863 2829 nobis
2905 2774 3043 2831 ‘Itazc
3096 2766 3492 2837 exsistentem,

1917 2877 2082 2935 supra
2133 2865 2463 2935 positionem
2515 2878 2730 2934 quoque
2785 2875 2941 2930 esse,
3000 2857 3058 2916 et
3118 2859 3490 2924 ablationem,

1917 2972 2040 3011 cum
2073 2956 2144 3011 sit
2165 2955 2577 3011 fundamentum
2604 2971 2669 3011 ac
2701 2963 2853 3010 radix
2877 2954 3148 3018 omnium,
3174 2939 3488 3022 non'Quoad

1920 3049 2246 3114 locum,-sed
2272 3060 2535 3118 quantum
2575 3049 2643 3103 ad
2670 3061 2914 3103 causam.
2961 3044 3147 3115 Neque
3175 3045 3289 3113 ipse
3324 3045 3490 3098 etiam

225 3161 341 3213 περ
367 3145 429 3198 τὸ
454 3144 707 3214 αἰσθητὸν
745 3146 1091 3218 παράδειγμα
1121 3146 1261 3217 ἔχον.
1290 3148 1500 3220 ’Ὠσπερ
1521 3148 1630 3219 γάρ
1652 3149 1816 3220 τριῶν

1923 3153 2005 3199 est
2030 3144 2230 3199 ablatio
2252 3148 2442 3198 eorum
2481 3158 2603 3214 quae
2633 3143 2836 3207 habet;
2879 3155 3005 3194 nam
3047 3141 3162 3210 ipse
3193 3154 3292 3208 per
3321 3155 3381 3195 se
3407 3140 3496 3193 ba-

226 3234 423 3306 κηρῶν
450 3235 726 3289 ἀπτόντων
766 3234 823 3288 ἓν
862 3253 968 3288 τινι
996 3235 1149 3306 οἴκῳ,
1188 3241 1306 3298 ταῖς
1346 3239 1443 3309 μὲν
1485 3239 1814 3296 ὑποστάσεσι

226 3329 687 3400 διακεκριμένων,
714 3327 792 3398 τῷ
817 3328 872 3380 δὲ
916 3329 1054 3396 φωτὶ
1095 3328 1382 3400 ἡνωμένην
1407 3329 1506 3400 τὴν
1530 3331 1816 3384 κοινωνίαν

226 3424 491 3495 ἑχόντων,
520 3424 611 3474 καὶ
646 3420 822 3483 οὐδεὶς
851 3419 1071 3473 δύναται
1095 3420 1364 3492 διακρῖναι
1391 3423 1450 3476 τὸ
1477 3423 1653 3477 κοινὸν
1677 3424 1812 3494 φῶς,

226 3511 315 3566 δτι
341 3509 500 3564 τοῦτο
536 3511 632 3581 μὲν
657 3509 866 3574 τούτου,
898 3507 1055 3561 τοῦτο
1077 3510 1133 3564 δὲ
1159 3511 1254 3563 τοῦ
1279 3510 1438 3566 ἄλλου
1474 3513 1813 3586 λαμπτῆρος.

228 3603 424 3658 Ταῦτα
450 3602 638 3664 εἰπὼν,
673 3601 964 3672 μεταφέρει
989 3603 1079 3656 τὸν
1105 3602 1262 3670 λόγον
1291 3603 1382 3657 ἐπὶ
1406 3606 1467 3659 τὸ
1489 3605 1588 3678 τῆς
1612 3607 1818 3661 οἰκονο-

227 3696 370 3774 μίας
396 3696 711 3766 μυστήριον,
742 3694 917 3747 καὶτὸ
940 3694 1304 3764 Εὐαγγελικὺν
1329 3695 1489 3766 ῥητὸν
1532 3697 1813 3774 σαφηνίζει

226 3772 314 3852 τὸ,
357 3789 500 3858 Ἐγὼ
521 3789 589 3842 ἐκ
615 3775 722 3841 τοῦ
746 3786 974 3856 Πατρός
987 3785 1270 3854 ἐξῆλθον,
1287 3788 1554 3856 καὶπρὸς
1571 3789 1683 3845 τὸν
1701 3772 1818 3844 Πα-

229 3881 378 3950 τέρα
391 3898 521 3949 ,μου
551 3878 780 3948 ὑπάγω,
807 3879 971 3952 φησιν
1042 3882 1124 3939 ὅτι
1167 3879 1324 3943 εἴτις
1346 3879 1442 3933 ἕνα
1464 3881 1574 3934 τῶν
1595 3883 1816 3953 πυρσῶν

229 3969 676 4040 ὑπεξαγαγέσθαι
691 3969 785 4022 τοῦ
806 3970 1079 4041 δωματίου
1105 3969 1309 4040 νοήσει,
1326 3971 1479 4024 οὐδέν
1498 3987 1550 4023 τι
1570 3971 1678 4024 τῶν
1705 3973 1818 4025 ἑτέ-

235 4081 351 4136 ρων
380 4063 572 4133 φώτων
590 4061 1088 4132 συνεπισταῦμενον,
1117 4063 1149 4133 ἢ
1174 4053 1234 4115 ea
1257 4060 1452 4115 ἑαυτοῦ
1475 4063 1590 4126 τοῖς
1609 4063 1817 4133 ἑτέροις

230 4157 584 4219 καταλείπον,
611 4157 680 4222 τὸν
712 4155 1114 4226 ὑπεξαγόμενον
1157 4154 1271 4226 φῶς
1299 4153 1648 4221 ὑπεξάγεταιο
1678 4153 1818 4208 οὕτω

229 4252 347 4306 νόει
374 4252 468 4304 καὶ
497 4251 588 4304 ἐπὶ
612 4249 710 4320 τῆς
733 4249 996 4320 ὲνσάρκου
1032 4247 1362 4317 οἰκονομίας.
1407 4243 1604 4298 Ἐλθὼν
1638 4247 1666 4298 ὁ
1692 4245 1818 4310 Υἰὸς

230 4347 300 4398 ἑκ
323 4343 418 4396 τοῦ
444 4342 680 4412 Πατρὸς,
703 4339 794 4394 καὶ
817 4339 1170 4410 ἐπιδημήσας
1195 4341 1253 4392 ὲν
1277 4340 1356 4410 τῷ
1382 4339 1591 4409 κόσμῳ,
1614 4339 1675 4392 οὐ
1705 4354 1822 4391 συν-

231 4435 507 4505 εξήγαγεν
541 4433 717 4504 ἐαυτῷ
755 4435 847 4487 τὸν
890 4432 1110 4501 Πατέρα
1155 4434 1251 4486 καὶ
1285 4432 1347 4485 τὸ
1390 4431 1616 4503 Πνεῦμα
1639 4473 1653 4498 ,
1694 4430 1817 4484 οὔτε

1923 3236 2014 3292 bet
2038 3236 2527 3300 immortalitatem,
2575 3245 2629 3290 et
2665 3232 3405 3302 incomprehensibilitatem,
3440 3242 3496 3284 et

1920 3327 2520 3401 iucognoscibilitatem,
2549 3328 2766 3396 aliaque
2793 3326 3027 3390 similia;
3062 3330 3181 3378 norr’
3198 3323 3355 3393 quasi
3385 3337 3491 3376 non

1919 3423 1990 3477 sit
2032 3422 2401 3486 contrarium,
2443 3422 2540 3476 sed
2585 3419 2740 3488 juxta
2784 3419 3173 3491 proprietatem
3200 3415 3490 3486 quamdam

1917 3516 2170 3570 onmibus
2198 3511 2522 3570 ineffabilem
2569 3531 2584 3567 :
2629 3528 2754 3572 nam
2783 3510 3073 3580 exemptus
3100 3519 3184 3564 est
3216 3509 3283 3564 ait
3316 3500 3495 3564 omni4

1918 3609 2043 3672 bns,
2071 3618 2124 3663 et
2150 3624 2180 3662 a
2210 3607 2354 3661 nullo
2378 3607 2748 3675 cOgnoscitur,
2780 3604 2863 3659 vel
2885 3602 3494 3668 omninocomprenen-

1919 3700 2099 3765 ditur,
2135 3709 2192 3753 ut
2222 3700 2316 3769 qui
2354 3699 2709 3768 semetipsum
2757 3708 2980 3768 propter
3012 3695 3336 3749 infinitatem
3368 3693 3496 3748 sub-

1919 3794 2102 3847 ducat.
2137 3793 2370 3846 Rursum
2389 3799 2480 3845 est
2503 3791 2810 3847 divinarum
2837 3804 3053 3859 quoque
3081 3786 3134 3841 in
3167 3801 3226 3841 se
3259 3785 3492 3840 invicem

1919 3897 2271 3953 personarum
2301 3882 2516 3937 mansio
2539 3895 2592 3935 et
2619 3882 2940 3945 collocatio;
2968 3890 3095 3934 sunt
3123 3879 3268 3934 enim
3302 3885 3491 3936 unum,

1920 3986 1976 4032 et
2018 3987 2204 4042 unum,
2237 3986 2292 4031 et
2322 3991 2487 4029 unum
2515 4015 2532 4041 ,
2561 3986 2615 4030 et
2664 3975 2765 4028 tria
2801 3984 2990 4028 unum.
3017 3972 3155 4042 Quid
3197 3969 3374 4025 autem
3406 3981 3491 4024 est

1920 4073 2129 4126 mansio
2166 4080 2222 4126 et
2243 4071 2548 4133 collocatio,
2579 4079 2638 4125 ut
2665 4063 2794 4135 illud
2827 4090 2841 4126 :
2874 4068 2986 4139 Ego
3010 4070 3065 4121 in
3101 4067 3282 4130 Patre,
3303 4077 3351 4120 et
3385 4064 3494 4119 Pa-

1920 4176 1998 4218 ter
2058 4167 2127 4219 in.
2169 4171 2261 4217 me'
2308 4173 2383 4218 est
2435 4158 2520 4216 ΡΥ
2563 4163 2640 4218 Ita
2696 4163 2864 4218 etiam
2923 4160 3246 4230 deSpiritu
3299 4167 3495 4214 sancto

1919 4257 2196 4326 apostolus
2239 4256 2334 4312 ait.
2403 4253 2531 4309 Habe
2589 4254 2800 4308 mansio
2843 4268 2948 4307 non
2991 4262 3077 4308 est
3103 4252 3156 4305 iu
3182 4261 3335 4322 parte
3357 4247 3507 4306 con-'

1920 4352 2058 4417 fusa,
2104 4350 2243 4403 sicut
2268 4341 2528 4403 sensibi1e
2565 4346 2873 4416 exemplum
2921 4345 3179 4402 declarat.
3216 4343 3495 4409 Quemad-

1922 4443 2136 4496 modum
2170 4441 2314 4496 cnim
2349 4441 2393 4494 si
2427 4440 2480 4495 iu
2512 4441 2691 4509 aliqua
2733 4439 2894 4494 domo
2940 4427 3052 4493 tres
3099 4438 3243 4492 cerei
3296 4451 3492 4491 accen-

235 4528 348 4599 μὴν
373 4527 481 4580 τῶν
502 4528 716 4580 οἰκείων
750 4543 802 4579 τι
832 4527 1060 4589 ἐκείνοις
1082 4525 1371 4579 κατέλιπεν
1390 4565 1404 4588 ,
1433 4522 1548 4579 ἀλλ’
1574 4525 1816 4596 ἀδιαίρε-

1923 4535 2143 4601 dantur,
2173 4535 2435 4604 subjectis
2459 4535 2678 4603 quidem
2708 4533 2908 4587 diversi
2951 4541 3133 4597 erunt,
3163 4531 3256 4585 sed
3288 4529 3494 4608 lumine

229 4637 329 4674 τον
347 4619 446 4689 τῆς
483 4619 673 4672 ἑαυτοῦ
703 4619 867 4689 μονῆς
905 4619 999 4690 τὴν
1030 4617 1206 4684 ἔξοδον
1241 4618 1552 4688 ἐποιήσατο.
1583 4617 1730 4688 Πλὴν
1759 4620 1814 4670 αἱ

229 4713 349 4767 τῶν
371 4713 632 4781 σωμάτων
657 4710 874 4775 ὲνώσεις
903 4710 1011 4766 τῶν
1039 4729 1097 4764 τε
1129 4710 1480 4782 στοιχειωδῶς
1503 4700 1814 4781 θεωρουμέ-

233 4820 364 4866 νων,
399 4804 491 4855 καὶ
520 4802 627 4854 τῶν
656 4800 828 4865 ἄλλως
871 4820 985 4864 πως
1019 4801 1380 4872 μιγνυμένων,
1426 4801 1687 4872 δυνάμεσι
1720 4802 1815 4855 καὶ

233 4894 484 4964 ποιότητι
523 4895 582 4946 τὸ
606 4893 1312 4964 Μρηλλαγμένονιέχουσινσ
1345 4881 1604 4956 ῶσαύτως
1638 4893 1730 4946 καὶ
1757 4895 1814 4957 αἰ

231 4986 465 5060 ψυχικαί
490 4985 742 5055 δυνάμεις
770 4985 831 5037 τὸ
858 4984 1110 5054 διάφορον
1152 4983 1350 5054 έχουσι,
1383 4985 1475 5036 καὶ
1515 4984 1620 5055 μὴν
1650 4985 1742 5038 καὶ
1762 4988 1821 5038 αἱ·

232 5076 350 5129 τῶν
379 5075 624 5149 ἀγγέλων
647 5075 781 5145 πρὸς
811 5074 908 5138 τὰς
956 5075 1103 5139 θείας
1135 5075 1428 5145 ἐλλάμψεις
1458 5075 1724 5144 ὲνότητες,
1757 5078 1817 5129 τὸ

233 5167 345 5222 ἀνὰ
377 5167 537 5237 μέρος
562 5168 654 5219 καὶ
682 5165 940 5234 ἀνάλογον
962 5169 1080 5231 ταῖς
1100 5167 1327 5230 οἰκείαις
1342 5166 1559 5233 τάξεσιν
1577 5168 1812 5238 ἔχουσιν·

234 5251 271 5330 ἡ
295 5258 354 5311 δὲ
386 5261 446 5311 ὲν
466 5261 531 5332 τῇ
561 5257 689 5327 ἁγίᾳ
716 5259 903 5329 Τριάδι
931 5259 1136 5328 ἑνότης,
1157 5260 1250 5312 καὶ
1269 5260 1368 5312 ὅσα
1390 5259 1612 5330 ταύτης,
1639 5262 1813 5316 οὐδενί

233 5351 351 5406 τῶν
383 5350 686 5420 εἰρημένων
713 5349 1132 5420 διακοπτομένη,
1167 5349 1199 5419 ἢ
1229 5351 1437 5404 ἑαυτῶν
1466 5346 1813 5423 διαφέρουσα,

237 5449 466 5511 εἰκότως
519 5448 658 5518 ὑπὲρ
690 5447 892 5510 ταύτας
930 5446 1030 5510 τὰς
1067 5446 1288 5510 ὲνώσεις
1330 5443 1467 5499 εἶναι
1514 5445 1811 5512 δοξάζεται.

251 5541 638 5613 ’Υπερίδρυται
672 5542 767 5611 μὲν
798 5543 829 5610 ἡ
860 5539 1182 5610 ὑπερούσιος
1222 5540 1433 5602 ἕνωσις,
1471 5542 1531 5592 οὐ
1565 5540 1671 5604 τῶν
1712 5559 1816 5593 σω-

321 5675 366 5712 f'
397 5674 549 5729 Jl’a'l-
588 5691 639 5739 Χ,
673 5674 761 5728 53-
842 5677 866 5713 ⁸
897 5673 1049 5727 Juau.
1082 5691 1186 5740 xw,
1220 5675 1303 5729 28.

1925 4629 2057 4683 uniti
2082 4629 2182 4681 sibi
2209 4628 2440 4682 invicem
2466 4624 2946 4699 comntunicabunt
2968 4640 2983 4689 ;
3007 4637 3179 4692 neque
3206 4621 3493 4690 quisquam

1923 4729 2097 4793 potest
2130 4735 2412 4774 commune
2437 4720 2617 4773 lumen
2643 4718 2970 4793 discernere,
3002 4714 3272 4786 quodnam
3297 4714 3368 4767 sit
3401 4712 3495 4766 hu-

1916 4789 2026 4883 ius,
2045 4812 2254 4882 etquod
2274 4812 2497 4866 alterius
2514 4789 2820 4865 luminaris.
2849 4807 2975 4863 Hac
2999 4808 3088 4862 ubi
3124 4807 3287 4872 diXit,
3313 4813 3490 4860 trans-

1922 4907 2026 4962 fert
2066 4921 2370 4961 sermonem
2417 4906 2486 4959 ad
2541 4905 2858 4975 mysterium
2921 4899 3383 4971 dispensationis,
3436 4907 3493 4953 et

1921 5001 2290 5071 evangelicum
2330 4999 2459 5052 illud
2489 4998 2688 5052 dictum
2723 4996 3064 5065 explanatis:
3111 4991 3222 5060 Ego
3259 5008 3289 5044 a
3335 4989 3494 5044 Patre

1926 5092 2092 5154 exiri,
2131 5099 2181 5142 et
2226 5089 2294 5142 ad
2329 5086 2547 5142 Patrem
2575 5102 2747 5140 meum
2783 5085 2913 5140 vado
2963 5085 3008 5148 ε,
3037 5083 3111 5137 ait
3143 5101 3155 5136 :
3183 5082 3253 5138 Ut
3300 5085 3345 5139 si
3379 5086 3504 5154 quis

1926 5197 2091 5238 unam
2121 5181 2292 5237 facem
2318 5195 2602 5235 accensam
2637 5195 2667 5234 e
2695 5177 2857 5233 domo
2889 5177 3046 5232 educi
3071 5177 3341 5247 intelligit,
3368 5169 3500 5233 nihil

1924 5280 2155 5334 aliorum
2201 5278 2470 5332 luminum
2528 5291 2712 5330 secum
2768 5274 2990 5328 trahens
3026 5273 3214 5327 vel'de
3249 5289 3349 5327 suo
3396 5289 3499 5326 cm-

1923 5374 2054 5427 teris
2077 5373 2412 5441 relinquens,
2430 5370 2608 5424 lumen
2641 5368 2895 5423 eductum
2927 5365 3178 5420 educitur
3198 5382 3212 5430 ;
3232 5364 3312 5418 sic
3335 5364 3499 5418 etiam

1923 5466 2162 5537 intelligc
2219 5467 2273 5518 in
2338 5462 2745 5533 dispensatione
2806 5459 3221 5513 lncarnationis.
3289 5456 3499 5532 Quippe

1921 5559 2092 5615 Filius
2134 5576 2164 5614 a
2201 5557 2361 5613 Patre
2420 5556 2681 5617 veniens,
2735 5562 2788 5608 ct
2841 5553 2894 5606 in
2949 5554 3052 5606 boc
3111 5546 3314 5605 mundo
3362 5551 3497 5605 con?

1518 5734 1751 5802 ΥᾸῘΠᾸΞ
1819 5736 2112 5793 LECTION
2120 5735 2201 5789 ES

322 5815 387 5848 “‘
427 5817 643 5872 Maxim.
676 5814 1030 5870 vrovitlentiis.
