4178 6312
668 335 771 390 687
1846 340 1900 396 Β.
1938 339 2235 398 DlONYSlI
2270 342 2731 403 AREOPAGIT/E
3823 356 3932 412 665

669 457 921 503 versatus
944 463 1046 509 non
1066 450 1257 506 eduxit
1282 466 1466 507 secum
1490 451 1730 518 Patrem,
1754 469 1928 523 neque
1950 456 2235 525 Spiritum,

2351 462 2596 531 ματικῶν
2630 462 2791 532 μόνον
2820 463 3083 533 ένώσεων,
3117 466 3252 523 ἀλλὰ
3278 468 3371 522 καὶ
3399 467 3508 521 τῶν
3534 469 3593 522 ἓν
3613 469 3806 539 ψυχαῖς
3832 476 3932 528 αὐ-

670 553 847 607 neque
869 540 1160 608 quidquam
1187 542 1287 596 sibi
1313 544 1591 610 proprium
1622 544 1686 598 iis
1716 545 1955 617 reliquit,
1979 548 2075 603 sed
2091 549 2243 605 hunc

2351 556 2484 619 ταῖς,
2516 556 2611 608 καλ⁵
2644 556 2840 625 μᾶλλον
2879 559 2938 610 ὲν
2966 559 3149 624 αὐτοῖς
3188 563 3301 624 τοῖς
3329 560 3599 630 ἀγγέλοις,
3624 561 3777 635 ἃς
3804 566 3936 619 ἑνώ-

668 642 951 697 egressum
988 638 1017 683 a
1047 632 1125 685 sui
1158 632 1325 700 ipsius
1357 634 1640 689 mansione
1669 634 1795 690 fecit
1827 638 1991 709 335I
2023 638 2245 693 indivul-

668 733 811 775 sum.
856 720 1122 774 Caeterum
1158 723 1388 777 uniones
1435 738 1730 792 corporum
1760 743 1883 795 qua:
1916 729 2247 783 elementali-

672 818 757 861 tcr
797 810 1239 872 considerantur,
1275 822 1437 883 atque
1463 814 1569 867 alio
1595 815 1833 885 quodam
1862 819 2020 874 modo
2047 819 2247 887 permi-

672 906 921 966 seentur,
950 903 1243 975 virtutibus
1271 913 1323 957 et
1352 905 2115 977 qualitatibuspermulantur
2136 926 2152 976 ;
2173 909 2247 964 si-

668 992 870 1046 militer
919 1009 1135 1064 quoque
1194 995 1483 1051 facultates
1529 999 1791 1054 animales
1840 1014 1995 1056 suam
2047 1001 2248 1059 habent

668 1080 1071 1149 differentiam;
1108 1086 1237 1153 quin
1283 1098 1336 1140 et
1369 1088 1683 1157 angelorum
1717 1105 1842 1147 cum
1886 1092 2084 1148 divinis
2128 1094 2247 1148 illu-

666 1174 1024 1229 strationibus
1085 1178 1357 1233 unitiones
1409 1196 1507 1248 pro
1576 1182 1829 1236 ordinum
1902 1186 2245 1253 propriorum

667 1273 823 1331 parte
868 1280 933 1319 ac
971 1269 1323 1335 proportione
1362 1269 1519 1324 lium.
1568 1271 1837 1335 Divinitas
1877 1290 2008 1329 vero
2044 1288 2249 1335 sancta:

669 1351 977 1422 Trinitatis,
1004 1368 1059 1412 et
1083 1360 1348 1429 quidquid
1376 1363 1494 1431 ejus
1527 1373 1632 1429 est,
1661 1366 1809 1420 nullo
1831 1368 2097 1422 dictorum
2129 1386 2245 1426 mo-

669 1444 736 1499 do
768 1446 1030 1514 dissecta,
1062 1459 1153 1503 aut
1189 1466 1216 1507 a
1268 1466 1326 1506 se
1350 1454 1587 1518 diversa,
1624 1458 1819 1510 merito
1850 1469 2106 1514 censetur
2128 1476 2248 1517 esse

668 1550 836 1609 supra
865 1541 1003 1595 istas
1032 1544 1283 1598 uniones.
1315 1543 1795 1613 Supercollocatur
1824 1551 1965 1603 enim
1993 1551 2124 1606 unio
2154 1568 2247 1607 su-r

670 1632 1149 1695 pchubStantialis
1172 1650 1275 1687 non
1306 1644 1512 1689 tantum
1542 1639 1841 1706 curporeis,
1866 1656 2050 1694 verum
2082 1642 2247 1697 etiam

668 1722 736 1777 iis
766 1740 883 1786 qua:
926 1728 977 1779 in
1014 1729 1335 1793 animabus,
1378 1732 1509 1799 quin
1553 1742 1605 1784 et
1651 1733 1703 1785 in
1757 1734 2002 1802 ipsismet
2041 1738 2248 1806 angelis

2350 665 2461 711 σεις
2492 648 2643 713 θείας
2683 650 2863 721 ἔχουσι
2887 652 2955 706 τὰ
2981 654 3346 725 ὑπερουράνια
3384 656 3565 726 φῶτα,
3598 659 3645 709 οἱ
3688 657 3932 727 ἄγγελοι,

2348 740 2582 810 ἀμιγῶς,
2612 743 2952 814 ἁσυγχύτως,
2988 748 3081 799 καὶ
3107 742 3512 819 ύπερκοσμίως,
3545 749 3639 803 δλα
3675 748 3926 804 δι’δλων·

2346 832 2407 884 οὐ
2444 833 2556 905 γὰρ
2597 836 2839 908 μερικῶς
2875 838 3295 911 ὲᾶτιόραόεύεται
3331 840 3537 907 τούτοις
3568 846 3603 913 ἡ
3626 842 3889 915 suam;
3915 886 3931 909 ,

2348 922 2461 975 ἀλλ’
2488 923 2766 991 ὁλοτελῶς,
2798 930 2843 981 εί
2888 930 3125 985 κάκεῖνοι
3152 933 3287 1004 πρὸς
3310 934 3371 985 τὸ
3400 935 3622 990 δυνατὸν
3651 936 3743 991 καὶ
3770 936 3933 1007 μόνον

2350 1014 2610 1071 ἑνοῢνται.
2638 1020 2866 1091 Ὥσπερ,
2894 1020 3045 1092 ἡλίου
3065 1023 3327 1089 ὁλοτελῶς
3349 1025 3766 1096 ὲπιλάμποντος,
3799 1028 3935 1080 ἐκα-

2352 1124 2473 1160 οτον
2501 1106 2637 1180 πρὸς
2659 1112 2719 1163 τὸ
2746 1111 2969 1167 δυνατὸν
2996 1116 3097 1183 έτοῦ
3128 1116 3303 1185 φωτὸς
3335 1118 3755 1189 μεταλαμϐάνει,
3785 1119 3934 1172 οὕτω

2352 1199 2443 1250 καὶ
2469 1202 2561 1252 ἐπὶ
2583 1204 2695 1265 τοῖς
2718 1203 2971 1271 ἀγγέλοις
2991 1206 3219 1273 γίνεται,
3240 1207 3380 1261 κατὰ
3400 1208 3500 1279 τὴν
3518 1210 3806 1279 ἀναλογίαν
3827 1211 3934 1263 a5-

2350 1285 2478 1351 τῶν,
2500 1289 2600 1359 τῆς
2627 1290 2774 1355 θείας
2795 1294 2886 1345 καὶ
2911 1295 3299 1365 ὑπερηρμένης
3324 1292 3571 1371 ἐνώσεως
3593 1300 3929 1369 μετέχουσιν.

2354 1378 2509 1432 Ἐστι
2533 1380 2802 1449 διάκρισις
2828 1383 2885 1434 ὲν
2910 1386 3029 1449 ταῖς
3051 1384 3365 1456 Θεολογίαις,
3393 1387 3492 1457 οὐχ
3509 1388 3576 1459 ἣν
3601 1385 3807 1458 ἔφημεν
3834 1388 3937 1459 μὸα

2350 1482 2439 1521 νον
2480 1470 2758 1540 πρότερον,
2798 1472 2876 1525 ὅτι
2910 1474 3227 1546 ἀσυγχύτως
3253 1478 3331 1540 είς
3369 1480 3519 1548 τρεῖς
3568 1478 3934 1542 Ὑποοτάσεις

2350 1562 2688 1633 διακέκριται
2716 1565 3092 1641 ἁδιαιρέτωςή
3130 1570 3250 1625 θεία
3286 1572 3379 1625 καὶ
3422 1560 3567 1644 ἁπλῆ
3603 1572 3779 1642 φύσις-
3813 1574 3933 1627 ἀλλ’

2350 1652 2432 1704 ὅτι
2462 1653 2556 1705 καὶ
2581 1653 2640 1705 τὸ
2672 1654 2765 1707 τοῦ
2806 1657 3015 1728 Πατρὸς
3041 1658 3283 1730 αὔχημα,
3325 1660 3625 1734 δηλονότιὴ
3663 1663 3934 1733 θεογονίὶι,

2350 1742 2450 1794 οὐκ
2498 1743 2842 1815 ἀντιστρέφει
2891 1747 3025 1817 πρὸς
3072 1748 3255 1801 τᾶλλα.
3298 1748 3449 1820 Μόνη
3498 1748 3606 1821 γὰρ
3644 1751 3793 1820 πηγὴ
3828 1749 3938 1819 τῆς

667 1820 1013 1885 contingunt,
1051 1834 1185 1887 quas
1227 1820 1412 1891 utique
1441 1822 1651 1878 divinas
1697 1825 1926 1881 uniones
1962 1826 2050 1881 illa
2084 1828 2247 1883 lumi-

2354 1835 2677 1905 ὑπερουσίου
2724 1836 2973 1907 θεότητος
3020 1840 3049 1891 ὁ
3096 1838 3325 1911 Πατὴρ,
3393 1820 3769 1910 φυλαττόντων
3822 1843 3939 1896 τῶν

668 1909 821 1962 naria
853 1913 1288 1980 supercmlestia,
1313 1916 1519 1971 scilicet
1550 1916 1746 1986 angeli,
1775 1918 2127 1986 impermiste,
2165 1925 2245 1977 in-

669 2002 918 2069 confuse,
952 2015 1005 2057 et
1033 2009 1548 2074 supermundialiter
1577 2018 1686 2064 tota
1717 2023 1774 2064 se
1806 2012 1932 2065 totis
1962 2008 2249 2081 obtinent;

669 2107 775 2149 non
836 2098 978 2149 enim
1026 2098 1343 2169 partialiter
1402 2102 1485 2156 his
1549 2101 1842 2159 illustratio
1895 2107 2245 2174 conceditur,

665 2192 764 2248 sed
810 2197 1034 2247 omnino
1065 2196 1297 2265 integre,
1336 2198 1550 2251 tametsi
1586 2212 1802 2267 quoque
1832 2213 1931 2267 pro
1956 2209 2115 2269 captu
2151 2216 2249 2258 suo

668 2283 934 2338 duntaxat
996 2287 1276 2341 uniantur.
1334 2289 1800 2354 Quemadmodum
1861 2292 1975 2345 sole
2028 2293 2250 2348 omnino

2355 1928 2537 1997 ὓμνων
2554 1929 2791 1993 εὐσεϐῶς
2812 1930 2879 1983 τὰ
2902 1931 3075 1983 οίκὲῖα
3092 1932 3297 2004 ἑκάστῃ
3307 1934 3419 1986 τῶν
3444 1934 3742 2005 θεαρχικῶν
3772 1936 3940 1990 Ύπο-

2356 2021 2616 2073 στάσεων.
2650 2021 2779 2073 Ἰδοὺ
2806 2024 2899 2075 καὶ
2915 2023 3075 2093 έτέρα
3099 2024 3391 2095 διάκρισις,
3418 2025 3539 2078 καθ’
3567 2027 3633 2096 ἢν
3658 2027 3939 2098 διακέκρου-

2353 2129 2441 2168 ται
2469 2115 2497 2165 ὁ
2524 2112 2713 2184 Πατὴρ
2739 2112 2849 2167 τῶν
2874 2115 3155 2180 αίτιατῶν,
3204 2116 3335 2169 Υίοῦ
3362 2132 3421 2168 τε
3461 2118 3552 2169 καὶ
3592 2116 3944 2188 Πνεύματοςι

2354 2198 2521 2256 Αὗται
2548 2205 2645 2273 μὲν
2669 2205 2722 2257 al
2750 2206 2870 2258 κατ’
2896 2208 3113 2276 ἐκείνην
3139 2206 3237 2277 τὴν
3263 2207 3501 2279 ἄρρητον
3530 2208 3772 2280 ’φυσικὴν
3796 2209 3942 2264 ἑνω-

2358 2312 2441 2348 σιν
2469 2295 2690 2360 ένώσεις
2709 2314 2767 2350 τε
2792 2297 2886 2351 καὶ
2908 2298 3228 2371 διακρίσεις.

668 2376 909 2444 perfecte
936 2377 1288 2435 illucescente
1322 2381 1585 2450 quidlibet
1617 2398 1711 2451 pro
1736 2394 1893 2454 captu
1930 2400 2031 2439 suo
2064 2383 2243 2439 lumen
2280 2388 2599 2457 participat,
2644 2390 2715 2443 ita
2778 2390 2940 2444 etiam
2974 2390 3027 2445 in
3072 2392 3281 2461 angelis
3325 2394 3608 2463 contingit,
3668 2394 3793 2448 dum
3846 2409 3943 2450 se.

666 2469 899 2523 cundum
940 2473 1344 2540 proportionem
1399 2488 1556 2530 suam
1583 2475 1779 2531 divina:
1835 2478 1979 2532 illius
2039 2489 2095 2533 et
2152 2481 2607 2546 aupereminentis
2668 2484 2885 2539 unionis
2940 2486 3231 2555 participes
3285 2488 3579 2543 exsistunt.
3628 2488 3727 2544 Est
3768 2488 3937 2543 etiam

665 2559 949 2615 distinctio
1001 2563 1053 2614 in
1106 2562 1342 2627 divinis,
1395 2579 1498 2617 non
1562 2580 1624 2620 ea
1675 2576 1881 2623 tantum
1930 2584 2093 2637 quam
2148 2571 2300 2640 prius
2366 2573 2630 2637 diximus,
2694 2576 2839 2642 quod
2902 2576 3187 2632 inconfuse
3226 2580 3277 2633 in
3327 2588 3437 2634 tres
3477 2579 3747 2635 Personas
3792 2581 3937 2635 indi-

666 2653 827 2708 vidua
875 2653 1213 2723 simplexque
1272 2666 1475 2713 natura
1531 2658 1711 2712 divina
1775 2659 2086 2727 dividatur,
2153 2677 2338 2717 verum
2399 2666 2565 2719 etiam
2621 2667 2801 2721 Patris
2858 2668 3041 2735 notio,
3092 2669 3301 2725 scilicet
3373 2672 3548 2727 activa
3611 2672 3705 2725 Dei
3763 2686 3935 2741 gene-

668 2747 826 2810 ratio,
852 2761 975 2801 cum
1005 2746 1126 2803 aliis
1154 2763 1263 2801 non
1322 2760 1698 2805 convertatur.
1762 2752 1925 2807 Pater
1969 2757 2113 2809 enim
2166 2756 2313 2812 solus
2351 2756 2471 2814 fons
2520 2772 2605 2814 est
2650 2764 3125 2829 superessentialis
3153 2764 3402 2827 Deitatis.
3445 2764 3684 2834 qnalibet
3726 2766 3939 2821 divina-

666 2856 784 2895 rum
839 2837 1204 2893 Personarum
1266 2842 1621 2908 proprietatis
1678 2858 1787 2897 sua:
1832 2843 2027 2900 laudes
2076 2845 2325 2915 religiose
2375 2850 2856 2905 conservantibus.
2904 2850 3047 2907 Ecce
3104 2855 3270 2907 etiam
3323 2855 3487 2911 aliam
3528 2856 3935 2919 distinctionem

667 2936 965 2987 secundum
1007 2949 1184 3003 quam,
1204 2934 1367 2991 Pater
1409 2938 1477 2990 ab
1527 2937 1734 2995 effectis
1763 2938 1887 2993 Filii
1922 2949 1978 2995 et
2011 2939 2248 3011 Spiritus
2282 2945 2457 3001 sancti
2483 2945 2856 3015 distinguitur.
2890 2944 2982 3000 lla'
3009 2948 3228 3016 quidem
3276 2960 3404 3004 sunt
3437 2951 3666 3006 uniones
3698 2963 3755 3006 et
3816 2930 3934 3011 dis-

667 3026 955 3080 tinctiones
984 3027 1041 3080 in
1068 3026 1158 3082 illa
1184 3028 1438 3085 ineffabili
1473 3031 1675 3087 unione
1698 3032 1958 3086 naturali.

736 3121 763 3191 ς
801 3118 861 3171 ν.
901 3119 994 3174 Est
1030 3123 1193 3174 etiam
1221 3122 1518 3177 secundum
1552 3122 1601 3177 al
1632 3139 1716 3177 am
1762 3124 2031 3178 rationem
2060 3123 2241 3179 divina

2417 3120 2446 3193 ς
2474 3121 2535 3175 ν.
2573 3122 2730 3174 Ἐστι
2760 3122 2853 3175 καὶ
2883 3121 3005 3176 κιιτ⁶
3035 3121 3192 3178 ἄλλον
3220 3104 3375 3191 λόγον
3417 3123 3537 3179 Θεία
3575 3127 3870 3203 διάκρισις,
3902 3131 3937 3202 ἡ

666 3211 964 3278 distinctio,
1007 3212 1096 3267 illa
1141 3212 1235 3267 Dei
1277 3224 1501 3283 propter
1540 3213 1929 3269 abundantiam
1980 3214 2241 3271 benitatis

2351 3214 2431 3269 Sui
2456 3213 2658 3283 πλῆθος
2684 3212 3019 3285 ὰγαθότητος
3046 3214 3271 3285 πρόοδος
3310 3214 3404 3269 τοῦ
3445 3216 3581 3270 Θεοῦ
3608 3220 3688 3281 είς
3712 3221 3812 3291 τὴν
3842 3237 3939 3273 ποι

664 3305 936 3358 emanatio
968 3304 1033 3357 ad
1064 3304 1387 3373 multiplices
1421 3316 1531 3361 tam
1591 3307 1884 3364 invnsibilis
1914 3323 2077 3376 quam
2115 3309 2243 3363 visi-

666 3394 788 3449 bilis
819 3405 1087 3450 creaturae
1119 3394 1345 3450 formas.
1382 3394 1551 3451 Porro
1599 3397 1957 3467 providentia
1996 3398 2241 3468 benigni-

668 3495 915 3555 tatesque
951 3488 1271 3552 creatiouis,
1305 3490 1461 3547 trinae
1503 3490 1695 3544 unitati
1738 3499 1865 3546 sunt
1908 3505 2241 3549 communes.

669 3576 743 3631 Ne
769 3580 973 3649 itaque,
1002 3596 1119 3635 cum
1146 3582 1329 3636 audies
1355 3583 1787 3647 distinctionem,
1818 3584 2242 3649 existimaveris,

668 3671 759 3723 nni
816 3687 1030 3741 quoque
1098 3671 1357 3728 Personae
1420 3676 1580 3729 alicui
1649 3676 1878 3729 seorsim
1934 3687 2245 3745 competere

670 3762 1002 3816 creationem
1052 3764 1539 3830 providentiamve,
1582 3766 1677 3820 sed
1736 3764 2107 3824 distinctiones
2150 3782 2245 3836 ap-

667 3852 892 3920 pellavit
941 3856 1320 3909 eiiianationes
1386 3857 1681 3910 creationis
1734 3872 1800 3911 ac
1865 3858 2245 3927 providentiae,

672 3952 929 4011 tanquam
960 3944 1257 4001 effusiones
1295 3947 1553 4002 bonitatis
1580 3962 1611 4002 ι
1666 3949 1819 4001 beata
1868 3958 1925 4003 et
1964 3949 2245 4005 inconfusa

670 4036 941 4093 Trinitate
972 4040 1283 4100 distinctas.
1314 4042 1609 4095 secundum
1636 4056 1772 4111 quas
1811 4060 1840 4095 a
1882 4043 2245 4110 participatis,

671 4128 883 4181 scilicet
914 4131 1094 4195 dUttlS,
1127 4138 1181 4185 et
1222 4133 1703 4200 parucipantibus,
1758 4134 1969 4187 scilicet
2018 4131 2247 4196 effectis,

672 4225 963 4277 laudantur
991 4240 1053 4278 ea
1094 4242 1212 4294 qua:
1259 4226 1656 4295 imparticipate
1682 4225 2102 4294 participantur.
2143 4225 2247 4278 lm—

672 4320 995 4387 participate
1034 4331 1214 4372 autem
1249 4320 1607 4387 participatur
1636 4322 1797 4381 Deus,
1830 4317 1989 4388 335
2028 4320 2119 4388 qui
2158 4334 2251 4372 na-

673 4419 791 4461 tura
822 4424 914 4462 sua
947 4411 997 4462 in
1027 4410 1201 4463 tribus
1233 4411 1481 4469 subsistit
1525 4407 1815 4473 Personis;
1845 4412 2111 4478 siquidem
2148 4412 2250 4465 lioc

2342 3306 2578 3371 λυειδίαν
2618 3306 2716 3376 τῆς
2766 3305 3127 3377 δημιουργίας
3162 3307 3263 3376 τῆς
3300 3308 3937 3381 ἀοράτουῖκαὶορατῆς.

2344 3400 2537 3453 Κοιναὶ
2562 3398 2620 3452 δέ
2648 3400 2753 3450 εἱσι
2792 3397 2894 3467 τῆς
2918 3399 3348 3469 τρισυποστάτου
3384 3400 3571 3465 ἑνάδος
3600 3403 3656 3454 αἱ
3680 3401 3939 3473 δημιουρ.

2345 3491 2499 3558 γικαὶ
2524 3489 2771 3559 πρόνοιαί
2802 3506 2866 3541 τε
2895 3488 2989 3541 καὶ
3018 3488 3370 3559 ἀγαθότητες.
3414 3488 3505 3560 Μὴ
3532 3490 3661 3558 γοῦν
3695 3490 3939 3562 ἀκούσῃς

2346 3581 2634 3650 διάκρισιν,
2666 3582 2755 3632 καὶ
2791 3579 3038 3651 νομίσῃς,
3067 3580 3147 3632 ὅτι
3170 3578 3597 3649 διακεκριμένως
3638 3578 3735 3649 μία
3774 3578 3940 3631 Ὑπό-

2350 3688 2538 3734 στασις
2588 3671 2699 3741 εχει
2744 3670 2840 3740 τὴν
2877 3670 3235 3741 δημιουργίαν
3278 3669 3451 3740 ἢ.τὴν
3494 3669 3768 3740 πρόνοιαν·
3798 3661 3938 3725 ἀλλὰ

2348 3762 2644 3834 διακρίσεις
2672 3757 2823 3814 εἷπον
2844 3761 2941 3825 τὰς
2968 3762 3225 3833 προόδους
3239 3761 3338 3831 τῆς
3352 3761 3708 3833 δημιουργίας
3730 3765 3938 3837 καὶτῆς

2350 3854 2623 3925 προνοίας,
2655 3852 2729 3915 ὥς
2754 3870 2905 3916 τινας
2930 3852 3116 3923 χύσεις
3153 3852 3485 3927 ἀγαθότητος
3512 3851 3937 3922 διακεκριμένας

2350 3945 2457 3997 ἀπὸ
2478 3943 2579 4013 τῆς
2608 3944 2878 4016 μακαρίας
2906 3944 3000 3996 καὶ
3023 3943 3327 4013 ἁσυγχύτου
3360 3942 3605 4012 Τριάδος,
3635 3942 3754 4009 καθέ
3780 3944 3847 4010 ἃς
3874 3946 3938 3997 ὲκ

2350 4034 2456 4087 τῶν
2478 4034 2744 4105 μετοχῶν,
2763 4033 3005 4102 δηλονότι
3028 4032 3135 4088 τῶν
3163 4030 3400 4102 δωρεῶν,
3430 4032 3523 4085 καὶ
3546 4030 3653 4083 τῶν
3684 4033 3936 4104 μετεχόν-

2350 4144 2479 4189 των,
2508 4125 2615 4177 τῶν
2645 4125 2905 4195 αἰτιατῶν
2924 4124 3163 4194 δηλονότι
3186 4165 3199 4185 ,
3232 4125 3481 4194 ὑμνεῖται
3522 4122 3589 4175 τὰ
3615 4123 3934 4192 ὰμεΘέκτως

2355 4209 2708 4290 μετεχόμενα.
2736 4218 3108 4287 Μετεχόμενον
3136 4216 3190 4268 δέ
3218 4218 3362 4269 ἐστιν
3383 4214 3699 4285 ἀμεθέκτως
3722 4217 3757 4284 ἡ
3782 4232 3936 4285 τρισ-

2352 4313 2651 4375 υπόστατος
2695 4310 2852 4380 φύσις
2891 4312 2920 4361 ὁ
2963 4308 3092 4379 Θεὸς
3116 4348 3130 4373 ,
3171 4310 3264 4360 καὶ
3303 4306 3461 4359 τοῦτο
3502 4310 3617 4390 γὰρ
3661 4308 3837 4361 κοινὸν
3864 4309 3931 4377 τῇ

2352 4405 2447 4475 ὅλῃ
2475 4404 2707 4474 Θεότητι,
2740 4402 2799 4455 τὸ
2843 4402 3021 4455 πᾶσαν
3063 4399 3231 4471 αὐτὴν
3270 4400 3402 4469 ὃλην
3443 4400 3533 4468 ὑφ’
3565 4400 3794 4452 ἑκάστου
3824 4399 3934 4452 τῶν

676 4501 767 4551 toti
803 4500 1072 4555 divinitati
1106 4516 1390 4555 commune
1440 4510 1544 4568 est,
1585 4516 1802 4554 omnem
1860 4504 2031 4570 ipsam
2077 4512 2241 4555 totam

2354 4496 2684 4567 μετεχόντων
2710 4493 3028 4565 μετέχεσθαι
3053 4532 3067 4557 ,
3108 4495 3201 4557 καὶ
3230 4493 3330 4557 οὐκ
3368 4493 3426 4543 ἐν
3459 4491 3611 4561 μέρει
3633 4492 3724 4553 ,εί
3752 4493 3843 4543 καὶ
3864 4490 3935 4544 τὰ

672 4605 700 4641 a
742 4590 985 4657 quolibet
1038 4593 1478 4660 participantium
1532 4593 1872 4663 participari,
1922 4602 1976 4647 et
2030 4608 2136 4651 non
2196 4596 2246 4647 in

672 4694 854 4747 parte,
921 4684 1139 4735 tametsi
1196 4683 1589 4752 participantia
1630 4684 1925 4737 secundum
1977 4685 2250 4753 propriam

664 4770 979 4825 facultatem
1024 4788 1142 4827 eam
1187 4774 1543 4844 participem,
1582 4774 2034 4844 quemadmodum
2076 4775 2250 4827 valida

672 4880 805 4919 voce
836 4868 1097 4928 excitata,
1138 4881 1433 4935 praesentes
1477 4885 1670 4924 omnes
1718 4886 1816 4939 pro
1850 4870 2112 4925 facultate
2150 4886 2246 4925 sua

673 4962 917 5013 eamdem
966 4963 1294 5029 percipiunt,
1326 4972 1379 5015 et
1422 4964 1523 5027 vir,
1551 4973 1607 5017 et
1637 4978 1795 5031 puer,
1827 4975 1879 5019 et
1920 4966 2077 5019 bruta
2106 4984 2118 5018 :
2155 4970 2251 5021 sed

676 5050 748 5103 illi
785 5052 999 5119 quidem
1044 5053 1335 5116 valentius,
1359 5053 1410 5107 hi
1442 5069 1569 5107 vero
1606 5056 1914 5118 remissius,
1944 5057 2244 5110 secundum

677 5138 951 5193 facultatis
997 5142 1251 5195 audiendi
1298 5139 1622 5197 efﬁcaciam.
1676 5146 1854 5212 Atque
1881 5150 2253 5200 communica-

673 5226 796 5279 bilis
828 5235 909 5279 est
942 5241 1063 5291 vox,
1110 5236 1162 5281 et
1210 5229 1263 5281 in
1303 5242 1362 5281 se
1394 5230 1505 5297 ipsa
1552 5230 2085 5287 inconununicabilis
2140 5248 2249 5285 ma-

678 5332 827 5371 nens.
895 5319 1010 5381 Vel,
1060 5321 1214 5388 juxta
1262 5321 1506 5389 exempla
1568 5325 1862 5392 proposita,
1907 5325 2049 5378 sicut
2097 5325 2253 5379 lincze

676 5421 824 5463 recte
867 5424 895 5465 a
934 5410 1374 5469 circumferentia
1428 5424 1615 5467 centro
1675 5416 1866 5470 circuli
1925 5415 2253 5480 incidentes,

674 5502 807 5558 illud
843 5504 1049 5574 integre
1092 5506 1440 5575 participant,
1474 5506 1529 5561 et
1566 5524 1671 5561 non
1704 5525 1770 5563 ex
1796 5522 1969 5578 parte,
1997 5511 2251 5579 quoniam

678 5607 955 5665 punctum,
990 5597 1134 5666 quod
1162 5606 1217 5652 et
1242 5607 1487 5653 centrum
1516 5611 1621 5665 est,
1646 5611 1801 5668 parte
1827 5610 2011 5667 caret;
2045 5612 2100 5657 et
2138 5601 2253 5657 sic-

679 5700 737 5742 ut
776 5705 836 5743 ea
880 5704 998 5757 qua:
1033 5705 1291 5758 expressa
1329 5700 1452 5745 sunt
1505 5694 1743 5747 totaliter
1782 5703 1833 5749 ct
1862 5710 1965 5749 non
2005 5710 2069 5747 cx
2102 5706 2255 5762 parte

680 5774 912 5850 sigillum
962 5784 1305 5853 participant.
1357 5782 1492 5839 Dum
1535 5797 1709 5839 autem
1752 5787 1992 5856 exempla
2024 5786 2249 5855 profert,

2355 4589 2646 4659 μετέχοντα
2668 4586 2803 4640 κατὰ
2824 4587 2921 4656 τὴν
2942 4580 3147 4649 οἰκείαν
3172 4585 3459 4655 μετέχουσι
3480 4582 3724 4653 δύναμιν,
3743 4581 3933 4653 ὥσπερ

2352 4678 2532 4749 φωνῆς
2566 4678 2805 4749 μεγάλης
2836 4676 3131 4747 γενομένης
3163 4675 3401 4736 ἅπαντες
3423 4672 3737 4743 μετέχουσιν
3758 4674 3805 4723 oi
3828 4688 3933 4723 ται-

2356 4770 2537 4839 ρόντες
2562 4770 2700 4823 κατὰ
2726 4770 2821 4839 τὴν
2856 4769 3061 4821 οἰκείαν
3095 4766 3322 4837 δύναμιν
3344 4806 3358 4829 ,
3392 4766 3483 4818 καὶ
3514 4764 3671 4834 ἀνὴρ,
3707 4762 3798 4815 καὶ
3836 4764 3933 4833 νή-

2354 4879 2475 4915 πιον
2496 4904 2508 4927 ,
2540 4864 2633 4915 xal.
2657 4856 2842 4929 ἄλογα·
2883 4861 2996 4913 ἀλλ’
3040 4863 3088 4913 οἰ
3126 4862 3226 4930 μὲν
3262 4860 3757 4931 ἐρρωμενέστερον,
3790 4860 3838 4910 οἱ
3874 4858 3931 4912 δὲ

2354 4957 2720 5028 ἀμυδρότερον
2749 4957 2886 5027 πρὸς
2910 4955 3006 5026 τὴν
3028 4954 3124 5023 τῆς
3147 4955 3475 5024 ἀκουστικῆς
3501 4955 3800 5024 ἐνέργειαν.
3822 4955 3933 5007 Καὶ

2355 5049 2468 5101 ἐστι
2491 5048 2782 5119 μεΟεκτικὴ
2799 5051 2830 5118 ὴ
2850 5049 3018 5118 φωνὴ,
3038 5048 3118 5115 ἐφ’
3137 5048 3334 5117 ἑαυτῆς
3351 5045 3648 5115 ἀμέθεκτος
3673 5048 3927 5116 μένουσα.

2355 5142 2447 5202 Ἥ,
2478 5144 2620 5195 κατὰ
2639 5140 2705 5193 τὰ
2732 5141 3065 5209 ὑποκείμενα
3093 5139 3509 5208 παραδείγματα
3532 5178 3545 5201 ,
3589 5138 3778 5207 ὥσπερ
3811 5137 3933 5189 κένι-

2353 5248 2482 5302 τρου
2509 5224 2706 5284 κύκλου
2736 5235 2791 5285 al
2829 5232 2935 5284 ἀπὸ
2966 5231 3066 5299 τῆς
3106 5229 3452 5301 περιφερείας
3496 5230 3930 5301 προσπίπτουσαι

2357 5327 2560 5380 εὐθεῖαι
2599 5326 2733 5395 πρὸς
2770 5324 2925 5377 τοῦτο
2949 5323 3141 5385 ὑλικῶς
3166 5322 3468 5395 μετέχουσι,
3494 5323 3585 5375 καὶ
3604 5322 3704 5374 οὐκ
3732 5322 3797 5374 ἐν
3831 5322 3928 5393 μέ-

2361 5437 2459 5492 ρει·
2488 5418 2692 5489 ἀμερὲς
2717 5417 2825 5487 γὰρ
2847 5417 2905 5469 τὸ
2930 5419 3170 5487 σημεῖον,
3196 5416 3224 5469 ὃ
3245 5416 3307 5485 δὴ
3339 5418 3432 5468 καὶ
3451 5415 3510 5466 τὺ
3538 5414 3762 5485 κέντρον
3789 5413 3923 5467 ὲστί·

2357 5510 2451 5562 καὶ
2489 5508 2675 5578 ὥσπερ
2695 5507 2761 5559 τὰ
2801 5507 3169 5577 ὲκτυπώματα
3191 5506 3407 5569 ὁλικῶς,
3444 5505 3535 5556 καὶ
3565 5505 3665 5558 οὐκ
3689 5507 3745 5558 ὲν
3774 5506 3930 5577 μέρει

2355 5603 2453 5672 τῆς
2477 5601 2765 5671 σφραγῖδος
2790 5601 3124 5670 μετέχουσιν.
3146 5598 3330 5651 Εἰπὼν
3347 5598 3403 5650 δὲ
3421 5597 3487 5649 τὰ
3508 5598 3929 5667 παραδείγματα

2359 5694 2759 5767 ὑπερκειμένην
2794 5694 3031 5745 δείκνυσι
3060 5692 3196 5764 πρὸς
3225 5692 3395 5743 ταῦτα
3422 5689 3518 5759 τὴν
3543 5688 3641 5759 τῆς
3679 5690 3928 5759 Θεότητος

2360 5787 2668 5858 ἁμεθεξὶανο
2698 5786 2829 5839 διότι
2854 5784 2975 5837 οὕτε
3009 5784 3187 5853 ἐπαφὴ
3217 5784 3384 5852 αὐτῆς
3412 5783 3578 5848 ἐστιν,
3608 5782 3683 5845 ῶς
3718 5783 3809 5835 ἐπὶ
3834 5781 3927 5837 τοῦ
