4178 6312
775 367 863 422 DE
894 365 1146 424 DIVINIS
1193 366 1586 434 NOMINI‘BUS,
1623 359 1776 425 CAP.
1812 369 1878 424 Il.
1919 399 1986 411 -
2033 364 2382 424 PARAPH‘B.
2423 363 2892 424 PACHYMERAE.
3353 368 3457 424 670

198 465 598 559 anpslw'btits
617 483 752 554 ἄλλη
768 502 850 551 τις
868 485 1143 558 συμμιγὴς
1160 486 1410 541 κοινωνία
1427 485 1560 557 πρὸς
1573 485 1641 539 τὰ
1664 502 1759 557 μετ

1887 482 2134 541 declarat
2179 483 2478 540 divinitatis
2529 481 3136 552 imparticipaiiilitatem
3179 481 3295 544 [nec
3342 483 3454 553 ipsa

192 575 426 647 έχοντα,
454 577 544 648 ,ὡς
574 577 687 630 ἐστι
722 578 820 649 τῆς
858 578 1166 648 σφραγῖδος·
1215 578 1335 632 κατ’
1372 578 1557 635 οὐσίαν
1599 577 1708 648 γὰρ
1743 580 1759 630 'i

1882 584 2172 646 superare;
2219 575 2475 646 quoniam
2517 587 2698 643 neque
2729 583 2906 630 tactus
2940 575 3060 646 ejus
3089 585 3195 638 est.
3230 577 3371 631 sicut
3401 575 3454 630 iu

195 666 395 743 θεότης
416 671 474 724 οὐ
503 670 825 744 μετέχεται,
843 669 1136 742 μεθεκτικὴ
1164 670 1222 724 δέ
1244 671 1391 733 ἐστιν
1413 671 1487 724 ὲνῗ
1499 669 1576 740 τῷ
1590 670 1651 734 ἐξ
1683 669 1759 722 air

1880 677 2101 737 puneto,
2137 684 2314 738 neque
2359 667 2466 722 alia
2515 665 2723 736 quaevis
2773 667 2928 720 nn'sta
2978 669 3286 722 communio
3333 683 3454 722 cunt

190 759 463 833 τῆς-εἷναι
492 761 562 815 τὰ
585 763 781 826 πάντα,
805 748 913 816 καῖ
935 763 1027 816 ὑπ’
1056 763 1228 833 αὐτῆς
1267 761 1585 833 συνέχεσθαι
1618 763 1697 826 είς
1718 760 1759 814 τί

1879 759 2258 827 participante,
2292 768 2350 812 ut
2388 761 2441 812 in
2475 757 2686 828 sigillo;
2722 771 2845 811 nam
2877 757 3130 814 divinitas
3157 760 3452 814 secundum

190 849 363 909 ditat;

263 1111 292 1183 ᾗ
317 1093 404 1165 Vl.
423 1112 618 1166 Καίτοι
636 1112 766 1184 φαίη
786 1128 891 1176 τις,
905 1112 980 1176 ὡς
995 1113 1094 1167 οὐκ
1107 1111 1297 1182 ἐστινὴ
1319 1113 1550 1184 σφραγὶς
1563 1113 1620 1164 ὲν
1635 1108 1776 1174 ὅλοις

187 1193 310 1266 τοῖς
331 1203 646 1280 ὲκμαγείσις
667 1205 700 1274 ἡ
724 1204 882 1280 αὐτή·
907 1201 1010 1259 ποῦ
1031 1203 1127 1274 μὲν
1151 1203 1258 1276 γὰρ
1278 1203 1519 1276 ἀκριϐῶς
1542 1203 1773 1273 ἐγκεχά-

190 1288 419 1368 ῥακται,
443 1295 546 1349 ποῦ
573 1279 632 1350 δὲ
657 1297 911 1368 μετρίως·
938 1297 1032 1350 καὶ
1066 1296 1211 1365 λέγει
1237 1295 1378 1349 λύων
1406 1298 1435 1349 ὁ
1459 1295 1666 1364 Ἄγιος,
1687 1295 1770 1375 «ὅτι

185 1389 356 1442 τοῦτο
382 1379 582 1460 μᾶλλόν
599 1392 722 1463 ,ἐστι
748 1389 1116 1460 παρατατικὸν
1143 1388 1252 1442 τῶν
1273 1389 1602 1460 λεγομένων,
1629 1389 1711 1442 ὅτι
1737 1392 1770 1460 ἡ

189 1483 298 1550 μὲν
328 1484 623 1553 σφραγὶςή
648 1481 784 1552 αὐτή
811 1482 978 1534 ἐστιν·
1009 1482 1042 1551 ὴ
1067 1481 1124 1534 δὲ
1148 1480 1256 1534 τῶν
1287 1480 1617 1551 μετεχόντων
1651 1480 1770 1534 δια-

183 1573 341 1644 φορὰ
381 1573 612 1642 ἀνόμοια
660 1573 802 1624 ποιεῖ
839 1571 907 1625 τὰ
948 1570 1316 1642 ὲκτυπώματα
1351 1571 1450 1642 τῆς
1485 1571 1651 1642 αὐτῆς
1677 1572 1772 1630 καὶ

187 1665 328 1740 μιᾷς
363 1663 716 1742 ἀρχετυτιίας·
760 1658 870 1716 οἷον
901 1653 949 1716 ει
975 1663 1139 1727 ἁπλᾶ,
1169 1664 1261 1716 καὶ
1281 1661 1587 1726 εὑτύπωτα,
1616 1662 1649 1733 ἢ
1676 1663 1771 1723 καὶ

182 1745 312 1808 λεῖα
336 1756 430 1808 καὶ
459 1755 744 1826 ἀχάρακτα
767 1754 874 1807 ἀπὸ
903 1753 1076 1809 ἄλλων
1103 1752 1574 1824 προηγησαμένων
1599 1768 1770 1822 χαρα-

1879 849 2235 904 substantiam
2265 865 2371 903 non
2409 850 2794 918 participatur,
2841 849 2935 904 sed
2981 857 3064 904 est
3092 850 3452 921 participans,

1879 934 2216 1010 in'quant‘um
2247 955 2318 994 ex
2347 955 2412 995 ea
2441 950 2566 995 sunt
2597 941 2776 996 omnia
2808 949 2864 996 et
2898 943 3106 1013 ab‘ipsa
3131 943 3182 997 in
3208 958 3304 998 suo
3330 959 3452 1000 esse

1876 1031 2246 1086 continemur.

1944 1121 1979 1194 ς
2005 1121 2092 1178 Vl.
2121 1122 2349 1178 Atdicet
2368 1122 2588 1194 aliquis,
2610 1125 2841 1197 sigillum
2866 1125 2920 1180 in
2944 1125 3072 1182 lotis
3091 1127 3365 1197 espressis
3386 1127 3452 1182 ii-

1875 1213 2026 1285 guris
2061 1229 2170 1270 non
2201 1229 2320 1270 esse
2359 1214 2534 1282 idem;
2577 1217 2903 1287 quandoque
2945 1219 3090 1274 enim
3131 1224 3321 1275 exacte
3355 1229 3452 1275 ex-

1874 1310 2122 1371 pressum
2153 1312 2257 1372 est,
2291 1306 2616 1378 quandoque
2647 1323 2781 1365 vero
2822 1311 3205 1379 mediocriter;
3266 1313 3451 1382 aitque

1873 1410 2103 1456 sanctus
2146 1400 2311 1466 Pater
2356 1403 2410 1458 id
2446 1404 2683 1466 solvens,
2727 1403 2900 1474 magis
2938 1418 2999 1459 ea
3047 1417 3168 1474 quae
3195 1407 3451 1461 dicuntur

1872 1490 2230 1558 continuare;
2262 1484 2518 1561 quoniam
2546 1496 2784 1566 sigillum
2828 1496 2972 1551 idem
3002 1505 3105 1560 est,
3145 1499 3237 1552 sed
3264 1497 3449 1550 diver-

1873 1580 2010 1639 sitas
2038 1582 2592 1650 communicanliutii,
2619 1588 2779 1642 unius
2801 1601 2865 1642 ac
2893 1585 3136 1656 ejusdem
3155 1586 3448 1656 prim“.th

1874 1673 2082 1738 formae,
2137 1676 2432 1733 dissimiles
2488 1679 2666 1743 reddit
2699 1677 2946 1750 efﬁgies:
2996 1689 3054 1734 ut
3085 1680 3128 1734 si
3180 1679 3447 1748 simplicia

1873 1764 2224 1836 formaluque
2247 1767 2452 1833 facilia,
2476 1769 2559 1824 vel
2585 1771 2751 1825 etiam
2784 1770 2994 1840 mollia,
3035 1772 3264 1842 aliisque
3304 1770 3447 1841 ligu-

182 1847 296 1919 κτή
305 1863 431 1918 ρων,
455 1848 547 1900 καὶ
564 1849 700 1918 μήτε
725 1845 931 1919 σκληρὰ
951 1849 1045 1901 καὶ
1059 1845 1348 1909 ἀντίτυπα,
1372 1845 1448 1908 ὡς
1467 1843 1759 1914 κατεσκλη-

1870 1861 1946 1914 ris
1982 1873 2047 1915 ac
2107 1858 2300 1916 formis
2336 1862 2604 1927 carentia,
2651 1878 2772 1934 quae
2809 1877 2985 1933 neque
3029 1863 3162 1918 dura
3191 1864 3323 1930 sint,
3358 1879 3450 1918 ne-

183 1935 306 2001 κὼς
331 1939 521 2009 κηρὸς,
567 1939 702 2009 μήτε
746 1939 904 1992 πάλιν
927 1938 1236 2008 εὐδιάχυτα,
1264 1936 1340 2000 ὡς
1365 1935 1771 2006 κατατετηγμέ-

178 2047 281 2095 νος
300 2034 366 2101 τῇ
399 2029 594 2102 Θέρμῃ,
622 2029 859 2103 καθαρὸν
882 2030 993 2097 ἕξει
1017 2021 1110 2082 τὸν
1131 2029 1318 2082 τύπον·
1350 2029 1398 2081 εί
1426 2015 1483 2081 δέ
1517 2045 1571 2081 τι
1600 2027 1770 2083 ἐλλεί-

181 2135 305 2182 πι,
331 2117 490 2186 τοῦτο
513 2119 684 2173 αἴτιον
707 2120 739 2190 ἢ
761 2119 853 2172 τοῦ
878 2118 1140 2194 ᾁσαφοῦς,
1165 2118 1198 2190 ἢ
1226 2118 1319 2171 τοῦ
1347 2118 1770 2190 παρακεκομμέ-

177 2210 363 2280 νου,“ῆ
382 2226 524 2274 τινος
551 2209 736 2277 ἄλλου,
759 2211 858 2285 ὅσα
877 2209 1257 2285 ὲπισυμβαίνει
1280 2210 1368 2264 διὰ
1393 2209 1492 2281 τὴν
1511 2208 1620 2263 τῶν
1642 2225 1768 2280 μετα

177 2299 420 2371 εχύντων
457 2301 954 2372 ἁνεπιτηδειότητα.
995 2300 1193 2354 Σκόπει
1232 2301 1324 2354 καὶ
1375 2301 1566 2371 ἑτέραν
1617 2299 1766 2353 θείαν

175 2388 458 2460 διάκρισιν
483 2393 579 2463 τὴν
619 2394 717 2464 τῆς
749 2380 1211 2465 ἐνανθρωπήσεως
1247 2393 1341 2446 τοῦ
1365 2393 1560 2462 Λόγου,
1587 2394 1764 2449 καὶτὸ

176 2481 382 2553 δρᾶσαι
405 2483 499 2536 καὶ
533 2483 746 2548 παθεῖν,
788 2486 888 2538 ὅσα
909 2485 984 2548 ὡς
1012 2484 1294 2556 ἄνθρωπος
1320 2487 1414 2540 καὶ
1439 2487 1631 2557 ἔδρασε
1671 2486 1766 2540 καὶ

176 2571 356 2625 ἐπαθε
384 2573 670 2647 θαυμαπᾲ
695 2575 786 2628 καὶ
811 2573 1106 2646 παράδοξα·
1147 2575 1356 2640 τούτοις
1381 2575 1490 2648 γὰρ
1521 2577 1550 2629 ὀ
1577 2575 1765 2648 Πατὴρ

177 2665 283 2737 καλ.
302 2665 362 2718 τὸ
379 2666 601 2737 Πνεῦμα
616 2667 675 2720 οὐ
697 2668 1174 2738 κεκοινωνήκασιν
1200 2672 1246 2722 εἰ
1267 2670 1339 2741 μή
1364 2687 1448 2733 τις
1464 2669 1608 2723 εἴποι
1625 2668 1763 2723 κατὰ

175 2755 284 2826 τὴν
307 2756 681 2828 φιλάνθρωπον
703 2757 950 2811 εὐδοκίαν
976 2761 1069 2834 καὶ
1103 2758 1383 2830 βούλησιν,
1420 2761 1515 2815 καὶ
1539 2760 1676 2816 κατά
1702 2760 1762 2813 τὸ

179 2843 612 2920 συνεργάζεσθαι
634 2849 711 2920 τῷ
726 2849 840 2921 Υἱῷ
859 2843 958 2924 τὰς
974 2851 1317 2922 θεοσημείας.
1346 2850 1499 2905 Οὕτω
1519 2851 1646 2921 γοῦν
1669 2851 1764 2905 καὶ

178 2926 346 3023 ἡμεῖς
386 2934 572 3006 καθὼς
606 2932 675 3016 τὰ
715 2932 836 3023 θεῖα
878 2943 1088 3013 ἔχουσιν
1108 2942 1364 3014 ἀληθείας
1388 2944 1483 2996 καὶ
1525 2942 1758 3012 φύσεως,

178 3021 276 3091 καὶ
303 3035 457 3091 ἑνοῦν
478 3034 556 3108 τῷ
580 3037 723 3107 λόγῳ
746 3021 837 3092 καὶ
861 3039 1158 3109 διακρίνειν
1186 3038 1511 3094 σπεύδομεν.

251 3333 283 3406 §
324 3333 431 3388 VII.
479 3334 636 3389 Ἀλλὰ
658 3337 862 3388 τούτων
889 3335 987 3407 μὲν
1011 3334 1119 3389 τῶν
1145 3333 1388 3397 ένώσεων
1426 3334 1520 3388 καὶ
1542 3333 1757 3405 διακρί-

178 3444 320 3482 σεων
345 3427 474 3490 ὅσας
499 3427 675 3490 αίτίας
700 3425 1024 3498 θεοπρεπεῖς
1049 3429 1108 3480 ὲν
1145 3429 1264 3489 ταῖς
1307 3427 1476 3497 ἱεραῖς
1517 3425 1758 3496 Γραφαίς

177 3519 514 3591 εὑρήκαμεν,
542 3520 600 3572 ὲν
627 3518 802 3582 ἄλλοις
841 3518 948 3588 ἰδίᾳ
970 3519 1116 3589 λπερὶ
1160 3520 1394 3589 ἑκάστης
1418 3518 1754 3588 διελάσομεν,

174 3610 246 3665 τὰ
273 3613 372 3682 μὲν
398 3609 796 3677 ἀναπτύξαντες
815 3653 829 3676 ,
858 3611 981 3665 νοῦν
1023 3610 1286 3665 ἀθόλωτον
1324 3608 1757 3681 προσαγαγόντες

173 3705 289 3766 τοῖς
325 3703 511 3771 φανοῖς
558 3705 842 3773 γραφικοῖς
883 3701 1165 3772 θεάμασιν,
1203 3700 1362 3771 (οὕτω
1403 3700 1511 3773 γὰρ
1548 3703 1576 3755 ὁ
1616 3701 1757 3772 ίερὺς

177 3792 512 3848 ἀναπτύσσει
539 3793 630 3844 καὶ
665 3791 953 3864 ἑρμηνεύει
991 3791 1160 3862 νοῦς·)
1197 3794 1308 3856 τοῖς
1346 3790 1402 3844 δὲ
1424 3831 1439 3856 ,
1466 3791 1542 3856 ὡς
1573 3808 1757 3862 μυστι-

176 3886 294 3947 κοῖς
319 3883 414 3936 καὶ
439 3883 578 3952 ὑπὲρ
605 3880 794 3953 νοερὰν
822 3881 1124 3952 ἐνέργειαν,
1167 3879 1476 3946 ἐνωθέντες,
1518 3881 1756 3952 δηλονότι

179 3977 306 4045 σιγῇ
337 3974 432 4027 καί
460 3972 807 4044 ἀκαταληψίᾳ
833 3974 1181 4045 τιμήσαντες·
1205 3973 1303 4026 οὑκ
1315 3972 1489 4037 ἄλλως
1513 3974 1620 4045 γὰρ
1643 3974 1756 4037 τοῖς

176 4069 441 4131 τοιούτοις
474 4065 751 4120 ἐπιϐάλλει
791 4068 818 4120 ὁ
859 4066 1001 4136 ἱερὸς
1042 4066 1166 4130 νοῦς
1205 4067 1237 4138 ἢ
1277 4066 1415 4120 κατὰ
1447 4067 1755 4121 ἀπόπαυσιν

179 4163 362 4232 πάσης
389 4165 653 4232 κινήσεως
670 4161 924 4231 νοητικῆς
947 4160 1056 4215 τῶν
1081 4160 1265 4216 ὄντων’
1289 4161 1445 4215 τοῦτο
1471 4162 1579 4233 γὰρ
1600 4163 1757 4234 δηλοί

176 4253 238 4306 τὸ
261 4251 415 4320 ὑπὲρ
439 4252 655 4320 γοερὰν
680 4251 1000 4320 ἐνέργειαν,
1020 4252 1291 4306 τουτέστιν
1312 4254 1437 4305 ὅταν
1455 4252 1532 4322 τῷ
1559 4254 1756 4306 ἀκατα-

177 4343 372 4416 λήπτῳ
397 4342 492 4396 τοῦ
521 4342 655 4395 Θεοῦ
679 4342 940 4396 πάντοθεν
966 4343 1286 4415 περισχεθῇ,
1315 4344 1433 4396 τότε
1475 4345 1755 4416 καταλαμ-

179 4436 333 4490 ϐάνει
361 4435 540 4500 ποσῶς
563 4435 625 4488 τὸ
649 4435 994 4508 ζητούμενον.
1021 4437 1205 4490 Πάντα
1242 4434 1350 4507 γὰρ
1384 4434 1452 4488 τὰ
1484 4429 1601 4488 θεῖα
1634 4437 1752 4490 ὀνό-

1869 1966 1975 2021 que
2021 1949 2369 2016 reluctantis,
2416 1962 2477 2008 ut
2509 1954 2784 2010 exsiccata
2828 1968 2992 2021 cera;
3029 1970 3206 2024 neque
3250 1959 3446 2010 iterum

1867 2042 2031 2110 lluxa,
2077 2053 2136 2097 ut
2174 2059 2298 2099 cera
2333 2059 2444 2115 pm
2490 2044 2678 2100 calore
2705 2044 3024 2115 liquefacta,
3054 2045 3282 2100 nitidam
3313 2045 3447 2117 ii'gu-

1868 2149 1984 2188 ram
2019 2133 2274 2190 habitura
2303 2145 2469 2201 sunt;
2493 2135 2576 2190 sin
2602 2143 2783 2190 autem
2814 2136 3032 2204 aliquid
3053 2136 3304 2202 defuerit,
3339 2137 3444 2194 hoc

1867 2240 2029 2281 causa
2058 2226 2162 2280 erit
2202 2225 2289 2280 vel
2337 2225 2712 2293 obscuritatis,
2752 2228 2836 2282 vel
2874 2227 3153 2286 falsitatis.
3181 2229 3265 2283 vel
3301 2229 3443 2284 alte-

1868 2318 1979 2372 rius
2007 2315 2273 2382 defectus,
2326 2321 2449 2387 qua!
2493 2329 2718 2388 propter
2762 2320 3180 2388 ineptitttdinem
3219 2322 3447 2389 partici-

1867 2408 2116 2480 pantium
2166 2409 2442 2474 accidunt.
2493 2409 2735 2475 Observa
2779 2411 2942 2466 etiam
3003 2409 3165 2465 aliam
3205 2412 3444 2468 divinam

1865 2499 2274 2561 distinctionem
2322 2498 2480 2561 Verbi
2511 2500 2779 2556 incamati
2814 2511 2922 2554 tam
2949 2501 3007 2555 in
3043 2503 3256 2573 agendo
3281 2504 3442 2572 quam

1865 2592 2119 2661 patiendo
2152 2588 2424 2648 mirabilia
2452 2593 2895 2663 etobstupenda,
2918 2607 3064 2663 quite,
3098 2596 3149 2647 in
3176 2608 3440 2665 quantum

1865 2684 2050 2751 homo,
2080 2695 2135 2739 et
2159 2687 2270 2755 egit
2299 2693 2354 2740 et
2386 2686 2638 2756 pertulit;
2672 2686 2755 2740 his
2779 2682 2926 2740 enim
2953 2695 3008 2741 et
3039 2685 3204 2741 Pater
3241 2697 3296 2742 et
3321 2683 3446 2757 Spi-

1865 2777 2004 2830 ritus
2039 2790 2143 2830 non
2187 2778 2678 2840 communicarunt,
2734 2778 2840 2833 nisi
2885 2775 3026 2833 forte
3059 2779 3184 2848 quis
3222 2779 3441 2844 dixerit,
3552 2843 3556 2848 _

1863 2865 2158 2918 secundum
2194 2864 2487 2935 benignum
2530 2865 2932 2935 beneplacitum
2982 2881 3046 2922 ac
3087 2867 3441 2936 voluntatem,

1860 2953 1994 3008 etin
2046 2955 2246 3010 divinis
2306 2957 2488 3026 signis
2521 2955 2660 3012 Filio
2707 2957 3070 3026 coeperando.
3103 2956 3211 3011 Nos
3260 2959 3443 3029 itaque

1859 3045 2113 3102 similiter
2136 3061 2224 3103 res
2249 3047 2465 3102 divinas
2500 3063 2757 3104 sermone
2783 3048 3114 3120 conjungere
3137 3051 3441 3121 distiugue-

1864 3137 2032 3207 reque
2067 3139 2386 3209 satagimus,
2429 3149 2594 3211 prout
2631 3153 2762 3195 vere
2809 3156 2874 3197 ac
2918 3143 3113 3199 natura
3147 3152 3246 3197 sua
3272 3141 3441 3196 unitas

1861 3239 1987 3284 sunt
2005 3244 2073 3284 ac
2099 3229 2385 3286 distincte.

1927 3321 2092 3394 336
2134 3320 2304 3394 5V“.
2346 3321 2451 3377 Sed
2496 3322 2688 3378 harum
2729 3323 2993 3378 unionum
3025 3332 3088 3379 ac
3133 3322 3438 3378 distinctio-

1860 3428 1987 3467 num
2035 3414 2389 3482 quascunque
2441 3412 2496 3466 in
2539 3414 2712 3468 sacris
2764 3413 2988 3470 Litteris
3043 3415 3280 3471 rationes
3325 3415 3438 3471 Deo

1859 3513 2262 3561 consentaneas
2319 3504 2644 3574 reperimus,
2690 3506 2821 3561 alibi
2871 3521 3118 3562 seorsum
3175 3508 3439 3578 explicui-

1857 3609 2002 3663 mus,
2050 3597 2250 3666 partim
2295 3598 2514 3668 quidem
2564 3608 2670 3653 eas.
2708 3597 3075 3668 enucleando,
3126 3616 3189 3657 ac
3243 3617 3436 3672 purum

1860 3684 2318 3757 tranquillumque
2362 3687 2606 3742 animum
2647 3701 2909 3758 perquam
2958 3689 3150 3746 lucidis
3193 3689 3438 3760 Scriptu-

1860 3791 2043 3836 rarum
2074 3779 2630 3848 contemplationibus
2667 3783 3007 3836 admovendo
3031 3782 3137 3850 (sic
3170 3783 3314 3836 enim
3339 3796 3436 3838 eas

1857 3885 2010 3926 mens
2039 3884 2194 3925 sacra
2219 3871 2454 3942 explicat
2475 3883 2532 3927 et
2573 3873 3014 3944 interpretatur);
3048 3876 3248 3944 partim
3282 3892 3431 3943 vero,
3491 3939 3497 3948 _

1857 3976 1954 4016 ceu
2009 3962 2287 4033 mysticis,
2355 3977 2518 4033 supra
2577 3965 2777 4019 mentis
2832 3965 2998 4019 etiam
3060 3968 3431 4036 operationem

1858 4051 2025 4116 uniti,
2073 4053 2293 4108 silentio
2350 4054 2558 4109 scilicet
2598 4065 2652 4110 et
2705 4056 3234 4126 incomprehensibili
3275 4062 3434 4115 modo

1859 4145 2115 4199 honorem
2154 4145 2496 4200 exhibentes.
2567 4145 2719 4201 Meus
2763 4148 2906 4201 enim
2940 4162 3093 4202 sacra
3139 4165 3245 4204 non
3275 4152 3434 4207 aliter

1858 4236 1924 4290 iis
1973 4237 2205 4290 intendit
2250 4251 2413 4305 quam
2448 4252 2544 4306 per
2573 4252 2794 4293 omnem
2833 4241 3192 4294 cessatiOnem
3227 4254 3428 4311 motus,

1855 4329 1942 4398 qui
1972 4331 2039 4384 ad
2085 4328 2468 4400 intelligendas
2508 4344 2594 4384 res
2646 4330 2816 4394 facit;
2861 4331 2965 4386 hoc
3006 4332 3150 4387 enim
3191 4333 3433 4390 declarat

1855 4419 1984 4475 illud
2037 4423 2181 4492 quod
2222 4423 2396 4486 dixit,
2423 4439 2582 4491 supra
2623 4423 2804 4477 mentis
2829 4421 3216 4493 operationem,
3245 4427 3296 4480 id
3346 4432 3432 4482 est

183 4544 347 4597 ματα,
375 4529 469 4580 καὶ
508 4528 607 4580 ὅσα
641 4530 770 4598 ἡμῖν
796 4528 1193 4600 πεφανέρωται,
1224 4530 1344 4591 ταῖς
1384 4530 1631 4598 μετοχαίς
1659 4529 1752 4599 μό-

1861 4515 2069 4584 quando
2099 4516 2338 4585 undique
2368 4516 2462 4572 Dei
2496 4517 3144 4585 incomprelteusibilitate
3179 4537 3428 4590 compre~

180 4636 299 4682 ναις
324 4617 713 4686 γινώσκονται,
755 4619 875 4672 καθ’
916 4620 980 4684 ἃς
1023 4619 1322 4690 μετέχομεν
1352 4618 1566 4688 ἁμιγῶς
1595 4621 1753 4690 ἡμεῖς

178 4708 273 4764 τοῦ
301 4709 455 4762 Θεοῦο
485 4711 549 4764 ὲκ
580 4712 687 4782 γὰρ
709 4711 816 4765 τῶν
835 4711 1075 4783 μετοχῶν
1099 4710 1206 4766 τῶν
1237 4710 1340 4763 ὑπὸ
1371 4710 1465 4763 τοῦ
1489 4710 1622 4763 Θεοῦ
1652 4711 1754 4765 δω-

183 4802 458 4874 ρουμένων
487 4805 615 4872 ἡμῖν
646 4805 737 4856 καί
772 4805 870 4868 τὰς
906 4805 1032 4874 περὶ
1069 4800 1204 4856 Θεοῦ
1246 4802 1538 4875 ὀνομασίας
1579 4804 1755 4857 ποιού-

181 4891 343 4962 μεθα.
372 4892 518 4944 Αὐτὰ
545 4891 599 4944 δὲ
632 4893 698 4945 τὰ
727 4893 846 4946 θεῖα
866 4893 1024 4947 ὁποῖά
1063 4895 1191 4946 ποτέ
1226 4895 1343 4945 ἐστι
1381 4891 1518 4945 κατὰ
1544 4891 1641 4963 τὴν
1677 4896 1754 4945 οἰ-

180 4985 337 5038 κείαν
358 4982 538 5059 φύσιν,
567 4985 706 5056 ὑπὲρ
729 4986 853 5040 νοῦν
878 4987 1177 5040 καὶνπᾶσαν
1215 4985 1402 5039 οὐσίαν
1438 4985 1606 5038 ἐστίν·
1642 4979 1751 5039 οἷον

178 5077 225 5129 ei
245 5073 356 5146 τὴν
391 5075 711 5147 ὑπερούσιον
733 5077 1089 5147 κρυφιὸτητα,
1115 5077 1207 5130 τὸν
1229 5075 1382 5140 Θεὸν,
1416 5074 1751 5146 ὀνομάζομεν

177 5167 209 5238 ἦ
236 5168 395 5232 Θεὸν,
425 5167 460 5253 ἢ
495 5161 660 5239 ζωὴν,
685 5169 924 5240 ἢτᾰλλα,
947 5170 1098 5222 οὐδὲν
1127 5169 1312 5240 ἕτερον
1334 5169 1560 5238 νοοῦμεν
1583 5169 1614 5241 ἢ
1650 5169 1750 5234 τὰς

178 5263 259 5326 εὶς
285 5261 430 5332 ἡμᾶς
448 5259 849 5332 ἀγαθοπρεπείς
864 5262 1137 5332 δυνάμεις,
1162 5260 1283 5314 καθ’
1306 5261 1372 5326 ἃς
1396 5259 1747 5331 ἐκθεούμεθα,

178 5348 210 5422 ἢ
250 5349 719 5421 οὐσιοποιούμεθα,
748 5351 781 5422 ἢ
809 5350 1230 5422 ζωοποιούμεθα,
1258 5353 1350 5404 καὶ
1374 5351 1540 5404 τᾶλλα
1573 5353 1752 5421 ὁμοιο-

178 5442 417 5515 τρόπως.
461 5442 606 5514 Αὐτὴ
647 5443 704 5496 δὲ
737 5445 770 5514 ἡ
806 5442 926 5497 θεία
969 5443 1339 5514 ὑπερύπαρξις
1383 5443 1523 5496 οὕτω
1569 5443 1750 5507 ποσῶς

181 5532 577 5604 ὑμνηθήσεται,
621 5533 748 5585 ὃταν
779 5533 960 5604 πάσης
996 5532 1272 5605 ἐνεργείας
1310 5533 1748 5604 δραστικωτάτης

182 5623 278 5678 καὶ
298 5613 498 5689 ινοερᾶς
532 5619 878 5686 ἀπολυθεῖσιν,
899 5625 1099 5678 τούτων
1122 5623 1275 5694 ἡμῶν
1292 5629 1308 5645 ‘
1327 5625 1385 5676 ἐν
1406 5627 1471 5694 τῇ
1494 5622 1587 5676 τοῦ
1609 5625 1746 5694 ἦμε-

181 5717 337 5790 τέρου
368 5716 458 5770 νοῦ
498 5717 810 5789 ἀδιακρισίᾳ
833 5717 1049 5788 δέξηται
1092 5719 1236 5788 ἡμᾶς
1278 5716 1365 5770 διὰ
1402 5717 1555 5787 σιγῆς
1589 5715 1747 5783 ἁγίας

185 5806 572 5872 ἐπιϐάλλοντας
583 5811 701 5872 ταῖς
718 5803 924 5862 ἐκεῖθεν
944 5807 1299 5877 ὲκφοιτὼσαις
1318 5809 1564 5876 δωρεαῖς·
1590 5806 1746 5860 τοῦτο

1857 4608 2143 4675 henditur,
2198 4617 2327 4664 tunc
2374 4609 2681 4677 assequitur
2738 4612 2883 4680 quod
2942 4613 3238 4682 quaerebat.
3289 4611 3426 4668 Nam

1854 4701 2034 4755 omnia
2059 4701 2241 4764 divina
2282 4701 2529 4763 nom-ina,
2571 4711 2625 4755 et
2675 4716 3010 4772 quaecunque
3052 4703 3208 4757 nobis
3258 4718 3428 4774 appa-

1857 4800 2106 4858 ruerunt,
2152 4792 2288 4848 solis
2337 4792 2842 4862 participatiouibus
2874 4802 3292 4863 cognoscuntur,
3341 4810 3430 4850 sc-

1853 4886 2087 4940 cundum
2164 4901 2307 4956 quas
2367 4886 2708 4956 impcrmiste
2774 4886 2943 4940 Deum
2991 4887 3423 4956 participamus;

1853 4992 1977 5030 nam
2014 4991 2080 5032 ex
2125 4977 2642 5048 participatinnibus
2678 4992 2801 5048 quae
2839 4993 2870 5031 a
2905 4977 3015 5032 Deo
3039 4978 3200 5033 nobis
3222 4979 3427 5033 donau-

1855 5079 1968 5135 tur,-
2003 5069 2095 5125 Dei
2121 5085 2336 5140 quoque
2386 5071 2604 5125 nomina
2639 5069 3042 5139 componimus.
3075 5070 3249 5127 Porro
3292 5086 3426 5140 qua-

1854 5162 1933 5217 les
1982 5164 2221 5232 ipstemet
2271 5177 2361 5218 res
2414 5163 2612 5218 divinas
2657 5163 2769 5217 sint
2823 5162 3422 5218 secundumvnaturam

1851 5266 2027 5319 suam,
2058 5268 2274 5308 omnem
2327 5264 2563 5308 mentem
2591 5263 2646 5308 et
2677 5255 2969 5309 essentiam
2995 5255 3424 5318 excedit;‘velut

1852 5360 1971 5400 cum
1989 5360 2245 5400 arcanum
2266 5344 2394 5400 illud
2413 5346 2885 5415 superessentiale;
2908 5345 3100 5410 Deum,
3131 5344 3299 5400 Deum
3323 5363 3421 5400 no-

1851 5439 2147 5502 minamus,
2173 5438 2254 5494 vel
2277 5440 2468 5504 vitam,
2489 5438 2574 5494 vel
2590 5439 2717 5504 alia,
2737 5439 3030 5494 nihilaliud
3048 5438 3420 5507 intelligimus,

1849 5545 2009 5598 quam
2039 5530 2121 5584 vel
2152 5529 2414 5600 benignas
2451 5528 2507 5584 in
2536 5518 2918 5592 nosvirtutes,
2952 5529 3251 5586 secundum
3283 5544 3420 5600 quas

1849 5622 2186 5687 deiiicamur,
2230 5622 2315 5674 vel
2369 5621 2868 5677 substantiilcamur
2918 5621 3004 5682 vel
3057 5622 3420 5687 vivilicamun,

1847 5723 2011 5780 atque
2056 5711 2157 5764 alia
2215 5711 2487 5766 similiter.
2541 5711 2662 5781 ipsa
2692 5727 2819 5767 vero
2867 5713 3049 5767 divina
3089 5725 3416 5782 supraquaut

1847 5804 2167 5861 cxsistcutia
2205 5804 2282 5859 sic
2309 5804 2704 5872 quodammodo
2731 5803 3055 5869 laudabitur,
3087 5803 3304 5869 quando
3354 5803 3420 5856 alt
