4176 6308
704 283 802 338 671
1882 280 1935 335 S.
1973 280 2270 337 DIONYSU
2302 280 2766 337 AREOPAGITIE
3162 284 3165 285 ⁷
3880 289 4014 346 37g

707 402 947 457 efficacia
978 402 1127 456 omni
1170 402 1507 475 validissima
1561 408 1614 453 et
1658 397 1999 466 intelligente
2044 398 2287 453 absoluta

2413 400 2501 470 (dp
2532 402 2648 453 ἐστι
2680 402 2772 455 καὶ
2800 402 2919 471 ήιὲν
2960 401 3204 474 ἀγνωσία
3246 402 3479 472 γνῶσις,
3524 402 3582 456 ἐν
3710 404 4012 476 οὐδεμίαν

707 493 971 563 suscipiet
1021 508 1121 548 nos
1163 496 1217 548 in
1276 505 1464 549 sancto
1511 490 1746 551 silentio,
1792 499 2026 543 mentem
2076 490 2142 543 iis
2168 504 2287 558 qua:

2413 492 2660 563 ιρῶμενῆ
2689 494 2901 556 θέωσιν,
2934 492 2966 563 ἦ
2995 492 3231 564 ζωὴνμη
3272 494 3459 549 οὐσίαν
3478 535 3493 561 ,
3534 493 3569 565 ἦ
3595 510 3680 557 τις
3725 494 4009 564 ἀκριϐῶς

710 582 855 637 illinc
882 594 1208 653 promanant
1246 587 1402 640 donis
1451 582 1815 653 adjicientes:
1854 584 1968 635 haec
2010 580 2154 634 enim
2206 590 2288 636 est

2413 584 2859 657 ,ξισωθήσεταιτῇ
2889 584 3025 638 κατὰ
3052 588 3228 638 πᾶσαν
3251 586 3522 658 ὑπεροχὴν
3551 586 3879 661 ὲξῃρημένῃ
3907 588 4008 639 αἰ·-

710 676 949 746 eognitio
998 680 1052 733 in
1090 680 1452 749 ignoratione,
1506 678 1561 730 in
1604 690 1712 746 qua
1766 675 1971 729 nullam
2012 675 2291 729 cernimus

2413 678 2502 749 τίᾳ.
2541 680 2621 732 Τά
2645 680 2914 750 σεδάσμια
2952 683 3043 734 καὶ
3070 679 3271 753 φρικτὰ
3295 680 3389 734 ἐπὶ
3414 680 3514 750 τῆς
3538 681 3697 749 ἁγίας
3739 679 4005 750 Τριάδος

710 770 796 822 vel
827 770 1250 836 deificationem,
1294 770 1379 823 vel
1418 770 1609 835 vitam,
1650 768 1733 822 vel
1770 767 2130 822 substantiam
2172 781 2292 837 quae

2413 770 2652 841 ἄνὸματμ,
2680 771 2762 823 ὅτι
2790 771 2997 843 πηγαία
3019 771 3207 842 θεότης
3248 774 3277 825 6
3310 772 3520 843 Πατήρ²
3563 774 3592 824 6
3632 772 3686 824 δὲ
3714 772 3849 834 Υἱὸς
3892 773 4006 823 καὶ

712 862 870 930 plane
924 863 1121 921 similis
1176 864 1245 930 sit
1276 877 1453 917 causa:
1490 862 1605 927 isti,
1646 876 1767 930 qum
1794 860 2008 918 cunctis
2048 873 2143 929 per
2173 874 2290 911 om-

2413 866 2454 917 :6
2478 865 2629 934 ἆγιον
2648 866 2868 937 Πνεῦμα
2894 866 3130 935 βλαστοὶ,
3152 866 3247 919 καὶ
3264 865 3422 935 ἄνθη,
3450 865 3543 917 καὶ
3567 866 3717 933 φῶτα
3738 863 4003 934 ὑπεραύ-

2400 974 2507 1010 σια.
2542 958 2769 1011 Βλαστοὶ
2815 958 2932 1028 μὲν,
2970 958 3074 1010 ἀπὸ
3097 958 3196 1027 τῆς
3221 957 3327 1011 τῶν
3356 955 3551 1010 ἐλαιῶν
3583 956 3849 1019 ὀπτασίας
3888 954 4000 1007 τοῦ

2394 1049 2676 1120 Ζαχαρίου’
2714 1049 2867 1117 φῶτα
2893 1049 2946 1102 δὲ
2974 1050 3035 1102 ἐκ
3060 1049 3153 1101 τοῦ
3200 1039 3459 1105 Ἱακῶὃου
3479 1047 3701 1118 ἀδελφοῦ
3724 1044 3816 1099 τοῦ
3866 1047 4002 1097 Κυ-

713 1136 859 1187 niam
892 1134 1055 1191 Pater
1099 1147 1184 1191 est
1216 1136 1473 1192 divinitas
1505 1136 1746 1201 fontalis,
1782 1135 1949 1190 Filius
1992 1147 2121 1187 vero
2166 1149 2291 1187 san-

2413 1142 2534 1205 ›ίου,
2554 1139 2701 1211 παρὰ
2723 1138 2829 1211 [Ζσ.
2848 1139 2997 1211 περὶ]
3018 1139 3109 1191 τοῦ
3133 1141 3345 1210 Πατρὸς
3361 1140 3470 1195 τῶν
3490 1140 3678 1211 φώτων
3696 1138 3995 1212 λέγοντος.

712 1237 944 1295 ctusque
976 1226 1219 1297 Spiritus
1245 1238 1373 1281 sunt
1417 1228 1666 1297 quasdam
1706 1228 1952 1296 germina
1998 1241 2062 1280 ac
2109 1225 2291 1289 ﬂores,

2413 1232 2580 1285 Γαῦτα
2609 1232 2739 1301 γοῦν
2765 1232 2831 1284 τὰ
2870 1232 3107 1302 ὀνόματα
3129 1232 3275 1301 παρὰ
3297 1233 3399 1303 τῆς
3424 1232 3644 1305 Γραφῆς
3672 1228 3999 1301 παρελάϐο-

716 1334 781 1374 ac
827 1319 1032 1376 lumina
1097 1321 1606 1391 superessentialia.
1653 1321 1910 1376 Germina
1956 1320 2200 1390 quidem,
2228 1334 2295 1376 ex

2413 1340 2520 1392 unav-
2561 1325 2710 1387 ὅπως
2755 1324 2810 1376 δὲ
2834 1322 3006 1377 ταῦτά
3031 1325 3196 1386 ὲστινς
3221 1322 3345 1377 οὗτε
3382 1326 3555 1378 εἰπεῖν
3578 1324 3697 1376 οὔτε
3724 1321 3998 1391 ἐννοῆσαι

716 1412 931 1466 ’νὶεἰοιιε
978 1412 1246 1490 olivarum
1297 1410 1577 1468 Zacharias
1624 1414 1654 1453 h
1703 1430 1719 1467 :
1776 1413 1984 1468 lumina
2015 1427 2168 1479 vero,
2228 1426 2295 1464 ex

2413 1415 2647 1468 δυνατόν.

718 1505 965 1585 ljlpistola
1026 1504 1215 1561 Jacobi
1274 1507 1461 1561 fratris
1494 1506 1707 1563 Domini
1744 1512 1789 1576 ι,
1837 1508 1928 1577 qui
1998 1506 2070 1566 de
2122 1506 2284 1561 Patre
2344 1506 2607 1563 luminum
2672 1510 3001 1565 mentionem
3054 1509 3205 1564 facit.
3265 1510 3390 1565 Haec
3444 1502 3628 1580 itaque
3674 1507 3904 1563 nomina
3962 1510 3996 1561 ι

720 1599 1019 1668 Scripturis
1077 1601 1251 1656 sacris
1307 1602 1657 1669 accepimus;
1722 1617 1958 1672 quonam
2019 1610 2200 1655 autem
2246 1610 2410 1669 pacto
2463 1617 2584 1657 sese
2642 1603 2899 1667 habeant,
2936 1608 3127 1672 neque
3192 1602 3377 1673 eloqui
3438 1618 3615 1673 neque
3673 1598 3999 1668 intelligere

718 1693 983 1752 valemus.

714 961 835 1001 nem
894 949 1272 1019 excellentiam
1330 950 1624 1004 antecellit.
1677 947 1992 1005 Veneranda
2024 962 2289 1021 sacroque

712 1054 919 1108 pavore
964 1036 1123 1111 digna
1154 1052 1282 1095 sunt
1312 1053 1517 1097 sanctae.
1554 1041 1840 1096 Trinitatis
1876 1040 2123 1104 nomina;
2156 1027 2291 1110 quo-

793 1785 821 1857 §
857 1784 987 1839 Vlll.
1021 1784 1288 1847 Cancrum
1324 1788 1587 1844 hactenus
1634 1803 1797 1843 omne
1853 1787 2053 1843 mentis
2104 1794 2307 1841 nostra}

2480 1783 2509 1854 ᾗ
2549 1782 2685 1838 Vlll.
2702 1783 2842 1837 Ἀλλ’
2860 1785 2985 1855 ἄχρι
3010 1783 3201 1873 τούτου
3229 1780 3513 1853 προϐαίνει
3531 1781 3565 1850 ή
3584 1776 3680 1849 τῆς
3706 1778 3998 1850 ἡμετέρας

719 1880 962 1933 studium
996 1881 1101 1934 hoc
1128 1890 1360 1950 spectat,
1381 1881 1654 1949 quomodo
1684 1896 1751 1935 ex
1777 1882 1877 1936 hac
1898 1881 2223 1947 paternitate
2239 1893 2302 1933 ac

721 1971 988 2027 filiatione
1014 1974 1195 2033 munis
1226 1974 1533 2043 paternitas
1566 1974 1785 2037 incoelo
1814 1982 1868 2027 et
1898 1973 1950 2026 in
1979 1982 2123 2027 terra
2141 1971 2301 2042 337

722 2064 1033 2120 nominetur
1057 2083 1072 2131 ;
1102 2080 1164 2120 ex
1196 2082 1301 2136 qua
1323 2065 1407 2133 fit,
1430 2077 1489 2120 ut
1514 2066 1832 2135 spiritaliter
1854 2080 1917 2120 ac
1932 2064 2305 2120 doctrinaliter

720 2157 883 2211 etiam
914 2158 986 2211 dii
1016 2166 1071 2211 et
1108 2157 1332 2213 deorum
1367 2168 1549 2229 patres
1590 2157 1758 2211 divini
1798 2173 1862 2211 ac
1892 2157 2067 2211 sancti
2097 2157 2225 2223 viri,
2251 2166 2304 2211 et

723 2248 951 2302 deorum
986 2237 1215 2319 filiifqui
1254 2250 1308 2303 in
1338 2264 1496 2305 sacra
1540 2249 1784 2303 doctrina
1816 2249 2129 2317 proficiunt,
2163 2264 2303 2301 nun-

721 2353 1008 2410 cupentur.
1060 2340 1198 2409 Quid
1248 2350 1428 2396 autem
1473 2351 1557 2395 est
1606 2341 1953 2410 spiritaliter?
1995 2342 2048 2395 id
2091 2352 2178 2396 est
2224 2341 2309 2395 in-

722 2446 986 2503 corporea
1039 2442 1095 2489 et
1167 2433 1609 2487 immaterialiter
1643 2474 1657 2499 ,
1725 2449 1790 2488 ac
1842 2433 2305 2499 intellectualiter,

724 2524 859 2577 viris
908 2525 1167 2579 nimirum
1215 2526 1421 2584 sanctis
1476 2540 1545 2580 ex
1592 2537 1786 2587 sancto
1824 2525 2044 2593 quidem
2099 2525 2306 2595 Spiritu

722 2613 934 2678 divino,
968 2616 1059 2684 qui
1104 2624 1187 2670 est
1232 2630 1399 2683 supra
1436 2630 1652 2670 omnem
1702 2613 2215 2669 immaterialitalem
2245 2629 2309 2668 ac

725 2706 1161 2773 dcificationem,
1204 2707 1543 2761 divinitatem
1598 2708 1737 2762 hanc
1788 2721 1851 2759 ac
1902 2704 2307 2774 spiritalitatem

726 2798 1162 2868 accipientibus;
1220 2814 1287 2853 ex
1323 2795 1485 2855 Patre
1516 2814 1645 2851 vero
1679 2813 1743 2851 ac
1782 2797 1939 2857 Filio,
1970 2798 2059 2866 qui
2093 2812 2186 2863 per
2215 2812 2310 2850 ex-

724 2889 1033 2945 cellentiam
1084 2904 1299 2944 omnem
1357 2892 1743 2960 paternitatem
1774 2904 1839 2943 ac
1872 2889 2184 2945 liliationem
2220 2906 2311 2943 su-

728 2990 971 3047 perant,
1028 2981 1335 3036 istiusmodi
1402 2991 1601 3043 statum
1660 2981 2135 3051 participautibus.
2198 2981 2309 3034 Non

2404 1894 2487 1930 vos
2498 1882 2593 1947 ρᾶς
2610 1877 2885 1948 ἐνεργείας
2900 1877 3144 1946 δύναμις,
3157 1872 3238 1929 ὅτι
3255 1876 3317 1927 ὲκ
3328 1872 3531 1944 ταύτης
3541 1874 3636 1945 τῆς
3650 1872 3998 1943 πατρότητος

2406 1970 2499 2023 καὶ
2516 1968 2616 2039 τῆς
2640 1968 2883 2037 υἱότητος
2910 1970 3056 2021 πᾶσα
3082 1965 3285 2038 πατριὰ
3312 1967 3369 2019 ὲν
3392 1965 3604 2037 οὐρανῷ
3625 1966 3717 2019 καὶ
3745 1964 3837 2016 ἐπὶ
3874 1963 3986 2034 γῆς

2405 2058 2747 2130 ὀνομάζεταν
2771 2060 2828 2127 ἐξ
2847 2056 2913 2132 ἦς
2941 2056 3323 2130 πνευματικῶς
3344 2060 3451 2112 καὶ
3484 2055 3881 2119 διδασκαλικῶς
3903 2056 4000 2109 καὶ

2408 2154 2519 2206 θεοὶ
2547 2154 2639 2206 καὶ
2670 2153 2807 2207 θεῶν
2834 2153 3087 2223 πατέρες,
3130 2155 3177 2205 οἰ
3204 2153 3339 2209 θεῖοι
3365 2152 3457 2205 καὶ
3480 2151 3614 2222 ἱεροὶ
3652 2148 3869 2219 ἄνδρες,
3902 2146 4001 2200 καὶ

2408 2246 2544 2300 θεῶν
2586 2248 2693 2301 uini.
2724 2250 2783 2299 ὲν
2805 2249 2872 2319 τῇ
2905 2250 3025 2318 ἱερᾷ
3059 2245 3377 2317 διδασκαλίᾳ.
3423 2243 3835 2315 προσϐαίνοντες
3880 2242 4001 2296 ὀνο-

2412 2335 2689 2407 μάζονται.
2720 2339 2785 2390 Τί
2810 2337 2939 2405 γοῦν
2970 2337 3085 2389 ἐστι
3123 2336 3184 2391 τὸ
3211 2333 3657 2405 πνευματικῶς
3684 2333 4001 2402 ἁσωμάτως

2409 2429 2607 2501 δηλαδὴ
2636 2431 2729 2481 καὶ
2753 2430 2951 2493 ἀΰλως,
2982 2431 3075 2482 καὶ
3096 2424 3324 2500 νοητὰ,
3347 2429 3416 2481 ὲκ
3442 2428 3538 2497 μὲν
3575 2424 3670 2478 τοῦ
3696 2422 4000 2495 θεαρχικοῦ

2410 2522 2548 2575 Πνεύ
2558 2540 2724 2592 ματος
2736 2522 2829 2574 τοῦ
2853 2524 2992 2595 ὑπὲρ
3010 2525 3185 2575 πᾶσαν
3202 2514 3392 2579 ἀθλίαν
3411 2521 3562 2584 ὄντος
3585 2519 3678 2573 καὶ
3693 2518 3920 2580 θέωσιν,
3942 2516 4002 2567 τὸ

2410 2614 2520 2666 θεοὶ
2546 2612 2654 2685 [ῐσο
2679 2614 2843 2686 θεῖον]
2867 2615 3040 2667 καὶτὸ
3074 2604 3435 2686 πνευματικὸν
3471 2610 3858 2683 λαμϐανόντων
3890 2608 4002 2661 τῶν

2412 2708 2570 2778 ἰερῶν
2588 2706 2812 2777 ἀνδρῶν’
2828 2710 2891 2759 ὲκ
2908 2707 2964 2759 δὲ
2977 2706 3069 2758 τοῦ
3087 2708 3199 2759 Πατ
3209 2707 3297 2776 ρδς
3320 2706 3414 2759 καὶ
3426 2705 3519 2758 τοῦ
3530 2702 3683 2768 Υίοῦ,
3700 2701 3811 2754 τῶν
3828 2703 4001 2773 ὑπερ-

2410 2797 2609 2871 οχικῶς
2632 2796 2982 2871 ἐξῃρημένων
3012 2799 3190 2869 πάσης
3224 2799 3455 2868 πατριᾶς
3482 2798 3573 2851 καὶ
3603 2797 3873 2867 υἰότητος,
3902 2795 4000 2857 τὰς

2411 2892 2619 2947 τοιάσδε
2654 2893 2864 2963 σχέσεις
2892 2894 3356 2965 προσδεχομένων.
3386 2892 3521 2945 Οὐδὲ
3542 2890 3650 2962 γάρ
3667 2888 3816 2942 ἔστιν
3838 2889 4000 2960 ἀκρι-

2415 2986 2511 3057 ϐὴς
2535 2987 2787 3055 ὁμοιότης
2801 2989 2913 3049 τοῖς
2938 2988 3197 3049 αἰτιατοῖς
3219 2986 3503 3057 κτίσμασι,
3523 2984 3616 3037 καὶ
3634 2986 3748 3046 τοῖς
3774 2983 3991 3044 αἰτίοις,

726 3071 874 3124 enim
920 3081 1003 3126 est
1050 3071 1288 3140 perfecta
1353 3072 1661 3127 similitudo
1725 3071 1937 3127 efieetis
1992 3071 2194 3125 creatis
2246 3072 2311 3124 ad

2413 3084 2531 3145 ταῖς
2562 3080 2893 3153 θεαρχικαῖς,
2920 3082 3082 3151 φημὶ,
3104 3082 3485 3135 ὑειτοειπτάιτεσιν⁸
3506 3077 3618 3131 ἀλλ’
3652 3076 3764 3146 ἔχει
3796 3075 3895 3145 μὲν
3930 3073 3994 3125 τά

731 3177 950 3226 causas.
984 3164 1215 3229 divinas,
1248 3164 1806 3234 inquam,personas;
1841 3164 1935 3219 sed
1960 3164 2161 3218 habent
2185 3165 2307 3233 qui-

2416 3140 2809 3244 κτίσματαΙτὰς
2836 3140 3190 3245 ένδείόμένας
3217 3173 3432 3238 εἰκόνας
3462 3174 3529 3225 ἐκ
3550 3170 3642 3223 τοῦ
3670 3140 3826 3221 ὄεοιέο
3857 3166 3995 3220 αὐτὰ

729 3252 855 3307 dem
909 3265 1195 3321 creatura,
1241 3256 1417 3324 quoad
1467 3256 1583 3309 fieri
1634 3265 1832 3325 potest,
1866 3254 2132 3325 imagines
2172 3254 2303 3321 Dei;

733 3350 864 3419 ipsa:
893 3367 1019 3406 vero
1048 3365 1226 3407 causa;
1262 3353 1477 3420 penitus
1524 3353 1591 3406 ab
1635 3350 1844 3407 etl‘ectis
1887 3352 2087 3406 creatis
2125 3366 2311 3409 exem-

732 3454 841 3511 ptas
870 3452 1019 3498 sunt.
1060 3443 1148 3509 EI,
1192 3455 1253 3499 ut
1288 3444 1521 3499 terrenis
1564 3443 1829 3511 exemplis
1876 3452 2024 3505 utar,
2056 3442 2309 3511 volupta-

738 3544 818 3589 tes
871 3551 933 3590 ac
988 3536 1208 3591 dolores
1241 3536 1454 3591 efﬁcere
1497 3538 1771 3599 dicuntur,
1814 3545 1873 3590 ut
1920 3537 2171 3593 homines
2220 3537 2313 3591 la:-

739 3639 923 3683 tentur
974 3629 1059 3685 vel
1111 3632 1418 3695 tristentur.
1470 3640 1649 3687 tamen
1697 3632 1829 3701 ipsae
1871 3630 2179 3700 voluptates
2208 3645 2313 3685 non

738 3718 995 3774 dicuntur
1028 3721 1222 3785 laetari,
1278 3737 1379 3777 nec
1422 3722 1639 3779 dolores
1686 3723 1997 3779 tristantur.
2054 3721 2120 3775 Et
2176 3721 2318 3791 ignis

740 3806 1017 3874 calefacit,
1044 3819 1098 3864 et
1133 3810 1336 3876 adurit,
1384 3822 1562 3867 tamen
1594 3828 1702 3867 non
1744 3811 1943 3877 caleht,
1992 3827 2095 3868 nec
2138 3813 2317 3866 aduri-

743 3909 849 3953 tur.
884 3899 1091 3956 ldcirco
1118 3903 1218 3957 etsi
1247 3902 1370 3967 quis
1414 3905 1581 3958 vitam
1616 3905 1824 3969 vivere,
1850 3914 1905 3959 et
1946 3920 2042 3974 per
2069 3920 2129 3959 se
2151 3905 2316 3958 vitam

744 3992 958 4055 dixerit,
991 4001 1045 4046 et
1074 3993 1366 4048 illuminari
1401 3995 1454 4049 id
1478 3995 1619 4065 quod
1651 4011 1747 4067 per
1789 4009 1847 4051 se
1875 3996 2053 4049 lumen
2084 4004 2189 4057 est,
2218 4009 2317 4047 ne-

745 4100 1014 4154 quaquam
1041 4090 1257 4157 pr0prie
1300 4089 1509 4146 locutus
1549 4088 1731 4155 fuerit,
1784 4090 2076 4144 secundum
2114 4103 2320 4142 rectam

747 4177 993 4233 veritatis
1021 4180 1324 4235 rationem:
1360 4181 1461 4235 nisi
1495 4179 1637 4236 forte
1662 4182 1777 4237 haec
1819 4182 1924 4235 alio
1954 4182 2116 4235 modo
2154 4181 2319 4245 dicat,

2415 3264 2471 3319 δὲ
2495 3265 2562 3319 τὰ
2591 3264 2738 3319 αἴτια
2766 3263 3044 3331 παντελῶς
3082 3265 3189 3319 τῶν
3232 3265 3491 3320 αἰτιατῶν
3533 3262 3847 3332 κτισμάτων
3876 3257 3996 3330 ἐξῄ-

2420 3374 2629 3428 ρηνται.
2662 3357 2772 3409 Kal.
2797 3357 2885 3411 ἴνα
2917 3360 3206 3429 χρήσωμαι
3243 3359 3355 3421 τοῖς
3392 3356 3597 3427 γηίνοις
3629 3351 3995 3425 παραδείγμα-

2420 3459 2521 3509 σιν,
2546 3446 2728 3516 ἡδοναὶ
2753 3449 3031 3518 ποιητικαὶ
3054 3448 3146 3500 τοῦ
3172 3446 3417 3517 ἥδεσθαι,
3441 3447 3535 3499 καὶ
3570 3444 3734 3498 λῦπαι
3774 3442 3865 3495 τοῦ
3907 3441 3996 3493 λυ-

2420 3539 2636 3592 πεῖσθαί
2657 3542 2811 3593 εἰσιν·
2842 3541 3002 3594 αὑταὶ
3027 3542 3084 3594 δὲ
3110 3543 3165 3593 αἰ
3192 3540 3375 3611 ἡδοναὶ
3400 3540 3460 3591 οὐ
3489 3538 3730 3607 λέγονται
3753 3536 3991 3607 ἥδεσθαι,

2422 3628 2543 3681 οὐδὲ
2570 3632 2624 3683 al
2666 3629 2835 3685 λῦπαι
2874 3630 3191 3684 λυποῦνται.
3221 3631 3331 3683 Kal.
3354 3629 3417 3683 τὸ
3445 3629 3554 3699 πῦρ
3599 3627 3876 3700 θερμαίνει
3904 3628 3995 3679 καὶ

2424 3724 2587 3787 καίει,
2628 3724 2687 3776 οὐ
2715 3723 3066 3794 θερμαίνεται
3105 3723 3160 3776 δὲ
3201 3723 3293 3775 καὶ
3332 3723 3563 3777 καίεται.
3596 3720 3692 3774 Διὰ
3715 3719 3871 3771 τοῦτο
3908 3719 3995 3770 καὶ

2424 3816 2570 3881 εἴτις
2599 3820 2729 3888 φαίη
2752 3812 2863 3889 ζῇν
2886 3819 2983 3889 τὴν
3008 3816 3251 3881 ζωοῦσαν
3269 3818 3361 3870 καὶ
3387 3814 3682 3885 αὑτοζωὴν,
3710 3814 3800 3866 καὶ
3832 3812 3990 3880 φωτί-

2427 3910 2613 3971 ζεσθαι
2640 3911 2700 3963 τὸ
2726 3911 2994 3980 αὐτόφως,
3020 3911 3119 3963 οὐκ
3156 3910 3299 3963 εἴποι
3335 3910 3538 3981 κυρίως
3559 3906 3699 3961 κατὰ
3723 3905 3812 3957 τὸν
3843 3901 3993 3973 ὀρθὸν

2425 4003 2524 4072 τῆς
2553 4000 2807 4072 ἀληθείας
2832 4002 3005 4069 λόγον,
3027 4005 3073 4054 εἰ
3102 4003 3172 4073 μή
3194 4019 3303 4056 ,που
3328 4000 3448 4053 καθ’
3476 3999 3658 4069 ἕτερον
3682 3996 3897 4067 τρόπον,
3916 3996 3991 4047 δτι

2425 4092 2735 4163 περισσῶς,
2778 4095 2871 4147 καὶ
2908 4093 3200 4156 οὺσιωδῶς,
3228 4094 3322 4146 καὶ
3346 4093 3405 4145 οὐ
3451 4090 3587 4143 κατὰ
3615 4086 3860 4161 μετοχὴν,
3896 4084 3993 4155 πρὸ

2424 4183 2531 4237 τῶν
2558 4183 2812 4236 αίτιατῶν
2840 4183 3004 4235 ἔνεισι
3029 4182 3201 4236 ταῦτα
3224 4185 3337 4246 τοῖς
3364 4181 3577 4246 αἰτίοις.

746 4266 885 4332 quod
945 4267 1197 4324 nimirum
1242 4270 1628 4343 abundantius,
1675 4283 1729 4329 et
1774 4274 2075 4329 secundum
2151 4274 2465 4340 essentiam,
2544 4290 2649 4330 non
2734 4285 2912 4331 autem
2964 4276 3271 4330 secundum
3338 4273 3829 4344 participationem,
3889 4283 3990 4338 pra:

748 4355 954 4411 eﬂectis
977 4359 1091 4414 haec
1120 4360 1285 4415 insint
1323 4362 1524 4418 causis.

819 4448 969 4523 §|X.
1003 4452 1144 4519 Quin
1182 4455 1345 4509 etiam
1390 4458 1537 4525 quod
1583 4465 1667 4512 est
1710 4458 1983 4511 universa:
2034 4456 2314 4525 tbeologiae

2493 4455 2519 4527 ς
2556 4458 2647 4509 ΙΧ.
2690 4456 2851 4512 Ἀλλὰ
2888 4458 2980 4510 καὶ
3021 4459 3081 4510 τὸ
3118 4457 3519 4526 ἐκφανέστατον
3568 4457 3784 4527 ἀπάσης
3824 4457 3988 4511 θεολο·

752 4544 1257 4603 manifestissimum
1281 4549 1409 4603 Jesu
1437 4549 1795 4604 humanitatis
1820 4549 2140 4621 mysterium
2160 4550 2318 4617 (quo-

754 4640 898 4692 niam
931 4642 1097 4695 etiam
1138 4643 1428 4701 manifeste
1463 4659 1528 4698 ac
1576 4660 1707 4699 vere
1748 4645 2029 4699 nobiscum
2076 4658 2326 4698 commu-

754 4732 1004 4804 nicavit),
1029 4743 1213 4789 tamen
1235 4736 1286 4791 id
1312 4737 1486 4806 ipsum
1505 4737 1663 4792 etiam
1690 4735 1965 4789 ineffabile
1988 4746 2070 4790 est
2088 4734 2327 4791 sermOni

2429 4550 2543 4618 γίας
2570 4552 2631 4603 τὸ
2656 4551 2755 4621 τῆς
2784 4551 2955 4622 Ἰησοῦ
2987 4550 3393 4621 φιλανθρωπίας
3428 4552 3746 4621 μυστήριον,
3772 4552 3869 4621 (ὅτι
3898 4555 3981 4606 καὶ

2426 4643 2673 4716 φανερῶς
2693 4647 2786 4698 καὶ
2802 4645 3068 4717 ἀληθινῶς
3086 4644 3359 4716 ὡμίλησεν
3372 4647 3403 4715 ἡ
3415 4647 3504 4715 μίν
3581 4636 3715 4697 ἀλλά
3734 4645 3982 4699 καὶτοῦτο

2426 4735 2663 4807 ἄρρητον
2704 4739 2819 4789 ἐστι
2848 4736 2990 4807 λόγῳ
3023 4738 3202 4801 παντὶ,
3251 4737 3347 4788 καὶ
3387 4736 3664 4804 ἄγνωστον
3700 4734 3774 4805 νῷ
3817 4738 3983 4797 παντὶ,

756 4827 926 4892 omni,
958 4837 1014 4881 et
1052 4830 1199 4883 omni
1234 4832 1405 4884 menti
1454 4829 1895 4899 iuconceptibile,
1942 4828 2114 4883 etiam
2149 4829 2329 4897 primo

757 4932 814 4975 et
864 4922 1247 4990 antiquissimo
1298 4924 1515 4993 angelo,
1538 4923 1750 4979 scilicet
1792 4923 2178 4977 sublimissimo
2220 4922 2333 4989 pri-

762 5028 957 5082 moque
982 5014 1159 5069 ordini
1186 5030 1201 5080 ;
1241 5014 1343 5069 hoc
1373 5016 1517 5071 enim
1549 5014 1791 5069 Joannes
1832 5015 1924 5070 ille
1955 5015 2244 5084 theologus
2274 5016 2327 5068 in

2428 4832 2521 4884 καὶ
2560 4831 2706 4901 αὑτῷ
2752 4831 2829 4901 τῷ
2878 4834 3169 4903 πρωτίστῳ
3212 4832 3306 4885 καὶ
3349 4832 3707 4903 πρεσδυτάτῳ
3751 4831 3983 4903 ἀγγέλῳ,

2436 4923 2671 4992 δηλονότι
2700 4925 2765 4992 τῇ
2800 4921 3108 4993 ὑψηλοτάτη
3138 4924 3231 4975 καὶ
3273 4922 3465 5000 πρώτη
3501 4921 3669 4986 τάξει.
3706 4922 3863 4990 Λέγει
3889 4923 3984 4994 γάρ

2436 5017 2526 5067 καὶ
2558 5017 2586 5066 6
2617 5013 2860 5082 θεολόγος
2900 5015 3151 5085 Ἰωάννης
3186 5018 3242 5068 ἐν
3270 5018 3334 5085 τῇ
3378 5013 3739 5083 Ἀποκαλύψει
3772 5016 3981 5086 πρεσϐυ-

2434 5107 2624 5177 τέρους
2653 5106 2933 5174 ἀγγέλους.
2968 5110 3074 5160 Καὶ
3109 5108 3169 5158 τὸ
3208 5106 3305 5175 μὲν
3351 5105 3698 5177 σαρκωθῆναι
3734 5105 3981 5175 μυστικῶς

2437 5196 2868 5268 παρειλήφαμεν,
2902 5197 2962 5248 τὸ
2995 5197 3038 5248 δ’
3080 5199 3226 5259 ὅπως
3269 5198 3334 5247 ὲκ
3375 5194 3717 5266 παρθενικῶν
3761 5196 3979 5262 αἱμάτων

760 5107 1084 5176 Apocalypsi
1115 5110 1183 5161 de
1216 5108 1623 5176 antiquioribus
1649 5110 1729 5163 .iis
1757 5109 1965 5177 angelis
2006 5109 2195 5171 tradit.
2234 5108 2330 5160 At-

760 5214 869 5267 que
891 5214 1015 5249 eum
1046 5199 1264 5265 quidem
1295 5214 1516 5251 carnem
1562 5201 1951 5268 assumpsisse,
1982 5200 2209 5267 mystice
2241 5214 2331 5251 ac-

763 5291 1027 5359 cepimus,
1079 5291 1174 5345 sed
1219 5294 1489 5359 quomodo
1545 5307 1609 5346 ex
1658 5293 1917 5362 virgineis
1974 5292 2331 5359 sanguiuibus

768 5380 873 5435 alia
899 5397 1058 5451 quam
1086 5395 1293 5437 natura:
1321 5383 1434 5452 lege
1459 5385 1529 5438 sit
1553 5384 1892 5447 effurmatus,
1914 5382 2127 5452 aliaque
2150 5383 2329 5437 omnia

761 5489 890 5539 tutae
918 5475 983 5527 ad
1025 5486 1230 5530 natura:
1275 5475 1399 5529 Jesu
1430 5477 1851 5545 explicationem
1898 5485 2167 5544 spectant,
2201 5492 2336 5544 quo-

768 5568 932 5622 modo
966 5568 1016 5620 in
1053 5568 1265 5623 duabus
1298 5570 1509 5622 naturis
1540 5570 1818 5638 cognitus,
1852 5578 1905 5622 ct
1955 5578 2115 5637 prout
2157 5567 2335 5621 homi-

852 5759 877 5786 ⁸
915 5749 1077 5805 luclt.
1111 5765 1183 5815 tv,
1220 5751 1271 5804 5.
1355 5752 1369 5790 ί
1409 5748 1528 5804 Jac.
1560 5765 1597 5815 I,
1633 5744 1719 5801 Π.

2440 5288 2610 5358 ἑτέρῳ
2639 5286 2789 5357 παρὰ
2813 5288 2912 5358 τὴν
2937 5287 3095 5355 φύσιν
3123 5286 3308 5357 θεσμῷ
3334 5287 3698 5347 διεπλάττετο,
3731 5286 3818 5337 καὶ
3838 5284 3979 5337 τᾶλλα

2443 5382 2619 5433 πάντα
2664 5380 2762 5448 τῆς
2817 5378 2991 5449 Ἰησοῦ
3040 5379 3424 5448 φυσιολογίας,
3472 5378 3590 5441 πῶς
3632 5378 3688 5428 ὲν
3733 5376 3846 5427 δυσὶ
3880 5377 3977 5435 ταῖς

2444 5472 2639 5542 φύσεσι
2668 5471 3087 5543 γνωριζόμενος,
3120 5472 3213 5524 καὶ
3242 5471 3384 5523 κατὰ
3420 5470 3708 5541 ἄνθρωπον
3755 5467 3974 5538 ἔπραττε.

2447 5565 2539 5617 καὶ
2569 5564 2709 5636 ὑπὲρ
2738 5564 3019 5635 ἄνθρωπον
3048 5565 3288 5635 ἐνήργει,
3320 5563 3504 5634 ἐτέρου
3526 5561 3680 5629 λόγου
3708 5562 3797 5613 καὶ
3826 5559 3967 5629 κρείτ-
