4176 6308
210 337 328 396 073

820 336 911 393 DE
941 332 1197 392 DlVlNlS
1233 333 1635 401 NOMINIBUS,
1671 333 1793 392 CAP

1896 331 1918 389 ⁵.
1953 362 2027 374 —-
2056 331 2402 390 PARAPHR.
2436 334 2905 394 PACHYMERAE.

3375 350 3484 408 674

210 469 372 520 τονος
412 453 446 525 ἢ
494 452 615 509 καθ’
646 453 794 525 ἡμᾶς
843 453 938 508 καὶ
990 453 1088 525 τὴν
1135 451 1413 525 ἡμετέραν
1455 452 1793 525 ἀνθρωπίνηι

1911 466 2032 506 nem
2064 464 2124 504 se
2154 449 2412 519 gesserit,
2443 460 2499 505 et
2529 458 2690 520 supra
2717 453 2992 510 hominem
3023 473 3186 527 opera
3214 466 3478 532 ediderit.

210 544 468 617 δύναμιν.
501 537 574 600 Εῐ
594 545 727 615 γοῦν
770 546 865 600 ἐπὶ
908 545 1122 610 τούτοις
1162 547 1376 618 ἄρρητά
1420 548 1527 598 εἰσι
1566 544 1637 598 τά
1682 544 1799 596 θεο-

213 638 430 710 πρεπῆ,
453 637 490 694 ἀ
512 639 580 710 δὴ
604 639 697 694 καὶ
725 637 827 710 τὴν
851 638 1132 706 ¹θεολογίαν
1161 638 1566 711 ὲκφανεστέραν
1595 637 1799 709 έχουσι,

212 730 271 783 τί
303 731 496 802 φήσειέ
534 747 621 794 τις
659 732 790 803 περὶ
832 731 936 802 τῆς
961 732 1257 808 ,μακαρίας
1305 732 1572 802 Τριάδοςς
1616 731 1802 785 Ταῦτα

215 819 450 892 ήμϊντε
474 823 534 874 ὲν
559 815 1003 894 ἀλλοις-είρηται,
1053 823 1147 875 καὶ
1173 822 1253 892 τῷ
1290 821 1485 894 κλεινῷ
1524 819 1680 894 ἡμῶν
1720 822 1801 876 δι-

212 912 474 986 δασκάλῳ
503 902 579 984 τῷ
608 913 865 987 μακαρίῳ
903 912 1166 987 Ἱεροθέῳ,
1197 914 1256 968 ὃν
1288 914 1426 986 μετὰ
1464 915 1556 969 τὸν
1589 915 1802 970 Παῦλον

213 1007 541 1062 διδάσκαλον
573 1005 954 1081 ὲπλούτησενοι
980 1009 1124 1081 άπερ
1158 1010 1386 1074 ἐκεῖνος,
1418 1009 1527 1062 εἴτε
1558 1008 1665 1062 ἀπὸ
1693 1009 1802 1063 τῶν

217 1097 387 1173 ιερῶν
413 1099 650 1171 Γραφῶν
675 1088 1033 1173 παρείληφεν,
1060 1102 1169 1155 εἴτε
1197 1103 1290 1155 καὶ
1317 1103 1382 1155 ὲκ
1409 1102 1508 1172 τῆς
1546 1103 1675 1174 περὶ
1704 1102 1803 1166 τὰς

215 1190 447 1264 Γραφάς
482 1190 708 1262 ἐρεύνης
735 1189 1096 1263 συνεώρακεν,
1133 1192 1197 1245 ὲκ
1224 1193 1326 1264 τῆς¹
1353 1192 1552 1263 πολλῆς
1596 1210 1805 1264 γυμνα-

219 1281 345 1347 σίας
368 1284 465 1336 καὶ
485 1281 699 1356 τριϐῆς,
734 1282 844 1337 εἴτε
871 1285 966 1337 καὶ
1007 1283 1070 1338 ἐκ
1101 1301 1247 1350 τινος
1285 1285 1498 1358 ἐμυήθη
1526 1284 1804 1357 θειοτέρας

216 1373 531 1440 δπιπνοίας,
558 1378 620 1430 ού
657 1370 817 1449 μόνον
848 1376 1054 1450 μαθὼν,
1084 1377 1218 1432 ἀλλά
1253 1380 1348 1434 καὶ¹
1373 1377 1562 1432 παθών
1588 1396 1600 1408 ·
1637 1379 1712 1443 ὼς
1740 1380 1802 1432 οὺ

213 1464 487 1535 δῶακτῶς
537 1468 626 1523 διὰ
671 1469 847 1540 λόγων
897 1471 998 1542 τὴν
1057 1471 1185 1544 περὶ
1238 1473 1446 1526 τούτων
1509 1471 1801 1544 δεξάμενος

221 1558 446 1631 μύησιν,
496 1560 632 1615 ἀλλὰ
671 1564 738 1634 τῇ
784 1561 904 1634 θείᾳ
941 1563 1204 1635 ἐλλάμψει
1230 1563 1524 1630 τυπωθεὶς,
1568 1567 1669 1618 καὶ
1691 1560 1803 1620 οἷον

215 1651 582 1723 ὲνσημανθεὶς
602 1656 669 1724 τῇ
708 1653 916 1725 διανοίᾳ
939 1655 1037 1726 τὴν
1065 1655 1265 1724 γνῶσιν
1289 1656 1399 1710 τῶν
1438 1657 1579 1729 ὑπὲρ
1616 1658 1798 1728 φύσιν.

213 1739 437 1816 Ταύτην
466 1744 574 1816 γὰρ
601 1747 704 1818 τὴν
727 1746 840 1801 τῶν
870 1745 1161 1819 θειοτέρων
1194 1749 1393 1819 μύησιν
1420 1748 1800 1821 συμπάθειαν

211 1835 498 1904 ἐκάλεσεν,
543 1839 711 1910 ἤγουν
749 1838 1104 1894 συνδιάθεσιν.
1134 1842 1242 1895 Καὶ
1278 1843 1364 1895 ἵνα
1403 1842 1474 1896 τὰ
1509 1842 1680 1896 πολλά
1707 1846 1801 1898 καὶ

218 1930 470 2001 μακάρια
509 1931 619 1984 τῶν
646 1933 855 1986 ἐκείνου
885 1931 1168 2005 παρῶμεν,
1195 1936 1252 1988 ὲν
1289 1936 1595 2006 ἐλαχίστοις
1625 1952 1801 2010 παρα-

214 2019 439 2092 θώμεΘα
482 2023 626 2094 ἅπερ
670 2024 804 2095 φησὶ
848 2027 977 2097 περὶ
1016 2026 1109 2080 τοῦ
1156 2027 1361 2100 Κυρίου
1411 2029 1568 2101 ἡμῶν
1625 2030 1799 2100 Ἰησοῦ

212 2111 452 2186 Χριστοῦ
505 2115 599 2168 καὶ
646 2116 782 2170 Θεοῦ
812 2117 891 2170 έν
917 2120 1038 2182 ταῖς
1094 2121 1472 2190 Θεολογικαῖς
1499 2124 1800 2192 στοιχειώ-

210 2223 420 2261 σεο-ιν.

866 2432 1175 2501 Ἰεροθέου.

284 2557 417 2630 ξΧ.
478 2559 710 2632 Ἐφεξῆς
756 2561 814 2616 δε
864 2562 1112 2637 ἐκτίθησι
1157 2565 1292 2638 πρὸς
1340 2567 1490 2638 ῥῆμα
1550 2569 1644 2623 καὶ
1697 2567 1796 2640 τὴν

209 2646 310 2704 τοῦ
330 2644 487 2720 ἁγίου
512 2651 750 2724 γραφὴν,
768 2653 827 2708 ὲν
848 2652 931 2721 οἷς
953 2658 980 2710 ὁ
1005 2659 1276 2728 μακάριος
1303 2657 1469 2727 λέγει,
1495 2660 1793 2730 παριστῶν,

209 2739 296 2793 ὅτι
327 2741 420 2797 καὶ
441 2735 474 2794 ὁ
514 2743 642 2808 Υἱὸς
668 2743 737 2798 τά
763 2745 941 2800 πάντα
963 2749 1113 2802 ἐστὶν
1154 2751 1212 2803 ἐν
1253 2752 1406 2814 πᾶσι,
1449 2753 1542 2805 καὶ
1586 2752 1796 2824 κεφαλὴ

207 2831 433 2888 πάντων
463 2836 609 2890 κατὰ
634 2837 1110 2906 τὺνΑἌπόστολον,
1140 2843 1222 2896 ὅτι
1256 2844 1474 2899 πάντων
1504 2846 1620 2897 ἐστὶ
1661 2845 1798 2918 πλή-

214 2937 375 2996 ρωμα
400 2929 496 2981 καὶ
527 2932 804 3001 συνοχεὺς,
830 2934 924 2987 καὶ
948 2934 1200 2998 διασώζει
1226 2937 1319 2989 καὶ
1347 2939 1699 3008 περισφίγγει
1725 2939 1796 2993 τά

209 3017 356 3089 μέρη
403 3023 468 3091 τῇ
509 3022 755 3096 ὁλότητιο
798 3028 892 3080 καὶ
939 3025 1063 3080 οὔτε
1107 3029 1273 3102 μέρος
1307 3031 1456 3084 ἐστὶν
1487 3031 1609 3085 οὔτε
1652 3032 1791 3098 ὅλον,

203 3109 354 3184 ὑπὲρ
377 3113 549 3168 ταῦτα
574 3118 683 3188 γάρ
702 3136 715 3148 ·
742 3119 878 3174 ἀλλὰ
902 3123 999 3175 καὶ
1031 3121 1150 3176 ὅλον
1177 3123 1268 3176 καὶ
1295 3124 1479 3195 μέρος,
1510 3126 1586 3189 ὡς
1618 3144 1793 3181 συνεις

206 3207 397 3283 ληφὼς
419 3212 489 3267 τὰ
510 3215 718 3296 πάνταέ
752 3219 846 3271 καὶ
870 3220 1127 3292 ὑπερέχει
1149 3225 1214 3294 τῇ
1241 3223 1421 3293 φύσει,
1447 3227 1541 3280 καὶ
1563 3230 1788 3300 προέχει

206 3303 289 3376 τῷ
312 3306 490 3377 αἰτίῳ,
518 3309 612 3362 καὶ
645 3294 849 3375 τέλειος
873 3313 931 3366 ὲν
960 3317 1075 3377 τοῖς
1098 3315 1343 3371 ἀτελέσιν
1372 3320 1503 3390 ἡμῖν
1527 3322 1663 3388 ἐστι,
1693 3294 1789 3377 καὶ

203 3399 407 3471 ἀτελὴς
435 3402 491 3453 ὲν
519 3405 634 3466 τοῖς
666 3402 895 3470 τελείοις
927 3408 1199 3476 ἀγγέλοις,
1239 3411 1316 3475 ὼς
1357 3412 1660 3489 ὑπερτελὴς
1694 3419 1789 3471 καὶ

208 3491 546 3563 προτέλειος,
575 3497 670 3549 καὶ
695 3498 965 3569 μηδεμίαν
987 3500 1125 3572 ἔχων
1151 3502 1436 3575 σύγκρισιν
1465 3507 1564 3578 τῆς
1588 3509 1790 3563 τελειό-

204 3597 372 3653 τητος
409 3580 546 3655 πρὸς
574 3584 769 3652 αύτούς
789 3607 800 3618 ·
836 3579 930 3644 καὶ
959 3588 1107 3656 εἶδος
1129 3592 1238 3646 τῶν
1274 3595 1550 3664 ἀνειδέων,
1588 3601 1667 3665 ὡς
1695 3602 1791 3673 δη-

208 3677 472 3746 μιουργὸς
505 3679 596 3732 καὶ
628 3680 770 3753 ἀρχὴ
804 3682 1006 3746 παντὸς
1037 3684 1230 3750 εἴδους,
1263 3689 1358 3741 καὶ
1385 3688 1623 3756 ἀνείδεος
1653 3697 1790 3770 πρὸς

209 3764 505 3838 σύγκρισιν
549 3769 660 3824 τῶν
715 3771 1231 3844 είδοπεποιημένων,
1282 3777 1358 3842 ὡς
1401 3780 1543 3853 ὑπὲρ
1591 3764 1786 3841 ταῦτα.

203 3859 383 3913 οὐσία
433 3863 597 3916 πᾶσιν
642 3864 1037 3921 ὲπιδατεύουσα
1079 3873 1145 3942 τῇ
1191 3875 1439 3946 προνοίᾳ,
1486 3877 1580 3929 καὶ
1628 3877 1789 3931 πάλιν

207 3950 525 4026 ἐξῃρημένη
562 3957 783 4028 ἁπάσης
814 3960 1002 4025 οὐσίας
1035 3965 1100 4034 τῇ
1152 3964 1310 4033 φύσει
1397 3968 1790 4042 πάσας-ἀρχὰς

209 4043 309 4097 καί
330 4043 514 4109 τάξεις
540 4047 885 4119 περιορίζων,
910 4053 1002 4105 καὶ
1031 4053 1211 4125 πάσης
1238 4055 1669 4130 ύπεριδρυμένος
1698 4063 1790 4122 καὶ

208 4135 388 4205 ἀρχῆς
437 4138 530 4190 καὶ
578 4137 806 4203 τάξεως.
858 4140 967 4194 Καὶ
1021 4143 1217 4215 μέτρον
1269 4146 1386 4199 ἐστὶ
1434 4149 1542 4201 τῶν
1600 4151 1784 4216 ὄντων,

207 4229 400 4300 δπειδὴ
445 4231 504 4284 ὲν
534 4231 683 4302 αὐτῷ
725 4233 904 4288 πάντα
949 4236 1322 4308 πεπέρασταιι
1362 4242 1454 4294 καὶ
1494 4241 1648 4306 αἰὼν,
1698 4247 1790 4298 καὶ

208 4318 358 4392 ὑπὲρ
379 4320 584 4386 αἰῶνα,
610 4324 698 4388 ,ὡς
723 4325 934 4380 αἰώνων
968 4333 1198 4403 ποιητής
1218 4349 1230 4361 ·
1267 4332 1455 4406 ὥσπερ
1482 4336 1687 4401 τέλειος
1730 4340 1788 4392 ὲν

208 4415 329 4478 τοῖς
357 4414 590 4480 ἀτελέσι,
621 4419 716 4470 καὶ
741 4419 797 4472 ἐν
822 4423 936 4484 τοῖς
961 4421 1187 4488 τελείοις
1215 4425 1431 4497 ἀτελὴς,
1457 4427 1532 4491 ὠς
1559 4429 1790 4501 ὑπερτέ-

1904 542 2064 614 longe
2110 541 2340 598 alterius
2373 551 2430 596 et
2474 546 2869 613 praestantioris
2919 554 3192 610 sermonis
3237 571 3328 613 res
3371 571 3478 622 est.

1907 639 2074 702 quam
2104 641 2301 688 nostra.
2315 632 2454 687 ratio
2483 642 2579 687 aut
2605 632 2839 692 facultas
2864 635 3092 696 fert.Ad
3118 644 3236 700 inec
3265 646 3476 716 itaque,

1907 726 1952 779 si
1991 723 2283 778 inell'abilia
2320 733 2449 778 sunt
2491 723 2699 789 divina,
2753 737 2811 780 ut
2849 740 2973 800 qua!
3004 733 3346 790 subtiliorem
3381 740 3481 794 ha-

1909 814 2069 867 beant
2100 811 2453 882 theologiam,
2496 814 2625 882 quid
2656 815 2805 872 dicet
2832 820 2957 889 quis
2999 821 3067 876 de
3097 824 3258 886 beata
3291 828 3479 884 Trini-

1910 902 2062 956 tate?
2101 903 2304 960 Verum
2335 903 2448 957 haec
2479 918 2510 956 a
2551 905 2709 961 nobis
2753 908 2920 962 etiam
2965 911 3096 966 alibi
3131 913 3280 970 dicta
3325 930 3477 986 sunt,

1907 1006 1963 1050 et
1997 997 2065 1049 ab
2097 998 2302 1068 inclyte
2341 1006 2675 1067 prtecepmrc
2700 1012 2910 1058 nostro
2954 1003 3121 1062 beato
3151 1005 3477 1080 Hierotheo’,

1905 1085 2072 1156 338
2100 1101 2262 1155 quem
2310 1097 2434 1154 post
2472 1091 2990 1152 sanctumPaulum
3041 1097 3232 1156 habuit
3274 1116 3479 1171 praeceo

1905 1189 2155 1248 plorem;
2176 1194 2301 1249 qua:
2329 1179 2441 1243 ille,
2492 1181 2610 1234 sive
2641 1198 2670 1236 a
2696 1184 3003 1254 Scripturis
3023 1191 3218 1250 sacris.
3245 1193 3477 1265 accepe;

1909 1280 2010 1334 rat,
2035 1271 2152 1326 sive
2187 1286 2257 1325 ex
2289 1273 2598 1329 earumdem
2629 1274 2975 1347 indagatioue
2999 1321 3001 1323 .
3028 1282 3206 1337 fuerat
3232 1296 3481 1342 contem-

1907 1359 2109 1429 platus,
2155 1370 2218 1417 et
2261 1363 2526 1420 exercitio
2574 1381 2783 1428 usuque
2832 1370 3092 1438 plurimo,
3147 1377 3261 1431 sive
3306 1379 3477 1448 etiam

1907 1453 2159 1510 diviniori
2191 1453 2372 1524 aliqua
2398 1455 2771 1514 insinuatione
2796 1461 2988 1518 doctus
3014 1475 3151 1531 erat,
3175 1485 3279 1524 non
3300 1471 3479 1528 solum

1905 1544 2145 1612 discens,
2170 1552 2276 1602 sed
2324 1556 2379 1603 et
2399 1549 2628 1618 patiens
2661 1551 2868 1620 divina,
2922 1566 2978 1611 ut
3007 1559 3097 1627 qui
3133 1575 3240 1616 non
3270 1563 3479 1620 doctric'

1906 1639 2103 1696 naliter
2134 1658 2234 1712 per
2276 1643 2446 1700 verba
2480 1644 2791 1703 doctrinam
2829 1667 3019 1709 eorum
3059 1656 3340 1726 hauserat,
3382 1663 3480 1722 sed

1906 1733 2088 1788 divina
2109 1733 2472 1790 illustratione
2492 1749 2837 1809 expressam,
2864 1754 2920 1803 et
2943 1749 3112 1804 veluti
3137 1750 3480 1822 insignitam,

1833 1811 1962 1879 Bin
2020 1838 2202 1883 mente
2254 1834 2730 1900 supernaturalem
2787 1838 3026 1894 habebat
3086 1811 3477 1914 cognitionem.

1903 1914 2056 1972 Hanc
2084 1929 2264 1975 autem
2294 1939 2474 1978 rerum
2509 1925 2820 1990 divinarum
2853 1933 3217 1989 eruditionem
3240 1939 3482 2009 συμπάέ

1901 2011 2066 2063 θειαν
2089 2025 2186 2067 seu
2225 2021 2613 2075 consensionem
2675 2023 2985 2090 appellavit.
3029 2025 3226 2097 Atque,
3274 2039 3332 2084 ut
3359 2031 3478 2099 plu;

1901 2103 2230 2174 rimaeaque
2255 2109 2566 2166 beatissima
2591 2114 2734 2168 illius
2751 2118 3078 2173 documenta
3106 2127 3480 2188 transeamus,

1901 2196 2093 2264 paucis
2131 2198 2490 2268 subjiciamus
2519 2220 2582 2260 ea
2616 2208 3092 2277 quacdeDomino
3123 2223 3315 2270 uestro
3343 2213 3476 2271 Jesu

1901 2283 2122 2344 Christo
2151 2303 2214 2344 ac
2245 2289 2354 2346 Deo
2384 2293 2437 2347 in
2470 2293 2791 2367 Theologicis
2815 2299 3080 2356 elementis
3107 2305 3292 2359 tradit.

2539 2426 2835 2490 ll'ierotltel.

1972 2578 2001 2652 ᾗ
2046 2580 2115 2636 X.
2154 2583 2360 2640 Deinde
2402 2601 2531 2641 vero
2578 2591 2644 2644 ad
2681 2590 2904 2646 verbum
2945 2596 3165 2664 exponit
3206 2597 3472 2668 scriptum

1899 2673 2169 2740 quoddam
2217 2679 2392 2732 sancti
2447 2679 2749 2748 Hierothei,
2790 2684 2844 2737 in
2873 2699 2979 2754 quo
3013 2688 3207 2743 beatus
3254 2691 3343 2745 ille
3373 2692 3477 2754 ait.

1899 2767 2243 2821 ostendendo
2302 2771 2572 2838 quomodo
2601 2783 2656 2826 et
2701 2774 2870 2830 Filius
2896 2779 3078 2832 omnia
3123 2780 3175 2834 in
3218 2765 3475 2838 omnibus

1898 2858 2144 2927 et’caput
2175 2861 2422 2916 omnium
2454 2864 2549 2927 sit,
2601 2867 2901 2922 secundum
2944 2870 3300 2942 Apes-tolum;
3340 2889 3476 2947 quo-

1898 2953 2043 3006 niam
2073 2955 2313 3009 omnium
2363 2969 2447 3011 est
2489 2959 2764 3028 plenitudo
2811 2973 2866 3016 et
2914 2980 3197 3038 compago,
3249 2981 3302 3025 et
3337 2987 3471 3026 con-

1896 3057 2084 3101 servat
2124 3062 2187 3101 ac
2221 3049 2474 3120 astringit
2503 3061 2684 3122 partes
2741 3063 2873 3121 toto,
2920 3065 2977 3111 et
3011 3056 3188 3127 neque
3234 3077 3359 3132 pars
3391 3076 3475 3128 est

1898 3151 2071 3206 neque
2103 3148 2295 3205 totum,
2340 3143 2465 3209 quia
2524 3144 2609 3200 his
2657 3149 2908 3216 superior
2961 3159 3084 3215 est;
3116 3161 3365 3209 attamen
3417 3165 3475 3210 et

1895 3235 2068 3282 totum
2095 3240 2198 3295 est,
2234 3242 2289 3285 et
2325 3248 2474 3301 pars,
2513 3245 2768 3305 tanquam
2807 3242 3094 3298 continens
3126 3246 3475 3312 universa,et

1892 3323 2222 3389 suprahabet
2263 3325 2478 3392 natura,
2510 3338 2564 3382 et
2611 3330 2906 3386 antehabet
2934 3343 2989 3388 ut
3023 3345 3220 3401 cauSa;
3255 3348 3310 3393 et
3346 3355 3476 3408 per-

1893 3409 2068 3465 fectus
2098 3421 2180 3467 est
2213 3414 2265 3467 in
2301 3413 2634 3486 imperfectis
2681 3421 2839 3476 nobis
2861 3464 2878 3488 ,
2915 3433 2970 3478 et
3004 3426 3360 3495 imperfectus
3404 3431 3459 3484 in

1893 3503 2148 3571 perlectis
2170 3505 2394 3575 angelis,
2434 3517 2692 3580 tanquam
2720 3528 3047 3584 supraquam
3082 3521 3378 3587 perfectus,
3415 3533 3473 3578 et

1894 3597 2092 3650 nullam
2114 3597 2322 3655 habens
2346 3605 2811 3671 comparationem
2843 3609 3195 3677 perfectionis
3218 3623 3284 3668 ad
3313 3615 3465 3683 illos;

1891 3699 1946 3742 et
1996 3687 2173 3744 forma
2221 3707 2402 3747 rerum
2448 3695 2784 3762 informium,
2835 3711 3091 3771 tanquam
3135 3704 3363 3760 (Ireator
3411 3715 3467 3763 et

1891 3777 2215 3849 principium
2261 3786 2442 3837 omnis
2472 3784 2683 3850 formae,
2730 3798 2786 3841 et
2817 3791 2936 3846 sine
2988 3792 3159 3845 forma
3209 3807 3463 3868 respectu

1893 3884 2073 3923 rerum
2108 3871 2549 3940 informatarum,
2596 3889 2780 3948 utpote
2813 3896 2977 3950 supra
3025 3882 3279 3940 formam.
3327 3886 3468 3943 Sub-

1892 3965 2092 4021 stantia
2141 3977 2370 4022 cunctas
2415 3969 2754 4026 substantias
2804 3974 3106 4041 pervadens
3145 3991 3238 4029 sua
3287 3980 3471 4044 provi-

1892 4055 2096 4120 dentia,
2135 4068 2190 4109 et
2244 4065 2437 4111 natura
2472 4073 2569 4112 sua
2619 4074 2810 4115 rursus
2863 4061 2933 4115 ab
2972 4064 3121 4118 omni
3163 4067 3466 4122 substantia

1891 4155 2138 4212 exempta
2164 4160 2179 4209 ;
2212 4153 2405 4198 cuncta
2437 4147 2702 4216 principia
2732 4151 3061 4222 ordinesque
3088 4153 3383 4220 deﬁniens,
3412 4166 3467 4211 et

1893 4248 2057 4305 supra
2084 4251 2250 4291 omne
2302 4239 2630 4308 principium
2663 4242 3020 4314 ordinemque
3048 4245 3366 4302 collocatus.
3401 4248 3467 4301 Et

1893 4341 2073 4381 rerum
2104 4338 2188 4383 est
2218 4343 2496 4395 mensura,
2532 4335 2790 4401 quoniam
2826 4336 2879 4389 in
2914 4336 3031 4406 ipso
3071 4339 3321 4394 universa
3355 4350 3468 4396 ter-

1893 4418 2208 4486 minantur;
2240 4434 2296 4480 et
2325 4423 2582 4477 sarculum
2609 4433 2664 4478 et
2695 4441 2857 4495 supra
2884 4429 3166 4495 saeculum,
3199 4437 3465 4499 tanquam

208 4501 355 4570 λιιος
378 4523 390 4536 ο
416 4509 559 4561 οῦτω
589 4509 803 4582 πλήρης
835 4515 891 4565 ὲν
924 4516 1038 4578 τοῖς
1062 4515 1282 4578 ὲνδεέσι,
1314 4519 1406 4571 καὶ
1435 4519 1790 4595 ὑπερ-πλήρης

1896 4519 2084 4564 auctor
2109 4514 2473 4582 saeculorum;
2518 4518 2672 4585 quasi
2721 4517 2992 4584 perfectus
3024 4520 3076 4575 in
3101 4520 3461 4591 imperfectis,

208 4598 274 4650 ιν
296 4601 411 4663 τοῖς
438 4600 666 4673 πλήρεσι
684 4620 695 4632 ’
736 4603 831 4656 καὶ
856 4605 1023 4659 τᾶλλα
1052 4606 1190 4678 ὑπὲρ
1213 4609 1406 4672 ταῦτα,
1435 4612 1534 4664 ἵνα.
1558 4616 1633 4684 μὴ
1665 4616 1785 4669 καθ’

207 4685 442 4744 ῑκαστον
467 4683 734 4764 λέγωμεν.
767 4694 937 4749 Ὅθεν
973 4698 1066 4750 καὶ
1096 4699 1215 4751 ἐπεὶ
1248 4702 1378 4770 ἡμῖν
1420 4683 1784 4778 κεκοινώνηκε

209 4781 415 4850 σαρκὸς
451 4783 546 4836 καὶ⁸
583 4785 833 4854 αἵματος,
873 4786 967 4839 καὶ
1000 4787 1214 4858 ἀληθῶς
1253 4789 1509 4861 οὐσιὼθη,
1559 4795 1653 4848 καὶ
1690 4797 1785 4850 ἄν-

207 4871 433 4946 θρωπος
456 4877 814 4949 ἐχρημάτισε,
855 4878 1039 4942 πάλιν,
1067 4881 1167 4934 κάν
1191 4882 1399 4947 τούτοις
1444 4884 1554 4954 ἔχει
1593 4887 1660 4939 τὰ
1687 4890 1786 4958 τῆς

207 4966 466 5038 θεότητος
488 4969 782 5040 αὐχήματα
808 4969 1084 5035 τέλεια,ού
1117 4974 1421 5044 μόνον-καθ’
1443 4977 1473 5029 ὃ
1498 4979 1787 5033 ἀναλλοιιτλ-

206 5075 321 5123 τως
344 5060 726 5132 κεκοινώνηκε,
759 5062 922 5132 μηδὲν
947 5064 1231 5128 πεπονθὼς
1257 5066 1407 5138 παρὰ
1426 5067 1526 5137 τῆς
1548 5071 1788 5142 χείρονος

207 5151 626 5225 ἁνθρωπὸτητος
665 5157 745 5219 εἰς
769 5157 869 5226 τὴν
894 5155 1057 5210 αὑτοῦ
1087 5156 1335 5228 θεότητα,
1380 5148 1496 5213 ἀλλ’
1522 5161 1550 5213 ὃ
1585 5177 1658 5226 τι,
1690 5165 1783 5216 καί

204 5227 278 5295 τε
308 5244 524 5296 πάντων
557 5245 890 5309 καινότατον,
920 5248 978 5299 ὲν
1003 5250 1115 5311 τοῖς
1156 5254 1404 5318 φυσικοῖς
1430 5251 1585 5322 ἡμῶν
1615 5253 1784 5319 ὑπερ-

206 5335 351 5405 φυὴς
381 5331 468 5406 ἦν,
519 5335 781 5402 πεζεύων,
824 5338 938 5391 ἀλλ’
984 5340 1168 5392 ἐπάνω
1210 5342 1518 5399 εὐδιαλύτου
1559 5343 1778 5407 ὕδατοςο

205 5429 425 5493 ἐσθίων,
467 5431 605 5485 ἀλλά
642 5414 807 5496 τόσας
850 5434 1091 5505 χιλιάδας
1137 5437 1447 5506 χορτάζων·
1494 5439 1666 5492 πάντα
1714 5441 1784 5494 τὰ

206 5520 368 5593 ἡμῶν
396 5521 456 5584 ἐξ
483 5523 638 5594 ἡμῶν
673 5524 831 5596 ἔχων,
862 5529 954 5579 καὶ
983 5528 1128 5598 ὑμᾶς
1153 5528 1457 5599 ὑπερέχων.

1893 4612 1948 4655 et
1981 4603 2033 4656 in
2061 4605 2326 4672 perfectis
2353 4607 2731 4677 imperfectus,
2756 4611 2964 4679 quippe
2981 4626 3308 4685 supraquam
3335 4632 3460 4686 per-

1893 4694 2108 4763 fectus;
2136 4705 2392 4767 umquam
2436 4701 2628 4769 plenus
2667 4702 2718 4755 in
2750 4700 3142 4772 indigentibus,
3181 4715 3244 4760 et
3268 4724 3462 4779 supra-

1893 4799 2055 4854 quam
2091 4787 2284 4858 plenus
2339 4791 2391 4844 in
2432 4792 2627 4861 plenis,
2658 4803 2720 4846 et
2769 4809 3102 4866 quaecunque
3152 4813 3314 4868 supra
3349 4801 3465 4858 hate

1894 4889 2041 4943 sunt,
2067 4895 2140 4935 ne
2169 4879 2380 4953 singula
2408 4898 2814 4941 recenseamus.
2850 4887 2987 4943 Hinc
3014 4891 3274 4959 quoniam
3297 4893 3463 4949 etiam

1895 4974 2177 5029 nobiscum
2220 4976 2274 5031 in
2319 4987 2581 5034 carueet
2627 4981 2892 5051 sanguine
2922 4984 3376 5054 communicavit,
3411 4998 3464 5043 et

1895 5085 2024 5125 vere
2080 5072 2442 5128 sabstantiam
2502 5084 2744 5129 nostram
2802 5078 3139 5146 assumpsit,
3194 5088 3265 5134 et'
3301 5081 3465 5135 homo

1896 5164 2073 5218 dictus
2100 5174 2204 5229 est,
2241 5181 2436 5220 rursus
2467 5167 2627 5221 etiam
2666 5169 2718 5220 in
2753 5168 2818 5222 iis
2849 5167 3014 5223 habet
3040 5169 3282 5239 perfecta
3314 5189 3462 5244 qua:-

1891 5255 2013 5308 dam
2044 5256 2272 5325 vestigia
2301 5256 2631 5325 divinitatis;
2662 5274 2767 5312 non
2814 5260 2988 5314 solum
3031 5258 3176 5331 quod
3204 5259 3465 5320 divinitas

1891 5349 2006 5401 sine
2053 5347 2159 5401 ulla
2213 5349 2587 5404 immutatione
2627 5350 2791 5421 339
2827 5351 3110 5407 nobiscum
3155 5353 3464 5411 communi"-

1891 5443 2053 5506 carit,
2088 5440 2334 5510 nihilque
2378 5458 2408 5495 a
2441 5443 2620 5496 viliori
2655 5445 2996 5498 humanitate
3026 5461 3185 5515 passa
3220 5450 3330 5516 sit;
3366 5467 3462 5506 ve-

1891 5548 2012 5586 rum
2058 5534 2248 5601 etiam,
2292 5537 2437 5604 quod
2480 5537 2636 5590 novis
2683 5538 2938 5592 omnibus
2985 5541 3221 5595 maXime
3261 5557 3460 5616 novum

205 5624 314 5680 est,
343 5614 398 5667 in
429 5617 769 5673 naturalibus
800 5620 1003 5675 nostris
1025 5623 1464 5690 supernaturalis
1485 5623 1783 5692 exstiterit,
1823 5625 2132 5691 ambulans,
2160 5627 2255 5681 sed
2280 5642 2449 5697 supra
2507 5642 2703 5697 aquam
2731 5628 2970 5695 ﬂuxam;
3003 5637 3308 5696 comedens,
3367 5637 3459 5688 sed

207 5717 294 5763 tot
325 5709 491 5764 millia
525 5711 757 5778 satiatis,
790 5715 976 5770 omnia
1011 5725 1194 5770 nostra
1225 5730 1290 5769 ex
1330 5717 1489 5771 nobis
1515 5729 1570 5771 et
1608 5733 1768 5788 supra
1811 5735 1908 5774 nos
1938 5720 2271 5775 excellenter
2305 5721 2530 5775 habens.

275 5799 418 5871 μιν.
450 5801 669 5858 Τούτων
708 5804 806 5876 μὲν
831 5804 949 5870 ἃλις
970 5823 983 5838 ι
1014 5808 1104 5861 ἐπὶ
1143 5809 1200 5863 δὲ
1235 5809 1325 5864 τὸν
1362 5810 1455 5864 τοῦ
1483 5811 1640 5880 λόγου
1675 5828 1796 5866 σκο-

1977 5813 2004 5884 §
2049 5811 2138 5869 X1.
2184 5813 2290 5872 Sed
2333 5815 2401 5873 de
2433 5818 2518 5874 his
2563 5820 2722 5886 satis;
2776 5818 2937 5874 modo
2983 5817 3252 5876 sermonis
3287 5820 3457 5880 nostri
