4176 6308
760 366 868 422 εει-ς

1932 355 1988 411 S.
2030 351 2329 411 DIONYSII
2364 350 2827 408 AREOPAGITE

3925 350 4029 406 676

762 496 987 551 scopum
1034 492 1455 549 prosequamur.
1506 478 1819 531 communia
1854 485 1909 529 et
1946 476 2098 528 unita
2132 482 2333 528 sanctae

2438 472 2538 523 πὸν
2567 474 2865 542 προΐωμεν,
2896 471 3261 535 ἀνελίττοντες
3307 470 3375 523 τὰ
3414 469 3569 527 κοινὰ
3608 470 3698 523 xui.
3736 472 4025 543 ἡνωμένα,

760 571 1043 627 Trinitatis
1090 571 1331 643 nomina,
1364 584 1485 650 quae
1529 568 1725 624 divinae
1767 576 1896 623 sunt
1931 564 2334 627 distinctionis,

758 676 947 735 utpote
981 660 1248 719 donorum
1280 662 1591 717 divinorum
1624 676 1744 731 quae
1773 676 1802 713 a
1852 659 1961 713 Deo
1994 660 2341 726 distinguun-

762 769 871 824 tur,
906 764 1267 826 exponentes.
1298 753 1364 807 Et
1393 762 1452 806 ut
1480 753 1627 807 clare
1654 751 2000 813 definiamus,
2027 749 2336 805 distinctio-

759 864 883 904 nem
941 847 1184 901 divinam
1234 860 1355 900 esse
1400 845 1658 907 dicimus,
1717 842 1886 896 Deum
1932 843 2211 905 decentes,
2258 838 2337 892 uti

758 944 967 996 dictum
1006 950 1108 1004 est,
1137 938 1461 993 donationes
1488 952 1503 1001 ;
1538 937 1671 989 dum
1698 935 1845 989 enim
1889 932 2051 987 rebus
2082 932 2337 988 omnibus

758 1037 1026 1090 bonorum
1046 1028 1320 1088 consortia
1343 1029 1603 1099 impertit,
1628 1038 1739 1083 tum
1756 1012 2164 1095 unitequidem,
2187 1025 2237 1079 id
2256 1033 2337 1078 est

756 1144 823 1183 ex
849 1128 1009 1183 unius
1045 1136 1257 1180 natura:
1287 1122 1628 1193 proprietate
1661 1121 1713 1174 in
1753 1135 1849 1177 sua
1880 1133 2107 1173 munera
2138 1116 2337 1171 distin-

758 1222 963 1289 guitur,
998 1218 1352 1285 multiplicata
1390 1226 1519 1269 vero
1564 1215 1619 1268 in
1665 1211 1925 1268 beneﬁcia
1960 1209 2331 1281 particularia,

758 1328 972 1366 rursum
1008 1314 1236 1377 unitur;
1291 1310 1551 1381 quoniam
1585 1324 1651 1362 ex
1698 1323 1804 1360 uno
1836 1306 1948 1360 Deo
1991 1306 2170 1358 omnia
2206 1312 2335 1357 sunt

755 1404 1041 1459 beneﬁcia.
1077 1403 1141 1456 Et
1174 1403 1316 1457 dona
1355 1399 1575 1469 quidem
1608 1396 1923 1466 insingulis
1954 1393 2331 1463 multiplican-

757 1506 866 1562 tur,
913 1506 1135 1553 manent
1165 1501 1346 1549 autem
1392 1492 1444 1549 in
1480 1508 1591 1547 uno
1624 1492 1743 1546 sine
1788 1489 2125 1560 egressione.
2164 1500 2241 1539 ac
2286 1486 2329 1539 si

755 1594 809 1649 in
846 1607 955 1646 uno
989 1592 1082 1659 qui
1113 1601 1200 1644 est
1234 1588 1322 1642 illa
1350 1589 1476 1656 quis
1512 1586 1730 1650 videat;
1767 1582 2025 1653 quoniam
2073 1579 2217 1633 Deus
2249 1585 2334 1631 est

756 1687 802 1741 is
830 1686 921 1754 qui
950 1694 1059 1749 est,
1107 1684 1203 1738 sed
1245 1679 1827 1751 superessentiatiter:
1872 1685 1926 1731 et
1968 1673 2219 1743 producit
2265 1686 2328 1725 ea

754 1792 876 1847 qua
903 1785 1030 1829 sunt
1056 1792 1071 1840 ;
1103 1776 1343 1841 dumque
1374 1772 1445 1826 iis
1472 1771 1665 1825 tribuit
1688 1784 1831 1834 esse,
1860 1765 2256 1835 multiplicatur
2287 1764 2331 1817 is

754 1839 898 1939 quod
928 1839 1096 1920 unum
1126 1876 1213 1920 est
1240 1839 1293 1919 in
1325 1865 1397 1918 iis
1420 1878 1541 1932 quae
1566 1860 1935 1923 multa‘sunt;
1968 1854 2330 1909 nihilominus
2363 1839 2407 1896 Β

756 1971 935 2014 tamen
987 1960 1041 2012 in
1086 1957 1396 2012 istiusmodi
1449 1951 1901 2025 multiplicatione
1940 1957 2123 2006 manet
2166 1946 2222 1999 in
2269 1960 2329 1999 se

750 2054 882 2123 quid
910 2066 1101 2113 unum,
1136 2058 1190 2103 et
1226 2049 1281 2104 in
1315 2048 1655 2118 singulorum
1697 2041 2052 2099 distinctione
2083 2039 2325 2108 plenum,

752 2148 1010 2217 quoniam
1033 2144 1211 2233 es.th
1231 2142 1490 2197 omnibus
1521 2141 1683 2195 rebus
1712 2145 2047 2223 exemptum,
2075 2142 2183 2186 tam
2211 2130 2331 2185 sin-

752 2239 926 2307 gulari
958 2225 1314 2308 prnductione
1344 2234 1587 2288 omnium
1616 2231 1855 2300 (scilicet
1886 2226 2049 2289 simul
2074 2225 2328 2289 valendo,

750 2339 806 2385 ει
846 2347 951 2385 non
984 2328 1251 2398 paulatim
1279 2342 1343 2381 ac
1388 2340 1485 2395 per
1510 2310 1698 2394 partes
1726 2322 2026 2377 et’minuta
2057 2316 2328 2385 [usione;)

751 2426 878 2495 quia
908 2425 1070 2489 Deus,
1101 2423 1225 2475 dum
1252 2436 1340 2473 res
1371 2428 1541 2493 creat,
1574 2417 1709 2472 niltil
1740 2414 2014 2470 imminuit
2044 2412 2182 2466 bona
2208 2428 2324 2474 sua.

750 2514 847 2569 sed
872 2514 1001 2584 quid
1030 2528 1193 2567 unum
1226 2512 1440 2575 existit,
1487 2524 1551 2565 ac
1582 2509 1840 2562 virtutem
1881 2504 2093 2559 unitam
2142 2504 2330 2558 distri-

751 2606 870 2664 buit
898 2604 1125 2660 cuilibet
1154 2603 1297 2674 parti
1331 2602 1446 2657 sive
1487 2599 1699 2664 mundi,
1728 2598 1846 2652 sive
1884 2595 2159 2651 animalis.
2193 2593 2327 2662 Nam

752 2697 1171 2769 pars.quaelibet
1195 2696 1327 2765 quid
1350 2709 1520 2756 unum
1540 2690 1811 2753 estetlam
1847 2688 1946 2748 toti
1977 2686 2129 2757 (quia
2158 2694 2326 2739 totum

748 2791 1000 2861 estquid
1030 2786 1226 2855 unum)
1270 2787 1436 2841 etiam
1483 2785 1575 2838 uni
1624 2792 1833 2849 atomo,
1880 2794 1943 2835 ac
1990 2774 2326 2839 multitudini

751 2886 869 2938 sive
926 2882 1135 2947 multis,
1185 2890 1304 2950 quae
1358 2884 1485 2933 sunt
1527 2875 1657 2944 quid
1705 2888 1875 2929 unum
1925 2870 2135 2941 specie,
2189 2868 2331 2933 sicut

730 2975 909 3039 .multj
935 2974 1189 3037 homines
1221 2981 1347 3027 sunt
1373 2970 1503 3038 quid
1526 2981 1700 3035 unum
1727 2974 1949 3020 natura.
1975 2962 2111 3017 Cum
2146 2962 2330 3028 itaque

752 3068 837 3124 ltis
862 3067 1117 3131 omnibus
1159 3060 1769 3133 impertiatunitatem,
1817 3056 1950 3111 dum
1985 3069 2049 3109 ea
2082 3066 2147 3119 ex
2179 3052 2330 3121 prin-

751 3158 1021 3229 cipalibus
1050 3154 1356 3216 elementis,
1378 3166 1506 3222 quae
1536 3150 1766 3221 ipsemet
1796 3146 2069 3208 condidit,
2105 3156 2330 3210 compo-

754 3247 857 3311 nit,
898 3254 962 3304 ,ει
1007 3243 1219 3312 singula
1278 3257 1343 3296 ex
1396 3240 1703 3309 composito
1752 3236 1882 3306 quid
1940 3250 2107 3304 unum
2156 3234 2327 3302 facit;

753 3337 1005 3391 similiter
1034 3336 1232 3409 iterum
1277 3332 1406 3401 quid
1432 3346 1597 3399 unum
1645 3337 1752 3392 est,
1795 3341 2143 3402 nequaquam
2173 3339 2331 3392 crea—

752 3429 994 3486 tionibus
1041 3428 1093 3482 in
1138 3424 1547 3498 multitudinem
1596 3421 1826 3491 divisus,
1868 3416 2327 3489 quemadmodum

755 3539 859 3577 una
895 3523 1198 3591 eademque
1225 3536 1316 3575 ars
1350 3521 1609 3591 alicujus,
1642 3535 1765 3591 qua:
1794 3517 1997 3586 virtute
2026 3516 2191 3571 multa
2212 3509 2331 3570 arte

755 3615 898 3669 facta
921 3627 1273 3683 componens,
1297 3621 1352 3666 et
1378 3613 1541 3671 rebus
1565 3610 2025 3671 itntnaterialibus
2050 3606 2345 3681 praelecta,

755 3721 970 3763 rursum
1003 3706 1057 3759 in
1102 3705 1397 3775 semetipsa
1431 3720 1536 3759 una
1570 3704 1912 3774 simplexque
1953 3710 2163 3765 manet,
2206 3716 2327 3755 cum

756 3810 929 3865 neque
959 3810 1085 3863 pars
1111 3796 1183 3851 sit
1210 3804 1329 3849 arte
1360 3793 1662 3859 factorum,
1688 3808 1868 3863 neque
1895 3794 2025 3863 quid
2060 3802 2231 3846 totum
2264 3808 2330 3847 ex

756 3890 821 3943 iis
858 3870 1167 3943 catillatum.
1213 3888 1494 3955 Quomodo
1524 3888 1674 3943 enim
1714 3903 1804 3943 ars
1838 3902 1968 3955 pars
1997 3901 2124 3940 esse
2158 3884 2332 3955 possit

754 3996 945 4036 eorum
972 3990 1243 4049 qutearte
1267 3980 1603 4043 consistunt,
1634 3995 1755 4034 cum
1786 3981 1903 4048 ipsa
1929 3977 2161 4049 singulis
2190 3992 2333 4046 pra:-

755 4071 968 4125 sideat?
996 4073 1275 4140 quomodo
1306 4081 1491 4125 autem
1541 4068 1707 4143 3&0
1740 4080 1911 4123 totum
1940 4084 2005 4123 ex
2040 4069 2124 4133 bis
2153 4068 2243 4127 sit.
2279 4076 2333 4121 et

754 4178 876 4232 quae.
903 4164 1057 4233 prior
1089 4172 1172 4216 est
1200 4177 1267 4215 ex
1300 4160 1719 4231 posterioribus,
1751 4170 1805 4214 et
1836 4174 2000 4213 causa
2030 4172 2098 4213 ex
2124 4156 2335 4219 eﬂ‘ectis

754 4252 991 4309 existat?
1024 4252 1178 4309 Unde
1227 4254 1397 4307 etiam
1429 4251 1801 4315 concluditur,
1846 4248 2014 4303 Deum
2066 4263 2174 4303 non
2205 4264 2331 4303 esse

757 4346 1064 4405 istiusmodi
1096 4362 1261 4404 unum
1294 4347 1447 4416 quid,
1472 4344 1631 4415 quale
1661 4344 1715 4398 in
1756 4345 1911 4397 nobis
1940 4352 2060 4409 est;
2089 4343 2143 4395 in
2176 4342 2334 4397 nobis

754 4439 898 4504 enim
932 4440 984 4493 id
1034 4437 1177 4507 quod
1223 4451 1389 4491 unum
1416 4448 1533 4501 est,
1566 4420 1668 4491 [vel
1719 4445 1893 4497 totum
1930 4435 2014 4489 vel
2049 4450 2177 4505 pars
2215 4444 2328 4501 est;

2438 564 2547 633 τῆς.
2564 565 2719 631 ἁγίας
2760 564 2959 635 δηλαδὴ
2988 564 3215 634 Τριάδος
3242 564 3481 634 ὀνόματα
3506 564 3605 632 τῆς
3632 563 3779 627 θείας
3801 565 4024 637 διακρί-

2440 673 2597 719 σεως,
2631 657 2793 708 οἱονεί
2819 656 2928 708 τῶν
2956 655 3115 708 θείων
3142 655 3381 725 δωρεῶν,
3413 658 3468 707 αἳ
3491 655 3552 725 δὴ
3596 655 3699 708 ἀπὸ
3725 655 3864 707 Θεοῦ
3914 656 4029 710 δια-

2438 750 2733 820 κρίνονται.
2764 750 2873 801 Καὶ
2900 750 2985 801 ἵνα
3017 748 3200 817 σαφῶς
3228 748 3714 819 προδιορισώμεθα,
3743 748 4018 820 διάκρισιν

2438 844 2587 896 Θείαν
2616 843 2797 913 φαμὲν
2822 842 2921 905 τὰς
2948 842 3372 913 ἀγαθοπρετιεῖς,
3404 842 3479 904 ὡς
3513 841 3743 912 εἴρηται,
3774 842 3993 912 δωρεάς

2435 936 2751 1007 δωρουμένη
2798 934 2906 1006 γὰρ
2935 936 3067 987 πᾶσι
3098 936 3210 997 τοῖς
3249 930 3366 986 οὖσι
3392 932 3492 997 τὰς
3518 933 3624 985 τῶν
3669 932 3893 1001 ἀγαθῶν
3928 948 4020 1005 με.

2434 1031 2673 1094 τουσίας,
2717 1029 3011 1100 ἡνωμένως
3040 1027 3158 1098 μὲν,
3186 1028 3352 1097 ἤγουν
3393 1026 3595 1097 ὲκ¹τῆς
3634 1026 3897 1096 ἰδιότητος
3922 1026 4022 1096 τῆς

2440 1128 2567 1196 μιᾶς
2592 1126 2824 1193 φύσεως,
2842 1122 3175 1193 διακρίνεται
3198 1124 3277 1185 εἰς
3300 1120 3397 1183 τὰς
3420 1120 3642 1191 δωρεάς·
3666 1119 4019 1192 πληθυομένη

2434 1220 2489 1272 δὲ
2519 1221 2597 1283 εἰς
2624 1220 2721 1284 τὰς
2754 1216 2985 1288 μερικὰς
3010 1215 3347 1286 εὐεργεσίας,
3379 1214 3539 1269 πάλιν
3572 1213 3782 1267 ἑνοῦται
3803 1232 3815 1243 ·
3846 1216 3935 1267 ὅτι
3962 1212 4021 1278 ἰξ

2435 1314 2551 1375 ἐνὸς
2576 1310 2710 1364 Θεοῦ
2739 1313 2792 1363 αί
2834 1309 3160 1381 εὐεργεσίαι.
3193 1308 3302 1363 Καὶ
3330 1305 3888 1369 πολλαπλασιάζονται
3921 1304 4020 1375 μὲν

2433 1406 2488 1457 αἱ
2523 1406 2723 1481 δωρεαὶ
2751 1407 2841 1459 ἐπὶ
2866 1410 2979 1471 τοῖς
3006 1407 3128 1460 καθ’
3160 1408 3407 1473 ἕκαστον,
3440 1408 3655 1479 μένουσι
3682 1406 3735 1459 δὲ
3763 1408 4019 1475 ἀνεκφοι-

2432 1500 2609 1569 τήτως
2650 1502 2729 1562 εἰς
2767 1500 2826 1553 τὸ
2864 1500 2941 1561 ἓν,
2993 1496 3101 1553 οἷον
3154 1503 3246 1555 ἐπὶ
3286 1502 3403 1565 ἐνὸς
3453 1500 3545 1553 τοῦ
3587 1501 3733 1563 δντος
3785 1500 3883 1551 ῐδοι
3912 1516 4015 1561 τις,

2433 1589 2619 1659 ἐπειδὴ
2643 1590 2715 1642 ὢν
2751 1592 2897 1645 ἐστιν
2921 1596 2949 1647 ό
2996 1594 3146 1659 Θεὸς,
3187 1592 3301 1647 ἁλλ’
3348 1593 3705 1664 ὑπερουσίως⁶
3754 1592 3846 1644 xui
3873 1608 4017 1663 παρ-

2433 1681 2555 1748 άγει
2582 1682 2651 1735 τὰ
2673 1682 2800 1735 ὄντα
2826 1724 2838 1747 ,
2868 1686 2928 1738 τὸ
2965 1682 3103 1739 εἰναι
3145 1685 3355 1750 τούτοις
3399 1685 3766 1755 δωρούμενος·
3814 1684 4016 1737 πολλα-

2436 1771 2791 1836 πλασιάζεται
2814 1776 2971 1828 τοῦτο
2995 1777 3055 1829 τὸ
3082 1776 3137 1828 ἓν
3164 1776 3222 1829 ὃν
3250 1778 3330 1839 εἰς
3371 1775 3542 1830 πολλὰ
3568 1774 3695 1827 ὄντα
3716 1792 3727 1803 ’
3764 1775 3916 1845 μένει
3962 1774 4016 1827 δὲ

2434 1861 2585 1915 οὐδὲν
2627 1857 2787 1933 ἦττον
2834 1864 2889 1917 ἓν
2936 1866 3213 1937 ἡνωμένον
3241 1868 3296 1918 ὲν
3333 1865 3411 1935 τῷ
3439 1865 3662 1935 τοιούτῳ
3689 1864 4013 1936 πληθυσμῷ,

2433 1954 2529 2005 καὶ
2561 1952 2768 2025 πλῆρες
2814 1957 2871 2008 ὲν
2912 1957 2989 2027 τῷ
3032 1958 3400 2029 διακρίνεσθαι
3434 1961 3547 2021 τοῖς
3597 1957 3717 2011 καθ’
3758 1959 4014 2015 ἕκαστον.

2430 2043 2561 2097 διότι
2607 2048 2726 2098 ἐστὶ
2775 2049 2992 2115 πάντων
3042 2049 3149 2105 τῶν
3202 2050 3369 2106 ὄντων
3423 2050 3761 2121 ἐξῃρημένον
3805 2049 3905 2103 xui
3953 2050 4015 2119 τῇ

2433 2136 2608 2207 ὲνιαίᾳ
2636 2141 3182 2214 παραγωγῇκρήγουν
3208 2146 3274 2214 τῇ
3308 2142 3426 2213 ἅμα
3468 2142 3543 2212 τῷ
3587 2142 3895 2211 βούλεσθαι,
3928 2139 4018 2194 καὶ

2431 2227 2491 2279 οὐ
2524 2228 2665 2282 κατὰ
2696 2232 2889 2303 μικρόν
2917 2250 2975 2285 τε
3003 2234 3094 2305 καὶ
3126 2233 3387 2304 μερικῶς,
3429 2233 3524 2285 xui.
3548 2234 3613 2302 τῇ
3662 2230 4017 2300 ἀνελαττώτῳ

2432 2320 2584 2395 χύσει
2680 2323 2759 2375 ὅτι
2784 2322 2983 2387 κτίζων
3004 2324 3072 2378 τὰ
3097 2324 3224 2379 ὅντα
3248 2328 3276 2378 ό
3302 2312 3454 2389 Θεὸς,
3489 2325 3640 2377 οὐδὲν
3662 2322 3771 2375 τῶν
3799 2322 4016 2375 οἰκείων

2435 2418 2578 2484 μειοῖ
2616 2414 2857 2483 ἀγαθῶν,
2904 2415 3039 2469 ἀλλὰ
3068 2418 3163 2469 xui.
3206 2417 3262 2470 ἓν
3290 2416 3385 2479 ὢν,
3420 2418 3512 2469 xui.
3560 2416 3880 2486 μεταδιδοὺς
3920 2416 4017 2487 τῆς

2431 2507 2641 2570 ἑνιαίας
2670 2509 2951 2578 δυνάμεως
2982 2510 3074 2562 xu‘t
3102 2508 3255 2580 μέρει
3287 2510 3499 2581 ἑκάστῳ
3530 2508 3639 2561 εἴτε
3665 2508 3757 2561 τοῦ
3785 2509 4015 2579 κόσμου,

2431 2599 2543 2652 εἴτε
2570 2599 2664 2652 τοῦ
2694 2598 2831 2663 ζώου
2851 2618 2863 2629 ν
2895 2602 3004 2653 πᾶν
3028 2600 3137 2673 γὰρ
3168 2600 3333 2672 μέρος
3361 2580 3555 2654 ὲνιαῖόν
3583 2618 3654 2663 τι,
3686 2602 3776 2653 καλ
3804 2600 3913 2670 ὅλῳ

2431 2692 2538 2763 γὰρ
2574 2692 2694 2745 ὅλον
2721 2692 2780 2766 ἓν
2825 2692 2899 2762 τι)
2930 2686 3024 2744 xui.
3068 2692 3149 2743 ἑνὶ
3188 2691 3411 2761 ἀτόμῳ,
3464 2693 3557 2744 xui
3603 2690 3798 2761 πλήθει
3846 2693 4017 2761 ἡγουγ

2430 2784 2667 2849 πολλοῖς,
2693 2784 2729 2837 ἃ
2759 2782 2835 2853 τῷ
2862 2782 2989 2835 εῖδει
3017 2783 3075 2836 ἓν
3116 2784 3273 2849 εἰσιν,
3304 2782 3566 2854 ὦσπερόί
3598 2783 3781 2836 πολλοὶ
3808 2782 4018 2855 άνθρωυ

2432 2892 2520 2928 ποι
2548 2873 2629 2939 εἷς
2662 2878 2727 2947 τῇ
2759 2875 2916 2945 φύσει
2941 2875 3075 2930 ἐστί.
3106 2875 3327 2938 Τούτοις
3354 2870 3445 2928 οὖν
3470 2878 3583 2939 τοῖς
3614 2876 3745 2927 πᾶσι
3772 2874 3868 2926 τοῦ
3900 2874 4017 2937 ἑνὸς

2434 2964 2995 3039 μεταδιδοὺς,συνθεὶς
3016 2969 3155 3023 αὐτὰ
3177 2972 3241 3023 ὲκ
3269 2970 3377 3022 τῶν
3407 2970 3644 3040 ἀρχικῶν
3664 2968 3965 3040 στοιχείων,
3982 2968 4015 3022 ἃ

2430 3065 2523 3116 καὶ
2536 3062 2673 3117 αὐτὰ
2690 3064 2790 3115 ὑπέ
2800 3065 3079 3139 usque,qu
3093 3064 3149 3115 ἒν
3168 3066 3398 3133 ποιήσας
3408 3065 3636 3117 ἕκαστον
3652 3067 3717 3134 τῇ
3738 3064 4013 3123 συστάσει,

2432 3155 2593 3226 πάλιν
2619 3156 2677 3210 ἓν
2701 3151 2847 3209 ἐστιν
2870 3156 3149 3222 ῶσαύτως,
3175 3159 3233 3210 οὐ
3266 3156 3540 3228 μερισθεὶς
3566 3160 3677 3220 τοῖς
3704 3159 3784 3219 εἰς
3811 3156 4014 3225 πλῆθος

2431 3248 2929 3320 δημιουργήμασιν,
2962 3247 3149 3318 ῶσπερ
3174 3251 3206 3319 ἡ
3232 3248 3370 3319 αὐτὴ
3400 3250 3494 3302 καὶ
3526 3250 3621 3318 μία
3649 3248 3844 3318 τέχνης
3869 3249 4014 3310 τινος

2430 3336 2678 3408 δύναμις,
2728 3336 2899 3390 πολλὰ
2946 3337 3403 3396 κατασκευάσασα
3451 3337 3704 3408 τεχνητὰ,
3754 3338 3853 3389 καὶ
3904 3340 4013 3401 τοῖς

2433 3429 2615 3497 ἀύλοις
2639 3430 3073 3501 ὲπιστατήσασα,
3101 3428 3261 3489 πάλιν
3297 3430 3354 3488 ὲν
3401 3430 3565 3498 ἑαυτῇ
3607 3428 3704 3497 μία
3751 3430 3843 3479 καὶ
3868 3426 4011 3497 ἁπλῆ

2436 3522 2607 3593 μένει,
2632 3522 2755 3575 οὐτε
2789 3522 2951 3593 μέρος
2979 3518 3114 3575 οὖσα
3136 3521 3243 3574 τῶν
3268 3520 3563 3593 τεχνητῶν,
3590 3520 3710 3573 οῦτε
3736 3538 3787 3572 τι
3810 3520 3929 3572 ὅλον
3957 3520 4011 3593 ἐξ

2433 3592 2654 3685 ἐκείνων
2695 3592 3067 3683 συγκείμενον.
3099 3612 3223 3677 Πῶς
3251 3592 3363 3684 γὰρ
3398 3614 3567 3684 μέρος
3601 3612 3709 3665 τῶν
3749 3611 3889 3664 κατὰ
3916 3592 4013 3681 τὴν

2432 3708 2628 3779 τέχνην
2656 3709 2965 3773 συστάντων
2989 3710 3020 3777 ἡ
3045 3706 3227 3778 τέχνη,
3248 3706 3383 3777 αὐτὴ
3408 3705 3665 3768 ὀλοτελῶς
3689 3707 3771 3773 ἐφ’
3800 3705 4012 3772 ἑκάστῳ

2434 3801 2877 3871 ὲπισταςςήσασω
2923 3798 3040 3862 πῶς
3065 3798 3121 3856 δὲ
3160 3798 3279 3850 ὅλον
3306 3798 3369 3861 ἐκ
3407 3796 3629 3860 τούτων,
3672 3798 3703 3863 ἠ
3733 3793 3925 3865 πρώτη
3952 3794 4013 3848 ἐκ

2433 3892 2541 3947 τῶν
2568 3894 2832 3964 ὑστέρων,
2864 3893 2958 3958 xui
2994 3894 3027 3962 ἠ
3060 3892 3205 3967 αἰτία
3239 3892 3302 3951 ἐκ
3326 3890 3433 3943 τῶν
3465 3889 3755 3952 αἰτιατῶν;
3792 3890 3901 3941 Καὶ
3928 3887 4014 3942 διὰ

2433 3985 2590 4039 τοῦτο
2624 3987 2935 4053 συνάγεται,
2976 3986 3055 4038 ὅτι
3085 3984 3207 4037 οὐτε
3243 3986 3299 4037 ἓν
3340 3985 3454 4035 ἐστι
3479 3984 3540 4035 τὸ
3565 3982 3717 4038 Θεῖον
3753 3970 4015 4047 τοιοῦτον,

2434 4075 2542 4131 οίόν
2566 4079 2714 4132 ἐστιν
2742 4073 2800 4131 ἐν
2827 4080 2957 4148 ἡμῖν
2976 4094 2989 4108 ⁸
3018 4079 3076 4131 ὲν
3106 4080 3237 4148 ἡμῖν
3265 4076 3370 4148 γὰρ
3396 4076 3458 4129 τὸ
3496 4076 3551 4129 ἓν
3579 4074 3610 4145 ἢ
3642 4075 3757 4128 ὅλον
3783 4076 3815 4144 ἢ
3844 4075 4012 4147 μέρος

2434 4171 2571 4233 ὲστί,
2596 4171 2656 4224 τὸ
2680 4170 2733 4222 δὲ
2763 4170 2917 4223 Θεῖον
2954 4170 3096 4241 ὑπὲρ
3112 4168 3312 4243 ταῦτα,
3343 4166 3462 4220 οὔτε
3486 4168 3703 4238 μετέχει
3738 4165 3839 4218 τοῦ
3864 4165 4005 4230 ἑνός’

2436 4260 2553 4324 πῶς
2579 4261 2721 4332 γάρ;
2748 4259 2963 4331 πρῶτον
2992 4260 3100 4329 γὰρ
3130 4258 3281 4311 ἔσται
3310 4258 3469 4318 πάλιν
3512 4259 3693 4328 ἕτερον
3738 4256 3815 4320 ἓν,
3845 4251 4009 4325 οὗπερ

2439 4352 2651 4423 μεθέξει
2675 4352 2734 4405 τὸ
2757 4351 2939 4423 Θεῑονσ
2973 4351 3033 4405 τὺ
3071 4349 3179 4421 γὰρ
3212 4349 3573 4420 μετεχόμενον
3608 4347 3715 4399 τῶν
3760 4346 4009 4416 μετεχόν-

2434 4460 2542 4501 των
2566 4442 2780 4514 πρῶτόν
2815 4444 2982 4495 ἐστιν.
3029 4441 3169 4507 υύτε
3195 4442 3255 4493 τὺ
3282 4441 3340 4492 ἓν
3370 4441 3504 4510 ἔχει,
3532 4440 3605 4503 ῶς
3631 4458 3681 4495 τι
3707 4438 4007 4509 ὲπισύμόα·

758 4532 904 4586 Deus
950 4540 1131 4585 autem
1184 4538 1268 4583 εει
1322 4542 1486 4599 supra
1524 4528 1666 4597 ista;
1706 4541 1884 4597 neque
1928 4527 2224 4597 participat
2264 4527 2331 4580 de

2440 4551 2534 4605 μα,
2564 4532 2597 4604 ἢ
2624 4535 2715 4587 xui
2737 4534 2991 4601 οὐσιῶδες
3015 4533 3225 4603 εἰδίωμα
3249 4549 3261 4561 ·
3293 4534 3468 4599 ἐκεῖνο
3493 4532 3601 4602 γὰρ
3638 4531 3748 4601 ἔχει
3776 4531 3838 4582 τὸ
3876 4529 3953 4592 ἒν,
3979 4529 4006 4581 ὅ

760 4638 905 4687 uno;
941 4621 1216 4691 quomodo
1257 4620 1445 4676 enim?
1476 4635 1604 4675 nam
1634 4620 1714 4675 sic
1761 4619 1959 4683 iterum
1993 4618 2135 4672 aliud
2168 4616 2331 4686 quid-

758 4717 881 4771 dam
918 4731 1085 4769 unum
1122 4715 1277 4789 prius
1314 4714 1446 4781 erit,
1488 4713 1646 4783 cujus
1690 4713 1971 4783 particeps
2007 4712 2113 4777 erit
2147 4711 2287 4764 Deus
2318 4721 2333 4763 :

766 4808 1022 4876 quoniam
1056 4808 1120 4860 id
1171 4806 1316 4875 quod
1356 4804 1742 4874 participatur,
1788 4804 1941 4874 prius
1990 4813 2076 4857 est
2106 4803 2172 4856 iis
2217 4816 2337 4871 quae

760 4900 1109 4970 participant.
1158 4897 1349 4965 Neque
1382 4898 1549 4952 etiam
1598 4896 1732 4967 quid
1762 4910 1929 4949 unum
1952 4905 2046 4950 est
2074 4906 2337 4964 tanquam

761 5008 857 5061 per
881 4992 1161 5055 accidens,
1208 4988 1292 5044 vel
1326 4991 1493 5043 etiam
1535 4998 1603 5059 ut
1644 4986 1955 5058 proprietas
1986 4987 2333 5053 essentialis;

759 5079 873 5134 hanc
902 5079 1043 5132 enim
1093 5077 1224 5131 illud
1265 5093 1430 5132 unum
1466 5076 1634 5143 habet
1665 5078 1812 5147 quod
1836 5078 2091 5149 ‘essentia
2121 5088 2177 5132 et
2201 5095 2332 5145 ens;

764 5171 903 5252 Deus
936 5180 1120 5225 autem
1146 5186 1309 5240 supra
1340 5172 1642 5242 essentiam
1676 5179 1761 5226 est
1787 5180 1855 5234 ,ει
1886 5186 2052 5239 supra
2081 5186 2201 5226 ens.
2238 5170 2334 5226 His

760 5261 1017 5315 omnibus
1065 5262 1251 5330 itaque
1287 5261 1447 5315 modo
1492 5261 1653 5330 longe
1673 5260 1986 5323 subliminri
2026 5264 2165 5317 Deus
2209 5264 2335 5332 quid

764 5368 929 5405 unum
969 5362 1078 5417 εει,
1129 5367 1294 5421 supra
1342 5368 1510 5407 unum
1560 5356 1706 5424 quod
1738 5358 1913 5408 estin
1968 5356 2166 5421 rebus;
2202 5356 2335 5425 quin

763 5440 930 5494 etiam
969 5442 1261 5497 multitudo
1292 5454 1398 5508 est,
1438 5460 1565 5499 cum
1598 5448 1651 5501 in
1683 5449 1891 5517 Optima
1929 5465 2165 5521 quisque
2214 5466 2333 5504 tnu-

770 5550 900 5591 neta
928 5536 1411 5605 providentiasque
1436 5539 1838 5608 multiplicetur,
1866 5546 2085 5597 minime
2108 5545 2333 5612 divisus,

752 5628 857 5691 aed
883 5642 949 5683 ex
982 5630 1189 5701 integro
1232 5632 1457 5702 singulis
1489 5635 1753 5704 obtingat,
1781 5638 2003 5694 tametsi
2039 5653 2134 5705 pro
2165 5638 2338 5693 lacul-

770 5734 877 5776 tate
916 5739 1142 5791 quaeque
1183 5720 1280 5779 sua
1326 5727 1499 5795 ipsum
1548 5728 1888 5797 participem.
1936 5730 2199 5801 Quocirca
2251 5742 2335 5787 est

777 5815 1149 5884 inexhaustus,
1196 5826 1249 5873 et
1281 5817 1665 5890 superplenus;
1715 5818 1761 5874 si
1795 5819 1935 5883 enim
1978 5821 2331 5891 divideretur,

2436 4628 2584 4680 ἐστιν
2606 4626 2763 4680 οὐσία
2793 4628 2887 4680 xui
2927 4627 3005 4690 ὃν,
3032 4626 3091 4679 τὸ
3112 4626 3168 4678 δὲ
3192 4626 3345 4678 Θεῖον
3380 4626 3520 4696 ὑπὲρ
3546 4624 3640 4695 τὴν
3679 4624 3866 4677 οὐσίαν
3910 4624 4005 4677 καὶ

2438 4720 2578 4790 ὑπὲρ
2610 4719 2671 4771 τὸ
2696 4721 2772 4774 ὃν,
2801 4720 2995 4791 Πόρρω
3024 4718 3153 4787 γοῦν
3176 4718 3378 4773 τούτων
3406 4717 3657 4771 ἁπάντων
3686 4718 3747 4769 τὸ
3772 4717 3928 4769 Θεῖον
3952 4716 4006 4770 ἓν

2438 4810 2577 4882 ὑπὲρ
2608 4812 2668 4863 τὸ
2690 4812 2748 4864 ὲν
2772 4812 2883 4873 τοῖς
2914 4807 3063 4863 οὖσιν
3089 4811 3146 4863 ἓν
3170 4827 3182 4838 ·
3223 4808 3360 4866 ἀλλὰ
3384 4810 3477 4862 xui.
3512 4807 3732 4878 πλῆθος,
3766 4809 3889 4860 ἐπεὶ
3929 4809 4004 4870 εἰς

2436 4897 2535 4974 τᾲς
2558 4899 2966 4970 ἁγαθοπρεπεῖς
2988 4899 3195 4969 δωρεὰς
3228 4899 3323 4969 καὶ
3346 4897 3600 4968 προνοίας
3642 4896 4002 4968 πεπλήθυνται

2442 4993 2515 5063 μὴ
2555 4991 2928 5064 μεριζόμενον,
2961 4992 3073 5045 ἀλλ’
3101 4990 3408 5062 ὁλοκλήρως
3447 4991 3694 5053 ἑκάστοις
3738 4990 4002 5060 προσϐάλ-

2438 5084 2546 5148 λον,
2571 5086 2618 5136 εἰ
2643 5085 2735 5138 καὶ
2759 5082 2828 5136 τὰ
2854 5084 3146 5154 μετέχοντα
3169 5084 3310 5137 κατὰ
3338 5084 3435 5155 τὴν
3467 5084 3672 5136 οἰκείαν
3729 5086 3999 5153 μετέχουσι

2437 5174 2685 5246 δύναμιν.
2715 5173 2812 5228 Διὰ
2834 5175 2993 5229 τοῦτο
3025 5176 3363 5248 ἀπλήρωτον,
3410 5172 3759 5247 ὑπερ-πλῆρες
3778 5192 3791 5204 ·
3826 5178 3872 5228 εἰ
3902 5174 4001 5245 γὰρ

2438 5265 2740 5338 ἐμερίζετο,
2770 5266 3093 5338 ἐπληροῦτο,
3123 5267 3230 5321 πᾶν
3255 5268 3348 5320 xu‘t
3372 5267 3434 5320 τὸ
3459 5267 3545 5319 ἕν’
3576 5268 3671 5319 καὶ
3698 5267 3757 5318 τὸ
3788 5266 3997 5337 πλῆθος.

2438 5360 2705 5430 παράγον,
2738 5358 2978 5412 τελειοῦν
3025 5362 3120 5413 xu‘t
3164 5362 3405 5431 συνέχον,
3440 5360 3647 5414 πολλῶν
3688 5359 3827 5413 θεῶν
3872 5378 3991 5429 γινο-

2441 5451 2637 5519 μένων,
2687 5454 2779 5505 xui
2804 5452 2911 5505 τῶν
2947 5452 3215 5520 ἀγγέλων,
3259 5455 3352 5506 καὶ
3382 5452 3490 5504 τῶν
3526 5451 3829 5524 ἀνθρώπων
3858 5455 3919 5522 τῇ
3948 5451 3999 5517 ἐξ

2438 5544 2601 5596 αὐτοῦ
2634 5544 2824 5597 θεώσει
2857 5548 2915 5597 ἐν
2944 5545 3022 5615 τῷ
3057 5545 3200 5599 κατὰ
3234 5546 3462 5617 δύναμιν
3496 5547 3724 5599 ἑκάστου
3769 5543 3996 5607 θεοειδεῖ,

2437 5636 2464 5689 ὃ
2491 5638 2597 5689 ἀπὸ
2634 5637 2767 5690 Θεοῦ
2796 5638 3151 5709 λαμὸάνουσι.
3182 5641 3337 5692 Δοκεῖ
3376 5638 3474 5710 μὲν
3501 5634 3590 5690 οὖν
3620 5638 3887 5699 ἐντεῦθεν,
3926 5639 3998 5689 ὅτι

2437 5732 2495 5784 τὸ
2536 5731 2687 5784 Θείον
2731 5731 3067 5803 διακρίνεται
3104 5733 3197 5785 xui
3240 5732 3589 5803 πληθύνεται,
3636 5734 3692 5785 ὲν
3732 5732 3809 5802 τῷ
3856 5730 3997 5784 θεοῦν

2438 5824 2681 5881 ἕκαστον·
2717 5824 2830 5882 ἀλλ’
2860 5825 3009 5879 οὐδὲν
3036 5820 3197 5897 ἧττον
3223 5828 3251 5880 ὁ
3278 5824 3551 5899 Ἀρχίθεος
3577 5821 3655 5891 εἷς
3681 5826 3834 5892 Θεὸς,
3864 5825 3993 5898 ,ἀμι-
