4178 6312
1193 466 1280 522 DE
1320 464 1574 522 DIVINIS
1618 461 2018 527 NOMINIBUS,
2055 459 2210 518 CAP.
2265 457 2356 518 Ill.

3353 460 3464 521 682

1755 582 1894 655 §ll.

260 733 372 790 Καὶ
406 730 567 787 to'wo
593 731 652 787 δέ
681 729 812 796 ῐσως
839 728 1138 800 ἀπολογίας
1171 728 1341 796 ἀξιον,
1384 728 1468 782 ὅτι
1506 726 1605 781 τοῦ
1636 725 1777 781 κλει-

1955 722 2132 792 Atque
2171 718 2262 774 hic
2289 717 2525 773 fortasse
2552 716 2708 772 nobis
2747 730 2855 774 non
2885 717 3159 774 immerito
3186 720 3465 775 reddenda

191 826 287 882 νοῦ
335 825 711 898 καθηγεμόνος
769 823 929 896 ἡμῶν
988 820 1251 895 Ἰεροθέου
1304 822 1406 886 τὰς
1465 820 1783 891 θεολογικὰς

195 915 562 989 στοιχειώσεις
592 915 888 989 ὑπερφυῶς
925 914 1342 994 συναγαγόντος,
1378 915 1542 986 ἡμεῖς
1573 914 1650 978 ὼς
1684 913 1784 984 οὐχ

194 1010 398 1066 ίκανῶν
431 1010 679 1074 ἐκείνων,
706 1007 873 1073 ἄλλας
908 1024 970 1061 τε
1014 1007 1109 1062 καὶ
1142 1007 1242 1078 τὴν
1286 1005 1567 1078 παροῦσαν
1605 1005 1785 1058 θεολο-

193 1105 320 1177 γίαν
365 1102 849 1177 συνεγραψάμεθα.
887 1102 1079 1156 Καίτοι
1127 1118 1213 1170 γε,
1259 1101 1308 1153 εἰ
1353 1100 1452 1171 μὲν
1504 1100 1713 1162 ἐκεῖνος
1738 1098 1782 1130 uo

192 1198 324 1269 ἑξῆς
384 1193 1027 1269 διαπραγματεύσασθαι,
1073 1193 1254 1255 πάσας
1311 1191 1410 1256 τὰς
1465 1189 1782 1260 θεολογικὰς

191 1293 579 1365 πραγματείας
608 1291 830 1360 ἠξίωσε,
857 1290 949 1342 καὶ
993 1290 1243 1360 μερικαῖς
1269 1285 1536 1353 ἀνελίξεσι
1570 1284 1783 1356 διῆλθεν

190 1386 410 1457 ἀπάσης
450 1384 728 1454 θεολογίας
758 1383 1073 1452 κεφάλαιον,
1098 1381 1199 1434 οὐκ
1243 1379 1309 1434 ἂν
1338 1381 1496 1451 ἡμεῖς
1537 1378 1631 1432 ἐπὶ
1658 1395 1781 1431 τοσ-

190 1476 348 1531 οῦτον
382 1477 416 1547 ἢ
461 1475 657 1548 μανίας
679 1477 722 1507 ³¹
763 1473 798 1545 ἢ
841 1469 1162 1543 σκαιότητος
1203 1467 1558 1540 ἐληλύθειμεν
1597 1468 1665 1530 ⁸³,
1706 1466 1780 1528 ὡς

190 1568 638 1643 ἡόπτικώτερον
677 1568 886 1622 ἐκείνου
931 1567 1026 1620 καὶ
1072 1565 1339 1638 θειότερον
1367 1562 1617 1633 οἰηθῆναι
1662 1564 1782 1628 ταῖς

190 1662 490 1733 θεολογίαις
523 1660 802 1716 ἐπιϐαλεῖν
821 1677 834 1691 ·
860 1660 893 1730 ἢ
920 1660 1002 1724 δὶς
1023 1658 1094 1714 τὰ
1129 1659 1268 1712 αύτά
1297 1655 1564 1728 περιττῶς
1599 1657 1783 1724 λέγον-

187 1773 312 1821 τις,
335 1754 763 1824 εἰκαιολογῆσαι,
786 1753 1012 1824 προσέτι
1035 1752 1126 1806 καὶ
1149 1751 1402 1821 ἀδικῆσαι
1425 1750 1519 1803 καὶ
1538 1749 1784 1802 διδάσκα-

187 1849 283 1903 λον
307 1849 401 1903 καὶ
427 1847 579 1918 φίλον
603 1846 760 1911 ὅντα,
800 1847 896 1900 καὶ⁸
930 1846 1078 1917 ἡμᾶς
1104 1844 1231 1907 τοὺς
1278 1842 1416 1914 μετά
1450 1841 1664 1896 Παῦλον
1690 1841 1781 1894 τὸν

185 1938 332 1993 θεῖον
372 1940 435 1992 ἐκ
473 1937 582 1990 τῶν
623 1936 830 1991 ἐκείνου
878 1935 1053 2004 λόγων
1074 1935 1120 1966 ⁵³
1162 1933 1635 2004 ποιχειωθέντας,
1682 1932 1782 2004 τὴν

185 2028 537 2098 κλεινοτάτην
563 2025 728 2080 αὑτοῦ
765 2027 859 2079 καὶ
900 2024 1130 2097 Θεωρίαν
1161 2024 1255 2077 καὶ¹
1283 2024 1542 2093 ἕκφανσιν
1571 2023 1782 2086 ἐαυτοῖς

187 2121 632 2195 ὑφαρπάζοντας.
675 2119 813 2173 Ἀλλ’
844 2117 1034 2189 ἐπειδὴ
1059 2116 1138 2188 τῷ
1161 2117 1275 2171 ὅντι
1302 2116 1372 2170 τὰ
1399 2117 1516 2170 θεῖα
1543 2113 1780 2188 πρεσϐυ-

184 2214 357 2280 τικῶς
382 2212 756 2284 ὑφηγούμενος
798 2211 1024 2273 ἐκεῖνος,
1068 2208 1421 2273 συνοπτικοὺς
1459 2208 1592 2279 ἡμῖν
1621 2207 1779 2277 ὅρους

185 2307 424 2376 ἐξέθετο,
451 2307 548 2360 καὶ
586 2307 645 2358 ἐν
683 2305 764 2358 ἐνὶ
804 2302 976 2357 πολλὰ
1018 2300 1457 2372 περιειληφότας,
1487 2299 1562 2363 ὡς
1601 2294 1710 2352 οἷον
1732 2299 1779 2330 ⁵⁸

185 2405 342 2478 ἡμῖν,
372 2402 468 2455 καὶ
490 2401 608 2454 ὅσοι
644 2397 765 2452 καθ’
794 2399 943 2470 ἡμᾶς
975 2394 1282 2450 διδάσκαλοι
1313 2395 1359 2426 ⁸⁸
1387 2392 1495 2446 τῶν
1519 2389 1779 2445 νεοτελῶν

181 2493 398 2565 ψυχῶν,
445 2491 861 2562 ἐγκελευόμενος
901 2487 1204 2555 ἀναπτύξαι
1250 2487 1345 2540 καὶ
1386 2486 1659 2555 διακρῖναι
1701 2482 1779 2554 τῷ

182 2588 321 2659 ἡμῖν
348 2585 649 2656 συμμέτρῳ
680 2584 828 2655 λόγῳ
852 2582 951 2647 τὰς
975 2580 1303 2645 συνοτιτικάς
1328 2581 1423 2633 καὶ
1451 2578 1657 2642 ἐνιαίας
1679 2578 1779 2650 τῆς

182 2678 529 2749 νοερωτάτης
574 2674 803 2747 τάνδρὸς
853 2673 1063 2728 ἐκείνου
1110 2672 1394 2743 δυνάμεως
1444 2667 1773 2736 συνελίξεις·

184 2766 286 2820 καὶ
311 2765 572 2827 πολλάκις
597 2764 744 2834 ἡμᾶς
769 2763 864 2816 καὶ
903 2761 1068 2825 αὐτὸς
1104 2762 1186 2825 εἰς
1210 2760 1368 2814 τοῦτο
1410 2759 1774 2832 προέτρεψας,

182 2858 282 2913 καὶ
318 2858 417 2928 τήν
443 2873 506 2925 γε
555 2854 732 2926 βίϐλον
770 2853 959 2927 αὐτὴν,
1001 2854 1076 2918 ὡς
1112 2852 1513 2925 ὑπεραίρουσαν
1546 2851 1778 2906 ἀνταπέ-

185 2948 424 3012 σταλκας
442 2949 508 3000 ⁵⁸.
536 2947 724 3020 Ταύτῃ
746 2964 830 3000 τοι
872 2945 967 3000 καὶ
993 2948 1153 3017 ἡμεῖς
1175 2945 1266 2998 τὸν
1295 2944 1415 3016 μὲν,
1440 2942 1517 3008 ὡς
1556 2941 1777 2997 τελείων

184 3035 284 3090 καὶ
309 3035 690 3108 πρεσϐυτικῶν
711 3035 958 3090 διανοιῶν
983 3035 1319 3099 διδάσκαλον,
1347 3036 1460 3098 τοῖς
1484 3034 1624 3105 ὑπὲρ
1649 3034 1775 3098 τοὺς

182 3126 417 3191 πολλοὺς
443 3127 489 3159 ⁸⁷
514 3125 869 3199 ἀφορίζομεν,
897 3125 1088 3199 ῶσπερ
1112 3125 1235 3181 τινὰ
1258 3125 1487 3199 δεύτερα
1525 3124 1682 3196 λόγια
1704 3128 1772 3190 ⁸⁸,

183 3217 282 3270 καὶ
317 3216 428 3271 τῶν
469 3217 796 3290 θεοχρίστων
818 3218 863 3250 ⁸⁸
888 3217 1159 3273 ἀκόλουθα
1177 3236 1191 3249 ·
1219 3221 1332 3282 τοῖς
1376 3217 1499 3272 καθ’
1527 3219 1678 3290 ἡμᾶς
1717 3219 1776 3274 δὲ
1795 3235 1816 3252 ’

181 3312 350 3384 ἡμεῖς
375 3310 652 3381 ἀναλόγως
687 3312 819 3383 ἡμῖν
855 3310 926 3365 τὰ
951 3311 1073 3366 θεῖα
1115 3310 1530 3384 παραδώσομεν.
1561 3313 1624 3366 El
1667 3313 1776 3385 γὰρ

1889 812 2028 867 ratio
2059 812 2151 874 sit,
2180 825 2281 866 cur
2310 808 2702 866 cum-eximius
2732 817 3031 878 praeceptor
3062 821 3248 866 noster
3276 810 3467 867 lliero-

1887 905 2043 959 theus
2080 900 2383 971 theologica
2416 899 2682 970 principia
2713 909 2977 956 accurate
3008 902 3312 974 collegerit,
3345 919 3467 968 nos,

1885 999 2035 1066 quasi
2071 996 2158 1050 illa
2192 1009 2295 1050 non
2333 994 2668 1060 sullicerent,
2694 1002 2750 1048 et
2782 993 2939 1058 alios,
2969 1006 3026 1049 et
3057 995 3201 1051 hunc
3231 1011 3467 1068 praesen-

1885 1097 1994 1142 tem
2035 1094 2334 1143 tractatum
2372 1087 2737 1158 theologicum
2783 1088 3292 1158 conscripserimus.
3333 1087 3471 1145 Pru.

1887 1179 2027 1235 recto
2057 1181 2104 1235 si
2152 1188 2556 1249 consequenter
2590 1178 2682 1235 ille
2709 1191 2900 1234 omnes
2945 1187 3216 1234 tractatus
3262 1180 3470 1236 theolo-

1886 1277 2038 1344 gicos
2063 1276 2256 1332 ordine
2298 1275 2544 1346 digestos
2574 1273 2739 1329 edere
2778 1272 3060 1340 voluisset,
3107 1284 3163 1330 et
3210 1275 3293 1329 vel
3340 1277 3464 1330 bre-

1885 1368 2123 1424 vissimis
2167 1366 2605 1438 expositionibus
2653 1368 2822 1423 totius
2867 1368 3152 1438 theologia:
3199 1383 3469 1422 summam

1884 1461 2256 1532 explanasset,
2303 1477 2585 1532 nunquam
2630 1475 2694 1516 ea
2725 1475 2826 1516 nos
2863 1462 3079 1516 insania
3130 1461 3472 1519 stoliditasve

1884 1556 2140 1624 cepisset,
2170 1564 2230 1611 ut
2256 1555 2349 1610 illo
2375 1555 2464 1610 vel
2496 1555 2760 1625 liquidius
2802 1553 2888 1610 vel
2926 1555 3163 1611 divinius
3205 1569 3292 1612 res
3336 1556 3470 1612 istas

1885 1648 2222 1718 theologicas
2267 1663 2367 1702 nos
2413 1656 2708 1717 penetrare
2756 1661 2919 1716 posse
2964 1656 3321 1718 putaremus;
3377 1659 3474 1706 aut

1882 1741 2072 1795 eadem
2102 1740 2186 1795 bis
2213 1740 2534 1809 repetendo,
2558 1737 2832 1808 superfluo
2855 1753 3121 1810 cassoque
3149 1740 3338 1796 labore
3365 1754 3468 1796 nos

1883 1831 2147 1887 vellemus
2177 1830 2432 1900 fatigare,
2476 1840 2796 1901 tantamque
2839 1831 3018 1886 amico
3045 1843 3101 1886 et
3148 1833 3469 1904 prteceptori

1885 1934 2074 1979 nostro
2101 1923 2354 1994 injuriam
2386 1923 2654 1996 irrogare,
2685 1935 2745 1976 ut
2776 1923 3291 1994 prtestantissimam
3322 1924 3465 1993 ejus,

1883 2031 1913 2069 a
1949 2030 2056 2084 quo
2085 2022 2208 2084 post
2239 2013 2484 2068 divinum
2526 2012 2752 2067 Paulum
2797 2014 2990 2068 imbuti
3030 2029 3238 2080 smnus,
3278 2018 3464 2072 scien-

1886 2109 2012 2163 tiam
2041 2117 2097 2163 et
2136 2107 2540 2178 expositionem
2571 2108 2729 2162 nobis
2762 2121 2860 2177 per
2897 2107 3136 2179 plagium
3170 2125 3470 2179 usurpare-

1883 2220 2022 2260 mus.
2051 2203 2215 2274 353
2246 2201 2353 2258 Sed
2380 2203 2637 2272 quoniam
2677 2200 2767 2257 ille
2798 2215 2886 2257 res
2913 2202 3130 2258 divinas
3160 2220 3290 2260 vere
3333 2221 3465 2278 gra-

1881 2303 2021 2357 viter
2066 2300 2369 2371 explicans,
2414 2299 2739 2367 compendio
2788 2297 2946 2353 nobis
2993 2298 3220 2354 subtiles
3259 2300 3471 2372 aliquot

1880 2394 2228 2450 definitiones
2273 2391 2526 2456 tradidit,
2573 2407 2694 2462 qure
2726 2393 2780 2446 in
2815 2406 2986 2446 unum
3031 2392 3199 2446 multa
3233 2393 3465 2463 conglo-

1883 2495 2116 2552 merant,
2158 2484 2344 2554 jussus
2380 2499 2522 2549 sum,
2576 2499 2682 2539 una
2729 2499 2854 2539 cum
2904 2484 3126 2556 collegis
3175 2486 3334 2551 meis,
3370 2487 3466 2557 qui

1879 2576 2168 2631 animabus
2194 2575 2374 2631 adhuc
2400 2575 2716 2631 rudioribus
2743 2574 3053 2631 imbuendis
3080 2586 3301 2643 vacant,
3332 2578 3466 2633 sub-

1882 2671 2006 2727 tiles
2052 2671 2185 2726 istas
2235 2684 2300 2724 ac
2344 2669 2652 2741 singulares
2703 2668 3119 2734 conclusiones,
3164 2669 3218 2724 in
3263 2670 3465 2740 quibus

1880 2764 2116 2820 maxime
2147 2761 2408 2833 spiritalis
2442 2762 2575 2815 tanti
2606 2761 2709 2816 viri
2738 2761 2917 2816 virtus
2951 2761 3171 2827 enituit,
3200 2777 3454 2817 sermone

1878 2855 2052 2927 magis
2073 2853 2141 2909 ad
2171 2862 2387 2923 captum
2426 2861 2672 2907 nostrum
2707 2851 3120 2906 accommodato
3155 2851 3453 2920 explanare

1877 2960 2042 3019 atque
2089 2947 2387 3017 digerere;
2435 2945 2564 3015 quin
2613 2953 2669 3000 et
2702 2943 2816 3015 ipse
2863 2952 2919 2997 tu
2949 2957 3167 3012 quoque
3214 2959 3314 2998 nos
3345 2944 3459 3000 frc-

1877 3051 2105 3112 quenter
2147 3040 2212 3095 ad
2256 3041 2359 3094 hoc
2405 3038 2660 3093 hortatus
2691 3053 2774 3101 es,
2824 3038 3115 3108 ipsumque
3163 3037 3364 3093 librum
3398 3050 3459 3095 ut

1879 3149 2138 3206 perquam
2161 3132 2448 3188 sublimem
2479 3131 2638 3187 nobis
2669 3130 2955 3186 remisisti.
2986 3130 3336 3203 QuaprOpter
3359 3148 3463 3189 nos

1876 3241 2114 3298 quoque,
2140 3240 2240 3281 ceu
2269 3221 2638 3295 perfectorum
2665 3222 3032 3294 seniliumque
3058 3239 3315 3280 sensuum
3345 3241 3463 3280 ma-

1876 3320 2126 3391 gistrum,
2168 3318 2477 3387 alterasque
2526 3314 2864 3386 Scripturas,
2897 3329 3019 3385 qua:
3068 3315 3332 3371 divinitus
3375 3315 3458 3370 afo

181 3405 410 3460 τελείων
451 3404 600 3458 ἐστὶν
635 3405 670 3476 ἡ
713 3403 913 3475 στερεά
952 3405 1149 3477 τροφὴ,
1186 3403 1249 3458 τὸ
1289 3407 1492 3477 ταύτην
1515 3406 1560 3437 ⁸⁸
1587 3406 1772 3476 ἐστιᾷν

1880 3410 2126 3467 [latorum
2151 3410 2352 3479 scripta
2378 3408 2627 3478 proxime
2655 3416 3045 3478 assequamur,
3075 3408 3142 3462 iis
3167 3408 3257 3479 qui
3288 3408 3463 3465 subli-

181 3499 428 3572 ἐτέρους,
456 3498 661 3571 ὁπόσης
686 3496 753 3552 ἂν
777 3497 862 3569 εἴη
890 3498 1257 3570 τελειότητος;
1291 3498 1497 3570 Ὀρθῶς
1520 3492 1614 3552 οὖν
1639 3499 1769 3570 ἡμῖν

182 3588 283 3644 καὶ
320 3589 478 3643 τοῦτο
503 3587 740 3662 εἴρηται,
764 3587 847 3651 τὸ,
874 3588 974 3661 τὴν
1001 3589 1099 3660 μὲν
1139 3588 1473 3660 αὑτοπτικὴν
1508 3589 1618 3643 τῶν
1643 3607 1769 3662 νοη-

179 3681 298 3739 τῶν
335 3681 534 3751 λογίων
573 3679 720 3751 θέαν,
765 3680 860 3734 καὶ
896 3680 998 3752 τὴν
1043 3679 1370 3752 συνοπτικὴν
1408 3680 1590 3734 αὐτῶν
1625 3680 1771 3733 διδα-

179 3776 439 3841 σκαλίαν,
478 3774 850 3848 πρεσϐυτικῆς
881 3772 1087 3826 δεῖσθαι
1116 3773 1426 3845 δυνάμεως·
1454 3774 1555 3845 τὴν
1579 3774 1637 3827 δὲ
1662 3774 1771 3828 τῶν

179 3872 267 3934 εἰς
289 3869 449 3923 τοῦτο
471 3868 742 3940 φερόντων
767 3866 940 3935 λόγων
980 3866 1292 3937 ἐπιστήμην
1333 3867 1428 3920 καὶ
1467 3867 1771 3938 ἐκμάθησιν

177 3962 300 4023 τοῖς
323 3958 633 4029 ὑφειμένοις
658 3955 1015 4028 καθιερωταῖς
1035 3953 1128 4006 καὶ
1153 3953 1468 4026 ίερωμὲνοις
1489 3953 1768 4025 ἁρμόζειν.

179 4051 381 4107 Καίτοι
420 4050 516 4104 καὶ
554 4047 711 4103 τοῦτο
737 4050 868 4120 ἡμῖν
894 4048 1280 4120 ἐπιτετήρηται
1318 4047 1438 4100 λίαν
1481 4044 1768 4117 ἐμμελῶς·

180 4142 331 4198 ὥστε
368 4144 481 4206 τοῖς
507 4139 655 4212 αὐτῷ
678 4141 760 4212 τῷ
802 4140 937 4212 θείῳ
966 4139 1302 4211 καθηγεμόνι
1328 4137 1472 4192 κατά
1513 4137 1773 4206 ἐκφανσιν

182 4233 338 4304 σαφῆ
388 4233 898 4305 διηυκρινημένοις,
953 4231 1074 4304 μηδ’
1123 4230 1259 4295 ὅλως
1323 4229 1773 4302 ἐγκεχειρηκὲναι

181 4327 322 4382 ποτὲ
352 4327 487 4399 πρὸς
525 4326 897 4395 ταύτολογίαν,
925 4327 1003 4390 είς
1027 4326 1125 4398 τὴν
1152 4324 1319 4396 αὐτὴν
1349 4322 1443 4377 τοῦ
1489 4322 1777 4394 προτεθέν-

180 4435 279 4482 τος
324 4417 474 4488 αὺτῷ
517 4417 695 4485 λογίου
739 4417 1066 4489 διασάφησιν
1089 4433 1102 4446 ·
1144 4417 1266 4468 ἐπεὶ
1304 4415 1399 4467 καὶ
1438 4416 1568 4484 παρ’
1593 4414 1775 4478 αὐτοῖς

180 4513 300 4574 τοῖς
346 4508 662 4582 θεολήπτοις
699 4508 858 4581 ἡμῶν
900 4509 1201 4580 ίεράρχαις,
1232 4508 1415 4579 (ἡνίκα
1455 4509 1549 4561 καὶ
1592 4509 1772 4578 ἡμεῖς,

181 4604 263 4669 ὡς
302 4597 482 4666 οἶσθα,
524 4605 617 4658 καὶ
651 4603 833 4668 αὐτὸς,
881 4603 974 4657 καὶ
1017 4602 1203 4656 πολλοὶ
1249 4602 1358 4655 τῶν
1410 4601 1572 4672 ίερῶν
1619 4603 1775 4675 ἡμῶν

183 4695 456 4764 ἀδελφῶν,
483 4696 577 4749 ἐπὶ
601 4693 695 4767 τὴν
733 4693 864 4748 θέαν
885 4692 980 4747 τοῦ
1009 4692 1313 4766 ζωαρχικοῦ
1341 4695 1434 4746 καὶ
1462 4694 1707 4764 θεώόχου
1731 4695 1773 4725 ⁸⁸

1874 3506 2046 3560 miora
2091 3503 2316 3573 capiunt
2346 3501 2498 3557 illum
2548 3501 2926 3571 assignamus;
2969 3515 3071 3556 nos
3099 3515 3232 3556 vero
3283 3501 3456 3557 nostri

1872 3596 2140 3652 similibus
2170 3595 2239 3648 ad
2262 3602 2478 3664 captum
2506 3603 2751 3648 nostrum
2783 3606 2873 3647 res
2896 3593 3111 3648 divinas
3141 3592 3458 3662 explanabi-

1873 3699 2015 3740 mus.
2039 3684 2096 3740 Si
2119 3686 2261 3742 enim
2286 3685 2494 3741 solidus
2510 3684 2666 3739 cibus
2688 3683 3050 3754 perfectorum
3074 3690 3177 3748 est,
3198 3698 3263 3738 eo
3284 3684 3452 3740 etiam

1874 3777 2010 3832 alios
2040 3789 2265 3846 pascere
2293 3784 2510 3845 quantae
2541 3774 2612 3829 sit
2641 3772 3026 3843 perfectionis?
3054 3772 3244 3828 Merito
3272 3775 3456 3845 itaque

1874 3868 2127 3931 dicimus,
2157 3867 2224 3921 ad
2255 3866 2580 3937 spiritalium
2610 3867 2947 3936 eloquiorum
2989 3867 3334 3922 intuitiouem
3356 3911 3370 3935 ,
3402 3878 3460 3925 et

1875 3961 2128 4017 subtilem
2155 3960 2467 4016 eorumdem
2494 3959 2881 4024 eruditionem,
2906 3959 3104 4016 virtute
3132 3960 3288 4016 senili
3317 3976 3456 4031 opus

1874 4068 2024 4118 esse;
2049 4067 2359 4109 sermonum
2375 4067 2500 4108 vero
2516 4053 3051 4120 introductoriorum,
3067 4068 3164 4108 ceu
3181 4051 3460 4110 inferioris

1879 4155 2045 4212 notae,
2089 4145 2372 4201 scientiam
2418 4160 2484 4200 ac
2521 4145 2860 4215 disciplinam
2907 4146 3250 4201 initiantibus
3291 4153 3456 4216 atque

1878 4239 2109 4294 initiatis
2161 4239 2471 4294 convenire.
2500 4237 2668 4309 Atqui
2711 4247 2767 4294 et
2809 4239 2912 4295 hoc
2941 4255 2972 4294 a
3003 4240 3158 4294 nobis
3192 4254 3455 4310 perquam

1878 4333 2122 4388 studiose
2149 4333 2502 4387 observatum
2530 4342 2634 4398 est,
2666 4349 2732 4387 ne
2763 4333 3059 4404 quidquam
3091 4349 3306 4404 eorum,
3332 4350 3455 4405 quae

1879 4424 2096 4480 divinus
2123 4423 2214 4479 ille
2262 4434 2570 4494 praceptor
2614 4423 2778 4495 plane
2811 4425 2967 4481 nobis
3009 4427 3300 4496 expressit,
3347 4427 3458 4482 ullo

1879 4521 2038 4573 modo
2068 4517 2494 4588 attingeremus;
2539 4532 2609 4573 ne
2654 4519 2896 4574 secundo
2936 4517 3127 4574 eadem
3175 4530 3458 4589 repetere-

1879 4627 2000 4666 mus
2031 4625 2154 4680 qua:
2182 4611 2249 4665 ad
2282 4610 2627 4680 Scripturam
2663 4611 2897 4682 aliquam
2927 4610 3308 4667 elucidandam
3339 4613 3456 4683 ipse

1881 4701 2210 4769 tradiderat;
2259 4717 2384 4757 nam
2423 4703 2588 4757 etiam
2629 4703 2772 4771 apud
2815 4702 2964 4773 ipsos
3012 4701 3196 4757 divino
3246 4701 3456 4773 Spiritu

187 4789 445 4861 σώματος
489 4788 924 4862 συνεληλύθαμεν
949 4829 964 4854 ,
1011 4789 1195 4862 παρῆν
1254 4788 1312 4842 δὲ
1353 4789 1448 4841 καί⁸
1483 4789 1512 4840 ὁ
1548 4786 1775 4857 ἀδελφό-

1881 4794 2071 4866 plenos
2097 4795 2370 4852 antistites
2415 4805 2631 4851 nostros
2658 4795 2810 4866 (cum
2840 4804 2895 4850 et
2940 4809 3062 4862 nos,
3104 4807 3163 4850 ut
3192 4797 3362 4863 nosti,
3400 4807 3460 4854 et

185 4879 313 4942 θεός
351 4879 622 4943 Ἰάκωϐος,
665 4881 774 4934 καῖ’
803 4879 1028 4951 Πέτρος,
1056 4883 1089 4951 ἡ
1124 4877 1396 4950 κορυφαία
1420 4879 1516 4932 καὶ
1546 4879 1779 4948 πρεσϐυ-

185 4972 328 5041 τάτη
369 4971 478 5025 τῶν
519 4971 783 5040 θεολόγων
819 4972 1079 5044 ἀκρότης,
1123 4968 1242 5025 εἶτα
1285 4971 1458 5024 ἐδόκει
1501 4971 1642 5043 μετᾲ
1679 4971 1776 5042 τὴν

188 5061 322 5117 θέαν
350 5061 590 5134 ὑμνῆσαι
617 5065 742 5129 τοὺς
767 5067 1026 5138 ίεράρχας
1054 5065 1318 5128 ἅπαντας,
1345 5063 1419 5128 ὡς
1454 5063 1684 5128 ἕκαστος
1707 5060 1776 5134 ἦν

190 5158 398 5223 ἱκανὸς,
429 5157 524 5230 τὴν
550 5159 981 5231 ἀπειροδύναμον
1016 5159 1327 5231 ἀγαθότητα
1353 5160 1454 5230 τῆς
1482 5160 1775 5232 θεαρχικῆς

191 5248 475 5314 ἀσθενείας
495 5250 536 5318 ο)
577 5251 792 5305 πάντων
843 5250 1065 5321 ἐκράτει
1109 5249 1247 5321 μετά
1300 5253 1425 5314 τοὺς
1469 5250 1770 5318 θεολόγους,

188 5341 268 5409 ὥς
313 5337 505 5406 οἶσθα,
541 5344 651 5396 τῶν
700 5344 875 5399 ἀλλων
916 5341 1287 5415 ίερομυστῶν,
1329 5344 1448 5407 ὅλος
1499 5343 1773 5414 ἐκδημῶν,

189 5432 313 5500 ὅλος
339 5433 686 5506 ἐξιστάμενος
711 5438 924 5505 ἑαυτοῦ,
949 5440 1045 5493 καὶ
1067 5439 1167 5510 τὴν
1195 5439 1329 5508 πρὸς
1353 5437 1425 5492 τὰ
1461 5437 1777 5509 ὑμνούμενα

1882 4890 1995 4959 ipse
2026 4888 2355 4960 plurimique
2383 4897 2697 4944 sanctorum
2751 4889 2982 4943 fratrum
3022 4898 3354 4953 nostrorum,
3381 4893 3452 4945 ad

1879 4995 2079 5048 corpus
2107 4981 2260 5046 illud,
2289 4982 2436 5050 quod
2463 4981 2616 5035 dedit
2638 4982 2967 5052 principium
2995 4983 3140 5044 vitae,
3177 4984 3452 5051 Deumque

1879 5083 2215 5141 susceperat,
2247 5076 2618 5129 contuendum
2647 5075 3011 5140 venissemus;
3044 5075 3235 5129 aderat
3266 5084 3449 5131 autem

1879 5176 1937 5218 et
1968 5163 2140 5219 frater
2177 5165 2388 5220 Domini
2420 5165 2676 5231 Jacobus,
2717 5174 2772 5222 et
2802 5165 3016 5233 Petrus,
3047 5183 3297 5238 suprema
3343 5171 3449 5224 ista

1879 5265 2042 5326 atque
2067 5257 2449 5325 antiquissima
2477 5259 2762 5323 summitas
2792 5256 3192 5326 theologorum,
3223 5256 3455 5325 placuis-

1882 5356 2071 5415 setque
2094 5354 2220 5416 post
2250 5347 2550 5401 contuitum
2575 5348 2911 5405 antistitibus
2937 5346 3212 5412 omnibus,
3246 5363 3344 5416 pro
3375 5347 3456 5400 vi-

1886 5437 1971 5490 rili
1996 5437 2191 5507 cuique
2234 5449 2354 5508 sua,
2398 5437 2610 5495 inlinlta
2658 5439 2898 5507 potentia
2945 5438 3226 5508 praeditam
3256 5439 3454 5494 divinze

1495 5589 1732 5647 VARle
1767 5590 2068 5647 LECTION
2075 5591 2180 5649 ES.

267 5728 318 5761 ⁸⁸
342 5729 437 5783 καὶ
460 5727 591 5801 γάρ,
626 5728 698 5784 Μ.
729 5730 788 5786 S.
818 5732 1042 5836 καὶγὰρ
1065 5731 1223 5805 εἴπερ
1245 5734 1331 5786 ἐκ.
1360 5729 1422 5783 D.
1450 5729 1541 5785 Sc.
1581 5729 1722 5786 Sar.‘
1785 5730 1828 5762 '“
1859 5732 1893 5803 ἦ

267 5798 460 5836 ὶηνιωυ
509 5800 547 5836 ς
597 5802 636 5836 n
683 5801 751 5836 ρο
807 5806 910 5836 ς...
1033 5808 1054 5835 ι
1079 5799 1247 5836 nm“...-
1347 5803 1392 5833 an
1418 5803 1564 5836 κηηη
1593 5803 1714 5836 unm
1744 5804 1889 5836 sua-

1033 5808 1054 5835 δ
1079 5802 1271 5857 οἷόντε.
1302 5869 1307 5874 _
1340 5803 1392 5874 7"
1418 5803 1564 5866 ὅσοις
1593 5803 1714 5855 καθ’
1744 5802 1889 5874 ἡμᾶς
1909 5803 2275 5868 διδασκάλοις.
2342 5805 2388 5835 ⁸⁸
2411 5802 2859 5868 ἀνταποστεὶλας,
2890 5804 2954 5858 Μ.
3016 5806 3057 5835 ’⁵⁷
3085 5804 3183 5874 τῆς
3211 5802 3277 5855 Μ.
3305 5804 3360 5856 ὃ.
3391 5802 3452 5853 P.

194 5798 242 5832 ⁸³
265 5798 481 5868 λογίων,
509 5798 567 5854 S.
597 5802 655 5855 ι).
682 5801 770 5856 Sc.
806 5798 956 5858 Sara
1007 5798 1054 5836 ⁸⁸
1079 5798 1271 5857 οἷόντε.
1347 5803 1392 5833 ³⁵
1418 5803 1564 5866 ὅσοις
1593 5803 1714 5855 καθ’

1935 5747 2037 5804 non
2069 5743 2152 5786 est
2178 5733 2229 5786 in
2256 5733 2316 5786 D.
2354 5732 2412 5786 P.
2483 5735 2528 5767 δ’
2560 5732 2918 5804 ἐληλύθαμεν,
2945 5731 3004 5789 S.
3031 5731 3090 5785 P.
3111 5733 3170 5786 D.
3202 5730 3356 5804 illum,
3388 5731 3451 5804 Ρο

233 5873 458 5947 rmpunjt
489 5872 548 5926 D.
581 5872 765 5926 καὶτὰ
786 5875 971 5927 αὐτοῦ.
1034 5874 1096 5906 ·⁵⁸
1121 5869 1516 5946 δευτερολόγια,
1546 5876 1604 5930 ι).
1683 5875 1728 5907 ⁸⁸
1755 5869 2115 5944 θεοχρήστων,
2149 5877 2202 5929 δ,
2237 5877 2274 5930 ιι
2317 5876 2414 5931 (λιι,
2495 5877 2538 5907 σο
2566 5875 2737 5947 ταύτῃ
2788 5877 2846 5928 υ.
2885 5874 2973 5930 δε,
3003 5869 3151 5930 δίη..-
3205 5875 3246 5905 οι
3277 5887 3452 5942 qun“,

253 5959 368 6012 κου,
401 5941 457 5997 D.

477 6038 749 6101 PATnOL.
787 6038 898 6102 Gtt.
942 6036 1053 6103 Ill.

3057 6037 3134 6097 2?.
