4178 6312
722 373 829 429 685

1859 367 1915 421 S.
1955 362 2257 420 DIONYSII
2289 361 2750 419 AREOPAGITJE

3869 364 3983 421 68b

729 474 1119 543 imbecillitatis
1150 483 1448 538 bonitatem
1474 481 1808 550 eollaudare)
1839 482 1951 550 ipse
1993 490 2113 551 post
2143 481 2294 533 theo-

2418 477 2678 532 ιοινωνίαν
2712 478 2956 547 πάσχων,
3000 477 3091 529 καὶ
3126 477 3260 547 πρὸς
3292 479 3503 531 πάντων
3526 472 3599 531 ὧν
3625 479 3854 547 ἡκουετο
3880 482 3985 537 καὶ

729 581 900 651 logos,
950 587 1009 633 ut
1060 578 1225 641 nosti,
1274 576 1485 631 caeteris
1529 574 1779 629 omnibus
1822 573 1997 627 sacris
2048 572 2296 626 laudato-

727 677 877 729 ribus
923 669 1317 731 antecellebat,
1354 677 1499 721 totus
1540 665 1832 729 excedens,
1862 674 2005 720 totus
2045 680 2103 720 se
2138 665 2294 718 dese-

730 781 878 832 reus,
920 776 1212 831 rerumque
1239 775 1373 829 quas
1403 759 1659 813 laudabat
1686 758 2019 812 consortium
2049 759 2295 827 patiens;

731 858 966 925 denique
1002 854 1068 907 ab
1100 849 1372 915 omnibus,
1413 866 1441 903 a
1471 848 1668 917 quibus
1694 847 2017 902 audiebatur
2044 862 2106 903 ac
2144 848 2297 901 vide-

730 946 914 1013 batur,
964 959 1073 1003 tam
1109 962 1138 999 a
1182 945 1327 999 notis
1374 958 1538 1012 quam
1595 940 1814 1011 ignotis,
1851 940 2031 995 divino
2081 940 2301 993 numine

734 1042 943 1095 afflatus
992 1040 1317 1107 divinusque
1349 1036 1508 1105 plane
1550 1033 1798 1087 laudator
1824 1033 2162 1087 censebatur.
2195 1030 2299 1085 Sed

732 1134 861 1204 quid
900 1134 1031 1196 tibi,
1074 1144 1321 1201 quamam
1360 1128 1430 1183 ibi
1480 1127 1814 1181 divinissime
1847 1124 1992 1179 dicta
2028 1130 2173 1189 sunt,
2211 1136 2301 1175 re-

2402 570 2628 640 ὲωρᾶτο,
2668 568 2759 620 καὶ
2796 564 3176 635 ἐγιγνώσκετο,
3207 567 3297 619 καὶ
3325 569 3423 619 οὐκ
3449 566 3831 635 ἐγιγνώσκετο,
3861 570 3975 623 θεό-

2402 660 2605 731 ληπτος
2644 655 2801 723 εἶναι,
2843 660 2982 721 θεῖος
3006 660 3048 690 θ’
3081 659 3375 729 ὑμνολόγος
3420 660 3752 730 κρινόμενος.
3782 662 3891 713 Καὶ
3934 663 3989 715 τί

2403 756 2467 807 άν
2510 770 2590 805 σοι
2633 754 2759 823 περὶ
2804 751 2911 805 τῶν
2948 753 3065 805 ἐκεῖ
3112 752 3537 821 θεολογηθέντων
3578 752 3828 823 λέγοιμι;
3874 756 3993 808 Καὶ

2405 843 2514 913 γὰρ
2540 846 2586 897 εί
2617 844 2687 915 μὴ
2716 844 2809 896 καὶ
2858 842 3092 913 ἐμαυτοῦ
3138 842 3517 913 ἐπιλέλησμαι,
3561 844 3820 907 πολλάκις
3870 839 3993 897 οἶδα

2406 936 2557 1009 παρὰ
2597 936 2689 989 σοῦ
2732 938 2824 989 καὶ
2873 937 3009 1008 μέρη
3044 935 3167 990 τινὰ
3203 936 3311 990 τῶν
3354 936 3715 991 ἐνθεαστικῶν
3761 937 3999 991 ἐκείνων

2407 1028 2686 1100 ὑμνῳδιῶν
2727 1026 3067 1091 ἐπακούσας⁸
3099 1028 3240 1083 οὕτω
3285 1045 3365 1081 σοι
3407 1027 3605 1100 σπουδὴ
3637 1028 3711 1099 μὴ
3744 1030 3808 1080 ἐκ
3851 1044 3997 1097 παρ-

2408 1119 2568 1190 έργου
2594 1117 2663 1170 τὰ
2686 1118 2801 1170 θεῖα
2831 1117 3204 1188 μεταδιώκειν.

739 1225 892 1283 fero?
943 1226 1189 1291 Etenim,
1235 1222 1338 1276 nisi
1382 1236 1469 1275 me
1515 1220 1619 1273 mei
1678 1218 1858 1286 capiat
1926 1215 2154 1279 oblivio,
2202 1213 2425 1267 memini
2475 1229 2559 1266 me
2622 1215 2816 1280 smpius
2890 1210 3194 1266 divinarum
3245 1212 3467 1266 istarum
3515 1207 3678 1282 3M
3718 1206 3995 1262 laudatio.

738 1341 864 1377 num
908 1330 1092 1392 partes
1149 1315 1358 1385 aliquas
1422 1314 1518 1367 abs
1568 1322 1619 1366 te
1662 1308 1969 1378 accepisse;
2026 1316 2187 1361 tanta:
2254 1304 2349 1359 tibi
2398 1318 2542 1358 cura:
2601 1302 2734 1369 fuit,
2779 1318 2846 1357 ne
2894 1317 3130 1371 unquam
3172 1301 3537 1374 perfunctorie
3577 1302 3755 1357 divina
3803 1314 3997 1369 prose—

735 1418 1001 1488 querens.

2264 1512 2289 1583 §
2324 1507 2433 1569 ΙΙΙ.

811 1676 1011 1730 Verum
1057 1677 1113 1722 ut
1162 1668 1264 1720 ista
1303 1661 1554 1734 mystica,
1592 1658 1788 1728 quippe
1827 1656 1987 1724 vulgo
2028 1666 2134 1708 non
2184 1664 2310 1721 pro-

2501 1643 2637 1696 Ἀλλ’
2662 1645 2747 1697 ἵνα
2773 1644 2817 1675 ⁸³
2841 1643 2908 1697 τά
2947 1645 3063 1697 ἐκεῖ
3101 1643 3355 1715 μυστικὰ,
3399 1644 3493 1698 καὶ
3528 1644 3603 1709 ὡς
3629 1649 3741 1711 τοῖς
3781 1624 3994 1713 πολλοῖς

740 1766 1047 1838 mulganda,
1070 1760 1272 1828 tibique
1294 1756 1596 1819 notissima,
1612 1752 1775 1806 missa
1804 1749 2083 1812 faciamus;
2102 1742 2314 1813 quando

2418 1737 2653 1810 ἄρρητα,
2682 1737 2775 1788 καὶ
2812 1735 2887 1800 ὼς
2927 1736 3244 1807 ἐγνωσμένα
3284 1753 3386 1803 σοι,
3416 1737 3859 1810 παραλείψωμεν,
3906 1741 3994 1795 ὅτε

735 1865 847 1935 jam
900 1869 1112 1925 tempus
1149 1856 1289 1915 erat,
1333 1844 1748 1919 quamplurimis
1799 1838 2110 1896 hominibus
2152 1837 2308 1889 fidem

741 1929 983 2010 nostram
1028 1939 1427 2017 promulgandi,
1457 1947 1511 1991 et
1543 1938 1805 2004 quotquot
1846 1929 2039 1983 adduci
2072 1934 2309 1996 possent,

741 2047 807 2099 ad
854 2052 1069 2097 sacram
1115 2032 1457 2100 disciplinam
1511 2020 1753 2080 nostram
1804 2017 2150 2083 attrabendi,
2206 2030 2311 2070 non

740 2142 947 2208 paucOs
978 2121 1083 2186 hoc
1118 2128 1171 2181 in
1207 2137 1432 2178 munere
1462 2121 1714 2173 doctores
1762 2122 1981 2169 sanctos
2025 2111 2315 2179 superabat

742 2207 863 2282 cum
890 2240 991 2278 usu
1034 2216 1321 2288 temporis,
1358 2209 1695 2267 tum‘mentis
1726 2207 1986 2277 puritate,
2036 2213 2148 2257 tum
2188 2216 2315 2255 acu-

743 2300 889 2372 mine
925 2309 1448 2369 demoustrationum
1473 2344 1487 2368 ,
1528 2300 1849 2367 caeterisque
1892 2296 2061 2349 sacris
2101 2293 2316 2346 institu-

742 2410 836 2473 tis,
884 2410 1018 2461 adeo
1049 2412 1107 2457 ut
1142 2411 1417 2469 nunquam
1456 2401 1609 2447 tanto
1652 2390 1752 2445 soli
1798 2386 1981 2442 conati
2017 2386 2184 2437 simus
2214 2381 2314 2436 ob-

744 2500 907 2555 tueri.
941 2497 1017 2550 Ita
1064 2492 1207 2547 enim
1254 2486 1409 2543 nobis
1456 2481 1657 2539 conscii
1700 2494 1910 2541 sumus,
1955 2476 2062 2530 imo
2092 2473 2311 2533 scimus,

744 2605 843 2644 nos
892 2588 1055 2641 rebus
1102 2580 1299 2637 divinis
1358 2572 1725 2645 intelligendis
1777 2569 1997 2624 minime
2043 2563 2314 2628 sufﬁcere,

744 2681 981 2743 nedum,
1027 2676 1171 2745 quod
1222 2668 1523 2726 ineffabiles
1569 2666 1706 2729 sint,
1763 2673 1821 2715 ut
1872 2659 2098 2730 cognita:
2136 2666 2317 2712 essent

746 2772 1085 2843 cloquendis.
1128 2768 1261 2824 Cum
1295 2775 1475 2819 autem
1510 2762 1563 2815 in
1599 2757 1897 2826 theologica
1949 2753 2178 2807 veritate
2221 2765 2319 2805 ex-

747 2865 1016 2939 plananda
1067 2877 1097 2915 a
1144 2861 1382 2912 virorum
1441 2855 1749 2907 divinorum
1812 2846 2072 2901 facultate
2131 2843 2315 2911 procul

751 2934 1015 3021 absimus,
1057 2970 1122 3009 eo
1164 2955 1325 3007 etiam
1365 2964 1475 3018 pra:
1523 2944 1801 3014 religionis
1847 2936 2177 2993 abundantia
2224 2934 2317 2988 de-

750 3052 897 3109 ducti
949 3062 1158 3111 sumus,
1200 3051 1257 3097 ut
1290 3042 1357 3097 de
1387 3038 1571 3094 divina
1616 3028 2195 3106 pllilOSOphiallihiiVei
2222 3040 2318 3079 au-

2412 1833 2525 1894 τοῖς
2553 1828 2763 1892 πολλοῖς
2789 1829 2955 1899 ἐχρῆν
2980 1828 3326 1899 κοινωνῆσαι,
3357 1830 3452 1883 καὶ
3476 1830 3632 1895 ὅσους
3654 1830 3878 1886 δυνατὸν
3905 1834 3993 1887 aut

2412 1923 2507 1995 τὴν
2534 1922 2653 1976 καθ’
2677 1924 2823 1993 ἡμᾶς
2853 1922 3200 1992 ἱερογνωσίαν
3227 1926 3613 1992 προσαγαγεῖν,
3642 1926 3793 1990 ὅπως
3821 1928 3992 2001 ὑπερσ

2413 2018 2523 2086 εἶχε
2548 2014 2675 2078 τοὺς
2711 2012 2938 2076 πολλοὺς
2976 2014 3083 2066 τῶν
3112 2012 3271 2084 ἱερῶν
3297 2013 3649 2081 διδασκάλων,
3679 2018 3773 2070 καὶ
3800 2017 3999 2089 χρόνου

2412 2103 2592 2174 τριϐῇ,
2622 2104 2717 2154 καὶ
2739 2100 2830 2154 νοῦ
2860 2101 3214 2173 καθαρότητι,
3244 2103 3337 2155 καὶ
3364 2101 3686 2168 ἀποδείξεων
3716 2107 3999 2179 ἀκριϐείᾳ,

2414 2195 2509 2248 καὶ
2530 2198 2648 2258 ταῖς
2674 2195 2888 2257 λοιπαῖς
2930 2195 2974 2245 ἱε
2986 2193 3273 2264 ρολογίαις,
3303 2194 3442 2248 ὥστε
3469 2196 3570 2251 οὐκ
3596 2195 3662 2251 ἄν
3688 2215 3818 2250 ποτε
3862 2199 4001 2268 πρὸς

2414 2288 2555 2342 οὕτω
2601 2289 2770 2360 μέγαν
2812 2289 2963 2360 ἥλιον
3000 2290 3268 2343 ἀντωπεῖν
3296 2288 3341 2321 ⁸³⁵
3369 2289 3811 2361 ἐνεχειρήσαμεν.
3844 2291 4005 2345 Οὕτω

2415 2381 2525 2451 γὰρ
2561 2383 2721 2453 ἡμεῖς
2751 2381 2971 2434 ἑαυτῶν
3019 2380 3401 2454 συνῃσθήμεθα
3436 2381 3503 2446 ⁸⁸,
3552 2381 3645 2433 καὶ
3689 2382 3883 2452 ἴσμεν,
3926 2382 4004 2447 ὡς

2415 2471 2538 2526 οὔτε
2567 2472 2763 2536 ἱκανῶς
2797 2474 2983 2543 νοῆσαι
3007 2470 3078 2525 τὰ
3102 2470 3268 2542 νοητὰ
3292 2469 3400 2523 τῶν
3438 2470 3594 2523 θείων
3620 2470 3663 2501 ⁸⁸
3691 2471 4003 2542 χωροῦμεν,

2416 2563 2539 2617 οὕτε
2566 2566 2667 2618 ὅσα
2689 2564 2757 2618 τὰ
2782 2564 2920 2636 ῥητὰ
2940 2565 2982 2595 ⁶⁷
3007 2564 3101 2635 τῆς
3129 2561 3457 2631 θεογνωσίας
3480 2561 3714 2627 ἐξειπεῖν
3742 2565 3837 2616 καὶ
3865 2565 4007 2635 φρά-

2420 2674 2529 2710 σαι.
2571 2656 2767 2727 Πόρρω
2792 2656 2849 2708 δέ
2875 2656 3061 2719 ὄντες,
3108 2654 3514 2725 ἀπολειπόμεθα
3552 2655 3654 2725 τῆς
3693 2654 3802 2709 τῶν
3842 2657 4003 2710 θείων

2418 2747 2627 2819 ἀνδρῶν
2665 2749 2744 2811 είς
2772 2746 3085 2818 θεολογικὴν
3113 2745 3370 2817 ἀλήθειαν
3397 2748 3725 2817 ἐπιστήμης,
3752 2747 3833 2800 ὅτι
3870 2748 4008 2802 πάν-

2416 2857 2523 2902 τως
2549 2838 2614 2892 ἂν
2641 2840 2720 2902 εἰς
2755 2837 2909 2891 τοῦτο
2933 2836 3021 2890 διὰ
3046 2837 3308 2909 περισσὴν
3333 2836 3615 2891 εὐλάϐειαν
3640 2837 4007 2909 ἐληλύθαμεν,

2418 2933 2497 2996 είς
2517 2929 2577 2985 τὸ
2606 2929 2848 3001 μηδόλως
2876 2927 3092 2985 ἀκούειν
3116 2928 3149 3000 ἢ
3173 2926 3351 2998 λέγειν
3375 2948 3427 2985 τι
3465 2928 3713 3003 περὶτῆς
3740 2926 3891 2996 θείας
3918 2951 4011 3002 φι-

2417 3023 2691 3095 λοσοφίας,
2721 3027 2767 3077 εί
2798 3023 2870 3095 μὴ
2895 3022 3037 3077 κατὰ
3068 3023 3192 3078 νοῦν
3229 3024 3547 3096 εἰλήφαμεν,
3573 3024 3648 3088 ὡς
3673 3025 3730 3076 οὐ
3760 3025 3866 3096 χρὴ
3903 3025 4010 3094 τῆς

752 3145 871 3201 dire
900 3141 984 3195 vel
1020 3138 1164 3207 loqui
1196 3143 1671 3205 prmsumeremus,
1706 3125 1806 3180 nisi
1843 3120 2312 3178 intellexissemus,

2418 3118 2773 3191 ἐνδεχομένης
2794 3118 2902 3171 τῶν
2927 3116 3085 3170 θείων
3125 3116 3377 3185 γνώσεως
3418 3116 3657 3187 ἀμελεῖν.
3688 3118 3799 3170 Καὶ
3844 3117 4011 3170 τοῦτο

751 3250 861 3291 non
903 3246 1022 3287 esse
1064 3240 1251 3282 rerum
1284 3221 1617 3284 divinarum,
1666 3229 1827 3284 quam
1879 3208 2095 3277 assequi
2126 3218 2321 3274 possu-

754 3333 897 3389 mus,
940 3317 1315 3391 negligentiam
1359 3310 1669 3367 scientiam.
1713 3306 1889 3373 Atque
1928 3302 1980 3354 id
2014 3313 2119 3352 non
2151 3294 2322 3351 solum

755 3414 1025 3472 naturalia
1058 3408 1318 3465 mentium
1347 3402 1642 3465 desideria,
1673 3414 1792 3468 qua:
1816 3401 2063 3449 amanter
2088 3400 2322 3457 semper,

755 3516 1013 3581 quantum
1047 3504 1126 3558 fas
1174 3510 1277 3565 est,
1307 3498 1372 3552 ad
1405 3497 1712 3550 divinarum
1757 3503 1941 3543 rerum
1985 3479 2323 3549 contempla-

757 3602 958 3655 tionem
1009 3593 1340 3652 excitantur,
1383 3600 1573 3640 verum
1629 3584 1746 3652 ipsa
1799 3591 2015 3649 quoque
2062 3583 2326 3644 praestan-

760 3691 967 3746 tissima
999 3688 1175 3757 legum
1200 3685 1503 3738 divinarum
1538 3675 1802 3732 institutio
1830 3670 2151 3742 persuadet;
2183 3678 2320 3733 quae,

757 3793 819 3836 ut
840 3798 901 3837 ea
932 3795 1048 3849 qua:
1100 3792 1258 3847 supra
1291 3790 1391 3829 nos
1424 3780 1571 3837 sunt,
1609 3769 1911 3835 meritaque
1943 3773 2128 3816 nosua
2161 3773 2325 3814 exce-

762 3879 916 3937 dunt,
941 3882 995 3928 et
1028 3880 1243 3941 captum
1275 3874 1535 3937 superant
1575 3861 1845 3918 curiosius
1876 3855 2204 3923 investigare
2240 3865 2328 3905 ve-

762 3976 859 4032 tat,
892 3967 961 4019 ita
988 3963 1139 4034 jubet
1166 3960 1368 4025 omnia,
1400 3973 1521 4026 quze
1554 3953 1817 4025 permissa
1851 3947 2004 4002 nobis
2031 3956 2085 3999 et
2116 3941 2324 3998 indulta

763 4068 910 4125 sunt,
941 4057 1157 4110 assidue
1187 4052 1490 4112 addiscere,
1527 4047 1864 4116 benigneque
1904 4038 2029 4093 aliis
2088 4049 2328 4091 commu-

764 4154 963 4207 nicare.
1012 4147 1107 4202 His
1158 4148 1340 4215 itaque
1391 4139 1629 4205 adducti,
1685 4150 1863 4205 neque
1912 4133 2098 4187 labore
2149 4140 2328 4198 neque

764 4243 975 4312 ignavia
1023 4255 1051 4292 a
1088 4238 1229 4293 licita
1275 4250 1460 4290 rerum
1509 4234 1818 4287 divinarqu
1859 4224 2193 4281 scrutatione
2232 4221 2328 4273 de-

764 4333 965 4397 territi,
1014 4346 1080 4385 ne
1124 4344 1224 4399 pro
1272 4325 1489 4381 modulo
1522 4332 1706 4377 nostro
1739 4320 1881 4385 illos,
1919 4318 2118 4386 quibus
2161 4312 2331 4368 subli-

764 4424 936 4477 miora
989 4421 1143 4475 nobis
1188 4416 1588 4484 contemplandi
1628 4412 1853 4468 facultas
1896 4411 2062 4471 deest,
2096 4407 2328 4462 admitti-

762 4513 887 4567 culo
918 4512 1200 4566 destitutos
1242 4518 1573 4577 pateremur,
1614 4506 1679 4559 ad
1707 4503 2052 4559 scribendum
2086 4501 2323 4553 animum

766 4603 1089 4672 appulimus,
1117 4601 1248 4654 nihil
1281 4600 1500 4670 quidem
1533 4598 1654 4652 novi
1694 4594 1887 4649 afferre
1914 4599 2322 4661 prmsumentes,

2423 3213 2567 3284 ἡμᾶς
2619 3210 2841 3263 ἔπεισαν
2877 3207 2935 3260 οὐ
2970 3207 3127 3278 μόνον
3152 3209 3207 3259 αἱ
3252 3203 3394 3260 κατὰ
3437 3205 3597 3276 φύσιν
3639 3207 3857 3275 ἐφέσεις
3895 3208 4010 3261 τῶν

2422 3304 2577 3367 νοῶν,
2604 3300 2879 3372 ἐρωτικῶς
2916 3299 3002 3351 ἀεὶ
3027 3297 3344 3369 γλιχόμεναι
3369 3298 3467 3369 τῆς
3506 3298 3856 3370 ἐγχωρούσης
3895 3299 4010 3353 τῶν

2424 3393 2715 3467 ὑπερφυῶν
2737 3391 2987 3462 θεωρίας,
3012 3389 3149 3443 ἀλλὰ
3171 3390 3264 3443 καὶ
3286 3388 3422 3460 αὑτὴ
3459 3388 3566 3442 τῶν
3592 3388 3752 3442 θείων
3786 3390 4011 3461 θεσμῶν

2425 3490 2457 3560 ὴ
2483 3487 2679 3559 ἀρίστη
2716 3483 2955 3551 διάταξις
2974 3501 2986 3514 ·
3016 3484 3085 3537 τὰ
3116 3484 3214 3554 μὲν
3239 3484 3379 3556 ὑπὲρ
3422 3485 3569 3555 ἡμᾶς
3606 3484 4010 3551 ἀποφάσκουσα

2424 3574 2914 3645 πολυπραγμονεῖν,
2942 3572 3035 3625 καὶ
3057 3571 3133 3635 ὡς
3158 3572 3299 3644 ὑπὲρ
3344 3571 3521 3636 ἀξίαν,
3568 3573 3659 3625 καὶ
3701 3572 3776 3636 ὡς
3821 3573 4011 3642 ἀνέφι-

2426 3679 2560 3716 κτα’
2604 3663 2779 3716 πάντα
2814 3661 2871 3714 δὲ
2897 3662 2997 3714 ὅσα
3036 3664 3094 3714 ἐν
3139 3662 3269 3731 ἡμῖν
3308 3662 3519 3731 ἐφίεται
3562 3662 3655 3713 καὶ
3704 3658 4011 3732 δεδώρηται

2430 3756 2736 3828 μανθάνειν,
2762 3754 3041 3827 προσεχῶς
3077 3755 3467 3826 ἐγκελευομένη
3499 3753 3593 3807 καὶ
3626 3753 3833 3824 ἑτέροις
3871 3755 4012 3821 ἀγα.

2428 3847 2642 3911 θοειδῶς
2684 3846 3035 3918 μεταδιδόναι.
3065 3846 3285 3911 Τούτοις
3321 3843 3411 3899 οὖν
3438 3846 3532 3899 καὶ
3558 3847 3720 3915 ἡμεῖς
3746 3844 4008 3915 πειθόμε-⁵

2427 3958 2543 4003 νοι,
2588 3941 2681 3992 καὶ
2726 3939 2860 4011 πρὸς
2902 3939 2999 4011 τὴν
3039 3938 3266 4010 ἐφικτὴν
3303 3939 3411 3991 τῶν
3462 3937 3619 3990 θείων
3664 3936 3878 4006 εὕρεσιν
3925 3938 4006 4008 μὴ

2428 4032 2804 4102 άποκαμόντες
2844 4030 2875 4101 ἢ
2918 4030 3410 4093 ἀποδειλιάσαντες,
3452 4027 3587 4081 ἀλλὰ
3624 4028 3716 4081 καὶ
3754 4028 3880 4091 τοὺς
3925 4028 4009 4099 μὴ

2426 4128 2752 4199 δυναμένους
2780 4127 2857 4189 είς
2881 4125 2949 4178 τὰ
2984 4125 3139 4197 ήμῶν
3181 4125 3461 4197 κρείττονα
3489 4122 3729 4193 θεωρεῖν,
3759 4121 4006 4194 ἀϐοηθή-

2428 4237 2551 4283 τους
2577 4219 2894 4273 καταλιπεῖν
2925 4218 2986 4271 οὑ
3014 4216 3423 4288 καρτεροῦντες,
3461 4216 3553 4267 ἐπὶ
3578 4214 3638 4266 τὸ
3666 4213 4010 4283 συγγράφειν

2430 4312 2653 4374 ἑαυτοὺς
2697 4310 3045 4381 καθήκαμεν,
3087 4308 3267 4361 καινὸν
3313 4308 3409 4378 μὲν
3460 4305 3607 4359 οὐδὲν
3663 4301 4007 4372 εἰσηγεῖσθαι

2432 4403 2755 4473 τολμῶντες,
2783 4400 3131 4472 λεπτοτέραις
3155 4400 3211 4452 δὲ
3238 4399 3328 4451 καὶ
3363 4399 3482 4459 ταῖς
3508 4394 3645 4449 κατὰ
3675 4394 3837 4465 μέρος
3872 4393 4007 4446 ἐκα-

2436 4510 2557 4547 στον
2600 4494 2893 4559 ἐξετάσεσι,
2930 4491 2999 4544 τὰ
3039 4488 3367 4552 συνοπτικῶς
3414 4487 3674 4559 εἰρημένα
3710 4483 3787 4555 τῷ
3833 4483 4006 4545 ὅντως

2443 4586 2681 4657 Ἰεροθέῳ
2708 4586 3067 4657 διακρίνοντες
3094 4584 3187 4636 καὶ
3213 4581 3571 4651 ἐκφαίνοντες.

764 4697 857 4749 sed
923 4667 1313 4747 minutioribus
1347 4692 1615 4746 duntaxat
1656 4688 1981 4758 quibusdam
2022 4682 2357 4752 singularum
2392 4679 2629 4749 partium
2673 4677 3177 4742 observationibus,
3221 4690 3283 4731 ea
3314 4689 3433 4745 qua;
3484 4686 3515 4726 a
3548 4684 3677 4727 vere
3707 4667 4007 4725 Hierotheo

764 4785 948 4842 subtili
982 4798 1114 4839 sane
1162 4783 1484 4855 compendio
1525 4782 1723 4835 tradita
1762 4788 1905 4845 sunt,
1938 4777 2331 4845 distinguentes
2366 4782 2526 4841 atque
2556 4770 2927 4840 explanantes.

2361 4934 2431 4947 -—-—

1824 5066 1983 5138 345
2031 5056 2560 5119 ADNOTATIONES
2607 5052 2953 5111 CORDERII.

839 5208 943 5282 gl.
984 5209 1057 5261 Ac
1100 5210 1345 5282 primum,
1385 5210 1428 5282 si
1462 5207 1691 5282 videtur,
1727 5206 1847 5282 ί)οηί
1894 5217 2080 5282 nomen
2122 5199 2498 5282 expendamus:
2542 5193 2842 5282 Occasione
2889 5188 3049 5282 huius
3093 5185 3218 5268 loci,
3259 5191 3502 5282 sanctusc
3520 5179 3781 5282 Tltpma's,
3822 5180 3999 5282 prima

767 5249 940 5349 paiite,
981 5249 1172 5345 quast.
1204 5278 1255 5341 5,
1290 5251 1448 5331 aitie.
1481 5249 1788 5344 2,quairit,
1830 5249 2582 5349 utrum_bouiiin‘secundum
2625 5264 2889 5317 rationem
2925 5249 2997 5342 sit
3028 5258 3369 5349 priusquam
3407 5265 3522 5305 ens.
3565 5250 3809 5349 Et‘r'atio
3838 5249 4003 5328 dubi-

766 5319 1049 5412 iaudi,es't,
1083 5350 1206 5415 quia
1234 5320 1368 5402 ordo
1411 5319 1692 5401 uorriirium
1723 5319 1806 5400 est
1838 5342 2135 5415 secundum
2172 5319 2416 5392 ordinem
2452 5350 2633 5388 rerum
2674 5348 2771 5415 per
2812 5319 3044 5385 nomina'
3072 5319 3516 5415 significatarum,
3555 5322 3647 5374 sed
3683 5319 3999 5400 Dionysius,

766 5422 961 5489 inquit,
982 5391 1117 5472 inici
1146 5421 1245 5471 alia
1274 5420 1486 5471 nomina
1514 5418 1602 5469 Dei
1623 5391 1771 5486 prius
1804 5391 2371 5484 ponit—bonumquam
2400 5422 2528 5472 ens;
2554 5391 2688 5471 ergo
2712 5405 2908 5458 bonum
2935 5391 3229 5455 secundum
3252 5396 3515 5448 rationem
3544 5401 3627 5445 est
3657 5391 3809 5460 prius
3835 5403 4000 5458 quam

2052 5562 2285 5621 VARle
2323 5557 2728 5614 LECTIONES.

834 5712 875 5739 ⁶²
906 5709 997 5761 καὶ
1025 5708 1185 5772 θεῖος,
1214 5707 1266 5762 S.
1301 5707 1359 5759 P.
1389 5707 1477 5759 Sc.
1511 5706 1630 5759 Sar.
1712 5704 1755 5734 ⁸³
1786 5704 1874 5756 καὶ
1900 5704 2005 5763 ἵνα,
2038 5702 2104 5753 Μ.
2142 5701 2227 5754 Sc.
2272 5698 2390 5753 Sar.
2411 5769 2439 5772 __
2472 5698 2513 5728 ⁸⁵
2538 5690 2941 5772 ἀντειπεῖνμῖίς.
2987 5687 3128 5772 quod
3174 5684 3275 5772 Sc;
3307 5683 3579 5772 egpriniit.
3658 5683 3700 5713 ⁵⁵
3730 5679 3999 5736 σδνισθῶο

908 5752 997 5761 ..-.
1028 5752 1159 5770 πη,
1215 5752 1266 5762 -,.
1303 5752 1321 5759 -
1348 5752 1359 5759 .
1390 5752 1477 5759 νυ-
1512 5752 1630 5759 ν.-.
1906 5752 1936 5755 ν.
1994 5752 2005 5763 ,
2156 5752 2203 5754 η
2288 5752 2295 5753 ,
2817 5752 2825 5756 _
3007 5752 3016 5756 _

766 5781 923 5844 μεθα,
956 5780 1011 5833 Ρ.
1047 5781 1135 5835 Sc.
1173 5752 1185 5772 ’
1217 5782 1259 5811 ενδ
1285 5778 1507 5848 γραχεῶν
1533 5777 1790 5846 δηλονότι,
1819 5775 2091 5842 subjuugit
2124 5772 2180 5823 Ι).
2216 5788 2243 5824 c
2274 5769 2498 5833 scliolio,
2530 5769 2741 5837 Opinor.
2821 5762 2861 5793 ⁸⁷
2889 5762 2961 5822 ὼς
2986 5760 3216 5829 ἄρρητα,
3243 5755 3300 5810 S.
3335 5754 3391 5807 P.
3425 5752 3513 5807 Sc.
