4178 6312
233 389 350 446 685
947 385 1036 442 DE
1059 385 1313 442 DIVINIS
1341 384 1738 448 NOMINIBUS,
1775 382 1925 440 CAP.
1961 382 2049 441 111.
2085 417 2154 427 -
2184 383 2512 440 CORDERII
2543 385 2770 442 NOT/E.
3358 393 3463 454 686

233 526 363 565 ens.
395 505 635 562 Resolvit
666 514 867 567 tamen,
899 519 1171 576 ens,cum
1207 503 1359 576 prius
1395 503 1641 576 cadatin
1673 502 2083 576 conceptionem
2129 500 2455 562 intellectus,
2499 518 2660 576 quam
2696 503 2914 576 bonum.
2955 503 3070 574 ipso
3112 508 3276 560 etiam
3314 512 3462 576 prius

231 596 363 636 esse
392 578 686 634 secundum
716 576 1000 630 rationem.
1023 575 1117 628 Est
1142 573 1284 627 enim
1315 576 1545 642 primum
1572 573 1930 640 intelligibile,
1959 575 2095 625 sicut
2127 587 2296 645 sonus
2323 583 2406 625 est
2441 575 2672 645 primum
2702 574 2971 632 audibile;
3006 577 3132 645 quia
3165 573 3460 636 secundum

237 653 348 707 hoc
374 647 795 714 unumquodque
826 645 1191 713 cognosciliile
1218 655 1320 707 est,
1350 645 1400 697 in
1428 654 1687 713 quantum
1715 652 1798 696 est
1826 652 1968 704 actu,
2005 645 2143 695 unde
2177 643 2337 695 etiam
2369 644 2518 712 prius
2541 654 2623 697 est
2651 645 2942 697 secundum
2977 643 3262 702 rationem.

317 721 399 777 Ad
433 718 815 772 auctoritatem
845 725 1026 769 autem
1057 716 1322 784 Dionysii.
1350 725 1404 769 et
1434 714 1972 785 argumentumjnde
1999 722 2294 785 sumptum.
2324 715 2626 778 respondet.
2656 724 2905 768 sanetum
2937 716 3246 785 Dionysium
3278 721 3458 774 divina

236 792 460 845 nomina
494 787 774 854 assignare
802 787 1094 840 secundum
1132 783 1276 852 quod
1309 785 1603 852 important
1629 785 1773 838 circa
1806 783 1974 854 Deum
2004 784 2377 837 habitudinem
2407 799 2604 839 causte.
2640 788 2845 840 Bonum
2878 783 3085 847 autem,
3110 803 3228 841 cum
3265 791 3461 845 habeat

236 862 516 914 rationem
544 852 869 931 ap'petiliilis,
900 856 1154 931 importat
1185 855 1554 931 habitudinem
1587 869 1765 908 causae
1792 853 1986 931 iin_al_is,
2016 853 2168 918 cujus
2194 854 2487 931 causalitas
2515 857 2682 931 prima
2711 866 2790 909 est
2814 897 2826 915 .
2860 856 2983 921 quia
3017 872 3180 924 agens
3209 876 3314 914 non
3347 862 3460 931 agit

238 932 348 985 nisi
383 923 818 998 propteriliuem,
853 934 906 979 et
936 926 1002 978 ab
1029 934 1219 998 agente
1249 926 1762 998 materia'movetur
1798 925 1862 975 ad
1901 923 2154 998 formam,
2183 924 2325 977 unde
2363 924 2483 998 [inis
2517 925 2718 998 dicitur
2747 941 2909 998 causa
2945 941 3252 979 causarum.
3287 931 3351 984 Et
3381 923 3460 985 sit:

237 1003 299 1056 in
333 993 609 1055 causando
635 999 832 1051 bonum
863 1005 946 1049 est
975 996 1122 1062 prius
1146 1011 1304 1061 quam
1337 1010 1452 1056 ens,
1489 996 1632 1048 sicut
1669 995 1790 1047 linis
1815 1009 1976 1062 quam
2011 993 2179 1046 forma
2225 1011 2238 1046 :
2282 1003 2335 1047 et
2368 995 2470 1048 hac
2515 997 2741 1059 ratione,
2775 996 2917 1049 inter
2961 998 3180 1050 nomina
3215 998 3456 1053 divinam

236 1071 618 1124 eausalitatem
664 1063 1049 1135 signiﬁcantia,
1087 1065 1237 1135 prius
1273 1066 1496 1132 ponitur
1536 1067 1732 1118 bonum
1767 1079 1928 1130 quam
1968 1078 2102 1125 eas;
2147 1064 2264 1135 vide
2306 1080 2520 1133 quoque
2556 1077 2750 1132 quaest.
2785 1067 2873 1125 1⁵5.
2917 1068 3077 1119 artic.
3122 1069 3209 1121 il.
3256 1069 3455 1124 Verum

239 1142 460 1194 facilius
487 1153 637 1193 mens
669 1133 906 1208 Dionysii
947 1137 1023 1190 sic
1055 1134 1317 1201 explicari
1355 1145 1551 1208 potest,
1583 1136 1726 1208 quod
1758 1149 1876 1188 cum
1921 1135 2008 1186 Dei
2054 1133 2269 1208 nomina
2315 1138 2610 1189 secundum
2647 1135 3018 1208 emanationes
3053 1137 3295 1207 assignat
3335 1157 3461 1208 quae

239 1211 358 1266 Deo
396 1211 606 1264 ratione
650 1203 909 1262 bonitatis
947 1208 1283 1275 tribuuntur,
1325 1203 1479 1273 cujus
1527 1205 1774 1275 proprius
1814 1214 1967 1257 actus
2013 1217 2115 1260 est.
2158 1203 2277 1275 aliis
2322 1220 2381 1258 se
2424 1206 2855 1265 communicare,
2884 1204 3087 1261 idcirco
3122 1203 3299 1275 primo
3340 1203 3460 1264 loco

237 1281 368 1335 boni
420 1296 611 1334 nomen
653 1278 1049 1345 interpretetur.
1096 1274 1249 1330 Unde
1296 1291 1398 1329 non
1442 1277 1723 1346 sequitur,
1768 1289 1959 1328 nomen
2002 1275 2122 1328 boni
2167 1274 2396 1341 primam
2443 1277 2684 1330 omnium
2732 1277 2996 1330 rationem
3046 1278 3098 1331 in
3128 1274 3248 1333 Deo
3288 1281 3459 1350 signi-

241 1352 343 1404 lica
352 1367 428 1406 re.

318 1422 520 1476 Ibidem
549 1437 564 1473 :
600 1417 812 1486 Oportet
838 1418 976 1471 enim
1009 1435 1100 1472 nos
1131 1418 1353 1486 primum
1383 1417 1738 1475 orationibus.
1763 1423 1867 1470 etc.
1913 1414 2010 1486 Ubi
2052 1423 2175 1467 nota
2202 1414 2409 1482 primo.
2439 1432 2532 1484 per
2561 1416 2861 1470 orationem
2896 1433 2923 1469 a
2961 1417 3071 1470 Deo
3104 1434 3282 1473 rerum
3320 1422 3460 1476 divi.

241 1507 444 1545 narum
481 1491 728 1545 notitiam
757 1503 878 1542 esse
912 1489 1338 1555 impetrandam;
1371 1489 1626 1556 quoniam
1661 1498 1742 1539 est
1782 1485 2031 1554 generale
2061 1485 2296 1556 medium
2337 1486 2402 1537 ad
2443 1487 2622 1539 omnia
2651 1488 2787 1539 dona
2831 1489 3095 1553 spiritalia
3141 1491 3458 1546 obtinenda.

239 1558 345 1615 list
397 1560 538 1614 enim
566 1603 579 1621 ,
613 1570 668 1612 ut
691 1569 912 1614 sanctus
934 1557 1350 1630 Chrysostomus
1380 1555 1594 1630 ail(54),
1616 1558 1789 1630 instar
1810 1556 1975 1630 clavis
1999 1555 2298 1630 cujusdam.
2330 1570 2425 1630 per
2451 1571 2612 1624 quam
2633 1572 2820 1630 omnes
2849 1559 2936 1612 Dei
2962 1560 3243 1613 thesauros
3270 1577 3462 1630 possu—

238 1648 366 1685 mus
399 1631 629 1697 aperire,
660 1639 715 1682 et
750 1645 814 1683 ex
848 1629 954 1699 illis
984 1625 1226 1697 accipere
1251 1628 1509 1699 quidquid
1546 1625 1701 1679 nobis
1729 1626 2071 1681 commodmn
2101 1625 2312 1699 videtur
2343 1628 2407 1679 ad
2439 1636 2698 1699 aeternam
2731 1628 2958 1682 salutem
2997 1625 3458 1697 consequendam.

235 1696 443 1755 Omnia
471 1704 611 1755 enim
647 1702 743 1754 ista
774 1697 1018 1751 oratione
1047 1696 1349 1753 certissime
1381 1712 1668 1765 possumus
1701 1699 2010 1765 impetrare,
2032 1706 2100 1766 ut
2131 1696 2268 1748 idem
2303 1707 2522 1751 sanctus
2548 1697 2969 1765 Chrysostomus
3003 1699 3116 1752 fuse
3144 1696 3206 1753 ac
3239 1703 3463 1766 pulchre

236 1789 308 1825 ex
339 1771 633 1838 Scripturis
655 1770 846 1839 probat
881 1769 936 1822 in
968 1770 1146 1822 aureis
1173 1769 1278 1823 illis
1313 1768 1466 1821 libris
1500 1767 1572 1820 De
1614 1769 1811 1839 orando
1843 1767 1968 1819 Deo.
2001 1765 2097 1819 Hic
2129 1774 2337 1839 tantum
2368 1769 2596 1839 observa
2635 1768 2736 1818 tria
2771 1767 2835 1820 ad
2864 1770 3130 1839 orationis
3164 1765 3460 1825 cllicaciam

239 1837 591 1907 summopere
622 1837 948 1894 necessaria.
976 1839 1214 1893 Primum
1241 1839 1483 1899 quidem,
1516 1837 1948 1906 perturbationes
1975 1850 2231 1908 sensuum
2258 1837 2538 1908 cohibere,
2572 1853 2692 1903 quae
2716 1839 2782 1888 ad
2804 1853 3065 1905 corporea
3093 1837 3404 1908 longissime
3429 1859 3459 1897 τι

235 1905 530 1965 divinitate
555 1910 830 1972 distantia,
861 1923 960 1962 nos
991 1909 1334 1976 detorquent.
1368 1909 1695 1971 Secundum,
1728 1916 1984 1973 tanquam
2019 1905 2240 1976 nebulas
2271 1907 2337 1959 ab
2367 1907 2643 1973 intellectu
2677 1908 2946 1974 expellere
2980 1905 3223 1964 fallacias
3256 1920 3310 1966 et
3346 1929 3462 1965 ma-

237 1984 592 2036 chinamenta
636 1980 1054 2047 imaginationis.
1084 1971 1352 2039 Tertium,
1387 1979 1692 2031 universum
1725 1971 2020 2029 voluntatis
2051 1971 2326 2039 adfectum,
2359 1977 2412 2047 in
2444 1971 2657 2033 diversa
2681 1971 2832 2031 nunc
2861 1978 2998 2032 bona
3027 1981 3374 2043 distractum,
3409 1988 3458 2036 in

236 2053 476 2120 primum
512 2053 707 2104 bonum
733 2046 847 2120 tota
882 2065 1102 2116 prorsus
1129 2051 1332 2103 amoris
1366 2049 1668 2120 intentione
1697 2057 2018 2120 convertere
2049 2063 2062 2099 :
2101 2047 2180 2120 ita_
2206 2048 2347 2120 en_im
2379 2046 2560 2120 fervor
2581 2049 2921 2120 obsecrantis
2958 2049 3196 2103 animum
3237 2051 3463 2118 conjun-

236 2117 320 2189 im
348 2119 476 2187 Deo,
504 2123 642 2174 sicut
661 2119 1157 2191 sulphureuscalor
1181 2121 1396 2191 copulat
1421 2118 1621 2189 lignum
1647 2117 1891 2191 ﬂamma}.
1924 2117 2037 2191 llue
2060 2118 2232 2191 tendit
2253 2117 2624 2173 Zoroasticum
2653 2119 2780 2173 illud
2807 2135 2821 2170 :
2855 2135 2874 2168 ‹
2901 2120 2957 2172 Si
2990 2129 3222 2173 mentem
3250 2117 3461 2191 igneam

235 2188 308 2246 ad
337 2207 474 2258 opus
501 2192 713 2258 pietatis
742 2190 1061 2252 intenderis.
1094 2190 1351 2243 caducum
1380 2202 1594 2257 quoque
1623 2202 1820 2256 corpus
1850 2188 1971 2240 inde
2001 2189 2262 2242 servabis.
2299 2206 2317 2239 ι

313 2261 450 2315 Nota
483 2263 741 2320 secundo,
774 2261 914 2327 quod
956 2259 1096 2315 Deus
1118 2260 1326 2328 quidem
1358 2274 1586 2326 prwsens
1623 2260 1770 2310 adest
1807 2259 2068 2320 omnibus,
2109 2275 2211 2312 non
2253 2268 2426 2311 autem
2466 2258 2543 2311 illi
2580 2259 2769 2312 adsunt
2816 2263 3015 2314 omnia.
3051 2260 3278 2315 Etiamsi
3317 2265 3459 2319 enim

237 2332 389 2386 Dens
415 2333 666 2386 omnibus
697 2331 859 2383 rebus
888 2330 958 2398 sit
988 2331 1174 2384 intime
1203 2343 1460 2398 prieseus,
1491 2337 1690 2396 easque
1719 2342 1815 2398 suo
1847 2330 2228 2398 substantilico
2260 2328 2463 2380 iniluxu
2499 2340 2690 2393 tangat
2719 2341 2773 2383 et
2803 2340 3109 2390 conservet,
3146 2332 3211 2383 ab
3240 2333 3346 2387 illis
3381 2346 3454 2387 ta-

237 2418 368 2455 men
404 2417 508 2454 uon
538 2402 839 2468 attingitur.
882 2397 1012 2453 Nam
1041 2403 1119 2467 (ut
1153 2395 1286 2453 bene
1321 2409 1472 2452 notat
1506 2395 1723 2471 Les’sius
1748 2395 1895 2471 [55])
1918 2398 1990 2471 ita
2023 2412 2260 2471 pnesens
2287 2409 2367 2471 est
2407 2400 2545 2471 loco,
2588 2414 2679 2452 seu
2717 2400 2876 2453 locali
2918 2401 3202 2471 praesentia
3236 2413 3291 2456 et
3323 2405 3463 2457 indi-

235 2472 448 2526 stantia
482 2471 701 2526 cuilibet
743 2471 841 2533 rei,
871 2480 929 2522 ut
962 2481 1137 2524 tamen
1173 2479 1379 2523 naturae
1413 2470 1582 2538 gradu
1615 2477 1670 2520 et
1700 2469 2034 2538 celsitudine
2057 2470 2263 2520 inliuite
2291 2470 2472 2531 distet,
2513 2470 2569 2538 in
2603 2471 2840 2538 seipsnm
2878 2470 3155 2531 collectus,
3183 2484 3236 2526 et
3267 2474 3461 2527 lirmis-

234 2545 381 2595 sime
407 2542 457 2595 in
485 2555 580 2596 sua
613 2541 848 2609 puritate
883 2541 1216 2600 subsistens.
1247 2539 1316 2592 ab
1349 2536 1603 2609 omnibus
1633 2548 1963 2607 segregatus.
1989 2536 2146 2609 Unde
2179 2538 2339 2609 simul
2369 2547 2423 2592 et
2452 2536 2934 2609 coniunctissimus
2965 2548 3048 2592 est
3077 2553 3130 2594 ct
3165 2545 3461 2598 remotissi-

239 2628 389 2671 unus,
420 2607 876 2678 praesentissimus
903 2620 958 2664 et
986 2609 1410 2670 secretissimos,
1436 2607 1772 2662 unitissitnus
1797 2624 1891 2661 seu
1917 2608 2353 2670 collectissimus,
2379 2619 2432 2660 et
2460 2607 2856 2663 diﬂ‘usissinms.
2876 2610 2938 2662 Et
2965 2614 3208 2677 quamvis
3235 2613 3461 2668 inlinitis

240 2683 424 2736 modis
450 2698 542 2750 per
574 2697 701 2735 suos
744 2678 979 2734 iulluxus
1011 2680 1075 2732 ad
1111 2689 1390 2735 creaturas
1420 2678 1741 2750 descendat,
1769 2687 1952 2750 manet
1984 2688 2162 2730 tamen
2210 2681 2261 2750 in
2303 2695 2396 2731 sua
2426 2678 2749 2732 celsitudine
2776 2689 2830 2732 et
2873 2680 3135 2732 immobili
3180 2685 3460 2737 identitate

240 2747 514 2805 stabiliter
540 2751 696 2808 iixns.
726 2751 800 2804 Illi
830 2760 1008 2803 autem
1037 2766 1132 2820 per
1156 2750 1457 2804 orationem
1492 2749 1891 2818 conjungimur,
1921 2747 2045 2802 dum
2079 2762 2199 2801 eum
2231 2749 2282 2800 in
2317 2752 2479 2803 rebus
2508 2750 2759 2804 euntibus
2794 2760 3112 2818 praesentem
3145 2754 3458 2815 adoramus,

237 2832 298 2876 et
334 2823 389 2874 iu
431 2823 538 2876 Deo
562 2823 812 2876 universa
845 2821 1298 2889 contemplamur.

311 2892 518 2958 Quaerit
544 2901 726 2945 autem
756 2891 912 2945 divus
947 2888 1181 2944 Thomas
1215 2891 1266 2943 in
1311 2890 1488 2955 primo
1581 2888 1992 2952 Sententiarum,
2015 2888 2253 2945 distinct.
2281 2891 2372 2955 37,
2397 2904 2452 2958 q.
2484 2890 2536 2948 1,
2561 2890 2715 2948 artic.
2748 2892 2803 2957 2,
2836 2889 2929 2944 tibi
2968 2891 3110 2945 hunc
3137 2892 3308 2946 sancti
3340 2893 3458 2948 Dio-

233 2965 384 3033 nysii
416 2962 589 3033 locum
624 2963 778 3023 citat,
808 2971 989 3014 utrum
1022 2962 1164 3015 Deus
1187 2962 1259 3014 sit
1281 2961 1331 3014 in
1359 2960 1616 3033 omnibus
1641 2973 1735 3033 per
1762 2972 2074 3033 potentiam,
2107 2963 2444 3033 prmscotiam
2473 2969 2526 3012 et
2551 2962 2865 3033 essentiam,
2899 2963 2948 3013 in
2979 2965 3184 3016 sanctis
3211 2977 3314 3029 per
3335 2980 3460 3033 gra-

238 3030 403 3092 tiam.
455 3033 509 3085 in
551 3032 769 3086 Christo
793 3047 890 3098 per
916 3045 1055 3097 esse;
1080 3039 1136 3085 et
1166 3033 1457 3100 respondet
1493 3030 1891 3083 distinetionetn
1917 3032 2141 3085 istorum
2174 3031 2455 3084 modorum
2495 3034 2689 3096 partim
2723 3032 2862 3084 sumi
2891 3045 2954 3084 ex
2987 3041 3141 3100 parte
3170 3030 3460 3097 creaturae,

235 3104 441 3170 partim
471 3117 534 3156 ex
569 3112 720 3169 parte
753 3101 868 3154 Dei.
908 3103 982 3153 Ex
1017 3112 1171 3169 parte
1194 3113 1477 3162 creatur-aa,
1505 3099 1556 3152 iu
1582 3110 1844 3166 quantum
1874 3102 2084 3155 diverso
2115 3101 2274 3152 modo
2297 3103 2580 3154 ordinatur
2615 3104 2666 3154 in
2699 3103 2889 3164 Deum,
2927 3112 2981 3155 et
3014 3103 3359 3170 coniungitur
3385 3107 3459 3167 ei,

234 3169 350 3227 non
393 3172 709 3226 diversitate
751 3171 985 3224 rationis
1029 3181 1265 3235 tantum,
1308 3170 1398 3224 sed
1436 3172 1600 3224 etiam
1645 3169 1880 3223 realiter.
1913 3171 2046 3224 Cum
2091 3171 2234 3223 enim
2279 3171 2418 3223 Deos
2452 3169 2505 3222 in
2543 3172 2702 3226 rebus
2728 3187 2847 3226 esse
2886 3169 3128 3234 dicatur,
3161 3175 3455 3227 secundum

235 3244 386 3310 quod
419 3242 499 3296 eis
523 3243 704 3306 aliquo
734 3241 892 3294 modo
918 3243 1244 3309 applicatur,
1279 3249 1514 3308 oportet,
1548 3249 1607 3292 ut
1638 3240 1724 3291 ubi
1756 3249 1839 3293 est
1878 3241 2123 3293 diversus
2163 3240 2561 3304 coniunctionis
2593 3242 2674 3294 vel
2714 3242 3096 3310 applicationis
3138 3243 3349 3307 modus,
3387 3244 3458 3298 ibi

232 3313 311 3366 sit
352 3313 599 3366 diversus
635 3311 825 3366 modus
850 3314 1084 3366 essendi.
1120 3311 1484 3381 Conjungitur
1515 3318 1694 3363 autem
1726 3321 1973 3381 creatura
2001 3311 2108 3362 Deo
2142 3312 2456 3379 tripliciter.
2491 3310 2690 3378 Primo,
2719 3316 3016 3365 Secundum
3053 3313 3462 3367 similitudinem

239 3392 482 3445 tantum,
517 3384 568 3436 in
608 3393 870 3452 quantum
904 3382 1153 3435 videlicet
1189 3380 1462 3453 invenitur
1498 3381 1550 3453 in
1591 3391 1838 3453 crea_tur_a
1867 3380 2372 3453 aliqua-similitudo
2407 3383 2605 3453 divinat
2643 3383 2923 3453 bonitatis,
2963 3398 3066 3434 non
3107 3396 3290 3436 autem
3315 3391 3458 3453 quod

234 3455 475 3521 attingat
520 3450 693 3521 ipsum
735 3453 904 3506 Deum
940 3454 1236 3505 secundum
1276 3451 1656 3504 substantiam.
1699 3451 1762 3502 Et
1797 3450 1894 3502 ista
1928 3451 2234 3518 coujunctio
2265 3452 2531 3505 invenitur
2562 3452 2611 3503 iu
2640 3452 2891 3505 omnibus
2917 3453 3182 3505 creaturis
3219 3450 3457 3508 divinam

234 3523 543 3577 booitatem
578 3522 1011 3577 assimilantibus
1044 3539 1056 3573 :
1092 3533 1255 3589 atque
1289 3524 1359 3573 ita
1391 3521 1530 3574 Deus
1551 3531 1642 3591 est
1674 3523 1725 3573 in
1754 3521 2007 3572 omnibus
2035 3535 2128 3588 per
2154 3523 2469 3586 essentiam,
2500 3523 2845 3589 praesentiam
2895 3531 2949 3575 et
2979 3524 3296 3588 p0tentiam.

307 3592 474 3663 346
529 3591 796 3656 Secundo,
850 3601 1096 3645 creatura
1141 3591 1357 3663 attingit
1410 3593 1474 3663 ad
1549 3590 1719 3658 ipsum
1761 3591 1948 3663 Deum
1991 3595 2153 3642 etiam
2204 3594 2494 3645 secundum
2546 3595 2902 3645 substantiam
2953 3607 3103 3644 suam
3144 3595 3457 3648 considera-

237 3661 466 3726 tumfet
496 3678 601 3717 non
633 3671 840 3717 tantum
873 3666 1166 3714 secundum
1195 3661 1599 3714 similitudinem
1631 3679 1642 3713 :
1674 3671 1728 3713 et
1759 3661 1858 3712 hoc
1889 3669 1973 3731 est
2002 3676 2094 3728 per
2121 3663 2509 3729 Operationem,
2535 3672 2591 3713 ut
2620 3665 2833 3731 quando
2861 3663 3056 3729 aliquis
3089 3663 3192 3715 lide
3222 3665 3460 3719 adhaeret

234 3734 341 3802 ipsi
377 3733 561 3801 prima:
591 3733 824 3796 veritati,
851 3742 905 3785 et
926 3731 1188 3785 charitate
1219 3731 1318 3801 ipsi
1351 3744 1574 3783 summa:
1606 3732 1851 3784 bonitati.
1887 3729 1952 3783 Et
1985 3733 2059 3783 ita
2086 3745 2168 3784 εει
2197 3732 2336 3785 alius
2364 3735 2571 3795 modus,
2606 3729 2712 3801 quo
2744 3735 2886 3787 Deus
2912 3733 3265 3800 spiritualiter
3292 3746 3376 3788 est
3405 3739 3458 3790 in

230 3805 441 3857 sanetis
471 3817 565 3869 per
593 3804 842 3866 gratiam.

310 3874 516 3937 Tertio,
544 3885 792 3928 creatura
822 3873 1039 3942 attingit
1066 3870 1132 3924 ad
1163 3871 1336 3940 ipsum
1363 3869 1531 3925 Deum
1563 3885 1668 3924 non
1703 3870 1875 3925 solum
1908 3872 2202 3926 secundum
2238 3870 2626 3941 operationem,
2659 3874 2752 3927 sed
2783 3875 2942 3927 etiam
2977 3875 3271 3927 secundum
3301 3888 3456 3938 esse;

232 3959 347 3997 non
382 3943 595 4011 quidem
628 3953 788 4013 prout
819 3959 940 3997 esse
967 3951 1048 3998 est
1077 3951 1228 3995 actus
1256 3943 1502 3996 essentia;
1533 3943 1726 3995 divina:
1759 3943 1904 4010 (quia
1938 3953 2182 3996 creatura
2219 3959 2322 3995 nou
2356 3953 2528 4011 potest
2559 3946 2792 3997 transire
2824 3946 2875 3996 in
2899 3952 3142 3996 naturam
3170 3945 3456 4010 divinam),

231 4015 333 4067 sed
366 4015 656 4067 secundum
684 4015 825 4082 quod
856 4024 938 4068 est
969 4024 1120 4066 actus
1151 4013 1454 4084 hypostasis
1482 4026 1573 4065 seu
1606 4027 1868 4079 personae,
1903 4015 1953 4066 in
1985 4017 2137 4080 cujus
2165 4028 2414 4066 unionem
2445 4023 2692 4067 creatura
2722 4024 2990 4084 assumpta
3025 4026 3125 4066 est.
3161 4013 3228 4066 Et
3266 4015 3352 4068 hic
3379 4024 3462 4069 est

234 4085 433 4137 tnodus
466 4099 569 4151 quo
601 4085 742 4137 Deus
769 4094 855 4136 est
883 4086 934 4138 in
963 4085 1178 4138 Christo
1209 4096 1304 4151 per
1329 4083 1580 4136 unionem
1615 4084 2029 4152 liypostaticam.

309 4154 387 4206 Ex
417 4163 568 4221 parte
601 4165 778 4208 tamen
809 4155 902 4207 Dei
938 4170 1039 4208 non
1073 4154 1344 4206 invenitur
1369 4153 1657 4224 diversitas
1687 4154 1784 4214 rei.
1819 4156 1912 4206 sed
1944 4155 2171 4208 rationis
2204 4165 2435 4218 tantum,
2468 4165 2734 4224 quatenus
2769 4154 2818 4206 in
2839 4154 2954 4222 ipso
2987 4153 3335 4223 distinguitur
3366 4170 3459 4209 es-

233 4225 438 4288 sentia,
471 4224 641 4277 virtus
679 4232 733 4279 et
759 4226 1024 4294 operatio.
1063 4224 1304 4278 Esseutia
1346 4231 1526 4276 autem
1567 4222 1682 4288 ejus
1713 4238 1832 4277 cum
1866 4227 1934 4278 sit
1965 4225 2206 4288 absoluta
2245 4230 2311 4278 ab
2341 4222 2497 4278 omni
2520 4236 2794 4287 creatura,
2827 4241 2931 4277 non
2963 4235 3048 4278 est
3094 4222 3460 4288 in'creatura,

234 4294 344 4349 nisi
380 4297 430 4346 iu
457 4304 717 4361 quantum
748 4296 1048 4363 applicatur
1078 4295 1152 4347 Illi
1194 4308 1287 4365 per
1316 4295 1706 4361 operationem,
1741 4303 1801 4365 et
1825 4295 2117 4348 secundum
2148 4299 2249 4348 hoc
2279 4296 2421 4362 quod
2453 4305 2711 4365 Operatur
2745 4297 2794 4346 in
2819 4309 2915 4365 dre,
2947 4296 3142 4348 dicitur
3171 4312 3290 4349 esse
3319 4297 3372 4349 in
3405 4314 3462 4349 re

232 4380 339 4433 per
367 4366 727 4430 pnesentiam,
762 4366 1055 4422 secundum
1089 4364 1231 4431 quod
1267 4377 1495 4432 operans
1523 4374 1746 4430 operato
1775 4364 1934 4418 debet
1960 4379 2079 4418 esse
2115 4366 2292 4434 aliquo
2325 4363 2771 4434 tuotlo’praasens.
2807 4363 2872 4416 Et
2896 4367 3023 4433 quia
3067 4367 3310 4432 operatio
3351 4383 3456 4419 non

235 4436 446 4508 deserit
474 4435 729 4488 virtutem
762 4435 996 4508 divinam
1031 4439 1357 4508 aqua‘exit,
1390 4434 1509 4508 ideo
1545 4433 1742 4486 dicitur
1766 4448 1883 4508 esse
1913 4436 1965 4488 in
1997 4451 2054 4487 re
2083 4450 2176 4502 per
2205 4433 2525 4505 potentiam.
2559 4437 2624 4489 Et
2653 4437 2778 4504 quia
2813 4437 2982 4487 virtus
3011 4445 3092 4488 est
3125 4437 3235 4504 ipsa
3267 4450 3458 4491 esseu-

236 4507 340 4569 tia,
370 4507 489 4557 ideo
521 4504 895 4572 consequitur,
927 4515 983 4557 ut
1012 4506 1175 4558 etiam
1209 4504 1262 4556 in
1297 4519 1354 4556 re
1385 4505 1456 4556 sit
1480 4516 1575 4569 per
1604 4505 1918 4560 essentiam.

309 4575 446 4627 Nota
478 4577 669 4641 tertio,
698 4591 763 4628 ex
791 4590 856 4629 eo
887 4576 1027 4642 quod
1061 4574 1348 4646 subjungat
1377 4591 1390 4628 :
1429 4573 1883 4646 Quinimodicere
1923 4577 1979 4628 in
2020 4576 2260 4629 omnibus
2306 4578 2458 4630 rebus
2488 4578 2661 4646 ipsum
2701 4591 2839 4638 esse,
2868 4576 2994 4644 quid
3032 4576 3206 4628 minus
3236 4585 3309 4629 est
3342 4577 3459 4646 ejus

230 4646 520 4711 inﬁnitate,
559 4655 606 4697 et
643 4647 844 4699 excedit
878 4655 926 4697 et
971 4644 1196 4697 continet
1244 4645 1511 4707 universa,
1543 4643 1828 4697 manifeste
1859 4646 2064 4714 colligi,
2098 4648 2262 4700 Deum
2315 4663 2418 4699 non
2469 4643 2643 4701 solum
2693 4662 2812 4700 esse
2865 4643 2916 4699 in
2973 4651 3072 4700 hoc
3113 4646 3331 4709 mundo,
3364 4643 3460 4700 Sed

233 4717 406 4771 etiam
427 4726 577 4768 extra
606 4716 861 4769 mundum
883 4729 978 4782 per
999 4716 1258 4766 immensa
1287 4717 1458 4782 spatia
1480 4714 1759 4785 dill'usum;
1799 4715 1939 4768 sicut
1968 4717 2141 4769 lumen
2173 4718 2440 4784 quoddam
2477 4733 2579 4769 non
2608 4717 2777 4769 solum
2800 4727 2970 4770 totum
3002 4730 3272 4785 occupans
3299 4733 3459 4769 mun-

231 4787 398 4847 dum,
433 4786 523 4837 sed
549 4796 854 4856 extrorsum
888 4788 939 4837 in
969 4798 1183 4837 onmem
1216 4797 1427 4856 partem
1459 4799 1518 4837 se
1556 4784 1759 4856 absque
1798 4788 2024 4839 termino
2052 4790 2348 4842 extendens
2381 4806 2394 4842 :
2425 4791 2564 4856 quod
2601 4791 2737 4839 bene
2779 4793 2972 4853 probat
3009 4784 3226 4839 Lessius
3259 4786 3353 4839 lib.
3386 4803 3458 4850 tt,

233 4856 314 4908 De
357 4855 761 4922 perfectionibus
806 4855 1014 4914 divinis,
1056 4869 1178 4922 cap.
1213 4857 1266 4907 2.
1316 4873 1334 4905 ‹
1375 4855 1526 4908 Sicut
1557 4854 1733 4917 enim,
1771 4856 1980 4923 inquit,
2010 4859 2291 4911 coexsistit
2323 4854 2630 4911 non—solum
2675 4858 2946 4911 (iurationi
2981 4856 3321 4922 ltujusmodi,
3365 4862 3460 4910 sed

232 4928 404 4980 etiam
454 4927 731 4978 immensis
771 4924 1070 4978 intervallis
1100 4940 1219 4991 quae
1260 4934 1387 4977 sunt
1413 4933 1564 4995 extra
1595 4928 1872 4992 mundum,
1907 4929 2160 4980 nimirum
2202 4927 2360 4980 simul
2387 4936 2440 4981 et
2482 4927 2647 4981 semel
2683 4931 2859 4980 Omnia
2894 4928 3128 4981 locorum
3164 4937 3218 4978 et
3251 4935 3458 4995 tempo-

232 5013 360 5050 rum
414 4994 696 5048 intervalla
741 5010 1013 5062 occupans
1061 5005 1116 5046 et
1161 4996 1470 5062 adatquaus.
1521 4993 1672 5049 Unde
1722 4997 1864 5047 sicut
1904 5008 2032 5050 ante
2075 4999 2352 5056 mundum.
2399 4999 2604 5052 nullum
2639 5007 2812 5064 potest
2844 4999 3049 5065 signari
3085 4993 3454 5059 momentum,

231 5069 587 5135 quantumvis
614 5081 642 5118 a
678 5066 944 5133 principio
972 5065 1154 5117 mundi
1186 5067 1416 5129 distans,
1447 5068 1496 5117 in
1525 5080 1630 5132 quo
1659 5080 1761 5117 nou
1792 5066 1862 5118 sit
1895 5070 2062 5130 Deus;
2097 5068 2170 5120 ita
2203 5078 2356 5121 extra
2390 5069 2646 5121 mundum
2677 5069 2875 5118 nullum
2906 5075 3082 5134 potest
3115 5066 3242 5133 tingi
3280 5070 3459 5118 animo

229 5147 495 5207 punctum
526 5138 873 5207 quantumvis
897 5139 1156 5207 a_r_uuudo
1187 5147 1536 5207 remotumiet
1559 5137 1908 5202 disjuuctum,
1942 5139 2028 5189 tibi
2057 5141 2363 5206 plenissime
2387 5155 2510 5192 cum
2541 5148 2651 5191 tota
2671 5152 2764 5189 sua
2797 5139 3102 5206 majestate,
3136 5140 3374 5203 potentia
3406 5147 3462 5190 et

231 5204 410 5276 gloria
443 5204 554 5276 nou
582 5209 653 5261 sit
683 5206 840 5261 Deus.
880 5223 899 5256 ι
940 5204 1073 5258 Vide
1099 5207 1252 5273 plura
1283 5209 1420 5275 apud
1454 5206 1697 5260 Lessium
1729 5208 1844 5259 loco
1875 5204 2063 5262 citato.

314 5275 341 5346 ᾗ
381 5276 441 5328 ll.
483 5275 694 5337 Petrus,
717 5291 960 5346 suprema
1006 5276 1107 5328 ista
1154 5289 1307 5346 atque
1345 5278 1710 5344 antiquissima
1744 5280 2022 5348 summitas
2067 5280 2449 5348 theologorum.
2483 5278 2616 5332 Nota
2657 5278 2779 5332 hinc
2813 5278 3182 5332 ﬁrmissimum
3219 5296 3245 5331 a
3279 5282 3457 5330 sancti

230 5345 481 5416 Diuuysii
526 5349 867 5419 auctoritate?
893 5345 1271 5419 argumentum
1315 5363 1410 5415 pro
1456 5350 1692 5415 primatu
1743 5345 1907 5408 Petri.
1942 5361 1995 5401 et
2025 5345 2416 5419 consequenter
2455 5349 2776 5405 Pontiﬁcum
2814 5350 3175 5402 liomanorum
3217 5348 3456 5414 ejusdem

232 5430 648 5489 successorum.
673 5417 934 5470 Describit
962 5427 1139 5489 autem
1181 5419 1286 5482 hic,
1315 5420 1582 5484 quomodo
1613 5419 1840 5483 apostoli
1873 5435 1994 5471 etim
2029 5420 2146 5474 aliis
2185 5417 2486 5489 discipulis,
2522 5424 2660 5474 inter
2689 5435 2824 5488 quos
2868 5425 2977 5487 ipse
3009 5431 3128 5473 erat
3170 5437 3295 5472 cum
3337 5420 3460 5469 Ilie-

234 5498 452 5552 rotlteo,
486 5487 829 5558 ititerl'neriut
857 5487 1129 5553 exsequiis
1163 5489 1330 5541 beata:
1353 5492 1573 5556 virginis
1602 5489 1800 5551 Mariae,
1836 5505 2062 5558 eamque
2089 5494 2283 5545 divinis
2316 5487 2562 5546 laudibus
2591 5487 2914 5545 celebrariut
2944 5508 2957 5542 :
2996 5493 3115 5546 vide
3146 5491 3455 5551 Baronium,

235 5573 368 5615 tum.
396 5561 435 5623 l,
469 5561 534 5612 ad
565 5575 763 5612 annum
792 5557 991 5611 Christi
1020 5561 1490 5627 quadragesimum
1532 5573 1800 5613 octavum.

305 5761 418 5832 (54)
462 5763 578 5816 Lib.
615 5772 628 5810 l
668 5761 737 5817 De
770 5765 966 5816 orando
1005 5763 1128 5818 Deo.

305 5836 414 5904 (35)
445 5836 559 5888 Lib.
595 5842 630 5881 ll
655 5836 726 5889 Ile
774 5834 1178 5904 perfectionibus
1212 5837 1427 5904 divinis,
1462 5853 1514 5890 c.
1542 5836 1591 5889 5.
