  <div class='ocr_page' id='page_1' title='image "/cluster/home/n/w/nwhite01/storage/ocr_20150623/3/pst.000003853313/353.png"; bbox 0 0 4178 6312; ppageno 0'>
   <div class='ocr_carea' id='block_1_1' title="bbox 697 376 799 431">
    <p class='ocr_par' dir='ltr' id='par_1_1' title="bbox 697 376 799 431">
     <span class='ocr_line' id='line_1_1' title="bbox 697 376 799 431; baseline 0.02 -2"><span class='ocrx_word' id='word_1_1' title='bbox 697 376 799 431; x_wconf 81' lang='grc'><strong>687</strong></span> 
     </span>
    </p>
   </div>
   <div class='ocr_carea' id='block_1_2' title="bbox 1874 360 2786 423">
    <p class='ocr_par' dir='ltr' id='par_1_2' title="bbox 1874 360 2786 423">
     <span class='ocr_line' id='line_1_2' title="bbox 1874 360 2786 423; baseline -0.004 0"><span class='ocrx_word' id='word_1_2' title='bbox 1874 368 1932 423; x_wconf 83' lang='grc'>8.</span> <span class='ocrx_word' id='word_1_3' title='bbox 1980 362 2282 422; x_wconf 78' lang='lat' dir='ltr'><strong>DIONYSII</strong></span> <span class='ocrx_word' id='word_1_4' title='bbox 2316 360 2786 420; x_wconf 67' lang='lat' dir='ltr'><strong>AREOPAGITAS</strong></span> 
     </span>
    </p>
   </div>
   <div class='ocr_carea' id='block_1_3' title="bbox 3859 366 3967 423">
    <p class='ocr_par' dir='ltr' id='par_1_3' title="bbox 3859 366 3967 423">
     <span class='ocr_line' id='line_1_3' title="bbox 3859 366 3967 423; baseline -0.019 0"><span class='ocrx_word' id='word_1_5' title='bbox 3859 366 3967 423; x_wconf 79' lang='lat'><strong>688</strong></span> 
     </span>
    </p>
   </div>
   <div class='ocr_carea' id='block_1_4' title="bbox 1788 497 2961 561">
    <p class='ocr_par' dir='ltr' id='par_1_4' title="bbox 1788 497 2961 561">
     <span class='ocr_line' id='line_1_4' title="bbox 1788 497 2961 561; baseline -0.002 -5"><span class='ocrx_word' id='word_1_6' title='bbox 1788 500 2277 557; x_wconf 66' lang='lat' dir='ltr'><strong>PAKAPHRASIS</strong></span> <span class='ocrx_word' id='word_1_7' title='bbox 2338 497 2789 555; x_wconf 73' lang='lat' dir='ltr'><strong>PACHYMEli/E</strong></span> <span class='ocrx_word' id='word_1_8' title='bbox 2828 498 2961 561; x_wconf 67' lang='lat'><strong>(56).</strong></span> 
     </span>
    </p>
   </div>
   <div class='ocr_carea' id='block_1_5' title="bbox 767 636 2260 725">
    <p class='ocr_par' dir='ltr' id='par_1_5' title="bbox 767 641 2260 725">
     <span class='ocr_line' id='line_1_5' title="bbox 767 641 2260 725; baseline -0.007 -20"><span class='ocrx_word' id='word_1_9' title='bbox 767 654 795 725; x_wconf 66' lang='grc' dir='ltr'><strong>ς</strong></span> <span class='ocrx_word' id='word_1_10' title='bbox 836 654 873 705; x_wconf 95' lang='lat' dir='ltr'><strong>l.</strong></span> <span class='ocrx_word' id='word_1_11' title='bbox 916 651 1154 706; x_wconf 82' lang='lat' dir='ltr'><strong>Primum</strong></span> <span class='ocrx_word' id='word_1_12' title='bbox 1174 688 1191 715; x_wconf 91' lang='lat'><strong>,</strong></span> <span class='ocrx_word' id='word_1_13' title='bbox 1222 648 1265 702; x_wconf 89' lang='lat' dir='ltr'><strong>si</strong></span> <span class='ocrx_word' id='word_1_14' title='bbox 1294 647 1488 716; x_wconf 91' lang='lat' dir='ltr'><strong>placet,</strong></span> <span class='ocrx_word' id='word_1_15' title='bbox 1516 646 1567 699; x_wconf 89' lang='lat' dir='ltr'><strong>id</strong></span> <span class='ocrx_word' id='word_1_16' title='bbox 1591 646 1733 714; x_wconf 89' lang='lat' dir='ltr'><strong>quod</strong></span> <span class='ocrx_word' id='word_1_17' title='bbox 1760 645 2017 699; x_wconf 86' lang='lat' dir='ltr'><strong>universa</strong></span> <span class='ocrx_word' id='word_1_18' title='bbox 2043 643 2133 695; x_wconf 89' lang='lat' dir='ltr'><strong>Dei</strong></span> <span class='ocrx_word' id='word_1_19' title='bbox 2168 641 2260 695; x_wconf 90' lang='lat' dir='ltr'><strong>be-</strong></span> 
     </span>
    </p>
   </div>
   <div class='ocr_carea' id='block_1_6' title="bbox 2363 636 3967 725">
    <p class='ocr_par' dir='ltr' id='par_1_6' title="bbox 2442 636 3967 711">
     <span class='ocr_line' id='line_1_6' title="bbox 2442 636 3967 711; baseline 0 -21"><span class='ocrx_word' id='word_1_20' title='bbox 2442 636 2469 707; x_wconf 85' lang='lat'>§</span> <span class='ocrx_word' id='word_1_21' title='bbox 2507 638 2547 691; x_wconf 86' lang='lat' dir='ltr'><strong>i.</strong></span> <span class='ocrx_word' id='word_1_22' title='bbox 2593 638 2837 709; x_wconf 84' lang='grc' dir='ltr'>Πρῶτον,</span> <span class='ocrx_word' id='word_1_23' title='bbox 2871 638 2919 690; x_wconf 86' lang='grc' dir='ltr'>εἱ</span> <span class='ocrx_word' id='word_1_24' title='bbox 2947 638 3111 701; x_wconf 82' lang='grc' dir='ltr'>δοκεῖ,</span> <span class='ocrx_word' id='word_1_25' title='bbox 3137 638 3235 710; x_wconf 81' lang='grc' dir='ltr'>τὴν</span> <span class='ocrx_word' id='word_1_26' title='bbox 3262 638 3660 711; x_wconf 78' lang='grc' dir='ltr'>ἐκφαντορικὴν</span> <span class='ocrx_word' id='word_1_27' title='bbox 3684 638 3793 691; x_wconf 81' lang='grc' dir='ltr'><strong>τῶν</strong></span> <span class='ocrx_word' id='word_1_28' title='bbox 3826 636 3967 691; x_wconf 71' lang='grc' dir='ltr'>ὅλων</span> 
     </span>
    </p>
   </div>
   <div class='ocr_carea' id='block_1_7' title="bbox 694 735 2268 806">
    <p class='ocr_par' dir='ltr' id='par_1_7' title="bbox 694 735 2268 806">
     <span class='ocr_line' id='line_1_7' title="bbox 694 735 2268 806; baseline -0.01 -5"><span class='ocrx_word' id='word_1_29' title='bbox 694 747 886 801; x_wconf 82' lang='lat' dir='ltr'><strong>nclicia</strong></span> <span class='ocrx_word' id='word_1_30' title='bbox 935 740 1268 806; x_wconf 87' lang='lat' dir='ltr'><strong>manifestat,</strong></span> <span class='ocrx_word' id='word_1_31' title='bbox 1316 739 1525 795; x_wconf 89' lang='lat' dir='ltr'><strong>scilicet</strong></span> <span class='ocrx_word' id='word_1_32' title='bbox 1564 737 1693 792; x_wconf 88' lang='lat' dir='ltr'><strong>boni</strong></span> <span class='ocrx_word' id='word_1_33' title='bbox 1734 750 1957 800; x_wconf 88' lang='lat' dir='ltr'><strong>nomen,</strong></span> <span class='ocrx_word' id='word_1_34' title='bbox 1989 735 2268 804; x_wconf 80' lang='lat' dir='ltr'><strong>expenda-</strong></span> 
     </span>
    </p>
   </div>
   <div class='ocr_carea' id='block_1_8' title="bbox 694 826 2267 902">
    <p class='ocr_par' dir='ltr' id='par_1_8' title="bbox 694 826 2267 902">
     <span class='ocr_line' id='line_1_8' title="bbox 694 826 2267 902; baseline -0.008 -10"><span class='ocrx_word' id='word_1_35' title='bbox 694 852 839 902; x_wconf 89' lang='lat' dir='ltr'><strong>mus,</strong></span> <span class='ocrx_word' id='word_1_36' title='bbox 888 836 1140 890; x_wconf 90' lang='lat' dir='ltr'><strong>invocata</strong></span> <span class='ocrx_word' id='word_1_37' title='bbox 1186 840 1373 888; x_wconf 85' lang='lat' dir='ltr'><strong>sancta</strong></span> <span class='ocrx_word' id='word_1_38' title='bbox 1422 830 1708 896; x_wconf 82' lang='lat' dir='ltr'><strong>Trinitate,</strong></span> <span class='ocrx_word' id='word_1_39' title='bbox 1750 844 1871 898; x_wconf 67' lang='lat' dir='ltr'><strong>quae</strong></span> <span class='ocrx_word' id='word_1_40' title='bbox 1914 828 2111 887; x_wconf 39' lang='lat' dir='ltr'><strong>omnis,</strong></span> <span class='ocrx_word' id='word_1_41' title='bbox 2138 826 2267 882; x_wconf 92' lang='lat' dir='ltr'><strong>boni</strong></span> 
     </span>
    </p>
   </div>
   <div class='ocr_carea' id='block_1_9' title="bbox 690 921 2269 1001">
    <p class='ocr_par' dir='ltr' id='par_1_9' title="bbox 690 921 2269 1001">
     <span class='ocr_line' id='line_1_9' title="bbox 690 921 2269 1001; baseline -0.009 -15"><span class='ocrx_word' id='word_1_42' title='bbox 690 931 1015 1001; x_wconf 83' lang='lat' dir='ltr'><strong>principium</strong></span> <span class='ocrx_word' id='word_1_43' title='bbox 1044 935 1151 995; x_wconf 88' lang='lat' dir='ltr'><strong>est,</strong></span> <span class='ocrx_word' id='word_1_44' title='bbox 1180 936 1236 983; x_wconf 92' lang='lat' dir='ltr'><strong>et</strong></span> <span class='ocrx_word' id='word_1_45' title='bbox 1258 938 1447 981; x_wconf 88' lang='lat' dir='ltr'><strong>omnes</strong></span> <span class='ocrx_word' id='word_1_46' title='bbox 1473 939 1599 978; x_wconf 81' lang='lat' dir='ltr'><strong>suas</strong></span> <span class='ocrx_word' id='word_1_47' title='bbox 1627 922 1995 993; x_wconf 84' lang='lat' dir='ltr'><strong>providentias</strong></span> <span class='ocrx_word' id='word_1_48' title='bbox 2032 921 2269 989; x_wconf 77' lang='lat' dir='ltr'><strong>benigne</strong></span> 
     </span>
    </p>
   </div>
   <div class='ocr_carea' id='block_1_10' title="bbox 686 1014 2264 1096">
    <p class='ocr_par' dir='ltr' id='par_1_10' title="bbox 686 1014 2264 1096">
     <span class='ocr_line' id='line_1_10' title="bbox 686 1014 2264 1096; baseline -0.01 -17"><span class='ocrx_word' id='word_1_49' title='bbox 686 1025 971 1096; x_wconf 83' lang='lat' dir='ltr'><strong>explanat.</strong></span> <span class='ocrx_word' id='word_1_50' title='bbox 1011 1021 1239 1093; x_wconf 90' lang='lat' dir='ltr'><strong>Oportet</strong></span> <span class='ocrx_word' id='word_1_51' title='bbox 1262 1021 1444 1090; x_wconf 84' lang='lat' dir='ltr'><strong>itaque</strong></span> <span class='ocrx_word' id='word_1_52' title='bbox 1474 1034 1571 1074; x_wconf 88' lang='lat' dir='ltr'><strong>nos</strong></span> <span class='ocrx_word' id='word_1_53' title='bbox 1600 1016 1940 1074; x_wconf 87' lang='lat' dir='ltr'><strong>orationibus</strong></span> <span class='ocrx_word' id='word_1_54' title='bbox 1977 1014 2264 1076; x_wconf 87' lang='lat' dir='ltr'><strong>adductos,</strong></span> 
     </span>
    </p>
   </div>
   <div class='ocr_carea' id='block_1_11' title="bbox 688 1101 2267 1187">
    <p class='ocr_par' dir='ltr' id='par_1_11' title="bbox 688 1101 2267 1187">
     <span class='ocr_line' id='line_1_11' title="bbox 688 1101 2267 1187; baseline -0.009 -18"><span class='ocrx_word' id='word_1_55' title='bbox 688 1117 773 1171; x_wconf 87' lang='lat' dir='ltr'><strong>vel</strong></span> <span class='ocrx_word' id='word_1_56' title='bbox 802 1115 983 1187; x_wconf 82' lang='lat' dir='ltr'><strong>potius</strong></span> <span class='ocrx_word' id='word_1_57' title='bbox 1008 1111 1526 1183; x_wconf 71' lang='lat' dir='ltr'><strong>appropinquantes,</strong></span> <span class='ocrx_word' id='word_1_58' title='bbox 1572 1108 1724 1177; x_wconf 78' lang='lat' dir='ltr'><strong>juxta</strong></span> <span class='ocrx_word' id='word_1_59' title='bbox 1776 1105 1911 1161; x_wconf 91' lang='lat' dir='ltr'><strong>illud</strong></span> <span class='ocrx_word' id='word_1_60' title='bbox 1960 1123 1972 1158; x_wconf 90' lang='lat'>:</span> <span class='ocrx_word' id='word_1_61' title='bbox 2021 1101 2267 1155; x_wconf 72' lang='lat' dir='ltr'><strong>Accedite</strong></span> 
     </span>
    </p>
   </div>
   <div class='ocr_carea' id='block_1_12' title="bbox 685 1196 2265 1273">
    <p class='ocr_par' dir='ltr' id='par_1_12' title="bbox 685 1196 2265 1273">
     <span class='ocr_line' id='line_1_12' title="bbox 685 1196 2265 1273; baseline -0.006 -12"><span class='ocrx_word' id='word_1_62' title='bbox 685 1210 755 1263; x_wconf 77' lang='lat' dir='ltr'><strong>ad</strong></span> <span class='ocrx_word' id='word_1_63' title='bbox 812 1225 915 1272; x_wconf 75' lang='lat' dir='ltr'><strong>me,</strong></span> <span class='ocrx_word' id='word_1_64' title='bbox 962 1217 1009 1261; x_wconf 85' lang='lat' dir='ltr'><strong>et</strong></span> <span class='ocrx_word' id='word_1_65' title='bbox 1058 1220 1153 1273; x_wconf 83' lang='lat' dir='ltr'><strong>ego</strong></span> <span class='ocrx_word' id='word_1_66' title='bbox 1198 1202 1444 1255; x_wconf 82' lang='lat' dir='ltr'><strong>accedam</strong></span> <span class='ocrx_word' id='word_1_67' title='bbox 1491 1200 1559 1253; x_wconf 85' lang='lat' dir='ltr'><strong>ad</strong></span> <span class='ocrx_word' id='word_1_68' title='bbox 1611 1217 1724 1263; x_wconf 78' lang='lat' dir='ltr'><strong>vos,</strong></span> <span class='ocrx_word' id='word_1_69' title='bbox 1782 1201 1916 1253; x_wconf 76' lang='lat' dir='ltr'><strong>dicit</strong></span> <span class='ocrx_word' id='word_1_70' title='bbox 1972 1196 2265 1257; x_wconf 75' lang='lat' dir='ltr'><strong>Dominus.</strong></span> 
     </span>
    </p>
   </div>
   <div class='ocr_carea' id='block_1_13' title="bbox 684 1286 2262 1367">
    <p class='ocr_par' dir='ltr' id='par_1_13' title="bbox 684 1286 2262 1367">
     <span class='ocr_line' id='line_1_13' title="bbox 684 1286 2262 1367; baseline -0.011 -13"><span class='ocrx_word' id='word_1_71' title='bbox 684 1299 899 1354; x_wconf 79' lang='lat' dir='ltr'><strong>edoceri</strong></span> <span class='ocrx_word' id='word_1_72' title='bbox 932 1297 1050 1367; x_wconf 95' lang='lat' dir='ltr'><strong>ejus</strong></span> <span class='ocrx_word' id='word_1_73' title='bbox 1084 1309 1334 1357; x_wconf 91' lang='lat' dir='ltr'><strong>munera,</strong></span> <span class='ocrx_word' id='word_1_74' title='bbox 1376 1292 1459 1347; x_wconf 92' lang='lat' dir='ltr'><strong>vel</strong></span> <span class='ocrx_word' id='word_1_75' title='bbox 1483 1291 1659 1361; x_wconf 90' lang='lat' dir='ltr'><strong>potius</strong></span> <span class='ocrx_word' id='word_1_76' title='bbox 1694 1290 1805 1360; x_wconf 89' lang='lat' dir='ltr'><strong>pati</strong></span> <span class='ocrx_word' id='word_1_77' title='bbox 1844 1287 2017 1357; x_wconf 81' lang='lat' dir='ltr'><strong>magis</strong></span> <span class='ocrx_word' id='word_1_78' title='bbox 2054 1300 2117 1345; x_wconf 85' lang='lat' dir='ltr'><strong>ea</strong></span> <span class='ocrx_word' id='word_1_79' title='bbox 2138 1286 2262 1339; x_wconf 88' lang='lat' dir='ltr'><strong>dum</strong></span> 
     </span>
    </p>
   </div>
   <div class='ocr_carea' id='block_1_14' title="bbox 684 1380 2262 1457">
    <p class='ocr_par' dir='ltr' id='par_1_14' title="bbox 684 1380 2262 1457">
     <span class='ocr_line' id='line_1_14' title="bbox 684 1380 2262 1457; baseline -0.008 -12"><span class='ocrx_word' id='word_1_80' title='bbox 684 1391 970 1455; x_wconf 82' lang='lat' dir='ltr'><strong>discimus;</strong></span> <span class='ocrx_word' id='word_1_81' title='bbox 996 1388 1201 1444; x_wconf 90' lang='lat' dir='ltr'><strong>etenim</strong></span> <span class='ocrx_word' id='word_1_82' title='bbox 1229 1385 1344 1454; x_wconf 88' lang='lat' dir='ltr'><strong>ipsa</strong></span> <span class='ocrx_word' id='word_1_83' title='bbox 1386 1384 1603 1453; x_wconf 86' lang='lat' dir='ltr'><strong>quidem</strong></span> <span class='ocrx_word' id='word_1_84' title='bbox 1634 1384 1790 1457; x_wconf 74' lang='lat' dir='ltr'><strong>adest</strong></span> <span class='ocrx_word' id='word_1_85' title='bbox 1821 1380 2077 1434; x_wconf 86' lang='lat' dir='ltr'><strong>omnibus</strong></span> <span class='ocrx_word' id='word_1_86' title='bbox 2098 1419 2114 1445; x_wconf 93' lang='lat'><strong>,</strong></span> <span class='ocrx_word' id='word_1_87' title='bbox 2157 1392 2262 1433; x_wconf 91' lang='lat' dir='ltr'><strong>non</strong></span> 
     </span>
    </p>
   </div>
   <div class='ocr_carea' id='block_1_15' title="bbox 683 1471 2263 1553">
    <p class='ocr_par' dir='ltr' id='par_1_15' title="bbox 683 1471 2263 1553">
     <span class='ocr_line' id='line_1_15' title="bbox 683 1471 2263 1553; baseline -0.009 -15"><span class='ocrx_word' id='word_1_88' title='bbox 683 1492 864 1538; x_wconf 79' lang='lat' dir='ltr'><strong>autem</strong></span> <span class='ocrx_word' id='word_1_89' title='bbox 889 1482 990 1553; x_wconf 89' lang='lat' dir='ltr'><strong>ipsi</strong></span> <span class='ocrx_word' id='word_1_90' title='bbox 1009 1482 1206 1535; x_wconf 91' lang='lat' dir='ltr'><strong>adsunt</strong></span> <span class='ocrx_word' id='word_1_91' title='bbox 1220 1478 1424 1539; x_wconf 86' lang='lat' dir='ltr'><strong>omnia,</strong></span> <span class='ocrx_word' id='word_1_92' title='bbox 1446 1488 1781 1546; x_wconf 73' lang='lat' dir='ltr'><strong>qumcunqne</strong></span> <span class='ocrx_word' id='word_1_93' title='bbox 1812 1471 2065 1526; x_wconf 79' lang='lat' dir='ltr'><strong>videlicet</strong></span> <span class='ocrx_word' id='word_1_94' title='bbox 2085 1485 2263 1524; x_wconf 83' lang='lat' dir='ltr'><strong>rerum</strong></span> 
     </span>
    </p>
   </div>
   <div class='ocr_carea' id='block_1_16' title="bbox 684 1559 2267 1638">
    <p class='ocr_par' dir='ltr' id='par_1_16' title="bbox 684 1559 2267 1638">
     <span class='ocr_line' id='line_1_16' title="bbox 684 1559 2267 1638; baseline -0.008 -10"><span class='ocrx_word' id='word_1_95' title='bbox 684 1586 1026 1631; x_wconf 84' lang='lat' dir='ltr'><strong>terrenarum</strong></span> <span class='ocrx_word' id='word_1_96' title='bbox 1054 1571 1341 1627; x_wconf 90' lang='lat' dir='ltr'><strong>affectione</strong></span> <span class='ocrx_word' id='word_1_97' title='bbox 1365 1579 1419 1626; x_wconf 91' lang='lat' dir='ltr'><strong>et</strong></span> <span class='ocrx_word' id='word_1_98' title='bbox 1443 1568 1826 1638; x_wconf 71' lang='lat' dir='ltr'><strong>mgitationum</strong></span> <span class='ocrx_word' id='word_1_99' title='bbox 1855 1559 2267 1635; x_wconf 75' lang='lat' dir='ltr'><strong>perturbatione</strong></span> 
     </span>
    </p>
   </div>
   <div class='ocr_carea' id='block_1_17' title="bbox 682 1658 2266 1737">
    <p class='ocr_par' dir='ltr' id='par_1_17' title="bbox 682 1658 2266 1737">
     <span class='ocr_line' id='line_1_17' title="bbox 682 1658 2266 1737; baseline -0.01 -15"><span class='ocrx_word' id='word_1_100' title='bbox 682 1667 869 1737; x_wconf 79' lang='lat' dir='ltr'><strong>procul</strong></span> <span class='ocrx_word' id='word_1_101' title='bbox 914 1666 1205 1730; x_wconf 86' lang='lat' dir='ltr'><strong>recedunt;</strong></span> <span class='ocrx_word' id='word_1_102' title='bbox 1238 1661 1455 1734; x_wconf 87' lang='lat' dir='ltr'><strong>quando</strong></span> <span class='ocrx_word' id='word_1_103' title='bbox 1490 1676 1619 1716; x_wconf 90' lang='lat' dir='ltr'><strong>vero</strong></span> <span class='ocrx_word' id='word_1_104' title='bbox 1664 1658 1979 1728; x_wconf 87' lang='lat' dir='ltr'><strong>precatione</strong></span> <span class='ocrx_word' id='word_1_105' title='bbox 2010 1663 2065 1709; x_wconf 92' lang='lat' dir='ltr'><strong>et</strong></span> <span class='ocrx_word' id='word_1_106' title='bbox 2115 1664 2266 1708; x_wconf 86' lang='lat' dir='ltr'><strong>trau-</strong></span> 
     </span>
    </p>
   </div>
   <div class='ocr_carea' id='block_1_18' title="bbox 680 1748 2263 1827">
    <p class='ocr_par' dir='ltr' id='par_1_18' title="bbox 680 1748 2263 1827">
     <span class='ocr_line' id='line_1_18' title="bbox 680 1748 2263 1827; baseline -0.007 -16"><span class='ocrx_word' id='word_1_107' title='bbox 680 1757 846 1827; x_wconf 90' lang='lat' dir='ltr'><strong>qnilla</strong></span> <span class='ocrx_word' id='word_1_108' title='bbox 879 1766 1061 1817; x_wconf 90' lang='lat' dir='ltr'><strong>mente</strong></span> <span class='ocrx_word' id='word_1_109' title='bbox 1094 1756 1271 1812; x_wconf 82' lang='lat' dir='ltr'><strong>idonei</strong></span> <span class='ocrx_word' id='word_1_110' title='bbox 1301 1754 1584 1810; x_wconf 83' lang='lat' dir='ltr'><strong>evadimus</strong></span> <span class='ocrx_word' id='word_1_111' title='bbox 1614 1752 1680 1807; x_wconf 90' lang='lat' dir='ltr'><strong>ad</strong></span> <span class='ocrx_word' id='word_1_112' title='bbox 1711 1752 1952 1804; x_wconf 83' lang='lat' dir='ltr'><strong>divinam</strong></span> <span class='ocrx_word' id='word_1_113' title='bbox 1982 1748 2263 1808; x_wconf 83' lang='lat' dir='ltr'><strong>unionem.</strong></span> 
     </span>
    </p>
   </div>
   <div class='ocr_carea' id='block_1_19' title="bbox 682 1841 2263 1917">
    <p class='ocr_par' dir='ltr' id='par_1_19' title="bbox 682 1841 2263 1917">
     <span class='ocr_line' id='line_1_19' title="bbox 682 1841 2263 1917; baseline -0.009 -11"><span class='ocrx_word' id='word_1_114' title='bbox 682 1862 813 1906; x_wconf 90' lang='lat' dir='ltr'><strong>tunc</strong></span> <span class='ocrx_word' id='word_1_115' title='bbox 862 1850 1025 1905; x_wconf 88' lang='lat' dir='ltr'><strong>etiam</strong></span> <span class='ocrx_word' id='word_1_116' title='bbox 1080 1863 1179 1903; x_wconf 92' lang='lat' dir='ltr'><strong>nos</strong></span> <span class='ocrx_word' id='word_1_117' title='bbox 1226 1848 1329 1917; x_wconf 90' lang='lat' dir='ltr'><strong>ipsi</strong></span> <span class='ocrx_word' id='word_1_118' title='bbox 1374 1846 1653 1901; x_wconf 89' lang='lat' dir='ltr'><strong>adsumus.</strong></span> <span class='ocrx_word' id='word_1_119' title='bbox 1691 1841 2037 1899; x_wconf 87' lang='lat' dir='ltr'><strong>Confirmans</strong></span> <span class='ocrx_word' id='word_1_120' title='bbox 2084 1847 2263 1893; x_wconf 89' lang='lat' dir='ltr'><strong>autem</strong></span> 
     </span>
    </p>
   </div>
   <div class='ocr_carea' id='block_1_20' title="bbox 679 1930 2263 2013">
    <p class='ocr_par' dir='ltr' id='par_1_20' title="bbox 679 1930 2263 2013">
     <span class='ocr_line' id='line_1_20' title="bbox 679 1930 2263 2013; baseline -0.009 -16"><span class='ocrx_word' id='word_1_121' title='bbox 679 1940 854 2013; x_wconf 77' lang='lat' dir='ltr'><strong>ipsam</strong></span> <span class='ocrx_word' id='word_1_122' title='bbox 878 1941 1131 1997; x_wconf 89' lang='lat' dir='ltr'><strong>omnibus</strong></span> <span class='ocrx_word' id='word_1_123' title='bbox 1151 1940 1363 2004; x_wconf 84' lang='lat' dir='ltr'><strong>adesse,</strong></span> <span class='ocrx_word' id='word_1_124' title='bbox 1383 1940 1496 1994; x_wconf 88' lang='lat' dir='ltr'><strong>ait:</strong></span> <span class='ocrx_word' id='word_1_125' title='bbox 1521 1938 1638 2007; x_wconf 89' lang='lat' dir='ltr'><strong>Ipsa</strong></span> <span class='ocrx_word' id='word_1_126' title='bbox 1661 1936 1805 1989; x_wconf 87' lang='lat' dir='ltr'><strong>enim</strong></span> <span class='ocrx_word' id='word_1_127' title='bbox 1831 1948 1929 1988; x_wconf 88' lang='lat' dir='ltr'><strong>nec</strong></span> <span class='ocrx_word' id='word_1_128' title='bbox 1958 1933 2011 1987; x_wconf 91' lang='lat' dir='ltr'><strong>in</strong></span> <span class='ocrx_word' id='word_1_129' title='bbox 2047 1930 2167 1985; x_wconf 81' lang='lat' dir='ltr'><strong>loco</strong></span> <span class='ocrx_word' id='word_1_130' title='bbox 2190 1930 2263 1983; x_wconf 90' lang='lat' dir='ltr'><strong>ita</strong></span> 
     </span>
    </p>
   </div>
   <div class='ocr_carea' id='block_1_21' title="bbox 678 2014 2261 2103">
    <p class='ocr_par' dir='ltr' id='par_1_21' title="bbox 678 2014 2261 2103">
     <span class='ocr_line' id='line_1_21' title="bbox 678 2014 2261 2103; baseline -0.01 -12"><span class='ocrx_word' id='word_1_131' title='bbox 678 2045 784 2100; x_wconf 81' lang='lat' dir='ltr'><strong>est,</strong></span> <span class='ocrx_word' id='word_1_132' title='bbox 816 2046 875 2090; x_wconf 86' lang='lat' dir='ltr'><strong>ut</strong></span> <span class='ocrx_word' id='word_1_133' title='bbox 917 2048 1142 2103; x_wconf 83' lang='lat' dir='ltr'><strong>usquam</strong></span> <span class='ocrx_word' id='word_1_134' title='bbox 1176 2033 1344 2094; x_wconf 89' lang='lat' dir='ltr'><strong>absit.</strong></span> <span class='ocrx_word' id='word_1_135' title='bbox 1374 2031 1458 2085; x_wconf 86' lang='lat' dir='ltr'><strong>vel</strong></span> <span class='ocrx_word' id='word_1_136' title='bbox 1498 2045 1566 2084; x_wconf 81' lang='lat' dir='ltr'><strong>ex</strong></span> <span class='ocrx_word' id='word_1_137' title='bbox 1593 2014 1737 2083; x_wconf 84' lang='lat' dir='ltr'><strong>aliis</strong></span> <span class='ocrx_word' id='word_1_138' title='bbox 1779 2027 1845 2081; x_wconf 89' lang='lat' dir='ltr'><strong>ad</strong></span> <span class='ocrx_word' id='word_1_139' title='bbox 1889 2026 1998 2081; x_wconf 85' lang='lat' dir='ltr'><strong>alia</strong></span> <span class='ocrx_word' id='word_1_140' title='bbox 2043 2024 2261 2092; x_wconf 79' lang='lat' dir='ltr'><strong>migret.</strong></span> 
     </span>
    </p>
   </div>
   <div class='ocr_carea' id='block_1_22' title="bbox 677 2111 2262 2195">
    <p class='ocr_par' dir='ltr' id='par_1_22' title="bbox 677 2111 2262 2195">
     <span class='ocr_line' id='line_1_22' title="bbox 677 2111 2262 2195; baseline -0.012 -12"><span class='ocrx_word' id='word_1_141' title='bbox 677 2128 811 2195; x_wconf 73' lang='grc' dir='ltr'><strong>ρυω</strong></span> <span class='ocrx_word' id='word_1_142' title='bbox 832 2126 976 2181; x_wconf 73' lang='lat' dir='ltr'><strong>enim</strong></span> <span class='ocrx_word' id='word_1_143' title='bbox 1001 2126 1055 2180; x_wconf 93' lang='lat' dir='ltr'><strong>in</strong></span> <span class='ocrx_word' id='word_1_144' title='bbox 1080 2125 1197 2179; x_wconf 88' lang='lat' dir='ltr'><strong>loco</strong></span> <span class='ocrx_word' id='word_1_145' title='bbox 1218 2122 1379 2195; x_wconf 65' lang='grc'><strong>347</strong></span> <span class='ocrx_word' id='word_1_146' title='bbox 1392 2132 1538 2187; x_wconf 90' lang='lat' dir='ltr'><strong>sunt,</strong></span> <span class='ocrx_word' id='word_1_147' title='bbox 1558 2119 1927 2183; x_wconf 88' lang='lat' dir='ltr'><strong>continentur;</strong></span> <span class='ocrx_word' id='word_1_148' title='bbox 1946 2116 2099 2171; x_wconf 83' lang='lat' dir='ltr'><strong>locns</strong></span> <span class='ocrx_word' id='word_1_149' title='bbox 2119 2111 2262 2167; x_wconf 86' lang='lat' dir='ltr'><strong>enim</strong></span> 
     </span>
    </p>
   </div>
   <div class='ocr_carea' id='block_1_23' title="bbox 680 2205 2263 2285">
    <p class='ocr_par' dir='ltr' id='par_1_23' title="bbox 680 2205 2263 2285">
     <span class='ocr_line' id='line_1_23' title="bbox 680 2205 2263 2285; baseline -0.01 -11"><span class='ocrx_word' id='word_1_150' title='bbox 680 2217 946 2274; x_wconf 84' lang='lat' dir='ltr'><strong>terminus</strong></span> <span class='ocrx_word' id='word_1_151' title='bbox 980 2225 1065 2271; x_wconf 88' lang='lat' dir='ltr'><strong>est</strong></span> <span class='ocrx_word' id='word_1_152' title='bbox 1107 2213 1225 2285; x_wconf 88' lang='lat' dir='ltr'><strong>ejus</strong></span> <span class='ocrx_word' id='word_1_153' title='bbox 1258 2214 1401 2283; x_wconf 86' lang='lat' dir='ltr'><strong>quod</strong></span> <span class='ocrx_word' id='word_1_154' title='bbox 1447 2212 1691 2267; x_wconf 82' lang='lat' dir='ltr'><strong>continet</strong></span> <span class='ocrx_word' id='word_1_155' title='bbox 1727 2217 2059 2265; x_wconf 85' lang='lat' dir='ltr'><strong>contentum.</strong></span> <span class='ocrx_word' id='word_1_156' title='bbox 2092 2205 2263 2272; x_wconf 84' lang='lat' dir='ltr'><strong>Quin-</strong></span> 
     </span>
    </p>
   </div>
   <div class='ocr_carea' id='block_1_24' title="bbox 677 2298 2261 2373">
    <p class='ocr_par' dir='ltr' id='par_1_24' title="bbox 677 2298 2261 2373">
     <span class='ocr_line' id='line_1_24' title="bbox 677 2298 2261 2373; baseline -0.01 -8"><span class='ocrx_word' id='word_1_157' title='bbox 677 2308 807 2365; x_wconf 75' lang='grc' dir='ltr'>ἰιιο-</span> <span class='ocrx_word' id='word_1_158' title='bbox 834 2309 1023 2373; x_wconf 78' lang='lat' dir='ltr'><strong>dioene</strong></span> <span class='ocrx_word' id='word_1_159' title='bbox 1072 2306 1127 2361; x_wconf 81' lang='lat' dir='ltr'><strong>in</strong></span> <span class='ocrx_word' id='word_1_160' title='bbox 1154 2307 1407 2369; x_wconf 81' lang='lat' dir='ltr'><strong>omnibus</strong></span> <span class='ocrx_word' id='word_1_161' title='bbox 1428 2306 1605 2362; x_wconf 80' lang='lat' dir='ltr'><strong>rebus</strong></span> <span class='ocrx_word' id='word_1_162' title='bbox 1633 2304 1817 2373; x_wconf 83' lang='lat' dir='ltr'><strong>ipsam</strong></span> <span class='ocrx_word' id='word_1_163' title='bbox 1861 2315 2005 2363; x_wconf 86' lang='lat' dir='ltr'><strong>esse,</strong></span> <span class='ocrx_word' id='word_1_164' title='bbox 2037 2298 2261 2354; x_wconf 89' lang='lat' dir='ltr'><strong>multum</strong></span> 
     </span>
    </p>
   </div>
   <div class='ocr_carea' id='block_1_25' title="bbox 678 2390 2257 2468">
    <p class='ocr_par' dir='ltr' id='par_1_25' title="bbox 678 2390 2257 2468">
     <span class='ocr_line' id='line_1_25' title="bbox 678 2390 2257 2468; baseline -0.008 -13"><span class='ocrx_word' id='word_1_165' title='bbox 678 2400 863 2455; x_wconf 85' lang='lat' dir='ltr'><strong>deficit</strong></span> <span class='ocrx_word' id='word_1_166' title='bbox 910 2399 978 2453; x_wconf 87' lang='lat' dir='ltr'><strong>ab</strong></span> <span class='ocrx_word' id='word_1_167' title='bbox 1010 2399 1130 2468; x_wconf 86' lang='lat' dir='ltr'><strong>ejus</strong></span> <span class='ocrx_word' id='word_1_168' title='bbox 1167 2396 1440 2452; x_wconf 83' lang='lat' dir='ltr'><strong>inﬁnitate</strong></span> <span class='ocrx_word' id='word_1_169' title='bbox 1464 2409 1573 2465; x_wconf 86' lang='lat' dir='ltr'><strong>qna</strong></span> <span class='ocrx_word' id='word_1_170' title='bbox 1608 2403 1808 2449; x_wconf 86' lang='lat' dir='ltr'><strong>cuncta</strong></span> <span class='ocrx_word' id='word_1_171' title='bbox 1850 2390 2257 2463; x_wconf 82' lang='lat' dir='ltr'><strong>complectitur;</strong></span> 
     </span>
    </p>
   </div>
   <div class='ocr_carea' id='block_1_26' title="bbox 680 2485 2258 2561">
    <p class='ocr_par' dir='ltr' id='par_1_26' title="bbox 680 2485 2258 2561">
     <span class='ocr_line' id='line_1_26' title="bbox 680 2485 2258 2561; baseline -0.006 -15"><span class='ocrx_word' id='word_1_172' title='bbox 680 2507 786 2559; x_wconf 83' lang='lat' dir='ltr'><strong>non</strong></span> <span class='ocrx_word' id='word_1_173' title='bbox 814 2491 959 2545; x_wconf 85' lang='lat' dir='ltr'><strong>enim</strong></span> <span class='ocrx_word' id='word_1_174' title='bbox 993 2500 1202 2545; x_wconf 89' lang='lat' dir='ltr'><strong>tantum</strong></span> <span class='ocrx_word' id='word_1_175' title='bbox 1231 2499 1315 2544; x_wconf 80' lang='lat' dir='ltr'><strong>est</strong></span> <span class='ocrx_word' id='word_1_176' title='bbox 1346 2488 1398 2542; x_wconf 92' lang='lat' dir='ltr'><strong>in</strong></span> <span class='ocrx_word' id='word_1_177' title='bbox 1423 2487 1698 2561; x_wconf 83' lang='lat' dir='ltr'><strong>omnibus,</strong></span> <span class='ocrx_word' id='word_1_178' title='bbox 1723 2500 1909 2541; x_wconf 87' lang='lat' dir='ltr'><strong>verum</strong></span> <span class='ocrx_word' id='word_1_179' title='bbox 1938 2485 2101 2540; x_wconf 85' lang='lat' dir='ltr'><strong>etiam</strong></span> <span class='ocrx_word' id='word_1_180' title='bbox 2127 2497 2258 2537; x_wconf 86' lang='lat' dir='ltr'><strong>eon-</strong></span> 
     </span>
    </p>
   </div>
   <div class='ocr_carea' id='block_1_27' title="bbox 680 2575 2258 2650">
    <p class='ocr_par' dir='ltr' id='par_1_27' title="bbox 680 2575 2258 2650">
     <span class='ocr_line' id='line_1_27' title="bbox 680 2575 2258 2650; baseline -0.008 -11"><span class='ocrx_word' id='word_1_181' title='bbox 680 2586 817 2639; x_wconf 88' lang='lat' dir='ltr'><strong>tinet</strong></span> <span class='ocrx_word' id='word_1_182' title='bbox 838 2584 1130 2650; x_wconf 84' lang='lat' dir='ltr'><strong>universa;</strong></span> <span class='ocrx_word' id='word_1_183' title='bbox 1160 2594 1334 2649; x_wconf 81' lang='lat' dir='ltr'><strong>neque</strong></span> <span class='ocrx_word' id='word_1_184' title='bbox 1365 2588 1573 2634; x_wconf 88' lang='lat' dir='ltr'><strong>tantum</strong></span> <span class='ocrx_word' id='word_1_185' title='bbox 1596 2578 1854 2643; x_wconf 91' lang='lat' dir='ltr'><strong>continet,</strong></span> <span class='ocrx_word' id='word_1_186' title='bbox 1878 2590 2068 2631; x_wconf 87' lang='lat' dir='ltr'><strong>verum</strong></span> <span class='ocrx_word' id='word_1_187' title='bbox 2093 2575 2258 2629; x_wconf 90' lang='lat' dir='ltr'><strong>etiam</strong></span> 
     </span>
    </p>
   </div>
   <div class='ocr_carea' id='block_1_28' title="bbox 678 2671 2261 2749">
    <p class='ocr_par' dir='ltr' id='par_1_28' title="bbox 678 2671 2261 2749">
     <span class='ocr_line' id='line_1_28' title="bbox 678 2671 2261 2749; baseline -0.007 -14"><span class='ocrx_word' id='word_1_188' title='bbox 678 2678 1016 2749; x_wconf 87' lang='lat' dir='ltr'><strong>complexum</strong></span> <span class='ocrx_word' id='word_1_189' title='bbox 1052 2690 1270 2731; x_wconf 90' lang='lat' dir='ltr'><strong>omnem</strong></span> <span class='ocrx_word' id='word_1_190' title='bbox 1306 2673 1582 2730; x_wconf 84' lang='lat' dir='ltr'><strong>infinitum</strong></span> <span class='ocrx_word' id='word_1_191' title='bbox 1612 2673 1846 2728; x_wconf 80' lang='lat' dir='ltr'><strong>excedit.</strong></span> <span class='ocrx_word' id='word_1_192' title='bbox 1880 2671 2261 2726; x_wconf 88' lang='lat' dir='ltr'><strong>incumbamus</strong></span> 
     </span>
    </p>
   </div>
   <div class='ocr_carea' id='block_1_29' title="bbox 680 2764 2259 2845">
    <p class='ocr_par' dir='ltr' id='par_1_29' title="bbox 680 2764 2259 2845">
     <span class='ocr_line' id='line_1_29' title="bbox 680 2764 2259 2845; baseline -0.007 -17"><span class='ocrx_word' id='word_1_193' title='bbox 680 2775 867 2845; x_wconf 81' lang='lat' dir='ltr'><strong>itaque</strong></span> <span class='ocrx_word' id='word_1_194' title='bbox 915 2771 1275 2831; x_wconf 86' lang='lat' dir='ltr'><strong>orationibus.</strong></span> <span class='ocrx_word' id='word_1_195' title='bbox 1317 2783 1422 2825; x_wconf 90' lang='lat' dir='ltr'><strong>non</strong></span> <span class='ocrx_word' id='word_1_196' title='bbox 1470 2776 1530 2823; x_wconf 90' lang='lat' dir='ltr'><strong>ut</strong></span> <span class='ocrx_word' id='word_1_197' title='bbox 1572 2768 1742 2822; x_wconf 89' lang='lat' dir='ltr'><strong>Deum</strong></span> <span class='ocrx_word' id='word_1_198' title='bbox 1783 2766 2137 2829; x_wconf 88' lang='lat' dir='ltr'><strong>deducamus,</strong></span> <span class='ocrx_word' id='word_1_199' title='bbox 2166 2764 2259 2818; x_wconf 87' lang='lat' dir='ltr'><strong>sed</strong></span> 
     </span>
    </p>
   </div>
   <div class='ocr_carea' id='block_1_30' title="bbox 679 2855 2257 2938">
    <p class='ocr_par' dir='ltr' id='par_1_30' title="bbox 679 2855 2257 2938">
     <span class='ocr_line' id='line_1_30' title="bbox 679 2855 2257 2938; baseline -0.009 -16"><span class='ocrx_word' id='word_1_200' title='bbox 679 2876 739 2922; x_wconf 89' lang='lat' dir='ltr'><strong>ut</strong></span> <span class='ocrx_word' id='word_1_201' title='bbox 767 2865 871 2938; x_wconf 83' lang='lat' dir='ltr'><strong>ipsi</strong></span> <span class='ocrx_word' id='word_1_202' title='bbox 900 2866 1081 2936; x_wconf 88' lang='lat' dir='ltr'><strong>potius</strong></span> <span class='ocrx_word' id='word_1_203' title='bbox 1111 2863 1177 2919; x_wconf 88' lang='lat' dir='ltr'><strong>ad</strong></span> <span class='ocrx_word' id='word_1_204' title='bbox 1213 2863 1380 2917; x_wconf 87' lang='lat' dir='ltr'><strong>Deum</strong></span> <span class='ocrx_word' id='word_1_205' title='bbox 1414 2861 1765 2915; x_wconf 85' lang='lat' dir='ltr'><strong>adducamur.</strong></span> <span class='ocrx_word' id='word_1_206' title='bbox 1800 2858 1866 2912; x_wconf 85' lang='lat' dir='ltr'><strong>Et</strong></span> <span class='ocrx_word' id='word_1_207' title='bbox 1901 2857 2119 2919; x_wconf 89' lang='lat' dir='ltr'><strong>adducit</strong></span> <span class='ocrx_word' id='word_1_208' title='bbox 2146 2855 2257 2923; x_wconf 89' lang='lat' dir='ltr'><strong>pri-</strong></span> 
     </span>
    </p>
   </div>
   <div class='ocr_carea' id='block_1_31' title="bbox 677 2947 2258 3027">
    <p class='ocr_par' dir='ltr' id='par_1_31' title="bbox 677 2947 2258 3027">
     <span class='ocr_line' id='line_1_31' title="bbox 677 2947 2258 3027; baseline -0.01 -10"><span class='ocrx_word' id='word_1_209' title='bbox 677 2974 827 3017; x_wconf 73' lang='lat' dir='ltr'><strong>mum</strong></span> <span class='ocrx_word' id='word_1_210' title='bbox 872 2958 1179 3027; x_wconf 81' lang='lat' dir='ltr'><strong>exemplum</strong></span> <span class='ocrx_word' id='word_1_211' title='bbox 1230 2955 1431 3026; x_wconf 85' lang='lat' dir='ltr'><strong>gentile</strong></span> <span class='ocrx_word' id='word_1_212' title='bbox 1482 2968 1550 3009; x_wconf 79' lang='lat' dir='ltr'><strong>ex</strong></span> <span class='ocrx_word' id='word_1_213' title='bbox 1588 2954 1854 3017; x_wconf 87' lang='lat' dir='ltr'><strong>Homero;</strong></span> <span class='ocrx_word' id='word_1_214' title='bbox 1889 2947 2258 3020; x_wconf 87' lang='lat' dir='ltr'><strong>pulcherrime</strong></span> 
     </span>
    </p>
   </div>
   <div class='ocr_carea' id='block_1_32' title="bbox 674 3040 2255 3109">
    <p class='ocr_par' dir='ltr' id='par_1_32' title="bbox 674 3040 2255 3109">
     <span class='ocr_line' id='line_1_32' title="bbox 674 3040 2255 3109; baseline -0.011 1"><span class='ocrx_word' id='word_1_215' title='bbox 674 3062 863 3109; x_wconf 73' lang='lat' dir='ltr'><strong>autem</strong></span> <span class='ocrx_word' id='word_1_216' title='bbox 910 3052 964 3105; x_wconf 89' lang='lat' dir='ltr'><strong>id</strong></span> <span class='ocrx_word' id='word_1_217' title='bbox 1018 3052 1178 3105; x_wconf 88' lang='lat' dir='ltr'><strong>rebus</strong></span> <span class='ocrx_word' id='word_1_218' title='bbox 1224 3046 1424 3104; x_wconf 86' lang='lat' dir='ltr'><strong>divinis</strong></span> <span class='ocrx_word' id='word_1_219' title='bbox 1453 3044 1860 3102; x_wconf 87' lang='lat' dir='ltr'><strong>accommodat:</strong></span> <span class='ocrx_word' id='word_1_220' title='bbox 1915 3041 2083 3096; x_wconf 90' lang='lat' dir='ltr'><strong>tradit</strong></span> <span class='ocrx_word' id='word_1_221' title='bbox 2110 3040 2255 3095; x_wconf 86' lang='lat' dir='ltr'><strong>enim</strong></span> 
     </span>
    </p>
   </div>
   <div class='ocr_carea' id='block_1_33' title="bbox 679 3132 2259 3217">
    <p class='ocr_par' dir='ltr' id='par_1_33' title="bbox 679 3132 2259 3217">
     <span class='ocr_line' id='line_1_33' title="bbox 679 3132 2259 3217; baseline -0.009 -18"><span class='ocrx_word' id='word_1_222' title='bbox 679 3146 816 3217; x_wconf 84' lang='lat' dir='ltr'><strong>ipse,</strong></span> <span class='ocrx_word' id='word_1_223' title='bbox 864 3154 1115 3201; x_wconf 88' lang='lat' dir='ltr'><strong>catenam</strong></span> <span class='ocrx_word' id='word_1_224' title='bbox 1161 3154 1383 3195; x_wconf 84' lang='lat' dir='ltr'><strong>auream</strong></span> <span class='ocrx_word' id='word_1_225' title='bbox 1430 3153 1462 3193; x_wconf 89' lang='lat' dir='ltr'><strong>e</strong></span> <span class='ocrx_word' id='word_1_226' title='bbox 1514 3137 1656 3194; x_wconf 70' lang='lat' dir='ltr'><strong>cazlo</strong></span> <span class='ocrx_word' id='word_1_227' title='bbox 1703 3135 2047 3206; x_wconf 84' lang='lat' dir='ltr'><strong>dependisse.</strong></span> <span class='ocrx_word' id='word_1_228' title='bbox 2102 3132 2259 3186; x_wconf 88' lang='lat' dir='ltr'><strong>Sicut</strong></span> 
     </span>
    </p>
   </div>
   <div class='ocr_carea' id='block_1_34' title="bbox 677 3224 2257 3307">
    <p class='ocr_par' dir='ltr' id='par_1_34' title="bbox 677 3224 2257 3307">
     <span class='ocr_line' id='line_1_34' title="bbox 677 3224 2257 3307; baseline -0.008 -15"><span class='ocrx_word' id='word_1_229' title='bbox 677 3252 810 3307; x_wconf 82' lang='lat' dir='ltr'><strong>ergo</strong></span> <span class='ocrx_word' id='word_1_230' title='bbox 839 3242 1031 3291; x_wconf 84' lang='lat' dir='ltr'><strong>catena</strong></span> <span class='ocrx_word' id='word_1_231' title='bbox 1060 3233 1140 3287; x_wconf 86' lang='lat' dir='ltr'><strong>sic</strong></span> <span class='ocrx_word' id='word_1_232' title='bbox 1171 3230 1493 3293; x_wconf 77' lang='lat' dir='ltr'><strong>constituta,</strong></span> <span class='ocrx_word' id='word_1_233' title='bbox 1524 3227 1618 3297; x_wconf 90' lang='lat' dir='ltr'><strong>qui</strong></span> <span class='ocrx_word' id='word_1_234' title='bbox 1667 3226 1867 3282; x_wconf 79' lang='lat' dir='ltr'><strong>sensim</strong></span> <span class='ocrx_word' id='word_1_235' title='bbox 1907 3224 2257 3294; x_wconf 81' lang='lat' dir='ltr'><strong>sometipsum</strong></span> 
     </span>
    </p>
   </div>
   <div class='ocr_carea' id='block_1_35' title="bbox 2370 729 3964 804">
    <p class='ocr_par' dir='ltr' id='par_1_35' title="bbox 2370 729 3964 804">
     <span class='ocr_line' id='line_1_35' title="bbox 2370 729 3964 804; baseline 0.002 -21"><span class='ocrx_word' id='word_1_236' title='bbox 2370 730 2463 783; x_wconf 89' lang='grc' dir='ltr'><strong>τοῦ</strong></span> <span class='ocrx_word' id='word_1_237' title='bbox 2496 729 2632 784; x_wconf 86' lang='grc' dir='ltr'>Θεοῦ</span> <span class='ocrx_word' id='word_1_238' title='bbox 2666 730 3021 802; x_wconf 82' lang='grc' dir='ltr'>εὐεργεσιῶν,</span> <span class='ocrx_word' id='word_1_239' title='bbox 3066 731 3306 804; x_wconf 83' lang='grc' dir='ltr'>δηλονότι</span> <span class='ocrx_word' id='word_1_240' title='bbox 3337 734 3435 803; x_wconf 78' lang='grc' dir='ltr'>τὴν</span> <span class='ocrx_word' id='word_1_241' title='bbox 3466 732 3561 787; x_wconf 88' lang='grc' dir='ltr'><strong>τοῦ</strong></span> <span class='ocrx_word' id='word_1_242' title='bbox 3599 731 3809 801; x_wconf 83' lang='grc' dir='ltr'>ἀγαθοῦ</span> <span class='ocrx_word' id='word_1_243' title='bbox 3843 734 3964 786; x_wconf 78' lang='grc' dir='ltr'>ὀνο-</span> 
     </span>
    </p>
   </div>
   <div class='ocr_carea' id='block_1_36' title="bbox 2373 820 3955 894">
    <p class='ocr_par' dir='ltr' id='par_1_36' title="bbox 2373 820 3955 894">
     <span class='ocr_line' id='line_1_36' title="bbox 2373 820 3955 894; baseline 0 -17"><span class='ocrx_word' id='word_1_244' title='bbox 2373 822 2607 893; x_wconf 85' lang='grc' dir='ltr'>μασίαν,</span> <span class='ocrx_word' id='word_1_245' title='bbox 2642 820 3090 892; x_wconf 76' lang='grc' dir='ltr'>ἐπισκεψώμεθα,</span> <span class='ocrx_word' id='word_1_246' title='bbox 3126 824 3225 893; x_wconf 83' lang='grc' dir='ltr'>τὴν</span> <span class='ocrx_word' id='word_1_247' title='bbox 3258 822 3492 894; x_wconf 82' lang='grc' dir='ltr'>ἀρχικὴν</span> <span class='ocrx_word' id='word_1_248' title='bbox 3536 823 3714 893; x_wconf 84' lang='grc' dir='ltr'>πάσης</span> <span class='ocrx_word' id='word_1_249' title='bbox 3765 824 3955 891; x_wconf 83' lang='grc' dir='ltr'>ἀγαθό-</span> 
     </span>
    </p>
   </div>
   <div class='ocr_carea' id='block_1_37' title="bbox 2368 912 3964 986">
    <p class='ocr_par' dir='ltr' id='par_1_37' title="bbox 2368 912 3964 986">
     <span class='ocr_line' id='line_1_37' title="bbox 2368 912 3964 986; baseline 0 -22"><span class='ocrx_word' id='word_1_250' title='bbox 2368 929 2530 983; x_wconf 87' lang='grc' dir='ltr'>τητος</span> <span class='ocrx_word' id='word_1_251' title='bbox 2555 912 2718 981; x_wconf 86' lang='grc' dir='ltr'>ἁγίαν</span> <span class='ocrx_word' id='word_1_252' title='bbox 2743 912 2971 982; x_wconf 84' lang='grc' dir='ltr'>Τριάδα,</span> <span class='ocrx_word' id='word_1_253' title='bbox 3006 912 3107 983; x_wconf 85' lang='grc' dir='ltr'>τὴν</span> <span class='ocrx_word' id='word_1_254' title='bbox 3134 912 3313 978; x_wconf 82' lang='grc' dir='ltr'>πάσας</span> <span class='ocrx_word' id='word_1_255' title='bbox 3344 913 3444 977; x_wconf 85' lang='grc' dir='ltr'>τὰς</span> <span class='ocrx_word' id='word_1_256' title='bbox 3475 914 3729 986; x_wconf 79' lang='grc' dir='ltr'><strong>προνοίας</strong></span> <span class='ocrx_word' id='word_1_257' title='bbox 3762 913 3964 983; x_wconf 78' lang='grc' dir='ltr'>ἑαυτῆς</span> 
     </span>
    </p>
   </div>
   <div class='ocr_carea' id='block_1_38' title="bbox 2370 1003 3965 1076">
    <p class='ocr_par' dir='ltr' id='par_1_38' title="bbox 2370 1003 3965 1076">
     <span class='ocr_line' id='line_1_38' title="bbox 2370 1003 3965 1076; baseline 0.001 -19"><span class='ocrx_word' id='word_1_258' title='bbox 2370 1003 2588 1072; x_wconf 86' lang='grc' dir='ltr'>ἀγαθῶς</span> <span class='ocrx_word' id='word_1_259' title='bbox 2647 1003 3012 1072; x_wconf 90' lang='grc' dir='ltr'>ἐκφαίνουσαν</span> <span class='ocrx_word' id='word_1_260' title='bbox 3068 1004 3541 1075; x_wconf 79' lang='grc' dir='ltr'><strong>ἐπικαλεσάμενοι.</strong></span> <span class='ocrx_word' id='word_1_261' title='bbox 3594 1004 3716 1076; x_wconf 79' lang='grc' dir='ltr'><strong>Χρὴ</strong></span> <span class='ocrx_word' id='word_1_262' title='bbox 3782 1004 3965 1058; x_wconf 86' lang='grc' dir='ltr'>τοίνυν</span> 
     </span>
    </p>
   </div>
   <div class='ocr_carea' id='block_1_39' title="bbox 2369 1092 3963 1165">
    <p class='ocr_par' dir='ltr' id='par_1_39' title="bbox 2369 1092 3963 1165">
     <span class='ocr_line' id='line_1_39' title="bbox 2369 1092 3963 1165; baseline 0.003 -21"><span class='ocrx_word' id='word_1_263' title='bbox 2369 1094 2539 1163; x_wconf 81' lang='grc' dir='ltr'>ἡμᾶς,</span> <span class='ocrx_word' id='word_1_264' title='bbox 2573 1092 2694 1154; x_wconf 81' lang='grc' dir='ltr'>ταῖς</span> <span class='ocrx_word' id='word_1_265' title='bbox 2722 1092 2918 1161; x_wconf 82' lang='grc' dir='ltr'><strong>εὐχαῖς</strong></span> <span class='ocrx_word' id='word_1_266' title='bbox 2959 1095 3396 1164; x_wconf 79' lang='grc' dir='ltr'><strong>προαγομένους,</strong></span> <span class='ocrx_word' id='word_1_267' title='bbox 3434 1095 3532 1147; x_wconf 73' lang='grc' dir='ltr'>καὶ</span> <span class='ocrx_word' id='word_1_268' title='bbox 3577 1094 3778 1165; x_wconf 78' lang='grc' dir='ltr'>μᾶλλον</span> <span class='ocrx_word' id='word_1_269' title='bbox 3826 1094 3963 1165; x_wconf 79' lang='grc' dir='ltr'>πλη-</span> 
     </span>
    </p>
   </div>
   <div class='ocr_carea' id='block_1_40' title="bbox 2370 1183 3964 1256">
    <p class='ocr_par' dir='ltr' id='par_1_40' title="bbox 2370 1183 3964 1256">
     <span class='ocr_line' id='line_1_40' title="bbox 2370 1183 3964 1256; baseline 0.001 -19"><span class='ocrx_word' id='word_1_270' title='bbox 2370 1184 2673 1249; x_wconf 78' lang='grc' dir='ltr'>σιάζοντας,</span> <span class='ocrx_word' id='word_1_271' title='bbox 2706 1184 2849 1237; x_wconf 85' lang='grc' dir='ltr'>κατὰ</span> <span class='ocrx_word' id='word_1_272' title='bbox 2880 1185 2969 1237; x_wconf 91' lang='grc' dir='ltr'>τό·</span> <span class='ocrx_word' id='word_1_273' title='bbox 3011 1185 3321 1254; x_wconf 67' lang='grc' dir='ltr'>Ἐγγίσατε</span> <span class='ocrx_word' id='word_1_274' title='bbox 3352 1185 3502 1254; x_wconf 79' lang='grc' dir='ltr'>πρὸς</span> <span class='ocrx_word' id='word_1_275' title='bbox 3530 1185 3632 1256; x_wconf 76' lang='grc' dir='ltr'>μὲ,</span> <span class='ocrx_word' id='word_1_276' title='bbox 3666 1186 3764 1239; x_wconf 75' lang='grc' dir='ltr'>καὶ</span> <span class='ocrx_word' id='word_1_277' title='bbox 3790 1183 3964 1254; x_wconf 56' lang='lat' dir='ltr'><strong>arma</strong></span> 
     </span>
    </p>
   </div>
   <div class='ocr_carea' id='block_1_41' title="bbox 2368 1276 3962 1349">
    <p class='ocr_par' dir='ltr' id='par_1_41' title="bbox 2368 1276 3962 1349">
     <span class='ocr_line' id='line_1_41' title="bbox 2368 1276 3962 1349; baseline 0 -20"><span class='ocrx_word' id='word_1_278' title='bbox 2368 1278 2518 1345; x_wconf 84' lang='grc' dir='ltr'>πρὸς</span> <span class='ocrx_word' id='word_1_279' title='bbox 2548 1276 2727 1346; x_wconf 78' lang='grc' dir='ltr'>ἡμᾶς,</span> <span class='ocrx_word' id='word_1_280' title='bbox 2747 1284 2915 1346; x_wconf 62' lang='grc' dir='ltr'>Λέγει</span> <span class='ocrx_word' id='word_1_281' title='bbox 2931 1280 3175 1349; x_wconf 83' lang='grc' dir='ltr'>Κύριος,</span> <span class='ocrx_word' id='word_1_282' title='bbox 3214 1277 3467 1347; x_wconf 80' lang='grc' dir='ltr'>μυεῖσθαι</span> <span class='ocrx_word' id='word_1_283' title='bbox 3498 1277 3597 1342; x_wconf 83' lang='grc' dir='ltr'>τὰς</span> <span class='ocrx_word' id='word_1_284' title='bbox 3632 1279 3762 1349; x_wconf 76' lang='grc' dir='ltr'>περὶ</span> <span class='ocrx_word' id='word_1_285' title='bbox 3794 1277 3962 1348; x_wconf 73' lang='grc' dir='ltr'>αὐτὴν</span> 
     </span>
    </p>
   </div>
   <div class='ocr_carea' id='block_1_42' title="bbox 2366 1366 3962 1443">
    <p class='ocr_par' dir='ltr' id='par_1_42' title="bbox 2366 1366 3962 1443">
     <span class='ocr_line' id='line_1_42' title="bbox 2366 1366 3962 1443; baseline 0.001 -22"><span class='ocrx_word' id='word_1_286' title='bbox 2366 1369 2594 1441; x_wconf 80' lang='grc' dir='ltr'>δωρεὰς,</span> <span class='ocrx_word' id='word_1_287' title='bbox 2620 1371 2677 1421; x_wconf 83' lang='grc' dir='ltr'><strong>ἐν</strong></span> <span class='ocrx_word' id='word_1_288' title='bbox 2709 1368 2788 1439; x_wconf 85' lang='grc' dir='ltr'>τῷ</span> <span class='ocrx_word' id='word_1_289' title='bbox 2833 1368 3064 1440; x_wconf 84' lang='grc' dir='ltr'>πάσχειν</span> <span class='ocrx_word' id='word_1_290' title='bbox 3100 1366 3298 1440; x_wconf 75' lang='grc' dir='ltr'>μᾶλλον</span> <span class='ocrx_word' id='word_1_291' title='bbox 3326 1370 3515 1435; x_wconf 83' lang='grc' dir='ltr'>αὐτὰς,</span> <span class='ocrx_word' id='word_1_292' title='bbox 3549 1370 3583 1443; x_wconf 74' lang='grc' dir='ltr'>ἦ</span> <span class='ocrx_word' id='word_1_293' title='bbox 3619 1372 3677 1425; x_wconf 87' lang='grc' dir='ltr'><strong>ἐν</strong></span> <span class='ocrx_word' id='word_1_294' title='bbox 3706 1370 3787 1441; x_wconf 83' lang='grc' dir='ltr'>τῷ</span> <span class='ocrx_word' id='word_1_295' title='bbox 3826 1388 3962 1441; x_wconf 80' lang='grc' dir='ltr'>μαν-</span> 
     </span>
    </p>
   </div>
   <div class='ocr_carea' id='block_1_43' title="bbox 2368 1460 3963 1534">
    <p class='ocr_par' dir='ltr' id='par_1_43' title="bbox 2368 1460 3963 1534">
     <span class='ocr_line' id='line_1_43' title="bbox 2368 1460 3963 1534; baseline 0.001 -21"><span class='ocrx_word' id='word_1_296' title='bbox 2368 1460 2547 1514; x_wconf 82' lang='grc' dir='ltr'>θάνειν</span> <span class='ocrx_word' id='word_1_297' title='bbox 2570 1477 2585 1491; x_wconf 76' lang='grc' dir='ltr'><strong>ο</strong></span> <span class='ocrx_word' id='word_1_298' title='bbox 2628 1460 2722 1513; x_wconf 73' lang='grc' dir='ltr'>καὶ</span> <span class='ocrx_word' id='word_1_299' title='bbox 2757 1460 2866 1533; x_wconf 83' lang='grc' dir='ltr'>γὰρ</span> <span class='ocrx_word' id='word_1_300' title='bbox 2897 1461 3034 1531; x_wconf 81' lang='grc' dir='ltr'>αὐτὴ</span> <span class='ocrx_word' id='word_1_301' title='bbox 3066 1461 3165 1531; x_wconf 88' lang='grc' dir='ltr'><strong>μὲν</strong></span> <span class='ocrx_word' id='word_1_302' title='bbox 3203 1464 3340 1515; x_wconf 83' lang='grc' dir='ltr'>πᾶσι</span> <span class='ocrx_word' id='word_1_303' title='bbox 3378 1462 3661 1534; x_wconf 83' lang='grc' dir='ltr'>πάρεστιν,</span> <span class='ocrx_word' id='word_1_304' title='bbox 3696 1463 3756 1516; x_wconf 90' lang='grc' dir='ltr'><strong>οὐ</strong></span> <span class='ocrx_word' id='word_1_305' title='bbox 3784 1463 3963 1515; x_wconf 80' lang='grc' dir='ltr'>πάντα</span> 
     </span>
    </p>
   </div>
   <div class='ocr_carea' id='block_1_44' title="bbox 2366 1554 3961 1631">
    <p class='ocr_par' dir='ltr' id='par_1_44' title="bbox 2366 1554 3961 1631">
     <span class='ocr_line' id='line_1_44' title="bbox 2366 1554 3961 1631; baseline 0.002 -24"><span class='ocrx_word' id='word_1_306' title='bbox 2366 1555 2422 1607; x_wconf 81' lang='grc' dir='ltr'>δὲ</span> <span class='ocrx_word' id='word_1_307' title='bbox 2471 1555 2643 1631; x_wconf 80' lang='grc' dir='ltr'>ταύτῃ</span> <span class='ocrx_word' id='word_1_308' title='bbox 2680 1556 2964 1624; x_wconf 87' lang='grc' dir='ltr'>πάρεστιν,</span> <span class='ocrx_word' id='word_1_309' title='bbox 3014 1555 3114 1607; x_wconf 83' lang='grc' dir='ltr'>ὅσα</span> <span class='ocrx_word' id='word_1_310' title='bbox 3156 1554 3355 1627; x_wconf 82' lang='grc' dir='ltr'>δηλαδὴ</span> <span class='ocrx_word' id='word_1_311' title='bbox 3396 1558 3453 1609; x_wconf 85' lang='grc' dir='ltr'><strong>ἐν</strong></span> <span class='ocrx_word' id='word_1_312' title='bbox 3497 1559 3565 1627; x_wconf 81' lang='grc' dir='ltr'>τῇ</span> <span class='ocrx_word' id='word_1_313' title='bbox 3602 1556 3712 1610; x_wconf 91' lang='grc' dir='ltr'><strong>τῶν</strong></span> <span class='ocrx_word' id='word_1_314' title='bbox 3754 1558 3961 1627; x_wconf 78' lang='grc' dir='ltr'>γηΐνων</span> 
     </span>
    </p>
   </div>
   <div class='ocr_carea' id='block_1_45' title="bbox 2366 1644 3961 1721">
    <p class='ocr_par' dir='ltr' id='par_1_45' title="bbox 2366 1644 3961 1721">
     <span class='ocr_line' id='line_1_45' title="bbox 2366 1644 3961 1721; baseline 0.003 -23"><span class='ocrx_word' id='word_1_315' title='bbox 2366 1645 2477 1711; x_wconf 73' lang='grc' dir='ltr'>ἕξει</span> <span class='ocrx_word' id='word_1_316' title='bbox 2505 1648 2601 1699; x_wconf 75' lang='grc' dir='ltr'>καὶ</span> <span class='ocrx_word' id='word_1_317' title='bbox 2631 1649 2698 1717; x_wconf 76' lang='grc' dir='ltr'>τῇ</span> <span class='ocrx_word' id='word_1_318' title='bbox 2731 1644 2839 1699; x_wconf 89' lang='grc' dir='ltr'><strong>τῶν</strong></span> <span class='ocrx_word' id='word_1_319' title='bbox 2871 1646 3147 1717; x_wconf 81' lang='grc' dir='ltr'>λογισμῶν</span> <span class='ocrx_word' id='word_1_320' title='bbox 3182 1647 3505 1701; x_wconf 76' lang='grc' dir='ltr'>ἐπιθολώσει</span> <span class='ocrx_word' id='word_1_321' title='bbox 3542 1650 3961 1721; x_wconf 83' lang='grc' dir='ltr'>ἀπομακρύνον-</span> 
     </span>
    </p>
   </div>
   <div class='ocr_carea' id='block_1_46' title="bbox 2365 1742 3960 1816">
    <p class='ocr_par' dir='ltr' id='par_1_46' title="bbox 2365 1742 3960 1816">
     <span class='ocr_line' id='line_1_46' title="bbox 2365 1742 3960 1816; baseline 0.002 -22"><span class='ocrx_word' id='word_1_322' title='bbox 2365 1756 2454 1795; x_wconf 89' lang='grc' dir='ltr'><strong>ται</strong></span> <span class='ocrx_word' id='word_1_323' title='bbox 2477 1759 2490 1772; x_wconf 77' lang='grc'><strong>’</strong></span> <span class='ocrx_word' id='word_1_324' title='bbox 2526 1743 2615 1797; x_wconf 84' lang='grc' dir='ltr'>ὅτε</span> <span class='ocrx_word' id='word_1_325' title='bbox 2643 1742 2700 1795; x_wconf 82' lang='grc' dir='ltr'>δὲ</span> <span class='ocrx_word' id='word_1_326' title='bbox 2728 1742 2794 1795; x_wconf 86' lang='grc' dir='ltr'>δι’</span> <span class='ocrx_word' id='word_1_327' title='bbox 2818 1743 2986 1814; x_wconf 82' lang='grc' dir='ltr'>εὐχῆς</span> <span class='ocrx_word' id='word_1_328' title='bbox 3012 1744 3108 1797; x_wconf 77' lang='grc' dir='ltr'>καὶ</span> <span class='ocrx_word' id='word_1_329' title='bbox 3139 1744 3216 1815; x_wconf 87' lang='grc' dir='ltr'>νῷ</span> <span class='ocrx_word' id='word_1_330' title='bbox 3247 1744 3627 1816; x_wconf 84' lang='grc' dir='ltr'>ἀνεπιθολὼτῳ</span> <span class='ocrx_word' id='word_1_331' title='bbox 3665 1746 3960 1816; x_wconf 83' lang='grc' dir='ltr'>ἐπιτήδειοι</span> 
     </span>
    </p>
   </div>
   <div class='ocr_carea' id='block_1_47' title="bbox 2365 1836 3963 1911">
    <p class='ocr_par' dir='ltr' id='par_1_47' title="bbox 2365 1836 3963 1911">
     <span class='ocr_line' id='line_1_47' title="bbox 2365 1836 3963 1911; baseline 0.003 -23"><span class='ocrx_word' id='word_1_332' title='bbox 2365 1836 2625 1907; x_wconf 81' lang='grc' dir='ltr'>γινόμεθα</span> <span class='ocrx_word' id='word_1_333' title='bbox 2656 1836 2792 1908; x_wconf 83' lang='grc' dir='ltr'>πρὸς</span> <span class='ocrx_word' id='word_1_334' title='bbox 2824 1838 2922 1908; x_wconf 82' lang='grc' dir='ltr'><strong>τὴν</strong></span> <span class='ocrx_word' id='word_1_335' title='bbox 2953 1837 3102 1891; x_wconf 86' lang='grc' dir='ltr'>θείαν</span> <span class='ocrx_word' id='word_1_336' title='bbox 3135 1838 3350 1903; x_wconf 68' lang='grc' dir='ltr'>ἕνωσιν,</span> <span class='ocrx_word' id='word_1_337' title='bbox 3378 1840 3507 1892; x_wconf 87' lang='grc' dir='ltr'>τότε</span> <span class='ocrx_word' id='word_1_338' title='bbox 3542 1840 3833 1911; x_wconf 86' lang='grc' dir='ltr'>πάρεσμεν</span> <span class='ocrx_word' id='word_1_339' title='bbox 3866 1841 3963 1893; x_wconf 79' lang='grc' dir='ltr'>καὶ</span> 
     </span>
    </p>
   </div>
   <div class='ocr_carea' id='block_1_48' title="bbox 2365 1929 3960 2006">
    <p class='ocr_par' dir='ltr' id='par_1_48' title="bbox 2365 1929 3960 2006">
     <span class='ocr_line' id='line_1_48' title="bbox 2365 1929 3960 2006; baseline 0.004 -26"><span class='ocrx_word' id='word_1_340' title='bbox 2365 1930 2527 1999; x_wconf 81' lang='grc' dir='ltr'>ἡμεῖς</span> <span class='ocrx_word' id='word_1_341' title='bbox 2549 1930 2707 2001; x_wconf 77' lang='grc' dir='ltr'>αὐτῇ.</span> <span class='ocrx_word' id='word_1_342' title='bbox 2742 1929 3181 1995; x_wconf 74' lang='grc' dir='ltr'>Κατασκευάζων</span> <span class='ocrx_word' id='word_1_343' title='bbox 3212 1932 3269 1984; x_wconf 87' lang='grc' dir='ltr'><strong>δέ</strong></span> <span class='ocrx_word' id='word_1_344' title='bbox 3296 1932 3377 1997; x_wconf 83' lang='grc' dir='ltr'><strong>τὸ,</strong></span> <span class='ocrx_word' id='word_1_345' title='bbox 3413 1932 3494 1987; x_wconf 79' lang='grc' dir='ltr'>ὅτι</span> <span class='ocrx_word' id='word_1_346' title='bbox 3531 1934 3663 1987; x_wconf 74' lang='grc' dir='ltr'>πᾶσι</span> <span class='ocrx_word' id='word_1_347' title='bbox 3701 1933 3960 2006; x_wconf 82' lang='grc' dir='ltr'>πάρεστι,</span> 
     </span>
    </p>
   </div>
   <div class='ocr_carea' id='block_1_49' title="bbox 2366 2021 3961 2097">
    <p class='ocr_par' dir='ltr' id='par_1_49' title="bbox 2366 2021 3961 2097">
     <span class='ocr_line' id='line_1_49' title="bbox 2366 2021 3961 2097; baseline 0.005 -24"><span class='ocrx_word' id='word_1_348' title='bbox 2366 2021 2563 2093; x_wconf 81' lang='grc' dir='ltr'>φησίν·</span> <span class='ocrx_word' id='word_1_349' title='bbox 2612 2024 2693 2080; x_wconf 84' lang='grc' dir='ltr'>ὅτι</span> <span class='ocrx_word' id='word_1_350' title='bbox 2735 2024 2835 2077; x_wconf 89' lang='grc' dir='ltr'><strong>οὐκ</strong></span> <span class='ocrx_word' id='word_1_351' title='bbox 2868 2025 2925 2077; x_wconf 81' lang='grc' dir='ltr'><strong>ἐν</strong></span> <span class='ocrx_word' id='word_1_352' title='bbox 2968 2025 3118 2096; x_wconf 84' lang='grc' dir='ltr'><strong>τόπῳ</strong></span> <span class='ocrx_word' id='word_1_353' title='bbox 3151 2025 3318 2089; x_wconf 76' lang='grc' dir='ltr'>ἐστὶν,</span> <span class='ocrx_word' id='word_1_354' title='bbox 3356 2026 3441 2079; x_wconf 81' lang='grc' dir='ltr'><strong>ἵνα</strong></span> <span class='ocrx_word' id='word_1_355' title='bbox 3488 2025 3585 2078; x_wconf 70' lang='grc' dir='ltr'>καὶ</span> <span class='ocrx_word' id='word_1_356' title='bbox 3630 2027 3743 2097; x_wconf 76' lang='grc' dir='ltr'>ἀπῇ</span> <span class='ocrx_word' id='word_1_357' title='bbox 3790 2044 3961 2091; x_wconf 84' lang='grc' dir='ltr'>τινος,</span> 
     </span>
    </p>
   </div>
   <div class='ocr_carea' id='block_1_50' title="bbox 2364 2112 3959 2189">
    <p class='ocr_par' dir='ltr' id='par_1_50' title="bbox 2364 2112 3959 2189">
     <span class='ocr_line' id='line_1_50' title="bbox 2364 2112 3959 2189; baseline 0.004 -24"><span class='ocrx_word' id='word_1_358' title='bbox 2364 2112 2501 2182; x_wconf 82' lang='grc' dir='ltr'>ἢείς</span> <span class='ocrx_word' id='word_1_359' title='bbox 2533 2112 2694 2184; x_wconf 74' lang='grc' dir='ltr'>ἕτερα</span> <span class='ocrx_word' id='word_1_360' title='bbox 2725 2112 2785 2178; x_wconf 83' lang='grc' dir='ltr'>ἐξ</span> <span class='ocrx_word' id='word_1_361' title='bbox 2816 2113 2989 2167; x_wconf 78' lang='grc' dir='ltr'>ἄλλων</span> <span class='ocrx_word' id='word_1_362' title='bbox 3025 2118 3289 2187; x_wconf 78' lang='grc' dir='ltr'>μεταστῇ.</span> <span class='ocrx_word' id='word_1_363' title='bbox 3316 2116 3399 2169; x_wconf 80' lang='grc' dir='ltr'><strong>Τὰ</strong></span> <span class='ocrx_word' id='word_1_364' title='bbox 3424 2116 3535 2189; x_wconf 84' lang='grc' dir='ltr'>γὰρ</span> <span class='ocrx_word' id='word_1_365' title='bbox 3567 2118 3625 2171; x_wconf 89' lang='grc' dir='ltr'><strong>ἐν</strong></span> <span class='ocrx_word' id='word_1_366' title='bbox 3657 2118 3831 2189; x_wconf 74' lang='grc' dir='ltr'>τόπῳ,</span> <span class='ocrx_word' id='word_1_367' title='bbox 3859 2136 3959 2171; x_wconf 88' lang='grc' dir='ltr'>πε-</span> 
     </span>
    </p>
   </div>
   <div class='ocr_carea' id='block_1_51' title="bbox 2366 2204 3962 2281">
    <p class='ocr_par' dir='ltr' id='par_1_51' title="bbox 2366 2204 3962 2281">
     <span class='ocr_line' id='line_1_51' title="bbox 2366 2204 3962 2281; baseline 0.004 -24"><span class='ocrx_word' id='word_1_368' title='bbox 2366 2205 2633 2277; x_wconf 81' lang='grc' dir='ltr'>ριέχονται</span> <span class='ocrx_word' id='word_1_369' title='bbox 2656 2222 2669 2236; x_wconf 65' lang='grc' dir='ltr'>δ</span> <span class='ocrx_word' id='word_1_370' title='bbox 2708 2208 2803 2260; x_wconf 75' lang='grc' dir='ltr'><strong>καὶ</strong></span> <span class='ocrx_word' id='word_1_371' title='bbox 2835 2204 2999 2271; x_wconf 84' lang='grc' dir='ltr'>τόπος</span> <span class='ocrx_word' id='word_1_372' title='bbox 3033 2208 3150 2261; x_wconf 85' lang='grc' dir='ltr'><strong>ἐστί</strong></span> <span class='ocrx_word' id='word_1_373' title='bbox 3184 2208 3359 2280; x_wconf 79' lang='grc' dir='ltr'>πέρας</span> <span class='ocrx_word' id='word_1_374' title='bbox 3390 2209 3484 2268; x_wconf 84' lang='grc' dir='ltr'><strong>τοῦ</strong></span> <span class='ocrx_word' id='word_1_375' title='bbox 3514 2210 3865 2281; x_wconf 82' lang='grc' dir='ltr'>περιέχοντος</span> <span class='ocrx_word' id='word_1_376' title='bbox 3899 2210 3962 2264; x_wconf 83' lang='grc' dir='ltr'>τὸ</span> 
     </span>
    </p>
   </div>
   <div class='ocr_carea' id='block_1_52' title="bbox 2364 2301 3959 2384">
    <p class='ocr_par' dir='ltr' id='par_1_52' title="bbox 2364 2301 3959 2384">
     <span class='ocr_line' id='line_1_52' title="bbox 2364 2301 3959 2384; baseline 0.003 -30"><span class='ocrx_word' id='word_1_377' title='bbox 2364 2301 2772 2372; x_wconf 78' lang='grc' dir='ltr'>περιεχόμενον.</span> <span class='ocrx_word' id='word_1_378' title='bbox 2820 2301 2979 2357; x_wconf 78' lang='grc' dir='ltr'>Ἀλλά</span> <span class='ocrx_word' id='word_1_379' title='bbox 3027 2302 3122 2363; x_wconf 69' lang='grc' dir='ltr'>καὶ</span> <span class='ocrx_word' id='word_1_380' title='bbox 3166 2302 3326 2356; x_wconf 87' lang='grc' dir='ltr'>τοῦτο</span> <span class='ocrx_word' id='word_1_381' title='bbox 3481 2304 3661 2373; x_wconf 76' lang='grc' dir='ltr'>λέγειν</span> <span class='ocrx_word' id='word_1_382' title='bbox 3700 2305 3759 2357; x_wconf 87' lang='grc' dir='ltr'><strong>ἐν</strong></span> <span class='ocrx_word' id='word_1_383' title='bbox 3792 2306 3959 2358; x_wconf 78' lang='grc' dir='ltr'>πᾶσιν</span> 
     </span>
    </p>
   </div>
   <div class='ocr_carea' id='block_1_53' title="bbox 2362 2385 3960 2467">
    <p class='ocr_par' dir='ltr' id='par_1_53' title="bbox 2362 2385 3960 2467">
     <span class='ocr_line' id='line_1_53' title="bbox 2362 2385 3960 2467; baseline 0.001 -21"><span class='ocrx_word' id='word_1_384' title='bbox 2362 2385 2502 2447; x_wconf 74' lang='grc' dir='ltr'>εἶναι</span> <span class='ocrx_word' id='word_1_385' title='bbox 2552 2395 2753 2466; x_wconf 83' lang='grc' dir='ltr'>αὐτὴν,</span> <span class='ocrx_word' id='word_1_386' title='bbox 2806 2394 2942 2467; x_wconf 82' lang='grc' dir='ltr'>πρὸς</span> <span class='ocrx_word' id='word_1_387' title='bbox 2994 2395 3056 2448; x_wconf 84' lang='grc' dir='ltr'><strong>τὸ</strong></span> <span class='ocrx_word' id='word_1_388' title='bbox 3109 2395 3503 2467; x_wconf 73' lang='grc' dir='ltr'>περιληπτικδν</span> <span class='ocrx_word' id='word_1_389' title='bbox 3555 2396 3657 2467; x_wconf 81' lang='grc' dir='ltr'>τῆς</span> <span class='ocrx_word' id='word_1_390' title='bbox 3699 2396 3960 2467; x_wconf 74' lang='grc' dir='ltr'>ἀπειρίας</span> 
     </span>
    </p>
   </div>
   <div class='ocr_carea' id='block_1_54' title="bbox 2362 2488 3959 2562">
    <p class='ocr_par' dir='ltr' id='par_1_54' title="bbox 2362 2488 3959 2562">
     <span class='ocr_line' id='line_1_54' title="bbox 2362 2488 3959 2562; baseline 0.002 -23"><span class='ocrx_word' id='word_1_391' title='bbox 2362 2488 2577 2560; x_wconf 77' lang='grc' dir='ltr'>ἐκείνης</span> <span class='ocrx_word' id='word_1_392' title='bbox 2628 2489 2762 2543; x_wconf 86' lang='grc' dir='ltr'><strong>πολύ</strong></span> <span class='ocrx_word' id='word_1_393' title='bbox 2813 2490 3189 2544; x_wconf 79' lang='grc' dir='ltr'>ἀπολείπεται.</span> <span class='ocrx_word' id='word_1_394' title='bbox 3239 2490 3374 2544; x_wconf 77' lang='grc' dir='ltr'>Οὐδὲ</span> <span class='ocrx_word' id='word_1_395' title='bbox 3418 2489 3531 2562; x_wconf 86' lang='grc' dir='ltr'>γὰρ</span> <span class='ocrx_word' id='word_1_396' title='bbox 3557 2488 3723 2561; x_wconf 87' lang='grc' dir='ltr'>μόνον</span> <span class='ocrx_word' id='word_1_397' title='bbox 3756 2489 3818 2541; x_wconf 81' lang='grc' dir='ltr'><strong>ἐν</strong></span> <span class='ocrx_word' id='word_1_398' title='bbox 3849 2489 3959 2542; x_wconf 74' lang='grc' dir='ltr'><strong>πᾶ-</strong></span> 
     </span>
    </p>
   </div>
   <div class='ocr_carea' id='block_1_55' title="bbox 2363 2578 3960 2654">
    <p class='ocr_par' dir='ltr' id='par_1_55' title="bbox 2363 2578 3960 2654">
     <span class='ocr_line' id='line_1_55' title="bbox 2363 2578 3960 2654; baseline 0.001 -23"><span class='ocrx_word' id='word_1_399' title='bbox 2363 2579 2447 2633; x_wconf 92' lang='grc' dir='ltr'><strong>σίν</strong></span> <span class='ocrx_word' id='word_1_400' title='bbox 2481 2581 2647 2645; x_wconf 81' lang='grc' dir='ltr'>ἐστιν,</span> <span class='ocrx_word' id='word_1_401' title='bbox 2683 2578 2820 2635; x_wconf 81' lang='grc' dir='ltr'><strong>ἀλλά</strong></span> <span class='ocrx_word' id='word_1_402' title='bbox 2851 2581 2945 2635; x_wconf 62' lang='grc' dir='ltr'><strong>καί⁵</strong></span> <span class='ocrx_word' id='word_1_403' title='bbox 2978 2582 3157 2636; x_wconf 87' lang='grc' dir='ltr'>πάντα</span> <span class='ocrx_word' id='word_1_404' title='bbox 3174 2580 3602 2654; x_wconf 72' lang='grc' dir='ltr'>περιλαμϐάνει.</span> <span class='ocrx_word' id='word_1_405' title='bbox 3639 2582 3747 2634; x_wconf 75' lang='grc' dir='ltr'><strong>Καὶ</strong></span> <span class='ocrx_word' id='word_1_406' title='bbox 3772 2581 3831 2633; x_wconf 93' lang='grc' dir='ltr'><strong>οὐ</strong></span> <span class='ocrx_word' id='word_1_407' title='bbox 3863 2580 3960 2652; x_wconf 85' lang='grc' dir='ltr'>μό-</span> 
     </span>
    </p>
   </div>
   <div class='ocr_carea' id='block_1_56' title="bbox 2361 2671 3959 2746">
    <p class='ocr_par' dir='ltr' id='par_1_56' title="bbox 2361 2671 3959 2746">
     <span class='ocr_line' id='line_1_56' title="bbox 2361 2671 3959 2746; baseline 0.002 -22"><span class='ocrx_word' id='word_1_408' title='bbox 2361 2689 2450 2725; x_wconf 91' lang='grc' dir='ltr'><strong>νον</strong></span> <span class='ocrx_word' id='word_1_409' title='bbox 2482 2671 2903 2744; x_wconf 77' lang='grc' dir='ltr'>περιλαμὸἀνει,</span> <span class='ocrx_word' id='word_1_410' title='bbox 2940 2673 3075 2728; x_wconf 81' lang='grc' dir='ltr'>ἀλλὰ</span> <span class='ocrx_word' id='word_1_411' title='bbox 3107 2675 3203 2727; x_wconf 75' lang='grc' dir='ltr'><strong>καὶ</strong></span> <span class='ocrx_word' id='word_1_412' title='bbox 3232 2675 3294 2728; x_wconf 82' lang='grc' dir='ltr'><strong>τὸ</strong></span> <span class='ocrx_word' id='word_1_413' title='bbox 3326 2676 3427 2745; x_wconf 84' lang='grc' dir='ltr'>τῆς</span> <span class='ocrx_word' id='word_1_414' title='bbox 3458 2673 3803 2746; x_wconf 78' lang='grc' dir='ltr'>περιλήψεως</span> <span class='ocrx_word' id='word_1_415' title='bbox 3829 2674 3959 2727; x_wconf 83' lang='grc' dir='ltr'>ἐπέ-</span> 
     </span>
    </p>
   </div>
   <div class='ocr_carea' id='block_1_57' title="bbox 2364 2764 3958 2837">
    <p class='ocr_par' dir='ltr' id='par_1_57' title="bbox 2364 2764 3958 2837">
     <span class='ocr_line' id='line_1_57' title="bbox 2364 2764 3958 2837; baseline 0.001 -21"><span class='ocrx_word' id='word_1_416' title='bbox 2364 2781 2517 2817; x_wconf 89' lang='grc' dir='ltr'>κεινα</span> <span class='ocrx_word' id='word_1_417' title='bbox 2560 2764 2786 2836; x_wconf 82' lang='grc' dir='ltr'>ἀπειρόν</span> <span class='ocrx_word' id='word_1_418' title='bbox 2832 2768 2969 2821; x_wconf 88' lang='grc' dir='ltr'>ἐστι.</span> <span class='ocrx_word' id='word_1_419' title='bbox 3016 2767 3215 2824; x_wconf 82' lang='grc' dir='ltr'>Τοίνυν,</span> <span class='ocrx_word' id='word_1_420' title='bbox 3259 2767 3356 2819; x_wconf 76' lang='grc' dir='ltr'>καὶ</span> <span class='ocrx_word' id='word_1_421' title='bbox 3406 2766 3790 2837; x_wconf 82' lang='grc' dir='ltr'>ἀνανεύσωμεν</span> <span class='ocrx_word' id='word_1_422' title='bbox 3836 2767 3958 2828; x_wconf 84' lang='grc' dir='ltr'>ταῖς</span> 
     </span>
    </p>
   </div>
   <div class='ocr_carea' id='block_1_58' title="bbox 2362 2842 3959 2930">
    <p class='ocr_par' dir='ltr' id='par_1_58' title="bbox 2362 2842 3959 2930">
     <span class='ocr_line' id='line_1_58' title="bbox 2362 2842 3959 2930; baseline 0.003 -24"><span class='ocrx_word' id='word_1_423' title='bbox 2362 2856 2569 2925; x_wconf 88' lang='grc' dir='ltr'>εὐχαῖς,</span> <span class='ocrx_word' id='word_1_424' title='bbox 2601 2857 2699 2925; x_wconf 91' lang='grc' dir='ltr'><strong>οὐχ</strong></span> <span class='ocrx_word' id='word_1_425' title='bbox 2731 2857 2817 2909; x_wconf 75' lang='grc' dir='ltr'>ἵνα</span> <span class='ocrx_word' id='word_1_426' title='bbox 2842 2858 2903 2911; x_wconf 83' lang='grc' dir='ltr'><strong>τὸ</strong></span> <span class='ocrx_word' id='word_1_427' title='bbox 2936 2858 3091 2911; x_wconf 86' lang='grc' dir='ltr'>Θεῖον</span> <span class='ocrx_word' id='word_1_428' title='bbox 3119 2859 3463 2930; x_wconf 82' lang='grc' dir='ltr'>κατάξωμεν,</span> <span class='ocrx_word' id='word_1_429' title='bbox 3490 2842 3603 2911; x_wconf 86' lang='grc' dir='ltr'>ἀλλ’</span> <span class='ocrx_word' id='word_1_430' title='bbox 3637 2858 3725 2914; x_wconf 78' lang='grc' dir='ltr'>ἵνα</span> <span class='ocrx_word' id='word_1_431' title='bbox 3756 2858 3959 2930; x_wconf 76' lang='grc' dir='ltr'>μᾶλλον</span> 
     </span>
    </p>
   </div>
   <div class='ocr_carea' id='block_1_59' title="bbox 2361 2947 3956 3021">
    <p class='ocr_par' dir='ltr' id='par_1_59' title="bbox 2361 2947 3956 3021">
     <span class='ocr_line' id='line_1_59' title="bbox 2361 2947 3956 3021; baseline 0.002 -21"><span class='ocrx_word' id='word_1_432' title='bbox 2361 2947 2497 3017; x_wconf 78' lang='grc' dir='ltr'>πρὸς</span> <span class='ocrx_word' id='word_1_433' title='bbox 2530 2947 2663 3000; x_wconf 86' lang='grc' dir='ltr'>αὐτὸ</span> <span class='ocrx_word' id='word_1_434' title='bbox 2693 2947 3036 3019; x_wconf 85' lang='grc' dir='ltr'>ἀναχθῶμεν.</span> <span class='ocrx_word' id='word_1_435' title='bbox 3072 2951 3185 3003; x_wconf 74' lang='grc' dir='ltr'><strong>Καὶ</strong></span> <span class='ocrx_word' id='word_1_436' title='bbox 3227 2950 3496 3021; x_wconf 78' lang='grc' dir='ltr'>λαμϐάνει</span> <span class='ocrx_word' id='word_1_437' title='bbox 3520 2949 3738 3021; x_wconf 89' lang='grc' dir='ltr'>πρῶτον</span> <span class='ocrx_word' id='word_1_438' title='bbox 3772 2950 3956 3021; x_wconf 74' lang='grc' dir='ltr'>παρά-</span> 
     </span>
    </p>
   </div>
   <div class='ocr_carea' id='block_1_60' title="bbox 2359 3040 3957 3116">
    <p class='ocr_par' dir='ltr' id='par_1_60' title="bbox 2359 3040 3957 3116">
     <span class='ocr_line' id='line_1_60' title="bbox 2359 3040 3957 3116; baseline 0.003 -24"><span class='ocrx_word' id='word_1_439' title='bbox 2359 3040 2556 3109; x_wconf 84' lang='grc' dir='ltr'>δειγμα</span> <span class='ocrx_word' id='word_1_440' title='bbox 2601 3040 2908 3104; x_wconf 84' lang='grc' dir='ltr'>Ἑλληνικὸν</span> <span class='ocrx_word' id='word_1_441' title='bbox 2944 3042 3008 3094; x_wconf 75' lang='grc' dir='ltr'><strong>ἐκ</strong></span> <span class='ocrx_word' id='word_1_442' title='bbox 3042 3041 3137 3094; x_wconf 90' lang='grc' dir='ltr'><strong>τοῦ</strong></span> <span class='ocrx_word' id='word_1_443' title='bbox 3189 3044 3452 3116; x_wconf 85' lang='grc' dir='ltr'>Ὀμήρου,</span> <span class='ocrx_word' id='word_1_444' title='bbox 3484 3041 3860 3115; x_wconf 73' lang='grc' dir='ltr'>προσαρμόζει</span> <span class='ocrx_word' id='word_1_445' title='bbox 3899 3042 3957 3096; x_wconf 81' lang='grc' dir='ltr'><strong>δὲ</strong></span> 
     </span>
    </p>
   </div>
   <div class='ocr_carea' id='block_1_61' title="bbox 2360 3130 3958 3205">
    <p class='ocr_par' dir='ltr' id='par_1_61' title="bbox 2360 3130 3958 3205">
     <span class='ocr_line' id='line_1_61' title="bbox 2360 3130 3958 3205; baseline 0.003 -22"><span class='ocrx_word' id='word_1_446' title='bbox 2360 3130 2518 3186; x_wconf 84' lang='grc' dir='ltr'>τοῦτο</span> <span class='ocrx_word' id='word_1_447' title='bbox 2540 3134 2651 3195; x_wconf 83' lang='grc' dir='ltr'>τοῖς</span> <span class='ocrx_word' id='word_1_448' title='bbox 2667 3132 2830 3197; x_wconf 75' lang='grc' dir='ltr'>θείοις</span> <span class='ocrx_word' id='word_1_449' title='bbox 2856 3133 3233 3202; x_wconf 81' lang='grc' dir='ltr'>παγκάλλιστα</span> <span class='ocrx_word' id='word_1_450' title='bbox 3257 3151 3269 3164; x_wconf 92' lang='grc'><strong>·</strong></span> <span class='ocrx_word' id='word_1_451' title='bbox 3294 3134 3440 3204; x_wconf 83' lang='grc' dir='ltr'>λέγει</span> <span class='ocrx_word' id='word_1_452' title='bbox 3456 3135 3565 3205; x_wconf 90' lang='grc' dir='ltr'><strong>γάρ</strong></span> <span class='ocrx_word' id='word_1_453' title='bbox 3587 3136 3815 3198; x_wconf 78' lang='grc' dir='ltr'>ἐκεῖνος,</span> <span class='ocrx_word' id='word_1_454' title='bbox 3835 3151 3958 3188; x_wconf 86' lang='grc' dir='ltr'>σει-</span> 
     </span>
    </p>
   </div>
   <div class='ocr_carea' id='block_1_62' title="bbox 2352 3217 3958 3301">
    <p class='ocr_par' dir='ltr' id='par_1_62' title="bbox 2352 3217 3958 3301">
     <span class='ocr_line' id='line_1_62' title="bbox 2352 3217 3958 3301; baseline -0.002 -16"><span class='ocrx_word' id='word_1_455' title='bbox 2352 3224 2474 3293; x_wconf 77' lang='grc' dir='ltr'><strong>ρὰν</strong></span> <span class='ocrx_word' id='word_1_456' title='bbox 2497 3225 2768 3294; x_wconf 79' lang='grc' dir='ltr'>χρυσέην</span> <span class='ocrx_word' id='word_1_457' title='bbox 2790 3227 3117 3295; x_wconf 73' lang='grc' dir='ltr'>οὐρανόθεν</span> <span class='ocrx_word' id='word_1_458' title='bbox 3154 3228 3583 3297; x_wconf 79' lang='grc' dir='ltr'>κρεμάσαντες.</span> <span class='ocrx_word' id='word_1_459' title='bbox 3611 3217 3824 3301; x_wconf 68' lang='grc' dir='ltr'>’Ὠσπερ</span> <span class='ocrx_word' id='word_1_460' title='bbox 3845 3229 3958 3301; x_wconf 81' lang='grc' dir='ltr'>γὰρ</span> 
     </span>
    </p>
   </div>
   <div class='ocr_carea' id='block_1_63' title="bbox 678 3318 2260 3395">
    <p class='ocr_par' dir='ltr' id='par_1_63' title="bbox 678 3318 2259 3392">
     <span class='ocr_line' id='line_1_63' title="bbox 678 3318 2259 3392; baseline -0.007 -8"><span class='ocrx_word' id='word_1_461' title='bbox 678 3346 711 3384; x_wconf 85' lang='lat' dir='ltr'><strong>a</strong></span> <span class='ocrx_word' id='word_1_462' title='bbox 748 3340 893 3387; x_wconf 87' lang='lat' dir='ltr'><strong>terra</strong></span> <span class='ocrx_word' id='word_1_463' title='bbox 929 3326 1174 3389; x_wconf 86' lang='lat' dir='ltr'><strong>elevans,</strong></span> <span class='ocrx_word' id='word_1_464' title='bbox 1218 3323 1445 3377; x_wconf 86' lang='lat' dir='ltr'><strong>alternis</strong></span> <span class='ocrx_word' id='word_1_465' title='bbox 1479 3321 1695 3392; x_wconf 84' lang='lat' dir='ltr'><strong>quidem</strong></span> <span class='ocrx_word' id='word_1_466' title='bbox 1738 3318 2259 3390; x_wconf 86' lang='lat' dir='ltr'><strong>apprehensionibus</strong></span> 
     </span>
    </p>
   </div>
   <div class='ocr_carea' id='block_1_64' title="bbox 2363 3318 3954 3395">
    <p class='ocr_par' dir='ltr' id='par_1_64' title="bbox 2363 3318 3954 3393">
     <span class='ocr_line' id='line_1_64' title="bbox 2363 3318 3954 3393; baseline 0.003 -23"><span class='ocrx_word' id='word_1_467' title='bbox 2363 3318 2461 3389; x_wconf 86' lang='grc' dir='ltr'>τῆς</span> <span class='ocrx_word' id='word_1_468' title='bbox 2497 3320 2684 3391; x_wconf 86' lang='grc' dir='ltr'>σειρᾶς</span> <span class='ocrx_word' id='word_1_469' title='bbox 2716 3319 2858 3373; x_wconf 78' lang='grc' dir='ltr'>οὕτω</span> <span class='ocrx_word' id='word_1_470' title='bbox 2890 3320 3261 3391; x_wconf 79' lang='grc' dir='ltr'>διακειμένης,</span> <span class='ocrx_word' id='word_1_471' title='bbox 3298 3320 3327 3372; x_wconf 84' lang='grc' dir='ltr'><strong>ὁ</strong></span> <span class='ocrx_word' id='word_1_472' title='bbox 3360 3319 3499 3373; x_wconf 84' lang='grc' dir='ltr'>κατὰ</span> <span class='ocrx_word' id='word_1_473' title='bbox 3537 3320 3729 3393; x_wconf 84' lang='grc' dir='ltr'>μικρὸν</span> <span class='ocrx_word' id='word_1_474' title='bbox 3757 3322 3954 3375; x_wconf 81' lang='grc' dir='ltr'>ἑαυτὸν</span> 
     </span>
    </p>
   </div>
   <div class='ocr_carea' id='block_1_65' title="bbox 678 3409 2259 3478">
    <p class='ocr_par' dir='ltr' id='par_1_65' title="bbox 678 3409 2259 3478">
     <span class='ocr_line' id='line_1_65' title="bbox 678 3409 2259 3478; baseline -0.008 -3"><span class='ocrx_word' id='word_1_475' title='bbox 678 3420 892 3476; x_wconf 83' lang='lat' dir='ltr'><strong>videtur</strong></span> <span class='ocrx_word' id='word_1_476' title='bbox 915 3418 1066 3475; x_wconf 85' lang='lat' dir='ltr'><strong>illam</strong></span> <span class='ocrx_word' id='word_1_477' title='bbox 1111 3422 1363 3471; x_wconf 82' lang='lat' dir='ltr'><strong>catenam</strong></span> <span class='ocrx_word' id='word_1_478' title='bbox 1395 3415 1461 3465; x_wconf 88' lang='lat' dir='ltr'><strong>ad</strong></span> <span class='ocrx_word' id='word_1_479' title='bbox 1499 3425 1560 3467; x_wconf 90' lang='lat' dir='ltr'><strong>se</strong></span> <span class='ocrx_word' id='word_1_480' title='bbox 1592 3411 1834 3476; x_wconf 86' lang='lat' dir='ltr'><strong>trahere,</strong></span> <span class='ocrx_word' id='word_1_481' title='bbox 1863 3409 1977 3478; x_wconf 90' lang='lat' dir='ltr'><strong>ipse</strong></span> <span class='ocrx_word' id='word_1_482' title='bbox 2008 3422 2137 3464; x_wconf 71' lang='lat' dir='ltr'><strong>vero</strong></span> <span class='ocrx_word' id='word_1_483' title='bbox 2164 3422 2259 3478; x_wconf 77' lang='lat' dir='ltr'><strong>po-</strong></span> 
     </span>
    </p>
   </div>
   <div class='ocr_carea' id='block_1_66' title="bbox 678 3496 2255 3567">
    <p class='ocr_par' dir='ltr' id='par_1_66' title="bbox 678 3496 2255 3567">
     <span class='ocr_line' id='line_1_66' title="bbox 678 3496 2255 3567; baseline -0.011 0"><span class='ocrx_word' id='word_1_484' title='bbox 678 3512 789 3567; x_wconf 79' lang='lat' dir='ltr'><strong>tius</strong></span> <span class='ocrx_word' id='word_1_485' title='bbox 830 3509 886 3565; x_wconf 83' lang='lat' dir='ltr'><strong>in</strong></span> <span class='ocrx_word' id='word_1_486' title='bbox 940 3507 1107 3562; x_wconf 85' lang='lat' dir='ltr'><strong>altum</strong></span> <span class='ocrx_word' id='word_1_487' title='bbox 1156 3502 1368 3561; x_wconf 89' lang='lat' dir='ltr'><strong>tollitur</strong></span> <span class='ocrx_word' id='word_1_488' title='bbox 1397 3501 1602 3555; x_wconf 82' lang='lat' dir='ltr'><strong>sensim</strong></span> <span class='ocrx_word' id='word_1_489' title='bbox 1632 3500 1980 3561; x_wconf 86' lang='lat' dir='ltr'><strong>ascendendo</strong></span> <span class='ocrx_word' id='word_1_490' title='bbox 2008 3510 2026 3553; x_wconf 91' lang='lat'><strong>:</strong></span> <span class='ocrx_word' id='word_1_491' title='bbox 2058 3498 2139 3552; x_wconf 88' lang='lat' dir='ltr'><strong>sic</strong></span> <span class='ocrx_word' id='word_1_492' title='bbox 2164 3496 2255 3566; x_wconf 89' lang='lat' dir='ltr'><strong>qui</strong></span> 
     </span>
    </p>
   </div>
   <div class='ocr_carea' id='block_1_67' title="bbox 679 3590 2258 3669">
    <p class='ocr_par' dir='ltr' id='par_1_67' title="bbox 679 3590 2258 3669">
     <span class='ocr_line' id='line_1_67' title="bbox 679 3590 2258 3669; baseline -0.01 -10"><span class='ocrx_word' id='word_1_493' title='bbox 679 3605 894 3659; x_wconf 83' lang='lat' dir='ltr'><strong>intense</strong></span> <span class='ocrx_word' id='word_1_494' title='bbox 943 3611 1098 3667; x_wconf 69' lang='lat' dir='ltr'><strong>orat,</strong></span> <span class='ocrx_word' id='word_1_495' title='bbox 1131 3614 1227 3668; x_wconf 89' lang='lat' dir='ltr'><strong>per</strong></span> <span class='ocrx_word' id='word_1_496' title='bbox 1254 3613 1439 3669; x_wconf 88' lang='lat' dir='ltr'><strong>opera,</strong></span> <span class='ocrx_word' id='word_1_497' title='bbox 1472 3611 1597 3665; x_wconf 83' lang='lat' dir='ltr'><strong>quae</strong></span> <span class='ocrx_word' id='word_1_498' title='bbox 1623 3608 1815 3649; x_wconf 86' lang='lat' dir='ltr'><strong>manus</strong></span> <span class='ocrx_word' id='word_1_499' title='bbox 1844 3602 2024 3654; x_wconf 87' lang='lat' dir='ltr'><strong>vocat,</strong></span> <span class='ocrx_word' id='word_1_500' title='bbox 2057 3590 2258 3645; x_wconf 86' lang='lat' dir='ltr'><strong>sensim</strong></span> 
     </span>
    </p>
   </div>
   <div class='ocr_carea' id='block_1_68' title="bbox 678 3676 2259 3767">
    <p class='ocr_par' dir='ltr' id='par_1_68' title="bbox 678 3676 2259 3767">
     <span class='ocr_line' id='line_1_68' title="bbox 678 3676 2259 3767; baseline -0.009 -15"><span class='ocrx_word' id='word_1_501' title='bbox 678 3708 737 3752; x_wconf 91' lang='lat' dir='ltr'><strong>et</strong></span> <span class='ocrx_word' id='word_1_502' title='bbox 780 3694 1059 3767; x_wconf 88' lang='lat' dir='ltr'><strong>operando</strong></span> <span class='ocrx_word' id='word_1_503' title='bbox 1086 3704 1142 3748; x_wconf 86' lang='lat' dir='ltr'><strong>et</strong></span> <span class='ocrx_word' id='word_1_504' title='bbox 1179 3690 1452 3761; x_wconf 83' lang='lat' dir='ltr'><strong>precando</strong></span> <span class='ocrx_word' id='word_1_505' title='bbox 1476 3676 1710 3743; x_wconf 77' lang='lat' dir='ltr'><strong>mentem</strong></span> <span class='ocrx_word' id='word_1_506' title='bbox 1744 3700 1897 3741; x_wconf 90' lang='lat' dir='ltr'><strong>suam</strong></span> <span class='ocrx_word' id='word_1_507' title='bbox 1929 3684 2165 3754; x_wconf 82' lang='lat' dir='ltr'><strong>applicat</strong></span> <span class='ocrx_word' id='word_1_508' title='bbox 2193 3684 2259 3737; x_wconf 90' lang='lat' dir='ltr'><strong>ad</strong></span> 
     </span>
    </p>
   </div>
   <div class='ocr_carea' id='block_1_69' title="bbox 682 3774 2256 3851">
    <p class='ocr_par' dir='ltr' id='par_1_69' title="bbox 682 3774 2256 3851">
     <span class='ocr_line' id='line_1_69' title="bbox 682 3774 2256 3851; baseline -0.013 -5"><span class='ocrx_word' id='word_1_509' title='bbox 682 3789 872 3845; x_wconf 70' lang='lat' dir='ltr'><strong>Deum.</strong></span> <span class='ocrx_word' id='word_1_510' title='bbox 923 3787 1022 3841; x_wconf 89' lang='lat' dir='ltr'><strong>Sin</strong></span> <span class='ocrx_word' id='word_1_511' title='bbox 1067 3797 1443 3846; x_wconf 74' lang='lat' dir='ltr'><strong>veromanus,</strong></span> <span class='ocrx_word' id='word_1_512' title='bbox 1470 3780 1582 3851; x_wconf 83' lang='lat' dir='ltr'><strong>jam</strong></span> <span class='ocrx_word' id='word_1_513' title='bbox 1635 3781 1686 3834; x_wconf 92' lang='lat' dir='ltr'><strong>in</strong></span> <span class='ocrx_word' id='word_1_514' title='bbox 1738 3778 1906 3832; x_wconf 89' lang='lat' dir='ltr'><strong>altum</strong></span> <span class='ocrx_word' id='word_1_515' title='bbox 1957 3774 2197 3838; x_wconf 87' lang='lat' dir='ltr'><strong>adducti.</strong></span> <span class='ocrx_word' id='word_1_516' title='bbox 2228 3790 2256 3826; x_wconf 89' lang='lat' dir='ltr'><strong>a</strong></span> 
     </span>
    </p>
   </div>
   <div class='ocr_carea' id='block_1_70' title="bbox 679 3867 2259 3940">
    <p class='ocr_par' dir='ltr' id='par_1_70' title="bbox 679 3867 2259 3940">
     <span class='ocr_line' id='line_1_70' title="bbox 679 3867 2259 3940; baseline -0.013 -2"><span class='ocrx_word' id='word_1_517' title='bbox 679 3888 877 3938; x_wconf 66' lang='lat' dir='ltr'><strong>catena</strong></span> <span class='ocrx_word' id='word_1_518' title='bbox 903 3878 1191 3940; x_wconf 77' lang='lat' dir='ltr'><strong>solvimus.</strong></span> <span class='ocrx_word' id='word_1_519' title='bbox 1226 3890 1299 3934; x_wconf 68' lang='lat' dir='ltr'><strong>ex</strong></span> <span class='ocrx_word' id='word_1_520' title='bbox 1321 3874 1437 3936; x_wconf 67' lang='lat' dir='ltr'><strong>alto</strong></span> <span class='ocrx_word' id='word_1_521' title='bbox 1466 3872 1799 3938; x_wconf 78' lang='lat' dir='ltr'><strong>decidimus;</strong></span> <span class='ocrx_word' id='word_1_522' title='bbox 1834 3884 1957 3925; x_wconf 85' lang='lat' dir='ltr'><strong>nam</strong></span> <span class='ocrx_word' id='word_1_523' title='bbox 2002 3870 2129 3923; x_wconf 87' lang='lat' dir='ltr'><strong>dum</strong></span> <span class='ocrx_word' id='word_1_524' title='bbox 2160 3867 2259 3919; x_wconf 88' lang='lat' dir='ltr'><strong>ad-</strong></span> 
     </span>
    </p>
   </div>
   <div class='ocr_carea' id='block_1_71' title="bbox 682 3960 2261 4037">
    <p class='ocr_par' dir='ltr' id='par_1_71' title="bbox 682 3960 2261 4037">
     <span class='ocr_line' id='line_1_71' title="bbox 682 3960 2261 4037; baseline -0.011 -7"><span class='ocrx_word' id='word_1_525' title='bbox 682 3976 952 4035; x_wconf 85' lang='lat' dir='ltr'><strong>ducimur.</strong></span> <span class='ocrx_word' id='word_1_526' title='bbox 983 3972 1151 4027; x_wconf 90' lang='lat' dir='ltr'><strong>etiam</strong></span> <span class='ocrx_word' id='word_1_527' title='bbox 1178 3969 1296 4025; x_wconf 81' lang='lat' dir='ltr'><strong>Deo</strong></span> <span class='ocrx_word' id='word_1_528' title='bbox 1325 3968 1605 4023; x_wconf 61' lang='lat' dir='ltr'><strong>adhaerere</strong></span> <span class='ocrx_word' id='word_1_529' title='bbox 1644 3963 1926 4037; x_wconf 83' lang='lat' dir='ltr'><strong>debemus.</strong></span> <span class='ocrx_word' id='word_1_530' title='bbox 1956 3960 2150 4017; x_wconf 88' lang='lat' dir='ltr'><strong>Simile</strong></span> <span class='ocrx_word' id='word_1_531' title='bbox 2178 3968 2261 4014; x_wconf 86' lang='lat' dir='ltr'><strong>est</strong></span> 
     </span>
    </p>
   </div>
   <div class='ocr_carea' id='block_1_72' title="bbox 682 4038 2256 4133">
    <p class='ocr_par' dir='ltr' id='par_1_72' title="bbox 682 4038 2256 4133">
     <span class='ocr_line' id='line_1_72' title="bbox 682 4038 2256 4133; baseline -0.011 -11"><span class='ocrx_word' id='word_1_532' title='bbox 682 4067 739 4122; x_wconf 85' lang='lat' dir='ltr'><strong>in</strong></span> <span class='ocrx_word' id='word_1_533' title='bbox 766 4064 914 4129; x_wconf 81' lang='lat' dir='ltr'><strong>navi,</strong></span> <span class='ocrx_word' id='word_1_534' title='bbox 946 4071 1006 4117; x_wconf 91' lang='lat' dir='ltr'><strong>ut</strong></span> <span class='ocrx_word' id='word_1_535' title='bbox 1054 4074 1453 4133; x_wconf 87' lang='lat' dir='ltr'><strong>cognoscamus</strong></span> <span class='ocrx_word' id='word_1_536' title='bbox 1503 4063 1742 4111; x_wconf 90' lang='lat' dir='ltr'><strong>mentem</strong></span> <span class='ocrx_word' id='word_1_537' title='bbox 1785 4064 2028 4109; x_wconf 88' lang='lat' dir='ltr'><strong>nostram</strong></span> <span class='ocrx_word' id='word_1_538' title='bbox 2065 4038 2256 4105; x_wconf 85' lang='lat' dir='ltr'><strong>navem</strong></span> 
     </span>
    </p>
   </div>
   <div class='ocr_carea' id='block_1_73' title="bbox 680 4147 2259 4226">
    <p class='ocr_par' dir='ltr' id='par_1_73' title="bbox 680 4147 2259 4226">
     <span class='ocr_line' id='line_1_73' title="bbox 680 4147 2259 4226; baseline -0.011 -14"><span class='ocrx_word' id='word_1_539' title='bbox 680 4170 824 4225; x_wconf 74' lang='lat' dir='ltr'><strong>esse,</strong></span> <span class='ocrx_word' id='word_1_540' title='bbox 876 4170 998 4226; x_wconf 76' lang='lat' dir='ltr'><strong>qua:</strong></span> <span class='ocrx_word' id='word_1_541' title='bbox 1038 4155 1160 4207; x_wconf 77' lang='lat' dir='ltr'><strong>vita:</strong></span> <span class='ocrx_word' id='word_1_542' title='bbox 1206 4150 1367 4221; x_wconf 87' lang='lat' dir='ltr'><strong>hujus</strong></span> <span class='ocrx_word' id='word_1_543' title='bbox 1411 4149 1590 4204; x_wconf 87' lang='lat' dir='ltr'><strong>ventis</strong></span> <span class='ocrx_word' id='word_1_544' title='bbox 1642 4147 1909 4217; x_wconf 88' lang='lat' dir='ltr'><strong>agitatur;</strong></span> <span class='ocrx_word' id='word_1_545' title='bbox 1945 4159 2097 4199; x_wconf 90' lang='lat' dir='ltr'><strong>mare</strong></span> <span class='ocrx_word' id='word_1_546' title='bbox 2126 4156 2259 4197; x_wconf 91' lang='lat' dir='ltr'><strong>vero</strong></span> 
     </span>
    </p>
   </div>
   <div class='ocr_carea' id='block_1_74' title="bbox 683 4237 2255 4309">
    <p class='ocr_par' dir='ltr' id='par_1_74' title="bbox 683 4237 2255 4309">
     <span class='ocr_line' id='line_1_74' title="bbox 683 4237 2255 4309; baseline -0.01 -4"><span class='ocrx_word' id='word_1_547' title='bbox 683 4248 828 4305; x_wconf 83' lang='lat' dir='ltr'><strong>hanc</strong></span> <span class='ocrx_word' id='word_1_548' title='bbox 866 4246 1032 4300; x_wconf 89' lang='lat' dir='ltr'><strong>vitam</strong></span> <span class='ocrx_word' id='word_1_549' title='bbox 1064 4244 1247 4298; x_wconf 86' lang='lat' dir='ltr'><strong>multis</strong></span> <span class='ocrx_word' id='word_1_550' title='bbox 1277 4242 1691 4309; x_wconf 84' lang='lat' dir='ltr'><strong>tempestatibus</strong></span> <span class='ocrx_word' id='word_1_551' title='bbox 1738 4237 2019 4302; x_wconf 84' lang='lat' dir='ltr'><strong>refertam,</strong></span> <span class='ocrx_word' id='word_1_552' title='bbox 2048 4247 2255 4305; x_wconf 90' lang='lat' dir='ltr'><strong>petram</strong></span> 
     </span>
    </p>
   </div>
   <div class='ocr_carea' id='block_1_75' title="bbox 682 4330 2259 4406">
    <p class='ocr_par' dir='ltr' id='par_1_75' title="bbox 682 4330 2259 4406">
     <span class='ocr_line' id='line_1_75' title="bbox 682 4330 2259 4406; baseline -0.006 -11"><span class='ocrx_word' id='word_1_553' title='bbox 682 4356 813 4397; x_wconf 80' lang='lat' dir='ltr'><strong>vero</strong></span> <span class='ocrx_word' id='word_1_554' title='bbox 852 4339 1153 4405; x_wconf 76' lang='lat' dir='ltr'><strong>Christum,</strong></span> <span class='ocrx_word' id='word_1_555' title='bbox 1200 4350 1361 4406; x_wconf 87' lang='lat' dir='ltr'><strong>quem</strong></span> <span class='ocrx_word' id='word_1_556' title='bbox 1391 4334 1518 4389; x_wconf 92' lang='lat' dir='ltr'><strong>dum</strong></span> <span class='ocrx_word' id='word_1_557' title='bbox 1550 4330 2034 4405; x_wconf 69' lang='lat' dir='ltr'><strong>apprehendinius,</strong></span> <span class='ocrx_word' id='word_1_558' title='bbox 2068 4332 2259 4385; x_wconf 87' lang='lat' dir='ltr'><strong>incon-</strong></span> 
     </span>
    </p>
   </div>
   <div class='ocr_carea' id='block_1_76' title="bbox 683 4423 2255 4504">
    <p class='ocr_par' dir='ltr' id='par_1_76' title="bbox 683 4423 2255 4504">
     <span class='ocr_line' id='line_1_76' title="bbox 683 4423 2255 4504; baseline -0.01 -14"><span class='ocrx_word' id='word_1_559' title='bbox 683 4435 826 4490; x_wconf 74' lang='lat' dir='ltr'><strong>cussi</strong></span> <span class='ocrx_word' id='word_1_560' title='bbox 872 4444 1280 4504; x_wconf 86' lang='lat' dir='ltr'><strong>permanemus,</strong></span> <span class='ocrx_word' id='word_1_561' title='bbox 1310 4427 1379 4482; x_wconf 89' lang='lat' dir='ltr'><strong>ad</strong></span> <span class='ocrx_word' id='word_1_562' title='bbox 1422 4428 1597 4496; x_wconf 87' lang='lat' dir='ltr'><strong>ipsum</strong></span> <span class='ocrx_word' id='word_1_563' title='bbox 1643 4434 1753 4479; x_wconf 92' lang='lat' dir='ltr'><strong>tam</strong></span> <span class='ocrx_word' id='word_1_564' title='bbox 1790 4426 1955 4479; x_wconf 88' lang='lat' dir='ltr'><strong>vitam</strong></span> <span class='ocrx_word' id='word_1_565' title='bbox 1989 4438 2147 4493; x_wconf 88' lang='lat' dir='ltr'><strong>quam</strong></span> <span class='ocrx_word' id='word_1_566' title='bbox 2177 4423 2255 4475; x_wconf 82' lang='lat' dir='ltr'><strong>vi-</strong></span> 
     </span>
    </p>
   </div>
   <div class='ocr_carea' id='block_1_77' title="bbox 683 4516 2258 4591">
    <p class='ocr_par' dir='ltr' id='par_1_77' title="bbox 683 4516 2258 4591">
     <span class='ocr_line' id='line_1_77' title="bbox 683 4516 2258 4591; baseline -0.004 -14"><span class='ocrx_word' id='word_1_567' title='bbox 683 4524 845 4580; x_wconf 81' lang='lat' dir='ltr'><strong>vendi</strong></span> <span class='ocrx_word' id='word_1_568' title='bbox 889 4524 1154 4579; x_wconf 90' lang='lat' dir='ltr'><strong>rationem</strong></span> <span class='ocrx_word' id='word_1_569' title='bbox 1195 4520 1514 4591; x_wconf 84' lang='lat' dir='ltr'><strong>dirigentes.</strong></span> <span class='ocrx_word' id='word_1_570' title='bbox 1546 4516 1893 4587; x_wconf 85' lang='lat' dir='ltr'><strong>Quapropter</strong></span> <span class='ocrx_word' id='word_1_571' title='bbox 1929 4526 2054 4572; x_wconf 80' lang='lat' dir='ltr'><strong>ante</strong></span> <span class='ocrx_word' id='word_1_572' title='bbox 2095 4532 2258 4572; x_wconf 90' lang='lat' dir='ltr'><strong>omne</strong></span> 
     </span>
    </p>
   </div>
   <div class='ocr_carea' id='block_1_78' title="bbox 684 4607 2258 4686">
    <p class='ocr_par' dir='ltr' id='par_1_78' title="bbox 684 4607 2258 4686">
     <span class='ocr_line' id='line_1_78' title="bbox 684 4607 2258 4686; baseline -0.005 -17"><span class='ocrx_word' id='word_1_573' title='bbox 684 4630 842 4686; x_wconf 86' lang='lat' dir='ltr'><strong>opus,</strong></span> <span class='ocrx_word' id='word_1_574' title='bbox 871 4613 1169 4685; x_wconf 64' lang='lat' dir='ltr'><strong>praesertim</strong></span> <span class='ocrx_word' id='word_1_575' title='bbox 1200 4620 1329 4666; x_wconf 91' lang='lat' dir='ltr'><strong>ante</strong></span> <span class='ocrx_word' id='word_1_576' title='bbox 1358 4622 1573 4666; x_wconf 89' lang='lat' dir='ltr'><strong>omnem</strong></span> <span class='ocrx_word' id='word_1_577' title='bbox 1603 4609 1669 4664; x_wconf 93' lang='lat' dir='ltr'><strong>de</strong></span> <span class='ocrx_word' id='word_1_578' title='bbox 1697 4607 1806 4664; x_wconf 86' lang='lat' dir='ltr'><strong>Deo</strong></span> <span class='ocrx_word' id='word_1_579' title='bbox 1833 4622 2163 4672; x_wconf 75' lang='lat' dir='ltr'><strong>sermonem,</strong></span> <span class='ocrx_word' id='word_1_580' title='bbox 2190 4609 2258 4661; x_wconf 89' lang='lat' dir='ltr'><strong>ab</strong></span> 
     </span>
    </p>
   </div>
   <div class='ocr_carea' id='block_1_79' title="bbox 2358 3410 3955 3485">
    <p class='ocr_par' dir='ltr' id='par_1_79' title="bbox 2358 3410 3955 3485">
     <span class='ocr_line' id='line_1_79' title="bbox 2358 3410 3955 3485; baseline 0.003 -21"><span class='ocrx_word' id='word_1_581' title='bbox 2358 3411 2459 3474; x_wconf 76' lang='grc' dir='ltr'>τῆς</span> <span class='ocrx_word' id='word_1_582' title='bbox 2484 3410 2590 3482; x_wconf 84' lang='grc' dir='ltr'>γῆς</span> <span class='ocrx_word' id='word_1_583' title='bbox 2621 3413 2914 3482; x_wconf 77' lang='grc' dir='ltr'>κουφίζων,</span> <span class='ocrx_word' id='word_1_584' title='bbox 2948 3410 3060 3466; x_wconf 72' lang='grc' dir='ltr'>εἴτε</span> <span class='ocrx_word' id='word_1_585' title='bbox 3101 3413 3221 3476; x_wconf 83' lang='grc' dir='ltr'>ταῖς</span> <span class='ocrx_word' id='word_1_586' title='bbox 3264 3413 3578 3484; x_wconf 78' lang='grc' dir='ltr'>ἀμοιϐαίαις</span> <span class='ocrx_word' id='word_1_587' title='bbox 3613 3413 3955 3485; x_wconf 76' lang='grc' dir='ltr'>ἐπιδράξεσι,</span> 
     </span>
    </p>
   </div>
   <div class='ocr_carea' id='block_1_80' title="bbox 2358 3499 3957 3580">
    <p class='ocr_par' dir='ltr' id='par_1_80' title="bbox 2358 3499 3957 3580">
     <span class='ocr_line' id='line_1_80' title="bbox 2358 3499 3957 3580; baseline 0.003 -25"><span class='ocrx_word' id='word_1_588' title='bbox 2358 3499 2510 3555; x_wconf 83' lang='grc' dir='ltr'>δοκεῖ</span> <span class='ocrx_word' id='word_1_589' title='bbox 2537 3503 2636 3573; x_wconf 75' lang='grc' dir='ltr'>μὲν</span> <span class='ocrx_word' id='word_1_590' title='bbox 2660 3502 2947 3557; x_wconf 82' lang='grc' dir='ltr'>καθέλκειν</span> <span class='ocrx_word' id='word_1_591' title='bbox 2972 3504 3071 3575; x_wconf 86' lang='grc' dir='ltr'>τὴν</span> <span class='ocrx_word' id='word_1_592' title='bbox 3097 3506 3302 3575; x_wconf 69' lang='grc' dir='ltr'>σειρὰν,</span> <span class='ocrx_word' id='word_1_593' title='bbox 3327 3505 3489 3569; x_wconf 85' lang='grc' dir='ltr'>αὐτὸς</span> <span class='ocrx_word' id='word_1_594' title='bbox 3511 3505 3568 3559; x_wconf 85' lang='grc' dir='ltr'><strong>δὲ</strong></span> <span class='ocrx_word' id='word_1_595' title='bbox 3594 3506 3793 3577; x_wconf 80' lang='grc' dir='ltr'>μᾶλλον</span> <span class='ocrx_word' id='word_1_596' title='bbox 3816 3508 3957 3580; x_wconf 83' lang='grc' dir='ltr'>πρὸς</span> 
     </span>
    </p>
   </div>
   <div class='ocr_carea' id='block_1_81' title="bbox 2362 3596 3957 3669">
    <p class='ocr_par' dir='ltr' id='par_1_81' title="bbox 2362 3596 3957 3669">
     <span class='ocr_line' id='line_1_81' title="bbox 2362 3596 3957 3669; baseline 0.004 -21"><span class='ocrx_word' id='word_1_597' title='bbox 2362 3596 2493 3666; x_wconf 74' lang='grc' dir='ltr'>ὕψος</span> <span class='ocrx_word' id='word_1_598' title='bbox 2526 3596 2738 3665; x_wconf 73' lang='grc' dir='ltr'>αἴρεται</span> <span class='ocrx_word' id='word_1_599' title='bbox 2764 3598 2839 3668; x_wconf 75' lang='grc' dir='ltr'>τῇ</span> <span class='ocrx_word' id='word_1_600' title='bbox 2872 3596 3014 3650; x_wconf 84' lang='grc' dir='ltr'><strong>κατά</strong></span> <span class='ocrx_word' id='word_1_601' title='bbox 3062 3597 3255 3669; x_wconf 83' lang='grc' dir='ltr'>μικρὸν</span> <span class='ocrx_word' id='word_1_602' title='bbox 3292 3597 3553 3654; x_wconf 73' lang='grc' dir='ltr'>ἀναϐάσει</span> <span class='ocrx_word' id='word_1_603' title='bbox 3578 3616 3590 3628; x_wconf 89' lang='grc'><strong>·</strong></span> <span class='ocrx_word' id='word_1_604' title='bbox 3618 3599 3762 3653; x_wconf 75' lang='grc' dir='ltr'>οὕτω</span> <span class='ocrx_word' id='word_1_605' title='bbox 3803 3601 3896 3654; x_wconf 82' lang='grc' dir='ltr'>καὶ</span> <span class='ocrx_word' id='word_1_606' title='bbox 3923 3603 3957 3656; x_wconf 81' lang='grc' dir='ltr'><strong>ὁ</strong></span> 
     </span>
    </p>
   </div>
   <div class='ocr_carea' id='block_1_82' title="bbox 2360 3674 3955 3768">
    <p class='ocr_par' dir='ltr' id='par_1_82' title="bbox 2360 3674 3955 3768">
     <span class='ocr_line' id='line_1_82' title="bbox 2360 3674 3955 3768; baseline 0.004 -27"><span class='ocrx_word' id='word_1_607' title='bbox 2360 3689 2593 3753; x_wconf 83' lang='grc' dir='ltr'>ἐκτενῶς</span> <span class='ocrx_word' id='word_1_608' title='bbox 2633 3690 3067 3760; x_wconf 89' lang='grc' dir='ltr'>προσευχόμενος</span> <span class='ocrx_word' id='word_1_609' title='bbox 3102 3690 3189 3744; x_wconf 78' lang='grc' dir='ltr'><strong>διὰ</strong></span> <span class='ocrx_word' id='word_1_610' title='bbox 3219 3690 3329 3743; x_wconf 87' lang='grc' dir='ltr'><strong>τῶν</strong></span> <span class='ocrx_word' id='word_1_611' title='bbox 3356 3674 3639 3767; x_wconf 81' lang='grc' dir='ltr'>πράξεων,</span> <span class='ocrx_word' id='word_1_612' title='bbox 3662 3692 3725 3757; x_wconf 75' lang='grc' dir='ltr'>ἃς</span> <span class='ocrx_word' id='word_1_613' title='bbox 3762 3697 3955 3768; x_wconf 82' lang='grc' dir='ltr'>χεῖρας</span> 
     </span>
    </p>
   </div>
   <div class='ocr_carea' id='block_1_83' title="bbox 2362 3779 3954 3860">
    <p class='ocr_par' dir='ltr' id='par_1_83' title="bbox 2362 3779 3954 3860">
     <span class='ocr_line' id='line_1_83' title="bbox 2362 3779 3954 3860; baseline 0.007 -26"><span class='ocrx_word' id='word_1_614' title='bbox 2362 3779 2535 3844; x_wconf 85' lang='grc' dir='ltr'>καλεῖ,</span> <span class='ocrx_word' id='word_1_615' title='bbox 2561 3782 2627 3853; x_wconf 80' lang='grc' dir='ltr'>τῇ</span> <span class='ocrx_word' id='word_1_616' title='bbox 2654 3782 2791 3836; x_wconf 85' lang='grc' dir='ltr'><strong>κατά</strong></span> <span class='ocrx_word' id='word_1_617' title='bbox 2822 3784 3014 3854; x_wconf 84' lang='grc' dir='ltr'>μικρὸν</span> <span class='ocrx_word' id='word_1_618' title='bbox 3038 3786 3267 3858; x_wconf 74' lang='grc' dir='ltr'>ἐργασίᾳ</span> <span class='ocrx_word' id='word_1_619' title='bbox 3293 3788 3387 3839; x_wconf 69' lang='grc' dir='ltr'><strong>καὶ</strong></span> <span class='ocrx_word' id='word_1_620' title='bbox 3411 3792 3686 3860; x_wconf 74' lang='grc' dir='ltr'>προσευχῇ</span> <span class='ocrx_word' id='word_1_621' title='bbox 3709 3790 3804 3844; x_wconf 84' lang='grc' dir='ltr'><strong>τὸν</strong></span> <span class='ocrx_word' id='word_1_622' title='bbox 3826 3790 3954 3845; x_wconf 86' lang='grc' dir='ltr'>νοῦν</span> 
     </span>
    </p>
   </div>
   <div class='ocr_carea' id='block_1_84' title="bbox 2362 3871 3953 3951">
    <p class='ocr_par' dir='ltr' id='par_1_84' title="bbox 2362 3871 3953 3951">
     <span class='ocr_line' id='line_1_84' title="bbox 2362 3871 3953 3951; baseline 0.004 -26"><span class='ocrx_word' id='word_1_623' title='bbox 2362 3871 2529 3925; x_wconf 84' lang='grc' dir='ltr'>αὐτοῦ</span> <span class='ocrx_word' id='word_1_624' title='bbox 2556 3872 2878 3942; x_wconf 62' lang='grc' dir='ltr'>ἀντιλέγεται</span> <span class='ocrx_word' id='word_1_625' title='bbox 2909 3874 3045 3947; x_wconf 81' lang='grc' dir='ltr'>πρὸς</span> <span class='ocrx_word' id='word_1_626' title='bbox 3073 3874 3224 3930; x_wconf 83' lang='grc' dir='ltr'>Θεόν.</span> <span class='ocrx_word' id='word_1_627' title='bbox 3256 3876 3484 3933; x_wconf 61' lang='grc' dir='ltr'>,Ἐὰνδέ</span> <span class='ocrx_word' id='word_1_628' title='bbox 3504 3875 3608 3941; x_wconf 58' lang='lat' dir='ltr'><strong>ea;</strong></span> <span class='ocrx_word' id='word_1_629' title='bbox 3631 3880 3821 3949; x_wconf 77' lang='grc' dir='ltr'>χεῖρας</span> <span class='ocrx_word' id='word_1_630' title='bbox 3850 3879 3953 3951; x_wconf 76' lang='grc' dir='ltr'>τῆς</span> 
     </span>
    </p>
   </div>
   <div class='ocr_carea' id='block_1_85' title="bbox 2362 3954 3949 4040">
    <p class='ocr_par' dir='ltr' id='par_1_85' title="bbox 2362 3954 3949 4040">
     <span class='ocr_line' id='line_1_85' title="bbox 2362 3954 3949 4040; baseline 0.006 -26"><span class='ocrx_word' id='word_1_631' title='bbox 2362 3964 2548 4033; x_wconf 77' lang='grc' dir='ltr'>σειρᾶς</span> <span class='ocrx_word' id='word_1_632' title='bbox 2573 3964 2933 4035; x_wconf 76' lang='grc' dir='ltr'>ἀπολύσωμεν</span> <span class='ocrx_word' id='word_1_633' title='bbox 2960 3954 3306 4039; x_wconf 77' lang='grc' dir='ltr'>ἀναγόμενοι,</span> <span class='ocrx_word' id='word_1_634' title='bbox 3338 3968 3613 4039; x_wconf 85' lang='grc' dir='ltr'>πίπτομεν</span> <span class='ocrx_word' id='word_1_635' title='bbox 3648 3968 3705 4036; x_wconf 81' lang='grc' dir='ltr'>ἐξ</span> <span class='ocrx_word' id='word_1_636' title='bbox 3741 3969 3911 4040; x_wconf 75' lang='grc' dir='ltr'>ὕψους</span> <span class='ocrx_word' id='word_1_637' title='bbox 3930 3988 3949 4003; x_wconf 79' lang='grc' dir='ltr'><strong>ο</strong></span> 
     </span>
    </p>
   </div>
   <div class='ocr_carea' id='block_1_86' title="bbox 2361 4054 3948 4133">
    <p class='ocr_par' dir='ltr' id='par_1_86' title="bbox 2361 4054 3948 4133">
     <span class='ocr_line' id='line_1_86' title="bbox 2361 4054 3948 4133; baseline 0.006 -26"><span class='ocrx_word' id='word_1_638' title='bbox 2361 4058 2415 4107; x_wconf 73' lang='grc' dir='ltr'>ὲν</span> <span class='ocrx_word' id='word_1_639' title='bbox 2440 4055 2548 4129; x_wconf 88' lang='grc' dir='ltr'>γὰρ</span> <span class='ocrx_word' id='word_1_640' title='bbox 2568 4054 2645 4127; x_wconf 82' lang='grc' dir='ltr'>τῷ</span> <span class='ocrx_word' id='word_1_641' title='bbox 2666 4056 2960 4126; x_wconf 82' lang='grc' dir='ltr'>ἀνάγεσθαι</span> <span class='ocrx_word' id='word_1_642' title='bbox 2989 4058 3084 4112; x_wconf 83' lang='grc' dir='ltr'>καὶ</span> <span class='ocrx_word' id='word_1_643' title='bbox 3103 4058 3199 4113; x_wconf 89' lang='grc' dir='ltr'><strong>τοῦ</strong></span> <span class='ocrx_word' id='word_1_644' title='bbox 3230 4060 3364 4114; x_wconf 84' lang='grc' dir='ltr'>Θεοῦ</span> <span class='ocrx_word' id='word_1_645' title='bbox 3387 4060 3677 4132; x_wconf 82' lang='grc' dir='ltr'>ὀφείλομεν</span> <span class='ocrx_word' id='word_1_646' title='bbox 3706 4059 3948 4133; x_wconf 75' lang='grc' dir='ltr'>ἔχεσθαι.</span> 
     </span>
    </p>
   </div>
   <div class='ocr_carea' id='block_1_87' title="bbox 2361 4150 3953 4227">
    <p class='ocr_par' dir='ltr' id='par_1_87' title="bbox 2361 4150 3953 4227">
     <span class='ocr_line' id='line_1_87' title="bbox 2361 4150 3953 4227; baseline 0.004 -25"><span class='ocrx_word' id='word_1_647' title='bbox 2361 4150 2434 4203; x_wconf 84' lang='grc' dir='ltr'><strong>Τὸ</strong></span> <span class='ocrx_word' id='word_1_648' title='bbox 2466 4150 2597 4203; x_wconf 85' lang='grc' dir='ltr'>αὐτὸ</span> <span class='ocrx_word' id='word_1_649' title='bbox 2625 4150 2717 4203; x_wconf 75' lang='grc' dir='ltr'>καὶ</span> <span class='ocrx_word' id='word_1_650' title='bbox 2749 4152 2876 4221; x_wconf 78' lang='grc' dir='ltr'>περὶ</span> <span class='ocrx_word' id='word_1_651' title='bbox 2914 4152 3013 4223; x_wconf 82' lang='grc' dir='ltr'>τῆς</span> <span class='ocrx_word' id='word_1_652' title='bbox 3047 4152 3196 4222; x_wconf 84' lang='grc' dir='ltr'>νηὸς,</span> <span class='ocrx_word' id='word_1_653' title='bbox 3228 4153 3317 4207; x_wconf 77' lang='grc' dir='ltr'>ἵνα</span> <span class='ocrx_word' id='word_1_654' title='bbox 3348 4154 3629 4225; x_wconf 72' lang='grc' dir='ltr'>νοήσωμεν</span> <span class='ocrx_word' id='word_1_655' title='bbox 3671 4154 3806 4209; x_wconf 93' lang='grc' dir='ltr'>ναῦν</span> <span class='ocrx_word' id='word_1_656' title='bbox 3844 4156 3953 4227; x_wconf 74' lang='grc' dir='ltr'>τὴν</span> 
     </span>
    </p>
   </div>
   <div class='ocr_carea' id='block_1_88' title="bbox 2360 4243 3948 4319">
    <p class='ocr_par' dir='ltr' id='par_1_88' title="bbox 2360 4243 3948 4319">
     <span class='ocr_line' id='line_1_88' title="bbox 2360 4243 3948 4319; baseline 0.004 -23"><span class='ocrx_word' id='word_1_657' title='bbox 2360 4243 2515 4314; x_wconf 80' lang='grc' dir='ltr'>ἡμῶν</span> <span class='ocrx_word' id='word_1_658' title='bbox 2553 4244 2807 4306; x_wconf 83' lang='grc' dir='ltr'>διάνοιαν,</span> <span class='ocrx_word' id='word_1_659' title='bbox 2855 4244 3211 4316; x_wconf 75' lang='grc' dir='ltr'>ριπιζομένην</span> <span class='ocrx_word' id='word_1_660' title='bbox 3250 4248 3362 4310; x_wconf 81' lang='grc' dir='ltr'>τοῖς</span> <span class='ocrx_word' id='word_1_661' title='bbox 3398 4247 3496 4301; x_wconf 88' lang='grc' dir='ltr'><strong>τοῦ</strong></span> <span class='ocrx_word' id='word_1_662' title='bbox 3534 4247 3653 4319; x_wconf 88' lang='grc' dir='ltr'>βίου</span> <span class='ocrx_word' id='word_1_663' title='bbox 3682 4248 3904 4319; x_wconf 82' lang='grc' dir='ltr'>ἀνέμοις</span> <span class='ocrx_word' id='word_1_664' title='bbox 3929 4266 3948 4280; x_wconf 86' lang='grc'><strong>·</strong></span> 
     </span>
    </p>
   </div>
   <div class='ocr_carea' id='block_1_89' title="bbox 2361 4336 3950 4413">
    <p class='ocr_par' dir='ltr' id='par_1_89' title="bbox 2361 4336 3950 4413">
     <span class='ocr_line' id='line_1_89' title="bbox 2361 4336 3950 4413; baseline 0.004 -25"><span class='ocrx_word' id='word_1_665' title='bbox 2361 4336 2632 4391; x_wconf 83' lang='grc' dir='ltr'>θάλασσαν</span> <span class='ocrx_word' id='word_1_666' title='bbox 2677 4336 2733 4390; x_wconf 82' lang='grc' dir='ltr'>δὲ</span> <span class='ocrx_word' id='word_1_667' title='bbox 2768 4337 2863 4391; x_wconf 76' lang='grc' dir='ltr'><strong>τὸν</strong></span> <span class='ocrx_word' id='word_1_668' title='bbox 2888 4336 3018 4411; x_wconf 22' lang='grc' dir='ltr'>,βίον</span> <span class='ocrx_word' id='word_1_669' title='bbox 3057 4338 3218 4391; x_wconf 80' lang='grc' dir='ltr'>αὐτὸν</span> <span class='ocrx_word' id='word_1_670' title='bbox 3248 4339 3485 4411; x_wconf 78' lang='grc' dir='ltr'>γέμοντα</span> <span class='ocrx_word' id='word_1_671' title='bbox 3514 4340 3723 4394; x_wconf 86' lang='grc' dir='ltr'>πολλῶν</span> <span class='ocrx_word' id='word_1_672' title='bbox 3746 4338 3950 4413; x_wconf 81' lang='grc' dir='ltr'>χειμώ-</span> 
     </span>
    </p>
   </div>
   <div class='ocr_carea' id='block_1_90' title="bbox 2360 4429 3949 4503">
    <p class='ocr_par' dir='ltr' id='par_1_90' title="bbox 2360 4429 3949 4503">
     <span class='ocr_line' id='line_1_90' title="bbox 2360 4429 3949 4503; baseline 0.004 -20"><span class='ocrx_word' id='word_1_673' title='bbox 2360 4447 2463 4483; x_wconf 89' lang='grc' dir='ltr'>νων</span> <span class='ocrx_word' id='word_1_674' title='bbox 2486 4447 2499 4460; x_wconf 89' lang='grc'><strong>·</strong></span> <span class='ocrx_word' id='word_1_675' title='bbox 2528 4430 2731 4502; x_wconf 79' lang='grc' dir='ltr'>πέτραν</span> <span class='ocrx_word' id='word_1_676' title='bbox 2752 4430 2808 4483; x_wconf 87' lang='grc' dir='ltr'>δὲ</span> <span class='ocrx_word' id='word_1_677' title='bbox 2836 4429 2927 4483; x_wconf 82' lang='grc' dir='ltr'><strong>τὸν</strong></span> <span class='ocrx_word' id='word_1_678' title='bbox 2955 4430 3207 4501; x_wconf 81' lang='grc' dir='ltr'>Χριστὸν,</span> <span class='ocrx_word' id='word_1_679' title='bbox 3231 4432 3291 4485; x_wconf 83' lang='grc' dir='ltr'>ὃν</span> <span class='ocrx_word' id='word_1_680' title='bbox 3312 4432 3636 4503; x_wconf 80' lang='grc' dir='ltr'>κρατοῦντες</span> <span class='ocrx_word' id='word_1_681' title='bbox 3660 4434 3949 4489; x_wconf 82' lang='grc' dir='ltr'>ἀσάλευτοι</span> 
     </span>
    </p>
   </div>
   <div class='ocr_carea' id='block_1_91' title="bbox 2358 4518 3949 4597">
    <p class='ocr_par' dir='ltr' id='par_1_91' title="bbox 2358 4518 3949 4597">
     <span class='ocr_line' id='line_1_91' title="bbox 2358 4518 3949 4597; baseline 0.005 -25"><span class='ocrx_word' id='word_1_682' title='bbox 2358 4520 2682 4591; x_wconf 83' lang='grc' dir='ltr'>διαμένομεν</span> <span class='ocrx_word' id='word_1_683' title='bbox 2700 4561 2714 4581; x_wconf 91' lang='grc'><strong>,</strong></span> <span class='ocrx_word' id='word_1_684' title='bbox 2758 4520 2893 4590; x_wconf 83' lang='grc' dir='ltr'>πρὸς</span> <span class='ocrx_word' id='word_1_685' title='bbox 2924 4520 3083 4574; x_wconf 81' lang='grc' dir='ltr'>αὐτὸν</span> <span class='ocrx_word' id='word_1_686' title='bbox 3116 4522 3207 4573; x_wconf 89' lang='grc' dir='ltr'>τὸν</span> <span class='ocrx_word' id='word_1_687' title='bbox 3234 4522 3347 4592; x_wconf 87' lang='grc' dir='ltr'>βίον</span> <span class='ocrx_word' id='word_1_688' title='bbox 3369 4523 3529 4595; x_wconf 82' lang='grc' dir='ltr'>ἡμῶν</span> <span class='ocrx_word' id='word_1_689' title='bbox 3555 4518 3695 4579; x_wconf 87' lang='grc' dir='ltr'><strong>κατά</strong></span> <span class='ocrx_word' id='word_1_690' title='bbox 3719 4525 3817 4597; x_wconf 81' lang='grc' dir='ltr'>τὴν</span> <span class='ocrx_word' id='word_1_691' title='bbox 3844 4542 3949 4579; x_wconf 78' lang='grc' dir='ltr'>πο-</span> 
     </span>
    </p>
   </div>
   <div class='ocr_carea' id='block_1_92' title="bbox 2358 4608 3948 4697">
    <p class='ocr_par' dir='ltr' id='par_1_92' title="bbox 2358 4608 3948 4697">
     <span class='ocr_line' id='line_1_92' title="bbox 2358 4608 3948 4697; baseline 0.006 -37"><span class='ocrx_word' id='word_1_692' title='bbox 2358 4608 2561 4661; x_wconf 90' lang='grc' dir='ltr'>λιτείαν</span> <span class='ocrx_word' id='word_1_693' title='bbox 2607 4608 2877 4671; x_wconf 71' lang='grc' dir='ltr'>ἕλκοντες.</span> <span class='ocrx_word' id='word_1_694' title='bbox 2920 4608 3011 4661; x_wconf 85' lang='grc' dir='ltr'>Διὸ</span> <span class='ocrx_word' id='word_1_695' title='bbox 3058 4611 3151 4662; x_wconf 75' lang='grc' dir='ltr'>καὶ</span> <span class='ocrx_word' id='word_1_696' title='bbox 3205 4612 3311 4682; x_wconf 81' lang='grc' dir='ltr'><strong>πρὸ</strong></span> <span class='ocrx_word' id='word_1_697' title='bbox 3355 4613 3554 4677; x_wconf 70' lang='grc' dir='ltr'><strong>⁴ιυτιντὸς</strong></span> <span class='ocrx_word' id='word_1_698' title='bbox 3600 4616 3948 4697; x_wconf 62' lang='grc' dir='ltr'>πράγματος,</span> 
     </span>
    </p>
   </div>
   <div class='ocr_carea' id='block_1_93' title="bbox 683 4697 2260 4779">
    <p class='ocr_par' dir='ltr' id='par_1_93' title="bbox 683 4697 2260 4765">
     <span class='ocr_line' id='line_1_93' title="bbox 683 4697 2260 4765; baseline -0.008 -2"><span class='ocrx_word' id='word_1_699' title='bbox 683 4708 935 4763; x_wconf 82' lang='lat' dir='ltr'><strong>oratione</strong></span> <span class='ocrx_word' id='word_1_700' title='bbox 963 4702 1327 4760; x_wconf 88' lang='lat' dir='ltr'><strong>inchoandum</strong></span> <span class='ocrx_word' id='word_1_701' title='bbox 1352 4711 1456 4765; x_wconf 89' lang='lat' dir='ltr'><strong>est,</strong></span> <span class='ocrx_word' id='word_1_702' title='bbox 1490 4715 1596 4755; x_wconf 93' lang='lat' dir='ltr'><strong>non</strong></span> <span class='ocrx_word' id='word_1_703' title='bbox 1622 4708 1677 4754; x_wconf 91' lang='lat' dir='ltr'><strong>ut</strong></span> <span class='ocrx_word' id='word_1_704' title='bbox 1709 4698 1776 4752; x_wconf 90' lang='lat' dir='ltr'><strong>ad</strong></span> <span class='ocrx_word' id='word_1_705' title='bbox 1802 4712 1899 4753; x_wconf 91' lang='lat' dir='ltr'><strong>nos</strong></span> <span class='ocrx_word' id='word_1_706' title='bbox 1922 4697 2260 4751; x_wconf 89' lang='lat' dir='ltr'><strong>attrahamus</strong></span> 
     </span>
    </p>
   </div>
   <div class='ocr_carea' id='block_1_94' title="bbox 2363 4697 3948 4779">
    <p class='ocr_par' dir='ltr' id='par_1_94' title="bbox 2368 4698 3948 4779">
     <span class='ocr_line' id='line_1_94' title="bbox 2368 4698 3948 4779; baseline 0.006 -28"><span class='ocrx_word' id='word_1_707' title='bbox 2368 4698 2566 4773; x_wconf 82' lang='grc' dir='ltr'>μᾶλλον</span> <span class='ocrx_word' id='word_1_708' title='bbox 2606 4700 2663 4754; x_wconf 86' lang='grc' dir='ltr'>δὲ</span> <span class='ocrx_word' id='word_1_709' title='bbox 2702 4700 2801 4771; x_wconf 82' lang='grc' dir='ltr'>τῆς</span> <span class='ocrx_word' id='word_1_710' title='bbox 2828 4700 3121 4771; x_wconf 88' lang='grc' dir='ltr'>θεολογίας,</span> <span class='ocrx_word' id='word_1_711' title='bbox 3150 4701 3231 4754; x_wconf 82' lang='grc' dir='ltr'><strong>δεῖ</strong></span> <span class='ocrx_word' id='word_1_712' title='bbox 3269 4703 3609 4776; x_wconf 81' lang='grc' dir='ltr'>ἀπάρχεσθαι</span> <span class='ocrx_word' id='word_1_713' title='bbox 3628 4705 3726 4778; x_wconf 81' lang='grc' dir='ltr'>τῆς</span> <span class='ocrx_word' id='word_1_714' title='bbox 3755 4707 3948 4779; x_wconf 81' lang='grc' dir='ltr'>εὐχῆς,</span> 
     </span>
    </p>
   </div>
   <div class='ocr_carea' id='block_1_95' title="bbox 683 4796 2259 4871">
    <p class='ocr_par' dir='ltr' id='par_1_95' title="bbox 683 4796 2259 4871">
     <span class='ocr_line' id='line_1_95' title="bbox 683 4796 2259 4871; baseline -0.006 -17"><span class='ocrx_word' id='word_1_715' title='bbox 683 4801 946 4871; x_wconf 85' lang='lat' dir='ltr'><strong>virtutem</strong></span> <span class='ocrx_word' id='word_1_716' title='bbox 997 4797 1171 4863; x_wconf 88' lang='lat' dir='ltr'><strong>illam,</strong></span> <span class='ocrx_word' id='word_1_717' title='bbox 1201 4809 1325 4867; x_wconf 74' lang='lat' dir='ltr'><strong>quae</strong></span> <span class='ocrx_word' id='word_1_718' title='bbox 1355 4796 1557 4864; x_wconf 89' lang='lat' dir='ltr'><strong>ubique</strong></span> <span class='ocrx_word' id='word_1_719' title='bbox 1602 4802 1660 4848; x_wconf 88' lang='lat' dir='ltr'><strong>et</strong></span> <span class='ocrx_word' id='word_1_720' title='bbox 1705 4806 1975 4862; x_wconf 86' lang='lat' dir='ltr'><strong>nusquam</strong></span> <span class='ocrx_word' id='word_1_721' title='bbox 2015 4805 2259 4862; x_wconf 63' lang='lat' dir='ltr'><strong>praesens</strong></span> 
     </span>
    </p>
   </div>
   <div class='ocr_carea' id='block_1_96' title="bbox 686 4883 2255 4964">
    <p class='ocr_par' dir='ltr' id='par_1_96' title="bbox 686 4883 2255 4964">
     <span class='ocr_line' id='line_1_96' title="bbox 686 4883 2255 4964; baseline -0.01 -13"><span class='ocrx_word' id='word_1_722' title='bbox 686 4903 773 4951; x_wconf 88' lang='lat' dir='ltr'><strong>est</strong></span> <span class='ocrx_word' id='word_1_723' title='bbox 828 4892 1003 4964; x_wconf 89' lang='lat' dir='ltr'><strong>(adest</strong></span> <span class='ocrx_word' id='word_1_724' title='bbox 1044 4888 1187 4945; x_wconf 90' lang='lat' dir='ltr'><strong>enim</strong></span> <span class='ocrx_word' id='word_1_725' title='bbox 1238 4886 1455 4956; x_wconf 64' lang='lat' dir='ltr'><strong>ubique,</strong></span> <span class='ocrx_word' id='word_1_726' title='bbox 1506 4886 1632 4961; x_wconf 87' lang='lat' dir='ltr'><strong>quia</strong></span> <span class='ocrx_word' id='word_1_727' title='bbox 1675 4892 1929 4954; x_wconf 88' lang='lat' dir='ltr'><strong>penetrat</strong></span> <span class='ocrx_word' id='word_1_728' title='bbox 1980 4883 2255 4948; x_wconf 81' lang='lat' dir='ltr'><strong>universa,</strong></span> 
     </span>
    </p>
   </div>
   <div class='ocr_carea' id='block_1_97' title="bbox 687 4973 2259 5053">
    <p class='ocr_par' dir='ltr' id='par_1_97' title="bbox 687 4973 2259 5053">
     <span class='ocr_line' id='line_1_97' title="bbox 687 4973 2259 5053; baseline -0.007 -15"><span class='ocrx_word' id='word_1_729' title='bbox 687 4995 951 5053; x_wconf 81' lang='lat' dir='ltr'><strong>nusquam</strong></span> <span class='ocrx_word' id='word_1_730' title='bbox 997 4993 1128 5033; x_wconf 90' lang='lat' dir='ltr'><strong>vero</strong></span> <span class='ocrx_word' id='word_1_731' title='bbox 1168 4976 1341 5043; x_wconf 83' lang='lat' dir='ltr'><strong>adest,</strong></span> <span class='ocrx_word' id='word_1_732' title='bbox 1375 4974 1631 5045; x_wconf 87' lang='lat' dir='ltr'><strong>quoniam</strong></span> <span class='ocrx_word' id='word_1_733' title='bbox 1676 4973 1857 5029; x_wconf 86' lang='lat' dir='ltr'><strong>nuilns</strong></span> <span class='ocrx_word' id='word_1_734' title='bbox 1888 4974 2035 5030; x_wconf 88' lang='lat' dir='ltr'><strong>locus</strong></span> <span class='ocrx_word' id='word_1_735' title='bbox 2062 4974 2259 5044; x_wconf 91' lang='lat' dir='ltr'><strong>dignus</strong></span> 
     </span>
    </p>
   </div>
   <div class='ocr_carea' id='block_1_98' title="bbox 686 5066 2259 5142">
    <p class='ocr_par' dir='ltr' id='par_1_98' title="bbox 686 5066 2259 5142">
     <span class='ocr_line' id='line_1_98' title="bbox 686 5066 2259 5142; baseline -0.004 -14"><span class='ocrx_word' id='word_1_736' title='bbox 686 5082 775 5128; x_wconf 88' lang='lat' dir='ltr'><strong>est</strong></span> <span class='ocrx_word' id='word_1_737' title='bbox 808 5072 926 5142; x_wconf 85' lang='lat' dir='ltr'><strong>ejus</strong></span> <span class='ocrx_word' id='word_1_738' title='bbox 961 5070 1254 5140; x_wconf 82' lang='lat' dir='ltr'><strong>requiete),</strong></span> <span class='ocrx_word' id='word_1_739' title='bbox 1283 5068 1373 5123; x_wconf 87' lang='lat' dir='ltr'><strong>sed</strong></span> <span class='ocrx_word' id='word_1_740' title='bbox 1411 5078 1470 5122; x_wconf 90' lang='lat' dir='ltr'><strong>ut</strong></span> <span class='ocrx_word' id='word_1_741' title='bbox 1500 5084 1597 5123; x_wconf 90' lang='lat' dir='ltr'><strong>nos</strong></span> <span class='ocrx_word' id='word_1_742' title='bbox 1634 5066 1736 5136; x_wconf 80' lang='lat' dir='ltr'><strong>ipsi</strong></span> <span class='ocrx_word' id='word_1_743' title='bbox 1766 5066 2086 5131; x_wconf 82' lang='lat' dir='ltr'><strong>excitemus,</strong></span> <span class='ocrx_word' id='word_1_744' title='bbox 2120 5068 2259 5122; x_wconf 88' lang='lat' dir='ltr'><strong>Deo-</strong></span> 
     </span>
    </p>
   </div>
   <div class='ocr_carea' id='block_1_99' title="bbox 690 5160 2259 5237">
    <p class='ocr_par' dir='ltr' id='par_1_99' title="bbox 690 5160 2259 5237">
     <span class='ocr_line' id='line_1_99' title="bbox 690 5160 2259 5237; baseline -0.003 -18"><span class='ocrx_word' id='word_1_745' title='bbox 690 5180 796 5237; x_wconf 90' lang='lat' dir='ltr'><strong>que</strong></span> <span class='ocrx_word' id='word_1_746' title='bbox 852 5163 1242 5235; x_wconf 83' lang='lat' dir='ltr'><strong>conjungamus</strong></span> <span class='ocrx_word' id='word_1_747' title='bbox 1299 5162 1497 5219; x_wconf 88' lang='lat' dir='ltr'><strong>divinis</strong></span> <span class='ocrx_word' id='word_1_748' title='bbox 1549 5160 2159 5217; x_wconf 73' lang='lat' dir='ltr'><strong>commemorationibus</strong></span> <span class='ocrx_word' id='word_1_749' title='bbox 2202 5172 2259 5215; x_wconf 90' lang='lat' dir='ltr'><strong>et</strong></span> 
     </span>
    </p>
   </div>
   <div class='ocr_carea' id='block_1_100' title="bbox 688 5256 1146 5315">
    <p class='ocr_par' dir='ltr' id='par_1_100' title="bbox 688 5256 1146 5315">
     <span class='ocr_line' id='line_1_100' title="bbox 688 5256 1146 5315; baseline -0.007 -1"><span class='ocrx_word' id='word_1_750' title='bbox 688 5256 1146 5315; x_wconf 78' lang='lat' dir='ltr'><strong>invocationibus.</strong></span> 
     </span>
    </p>
   </div>
   <div class='ocr_carea' id='block_1_101' title="bbox 752 5343 2260 5421">
    <p class='ocr_par' dir='ltr' id='par_1_101' title="bbox 752 5343 2260 5421">
     <span class='ocr_line' id='line_1_101' title="bbox 752 5343 2260 5421; baseline -0.001 -20"><span class='ocrx_word' id='word_1_751' title='bbox 752 5348 790 5421; x_wconf 68' lang='grc' dir='ltr'><strong>-ε</strong></span> <span class='ocrx_word' id='word_1_752' title='bbox 835 5345 901 5401; x_wconf 87' lang='lat' dir='ltr'><strong>ll.</strong></span> <span class='ocrx_word' id='word_1_753' title='bbox 953 5347 1131 5418; x_wconf 80' lang='lat' dir='ltr'><strong>Atque</strong></span> <span class='ocrx_word' id='word_1_754' title='bbox 1174 5348 1264 5403; x_wconf 85' lang='lat' dir='ltr'><strong>hic</strong></span> <span class='ocrx_word' id='word_1_755' title='bbox 1311 5345 1548 5407; x_wconf 84' lang='lat' dir='ltr'><strong>fortasse</strong></span> <span class='ocrx_word' id='word_1_756' title='bbox 1589 5344 1751 5402; x_wconf 83' lang='lat' dir='ltr'><strong>nobis</strong></span> <span class='ocrx_word' id='word_1_757' title='bbox 1796 5343 2070 5401; x_wconf 85' lang='lat' dir='ltr'><strong>reddenda</strong></span> <span class='ocrx_word' id='word_1_758' title='bbox 2122 5345 2260 5401; x_wconf 87' lang='lat' dir='ltr'><strong>ratio</strong></span> 
     </span>
    </p>
   </div>
   <div class='ocr_carea' id='block_1_102' title="bbox 688 5438 2262 5511">
    <p class='ocr_par' dir='ltr' id='par_1_102' title="bbox 688 5438 2262 5511">
     <span class='ocr_line' id='line_1_102' title="bbox 688 5438 2262 5511; baseline -0.005 -12"><span class='ocrx_word' id='word_1_759' title='bbox 688 5443 780 5503; x_wconf 77' lang='lat' dir='ltr'><strong>sit.</strong></span> <span class='ocrx_word' id='word_1_760' title='bbox 808 5456 927 5505; x_wconf 89' lang='lat' dir='ltr'><strong>cur,</strong></span> <span class='ocrx_word' id='word_1_761' title='bbox 957 5455 1080 5495; x_wconf 87' lang='lat' dir='ltr'><strong>cum</strong></span> <span class='ocrx_word' id='word_1_762' title='bbox 1110 5439 1342 5511; x_wconf 86' lang='lat' dir='ltr'><strong>inclytus</strong></span> <span class='ocrx_word' id='word_1_763' title='bbox 1372 5438 1699 5495; x_wconf 86' lang='lat' dir='ltr'><strong>Hierotheus</strong></span> <span class='ocrx_word' id='word_1_764' title='bbox 1733 5438 2029 5508; x_wconf 81' lang='lat' dir='ltr'><strong>theologica</strong></span> <span class='ocrx_word' id='word_1_765' title='bbox 2059 5438 2262 5508; x_wconf 88' lang='lat' dir='ltr'><strong>princi-</strong></span> 
     </span>
    </p>
   </div>
   <div class='ocr_carea' id='block_1_103' title="bbox 691 5532 2259 5606">
    <p class='ocr_par' dir='ltr' id='par_1_103' title="bbox 691 5532 2259 5606">
     <span class='ocr_line' id='line_1_103' title="bbox 691 5532 2259 5606; baseline -0.001 -17"><span class='ocrx_word' id='word_1_766' title='bbox 691 5536 778 5606; x_wconf 80' lang='lat' dir='ltr'><strong>pia</strong></span> <span class='ocrx_word' id='word_1_767' title='bbox 821 5533 1124 5605; x_wconf 85' lang='lat' dir='ltr'><strong>collegerit,</strong></span> <span class='ocrx_word' id='word_1_768' title='bbox 1168 5548 1288 5599; x_wconf 87' lang='lat' dir='ltr'><strong>nos,</strong></span> <span class='ocrx_word' id='word_1_769' title='bbox 1333 5534 1492 5605; x_wconf 88' lang='lat' dir='ltr'><strong>quasi</strong></span> <span class='ocrx_word' id='word_1_770' title='bbox 1545 5533 1632 5587; x_wconf 80' lang='lat' dir='ltr'><strong>illa</strong></span> <span class='ocrx_word' id='word_1_771' title='bbox 1688 5548 1791 5588; x_wconf 90' lang='lat' dir='ltr'><strong>non</strong></span> <span class='ocrx_word' id='word_1_772' title='bbox 1826 5532 2155 5598; x_wconf 68' lang='lat' dir='ltr'><strong>sufficerent,</strong></span> <span class='ocrx_word' id='word_1_773' title='bbox 2184 5534 2259 5588; x_wconf 92' lang='lat' dir='ltr'><strong>uti</strong></span> 
     </span>
    </p>
   </div>
   <div class='ocr_carea' id='block_1_104' title="bbox 690 5626 2257 5697">
    <p class='ocr_par' dir='ltr' id='par_1_104' title="bbox 690 5626 2257 5697">
     <span class='ocr_line' id='line_1_104' title="bbox 690 5626 2257 5697; baseline -0.002 -13"><span class='ocrx_word' id='word_1_774' title='bbox 690 5628 795 5684; x_wconf 85' lang='lat' dir='ltr'><strong>alia</strong></span> <span class='ocrx_word' id='word_1_775' title='bbox 844 5627 1139 5697; x_wconf 84' lang='lat' dir='ltr'><strong>opuscula,</strong></span> <span class='ocrx_word' id='word_1_776' title='bbox 1183 5626 1264 5683; x_wconf 85' lang='lat' dir='ltr'><strong>sic</strong></span> <span class='ocrx_word' id='word_1_777' title='bbox 1308 5636 1363 5683; x_wconf 91' lang='lat' dir='ltr'><strong>et</strong></span> <span class='ocrx_word' id='word_1_778' title='bbox 1408 5636 1729 5697; x_wconf 65' lang='lat' dir='ltr'><strong>praesentem</strong></span> <span class='ocrx_word' id='word_1_779' title='bbox 1774 5628 1917 5683; x_wconf 90' lang='lat' dir='ltr'><strong>hunc</strong></span> <span class='ocrx_word' id='word_1_780' title='bbox 1968 5636 2257 5681; x_wconf 87' lang='lat' dir='ltr'><strong>tractatum</strong></span> 
     </span>
    </p>
   </div>
   <div class='ocr_carea' id='block_1_105' title="bbox 2361 4791 3950 4872">
    <p class='ocr_par' dir='ltr' id='par_1_105' title="bbox 2361 4791 3950 4872">
     <span class='ocr_line' id='line_1_105' title="bbox 2361 4791 3950 4872; baseline 0.007 -26"><span class='ocrx_word' id='word_1_781' title='bbox 2361 4793 2459 4864; x_wconf 90' lang='grc' dir='ltr'><strong>οὐχ</strong></span> <span class='ocrx_word' id='word_1_782' title='bbox 2504 4794 2592 4847; x_wconf 73' lang='grc' dir='ltr'>ἵνα</span> <span class='ocrx_word' id='word_1_783' title='bbox 2632 4791 2984 4864; x_wconf 82' lang='grc' dir='ltr'>ἐφελξώμεθα</span> <span class='ocrx_word' id='word_1_784' title='bbox 3021 4795 3121 4866; x_wconf 82' lang='grc' dir='ltr'>τὴν</span> <span class='ocrx_word' id='word_1_785' title='bbox 3160 4794 3477 4868; x_wconf 83' lang='grc' dir='ltr'>ἁπανταχοῦ</span> <span class='ocrx_word' id='word_1_786' title='bbox 3528 4799 3807 4872; x_wconf 79' lang='grc' dir='ltr'>παροῦσαν</span> <span class='ocrx_word' id='word_1_787' title='bbox 3849 4803 3950 4857; x_wconf 76' lang='grc' dir='ltr'>καὶ</span> 
     </span>
    </p>
   </div>
   <div class='ocr_carea' id='block_1_106' title="bbox 2362 4881 3950 4962">
    <p class='ocr_par' dir='ltr' id='par_1_106' title="bbox 2362 4881 3950 4962">
     <span class='ocr_line' id='line_1_106' title="bbox 2362 4881 3950 4962; baseline 0.008 -27"><span class='ocrx_word' id='word_1_788' title='bbox 2362 4881 2599 4955; x_wconf 87' lang='grc' dir='ltr'>οὐδαμοῦ</span> <span class='ocrx_word' id='word_1_789' title='bbox 2637 4883 2884 4956; x_wconf 80' lang='grc' dir='ltr'>δύναμιν,</span> <span class='ocrx_word' id='word_1_790' title='bbox 2919 4886 3173 4959; x_wconf 81' lang='grc' dir='ltr'>(πάρεστι</span> <span class='ocrx_word' id='word_1_791' title='bbox 3206 4887 3314 4961; x_wconf 81' lang='grc' dir='ltr'>γὰρ</span> <span class='ocrx_word' id='word_1_792' title='bbox 3350 4889 3647 4962; x_wconf 86' lang='grc' dir='ltr'>πανταχοῦ,</span> <span class='ocrx_word' id='word_1_793' title='bbox 3687 4890 3770 4945; x_wconf 81' lang='grc' dir='ltr'>ὅτι</span> <span class='ocrx_word' id='word_1_794' title='bbox 3808 4894 3950 4949; x_wconf 74' lang='grc' dir='ltr'>πᾶσι</span> 
     </span>
    </p>
   </div>
   <div class='ocr_carea' id='block_1_107' title="bbox 2361 4976 3947 5061">
    <p class='ocr_par' dir='ltr' id='par_1_107' title="bbox 2361 4976 3947 5061">
     <span class='ocr_line' id='line_1_107' title="bbox 2361 4976 3947 5061; baseline 0.008 -33"><span class='ocrx_word' id='word_1_795' title='bbox 2361 4976 2559 5048; x_wconf 84' lang='grc' dir='ltr'>διήκει,</span> <span class='ocrx_word' id='word_1_796' title='bbox 2586 4976 2820 5049; x_wconf 81' lang='grc' dir='ltr'>οὐδαμοῦ</span> <span class='ocrx_word' id='word_1_797' title='bbox 2850 4978 2927 5043; x_wconf 86' lang='grc' dir='ltr'><strong>δέ,</strong></span> <span class='ocrx_word' id='word_1_798' title='bbox 2958 4979 3044 5031; x_wconf 87' lang='grc' dir='ltr'>ὅτι</span> <span class='ocrx_word' id='word_1_799' title='bbox 3069 4980 3243 5045; x_wconf 81' lang='grc' dir='ltr'>οὐδεὶς</span> <span class='ocrx_word' id='word_1_800' title='bbox 3270 4980 3420 5049; x_wconf 72' lang='grc' dir='ltr'>ἄξιος</span> <span class='ocrx_word' id='word_1_801' title='bbox 3455 4983 3619 5061; x_wconf 75' lang='grc' dir='ltr'>τόπος</span> <span class='ocrx_word' id='word_1_802' title='bbox 3648 4984 3748 5056; x_wconf 84' lang='grc' dir='ltr'>τῆς</span> <span class='ocrx_word' id='word_1_803' title='bbox 3773 5002 3947 5041; x_wconf 78' lang='grc' dir='ltr'>κατα-</span> 
     </span>
    </p>
   </div>
   <div class='ocr_carea' id='block_1_108' title="bbox 2363 5069 3949 5148">
    <p class='ocr_par' dir='ltr' id='par_1_108' title="bbox 2363 5069 3949 5148">
     <span class='ocr_line' id='line_1_108' title="bbox 2363 5069 3949 5148; baseline 0.009 -25"><span class='ocrx_word' id='word_1_804' title='bbox 2363 5069 2616 5136; x_wconf 79' lang='grc' dir='ltr'>παύσεως</span> <span class='ocrx_word' id='word_1_805' title='bbox 2645 5071 2809 5125; x_wconf 85' lang='grc' dir='ltr'>αὐτοῦ</span> <span class='ocrx_word' id='word_1_806' title='bbox 2836 5072 2873 5143; x_wconf 91' lang='grc'><strong>·)</strong></span> <span class='ocrx_word' id='word_1_807' title='bbox 2900 5071 3015 5126; x_wconf 85' lang='grc' dir='ltr'>ἀλλ’</span> <span class='ocrx_word' id='word_1_808' title='bbox 3051 5072 3138 5126; x_wconf 78' lang='grc' dir='ltr'>ἵνα</span> <span class='ocrx_word' id='word_1_809' title='bbox 3177 5075 3572 5148; x_wconf 78' lang='grc' dir='ltr'>ἐγχειρίσωμεν</span> <span class='ocrx_word' id='word_1_810' title='bbox 3599 5078 3822 5145; x_wconf 68' lang='grc' dir='ltr'>ἑαυτοὺς</span> <span class='ocrx_word' id='word_1_811' title='bbox 3848 5082 3949 5139; x_wconf 78' lang='grc' dir='ltr'>καὶ</span> 
     </span>
    </p>
   </div>
   <div class='ocr_carea' id='block_1_109' title="bbox 2362 5163 3947 5249">
    <p class='ocr_par' dir='ltr' id='par_1_109' title="bbox 2362 5163 3947 5249">
     <span class='ocr_line' id='line_1_109' title="bbox 2362 5163 3947 5249; baseline 0.009 -33"><span class='ocrx_word' id='word_1_812' title='bbox 2362 5163 2440 5234; x_wconf 80' lang='grc' dir='ltr'>τῷ</span> <span class='ocrx_word' id='word_1_813' title='bbox 2479 5163 2619 5236; x_wconf 85' lang='grc' dir='ltr'>Θείῳ</span> <span class='ocrx_word' id='word_1_814' title='bbox 2652 5163 2944 5238; x_wconf 83' lang='grc' dir='ltr'>ἐνώσωμεν</span> <span class='ocrx_word' id='word_1_815' title='bbox 2976 5168 3093 5231; x_wconf 82' lang='grc' dir='ltr'>ταῖς</span> <span class='ocrx_word' id='word_1_816' title='bbox 3122 5166 3293 5233; x_wconf 89' lang='grc' dir='ltr'>θείαις</span> <span class='ocrx_word' id='word_1_817' title='bbox 3322 5169 3563 5243; x_wconf 75' lang='grc' dir='ltr'>μνήμαις</span> <span class='ocrx_word' id='word_1_818' title='bbox 3590 5170 3687 5227; x_wconf 78' lang='grc' dir='ltr'>καὶ</span> <span class='ocrx_word' id='word_1_819' title='bbox 3713 5174 3947 5249; x_wconf 68' lang='grc' dir='ltr'>ἐπικλήο</span> 
     </span>
    </p>
   </div>
   <div class='ocr_carea' id='block_1_110' title="bbox 2365 5275 2502 5311">
    <p class='ocr_par' dir='ltr' id='par_1_110' title="bbox 2365 5275 2502 5311">
     <span class='ocr_line' id='line_1_110' title="bbox 2365 5275 2502 5311; baseline 0 0"><span class='ocrx_word' id='word_1_820' title='bbox 2365 5275 2502 5311; x_wconf 88' lang='grc' dir='ltr'>σεσι.</span> 
     </span>
    </p>
   </div>
   <div class='ocr_carea' id='block_1_111' title="bbox 2434 5331 3946 5429">
    <p class='ocr_par' dir='ltr' id='par_1_111' title="bbox 2434 5331 3946 5429">
     <span class='ocr_line' id='line_1_111' title="bbox 2434 5331 3946 5429; baseline 0.008 -24"><span class='ocrx_word' id='word_1_821' title='bbox 2434 5352 2544 5423; x_wconf 68' lang='lat' dir='ltr'><strong>gn.</strong></span> <span class='ocrx_word' id='word_1_822' title='bbox 2566 5352 2851 5407; x_wconf 77' lang='grc' dir='ltr'>Καὶτοῦτο</span> <span class='ocrx_word' id='word_1_823' title='bbox 2865 5354 2910 5407; x_wconf 84' lang='grc' dir='ltr'>δ’</span> <span class='ocrx_word' id='word_1_824' title='bbox 3080 5354 3477 5429; x_wconf 75' lang='grc' dir='ltr'>ἀπολογοῦμεν,</span> <span class='ocrx_word' id='word_1_825' title='bbox 3500 5354 3587 5412; x_wconf 78' lang='grc' dir='ltr'><strong>ὅτι</strong></span> <span class='ocrx_word' id='word_1_826' title='bbox 3605 5357 3707 5412; x_wconf 64' lang='grc' dir='ltr'><strong>τσῦ</strong></span> <span class='ocrx_word' id='word_1_827' title='bbox 3729 5358 3946 5418; x_wconf 66' lang='grc' dir='ltr'>κλεινοῦ</span> 
     </span>
    </p>
   </div>
   <div class='ocr_carea' id='block_1_112' title="bbox 2376 5445 3943 5522">
    <p class='ocr_par' dir='ltr' id='par_1_112' title="bbox 2376 5445 3943 5522">
     <span class='ocr_line' id='line_1_112' title="bbox 2376 5445 3943 5522; baseline 0.006 -23"><span class='ocrx_word' id='word_1_828' title='bbox 2376 5446 2636 5517; x_wconf 79' lang='grc' dir='ltr'>Ἰεροθέου</span> <span class='ocrx_word' id='word_1_829' title='bbox 2652 5445 2751 5511; x_wconf 83' lang='grc' dir='ltr'>τὰς</span> <span class='ocrx_word' id='word_1_830' title='bbox 2772 5446 3087 5517; x_wconf 85' lang='grc' dir='ltr'>θεολογικάς</span> <span class='ocrx_word' id='word_1_831' title='bbox 3131 5448 3495 5519; x_wconf 78' lang='grc' dir='ltr'>στοιχειώσεις</span> <span class='ocrx_word' id='word_1_832' title='bbox 3522 5452 3943 5522; x_wconf 79' lang='grc' dir='ltr'>συναγαγόντος,</span> 
     </span>
    </p>
   </div>
   <div class='ocr_carea' id='block_1_113' title="bbox 2364 5537 3949 5613">
    <p class='ocr_par' dir='ltr' id='par_1_113' title="bbox 2364 5537 3949 5613">
     <span class='ocr_line' id='line_1_113' title="bbox 2364 5537 3949 5613; baseline 0.006 -24"><span class='ocrx_word' id='word_1_833' title='bbox 2364 5538 2527 5607; x_wconf 81' lang='grc' dir='ltr'>ἡμεῖς</span> <span class='ocrx_word' id='word_1_834' title='bbox 2557 5537 2615 5590; x_wconf 87' lang='grc' dir='ltr'><strong>δὲ</strong></span> <span class='ocrx_word' id='word_1_835' title='bbox 2644 5537 3103 5609; x_wconf 77' lang='grc' dir='ltr'>συνεγραψάμεθα</span> <span class='ocrx_word' id='word_1_836' title='bbox 3132 5537 3297 5603; x_wconf 75' lang='grc' dir='ltr'>ἄλλας</span> <span class='ocrx_word' id='word_1_837' title='bbox 3323 5556 3383 5593; x_wconf 92' lang='grc' dir='ltr'><strong>τε</strong></span> <span class='ocrx_word' id='word_1_838' title='bbox 3410 5543 3818 5613; x_wconf 84' lang='grc' dir='ltr'>πραγματείας,</span> <span class='ocrx_word' id='word_1_839' title='bbox 3848 5544 3949 5598; x_wconf 78' lang='grc' dir='ltr'>καὶ</span> 
     </span>
    </p>
   </div>
   <div class='ocr_carea' id='block_1_114' title="bbox 2363 5626 3945 5701">
    <p class='ocr_par' dir='ltr' id='par_1_114' title="bbox 2363 5626 3945 5701">
     <span class='ocr_line' id='line_1_114' title="bbox 2363 5626 3945 5701; baseline 0.005 -22"><span class='ocrx_word' id='word_1_840' title='bbox 2363 5628 2567 5699; x_wconf 83' lang='grc' dir='ltr'>ταύτην</span> <span class='ocrx_word' id='word_1_841' title='bbox 2604 5626 2703 5700; x_wconf 74' lang='grc' dir='ltr'>τὴν</span> <span class='ocrx_word' id='word_1_842' title='bbox 2732 5626 3027 5698; x_wconf 85' lang='grc' dir='ltr'>θεολογίαν,</span> <span class='ocrx_word' id='word_1_843' title='bbox 3052 5628 3127 5692; x_wconf 85' lang='grc' dir='ltr'>ὡς</span> <span class='ocrx_word' id='word_1_844' title='bbox 3152 5628 3249 5701; x_wconf 88' lang='grc' dir='ltr'><strong>οὐχ</strong></span> <span class='ocrx_word' id='word_1_845' title='bbox 3278 5628 3477 5683; x_wconf 88' lang='grc' dir='ltr'>ίκανῶν</span> <span class='ocrx_word' id='word_1_846' title='bbox 3506 5630 3733 5688; x_wconf 78' lang='grc' dir='ltr'>ἐκείνων</span> <span class='ocrx_word' id='word_1_847' title='bbox 3748 5631 3945 5688; x_wconf 74' lang='grc' dir='ltr'>ὄντων.</span> 
     </span>
    </p>
   </div>
   <div class='ocr_carea' id='block_1_115' title="bbox 763 5802 2869 5879">
    <p class='ocr_par' dir='ltr' id='par_1_115' title="bbox 763 5802 2869 5879">
     <span class='ocr_line' id='line_1_115' title="bbox 763 5802 2869 5879; baseline 0.002 -16"><span class='ocrx_word' id='word_1_848' title='bbox 763 5808 876 5879; x_wconf 80' lang='lat'><strong>(56)</strong></span> <span class='ocrx_word' id='word_1_849' title='bbox 913 5808 1045 5864; x_wconf 76' lang='lat' dir='ltr'><strong>Vide</strong></span> <span class='ocrx_word' id='word_1_850' title='bbox 1085 5808 1305 5866; x_wconf 83' lang='lat' dir='ltr'><strong>Scholia</strong></span> <span class='ocrx_word' id='word_1_851' title='bbox 1338 5807 1395 5867; x_wconf 87' lang='lat' dir='ltr'><strong>S.</strong></span> <span class='ocrx_word' id='word_1_852' title='bbox 1433 5808 1677 5874; x_wconf 79' lang='lat' dir='ltr'><strong>Maximi,</strong></span> <span class='ocrx_word' id='word_1_853' title='bbox 1714 5817 1844 5863; x_wconf 89' lang='lat' dir='ltr'><strong>tom.</strong></span> <span class='ocrx_word' id='word_1_854' title='bbox 1878 5806 1944 5876; x_wconf 87' lang='lat' dir='ltr'><strong>ll,</strong></span> <span class='ocrx_word' id='word_1_855' title='bbox 1970 5823 2092 5879; x_wconf 88' lang='lat' dir='ltr'><strong>cap.</strong></span> <span class='ocrx_word' id='word_1_856' title='bbox 2128 5808 2161 5863; x_wconf 80' lang='grc'>5</span> <span class='ocrx_word' id='word_1_857' title='bbox 2199 5808 2273 5865; x_wconf 81' lang='lat' dir='ltr'><strong>De</strong></span> <span class='ocrx_word' id='word_1_858' title='bbox 2312 5802 2510 5865; x_wconf 75' lang='lat' dir='ltr'><strong>divinis</strong></span> <span class='ocrx_word' id='word_1_859' title='bbox 2554 5810 2869 5867; x_wconf 73' lang='lat' dir='ltr'><strong>nominibus.</strong></span> 
     </span>
    </p>
   </div>
  </div>
