4178 6312
3428 333 3536 392 690

269 353 383 411 689
874 352 962 407 DE
989 352 1243 410 DlVlNlS
1283 349 1683 409 NOMINIBUS.
1720 349 1874 407 CAP.
1904 350 1987 404 Ill.
2024 381 2092 392 —
2127 349 2480 405 PARAPHR.
2518 349 2989 406 PACHYMER.’E.

267 466 384 519 Καὶ
408 468 516 538 γάρ
542 465 702 539 εἴπερ
733 467 938 530 ἐκεῖνος
962 467 1089 540 περὶ
1116 465 1318 521 τούτων
1341 467 1575 538 λεπτομε
1585 466 1838 539 ρεστέρως

1961 465 2320 536 theologicum
2351 465 2862 537 conscripserimus.
2898 467 3112 523 Etenim
3154 466 3199 522 si
3235 467 3326 525 ille
3354 467 3424 525 de
3457 461 3544 521 llis

250 555 472 626 ἠξίωσε
498 560 744 624 διελθεῖν,
774 559 873 615 οὐκ
908 560 975 615 ἂν
1013 562 1175 632 ἡμεῖς
1208 562 1289 625 είς
1315 560 1568 614 τοσοῦτον
1599 560 1632 630 ἢ
1664 558 1838 632 μανίαε

1962 558 2299 614 enucleatius
2344 559 2617 615 disserere
2673 558 2955 624 voluisset,
3007 575 3285 630 nunquam
3331 576 3395 616 ca
3444 575 3546 613 nos

252 643 292 713 ἢ
329 651 643 723 σκαιότητος
671 651 1025 723 ἐληλύθαμεν,
1053 654 1129 717 ὡς
1156 652 1404 724 οἰηθῆναι
1431 651 1707 705 ἐπιϐαλεῖν
1745 652 1838 704 τοῖς

1961 650 2172 705 insania
2217 649 2558 706 stoliditasve
2586 650 2857 720 cepisset,
2892 662 2952 706 ut
2977 651 3067 706 illo
3097 653 3317 707 doctius
3346 667 3448 707 nos
3478 652 3546 705 de

265 741 434 807 θείοις
468 744 1056 816 ἐπιστημονικώτερον,
1085 745 1224 798 ὥστε
1255 745 1336 809 δὶς
1373 745 1443 798 τὰ
1484 743 1626 798 αὑτά
1658 742 1856 811 λέγειν,

265 838 364 890 καὶ
412 839 616 892 ἀδικεῖν
660 839 811 908 φίλον
855 839 970 910 ἅμα
1019 839 1114 892 καὶ
1159 838 1476 892 διδάσκαλον
1500 855 1514 868 ο
1569 837 1663 891 καὶ
1710 837 1856 908 ἡμᾶς

260 928 424 995 τέως,
448 933 574 996 τοὺς
595 931 734 1003 μετά
759 931 852 984 τὸν
888 933 1154 1003 μακάριον
1177 931 1387 984 Παῦλον
1420 926 1856 1002 μαθητευθέντας

261 1023 436 1094 αὑτῷ,
475 1023 818 1096 ὑφαρπάζειν
849 1024 918 1078 τά
956 1024 1164 1078 ἐκείνου
1205 1025 1299 1078 καὶ
1332 1023 1408 1088 ὼς
1453 1024 1556 1078 ἴδια
1599 1024 1850 1095 γράφειν.

276 1114 419 1169 Ἀλλ’
448 1117 634 1187 ἐπειδὴ
668 1116 1049 1188 πρεσϐυτικῶς
1089 1117 1183 1169 καὶ
1227 1116 1662 1187 ἐπιστημονικῶς
1703 1110 1856 1168 εἶπεν

259 1209 492 1274 ἐκεῖνος,
536 1209 630 1262 καὶ
673 1209 972 1279 συντόμους
1010 1210 1102 1263 καὶ
1140 1209 1530 1278 κεφαλαιώδεις
1569 1209 1668 1272 τὰς
1712 1207 1854 1260 διδα-

260 1300 491 1364 σκαλίας
533 1301 851 1371 πεποίηκεν,
881 1302 1298 1372 ἐγκελευόμενος
1341 1302 1461 1355 καθ’
1492 1302 1722 1354 ἕκαστον
1761 1301 1855 1353 καὶ

257 1393 416 1464 ἡμῖν,
456 1394 549 1446 καὶ
585 1396 696 1456 τοῖς
737 1393 944 1466 ἑτέροις
973 1395 1081 1448 τῶν
1104 1395 1361 1449 νεοτελῶν
1387 1394 1572 1465 ψυχῶν
1595 1393 1850 1448 διδασκά-

257 1483 394 1550 λοις,
427 1485 546 1539 καθ’
571 1487 693 1540 ὅσον
731 1486 809 1539 ἔνι
848 1487 1151 1554 ἀναπτύξαι
1177 1489 1270 1540 καὶ
1304 1488 1575 1560 διακρῖναι
1602 1487 1700 1550 τὰς
1730 1504 1852 1538 συν-

254 1578 491 1642 omni;
529 1579 623 1632 καὶ
670 1579 738 1632 δι’
765 1579 940 1648 ὀλίγον
967 1581 1263 1652 ἐκφράσεις
1285 1580 1386 1650 τῆς
1410 1579 1611 1642 ἐνιαίας
1641 1578 1848 1631 ἐκείνου

256 1671 358 1724 καί
395 1672 736 1744 νοερωτάτης
778 1673 1060 1743 δυνάμεως
1086 1690 1098 1702 °
1143 1673 1238 1728 καὶ
1285 1673 1541 1735 πολλάκις
1583 1673 1727 1742 ἡμᾶς
1769 1672 1848 1734 εἰς

251 1762 393 1815 αὐτὸ
415 1763 573 1817 τοῦτο
597 1760 705 1816 καὶ⁶
719 1766 782 1817 σὺ
810 1766 1171 1837 προέτρεψας,
1190 1765 1612 1828 άνταποστείλας
1636 1764 1730 1818 καὶ
1748 1764 1848 1834 τὴν

255 1849 442 1921 βίϐλον
463 1853 648 1907 αὑτοὺ.
678 1854 865 1928 Ταύτῃ
888 1873 969 1908 τοι
999 1857 1092 1908 καὶ
1122 1858 1282 1927 ἡμεῖς
1311 1857 1401 1910 τον
1435 1857 1534 1929 μὲν
1563 1857 1716 1926 ἆγιον
1757 1857 1843 1908 ’1ε-
1875 1838 1917 1895 Β

256 1944 463 2014 ρόθεον,
489 1944 565 2009 ὼς
587 1945 809 1999 τελείων
837 1947 1087 2002 διανοιῶν
1117 1948 1453 2014 διδάσκαλον,
1483 1951 1595 2013 τοῖς
1620 1949 1844 2012 τελείοις

249 2037 610 2109 ἀφορίζομεν,
641 2041 733 2092 καὶ
766 2039 836 2093 τὰ
866 2041 1075 2094 ἐκείνου
1105 2041 1282 2110 λόγια,
1307 2043 1382 2105 ὡς
1411 2041 1640 2113 δεύτερα
1667 2042 1842 2110 λόγια,

250 2126 395 2198 πρὸς
416 2126 483 2181 τὰ
503 2129 620 2182 θεῖα
643 2132 736 2183 καὶ
767 2133 887 2203 ἱερὰ
909 2133 1018 2186 τῶν
1043 2133 1357 2188 ἀποστόλων
1387 2134 1842 2206 παραγγέλματα,

248 2217 451 2294 ἔχομεν
476 2238 490 2251 ·
520 2222 638 2286 τοῖς
663 2222 720 2276 δέ
752 2225 871 2276 καθ’
902 2226 1050 2296 ἡμᾶς
1083 2226 1297 2279 ἀτελέσι
1333 2227 1403 2280 τὰ
1442 2228 1558 2280 θεῖα
1599 2227 1846 2298 παραδώ-

249 2297 444 2382 σομεν,
467 2312 759 2383 ἀναλόγους
782 2319 895 2380 τοῖς
916 2318 1254 2383 διδασκάλοις
1285 2321 1417 2391 ἡμῖν
1445 2320 1572 2384 τοὺς
1601 2297 1844 2392 μαθητὰς

245 2399 487 2471 ἔχοντες.
547 2403 772 2459 Ὀπόσον
811 2417 866 2460 σε
909 2407 1021 2478 ἔχει
1062 2409 1267 2472 ἐκεῖνος
1303 2410 1364 2462 τὸ
1406 2411 1644 2473 τέλειον,
1693 2413 1750 2464 ἐν
1801 2403 1845 2478 ᾧ

243 2490 437 2562 ἑστιᾷν
457 2493 673 2565 ἐτέρους
696 2497 794 2568 τὴν
818 2498 1042 2570 στερεὰν
1066 2499 1291 2571 τροφὴν,
1311 2501 1448 2554 ὅπου
1480 2519 1540 2571 γε
1565 2504 1659 2556 καὶ
1685 2503 1845 2574 ἡμεῖς

243 2583 520 2654 λεγόμεθα
543 2587 755 2652 τέλειοι,
774 2590 849 2654 ὠς
873 2591 972 2662 τῆς
1002 2592 1256 2663 τοιαύτης
1280 2596 1505 2665 στερεᾶς
1527 2595 1732 2667 τροφῆς
1759 2613 1846 2667 με·

241 2677 620 2748 ταλαμϐάνειν
655 2681 986 2755 ἠξιωμένοις
1034 2685 1240 2756 Ὀρθῶς
1269 2683 1360 2740 οὖν
1393 2687 1619 2759 εἴπομεν
1647 2689 1845 2762 τὺ,τὴν

246 2769 349 2840 μὲν
389 2771 722 2846 αὑτοπτικὴν
765 2777 859 2830 καὶ
898 2778 1351 2845 ἁνεπικάλυπτον,
1379 2782 1840 2852 καὶέμφανεστέ-

243 2879 348 2933 ραν
391 2864 753 2937 κατανόησιν,
794 2869 886 2921 καὶ
927 2869 1024 2941 τὴν
1069 2871 1412 2943 κεφαλαιώδη
1458 2872 1839 2938 διδασκαλίαν,

242 2953 619 3024 πρεσϐυτικῆς
662 2957 869 3010 δεῖσθαι
908 2958 1192 3029 δυνάμεως
1216 2977 1228 2990 ο
1273 2961 1373 3032 τὴν
1411 2961 1469 3014 δὲ
1515 2962 1841 3036 διασάφησιν

242 3045 338 3097 καὶ
373 3046 970 3120 ἐκμάθησιν¹άρμόζειν
996 3053 1107 3116 τοῖς
1142 3053 1458 3124 ¹ὑφειμένοις
1493 3056 1643 3126 ἡμῖν.
1691 3056 1842 3110 Ἑπι-

1959 741 2161 797 divinis
2203 743 2347 812 loqui
2398 757 2554 812 posse
2593 753 2931 812 putaremus,
2970 754 3130 815 atque
3162 745 3301 801 adeo
3334 743 3419 800 bis
3444 759 3538 798 ea-

1958 836 2081 892 dem
2117 838 2429 908 repetcndo,
2455 846 2511 892 et
2541 839 2719 892 amico
2748 837 2909 893 simul
2945 846 3001 892 et
3039 836 3359 908 prmceptori
3397 836 3543 892 hanc

1960 929 2212 998 injuriam
2260 931 2591 994 faceremus.
2642 940 2720 996 ut,
2752 946 2874 986 cum
2907 930 3024 1001 ejus
3063 943 3183 1002 post
3219 932 3278 987 Β.
3313 932 3540 986 Paulum

1957 1022 2207 1092 discipuli
2272 1023 2562 1087 fuerimus,
2619 1025 2734 1092 ejus
2798 1024 3004 1093 scripta
3055 1025 3214 1080 nobis
3267 1041 3364 1096 per
3420 1023 3539 1096 pla-

1955 1113 2101 1184 gium
2144 1113 2310 1186 348
2337 1132 2766 1186 usurparemus;
2806 1119 2900 1174 sed
2927 1117 3190 1188 quoniam
3232 1116 3322 1173 ille
3357 1117 3540 1188 gravi-

1957 1213 2041 1260 ter
2064 1216 2119 1260 et
2141 1209 2277 1263 scite
2309 1207 2378 1262 de
2424 1209 2510 1263 bis
2553 1210 2804 1278 loquens,
2832 1209 3157 1278 compendio
3192 1219 3248 1264 et
3296 1224 3538 1264 summa-

1956 1295 2070 1353 tim'
2089 1300 2376 1354 doctrinas
2420 1315 2546 1353 suas
2593 1301 2839 1368 tradidit,
2871 1300 3071 1369 jubens
3122 1315 3242 1365 nos,
3295 1299 3540 1369 aliosque

1955 1389 2232 1443 mdiorum
2267 1390 2443 1443 adhuc
2473 1389 2781 1443 animorum
2814 1397 3200 1458 praeceptores,
3233 1385 3536 1457 sigillatitu,

1953 1480 2130 1549 quoad
2164 1479 2279 1533 lieri
2318 1488 2519 1549 potest,
2562 1480 2858 1556 explanare
2902 1493 2967 1533 ac
3009 1478 3345 1547 distinguere
3381 1492 3534 1533 com-

1951 1574 2243 1644 pendiosas
2291 1573 2413 1626 illas
2452 1573 2760 1643 brevesque
2787 1574 3169 1647 enarratioues
3201 1573 3366 1626 unita:
3393 1571 3539 1627 illius

1950 1679 2014 1720 ac
2054 1665 2509 1735 spiritualissima:
2542 1665 2795 1732 virtutis;
2823 1666 2952 1734 quin
2985 1674 3039 1720 et
3077 1666 3192 1736 ipse
3231 1675 3284 1718 tn
3319 1679 3537 1735 quoque

1950 1758 2266 1828 frequenter
2319 1776 2421 1816 nos
2469 1762 2536 1814 ad
2587 1760 2691 1815 hoc
2737 1761 3062 1816 adhortatus
3107 1775 3188 1823 es,
3238 1769 3296 1815 et
3333 1759 3533 1814 librum

1945 1852 2060 1923 ejus
2111 1852 2270 1908 nobis
2317 1853 2602 1908 remisisti.
2627 1852 2969 1924 Quapropter
3008 1868 3107 1908 nos
3149 1866 3366 1924 quoque
3406 1866 3536 1907 sau-

1945 1953 2091 1999 ctum
2137 1945 2516 2014 Hierotheum,
2553 1954 2809 2015 tanquant
2847 1945 3217 2016 perfectarum
3268 1943 3534 1999 mentium

1945 2046 2358 2106 prteceptorem,
2384 2037 2646 2106 perfectis
2685 2039 3054 2106 assignamus,
3087 2047 3143 2091 et
3175 2037 3348 2106 ipsius
3386 2036 3533 2091 dicta

1949 2139 2210 2198 tanquam
2261 2126 2431 2184 altera
2481 2128 2705 2184 oracula
2731 2169 2748 2196 ,
2780 2128 3074 2184 secundum
3115 2131 3298 2186 divina
3345 2144 3532 2186 Sacra-

1948 2236 2056 2290 que
2079 2222 2455 2291 aposmlorum
2481 2223 2709 2291 scripta,
2744 2221 3116 2287 azstimamus;
3147 2239 3245 2280 nos
3274 2238 3404 2278 vero
3434 2239 3536 2280 no-

1945 2315 2043 2368 stri
2075 2315 2343 2392 similibus
2376 2314 2717 2384 imperfectis
2744 2331 2832 2371 res
2855 2317 3070 2373 divinas
3092 2319 3530 2387 explicabimus;

1946 2408 2104 2463 nobis
2146 2409 2576 2478 prmceptoribus
2627 2423 2734 2462 non
2781 2408 3062 2464 absimiles
3108 2411 3401 2480 discipulos
3437 2411 3535 2467 ha-

1944 2503 2154 2558 bentes.
2208 2501 2435 2570 Quantae
2481 2519 2611 2558 vero
2669 2504 2784 2574 ipse
2828 2511 2914 2560 est
2964 2504 3355 2574 perfectionis,
3406 2520 3538 2578 cum

1947 2599 2110 2652 etiam
2137 2597 2274 2653 alios
2301 2596 2478 2652 solido
2510 2598 2636 2652 cibo
2665 2600 2896 2667 nutriat,
2923 2615 3047 2655 cum
3081 2616 3184 2655 nos
3215 2601 3378 2656 etiam
3411 2596 3550 2672 per-'

1946 2689 2070 2743 fecti
2093 2688 2448 2759 appellemur,
2475 2689 2518 2742 si
2553 2689 2858 2744 istiusmodi
2891 2691 3069 2745 solido
3096 2689 3220 2746 cibo
3249 2691 3394 2747 vesci
3435 2708 3534 2746 no-

1947 2783 2030 2837 bis
2053 2783 2301 2837 licuerit?
2326 2783 2521 2839 Merito
2554 2784 2737 2852 itaque
2767 2785 3021 2850 dicimus,
3056 2786 3121 2839 ad
3150 2785 3320 2856 ipsam
3352 2801 3448 2856 per
3473 2801 3534 2841 se

1948 2874 2331 2938 intuitionem,
2376 2883 2432 2928 et
2479 2889 2584 2926 non
2636 2872 2935 2926 revelatam
2989 2871 3533 2944 manifestioremque

1947 2964 2384 3033 intelligentiam,
2418 2973 2473 3016 et
2519 2963 2876 3018 summariam
2920 2961 3227 3017 doctrinam
3257 2964 3411 3018 senili
3445 2963 3529 3018 fa-

1943 3057 2148 3113 cultate
2175 3073 2312 3126 opus
2338 3072 2482 3122 esse,
2515 3057 2959 3126 explanationem
2997 3066 3176 3110 autem
3209 3066 3264 3110 et
3292 3056 3530 3126 explica-

237 3139 539 3212 τετήρηται
578 3140 708 3209 γοῦν
738 3144 890 3213 ἡμῖν,
926 3144 1065 3196 ὥστε
1094 3145 1194 3196 ὅσα
1223 3144 1286 3215 δὴ
1327 3146 1514 3217 σαφῶς
1552 3149 1703 3222 παρὰ
1744 3151 1836 3205 τοῦ

1945 3149 2143 3202 tionem
2176 3150 2332 3203 nobis
2362 3157 2420 3200 ut
2442 3149 2794 3203 inferioribus
2818 3148 3135 3202 convenire.
3167 3148 3528 3202 Observatum

239 3230 387 3284 θείου
443 3233 704 3304 Ἰεροθέου
736 3235 1136 3308 διηυκρίνηται,
1169 3239 1410 3310 μηδόλως
1447 3241 1832 3316 ἐγκεχειρηκέ-

241 3342 328 3378 ναι
354 3325 450 3380 καὶ
469 3317 580 3380 οἷον
605 3328 889 3397 φαίνεσθαι
913 3330 1255 3399 ταὺτολογεῖν
1277 3350 1288 3362 ·
1318 3333 1385 3386 τά
1414 3334 1470 3386 δὲ
1498 3339 1834 3401 συνοπτικῶς

240 3417 509 3488 εἰρημένα
548 3419 742 3490 ἐκείνῳ
798 3419 989 3491 (τοῦτο
1030 3421 1138 3494 γάρ
1187 3422 1387 3490 ἔξωθεν
1425 3426 1831 3500 προσληπτέον)

237 3505 591 3581 λεπτοτέραις
641 3512 870 3577 ἐννοίαις
915 3515 1192 3584 ἐκφαίνειν
1220 3533 1233 3546 ·
1277 3516 1436 3571 τοῦτο
1474 3519 1581 3592 γάρ
1625 3521 1740 3574 ἐστι
1773 3522 1834 3575 τὸ

239 3602 594 3683 ζητούμενον,
638 3605 668 3658 ὃ
713 3607 771 3658 ἐν
807 3605 884 3678 τῷ
909 3607 1052 3660 τέλει
1098 3608 1193 3661 τοῦ
1220 3609 1380 3678 λόγου
1412 3613 1680 3682 ἐπήγαγε.
1719 3614 1832 3667 Νῦν

239 3695 296 3749 δέ
326 3698 406 3762 εἰς
429 3699 558 3762 τοὺς
593 3699 850 3765 ἐπαίνους
886 3700 981 3754 τοῦ
1013 3702 1204 3772 ἀνδρὸς
1236 3705 1513 3772 εἰσελθὼν,
1549 3710 1698 3774 ὅπως
1739 3715 1833 3766 καὶ

239 3789 397 3843 ὁποῖα
433 3785 574 3861 ἦσαν
606 3793 672 3847 τὰ
705 3795 832 3867 παρ’
868 3795 1032 3849 αὑτοῦ
1081 3799 1393 3872 ὑμνούμενα
1442 3807 1498 3857 ἐν
1541 3805 1620 3876 τῷ
1657 3807 1833 3879 καιρῷ

239 3882 340 3953 τῆς
369 3885 530 3952 ἁγίας
554 3885 815 3973 Θεοτόκου
848 3892 1177 3962 κοιμήσεως,
1211 3894 1352 3947 κατά
1380 3897 1680 3953 ἐνδιάθετον
1703 3903 1833 3973 σχῆ-

240 3991 338 4044 μα,
362 3977 631 4046 τεχνικῶς
662 3971 772 4031 οἷον
801 3981 1094 4035 ἐπελάθετο
1127 3984 1229 4054 τῆς
1267 3985 1362 4038 τοῦ
1391 3987 1550 4057 λόγου
1583 3971 1832 4064 συμφρά-

238 4085 398 4131 σεως,
432 4068 525 4122 καί
551 4087 714 4142 φησιν
740 4088 752 4101 °
797 4074 950 4128 Ἐπεὶ
982 4075 1074 4129 καὶ
1115 4078 1245 4150 παρ’
1272 4080 1454 4145 αὐτοῖς
1495 4086 1608 4147 τοῖς
1642 4083 1830 4158 θεολή-

236 4176 394 4223 πτοις
417 4164 690 4232 πατράσιν
714 4165 822 4234 (ὅτε
855 4169 1225 4241 συμπαρῆμεν
1252 4172 1481 4238 ἐκείνοις
1509 4177 1600 4228 καὶ
1626 4177 1829 4248 mus-ig;

233 4251 294 4304 ἐν
330 4250 408 4322 τῷ
439 4253 614 4324 καιρῷ
641 4256 742 4326 τῆς
770 4261 1079 4331 κοιμήσεως
1104 4264 1202 4334 τῆς
1229 4268 1502 4335 παναγίας
1533 4271 1830 4343 Δεσποίνης

231 4343 394 4414 ἡμῶν
438 4345 708 4413 θεοτόκου,
755 4350 927 4405 ἐδόκει
975 4353 1031 4406 δὲ
1075 4355 1216 4409 κατὰ
1253 4357 1352 4428 τὴν
1396 4358 1544 4411 θείαν
1589 4361 1827 4431 ὑμνῆσαι

237 4437 362 4500 τοὺς
397 4437 658 4511 ἱεράρχας
689 4441 765 4506 ὡς
801 4443 1030 4512 ἕκαστος
1059 4448 1171 4519 εἶχε
1202 4451 1486 4522 δυνάμεως
1525 4453 1624 4526 τὴν
1663 4455 1824 4509 ἀπει-

1942 3241 2124 3310 itaque
2167 3256 2195 3293 a
2255 3242 2410 3296 nobis
2433 3279 2450 3304 ,
2491 3250 2548 3292 ut
2570 3253 2908 3308 quaecunque
2939 3239 3088 3294 clare
3119 3253 3149 3292 a
3180 3238 3307 3295 divo
3339 3238 3530 3293 lliero-

1940 3337 2062 3388 tlieo
2106 3335 2363 3388 distincta
2417 3342 2547 3389 sunt
2591 3348 2659 3388 ne
2702 3331 2921 3401 quidem
2969 3331 3194 3386 omnino
3227 3334 3525 3403 attingere-

1938 3442 2078 3490 mus,
2123 3441 2191 3481 ne
2218 3428 2620 3496 quodammodo
2653 3426 2795 3482 idem
2840 3427 3034 3480 iterato
3079 3425 3263 3480 dicere
3307 3426 3528 3481 videre-

1936 3538 2088 3587 mur;
2121 3502 2241 3592 qum
2264 3536 2393 3576 vero
2425 3521 2537 3591 ipse
2565 3521 2950 3590 compendiose
2977 3519 3202 3576 tradidit
3225 3522 3352 3591 (hoc
3380 3522 3526 3578 enim

1933 3610 2318 3680 excipiendum
2347 3611 2452 3679 est)
2482 3611 2873 3666 minutioribus
2916 3609 3295 3680 intclligcntiis
3336 3612 3529 3684 expla-

1936 3717 2226 3769 naremus;
2277 3717 2400 3755 nam
2452 3704 2554 3756 hoc
2594 3713 2678 3756 est
2725 3704 2867 3774 quod
2900 3705 3184 3774 quaaritur,
3228 3715 3285 3757 ut
3321 3706 3374 3759 in
3419 3706 3526 3760 line

1932 3783 2196 3852 orationis
2219 3791 2449 3851 addidit.
2477 3795 2628 3850 Nunc
2663 3812 2792 3851 vero
2822 3798 2921 3851 viri
2956 3799 3146 3852 laudes
3177 3801 3522 3870 aggrediens,

1931 3905 2170 3958 quanam
2201 3889 2438 3954 ratione,
2469 3901 2524 3943 et
2555 3890 2737 3958 qualia
2785 3891 2855 3945 ab
2896 3891 3014 3960 ipso
3044 3903 3252 3946 sancta:
3281 3891 3525 3961 Dcipam

1932 3983 2350 4039 obdortnitionis
2381 3993 2626 4053 tempore
2655 3983 2871 4038 laudata
2902 3985 3036 4060 sint,
3063 3986 3303 4040 ostendit
3342 3986 3524 4040 artill-

1931 4074 2077 4128 ciose
2108 4073 2222 4142 ipsa
2256 4073 2509 4143 loquendi
2542 4072 2800 4140 formula,
2837 4074 3106 4131 orationis
3143 4090 3208 4131 ea
3251 4067 3522 4145 Composi-

1932 4167 2132 4222 tionem
2161 4165 2424 4235 eﬂ‘ugere,
2455 4175 2508 4221 et
2551 4167 2629 4220 ait
2658 4184 2672 4220 :
2702 4166 2836 4221 Cum
2887 4161 3144 4225 Patr‘ibus
3194 4170 3302 4225 illis
3334 4170 3522 4252 divino

1929 4261 2140 4330 Spiritu
2164 4261 2360 4316 amatis
2391 4263 2469 4333 (et
2499 4275 2599 4317 nos
2629 4261 2760 4331 ipsis
2789 4261 3130 4335 adessemus)
3156 4274 3400 4335 tempore
3425 4266 3521 4320 ob.

1928 4355 2278 4409 dormitionis
2317 4357 2684 4410 sanctissima:
2735 4357 2968 4413 dominae
3010 4368 3211 4415 nostra:
3251 4361 3519 4430 Deipaa‘ze,

1927 4445 2335 4518 placuissetque
2389 4458 2514 4518 post
2565 4448 2870 4504 contuilum
2922 4454 3132 4509 sanctis
3186 4456 3520 4512 antistitibus

230 4527 539 4599 ροδύναμον
565 4531 877 4606 ἁγαθότητα
903 4537 1005 4607 τῆς
1052 4537 1350 4612 θεαρχικῆς
1388 4542 1688 4609 ἀσθενείας,
1725 4547 1823 4618 τῆς

1939 4555 2026 4610 pro
2057 4539 2203 4596 virili
2229 4541 2426 4611 cuique
2451 4557 2572 4609 suo,
2597 4544 2806 4600 inﬁnita
2834 4547 3076 4616 potentia
3105 4549 3390 4618 praeditam
3424 4549 3509 4605 di-

229 4621 486 4675 ἑκουσίου
521 4621 764 4696 δηλονότι
787 4626 882 4680 τοῦ
913 4628 1046 4682 Θεοῦ
1076 4631 1202 4702 ἄχρι
1229 4635 1428 4705 σαρκὸς
1455 4637 1622 4707 χωρὶς
1643 4638 1825 4710 ἀμαρ-

228 4711 358 4774 τίας
401 4717 877 4785 συγκαταϐάσεως,
927 4722 1142 4777 πάντων
1188 4725 1407 4796 ἐκράτει
1452 4727 1562 4781 τῶν
1607 4731 1826 4801 ίερομυ-

230 4801 380 4856 στῶν
417 4805 446 4857 ὁ
486 4805 658 4876 μέγας
695 4808 1115 4881 Ἰερόθεος,δλος
1149 4814 1225 4868 ῶν
1262 4815 1454 4890 ῶσπερ
1494 4818 1724 4891 ἔκδημος
1763 4824 1827 4877 ἐκ

227 4893 332 4947 τοῦ
360 4896 634 4968 σώματος,
657 4899 776 4964 ὅλος
802 4901 1154 4976 ἐξιστάμενος
1181 4908 1372 4962 ἐαυτοῦ
1395 4911 1453 4963 ἐν
1475 4914 1587 4976 τοῖς
1615 4912 1823 4985 ὕμνοις,

229 4988 332 5042 καὶ
355 4988 580 5062 πάσχων
601 4991 700 5064 τὴν
734 4993 868 5065 πρὸς
895 4995 961 5050 τὰ
1001 4997 1313 5070 ὑμνούμενα
1341 5006 1642 5070 κοινωνίαν,
1675 5007 1825 5079 παρά

229 5079 453 5135 πάντων
490 5083 583 5136 καὶ
625 5084 735 5137 τῶν
779 5087 1074 5158 γνωρίμων
1124 5092 1219 5145 καὶ
1257 5093 1366 5147 τῶν
1411 5095 1484 5166 μὴ
1530 5098 1822 5169 γνωρίμων

229 5171 530 5244 θεόληπτος
557 5176 820 5248 ἐκρίνετο.
861 5180 931 5232 Ἢ
951 5179 1082 5249 γοῦν
1102 5172 1268 5237 τοῦτο
1307 5185 1476 5256 λέγει,
1513 5189 1664 5261 παρά
1689 5191 1823 5245 πάν-

227 5283 344 5319 των
385 5268 480 5320 καὶ
525 5268 634 5322 τῶν
659 5272 1038 5340 γινωσκόντων
1076 5278 1306 5331 καὶτῶν
1344 5279 1418 5352 μὴ
1448 5285 1824 5350 γινωσκόντων

229 5359 401 5414 αὐτόν
425 5377 440 5391 ⁸
472 5358 528 5431 ἢ,
562 5361 700 5434 ὅπερ
727 5365 822 5418 καὶ⁵
856 5369 1122 5437 κρεῖττον,
1154 5369 1214 5422 οὑ
1254 5369 1362 5442 γὰρ
1397 5367 1538 5438 εἷπε,
1570 5373 1670 5428 οὑκ
1706 5376 1820 5444 ἐγι-

229 5451 508 5518 νώσκετο,
552 5453 667 5522 ἀλλ’
715 5453 817 5509 οὐκ
863 5458 1265 5528 ἐπεγινώσκετο
1290 5479 1303 5492 ·
1351 5463 1680 5532 ἐγινώσκετο
1723 5470 1821 5540 μὲν

229 5543 383 5612 λέγει
433 5547 563 5618 παρ’
607 5547 851 5614 ἐκείνων,
893 5551 1132 5622 δηλονότι
1165 5555 1358 5619 οἵτινες
1387 5557 1685 5626 ἐγίνωσκον
1723 5562 1822 5633 τὴν

227 5635 349 5729 τῶν
371 5637 677 5711 λεγομένων
707 5641 965 5714 δύναμιν*
1001 5646 1100 5700 οὑκ
1143 5648 1578 5718 ἐπεγιγνώσκετο
1606 5654 1664 5707 δὲ
1691 5659 1821 5729 παρ’

229 5727 488 5818 ἐκείνων,
517 5732 715 5796 οἵτινες
747 5735 844 5806 οὐχ
869 5730 973 5795 ,οἷοί
1002 5756 1061 5791 τε
1090 5733 1229 5811 ἦσαν
1261 5743 1539 5798 ἐπιϐαλεῖν
1575 5745 1654 5817 τῷ
1698 5727 1821 5818 ὕψει

229 5817 342 5878 τῶν
379 5821 583 5896 ὓμνων.
635 5827 913 5902 Ἐφαίνετο
942 5831 1070 5904 γοῦν
1101 5832 1394 5910 θεόληπτος
1427 5838 1696 5906 κάκείνοις
1727 5817 1819 5899 καὶ

1929 4633 2069 4690 vina!
2097 4635 2490 4692 imbecillitatis
2519 4638 2821 4694 bonitatem
2860 4642 3192 4708 collaudare,
3228 4645 3282 4699 id
3303 4653 3389 4699 est
3418 4661 3516 4703 vo-

1929 4728 2225 4784 luntariam
2278 4731 2802 4787 condescensionem
2855 4732 2950 4788 Del
2995 4749 3169 4806 usque
3213 4736 3282 4791 ad
3313 4751 3516 4809 corpus

1928 4822 2131 4892 absque
2172 4835 2419 4892 peccato,
2450 4827 3020 4896 caterosvsacerdotes
3047 4829 3347 4898 superabat
3393 4846 3514 4885 ma-

1928 4931 2066 4984 gnus
2095 4914 2442 4984 Hierotheus,
2475 4926 2620 4972 totus
2652 4920 3057 4989 quodammodo
3095 4936 3125 4975 a
3160 4935 3390 4989 corpore
3419 4924 3512 4979 ab-

1927 5008 2144 5072 ductus,
2183 5017 2331 5063 totus
2360 5020 2518 5066 extra
2553 5026 2612 5066 se
2645 5013 2858 5082 positus
2892 5014 2946 5068 in
2988 5012 3208 5085 hymnis
3238 5030 3304 5069 ac
3337 5014 3514 5071 laudi-

1927 5098 2047 5164 bus,
2083 5115 2376 5170 rerumque
2414 5117 2554 5172 quas
2598 5103 2856 5160 laudabat
2902 5106 3239 5160 consortium
3275 5108 3511 5177 patiens,

1928 5193 1998 5248 ab
2025 5193 2282 5251 omnibus
2318 5204 2428 5250 tam
2468 5197 2615 5252 notis
2645 5213 2808 5266 quam
2843 5199 3042 5269 ignotis
3069 5199 3253 5256 divino
3282 5198 3514 5256 Numine

1928 5285 2139 5340 amatus
2164 5290 2618 5344 censebatur.Vel
2651 5290 2833 5360 itaque
2859 5293 2960 5346 hoc
2983 5291 3136 5357 dicit,
3160 5293 3228 5346 ab
3254 5293 3510 5350 omnibus

1929 5389 2036 5433 tam
2071 5379 2136 5434 iis
2160 5381 2251 5450 qui
2282 5383 2457 5451 ipsum
2479 5381 2646 5455 349
2667 5393 2950 5448 noverant,
2975 5399 3138 5452 quatn
3166 5384 3258 5453 qui
3282 5398 3390 5440 non
3412 5399 3509 5439 no-

1926 5479 2154 5539 verant;
2186 5473 2273 5529 vel
2310 5477 2510 5542 potius,
2543 5491 2648 5528 non
2682 5477 2818 5531 dixit
2848 5479 2992 5548 quod
3026 5481 3375 5546 noscebatur,
3411 5479 3506 5534 sed

1926 5581 2032 5620 non
2081 5569 2554 5635 cognoscebatur;
2596 5571 2864 5640 siquidem
2909 5571 2978 5626 ab
3019 5571 3144 5637 illis,
3176 5571 3375 5642 inquit,
3405 5587 3507 5626 no-

1925 5661 2200 5724 scebatur,
2231 5663 2322 5730 qui
2354 5663 2608 5718 videlicet
2652 5674 2918 5719 noverant
2958 5679 3146 5720 eorum
3188 5679 3308 5730 qua:
3351 5665 3505 5719 dice-

1926 5749 2126 5805 bantur
2155 5752 2428 5819 valorem;
2458 5769 2560 5810 no“
2591 5756 3020 5824 cogaoscebatur
3048 5768 3230 5812 autem
3267 5758 3336 5814 ab
3371 5755 3501 5822 illis,

1925 5843 2021 5917 qui
2048 5843 2280 5903 istarum
2317 5845 2536 5904 laudum
2567 5846 2942 5907 celsitudinem
2973 5851 3241 5922 attingere
3271 5866 3379 5907 nou
3409 5864 3506 5905 va-
