4176 6308
701 283 796 340 691

1872 288 1928 343 S.
1966 288 2265 345 DIONYSII
2295 293 2759 352 AREOPAGITJE

3861 305 3985 367 692

698 400 908 456 Ii-baut.
935 399 1235 455 Videbatur
1277 399 1454 470 itaque
1491 402 1675 456 divino
1713 403 1941 458 Numine
1974 406 2186 460 alilatus
2219 417 2273 459 ct

2391 411 2604 474 τούτοις.
2653 413 2911 478 Ἐκείνοις
2951 417 3078 484 μὲν,
3132 419 3207 481 ὡς
3238 419 3474 473 συνιοῦσι
3512 419 3603 475 καὶ
3643 424 3984 497 ἐπιστήμην

701 495 807 548 illis
835 503 889 547 et
913 494 1016 548 his.
1045 491 1154 547 illis
1180 494 1422 562 quidem,
1452 502 1712 562 tanquam
1739 498 1973 552 consciis
2001 513 2064 552 ac
2092 497 2272 552 scien-

705 585 846 636 tibus
875 584 1052 653 ipsum
1081 599 1201 638 esse
1234 585 1418 648 talem;
1452 585 1536 638 his
1564 600 1716 648 vero,
1750 596 2005 656 tanquam
2046 603 2149 642 non
2184 589 2268 641 iu-

706 676 1063 744 Ielligentibus
1099 692 1216 745 qua:
1254 678 1595 743 dicebautur,
1622 687 1788 748 atque
1827 679 1947 733 ideo
1990 682 2272 735 existima-

702 765 853 832 bant,
906 766 994 820 illa
1040 770 1218 822 divina
1264 770 1510 837 quaedam
1557 785 1679 824 esse
1709 786 1831 840 quae
1866 773 2010 843 vulgi
2053 782 2268 842 captum

701 871 1037 928 superarent,
1073 873 1126 918 et
1158 864 1355 918 divinis
1408 873 1618 917 tantum
1658 881 1958 934 eorumque
2004 867 2270 922 similibus

703 955 837 1008 viris
875 955 1036 1024 digna
1080 955 1279 1009 forent.
1311 955 1627 1009 Divinarum
1665 972 1829 1026 porro
1875 959 2094 1012 laudum
2133 960 2267 1015 ista-

704 1063 822 1100 rutn
855 1059 1066 1118 partem
1105 1049 1344 1118 aliquam
1373 1065 1458 1105 me
1487 1052 1585 1106 abs
1617 1061 1672 1105 te
1709 1053 1980 1108 audivisse
2008 1055 2266 1108 memini:

706 1149 910 1192 tantam
955 1141 1264 1195 divinorum
1305 1157 1494 1196 curam
1557 1143 1740 1213 geris,
1769 1152 1828 1198 ut
1878 1160 2155 1214 nunquam
2180 1144 2269 1199 illa

703 1232 1073 1302 perfunctorie
1112 1249 1422 1303 percurras.

778 1325 805 1396 §
844 1325 931 1379 ΙΙΙ.
975 1327 1152 1396 Atque
1185 1338 1240 1382 ut
1271 1329 1437 1382 multa
1469 1330 1786 1386 omittamus
1816 1346 1936 1400 qua:
1957 1337 2117 1402 vulgo
2146 1341 2274 1386 sunt

2378 503 2614 572 σχοῦσιν,
2637 506 2717 557 ὅτι
2745 505 2984 570 τοιοῦτός
3006 510 3141 560 ἐστι’
3165 510 3371 575 τούτοις
3390 513 3463 576 δὲ,
3508 515 3582 578 ὡς
3611 515 3684 586 μὴ
3718 518 3986 574 συνιοῦσι

2376 593 2447 646 τὰ
2474 594 2759 667 λεγόμενα,
2794 598 3086 652 κάντεῦθεν
3117 599 3234 654 θεῖά
3263 620 3384 657 τινα
3405 607 3647 676 κρίνουσι
3667 608 3851 660 ταῦτα
3875 611 3986 663 καὶ

2378 687 2518 758 ὑπὲρ
2557 688 2683 752 τοὺς
2721 689 2975 754 πολλοὺς,
3022 693 3112 746 καὶ
3161 693 3339 764 μόνοις
3379 695 3501 760 ἀξια
3527 700 3638 761 τοῖς
3670 697 3846 761 θείοις
3875 701 3984 752 καὶ

2381 780 2499 830 κατ’
2535 783 2738 836 ἐκεῖνον
2776 785 3050 857 ἀνδράσιν.
3096 788 3186 840 Ἐκ
3219 787 3326 840 τῶν
3361 788 3541 859 ὓμνων
3573 791 3701 859 γοῦν
3734 793 3982 844 ἐκείνων

2379 867 2492 926 οἶδα
2531 875 2837 941 ἐπακούσας
2884 879 3141 944 πολλάκις
3182 882 3275 933 καὶ
3316 882 3464 953 παρά
3495 883 3587 935 σοῦ
3621 885 3758 956 μέρη
3794 885 3932 938 τινά
3963 902 3978 914 ·

2379 964 2549 1028 οὓτως
2603 967 2744 1037 ἔχεις
2805 969 3040 1041 σπουδὴν
3083 972 3163 1034 είς
3220 970 3289 1024 τὰ
3351 970 3500 1038 θεῖα,
3559 972 3698 1026 ὥστε
3759 974 3845 1047 μὴ
3909 976 3985 1026 ἐκ

2378 1060 2654 1129 παρέργου
2687 1060 2996 1130 λογίζεσθαι
3025 1063 3218 1117 ταῦτα.

2452 1327 2478 1400 §
2506 1329 2594 1381 Ill.
2627 1332 2733 1384 Kal
2757 1333 2844 1385 ἴνα
2872 1350 2951 1387 σοι
2992 1337 3412 1410 παραλείψωμεν
3451 1341 3520 1394 τὰ
3562 1341 3730 1395 πολλὰ
3758 1342 3842 1407 ὡς
3868 1343 3981 1416 ἄῤ-

705 1433 945 1485 arcana,
993 1420 1202 1489 tibique
1252 1431 1413 1485 nota,
1461 1423 1544 1478 vel
1599 1425 1721 1478 ideo
1753 1435 1880 1479 nota
1912 1426 2038 1494 quia
2071 1439 2274 1479 arcana

2391 1422 2519 1491 ῥητα
2545 1424 2657 1486 τοῖς
2694 1423 2926 1492 πολλοῖς,
2951 1429 3041 1480 καί
3064 1447 3143 1480 σοι
3170 1432 3482 1502 ἐγνωσμένα
3501 1473 3515 1497 ,
3561 1434 3594 1504 ἦ
3637 1434 3766 1502 γοῦν
3795 1437 3978 1504 ἐγνω-

706 1512 1083 1582 mysticaque,
1122 1514 1207 1567 vel
1252 1514 1347 1568 tibi
1400 1526 1525 1569 nota
1579 1526 1837 1585 tanquam
1888 1532 2049 1586 supra
2086 1517 2276 1588 vulgus

705 1605 1011 1672 exsistenti,
1045 1622 1109 1660 ac
1137 1607 1347 1670 divino,
1375 1607 1475 1660 hoc
1495 1608 2232 1677 impra-scntiarumdicimus
2260 1626 2274 1663 :

705 1699 998 1767 quomodo,
1031 1716 1154 1754 cum
1200 1703 1400 1754 multos
1429 1702 1586 1754 vellet
1620 1702 1912 1767 instruere,
1938 1711 1992 1755 et
2017 1713 2282 1772 quotquot

708 1799 918 1859 poterat
959 1792 1026 1844 ad
1069 1791 1159 1845 Dei
1211 1792 1414 1846 cultum
1460 1796 1779 1858 traducere,
1830 1793 2078 1863 plurimis
2110 1793 2283 1848 modis

708 1900 994 1953 superasse
1045 1885 1305 1952 plurimos
1340 1895 1698 1955 praeceptores
1739 1901 1925 1940 saeros
1953 1927 1969 1952 ,
2016 1902 2044 1939 a
2087 1886 2284 1956 quibus

710 1987 767 2028 ut
798 1976 1014 2031 divinus
1043 1975 1300 2045 Magister
1327 1977 1724 2041 celebrabatur,
1757 1980 1895 2032 adeo
1921 1988 1978 2031 ut
2006 1966 2282 2048 nunquam

710 2079 862 2124 tanto
889 2070 988 2122 soli
1023 2071 1205 2122 conati
1235 2071 1403 2123 simus
1431 2071 1665 2125 obtueri.
1700 2070 1824 2140 Agit
1852 2071 1916 2125 de
1946 2071 2090 2125 illius
2132 2087 2282 2126 com-

709 2165 1073 2234 positionibus
1129 2180 1192 2219 ac
1249 2165 1512 2235 scriptis,
1571 2167 1712 2220 unde
1765 2167 1936 2229 dicit,
1995 2168 2072 2222 ita
2132 2167 2287 2221 nobis

710 2258 914 2311 coiiseii
955 2274 1173 2326 sumus,
1213 2259 1467 2328 quoniam
1503 2259 1654 2325 juxta
1689 2261 1874 2313 tritum
1913 2261 2079 2314 illud:
2115 2257 2287 2314 Nosce

711 2361 760 2404 te
790 2352 998 2419 ipsum,
1047 2351 1116 2404 ita
1160 2351 1226 2404 de
1271 2350 1427 2405 nobis
1467 2353 1732 2408 sentimus
1757 2391 1771 2413 ,
1815 2368 1878 2406 ac
1917 2354 1962 2406 si
1994 2368 2059 2407 ne
2086 2353 2289 2408 divinis

711 2445 931 2514 quidem
987 2445 1349 2514 iutelligendis
1376 2486 1390 2510 ,
1425 2460 1490 2498 ue
1522 2446 1694 2499 dicam
1740 2447 2057 2516 eloquendis
2080 2488 2097 2515 ,
2142 2449 2291 2503 suill-

713 2551 839 2590 eere
869 2552 1179 2604 possumus.
1214 2537 1435 2591 Multum
1470 2553 1597 2592 vero
1626 2552 1656 2590 a
1688 2550 2003 2594 sanctorum
2045 2542 2288 2595 virorum

715 2629 903 2682 habitu
936 2637 1097 2699 atque
1128 2631 1354 2684 scientia
1392 2632 1692 2699 distamus;
1727 2634 1853 2701 quin
1885 2648 1949 2687 eo
1979 2648 2090 2703 prae
2125 2633 2288 2688 nimia

716 2721 978 2790 religione
1004 2724 1221 2777 adducti
1255 2741 1462 2788 sumus,
1495 2737 1550 2778 ut
1580 2727 1644 2779 de
1676 2725 1876 2781 divinis
1906 2728 2039 2782 nihil
2067 2729 2291 2781 omnino

717 2816 907 2869 audire
937 2815 1024 2869 vel
1048 2816 1196 2886 loqui
1229 2809 1580 2882 auderemus,
1612 2834 1717 2872 non
1753 2828 1962 2874 tantum
1991 2821 2055 2875 de
2082 2821 2145 2875 iis
2172 2836 2291 2890 qua:

2388 1512 2597 1580 σμένα,
2640 1515 2721 1567 ὅτι
2750 1518 2886 1569 εἰσὶν
2938 1518 3151 1590 ἄρρητα
3200 1522 3290 1574 καὶ
3346 1524 3619 1593 μυστικά·
3654 1525 3692 1596 ’ἦ
3743 1528 3830 1580 ὃτι
3885 1525 3981 1579 σοὶ

2383 1605 2717 1676 ἐγνωσμένα,
2757 1607 2830 1671 ὡς
2871 1610 2984 1662 ὄντι
3012 1609 3152 1682 ὑπὲρ
3195 1612 3321 1676 τοὺς
3361 1614 3620 1681 πολλοὺς,
3665 1618 3756 1669 καὶ
3795 1616 3935 1688 θείῳ
3959 1633 3976 1647 ⁸

2380 1695 2538 1749 τοῦτο
2568 1699 2703 1769 πρὸς
2727 1700 2786 1752 τὸ
2813 1701 2984 1770 παρὸν
3009 1703 3269 1774 λέγομενο
3303 1705 3441 1770 πῶς,
3470 1709 3557 1760 ὅτε
3597 1713 3708 1772 τοῖς
3746 1709 3977 1773 πολλοῖς

2384 1789 2572 1858 ῆθελεν
2609 1791 2898 1863 ὁμιλῆσαι,
2945 1797 3039 1849 καὶ
3081 1798 3238 1861 ὅσους
3268 1793 3336 1870 ἦν
3367 1799 3589 1854 δυνατὸν
3620 1800 3851 1872 μετάξαι
3888 1804 3977 1865 εἰς

2386 1883 2711 1950 θεοσέϐειαν,
2747 1886 3003 1957 ὑπερεῖχε
3032 1889 3157 1952 τοὺς
3205 1891 3430 1955 πολλοὺς
3476 1893 3583 1945 τῶν
3619 1894 3778 1964 ίερῶν
3817 1894 3976 1947 διδα-

2389 1973 2601 2027 σκάλων
2630 1977 2768 2030 κατά
2807 1978 3035 2044 πολλοὺς
3079 1982 3332 2052 τρόπους,
3376 1975 3457 2047 οἷς
3503 1984 3569 2038 ἂν
3598 1985 3918 2055 σεμνύνοιτο
3949 1988 3979 2040 ὁ

2388 2067 2528 2131 θεῖος
2556 2069 2875 2135 διδάσκαλος
2898 2112 2912 2137 ,
2959 2072 3098 2127 ὥστε
3138 2075 3236 2129 οὐκ
3280 2078 3344 2131 ἄν
3388 2094 3515 2130 ποτε
3554 2078 3691 2150 πρὸς
3727 2080 3981 2134 τοιοῦτον

2386 2159 2536 2229 ἥλιον
2576 2161 2844 2216 ἀντωπεῖν
2890 2166 3344 2239 ἐνεχειρήσαμεν
3389 2169 3628 2240 δηλονότι
3667 2171 3734 2225 τὰ
3777 2174 3979 2245 ἐκείνῳ

2391 2250 2773 2322 συντεθειμένα
2797 2255 2977 2323 λέγει,
3018 2257 3197 2321 καθὼς
3234 2261 3439 2325 ἐκεῖνος
3475 2256 3629 2324 εἷπε,
3678 2263 3976 2333 προστιθέ-

2394 2360 2542 2412 μενοι
2581 2361 2595 2374 ο
2624 2345 2815 2416 Ἡμεῖς
2861 2348 2968 2418 γὰρ
2994 2349 3131 2402 κατά
3154 2349 3212 2402 τό
3232 2367 3244 2379 ο
3273 2349 3463 2404 Γνῶθι
3484 2353 3733 2418 σαυτόν,
3762 2355 3978 2406 ἑαυτῶν

2391 2438 2776 2510 αἰσθανόμεθα,
2808 2440 2881 2505 ὡς
2908 2440 3030 2495 οὔτε
3061 2444 3246 2514 νοῆσαι
3274 2443 3471 2508 ἱκανῶς
3515 2445 3580 2498 τὰ
3624 2445 3741 2499 θεῖα
3765 2447 3978 2518 χωροῦ-

2395 2548 2514 2601 μεν,
2543 2531 2665 2585 οὔτε
2700 2535 2889 2587 εἰπεῖν.
2919 2536 3113 2607 nepam
3137 2536 3193 2589 δέ
3220 2538 3386 2608 ἐσμεν
3411 2539 3510 2608 τῆς
3538 2537 3703 2604 ἕξεως
3732 2541 3828 2593 καὶ
3853 2543 3979 2594 ἐπι-

2394 2626 2606 2697 στήμης
2636 2626 2743 2680 τῶν
2774 2627 2933 2699 ίερῶν
2959 2629 3166 2700 ἀνδρῶν
3190 2646 3201 2657 ·
3233 2630 3432 2702 πολλὴν
3458 2631 3565 2703 γὰρ
3593 2632 3657 2686 ἂν
3685 2633 3977 2688 εὐλάϐειαν

2394 2719 2612 2790 εἴχομεν
2651 2721 2744 2772 καὶ
2786 2723 2865 2785 είς
2904 2721 2964 2774 τὸ
3006 2721 3248 2794 μηδόλως
3287 2723 3503 2776 ἀκούειν
3547 2723 3579 2794 ἢ
3624 2723 3804 2792 λέγειν
3843 2725 3974 2796 περὶ

2393 2809 2500 2862 τῶν
2545 2810 2699 2865 θείων
2725 2853 2738 2876 ,
2778 2812 2850 2883 μὴ
2875 2813 2956 2864 ὅτι
2994 2829 3059 2881 γε
3097 2813 3190 2865 ἐπὶ
3226 2816 3339 2877 τοῖς
3377 2814 3790 2884 ἀγνοουμένοις,
3836 2814 3974 2868 ἀλλά

719 2908 1030 2976 ignoramus
1054 2949 1070 2975 ,
1120 2924 1309 2964 verum
1340 2911 1503 2966 etiam
1542 2913 1607 2965 de
1644 2913 1710 2967 iis
1739 2929 1858 2975 aure
1888 2925 2079 2969 exacte
2113 2915 2291 2969 nosci-

2397 2902 2490 2956 καὶ
2515 2903 2609 2956 ἐπὶ
2636 2907 2745 2968 τοῖς
2769 2904 3009 2976 ἀκριϐῶς
3036 2907 3458 2980 γινωσκομένοις
3484 2910 3633 2978 ἡμῖν,
3660 2910 3708 2960 εί
3737 2907 3810 2978 μὴ
3836 2906 3974 2960 κατά

722 3015 864 3064 mus,
891 3002 993 3055 nisi
1027 3001 1182 3055 nobis
1211 3017 1530 3069 persuasum
1555 3013 1720 3071 esset,
1751 3007 1894 3059 haud
1917 3021 2128 3074 aequum
2149 3022 2288 3072 esse,

720 3107 905 3145 rerum
938 3093 1243 3146 divinarum
1276 3111 1437 3162 quam
1470 3096 1692 3165 quilibet
1737 3113 1859 3150 cum
1896 3099 2074 3152 divina
2117 3101 2292 3167 gratia

721 3187 934 3252 assequi
964 3195 1157 3255 potest,
1193 3187 1475 3242 scientiam
1503 3190 1779 3260 negligere
1805 3208 1818 3256 ;
1849 3194 1924 3245 uti
1947 3191 2292 3247 manifestum

723 3277 877 3332 litex
915 3294 982 3332 eo
1028 3279 1121 3348 qui
1161 3280 1422 3335 talentum
1475 3296 1580 3336 non
1637 3284 1986 3350 expenderet.
2039 3283 2180 3350 Quin
2238 3284 2293 3337 id

726 3371 901 3436 ipsum
933 3371 1089 3425 nobis
1125 3386 1341 3440 quoque
1380 3375 1731 3438 persuadent,
1769 3374 2058 3442 pulchrum
2102 3390 2295 3443 nempe

725 3475 848 3516 esse
877 3478 999 3517 cum
1032 3463 1151 3518 aliis
1180 3465 1463 3518 scientiam
1511 3482 1662 3520 suam
1713 3469 2117 3522 communicare
2140 3508 2155 3532 ,
2194 3484 2296 3522 na-

729 3562 923 3616 turalia
954 3561 1260 3617 divinorum
1295 3563 1611 3631 angelorum
1644 3563 1914 3618 desideria
1945 3604 1959 3628 ,
2009 3567 2136 3618 dum
2168 3579 2298 3618 con-

731 3657 1035 3708 venientem
1076 3670 1288 3724 semper
1319 3657 1553 3710 divinam
1599 3655 2114 3725 contemplationem
2160 3658 2300 3714 desi-

729 3747 952 3811 derant;
1007 3762 1106 3800 nec
1158 3762 1262 3800 non
1315 3749 1479 3800 etiam
1531 3747 1836 3801 divinarum
1897 3746 2296 3816 Scripturarum

730 3840 1002 3893 ordinatio
1026 3880 1042 3904 ,
1075 3839 1199 3892 dum
1235 3839 1485 3905 prohibet
1512 3841 1727 3908 quidem
1762 3856 1823 3894 ea
1856 3857 1973 3908 quae
2005 3856 2165 3909 supra
2202 3857 2300 3896 nos

732 3943 859 3985 sunt
889 3933 1162 4003 curiosius
1211 3933 1512 4000 inquirere,
1567 3933 1723 3986 sicuti
1775 3934 2053 4003 Sapientia
2108 3935 2302 3988 Sirach

735 4000 926 4077 suatlet
951 4046 960 4078 :
1001 4024 1204 4076 Altiora
1232 4035 1280 4076 te
1310 4039 1372 4075 ne
1401 4023 1690 4094 quwsieris,
1719 4034 1766 4078 et
1789 4024 2136 4093 profundiora
2167 4036 2215 4079 te
2242 4043 2304 4078 ne

735 4120 981 4172 scruteris
1026 4117 1059 4172 ¹.
1119 4117 1280 4187 350
1341 4118 1593 4186 Praecipit
1655 4134 1783 4172 vero
1823 4157 1838 4183 ,
1909 4128 1969 4170 ut
2032 4119 2304 4172 discamus

2399 2995 2521 3049 νοῦν
2549 2995 2765 3066 εἴχομεν
2789 3036 2802 3060 ,
2830 2997 2911 3049 ὅτι
2936 2998 2994 3048 οὺ
3023 2996 3227 3050 δίκαιόν
3266 2999 3420 3052 ἐστιν
3455 2997 3673 3069 ἀμελεῖν
3705 2998 3804 3066 τῆς
3831 2997 3975 3049 ἑνδε-

2398 3087 2634 3159 χομένης
2649 3087 2757 3141 τῶν
2785 3088 2941 3142 θείων
2971 3087 3242 3157 γνώσεως,
3272 3083 3340 3160 ἦζ
3370 3089 3595 3152 ἕκαστος
3626 3089 3881 3159 μετέσχεν
3908 3089 3974 3139 ὲκ

2395 3177 2496 3248 τῆς
2522 3177 2669 3240 θείας
2696 3178 2912 3249 χάριτος
2931 3195 2942 3208 ·
2971 3179 3064 3230 καὶ
3087 3177 3241 3249 δῆλον
3266 3180 3330 3231 ἐκ
3355 3179 3448 3233 τοῦ
3492 3179 3564 3251 μὴ
3604 3179 3972 3249 ἐπεξεργασί-

2402 3273 2564 3342 μένου
2589 3272 2648 3324 τὸ
2669 3273 2943 3327 τάλαντον.
2975 3276 3084 3327 Καὶ
3109 3278 3186 3339 είς
3229 3274 3385 3328 τοῦτο
3424 3278 3455 3346 ἡ
3465 3277 3567 3346 μᾶς
3609 3275 3828 3327 ἔπεισαν
3848 3314 3860 3336 ,
3888 3276 3973 3326 ὅτι

2398 3363 2562 3418 καλόν
2589 3365 2704 3416 ἐστι
2730 3364 2927 3436 δηλαδὴ
2952 3365 3013 3418 τὸ
3042 3366 3374 3437 μεταδιδόναι
3402 3368 3495 3419 καὶ
3523 3366 3731 3434 ἑτέροις
3760 3366 3856 3436 τῆς
3879 3368 3971 3420 ἐν·

2398 3455 2691 3526 δεχομένης
2731 3454 2983 3523 γνώσεως
3010 3498 3022 3521 ,
3065 3459 3118 3510 αἱ
3157 3458 3380 3526 φυσικαὶ
3419 3457 3632 3527 ἐφέσεις
3670 3457 3774 3509 τῶν
3817 3456 3976 3510 θείων

2401 3549 2646 3619 ἀγγέλων
2675 3551 2940 3620 ὲφετικῶς
2984 3551 3070 3603 ἀεὶ
3108 3550 3419 3621 γλιχόμεναι
3459 3550 3557 3620 τῆς
3595 3549 3975 3621 προσηκούσης

2403 3648 2554 3711 θείας
2588 3647 2855 3719 θεωρίας·
2901 3648 2994 3702 καὶ
3040 3647 3176 3719 αὐτὴ
3215 3646 3277 3718 δὴ
3320 3649 3353 3719 ἡ
3395 3646 3501 3699 τῶν
3548 3645 3704 3698 θείων
3745 3645 3974 3716 Γραφῶν

2402 3738 2660 3804 διάταξις,
2694 3740 3072 3811 ἀποτρέπουσα
3102 3739 3196 3810 μὲν
3224 3738 3690 3808 πολυπραγμονεῖν
3732 3739 3797 3790 τὰ
3834 3737 3976 3807 ὑπὲρ

2404 3831 2568 3900 ἡμᾶς,
2597 3830 2671 3892 ὡς
2760 3827 2929 3898 Σοφία
2957 3829 3049 3881 τοῦ
3081 3828 3280 3898 Σειράχ
3307 3826 3641 3898 παραινοῦσα
3664 3844 3676 3856 ·
3721 3827 3976 3895 ’Υψηλό-

2403 3920 2541 3989 τερά
2557 3937 2669 3974 σου
2693 3921 2778 3990 μὴ
2813 3920 2983 3986 ζήτει,
3017 3921 3110 3974 καὶ
3140 3919 3440 3988 βαθύτερά
3469 3936 3583 3973 σου
3606 3918 3690 3988 μὴ
3719 3919 3929 3985 ἐρεύνα
3955 3935 3966 3951 '

2405 4012 2782 4084 προτρέπουσα
2826 4012 2883 4065 δὲ
2928 4013 3006 4075 είς
3064 4011 3130 4065 τὰ
3173 4011 3310 4064 κα.τά
3350 4010 3609 4081 δύναμιν,
3653 4011 3726 4074 ὼς
3769 4012 3795 4063 ὁ
3835 4009 3976 4074 θεῖος

2420 4105 2738 4169 ’Λπόστολος
2784 4104 3220 4174 διακελευόμενος
3244 4120 3256 4132 ·
3311 4103 3418 4157 Καὶ
3462 4102 3499 4155 ἂ
3540 4102 3804 4170 ἤκουσας
3839 4106 3974 4168 παρ’

737 4231 796 4265 ca
835 4226 953 4278 qua:
979 4225 1260 4276 possumus
1285 4249 1300 4272 ,
1346 4216 1404 4260 ut
1448 4208 1662 4262 divinus
1707 4208 1858 4276 jubet
1886 4210 2194 4277 Apostolus,
2227 4209 2293 4261 di-

2409 4199 2588 4267 ἐμοῦ,
2638 4199 2821 4252 ταῦτα
2861 4198 3127 4266 παράθου
3173 4197 3405 4262 πιστοῖς
3454 4195 3793 4265 ἀνθρώποις.
3843 4196 3976 4260 Ταῖς

739 4318 866 4355 cens
891 4322 904 4356 :
943 4299 1005 4353 Et
1035 4317 1150 4368 qum
1179 4300 1374 4352 audisti
1402 4317 1433 4351 a
1463 4316 1561 4365 me,
1592 4301 1702 4353 hwc
1733 4302 2036 4353 commenda
2063 4298 2305 4367 fidelibus

741 4394 1032 4446 hominibus
1066 4405 1125 4446 ω.
1197 4392 1501 4445 istiusmodi
1565 4392 1782 4446 monitis
1841 4407 2042 4446 morem
2113 4407 2306 4461 geren-

742 4499 820 4539 tes
857 4527 871 4549 ,
951 4487 1128 4554 quoad
1187 4484 1504 4553 possibilem
1561 4483 1866 4538 divinorum
1929 4484 2301 4539 inventionem

741 4581 982 4633 animum
1032 4594 1136 4631 non
1166 4578 1560 4646 despondentes
1587 4617 1601 4639 ,
1640 4577 1732 4631 sed
1762 4589 1816 4631 et
1845 4577 1966 4631 illos
1991 4578 2081 4646 qui
2115 4586 2300 4631 nostro

743 4671 963 4726 modulo
1019 4686 1083 4723 ac
1131 4668 1386 4722 facultate
1435 4667 1748 4721 sublimiora
1799 4683 1995 4736 capere
2045 4675 2308 4735 possunt,

744 4767 947 4820 auxilio
970 4765 1183 4819 destitui
1213 4779 1313 4816 non
1341 4761 1595 4828 ferentes,
1621 4777 1738 4815 cum
1765 4762 1927 4830 aliqui
1951 4777 2015 4815 ex
2040 4763 2141 4816 hac
2163 4759 2313 4813 humi

748 4867 996 4927 reptante
1023 4855 1266 4908 doctrina
1302 4864 1507 4918 nostra,
1535 4853 1713 4908 studio
1733 4869 1797 4907 ac
1819 4854 2166 4909 meditatione
2195 4867 2312 4917 sua,

747 4960 967 5019 possent
993 4949 1057 5002 ad
1081 4947 1449 5001 sublimiorem
1475 4946 1709 5014 aliquam
1733 4947 1974 4999 notitiam
1999 4947 2316 5009 ascendere,

748 5057 846 5096 nos
866 5039 1011 5109 ipsos
1034 5056 1132 5108 ope
1154 5041 1331 5093 divina
1354 5038 1727 5103 excitavimus,
1751 5049 1802 5092 et
1830 5039 2068 5092 animum
2094 5040 2157 5090 ad
2187 5038 2322 5092 scri-

752 5135 984 5189 bendum
1013 5132 1318 5201 appulimus
1339 5172 1352 5195 ,
1380 5131 1512 5183 nihil
1540 5130 1756 5199 quidem
1794 5131 1916 5183 novi
1950 5146 2011 5184 ac
2046 5131 2321 5200 peregrini

753 5226 949 5280 aﬂ‘erre
979 5235 1032 5279 et
1058 5224 1330 5291 explicare
1361 5231 1769 5290 praesumentes,
1806 5223 1899 5277 sed
1939 5221 2322 5276 minutioribus

755 5319 1018 5370 duntaxat
1058 5316 1448 5384 quzestionibus
1478 5331 1560 5379 ea,
1591 5331 1710 5384 qua:
1739 5315 2043 5368 summatim
2070 5330 2100 5367 a
2132 5324 2323 5369 sancto

754 5408 1050 5476 divinoque
1083 5409 1197 5462 viro
1224 5407 1298 5479 (id
1331 5419 1411 5462 est
1437 5409 1602 5472 enim,
1635 5425 1664 5461 a
1690 5423 1803 5460 vere
1838 5402 2149 5475 Ilict'otheo)
2179 5408 2320 5462 dicta

757 5513 884 5556 aunt
920 5512 1250 5572 exponentes
1277 5543 1291 5566 ,
1336 5512 1388 5555 et
1420 5501 1663 5570 pluribus
1692 5501 1848 5569 plana
1877 5501 2158 5558 facientes.

839 5657 858 5698 ι
890 5657 1056 5714 Eccli.
1091 5657 1289 5723 "1,22.
1367 5670 1404 5696 ιη
1429 5656 1467 5710 ll
1495 5657 1631 5712 Tim.
1672 5673 1731 5723 ιι,
1761 5659 1813 5712 '2.

2410 4291 2685 4355 τοιαύταις
2714 4291 3019 4360 πειθόμενοι
3048 4289 3410 4361 παραινέσεσι,
3455 4289 3589 4358 πρὸς
3619 4288 3714 4358 τὴν
3756 4287 3972 4359 ὲφικτὴν

2414 4383 2522 4437 τῶν
2566 4383 2722 4436 θείων
2760 4381 2980 4454 εὕρεσιν
3031 4379 3101 4452 μὴ
3158 4379 3662 4444 ἀποδειλιάσαντες,
3713 4377 3838 4432 ἀλλά
3877 4381 3973 4432 καὶ

2414 4475 2540 4538 τοὺς
2572 4473 2650 4525 ἔτι
2684 4473 3010 4543 δυναμένους
3039 4475 3115 4534 είς
3146 4471 3213 4524 τὰ
3243 4472 3523 4541 κρείττονα
3557 4470 3650 4522 καὶ
3682 4468 3972 4539 ὑψηλότερα

2417 4570 2515 4640 τῆς
2543 4568 2812 4639 ἡμετέρας
2837 4565 2999 4630 ἕξεως
3025 4566 3117 4618 καὶ
3142 4564 3417 4635 δυνάμεως
3446 4564 3787 4635 ἀναδραμεῖν,
3817 4559 3975 4633 ἀὸοη-

2421 4661 2612 4736 θήτους
2640 4660 2699 4713 οὐ
2731 4659 2984 4732 φέροντες
3026 4656 3338 4711 καταλιπεῖν
3367 4656 3440 4718 ὡς
3469 4655 3660 4725 τυχὸν,
3693 4655 3754 4704 ἐκ
3777 4651 3972 4724 ταύτης

2421 4760 2483 4831 δὴ
2529 4757 2626 4827 τῆς
2654 4756 2926 4827 ἡμετέρας
2954 4750 3265 4824 χαμερποῦς
3308 4748 3647 4811 διδασκαλίας
3690 4745 3974 4817 ἀναχθήσε-

2425 4853 2547 4905 σθαι
2579 4849 2873 4921 μελλόντων
2904 4846 3062 4899 τινῶν
3087 4848 3164 4907 εἰς
3190 4842 3523 4913 ὑψηλοτέραν
3551 4839 3765 4908 γνῶσιν,
3785 4837 3975 4911 μελέτῃ

2424 4963 2482 4998 τε
2512 4946 2602 4998 καί
2634 4942 2854 5011 σπουδῇ,
2886 4942 2978 4992 καὶ
3005 4942 3068 5010 τῇ
3098 4937 3216 5010 θεία
3241 4937 3510 5006 συνάρσει,
3543 4933 3847 5004 καθήκαμεν
3878 4935 3976 4986 καὶ

2427 5036 2746 5105 ἐνεϐάλομεν
2775 5034 2995 5096 ἑαυτοὺς
3022 5035 3100 5094 είς
3132 5030 3228 5101 τὴν
3274 5029 3554 5099 ἐγγραφὴν
3579 5069 3592 5093 ,
3633 5025 3747 5078 νέον
3785 5025 3868 5093 μέν
3897 5042 3974 5078 τοι

2427 5130 2518 5182 καὶ
2565 5127 2711 5192 ξένον
2754 5126 2811 5178 ού
2853 5124 3154 5194 τολμῶντες
3195 5121 3527 5192 είσηγεῖσθαι
3573 5119 3666 5172 καὶ
3685 5118 3973 5180 διδάσκειν,

2424 5221 2772 5293 λεπτοτέραις
2814 5220 2869 5271 δὲ
2918 5217 3191 5281 ὲξετὰσεσι
3233 5213 3300 5266 τὰ
3346 5211 3678 5274 συνοπτικῶς
3729 5207 3975 5279 εἰρημένα

2425 5314 2502 5384 τῷ
2528 5314 2654 5385 ἱερῷ
2677 5315 2769 5367 καὶ
2801 5312 2927 5382 θείῳ
2949 5311 3100 5379 ἀνδρὶ
3122 5307 3297 5379 (τοῦτο
3320 5309 3427 5378 γὰρ
3453 5309 3566 5359 ἐστι
3593 5305 3674 5366 τὸ,
3701 5302 3780 5367 τῷ
3807 5302 3977 5369 ὅντως

2440 5406 2731 5478 Ἰεροθέῳ)
2777 5403 3228 5467 ἀναπτύσσοντες,
3269 5402 3361 5452 καὶ
3393 5399 3525 5470 δῆλα
3573 5395 3843 5458 ποιοῦντες
3872 5396 3977 5459 τοῖς

2431 5501 2690 5554 πλείοσιν.
