4178 6312
237 324 349 385 095
1301 322 1388 376 DE
1443 319 1693 376 DIVIle
1731 320 2125 380 NOMINIBUS.
2165 317 2315 373 CAP.
2348 317 2432 374 IV.
3386 312 3489 371 690

3109 472 3483 495 v-————-—‘

2387 636 2770 724 CAPUT
2859 637 3025 727 IV.

1927 776 2001 830 De
2025 776 2156 830 bono
2177 817 2192 840 ,
2225 777 2372 840 luce,
2423 773 2642 845 pulchro
2664 816 2679 841 ,
2726 792 2903 831 amore
2926 816 2941 840 ,
2984 776 3181 831 exstasi
3205 815 3222 842 ,
3265 773 3421 840 zelo;
3451 754 3497 828 et

1997 850 2136 930 quod
2162 849 2362 970 rizalum
2388 863 2551 916 neque
2573 862 2664 901 ens
2689 847 2781 915 sit,
2808 863 2970 917 neque
2997 846 3303 911 ementibus,
3330 860 3508 917 nequ!-

1998 935 2056 971 ιη
2083 929 2186 972 ent:
2228 935 2307 973 us.

618 624 1264 720 ΚΕΦΑΛΑΙΟΝ
1319 625 1425 718 Δ’.
1850 627 1897 686 Α

231 775 385 844 Περὶ
421 774 664 844 ἀγαθοῦ,
703 774 916 844 φωτὸς,
949 774 1159 844 καλοῦ,
1191 771 1813 844 ἕρωτος,ίὲκστάσεως,

317 792 328 827 ι
367 792 385 828 ι
421 792 664 844 arat/0v,
703 792 916 844 φωτος,
949 792 1159 837 καλου,
1191 792 1424 842 ερωτος,
1453 792 1813 837 εκστασεως,

317 792 496 911 ἕήλου
517 863 529 876 ·
559 847 655 900 καὶ
684 846 771 899 ὅτι
795 844 860 899 τὸ
882 843 1069 899 κακὸν
1089 845 1226 899 οὔτε
1252 844 1343 910 ὃν,
1375 843 1511 897 οὔτε
1534 842 1601 905 ἐξ
1625 844 1817 907 ὄντος,

319 917 458 971 οὔτε
489 916 559 970 ἐν
592 916 716 983 τοῖς
753 917 912 971 οὖσι.

1538 1073 1872 1131 SYNOPSIS
1904 1073 2190 1135 CAPITIS.

244 1207 291 1263 1.
321 1208 507 1281 Docet,
538 1210 819 1264 bonitatem
843 1228 951 1265 esse
982 1229 1210 1281 primum
1239 1211 1335 1268 Dei
1376 1215 1710 1280 attributum,
1757 1225 1805 1269 et
1847 1216 2025 1270 divina
2065 1217 2292 1272 bonitate
2344 1227 2533 1273 cuncta
2571 1210 2880 1272 consistere.
2929 1216 2989 1273 II.
3025 1217 3067 1270 Α
3111 1218 3344 1272 bonitate
3387 1234 3504 1274 esse

325 1279 633 1357 angelorum
663 1282 873 1357 ordines
901 1300 962 1336 ac
982 1279 1329 1351 functiones;
1360 1285 1488 1357 item
1522 1279 1727 1357 animas
1756 1302 2039 1357 earumque
2077 1288 2395 1355 facultates;
2440 1290 2686 1343 similiter
2718 1306 2801 1343 res
2844 1289 3106 1357 animatas
3145 1300 3191 1342 et
3234 1290 3506 1344 inanima-

326 1360 430 1403 tas.
464 1352 550 1404 Ill.
585 1350 883 1425 Bonitatem
908 1350 1019 1425 esse
1048 1370 1204 1418 super
1226 1356 1425 1420 omnia,
1465 1367 1619 1424 atque
1645 1355 1740 1408 illa
1766 1357 1879 1421 ipsa
1904 1350 2021 1425 quae
2045 1350 2148 1411 non
2175 1370 2294 1411 sunt
2321 1350 2502 1412 uocare
2527 1369 2583 1412 ut
2618 1361 2748 1414 sint.
2778 1358 2864 1413 IV.
2897 1356 3193 1412 Bonitatem
3228 1358 3361 1411 hanc
3387 1377 3502 1415 esse

327 1437 545 1474 causam
572 1424 839 1497 quod_siti_t
864 1423 1002 1490 ctzli,
1026 1437 1180 1497 atqu_e
1206 1425 1420 1497 illorum
1450 1423 1659 1484 motus:
1685 1425 1862 1481 Solent
1891 1423 2061 1481 autem
2089 1444 2200 1481 esse
2241 1430 2520 1497 imaginem
2548 1432 2739 1482 divino»
2764 1430 3036 1491 bonitatis,
3066 1439 3113 1481 et
3139 1432 3206 1480 ad
3231 1446 3284 1482 se
3312 1443 3504 1486 cuncta

326 1500 647 1568 convertere.
789 1493 1267 1568 Docet,__cur:Deus
1299 1495 1475 1549 lumen
1500 1497 1814 1568 appelletur.
1842 1497 1929 1554 VI.
1967 1497 2136 1551 Deum
2163 1514 2272 1552 esse
2299 1492 2474 1568 lumen
2509 1498 2830 1563 intellectile,
2856 1508 2902 1552 et
2929 1505 3129 1568 quanta
3166 1499 3229 1551 sit
3261 1499 3372 1567 ejus
3410 1517 3505 1555 ex-

325 1561 574 1638 cellentia
605 1571 654 1616 et
681 1564 780 1617 vis.
812 1564 922 1638 VII.
956 1563 1166 1638 Tradit,
1198 1568 1458 1635 quomodo
1488 1561 1627 1638 Deus
1661 1566 1876 1638 dicatur
1897 1569 2114 1635 pulcher
2146 1579 2192 1621 et
2224 1567 2580 1636 pulchritudo,
2611 1578 2658 1622 et
2680 1561 2825 1622 unde
2851 1586 2911 1622 ac
2934 1561 3038 1637 qua
3074 1561 3376 1622 ratione'sic
3408 1588 3505 1638 ap-

326 1632 588 1708 pelletur;
616 1642 666 1686 et
693 1633 956 1708 quomodo
985 1632 1233 1708 anticipet
1265 1653 1438 1708 rerum
1467 1637 1703 1708 omnium
1729 1632 2175 1708 pulchritudinem
2208 1632 2263 1690 ut
2289 1655 2471 1708 causa,
2494 1651 2541 1692 et
2565 1632 2627 1692 ea:
2647 1639 2744 1692 hac
2771 1641 2886 1707 ejus
2908 1632 3302 1708 pulchritudine
3329 1632 3506 1694 omnes

325 1704 583 1756 exsistant
602 1704 1112 1777 congruentimﬂlll.
1137 1706 1367 1773 Spiritus
1386 1707 1609 1760 caelestes
1627 1706 1822 1775 triplici
1842 1719 1984 1760 motu
2002 1709 2150 1763 cieri.
2169 1708 2260 1762 IX.
2281 1707 2478 1762 Iisdem
2499 1710 2725 1762 motibus
2743 1704 2836 1772 pro
2861 1704 3015 1777 captu
3030 1725 3126 1762 suo
3145 1720 3352 1762 nostros
3379 1711 3500 1762 ani-

326 1788 443 1826 mos
469 1774 683 1849 moveri.
704 1772 781 1849 7X.
810 1772 1122 1849 Omnianper
1143 1772 1421 1849 pulchrum
1453 1786 1500 1830 et
1533 1772 1720 1830 bonum
1740 1781 2057 1845 conservari,
2083 1779 2361 1849 omniaque
2383 1781 2660 1846 pulchrum
2689 1790 2735 1833 et
2765 1772 2958 1831 bonum
2983 1785 3244 1846 appetere.
3270 1777 3357 1832 XI.
3393 1777 3507 1832 No-

332 1859 452 1896 men
486 1847 682 1920 amoris
714 1846 869 1920 etiam
911 1845 967 1897 in
998 1844 1286 1920 Scripturis
1318 1850 1587 1913 usurpari,
1618 1857 1667 1901 et
1697 1863 1796 1900 non
1818 1859 1926 1900 tam
1959 1844 2232 1903 verborum
2263 1844 2420 1920 quam
2449 1849 2894 1919 signiﬁcationum
2926 1844 3189 1902 rationem
3211 1850 3510 1903 habendam

331 1931 466 1990 esse.
493 1913 607 1966 XII.
643 1913 1264 1990 Sci-iuturus.aligu'ando
1297 1933 1485 1970 nomen
1517 1920 1712 1971 antoris
1741 1913 2863 1990 nominidilectionisanteferre,“vulgus
2902 1935 3090 1973 nomen
3123 1920 3318 1990 amoris
3354 1921 3512 1988 spiri-

334 1985 460 2037 talis
490 2000 592 2037 non
620 2002 823 2053 capere.
856 1983 996 2038 XIII.
1028 1985 1276 2040 Amorem
1310 1991 1619 2041 exstaticunt
1653 2005 1762 2042 esse
1793 1999 1841 2040 et
1879 1989 2115 2043 zelotem.
2158 1989 2295 2046 XIV.
2330 1983 2605 2054 Quomodo
2642 1983 2788 2043 Deus
2818 1989 2886 2043 sit
2922 2006 3072 2043 amor
3105 1998 3152 2042 et
3187 1983 3423 2055 dilectio,
3457 1996 3510 2042 et

333 2055 584 2128 amabilis
615 2065 662 2108 et
702 2057 972 2128 dilectus;
1003 2066 1051 2109 et
1081 2057 1254 2126 qualis
1287 2060 1355 2111 sit
1381 2058 1545 2111 divini
1579 2059 2067 2128 amoris‘circulus.
2091 2059 2208 2114 XV.
2239 2059 2326 2114 Ex
2356 2058 2643 2114 Hierotlieo
2677 2063 2846 2126 docet,
2877 2059 3137 2128 quomodo
3168 2060 3335 2113 omnis
3360 2077 3512 2115 amor

332 2126 404 2202 sit
435 2126 685 2202 unitirus.
890 2125 1418 2202 Distribuit‘ordines
1457 2131 1678 2202 amoris.
1712 2125 1870 2182 XVII.
1915 2126 2180 2198 Ostendit,
2215 2134 2475 2202 quomodo
2508 2131 2716 2202 divinus
2748 2125 2899 2182 amor
2925 2146 2991 2202 ea;
3027 2129 3158 2202 Deo,
3198 2146 3287 2202 per
3320 2130 3510 2202 Deum,

332 2196 395 2249 in
421 2195 918 2270 Deuml'eyolvjtur.
941 2194 1126 2270 XVIII.
1164 2195 1379 2270 Objicit,
1410 2214 1504 2250 cur
1523 2200 1784 2270 daemones
1812 2215 1916 2253 non
1941 2194 2180 2268 expetant
2205 2194 2483 2269 pulchrum
2507 2210 2554 2253 et
2580 2199 2791 2263 bonum,
2817 2211 2864 2253 et
2889 2200 3166 2270 petitquid
3194 2194 3264 2253 sit
3291 2194 3510 2267 malum,

332 2277 382 2319 et
415 2265 738 2338 unde._XlX.
761 2266 1082 2338 Respondet,
1107 2266 1303 2321 malum
1328 2285 1430 2321 non
1456 2285 1565 2322 esse
1586 2285 1651 2322 ea:
1678 2269 1833 2332 bono,
1863 2281 1910 2322 et
1928 2265 2181 2338 quidquid
2205 2265 2280 2324 est
2314 2272 2502 2323 bonum
2530 2287 2658 2332 esse,
2679 2265 2919 2324 virtutem
2950 2265 3121 2323 autem
3147 2270 3273 2324 vitio
3298 2265 3512 2322 contra;

333 2338 495 2410 riuri.
532 2335 648 2391 XX.
682 2335 888 2410 Malum
929 2353 1032 2410 qua
1059 2338 1260 2391 malum
1291 2340 1359 2410 ad
1390 2339 1521 2391 nihil
1545 2338 1672 2391 utile
1699 2354 1808 2410 esse
1837 2350 1911 2399 ;et
1943 2335 2196 2410 quidquid
2227 2342 2400 2394 existit
2429 2345 2711 2394 secundum
2739 2341 2862 2392 boni
2885 2341 3369 2409 participationem,
3403 2355 3516 2393 esse

331 2406 392 2459 id
421 2409 790 2482 quodexsistit
812 2425 831 2472 ;
851 2417 905 2482 et
932 2409 1058 2462 vitia
1080 2424 1189 2482 pra:
1216 2425 1270 2463 se
1296 2408 1434 2482 f_e_r_r_e
1453 2410 1740 2482 quamdam
1773 2409 1890 2462 boni
1912 2406 2131 2482 speciem
2157 2411 2316 2482 351
2363 2412 2457 2464 sub
2493 2427 2600 2480 qua
2627 2406 2979 2479 appetuntur;
3008 2420 3057 2482 et
3079 2406 3291 2463 malum
3322 2426 3518 2477 purum

334 2494 446 2531 non
471 2480 740 2544 exsistere,
768 2479 858 2532 sed
885 2479 1016 2532 bono
1048 2477 1473 2550 ntistum.XXI.
1496 2477 1700 2532 Malunt
1730 2495 1831 2533 non
1860 2496 1970 2550 esse
1995 2481 2048 2534 in
2080 2477 2252 2545 rebus:
2274 2477 2328 2536 ῐι
2364 2477 2676 2534 dualitatem
2697 2477 2805 2534 non
2833 2481 3153 2550 principiare
3175 2521 3188 2545 ,
3221 2484 3305 2534 sed
3333 2481 3516 2532 unita-

334 2560 446 2622 tem
469 2561 514 2600 et
549 2550 879 2622 bo_t_tu_m_ess_e
903 2550 1221 2622 paciﬁcum;
1250 2549 1448 2602 malum
1471 2559 1645 2602 autem
1674 2565 1766 2602 nec
1794 2565 1858 2602 ea:
1880 2549 1993 2622 Deo
2030 2567 2120 2604 nec
2144 2553 2196 2605 in
2226 2553 2332 2606 Deo
2357 2568 2488 2604 esse.
2522 2549 2685 2606 XXII.
2715 2551 2782 2603 In
2809 2549 3010 2622 angelis
3033 2567 3238 2622 quoque
3275 2567 3376 2603 non
3404 2565 3518 2622 esse

333 2620 562 2672 malum.
599 2615 784 2676 XXIII.
825 2615 965 2683 Quin
1005 2615 1096 2673 nec
1132 2622 1392 2673 dwmones
1418 2630 1752 2690 rnatura‘sua
1782 2619 1948 2674 malos
1972 2637 2101 2686 esse,
2131 2624 2222 2675 sed
2260 2639 2348 2690 per
2372 2622 2631 2690 defectum
2663 2615 3018 2690 angelicorum
3045 2615 3319 2690 "bonorum
3345 2635 3362 2681 ,°
3394 2620 3516 2672 illos

338 2701 519 2762 autem
562 2705 665 2742 non
709 2691 1010 2762 perdidisse
1036 2691 1167 2743 vires
1210 2689 1502 2762 naturales.
1533 2687 1738 2762 XXIV.
1774 2691 1877 2753 An,
1906 2701 1953 2745 et
1999 2693 2125 2762 quid
2152 2694 2205 2746 in
2248 2687 2446 2746 animis
2475 2694 2671 2744 malum
2715 2687 2804 2759 sit,
2838 2689 3271 2762 disseritLXXV.
3303 2691 3412 2762 Nec
3460 2691 3518 2744 in

338 2761 515 2811 brutis
545 2762 624 2812 ait
655 2759 1102 2831 quident‘rnalum
1141 2777 1269 2814 esse.
1297 2758 1484 2815 XXVI.
1523 2760 1635 2813 Nec
1662 2761 1718 2814 in
1754 2776 1929 2814 rerum
1960 2758 2174 2819 natura.
2207 2762 2420 2816 XXVII.
2467 2762 2582 2815 Nec
2609 2764 2662 2814 in
2694 2758 3022 2831 corporibus.
3056 2759 3292 2814 XXVIII.
3325 2759 3436 2831 Nec
3466 2762 3522 2812 in

340 2832 569 2884 materia
598 2827 797 2902 prima.
829 2827 1022 2902 XXIX.
1052 2828 1159 2884 Sed
1200 2846 1290 2894 nec
1314 2832 1662 2898 privationem
1688 2847 1781 2897 per
1808 2848 1862 2885 se
1883 2848 1994 2887 esse
2022 2833 2240 2887 malum.
2268 2831 2436 2886 XXX.
2470 2831 2727 2900 Exponit,
2755 2827 2880 2902 quid
2912 2833 2981 2885 sit
3008 2832 3196 2884 bonum
3222 2843 3269 2884 et
3297 2829 3524 2889 malum.

338 2911 393 2952 et
425 2898 814 2971 undeLXXXI.
850 2901 1120 2971 bonorum
1149 2918 1366 2955 causam
1405 2901 1479 2953 ait
1516 2918 1625 2956 esse
1646 2919 1828 2968 unam,
1855 2903 2112 2956 malorum
2136 2920 2254 2957 vero
2279 2904 2512 2968 multas;
2551 2898 2598 2954 et
2631 2917 2696 2955 ex
2719 2898 2850 2956 bono
2879 2913 2925 2955 et
2955 2912 3168 2971 propter
3200 2903 3389 2971 bonum
3411 2914 3525 2971 esse

340 2973 547 3043 omnia.
575 2969 792 3024 XXXII.
838 2970 1042 3023 Malum
1073 2982 1277 3025 tantum
1302 2987 1413 3025 esse
1433 2988 1526 3040 per
1554 2973 1838 3039 accidens;
1862 2983 1906 3026 et
1935 2973 2095 3027 simul
2117 2975 2300 3041 tradit,
2324 2974 2450 3043 quid
2473 2976 2541 3026 sit
2578 2977 2798 3037 malum,
2828 2983 2875 3026 et
2906 2969 3032 3040 quid
3064 2973 3248 3039 possit.
3277 2970 3522 3025 XXXIII.

339 3041 598 3107 Discutit,
622 3043 901 3113 quanton
923 3051 1159 3113 exstante
1180 3043 1510 3111 providentia
1546 3053 1666 3097 sunt
1701 3043 1880 3113 aliqua
1911 3045 2077 3107 mala,
2110 3055 2156 3097 et
2191 3041 2412 3098 ostendit
2435 3043 2818 3113 providentiam
2856 3053 3525 3113 rerum__n_r_ttu_rasservare

342 3109 656 3166 inviolatos.
685 3109 928 3185 XXXIV.
957 3112 1042 3164 Ait
1077 3109 1276 3185 malum
1307 3128 1412 3165 non
1442 3128 1552 3167 esse
1595 3129 1703 3185 rem
1739 3109 1994 3182 aliquam,
2035 3130 2198 3185 neque
2227 3109 2537 3185 potentiam,
2573 3115 2664 3167 sed
2704 3113 2985 3180 defectum.
3029 3109 3252 3165 XXXV.
3292 3111 3526 3165 lnscitiw

341 3188 621 3252 peccatum
643 3184 798 3251 quale
828 3184 920 3250 sit,
943 3193 992 3235 et
1021 3183 1148 3254 quia
1175 3184 1228 3235 in
1250 3192 1467 3250 peccato
1493 3200 1645 3253 paena
1667 3184 1905 3254 dignum.

1853 3323 1970 3398 §I.

349 3468 478 3527 Εἶεν
499 3473 562 3545 δὴ
583 3467 694 3537 οὖν,
734 3470 819 3524 ἐπ’
861 3471 1028 3543 αὐτὴν
1072 3469 1172 3542 ήδη
1210 3468 1287 3539 τῷ
1325 3468 1466 3539 λόγῳ
1494 3468 1591 3540 τὴν
1637 3469 1855 3539 ἀγαθω-

2029 3473 2145 3540 Age
2174 3484 2323 3539 ergo,
2350 3468 2465 3539 jam
2500 3469 2568 3524 ad
2598 3469 2773 3539 ipsum
2806 3480 3005 3522 nomen
3042 3465 3169 3520 boni
3216 3457 3528 3532 progredia-

276 3567 480 3640 νυμίαν
527 3567 790 3637 χωρῶμεν
811 3565 958 3635 ⁸⁸,ἣν
1010 3561 1358 3636 ὲξῃρημένως
1401 3563 1448 3614 οἱ
1505 3560 1744 3629 Θεολόγοι
1790 3562 1856 3633 τῇ

279 3659 533 3732 ὑπερθέῳ
571 3658 816 3730 θεότητι,
861 3656 954 3710 καὶ
990 3657 1096 3709 ἀπὸ
1138 3655 1354 3708 πάντων
1385 3653 1734 3726 ἀφορίζουσιν
1765 3654 1862 3706 αὑ-

279 3753 415 3826 τὴν,
442 3752 517 3816 ὡς
553 3747 736 3823 οἶμαι,
784 3753 880 3823 τὴν
919 3749 1210 3821 Θεαρχικὴν
1250 3747 1481 3819 ὓπαρξιν
1504 3788 1518 3813 ,
1551 3746 1861 3818 ἀγαθότητα

281 3844 532 3916 λέγοντες
551 3863 564 3874 ·
607 3847 698 3898 καὶ
719 3846 798 3898 ὅτι
824 3843 901 3915 τῷ
929 3839 1064 3895 εἷναι
1086 3843 1127 3873 ⁶⁹
1159 3840 1220 3894 τὸ
1243 3839 1444 3909 ἀγαθὸν
1467 3879 1481 3904 ,
1506 3839 1582 3902 ὼς
1606 3837 1860 3902 οὐσιῶδες

285 3945 510 4016 ἀγαθὸν,
539 3948 616 4008 εἰς
640 3945 816 3998 πάντα
840 3943 910 3998 τὰ
929 3943 1058 3996 ὄντα
1101 3939 1351 3994 διατείνει
1391 3939 1489 4010 τὴν
1528 3936 1858 4009 ἀγαθότητα.

285 4039 398 4094 Καὶ
419 4038 528 4112 γὰρ
551 4037 738 4109 ὥσπερ
774 4039 802 4090 ὁ
830 4035 950 4090 καθ’
984 4035 1128 4107 ἡμᾶς
1157 4033 1327 4104 ἣλιος,
1358 4032 1417 4084 οὗ
1453 4029 1798 4101 λογιζόμενος
1829 4029 1862 4100 ἢ

288 4140 754 4209 προαιρούμενος,
799 4131 910 4185 ἀλλ’
957 4128 1104 4198 αὐτῷ
1138 4126 1213 4199 τῷ
1246 4123 1383 4181 εἶναι
1423 4125 1645 4196 φωτίζει
1686 4125 1865 4178 πάντα

285 4230 357 4284 τὰ
383 4229 629 4302 μετέχειν
654 4224 748 4279 τοῦ
773 4224 948 4296 φωτὸς
975 4220 1137 4276 αὐτοῦ
1168 4219 1308 4274 κατὰ
1347 4219 1438 4272 τὸν
1476 4220 1672 4272 οἰκεῖον
1708 4217 1864 4272 δυνά-

293 4341 430 4397 μενα
478 4323 632 4391 λόγον
662 4337 674 4351 ·
733 4319 879 4372 οὕτω
918 4317 984 4386 δὴ
1034 4317 1127 4369 καὶ
1169 4312 1406 4383 τάγαθὸν
1460 4312 1620 4383 (ὑπὲρ
1675 4310 1865 4381 ἣλιον,

290 4418 366 4483 ὡς
389 4418 530 4486 ὑπὲρ
569 4413 815 4486 ἀμυδρὰν
857 4411 1038 4465 εἰκόνα
1078 4409 1139 4462 τὸ
1186 4405 1601 4478 ὲξῃρημένωςτθ
1636 4404 1866 4476 ἀρχέτυ-

291 4529 394 4566 πον
438 4509 576 4580 αὐτῇ
619 4509 686 4577 τῇ
743 4502 1006 4577 ὑπάρξει)
1054 4503 1187 4556 πᾶσι
1234 4503 1348 4563 τοῖς
1395 4494 1542 4552 οὖσιν
1593 4497 1869 4565 ἀναλόγως

292 4602 480 4674 ἐφίησι
502 4599 601 4664 τὰς
635 4599 734 4670 τῆς
771 4596 897 4668 ὅλης
944 4593 1277 4664 ἀγαθότητος
1316 4593 1558 4652 ἀκτῖνας.
1600 4589 1697 4641 Διὰ
1735 4586 1869 4641 ταύ-

290 4713 390 4759 τας
412 4694 720 4762 ὑπέστησαν
742 4691 795 4742 αἱ
822 4688 1008 4758 νοηταὶ
1029 4688 1123 4740 καὶ
1145 4685 1326 4756 νοερςιιὶ¹
1352 4686 1521 4738 πᾶσαι
1549 4683 1643 4736 καὶ
1670 4682 1866 4746 οὐσίαι,

293 4788 392 4842 καὶ
434 4787 692 4856 δυνάμεις
739 4784 832 4838 καὶ
873 4781 1181 4854 ἐνέργειαι,
1231 4777 1317 4831 διὰ
1365 4777 1565 4840 ταύτας
1616 4776 1723 4828 εἰσὶ
1776 4775 1871 4830 καὶ

1964 3584 2105 3635 mur,
2154 3569 2295 3637 quod
2337 3575 2588 3635 exempte
2633 3565 2700 3620 ab
2751 3564 3005 3629 omnibus
3049 3559 3316 3615 divinitati
3366 3570 3529 3623 supra

1963 3662 2303 3718 divinitatem
2335 3661 2637 3714 attribuunt
2668 3657 2922 3724 theologi,
2958 3665 3246 3715 vocantes,
3285 3659 3342 3704 ut
3385 3650 3531 3702 arbi-

1963 3762 2098 3818 tror,
2130 3753 2426 3813 bonitatem
2458 3752 2628 3821 ipsam
2663 3749 2960 3804 essentiam
3010 3745 3281 3806 divinam,
3332 3739 3533 3792 divini-

1964 3845 2173 3902 tatis“’
2203 3845 2504 3915 originem;
2537 3855 2591 3897 et
2621 3842 2748 3912 quia
2797 3841 2877 3896 sic
2924 3836 3164 3892 essentia
3214 3848 3308 3889 sua
3361 3831 3535 3884 bonus

1965 3947 2049 3993 est
2071 3937 2235 4002 Deus,
2267 3946 2324 3989 ut
2351 3943 2612 4003 tanquam
2642 3928 3001 3988 substantiale
3040 3931 3239 3980 bonum
3265 3963 3278 3987 ,
3326 3921 3537 3976 bonita-

1965 4038 2072 4083 tem
2105 4029 2161 4082 in
2195 4027 2378 4082 omnia
2428 4025 2692 4096 porrigat.
2741 4021 3206 4089 Quemadmodum
3255 4014 3403 4068 enim
3457 4009 3539 4064 sol

1967 4122 2055 4176 ille
2087 4129 2273 4176 noster
2306 4134 2410 4175 non
2453 4120 2786 4188 cogitatione
2833 4125 2923 4170 aut
2975 4112 3252 4166 voluntate
3278 4147 3293 4172 ,
3342 4104 3436 4159 sed
3471 4117 3538 4157 eo

1967 4215 2086 4286 ipso
2117 4214 2259 4286 quod
2291 4222 2395 4278 est,
2426 4211 2701 4268 illuminat
2729 4208 2978 4264 universa
3010 4218 3131 4273 quae
3166 4213 3387 4270 quoquo
3423 4208 3540 4248 mo-

1967 4311 2036 4365 do
2061 4308 2197 4363 lucis
2226 4306 2342 4376 ejus
2367 4317 2496 4361 sunt
2523 4302 2745 4373 capacia
2771 4323 2781 4356 :
2820 4300 2899 4355 sic
2928 4297 3092 4353 etiam
3124 4295 3301 4362 ipsum
3331 4292 3535 4342 bonum

1970 4402 2137 4474 (quod
2164 4415 2272 4455 non
2299 4413 2458 4454 secus
2484 4403 2704 4466 praestat
2747 4392 2850 4447 soli
2894 4405 3056 4460 quam
3107 4386 3367 4452 primaeva
3416 4393 3542 4450 spe-

1970 4497 2083 4551 cies
2115 4493 2336 4562 imagini
2366 4488 2632 4556 obscnras)
2668 4485 2903 4554 ipsumet
2935 4478 3243 4536 substantia
3275 4488 3374 4528 sua
3402 4512 3416 4536 ,
3457 4485 3544 4524 re-

1970 4589 2072 4642 bus
2105 4585 2356 4641 omnibus
2382 4623 2397 4647 ,
2433 4597 2530 4653 pro
2558 4579 2825 4649 cujusque
2857 4585 3016 4642 captu
3045 4613 3059 4638 ,
3097 4571 3261 4626 totius
3288 4562 3547 4621 bonitatis

1973 4694 2086 4734 sua:
2115 4678 2298 4732 radios
2329 4673 2576 4729 aﬂ'undit.
2619 4672 2714 4726 llis
2749 4667 3112 4723 constiterunt
3153 4673 3340 4715 omnes
3387 4653 3548 4708 intel-

1974 4773 2180 4828 lectiles
2205 4787 2268 4825 ac
2296 4771 2664 4838 intelligenles
2707 4762 3026 4819 substantias
3047 4798 3060 4820 ,
3097 4765 3152 4810 et
3180 4755 3413 4807 virtutes
3434 4787 3449 4812 ,
3495 4754 3551 4800 et

294 4879 445 4951 ζωὴν
474 4842 653 4948 έχουσι
672 4842 716 4908 I‘
746 4876 844 4947 τὴν
871 4842 1218 4928 ἀνέὶιλειπτον
1256 4871 1350 4924 καὶ
1393 4869 1662 4940 ἀμείωτον
1685 4908 1698 4932 ,
1727 4867 1865 4920 ἀπά-

1976 4868 2358 4938 operationes;
2397 4867 2586 4918 horum
2621 4860 2825 4912 virtute
2853 4861 2998 4918 sunt,
3043 4852 3317 4915 vitantque
3349 4842 3550 4944 habent

296 4992 402 5045 σης
448 4974 668 5044 φθορᾶς,
710 4971 804 5024 καὶ
847 4970 1073 5023 Θανάτου
1101 5009 1115 5033 ,
1159 4969 1252 5021 καὶ
1294 4967 1424 5038 ὕλης
1472 4965 1566 5019 καὶ
1605 4961 1871 5030 γενέσεως

294 5067 734 5137 καθαρεύουσαι,
780 5061 874 5115 καὶ
914 5062 1013 5131 τῆς
1060 5060 1288 5114 ἀστάτου
1333 5059 1428 5112 καὶ
1472 5055 1737 5128 ῥευστῆς,
1783 5055 1876 5107 καὶ

293 5158 492 5215 ἄλλοτε
539 5157 710 5219 ἄλλως
751 5153 1054 5226 φερομένης
1096 5150 1428 5212 ἀλλοιώσεως
1472 5145 1837 5217 ἀνῳκισμὲναι
1861 5162 1873 5174 ·

297 5250 400 5305 καὶ
447 5249 521 5311 ὡς
567 5246 845 5318 ἀσώματοι
885 5246 977 5296 καὶ
1015 5242 1165 5296 ἄῦλοι
1210 5240 1471 5304 νοοῦνται,
1517 5240 1610 5291 καὶ
1647 5238 1721 5300 ὡς
1761 5236 1878 5299 νὸες

297 5341 690 5412 ὑπερκοσμὶως
734 5339 950 5402 νοοῦσι,
1003 5339 1096 5390 καὶ
1134 5338 1258 5400 τοὺς
1301 5336 1409 5388 τῶν
1450 5334 1618 5387 ὄντων
1663 5330 1879 5393 οἰκείως

299 5433 670 5504 ἑλλάμπονται
699 5433 909 5500 λόγους,
953 5431 1043 5484 καὶ
1079 5425 1231 5491 αὖθις
1272 5431 1350 5490 εἰς
1388 5427 1455 5480 τὰ
1505 5425 1772 5494 συγγενῆ,
1813 5423 1881 5475 τὰ

1981 4936 2366 5030 sempiternam
2400 4967 2453 5010 et
2483 4952 2903 5014 indelicientem,
2930 4946 2997 5000 ab
3028 4941 3173 4998 omni
3199 4936 3552 5004 corruptione

1984 5068 2048 5106 ac
2077 5061 2275 5115 morte,
2308 5058 2362 5104 et
2393 5049 2623 5103 materia
2672 5043 3133 5116 generationeque
3177 5033 3361 5087 libera:
3387 5069 3402 5092 ,
3454 5041 3554 5125 nec

1986 5160 2090 5199 non
2114 5145 2181 5198 ab
2211 5142 2449 5197 instabili
2483 5139 2737 5208 ﬂuxaque
2761 5177 2776 5203 ,
2830 5149 2950 5203 qua:
2979 5132 3031 5184 in
3069 5129 3284 5181 diversa
3322 5121 3556 5175 diversi-

1986 5237 2144 5290 mode
2193 5235 2363 5289 fertur
2416 5229 2818 5300 permutatione
2868 5228 3090 5277 semotae
3120 5259 3135 5285 ,
3187 5224 3240 5270 et
3296 5223 3556 5279 tanquam

1986 5331 2324 5400 incorporea:
2377 5338 2431 5382 et
2481 5322 2872 5380 immateriales
2925 5315 3340 5384 intelliguntur,
3393 5311 3448 5358 et
3500 5306 3549 5352 ut

1988 5431 2198 5476 mentes
2249 5416 2763 5491 superinundialiter
2811 5412 3161 5480 intelligunt,
3212 5413 3375 5472 atque
3423 5407 3555 5464 pro-

1604 5561 1838 5617 VAIIUE
1876 5557 2275 5615 LECTIONES.

307 5690 362 5726 ⁸⁸
393 5693 447 5744 in
477 5689 534 5744 S.
562 5697 869 5758 correctum
906 5699 1040 5753 erat,
1073 5685 1378 5758 χωροῦμεν.

311 5763 568 5835 ρημένον,
603 5763 664 5816 υ.
743 5761 784 5792 ⁷¹
827 5755 957 5820 ζῶσι
988 5755 1479 5828 καὶζωὴνέχουσι,
1520 5756 1577 5810 D.
1612 5758 1732 5810 δην.

1458 5686 1521 5715 ⁵⁸⁸
1559 5684 1767 5738 scilicet
1810 5695 1994 5742 creata:
2025 5695 2117 5737 seu
2153 5679 2512 5751 participatis.

2594 5679 2636 5710 ⁸9
2669 5678 2760 5730 καί
2789 5675 2883 5743 ἔτι,
2913 5671 2967 5729 S.
2999 5672 3057 5724 τὸ
3080 5665 3237 5731 εἶναι,
3264 5662 3323 5717 Ρ.
3368 5661 3410 5691 ⁷⁰
3435 5655 3559 5726 ἐξῃο
