4178 6312
713 262 816 319 695

1889 274 1948 330 S.
1991 273 2294 332 DlONYSll
2331 276 2795 338 AREOPAGITE

712 384 851 455 priis
880 399 1065 440 rerum
1103 390 1409 446 rationibus
1441 390 1822 462 illustrantur;
1864 409 2193 465 rursumque
2240 396 2282 449 in

2398 400 2573 453 οἰκεῖα
2612 401 3089 473 διαπορθμεύουσι.
3120 406 3229 459 Καὶ
3266 405 3365 478 τὴν
3410 407 3576 480 μονὴν
3609 409 3675 463 ἐκ
3706 408 3807 481 τῆς
3848 411 3996 482 ἀγα⁹

711 490 775 530 ra
803 490 925 546 qua:
970 477 1078 534 illis
1120 492 1351 551 cognata
1405 492 1536 538 sunt
1586 500 1683 540 sua
1734 501 1963 541 munera
2016 487 2288 544 derivant.

712 567 1051 625 Hansionem
1102 587 1321 644 quoque
1374 589 1404 630 a
1452 576 1699 633 bonitate
1756 578 1997 646 habent;
2047 581 2178 651 quin
2235 590 2291 634 et

711 676 902 717 earum
932 661 1164 720 ﬁrmitas
1188 666 1353 733 hinc,
1385 678 1441 724 et
1470 669 1747 726 stabilitas
1768 711 1784 736 ,
1813 683 1868 725 et
1896 672 2246 728 conservatio
2274 712 2289 737 ,

711 753 1089 826 bonorumque
1117 757 1381 831 pabulum
1408 763 1642 831 pendet;
1683 772 1741 819 et
1785 765 1914 820 dum
1946 763 2093 819 illam
2124 777 2291 833 appe-

712 854 851 913 tunt,
885 855 992 901 tam
1017 856 1076 901 ut
1100 850 1229 913 sint,
1264 866 1428 921 quam
1457 862 1515 908 ut
1544 853 1685 911 bene
1716 855 1852 922 sint,
1888 856 2158 922 obtinent,
2188 872 2289 912 nec

708 949 818 991 non
848 936 948 1005 illi,
982 948 1247 1009 quantum
1294 942 1384 1000 fas
1437 954 1563 1013 est,
1612 948 2069 1015 conformantur,
2125 959 2293 1017 atque

708 1028 837 1083 boni
874 1030 1114 1098 speciem
1156 1048 1268 1102 prae
1296 1049 1355 1091 se
1384 1034 1590 1105 ferunt,
1620 1048 1699 1106 et,
1742 1039 1900 1107 juxta
1944 1041 2079 1111 legis
2120 1041 2294 1097 dicta-

708 1132 855 1186 uten,
885 1120 1175 1179 inferiores
1205 1140 1336 1181 suos
1367 1127 1635 1183 donorum
1668 1144 1736 1185 ex
1759 1144 1972 1187 summo
1998 1131 2142 1188 bono
2165 1146 2293 1202 pro-

706 1216 1047 1271 manantium
1082 1218 1378 1291 participes
1410 1221 1665 1278 reddunt.

2400 486 2624 559 θότητος
2648 489 2826 561 ἔχουσι
2847 507 2859 519 ·
2893 492 2986 545 καὶ
3012 493 3218 565 ἵδρυσις
3244 496 3436 561 αὐταῖς
3462 497 3670 552 ἐκεῖθέν
3710 499 3849 564 ἐστι,
3891 502 3994 557 καὶ

2401 583 2615 652 συνοχὴ,
2646 584 2739 636 καὶ
2780 584 3012 657 φρουρὰ,
3060 586 3155 639 καὶ⁸
3197 586 3351 641 ἑστία
3369 588 3413 621 ⁷³
3456 589 3567 645 τῶν
3602 590 3857 659 ἀγαθῶν,
3892 595 3995 649 καὶ

2398 674 2569 745 αὐτῆς
2595 676 2900 748 ὲφιέμεναι,
2928 681 3105 733 καὶτὸ
3132 676 3270 735 εἴναι
3301 683 3396 735 καῖ⁵
3414 681 3478 736 τὸ
3506 678 3565 737 εὖ
3600 680 3741 738 εῖναι
3774 684 3991 756 ἔχουσι,

2398 767 2492 821 καὶ
2519 768 2654 841 πρὸς
2676 772 2844 844 αὐτὴν
2863 772 2938 837 ὠς
2970 774 3193 843 ἐφικτὸν
3232 774 3676 847 ἀποτυπούμεναι
3718 778 3813 831 καὶ
3847 780 3997 849 ἀγαμ-

2400 864 2623 928 θοειδεῖς
2667 867 2772 919 εἰσι
2811 868 2903 920 καὶ
2941 869 3062 932 ταῖς
3096 868 3214 939 μετ’
3259 867 3428 933 αὺτάς
3470 870 3817 924 κοινωνοῦσιν
3846 872 3931 936 ὡς
3965 873 3997 927 δ

2397 956 2540 1022 θεῖος
2564 956 2761 1028 θεσμὸς
2796 959 3118 1031 ὑφηγεῖται,
3160 960 3269 1014 τῶν
3312 961 3393 1025 εἰς
3434 959 3605 1027 αὑτὰς
3639 962 3704 1016 ὲκ
3739 961 3994 1033 τάγαθοῖι

2395 1050 2859 1123 διαφοιτησάντων
2885 1052 3091 1125 δώρων.

2256 1364 2284 1437 5
2318 1359 2394 1421 ιι.

760 1495 890 1553 Inde
908 1497 1012 1553 illis
1030 1500 1250 1559 ordines
1265 1517 1325 1558 su
1333 1508 1751 1573 permundiales.
1766 1510 1929 1581 352
1942 1525 2129 1565 earum
2150 1511 2293 1565 inter

704 1604 763 1646 se
801 1590 1241 1662 conjunctiones,
1278 1605 1484 1654 mutate
1525 1602 1903 1671 susceptiones
1926 1641 1941 1665 ,
1994 1601 2291 1657 inconfusaa

2479 1505 2718 1560 Ἐκεῖθεν
2758 1507 2950 1570 αὐταῖς
2988 1508 3045 1561 αἱ
3089 1507 3447 1580 ὑπερκόσμιοι
3483 1505 3701 1573 τάξεις,
3746 1507 3803 1560 αι
3846 1506 3995 1577 πρὸς

2397 1601 2596 1665 ἑαυτὰς
2629 1600 2869 1666 ἑνώσεις,
2900 1601 2954 1654 ai
2983 1601 3043 1653 ὲν
3065 1600 3321 1673 ἀλλήλαις
3364 1601 3637 1673 χωρήσεις
3662 1640 3676 1665 ,
3714 1601 3771 1653 ai.
3810 1598 3992 1667 ἀσύγ-

703 1683 1107 1753 distinctiones,
1138 1687 1367 1745 virtutes
1396 1692 1512 1747 ista:
1540 1693 1739 1763 quibus
1786 1693 2073 1750 inferiores
2114 1694 2282 1750 addu-

2396 1709 2544 1763 χυτοι
2573 1691 2893 1763 διακρίσεις,
2920 1694 2977 1746 al
3002 1692 3139 1765 πρὸς
3160 1690 3261 1757 τὰς
3284 1693 3563 1764 κρείττους
3584 1690 3929 1761 ἀναγωγικαὶ
3944 1688 3995 1721 ⁷³

703 1790 904 1835 cuntur
928 1781 998 1836 ad
1026 1782 1361 1853 superiores,
1394 1787 1747 1856 providentiae
1784 1792 2132 1860 superiorum
2180 1793 2290 1849 cir-

630 1936 637 1943 ν,
703 1886 772 1928 ca
807 1873 1122 1942 inferiores,
1155 1876 1450 1945 cujuslibet
1480 1881 1742 1937 virtutum
1790 1901 2012 1939 suarum
2061 1902 2288 1941 conser-

704 1965 978 2034 vationes,
1008 1978 1064 2023 et
1088 1970 1459 2029 imtnutabiles
1479 1973 1532 2028 in
1557 1975 1879 2045 semetipsas
1899 1976 2286 2043 revelationes,

704 2065 897 2120 eadem
950 2074 1117 2137 atque
1166 2082 1377 2124 summa
1427 2072 1627 2127 summi
1685 2070 1811 2127 boni
1879 2073 2189 2139 desideria,
2234 2084 2291 2130 et

702 2172 1044 2229 quaecunque
1074 2158 1179 2215 alia
1207 2160 1261 2215 in
1295 2170 1533 2217 tractatu
1568 2161 1643 2218 De
1673 2165 2086 2234 praprietatibus
2134 2176 2290 2235 atque

702 2251 974 2306 ordinibus
1015 2252 1323 2322 angelorum
1368 2269 1398 2309 a
1441 2255 1600 2312 nobis
1649 2267 1777 2312 sunt
1825 2269 2285 2327 commemorata;

699 2344 948 2415 quinimo
975 2347 1140 2401 etiam
1168 2362 1288 2418 quae
1314 2348 1383 2402 ad
1414 2348 1698 2403 caelestem
1730 2350 2097 2408 bierarcliiam
2156 2362 2288 2418 Spe-

704 2447 875 2507 ctant,
894 2439 1229 2510 utangelicaz
1254 2440 1637 2509 lustrationes,
1670 2443 2129 2512 supermundana:
2167 2442 2291 2496 illu-

702 2530 1034 2587 minationes
1086 2533 1365 2602 totiusque
1413 2532 1677 2605 angelica:
1732 2533 2088 2605 perfectionis
2147 2549 2285 2591 con-

699 2622 1015 2690 summatio,
1044 2639 1114 2679 ex
1143 2624 1437 2681 universali
1469 2641 1635 2682 causa
1686 2625 1989 2698 fontalique
2040 2627 2287 2681 bonitate

701 2715 1144 2787 proﬁciscuntur,
1178 2730 1246 2773 ex
1278 2732 1383 2789 qua
1411 2717 1579 2774 etiam
1630 2718 1864 2791 ipsamet
1911 2718 2085 2773 forma
2130 2717 2286 2774 boni-

698 2808 829 2865 tatis
862 2807 996 2880 ipsis
1024 2808 1151 2864 data
1180 2817 1287 2877 est,
1313 2823 1748 2879 concessumque
1774 2851 1789 2877 ,
1824 2819 1882 2865 ut
1921 2809 2181 2865 latentem
2227 2809 2283 2864 in

698 2909 760 2955 se
808 2896 1113 2954 bonitatem
1165 2896 1382 2954 valeant
1431 2898 1767 2967 enuntiare,
1831 2900 2053 2972 sintque
2104 2899 2284 2972 angeli

698 2991 846 3048 velut
875 2991 1204 3062 interpretes
1227 2990 1395 3048 divini
1428 2991 1631 3049 silentii
1658 3034 1673 3059 ,
1698 3002 1775 3049 et
1828 3001 2090 3065 tanquam
2132 2994 2283 3051 clara

2390 1786 2499 1839 τῶν
2542 1785 2855 1856 ὑφειμένων
2898 1784 3178 1855 δυνάμεις,
3210 1787 3267 1839 ai
3312 1783 3540 1856 περὶτὰ
3581 1783 3809 1855 δεύτερα
3849 1780 3994 1854 πρό-

2390 1896 2529 1932 νοιαι
2574 1878 2683 1932 τῶν
2732 1878 3154 1949 πρεσὸυτὲρων,
3207 1878 3263 1931 ai
3316 1876 3427 1930 τῶν
3475 1877 3692 1931 οἰκείων
3742 1876 3992 1946 ἑκάστης

2388 1970 2671 2042 δυνάμεως
2694 1971 2961 2044 φρουραὶ,
2999 1969 3095 2023 καὶ
3117 1968 3246 2041 περὶ
3283 1968 3485 2033 ἑαυτὰς
3504 1969 3551 2000 ⁷⁵
3596 1969 3995 2040 ἀμετάπτωτοι

2392 2063 2705 2132 συνελίξεις,
2732 2063 2941 2134 αἱπερὶ
2981 2062 3082 2132 τὴν
3119 2060 3308 2132 ἔφεσιν
3341 2049 3581 2131 τάγαθοῦ
3616 2060 3951 2130 ταύτότητες
3972 2099 3991 2126 ,

2389 2159 2483 2211 καὶ
2530 2156 2869 2229 ἀκρότητες,
2909 2155 3006 2210 καὶ⁵
3046 2156 3149 2209 ὅσα
3197 2153 3335 2209 ἄλλα
3380 2153 3595 2226 εἴρηται
3639 2152 3778 2224 πρὸς
3824 2152 3994 2224 ἡμῶν

2389 2252 2448 2303 ὲν
2470 2249 2549 2321 τῷ
2571 2249 2712 2317 Περὶ
2740 2247 2859 2303 τῶν
2885 2247 3222 2319 ἁττελικῶν
3248 2245 3556 2313 ιὸιοτήτων
3591 2245 3688 2298 καὶ
3715 2243 3947 2308 τάξεων
3970 2261 3990 2277 ο

2389 2344 2525 2398 ἀλλά
2551 2345 2647 2399 καὶ
2669 2344 2771 2397 ὅσα
2790 2343 2891 2413 τῆς
2914 2341 3173 2414 οὐρανίας
3196 2340 3481 2414 ίεραρχίας
3520 2339 3671 2394 ἐστὶν
3692 2378 3707 2403 ,
3734 2339 3789 2391 ai
3817 2338 3993 2406 ἀγγε-

2389 2436 2683 2508 λοπρεπετς
2726 2436 3037 2507 καθάρσεις,
3085 2434 3141 2488 αἱ
3184 2432 3543 2505 ὑπερκόσμιοι
3586 2428 3990 2501 φωταγωγίαι,

2389 2531 2484 2585 καὶ
2508 2529 2580 2585 τὰ
2599 2527 2954 2601 τελεσιουργά
2970 2529 3017 2560 ⁷⁸
3057 2527 3158 2598 τῆς
3196 2523 3332 2599 ὅλης
3373 2524 3669 2595 ἀηελικῆς
3710 2520 3991 2593 τελειότη-

2387 2644 2499 2691 τος,
2523 2628 2588 2680 ὲκ
2611 2626 2711 2698 τῆς
2736 2625 3017 2679 παναιτίου
3042 2623 3136 2678 καὶ
3173 2621 3415 2695 πηγαίας
3453 2620 3600 2673 ἐστὶν
3620 2616 3987 2689 ἀγαθότητος,

2388 2718 2449 2785 ἐξ
2472 2714 2540 2793 ἦς
2566 2719 2661 2774 καὶ⁵
2692 2719 2753 2773 τὸ
2791 2718 3105 2788 ἀγαθοειδὲς
3143 2716 3335 2780 αὐταῖς
3370 2710 3619 2785 ἐδωρήθη
3643 2751 3659 2776 ,
3684 2709 3779 2764 καὶ
3806 2708 3869 2763 τὸ
3891 2708 3989 2761 ικ-

2387 2812 2603 2883 φαίνειν
2629 2813 2687 2866 ὲν
2714 2811 2935 2875 ἑαυταῖς
2962 2808 3061 2879 τὴν
3085 2809 3325 2881 κρυφίαν
3345 2805 3681 2877 ἀγαθότητα,
3709 2804 3804 2857 καὶ
3839 2796 3984 2857 εἶναι

2386 2905 2649 2975 ἀγγέλους
2671 2900 3266 2975 ῶσπερὲξαγγελτικάς
3288 2903 3304 2921 '
3331 2900 3429 2972 τῆς
3443 2898 3595 2962 θείας
3613 2896 3771 2968 σιγῆς
3792 2896 3860 2960 ⁷⁸,
3884 2892 3988 2949 καὶ

2384 2995 2496 3054 οἷον
2534 2998 2690 3069 φῶτα
2734 2996 2881 3069 φανὰ
2916 2995 3010 3051 τοῦ
3056 2997 3117 3051 ὲν
3157 2994 3369 3058 ἀδύτοις
3410 2991 3561 3057 ὄντος
3605 2988 3985 3062 ἑρμηνευτικά

698 3081 928 3149 lumina,
961 3099 1081 3155 qua:
1112 3086 1165 3140 in
1197 3082 1375 3154 adytis
1406 3083 1667 3141 latentem
1705 3085 1968 3143 indicant.
2007 3085 2281 3144 Praeterea

2386 3092 2657 3166 προσεϐλη
2667 3090 2834 3165 μένας
2850 3096 2888 3145 ⁶.
2933 3088 3095 3144 Ἀλλά
3120 3090 3215 3143 καὶ
3242 3089 3356 3160 μετ’
3380 3087 3620 3150 ἐκείνους
3642 3084 3769 3149 τοὺς
3796 3083 3983 3155 ἱεροὺς

698 3194 821 3254 post
846 3200 1035 3241 sacras
1062 3185 1194 3241 istas
1222 3192 1552 3254 sanctasque
1582 3192 1821 3251 mentes,
1845 3185 2043 3241 animm
2067 3201 2285 3256 quoque

699 3292 765 3332 ac
814 3275 1069 3347 quaelibet
1113 3274 1420 3331 animarum
1473 3274 1612 3330 bona
1662 3286 1790 3331 sunt
1833 3290 1933 3347 per
1980 3276 2280 3333 bonitatem

698 3367 869 3434 illam,
900 3382 1023 3436 quae
1051 3382 1213 3423 omne
1262 3367 1466 3423 bonum
1516 3376 1770 3437 superat;
1825 3368 1949 3423 inde
1996 3370 2279 3439 provenit,

695 3458 820 3514 illas
849 3457 1125 3517 intellectu
1156 3459 1411 3527 praeditas
1429 3473 1574 3527 esse,
1595 3458 1763 3513 vitam
1794 3458 2002 3515 habere
2025 3460 2281 3515 substan-

697 3550 927 3616 tialem,
970 3550 1338 3620 corruptionis
1393 3561 1714 3621 expertem,
1763 3560 1823 3607 ut
1871 3567 1992 3609 esse
2042 3554 2281 3609 habeant

693 3656 821 3701 cum
850 3642 1059 3715 angelis
1086 3657 1397 3712 commune,
1424 3644 1744 3715 possintque
1778 3644 1845 3700 ad
1871 3659 2060 3701 eorum
2090 3648 2279 3703 viven-

695 3735 751 3789 di
798 3735 1068 3792 rationem
1115 3735 1405 3806 aspirare,
1454 3730 1688 3806 quorum
1736 3737 1903 3793 ductu
1950 3739 2159 3808 eptimo
2210 3740 2279 3795 ad

695 3829 963 3884 bonorum
992 3827 1235 3885 omnium
1262 3843 1536 3885 summum
1566 3830 1768 3887 bonum
1822 3841 2276 3902 promoveantur,

695 3931 859 3991 atque
893 3935 960 3975 ex
987 3921 1179 3979 eodem
1208 3922 1648 3992 promanantium
1679 3924 2144 3980 illuminationum
2177 3941 2277 3995 pro

692 4026 854 4090 captu
896 4033 998 4074 suo
1025 4019 1326 4091 participes
1359 4018 1613 4085 evadant,
1654 4018 1891 4090 donique
1927 4020 2275 4085 bonilormis,

692 4121 951 4183 quantam
983 4120 1231 4183 possunt,
1264 4120 1472 4168 sortem
1510 4110 1825 4180 accipiant,
1854 4121 1908 4167 et
1936 4126 2275 4183 quaecunque

689 4206 795 4259 alia
826 4204 881 4260 in
916 4214 1152 4260 tractatu
1182 4204 1260 4259 De
1291 4204 1474 4259 anima
1507 4213 1634 4258 sunt
1667 4218 1698 4258 a
1734 4204 1895 4259 nobis
1926 4215 2272 4260 enumerata.

689 4299 881 4366 Porro,
911 4299 955 4353 si
986 4300 1054 4355 de
1094 4298 1381 4355 animabus
1428 4312 1649 4371 quoque
1695 4299 1911 4354 ratione
1956 4298 2273 4355 carentibus

690 4390 1089 4447 animalibusve
1119 4390 1474 4461 loquendum,
1523 4407 1643 4463 quae
1672 4394 1753 4448 vel
1799 4406 1985 4446 aerem
2032 4398 2272 4457 tranant,

2387 3186 2481 3241 καὶ
2517 3187 2703 3255 ἁγίους
2724 3185 2873 3249 νόας,
2915 3185 2971 3237 αι
3002 3182 3172 3254 ψυχαὶ
3214 3182 3307 3235 καὶ
3346 3182 3447 3235 ὅσα
3481 3179 3674 3251 ψυχῶν
3698 3177 3745 3210 τ’
3767 3178 3979 3251 ἀγαθά,

2383 3281 2473 3337 διὰ
2518 3281 2619 3354 τὴν
2660 3278 3006 3351 ὑπράγαθὸν
3047 3280 3199 3331 ἔστιν
3254 3275 3597 3346 ἀγαθότητα·
3661 3274 3723 3327 τὸ
3783 3272 3980 3347 νοερᾶς

2384 3365 2554 3440 αὑτὰς
2594 3372 2755 3439 εἶναι,
2798 3374 2859 3427 τὸ
2896 3372 3042 3445 ἔχειν
3076 3371 3175 3444 τὴν
3213 3368 3446 3440 οὑσιώδη
3486 3366 3630 3438 ζωὴν
3670 3365 3979 3438 ἀνώλεθρον

2384 3464 2516 3519 αὐτὸ
2539 3465 2600 3519 τὸ
2626 3461 2785 3527 εῖναι,
2812 3463 2905 3517 καὶ
2928 3461 3190 3517 δύνασθαι
3223 3461 3360 3532 πρὸς
3382 3458 3480 3521 τὰς
3510 3456 3805 3526 ἀγγελικάς
3844 3456 3979 3509 ἀνα·-

2382 3558 2697 3629 τεινομένας
2722 3556 2887 3621 ζωὰς,
2914 3556 2981 3610 δι’
3004 3554 3185 3609 αὐτῶν
3208 3553 3285 3617 ὡς
3306 3542 3527 3621 ἀγαθῶν
3554 3549 3975 3621 καθηγεμόνων,

2384 3651 2479 3704 ἐπὶ
2517 3650 2614 3721 τὴν
2662 3650 2881 3704 πάντων
2900 3648 2945 3680 ⁷⁸
2988 3646 3209 3717 ἀγαθῶν
3254 3644 3596 3716 ἀγαθαρχίαν
3638 3641 3975 3709 ἀνάγεσθαι,

2383 3743 2476 3795 κα)⁵
2509 3740 2618 3793 τῶν
2642 3740 2853 3794 ἐκεῖθεν
2889 3738 3299 3811 ὲκόλυζομένων
3334 3734 3651 3806 ὲλλάμψεων
3689 3735 3733 3766 ⁷⁸
3759 3736 3817 3787 ὲν
3846 3751 3976 3806 μιτ-

2379 3824 2551 3905 ουσίᾳν
2577 3832 2823 3903 γίνεσθαι
2870 3830 3010 3885 κατά
3037 3831 3134 3902 τὴν
3182 3829 3332 3899 σφῶν
3371 3827 3663 3897 ἀναλογίαν
3686 3867 3701 3893 ,
3734 3828 3829 3880 καὶ
3874 3828 3976 3898 τῆς

2378 3926 2473 3979 τοῦ
2534 3924 2945 3995 ἀγαθοειδοῦςδο
2993 3924 3200 3994 δωρεᾶς
3249 3923 3349 3993 ὅση
3400 3920 3629 3993 δύναμις
3685 3919 3971 3993 μετέχειν,

2380 4022 2475 4074 καὶ
2504 4021 2606 4073 ὅσα
2644 4018 2779 4073 ἄλλα
2818 4018 2954 4090 πρὸς
2981 4017 3137 4089 ἡμῶν
3174 4019 3232 4070 ὲν
3262 4018 3375 4079 τοῖς
3412 4015 3555 4082 Περὶ
3592 4011 3799 4081 ψυχῆς
3828 4012 3973 4081 ἀπη-

2382 4112 2661 4184 ρίθμηται.
2709 4110 2870 4164 Ἀλλά
2900 4111 2993 4163 καὶ
3024 4111 3152 4181 περὶ
3179 4109 3377 4173 αὐτῶν,
3413 4110 3459 4161 εί
3492 4108 3594 4179 χρὴ
3628 4106 3830 4175 φάναι,
3858 4103 3971 4157 τῶν

2378 4205 2588 4274 ἀλόγων
2616 4204 2825 4275 ψυχῶν,
2863 4202 3117 4275 metu»),
3159 4205 3260 4256 ὅσα
3300 4202 3392 4254 τὸν
3433 4200 3571 4271 ἀέρα
3607 4199 3829 4269 τέμνει,
3870 4194 3969 4250 καὶ

2376 4298 2477 4353 ὅσα
2498 4299 2590 4351 ἐπὶ
2614 4298 2718 4367 γῆς
2744 4296 2937 4367 βαίνει,
2972 4296 3063 4347 καὶ
3084 4296 3184 4347 ὅσα
3210 4296 3290 4357 είς
3319 4293 3422 4363 γῆν
3452 4290 3757 4355 ἐκτέταται,
3784 4288 3878 4342 καὶ
3895 4287 3967 4342 τά

2380 4393 2437 4445 ὲν
2472 4390 2629 4443 ὕδασι
2674 4390 2775 4459 τὴν
2824 4384 2997 4456 ζωὴν,
3042 4386 3075 4455 ἢ
3118 4383 3395 4455 ἀμφιϐίως
3438 4382 3688 4453 λαχόντα,
3727 4382 3820 4435 καὶ
3865 4380 3967 4434 ὅσα

690 4494 965 4539 terramve
990 4491 1303 4553 permeant,
1332 4490 1427 4537 aut
1454 4482 1605 4537 humi
1636 4492 1872 4552 reptant,
1904 4482 1989 4538 vel
2022 4484 2075 4536 in
2114 4487 2272 4552 aquis

2386 4485 2486 4538 ὑπὸ
2524 4483 2628 4552 γῆν
2669 4480 3127 4551 ὲγκεκαλυμμένα
3169 4476 3233 4549 ζῇ
3281 4478 3375 4531 καὶ
3410 4475 3833 4547 ὲγκεχωσμένα,
3869 4473 3967 4527 καὶ

687 4576 852 4629 vitam
904 4582 1091 4646 agunt,
1141 4583 1238 4629 aut
1280 4574 1557 4643 amphibia
1610 4583 1779 4640 sunt,
1829 4574 1914 4629 vel
1964 4574 2065 4629 sub
2125 4584 2271 4627 terra

687 4667 993 4732 recondita,
1027 4676 1190 4736 atque
1220 4665 1275 4720 in
1305 4680 1537 4721 caverna
1571 4666 1781 4730 vivunt,
1816 4665 1899 4719 vel
1931 4679 2271 4735 qutecunque

685 4756 1011 4826 simpliciter
1060 4758 1243 4811 anima
1292 4757 1482 4813 sensili
1531 4758 1748 4829 vitaque
1798 4767 2099 4826 praestant,
2154 4758 2269 4812 haec

686 4851 877 4921 utique
904 4850 1088 4904 omnia
1118 4851 1285 4905 etiam
1314 4866 1411 4922 per
1438 4852 1687 4909 eamdem
1722 4852 2019 4907 bonitatem
2061 4859 2116 4906 et
2146 4850 2267 4904 ani-

687 4952 929 5008 mantur,
960 4951 1016 4997 et
1047 4943 1417 4998 vivificantur.
1468 4944 1674 4999 Planta:
1701 4945 1954 5000 similiter
1979 4959 2171 5000 omnes
2200 4960 2267 4999 ex

682 5036 877 5091 eodem
920 5035 1064 5089 bono
1102 5036 1419 5090 nutritivam
1472 5035 1897 5107 m0tabiiemque
1946 5036 2116 5091 vitam
2170 5035 2268 5089 lia-

2380 4575 2567 4638 ἁπλῶς
2589 4576 2690 4627 ὅσα
2713 4572 2809 4643 τὴν
2845 4570 3165 4643 αἰσθητικὴν
3204 4569 3315 4641 ἔχει
3351 4568 3528 4640 ψυχὴν
3550 4609 3563 4633 ,
3604 4568 3637 4638 ἢ
3667 4566 3842 4637 ζωὴν,
3872 4567 3965 4620 καὶ

2380 4664 2553 4719 ταῦτα
2594 4664 2768 4717 πάντα
2804 4660 2893 4713 διὰ
2932 4659 3167 4729 τάγαθὸν
3184 4662 3226 4691 ⁸¹
3262 4658 3536 4729 ὲψύχωται
3572 4657 3666 4710 καὶ
3700 4654 3958 4719 ὲζώωται.

2381 4757 2488 4810 Καὶ
2513 4754 2653 4824 φυτὰ
2676 4755 2731 4807 δὲ
2756 4752 2933 4805 πάντα
2958 4752 3055 4823 τὴν
3076 4753 3375 4823 θρεπτικὴν
3399 4752 3493 4804 καὶ
3533 4749 3818 4822 κινητικὴν
3851 4747 3962 4820 ἔχει

2382 4849 2525 4920 ζωὴν
2544 4888 2558 4911 ,
2584 4850 2649 4899 ὲκ
2671 4843 2911 4915 τάγῚθοῦ
2932 4861 2944 4874 ·
2980 4846 3074 4897 καὶ
3096 4845 3195 4914 ὅση
3216 4844 3260 4874 θ’
3293 4842 3497 4912 ἄψυχος
3536 4844 3630 4894 καὶ
3668 4840 3841 4904 amo;
3870 4839 3961 4892 οὐ-

2380 4943 2487 5005 σία,
2528 4941 2618 4994 διὰ
2655 4937 2893 5008 τάγαθόν
2924 4938 3040 4989 ἐστι
3066 4977 3079 5001 ,
3124 4937 3217 4989 καὶ
3255 4936 3321 4988 δι’
3360 4935 3489 4988 αὐτὸ
3529 4933 3629 5003 τῆς
3669 4932 3958 4997 ιθσιώδους

2375 5035 2539 5100 ἕξεως
2576 5034 2785 5105 ἔλαχεν.

687 5131 857 5195 bent;
913 5128 1151 5199 denique
1205 5120 1513 5185 substantia
1558 5145 1900 5201 quaecunque
1947 5128 2126 5185 anima
2173 5130 2392 5199 vitaque
2420 5141 2605 5195 caret,
2648 5144 2743 5199 per
2798 5126 2928 5181 illud
2992 5125 3167 5195 ipsum
3216 5124 3417 5179 bonum
3466 5120 3719 5184 exsistit,
3770 5132 3801 5171 a
3848 5131 3955 5187 quo

684 5232 740 5277 et
769 5230 977 5279 statum
1006 5240 1165 5280 suum
1197 5224 1614 5279 substantialem
1647 5224 1905 5284 obtinuit.

1983 5400 2220 5457 νΑιιιΑε
2254 5400 2557 5457 LECTION
2564 5399 2671 5456 ES.

767 5586 811 5616 ⁷¹
840 5586 933 5638 καὶ
961 5586 1237 5650 ἑστίασις,
1276 5584 1344 5638 Μ.
1374 5585 1465 5640 Sc.
1505 5597 1556 5639 et
1603 5583 1817 5653 refectio
1857 5586 2126 5641 bonorum.
2157 5588 2302 5642 Sar.:
2360 5592 2407 5633 cl
2478 5580 2623 5634 cibus
2675 5584 2947 5648 bonorum.

1265 5657 1310 5686 ⁷³
1337 5657 1767 5729 τελεσιουργικά.
1839 5658 1893 5729 λ⁷⁸
1920 5658 2121 5729 πηγῆς,
2151 5660 2217 5713 Μ.
2265 5660 2321 5714 S.
2360 5660 2468 5712 P."
2496 5660 2683 5729 ψυχῶν
2708 5664 2875 5727 ἐστιν,
2920 5661 2979 5715 D.
3016 5658 3105 5714 Sc.
3142 5659 3263 5715 Sar.

681 5656 871 5719 αὑτάς,
908 5657 965 5709 S.
1003 5657 1060 5710 P.
1098 5658 1185 5709 Sc.

686 5728 732 5760 τ’
759 5726 1104 5799 ἐκλάμψεων,
1147 5726 1205 5781 Ρ.
1308 5729 1353 5758 ⁸ο
1396 5728 1619 5794 ἀγαθοῦ.

3752 5581 3863 5632 τδπ

3028 5589 3074 5619 ⁷⁸
3101 5587 3391 5655 ἀναγωγάς
3451 5584 3562 5648 καί,
3613 5580 3670 5635 S.
3735 5581 3799 5655 j‘
3824 5597 3888 5655 πε

3358 5604 3391 5650 ις
3451 5584 3562 5648 καί,
3613 5580 3670 5635 8.
3752 5581 3799 5614 ⁷⁵
3824 5580 3947 5707 πειξὶ

3358 5658 3402 5689 ⁷⁸
3438 5657 3652 5713 πάντων
3690 5652 3820 5717 τῶν,
3926 5688 3942 5705 .

1720 5729 1760 5761 δι
1804 5726 1864 5780 τὸ
1906 5726 2128 5796 ἀγαθόν,
2179 5730 2236 5784 P.
2332 5732 2375 5762 ⁸¹
2415 5726 2521 5783 ὅσα
2548 5726 2605 5801 ἡ,
2636 5731 2700 5785 Μ.
2734 5732 2792 5786 S.
