4178 6312
238 300 345 360 697

1306 294 1395 352 DE
1429 292 1686 352 DlVlNIS
1728 291 2130 363 NOHlNlBUS,
2164 291 2319 351 CAP.
2354 290 2422 349 IV

3398 291 3506 351 098

1755 431 1786 507 ς
1822 428 1935 493 ili.

310 585 375 641 Ei
413 584 472 639 δὲ
502 585 599 640 καὶ
633 582 776 657 ὑπὲρ
808 583 987 639 πάντα
1026 581 1098 636 τὰ
1128 580 1257 636 ὄντα
1295 580 1445 638 ἐστὶν
1486 578 1697 651 (ὥσπερ
1733 571 1807 631 οὗγ

2000 574 2225 642 Quodsi
2250 582 2430 628 autem
2462 587 2625 643 supra
2660 588 2747 629 res
2771 589 2962 631 omnes
3005 574 3077 630 sit
3106 573 3208 646 (uti
3238 588 3368 631 rere
3396 576 3507 643 est)

232 675 381 747 Im)
428 674 686 745 τάγαθὸν,
730 671 827 728 καὶ
858 674 922 728 τὸ
952 674 1189 729 ἀνείδεον
1222 673 1506 742 εζδοποιεῑ·
1532 671 1625 725 καὶ
1645 672 1703 723 ὲν
1725 667 1824 725 αὐ-

231 766 316 839 τῷ
338 768 485 840 μόνῳ
513 767 608 821 καὶ
638 764 702 821 τὸ
738 766 1021 822 άνούσιον·
1058 766 1244 829 οὐσίας
1280 762 1586 834 ύπερὸολήο
1626 761 1722 815 καὶ
1753 757 1823 813 τὸ

230 860 414 926 ᾱζωον
437 857 781 932 ὑπερέχουσα
819 857 934 930 ζωή
958 873 973 887 ο
1011 857 1104 912 καὶ
1135 856 1198 909 τὺ
1220 856 1381 910 ἄνουν
1414 852 1755 923 ὑπερέχουσα
1770 850 1822 881 ⁸³

231 950 420 1021 σοφία,
449 952 545 1006 καὶ
583 950 685 1006 ὅσα
720 953 781 1005 ὲν
824 948 1055 1021 τάγαθῷ
1088 949 1189 1020 τῆς
1228 946 1340 1001 τῶν
1375 944 1630 1001 ἀνειδὲων
1670 942 1823 997 ἐστὶν

230 1042 573 1116 ὑπεροχικῆς
596 1042 923 1107 είδοποιίας·
952 1043 1046 1096 καὶ
1082 1043 1129 1095 εί
1168 1039 1388 1111 θεμιτὸν
1429 1038 1626 1109 φάναι,
1650 1035 1823 1104 τάγα-

230 1133 331 1187 θοῦ
370 1134 465 1188 τοῦ
509 1136 652 1207 ὑπὲρ
690 1134 868 1190 πάντα
901 1134 971 1189 τὰ
1010 1134 1172 1198 ὂντα,
1214 1133 1306 1186 καὶ
1356 1130 1489 1184 αὐτὸ
1528 1129 1590 1182 τὸ
1641 1127 1717 1201 μὴ
1757 1125 1820 1181 ὃν

227 1225 449 1295 ιφίεται
470 1268 485 1293 ,
532 1229 627 1282 καὶ
678 1228 973 1300 φιλονεικεῖ
1015 1244 1131 1291 πως
1174 1228 1235 1280 ἑν
1271 1222 1493 1295 τάγαθῷ
1546 1221 1641 1277 καὶ
1687 1220 1819 1275 αὐτὸ

227 1311 373 1372 εἶναι
405 1359 420 1383 ,
480 1318 560 1392 τῷ
620 1318 788 1386 ὅντως
849 1318 1159 1392 ὑπερουσίῳ
1188 1357 1204 1386 ,
1260 1315 1403 1372 κατὰ
1447 1314 1549 1387 τὴν
1599 1314 1818 1368 πάντων

226 1406 543 1480 ἀφαίρεσιν.

1928 665 2127 723 bunum
2154 667 2355 736 ipsum,
2386 666 2612 737 etquod
2642 665 2878 723 informe
2921 674 3032 733 cst,
3082 667 3318 735 format;
3360 676 3419 723 et
3447 665 3504 722 in

1929 759 2047 830 ipso
2073 758 2190 816 solo
2212 760 2267 815 id
2289 759 2434 830 quod
2479 760 2785 815 substantia
2830 767 3011 825 caret,
3058 761 3374 816 substantia:
3418 766 3505 816 est

1927 849 2283 918 excellentia;
2309 848 2457 923 quod
2504 849 2745 907 inanitnc
2770 859 2877 916 est,
2905 850 3014 904 vita
3044 858 3128 907 est
3159 850 3503 918 pmtautis-

1926 944 2101 1010 sima;
2128 954 2184 1000 et
2205 944 2348 1015 quod
2371 943 2575 1001 mentis
2593 955 2792 1012 expers
2811 954 2896 999 est
2918 980 2934 1008 ,
2958 941 3121 1014 353
3144 957 3395 1013 suprema
3416 952 3504 1001 est

1925 1032 2219 1103 sapientia,
2255 1044 2310 1091 et
2336 1048 2679 1105 quacunque
2712 1034 2765 1089 in
2810 1035 2953 1089 bono
2981 1041 3133 1095 sunt.
3166 1047 3346 1087 rerum
3375 1042 3503 1089 sunt

1922 1124 2237 1180 informium
2304 1126 2767 1195 supereminentis
2838 1126 3274 1193 eﬂormationis;
3318 1134 3417 1194 et,
3453 1131 3500 1182 si

1920 1218 2067 1273 dictu
2096 1216 2179 1273 ias
2206 1218 2298 1281 sit,
2332 1216 2467 1272 illud
2492 1219 2669 1288 ipsum
2713 1221 2861 1291 quod
2897 1234 3006 1275 non
3042 1228 3148 1283 est.
3184 1219 3331 1274 illius
3352 1221 3503 1289 quod

1919 1312 2084 1382 supra
2116 1325 2205 1367 res
2233 1326 2429 1367 omnes
2455 1324 2541 1368 est
2566 1353 2582 1379 ,
2612 1313 2737 1368 boni
2770 1314 3043 1370 desiderio
3082 1324 3297 1370 tenetur
3320 1354 3338 1381 ,
3367 1313 3501 1383 quin

1916 1402 2166 1461 etiamin
2196 1404 2342 1459 bono
2384 1419 2513 1460 vero
2553 1406 3068 1474 supersubstantiali
3115 1420 3214 1477 per
3253 1405 3500 1461 omnium

1919 1495 2251 1553 ablutionem
2280 1510 2403 1555 csso
2424 1496 2725 1555 contendit.

1782 1662 1959 1738 διν.

314 1809 459 1864 Ἀλλ’
498 1809 636 1881 ὅπερ
682 1807 830 1880 ἡμᾶς
898 1806 959 1861 ὲν
1007 1803 1160 1879 μέσῳ
1214 1802 1572 1877 παραδραμὸν
1615 1802 1807 1857 διαπέε

1982 1806 2125 1874 Sed,
2184 1802 2328 1875 quod
2390 1800 2443 1857 in
2496 1800 2677 1856 medic
2745 1802 3149 1871 prmterlapsum
3212 1823 3311 1865 nos
3350 1812 3498 1869 cffu-

222 1917 396 1973 φευγε
414 1940 430 1966 ,
491 1899 585 1953 καὶ
621 1897 730 1952 τῶν
775 1896 1043 1969 οὐρανίων
1078 1895 1263 1968 ἀρχῶν
1305 1896 1396 1950 καὶ
1448 1893 1811 1967 άποπερατώ-

225 2012 369 2049 σεων
390 1994 436 2026 ⁵⁸
467 1990 615 2046 αίτία
654 1987 912 2060 τάγαθὸν,
938 1988 1037 2060 τῆς
1064 1985 1327 2052 άναυξοῦς
1356 1985 1448 2040 καὶ
1480 1984 1617 2048 ὅλως
1656 1982 1812 2038 ἀναλ-

220 2085 450 2140 λοιώτου
487 2083 692 2153 ταύτης
730 2079 916 2143 οὐσίας
942 2079 1011 2146 ⁸⁸,
1040 2080 1134 2133 καὶ
1165 2077 1275 2133 τῶν
1312 2076 1556 2147 ἀψόφων,
1583 2074 1634 2130 εί
1667 2072 1811 2129 οὕτω

218 2179 331 2252 χρὴ
358 2180 542 2249 φάναι,
566 2177 668 2250 τῆς
690 2175 1078 2249 παμμιγέθους
1107 2173 1499 2247 οὐρανοπορίας
1520 2171 1805 2242 κινήσεων,

219 2272 319 2328 καὶ
340 2270 449 2327 τῶν
474 2270 736 2344 άσ-τρῷων
745 2272 976 2339 τάξεων,
996 2271 1091 2325 καὶ
1103 2267 1467 2342 εύπρεπειῶν,
1484 2267 1579 2323 καὶ
1590 2264 1805 2338 φώτων,

215 2366 319 2438 καὶ
352 2364 632 2435 ἱδρύσεων,
664 2363 878 2435 καὶτῆς
905 2362 1065 2417 ἐνίων
1090 2362 1336 2433 ἀστέρων
1358 2360 1405 2392 ⁸⁸
1438 2356 1807 2433 μεταϐατικῆς

214 2456 630 2529 πολυκινησίας,
653 2456 749 2511 καὶ
775 2455 878 2526 τῆς
905 2454 1015 2509 τῶν
1041 2454 1136 2509 δύο
1156 2454 1343 2524 φωστή
1354 2469 1483 2524 ρων,
1514 2449 1608 2516 οὓς
1627 2448 1699 2504 τὰ
1720 2448 1808 2504 λό-

212 2564 316 2618 για
356 2546 514 2601 καλεῖ
550 2546 842 2618 μεγάλως,
867 2544 979 2600 ἀπὸ
1005 2544 1116 2599 τῶν
1143 2542 1325 2599 αὐτῶν
1352 2545 1434 2608 εις
1453 2542 1523 2596 τὰ
1548 2539 1688 2596 αὐτὰ
1710 2557 1808 2595 πε-

216 2638 470 2713 ριοδικῆς
508 2640 1009 2702 ἀποκαταστάσεως
1032 2676 1048 2706 ,
1100 2637 1223 2694 καθ’
1270 2636 1337 2702 ἃς
1390 2637 1445 2690 ai
1488 2634 1620 2707 παρ’
1674 2636 1807 2708 ἡμῖν

212 2735 426 2807 ἡμέραι
449 2735 542 2787 καὶ
572 2735 766 2800 νύκτες
804 2734 1139 2807 ὁριζόμεναι,
1175 2732 1268 2788 καὶ
1296 2733 1485 2805 μῆνες,
1510 2732 1605 2787 καὶ
1628 2732 1807 2786 ἐνιαυ-

210 2827 302 2881 τοὶ
352 2828 728 2900 μετρούμενοι,
770 2827 870 2894 τὰς
904 2827 1001 2882 τοῦ
1048 2826 1242 2900 χρόνου
1283 2825 1513 2881 καὶτῶν
1542 2826 1602 2879 ὲν
1628 2824 1806 2897 χρόνῳ

214 2913 486 2979 κυκλικὰς
527 2917 770 2989 κινήσεις
800 2915 1138 2989 ἀφορίζουσι,
1172 2916 1268 2970 καὶ
1289 2915 1333 2948 ⁸⁷
1361 2912 1677 2987 ἀριθμοῦσι,
1711 2915 1806 2968 καὶ

210 3006 472 3061 τάττουσι
518 3007 611 3060 καὶ⁵
657 3007 958 3079 συνέχουσι.
993 3006 1059 3060 Τί
1098 3008 1145 3061 δ’
1184 3007 1230 3039 ⁸⁸
1269 3006 1336 3061 ἂν
1370 3025 1455 3073 τις
1500 3005 1633 3083 φαίη
1675 3006 1804 3079 περὶ

209 3102 388 3173 αὐτῆς
435 3103 555 3157 καθ’
592 3104 765 3175 αὐτὴν
791 3104 891 3175 τῆς
932 3102 1160 3175 ἡλιακῆς
1184 3103 1434 3169 ἁκτῖνοςς
1470 3104 1534 3157 ὲκ
1562 3100 1803 3171 τάγαθόῦ

211 3197 329 3268 γὰρ
360 3196 420 3250 τὸ
443 3196 585 3266 φῶς,
622 3198 716 3251 καὶ
737 3194 903 3251 είκὼν
933 3196 1035 3267 τῆς
1063 3197 1400 3271 ἀγαθότητος
1420 3216 1433 3229 ·
1466 3197 1545 3251 διδ
1567 3200 1662 3253 καὶ
1694 3216 1807 3270 φω-

210 3285 540 3357 τωνυμικῶς
556 3287 807 3357 ὑμνεῖται
818 3286 1075 3358 τάγαθὸν,
1087 3288 1163 3353 ὡς
1180 3290 1237 3341 ὲν
1251 3288 1420 3342 είκόνι
1434 3288 1495 3341 τὸ
1505 3289 1808 3361 ἀρχέτυπον

210 3378 631 3450 ὲκφαινόμενον.
678 3380 765 3445 Ὧς
808 3379 919 3454 γὰρ
955 3383 989 3453 ἡ
1028 3381 1130 3452 τῆς
1161 3381 1376 3436 πάντων
1405 3381 1660 3436 ἐπέκεινα
1687 3382 1807 3437 θεό-

209 3486 381 3542 τητος
421 3469 696 3541 ἀγαθὸτης
717 3470 825 3525 ἀπὸ
856 3472 966 3525 τῶν
986 3472 1278 3527 άνωτάτων
1306 3473 1351 3505 ⁸⁸
1379 3474 1475 3526 καὶ
1497 3474 1805 3545 πρεσϐυτά-

210 3579 326 3617 των
354 3562 570 3627 οὐσιῶν,
614 3562 742 3636 ἄχρι
770 3564 880 3617 τῶν
901 3564 1146 3635 ἐσχάτων
1184 3564 1381 3637 διήκει,
1418 3566 1511 3620 καὶ
1541 3566 1622 3620 ἔτι
1665 3566 1807 3638 ὑπὲρ

213 3655 400 3718 πάσας
437 3654 573 3719 ἐστὶ,
630 3656 767 3727 μήτε
808 3655 917 3709 τῶν
960 3654 1072 3709 ἄνω
1118 3654 1435 3724 φθανουσῶν
1480 3657 1653 3728 αὐτῆς
1703 3658 1805 3731 τήν

210 3746 515 3818 ὑπεροχὴν,
559 3747 697 3818 μήτε
743 3745 852 3801 τῶν
895 3747 1047 3801 κάτω
1081 3745 1179 3819 τὴν
1216 3748 1478 3820 περιοχὴν
1504 3748 1807 3805 διαϐαινουσ-

214 3836 351 3901 σῶν,
399 3836 537 3893 ἀλλὰ
579 3838 673 3911 καὶ
708 3837 933 3909 φωτίζει
958 3838 1027 3893 τὰ
1054 3840 1326 3911 δυνάμενα
1362 3842 1559 3906 πάντα,
1592 3843 1686 3896 καὶ
1712 3843 1807 3916 δη-

216 3933 490 4002 μιουργεῖ,
510 3932 604 3984 καὶ
632 3930 780 3996 ζωοί,
799 3932 893 3985 καὶ
917 3931 1150 4002 συνέχει,
1186 3933 1280 3987 καὶ
1298 3932 1688 4006 τελεσιουργεί,
1714 3936 1807 3991 καὶ

215 4022 419 4095 μέτρον
462 4024 581 4077 ἐστὶ
603 4022 710 4077 τῶν
740 4023 930 4089 ὄντων,
978 4026 1073 4078 καὶ
1100 4024 1255 4091 αίὼν,
1290 4026 1385 4079 καὶ
1415 4018 1670 4099 ἀριθμὸς,
1710 4029 1805 4083 καὶ

211 4116 387 4181 τάξις,
428 4118 521 4171 καὶ
557 4118 821 4189 περιοχὴ,
867 4118 960 4172 καὶ
1001 4119 1171 4186 αἰτία,
1220 4120 1316 4173 καὶ
1342 4119 1527 4185 τέλος·
1570 4121 1713 4175 οὕτω
1740 4121 1805 4195 δὴ

213 4210 312 4263 καὶ
339 4212 372 4281 ἡ
402 4208 501 4280 τῆς
536 4208 686 4273 θείας
716 4209 1053 4283 ἀγαθότητος
1080 4212 1329 4284 ἐμφανὴς
1354 4211 1539 4278 είκὼν,
1567 4213 1596 4266 ὁ
1632 4214 1805 4285 μέγας

209 4291 394 4362 οὗτος,
442 4299 537 4351 καὶ
582 4298 916 4371 ὁλολαμπὴς,
976 4302 1071 4354 καὶ
1122 4302 1390 4373 ἀείφωτος
1440 4302 1611 4375 ἥλιος,
1661 4304 1805 4371 κατὰ

209 4389 508 4444 πολλοστὸν
549 4391 819 4464 ἀπήχημα
858 4392 1123 4463 τάγαθοῦ,
1167 4394 1259 4448 καὶ
1301 4395 1480 4450 πάντα
1514 4396 1615 4450 ὅσα
1647 4395 1804 4467 μετέ-

206 4500 333 4556 χειν
390 4483 550 4537 αὐτοῦ
606 4483 849 4550 δύναται,
902 4484 1148 4555 φωτίζει,
1195 4488 1290 4541 καὶ
1336 4485 1801 4559 ύπερηπλωμένον

206 4578 328 4650 εχει
362 4577 424 4630 τὸ
453 4578 590 4648 φῶς,
629 4578 711 4643 είς
740 4578 915 4634 πάντα
951 4578 1197 4646 ὲξαπλῶν
1229 4579 1322 4632 τὸν
1348 4579 1543 4651 ὁρατὸν
1569 4578 1793 4651 κόσμον,

204 4672 327 4728 ἄνω
352 4687 414 4724 τε
456 4671 548 4724 καὶ
589 4669 759 4735 κάτω,
789 4670 889 4737 τὰς
916 4670 1025 4726 τῶν
1054 4671 1268 4725 οἰκείων
1310 4672 1544 4725 ἀκτίνων
1583 4672 1757 4741 αὐγάς
1777 4690 1792 4705 ⁸

204 4762 310 4816 καὶ
338 4761 394 4813 ετ
422 4779 475 4815 τι
514 4761 692 4816 αὐτῶν
711 4762 771 4815 ού
813 4764 1029 4834 μετέχει
1048 4802 1063 4828 ,
1092 4758 1250 4816 τοῦτό
1278 4764 1339 4816 οὐ
1371 4763 1472 4834 τῆς
1509 4763 1795 4835 ἁδρανείας

203 4854 243 4928 ἢ
272 4854 375 4925 τῆς
411 4853 747 4928 βραχύτητός
776 4859 892 4911 ἐστι
923 4859 1024 4929 τῆς
1059 4858 1394 4929 φωτιστικῆς
1424 4857 1594 4912 αὑτοῦ
1623 4858 1795 4913 διαδό-

204 4962 373 5009 σεως,
411 4945 546 5000 ἀλλὰ
572 4948 681 5002 τῶν
704 4948 792 5002 διὰ
819 4950 1167 5023 φωτοληψίας
1204 4950 1684 5022 ἀνεπιτηδειότητα
1720 4952 1796 5024 μὴ

201 5038 634 5110 ἀναπλουμὲνων
673 5040 719 5073 ⁹⁰
768 5042 849 5106 είς
886 5042 985 5114 τὴν
1012 5043 1192 5113 φωτὸς
1228 5043 1540 5115 μετουσίαν.
1578 5041 1795 5114 Ἀμέλει

203 5128 388 5183 πολλὰ
428 5130 539 5185 τῶν
584 5131 757 5198 οὕτως
786 5134 1019 5205 ἑχόντων
1050 5137 1084 5206 ἡ
1127 5137 1284 5201 ἀκτὶς
1313 5136 1685 5201 διαϐαίνουσα,
1724 5137 1794 5192 τὰ

1913 1907 2090 1970 gerat,
2139 1895 2447 1953 ctelestium
2500 1893 2666 1948 etiam
2708 1893 3098 1964 principiorum
3127 1908 3180 1952 et
3208 1902 3502 1961 subtermi-

1913 1990 2192 2047 nationum
2214 2002 2382 2044 causa
2409 1996 2495 2041 est
2536 1986 2761 2050 bonum,
2805 1985 2933 2040 item
2984 1989 3304 2047 substantia:
3339 1994 3501 2064 huius

1913 2080 2161 2137 celestis
2192 2094 2312 2151 quae
2342 2093 2450 2132 non
2478 2080 2711 2148 augetur
2737 2092 2910 2146 neque
2942 2079 3199 2135 minuitur
3219 2122 3235 2147 ,
3264 2092 3318 2139 et
3343 2084 3499 2155 penl.

1914 2182 2011 2229 tus
2055 2189 2162 2230 non
2220 2172 2496 2240 variatur,
2538 2181 2595 2227 et
2640 2181 2885 2227 motuum
2946 2173 3186 2233 caelestis
3244 2178 3503 2237 curriculi

1910 2265 2225 2336 vastissimi,
2272 2281 2379 2322 non
2408 2265 2746 2329 sonantium,
2789 2265 2835 2321 si
2880 2266 2952 2319 ita
2992 2266 3137 2338 loqui
3179 2278 3413 2337 oportet,
3443 2280 3502 2327 et

1907 2359 2161 2415 ordinum
2188 2356 2493 2423 stellarum,
2525 2363 2580 2413 et
2607 2355 3097 2427 pulchritudinum,
3126 2366 3181 2414 et
3206 2360 3501 2431 luminum,

1908 2462 1963 2508 et
1992 2452 2310 2508 inﬂxionum
2359 2464 2573 2515 earum,
2626 2456 2683 2505 et
2719 2450 3259 2521 multiplicis'cttrsus
3288 2470 3496 2526 vagan-

1907 2545 1980 2602 tis
2037 2544 2400 2615 quorumdam
2437 2542 2677 2599 siderum
2708 2582 2723 2607 ,
2772 2550 2827 2598 et
2856 2544 3088 2602 duorum
3122 2544 3494 2617 luminariunt,

1906 2653 2027 2707 qua:
2086 2636 2371 2707 Scriptura
2451 2644 2610 2691 vocat
2680 2650 2877 2708 magna
2912 2645 2941 2675 ³
2978 2675 2995 2703 ,
3063 2636 3375 2709 circuitus,
3439 2651 3497 2697 et

1906 2732 2121 2797 eodem,
2171 2732 2314 2785 unde
2363 2727 2611 2800 profecta
2661 2737 2829 2794 sunt,
2894 2730 3244 2797 reversiouis,
3297 2731 3497 2802 quibus

1910 2822 2055 2893 apud
2102 2836 2203 2876 nos
2232 2820 2348 2877 dies
2372 2830 2430 2877 et
2465 2830 2657 2876 noctes
2699 2820 3148 2891 distinguuntur;
3183 2830 3240 2877 et
3282 2838 3499 2881 menses

1907 2921 2070 2983 atque
2094 2910 2222 2966 anni
2252 2911 2459 2966 deﬂuiti
2492 2913 2638 2981 ipsos
2681 2920 2861 2967 motus
2892 2914 3177 2983 temporis,
3213 2924 3266 2969 et
3306 2931 3494 2971 eorum

1907 3018 2028 3075 quae
2048 3004 2102 3057 in
2144 3013 2393 3075 tempore
2414 3012 2567 3069 sunt,
2591 3003 2798 3061 circulo
2826 3004 3104 3062 coniectos
3135 3005 3495 3080 distinguunt,

1910 3108 2220 3159 numerant,
2247 3094 2507 3151 ordinant
2543 3105 2596 3151 et
2626 3093 2931 3152 continent.
2964 3097 3106 3165 Quid
3129 3110 3311 3155 autem
3342 3102 3496 3157 dica-

1910 3198 1998 3243 tur
2026 3188 2091 3243 de
2115 3188 2347 3258 ipsumet
2376 3186 2529 3243 radio
2560 3187 2730 3243 solis?
2755 3204 2785 3243 a
2826 3205 3039 3244 summo
3069 3192 3214 3247 enim
3246 3195 3387 3249 bono
3414 3194 3497 3248 lu-

1911 3296 2034 3337 men
2079 3280 2461 3351 proficiscitur,
2503 3289 2559 3336 et
2600 3284 2780 3351 imago
2827 3281 3089 3337 bonitatis
3124 3292 3254 3346 est;
3304 3297 3496 3354 quam-

1910 3378 2100 3432 obrem
2157 3374 2381 3430 nomine
2423 3366 2644 3429 luminis
2683 3373 2884 3429 bonum
2918 3375 3191 3441 laudatur,
3237 3386 3492 3446 tanquam

1908 3476 2165 3541 appareat
2193 3469 2429 3537 primum
2461 3467 2742 3535 exemplar
2776 3465 2829 3521 in
2860 3466 3118 3537 imagine.
3156 3468 3309 3523 Sicut
3347 3470 3493 3523 enim

1908 3562 2129 3619 bonitas
2156 3560 2461 3618 divinitatis
2482 3547 2603 3630 qua:
2630 3574 2797 3630 supra
2819 3561 3000 3616 omnia
3028 3564 3132 3627 est,
3164 3578 3193 3615 a
3220 3564 3493 3632 supremis

1907 3650 1969 3711 et
1986 3654 2415 3727 provectissimis
2442 3651 2760 3709 substantiis
2784 3658 2958 3724 usque
2982 3654 3049 3708 ad
3068 3663 3344 3709 extremas
3366 3669 3491 3723 pcr-

1907 3748 2075 3810 vadit.
2109 3756 2165 3803 et
2193 3748 2369 3803 adhuc
2399 3759 2563 3814 supra
2592 3758 2783 3802 omnes
2814 3753 2919 3813 est,
2948 3745 3024 3801 ita
3045 3755 3103 3801 ut
3128 3760 3303 3815 neque
3326 3758 3489 3813 supc-

1908 3843 2082 3902 riores
2137 3855 2310 3909 usque
2363 3842 2432 3895 ad
2494 3839 2640 3897 illius
2704 3837 3083 3896 excellentiam
3146 3839 3490 3909 pertingant;

1908 3948 2006 3989 nec
2052 3932 2341 3988 inferiores
2390 3932 2508 4001 ejus
2564 3931 2829 3988 ambitum
2882 3939 3293 3999 pertranseant;
3356 3928 3486 3998 quin

1906 4024 2089 4096 potius
2112 4025 2298 4079 omnia
2337 4037 2458 4093 quae
2502 4021 2798 4078 illuminari
2837 4029 3069 4092 possunt
3100 4020 3389 4085 illuminat,
3433 4029 3490 4074 ct

1906 4126 2085 4185 creat,
2114 4127 2169 4172 et
2197 4116 2368 4171 vitam
2402 4115 2516 4183 dat,
2544 4124 2598 4170 et
2624 4114 2885 4179 continet,
2911 4124 2965 4168 et
2988 4112 3223 4182 perlicit,
3256 4119 3313 4166 et
3338 4124 3489 4165 men-

1906 4227 2033 4267 sura
2063 4221 2351 4266 esteorum
2384 4224 2505 4279 qua:
2528 4217 2677 4273 sunt,
2720 4217 2773 4263 et
2799 4222 2997 4275 avum,
3039 4215 3094 4261 CI
3124 4219 3401 4269 numerus,
3431 4213 3489 4259 et

1905 4302 2061 4368 ordo,
2101 4311 2158 4355 et
2184 4298 2523 4371 complexus,
2548 4307 2604 4355 et
2630 4314 2818 4364 causa,
2845 4307 3009 4367 atque
3037 4298 3190 4361 linis;
3216 4295 3295 4350 sic
3320 4293 3485 4349 etiam

1904 4397 2096 4464 ingens
2131 4394 2264 4459 istc,
2317 4402 2373 4447 et
2416 4400 2562 4448 totus
2605 4390 2919 4462 splendidus
2956 4404 3017 4444 ac
3054 4403 3269 4457 semper
3300 4387 3487 4442 lucens

1905 4490 1985 4546 soi
2032 4488 2210 4559 imago
2254 4499 2511 4555 expressa
2541 4494 2627 4540 est
2660 4484 2855 4539 divina:
2885 4481 3168 4547 bonitatis,
3213 4488 3488 4551 quatenus

1907 4582 2287 4641 tenuissimum
2318 4578 2450 4648 quid
2493 4576 2639 4632 illius
2683 4574 2806 4631 boni
2847 4575 2901 4628 in
2940 4588 3007 4629 eo
3030 4571 3221 4644 procul
3243 4580 3481 4644 resonat,

1906 4686 1962 4733 et
1997 4673 2325 4742 omniaquae
2348 4686 2470 4725 eum
2506 4668 2834 4740 participare
2860 4676 3089 4737 possunt
3129 4663 3390 4731 illustrat,
3427 4673 3484 4718 et

1906 4766 2083 4821 lumen
2128 4764 2291 4818 habet
2336 4775 2497 4831 supra
2534 4768 2843 4820 extensum,
2894 4755 3036 4825 quod
3081 4756 3133 4809 in
3170 4756 3481 4809 universum

1904 4857 2162 4911 mundum
2198 4853 2290 4924 qui
2325 4852 2593 4916 cernitur,
2644 4860 2755 4903 tum
2796 4847 3155 4917 superiorem,
3203 4855 3318 4900 tum
3347 4844 3482 4900 inle-

1900 4952 2121 5015 riorem,
2173 4947 2462 5016 splendore
2512 4942 2791 4997 radiorum
2840 4954 3065 4995 suorum
3111 4936 3478 5006 multiplicat;

1897 5054 1951 5100 et
1978 5043 2024 5097 si
2049 5042 2180 5111 quid
2207 5054 2331 5095 eum
2369 5052 2474 5092 non
2506 5035 2818 5106 participat,
2850 5046 2960 5087 non
2982 5041 3066 5088 est
3090 5032 3143 5085 in
3182 5045 3344 5085 causa
3377 5031 3482 5085 im-

1894 5135 2163 5193 becillitas
2210 5142 2302 5187 aut
2348 5130 2588 5186 tenuitas
2634 5125 2913 5182 facultatis
2965 5123 3324 5187 illuminandi,
3381 5121 3481 5177 sed

205 5222 334 5293 μετ’
365 5224 549 5277 ἐκεῖνα
579 5224 821 5293 φωτίζει,
861 5227 955 5281 καὶ
997 5228 1157 5282 οὐδέν
1197 5231 1313 5283 ἐστι
1356 5230 1465 5284 τῶν
1494 5228 1706 5302 ὁρατῶν
1731 5225 1792 5285 οὗ

1910 5230 2072 5295 potius
2102 5241 2216 5283 rem
2240 5226 2417 5297 ipsam
2447 5238 2551 5280 non
2594 5235 2714 5277 esse
2738 5216 3053 5287 expeditam
3082 5216 3149 5269 ad
3183 5214 3475 5285 participa-

290 5368 319 5399 ι
337 5358 477 5415 Gen.
518 5376 559 5426 ι,
595 5361 679 5417 l6.

1504 5501 1741 5561 VARLE
1776 5503 2183 5561 LECTIONES.

309 5643 355 5676 ⁸³
382 5644 550 5715 ύπαιρ

624 5644 775 5719 οξσα.
832 5643 1590 5719 υθδ-ύποιτερατῲσεωνιιιξιζίι
1619 5646 1888 5719 Maximus
1925 5645 2317 5719 Scholiasta.”
2357 5648 2423 5719 fr"
2446 5646 2682 5719 εύρείαςᾲ
2723 5643 2806 5719 vel
2854 5642 3101 5719 εὐροίαςᾹ
3128 5640 3168 5693 0
3340 5709 3351 5719 _
3375 5635 3467 5692 Sc.

309 5662 355 5676 "
382 5662 775 5769 υπαιρνὶχουσα.
876 5662 920 5676 °'
947 5662 1415 5715 υποπερατωσεων
1460 5662 1590 5710 ιιιιζιι
1619 5662 1888 5704 ΜΒΧΙΙΠΙΙΒ
1925 5662 2280 5703 δεηοιιοειοε.
2378 5662 2423 5678 ⁶⁰
2446 5662 2665 5719 ευρειας
2723 5662 2806 5699 νοι
2854 5662 3091 5717 ευροιας,
3129 5662 3168 5693 υ
3236 5662 3301 5691 ιιι.
3375 5662 3467 5692 ου.

205 5713 528 5799 ⁵⁸,ἑνιαίῳνλ
598 5714 753 5799 ansa.
830 5716 872 5747 ⁸⁷
912 5716 1229 5799 ἀφρίςουσσι
1254 5716 1310 5770 δὲ
1353 5713 1466 5784 καί,
1496 5717 1599 5787 Μ.;
1640 5716 1779 5777 forte
1808 5736 1867 5773 τε
1892 5718 2200 5791 legendum.
2280 5718 2325 5750 ⁸⁸
2351 5717 2406 5771 δέ
2433 5734 2541 5774 non
2562 5726 2647 5773 cst
2669 5717 2726 5774 in
2759 5715 2817 5772 S.
2853 5714 2912 5770 P.
2948 5714 3038 5771 Sc.
3069 5710 3170 5768 Sat
3253 5709 3295 5741 '9
3328 5709 3469 5763 ἀνω-

206 5784 376 5850 τάτω,
406 5787 465 5843 ι).
490 5786 550 5843 ιι.
628 5786 673 5819 ³⁸
702 5784 1155 5858 ἀναπαυομένων,
1185 5787 1240 5841 S.
