4176 6308
786 286 894 342 699

785 408 989 455 ttonem
1034 405 1253 464 luminis
1276 453 1291 476 ,
1325 414 1451 484 quia
1495 432 1606 470 non
1643 417 1715 475 sit
1743 419 1936 478 idonea
1968 426 2034 480 ad
2065 429 2362 486 admitten-

780 490 907 594 dum
950 495 1102 553 illud.
1151 501 1229 556 Ac
1279 519 1465 563 revera
1514 509 1681 583 354
1716 513 1881 569 multa
1926 517 2005 572 sic
2048 530 2197 585 sunt,
2238 540 2360 594 quae

784 586 977 641 radius
1014 591 1148 646 solis
1181 606 1630 667 prmtergressus,
1659 604 1749 659 illa
1780 622 1903 674 qua:
1924 608 2063 665 ultra
2092 626 2217 669 sunt
2242 586 2362 671 illu-

782 679 953 733 minat
976 722 999 749 ,
1039 695 1095 737 et
1144 687 1277 741 nihil
1321 701 1404 745 est
1436 707 1624 749 eorum
1652 712 1774 767 qua:
1799 702 1947 755 cerni
1982 716 2228 775 possunt,
2253 724 2361 778 quo

781 782 886 867 non
934 773 1209 845 pertingat
1253 781 1333 836 sol
1381 784 1585 855 ingenti
1626 790 1678 844 vi
1724 791 2032 861 splendoris
2058 798 2167 855 sui.
2213 773 2357 867 Quin

778 862 943 918 etiam
989 868 1054 920 ad
1107 880 1289 926 ortum
1330 891 1621 945 corporum
1668 882 1769 939 sub
1800 899 2022 942 sensum
2048 891 2358 949 cadentium

776 955 1007 1054 eont'ert,
1043 971 1098 1016 et
1138 979 1201 1019 ea
1241 964 1424 1024 movet
1457 973 1523 1027 ad
1558 976 1751 1043 vitam,
1790 983 1997 1049 nutrit,
2029 992 2211 1052 auget,
2235 999 2360 1054 per-

774 1045 912 1121 licit,
950 1059 1011 1106 et
1050 1068 1266 1127 purgat,
1300 1076 1363 1116 ac
1394 1079 1655 1137 renovat;
1686 1081 1740 1126 et
1770 1089 2025 1131 mensura
2051 1087 2135 1131 est
2162 1092 2226 1133 ac
2251 1094 2354 1133 nu-

773 1152 956 1197 merus
998 1156 1381 1218 tempestatum
1432 1172 1499 1213 ac
1542 1162 1796 1231 dierum,
1855 1175 1911 1221 et
1953 1168 2132 1223 omnis
2180 1170 2354 1225 nostri

775 1237 1041 1303 temporis
1074 1256 1088 1293 :
1130 1241 1235 1297 hoc
1265 1247 1410 1301 enim
1443 1261 1525 1305 est
1554 1252 1683 1309 illud
1722 1255 1926 1325 lumen,
1981 1261 2195 1316 tametsi
2228 1271 2354 1319 tunc

769 1336 898 1425 non:
927 1339 1047 1425 erat
1100 1331 1427 1408 ﬁguratum,
1479 1346 1623 1413 quod
1672 1348 1810 1405 dixit
1852 1352 2071 1409 divinus
2135 1353 2350 1425 Moyses

770 1413 1098 1477 distinxisse
1137 1425 1270 1482 illud
1335 1433 1571 1500 primum
1630 1439 1842 1496 dierum
1896 1454 2208 1500 nostrorum
2260 1448 2356 1501 tri-

767 1505 961 1564 duum.
991 1513 1172 1583 Atque
1210 1527 1265 1572 ut
1292 1525 1475 1578 omnia
1508 1526 1724 1586 bonitas
1750 1535 1813 1588 ad
1836 1550 1894 1590 se
1916 1538 2207 1606 convertit,
2232 1539 2350 1610 pri-

766 1612 970 1700 maque
994 1641 1009 1668 ,
1054 1621 1177 1675 quae
1214 1611 1455 1681 dispersa
1488 1628 1637 1685 sunt,
1672 1624 1899 1696 colligit,
1933 1637 2194 1700 tanquam
2224 1632 2348 1685 uni-

763 1687 869 1795 lica
926 1695 1185 1755 divinitas
1237 1702 1293 1758 et
1344 1709 1673 1783 principium
1728 1718 1994 1787 unitatis,
2055 1723 2349 1795 omniaque

763 1780 938 1852 lpsam
981 1797 1039 1845 ut
1076 1794 1427 1867 principium,
1469 1780 1540 1857 uti
1566 1808 1927 1877 complexum,
1963 1780 2022 1867 ut
2055 1813 2218 1869 ﬁnem
2253 1780 2347 1884 ξψ-
2381 1805 2422 1858 Β

760 1886 994 1949 petunt;
1060 1885 1374 1961 bonumque
1416 1895 1546 1951 illud
1598 1909 1682 1954 est
1730 1902 1813 1973 (ut
1857 1903 2139 1977 Scriptura
2190 1926 2345 1967 sacra

762 1974 1023 2063 testatur)
1072 1992 1137 2032 ex
1184 1996 1296 2050 quo
1343 1990 1525 2042 omnia
1577 1974 2064 2063 constiterunt,_et
2111 2002 2273 2059 veluti
2315 2023 2345 2062 a

758 2062 1165 2163 perfectissima
1206 2090 1369 2131 causa
1406 2083 1672 2149 producta
1716 2098 1864 2157 sunt,
1910 2101 1964 2145 et
1994 2092 2048 2146 in
2080 2110 2185 2163 qua
2214 2111 2345 2152 con-

757 2152 959 2212 sistunt
1002 2162 1284 2233 universa,
1332 2179 1593 2241 tanquam
1637 2177 1689 2231 in
1738 2178 1906 2237 fundo
1935 2195 2129 2238 cuncta
2160 2191 2342 2245 conti-

759 2257 930 2304 nente
978 2256 1271 2327 custodita,
1322 2273 1730 2337 contentaque;
1768 2282 1826 2328 et
1868 2275 1934 2328 ad
1963 2279 2107 2348 quod
2134 2284 2340 2348 omnia,

755 2346 1019 2412 tanquam
1074 2349 1144 2404 ad
1196 2350 1359 2409 linem
1413 2372 1643 2431 quaeque
1678 2379 1878 2433 suum,
1930 2346 2337 2441 convertuntur,

757 2435 1015 2531 quodque
1047 2453 1310 2511 appetunt
1347 2450 1625 2521 universa,
1666 2456 1934 2526 spiritalia
1986 2463 2206 2531 quidem
2254 2482 2341 2521 ra-

753 2521 1010 2596 tioneque
1041 2535 1255 2591 utentia
1294 2540 1553 2610 scienter,
1600 2549 1821 2604 sensilia
1866 2566 1998 2607 vero
2025 2555 2337 2623 sensiliter;

751 2631 873 2686 quce
916 2631 1100 2679 autem
1144 2644 1344 2687 sensus
1375 2644 1506 2689 sunt
1544 2642 1809 2708 expertia,
1857 2643 2043 2700 innato
2083 2658 2233 2702 motu
2259 2649 2340 2705 vi-

754 2711 880 2767 talis
909 2720 1302 2793 appetitionis,
1346 2739 1399 2782 et
1439 2746 1559 2800 qua:
1596 2735 1708 2789 vita
1750 2749 1956 2804 carent,
1996 2754 2058 2794 ac
2097 2749 2336 2796 tantum-

752 2808 916 2906 modo
946 2816 1215 2871 cxsistunt
1235 2860 1250 2885 ,
1282 2822 1332 2874 vi
1380 2827 1614 2893 quadam
1647 2830 1713 2884 ad
1737 2831 1905 2887 solius
1929 2837 2177 2891 essentia:
2209 2851 2336 2906 par-

753 2896 1132 2969 ticipationem
1163 2926 1437 2981 propensa
1469 2928 1619 2975 sunt.
1657 2919 1859 2975 Eadem
1906 2924 2227 2985 clat-iSsimze
2257 2930 2334 2985 si-

748 2990 1074 3052 tuilitudiuis
1100 3002 1310 3059 ratione
1334 3009 1424 3061 lux
1459 3024 1676 3080 quoque
1708 3015 1915 3085 colligit
1948 3024 2335 3092 convertitque

1954 304 2011 361 S.
2061 306 2361 367 DlONvYSlI
2397 314 2861 379 AREOPAGITE

3952 338 4056 397 700

2392 438 2437 496 Α
2469 434 2542 506 μὴ
2573 436 2869 505 ἐφικνεῖται
2905 442 3045 495 κατὰ
3077 444 3137 498 τὸ
3164 446 3263 518 τῆς
3303 449 3508 514 οἰκείας
3546 450 3737 525 αἴγλης
3768 453 4056 527 ὑπερϐάλ-

2466 524 2555 622 λον
2581 527 2828 598 μέγεθος.
2871 533 3029 588 Ἀλλά
3059 538 3151 591 καὶ
3182 540 3318 611 πρὸς
3351 541 3448 613 τὴν
3474 524 3829 612 γένεσιντῶν
3862 524 4054 622 αἰσθη-

2461 616 2571 671 τῶν
2602 622 2869 692 σωμάτων
2900 627 3283 699 συμϐάλλεται,
3315 634 3565 707 καὶπρὸς
3603 637 3746 710 ζωὴν
3776 639 3926 694 αὐτὰ
3960 616 4050 697 xt-

2461 710 2543 761 νεῖ
2570 712 2663 764 καὶ
2691 716 2876 787 τρέφει
2907 721 3000 773 καὶ
3036 720 3207 789 αὔξει,
3253 726 3347 778 καὶ
3374 726 3593 795 τελειοῖ,
3634 731 3726 783 καὶ
3758 731 4047 804 καθαίρει,

2461 806 2555 858 καὶ
2604 807 2848 863 ἀνανεοῖ·
2898 815 2993 867 καὶ
3040 815 3236 887 μέτρον
3272 818 3425 884 ἐστὶ,
3458 820 3551 873 καὶ
3594 821 3826 893 ἀριθμὸς
3863 824 4047 896 ὡρῶν,

2460 900 2703 972 ἡμερῶν,
2755 906 2851 958 καὶ
2878 906 3077 971 παντὸς
3100 907 3193 961 τοῦ
3235 908 3357 962 καθ’
3384 911 3531 982 ἡμᾶς
3567 914 3755 983 χρόνου
3799 914 3866 967 τὸ
3899 915 4044 983 φῶς

2458 990 2589 1045 αὐτὸ
2612 991 2722 1064 γάρ
2747 995 2863 1049 ἐστι
2904 995 2966 1049 τὸ
2992 996 3127 1066 φῶς,
3166 999 3215 1051 εἰ
3242 1000 3336 1052 καὶ
3366 1001 3485 1055 τότε
3514 1002 3930 1074 ἀσχημάτιστον
3955 1003 4044 1079 ἦν,

2456 1083 2593 1156 ὅπερ
2632 1087 2660 1139 δ
2696 1085 2836 1151 θεῖος
2872 1088 2972 1162 ἔφη
3014 1091 3239 1161 Μωσῆς,
3294 1094 3387 1146 καὶ
3414 1094 3579 1166 αὐτὴν
3612 1096 3829 1167 ἐκείνην
3862 1099 4045 1169 ὁρίσαι

2455 1177 2555 1249 τὴν
2594 1178 2816 1253 πρώτην
2839 1183 2947 1237 τῶν
2972 1182 3092 1237 καθ’
3117 1187 3265 1255 ἡμᾶς
3294 1187 3513 1258 ἡμερῶν
3538 1188 3750 1259 τριάδα.
3778 1192 3896 1245 Καὶ
3932 1190 4045 1245 ὦσ-

2456 1286 2562 1340 περ
2601 1272 2778 1325 πάντα
2806 1276 2943 1347 πρὸς
2969 1276 3164 1347 ἑαυτὴν
3193 1278 3226 1349 ἡ
3258 1278 3528 1352 ἀγαθότης
3555 1282 3902 1353 ἐπιστρέφει,
3948 1285 4048 1337 καὶ

2452 1362 2899 1436 άρχισυναγωγός
2928 1370 3044 1421 ἐστι
3067 1368 3175 1423 τῶν
3198 1370 3630 1442 ἐσκεδασμένων,
3654 1374 3728 1437 ὡς
3752 1374 4043 1447 ἑναρχικὴ,

2452 1456 2545 1508 καὶ
2567 1457 2809 1522 ἐνοποιδς
2841 1458 3050 1530 θεότης,
3093 1461 3188 1514 καὶ
3211 1462 3388 1516 πάντα
3429 1464 3595 1536 αὐτῆς
3624 1465 3697 1529 ὡς
3736 1467 3939 1539 ἀρχῆς,
3970 1468 4047 1534 ὡς

2452 1552 2702 1621 συνοχῆς,
2733 1553 2809 1617 ὠς
2843 1554 3030 1618 τέλους
3071 1555 3319 1625 ἐφίεται·
3361 1557 3455 1609 καὶ
3482 1559 3715 1628 τάγαθόν
3751 1562 3909 1615 ἐστιν
3946 1563 4045 1633 (ὡς

2448 1642 2517 1696 τὰ
2546 1642 2701 1713 λόγιά
2726 1644 2910 1717 φησιν)
2936 1645 2995 1711 ἐξ
3019 1642 3079 1701 οὗ
3109 1646 3177 1700 τὰ
3203 1647 3379 1702 πάντα
3410 1649 3615 1722 ὑπέστη
3638 1653 3702 1715 ⁹¹,
3738 1654 3835 1705 καὶ
3869 1655 4042 1719 ἔστιν,

2451 1734 2527 1799 ὡς
2572 1735 2632 1801 ἐξ
2678 1736 2858 1801 αἰτίας
2898 1737 3195 1803 παντελοῦς
3238 1740 3589 1811 παρηγμένα,
3634 1744 3728 1796 καὶ
3777 1745 3839 1797 ἐν
3888 1738 3934 1811 ᾧ
3978 1746 4044 1798 τὰ

2454 1829 2632 1882 πάντα
2683 1828 3033 1901 συνέστηκεν,
3078 1830 3154 1894 ὼς
3189 1832 3248 1897 ἐν
3275 1835 3758 1906 παντοκρατορικῷ
3797 1836 4042 1907 πυθμένι

2452 1916 2971 1992 φρουρούμενακαὶ
3015 1922 3448 1995 διακρατούμενα
3474 1965 3489 1989 ,
3542 1926 3636 1979 καὶ
3683 1928 3765 1991 εἰς
3813 1928 3845 1981 ὃ
3886 1930 3935 1961 ’⁸
3974 1930 4043 1982 τὰ

2448 2013 2625 2066 πάντα
2666 2012 3074 2083 ἐπιστρέφεται,
3114 2014 3422 2086 καθάπερ⁹³
3453 2018 3532 2080 εἰς
3578 2018 3776 2070 οἰκεῖον
3815 2020 4040 2091 ἑκάστῳ

2449 2104 2643 2175 πέρας,
2680 2104 2773 2157 καὶ
2801 2098 2861 2157 οὗ
2878 2106 3086 2175 ἐφίεται
3106 2107 3300 2171 πάντα,
3320 2107 3387 2170 τὰ
3413 2107 3508 2178 μὲν
3530 2107 3689 2178 νοερὰ
3719 2110 3814 2162 καὶ
3839 2110 4037 2179 λογικὰ

2446 2196 2781 2264 γνωστικῶς,
2826 2196 2894 2250 τὰ
2932 2197 2987 2249 δὲ
3029 2197 3320 2269 αἰσθητικά
3362 2198 3724 2269 αἰσθητικῶςο
3770 2200 3839 2253 τὰ
3871 2202 3929 2255 δὲ
3955 2206 4038 2256 αἰ-

2448 2285 2697 2357 σθήσεως
2742 2287 2967 2360 ἄμοιρα,
3025 2291 3091 2361 τῇ
3141 2288 3367 2360 ἐμφύτῳ
3411 2290 3623 2360 κινήσει
3651 2290 3750 2361 τῆς
3791 2289 4037 2361 ζωτικῆς

2444 2378 2701 2446 ἐφέσεως·
2734 2376 2801 2431 τὰ
2840 2378 2895 2430 δὲ
2924 2376 3074 2442 άξωα
3104 2381 3199 2432 καὶ
3236 2380 3393 2451 μόνον
3430 2381 3576 2445 ὅντα,
3602 2386 3666 2454 τῇ
3694 2384 3831 2455 πρὸς
3869 2386 4037 2457 μόνην

2442 2472 2539 2543 τὴν
2578 2471 2806 2544 οὺσιώδη
2846 2472 3059 2545 μέθεξιν
3100 2476 3518 2549 ἐπιτηδειότητι.
3552 2478 3705 2531 Κατὰ
3742 2479 3837 2532 τὸν
3873 2482 4035 2535 αὑτὸν

2440 2566 2539 2638 τῆς
2564 2567 2837 2638 ἐμφανοῦς
2868 2569 3075 2634 εἰκόνος
3102 2569 3255 2639 λόγον
3273 2610 3287 2635 ,
3323 2572 3417 2624 καί
3443 2572 3504 2625 τὸ
3544 2573 3660 2641 φῶς
3687 2576 3912 2643 συνάγει
3940 2593 4033 2629 και

2441 2659 2757 2731 ἐπιστρέφει
2778 2659 2913 2731 πρὸς
2934 2658 3095 2713 ἑαυτὸ
3108 2662 3285 2715 πάντα
3301 2661 3513 2716 τὰόντα
3527 2663 3592 2729 ’⁸,
3617 2663 3684 2717 τὰ
3697 2665 3935 2735 ὁρῶντα,
3965 2666 4029 2719 τὰ

2441 2751 2755 2821 κινούμενα,
2787 2752 2855 2805 τὰ
2874 2750 3235 2823 φωτιζόμενα,
3264 2753 3330 2806 τὰ
3358 2753 3777 2826 θερμαινόμενα,
3802 2758 3873 2811 τὰ
3894 2758 4029 2822 ὅλως

2441 2844 2546 2897 ὑπὸ
2565 2844 2669 2897 τῶν
2688 2843 2852 2896 αὐτοῦ
2873 2842 3253 2915 μαρμαρυγῶν
3273 2844 3620 2917 συνεχόμενα’
3640 2847 3718 2899 διὸ
3735 2849 3828 2899 καὶ⁵
3844 2848 4017 2918 ἥλιος,

2438 2937 2517 2990 ὅτι
2543 2938 2719 2991 πάντα
2740 2937 2899 3008 ἀολλῆ
2928 2940 3091 3001 ποιεῖ,
3120 2940 3211 2991 καὶ
3236 2937 3456 3007 συνάγει
3479 2938 3546 2993 τὰ
3574 2940 4021 3011 διεσκεδασμένα.

2437 3031 2547 3084 Καὶ
2577 3030 2753 3084 πάντα
2778 3029 2941 3083 αὑτοῦ
2968 3028 3035 3082 τὰ
3059 3030 3289 3102 αἰσθητὰ
3317 3030 3545 3099 ἐφίεται,
3578 3031 3609 3102 ἢ
3638 3031 3711 3095 ὡς
3743 3030 3839 3085 τοῦ
3870 3031 4019 3101 όρᾷν,

748 3082 819 3137 ad
849 3099 909 3140 se
943 3092 1129 3146 omnia
1162 3110 1282 3164 quae
1311 3099 1596 3170 videntur,
1626 3122 1749 3175 quae
1776 3119 2083 3177 moventur,
2117 3129 2240 3183 quae
2268 3117 2333 3171 ξι-

749 3173 1050 3208 Ιιιαο-ηηι..-
1120 3202 1230 3208 .-μμ
1288 3191 1360 3208 --1
1549 3206 1555 3208 .
1977 3206 1987 3208 -

2444 3082 2571 3196 ad);
2739 3121 3026 3188 κινεῖσθαι,
3076 3082 3173 3175 καί
3194 3082 3557 3191 ⁷φωτίὲεσθαιι,
3598 3082 3707 3175 καί
3729 3082 4017 3194 θερμαίνε-

748 3173 1071 3271 lustrantur,
1114 3202 1236 3256 quae
1278 3191 1581 3264 calescunt,
1636 3214 1865 3271 quaeque
1897 3206 2191 3263 universim
2243 3225 2331 3263 ra-

748 3266 855 3325 diis
876 3272 995 3342 ejus
1026 3281 1502 3355 perstringuntur;
1535 3266 1678 3344 unde
1702 3266 1853 3362 ἥλιος
1875 3309 1969 3350 seu
1999 3302 2101 3362 sol,
2131 3314 2328 3356 nomen

2441 3216 2584 3281 σθαι,
2620 3219 2714 3269 καὶ
2749 3217 2883 3281 ὅλως
2918 3214 3233 3286 συνέχεσθαι
3256 3215 3391 3288 πρὸς
3412 3214 3505 3270 τοῦ
3738 3216 4014 3308 ἐφιέμενα.

2440 3307 2550 3359 Καὶ
2582 3307 2640 3359 οὺ
2672 3307 2844 3377 δήπου
2882 3307 3023 3377 φημὶ
3043 3306 3184 3359 κατὰ
3210 3306 3301 3359 τὸν
3327 3308 3426 3379 τῆς
3454 3306 3812 3377 παλαιότητος
3838 3306 4013 3375 λόγον,

747 3362 940 3431 habet,
974 3370 1119 3437 quod
1145 3374 1328 3429 omnia
1355 3376 1521 3432 faciat
1549 3380 1732 3454 ἀολλῆ,
1761 3385 1811 3439 id
1839 3396 1922 3441 est
1944 3390 2128 3443 omnia
2150 3404 2331 3448 servet

2444 3398 2519 3451 ὅτι
2549 3399 2669 3463 θεὸς
2692 3362 2765 3453 div
2800 3362 2843 3451 ό.
2862 3362 3012 3470 ἥλιος
3039 3400 3133 3452 καὶ
3164 3362 3492 3471 δημιουργὸς
3524 3399 3677 3452 τοῦδε
3700 3362 3790 3451 τοῦ
3822 3362 4015 3462 παντὸς

747 3451 924 3564 δρινε,
976 3465 1030 3511 et
1100 3474 1391 3534 congreget
1430 3469 1706 3539 dispersa.
1753 3474 1817 3529 Ει
1841 3482 2020 3534 omnia
2055 3497 2175 3551 qum
2203 3498 2330 3538 sen-

748 3544 917 3564 ,μμ
1124 3551 1136 3564 .
1202 3554 1211 3564 .

2444 3493 2584 3557 ἰδίως
2618 3451 2963 3564 ἐπιτροπεῦει
2995 3451 3096 3547 ῗτὸν
3137 3451 3378 3564 ἐμφανῆ⁸
3400 3451 3601 3563 κόσμον
3623 3534 3638 3558 ,
3680 3492 3793 3545 ἀλλ’
3827 3494 3908 3545 ὅττι
3946 3494 4015 3547 τὰ

748 3540 919 3600 tiendi
963 3548 1072 3602 vim
1122 3551 1476 3615 liabenteum
1529 3574 1822 3636 appetunt,
1876 3571 1955 3626 vel
1994 3540 2324 3643 utlvideant,

2444 3540 2580 3557 ----π
2618 3540 2963 3564 mur—mn-
3140 3540 3355 3564 -τ-ττη
3403 3540 3593 3563 -νηιη-
3623 3540 3638 3558 ν
3682 3540 3778 3545 τμη
3832 3540 3907 3545 η-
3951 3540 4013 3547 -—

2444 3588 2658 3654 ἀόρατα
2694 3586 2800 3640 τοῦ
2836 3588 2983 3641 Θεοῦ
3018 3586 3133 3643 ἀπὸ
3164 3589 3411 3652 κτίσεως
3445 3588 3676 3655 κόσμου
3701 3585 3825 3651 τοῖς
3852 3585 4015 3651 ποιή-

746 3638 833 3695 vel
867 3650 924 3695 ut
950 3659 1298 3717 moveantur,
1337 3664 1391 3707 et
1432 3656 1829 3728 illuminentur,
1866 3674 1921 3720 et
1948 3665 2243 3737 calescant,
2273 3681 2328 3727 et

2444 3695 2574 3733 λασι
2604 3680 2902 3749 νοούμενα
2938 3678 3273 3751 καθορᾶται,
3310 3680 3348 3749 ἢ
3381 3697 3443 3733 τε
3474 3679 3661 3746 ἀίδιος
3692 3679 3880 3733 αὑτοῦ
3906 3678 4007 3733 δύ-

746 3731 982 3840 detiique
1029 3751 1088 3795 ut
1126 3748 1512 3806 contineantur
1553 3762 1609 3808 et
1654 3770 2051 3817 conserventur
2100 3779 2129 3818 a
2182 3764 2323 3821 luce.

2444 3731 2615 3840 ratae
2748 3731 3009 3840 θειότης.

746 3822 865 3883 Non
909 3832 1013 3888 boc
1049 3836 1193 3903 dico,
1230 3848 1288 3893 ut
1317 3843 1614 3912 antiquitas
1643 3848 2037 3921 existimabat,
2101 3858 2246 3926 quod
2303 3858 2382 3913 sol
2417 3822 2694 3927 sit‘Deus,
2742 3876 2797 3917 et
2847 3875 3037 3918 auctor
3101 3865 3373 3929 universi,
3416 3866 3505 3935 qui
3554 3867 3697 3921 hunc
3726 3866 4006 3922 mundum.

746 3935 908 3991 quem
941 3930 1236 3994 cernimus,
1271 3938 1487 4005 proprie
1511 3940 1801 4008 gubernet,
1834 3946 1927 3999 sed
1952 3949 2157 4017 potius,
2183 3952 2327 4019 quod
2364 3954 2646 4009 invisibilia
2685 3955 2803 4022 Dei,
2842 3973 2873 4009 a
2905 3968 3151 4010 creatura
3185 3959 3404 4027 mundi,
3443 3972 3536 4028 per.
3579 3975 3639 4012 ea
3694 3974 3811 4028 qua:
3870 3954 4008 4025 facta

745 4026 893 4083 unt,
946 4019 1213 4077 intellecta
1262 4032 1700 4104 conspiciuntur,
1758 4040 2079 4109 sempiterna
2128 4060 2331 4114 quoque
2365 4048 2479 4117 ejus
2506 4049 2668 4103 virtus
2694 4057 2743 4103 et
2761 4050 3007 4104 divinitas
3047 4057 3093 4104 ο.

2298 4184 2436 4257 §V.

817 4303 845 4376 ς
875 4305 941 4361 V.
981 4307 1174 4365 Verum
1206 4311 1273 4369 de
1311 4312 1396 4371 his
1432 4318 1485 4371 in
1517 4321 1812 4391 symbolica
1842 4325 2135 4398 theologia.
2164 4328 2318 4386 Nunc

2508 4333 2667 4387 Ἀλλὰ
2696 4333 2864 4387 ταῦτα
2896 4332 2992 4405 μὲν
3030 4336 3086 4387 ἐν
3133 4338 3198 4406 τῇ
3234 4332 3529 4404 συμϐολικῇ
3578 4334 3842 4406 θεολογία.
3891 4334 4002 4390 Νῦν

742 4408 925 4455 autem
962 4401 1273 4461 intellectile
1309 4406 1435 4463 boni
1486 4426 1515 4463 a
1566 4412 1686 4469 luce
1733 4432 1927 4471 nomen
1970 4422 2129 4477 nobis
2172 4424 2317 4479 cele~

2444 4426 2478 4478 ἰὲ
2519 4427 2615 4498 τὴν
2650 4427 2845 4499 νοητὴν
2889 4401 3124 4494 τάγαθοῦ
3160 4401 3528 4496 φωτωνυμίαν
3555 4428 3683 4498 ἡμῖν
3715 4401 3997 4498 ὑμνητὲον,

744 4491 1012 4550 brandum
1037 4505 1163 4563 est,
1198 4508 1253 4553 et
1281 4501 1575 4558 dicendum
1610 4510 1754 4575 quod
1797 4511 1843 4565 is
1872 4513 1965 4581 qui
2008 4513 2181 4571 bonus
2212 4524 2317 4585 est,

743 4581 837 4638 lux
860 4584 1193 4643 intellectilis
1221 4591 1438 4659 dicitur,
1472 4598 1597 4665 quia
1623 4613 1842 4655 omnem
1868 4615 2105 4661 mentem
2128 4624 2318 4677 supra-

740 4675 1017 4733 cmlestem
1054 4680 1241 4752 implet
1284 4685 1487 4743 lumine
1529 4689 1869 4761 intellectili;
1904 4712 2121 4754 omnem
2150 4675 2311 4775 355

740 4778 923 4823 autem
973 4771 1336 4841 ignorantiam
1368 4789 1420 4833 et
1447 4797 1689 4839 errorem
1721 4801 1789 4841 ex
1814 4790 2065 4848 omnibus
2094 4771 2315 4861 animis,

740 4860 795 4916 in
827 4865 1023 4932 quibus
1067 4878 1168 4934 est,
1221 4870 1389 4941 ejicit,
1430 4884 1482 4930 et
1514 4876 1646 4947 ipsis
1683 4885 1938 4939 omnibus
1980 4885 2159 4942 lumen
2191 4905 2317 4944 san-

2422 4521 2517 4573 καὶ
2546 4519 2759 4591 ῥητέον,
2803 4518 2879 4570 ὅτι
2920 4517 3034 4585 φῶς
3064 4516 3253 4587 νοητὸν
3281 4517 3308 4568 ό
3336 4515 3537 4585 ἀγαθὸς
3564 4516 3775 4584 λέγεται
3822 4516 3907 4570 διὰ
3942 4518 3999 4571 τὸ

2422 4615 2599 4669 πάντα
2629 4614 2726 4683 μὲν
2759 4613 3147 4684 ὑπερουράνιον
3172 4610 3296 4664 νοῦν
3333 4611 3707 4682 ἐμπιμπλάναι
3737 4613 3783 4643 ⁸⁸
3808 4612 3995 4683 νοητοῦ

2421 4706 2629 4775 φωτός’
2680 4704 2859 4757 πᾶσαν
2903 4702 2960 4757 δὲ
3013 4704 3231 4772 ἄγνοιαν
3274 4703 3367 4756 καὶ
3416 4702 3620 4773 πλάνην
3650 4703 3891 4757 ἐλαύνειν
3934 4707 3995 4759 ἐκ

2421 4800 2629 4862 πασῶν,
2658 4793 2745 4861 αἶς
2771 4799 2833 4851 ἂν
2862 4798 3149 4868 ἐγγένηται
3186 4796 3404 4867 ψυχαῖς,
3452 4798 3545 4851 καὶ
3586 4798 3783 4861 πάσαις
3812 4798 3994 4862 αὑταῖς

2420 4894 2595 4962 φωτὸς
2650 4891 2796 4963 ἱεροῦ
2846 4891 3211 4962 μεταδιδόναι,
3263 4891 3356 4943 καὶ
3398 4890 3524 4954 τοὺς
3559 4890 3774 4959 νοεροὺς
3820 4890 3991 4944 αὐτῶν

740 4963 887 5009 ctum
922 4959 1196 5030 impertit,
1248 4981 1547 5042 eorumque
1590 4976 1776 5030 oculos
1810 4978 2070 5035 mentales
2108 4995 2138 5033 a
2185 4983 2317 5036 cali-

2448 4959 2727 5056 φθαλμοὺς
2764 4959 3149 5054 ἀνακαθαίρειν
3179 4983 3224 5014 ⁸⁸
3251 4983 3351 5052 τῆς
3390 4982 3774 5053 περικειμένης
3807 4984 3989 5045 αὐταῖς

739 5046 863 5118 glne
892 5064 959 5105 ex
995 5052 1304 5122 ignorantia
1330 5065 1662 5124 circumfusa
1698 5080 1967 5141 repurgat,
1999 5083 2052 5127 et
2077 5074 2272 5129 liberat
2298 5120 2313 5143 ,

2630 5046 2850 5147 ἀγνοίας
2886 5046 3101 5147 ἀχλύος,
3145 5075 3239 5128 καὶ
3278 5046 3553 5129 άνακιν-εἴν
3585 5046 3679 5128 καὶ
3727 5074 3987 5128 ἀναπτύσ·

738 5148 797 5192 et
825 5141 1044 5208 excitat,
1074 5158 1235 5219 atque
1268 5157 1444 5223 aperit
1472 5161 1636 5214 multa
1669 5166 1936 5232 gravitate
1968 5167 2313 5221 tenebrarum

738 5245 1083 5273 (inn‘Ihl‘nacnn
1148 5256 1199 5273 ne
1242 5248 1455 5273 hin“---
1573 5254 1615 5273 1,
1636 5266 1645 5273 .
1744 5272 1749 5273 γ
1884 5260 1894 5270 .
2174 5260 2185 5271 ι
2214 5262 2222 5273 ι

2444 5188 2534 5223 raw
2680 5141 2871 5239 eam;
2912 5141 3065 5238 βάρει
3108 5166 3200 5219 τοῦ
3252 5166 3474 5229 σκότους
3523 5166 3947 5273 συμμεμυκότας
3971 5180 3982 5195 ·

738 5245 1086 5305 compressos
1145 5256 1200 5300 et
1241 5248 1457 5307 clausos
1501 5274 1515 5308 :
1562 5254 1761 5327 datque
1813 5260 2050 5329 primum
2097 5260 2313 5330 quidem

2444 5265 2512 5317 ;α“ι
2544 5262 2875 5335 μεταδιδόναι
2922 5259 3113 5332 πρῶτα
3164 5260 3260 5331 μὲν
3285 5262 3326 5293 9⁷
3359 5259 3551 5332 αἴγλης
3582 5260 3803 5331 μετρίας
3823 5274 3835 5287 ·
3876 5254 3984 5313 εἶτα

810 5382 840 5412 °
868 5376 1026 5439 Rom.
1060 5399 1098 5448 ι,
1129 5384 1219 5442 20.

2038 5507 2270 5565 VARUE
2307 5510 2714 5569 LECTIONES.

2149 5693 2193 5723 ⁹³
2222 5694 2315 5746 καὶ
2360 5692 2629 5762 καθάπερ,
2654 5692 2715 5745 P.
2789 5692 2836 5723 ⁸⁵
2860 5690 2930 5745 τὰ
2977 5692 3104 5747 ὄντα
3140 5709 3244 5750 non
3288 5693 3487 5749 habent
3538 5691 3595 5747 S.
3631 5691 3685 5748 P.
3732 5694 3818 5751 Sc.
3858 5692 3966 5747 Sat.

813 5680 853 5710 "
888 5680 1062 5735 πάντα
1091 5681 1185 5735 καὶ
1211 5683 1439 5754 ὑπέστη,
1471 5685 1533 5739 Ι).
1611 5687 1655 5717 θ’
1683 5690 1760 5751 εἰς
1786 5689 1861 5749 ὃν,
1898 5689 1948 5742 S.
1988 5690 2045 5743 P.
2149 5693 2193 5723 9’
2222 5694 2315 5746 καὶ
2360 5692 2629 5762 καθάπερ,
2654 5692 2715 5745 P.
2789 5692 2836 5723 ⁸⁵
2860 5690 2930 5745 τὰ
2977 5692 3019 5744 δ’

815 5751 1124 5825 ὲαπιπλᾷν,
1156 5754 1213 5809 Ρ.
1246 5757 1613 5826 ἐμπιπλάναι,
1644 5757 1703 5813 ἰ).
1815 5762 1858 5793 9°
1885 5761 2309 5834 ἀποκαθαίρειν,
2342 5763 2400 5819 ι).
2505 5766 2548 5798 9⁷
2575 5763 2787 5834 πρῶτον
2829 5763 2945 5836 μέν,
2978 5762 3019 5817 D

2582 5797 2694 5829 ιυγιυ
2709 5797 2785 5818 μιν
2829 5797 2945 5829 μῦν)
2979 5797 3038 5817 υ-

737 5748 787 5785 ⁹⁸
815 5751 1124 5825 ὲαπιπλᾷν,
1156 5754 1213 5809 Ρ.
1246 5748 1613 5826 ἐμπιπλάναι,
1644 5757 1703 5813 ἰ).
1742 5748 1755 5751 ⁷
1815 5762 1858 5793 9°
1885 5761 2309 5834 ἀποκαθαίρειν,
2342 5763 2400 5819 ι).
