4176 6308
202 331 312 390 ⁸101

1279 341 1367 397 DE
1404 337 1656 395 DIVINIS
1687 334 2084 402 NOMINIBUS,
2119 333 2273 391 CAP.
2312 334 2397 392 IV.

3357 333 3465 391 703

194 451 434 507 ἐκείνων
477 453 665 527 ὥσπερ
701 457 1117 529 ἀπογευομένων
1144 461 1189 491 ’⁸
1223 461 1417 528 φωτὸς,
1460 459 1557 512 καὶ
1587 458 1774 530 μᾶλλον

1890 457 2217 514 mediocrem
2252 454 2630 526 splendorem;
2658 454 2870 519 deinde,
2903 465 3160 526 tanquam
3183 460 3469 522 degustato

192 537 532 610 ἐφιεμένων,
589 544 788 614 μᾶλλον
828 547 1024 619 ἑαυτὴν
1062 548 1341 615 ἐνδιδόναι,
1386 551 1480 603 καὶ
1519 549 1774 622 περισσῶι

1893 549 2117 614 lumine,
2172 552 2228 604 et
2269 545 2447 602 oculis
2483 544 2596 614 jam
2650 547 2824 615 magis
2869 556 2987 615 post
3029 545 3463 617 degustationem

190 628 561 701 δπιλάμπειν,
594 635 676 687 ὅτι
705 637 1001 709 ἠγάπησαν
1036 639 1168 692 πολύ
1193 657 1206 670 ⁸
1252 642 1347 694 καὶ
1375 641 1462 693 ἀεὶ
1491 640 1774 694 ἀνατείνειι

1893 642 2074 696 lumen
2107 639 2518 710 appetentibus,
2541 639 2712 706 magis
2729 653 2787 693 se
2819 639 3087 708 impertit,
3111 647 3166 692 et
3190 637 3468 705 (topiOsillS

189 720 380 786 αὑτὰς
397 725 441 755 ’⁸
470 726 563 778 ἐπὶ
589 726 656 780 τὰ
685 727 902 798 πρόσω,
934 730 1074 783 κατὰ
1096 730 1194 803 τὴν
1224 732 1375 802 σφῶν
1397 733 1479 796 είς
1505 731 1788 785 ἀνάνευσιν

188 811 518 865 ἀναλογίαν-

272 813 518 884 αλογίαν.

1889 731 2102 802 fulget;
2137 732 2263 802 quia
2299 730 2602 785 dilexerunt
2634 731 2861 784 multum
2899 741 2963 790 P;
3013 745 3076 784 ac
3118 745 3338 799 semper
3369 741 3468 783 eas

1890 825 2116 880 ulterius
2138 822 2392 894 provehit
2428 822 2780 894 proportione
2812 823 2981 878 studii
3014 837 3201 878 earum
3232 822 3301 878 ad
3324 819 3468 890 aspi-

1888 917 2140 973 ciendom
2179 931 2419 973 sursum.

1748 1061 1775 1134 ι
1808 1057 1914 1118 v1.

274 1193 396 1258 Φῶς
417 1191 509 1251 οὖν
554 1201 741 1272 νοητὸν
767 1201 978 1273 λέγεται
1006 1206 1067 1259 τὸ
1095 1207 1233 1279 ὑπὲρ
1264 1208 1371 1263 πᾶν
1408 1209 1524 1278 φῶς
1556 1207 1778 1278 ἀγαθὸν,

191 1285 280 1350 ὡς
332 1291 487 1355 ἀκτὶς
539 1298 748 1367 πηγαία
813 1300 908 1352 καὶ
969 1300 1381 1372 ὑπερϐλύζουσα
1431 1303 1779 1373 φωτοχυσία,

192 1382 382 1436 πάντα
409 1383 499 1438 τὸν
537 1386 901 1461 ὑπερκόσμιον
936 1392 1030 1445 καὶ
1060 1394 1417 1466 περικόσμιον
1467 1395 1556 1459 ¹⁰⁸³,
1575 1394 1666 1449 καὶ
1695 1396 1785 1462 έγ-

191 1470 429 1542 κόσμιον
465 1476 607 1542 νοῦν,
642 1481 708 1533 ὲκ
752 1480 846 1534 τοῦ
893 1482 1254 1556 πληρώματος
1303 1486 1470 1557 αὐτῆς
1515 1484 1786 1556 καταλάμ-

193 1577 401 1628 πουσα,
445 1570 659 1634 καὶτὰς
681 1572 873 1644 νοερὰς
920 1575 1098 1629 αὐτῶν
1134 1569 1261 1641 ὅλας
1290 1574 1654 1641 ἁνανεάζουσα
1692 1577 1782 1630 δυ-

189 1653 414 1724 νάμεις,
457 1661 550 1712 καὶ
582 1662 789 1728 πάντας
832 1666 1160 1738 περιέχουσα
1193 1670 1210 1701 ¹
1251 1668 1330 1740 τῷ
1359 1669 1778 1742 ὕπερτετάσθαι,

192 1747 298 1799 καὶ
325 1750 538 1804 πάντων
570 1754 911 1826 ὑπερέχουσα
936 1758 1013 1830 τῷ
1053 1760 1426 1831 ὑπερκεῖσθαυ
1452 1764 1546 1817 καὶ
1573 1763 1782 1828 ἁπλῶς.

1957 1205 2164 1263 Lumen
2240 1204 2406 1276 igitur
2496 1202 2809 1260 intellectile
2876 1199 3078 1256 dicitur
3149 1199 3283 1254 illud
3369 1198 3467 1252 bo-

1887 1314 2015 1354 num
2063 1298 2208 1369 quod
2263 1306 2350 1352 est
2388 1311 2549 1366 supra
2594 1311 2754 1350 omne
2799 1294 3002 1358 lumen,
3057 1303 3314 1362 tanquam
3347 1290 3466 1346 fons

1887 1389 2168 1444 radiorum
2237 1393 2295 1442 et
2355 1385 2550 1442 eiusio
2619 1384 2843 1441 luminis
2906 1384 3178 1441 inundans
3245 1399 3463 1440 omnem

1886 1486 2119 1534 mentem
2182 1474 2718 1548 supramundanam,
2790 1483 2848 1532 et
2897 1476 3461 1539 circummundanam,

1886 1579 1940 1626 et
1979 1570 2308 1625 mundanam
2336 1585 2403 1626 ex
2432 1569 2770 1638 plenitudine
2808 1583 2904 1623 sua
2937 1567 3267 1632 illuminans,
3296 1577 3352 1623 et
3380 1578 3462 1622 to-

1889 1672 1973 1717 tas
2012 1676 2200 1716 earum
2243 1660 2536 1716 facultates
2569 1661 2907 1732 intelligendi
2953 1674 3243 1724 renovans,
3273 1669 3326 1715 et
3347 1675 3468 1716 om-

1891 1770 1987 1810 nes
2017 1755 2304 1810 continens
2325 1796 2340 1822 ,
2373 1765 2643 1826 quatenus
2673 1770 2838 1824 supra
2866 1769 3057 1810 omnes
3092 1755 3370 1819 tenditur;
3409 1763 3466 1808 et

189 1839 380 1892 πᾶσαν
419 1842 520 1912 τῆς
569 1849 900 1918 φωτιστικῆς
944 1850 1226 1921 δυνάμεως
1266 1852 1365 1923 τὴν
1413 1852 1670 1924 κυρείαν,
1711 1856 1774 1916 ὡς

1890 1845 2148 1902 omnibus
2193 1846 2551 1914 antecellens,
2600 1856 2874 1917 quatenus
2917 1858 3084 1916 supra
3116 1859 3306 1901 omnes
3336 1852 3463 1909 stat,

188 1930 506 2000 ἀρχίφωτος
525 1937 618 1990 καὶ
647 1937 986 2012 ὑπέρφωτος,
1021 1944 1078 1995 ὲν
1107 1944 1270 2014 ἑαυτῇ
1301 1942 1659 2010 συλλαϐοῦσα,
1689 1946 1784 1999 καὶ

187 2020 556 2095 ὑπερέχουσα,
604 2031 696 2083 καὶ
729 2033 1052 2103 προέχουσα,
1096 2037 1189 2088 καὶ
1226 2035 1294 2090 τὰ
1346 2036 1507 2108 νοερὰ
1548 2040 1641 2092 καὶ
1673 2037 1740 2091 τὰ
1762 2041 1780 2071 ³

184 2113 388 2184 λογικὰ
431 2120 605 2174 πάντα
645 2126 971 2193 συνάγουσα,
1026 2129 1119 2181 καὶ
1171 2129 1330 2202 ἀολλῆ
1371 2129 1620 2186 ποιοῦσα.
1669 2133 1781 2186 Καὶ

183 2209 304 2280 γὰρ
333 2209 524 2284 ὥσπερ
561 2217 594 2286 ἡ
625 2217 816 2286 ἄγνοια
846 2219 1148 2294 διαιρετικὴ
1194 2224 1303 2278 τῶν
1347 2225 1780 2298 πεπλανημένων

181 2299 364 2363 ἐστὶν,
398 2303 570 2369 οὕτως
597 2309 628 2378 ἡ
664 2308 758 2361 τοῦ
785 2312 974 2382 νοητοῦ
1005 2314 1181 2382 φωτὸς
1211 2317 1505 2388 παρουσία,
1538 2333 1782 2386 συναγω-

183 2391 288 2458 γὸς
312 2395 405 2446 καὶ
446 2396 673 2470 ἑνωτικὴ
699 2399 806 2454 τῶν
841 2403 1223 2475 φωτιζομένων
1256 2406 1404 2473 ἐστὶ,
1452 2409 1547 2460 καὶ
1572 2408 1782 2463 τελειω-

181 2485 340 2555 τικὴ,
376 2487 471 2540 καὶ
519 2488 598 2542 ἔτι
653 2491 674 2521 ³
734 2495 1127 2568 ἐπιστρεπτικὴ
1187 2496 1322 2566 πρὸς
1367 2497 1428 2552 τὸ
1478 2499 1647 2565 ὅντως
1697 2500 1777 2567 ὃν,

180 2576 299 2629 ἀπὸ
321 2578 430 2630 τῶν
466 2581 674 2636 πολλῶν
708 2585 1060 2657 δοξασμάτων
1086 2590 1509 2662 ἐπιστρέφουσα,
1560 2593 1656 2646 καὶ
1682 2593 1783 2659 τὰς

182 2669 442 2734 ποικίλας
479 2671 650 2742 ὄψεις,
693 2674 724 2746 ἢ
767 2677 1100 2750 κυριώτερον
1129 2680 1322 2744 εἰπεῖν,
1352 2681 1670 2748 φαντασίας,
1697 2684 1778 2748 είς

187 2759 324 2830 μίαν
375 2759 548 2834 ἀληθῆ
594 2763 688 2816 καὶ
734 2765 1002 2837 καθαρὰν,
1055 2769 1148 2819 καὶ
1191 2767 1437 2837 μονοειδῆ
1475 2768 1777 2838 συνάγουσα

183 2851 412 2920 γνῶσιν,
441 2855 534 2908 καὶ
566 2856 682 2921 ἐνὸς
709 2859 801 2911 καὶ
839 2857 1097 2912 ἑνωτικοῦ
1125 2860 1301 2929 φωτὸς
1326 2859 1676 2931 ὲμπιπλῶσα.

1886 1948 2052 2010 atque
2079 1939 2409 2009 simpliciter
2437 1954 2658 1994 omnem
2691 1937 3055 2008 principatum
3100 1933 3463 2000 illuminandi,

1886 2039 2144 2101 tanquam
2184 2032 2443 2101 princeps
2470 2029 2712 2094 luminis,
2741 2038 2798 2083 et
2833 2043 3160 2099 supraquam
3191 2027 3372 2081 lumen
3406 2025 3461 2080 in

1885 2137 1945 2178 se
1993 2121 2447 2192 comprehensum
2488 2119 2674 2188 habet,
2720 2130 2774 2175 et
2821 2134 3150 2191 supraquam
3194 2119 3376 2182 habet,
3409 2127 3466 2172 et

1884 2211 2191 2281 prmha’bet,
2237 2220 2404 2283 atque
2443 2212 2628 2266 omnia
2680 2211 2895 2266 ratione
2933 2220 2988 2266 et
3033 2218 3217 2266 mente
3259 2209 3462 2264 utentia

1885 2315 2206 2375 congregat,
2237 2315 2292 2360 et
2322 2306 2375 2360 in
2409 2321 2579 2360 unum
2607 2305 2850 2374 copulat.
2880 2303 3094 2358 Etenim
3137 2303 3279 2359 sicut
3311 2304 3464 2374 igno-

1890 2398 2066 2450 rantia
2103 2405 2360 2452 errantes
2395 2397 2630 2462 dirimit;
2666 2396 2747 2450 sic
2777 2396 3042 2450 adventus
3071 2395 3294 2450 luminis
3326 2410 3462 2450 con-

1888 2496 2075 2556 gregat
2114 2494 2169 2541 et
2206 2486 2437 2557 copulat
2470 2486 2823 2552 illuminatos,
2869 2485 3193 2555 perﬂcitque
3235 2501 3352 2552 eos,
3403 2496 3461 2541 et

1887 2579 1953 2632 ad
1986 2579 2040 2632 id
2071 2580 2215 2649 quod
2244 2593 2374 2634 vere
2413 2588 2498 2635 est
2525 2580 2819 2643 canvertit,
2842 2593 2872 2632 a
2902 2578 3089 2632 multis
3124 2577 3460 2645 opinationi-

1882 2669 1985 2724 bus
2010 2684 2106 2724 eos
2135 2685 2438 2735 revocans,
2477 2686 2541 2725 ac
2579 2671 2765 2726 varios
2807 2681 3082 2740 aspectus,
3117 2669 3221 2734 vel,
3263 2681 3321 2724 ut
3344 2684 3461 2723 ma-

1879 2764 1960 2834 gis
1991 2765 2216 2835 proprie
2239 2765 2420 2820 dicam
2447 2808 2463 2833 ,
2503 2766 2654 2819 varia
2684 2765 2736 2819 in
2764 2779 2929 2817 unam
2976 2779 3160 2818 veram
3191 2776 3242 2819 et
3270 2779 3458 2833 puram

1876 2870 1943 2910 ac
1979 2854 2280 2925 simplicem
2310 2857 2678 2927 cognitionem
2704 2856 3008 2923 contrahit,
3033 2865 3089 2911 et
3121 2871 3228 2910 uno
3256 2856 3459 2911 lumine

1875 2949 2074 3006 uniﬁco
2101 2949 2313 3022 implet.

1696 3101 1723 3176 ς
1775 3097 1919 3162 vn.

259 3264 428 3318 Τοῦτο
468 3263 699 3332 τάγαθὸν
727 3264 974 3334 ὑμνεῖται
1015 3262 1152 3336 πρὸς
1175 3265 1284 3319 τῶν
1316 3265 1477 3339 ιερῶν
1504 3265 1767 3336 Θεολόγων

1943 3263 2057 3320 Hoc
2099 3265 2230 3321 item
2279 3266 2481 3336 bonum
2528 3266 2786 3322 laudatur
2824 3279 2856 3320 a
2885 3266 3062 3321 sacris
3099 3266 3365 3338 theologis
3394 3281 3452 3326 ut

183 3355 286 3407 καὶ
325 3353 399 3418 ὡς
439 3353 623 3417 καλὸν,
653 3355 747 3408 καὶ
772 3355 846 3418 ὠς
885 3354 1099 3420 κάλλος,
1128 3356 1224 3410 καὶ
1248 3357 1323 3420 ὼς
1350 3358 1537 3429 ἀγάπη
1564 3359 1659 3411 καὶ
1699 3359 1773 3424 ὼς

182 3447 495 3518 ἀγαπητὸν,
539 3447 631 3500 καὶ
654 3448 776 3502 ὅσαι
803 3448 958 3504 ἄλλαι
1005 3450 1298 3521 εὐπρεπεῖς
1322 3453 1426 3504 εἱσι
1451 3451 1548 3522 τῆς
1584 3451 1777 3506 καλλο-

183 3539 345 3594 ποιοῦ
395 3539 488 3593 καὶ
528 3543 970 3613 κεχαριτωμένης
1016 3543 1037 3574 ’⁵
1085 3543 1417 3615 ὼραιότητος
1459 3545 1770 3617 θεωνυμίαι.

183 3633 264 3685 Τὸ
295 3633 351 3687 δὲ
390 3633 552 3687 καλὸν
593 3635 685 3688 καὶ
712 3633 904 3698 κάλλος
943 3635 1236 3707 διαιρετέον
1279 3636 1372 3689 ἐπὶ
1397 3637 1493 3707 τῆς
1515 3639 1571 3690 ὲν
1599 3638 1678 3691 ἐνὶ
1705 3637 1773 3693 τὰ

180 3727 284 3781 ὅλα
311 3726 686 3799 συνειληφυίας
713 3728 891 3792 αἰτίας
911 3745 923 3758 ο
972 3728 1144 3782 ταῦτα
1170 3729 1278 3800 γὰρ
1306 3729 1397 3782 ὲπὶ
1430 3730 1528 3800 μὲν
1553 3729 1660 3782 τῶν
1687 3730 1774 3785 ὅν-

179 3836 300 3872 των
341 3819 595 3872 ἁπάντων
624 3820 644 3849 ³
683 3820 762 3882 είς
802 3818 1032 3889 μετοχὰς
1056 3820 1150 3872 καὶ
1181 3819 1478 3892 μετέχοντα
1500 3821 1772 3893 διαιροῦν-

179 3926 302 3974 τες,
349 3909 508 3963 καλὸν
553 3912 649 3982 μὲν
693 3905 831 3963 εἶναι
877 3909 1104 3982 λέγομεν
1145 3913 1206 3965 τὸ
1247 3912 1471 3976 κάλλους
1512 3915 1770 3986 μετέχον,

185 4003 386 4066 κάλλος
425 4002 482 4055 δὲ
505 4003 604 4074 τὴν
645 4003 876 4074 μετοχὴν
901 4003 999 4073 τῆς
1023 4002 1342 4058 καλλοποιοῦ
1373 4005 1482 4059 τῶν
1508 4005 1643 4060 ὅλων
1669 4023 1770 4059 κα-

183 4093 295 4148 λῶν
322 4097 514 4158 αἰτίας.
557 4095 629 4147 Τὸ
655 4094 711 4146 δὲ
739 4094 1058 4165 ὑπερούσιον
1084 4097 1246 4150 καλὸν
1275 4097 1468 4162 κάλλος
1497 4099 1594 4169 μὲν
1618 4099 1771 4168 λέγε-

181 4206 301 4252 ται,
331 4189 418 4243 διὰ
456 4191 554 4260 τὴν
580 4189 674 4242 ἀπ’
699 4188 864 4248 αὑτοῦ
897 4191 1029 4243 πᾶσι
1068 4193 1180 4254 τοῖς
1205 4187 1322 4244 οὖσι
1351 4191 1769 4264 μεταδιδομένην

182 4281 405 4345 οἰκείως
449 4282 662 4352 ἑκάστῳ
686 4281 948 4354 καλλονὴν
968 4321 982 4345 ,
1021 4282 1113 4336 καὶ
1140 4283 1214 4348 ὡς
1237 4284 1334 4354 τῆς
1362 4285 1577 4338 πάντων
1604 4285 1767 4356 εὐαρ-

188 4374 418 4445 μοστίας
453 4375 549 4425 καὶ
594 4372 821 4441 ἀγλαΐας
858 4373 1047 4438 αἴτιον,
1090 4375 1245 4446 δίκην
1287 4374 1460 4444 φωτὸς
1511 4376 1771 4447 ὲναστρά-

184 4483 324 4518 πτον
352 4465 373 4496 ⁸
401 4465 570 4519 ἅπασι
617 4465 716 4529 τὰς
762 4466 1113 4531 καλλοποιοὺς
1143 4467 1245 4537 τῆς
1285 4469 1527 4538 πηγαίας
1555 4469 1769 4533 ἀκτῖνος

1877 3355 2165 3426 pulchrum
2194 3367 2250 3414 et
2279 3368 2338 3412 ut
2365 3358 2734 3428 pulchritudo,
2764 3366 2819 3412 et
2856 3367 2915 3412 ut
2945 3359 3166 3415 dilectio
3195 3372 3250 3426 et
3278 3371 3337 3415 ut
3365 3363 3452 3417 di-

1876 3448 2101 3515 lectum,
2146 3458 2204 3504 et
2249 3465 2587 3520 quacunque
2636 3451 2740 3504 alia
2789 3457 2916 3504 sunt
2968 3450 3150 3506 divina
3187 3455 3448 3522 nomina,

1874 3539 2074 3610 quibus
2123 3541 2239 3610 ipse
2283 3543 2567 3612 Speciosus
2609 3542 2773 3596 decor
2807 3552 2861 3596 et
2889 3542 3116 3597 effector
3143 3544 3451 3612 pulchritu-

1874 3630 2020 3687 dinis
2066 3633 2328 3689 decenter
2397 3636 2732 3691 nominatur.
2800 3632 3098 3690 Pulchrum
3156 3647 3337 3692 autem
3394 3649 3447 3693 et

1873 3722 2216 3793 pulchritudo
2265 3735 2392 3782 sunt
2443 3727 2822 3796 distinguenda
2866 3727 2918 3782 in
2952 3743 3114 3784 causa
3144 3743 3266 3798 quae
3323 3731 3446 3783 uni-

1874 3829 2029 3868 versa
2071 3815 2125 3870 in
2168 3833 2274 3874 uno
2331 3818 2608 3888 complexa
2677 3831 2794 3887 est;
2835 3819 2950 3874 haec
2991 3821 3143 3875 enim
3186 3821 3240 3875 in
3270 3822 3449 3876 omni-

1874 3903 1976 3960 bus
2023 3907 2214 3973 rebus,
2268 3908 2324 3962 in
2363 3911 2812 3980 participationes
2865 3921 2920 3966 et
2967 3913 3021 3968 in
3066 3913 3447 3982 participantia

1873 3997 2205 4068 dividentes,
2263 4001 2549 4071 pulchrum
2581 4002 2799 4071 quidem
2832 4003 3083 4069 dicimus,
3134 4006 3276 4073 quod
3324 4005 3445 4074 pul-

1871 4093 2197 4149 chritudinis
2251 4094 2523 4163 particeps
2579 4101 2703 4160 est;
2774 4093 3234 4164 pulchritudinem
3292 4111 3441 4160 vero,

1872 4186 2346 4256 participationem
2393 4202 2574 4242 causa:
2624 4188 2807 4243 omnia
2856 4187 3084 4256 pulchra
3126 4187 3440 4244 efficientis.

1870 4279 2048 4349 Ipsum
2081 4288 2258 4332 autem
2285 4278 2569 4347 pulchrum
2607 4279 3075 4350 superessentiale
3099 4280 3446 4350 pulchritudo

1871 4373 2090 4443 quidem
2133 4371 2461 4441 appellatur,
2515 4381 2741 4442 propter
2787 4370 2931 4426 illam
2983 4371 3443 4440 pulchritudinem

1871 4480 2033 4534 quam
2083 4462 2244 4517 rebus
2291 4463 2550 4517 omnibus
2599 4477 2698 4532 pro
2732 4463 2998 4532 cujusque
3040 4462 3255 4517 modulo
3294 4478 3446 4518 com-

182 4556 354 4616 αὑτοῦ
397 4557 726 4628 μεταδόσεις,
767 4559 859 4611 καὶ
884 4559 958 4624 ὡς
1005 4560 1180 4612 πάντα
1214 4560 1349 4631 πρὸς
1389 4561 1547 4612 ἑαυτὸ
1573 4560 1767 4614 καλοῦν

1879 4557 2138 4624 municat,
2177 4555 2232 4608 in
2276 4565 2537 4624 quantum
2582 4563 2663 4609 est
2705 4569 2870 4610 causa
2913 4556 3090 4609 omnis
3136 4556 3441 4624 pulchritu-

185 4648 334 4724 (ὅθεν
379 4623 471 4702 καὶ
494 4647 720 4720 κάλλος
747 4648 996 4720 λέγεται)
1040 4650 1134 4703 καὶ
1169 4623 1268 4713 ὡς.
1296 4649 1391 4703 ὅλα
1428 4653 1486 4703 ὲν
1522 4649 1663 4715 ὅλοις
1691 4653 1769 4715 εἰς

1879 4647 2017 4702 dinis
2047 4662 2112 4701 ac
2139 4648 2467 4714 venusuttis,
2496 4649 2621 4701 dum
2661 4645 2825 4717 356
2854 4648 3014 4702 rebus
3045 4647 3296 4702 omnibus
3326 4649 3440 4717 pul-

181 4740 354 4794 ταὺτὸ
378 4740 625 4807 συνάγον.
655 4740 830 4794 Καλὸν
857 4740 912 4792 δὲ
941 4741 1016 4805 ὡς
1040 4741 1318 4809 πάγκαλον
1344 4741 1459 4812 ἅμα
1485 4743 1578 4795 καὶ
1603 4743 1764 4814 ὑπέρ-

183 4833 374 4897 ⁴καλον,
422 4835 515 4886 καὶ
537 4834 622 4886 ἀεὶ
648 4833 727 4899 ὅν,
755 4833 890 4886 κατὰ
917 4834 984 4886 τὰ
1011 4833 1148 4886 αὐτὰ
1174 4835 1267 4886 καὶ
1293 4833 1552 4899 ὡσαύτως
1576 4836 1758 4900 καλὸν,

183 4926 286 4979 καὶ
307 4924 427 4978 οὔτε
455 4926 794 4996 γιγνόμενον,
838 4923 958 4978 οὗτε
983 4924 1367 4996 ἀπολλύμενον,
1397 4924 1516 4978 οὔτε
1543 4926 1764 4992 αὐξανό-

187 5035 352 5090 μενον
375 5020 416 5082 ⁷,
457 5017 578 5070 οὔτε
621 5016 823 5085 φθίνον,
853 5017 971 5070 οὐδὲ
1009 5019 1074 5087 τῇ
1121 5017 1214 5087 μὲν
1250 5015 1446 5081 καλὸν,
1486 5019 1550 5088 τῇ
1591 5017 1648 5069 δὲ
1688 5019 1767 5070 αί-

186 5109 376 5180 σχρὸν,
417 5110 536 5162 οὐδὲ
578 5109 698 5162 τοτὲ
742 5110 860 5180 μὲν,
886 5109 1005 5162 τοτὲ
1025 5109 1080 5160 δὲ
1107 5107 1188 5173 οὓ,
1219 5110 1336 5162 οὐδὲ
1384 5110 1520 5178 πρὸς
1556 5111 1652 5180 μὲν
1676 5111 1758 5174 τὸ,

185 5200 353 5255 καλὸν
369 5239 384 5263 ,
411 5201 546 5270 πρὸς
569 5201 625 5253 δὲ
641 5201 719 5264 τὸ,
750 5201 970 5272 αἰσχρόν
995 5217 1008 5230 ·
1029 5200 1149 5254 οὔτε
1166 5201 1296 5256 ἔνθα
1318 5201 1435 5272 μὲν,
1465 5201 1589 5256 ἔνθα
1605 5203 1658 5256 δὲ
1675 5202 1758 5270 οὓ,

265 5375 294 5415 r
327 5361 460 5415 Luc.
487 5373 583 5422 vn,
616 5359 706 5416 47.

1870 4741 2124 4796 chrilicas
2170 4739 2387 4794 fontalis
2431 4739 2514 4794 sui
2557 4740 2694 4803 radii
2737 4739 3155 4794 distributiones
3205 4740 3340 4794 lucis
3386 4741 3438 4793 in

1869 4850 2076 4890 morem
2119 4833 2288 4900 amat,
2321 4835 2611 4904 omniaque
2656 4833 2723 4886 ad
2766 4847 2826 4887 se
2876 4831 3050 4896 καλεῖ,
3089 4833 3141 4885 id
3187 4842 3269 4886 est
3293 4843 3436 4885 uocat

1871 4929 2041 4997 (unde
2069 4938 2125 4983 et
2147 4927 2363 4993 κάλλος,
2405 4927 2456 4982 id
2475 4937 2557 4982 est
2586 4926 2954 4991 pulchritudo,
2993 4924 3212 4993 dicitur)
3244 4933 3298 4978 et
3324 4933 3436 4978 tota

1868 5021 1922 5075 in
1955 5021 2085 5076 totis
2130 5022 2289 5091 quasi
2322 5022 2375 5076 in
2421 5035 2480 5076 se
2525 5019 2748 5089 colligit.
2791 5013 3087 5072 Pulchrum
3118 5031 3246 5072 vero
3275 5031 3437 5070 voca-

1870 5121 1979 5178 tur,
2013 5115 2159 5185 quod
2191 5129 2258 5168 ex
2285 5114 2432 5168 omni
2455 5121 2616 5184 parte
2651 5111 2934 5180 pulchrum
2959 5111 3030 5165 sit
3050 5119 3104 5165 et
3127 5109 3246 5178 plus
3272 5124 3433 5173 quam

1866 5206 2171 5277 pulchrum,
2203 5217 2258 5262 et
2283 5217 2538 5278 tanquam
2565 5218 2779 5276 semper
2800 5205 3101 5270 exsistens,
3133 5203 3434 5259 secundum

1462 5525 1697 5584 VARIE
1754 5527 2161 5590 LECTIONES.

253 5687 300 5763 ’ξ
339 5687 918 5763 ἀπο-γευμσαμένων,λΜ.
1072 5689 1286 5763 ἑαυτάς,
1317 5688 1377 5742 D.
1459 5691 1527 5722 ³⁸⁸
1555 5692 1895 5763 ἐπικόσμιον,
1923 5693 1980 5747 ι).
2010 5691 2072 5746 Po
2151 5694 2166 5724 ί
2193 5691 2565 5754 διαϐαίνουσα,
2595 5691 2652 5748 S.
2671 5691 2732 5748 P.
2775 5693 2796 5724 '
2823 5687 3091 5763 posterius
3113 5686 3182 5740 τὰ
3194 5703 3314 5763 _n0t_t
3347 5697 3426 5763 est

183 5757 239 5810 in
275 5759 332 5810 li.
373 5757 428 5808 l’.
539 5757 558 5787 ⁸
585 5759 662 5812 ἔτι
690 5778 791 5815 non
832 5761 989 5816 habet
1023 5759 1078 5814 S.
1109 5761 1165 5814 ι).

187 5826 434 5899 ξάμενον,
479 5827 539 5882 D.

1269 5770 1287 5792 δ
1317 5762 1717 5834 κεχαρισμένης
1739 5762 1764 5830 ,⁷
1809 5763 1877 5818 Μ.

1975 5765 1995 5796 ⁸
2023 5763 2131 5817 τῶν
2174 5764 2396 5833 νοητῶν,
2444 5763 2508 5818 Μ,
2541 5763 2596 5819 S.
2700 5766 2720 5796 ⁸
2745 5757 3159 5832 ἀπαστράπτον,
3191 5760 3253 5815 D.
3287 5759 3424 5816 ἀῠο
