4186 6308
760 366 867 422 703

1932 360 1988 410 S.
2029 357 2327 415 DIONYSII
2364 355 2827 415 AREOPAGlT/E

3928 351 4024 407 704

752 483 946 539 eadem
978 488 1033 537 et
1074 478 1267 537 eodem
1311 478 1473 535 modo
1516 477 1837 549 pulchrum,
1886 493 2061 547 neque
2097 478 2324 541 factum,

2432 476 2507 540 ὦς
2528 493 2637 528 τισι
2668 476 2764 545 μὲν
2790 475 2810 505 ⁸
2831 473 2889 526 ὃν
2916 472 3101 535 καλὸν,
3123 473 3232 526 τισὶ
3255 472 3311 527 δι
3335 471 3395 526 οὐ
3423 471 3585 525 καλόν
3610 488 3623 503 ο
3653 470 3864 535 ἀλλ’ὡς
3894 471 4026 525 αὐτὸ

756 590 930 645 neque
972 574 1335 637 destructum,
1394 586 1573 642 neque
1617 580 1939 640 augescens,
2004 586 2179 641 neque
2239 572 2332 627 de-

751 680 1024 729 crescens,
1080 680 1181 719 nec
1225 680 1289 719 ex
1330 674 1487 733 parte
1518 678 1630 718 una
1673 664 1985 734 pulchrum,
2027 672 2082 719 et
2120 680 2186 720 ex
2223 664 2329 718 alia

754 768 952 826 turpe,
1000 772 1175 827 neque
1231 756 1369 811 alias
1409 755 1629 825 quidem
1668 754 1953 826 pulchrum
2016 755 2152 811 alias
2202 769 2331 811 vero

753 868 860 907 non
886 871 901 918 ;
930 866 1113 921 neque
1140 850 1207 905 ad
1240 850 1344 905 hoc
1376 849 1689 920 pulchrum,
1710 859 1765 905 et
1803 850 1870 903 ad
1900 848 2029 904 illud
2060 848 2335 906 inconcin-

752 962 919 1008 tmtn;
981 960 1157 1013 neque
1228 943 1315 997 hic
1369 943 1583 1012 quidem
1624 942 1721 1006 lla,
1778 942 1905 996 alibi
1966 956 2097 997 vero
2152 942 2331 1008 aliter,

750 1049 850 1089 nec
882 1043 940 1089 ut
972 1036 1098 1089 aliis
1143 1034 1462 1097 formosum,
1499 1032 1621 1087 aliis
1658 1048 1788 1087 vero
1828 1032 2110 1097 deforme;
2153 1033 2247 1088 sed
2276 1043 2333 1085 ut

753 1123 928 1191 ipsmn
960 1122 1261 1178 secundum
1284 1139 1365 1188 se,
1396 1134 1557 1192 atque
1585 1136 1771 1177 sei-um
1804 1121 2093 1187 uniforme,
2119 1136 2334 1192 semper

749 1216 1019 1272 existens
1039 1214 1345 1281 pulchrum,
1368 1224 1530 1283 atque
1546 1215 1828 1268 fontanam
1856 1214 2095 1267 universi
2121 1212 2330 1283 pulchri

751 1307 1213 1375 pulchritudinem
1237 1305 1290 1360 in
1311 1306 1488 1375 seipso
1520 1306 1825 1359 eminenter
1847 1304 2170 1373 anticipans,
2198 1319 2335 1373 pra:-

752 1397 1095 1465 habensque.
1142 1396 1197 1451 lu
1234 1397 1347 1465 ipsa
1376 1397 1523 1451 enim
1563 1406 1758 1450 natura
1790 1396 2023 1460 simplici
2046 1411 2110 1451 ac
2138 1412 2331 1465 super-

751 1486 985 1541 naturali
1032 1486 1383 1556 pulchrorum
1434 1487 1809 1542 universorum
1866 1488 2043 1543 onmis
2096 1488 2334 1558 pulchri-

753 1582 901 1646 tudo,
959 1591 1014 1637 et
1072 1598 1232 1637 omne
1278 1582 1563 1651 pulchrum
1627 1581 1980 1635 uniformiter
2032 1582 2331 1636 secundum

750 1691 973 1730 causam
1001 1676 1351 1745 pra‘exsistit.
1383 1676 1456 1729 Ex
1494 1675 1596 1732 hoc
1626 1676 1745 1743 ipso
1775 1676 2003 1748 pulchro
2033 1676 2193 1730 rebus
2216 1690 2334 1730 om-

752 1770 913 1825 nibus
954 1770 1216 1841 obtingit,
1250 1780 1308 1824 ut
1334 1770 1447 1823 sint
1478 1768 1692 1839 singula
1726 1771 2025 1823 secundum
2056 1768 2331 1837 proprium

2432 571 2553 625 καθ’
2583 569 2745 622 ἑαυτὸ
2772 568 2889 639 μεθ’
2927 564 3121 620 ἑαυτοῦ
3154 568 3174 598 ⁹
3211 565 3481 638 μονοειδὲς
3504 566 3591 619 ἀεὶ
3621 564 3681 619 ὃν
3718 564 3904 630 καλὸν,
3938 565 4027 616 καὶ

2430 666 2505 729 ὼς
2532 666 2732 728 παντὸς
2772 664 2935 718 καλοῦ
2968 663 3067 735 τὴν
3092 662 3335 734 πηγαίαν
3372 659 3634 732 καλλονὴν
3675 658 4026 733 ὑπεροχικῶς

2432 760 2492 811 ὲν
2534 756 2711 827 ἑαυτῷ
2750 756 3002 827 προέχον.
3032 754 3111 825 Τῇ
3157 753 3267 825 γὰρ
3312 754 3456 824 ἀπΑῃ
3500 754 3592 806 καὶ
3618 752 3894 823 ὑπερφυεῖ
3918 752 4027 808 τῶν

2432 849 2569 904 ὅλων
2609 847 2789 901 καλῶν
2828 848 2987 917 φύσει
3029 847 3180 899 πᾶσα
3221 845 3450 917 καλλονὴ
3494 844 3588 898 καὶ
3617 846 3726 897 πᾶν
3753 844 3921 898 καλὸν
3959 846 4015 910 ⁸⁸,

2433 941 2677 1005 ὲνοειδῶς
2719 942 2842 994 κατ’
2889 941 3068 995 αἰτίαν
3116 937 3552 1010 προῦφέστηκεν.
3615 938 3710 991 Ἐκ
3734 936 3829 989 τοῦ
3858 935 4026 990 καλοῦ

2432 1036 2621 1091 τούτου
2665 1037 2799 1089 πᾶσι
2837 1038 2950 1099 τοῖς
2994 1029 3111 1087 οὖσι
3136 1033 3197 1086 τὸ
3224 1029 3361 1086 εἶναι
3382 1073 3396 1095 ,
3426 1033 3565 1086 κατὰ
3592 1033 3681 1087 τὸν
3715 1035 3918 1087 οἰκεῖον
3942 1032 4024 1086 λό-

2433 1146 2528 1199 γον
2546 1129 2750 1182 ἕκαστα
2794 1125 2954 1189 καλά,
2984 1126 3078 1179 καὶ
3114 1124 3203 1177 διά
3228 1124 3289 1176 τὸ
3328 1122 3492 1177 καλὸν
3528 1123 3583 1175 αἱ
3614 1122 3830 1175 πάντων
3861 1123 4025 1192 ἐφαρ-

2438 1222 2622 1294 μογαί,
2672 1222 2765 1274 καὶ
2813 1219 3005 1289 φιλίαι,
3054 1219 3148 1271 καί⁵
3186 1216 3493 1271 κοινωνίαιο
3536 1214 3631 1268 καίΙ
3666 1213 3743 1284 τῷ
3781 1212 3935 1283 καλῷ
3959 1212 4026 1266 τά

2435 1318 2611 1371 πάντα
2642 1318 2846 1387 ἥνωται
2864 1332 2877 1345 ·
2920 1315 3013 1367 καὶ
3038 1312 3180 1384 ἀρχὴ
3218 1311 3435 1365 πάντων
3474 1310 3533 1363 τὺ
3558 1308 3741 1369 καλὸν,
3770 1308 3847 1370 ὡς
3872 1323 4028 1377 ποιη-

2432 1409 2583 1462 τικὸν
2612 1408 2802 1471 αἴτιον,
2845 1407 2939 1460 καὶ
2964 1405 3148 1459 κινοῦν
3180 1404 3249 1458 τὰ
3276 1403 3373 1457 ὅλα
3396 1444 3412 1468 ,
3442 1403 3537 1456 καὶ
3572 1400 3795 1470 συνέχον
3823 1398 3904 1469 τῷ
3929 1399 4026 1470 τῆς

2432 1502 2639 1564 οἰκείας
2664 1498 2925 1568 καλλονῆς
2946 1496 3109 1569 ἔρωτι
3131 1514 3144 1526 ·
3177 1495 3270 1549 καὶ
3298 1494 3472 1564 πέρας
3499 1493 3739 1555 πάντων,
3767 1491 3862 1545 καὶ
3890 1491 4026 1559 ἀγα-

2436 1593 2627 1662 πητὸν,
2656 1593 2730 1656 ὡς
2756 1589 2968 1643 τελικὸν
2995 1576 3168 1642 αῐτιον
3194 1586 3308 1659 (τοῦ
3334 1584 3499 1641 καλοῦ
3527 1584 3637 1656 γὰρ
3658 1585 3821 1638 ἕνεκα
3850 1583 4029 1636 πάντα

2433 1684 2732 1755 γίγνεται)·
2764 1683 2858 1735 καὶ
2882 1680 3408 1753 παραδειγματικὸν,
3435 1679 3516 1732 ὅτι
3542 1678 3662 1732 κατ’
3690 1678 3823 1730 αὐτὸ
3851 1678 4029 1731 πάντα

2433 1776 2751 1851 ἀφορίζεται
2774 1792 2788 1806 ο
2826 1774 2907 1829 διὸ
2931 1776 3027 1829 καὶ
3065 1773 3261 1827 ταύτόν
3285 1774 3401 1826 ἐστι
3423 1770 3645 1841 τάγαθῷ
3672 1769 3710 1801 ¹¹
3734 1768 3796 1821 τὸ
3826 1770 3919 1825 καὶ
3938 1767 4031 1833 δν,

754 1862 1019 1917 rationem
1042 1862 1300 1933 pulchra;
1332 1870 1389 1917 et
1421 1873 1646 1931 propter
1675 1861 1963 1931 pulchrum
1989 1871 2113 1915 sunt
2144 1875 2329 1915 onmes

2436 1870 2519 1923 ὅτι
2566 1867 2662 1921 τοῦ
2717 1865 2885 1921 καλοῦ
2936 1867 3031 1921 καὶ
3078 1861 3286 1935 ἀγαθοῦ
3338 1863 3381 1893 ¹¹
3441 1860 3582 1914 κατά
3634 1860 3814 1913 πᾶσαν
3848 1858 4031 1912 αἰτίαν

750 1956 1126 2023 congruentia:
1158 1994 1174 2020 ,
1228 1964 1283 2010 et
1334 1954 1610 2018 amiciticc,
1661 1964 1717 2007 et
1761 1953 2325 2019 communicationes;

747 2057 803 2101 et
839 2060 936 2114 per
983 2044 1272 2115 pulchrum
1314 2054 1507 2099 cuncta
1537 2044 1976 2113 coniunguntur;
2020 2052 2181 2113 atque
2210 2042 2331 2111 pul-

748 2139 939 2191 chrum
982 2144 1069 2191 est
1110 2138 1352 2191 omnium
1386 2136 1733 2206 principium,
1771 2145 1829 2189 ut
1869 2151 2035 2190 causa
2068 2134 2327 2198 eﬂiciens,

746 2235 805 2281 et
853 2242 1115 2290 movens,
1175 2236 1229 2282 et
1304 2228 1557 2282 universa
1621 2228 1854 2297 propria:
1913 2226 2329 2297 pulchritudinis

748 2332 935 2373 amore
957 2322 1277 2385 continens;
1311 2329 1365 2373 et
1385 2330 1441 2373 ut
1471 2319 1594 2373 linis
1621 2320 1887 2384 onmium,
1913 2330 2077 2389 atque
2106 2319 2157 2373 id
2186 2317 2322 2388 quod

748 2410 1035 2481 appetitur
1064 2420 1325 2480 tanquam
1362 2425 1530 2465 causa
1564 2412 1743 2467 ﬁnalis
1774 2415 1921 2484 (nam
1961 2411 2176 2482 pulchri
2202 2424 2327 2479 gra-

750 2504 822 2556 tia
864 2511 1062 2557 cuncta
1095 2503 1255 2571 lium)
1282 2514 1339 2558 et
1365 2503 1718 2573 exemplaris,
1765 2504 1894 2573 quia
1926 2504 2227 2558 secundum
2263 2503 2327 2556 il-

748 2592 838 2647 Iud
874 2594 1059 2648 omnia
1107 2594 1465 2649 deﬁniuntur.
1519 2596 1889 2661 Quamobrem
1918 2596 2059 2649 idem
2089 2604 2175 2649 est
2205 2593 2326 2663 pul-

746 2688 938 2741 chrum
985 2696 1149 2761 atque
1206 2689 1431 2751 bonum,
1486 2688 1743 2756 quoniam
1799 2688 1980 2743 omnia
2024 2689 2321 2742 secundum

743 2798 961 2837 onmem
1017 2797 1238 2837 causam
1273 2782 1563 2851 pulchrum
1597 2790 1651 2835 ct
1699 2780 1898 2835 bonum
1941 2790 2239 2852 appetunt;
2271 2792 2325 2836 et

746 2874 880 2929 nihil
903 2884 987 2929 est
1016 2874 1071 2929 in
1102 2889 1282 2929 rerum
1314 2882 1531 2936 natura,
1567 2874 1693 2943 quin
1728 2873 2013 2943 pulchrum
2043 2882 2097 2928 et
2119 2873 2322 2929 bonum

747 2962 1058 3036 participet.
1104 2964 1330 3019 Audebo
1357 2964 1517 3020 etiam
1567 2966 1669 3019 hoc
1710 2966 1911 3029 dicere,
1935 2965 1986 3020 id
2026 2966 2172 3035 quod
2217 2981 2324 3020 non

2432 1961 2610 2015 πάντα
2634 1961 2875 2031 ἐφίεταιο
2905 1959 3001 2013 καὶ
3028 1958 3129 2011 οὐκ
3155 1955 3270 2009 ἐστι
3293 1972 3347 2007 τι
3375 1953 3484 2007 τῶν
3505 1952 3694 2017 ὄντων,
3728 1952 3757 2005 ὃ
3789 1951 3865 2023 μὴ
3895 1967 4026 2021 μετ-

2433 2054 2546 2125 έχει
2583 2052 2677 2106 τοῦ
2721 2050 2888 2107 καλοῦ
2917 2050 3012 2105 καί
3052 2047 3278 2118 ἀγαθοῦ.
3309 2045 3584 2119 Τολμήσει
3625 2045 3682 2099 δὲ
3732 2044 3829 2099 καὶ
3870 2041 4031 2095 τοῦτο

2430 2147 2606 2199 εἰπεῖν
2654 2146 2683 2197 ό
2728 2144 2905 2214 λόγος,
2952 2144 3034 2197 ὅτι
3078 2143 3172 2197 καὶ
3199 2141 3260 2195 τὸ
3287 2141 3360 2213 μὴ
3397 2140 3456 2194 δν
3488 2138 3707 2211 μετέχει
3734 2137 3829 2189 τοῦ
3859 2134 4028 2189 καλοῦ

2431 2238 2527 2291 καὶ
2570 2236 2774 2306 ἀγαθοῦ
2804 2276 2818 2301 ,
2862 2235 2986 2288 τότε
3026 2234 3136 2307 γὰρ
3180 2234 3273 2287 καὶ
3299 2232 3430 2286 αὐτὸ
3457 2230 3619 2285 καλὸν
3668 2229 3765 2283 καὶ
3802 2226 4028 2296 ἀγαθὸν,

2429 2326 2557 2379 ὅταν
2582 2327 2639 2378 ὲν
2662 2324 2783 2396 Θεῷ
2814 2325 2957 2378 κατὰ
2980 2324 3081 2395 τὴν
3123 2324 3343 2378 πάντων
3371 2321 3660 2392 ἀφαίρεσιν
3686 2317 4030 2389 ὑπερουσίως

2430 2414 2665 2489 ὕμνηται
2716 2419 2777 2471 η.
2827 2416 2998 2471 Τοῦτο
3040 2418 3102 2471 τὸ
3124 2417 3181 2469 ἓν
3221 2417 3265 2449 ¹⁸
3289 2416 3491 2485 ἀγαθὸν
3516 2414 3611 2469 καὶ
3636 2412 3799 2466 καλὸν
3832 2409 4029 2473 ἑνικῶς

2428 2511 2544 2563 ἐστι
2589 2510 2808 2564 πάντων
2843 2510 2954 2563 τῶν
2996 2509 3205 2563 πολλῶν
3244 2510 3425 2565 καλῶν
3450 2508 3544 2562 καὶ
3578 2504 3802 2575 ἀγαθῶν
3829 2505 4025 2557 αῐτιον.

2441 2604 2537 2657 Ἐκ
2556 2605 2747 2658 τούτου
2774 2606 2818 2637 ¹⁵
2842 2605 3013 2658 πᾶσαι
3036 2604 3143 2659 τῶν
3167 2604 3337 2657 ὄντων
3355 2603 3408 2655 αί
3434 2600 3714 2663 οὐσιώδεις
3735 2598 4027 2672 ὑπάρξεις,

2426 2702 2479 2753 αἱ
2506 2697 2748 2761 ἑνώσεις,
2789 2700 2843 2751 αί
2879 2697 3199 2769 διακρίσεις,
3228 2698 3281 2749 αἰ
3310 2695 3657 2766 ταύτότητες,
3690 2693 3745 2746 αἰ
3769 2690 4027 2761 ἑτερότη-

2425 2807 2535 2855 τες,
2563 2794 2617 2844 αί
2643 2790 2977 2861 ὁμοιότητες,
3003 2792 3057 2842 αί
3083 2788 3487 2859 ἀνομοιότητες,
3526 2786 3582 2838 αἰ
3612 2782 3894 2837 κοινωνίαι
3914 2779 4024 2835 τῶν

2426 2883 2684 2939 ἐναντίων
2729 2884 2793 2947 ⁸⁸,
2843 2886 2895 2935 αἱ
2939 2880 3265 2951 ἀσυμμιξίαι
3306 2879 3417 2931 τῶν
3443 2876 3762 2948 ὴνωμένων,
3798 2876 3853 2928 αἰ
3899 2872 4028 2944 πρό-

2426 2995 2566 3031 νοιαι
2593 2976 2701 3029 τῶν
2724 2975 3063 3047 ὑπερτέρων,
3087 2976 3141 3028 αἰ
3170 2972 3517 3042 ἀλληλουχίαι
3539 2970 3647 3024 τῶν
3663 2969 4025 3040 όμοστοίχων,

745 3068 847 3124 est,
886 3058 1175 3129 pulchrum
1203 3066 1259 3111 et
1289 3058 1491 3113 bonum
1520 3059 1872 3128 participare;
1908 3068 2034 3113 tunc
2065 3059 2209 3115 enim
2239 3066 2325 3114 est

2431 3069 2482 3121 αἱ
2510 3068 2837 3139 ἐπιστροφαί
2858 3058 2966 3119 τῶν
2995 3063 3454 3135 καταδεεστέρων,
3480 3064 3533 3115 αί
3562 3062 3777 3115 πάντων
3814 3057 4035 3111 ἑαυτῶν

750 3152 929 3222 ipsum
960 3151 1248 3223 pulchrum
1280 3164 1333 3208 et
1360 3155 1582 3218 bonum,
1612 3153 1833 3223 quando
1857 3153 1909 3206 in
1934 3152 2042 3208 Deo
2071 3154 2324 3209 laudatur

2431 3158 2792 3231 φρουρητικαὶ
2840 3160 2932 3212 καὶ
2980 3155 3369 3229 ἀμετακίνητοι
3420 3154 3577 3227 μοναὶ
3623 3153 3717 3205 καὶ
3762 3150 4024 3222 ἱδρύσεις.

746 3258 911 3312 supra
957 3244 1341 3312 substantiam,
1392 3245 1687 3301 auferendo
1740 3246 2011 3299 universa.
2078 3245 2323 3315 Denique

2431 3252 2538 3305 Καὶ
2564 3247 2721 3315 αὖθις
2758 3252 2813 3303 αἱ
2861 3251 3079 3304 πάντων
3124 3252 3179 3302 ὲν
3209 3249 3375 3301 πᾶσιν
3418 3246 3634 3309 οἰκείως
3674 3243 3894 3313 ἑκάστῳ
3920 3260 4027 3296 κοι-

748 3335 849 3391 hoc
884 3351 1047 3389 unum
1089 3335 1292 3391 bonum
1320 3346 1373 3391 et
1400 3337 1683 3406 pulchrum
1721 3336 2069 3407 singulariter
2091 3347 2174 3393 est
2201 3353 2321 3392 om-

2431 3345 2634 3410 νωνίαι,
2662 3344 2756 3397 καὶ
2780 3344 3113 3415 ὲφαρμογαί,
3138 3342 3233 3394 καὶ
3261 3338 3556 3411 ἀσύγχυτοι
3592 3336 3786 3406 φιλίαι,
3812 3334 3909 3393 καὶ
3933 3335 4026 3406 ἀρ-

748 3427 898 3482 uium
931 3426 1226 3483 multorum
1260 3430 1607 3498 pulchrorum
1629 3438 1684 3485 et
1720 3428 1984 3485 bonorum
2026 3446 2215 3486 causa.
2244 3432 2321 3487 Ex

2431 3437 2607 3509 μονίαι
2635 3435 2730 3489 τοῦ
2769 3435 2993 3499 παντὸς,
3022 3435 3075 3487 αί
3101 3436 3159 3487 ὲν
3181 3433 3259 3505 τῷ
3286 3433 3449 3487 παντὶ
3478 3430 3827 3501 συγκράσεις,
3856 3428 3953 3481 καὶ
3982 3428 4025 3459 ιτ

746 3522 851 3576 hoc
872 3535 1052 3577 rerum
1084 3519 1329 3576 omnium
1354 3521 1741 3576 substantiales
1768 3524 2127 3587 exsistentiaa,
2161 3525 2329 3581 uniod

2431 3530 2485 3582 αί
2554 3528 2826 3582 ἀδιάλυτοι
2873 3528 3093 3597 συνοχαὶ
3154 3526 3265 3579 τῶν
3333 3524 3522 3588 ὄντων,
3571 3523 3627 3576 αἰ
3676 3519 4026 3575 ἀνέκλειπτα

754 3626 866 3679 nes,
896 3612 1301 3679 distinctiones,
1336 3612 1677 3681 identitates,
1716 3614 2076 3680 diversitates,
2113 3615 2321 3671 hedera

2431 3620 2668 3691 διαδοχαὶ
2690 3620 2799 3674 τῶν
2827 3620 3129 3691 γινομένων
3148 3659 3163 3683 ,
3194 3619 3248 3671 αἰ
3277 3617 3496 3680 στάσεις
3525 3616 3718 3680 πᾶσαι,
3744 3614 3838 3667 καὶ
3862 3612 3920 3665 αἰ
3949 3627 4031 3665 xt-

750 3706 1198 3773 contrariorum,
1268 3721 1453 3762 rerum
1504 3706 1777 3761 unitarum
1844 3707 2320 3777 i‘mpermistiones,

2431 3711 2611 3783 νήσεις
2637 3713 2691 3764 αἱ
2717 3710 2825 3765 τῶν
2856 3710 3014 3775 νοῶν,
3044 3712 3098 3763 αἰ
3123 3709 3231 3764 τῶν
3252 3706 3460 3779 ψυχῶν,
3489 3708 3545 3761 αἱ
3570 3705 3679 3760 τῶν
3707 3706 3984 3776 σωμάτων
4004 3720 4019 3732 ⁶

751 3797 1103 3866 providentia:
1145 3802 1514 3866 superiorum.
1568 3809 1756 3854 mutua
1813 3802 2085 3855 consortia
2138 3815 2321 3855 rerum

2431 3807 2620 3869 στάσις
2669 3807 2779 3878 γάρ
2827 3808 2943 3859 ὲστι
2989 3806 3125 3859 πᾶσι
3174 3805 3265 3859 καί
3304 3804 3540 3873 κίνησις,
3581 3801 3643 3855 τὸ
3671 3800 3811 3871 ὑπὲρ
3838 3800 4026 3853 πᾶσαν

748 3909 871 3963 qua}
896 3902 1021 3947 sunt
1052 3891 1293 3961 ejusdem
1318 3892 1552 3957 ordinis,
1588 3892 1975 3951 conversiones
2006 3894 2321 3949 interierunt

2431 3898 2620 3951 στάσιν
2671 3900 2765 3951 καὶ
2811 3900 2994 3952 πᾶσαν
3046 3899 3260 3966 κίνησιν
3310 3894 3553 3965 ὲνιδρύον
3591 3893 3823 3946 ἕκαστον
3861 3889 4025 3961 ὲντῷ

748 3986 1102 4057 oniniutnque
1158 3985 1606 4053 suimctipsorum
1674 3986 2111 4041 conservatrices
2161 3985 2321 4058 357

2431 3988 2621 4042 ἑαυτοῦ
2647 3989 2808 4061 λόγῳ,
2855 3989 2947 4042 καὶ
2970 3986 3150 4042 κινοῦν
3175 3986 3267 4038 ἐπὶ
3286 3986 3387 4056 τὴν
3412 3984 3619 4039 οἰκείαν
3646 3984 3885 4053 κίνησιν.

750 4082 1225 4152 immutabilesque
1259 4082 1570 4137 mansiones
1597 4096 1661 4136 ac
1689 4082 2001 4138 ﬁrmitates.
2036 4083 2104 4138 Et
2140 4100 2330 4140 rursus
2363 4086 2609 4141 omnium
2642 4087 2693 4141 in
2724 4086 2980 4143 omnibus
3018 4099 3117 4154 pro
3172 4082 3440 4154 cujusque
3496 4079 3829 4151 proprietate
3858 4090 4018 4131 com-

752 4175 1054 4243 muniones,
1093 4184 1149 4230 et
1175 4175 1569 4245 congruentis,
1608 4171 2019 4250 inconiluszeque
2044 4176 2323 4245 amicitiae,
2354 4189 2411 4233 et
2437 4179 2822 4235 consensiones
2845 4179 3106 4243 universi,
3135 4194 3234 4235 nec
3259 4193 3369 4235 non
3397 4190 3579 4232 rerum
3639 4174 3691 4228 in
3731 4172 3837 4228 hoc
3890 4171 4019 4226 uni-

750 4283 908 4322 verso
970 4265 1547 4336 contemperationes,
1586 4266 2106 4339 indissolubilesque
2171 4271 2505 4341 complexus,
2560 4281 2614 4329 et
2664 4284 2853 4329 eorum
2903 4289 3024 4343 quae
3085 4272 3225 4327 ﬁunt
3279 4279 3554 4343 perpetua:
3601 4266 4018 4329 successiones,

751 4370 929 4415 status
971 4373 1187 4423 omnes,
1230 4370 1525 4430 motusque
1581 4361 1874 4427 mentium,
1937 4362 2266 4427 animorum,
2327 4380 2663 4436 corporum;
2721 4375 2897 4423 status
2963 4365 3110 4421 enim
3163 4373 3249 4419 est
3298 4362 3557 4419 omnibus
3609 4371 3775 4429 atque
3827 4370 4013 4415 motus

748 4452 893 4525 quod
933 4454 1081 4508 omni
1132 4464 1287 4509 statu
1316 4464 1575 4524 motuque
1607 4454 1860 4525 superius
1894 4462 2118 4510 exstans
2150 4496 2165 4523 ,
2217 4469 2329 4511 rem
2366 4457 2671 4527 quamlibet
2694 4458 2748 4513 in
2780 4458 3000 4529 pr0pria
3032 4456 3241 4511 ratione
3268 4456 3469 4522 ﬁrmat,
3501 4462 3557 4509 et
3608 4450 3675 4506 ad
3734 4449 4015 4521 propriam

746 4548 933 4623 dirigit
963 4548 1276 4604 motionem.

2258 4708 2481 4783 §Vlll.

824 4882 1063 4952 Denique
1088 4880 1285 4936 divina:
1308 4888 1517 4935 mentes
1547 4880 1799 4933 dicuntur
1832 4875 2045 4931 moveri
2082 4874 2318 4929 circula-

2497 4874 2606 4927 Καὶ
2634 4871 2896 4927 κινεῖσθαι
2928 4873 3026 4943 μὲν
3054 4873 3102 4925 oi
3125 4872 3257 4926 Θεῖοι
3277 4872 3521 4941 λέγονται
3556 4872 3694 4937 νόες,
3734 4871 4011 4939 κυκλικῶς

750 4982 884 5035 riter
942 4979 1183 5047 quidem,
1224 4975 1354 5029 dum
1408 4974 1678 5045 principio
1736 4973 1952 5042 [ineque
2008 4970 2323 5026 carentibus

2431 4969 2527 5040 μὲν
2556 4968 2833 5041 ἑνούμενοι
2854 4971 2975 5031 ταῖς
3002 4967 3259 5039 ἀνάρχοις
3286 4967 3380 5019 καὶ
3410 4965 3789 5037 ἀτελευτήτοις
3820 4966 4016 5039 ἐλλάμ-

749 5072 961 5144 pulchri
993 5071 1229 5141 bonique
1251 5068 1634 5139 splendoribus
1660 5066 1957 5130 uniuntur;
1986 5064 2196 5118 directe
2226 5077 2323 5115 au-

2431 5059 2547 5129 ᾧεσι
2575 5061 2669 5113 τοῦ
2710 5059 2874 5113 καλοῦ
2910 5061 3006 5113 καί
3034 5056 3239 5125 ἀγαθοῦ
3268 5075 3280 5087 ·
3313 5060 3433 5111 κατ’
3456 5057 3672 5111 εὐθεῖαν
3698 5059 3777 5121 δὲ,
3806 5060 4012 5114 ὁπόταν

751 5177 882 5230 tem,
930 5163 1149 5233 quando
1194 5165 1262 5215 ad
1310 5160 1631 5215 inferiorum
1682 5156 2079 5229 providentiam
2134 5169 2325 5226 proce-

2431 5153 2687 5225 προτωσιν
2709 5154 2751 5184 ¹⁸
2782 5154 2861 5216 εἰς
2904 5153 3003 5223 τὴν
3046 5151 3155 5203 τῶν
3186 5151 3491 5221 ὑφειμένων
3520 5150 3795 5222 πρόνοιαν,
3825 5151 4016 5223 εὐθείᾳ

748 5251 907 5314 dunt,
959 5261 1105 5306 recte
1151 5250 1336 5305 omnia
1387 5248 1705 5319 dirigenda;
1737 5246 1957 5316 oblique
2004 5262 2157 5311 vero,
2193 5246 2323 5299 dum

2431 5246 2495 5299 τά
2523 5247 2698 5300 πάντα
2740 5245 3115 5317 περαίνοντες’
3163 5244 3471 5308 ὲλικοειδῶς
3520 5244 3596 5309 δὲ,
3634 5246 3716 5298 ὅτι
3747 5246 3841 5298 καὶ
3871 5263 4012 5315 προ-

751 5343 1107 5399 interioribus
1154 5341 1495 5399 consulentes
1536 5342 1591 5398 in
1622 5340 1816 5398 eodem
1859 5350 2008 5396 statu
2061 5347 2326 5409 perpetuo

2431 5338 2671 5403 νοοῦντες
2693 5337 2801 5392 τῶν
2826 5337 3285 5406 καταδεεστέρων,
3316 5337 3717 5407 ἀνεκφοιτήτως
3752 5337 4011 5408 μένουσιν

2052 5503 2285 5559 VARUE
2320 5501 2448 5558 LEC
2457 5502 2616 5558 TION
2622 5503 2727 5560 ES.

815 5661 835 5691 ⁸
920 5661 1030 5713 τισί
1075 5659 1195 5730 μέν,
1335 5734 1346 5738 _
1395 5665 1416 5697 ’
1453 5663 1575 5719 καθ’
1600 5665 1729 5738 αῦτὸ
1751 5736 1762 5738 Α
1774 5666 1890 5736 μεθ’
1920 5666 2107 5729 αὐτοῦ,
2138 5667 2196 5719 D.
2229 5668 2284 5721 S.
2365 5668 2407 5698 ¹⁰
2440 5667 2736 5735 πάγκαλον,
2766 5666 2821 5720 S.
2900 5666 2940 5738 ‘_‘
2968 5664 3044 5736 τῷ
3070 5665 3256 5738 ἀγαθῷ
3276 5708 3289 5730 ,
3318 5666 3372 5721 S.
3456 5669 3498 5699 ¹¹
3527 5666 3619 5738 καὶ
3642 5665 3736 5738 τοῦ
3760 5664 3969 5734 ἀγαθοῦ
3995 5708 4007 5733 ,

753 5730 814 5785 D.
855 5734 1157 5811 Iten_t_ntm_t.
1262 5734 1305 5765 ¹³
1327 5734 1609 5811 ὑμνεῖται)
1641 5737 1697 5811 8ζ
1851 5739 1915 5811 ί),
1948 5739 1989 5769 ⁸⁸
2019 5738 2177 5811 τοῦτο
2202 5740 2258 5792 δὲ
2292 5740 2329 5790 τέ

2431 5758 2463 5811 i,
2527 5730 2585 5795 Ρ.
2662 5730 2805 5792 "sx
2841 5730 3057 5805 ταὺτοῦ,
3112 5730 3170 5791 Ρ.
3230 5730 3240 5738 ’
3274 5738 3317 5770 ³⁸
3343 5739 3523 5797 subdit
3554 5736 3612 5793 S.
3653 5730 4009 5811 διακεκριμιὲ

752 5822 875 5857 νων.
960 5803 999 5834 ¹⁷
1029 5802 1121 5857 καί
1147 5819 1253 5861 non
1278 5802 1444 5866 estin
1482 5808 1543 5864 ι).
1572 5808 1628 5865 S.
1669 5808 1730 5864 P.
1766 5809 1855 5864 Sc.
1900 5810 2024 5866 Sar.
2061 5810 2101 5842 ¹⁸
2130 5811 2405 5882 προΐδωσι,
2439 5810 2499 5865 D.
