4176 6308
122 382 242 439 705

1218 373 1308 427 DE
1342 368 1596 427 DIVINIS
1627 366 2029 432 NOMINIBUS,
2064 365 2221 423 CAP.
2257 364 2349 422 IV.
3320 367 3413 423 Im

122 498 193 551 ιν
234 496 525 568 ταύτότητι
571 496 702 567 περὶ
742 494 807 547 τὸ
832 492 936 563 τῆς
982 493 1313 563 ταύτότητος
1359 492 1532 544 αἴτιον
1564 490 1729 542 καλὸν

1838 496 2085 548 manent,
2116 485 2327 540 circum
2360 484 2559 537 bonum
2589 494 2645 540 et
2680 482 2989 556 pulclirntn,
3019 483 3266 553 eiusdem
3295 495 3415 537 sta-

121 588 228 643 καὶ
255 587 481 658 ἀγαθὸν,
516 586 911 660 ἀκαταλήκτως
935 585 977 617 ¹⁹
1006 580 1473 656 περιχορεύοντες.

1837 588 1924 635 tus
1948 592 2201 638 causam.
2239 567 2461 646 semper
2490 592 2549 634 se
2574 586 2881 635 versantes.

1678 740 1707 813 ᾗ
1746 739 1860 800 IX.

201 897 397 968 Ψυχῆς
422 895 478 948 δὲ
511 893 723 964 κίνησίς
752 892 889 956 ἐστι,
923 889 1155 961 κυκλικὴ
1191 890 1287 962 μὲν
1321 890 1357 960 ἡ
1393 889 1475 953 εἰς
1522 888 1722 960 ἑαυτὴν

122 990 341 1053 εἴσοδος
365 987 475 1041 ἀπὸ
494 986 603 1040 τῶν
632 986 757 1054 ἔξω,
785 986 880 1039 καὶ
895 985 1004 1039 τῶν
1024 984 1227 1058 νοερῶν
1251 984 1421 1055 αὐτῆς
1441 984 1724 1053 δυνάμεων

124 1084 169 1155 ἡ
199 1080 437 1151 ὲνοειδὴς
468 1079 758 1146 συνέλιξις,
790 1078 982 1149 ῶσπερ
1011 1077 1068 1132 ἐν
1092 1095 1199 1131 τινι
1228 1077 1415 1148 κύκλῳ
1441 1077 1504 1130 τὸ
1542 1075 1725 1128 ἀπλα-

130 1174 231 1239 νὶς
247 1174 383 1243 αὐτῇ
414 1172 753 1243 δωρουμένη,
775 1171 870 1227 καὶ
894 1169 1001 1223 ἀπὸ
1018 1169 1127 1224 τῶν
1157 1169 1366 1224 πολλῶν
1385 1167 1496 1221 τῶν
1525 1166 1725 1234 ἔξωθεν

131 1265 312 1335 αὐτὴν
373 1264 779 1337 ἐπιστρέφουσα
830 1262 927 1316 καὶ
985 1262 1310 1330 συνάγουσα,
1364 1259 1581 1332 πρῶτον
1645 1260 1725 1324 είς

133 1359 361 1431 ἑαυτὴν,
424 1355 541 1413 εἶτα
589 1359 666 1422 ὼς
711 1357 915 1429 ὲνοειδῆ
944 1410 949 1419 η.
972 1355 1292 1428 γενομένην,
1352 1352 1549 1408 ἐνοῦσα
1603 1354 1725 1416 ταῖς

133 1450 359 1515 ἑνιαίως
382 1450 690 1522 ἡνωμέναις
716 1440 1000 1519 δυνάμεσι,
1030 1448 1127 1501 καὶ
1156 1448 1327 1511 οὕτως
1353 1447 1446 1501 ἐπὶ
1475 1447 1537 1500 τὸ
1564 1445 1725 1499 καλὸν

129 1544 237 1603 καὶ
282 1540 483 1613 ἀγαθὸν
516 1540 951 1613 χειραγωγοῦσα,
989 1538 1052 1593 τὸ
1087 1540 1226 1612 ὑπὲρ
1272 1538 1450 1594 πάντα
1476 1537 1547 1591 τὰ
1577 1537 1724 1602 ὄντα,

128 1636 234 1689 καὶ
270 1635 328 1689 ἓν
378 1636 473 1690 καὶ
514 1634 732 1699 ταύτὸν,
786 1632 881 1687 καὶ
920 1630 1157 1701 ἄναρχον
1200 1630 1296 1683 καὶ
1344 1628 1722 1702 ἀτελεύτητον.

143 1728 487 1793 Ἔλικοειδῶς
526 1728 585 1782 δὲ
632 1729 667 1800 ἡ
716 1726 864 1797 ψυχὴ
911 1726 1141 1778 κινεῖται
1189 1724 1309 1778 καθ’
1337 1726 1461 1779 ὅσον
1510 1724 1727 1787 οἰκείως

1897 888 2078 943 Animi
2112 897 2292 944 autem
2342 898 2521 944 motus
2567 884 2893 943 orbicularis
2942 894 3027 942 est
3072 887 3191 956 ejus
3221 887 3289 942 ab
3323 903 3418 944 exe

1831 982 2039 1036 traneis
2099 983 2154 1037 in
2218 982 2577 1053 semetipsum
2632 980 2915 1046 introitus,
2964 980 3415 1053 spiritaliumquc

1829 1072 1998 1143 ipsius
2037 1072 2360 1130 facultatum
2413 1072 2671 1127 unimoda
2706 1072 2953 1140 inflexio,
2994 1086 3115 1142 qua:
3165 1076 3321 1144 quasi
3358 1075 3411 1129 in

1830 1167 2039 1222 circulo
2072 1168 2240 1223 llxum
2266 1175 2322 1223 et
2344 1167 2413 1221 ab
2443 1166 2589 1223 omni
2622 1179 2815 1222 errore
2858 1167 3084 1224 liberum
3126 1176 3331 1223 motum
3362 1170 3411 1223 ei

1832 1262 2047 1327 tribuit,
2079 1269 2136 1316 et
2159 1276 2188 1316 a
2218 1259 2404 1315 multis
2428 1257 2594 1315 rebus
2620 1260 2901 1315 extraneis
2938 1260 3115 1331 ipsum
3146 1262 3420 1317 convertit

1832 1370 1898 1411 ac
1936 1354 2143 1425 colligit
2171 1354 2408 1425 primum
2438 1352 2505 1407 ad
2536 1366 2612 1413 se.
2650 1352 2870 1420 deimle,
2911 1354 3067 1423 quasi
3103 1352 3218 1433 jam
3254 1356 3419 1409 unius

1836 1449 1978 1505 modi
2010 1447 2285 1512 ell‘ectum,
2326 1444 2637 1515 conjunctis
2682 1460 2792 1501 uno
2841 1447 3004 1503 modo
3059 1444 3419 1502 facultatibus

1834 1541 2138 1613 conjungit,
2170 1522 2336 1609 atque
2364 1539 2439 1593 ita
2470 1538 2690 1595 demum
2715 1538 2784 1593 ad
2811 1538 3101 1608 pulchrum
3124 1554 3188 1594 ac
3210 1541 3412 1597 bonum

1836 1634 2179 1700 manuducit,
2220 1631 2367 1703 quod
2406 1646 2571 1702 supra
2611 1632 2793 1687 omnia
2826 1648 2949 1701 qua:
2988 1641 3119 1688 sunt
3151 1642 3210 1689 et
3248 1649 3418 1689 unum

1836 1735 1891 1782 et
1918 1726 2080 1793 idem,
2122 1734 2178 1778 et
2208 1724 2328 1780 sine
2356 1724 2629 1795 principio
2670 1734 2726 1779 et
2748 1725 2869 1780 sine
2900 1726 3008 1781 fine
3046 1734 3151 1781 est.
3185 1724 3419 1797 Oblique

128 1824 307 1895 ἑαυτῇ
328 1821 428 1885 τὰς
460 1821 611 1885 θείας
652 1819 990 1891 ἑλλάμπεται
1034 1818 1286 1888 γνώσεις,
1314 1817 1375 1873 οὐ
1406 1816 1609 1889 νοερῶς
1637 1818 1732 1869 καὶ

1838 1833 1968 1873 vero
1992 1817 2170 1872 cietur
2198 1816 2436 1882 animus,
2464 1816 2684 1885 quando
2708 1832 2809 1885 pro
2838 1826 3000 1887 captu
3032 1832 3135 1873 suo
3182 1816 3423 1873 notioni-

128 1915 357 1979 ἑνιαίως
388 1916 455 1981 ¹⁰,
496 1912 634 1973 ἀλλὰ
682 1911 918 1991 λογικῶς
949 1911 1045 1968 καὶ
1098 1908 1427 1975 διεξοδικῶς,
1474 1908 1569 1963 καὶ
1604 1902 1729 1987 οἷον

132 2010 471 2082 συμμίκτοις
500 2008 594 2064 καὶ
624 1994 1017 2080 μεταϐατικαῖς
1039 2007 1080 2038 ¹¹
1107 2004 1429 2076 ἐνεργείαις.
1468 2001 1580 2079 Τὴν
1606 2002 1729 2055 κατ’

129 2104 355 2158 εὐθεῖαν
392 2102 469 2167 δὲ,
500 2102 630 2165 ὅταν
654 2100 757 2155 οὐκ
790 2101 871 2165 είς
917 2098 1116 2171 ἑαυτὴν
1159 2096 1407 2151 εἰσιοῦσα
1433 2096 1545 2150 καὶξ
1566 2093 1726 2167 ἔνικῇ

131 2196 418 2267 νοερότητι
446 2196 491 2226 ¹¹
518 2192 834 2263 κινουμένη,
864 2190 1043 2262 (τοῦτο
1067 2189 1196 2259 γὰρ,
1227 2188 1303 2252 ὡς
1334 2186 1495 2258 ἔφην,
1522 2185 1642 2243 ἐστὶ
1667 2186 1729 2240 τδ

129 2287 286 2343 κατὰ
308 2282 720 2355 arduam-1W
741 2282 884 2355 πρὸς
909 2281 981 2336 τὰ
1007 2283 1136 2355 περὶ
1153 2280 1353 2353 ἑαυτὴν
1376 2280 1423 2339 9⁸
1440 2278 1725 2352 προϊοῦσα,

130 2381 234 2435 καὶ
256 2379 364 2434 ἀπὸ
386 2376 495 2431 τῶν
526 2377 751 2444 ἔξωθεν,
782 2374 976 2447 ὥσπερ
998 2374 1107 2431 ἀπό
1134 2389 1298 2427 τινων
1321 2372 1605 2445 συμϐόλων
1627 2388 1728 2424 πε·-

130 2472 505 2545 πσικιλμένων
528 2472 623 2525 καὶ
652 2466 1144 2541 πεπληθυσμιένων,
1181 2467 1275 2521 ἐπὶ
1298 2465 1397 2535 τὰς
1428 2465 1607 2531 ἁπλᾶς
1633 2464 1729 2521 καὶ

130 2566 424 2639 ἠιθωμέινας
452 2565 715 2633 ἀνάγεται
740 2563 994 2637 θεωρίας.

1832 1909 1935 1963 bus
1982 1906 2186 1962 divinis
2218 1905 2548 1974 illustratur,
2580 1922 2688 1962 non
2719 1908 2951 1979 spiritali
2994 1910 3216 1980 quidem
3261 1909 3421 1965 unito

1836 1999 2014 2060 modo,
2058 1998 2155 2055 sed
2189 1998 2483 2069 cogitando
2528 2008 2585 2054 et
2630 2000 3000 2055 discurrendo
3025 2002 3182 2071 quasi
3216 2004 3419 2072 penni-

1833 2091 1935 2148 stis
1977 2090 2250 2160 fluxisque
2298 2090 2629 2154 actionibus.
2681 2089 2899 2147 Directe
2948 2108 3081 2150 vero
3144 2106 3419 2160 movetur,

1832 2184 2057 2253 quando
2082 2198 2189 2238 non
2215 2183 2282 2237 ad
2316 2184 2557 2255 seipsum
2584 2183 2909 2254 ingreditur,
2947 2199 3127 2257 neque
3152 2186 3418 2257 singulari

1834 2284 1987 2333 motu
2026 2275 2256 2348 spiritali
2283 2273 2457 2330 fertur
2488 2274 2637 2345 (nam
2663 2275 2753 2331 hic
2788 2285 2969 2333 motus
3002 2276 3291 2334 circularis
3312 2290 3420 2345 est,

1833 2375 1893 2421 ut
1917 2365 2079 2437 dixi),
2116 2366 2215 2423 sed
2244 2366 2312 2421 ad
2340 2381 2401 2421 ea
2426 2381 2546 2436 quae
2567 2366 2671 2438 ipsi
2705 2367 2883 2422 vicina
2905 2377 3032 2424 sunt
3051 2370 3419 2440 progreditur,

1833 2468 1890 2516 et
1922 2474 1951 2515 a
1982 2458 2150 2515 rebus
2179 2459 2441 2525 externis,
2476 2474 2583 2515 non
2613 2475 2771 2517 secus
2804 2475 2869 2517 ac
2894 2462 3067 2533 signis
3093 2463 3420 2533 quibusdam

1838 2552 2009 2608 variis
2033 2567 2098 2608 ac
2137 2552 2552 2623 multiplicibus,
2584 2554 2651 2610 ad
2674 2553 2949 2624 simplices
2978 2562 3035 2611 et
3078 2556 3261 2612 unitas
3288 2571 3422 2614 con-

1832 2644 2221 2717 templationes
2248 2655 2561 2701 revocatur.

1704 2785 1851 2859 εχ.

210 2936 433 2991 Τούτων
472 2930 588 3000 οῦν,
615 2935 711 2989 καὶ
736 2934 849 2989 τῶν
877 2933 1153 3006 αἰσθητῶν
1198 2934 1258 2988 ὲν
1282 2933 1421 3005 τῷδε
1445 2932 1526 3005 τῷ
1567 2932 1731 2987 παντὶ

135 3029 310 3102 τριῶν
360 3030 654 3101 κινήσεων,
686 3029 782 3084 καὶ
815 3028 998 3099 πολλῷ
1050 3027 1315 3100 πρότερον
1348 3026 1458 3080 τῶν
1496 3026 1730 3081 ἑκάστου

1911 2931 2114 2988 [larum
2144 2932 2311 3003 igitur
2348 2932 2531 2997 trium,
2554 2932 2635 2994 uti
2670 2942 2727 2990 et
2769 2934 3077 3004 sensilium,
3110 2936 3164 2992 in
3205 2937 3309 2994 hac
3333 2953 3425 2995 re-

1841 3042 1960 3082 rum
1986 3026 2345 3087 universitate
2376 3026 2700 3095 motionum,
2749 3036 3104 3101 statuumque
3149 3045 3213 3086 ac
3245 3033 3415 3088 ﬁrmi-

140 3122 325 3196 μονῶν
375 3124 469 3177 καὶ
491 3178 493 3182 Α
517 3122 781 3186 στάσεων,
811 3122 906 3176 καὶ
952 3120 1213 3194 ἱδρύσεων
1248 3119 1421 3174 αἴτιόν
1456 3117 1597 3187 ἐστι,
1636 3121 1732 3173 καὶ

1840 3131 2009 3177 tatum
2049 3135 2239 3184 causa,
2279 3126 2336 3176 et
2384 3119 2731 3175 conservatio
2785 3129 2840 3176 et
2890 3123 3035 3189 linis,
3080 3132 3166 3179 est
3215 3124 3422 3181 bonum

139 3214 447 3284 συνοχικὺν,
478 3215 571 3268 καὶ
600 3214 777 3285 πέρας
795 3213 858 3267 τὸ
900 3213 1066 3268 καλὸν
1112 3214 1207 3266 καὶ
1232 3212 1456 3282 ἀγαθὸν,
1499 3212 1562 3266 τὸ
1589 3213 1733 3285 ὑπὲρ

138 3308 328 3362 πᾶσαν
358 3307 406 3339 ’⁸
432 3306 622 3361 στάσιν
648 3306 742 3359 καὶ
786 3305 1029 3378 κίνησιν·
1062 3304 1199 3359 an."
1236 3305 1388 3357 πᾶσα
1423 3303 1610 3367 στάσις
1638 3304 1735 3357 καὶ

138 3399 380 3471 κίνησις,
430 3400 527 3455 καὶ
567 3398 627 3469 ιε
648 3392 733 3463 οὗ,
780 3398 875 3453 καὶ
922 3400 980 3453 ἐν
1023 3390 1069 3467 ᾧ
1098 3400 1165 3461 ⁸⁸,
1198 3396 1291 3451 καὶ
1336 3398 1417 3466 είς
1445 3395 1495 3460 ὃ,
1530 3383 1625 3451 καὶ
1673 3390 1734 3451 οῦ

137 3493 329 3546 ἕνεκα.
357 3494 466 3547 Καὶ
496 3493 606 3565 γάρ
648 3492 707 3560 ἐξ
734 3490 922 3555 αὐτοῦ,
954 3492 1048 3546 καὶ
1074 3492 1143 3547 δι’
1181 3492 1369 3556 αὑτοῦ,
1408 3490 1512 3546 καὶ
1552 3490 1732 3555 οὐσία,

139 3582 240 3636 καὶ
264 3581 377 3654 ζωὴ
410 3584 579 3646 πᾶσα,
606 3583 701 3636 καὶ
722 3581 815 3635 νοῦ
844 3582 939 3636 καὶ
963 3581 1163 3655 ψυχῆς,
1191 3584 1287 3637 καὶ
1306 3583 1487 3654 πάσης
1519 3581 1735 3654 φύσεως

141 3674 201 3727 ai
242 3673 625 3744 σμικρὸτητες,
677 3673 736 3726 αἱ
787 3672 1053 3745 ίσότητες,
1091 3674 1148 3727 αἱ
1183 3670 1621 3746 μεγαλειάτητες,
1664 3672 1737 3727 τὰ

143 3763 327 3835 μέτρα
348 3766 545 3829 πάντα,
580 3764 675 3817 καὶ
696 3764 752 3817 αἱ
774 3763 883 3818 τῶν
910 3763 1081 3818 όντων
1110 3763 1414 3833 ἀναλογίαι,
1434 3764 1530 3821 καὶ
1557 3763 1734 3836 άρμο-

143 3856 280 3922 νίαι,
311 3857 407 3910 καὶ
440 3858 688 3929 κράσεις,
720 3857 779 3910 αἱ
812 3857 1086 3929 ὁλότητες,
1126 3857 1197 3912 τὰ
1245 3857 1409 3930 μέρη,
1443 3858 1556 3915 πᾶν
1583 3857 1642 3911 ἓν
1666 3858 1734 3922 ³⁷,

143 3951 244 4005 καὶ
289 3949 513 4021 πλῆθος,
552 3951 609 4005 αι
666 3949 939 4014 συνδέσεις
986 3949 1095 4005 τῶν
1153 3948 1366 4023 μερῶν,
1415 3950 1475 4005 αῑ
1536 3951 1737 4015 παντὸς

145 4043 386 4115 πλήθους
423 4044 665 4110 ἑνώσεις,
700 4047 755 4098 αἱ
810 4044 1145 4117 τελειότητες
1196 4047 1309 4101 τῶν
1347 4046 1637 4119 όλοτήτων,
1674 4048 1737 4101 τὸ

145 4136 327 4201 ποιὸν,
356 4136 418 4189 τὸ
453 4137 638 4201 ποσὸν,
668 4137 729 4189 τὸ
760 4136 1007 4209 πηλίκον,
1037 4138 1097 4192 τὸ
1133 4138 1381 4210 ἄπειρον,
1421 4140 1479 4193 αι
1515 4140 1739 4212 συγκρί-

149 4243 287 4291 σεις,
329 4229 384 4280 αἱ
414 4227 738 4300 διακρίσεις,
786 4230 937 4282 πᾶσα
977 4223 1225 4304 ἀπειρία,
1274 4231 1384 4285 πᾶν
1441 4232 1637 4304 πέρας,
1685 4233 1737 4285 ol.

145 4320 266 4391 ὅροι
303 4319 525 4385 πάντες,
558 4321 615 4375 αἱ
645 4321 849 4399 τάξεις,
878 4322 936 4375 αἱ
956 4301 1242 4395 ὑπεροχαὶ,
1275 4321 1353 4375 τὰ-
1374 4301 1632 4394 στοιχεῖα,
1670 4325 1738 4378 τὰ

146 4412 290 4484 smn,
340 4415 491 4467 πᾶσα
536 4412 714 4478 οὐσία,
759 4416 909 4468 πᾶσα
955 4414 1207 4486 δύναμις,
1258 4417 1408 4469 πᾶσα
1462 4416 1734 4489 ἐνέργεια,

1839 3215 1971 3271 illud
2010 3212 2327 3285 pulchrum,
2358 3212 2504 3282 quod
2544 3219 2628 3269 est
2654 3227 2820 3284 supra
2868 3223 3076 3271 statum
3108 3232 3326 3273 omnem
3358 3233 3424 3273 ac

1840 3319 2070 3377 motum,
2101 3321 2199 3379 per
2226 3307 2393 3378 quod,
2424 3316 2480 3362 et
2508 3321 2577 3379 ex
2606 3322 2736 3377 quo,
2766 3316 2825 3363 et
2852 3309 2922 3364 ad
2960 3324 3119 3380 quem
3166 3319 3221 3364 et
3265 3311 3423 3382 cujus

1836 3402 2037 3473 gratia.
2068 3410 2245 3459 status
2270 3399 2452 3456 omnis
2492 3413 2561 3455 ac
2611 3409 2792 3456 motus
2819 3402 3057 3457 exsistit.
3089 3401 3302 3459 Etenim
3354 3420 3422 3459 ex

1838 3495 1992 3567 ipso;
2018 3502 2075 3550 et
2094 3507 2195 3564 per
2217 3492 2419 3563 ipsum,
2451 3499 2507 3546 et
2537 3492 2871 3559 substantia,
2902 3491 3072 3564 353
3090 3502 3147 3549 et
3171 3494 3281 3549 vita
3306 3510 3428 3551 om-

1837 3586 1929 3645 nis
1972 3598 2030 3644 et
2079 3587 2283 3643 mentis
2317 3594 2374 3642 et
2400 3586 2620 3650 animae,
2670 3592 2834 3657 atque
2886 3589 3155 3645 universa:
3211 3598 3427 3645 natura:

1837 3683 2159 3754 parvitates,
2222 3678 2609 3751 mqualitates;
2663 3680 3092 3749 magnitudines,
3152 3696 3427 3739 mensura.-

1837 3772 2107 3837 osnnium,
2138 3779 2194 3827 et
2233 3784 2417 3826 rerum
2461 3772 2867 3842 proportiones,
2916 3780 2972 3827 et
3019 3782 3343 3839 concentus,
3368 3783 3426 3828 et

1838 3864 2242 3931 concretioues,
2294 3870 2431 3928 tota,
2458 3871 2666 3932 partes,
2719 3876 2882 3919 omne
2922 3878 3088 3919 unum
3129 3872 3187 3919 et
3232 3865 3425 3919 multi-

1845 3954 2001 4021 tudo,
2054 3953 2471 4025 coniunctiones
2516 3955 2773 4025 partium,
2822 3954 3003 4010 omnis
3060 3956 3425 4012 multitudinis

1838 4046 2243 4119 c0pulationes,
2278 4044 2646 4117 perfectiones
2690 4056 2951 4111 totorum,
3014 4048 3194 4117 quale,
3254 4064 3426 4119 quau-

1838 4149 1977 4207 tum,
2017 4155 2182 4211 quam
2226 4156 2485 4211 magnum
2518 4150 2614 4194 aut
2642 4154 2895 4210 parvum.
2940 4140 3239 4207 infinitum,
3275 4158 3425 4197 cont-

1839 4233 2179 4303 parationes,
2193 4234 2593 4304 separationes,
2606 4232 2788 4288 omnis
2807 4233 3067 4300 inlinitas,
3083 4236 3261 4290 omnis
3277 4236 3425 4302 linis,

1841 4327 2191 4384 definitiones
2223 4343 2449 4395 omnes,
2478 4330 2715 4393 ordines,
2744 4329 3106 4397 excellentiae,
3130 4330 3426 4399 elementa,

1843 4422 2057 4487 formae,
2101 4421 2284 4477 omnis
2330 4422 2658 4488 substantia,
2688 4422 2868 4477 omnis
2920 4422 3153 4479 facultas
3178 4425 3294 4481 sive
3326 4442 3423 4495 po-

147 4506 302 4583 πᾶσα
337 4504 469 4572 ῑξις,
505 4508 656 4560 πᾶσα
684 4504 956 4578 αἴσθησις,
1008 4508 1116 4571 πᾶς
1146 4507 1323 4578 λόγος,
1356 4508 1507 4563 πᾶσα
1533 4509 1732 4580 νόησις,

1846 4522 2035 4577 testas,
2066 4512 2247 4569 omnis
2297 4513 2463 4579 actio,
2489 4514 2668 4568 omnis
2713 4512 2954 4579 habitus,
2991 4516 3171 4569 omnis
3206 4531 3425 4584 sensus,

149 4602 306 4655 πᾶσα
350 4600 555 4670 ἐπαφὴ,
613 4600 767 4654 πᾶσα
815 4600 1115 4672 ἐπιστήμη,
1177 4602 1327 4654 πᾶσα
1374 4600 1597 4665 ἓνωσις·
1644 4604 1736 4655 καὶ

148 4685 362 4752 ἁπλῶς,
393 4687 499 4740 πᾶν
527 4683 589 4740 δν
630 4687 696 4740 ὲκ
722 4685 817 4740 τοῦ
851 4687 1017 4743 καλοῦ
1056 4689 1150 4741 καὶ
1176 4689 1402 4758 ἀγαθοῦ,
1436 4691 1531 4744 καὶ
1558 4692 1616 4744 ὲν
1658 4691 1738 4763 τῷ

152 4775 305 4847 καλῷ
333 4778 425 4830 καὶ
445 4776 637 4849 ἀγαθῷ
663 4779 805 4843 ἐστι,
845 4779 945 4834 καὶ
982 4779 1063 4843 εις
1089 4778 1151 4832 τὸ
1200 4780 1368 4834 καλὸν
1402 4780 1497 4835 καὶ
1534 4780 1737 4849 ἀγαθὸν

149 4872 540 4943 ἐπιστρέφεται
564 4890 579 4903 ·
632 4873 725 4928 καὶ
752 4873 933 4929 πάντα
960 4873 1062 4927 ὅσα
1106 4872 1225 4927 ἐστὶ
1284 4874 1379 4927 καὶ
1412 4870 1469 4903 ³⁸
1499 4871 1736 4942 γίνεται,

147 4963 243 5020 διὰ
277 4963 341 5017 τδ
356 4965 525 5019 καλὸν
551 4966 645 5019 καὶ
678 4964 884 5035 ἀγαθόν
914 4966 1034 5019 ἔστι
1065 4966 1159 5020 καὶ
1197 4964 1425 5035 γίνεται,
1474 4967 1570 5021 καὶ
1602 4968 1739 5038 πρὸς

150 5055 289 5111 αὐτὸ
318 5054 496 5121 πάντα
539 5057 665 5129 ὁρᾷ,
699 5058 796 5112 καὶ
820 5057 914 5111 ὑπ’
942 5055 1109 5117 αὐτοῦ
1138 5059 1367 5111 κινεῖται
1391 5057 1487 5111 καὶ
1519 5057 1739 5127 συνέχε-

150 5168 270 5215 ται,
307 5150 403 5204 καί
446 5149 612 5206 αὺτσῦ
668 5150 852 5217 luxu,
900 5151 995 5207 καὶ
1040 5151 1109 5205 δι’
1140 5151 1294 5216 αὐτὸ,
1345 5151 1440 5206 καὶ
1487 5152 1546 5205 ὲν
1588 5150 1738 5222 αὺτῷ

151 5245 310 5299 πᾶσι
355 5242 502 5314 ἀρχὴ
556 5242 1052 5315 παραδειγματικὴ,
1099 5244 1287 5316 τελικὴ
1329 5246 1403 5309 3⁸,
1456 5245 1735 5317 ποιητικὴ,

152 5333 353 5406 sumi},
402 5333 767 5407 στοιχειώδης,
822 5336 918 5391 καὶ
975 5334 1163 5399 ἁπλῶς
1210 5336 1359 5389 πᾶσα
1398 5336 1563 5409 ἀρχὴ,
1588 5338 1737 5390 πᾶσα

153 5426 379 5498 συνοχὴ,
405 5426 514 5481 πᾶν
545 5427 718 5500 πέρας
738 5444 753 5459 ·
797 5427 842 5461 ³ο
872 5426 905 5499 ἢ
940 5427 1026 5483 ἵνα
1056 5426 1333 5483 συλλαϐὼν
1361 5428 1520 5495 εῐπω,
1560 5428 1739 5484 πάντα

1844 4607 2025 4662 omnis
2081 4607 2245 4672 ratio,
2292 4607 2472 4663 omnis
2534 4606 2931 4676 intelligentia,
2983 4609 3165 4664 omnis
3222 4619 3426 4675 tactus,

1843 4699 2022 4755 omnis
2078 4698 2329 4763 scientia,
2376 4700 2556 4756 omnis
2604 4700 2917 4771 copulatio;
2969 4710 3024 4755 et
3078 4702 3423 4772 simpliciter,

1842 4806 2005 4847 omne
2033 4791 2180 4861 quod
2210 4806 2279 4847 ex
2321 4793 2551 4865 pulchro
2574 4802 2628 4849 et
2678 4796 2818 4849 bono
2862 4793 3103 4862 exsistit,
3142 4804 3199 4849 et
3225 4796 3279 4849 in
3305 4795 3429 4866 pul-

1845 4884 1982 4939 chro
2006 4894 2062 4940 et
2086 4887 2230 4941 bono
2258 4896 2365 4954 est,
2389 4896 2446 4941 et
2476 4886 2542 4940 ad
2569 4886 2853 4956 pulchrum
2882 4898 2935 4943 et
2964 4888 3165 4943 bonum
3191 4904 3421 4945 conver-

1847 4970 2013 5037 titur;
2050 4980 2110 5027 et
2151 4987 2490 5044 quacunque
2538 4985 2666 5031 sunt
2715 4986 2769 5030 et
2826 4977 2982 5045 fiunt,
3030 4990 3253 5049 propter
3301 4981 3422 5051 pul-

1846 5062 2041 5118 chrum
2074 5070 2131 5119 et
2151 5064 2352 5121 bonum
2400 5074 2530 5122 sunt
2558 5077 2615 5123 et
2641 5068 2797 5133 fiunt,
2833 5078 2891 5125 et
2931 5081 3128 5125 cuncta
3162 5073 3214 5126 in
3246 5072 3421 5144 ipsum

1848 5153 2147 5219 intuemur,
2208 5167 2265 5212 et
2320 5158 2391 5213 ab
2452 5158 2568 5228 ipso
2635 5169 2924 5215 moventur
2975 5170 3031 5215 et
3085 5176 3423 5217 conservan-

1852 5256 1964 5313 tur,
1996 5256 2053 5303 et
2090 5248 2260 5318 ipsius
2288 5250 2466 5322 gratia
2497 5261 2553 5308 et
2590 5262 2818 5324 propter
2850 5254 3025 5324 ipsum
3079 5260 3137 5308 et
3185 5257 3241 5309 in
3303 5254 3427 5324 ipso

1846 5354 2012 5397 omne
2050 5339 2375 5413 principium
2405 5347 2740 5415 exemplare,
2786 5347 2967 5412 finale,
3015 5345 3278 5415 efﬁciens,
3310 5350 3423 5403 for-

1847 5432 2011 5498 male,
2036 5436 2341 5503 materiale,
2365 5449 2420 5493 et
2445 5438 2679 5509 denique
2694 5441 3224 5511 omneprincipium,
3240 5443 3423 5499 omnis

1458 5582 1693 5640 VARUE
1729 5584 2138 5646 LECTIONES.

200 5772 204 5813 ξ
233 5726 279 5758 "
305 5724 723 5813 ᾲκξιτξιλήπξως,
748 5726 829 5813 0;.
889 5724 1342 5813 ’9_3¢§1‘poylpnwc,
1504 5724 2115 5813 ι’,νωμμεταδεπξαῖς,
2140 5731 2213 5813 p;
2239 5806 2253 5813 _
2279 5735 2332 5813 ’ζ
2348 5734 2656 5813 ἑτερότητι,
2673 5739 2735 5794 ο.
2752 5810 2776 5813 _
2802 5740 2849 5773 ’³
2877 5742 3003 5813 περὶ
3029 5740 3218 5813 αὐτήν,
3251 5739 3305 5795 D.
3344 5739 3415 5798 ll.

161 5798 207 5884 ξι
231 5797 331 5884 καὶ
370 5793 854 5884 ύπὲριξιὲσανηκ.
1002 5793 1286 5884 δι’ζοῦίξξ.
1305 5869 1326 5884 υ
1365 5800 1410 5830 ’⁸
1434 5793 1771 5884 subiungunt
1795 5799 1861 5884 DL.
1890 5800 2043 5884 P.‘D.
2070 5793 2164 5856 καὶ
2184 5793 2721 5884 διἰοῦιαύοιί-ἱιθίιοι
2746 5810 2863 5878 Sc.,

159 5868 257 5925 καί
283 5868 341 5923 ἑν
482 5859 554 5898 ’π
581 5865 651 5921 Μ.
705 5859 844 5940 μέρη
874 5869 1049 5923 πάντα
1077 5867 1153 5923 ἔν.
1182 5859 1190 5863 ⁷
1235 5871 1279 5902 ’⁸
1304 5869 1417 5925 ἔστι
1444 5886 1501 5923 τε
1530 5859 1735 5935 καίξῑ).

1817 5872 1861 5903 "
1892 5871 2231 5943 τελειωτική,
2260 5875 2316 5930 S.
2348 5871 2437 5933 se.
2518 5880 2561 5911 ³⁸
2594 5882 2707 5935 καί.
