4186 6308
748 363 853 419 ’107

1883 363 1945 421 S.
1987 360 2287 419 DIONYSII
2323 355 2789 415 AREOPAGITJE

3914 366 4019 424 708

748 481 1113 545 conservatio,
1143 480 1322 537 omnis
1360 481 1514 544 linis;
1546 488 1626 545 et,
1659 488 1718 535 ut
1748 480 2061 534 summatim
2120 479 2323 540 dicam,

2436 476 2495 529 τὰ
2528 480 2655 533 ὄντα
2682 478 2745 529 ἐκ
2776 474 2871 529 τοῦ
2903 474 3071 528 καλοῦ
3099 473 3192 529 xui
3215 476 3418 543 ἀγαθοῦ
3438 494 3452 507 ·
3482 477 3575 531 xui.
3606 478 3784 533 πάντα
3827 480 3893 533 τά
3920 482 4018 535 ούκ

748 573 927 626 omnia
979 587 1098 642 quae
1125 579 1276 635 sunt,
1299 587 1365 637 ex
1394 572 1619 641 pulchro
1648 581 1704 626 et
1744 572 1885 625 beno
1932 570 2229 632 exsistunt,
2268 577 2323 622 et

751 666 930 719 omnia
961 679 1080 733 quae
1112 679 1216 717 non
1250 676 1395 727 sunt,
1435 666 1490 716 in
1525 664 1751 731 pulchro
1790 671 1845 715 et
1888 660 2031 714 bono
2060 668 2188 713 sunt
2236 671 2328 713 su-

754 756 1325 826 prasubstantiaiiter;
1364 764 1418 810 et
1459 764 1539 810 est
1584 756 1825 809 omnium
1876 753 2199 824 principium
2233 766 2326 805 sn-

753 863 1014 918 praquam
1058 847 1384 919 principiale
1415 855 1469 903 et
1510 847 1634 903 linis
1661 862 1991 917 supraquam
2018 845 2324 916 perfectus;

756 936 1021 1002 Quoniam
1046 952 1109 989 ex
1135 939 1266 1005 ipso,
1289 947 1337 988 et
1362 952 1451 1000 per
1475 936 1664 1004 ipsum,
1690 946 1735 987 et
1762 936 1815 989 in
1840 937 1974 1002 ipso,
1997 943 2044 986 et
2066 933 2134 984 ad
2160 934 2331 1001 ipsum

753 1029 954 1092 omnia,
998 1028 1141 1082 sicut
1182 1029 1263 1081 ait
1293 1026 1574 1097 Scriptura
1611 1038 1658 1082 ιι.
1690 1025 1970 1081 Uuiversis
2008 1026 2173 1097 igitur
2209 1022 2331 1094 pul-

751 1121 945 1176 chrum
992 1129 1047 1174 et
1085 1120 1289 1174 bonum
1333 1119 1691 1175 desiderabile
1722 1128 1775 1175 et
1808 1119 2040 1173 amabile
2071 1126 2154 1173 est
2176 1110 2230 1171 et
2252 1116 2330 1170 .ab

751 1214 1024 1271 Universis
1047 1214 1324 1285 diligitur;
1350 1223 1403 1269 et
1428 1223 1648 1285 propter
1670 1213 1869 1286 ipsUm,
1887 1222 1941 1266 et
1966 1212 2137 1282 ipsius
2160 1218 2323 1266 causa

745 1317 800 1362 et
828 1307 1087 1363 inferiora
1117 1316 1303 1362 amant
1331 1307 1635 1378 superiora,
1661 1306 2025 1361 eouverteudo
2056 1321 2114 1360 se
2137 1303 2202 1359 ad
2224 1318 2321 1369 ea;

744 1410 801 1458 et
827 1416 949 1471 quae
972 1410 1101 1456 sunt
1124 1400 1363 1470 ejusdem
1394 1399 1603 1454 ordinis
1630 1407 1815 1453 amant
1840 1398 2058 1464 similia,
2085 1411 2324 1454 commu-

762 1487 1024 1554 nieando;
1063 1496 1115 1540 et
1175 1486 1381 1555 majora
1436 1486 1671 1549 minora,
1724 1486 2057 1557 providendo
2109 1488 2225 1550 eis;
2279 1496 2333 1541 et

757 1575 967 1642 singula
1014 1575 1216 1646 seipsa,
1273 1576 1650 1629 conservando
1702 1590 1799 1637 se;
1845 1585 1899 1629 et
1948 1576 2152 1639 omnia,
2216 1576 2333 1646 pui-

756 1669 951 1722 rbrum
1005 1677 1060 1723 et
1123 1669 1323 1721 bonum
1378 1669 1702 1739 expetendo,
1761 1668 1968 1722 faciunt
2013 1678 2068 1723 et
2117 1670 2329 1734 volunt,

756 1774 1092 1828 quaecunque
1134 1759 1344 1813 faciunt
1370 1768 1424 1813 et
1449 1760 1656 1814 volunt.
1689 1759 1827 1825 Quin
1861 1768 1913 1814 et
1949 1760 2050 1815 hoc
2080 1774 2209 1815 vere
2236 1778 2331 1815 au-

758 1853 949 1906 demus
1002 1852 1203 1916 dicere,
1258 1853 1399 1920 quod
1452 1854 1568 1922 ipse
1598 1853 1687 1920 qui
1735 1863 1817 1907 est
1847 1853 2089 1907 omnium
2136 1869 2326 1916 causa,

758 1953 977 2011 propter
1002 1943 1380 1998 excellentiam
1420 1943 1681 1998 bonitatis
1714 1943 1892 1995 omnia
1944 1954 2111 2009 amat,
2147 1944 2327 1998 omnia

759 2032 912 2095 facit,
946 2035 1127 2087 omnia
1163 2033 1397 2103 perlicit,
1430 2034 1612 2088 omnia
1656 2034 1919 2098 continet,
1967 2034 2148 2088 omnia
2193 2050 2329 2091 cou-

758 2125 921 2179 vertit
950 2126 1015 2177 ad
1047 2128 1140 2189 se;
1174 2134 1228 2179 et
1255 2137 1336 2179 est
1368 2126 1578 2180 divinus
1627 2142 1781 2181 amor
1832 2126 2004 2179 bonus
2058 2126 2182 2182 boni
2214 2143 2334 2197 pro-

759 2224 878 2282 pter
904 2213 1119 2268 bonum.
1149 2214 1263 2282 ipse
1290 2216 1434 2271 enim
1463 2226 1617 2269 amor
1645 2216 1884 2279 divinus,
1910 2216 1998 2285 qui
2031 2216 2328 2273 bonitatem

760 2306 814 2359 iu
868 2306 935 2360 iis
983 2322 1101 2377 qua:
1153 2317 1277 2361 sunt
1332 2316 1607 2377 aperatur,
1649 2310 1775 2376 quia
1812 2308 1964 2376 prius
2017 2310 2229 2363 exstitit
2276 2310 2329 2363 iu

760 2397 901 2451 bono
925 2398 1215 2465 superlate,
1248 2414 1351 2452 non
1382 2399 1508 2453 sivit
1531 2398 1704 2467 ipsum
1738 2401 1788 2452 iu
1816 2415 1875 2453 se
1907 2401 2025 2454 sine
2058 2399 2189 2457 fietu
2217 2417 2335 2455 nia-

2430 571 2578 634 ὖντα,
2619 567 2957 639 ύπερουσὶως
2986 568 3043 619 ὲν
3070 568 3146 638 τῷ
3179 566 3330 637 καλῷ
3372 569 3465 621 xui.
3494 570 3682 639 ἀγαθῷ
3702 588 3713 600 ’
3765 573 3860 625 xui
3905 572 4019 627 ἔστι

2430 663 2650 716 πάντων
2677 661 2839 731 ἀρχὴ,
2873 660 2968 713 xui.
2996 659 3167 731 πέρας
3184 661 3536 731 ύπεράρχιον,
3564 663 3655 715 xui.
3683 663 4008 735 ύπερτελές.

2434 757 2561 808 ’Ότι
2603 753 2671 817 ἐξ
2722 754 2927 815 αὑτοῦ,
2966 754 3061 805 καὶ
3096 752 3171 805 δι’
3208 754 3418 815 αὑτοῦ,
3468 753 3651 809 καὶέν
3687 758 3873 823 αὐτῷ,
3924 761 4020 811 καὶ

2429 845 2514 906 εὶς
2558 844 2705 900 αὐτὸ
2738 845 2779 875 ³¹
2834 845 2905 897 τὰ
2956 843 3172 906 πάντα,
3223 842 3297 907 ῶς
3346 861 3507 915 φησιν
3552 848 3580 898 6
3630 847 3776 917 ἱερὸς
3827 846 4022 916 λόγος’

2430 937 2603 989 Πᾶσιν
2662 930 2754 987 οῦν
2821 934 2937 986 ἐστι
2990 933 3050 986 τὸ
3100 931 3263 986 καλὸν
3297 933 3389 986 καὶ
3430 933 3649 1001 ἀγαθὸν,
3686 935 3900 1005 ἐφετὸν,
3932 937 4026 989 xui

2433 1026 2685 1099 ἐραστδν,
2729 1026 2824 1079 xui
2877 1026 3188 1098 ἀγαπητόν·
3235 1026 3330 1079 xui.
3373 1026 3441 1080 δι’
3492 1027 3644 1091 αὐτὸ,
3700 1029 3795 1081 xui.
3854 1028 4023 1082 αὑτοῦ

2430 1120 2616 1183 ἕνεκα,
2650 1120 2742 1172 xui.
2770 1118 2839 1171 τά
2869 1119 3017 1187 ἥττω
3064 1117 3172 1171 τῶν
3223 1118 3545 1189 κρειττόνων
3586 1121 4023 1192 ἐπιστρεπτικῶς

2433 1213 2621 1283 ἐρῶσι,
2648 1212 2742 1266 xui
2765 1211 3097 1276 κοινωνικῶς
3112 1212 3183 1265 τά
3199 1212 3495 1283 όμόστοιχα
3515 1212 3625 1266 τῶν
3647 1214 3941 1283 ὁμοταγῶν
3958 1216 4021 1277 ³¹,

2433 1308 2527 1360 xui
2570 1305 2641 1358 τὰ
2689 1305 2923 1377 κρείττω
2954 1305 2999 1337 ³³
3040 1305 3148 1358 τῶν
3195 1305 3432 1375 ἡττόνων
3497 1307 3899 1377 προνοητικῶς,
3935 1309 4025 1361 xui.

2434 1396 2570 1449 αὒτά
2602 1396 2811 1449 ἑαυτῶν
2835 1397 3039 1449 ἕκαστα
3086 1395 3438 1459 συνεκτικῶς,
3470 1397 3563 1449 xui
3597 1397 3774 1450 πάντα
3800 1398 3898 1449 τοῦ
3929 1414 4025 1452 xu-

2432 1490 2525 1542 λοῦ
2552 1489 2647 1544 xui.
2675 1488 2882 1557 ἀγαθοῦ
2916 1488 3200 1559 ἐφιέμενα,
3236 1491 3379 1541 ποιεῖ
3404 1489 3499 1541 xui.
3546 1488 3796 1559 βούλεται
3848 1491 4024 1544 πάντα

2432 1583 2533 1635 ὅσα
2570 1584 2717 1635 ποιεῖ
2746 1583 2840 1633 xui.
2880 1581 3147 1651 βούλεται.
3179 1580 3625 1651 Παρῤησιάσεται
3655 1582 3712 1635 δὲ
3743 1584 3837 1634 xui
3868 1581 4025 1635 τοῦτο

2434 1676 2606 1727 εἰπεῖν
2633 1676 2661 1726 6
2689 1672 2894 1743 ἀληθὴς
2919 1673 3094 1743 λόγος,
3127 1671 3208 1725 ὅτι
3236 1672 3328 1724 xui.
3364 1672 3524 1735 αὐτὸς
3547 1674 3575 1725 6
3602 1674 3820 1727 πάντων
3856 1674 4025 1739 αἴτιος

2433 1765 2499 1818 δι’
2532 1766 2867 1835 ἀγαθότητος
2894 1764 3198 1837 ὑπερϐολὴν
3238 1764 3457 1818 πάντων
3483 1764 3604 1837 ἐρᾷ,
3643 1766 3823 1818 πάντα
3858 1770 4023 1829 ποιεῖ,

2432 1859 2609 1912 πάντα
2628 1857 2843 1921 τελειοῖ,
2878 1857 3053 1909 πάντα
3089 1858 3321 1928 συνέχει,
3354 1857 3529 1911 πάντα
3557 1856 3909 1927 ἐπιστρέφει,
3933 1859 4026 1911 xui

2431 1949 2549 2001 ἔστι
2582 1950 2677 2001 xui.
2700 1950 2727 2001 6
2756 1948 2899 2012 θεῖος
2932 1948 2976 1979 ⁸⁴
3003 1947 3143 2019 ἔρως
3184 1947 3386 2016 ἀγαθὸς
3419 1946 3626 2014 ἀγαθοῦ
3673 1947 3763 2001 διὰ
3802 1948 3866 2000 τὸ
3892 1948 4028 2017 ἀγα-

2433 2041 2541 2095 θόν.
2581 2040 2750 2104 Αὐτὸς
2795 2038 2905 2111 γὰρ
2945 2041 2973 2093 ὁ
3014 2039 3346 2111 ἀγαθοεργὺς
3383 2040 3491 2094 τῶν
3545 2040 3712 2093 ὄντων
3760 2040 3925 2110 ἔρως,
3970 2040 4027 2093 ὲν

2431 2129 2656 2200 τάγαθῷ
2712 2130 2833 2183 καθ’
2886 2130 3193 2201 ὑπερϐολὴν
3243 2128 3634 2200 προῦπάρχων,
3687 2130 3786 2182 οὑκ
3846 2128 4028 2182 εἴασεν

2433 2222 2592 2275 αὐτὸν
2626 2222 2816 2290 ἄγονον
2849 2220 2907 2273 ὲν
2952 2220 3131 2290 ἑαυτῷ
3162 2220 3363 2291 μένειν,
3406 2220 3625 2291 ἐκίνησε
3656 2220 3711 2271 δὲ
3755 2220 3921 2272 αὑτὸν
3950 2221 4029 2283 εἰς

2439 2313 2500 2365 τὸ
2535 2311 2997 2383 πρακτικεύεσθαι
3036 2310 3175 2365 κατά
3224 2312 3324 2381 τὴν
3354 2310 3607 2364 ἀπάντων
3654 2310 3951 2382 γενητικὴν
3986 2313 4028 2342 ³⁵

2444 2406 2546 2457 ὑπε
2557 2404 2770 2476 ρϐολήν.

760 2502 914 2554 nere,
940 2489 1033 2543 sed
1073 2491 1249 2560 potius
1293 2490 1463 2545 movit
1521 2496 1643 2543 eum
1694 2490 1761 2543 ad
1823 2492 2157 2559 operaudum
2197 2493 2494 2551 secundum
2548 2497 2927 2552 excellentiam
2963 2495 3183 2551 virtutis
3240 2510 3348 2550 sua:
3389 2496 3630 2549 omnium
3674 2510 3858 2550 rerum
3901 2492 4031 2551 οπε-

758 2584 966 2639 ctricis.

2283 2730 2310 2803 ι
2343 2728 2459 2788 x1.

831 2872 995 2944 359
1044 2871 1229 2942 Neque
1258 2887 1389 2927 vero
1451 2888 1550 2929 nos
1599 2877 1886 2947 quisquam
1933 2885 2089 2947 putet
2138 2886 2330 2932 contra

764 2964 1055 3036 Scriptura:
1106 2968 1487 3021 auctoritatem
1542 2970 1743 3023 amoris
1782 2985 1975 3023 nomen
2029 2969 2330 3024 celebrare.

2511 2874 2619 2928 Kui.
2665 2874 2849 2946 μήτις
2881 2876 3027 2946 ἡμᾶς
3058 2874 3255 2928 οἰέσθω
3292 2872 3443 2945 παρά
3492 2872 3561 2926 τά
3609 2873 3761 2941 λόγια
3804 2873 3904 2944 τὴν
3934 2874 4031 2928 τοῦ

2438 2965 2639 3037 ἔρωτος
2676 2966 2991 3036 ἐπωνυμίαν
3026 2964 3369 3036 πρεσϐεύειν.
3417 2966 3571 3018 Ἔστι
3613 2964 3711 3035 μὲν
3744 2963 3853 3033 γάρ
3900 2964 4000 3019 ἄλο

762 3058 857 3114 Est
877 3060 1019 3113 enim
1041 3076 1068 3112 a
1086 3059 1295 3115 ratione
1324 3058 1581 3124 alienum,
1609 3070 1667 3115 ut
1694 3064 1908 3131 opinor,
1934 3070 1989 3116 et
2014 3060 2331 3127 absurdum,

2439 3074 2555 3126 γον,
2581 3057 2655 3120 ὼς
2684 3053 2858 3127 οἶμαι,
2909 3057 3004 3110 xui.
3047 3056 3233 3110 σκαιὸν
3270 3057 3334 3120 ³⁸,
3368 3056 3430 3108 τὸ
3463 3056 3535 3126 μὴ
3565 3058 3630 3126 τῇ
3668 3055 3898 3125 δυνάμει
3931 3054 4030 3107 τοῦ

764 3167 869 3206 non
896 3153 1002 3207 vim
1035 3152 1205 3219 ipsam
1250 3152 1483 3207 instituti
1535 3155 1842 3219 attendere,
1874 3154 1971 3210 sed
2003 3154 2202 3221 verba;
2236 3169 2337 3208 ne-

762 3258 867 3313 que
892 3243 999 3297 hoc
1027 3244 1304 3313 pr0prium
1332 3254 1418 3298 est
1442 3259 1627 3300 eorum
1661 3247 1750 3314 qui
1796 3261 1883 3301 res
1924 3245 2140 3301 divinas
2176 3247 2335 3301 intel-

763 3333 928 3403 ligere
957 3335 1201 3403 cupiunt.
1246 3334 1339 3390 sed
1370 3351 1534 3391 sonos
1572 3337 1741 3393 exiles
1793 3347 2161 3409 aucupantur,
2208 3354 2336 3394 eos-

765 3426 995 3492 demque
1038 3426 1379 3481 extrinsecus
1428 3441 1559 3480 aure
1604 3438 1759 3481 tenus
1802 3429 2128 3491 admittunt.
2160 3446 2337 3499 neque

765 3518 908 3573 scire
931 3517 1137 3581 volunt,
1179 3518 1307 3587 quid
1340 3517 1709 3585 hujuscemodi
1742 3520 1911 3575 dictio
1942 3520 2235 3591 signiﬁcet,
2285 3532 2341 3577 et

763 3622 1001 3678 quonam
1029 3608 1188 3663 modo
1218 3610 1337 3663 aliis
1367 3611 1535 3665 etiam
1571 3612 1752 3666 verbis
1776 3613 2254 3681 aequipollentibus
2282 3627 2337 3669 et

763 3702 1151 3770 explanatoriis
1192 3702 1263 3755 slt
1309 3704 1651 3775 exponenda”,
1693 3704 1788 3759 sed
1820 3706 2019 3761 addicti
2055 3716 2182 3761 sunt
2226 3706 2337 3761 ele-

766 3795 964 3847 mentis
1013 3808 1077 3848 ac
1123 3792 1281 3849 lineis
1320 3809 1441 3863 quae
1490 3794 1715 3866 intelligi
1756 3810 1859 3851 non
1892 3804 2139 3865 possunt,
2173 3797 2337 3868 sylla-

766 3884 958 3951 bisque
974 3892 1030 3938 et
1053 3886 1236 3940 verbis
1263 3886 1575 3956 incognitis,
1601 3902 1719 3957 qum
1750 3887 1964 3943 illorum
1997 3888 2335 3944 intellectum

766 3976 990 4030 minime
1044 3976 1269 4041 feriunt,
1315 3979 1411 4034 sed
1458 3988 1617 4033 extra
1650 3980 1857 4035 circum
1895 3980 2046 4036 labra
2081 3992 2135 4037 et
2180 3999 2337 4037 aures

767 4080 953 4121 eorum
993 4076 1364 4137 perstrepunt,
1396 4068 1551 4135 quasi
1594 4084 1700 4124 non
1751 4070 1916 4125 liceat
1959 4074 2195 4141 quatuor
2242 4088 2340 4141 per

766 4158 853 4214 bis
874 4160 980 4213 duo
1006 4160 1343 4229 signiﬁcare,
1382 4171 1475 4215 aut
1511 4162 1789 4230 simplices
1834 4162 2006 4223 lineas
2036 4179 2137 4234 per
2168 4166 2337 4221 lineas

769 4261 970 4311 rectas,
996 4262 1089 4304 aut
1117 4263 1427 4307 maternum
1460 4253 1633 4307 solum
1663 4269 1760 4323 per
1784 4256 2045 4326 patrium,
2077 4266 2170 4312 aut
2194 4258 2335 4312 aliud

768 4340 1046 4408 quodlibet
1072 4355 1167 4411 per
1194 4344 1242 4395 id
1269 4345 1410 4411 quod
1443 4344 1493 4395 in
1519 4343 1772 4412 plurimis
1794 4349 2061 4403 orationis
2089 4351 2337 4418 partibus

2443 3148 2645 3203 σκοποῦ
2694 3149 3000 3220 προσέχειν,
3034 3147 3170 3200 ἀλλά
3213 3149 3331 3210 ταῖς
3356 3146 3533 3213 λέξεσι
3554 3162 3569 3176 ’
3605 3146 3697 3199 xui
3726 3146 3887 3198 τοῦτο
3929 3146 4033 3199 οὐκ

2439 3238 2558 3292 ἔστι
2608 3239 2717 3292 τῶν
2749 3239 2817 3293 τά
2865 3238 2981 3291 θεῖα
3012 3241 3155 3291 νοεῖν
3197 3238 3490 3291 ἐθελόντων
3532 3237 3680 3299 ἴδιον,
3732 3236 3869 3289 ἀλλά
3919 3235 4032 3288 τῶν

2440 3333 2605 3403 ἤχους
2651 3331 2842 3401 ψιλοὺς
2891 3331 3303 3401 εἰσδεχομένων,
3357 3331 3451 3383 xui.
3496 3328 3719 3391 τούτους
3757 3330 3887 3399 ἄχρι
3918 3329 4031 3381 τῶν

2441 3422 2593 3475 ὢτων
2622 3422 2961 3485 ἀδιαϐάτους,
2994 3421 3193 3487 ἔξωθεν
3220 3419 3572 3489 συνεχόντων,
3608 3419 3703 3472 xui
3754 3420 3855 3471 οὐκ
3903 3418 4030 3471 ἑθε-

2440 3514 2638 3567 λόντων
2668 3515 2709 3545 ³⁷
2740 3514 2956 3577 εἰδέναι,
2996 3513 3049 3567 τί
3096 3514 3194 3583 μὲν
3244 3516 3276 3583 ἡ
3329 3512 3508 3565 τοιάδε
3560 3512 3707 3578 λέξις
3746 3510 4029 3581 σημαίνει,

2441 3606 2559 3670 πῶς
2593 3607 2649 3660 δὲ
2700 3607 2869 3678 αὐτὴν
2905 3608 3009 3679 χρὴ
3063 3608 3156 3659 xui
3186 3607 3252 3659 δι’
3293 3606 3493 3677 ἐτέρων
3540 3605 3898 3675 όμοδυνὰμων
3936 3603 4033 3655 καὶ

2440 3699 2927 3770 ὲκφαντικωτέρων
2958 3699 3000 3729 ³³
3032 3698 3227 3764 λέξεων
3250 3698 3603 3768 διασαφῆσαι,
3644 3695 4032 3766 προσπασχόν-

2439 3807 2548 3843 των
2596 3789 2652 3841 δὲ
2708 3788 3010 3857 στοιχείοις,
3049 3789 3143 3840 xui.
3196 3788 3480 3857 γραμμαῖς
3536 3784 3783 3854 ἀνοήτοις
3817 3782 3885 3843 ³⁹,
3935 3781 4033 3835 xui.

2443 3879 2750 3943 συλλαϐαῖς,
2782 3882 2873 3933 xui
2904 3878 3113 3944 λέξεσιν
3152 3875 3467 3945 ἀγνώστοις,
3506 3874 3581 3945 μὴ
3625 3871 4032 3934 διαϐαινούσαις

2442 3974 2525 4037 εἰς
2551 3973 2613 4026 τὸ
2633 3973 2731 4042 τῆς
2749 3971 2927 4041 ψυχῆς
2947 3970 3124 4022 αὐτῶν
3144 3968 3347 4040 νοερὸν,
3372 3968 3485 4019 ἀλλ’
3510 3966 3614 4030 ἔξω
3634 3983 3700 4017 πε
3709 3964 3763 4035 pi
3782 3964 3853 4016 τά
3873 3964 4030 4035 χείλη

2442 4064 2536 4115 xui.
2568 4062 2669 4125 τάς
2712 4061 2882 4123 ἀκοὰς
2934 4059 3110 4112 αὐτῶν
3153 4057 3662 4128 διαϐομϐουμέναις,
3696 4054 3889 4125 ῶσπερ
3927 4055 4031 4108 οὐκ

2443 4154 2562 4220 ὲξδν
2586 4155 2676 4206 τὸν
2703 4154 2942 4223 τέσσαρα
2990 4153 3218 4224 ἀριθμὸν
3247 4151 3336 4204 διὰ
3365 4149 3457 4203 τοῦ
3488 4150 3569 4211 δἰς
3599 4146 3692 4200 δύο
3717 4146 4026 4217 σημαίνειν,

2442 4247 2476 4317 ἦ
2515 4246 2585 4299 τά
2616 4246 2981 4317 εὐθύγραμμα
3007 4246 3095 4297 διά
3143 4244 3250 4296 τῶν
3276 4240 3699 4315 όρθογράμμων,
3735 4238 3893 4309 ἢτὴν
3924 4254 4030 4308 μη-

2443 4336 2598 4408 τρίδα
2648 4337 2735 4388 διά
2766 4337 2863 4406 τῆς
2894 4322 3221 4406 πατρίδος,ἥ
3254 4331 3439 4403 ἕτερόν
3490 4348 3543 4382 τι
3579 4330 3623 4360 ⁸⁸³
3656 4327 3762 4380 τῶν
3811 4327 4030 4389 πολλοῖς

768 4434 1058 4502 tequivalet
1090 4453 1103 4489 :
1139 4450 1259 4489 cum
1295 4448 1441 4490 recta
1470 4439 1610 4491 ratio
1642 4440 1854 4506 doceat,
1887 4442 2187 4509 elementis,
2231 4446 2332 4516 syl-

2444 4431 2537 4483 τοῦ
2583 4426 2737 4497 λόγου
2795 4430 2982 4499 μέρεσι
3031 4426 3195 4478 ταὺτὸ
3229 4424 3630 4495 σημαινόντων·
3666 4422 3782 4474 δέον
3827 4420 4029 4473 εἰδέναι

770 4524 923 4585 labis,
956 4525 1303 4586 dictionibus.
1335 4528 1585 4598 scriptis,
1614 4531 1908 4600 verbisque
1952 4548 2052 4587 nos
2088 4534 2163 4588 uti
2212 4550 2343 4605 pro-

767 4625 885 4685 pter
910 4632 1122 4681 sensus,
1149 4619 1285 4671 adeo
1317 4628 1375 4674 ut
1403 4638 1523 4675 cum
1555 4622 1741 4675 anima
1780 4630 1965 4677 nostra
2001 4624 2337 4695 intelligendi

771 4706 1117 4760 facultatibus
1144 4707 1321 4762 fertur
1359 4710 1412 4763 in
1452 4727 1513 4765 ea
1544 4727 1665 4780 quae
1700 4713 1973 4767 intellectu
2027 4718 2339 4785 percipiun-

771 4802 877 4857 tur,
913 4803 1021 4848 tum
1072 4795 1276 4852 frustra
1309 4814 1501 4855 sensus
1538 4818 1640 4855 una
1677 4817 1801 4856 cum
1843 4803 2137 4859 sensilibus
2180 4808 2337 4860 adhi-

768 4888 1031 4952 beantur;
1081 4891 1222 4945 sicut
1272 4894 1437 4945 etiam
1498 4894 1644 4947 vires
1702 4895 2057 4965 intelligendi,
2118 4900 2333 4967 quando

770 4979 949 5032 anima
974 4978 1083 5045 jam
1114 4981 1398 5036 deiformis
1428 4983 1616 5038 ellecta
1648 5001 1741 5054 per
1773 4987 2006 5057 ignotam
2046 4988 2325 5056 unionem,

770 5068 908 5123 lucis
938 5071 1225 5128 inaccessae
1267 5074 1433 5128 radiis
1459 5076 1765 5131 exoculatis
1810 5079 1966 5147 quasi
2012 5077 2250 5145 jactibus
2280 5095 2339 5135 se

770 5160 983 5228 ingerit.
1014 5161 1244 5227 Quando
1272 5175 1455 5218 autem
1486 5182 1640 5221 mens
1668 5183 1768 5237 per
1791 5168 2006 5224 sensilia
2043 5173 2225 5226 studet
2273 5173 2336 5226 ad

770 5254 1243 5323 contemplatrices
1293 5256 1416 5312 illas
1466 5258 1857 5330 intelligentias
1900 5263 2159 5329 excitari,
2202 5280 2339 5334 prae-

839 5394 866 5432 ει
900 5383 1050 5440 Rom.
1080 5402 1155 5451 ιιι,
1180 5386 1268 5442 56.

2441 4526 2582 4582 κατά
2606 4528 2696 4580 τὸν
2742 4527 2898 4597 ὀρθὸν
2928 4524 3101 4593 λόγον,
3133 4525 3212 4576 ὅτι
3249 4521 3529 4591 στοιχείοις
3567 4521 3662 4573 xui.
3710 4519 4023 4582 συλλαϐαῖς,

2440 4622 2534 4674 xui
2559 4619 2757 4686 λέξεσι,
2796 4620 2888 4671 xui
2913 4621 3167 4688 γραφαῖς,
3200 4616 3294 4668 xui.
3322 4614 3499 4681 λόγοις
3531 4611 3789 4684 χρώμεθα
3814 4611 3903 4664 διὰ
3923 4611 4026 4674 τὰς

2439 4714 2736 4785 αἰσθήσεις,
2764 4714 2837 4775 ὡς
2864 4714 2992 4765 ὅταν
3023 4710 3177 4785 ἡμῶν
3207 4712 3238 4780 ἡ
3288 4706 3433 4778 ψυχὴ
3460 4711 3579 4769 ταῖς
3617 4710 3828 4776 νοεραῖς
3868 4707 4025 4777 ἐνερ-

2438 4808 2611 4877 γείαις
2636 4807 2726 4858 ἐπὶ
2745 4806 2813 4857 τὰ
2851 4803 3014 4873 νοητά
3046 4804 3297 4863 κινεῖται,
3332 4800 3580 4871 περιτταὶ
3629 4796 3767 4869 μετά
3811 4798 3919 4850 τῶν
3947 4800 4026 4851 αἱ·

2442 4897 2651 4969 σθητῶν
2682 4898 2737 4950 αἱ
2768 4895 3044 4966 αἰσθήσεις
3063 4910 3075 4923 ⁵
3103 4892 3291 4963 ῶσπερ
3316 4893 3408 4943 xui.
3431 4893 3485 4943 ui
3535 4890 3715 4961 νοεραί
3742 4888 4020 4953 δυνάμεις,

2442 4992 2569 5045 ὃταν
2632 4992 2664 5061 ἡ
2712 4989 2857 5059 ψυχὴ
2908 4987 3146 5057 θεοειδὴς
3204 4985 3466 5055 γινομένη
3526 4983 3590 5046 ⁸¹,
3645 4983 3712 5035 δι’
3776 4980 4022 5045 ὲνὼσεως

2440 5082 2717 5151 ἀγνώστου
2761 5084 2878 5144 ταῖς
2928 5080 3021 5134 τοῦ
3068 5077 3358 5150 ἀπροσίτου
3406 5076 3582 5146 φωτὸς
3641 5076 3853 5128 ἀκτῖσιν
3902 5077 4024 5126 ἑπι-

2442 5175 2633 5247 ϐἀλλῃ,
2660 5178 2778 5237 ταῖς
2812 5170 3143 5243 ἀνομμάτοις
3190 5168 3483 5230 ἐπιϐολαῖς.
3538 5168 3702 5219 Ὅταν
3736 5166 3801 5235 δὴ
3836 5170 3864 5219 6
3893 5164 4021 5225 νοῦς

2442 5266 2529 5319 διὰ
2555 5268 2661 5319 τῶν
2696 5265 2970 5335 αἰσθητῶν
2998 5262 3366 5317 ἁνακινεῖσθαι
3392 5260 3594 5331 σπεύδῃ
3625 5260 3760 5329 πρὸς
3806 5259 4020 5330 θεωρη-

2065 5504 2301 5563 ΥΑΒΙᾹΞ
2340 5508 2747 5567 LECTIONES.

844 5644 883 5667 "
1042 5639 1222 5731 auctis),
1280 5640 1337 5696 P.
1522 5645 1564 5675 "
1593 5645 1886 5731 ὁμοτίμων,
1942 5644 2010 5727 Μ.
2064 5643 2176 5731 βε..
2238 5648 2602 5731 ³³ιιιρείττοντιι,
2640 5650 2713 5731 Β..
2779 5650 2821 5679 ³⁵
2872 5650 2965 5701 xui
3005 5648 3150 5702 ἔστιν
3182 5650 3210 5701 ὁ
3242 5649 3401 5712 θεῖος,
3456 5649 3519 5707 Ρ.
3567 5648 3642 5727 ,³⁸
3670 5652 3961 5731 γεννητικῆ
3980 5670 4020 5713 δ,

775 5709 833 5761 1).
914 5710 1223 5796 tiu-unite»),
1247 5709 1679 5796 rupu).oY-qv,ntbc
1704 5709 1877 5796 oiput,
1912 5717 2254 5796 xui-eixuiov,
2290 5709 2352 5772 δέ
2428 5722 2467 5750 ³⁷
2504 5723 2561 5771 οὐ
2594 5709 2877 5785 θελόντων,
2918 5722 2973 5771 S.
3054 5723 3096 5752 ³⁸
3148 5709 3716 5791 ἐκφαντόρικωτέρων.
3794 5709 3835 5751 ³⁵
3854 5709 4019 5796 dvo-li;

771 5794 896 5840 τως,
930 5778 986 5830 D.
1065 5778 1339 5854 δοίέτέρων
1372 5802 1444 5849 τι,
1470 5778 1545 5838 Μ.
1577 5786 1665 5841 Sc.

1744 5789 1783 5816 ⁸⁵⁸
1823 5788 2109 5857 γενομένη,
2138 5786 2188 5839 Ι).
