4186 6308
194 366 302 426 709

1245 359 1331 413 DE
1365 356 1618 413 DlVlNlS
1647 353 2048 422 'NOMINIBUS,
2086 355 2241 412 CAP.
2279 352 2370 411 IV.

3335 359 3439 422 ἰω

184 480 349 547 cura;
376 481 610 553 νοήσεις,
646 477 966 550 τιμιώτεραι
1010 474 1226 538 πάντως
1257 476 1393 528 εἰσὶν
1420 475 1464 507 δ’
1487 474 1543 526 αἱ
1576 471 1765 544 ἐπιδη-

1871 470 2223 527 stantissimae
2251 469 2494 526 omnium
2516 478 2644 525 sunt
2665 471 3154 542 perspicacissimze
3176 490 3435 534 sensuum

185 574 404 645 λὸτεραι
426 572 536 626 τῶν
571 570 871 641 αἰσθήσεων
899 566 1370 639 διαπορθμεύσεις,
1417 567 1465 619 oi
1507 567 1770 636 σαφέστε-

189 685 276 740 ροι
305 663 549 734 λόγοι,τὰ
578 662 912 735 τρανέστερα
935 661 1044 714 τῶν
1065 660 1297 733 ὁρατῶν,
1333 660 1410 724 ὡς
1447 659 1573 713 ὅταν
1597 657 1769 731 ἀτρά-

186 776 332 813 vom
414 755 482 810 τὰ
515 747 898 828 παρακείμενα
927 756 1048 818 ταῖς
1079 752 1414 823 αἰσθήσεσιν,
1445 751 1565 804 οὐδὲ
1607 750 1770 806 αὐταὶ

183 851 266 921 τῷ
313 849 390 921 νῷ
430 848 781 921 παραστῆσαι
822 846 893 900 τὰ
933 843 1164 917 αἰσθητὰ
1204 845 1384 908 καλῶς
1429 843 1766 916 δυνήσονται.

186 942 339 1013 Πλὴν
370 941 457 994 ἵνα
477 940 550 1012 μὴ
582 938 755 992 ταῦτα
777 939 948 991 εἰπεῖν
971 936 1256 1008 δοκῶμεν,ι
1272 935 1349 1000 ὡς
1375 934 1445 988 τὰ
1473 935 1592 988 θεῖα
1611 935 1768 1004 λόγια

184 1032 639 1105 παρακινοῦντες,
673 1031 1021 1084 ἀκουέτωσαν
1050 1028 1229 1083 αὐτῶν
1263 1028 1310 1060 ⁴³
1341 1028 1391 1080 οἱ
1431 1027 1531 1099 τὴν
1567 1026 1770 1099 ἔρωτος

184 1123 506 1194 ἐπωνυμίαν
529 1121 920 1184 διαϐάλλοντες.
947 1118 1484 1189 Ἐράσθητιαὺτῆς,
1503 1117 1654 1190 φησὶ,
1669 1117 1772 1172 καὶ

183 1213 440 1283 τηρήσει
485 1228 588 1267 σε·
633 1210 1123 1280 περιχαράκωσον
1156 1207 1370 1276 αὐτὴν,
1404 1209 1502 1264 καὶ
1536 1208 1771 1278 ὑψώσει

182 1321 260 1360 σε
276 1322 290 1336 ο
318 1305 578 1375 τίμησον
601 1304 928 1374 αὐτὴν,ῖνιι
952 1318 1024 1357 σε
1044 1301 1331 1371 περιλάϐῃ
1351 1318 1366 1332 '
1398 1302 1492 1356 καὶ
1513 1302 1611 1355 ὅσα
1634 1300 1770 1356 ἄλλα

182 1397 328 1451 κατὰ
355 1396 456 1461 τὰς
492 1395 778 1469 ἱερωτικὰς
802 1393 1078 1462 θεολογίας
1101 1393 1146 1425 ⁸⁵
1175 1393 1442 1459 ὑμνεῖται.

1868 565 2237 635 trajectiones,
2266 574 2326 619 ut
2354 564 2681 634 apertissimi
2711 580 2989 625 sermones
3023 584 3087 624 ac
3117 568 3439 631 clarissima:

1865 657 2133 723 visiones;
2167 656 2388 726 quippe,
2432 656 2647 727 quando
2679 658 2770 716 illa
2795 673 2906 729 qua
2939 662 3189 719 sensibus
3225 661 3436 731 objecta

1867 759 1994 805 sunt
2015 748 2242 804 minime
2261 748 2497 818 liquent,
2521 757 2633 803 tum
2659 749 2847 819 utique
2876 766 3069 808 sensus
3101 768 3190 810 res
3209 753 3443 812 sensile:

1868 841 2036 897 menti
2084 841 2369 912 porrigere
2402 839 2624 897 minime
2669 852 2918 912 possunt.
2970 843 3078 901 Sed
3124 860 3192 901 ne
3220 846 3336 902 haec
3363 845 3442 901 di.-

1866 946 1993 988 cere
2021 933 2331 998 videamur,
2378 940 2440 986 ut
2465 930 2650 987 divina
2690 934 2894 1005 scripta
2941 934 3312 1001 immolemus.
3334 952 3444 1012 aug

1867 1025 2018 1080 diant
2042 1025 2130 1080 illa
2163 1026 2254 1095 qui
2285 1042 2484 1082 nomen
2504 1028 2723 1084 amoris
2760 1029 3121 1088 criminantur
3152 1049 3168 1085 :
3197 1034 3331 1089 Aum
3365 1029 3443 1092 ίιφ,

1867 1114 1999 1182 Ιοηι,
2047 1116 2246 1186 inquit,
2271 1128 2319 1172 et
2349 1118 2610 1172 custodiet
2643 1127 2692 1173 te
2721 1131 2740 1171 :
2775 1136 2898 1189 sepe
2924 1119 3077 1176 illam
3127 1131 3173 1174 et
3224 1123 3436 1177 extollet

1868 1215 1917 1261 te
1946 1220 1965 1259 :
2001 1207 2206 1262 honora
2236 1225 2372 1273 eam,
2415 1219 2472 1263 ut
2511 1210 2887 1280 complectatur
2919 1223 2968 1266 te
3002 1223 3023 1250 ι·
3061 1234 3073 1269 ;
3103 1222 3157 1267 et
3180 1229 3440 1284 quaecun-

1867 1313 1971 1368 que
2000 1298 2105 1354 alia
2137 1300 2193 1356 in
2234 1300 2510 1357 amatoriis
2540 1305 2606 1358 de
2638 1303 2747 1359 Deo
2775 1305 3123 1361 sermonibus
3154 1307 3439 1361 celebran-

1866 1402 1978 1449 tur.

1736 1505 1762 1579 δ
1792 1504 1937 1567 xu.

258 1656 450 1711 Καίτοι
478 1655 623 1724 ἕδοξέ
656 1672 769 1708 τισι
796 1655 907 1708 τῶν
954 1655 1073 1709 καθ’
1100 1655 1245 1727 ἡμᾶς
1278 1652 1565 1725 ίερολόγων
1593 1651 1688 1704 καὶ
1715 1650 1760 1682 ⁸⁵

1936 1651 2100 1725 Atqui
2148 1655 2320 1714 visum
2371 1667 2457 1715 est
2511 1659 2839 1730 quihusdam
2904 1665 3110 1720 nostris
3160 1681 3438 1737 sacrarum

178 1751 460 1821 θειότερον
490 1747 628 1802 εἶναι
655 1749 715 1802 τὺ
735 1747 828 1801 τοῦ
860 1747 1059 1820 ἔρωτος
1082 1746 1251 1818 ὄνομα
1275 1745 1370 1799 τοῦ
1395 1745 1498 1815 τῆς
1520 1744 1759 1814 ἀγάπης.

1870 1740 2274 1813 Scripturarum
2304 1751 2714 1817 tractatoribus,
2749 1767 2947 1809 nomen
2978 1756 3185 1811 amoris
3203 1758 3442 1820 divinius

177 1844 394 1916 Γράφει
422 1843 477 1896 δὲ
507 1843 601 1896 καλ⁷
618 1844 646 1895 ό
673 1842 814 1906 θεῖος
846 1841 1133 1911 Ἰγνάτιοςο
1163 1839 1222 1892 Ὀ
1244 1838 1386 1908 ἐμὸς
1397 1836 1766 1906 ἕρωςέσταύ-

168 1955 382 2007 ponat.
414 1936 522 1989 Καὶ
553 1936 609 1988 ὲν
629 1938 747 1999 ταῖς
777 1932 1216 2006 προεισαγωγαῖς
1243 1929 1352 1983 τῶν
1386 1928 1580 1998 λογίων
1600 1927 1765 1999 εὑρή-

177 2047 300 2095 σεις
347 2028 470 2082 τινὰ
493 2028 720 2098 λέγοντα
755 2027 882 2100 περὶ
912 2027 1010 2094 τῆς
1045 2024 1194 2088 θείας
1219 2023 1444 2092 Σοφίας·
1477 2018 1767 2090 Ἐραστὴς

173 2124 480 2195 ἐγενόμην
508 2124 612 2178 τοῦ
652 2121 918 2187 κάλλους
968 2119 1178 2187 αὐτῆς.
1208 2119 1370 2171 Ὥστε
1400 2115 1558 2171 τοῦτο
1597 2116 1661 2188 δὴ
1704 2114 1767 2168 τὸ

171 2214 280 2270 τοῦ
318 2217 520 2288 ἔρωτος
547 2216 717 2287 ὄνομα
757 2215 830 2286 μὴ
883 2212 1205 2285 φοϐηθῶμεν
1238 2212 1304 2277 ⁸⁸,
1341 2208 1473 2282 μηδέ
1506 2227 1589 2274 τις
1619 2208 1765 2281 ἡμᾶς

174 2309 487 2383 Θορυϐείτω
537 2308 694 2376 λόγος
739 2308 868 2378 περὶ
926 2306 1115 2359 τούτου
1168 2304 1550 2376 δεδιττόμενος.
1612 2304 1766 2376 Ἐμοὶ

174 2405 295 2475 γὰρ
319 2401 566 2456 δοκοῦσιν
590 2402 637 2454 οἱ
683 2396 922 2470 θεολόγοι
949 2400 1128 2453 κοινὸν
1167 2400 1262 2470 μὲν
1289 2397 1537 2469 ἡγεῖσθαι
1563 2396 1624 2450 τδ
1664 2397 1765 2466 τῆς

174 2500 427 2568 ἀγάπης,
456 2497 550 2550 καὶ
574 2495 634 2549 τὸ
670 2494 764 2548 τοῦ
812 2493 1009 2566 ἔρωτος
1034 2492 1221 2564 ὄνομα,
1250 2491 1338 2546 διὰ
1379 2490 1538 2545 τοῦτο
1562 2490 1620 2543 δὲ
1655 2491 1766 2553 τοῖς

177 2587 352 2651 θείοις
373 2586 565 2658 μᾶλλον
589 2583 860 2638 ἀναθεῖναι
884 2581 973 2635 τὸν
993 2581 1162 2644 ὄντως
1197 2580 1394 2651 ἔρωτα,
1412 2579 1500 2633 διὰ
1517 2578 1614 2650 τὴν
1642 2574 1766 2632 ἆτο-

176 2699 288 2738 πον
325 2680 434 2734 τῶν
454 2677 707 2732 τοιούτων
740 2675 947 2746 ἀνδρῶν
984 2673 1272 2746 πρόληψιν.
1302 2671 1632 2744 Θεοπρεπῶς
1655 2670 1764 2743 γὰρ

182 2772 280 2827 τοῦ
296 2771 463 2836 ὅπως
485 2770 702 2841 ἔρωτος,
720 2767 819 2838 οὐχ
841 2765 931 2834 ὑφ’
965 2765 1120 2836 ήμῶν
1150 2763 1329 2836 μόνον,
1355 2762 1490 2815 ἀλλὰ
1513 2758 1608 2814 καὶ
1630 2759 1764 2832 πρὸς

179 2866 296 2920 τῶν
322 2863 515 2933 λογίων
557 2859 736 2915 αὐτῶν
767 2861 934 2930 ὕμνου
945 2859 1125 2931 μένου,
1152 2857 1222 2910 τὰ
1264 2853 1440 2926 πλήθη
1487 2852 1559 2926 μὴ
1586 2853 1766 2924 χωρή-

181 2974 362 3011 σαντα
385 2955 446 3007 τδ
491 2953 715 3015 ἐνοειδὲς
756 2951 854 3022 τῆς
882 2949 1149 3022 ἐρωτικῆς
1191 2944 1514 3016 θεωνυμίας,
1551 2943 1764 3006 οἰκείως

181 3050 401 3111 ἑαυτοῖς
426 3047 517 3099 ἐπὶ
539 3044 630 3098 τὸν
656 3042 909 3116 μεριστὸν
927 3042 1017 3095 καὶ
1042 3038 1445 3111 σωματοπρεπῆ
1466 3035 1558 3090 καὶ
1583 3035 1764 3107 διῃρη-

1871 1849 1995 1890 esse
2020 1851 2184 1905 quam
2217 1853 2417 1899 nomen
2448 1841 2779 1899 dilectionis.
2811 1845 3016 1902 Scribit
3044 1849 3188 1903 enim
3223 1850 3442 1907 divinus

1868 1923 2108 1997 lgnatius
2140 1945 2158 1984 :
2210 1948 2229 1982 ι
2264 1929 2414 1988 Meus
2441 1949 2599 1989 amor
2628 1937 2927 1994 cruciﬁxus
2960 1949 3066 1994 est.
3102 1959 3121 1992 ι
3149 1941 3218 2000 Et
3264 1942 3319 1997 in
3373 1943 3444 1998 iis

1867 2034 1991 2088 quae
2037 2022 2242 2078 aditum
2295 2025 2364 2080 ad
2408 2026 2749 2096 Scripturam
2782 2040 3108 2097 praeparant,
3150 2034 3441 2102 quemdam

1868 2112 2116 2170 invenies
2131 2115 2195 2169 de
2219 2116 2400 2172 divina
2429 2117 2707 2188 Sapientia
2739 2121 2994 2186 aientem,
3021 2125 3242 2177 Amator
3266 2125 3441 2194 factus

1864 2221 1982 2260 sum
2022 2208 2211 2276 [arma
2260 2209 2403 2263 illius
2433 2223 2481 2264 ι.
2515 2212 2698 2277 Quare
2725 2227 2791 2268 ne
2824 2225 3046 2283 propter
3089 2217 3192 2270 hoc
3243 2232 3439 2272 nomen

1870 2298 2076 2353 amoris
2109 2307 2456 2366 metuamus;
2486 2318 2588 2358 nec
2621 2304 2762 2359 ullus
2790 2304 2858 2359 de
2884 2305 2985 2360 hoc
3023 2308 3246 2361 nomine
3275 2306 3444 2379 360

1867 2402 2049 2443 sermo
2088 2405 2189 2447 nos
2217 2403 2452 2456 moveat,
2481 2401 2574 2446 aut
2603 2403 2826 2453 terreat.
2854 2395 2985 2450 Mihi
3014 2397 3159 2451 enim
3185 2398 3440 2452 videntur

1871 2480 2109 2552 theologi
2149 2483 2507 2540 existimasse
2533 2487 2750 2556 quidem
2779 2503 3068 2543 commune
3095 2504 3292 2545 nomen
3322 2505 3443 2544 esse

1868 2574 2073 2629 amaris
2123 2582 2178 2629 et
2225 2576 2553 2642 dilectionis,
2583 2579 2676 2634 sed
2712 2579 3031 2636 attribuisse
3060 2581 3258 2637 divinis
3291 2579 3443 2636 Scri-

1870 2666 2048 2736 pturis
2071 2681 2261 2721 verum
2297 2683 2539 2723 amorem
2571 2680 2792 2740 propter
2819 2671 3128 2739 hujusmodi
3157 2673 3438 2728 hominum

1871 2762 2083 2828 turpem
2132 2760 2334 2814 mentis
2379 2759 2842 2830 anticipationem.
2907 2763 3042 2819 Cum
3089 2765 3234 2818 enim
3278 2780 3442 2819 verus

1870 2864 2026 2904 amor
2051 2865 2157 2904 non
2200 2866 2230 2904 a
2279 2854 2434 2908 nobis
2457 2853 2656 2920 solum,
2681 2856 2774 2910 sed
2800 2855 2868 2910 ab
2902 2857 3034 2926 ipsis
3062 2857 3269 2911 sanctis
3292 2855 3443 2911 Scri-

1867 2944 2065 3013 pturis,
2096 2953 2154 2999 ut
2187 2945 2351 3001 Deum
2387 2948 2566 3012 decet,
2597 2949 2868 3015 laudetur,
2912 2951 3104 3022 vulgus
3133 2951 3440 3018 hominum,

1867 3051 1988 3090 cum
2019 3053 2125 3092 non
2152 3040 2485 3110 percepisset
2527 3040 2670 3096 illam
2705 3043 3134 3099 uniformitatem
3163 3059 3326 3111 quam
3356 3047 3440 3098 tli-

185 3142 351 3214 μὲνον
382 3105 796 3208 τὲξωλίσθηοαν,
826 3138 903 3199 ὡς
946 3133 988 3164 ⁸⁷
1031 3105 1137 3186 οὐκ.
1172 3105 1320 3182 ἔστιν
1358 3105 1562 3197 ἁληθῆς

1869 3126 2052 3180 vinum
2087 3144 2284 3184 nomen
2336 3133 2539 3187 amoris
2567 3132 2864 3202 signiﬁcat,
2908 3137 3295 3191 convenienter
3333 3137 3438 3191 sibi

180 3226 304 3282 ἀλλ’
336 3225 568 3289 εἴδωλον,
597 3224 628 3294 ἢ
661 3224 858 3295 μᾶλλον
886 3222 1159 3284 ἔκπτωσις
1183 3219 1276 3274 τοῦ
1320 3219 1486 3282 ὅντως
1529 3217 1727 3288 ἔρωτος
1746 3233 1759 3246 ·

179 3317 470 3391 ὰχώρητον
501 3317 543 3349 ⁸⁸
569 3318 676 3388 γάρ
701 3317 816 3369 ἐστι
861 3313 937 3385 τῷ
965 3314 1157 3385 πλήθει
1182 3314 1242 3366 τὸ
1269 3314 1466 3364 ἑνιαῖον
1495 3310 1586 3362 τοῦ
1619 3309 1761 3362 θείου

182 3410 284 3463 καὶ
311 3409 427 3472 ἐνὸς
457 3407 656 3479 ἔρωτος
675 3425 687 3437 ·
703 3406 781 3459 διδ
809 3407 903 3459 καὶ
927 3406 1000 3469 ὼς
1025 3404 1441 3476 δυσχερέστερον
1459 3403 1626 3474 ὄνομα
1651 3404 1764 3466 τοῖς

184 3500 404 3562 πολλοῖς
448 3497 660 3561 δοκοῦν,
705 3499 797 3549 ἐπὶ
844 3497 941 3568 τῆς
989 3493 1138 3559 θείας
1189 3494 1378 3564 σοφίας
1421 3495 1670 3547 τάττεται
1695 3493 1762 3553 ⁸⁵9,

183 3593 327 3663 πρὸς
352 3589 636 3661 ἀναγωγὴν
662 3587 841 3642 αὐτῶν
869 3588 963 3641 καὶ
990 3587 1282 3640 ἀνάστασιν
1308 3587 1386 3648 είς
1429 3584 1526 3654 τὴν
1553 3582 1646 3637 τοῦ
1674 3583 1762 3636 δν-

180 3700 298 3747 τως
348 3682 544 3753 ἔρωτος
570 3679 790 3749 γνῶσιν,
840 3680 931 3731 καὶ
982 3678 1121 3731 ὥστε
1169 3676 1496 3747 ἀπολυθῆναι
1535 3677 1635 3747 τῆς
1677 3675 1763 3728 ἐπ’

183 3773 338 3845 αύτῷ
357 3773 671 3845 δυσχερείας
693 3788 706 3801 ·
733 3772 816 3840 ἐφ’
842 3771 874 3842 ή
884 3769 998 3840 μῶν
1021 3769 1076 3822 δὲ
1102 3764 1274 3830 αὖθις,
1303 3767 1431 3821 ἔνθα
1453 3769 1546 3821 καὶ
1567 3765 1764 3822 ἄτοπόν

182 3884 239 3919 τι
287 3863 540 3931 πολλάκις
566 3859 633 3935 ἦν
659 3863 904 3933 οἰηθῆναι
949 3862 1073 3924 τοὺς
1100 3859 1470 3930 χαμαιζήλους
1517 3859 1658 3912 κατὰ
1703 3859 1764 3912 τὸ

183 3955 379 4012 δοκοῦν
403 3956 538 4026 εύφη
549 3954 790 4025 μότερον.
829 3951 1132 4016 Ἐπέπεσε,
1156 3951 1238 4015 τίς
1269 3968 1452 4024 φησιν,
1476 3951 1514 4019 ὴ
1539 3950 1765 4020 ἀγάπη-

185 4046 293 4112 σις
313 4060 428 4100 σου
455 4044 546 4098 ἐπ’
562 4044 668 4113 ἐμὲ
695 4044 772 4109 ὡς
795 4044 834 4111 ἡ
853 4042 1154 4113 ἀγάπησις
1176 4041 1284 4094 τῶν
1308 4040 1623 4110 γυναικῶν.
1645 4041 1765 4093 Ἐπὶ

187 4139 302 4200 τοῖς
343 4135 517 4208 ὀρθῶς
563 4134 672 4188 τῶν
717 4134 874 4187 θείων
919 4133 1287 4204 ἀκροωμένοις
1333 4134 1424 4186 ἐπὶ
1470 4133 1568 4203 τῆς
1595 4131 1764 4200 αὐτῆς

184 4226 472 4298 δυνάμεως
494 4228 742 4281 τάττεται
771 4226 907 4298 πρὸς
938 4225 1046 4278 τῶν
1067 4224 1227 4296 ἱερῶν
1254 4225 1518 4294 θεολόγων
1564 4226 1625 4279 τὸ
1664 4225 1763 4296 τῆς

188 4319 412 4389 ἀγάπης
439 4320 532 4371 καὶ
558 4319 618 4371 τὸ
642 4320 686 4351 ⁸ο
715 4320 808 4372 τοῦ
840 4318 1037 4391 ἔρωτος
1085 4319 1256 4389 ὄνομα
1283 4318 1422 4372 κατὰ
1471 4317 1570 4382 τὰς
1614 4317 1764 4381 θείας

1867 3223 1933 3278 ad
1968 3237 2210 3278 amorem
2265 3225 2545 3294 patibilem
2591 3236 2646 3280 et
2676 3240 3000 3296 corporeum
3045 3237 3209 3298 atque
3239 3233 3438 3287 distra-

1865 3326 2010 3368 ctum
2042 3315 2322 3385 delapsum
2354 3326 2459 3382 est,
2503 3319 2595 3388 qui
2644 3336 2751 3376 non
2782 3329 2867 3375 est
2899 3337 3058 3377 verus
3096 3338 3287 3390 amor,
3329 3331 3440 3400 sed

1868 3404 2066 3473 imago,
2097 3407 2180 3462 vel
2234 3408 2412 3477 potius
2447 3409 2630 3479 lapsus
2657 3426 2686 3465 a
2717 3427 2846 3467 vero
2877 3430 3098 3481 amore;
3148 3417 3439 3471 multitudo

1868 3495 2010 3549 enim
2045 3511 2148 3551 non
2201 3507 2378 3567 potest
2404 3502 2734 3570 cogitatione
2757 3519 2953 3573 capere
2986 3505 3114 3559 illud
3160 3506 3441 3576 singulare

1867 3586 2035 3644 divini
2069 3600 2124 3644 et
2154 3590 2317 3645 unius
2369 3594 2606 3661 amoris;
2653 3596 3007 3663 quamobrem
3044 3607 3302 3666 tanquam
3337 3614 3437 3650 no-

1866 3696 2012 3746 men,
2044 3683 2187 3752 quod
2210 3684 2372 3753 vulgo
2405 3685 2618 3740 videtur
2662 3687 2873 3754 durius,
2909 3688 3130 3757 ponitur
3157 3691 3208 3744 in
3258 3689 3438 3746 divina

1867 3775 2172 3844 Sapientia,
2203 3787 2260 3829 ut
2291 3776 2479 3845 vulgus
2534 3778 2600 3831 ad
2659 3779 3020 3849 cognitionem
3071 3783 3183 3836 veri
3235 3783 3439 3836 amoris

1866 3869 2108 3923 elevetur
2135 3877 2192 3922 et
2231 3870 2476 3938 erigatur
2506 3879 2561 3924 et
2584 3871 2653 3926 ab
2679 3885 2767 3935 ea,
2800 3888 2963 3941 quam
2997 3873 3070 3928 illi
3106 3874 3287 3930 inesse
3307 3891 3440 3930 cou-

1865 3961 2015 4029 cipit,
2042 3960 2347 4018 indecentia
2380 3960 2646 4016 liberetur
2674 3980 2688 4017 :
2714 3973 2769 4018 et
2815 3965 2868 4018 in
2904 3966 3061 4020 nobis
3096 3981 3307 4033 rursus,
3343 3969 3434 4023 ubi

1865 4069 2242 4124 sapenumero
2275 4054 2479 4124 aliquid
2509 4053 2804 4118 absurdum
2831 4058 3082 4114 homines
3102 4069 3262 4114 terra
3292 4060 3438 4117 aﬂixi

1867 4149 2108 4216 cogitare
2137 4157 2386 4217 possent,
2435 4148 2659 4219 ponitur
2707 4163 2904 4204 nomen
2959 4154 3104 4220 quod
3154 4153 3440 4210 honestius

1866 4237 2098 4290 videtur.
2140 4236 2363 4303 Cecidit,
2402 4238 2481 4293 ait
2523 4239 2769 4308 quidam,
2809 4240 3021 4294 dilectio
3080 4253 3172 4297 tua
3224 4245 3281 4297 in
3335 4262 3438 4307 me.

1863 4329 2001 4382 sicut
2048 4329 2261 4383 dilectio
2305 4329 2583 4384 mulierum
2616 4331 2673 4386 αξ
2706 4332 2962 4400 quoniam
3010 4334 3150 4389 sacri
3204 4335 3439 4405 theologi

184 4410 568 4480 ὲκφαντορίας.
598 4411 708 4463 Καὶ
735 4410 846 4463 ἐστι
875 4411 1030 4464 τοῦτο
1072 4411 1352 4481 δυνάμεως
1380 4409 1624 4463 ἑνοποιοῦ
1670 4409 1764 4462 καὶ

1869 4434 2065 4478 nomen
2121 4420 2426 4475 dilectionis
2475 4431 2530 4476 et
2580 4425 2784 4477 amoris
2829 4424 3089 4479 adhibent
3137 4426 3438 4479 secundum

191 4503 528 4573 συνδετικῆς,
592 4505 686 4557 καὶ
737 4504 1104 4576 διαφερόντως
1157 4505 1522 4575 συγκρατικῆς
1584 4506 1642 4557 ἐν
1687 4502 1765 4574 τῷ

1870 4513 2084 4568 divinas
2111 4513 2469 4578 elocutiones,
2502 4523 2558 4567 ut
2594 4518 2838 4569 eamdem
2867 4516 2978 4570 vim
3030 4517 3267 4572 habeant
3296 4520 3437 4586 apud

187 4593 343 4666 καλῷ
369 4596 460 4647 καί
486 4595 692 4664 ἀγαθῷ,
719 4595 808 4648 διὰ
855 4596 914 4648 τὸ
956 4595 1118 4648 καλὸν
1162 4596 1256 4649 καὶ
1293 4595 1493 4664 ἀγαθὸν
1533 4599 1765 4666 προῦφε-

1871 4617 1967 4659 eos
1997 4605 2089 4673 qui
2141 4605 2321 4659 divina
2356 4614 2506 4661 recte
2544 4607 2789 4662 audiunt.
2838 4607 3043 4678 Estque
3092 4611 3192 4664 hoc
3217 4611 3442 4665 virtutis

190 4686 429 4759 στώσης,
453 4689 547 4741 καὶ
565 4690 627 4741 ὲκ
646 4687 741 4740 τοῦ
763 4687 928 4742 καλοῦ
949 4689 1043 4742 καὶ
1063 4688 1269 4757 ἀγαθοῦ
1293 4688 1380 4741 διὰ
1404 4688 1464 4741 τὸ
1491 4689 1652 4742 καλὸν
1674 4688 1765 4741 καὶ

1874 4697 2155 4768 cujusdam
2181 4697 2396 4753 uniﬁcaa
2420 4713 2484 4753 ac
2520 4698 2820 4754 collectiva:
2851 4701 3286 4772 excellenterque
3309 4720 3442 4758 con-

190 4777 397 4846 ἀγαθὸν
440 4777 806 4848 ὲκδιδομένης,
847 4779 939 4831 καὶ
960 4778 1287 4848 συνεχούσης
1309 4777 1406 4849 μὲν
1430 4777 1497 4832 τὰ
1523 4780 1764 4851 ὁμοταγῆ

1875 4790 2252 4858 temperantis,
2283 4804 2402 4860 quae
2431 4790 2485 4843 in
2514 4790 2742 4861 pulchro
2768 4801 2824 4847 et
2857 4792 2998 4848 bono
3027 4808 3124 4862 per
3150 4794 3436 4864 pulchrum

189 4866 337 4920 κατὰ
363 4865 461 4937 τὴν
486 4869 807 4935 κοινωνικὴν
832 4869 875 4900 ⁸¹
905 4867 1284 4939 ἀλληλουχίαν,
1314 4869 1568 4940 κινούσης
1594 4870 1652 4923 δὲ
1697 4869 1765 4923 τὰ

1871 4889 1927 4934 et
1957 4882 2153 4934 bonum
2179 4881 2531 4949 praecxsistit,
2558 4890 2610 4936 et
2633 4896 2697 4936 ex
2727 4884 2952 4952 pulchro
2978 4892 3032 4939 et
3055 4884 3198 4940 bono
3222 4898 3440 4956 propter

189 4958 389 5030 πρῶτα
406 4959 539 5029 πρὸς
549 4957 646 5028 τὴν
661 4957 770 5011 τῶν
787 4958 1090 5030 ὑφειμένων
1103 4959 1377 5030 πρόνοιαν,
1394 4961 1485 5013 καὶ
1498 4960 1767 5032 ἐνιδρυού-

194 5067 298 5124 σης
341 5050 410 5102 τὰ
458 5049 852 5121 καταδεέστερα
900 5053 966 5122 τῇ
1019 5052 1318 5123 ἐπιστροφῇ
1361 5055 1473 5116 τοῖς
1536 5053 1768 5124 ὑπερτέ-

195 5157 332 5212 ροις.

1870 4974 2156 5041 pulchrum
2207 4983 2262 5030 et
2303 4975 2503 5029 bonum
2553 4987 2792 5042 emanat,
2823 4980 3175 5050 continetque
3218 4980 3438 5048 quidem

1867 5065 2094 5133 aequalia
2128 5079 2224 5134 per
2251 5076 2493 5122 mutuam
2539 5069 2956 5136 connexionem,
2995 5071 3274 5139 superiora
3310 5086 3440 5126 vero

1869 5157 1937 5212 ad
1967 5158 2288 5214 inferiorum
2321 5168 2504 5215 movet
2543 5161 2959 5229 providentiam,
2991 5162 3250 5216 inferiora
3274 5178 3442 5233 porro

1869 5265 1967 5319 per
2023 5252 2438 5308 conversionem
2499 5254 2796 5324 quamdam
2850 5255 3225 5325 superioribus
3291 5256 3439 5310 insc-

1871 5341 1961 5396 rit.

867 5443 886 5469 ⁸
925 5431 1048 5506 Sap.
1076 5447 1195 5498 vm,
1227 5433 1281 5488 2.
1365 5433 1447 5488 ill
1482 5433 1612 5506 Reg.
1643 5452 1688 5499 ι,
1712 5436 1801 5489 26.

1494 5551 1724 5608 VARUE
1757 5552 2157 5610 LECTIONES.

273 5666 317 5699 "
348 5669 581 5733 πάντως,
615 5666 675 5721 Ρ.
829 5668 1145 5742 ᾖξαύτήν,
1179 5670 1243 5723 Μ.
1286 5670 1375 5724 Sc.
1454 5669 1850 5742 “bealoytxd;
1890 5673 2219 5742 ἐρωτήσεις,
2251 5671 2305 5726 S.
2377 5671 2427 5742 7"
2455 5672 2549 5724 καί
2583 5685 2685 5724 non
2724 5681 2807 5724 est
2854 5671 2904 5725 in
2940 5672 2996 5725 S.
3076 5672 3118 5701 “
3146 5671 3218 5742 μὴ
3265 5669 3444 5740 e066).-

276 5739 360 5804 θα,
392 5740 447 5792 S.
490 5741 548 5791 D.
647 5740 690 5769 ⁵⁷
718 5738 793 5802 ὃς,
1009 5737 1075 5794 Ι).
1100 5743 1187 5796 Sc.
1285 5743 1328 5772 "8
1359 5739 1726 5812 ἀναχώρητον,
1760 5742 1823 5795 Μ.
1906 5737 1948 5773 ⁸⁷³
1977 5737 2218 5807 τέταται,
2252 5746 2334 5808 D.,
2368 5741 2538 5797 forte.
2579 5743 2856 5796 τέτακται.
2937 5744 2981 5773 ⁵ο
3013 5743 3071 5794 τό
3118 5737 3222 5797 non
3257 5737 3338 5796 est
3387 5759 3440 5797 tn

288 5809 344 5863 Ρ.
380 5812 440 5863 υ.
522 5809 563 5840 ⁵¹
593 5814 794 5863 κοινήν.
865 5850 874 5862 .
945 5847 960 5863 .

249 5850 263 5864 .
288 5809 344 5866 l’.
380 5812 440 5865 υ.
522 5809 563 5840 ⁵¹
593 5814 794 5880 κοινήν,
819 5809 874 5863 S.
912 5809 960 5863 Ρ.

288 5441 311 5472 ι’
347 5432 504 5488 Prov.
533 5447 606 5495 ιγ,
643 5430 695 5494 6,
733 5430 786 5488 8.
