4186 6308
700 376 799 433 7H

1880 370 1938 427 S.
1974 369 2281 429 DIONYSII
2318 363 2789 430 ΑΒΕΟΡΑΕΠᾸΞ

3892 379 4001 439 τισι

2203 518 2232 591 §
2267 515 2446 578 XIII.

772 661 870 719 Est
912 668 1180 734 praeterea
1231 661 1453 718 divinus
1500 673 1656 717 amor
1676 659 2004 729 exstaticus,
2034 663 2129 734 qui
2178 677 2289 717 non
2318 676 2362 735 Α

689 757 833 813 sinit
863 770 989 811 esse
1022 772 1152 812 suos
1186 770 1284 812 eos
1310 756 1402 828 qui
1450 764 1581 812 sunt
1624 766 1925 823 amatores,
1955 757 2050 813 sed
2094 771 2286 813 eorum

700 864 843 922 quos
864 859 1074 905 amant.
1099 850 1279 920 Atque
1306 850 1407 905 ltoc
1435 848 1720 905 declarant
1741 848 1962 918 quidem
1982 850 2287 920 superiora,

701 961 827 1016 qua:
853 943 1179 999 inferiorum
1207 944 1366 1009 nunt,
1388 957 1487 1013 per
1510 942 1827 999 eorumdem
1853 943 2288 1014 providentiam;

701 1044 758 1089 et
787 1049 914 1106 qua
960 1032 1204 1103 ejusdem
1239 1036 1461 1106 generis
1492 1045 1645 1102 sunt,
1690 1049 1790 1105 per
1832 1044 2077 1091 mutuam
2110 1034 2293 1093 cohae-

705 1126 978 1191 rentiam;
1014 1134 1068 1180 et
1100 1125 1386 1191 inferiora,
1426 1139 1526 1195 per
1550 1124 1878 1180 diviniorcm
1903 1126 1971 1179 ad
2000 1123 2289 1195 superiora

702 1216 1141 1272 conversionem.
1194 1214 1351 1271 Unde
1401 1216 1623 1271 divinus
1678 1215 1878 1273 Paulus
1940 1216 2128 1273 divino
2182 1217 2291 1271 ism

703 1322 893 1364 amore
914 1317 1132 1379 captus,
1148 1318 1206 1364 et
1226 1307 1450 1363 virtutis
1480 1310 1765 1365 exstatica:
1786 1311 2067 1382 particeps
2088 1311 2289 1378 factus,

704 1401 890 1456 divino
920 1416 1018 1455 ore
1040 1400 1120 1455 ait
1151 1418 1169 1455 :
1212 1398 1341 1455 Vivo
1365 1417 1481 1471 ego,
1502 1400 1619 1470 jam
1653 1418 1757 1456 non
1782 1418 1897 1473 ego,
1928 1403 2051 1458 sivit
2084 1420 2205 1458 vero
2236 1402 2292 1457 in

705 1510 785 1547 me
819 1492 1065 1547 Christus
1103 1504 1172 1557 ιις
1204 1502 1465 1563 tanquam
1498 1509 1660 1551 verus
1695 1506 1931 1561 amator,
1961 1504 2017 1553 et
2054 1498 2146 1568 qui
2197 1513 2292 1553 ex-

704 1585 894 1651 cessit,
943 1595 1004 1642 ut
1053 1584 1171 1656 ipse
1200 1585 1298 1649 ait,
1336 1587 1472 1651 Deo,
1506 1596 1565 1641 et
1598 1602 1710 1643 non
1756 1588 1870 1659 jam
1899 1590 2065 1643 vitam
2114 1602 2292 1653 suam,

702 1677 799 1731 sed
833 1676 1002 1731 amati
1059 1685 1322 1744 tanquam
1379 1676 1735 1732 vehementer
1771 1678 2033 1733 dilectam
2078 1680 2289 1734 vivens.

702 1768 1030 1824 Audendum
1060 1780 1146 1824 est
1170 1771 1276 1823 hoc
1307 1769 1479 1823 etiam
1517 1785 1615 1840 pro
1642 1770 1901 1837 veritate,
1937 1771 2120 1828 dicere
2145 1772 2291 1842 quod

712 1864 946 1933 ipsemet
996 1864 1243 1918 omnium
1294 1872 1505 1927 auctor,
1559 1864 1789 1934 pulchro
1831 1863 1990 1935 381
2049 1873 2105 1920 et
2147 1865 2292 1920 bono

702 1954 945 2008 omnium
1002 1967 1209 2019 autem,
1280 1962 1509 2023 propter
1573 1954 1960 2011 excellentiam
2020 1969 2291 2010 summam

2469 664 2626 717 Ἐστι
2647 663 2706 718 δέ
2731 664 2825 718 καὶ
2851 662 3172 729 ἐκστατικὺς
3194 666 3223 719 ὀ
3247 664 3390 729 θεῖος
3415 664 3576 738 ἔρως,
3600 665 3705 720 οὐκ
3728 664 3836 721 ἐῶν
3860 665 3997 723 ἐαυ-

2394 757 2506 811 τῶν
2558 754 2699 813 εἶναι
2722 758 2850 822 τοὺς
2886 755 3145 827 ἐραστὰς,
3181 756 3317 811 ἀλλὰ
3351 756 3459 811 τῶν
3517 758 3831 830 ἐρωμένων.
3883 761 3998 815 Καὶ

2392 850 2636 920 δηλοῦσι,
2672 849 2741 904 τὰ
2788 849 2889 921 μὲν
2936 848 3212 923 ὑπέρτερα
3248 850 3351 920 τῆς
3398 851 3656 919 προνοίας
3690 851 3996 923 γιγνόμενα

2392 944 2504 997 τῶν
2530 944 2971 1015 καταδεεστέρων
2994 960 3008 974 ·
3037 945 3133 999 καὶ
3178 943 3249 997 τὰ
3285 944 3577 1015 ὁμόστοιχα
3601 945 3701 1015 τῆς
3743 943 3996 1015 ἀλλήλων

2396 1034 2631 1106 συνοχῆς
2650 1052 2664 1065 ο
2690 1036 2785 1089 καὶ
2808 1035 2877 1089 τὰ
2903 1034 3171 1107 ὑφειμένα
3195 1034 3296 1103 τῆς
3323 1033 3461 1105 πρὸς
3483 1034 3553 1087 τὰ
3579 1033 3771 1105 πρῶτα
3796 1032 3998 1087 θειοτέρ-

2398 1144 2500 1197 ρας
2528 1126 2889 1198 ἐπιστροφῆς.
2917 1127 3009 1180 Διὸ
3034 1127 3129 1181 καὶ
3160 1123 3372 1189 Παῦλος
3415 1126 3444 1178 ὁ
3474 1125 3669 1197 μέγας,
3697 1126 3758 1179 ἐν
3781 1126 3993 1196 κατοχῇ

2392 1221 2489 1273 τοῦ
2514 1220 2661 1274 θείου
2688 1220 2929 1290 γεγονὼς
2956 1220 3178 1292 ἔρωτος,
3209 1222 3303 1274 καὶ¹
3340 1219 3440 1291 τῆς
3466 1219 3797 1291 ἐκστατικῆς
3822 1219 3994 1275 αὑτοῦ

2393 1313 2677 1382 δυνάμεως
2704 1310 3067 1385 μετειληφὼς,
3095 1310 3265 1382 ἐνθέῳ
3294 1310 3544 1383 στόματιδ
3572 1310 3665 1365 Ζῶ
3695 1310 3833 1381 ἐγὼ,
3884 1328 3995 1382 φη-

2405 1408 2492 1461 σιν
2517 1448 2531 1471 ,
2556 1407 2669 1459 οὐκ
2694 1408 2803 1469 ἐτι,
2840 1402 2906 1473 ζῇ
2930 1404 2998 1458 δὲ
3028 1406 3097 1459 ἐν
3123 1404 3251 1475 ἐμοὶ
3296 1406 3550 1472 Χριστός
3567 1420 3581 1433 ⁸
3611 1403 3687 1467 ὡς
3716 1404 3925 1477 ἀληθὴς
3947 1404 3995 1435 η

2393 1499 2630 1574 ἐραστὴς
2657 1500 2751 1553 καὶ
2774 1497 3103 1569 ἐξεστηκὼς,
3133 1498 3209 1563 ὡς
3236 1497 3401 1561 αὐτός
3444 1514 3600 1568 φησι,
3626 1496 3706 1567 τῷ
3731 1496 3870 1568 Θεῷ,
3899 1498 3996 1553 καὶ

2393 1592 2455 1647 ού
2495 1594 2593 1665 τὴν
2621 1590 2814 1646 ἐαυτοῦ
2862 1590 2990 1655 ζῶν,
3024 1590 3158 1644 ἀλλὰ
3184 1590 3285 1663 τὴν
3326 1589 3422 1643 τοῦ
3467 1588 3700 1660 ἐραστοῦ
3746 1590 3895 1661 ζωὴν
3922 1589 3992 1655 ⁸⁸,

2394 1683 2469 1747 ὡς
2496 1682 2707 1754 σφόδρα
2756 1682 3066 1753 ἀγαπητήν.
3102 1678 3411 1751 Τολμητέον
3437 1680 3495 1733 δὲ
3523 1680 3619 1733 καὶ
3664 1679 3822 1733 τοῦτο
3847 1681 3994 1753 ὑπὲρ

2394 1774 2659 1845 ἀληθείας
2703 1776 2899 1838 εἰπεῖν,
2950 1774 3033 1826 ὅτι
3060 1771 3154 1825 καὶ
3180 1772 3342 1835 αὐτὸς
3372 1774 3400 1825 ὁ
3426 1773 3643 1826 πάντων
3671 1771 3863 1836 αἴτιος,
3913 1772 3995 1844 τῷ

2395 1866 2547 1938 καλῷ
2572 1868 2668 1922 καὶ
2700 1864 2892 1936 ἀγαθῷ
2916 1864 3026 1918 τῶν
3054 1864 3273 1917 πάντων
3313 1867 3361 1898 ⁸⁸
3388 1866 3551 1939 ἔρωτι
3581 1863 3653 1917 δι’
3680 1863 3992 1937 ὐπερὸολὴν

2392 1959 2497 2029 τῆς
2542 1957 2815 2029 ἐρωτικῆς
2842 1956 3196 2029 ἀγαθότητος,
3226 1954 3332 2019 ἐξω
3374 1954 3566 2008 ἐαυτοῦ
3590 1956 3821 2024 γίνεται,
3865 1958 3994 2022 ταῖς

704 2047 989 2101 amatoria:
1003 2045 1264 2100 bonitatis
1287 2055 1441 2099 extra
1461 2062 1521 2101 se
1542 2061 1638 2116 per
1658 2047 2032 2119 providentias
2047 2049 2291 2103 omnium

2396 2054 2476 2117 είς
2499 2050 2569 2105 τὰ
2596 2051 2726 2105 ὂντα
2754 2051 2934 2104 πάντα
2959 2050 3259 2121 προνοίαις,
3284 2048 3379 2103 καὶ
3418 2043 3529 2101 οἷον
3566 2048 3864 2121 ἀγαθότητι
3897 2051 3995 2104 καὶ

706 2151 893 2192 rerum
918 2136 1139 2192 exsistit
1158 2144 1213 2191 et
1234 2138 1484 2193 bonitate
1512 2148 1680 2208 atque
1705 2138 2000 2195 dilectione
2028 2148 2085 2193 et
2106 2152 2294 2195 amore

703 2229 874 2286 veluti
922 2229 1186 2285 delinitur
1238 2240 1295 2287 et
1337 2232 1777 2288 oblectaturtet
1804 2247 1933 2289 cum
1988 2233 2063 2289 sit
2123 2248 2293 2304 supra

703 2322 887 2377 omnia
918 2333 975 2377 et
1002 2337 1071 2377 ex
1095 2322 1352 2378 omnibus
1401 2331 1709 2392 exemptus,
1733 2320 1802 2377 ad
1837 2322 2023 2377 omnia
2038 2323 2296 2379 demitti-

706 2425 797 2468 tur
820 2416 1123 2471 secundum
1158 2423 1490 2487 lmtestatem
1542 2413 2158 2489 suprasubstantialem,
2184 2430 2293 2485 qua

704 2517 859 2562 cxtra
890 2522 949 2562 se
981 2524 1088 2576 non
1125 2508 1463 2579 egrediendo
1486 2507 1618 2562 exit.
1651 2506 1801 2563 Hanc
1824 2507 1896 2563 ob
1944 2521 2167 2563 causam
2196 2522 2293 2579 pe-

707 2600 798 2656 riti
854 2616 1039 2663 rerum
1096 2602 1411 2659 divinarum
1458 2601 1689 2657 zelotem
1740 2599 1894 2659 illum
1952 2608 2293 2670 nuncupant,

705 2694 851 2765 quod
892 2708 1092 2763 magno
1123 2704 1179 2750 et
1230 2695 1473 2767 benigno
1535 2710 1721 2751 rerum
1768 2707 1959 2750 amore
2020 2703 2290 2758 teneatur,

706 2803 913 2858 easque
937 2789 1005 2843 ad
1035 2788 1209 2860 ipsius
1240 2788 1498 2845 atnatorii
1526 2788 1787 2844 desiderii
1806 2789 1979 2842 zelum
2002 2797 2293 2858 provocet,

708 2890 878 2953 atque
914 2882 1052 2938 adeo
1088 2882 1383 2954 semetipso
1432 2882 1836 2953 quodammodo
1867 2882 2103 2938 zelotem
2156 2898 2296 2953 prm-

707 2986 840 3045 stet,
877 2986 937 3032 ut
968 2977 1055 3033 cui
1080 2991 1172 3033 res
1200 2977 1595 3033 desiderabiles
1628 2977 1737 3031 sint
1766 2976 1884 3031 zelo
1922 2976 2121 3048 dignm,
2151 2984 2207 3033 et
2235 2987 2294 3031 ut

660 3084 670 3112 ι
708 3072 803 3141 qui
840 3087 1046 3137 rerum,
1103 3072 1305 3143 quibus
1328 3071 1602 3142 providet,
1649 3070 1769 3127 zelo
1801 3069 2093 3125 adiciatur.
2126 3069 2293 3125 Deni-

707 3180 815 3237 que
840 3168 1064 3227 omnino
1093 3166 1383 3238 pulchrum
1411 3176 1496 3221 est
1518 3176 1572 3221 et
1596 3166 1823 3232 bonum,
1852 3165 2115 3237 quidquid
2144 3181 2296 3223 ama-

710 3258 817 3316 bile
848 3271 931 3318 est
968 3269 1026 3315 et
1049 3274 1227 3327 amor,
1272 3268 1327 3314 et
1378 3259 1430 3314 in
1464 3259 1696 3331 pulchro
1723 3261 1981 3332 bonoque
2014 3262 2293 3333 praecellu-

707 3362 890 3423 catur,
922 3361 977 3409 et
999 3362 1227 3425 propter
1248 3350 1540 3425 pulchrum
1573 3361 1628 3409 et
1657 3353 1863 3410 bonum
1887 3363 1991 3420 est.
2020 3365 2074 3411 et
2098 3354 2177 3411 lit.

2395 2144 2672 2215 ἀγαπήσει
2701 2143 2797 2197 καὶ
2824 2142 2989 2213 ἔρωτι
3019 2140 3267 2210 θέλγεται
3288 2156 3303 2171 ο
3333 2139 3509 2193 καὶέκ
3529 2140 3626 2193 τοῦ
3643 2140 3785 2211 ὑπὲρ
3812 2141 3995 2195 πάντα

2393 2237 2490 2291 καὶ
2518 2236 2737 2291 πάντων
2784 2234 3123 2308 ἐξῃρημένου
3152 2233 3290 2303 πρὸς
3316 2234 3377 2287 τὸ
3418 2235 3479 2286 ἐν
3522 2234 3659 2286 πᾶσι
3687 2233 3993 2301 κατάγεται

2394 2330 2517 2384 κατ’
2566 2328 2895 2399 ἐκστατικὴν
2949 2324 3273 2395 ύπερούσιον
3322 2324 3553 2397 δύναμιν
3597 2326 3995 2396 ἀνεκφοίτητον

2394 2419 2613 2474 ἑαυτοῦ.
2644 2419 2737 2473 Διὸ
2758 2420 2853 2473 καὶ
2877 2418 3124 2490 ζηλωτὴν
3151 2418 3313 2473 αὑτὸν
3335 2419 3385 2471 οί
3406 2418 3476 2471 τὰ
3494 2418 3614 2472 θεῖα
3631 2418 3795 2473 δεινοὶ
3815 2435 3991 2489 προσ-

2392 2510 2769 2583 αγορεύουσιν,
2793 2512 2869 2575 ὡς
2903 2510 3071 2564 πολὺν
3100 2510 3192 2563 τὸν
3216 2511 3297 2574 είς
3321 2510 3389 2563 τὰ
3413 2510 3544 2564 ὄντα
3556 2511 3758 2580 ἀγαθὸν
3784 2511 3989 2582 ἔρωτα,

2394 2605 2489 2657 καὶ
2514 2603 2590 2667 ὡς
2626 2604 2763 2674 πρὸς
2791 2602 2951 2675 ζῆλον
2990 2602 3271 2673 ἐγερτικὸν
3308 2602 3407 2674 τῆς
3434 2602 3673 2672 ἐφέσεως
3699 2601 3865 2657 αὑτοῦ
3888 2601 3991 2673 τῆς

2393 2695 2689 2768 ἐρωτικῆς,
2742 2696 2836 2749 καὶ
2885 2695 2959 2760 ὡς
3001 2693 3247 2765 ζηλωτὴν
3296 2694 3460 2748 αὑτὸν
3496 2696 3540 2726 ³⁵
3568 2694 3990 2761 ἀποδεικνύντα,

2394 2781 2439 2857 ᾧ
2456 2788 2502 2820 ³⁸
2526 2789 2621 2843 καὶ
2634 2787 2702 2841 τὰ
2724 2788 3009 2858 ἐφιέμενα,
3040 2787 3277 2860 ζηλωτὰ,
3303 2788 3395 2841 καὶ
3421 2788 3497 2852 ὡς
3523 2788 3636 2842 τῶν
3659 2786 3993 2860 προνοουμέ-

2395 2897 2501 2934 νων
2529 2879 2733 2943 δντων,
2766 2878 2912 2951 αύτῷ
2954 2878 3231 2951 ζηλωτῶν.
3263 2882 3371 2934 Καὶ
3396 2880 3533 2945 ὅλως
3574 2879 3670 2933 τοῦ
3698 2879 3865 2934 καλοῦ
3892 2880 3992 2935 καὶ

2396 2971 2608 3043 ἀγαθοῦ
2633 2975 2749 3026 ἐστι
2774 2973 2835 3025 τὸ
2868 2974 3120 3045 ἐραστὸν,
3144 2974 3235 3027 καὶ
3261 2976 3289 3027 ὁ
3314 2973 3475 3044 ἔρως,
3506 2974 3599 3028 καὶ
3624 2975 3682 3027 ἐν
3716 2972 3802 3042 τῷ
3828 2972 3983 3044 καλῷ

2394 3068 2490 3122 καὶ
2515 3064 2706 3137 ἀγαθῷ
2731 3066 3049 3140 προτδρυται
3072 3107 3089 3134 ,
3136 3067 3233 3122 καὶ
3257 3066 3344 3121 διὰ
3370 3066 3430 3121 τὸ
3470 3066 3633 3121 καλὸν
3660 3067 3754 3121 καὶ
3780 3066 3990 3137 ἀγαθόν

2394 3158 2511 3211 ἐστι
2548 3160 2644 3213 καὶ
2668 3158 2899 3229 γίνεται.

2201 3516 2230 3591 5
2265 3514 2439 3579 Χιν.

784 3658 923 3725 Quid
951 3673 1113 3731 porro
1157 3659 1377 3713 tandem
1429 3656 1745 3729 signiﬁcare
1790 3658 1980 3715 volunt
2025 3656 2286 3731 theologi,

2460 3660 2526 3715 Τί
2550 3661 2608 3716 δὲ
2636 3660 2773 3727 ὅλως
2794 3661 2841 3715 oi
2866 3660 3103 3732 θεολόγοι
3152 3663 3486 3735 βουλόμενοι,
3519 3663 3649 3715 ποτέ
3684 3662 3784 3734 μὲν
3806 3663 3987 3735 ἔρωτα

710 3766 838 3808 cum
863 3750 1155 3825 aliquando
1180 3751 1402 3822 quidem
1445 3752 1614 3807 Deum
1639 3760 1837 3809 vocant
1863 3764 2184 3811 amoremet
2206 3756 2294 3811 di-

714 3844 1025 3910 lectionem,
1056 3845 1387 3919 quandoque
1432 3860 1564 3901 vero
1590 3844 1880 3901 amabilem
1909 3855 1965 3900 et
1988 3846 2297 3903 dilectum?

710 3935 859 3993 Illius
881 3937 1101 4006 quidem
1144 3938 1382 4009 (scilicet
1421 3938 1628 3997 amoris
1653 3947 1706 3993 et
1730 3938 2059 4011 dilectionis)
2080 3950 2293 4007 auctor,

710 4042 766 4089 et
795 4043 1052 4105 tanquam
1081 4035 1383 4105 productor
1406 4049 1472 4089 ac
1514 4044 1809 4105 generator
1830 4046 1915 4091 est
1940 4053 1957 4103 ;
1987 4036 2090 4092 hoc
2110 4044 2291 4093 autem

714 4126 792 4198 (id
815 4137 899 4184 est
921 4128 1172 4183 amabilis
1198 4137 1255 4183 et
1280 4126 1534 4199 dilectus)
1584 4128 1701 4199 ipse
1727 4137 1827 4184 est.
1856 4128 1949 4185 Illo
1974 4128 2192 4199 quidem
2217 4128 2293 4200 (id

712 4229 797 4276 est
818 4234 1007 4275 amore
1032 4228 1089 4275 et
1112 4218 1425 4290 dilectione)
1456 4226 1726 4287 movetur,
1760 4221 1861 4275 hoc
1886 4229 2070 4276 autem
2105 4220 2181 4293 (id
2209 4231 2295 4277 est

714 4319 775 4364 ιιι
798 4311 1052 4366 amabilis
1076 4321 1132 4365 et
1177 4310 1429 4383 dilectus)
1479 4321 1661 4366 movet
1689 4328 1705 4377 ;
1732 4311 1859 4382 quia
1886 4326 1948 4368 se
1976 4312 2091 4383 ipse
2118 4312 2292 4367 addu-

719 4403 823 4467 cit,
866 4412 922 4459 et
965 4402 1071 4459 sibi
1118 4403 1361 4469 adducit,
1388 4413 1443 4460 et
1474 4400 1675 4459 movet.
1706 4402 1821 4459 Hac
1868 4418 2050 4462 autem
2076 4403 2293 4460 ratione

711 4493 973 4549 dilectum
998 4495 1371 4551 etamabilcm
1418 4511 1543 4551 eum
1590 4506 1808 4564 vocant,
1858 4508 2120 4569 tanquam
2168 4498 2292 4568 pul-

712 4586 905 4643 chrum
935 4596 990 4641 et
1014 4587 1219 4641 bonum
1246 4604 1263 4648 ;
1290 4603 1532 4643 amorem
1567 4603 1700 4644 vero
1747 4603 1939 4644 rursus
1963 4597 2019 4644 et
2042 4588 2291 4645 dilectio-

714 4692 861 4744 nem,
900 4688 1158 4746 tanquam
1184 4678 1292 4731 vim
1344 4679 1657 4746 motricem,
1709 4688 1764 4735 et
1804 4694 2022 4736 sursum
2065 4679 2290 4737 trahen-

2399 3751 2495 3805 καὶ
2522 3752 2746 3825 ἀγάπην
2787 3754 2949 3809 αὐτόν
2973 3770 3125 3825 φασι,
3156 3756 3283 3808 ποτέ
3304 3756 3362 3809 δὲ
3392 3754 3619 3827 ἐραστὸν
3642 3755 3735 3806 καὶ
3762 3755 3986 3825 ἀγαπη-

2397 3845 2491 3898 τόν
2528 3861 2543 3911 ;
2575 3845 2682 3898 Τοῦ
2717 3846 2816 3916 μὲν
2842 3847 2951 3920 γὰρ
2976 3848 3167 3913 αῐτιος,
3216 3848 3309 3902 καὶ
3338 3845 3526 3919 ὥσπερ
3548 3846 3867 3917 προδολεὺς,
3893 3850 3987 3901 καί

2396 3939 2785 4012 ἁπογεννήτωρ
2807 3958 2820 3971 ·
2849 3943 2909 3996 τὸ
2940 3942 2997 3997 δὲ
3025 3944 3186 4008 αὐτὸς
3235 3946 3369 3997 ἐστι.
3420 3943 3528 3995 Καὶ
3576 3940 3654 4011 τῷ
3691 3940 3790 4011 μὲν
3820 3942 3988 3995 κινεῖ-

2395 4046 2509 4095 ται,
2536 4031 2616 4103 τῷ
2644 4032 2701 4085 δέ
2723 4035 2896 4085 κινεῖ·
2927 4033 2960 4104 ἢ
2988 4033 3069 4087 ὅτι
3111 4034 3273 4098 αὐτὸς
3314 4031 3506 4086 ἐαυτοῦ
3531 4034 3623 4085 καὶ
3651 4030 3829 4101 ἐαυτῷ
3866 4034 3987 4085 ἐστι

2396 4126 2777 4196 προαγωγικὸς
2812 4127 2907 4181 καὶ
2931 4127 3228 4199 κινητικός.
3265 4126 3451 4198 Ταύτῃ
3483 4126 3539 4179 δὲ
3570 4127 3853 4197 ἀγαπητὸν
3884 4126 3986 4197 μὲν

2396 4214 2489 4267 καὶ
2516 4215 2745 4285 ἐραστὸν
2766 4216 2899 4270 αὐτὸ
2917 4217 2961 4248 ⁵⁷
2988 4216 3266 4280 καλοῦσιν,
3310 4217 3386 4280 ὡς
3417 4216 3582 4269 καλὸν
3609 4218 3704 4270 καὶ
3736 4216 3945 4285 ἀγαθόν
3966 4233 3981 4247 ο

2394 4305 2575 4378 ἔρωτα
2596 4308 2655 4364 δὲ
2676 4305 2835 4373 αὖθις
2889 4310 2984 4365 καὶ⁵
3026 4311 3268 4382 ἀγάπην,
3312 4310 3388 4373 ὡς
3415 4309 3700 4381 κινητικὴν
3724 4309 3843 4380 ἅμα
3888 4308 3985 4361 καὶ

2394 4401 2472 4465 ὡς
2494 4402 2779 4471 ἁναγωγὸν
2808 4401 3036 4473 δύναμιν
3074 4402 3205 4457 ὄντα
3239 4402 3326 4471 ἐφ’
3356 4402 3569 4463 ἐαυτὸν,
3593 4400 3654 4453 τὸ
3688 4400 3849 4471 μόνον
3878 4401 3981 4453 αύ-

2391 4497 2454 4550 τὺ
2480 4496 2548 4549 δι’
2578 4496 2740 4550 ἐαυτὺ
2786 4494 2947 4549 καλὸν
2997 4494 3093 4548 καὶ
3140 4494 3365 4564 ἀγαθὸν,
3392 4494 3485 4547 καὶ
3507 4493 3695 4565 ὥσπερ
3720 4494 3982 4562 ἑκφανσιν

2393 4586 2523 4642 ὄντα
2550 4586 2743 4641 ἐαυτοῦ
2766 4587 2833 4640 δι’
2855 4584 3071 4649 ἐαυτοῦ,
3118 4586 3211 4639 καὶ
3234 4586 3333 4657 τῆς
3364 4584 3706 4657 ἐξῃρημένης
3732 4583 3983 4649 ἐνὼσεως

2394 4680 2603 4751 ἀγαθὴν
2648 4678 2893 4751 πρόοδον,
2921 4677 3016 4731 καὶ
3038 4677 3306 4749 ἐρωτικὴν
3344 4676 3579 4748 κίνησιν,
3602 4677 3801 4749 ἁπλῆν,
3831 4679 3983 4730 αὑτο-

718 4780 824 4827 tem
852 4769 919 4825 ad
946 4785 1026 4835 se,
1054 4769 1147 4839 qui
1191 4770 1344 4825 solus
1386 4780 1473 4826 est
1516 4772 1693 4843 ipsum
1719 4786 1818 4843 per
1844 4785 1904 4827 se
1926 4770 2210 4842 pulchrum
2236 4780 2292 4826 et

2394 4775 2639 4844 κίνητον,
2687 4772 3103 4843 αύτενὲργητον,
3146 4770 3421 4843 προοῦσαν
3445 4772 3503 4823 ἐν
3528 4770 3771 4841 τάγαθῷ,
3797 4771 3893 4825 καὶ
3915 4773 3982 4825 ἐκ

714 4866 941 4929 bonum,
967 4871 1026 4917 et
1055 4871 1316 4932 tanquam
1364 4863 1867 4922 manifestationem
1892 4864 1975 4919 sui
2001 4866 2171 4935 ipsius
2193 4879 2291 4934 per

2394 4865 2633 4936 τάγαθοῦ
2653 4868 2763 4930 τοῖς
2782 4860 2935 4919 οὖσιν
2956 4863 3379 4935 ἐκϐλυζομένην,
3404 4865 3498 4918 καὶ
3523 4859 3677 4928 αὖθις
3706 4866 3789 4927 εἰς
3819 4864 3980 4931 τάγα-

714 4957 973 5024 seipsum,
1000 4964 1055 5009 et
1083 4964 1138 5009 ut
1165 4954 1459 5025 benignum
1505 4974 1827 5029 processum
1877 4956 2094 5013 eximite
2142 4956 2289 5013 illius

2396 4958 2487 5013 θὸν
2511 4956 3007 5029 ἐπιστρεφομένην.
3063 4957 3150 5010 Ἐν
3170 4948 3215 5023 ᾧ
3236 4956 3329 5009 καὶ
3372 4955 3433 5008 τὸ
3468 4953 3824 5027 ἀτελεύτητον
3855 4956 3981 5009 ἐαυ-

715 5046 1383 5109 unionis,etamat0riam
1437 5028 1761 5116 motionem,
1818 5048 2146 5119 simplicem,
2194 5062 2293 5118 per

2394 5048 2490 5101 τοῦ
2515 5049 2609 5102 καὶ
2633 5028 2866 5117 ἄναρχον
2892 5047 2919 5099 ὁ
2942 5045 3085 5109 θεῖος
3128 5044 3267 5116 ἔρως
3310 5043 3647 5098 ἐνδείκνυται
3692 5044 3981 5117 διαφερόν-

716 5153 778 5193 se
819 5137 1096 5201 mobilem,
1128 5152 1225 5208 per
1252 5153 1313 5193 se
1334 5151 1653 5211 operantem
1676 5183 1694 5210 ,
1739 5141 2206 5213 praeexsistentem
2234 5141 2287 5193 in

2396 5156 2525 5203 τως,
2550 5136 2740 5208 ὥσπερ
2763 5152 2846 5199 τις
2875 5134 3043 5197 ἀΐδιος
3076 5131 3295 5197 κύκλος,
3317 5132 3404 5185 διὰ
3448 5130 3700 5200 τάγαθὸν,
3728 5134 3796 5186 ἐκ
3819 5134 3983 5201 τάγα-

714 5233 879 5297 bono,
905 5239 958 5285 et
982 5245 1050 5284 ex
1075 5230 1221 5286 bono
1249 5232 1301 5286 in
1329 5247 1393 5287 ea
1438 5248 1561 5305 quae
1607 5244 1737 5291 sunt
1784 5234 2200 5297 redundantem,
2224 5246 2293 5288 ac

2398 5230 2515 5295 θοῦ,
2547 5232 2639 5286 καὶ
2662 5232 2720 5286 ἐν
2741 5226 2984 5299 τάγαθῷ,
3008 5228 3100 5281 καὶ
3118 5229 3203 5291 είς
3239 5225 3495 5295 τάγαθὸν,
3518 5228 3577 5282 ἐν
3600 5226 3833 5280 ἁπλανεῖ
3854 5242 3982 5278 συν-

718 5337 906 5378 rursus
932 5322 998 5377 ad
1024 5323 1226 5378 bonum
1276 5336 1660 5386 revertentem.
1712 5326 1829 5396 Qua
1860 5327 1912 5382 in
1942 5340 2000 5381 re
2025 5334 2081 5381 et
2106 5324 2211 5382 line
2236 5333 2293 5381 et

2398 5325 2562 5394 ελίξει
2611 5322 3131 5395 περιπορευόμενος,
3175 5321 3269 5375 καὶ
3294 5322 3353 5374 ἐν
3383 5318 3586 5392 ταύτῷ,
3636 5320 3729 5374 καὶ
3758 5319 3983 5375 κατὰτὸ

788 5470 816 5500 ι
840 5458 1020 5515 Gaiat.
1050 5474 1112 5525 ιι,
1150 5455 1244 5513 20.

1990 5568 2229 5626 VARUE
2296 5568 2705 5631 LECTIONES.

782 5744 831 5815 ’ἐ
852 5740 1089 5815 άληθῶς,
1114 5740 1341 5815 Μλδεκ
1399 5739 1445 5815 ³-⁸
1469 5732 2063 5815 (mutationem)???
2086 5733 2456 5815 ipaa'cuoﬁjﬁv
2475 5734 2602 5815 3Ῥ..
2661 5733 2711 5815 _“
2735 5733 2845 5815 τςιν
2880 5734 3062 5791 καλῶν
3099 5736 3194 5790 καὶ
3225 5730 3447 5805 ἀγαθῶν
3468 5771 3483 5797 ,
3515 5729 3593 5803 τῷ
3626 5731 3866 5799 πάντων,
3894 5726 3971 5791 Μ,

725 5813 793 5887 τῷ
820 5805 952 5869 ἰιειιι
978 5816 1135 5868 habet
1172 5813 1229 5868 S.
1297 5812 1342 5845 ⁸⁸
1372 5805 1581 5880 αὑτήν,
1604 5810 1669 5863 ΔΙ.
1692 5806 1750 5862 l’.
1790 5805 1882 5861 Sc.
1917 5806 1962 5836 ⁸⁶
1988 5806 2053 5861 δι’
2082 5805 2214 5877 δ,’δ.
2247 5811 2295 5876 ὃ,
2328 5805 2421 5864 P."
2474 5808 2516 5839 "
2546 5807 2732 5873 αὐτόν,
2766 5805 2829 5860 D.
