4186 6308
766 385 867 441 715

1918 378 1973 434 S.
2013 377 2308 433 DlONYSlI
2345 378 2807 435 AREOPAGlTxE

3879 365 3982 417 ’ἱεθ

764 498 1057 564 (desiderat
1084 496 1226 563 enim
1258 496 1383 550 illud
1406 496 1577 549 etiam
1605 493 1657 546 id
1683 491 1825 559 quod
1855 507 1957 545 non
1990 493 2228 555 exsistit,
2256 500 2313 543 ut
2343 499 2383 553 Α
2416 524 2417 535 η

2343 499 2383 553 Α
2416 494 2575 545 αὐτευ
2605 493 2696 545 xui
2718 492 2778 543 τὸ
2812 491 2886 561 μὴ
2917 489 2995 543 ὃν.
3047 488 3120 551 ὡς
3170 487 3402 557 εἴρηται,
3433 483 3526 536 xui
3557 482 3843 551 φιλονεικεῖ
3869 495 3982 543 πως

766 590 965 643 dictum
991 597 1097 652 est,
1118 596 1172 642 et
1198 588 1380 655 aliquo
1412 585 1569 640 modo
1595 586 1649 637 in
1690 585 1805 654 ipso
1851 598 1970 638 esse
2000 584 2313 647 contendit;

764 680 1013 745 quoniam
1044 676 1203 747 363
1254 678 1425 745 ipsum
1472 685 1554 729 est
1583 676 1724 743 quod
1760 674 1987 728 formam
2018 674 2176 727 rebus
2208 673 2318 725 τοι-ο

766 783 851 821 ma
900 769 1216 823 carentibus
1274 767 1486 830 tribuit,
1538 776 1595 820 et
1629 767 1681 819 iu
1741 766 1859 833 ipso
1893 764 2056 818 etiam
2096 762 2147 817 id
2175 762 2317 831 quod

766 872 871 912 non
906 867 1008 920 est,
1037 871 1195 925 supra
1246 854 1541 909 essentiam
1571 854 1789 919 dicitur,
1816 860 1870 906 et
1897 852 2027 920 est),
2054 851 2319 920 quomodo

765 956 923 1003 turba
952 950 1253 1029 daemonum
1290 960 1396 999 non
1441 945 1645 1013 expetit
1693 946 1795 999 hoc
1837 942 2118 1013 pulchrum
2142 952 2196 997 et
2220 942 2315 996 bo-

764 1057 914 1102 nmn,
950 1041 1043 1093 sed
1076 1039 1231 1092 aﬂixa
1260 1037 1522 1097 materiae,
1562 1046 1724 1101 atque
1753 1036 1820 1090 ab
1855 1034 1945 1089 illo
1968 1043 2131 1098 statu,
2160 1048 2317 1103 quem

766 1131 941 1202 angeli
976 1132 1028 1183 in
1054 1131 1175 1183 boni
1211 1130 1541 1199 appetitione
1568 1128 1832 1188 obtinent,
1863 1126 2129 1195 prolapsa,
2159 1140 2318 1180 causa

766 1232 851 1276 est
878 1221 1139 1275 malorum
1165 1221 1401 1274 omnium
1431 1230 1536 1273 tam
1560 1220 1659 1273 sibi
1688 1233 1844 1286 quam
1889 1217 2031 1283 aliis,
2060 1234 2177 1286 qua:
2201 1234 2323 1287 per-

766 1312 903 1367 verti
954 1312 1345 1379 depravnrique
1395 1309 1695 1363 dicuntur?
1721 1318 1812 1362 aut
1862 1308 2131 1376 quomodo
2155 1322 2323 1375 genus

769 1408 1093 1469 daemonum,
1126 1420 1191 1457 ex
1216 1404 1432 1457 omnino
1484 1402 1626 1455 bono
1662 1401 2011 1471 productum,
2060 1401 2185 1455 boni
2217 1400 2324 1454 for-

771 1514 854 1551 ma
880 1506 1028 1551 caret
1055 1497 1077 1549 ?
1103 1496 1181 1550 vel
1208 1495 1474 1563 quomodo
1502 1495 1700 1547 bonum
1726 1508 1791 1546 ex
1818 1494 1958 1546 bono
1979 1491 2182 1548 factum
2209 1508 2325 1545 mn-

770 1599 941 1643 totum
979 1590 1106 1643 est?
1144 1599 1198 1642 et
1228 1588 1357 1657 quid
1408 1595 1489 1640 est
1522 1584 1666 1654 quod
1719 1584 1847 1637 illud
1886 1583 2245 1651 depravavit?
2271 1593 2325 1636 et

769 1681 1025 1749 quidnam
1074 1680 1237 1733 etiam
1292 1677 1492 1731 malum
1546 1675 1681 1730 est?
1722 1684 1776 1729 et
1799 1689 1864 1728 ex
1910 1688 2017 1742 quo
2064 1673 2326 1744 principio

2419 584 2477 635 ὲν
2507 582 2651 653 αὐτῷ
2682 584 2725 614 ⁸³
2766 578 2903 635 εἶναι
2924 598 2936 611 ·
2960 582 3054 634 xui
3081 581 3208 633 αὑτό
3237 583 3351 632 ἐστι
3374 579 3435 631 τὸ
3470 577 3729 631 εἰδοποιδν
3761 578 3854 630 xui
3874 576 3984 629 τῶν

2418 671 2673 726 ἀνειδέων
2695 713 2708 737 ,
2745 672 2840 724 xui
2888 672 2974 725 ἐπ’
3025 670 3187 724 αὐτοῦ
3240 671 3333 722 xui
3364 669 3424 722 τὸ
3460 669 3534 740 μὴ
3564 668 3622 721 ὅν
3649 665 3984 738 ῦπερουσίως

2418 761 2629 831 λέγεται
2668 764 2760 815 xui
2787 763 2958 833 ἐστι’)
2996 761 3110 825 πῶς
3142 762 3176 831 ἡ
3198 760 3446 831 δαιμονία
3474 760 3675 830 πληθὺς
3714 760 3814 811 οὐκ
3846 757 3987 825 ἐφιε-

2417 870 2504 905 ται
2528 852 2621 906 τοῦ
2656 853 2816 906 καλοῦ
2844 855 2937 907 xui
2969 852 3200 921 ἀγαθοῦ,
3226 852 3486 923 πρόσυλος
3510 852 3565 903 δὲ
3591 847 3744 913 οὖσα,
3775 850 3868 903 xui
3886 848 3984 919 τῆς

2418 946 2710 1016 ἀηελικῆς
2734 948 2858 1017 περὶ
2878 945 2975 1015 τὴν
3020 946 3202 1014 ἔφεσιν
3230 942 3464 1013 τάγαθοῦ
3510 942 3833 1011 ταύτότητος
3862 942 3988 993 ἀπο-

2422 1041 2757 1101 πεπτωκυῖα,
2800 1036 2982 1091 κακῶν
3012 1037 3261 1089 ἀπάντων
3285 1034 3430 1088 αἰτία
3452 1034 3544 1086 xui
3570 1032 3733 1101 ἑαυτῇ
3757 1033 3851 1084 xui
3874 1033 3986 1095 τοῖς

2421 1128 2597 1192 ἄλλοις
2642 1130 2849 1197 γίνεται
2871 1129 2935 1193 ⁸⁸,
2968 1129 3068 1181 ὅσα
3120 1125 3448 1184 κακύνεσθαι
3492 1123 3706 1191 λέγεται
3738 1138 3752 1185 ;
3788 1122 3903 1184 πῶς
3928 1120 3986 1174 δι

2421 1221 2555 1284 ὅλως
2574 1222 2636 1272 ὲκ
2657 1219 2892 1287 τάγαθοῦ
2933 1217 3209 1289 παραχθεν
3241 1216 3301 1271 τὸ
3339 1215 3609 1284 δαιμόνιον
3658 1212 3843 1282 φῦλον,
3886 1212 3987 1264 σῦκ

2422 1313 2565 1365 ἔστιν
2616 1312 2923 1379 ἀγαθοειδές
2952 1328 2966 1375 ;
2996 1311 3029 1381 ἢ
3061 1310 3195 1373 πῶς,
3224 1306 3421 1377 ἀγαθὸν
3448 1310 3511 1361 ὲκ
3553 1305 3789 1375 τάγαθοῦ
3832 1321 3987 1373 γεγο-

2423 1404 2531 1465 νὸς,
2559 1402 2818 1473 ἠλλοιώθη
2846 1420 2861 1467 ;
2892 1404 2983 1455 xui
3006 1403 3059 1455 τί
3091 1403 3152 1454 τὸ
3195 1400 3439 1454 κακῦναν
3476 1398 3625 1461 αὐτὸ,
3661 1396 3753 1449 xui
3780 1397 3917 1457 ὅλως
3938 1393 3990 1447 τί

2422 1491 2483 1543 τὸ
2521 1493 2685 1545 κακόν
2714 1495 2827 1545 ἐστι
2856 1508 2869 1556 ;
2904 1492 2997 1544 xui
3033 1494 3098 1545 ὲκ
3135 1491 3279 1554 τίνος
3311 1490 3486 1560 ἀρχῆς
3543 1489 3769 1557 ὑπέστη,
3802 1486 3899 1539 xui
3932 1487 3989 1536 ἐν

2428 1586 2531 1638 τίνι
2557 1585 2665 1637 τῶν
2698 1585 2866 1637 ὄντων
2894 1584 3008 1637 ἐστι
3039 1600 3053 1648 ;
3105 1584 3198 1636 xui
3247 1581 3362 1645 πῶς
3394 1585 3422 1634 ὁ
3445 1581 3646 1647 ἀγαθὸς
3666 1579 3795 1632 αὐτὸ
3820 1594 3991 1649 παραυ

2426 1678 2617 1744 ταγεῖν
2648 1675 2951 1746 ἠϐουλήθης
2983 1675 3097 1737 πῶς
3144 1674 3198 1726 δὲ
3252 1672 3527 1743 βουληθεὶς
3566 1669 3803 1740 ἡδυνήθη
3832 1685 3845 1733 ;
3879 1663 3992 1721 Καὶ

770 1771 1058 1825 constitit?
1088 1779 1141 1825 et
1175 1784 1409 1839 quanam
1454 1768 1507 1822 in
1556 1781 1614 1820 re
1641 1765 1859 1819 exsiSIit
1888 1764 1911 1817 2
1952 1774 2006 1817 et
2057 1765 2325 1833 quomodo
2356 1829 2396 1839 “

2356 1829 2396 1839 “
2428 1766 2476 1820 εὶ
2505 1767 2562 1833 ἐξ
2587 1766 2751 1835 ἄλλης
2786 1766 2958 1829 αἰτίας
2986 1766 3045 1817 τὸ
3082 1764 3266 1825 κακὸν,
3286 1764 3366 1827 τίς
3388 1763 3545 1833 ἑτέρα
3560 1765 3670 1823 τοῖς
3694 1756 3811 1813 οὖσι
3841 1759 3990 1828 παρὰ

770 1864 946 1917 bonus
978 1862 1107 1916 illud
1151 1829 1451 1931 producere
1492 1856 1704 1911 voluit?
1744 1857 2015 1925 quomodo
2064 1829 2192 1910 item
2228 1870 2325 1910 vo-
2356 1829 2399 1883 Β

2356 1829 2399 1883 Β
2426 1829 2661 1924 τάγαθὸν
2703 1829 2850 1908 αἰτία
2880 1872 2894 1920 ;
2930 1856 3046 1918 πῶς
3072 1856 3146 1917 δὲ,
3185 1856 3279 1906 xui
3303 1829 3561 1924 Προνοίας
3587 1851 3769 1921 οῦσης,
3794 1850 3909 1902 ἔστι
3932 1847 3991 1901 τὸ

773 1955 889 2007 lens
924 1956 1094 2022 potuit
1124 1955 1147 2007 ἲ
1176 1952 1327 2019 Quod
1362 1950 1409 2005 si
1435 1949 1635 2004 malum
1660 1948 1887 2001 exsistat
1914 1961 1976 2002 ex
2006 1947 2109 2001 alia
2132 1961 2319 2013 causa,

777 2059 1024 2115 quaenam
1077 2043 1177 2096 alia
1222 2056 1398 2095 rerum
1442 2053 1607 2094 causa
1660 2048 1765 2100 est,
1819 2045 2015 2106 preter
2078 2036 2321 2091 bonum?

2424 1947 2614 2007 κακὸν,
2642 1946 2674 2016 ἢ
2717 1947 2997 2016 γινόμενον
3049 1946 3202 2008 ὅλως,
3234 1944 3268 2014 ἢ
3322 1943 3397 2015 μὴ
3435 1942 3819 2014 ἀναιρούμενον
3853 1958 3868 2006 ;
3898 1939 3993 1993 xui

2425 2038 2541 2102 πῶς
2575 2038 2781 2107 ἐφίεταί
2802 2056 2853 2090 τι
2880 2037 2989 2089 τῶν
3007 2037 3175 2089 ὅντων
3202 2033 3366 2088 αὑτοῦ
3394 2034 3542 2104 παρά
3572 2030 3808 2100 τάγαθόν
3834 2047 3849 2095 ;

774 2136 1045 2207 quomodo
1078 2148 1208 2188 vero
1247 2132 1409 2190 etiam
1440 2139 1689 2185 exstante
1730 2127 2070 2183 Providentia
2096 2136 2179 2182 est
2203 2126 2421 2192 malum,
2452 2141 2541 2183 aut
2577 2129 2795 2185 omnino
2828 2115 3028 2184 factum
3052 2164 3070 2194 ,
3092 2136 3182 2182 aut
3241 2142 3345 2181 non
3402 2125 3616 2194 penitus
3679 2118 3997 2177 sublatum?

773 2229 1040 2300 quomodo
1065 2228 1224 2281 etiam
1262 2240 1446 2279 eorum
1474 2237 1591 2291 quae
1613 2230 1735 2276 sunt
1759 2217 2035 2289 quidpiam
2060 2234 2169 2288 pne
2198 2220 2340 2273 bono
2367 2218 2499 2273 illud
2534 2220 2738 2290 expetit
2767 2219 2791 2271 ’ἒ

2264 2353 2501 2427 §XIx.

846 2514 969 2569 llaec
996 2510 1227 2566 fortasse
1276 2505 1477 2559 dixerit
1503 2501 1595 2570 qui
1626 2500 1726 2554 ista
1781 2496 2075 2568 ignorabit,
2106 2510 2207 2550 nos
2238 2509 2331 2549 au-

2501 2491 2807 2560 Ταῦταμὲν
2834 2484 2926 2542 οὖν
2960 2487 3087 2549 ἴσως
3120 2484 3235 2556 ὲρεῐ
3268 2483 3471 2537 τοιόσδε
3494 2483 3538 2514 ⁸⁷
3565 2480 3790 2553 ἀπορῶν
3813 2481 3993 2549 λόγος,

779 2618 886 2659 tem
921 2617 1041 2657 eum
1090 2597 1425 2667 rogabimus,
1471 2602 1533 2644 ut
1583 2587 1828 2642 attendat
1875 2583 2115 2647 veritati,
2172 2582 2334 2650 idque
2430 2605 2432 2614 ι

2430 2586 2589 2655 ἡμεῖς
2626 2582 2681 2633 δὲ
2712 2578 3008 2648 ἀξιώσομεν
3034 2578 3076 2608 ⁸⁸
3104 2576 3263 2629 αὑτὸν
3286 2576 3362 2636 εἰς
3379 2574 3476 2645 τὴν
3505 2574 3615 2627 τῶν
3656 2575 3996 2643 πραγμάτων

779 2696 1014 2763 primum
1037 2664 1219 2742 dicere
1247 2701 1351 2739 non
1386 2681 1733 2736 verebimur:
1764 2675 1960 2729 Malum
1987 2689 2090 2728 non
2114 2688 2235 2728 esse
2270 2687 2338 2725 ex

2433 2675 2685 2744 ἀλήθειαν
2724 2671 3068 2731 ἀποϐλέπειν,
3121 2669 3213 2720 xui
3269 2665 3483 2737 πρῶτόν
3522 2682 3584 2733 γε
3636 2664 3790 2717 τοῦτο
3824 2666 3997 2717 εἰπεῖν

777 2754 921 2836 bono
948 2797 963 2844 ;
996 2793 1058 2831 ac
1080 2777 1122 2830 si
1155 2790 1221 2829 ex
1250 2774 1392 2828 bono
1424 2780 1527 2834 est,
1576 2784 1681 2823 non
1730 2781 1852 2821 esse
1897 2764 2094 2819 malum
2122 2780 2137 2829 ;
2168 2776 2339 2830 neque

2436 2760 2939 2834 παρῤησιασόμεθαο
2972 2760 3044 2811 Τὸ
3073 2759 3236 2810 κακὸν
3274 2758 3371 2809 οὐκ
3400 2755 3543 2807 ἐστιν
3570 2757 3633 2808 ὲκ
3661 2754 3899 2822 τάγαθοῦ
3929 2755 3996 2818 ⁸⁸,

779 2872 924 2925 enim
948 2843 1086 2938 ignis
1121 2875 1203 2921 est
1238 2863 1585 2931 refrigerare,
1640 2873 1811 2926 neque
1859 2856 1981 2910 boni
2032 2854 2208 2908 facere
2233 2862 2338 2905 non

2437 2850 2531 2901 xui
2563 2851 2609 2900 el
2644 2850 2708 2900 ὲκ
2736 2845 2969 2913 τάγαθοῦ
3001 2848 3169 2907 ἐστιν,
3208 2845 3267 2895 οὐ
3299 2843 3494 2895 κακόν·
3526 2843 3643 2895 οὐδὲ
3681 2843 3790 2914 γὰρ
3828 2844 3996 2915 πυρὸς

778 2965 939 3015 bona.
969 2959 1025 3013 Si
1064 2957 1224 3010 etiam
1261 2968 1321 3008 ea
1359 2967 1479 3021 qua:
1508 2958 1658 3009 sunt,
1712 2946 1889 3000 omnia
1937 2960 2003 2999 ex
2046 2944 2187 2998 bono
2216 2951 2341 2998 sunt

2434 2938 2496 2989 τὸ
2523 2937 2733 3007 ψύχειν,
2767 2935 2888 2988 οὔτε
2930 2934 3129 3002 ἀγαθοῦ
3154 2934 3215 2986 τὸ
3241 2933 3311 3004 μὴ
3333 2932 3541 3000 τάγαθά
3567 2934 3856 3002 παράγειν.
3888 2934 3998 2988 Καὶ

780 3062 997 3121 (natura
1052 3047 1194 3102 enim
1246 3044 1370 3099 boni
1413 3050 1517 3103 est,
1572 3038 1868 3107 producere
1896 3045 1949 3088 et
1976 3048 2338 3097 conservam;
2368 3040 2410 3097 ς.

2368 3040 2410 3097 c
2440 3029 2489 3081 ei
2517 3028 2585 3081 τὰ
2622 3028 2750 3080 ὄντα
2782 3028 2956 3080 πάντα
2981 3028 3046 3079 ὲκ
3068 3022 3301 3093 τάγαθοῦ
3326 3065 3340 3087 ,
3374 3024 3553 3093 (φύσις
3580 3024 3687 3093 γὰρ
3713 3024 3788 3093 τῷ
3813 3024 4001 3095 ἀγαθῷ

783 3142 910 3195 mali
938 3150 1143 3202 autem,
1194 3147 1538 3201 corrumpere
1570 3145 1631 3183 ac
1663 3126 1941 3198 perdere),
1986 3125 2115 3179 nihil
2150 3140 2338 3183 eorum

783 3250 903 3303 qua:
930 3240 1144 3287 suntex
1171 3227 1313 3282 malo
1344 3233 1449 3288 est,
1473 3239 1537 3277 ac
1564 3237 1629 3275 ne
1652 3222 1829 3289 ipsum
1866 3218 2082 3286 quidem
2136 3217 2339 3271 malum

785 3328 910 3387 erit,
943 3322 1205 3392 siquidem
1252 3318 1414 3372 etiam
1441 3315 1540 3369 sibi
1573 3312 1769 3366 malum
1817 3318 1980 3365 esset.
2034 3308 2184 3375 Quod
2235 3308 2340 3364 nisi

788 3417 856 3470 ita
893 3417 985 3478 sit,
1034 3410 1233 3465 malum
1283 3407 1500 3463 omnino
1531 3404 1729 3459 malum
1774 3417 1880 3455 non
1906 3401 2026 3462 erit,
2058 3402 2149 3455 sed
2180 3401 2341 3455 habet

787 3505 1076 3575 quamdam
1102 3500 1249 3563 boni,
1302 3498 1597 3552 secundum
1632 3509 1794 3563 quam
1826 3496 2050 3550 omnino
2074 3500 2180 3555 est,
2214 3506 2340 3562 par-

786 3610 915 3653 tem.
942 3595 1007 3649 Et
1037 3594 1081 3647 si
1106 3608 1169 3647 ea
1196 3605 1314 3660 quae
1342 3597 1467 3643 sunt
1513 3587 1793 3657 pulchrum
1832 3587 2142 3654 bonumque
2182 3598 2343 3651 appe-

788 3698 928 3756 tunt,
955 3697 1357 3756 etquzecunque
1394 3688 1579 3750 agunt,
1612 3688 1832 3749 propter
1865 3679 1915 3732 id
1959 3678 2102 3746 quod
2142 3676 2340 3730 bonum

787 3785 1022 3846 videtur,
1074 3779 1300 3839 faciunt,
1352 3774 1639 3842 omnisque
1700 3786 1880 3825 rerum
1942 3769 2170 3823 intentio
2220 3783 2343 3822 cum

790 3870 1115 3940 principium
1162 3878 1270 3921 tum
1319 3866 1477 3919 linem
1530 3866 1727 3917 bonum
1757 3868 1965 3930 spectat
1992 3858 2147 3927 (nihil
2177 3860 2342 3922 enim,

790 3960 917 4015 mali
964 3969 1213 4011 naturam
1264 3952 1578 4020 spectando,
1622 3949 1749 4002 facit
1774 3963 1835 4001 ea
1860 3963 1979 4016 qua:
2013 3947 2184 4014 facit),
2208 3960 2343 4015 quo-

794 4068 916 4105 nam
944 4059 1100 4119 pacto
1127 4048 1232 4101 erit
1265 4045 1461 4099 malum
1491 4044 1540 4096 in
1568 4056 1747 4094 rerum
1782 4051 1993 4102 natura,
2020 4040 2101 4093 vel
2127 4040 2347 4092 omnino

792 4141 1016 4194 exsistat
1037 4134 1360 4206 ejuscemodi
1383 4134 1505 4186 boni
1531 4131 1765 4200 appetitu
1791 4128 2140 4182 destitutum?
2169 4128 2349 4181 Enim-

794 4247 924 4284 vero
953 4229 994 4283 si
1026 4243 1112 4282 res
1139 4240 1327 4280 omnes
1356 4240 1421 4277 ex
1448 4224 1589 4278 bono
1615 4225 1744 4281 sint,
1788 4220 2092 4286 bonumque
2144 4219 2212 4271 sit
2255 4232 2349 4271 su-

796 4338 888 4391 pru
920 4338 1007 4375 res
1039 4320 1204 4389 ipsas,
1238 4317 1289 4369 id
1337 4314 1477 4383 quod
1528 4328 1634 4365 non
1684 4322 1788 4370 est,
1842 4311 1955 4376 jam
1992 4310 2042 4362 in
2080 4308 2219 4362 bono
2243 4316 2345 4371 est,

797 4418 994 4471 malum
1037 4429 1169 4468 vero
1194 4425 1538 4480 nequaquam
1566 4416 1645 4462 est
1676 4424 1690 4472 ;
1719 4407 1962 4473 alioquin
1997 4420 2101 4458 non
2128 4413 2209 4457 est
2236 4403 2349 4471 pla-

800 4519 867 4557 ne
900 4503 1121 4563 malum,
1171 4516 1268 4554 nec
1295 4500 1345 4552 id
1377 4499 1517 4567 quod
1546 4512 1649 4551 non
1674 4506 1815 4567 test;
1851 4494 1981 4548 nihil
2006 4493 2146 4548 enim
2170 4493 2271 4546 erit
2296 4492 2345 4545 id

798 4594 939 4664 quod
989 4592 1211 4645 omnino
1264 4605 1368 4643 non
1426 4597 1549 4650 est,
1610 4586 1711 4640 nisi
1770 4584 2063 4638 secundum
2133 4583 2346 4637 modum

800 4684 1086 4753 quemdam
1133 4679 1636 4748 supraessentialem
1681 4678 1731 4735 in
1766 4676 1905 4730 bono
1955 4688 2076 4727 esse
2116 4673 2349 4726 dicatur.

802 4780 1004 4832 Bonum
1035 4777 1195 4844 igitur
1242 4778 1360 4836 erit,
1420 4783 1471 4827 et
1523 4788 1588 4828 eo
1630 4772 1772 4842 quod
1818 4769 2036 4823 omnino
2073 4778 2176 4833 est,
2208 4778 2261 4821 et
2290 4781 2354 4821 eo

803 4873 943 4941 quod
975 4870 1135 4941 364
1160 4886 1261 4925 non
1300 4880 1403 4932 est,
1432 4868 1601 4923 multo
1628 4868 1777 4937 prius
1822 4878 1877 4920 et
1918 4865 2162 4933 superius
2210 4864 2356 4916 loca-

807 4976 937 5018 tum.
957 4962 1149 5014 Malum
1175 4973 1351 5013 autem
1377 4976 1473 5014 nec
1496 4961 1546 5012 in
1575 4960 1638 5012 iis
1656 4969 1740 5013 est
1770 4972 1887 5026 qua:
1914 4966 2057 5019 sunt,
2080 4971 2175 5008 nec
2208 4954 2259 5007 in
2295 4953 2357 5006 iis

805 5070 923 5125 qua:
974 5069 1077 5106 non
1135 5060 1279 5115 sunt,
1314 5050 1407 5104 sed
1436 5049 1683 5103 eoetiam
1735 5046 1876 5115 quod
1909 5060 2013 5098 non
2042 5051 2145 5105 est,
2180 5054 2358 5095 remo-

807 5150 913 5199 tius
941 5156 1020 5199 est
1050 5160 1077 5196 a
1110 5146 1267 5206 bono,
1297 5154 1549 5211 tanquam
1611 5142 1842 5193 alienum
1916 5152 1980 5190 ac
2009 5136 2187 5190 minus
2238 5147 2354 5186 ens.

808 5233 961 5287 Unde
986 5235 1141 5303 igitur
1170 5244 1253 5286 est
1283 5232 1477 5285 malum
1510 5231 1531 5281 ?
1562 5231 1704 5283 dicet
1727 5227 1942 5295 aliquis.
1978 5224 2035 5279 Si
2068 5222 2211 5276 enim
2238 5237 2353 5274 ma-

2437 3121 2497 3174 τδ
2521 3124 2785 3191 παράγειν
2824 3120 2918 3173 xui
2948 3119 3137 3184 σώζειν
3163 3136 3177 3149 ο
3208 3118 3286 3189 τῷ
3307 3119 3361 3171 δὲ
3378 3118 3531 3187 κακῷ
3552 3119 3610 3171 τὸ
3635 3120 3875 3190 φθείρειν
3905 3122 4000 3172 xui

2440 3212 2749 3279 ἀκολύειν,)
2797 3211 2946 3264 οὐδέν
2974 3212 3102 3263 ἐστι
3156 3210 3264 3262 τῶν
3289 3210 3452 3262 ὅντων
3481 3211 3545 3262 ὲκ
3564 3210 3655 3261 τοῦ
3678 3211 3845 3264 κακοῦ
3865 3229 3877 3241 ·
3905 3213 4002 3265 xui

2438 3306 2559 3360 οὐδὲ
2594 3306 2724 3358 αὐτὸ
2753 3305 2903 3357 ἔσται
2926 3303 2971 3334 ’⁷⁸
3005 3304 3065 3356 τὸ
3089 3302 3275 3366 κακὸν,
3319 3302 3473 3372 εἴπερ
3516 3302 3608 3354 xui
3626 3302 3801 3372 ἐαυτῷ
3833 3304 4005 3356 κακὸν

2441 3400 2545 3470 εἴη.
2582 3399 2690 3451 Καὶ
2738 3399 2786 3449 ει
2824 3396 2897 3467 μὴ
2952 3395 3125 3458 τοῦτο,
3177 3395 3235 3447 οὐ
3283 3395 3453 3461 πάντη
3508 3393 3674 3445 κακὸν
3708 3392 3769 3446 τὸ
3811 3394 4004 3460 κακὸν,

2442 3492 2554 3545 ἀλλ’
2590 3490 2702 3559 ἔχει
2730 3489 2851 3541 τινά
2873 3485 3131 3555 τάγαθοῦ,
3162 3485 3283 3537 καθ’
3315 3486 3379 3554 ἢν
3421 3484 3557 3547 ὅλως
3599 3485 3735 3546 ἐστὶ,
3786 3486 4002 3556 μοῖραν.

2442 3584 2549 3636 Καὶ
2579 3585 2626 3635 ei
2649 3582 2715 3634 τὰ
2748 3581 2873 3633 ὅντα
2914 3576 3007 3631 τοῦ
3047 3576 3206 3631 καλοῦ
3254 3577 3344 3628 xui
3389 3574 3592 3643 ἀγαθοῦ
3644 3575 3869 3643 ἐφίεται,
3907 3576 4005 3631 xui

2444 3676 2617 3728 πάντα
2654 3674 2751 3726 ὅσα
2781 3674 2923 3725 ποιεῖ
2951 3670 3036 3723 διὰ
3062 3670 3121 3721 τὸ
3141 3668 3327 3721 δοκοῦν
3355 3667 3554 3735 ἀγαθὸν
3593 3670 3754 3729 ποιεῖ,
3780 3668 3872 3718 xui
3896 3667 4005 3728 πᾶς

2442 3772 2471 3823 ὅ
2498 3769 2605 3820 τῶν
2654 3766 2819 3819 ὅντων
2855 3765 3050 3826 σκοπὸς
3090 3762 3263 3832 ἀρχὴν
3291 3762 3403 3831 ἔχει
3442 3760 3534 3812 xui
3570 3758 3719 3821 τέλος
3748 3760 4004 3826 τάγαθὸν,

2446 3861 2616 3932 (οὐδὲν
2640 3861 2681 3890 ⁷¹
2708 3857 2835 3929 γὰρ,
2887 3858 2965 3919 εἰς
2993 3856 3091 3925 τὴν
3127 3854 3219 3906 τοῦ
3266 3852 3434 3905 κακοῦ
3478 3852 3637 3922 φύσιν
3676 3851 4003 3909 ἀποϐλέπον,

2446 3954 2587 4004 ποιεῖ
2614 3950 2649 4003 ἀ
2678 3948 2869 4017 ποιεῖ’)
2896 3948 3011 4010 πῶς
3053 3946 3203 3997 ἔσται
3233 3945 3294 3997 τὺ
3334 3944 3500 3997 κακὸν
3537 3945 3595 3997 έν
3635 3945 3747 4005 τοῖς
3776 3938 3944 4003 οὖσιν,
3971 3945 4004 4015 ἢ

2446 4041 2579 4103 ὅλως
2602 4039 2661 4091 ὃν
2690 4039 2787 4109 τῆς
2814 4037 3065 4106 τοιαύτης
3112 4034 3319 4103 ἀγαθῆς
3363 4031 3591 4104 ὀρέξεως
3609 4032 3654 4063 ⁷⁸
3684 4032 4007 4101 παρῃρημέ-

2447 4151 2535 4185 νον
2564 4149 2577 4196 ;
2616 4130 2725 4182 Kui
2750 4131 2795 4181 ei
2827 4128 2894 4180 τὰ
2924 4127 3048 4180 ὄντα
3094 4125 3268 4178 πάντα
3306 4126 3368 4176 ὲκ
3394 4120 3650 4190 τάγαθοῦ,
3695 4121 3787 4172 xui
3833 4122 4007 4187 τάγα-

2447 4223 2537 4275 θὸν
2558 4224 2602 4253 ⁷³
2628 4221 2877 4273 ἐπέκεινα
2916 4218 3023 4269 τῶν
3070 4216 3254 4278 ὅντων,
3302 4213 3416 4266 ἐστι
3467 4214 3560 4283 μὲν
3591 4215 3646 4265 έν
3670 4210 3887 4279 τάγαθῷ
3916 4212 4010 4264 xui

2448 4314 2507 4365 τὸ
2540 4312 2610 4381 μὴ
2638 4311 2715 4373 ὃν,
2744 4310 2801 4363 ὃν
2824 4326 2837 4339 ⁸
2869 4309 2928 4360 τὸ
2952 4307 3009 4359 δὲ
3047 4306 3213 4359 κακὸν
3248 4302 3368 4356 οὔτε
3392 4303 3449 4355 ὅν
3471 4305 3633 4355 ἐστιν·
3669 4303 3716 4353 εἰ
3741 4302 3793 4353 δὲ
3821 4300 3915 4371 μὴ,
3946 4304 4006 4353 οὐ

2453 4406 2624 4473 πάντη
2650 4402 2813 4455 κακὸν
2854 4399 2973 4451 οὔτε
3028 4399 3099 4469 μὴ
3137 4397 3223 4449 ὃν·
3258 4397 3406 4448 οὐδὲν
3452 4394 3558 4463 γὰρ
3597 4393 3740 4445 ἔσται
3768 4392 3827 4445 τὸ
3859 4394 4011 4446 καθό-

2452 4496 2544 4547 λου
2581 4494 2651 4564 μὴ
2678 4494 2754 4554 ὃν,
2786 4494 2831 4543 εἰ
2873 4489 2944 4560 μὴ
2988 4490 3043 4540 ὲν
3079 4484 3296 4555 τάγαθῷ
3324 4484 3461 4537 κατά
3492 4484 3551 4535 τὸ
3578 4484 3895 4553 ὑπερούσιον
3932 4482 4013 4535 λέ-

2452 4598 2617 4648 γοιτο.
2651 4580 2695 4610 ⁷⁸
2717 4579 2789 4629 Τὸ
2821 4579 2916 4647 μὲν
2938 4572 3030 4628 οὖν
3053 4574 3249 4641 ἀγαθὸν
3279 4572 3429 4625 ἔσται
3458 4573 3548 4624 xui
3591 4570 3683 4622 τοῦ
3730 4572 3912 4633 ἁπλῶς
3932 4572 4014 4623 δν-

2454 4688 2543 4732 τος
2565 4670 2655 4721 xui
2684 4667 2775 4720 τοῦ
2812 4666 2882 4737 μὴ
2903 4666 3051 4727 ὄντος
3078 4662 3252 4731 πολλῷ
3280 4662 3537 4731 πρότερον
3567 4660 3821 4730 ὐπεριδρυ
3830 4662 4007 4730 μένον.

2461 4762 2532 4814 Τὸ
2571 4759 2818 4813 δὲνκακὸν
2856 4757 2975 4809 οῦτε
3007 4758 3062 4807 έν
3099 4757 3210 4816 τοῖς
3259 4748 3423 4815 οὖσιν,
3455 4752 3575 4805 οῦτε
3603 4754 3662 4803 ὲν
3700 4754 3809 4814 τοῖς
3828 4752 3899 4822 μὴ
3928 4748 4015 4807 οὗ.

2462 4870 2562 4913 σιν,
2598 4851 2729 4903 ἀλλά
2765 4850 2857 4901 xui
2885 4845 3045 4900 αὑτοῦ
3077 4846 3120 4876 ’⁷⁵
3150 4843 3243 4897 τοῦ
3276 4843 3349 4913 μὴ
3388 4843 3535 4904 ὄντος
3588 4840 3781 4912 μᾶλλον
3812 4842 4013 4913 ἀπέχον

2461 4939 2715 5009 τάγαθοῦ,
2748 4938 3020 5007 ἀλλότριον
3046 4936 3092 4967 ⁷⁸
3128 4934 3221 4987 xui
3268 4931 3670 5000 ἀνουσιώτερον.
3712 4931 3879 4984 Πόθεν
3918 4929 4016 4986 οὖν

2460 5034 2574 5083 ἐστι
2596 5030 2655 5081 τὸ
2684 5028 2847 5081 κακόν
2875 5042 2888 5089 ;
2920 5025 3059 5076 εἴποι
3084 5040 3183 5085 τις.
3213 5022 3277 5074 Ei
3299 5021 3405 5091 γὰρ
3442 5020 3515 5090 μὴ
3562 5020 3674 5072 ἐστι
3717 5021 3776 5071 τὸ
3823 5023 4012 5079 κακὸν,

2463 5120 2628 5192 ἀρετὴ
2662 5121 2753 5173 xui
2796 5117 2961 5170 κακία
2988 5114 3202 5173 ταύτὸν,
3253 5114 3346 5164 xui
3379 5114 3411 5179 ἡ
3444 5112 3589 5163 πᾶσα
3621 5112 3685 5179 τῇ
3714 5110 3827 5183 ὅλῃ,
3858 5112 3955 5164 xui
3981 5114 4016 5183 ἡ

2462 5217 2518 5265 ὲν
2542 5213 2693 5283 μέρει
2716 5213 2780 5281 τῇ
2804 5207 3043 5277 ἀναλόγῳ
3057 5205 3098 5235 ⁷⁷
3118 5223 3129 5234 '
3170 5204 3202 5273 ἢ
3232 5204 3350 5256 οὐδὲ
3378 5202 3436 5254 τὸ
3469 5204 3532 5271 τῇ
3579 5202 3743 5272 ἀρετῇ
3786 5201 4023 5274 μαχόμε-

2061 5395 2292 5453 VARI/ﬂ
2325 5387 2725 5448 LECTlONES.

882 5568 926 5599 “
958 5571 1013 5621 ὲν
1040 5565 1234 5635 ἐαυτῷ,
1269 5565 1324 5619 S.
1366 5565 1424 5617 Β.
1503 5564 1545 5595 ⁸⁸
1575 5564 1812 5635 γίνεται,
1822 5576 1936 5635 non
1965 5570 2045 5612 est
2078 5557 2217 5635 in__S.

812 5639 1020 5703 006,0.
1122 5630 1421 5699 "emus.
1498 5633 1698 5685 ⁷⁸οὐδέ.
1783 5630 2039 5703 Nam.

2402 5556 2443 5585 "
2468 5553 2621 5615 αὐτὸς
2642 5551 2719 5609 δέ,
2756 5548 2824 5602 Μ.
2844 5547 2887 5577 ⁸⁸
2907 5526 2986 5599 sic
3010 5538 3336 5615 S.P._pro...
3361 5549 3555 5615 σωμεν.
3580 5535 3625 5615 ⁸⁸⁸
3649 5537 3713 5588 ὲκ
3754 5537 3849 5591 τοῦ
3876 5538 4019 5606 ἀγα-

2137 5626 2182 5657 ⁷⁸
2208 5627 2298 5680 xui
2326 5625 2385 5677 τὸ
2407 5622 2605 5691 ἀγαθόν
2632 5661 2647 5685 ,
2684 5621 2751 5673 Μ.

2848 5618 2894 5647 ⁷⁵
2927 5614 3013 5667 hic
3066 5614 3116 5665 in
3142 5605 3209 5664 Μ.
3245 5605 3537 5677 quaternio
3577 5611 3763 5660 deerat
3792 5649 3809 5671 ,
3855 5605 4017 5677 quem

814 5673 1171 5791 pugili-rentich
1198 5673 1597 5775 qiia't’uordecim
1622 5673 2071 5769 complectuntur.
2146 5697 2193 5727 ⁷⁵
2220 5695 2426 5759 τούτου,
2594 5673 2646 5723 τί
2670 5692 2723 5744 lu
2756 5690 2814 5745 S.
2846 5684 2909 5739 P.
2966 5682 3059 5736 Sc.
3124 5673 3275 5732 deest
3300 5679 3401 5732 hoc
3431 5673 3669 5729 verbum.
3747 5680 3789 5710 ⁷⁷
3819 5673 3886 5750 τῇ
3918 5677 4025 5731 ἀνὰ

816 5775 988 5834 λόγον.
1016 5776 1072 5830 S.
1104 5775 1162 5830 P.
