4176 6308
196 374 312 430 ἨἹ

1245 370 1333 425 οε
1366 369 1617 427 otvms
1647 369 2040 435 NOMINIBUS,
2096 369 2244 428 car.
2282 336 2368 427 Iv.

3299 381 3399 435 718

182 509 292 547 νον
316 492 465 545 ἔσται
500 492 682 544 κακόν.
716 490 903 543 Καίτοι
939 487 1153 541 ἐναντία
1182 486 1496 557 σωφροσύνη
1516 488 1605 540 καὶ
1634 488 1750 540 ἀκο-
1780 495 1825 547 Α

1741 519 1750 528 -
1780 495 1825 547 Α
1853 491 1959 544 lum
1995 506 2100 543 non
2127 499 2233 554 est,
2256 491 2426 544 virtus
2466 498 2520 544 et
2554 490 2742 547 vitium
2802 491 2944 547 idem
3001 503 3127 547 sunt
3153 494 3390 566 (pi-opm.

182 587 377 649 λασία,
403 588 495 640 καὶ
521 583 822 653 δικαιοσύνη
846 582 939 634 καὶ
972 579 1167 635 ἀδικία.
1200 580 1306 632 Καὶ
1333 579 1393 629 οὐ
1423 578 1587 648 δήπου
1610 577 1747 631 κατὰ

182 680 290 733 τὸν
315 680 518 733 δίκαιον
559 676 651 730 καὶ
681 674 769 727 τὸν
806 672 987 727 ἄδικόν
1034 688 1194 741 φημι,
1222 669 1314 722 καὶ
1350 667 1441 722 τὸν
1496 667 1747 738 σώφρονα

182 768 407 833 καὶτὸν
434 766 744 821 ἀκόλαστον·
774 762 904 816 ἀλλά
926 761 1016 815 καὶ
1042 760 1147 831 πρὸ
1170 760 1264 828 τῆς
1292 756 1395 822 ἔξω
1423 757 1747 828 φαινομένης

180 859 291 912 τοῦ
317 856 570 929 ἐναρέτου
620 854 751 925 πρὸς
795 852 885 906 τὸν
930 850 1296 920 ἀντικείμενον
1338 848 1665 911 διαστάσεως
1690 849 1747 901 ὲν

187 949 334 1020 αὐτῇ
386 946 561 1021 πολλῷ
608 946 865 1019 πρότερον
900 946 965 1015 τῇ
1007 942 1148 1013 ψυχῇ
1191 940 1410 994 καθόλου
1435 940 1743 1024 διεστήκασι

191 1039 304 1094 τῶν
329 1038 534 1108 ἀρετῶν
561 1038 616 1091 αἱ
642 1035 846 1097 κακίαι,
886 1035 980 1089 καὶ
1020 1034 1153 1105 πρὸς
1191 1031 1280 1086 τὸν
1320 1032 1471 1101 λόγον
1497 1031 1564 1085 τὰ
1599 1031 1742 1101 πάθη

183 1132 493 1195 στασιάζει,
520 1130 611 1183 καὶ
632 1132 695 1181 ὲκ
720 1126 919 1181 τούτων
947 1127 991 1159 ⁷⁸
1018 1126 1225 1198 ἀνάγκη
1254 1125 1430 1179 δοῦναί
1446 1144 1498 1178 τι
1520 1124 1594 1196 τῷ
1618 1124 1746 1194 ἀγα-

185 1222 275 1291 θῷ
302 1220 467 1276 κακὸν
488 1219 742 1275 ἐναντίον.
776 1220 846 1270 Οὺ
874 1218 982 1289 γὰρ
1006 1208 1178 1287 ἑαυτῷ
1211 1217 1441 1285 τάγαθὸν
1483 1216 1741 1281 ἐναντίον,

184 1313 309 1373 ἀλλ’
340 1313 415 1375 ὡς
448 1311 553 1365 ἀπὸ
583 1310 707 1380 μιᾶς
747 1309 938 1379 ἀρχῆς,
967 1307 1060 1361 καὶ
1092 1306 1208 1369 ἑνὸς
1240 1307 1455 1375 ἔκγονον
1483 1308 1527 1339 ⁷⁸
1550 1307 1740 1371 αἰτίου,

186 1401 461 1470 κοινωνίᾳ,
489 1399 581 1452 καὶ
607 1398 834 1469 ένότητι,
865 1398 957 1450 καὶ
989 1396 1138 1466 φιλίᾳ
1161 1394 1355 1465 χαίρει.
1396 1392 1504 1448 Καὶ
1541 1394 1660 1447 οὐδὲ
1685 1394 1744 1447 τὺ

183 1493 407 1546 ιλαττον
440 1489 658 1556 ἀγαθὸν,
692 1489 768 1559 τῷ
817 1487 1018 1560 μείζονι
1068 1486 1332 1540 ἐναντίον·
1372 1484 1493 1538 οὔτε
1539 1485 1645 1555 γάρ
1682 1485 1743 1539 τὸ

178 1578 353 1655 ἦττον
382 1582 579 1655 θερμὸν
612 1582 644 1653 ἢ
670 1578 868 1650 ψυχρὸν
916 1578 993 1648 τῷ
1044 1574 1242 1630 πλείονι
1276 1575 1528 1630 ἐναντίον.
1557 1575 1742 1629 Ἔστιν

180 1670 282 1727 οὖν
312 1677 369 1726 ὲν
386 1676 495 1737 τοῖς
524 1669 659 1735 οὖσι,
694 1671 787 1723 καὶ
827 1669 886 1721 δν
936 1669 1069 1730 έστι,
1118 1668 1210 1720 καὶ
1254 1666 1605 1719 ἀντιτέθειται
1650 1666 1742 1719 καὶ

182 1762 509 1833 ἠναντίωται
532 1754 750 1827 τάγαθῷ
777 1756 837 1809 τὸ
859 1755 1041 1808 κακόν.
1084 1753 1193 1805 Καὶ
1221 1752 1473 1823 εΓφθορά
1500 1750 1740 1804 εστι-τῶν

1852 582 1994 636 tione
2014 581 2220 634 scilicet
2263 582 2427 634 totius
2451 580 2515 634 ad
2547 589 2739 645 totum,
2768 590 2820 635 et
2842 583 3011 651 partis
3034 585 3100 637 ad
3129 588 3393 655 partem),

1848 680 1941 725 aut
1967 671 2156 726 saltem
2190 671 2242 724 id
2284 672 2429 739 quod
2488 672 2669 725 virtuti
2720 682 2984 741 repugnat
3018 688 3122 728 non
3150 676 3255 729 erit
3285 693 3396 731 ma-

1847 757 1982 815 lum.
2007 762 2168 830 Atqui
2222 762 2490 816 contraria
2543 772 2666 815 sunt
2728 768 3078 833 temperantia
3111 776 3167 821 et
3198 769 3393 823 intem-

1846 853 2115 917 perantia,
2165 852 2373 921 iustitia
2423 864 2477 906 et
2534 852 2816 919 injustitia.
2874 852 3057 924 Neque
3113 872 3241 912 vero
3272 858 3394 913 dico

1845 942 1965 997 illas
1993 956 2113 997 esse
2150 943 2469 1006 contrarias,
2513 942 2564 997 in
2598 955 2853 1011 quantum
2884 947 3148 1015 prodeunt
3179 964 3209 1001 a
3245 950 3394 1017 iusto

1846 1043 1898 1088 et
1926 1034 2143 1100 iujusto,
2170 1044 2224 1087 et
2265 1049 2294 1098 a
2343 1045 2677 1104 temperante
2724 1046 2885 1105 atque
2949 1038 3388 1110 intemperante;

1845 1137 2030 1186 verum
2061 1124 2222 1176 etiam
2273 1126 2420 1191 prius
2469 1140 2629 1193 quam
2673 1126 2772 1180 viri
2822 1127 2971 1195 probi
3022 1130 3091 1183 ab
3145 1130 3390 1201 improbo

1844 1213 2200 1280 discrepantia
2233 1214 2364 1269 l‘oris
2413 1227 2685 1284 appareat,
2730 1218 2841 1287 jam
2874 1221 2924 1272 in
2979 1222 3092 1289 ipso
3145 1225 3325 1277 animo
3356 1242 3385 1278 a

1844 1304 2132 1359 virtutibus
2174 1307 2301 1359 vitia
2358 1308 2689 1377 discrepant,
2712 1319 2767 1363 et
2817 1326 2845 1363 a
2891 1313 3098 1366 ratione
3129 1315 3391 1371 dissident

1843 1395 2274 1462 perturbationes
2309 1413 2324 1461 ;
2358 1388 2684 1466 quapropter
2734 1402 3041 1455 necessario
3083 1406 3389 1457 conceden-

1843 1485 1968 1537 dum
2005 1494 2110 1549 est,
2163 1485 2358 1538 malum
2414 1486 2627 1554 aliquod
2678 1502 2797 1542 esse
2852 1490 2994 1546 bono
3033 1493 3386 1545 contrarium.

1842 1574 2022 1643 Neque
2044 1576 2184 1629 enim
2217 1577 2314 1631 sibi
2364 1577 2558 1630 bonum
2608 1580 2939 1634 contrarium
2970 1590 3072 1645 est,
3106 1582 3200 1635 sed
3238 1593 3296 1635 ut
3321 1584 3389 1638 ab

1842 1683 1948 1721 uno
1995 1668 2258 1737 principio
2308 1684 2521 1737 unaque
2566 1685 2727 1723 causa
2783 1646 3079 1739 profectum
3141 1689 3386 1728 commu-

1842 1760 2020 1822 nione,
2072 1760 2466 1827 conjunctione,
2522 1760 2867 1829 amicitiaque
2930 1766 3142 1832 gaudet.
3203 1764 3385 1833 Neque

182 1856 377 1919 ὅντων,
430 1856 528 1908 οὐκ
581 1851 827 1905 ἐκϐάλλει
894 1848 1047 1901 τοῦτο
1116 1846 1212 1899 τοῦ
1259 1840 1394 1898 εἶναι
1444 1844 1506 1897 τὸ
1552 1842 1737 1905 κακὸν,
1770 1873 1810 1928 Β

1735 1888 1737 1899 ,
1770 1873 1810 1928 Β
1839 1848 1999 1902 etiam
2024 1850 2198 1903 minus
2230 1850 2428 1903 bonum
2454 1850 2636 1917 majori
2664 1854 2981 1907 adversatur
3009 1870 3023 1917 ;
3055 1855 3175 1922 quia
3210 1870 3384 1924 neque

181 1948 302 2001 ἀλλ’
351 1948 498 1999 ἔσται
551 1945 643 1997 καὶ
672 1942 798 1996 αὐτὸ
820 1940 899 2005 ὃν,
929 1940 1019 1992 καὶ
1051 1938 1217 1992 ὄντων
1248 1934 1637 2005 γενεσιουργόν.
1669 1935 1738 1986 Ἥ

1735 1935 1738 1985 ζ
1842 1939 1892 1991 id
1930 1940 2071 2007 quod
2102 1942 2276 1993 minus
2300 1941 2533 1995 calidum
2565 1951 2656 1996 aut
2688 1942 2942 2013 frigidum
2964 1954 3067 2009 est,
3095 1948 3262 2015 magis
3290 1963 3384 2001 ca-

181 2046 306 2115 οὐχὶ
342 2044 644 2114 πολλάκιςῆ
669 2040 818 2094 τοῦδε
857 2036 1027 2110 φθορά
1055 2034 1206 2089 τοῦδε
1230 2033 1470 2102 γίγνεται
1491 2032 1733 2102 γένεσις;

1839 2027 1945 2081 lido
1970 2029 2226 2096 frigidove
2256 2032 2640 2086 contrariatur.
2694 2032 2789 2086 Est
2818 2034 2978 2103 igitur
3004 2037 3054 2088 in
3079 2052 3259 2090 rerum
3288 2052 3382 2089 ua~

181 2136 297 2191 Kal
317 2134 463 2191 ἔσται
482 2133 541 2185 τὸ
575 2131 739 2185 κακὸν
763 2132 840 2193 είς
873 2128 967 2199 τὴν
1002 2126 1092 2180 τοῦ
1133 2123 1325 2187 παντὸς
1354 2122 1734 2193 συμπλήρωσιν

1727 2139 1734 2167 ι
1835 2128 1975 2183 tura,
2025 2126 2211 2188 estque
2269 2120 2491 2189 aliquid,
2522 2131 2576 2177 et
2602 2127 2890 2191 opponitur
2934 2135 3095 2195 atque
3122 2128 3376 2181 adversa-

182 2225 488 2288 συντελοῦν,
528 2224 619 2277 καὶ
658 2221 734 2293 τῷ
772 2221 875 2292 ὃλῳ
900 2219 959 2272 τὸ
998 2217 1070 2290 μὴ
1117 2216 1299 2279 ἀτελὲς
1326 2210 1461 2267 εἶναι
1490 2211 1554 2265 δι’
1574 2212 1733 2266 έαυτδ

1729 2237 1733 2260 .
1834 2215 1923 2261 tur
1956 2207 2096 2262 bono
2134 2210 2353 2265 malum.
2384 2210 2448 2264 Et
2472 2219 2586 2265 esto
2633 2216 2908 2281 corruptio
2936 2216 3008 2269 sit
3034 2231 3238 2279 rerum,
3272 2232 3378 2269 non

181 2315 573 2386 παρεχόμενον.

1830 2308 2006 2353 tamen
2037 2301 2141 2353 hoc
2165 2302 2375 2369 penitus
2422 2302 2747 2386 exterminat
2793 2305 2988 2358 malum
3012 2321 3042 2359 e
3071 2319 3250 2359 rerum
3276 2322 3373 2358 ua—

183 2380 451 2466 tur'afsed
474 2404 579 2456 erit
616 2401 741 2455 illud
767 2400 929 2454 etiam
958 2396 1177 2464 aliquid,
1208 2402 1262 2449 et
1297 2393 1363 2448 ad
1393 2406 1569 2446 rerum
1623 2388 1863 2444 conferet
1922 2390 2342 2457 generationem.
2406 2380 2599 2439 Annon
2680 2392 2987 2462 frequenter
3042 2396 3201 2449 unius
3266 2409 3381 2449 cor-

180 2498 363 2567 ruptio
412 2496 634 2550 alterius
687 2504 769 2548 est
814 2488 1135 2561 generatio?
1174 2485 1330 2555 Atqui
1386 2483 1583 2537 malum
1629 2483 1731 2535 hoc
1764 2479 1921 2532 modo
1949 2478 2014 2532 ad
2038 2479 2268 2534 universi
2300 2479 2681 2549 plenitudinem
2726 2486 3005 2551 conducet,
3062 2502 3126 2541 ac
3180 2501 3276 2555 per
3320 2501 3383 2539 se

180 2588 374 2654 faciet,
406 2597 463 2641 ut
494 2599 670 2641 rerum
698 2583 1019 2639 universitas
1044 2580 1147 2634 hon
1181 2578 1251 2633 sit
1290 2573 1623 2645 imperfecta.

1666 2728 1694 2801 δ
1725 2727 1868 2787 xx.

264 2910 409 2981 Ἕρεῖ
435 2909 491 2962 δὲ
521 2908 655 2980 πρὸς
680 2906 848 2960 ταῦτα
881 2906 909 2959 ό
935 2902 1134 2974 ἀληθὴς
1162 2899 1333 2967 λόγος,
1377 2898 1458 2949 ὅτι
1487 2893 1548 2946 τὸ
1570 2889 1734 2945 κακὸν
1902 2911 1913 2941 Α

1725 2907 1734 2941 ι
1902 2888 1981 2941 Ad
2018 2886 2130 2941 haec
2160 2898 2337 2941 autem
2393 2902 2518 2941 vera
2574 2888 2709 2941 ratio
2760 2891 3123 2957 respondebit,
3177 2897 3374 2950 malim

182 2998 216 3076 ᾗ
244 2978 409 3055 κακον
432 3002 477 3032 ⁸⁸
499 2978 750 3070 οὐδεμίαν
796 2998 980 3049 οὐσίαν
1003 2994 1035 3063 ἢ
1056 2992 1264 3060 γένεσιν
1298 2988 1467 3049 ποιεῖ,
1495 2984 1649 3055 μόνον
1678 2981 1735 3076 δέ

1727 3000 1735 3032 ;
1833 2994 1938 3048 qua
1976 2978 2174 3031 malum
2224 2979 2353 3031 nihil
2382 2978 2625 3033 conferre
2651 2980 2717 3033 ad
2747 2983 3038 3036 essentiam
3073 2994 3164 3039 aut
3196 3001 3376 3042 rerum

183 3070 405 3149 κακύνει
432 3095 524 3146 καὶ
570 3092 773 3162 φθείρει
810 3088 868 3141 τὸ
898 3086 981 3141 ἐπ’
994 3084 1137 3156 αὐτῷ
1156 3084 1252 3154 τὴν
1280 3079 1385 3133 τῶν
1415 3079 1579 3131 ὅντων
1611 3072 1736 3126 ὑπό-

1723 3101 1736 3115 -
1844 3070 2270 3141 generationem,
2326 3070 2442 3137 sed,
2492 3080 2749 3139 quantum
2781 3073 2834 3125 in
2879 3073 2993 3141 ipso
3043 3085 3147 3139 est,
3194 3091 3372 3130 rerum

181 3203 388 3239 στασιν.
413 3186 475 3237 El
494 3185 549 3237 δὲ
573 3161 941 3252 γενεσιουργόν
970 3194 1050 3241 τις
1072 3177 1200 3230 αὐτὸ
1217 3171 1352 3228 εἷναι
1378 3169 1523 3236 λέγει
1542 3170 1608 3229 ⁸¹,
1641 3165 1733 3219 καὶ⁸

1723 3179 1733 3218 ι
1831 3161 2187 3216 substantiam
2219 3169 2423 3215 tantum
2479 3162 2772 3230 depravare
2824 3173 2984 3232 atque
3030 3166 3263 3221 abolere.
3317 3171 3372 3223 Si

176 3279 246 3346 τῇ
280 3274 465 3326 τούτου
508 3272 679 3342 φθορᾷ
699 3270 776 3354 τῷ
804 3270 971 3339 ἑτέρῳ
1019 3266 1209 3319 διδόναι
1258 3264 1483 3354 γένεσιν,
1514 3260 1732 3354 ineat-9t:
1754 3295 1796 3354 ϐ

1720 3284 1796 3354 -C
1830 3254 1950 3321 quis
1993 3261 2169 3306 autem
2228 3252 2442 3315 dixerit,
2495 3254 2596 3305 hoc
2637 3254 2753 3320 ipso
2808 3268 2986 3308 rerum
3030 3258 3369 3324 generationi

174 3340 300 3413 τέον
331 3340 558 3429 ἀληθῶς,
589 3340 685 3427 eo:
788 3355 958 3426 φθορά
985 3356 1027 3385 ⁸⁸
1060 3354 1237 3407 δίδωσι
1275 3350 1504 3419 γένεσιν,
1552 3346 1662 3400 ἀλλ’
1758 3340 1796 3354 “

1721 3373 1723 3415 ι
1758 3340 1796 3354 ’⁸
1827 3344 2156 3405 subservire,
2188 3343 2309 3395 dum
2340 3343 2563 3397 alterius
2605 3344 2950 3411 corruptione
2973 3356 3188 3414 praestat
3216 3348 3370 3402 alteri

181 3444 283 3515 μὲν
310 3444 477 3514 φθορὰ
514 3444 607 3496 καὶ
657 3443 821 3497 κακὸν
875 3444 1081 3513 φθείρει
1112 3442 1203 3494 καὶ
1230 3440 1275 3473 ⁸³
1299 3436 1518 3492 κακύνει
1548 3436 1723 3507 μόνον,

178 3536 388 3602 γένεσις
423 3535 479 3588 δὲ
528 3536 639 3602 καὶ,
662 3532 813 3586 οὐσία
854 3534 938 3587 διά
964 3533 1038 3587 «rb
1090 3530 1290 3601 ἀγαθὸν
1342 3531 1604 3599 γίγνεται,
1633 3528 1725 3582 καὶ⁵

175 3598 406 3677 έσταιτὺ
431 3612 593 3697 κιακδν
628 3598 797 3695 φθορὰ
829 3624 924 3694 μὲν
950 3623 1014 3676 δι’
1065 3598 1241 3686 ἑαυτὸ,
1282 3598 1727 3689 γενεσιουργὸνδὲ

175 3717 270 3771 6ιά
301 3716 360 3768 τὸ
390 3714 589 3784 ἀγαθόν
612 3732 623 3744 ·
658 3716 749 3768 καὶ
773 3710 806 3786 ᾖ
832 3714 927 3785 μὲν
950 3713 1113 3767 κακὸν
1155 3709 1276 3765 οὔτε
1309 3710 1366 3767 ὃν
1389 3710 1509 3763 οὔτε
1560 3709 1724 3762 όντων

179 3805 455 3876 ποιητικόν
474 3821 487 3834 ·
518 3802 675 3857 διὰδὲ
706 3804 765 3856 τὸ
790 3804 986 3871 ἀγαθὸν
1018 3803 1104 3858 καὶ
1143 3802 1224 3866 ὃν,
1268 3802 1359 3855 καὶ
1407 3801 1607 3867 ἀγαθὸν
1642 3799 1720 3863 δν,

177 3897 272 3949 καὶ
297 3896 509 3963 ἀγαθῶν
532 3895 822 3965 ποιητικόν.
853 3893 1131 3946 Μᾶλλονδὲ
1160 3892 1274 3945 οὐδὲ
1300 3893 1405 3963 γάρ
1437 3892 1585 3943 ἔσται
1606 3889 1723 3941 “rb

176 3987 311 4039 αὐτὸ
328 3986 532 4039 κατὰτὸ
546 3985 673 4037 αὐτὸ
692 3986 783 4037 καὶ
798 3984 995 4052 ἀγαθὸν
1010 3984 1100 4035 καὶ
1119 3983 1304 4044 κακὸν,
1317 3982 1432 4033 οὐδὲ
1452 3980 1542 4033 τοῦ
1561 3976 1721 4032 αὐτοῦ

174 4076 354 4147 φθορά
380 4077 469 4129 καὶ
493 4075 699 4144 γένεσις
729 4076 761 4145 ἡ
788 4075 920 4144 αὑτὴ
944 4070 1079 4126 κατά
1098 4073 1156 4124 τὸ
1181 4073 1307 4124 αὐτὸ
1332 4072 1572 4142 δύναμις,
1600 4069 1722 4122 οὔτε

177 4164 554 4233 αὑτοδύναμις,
576 4164 607 4233 ἢ
629 4163 947 4233 αὑτοφθορά·
967 4163 1025 4214 τὸ
1046 4162 1141 4231 μὲν
1164 4161 1461 4213 αὐτοκακὺν
1482 4159 1602 4211 οὔτε
1640 4159 1718 4223 δν,

174 4255 301 4309 οὗτε
326 4256 541 4322 ἀγαθὸν,
577 4247 696 4307 οὔτε
722 4255 1107 4324 γενεσιουργὸν,
1136 4252 1254 4305 οὔτε
1281 4254 1445 4305 ὄντων
1470 4253 1561 4309 καὶ
1585 4254 1721 4319 ἀγα-

176 4347 287 4399 θῶν
314 4347 583 4416 ποιητικόν
606 4363 619 4376 ·
646 4346 707 4399 τὸ
751 4346 805 4399 δὲ
852 4347 1069 4413 ἀγαθὸν,
1100 4348 1153 4399 ὲν
1188 4340 1266 4409 οἷς
1293 4347 1387 4415 μὲν
1416 4345 1480 4397 ἄν
1528 4344 1721 4407 τελέως

175 4438 482 4508 ἐγγένηται,
532 4436 707 4491 τέλεια
757 4441 914 4499 ποιεῖ,
965 4438 1055 4490 καὶ
1103 4438 1293 4506 ἀμιγῆ,
1323 4436 1414 4489 καὶ
1458 4437 1719 4505 ὁλόκληρα

173 4527 355 4595 ἀγαθά
379 4545 390 4557 ·
417 4528 485 4580 τά
510 4522 563 4581 δὲ
588 4523 746 4599 ἦττον
773 4528 934 4581 αὑτοῦ
966 4528 1250 4598 μετέχοντα
1278 4530 1367 4581 καὶ
1392 4529 1549 4597 ἁτελῆ
1575 4530 1720 4580 ἐστιν

1824 3435 2173 3504 genituram;
2216 3434 2641 3500 respondendum
2693 3434 2893 3502 utique,
2956 3452 3060 3488 non
3110 3448 3371 3505 quatenus

1823 3522 2119 3591 corrumpit
2154 3522 2413 3593 perlicere
2457 3524 2881 3593 generationem,
2934 3527 3058 3594 quia
3097 3536 3366 3595 quatenu.

1823 3617 2119 3683 corrumpit
2165 3614 2362 3668 malum
2395 3624 2496 3677 est,
2532 3630 2650 3668 nam
2700 3624 2757 3668 ut
2806 3617 2885 3670 sic
2915 3619 3371 3672 tantumdestruit

1823 3721 1887 3760 ac
1920 3708 2199 3776 depravat,
2248 3720 2370 3760 cum
2399 3706 2680 3774 generatio
2706 3715 2759 3760 et
2785 3707 3017 3759 essentia
3052 3723 3146 3776 per
3169 3709 3372 3762 bonum

1823 3796 1996 3851 ﬁant:
2029 3808 2190 3865 atque
2238 3797 2371 3850 adeo
2426 3799 2626 3851 malum
2676 3813 2739 3852 ex
2786 3813 2845 3851 se
2872 3799 3086 3865 quidem
3114 3800 3215 3852 erit
3245 3816 3367 3855 cor-

1822 3890 2021 3958 ruptio,
2053 3891 2321 3943 subservit
2348 3900 2525 3942 autem
2557 3889 2890 3958 generationi
2922 3903 3015 3956 per
3042 3888 3092 3942 id
3121 3893 3264 3958 quod
3285 3892 3371 3944 bo-

1824 3996 1946 4035 num
1975 3990 2077 4045 est,
2108 3983 2348 4050 adeoque
2372 3996 2475 4050 qua
2524 3980 2720 4032 malum
2754 3996 2927 4047 neque
2959 3996 3042 4034 res
3064 3992 3169 4044 est,
3197 3998 3369 4052 neque

1823 4088 1905 4126 res
1937 4074 2205 4141 producit,
2254 4072 2346 4125 sed
2397 4086 2493 4139 per
2523 4072 2718 4124 bonum
2760 4082 2811 4125 et
2839 4087 2923 4127 res
2951 4082 3034 4126 est
3063 4084 3116 4127 et
3145 4076 3364 4141 bonum,

1822 4164 2169 4235 producitque
2255 4166 2412 4217 bona.
2489 4162 2738 4229 Quinimo
2812 4180 2914 4217 non
2991 4169 3093 4219 erit
3153 4168 3364 4234 quidem

1820 4259 1956 4312 idem
1991 4258 2176 4310 eadem
2397 4268 2462 4307 ex
2507 4267 2655 4323 parte
2704 4264 2756 4307 et
2803 4258 2998 4309 bonum
3042 4266 3095 4309 et
3145 4257 3363 4320 malum,

1821 4365 1998 4418 neque
2073 4352 2258 4402 eadem
2304 4348 2539 4415 potentia
2595 4348 2693 4401 sub
2746 4348 2929 4401 eadem
2984 4350 3188 4403 ratione
3246 4366 3368 4403 cor-

1820 4442 1995 4508 ruptio
2066 4450 2119 4493 et
2181 4439 2497 4506 generatio,
2558 4454 2728 4505 neque
2786 4441 2895 4506 ipsa
2947 4441 3062 4503 vis,
3114 4452 3200 4493 aut
3251 4442 3363 4508 ipsa

1819 4530 2125 4598 corruptio;
2164 4530 2334 4597 ipsum
2366 4531 2507 4582 enim
2571 4532 2767 4582 malum
2824 4546 2997 4597 neque
3028 4541 3127 4593 est,
3189 4547 3363 4599 neque

174 4617 377 4685 ἀγαθὰ,
405 4619 499 4670 καί
527 4619 831 4688 μεμιγμένα
877 4618 963 4671 διὰ
988 4620 1082 4689 τὴν
1109 4619 1338 4685 ἔλλειψιν
1380 4618 1472 4670 τοῦ
1495 4617 1729 4685 ἀγαθοῦ.⁴
1751 4637 1795 4693 ι)

1711 4630 1729 4669 .‘
1751 4637 1795 4693 ι)
1824 4622 2019 4674 bonum
2054 4630 2152 4681 est,
2196 4634 2367 4688 neque
2391 4619 2682 4687 generandi
2713 4620 2815 4670 vim
2846 4619 3022 4683 habet,
3052 4632 3222 4685 neque
3252 4634 3360 4675 res.

176 4707 288 4761 Καὶ
313 4708 408 4759 οὐκ
434 4708 544 4760 ἔστι
569 4703 790 4761 καθόλου
819 4710 877 4761 τὸ
899 4710 1060 4760 κακὸν
1085 4708 1203 4761 οὔτε
1230 4710 1425 4775 ἀγαθὸν
1449 4710 1567 4762 οὔτε
1593 4711 1724 4777 ἁγα-

174 4795 391 4848 θοπσιόν
414 4813 442 4827 ··
473 4798 603 4850 ἀλλά
634 4798 693 4849 τὸ
747 4799 939 4868 μᾶλλον
994 4800 1024 4867 ἢ
1052 4794 1207 4869 ἦττον
1240 4798 1328 4868 τῷ
1354 4800 1538 4869 ἀγαθῴ
1586 4802 1722 4870 πλη-

181 4886 362 4948 ϐιάζον
406 4888 675 4955 ἀναλόγως
724 4888 872 4940 ἔσται
920 4888 1115 4955 ἀγαθόν
1160 4888 1237 4919 ⁸⁸·
1288 4889 1510 4959 ἐπείπερ
1561 4892 1592 4959 ὴ
1636 4889 1722 4941 διά

180 4977 392 5029 πάντων
417 4978 650 5046 φοιτῶσα
678 4978 938 5046 παντελὴς
964 4978 1227 5047 ἀγαθότης
1252 4979 1310 5030 οὑ
1338 4967 1491 5050 μέχρι
1520 4979 1721 5047 μόνον⁸⁶

176 5071 344 5138 χωρεῖ
388 5068 493 5121 τῶν
520 5071 643 5141 περὶ
690 5072 855 5141 αὐτὴν
895 5070 1216 5139 παναγάθων
1261 5070 1471 5133 οὐσιῶν,
1498 5071 1726 5122 ἐκτείνε-

176 5178 265 5214 ται
291 5162 343 5214 δὲ
386 5163 508 5234 ἄχρι
536 5165 642 5217 τῶν
665 5166 925 5235 ἐσχάτων,
960 5169 1076 5229 ταῖς
1125 5166 1219 5235 μὲν
1245 5165 1434 5227 ὀλικῶς
1458 5165 1721 5235 παροῦσα,

176 5252 719 5325 ταῖςδὲὺφειμένως,
747 5256 933 5319 ἄλλαις
979 5256 1033 5308 δὲ
1077 5257 1331 5326 ἐσχάτως,
1382 5256 1455 5317 ὼς
1501 5256 1725 5308 ’ἑκαστον

1826 4727 1997 4781 neque
2022 4715 2158 4765 bona
2190 4710 2349 4775 facit;
2380 4712 2575 4765 bonum
2608 4721 2785 4764 autem
2812 4712 3222 4779 quibuscunque
3243 4726 3364 4779 per-

1822 4803 2147 4869 fecteinest,
2181 4805 2365 4858 eadem
2418 4813 2471 4857 et
2526 4803 2762 4872 perfecta
2804 4813 2861 4857 et
2906 4804 3169 4871 simplicia
3202 4812 3362 4871 atque

1823 4899 2031 4967 integra
2060 4898 2196 4951 bona
2229 4898 2589 4966 reddit;-qu:e
2624 4911 2749 4951 vero
2774 4898 2949 4951 minus
2982 4899 3156 4964 ipsum
3188 4898 3359 4963 parti-

1823 4990 2023 5058 cipant,
2056 4987 2361 5055 imperfecta
2398 4989 2533 5040 bona
2568 4996 2693 5041 sunt
2730 4997 2784 5040 et
2834 4988 3110 5057 permista,
3143 4999 3361 5055 pr0pter

1823 5080 1944 5133 boni
1978 5079 2351 5146 privationem.
2381 5078 2485 5131 Sed
2547 5085 2741 5131 malum
2770 5081 2979 5147 penitus
3003 5093 3109 5132 non
3135 5086 3236 5143 est,
3269 5092 3359 5130 ne-

1822 5182 1925 5237 que
1955 5169 2151 5220 bonum
2187 5181 2358 5235 neque
2411 5169 2706 5222 beneﬁcum
2755 5179 2877 5232 est;
2911 5184 3093 5236 verum
3134 5168 3185 5221 id
3216 5168 3356 5237 quod

1822 5258 1993 5325 magis
2026 5257 2107 5311 vel
2136 5258 2313 5311 minus
2356 5261 2749 5327 appr0pinquat
2800 5260 2954 5323 bono,
2995 5274 3090 5323 pro
3113 5273 3209 5311 sua
3237 5273 3357 5325 por—

1422 5412 1652 5466 VARIIE
1687 5412 1971 5467 LECTION
1979 5412 2080 5467 ES.

238 5549 286 5581 "
318 5550 423 5602 κάκ
455 5549 672 5613 τούτων,
710 5549 843 5604 S.P.
920 5550 965 5584 ’⁸
994 5550 1227 5617 ἔγγονον,
1259 5550 1314 5604 S.
1345 5548 1403 5601 Ρ.
1434 5550 1495 5601 D.

183 5616 242 5670 Ι).
274 5619 503 5688 φθείρει,
542 5620 598 5673 Ρ.
707 5620 751 5650 ⁸³
776 5620 980 5689 φθείρει
1016 5616 1141 5689 γάρ,
1179 5621 1236 5674 Ρ.

1594 5549 1639 5580 ⁸⁸
1673 5550 1803 5604 καθὸ
1836 5548 2020 5609 κακόν,
2040 5547 2099 5601 Ρ.

1349 5620 1394 5649 ⁸⁸
1420 5621 1527 5690 ἄρα
1577 5620 1752 5683 ἔσται,

2203 5547 2244 5619 ¹ξ¹
2281 5543 2443 5615 λέγοι,
2476 5546 2531 5600 S.
2563 5546 2621 5600 Ρ.
2655 5546 2715 5600 D.
2791 5547 2834 5619 9³
2865 5548 2938 5619 ὡς
2970 5547 3069 5599 οὐκ
3166 5545 3353 5616 φθορά.

1916 5619 1963 5648 ⁸⁸
1983 5619 2041 5695 τό
2058 5616 2278 5695 ἀγαθόν,
2312 5610 2560 5695 l'tiequens
2590 5629 2766 5695 autem
2797 5618 2949 5695 hujus
2976 5610 3203 5695 nominis
3236 5610 3353 5693 cum

180 5686 701 5754 articulo‘scripturze
745 5686 973 5742 varietas
1020 5686 1070 5742 in
1094 5686 1518 5754 exemplaribus,
1551 5691 1601 5741 in
1634 5690 1749 5742 aliis
1783 5689 1840 5739 τὺ
1872 5687 2089 5753 ἀγαθὸν,
2114 5686 2203 5737 τοῦ
2235 5686 2456 5752 ἀγαθοῦ,
2488 5698 2617 5750 etc.,
2641 5687 2841 5754 integre
2869 5703 2880 5737 :
2915 5687 2964 5739 in
2991 5688 3109 5754 aliis
3140 5688 3355 5738 concise

179 5756 424 5819 τάγαθὸν,
449 5752 703 5824 τάγαθοῦ,
728 5757 961 5827 τάγαθῷ.
997 5761 1168 5814 Semel
1196 5752 1532 5814 admonuisse
1555 5759 1798 5824 sufﬁciat,
1832 5752 1950 5812 cum
1974 5771 2163 5811 sensus
2192 5772 2294 5809 non
2328 5759 2579 5811 varietur.
2660 5752 2706 5787 ⁸⁸
2737 5757 2929 5825 μόνων,
2965 5756 3020 5812 S.
3050 5752 3110 5808 P.
3131 5754 3192 5810 D.
