4186 6308
735 352 845 409 ’119

1908 352 1965 409 S.
2002 348 2301 406 DIONYS“
2334 350 2799 410 AREOPAGITE

3880 350 3979 405 7‘20

739 476 887 528 tione
918 472 1115 527 bonum
1147 472 1285 535 erit;
1316 486 1437 526 nam
1479 471 1720 542 perfecta
1782 470 2024 534 bonitas,
2051 485 2171 539 qua:
2214 484 2310 539 per
2338 476 2362 528 Α

2418 470 2579 540 αὐτῆς
2607 472 2851 542 μετέχειν
2875 470 3091 524 δύναται
3118 469 3225 523 τῶν
3249 470 3435 526 ὄντων.
3458 470 3567 524 Καὶ
3590 470 3658 524 τά
3687 472 3782 541 μὲν
3809 471 3990 540 πάντη

740 564 924 619 omnia
979 577 1039 618 se
1071 563 1342 629 diﬂ‘undit,
1390 580 1495 635 non
1548 564 1723 617 solum
1754 562 1821 616 ad
1868 562 1989 616 illas
2046 562 2304 635 optimas,

742 670 864 724 quae
895 654 997 727 ipsi
1025 653 1218 708 vicina:
1257 664 1401 716 sunt,
1464 655 1736 708 essentias
1792 648 2059 720 dimanat,
2114 651 2209 707 sed
2240 649 2308 705 ad

742 757 1019 807 extremas
1048 762 1221 815 usque
1251 746 1617 815 protenditur,
1668 746 1789 799 aliis
1840 745 2058 814 quidem
2111 759 2169 799 se
2199 753 2309 799 tota

743 854 1008 909 pmsens,
1040 840 1162 893 aliis
1206 849 1385 893 autem
1444 839 1687 892 inferiori
1746 839 1929 901 modo,
1976 848 2138 907 atque
2187 834 2307 907 aliis

743 928 953 1006 inﬁmo,
989 944 1086 997 pro
1106 939 1266 998 captu
1317 929 1527 983 scilicet
1575 928 1933 998 singulorum.
1974 926 2171 982 Eorum
2209 944 2310 982 au-

743 1032 853 1081 tem
889 1036 1007 1090 qua:
1030 1022 1319 1087 exsistunt,
1350 1020 1701 1089 aliaquidem
1730 1020 1927 1073 bonum
1964 1020 2121 1088 plane
2146 1022 2312 1089 parti-

744 1113 951 1183 cipant,
988 1111 1091 1181 alia
1119 1121 1301 1179 autem
1327 1126 1390 1164 eo
1421 1111 1594 1181 magis
1623 1110 1869 1166 minusve
1903 1111 2110 1177 privata
2138 1121 2264 1165 sunt
2293 1129 2307 1177 ;

746 1203 848 1257 alia
896 1194 1027 1257 vero
1083 1201 1399 1271 tenuiorem,
1435 1200 1724 1271 quamdam
1788 1201 1915 1275 Itoni
1962 1204 2310 1272 praesentiam

747 1292 1068 1359 sortiuntur,
1097 1292 1218 1347 aliis
1266 1291 1501 1359 denique
1553 1289 1677 1345 boni
1721 1290 1969 1344 ultimum
2024 1292 2310 1365 vestigium

744 1386 993 1457 obtingit.
1030 1384 1145 1441 Nisi
1160 1385 1317 1448 .enitn
1358 1384 1557 1444 bonum
1590 1398 1686 1455 pro
1721 1386 1981 1453 cujusque
2003 1395 2159 1455 captu
2201 1385 2313 1441 sin-

747 1474 1377 1547 gulisladessethutique
1427 1476 1804 1545 antiquissima
1860 1476 2313 1546 divinissimaque

750 1576 953 1635 essent,
987 1583 1109 1638 quae
1164 1562 1584 1631 novissimorum
1633 1568 1791 1643 modo
1832 1569 2076 1642 ordinem
2109 1577 2311 1632 tenent,

748 1659 994 1727 Quonam
1050 1668 1230 1737 autem
1280 1669 1439 1728 pacto
1468 1660 1583 1713 ﬁeri
1615 1670 1852 1728 poterat,
1884 1671 1939 1713 ut
1971 1659 2314 1717 uniformiter

749 1753 930 1819 omnia
963 1753 1164 1817 bonum
1205 1752 1633 1821 participarent,
1672 1768 1792 1813 cum
1825 1754 2075 1821 qua-libet
2110 1754 2176 1811 ad
2205 1768 2318 1808 om-

752 1845 1023 1907 nimodam
1059 1846 1185 1900 boni
1214 1845 1688 1917 participationem
1721 1845 1941 1899 minime
1964 1847 2072 1903 sint
2102 1862 2319 1903 accom—
2350 1836 2388 1890 Β

754 1934 1196 1993 ιιιοόοιιιῖιΝιιιιε
1232 1948 1415 1991 autem
1435 1938 1565 1998 .haac
1620 1947 1700 1992 est
1744 1938 1999 2005 potentiae
2023 1938 2317 2008 boniprae—

752 2038 903 2083 Mans
935 2028 1271 2098 magnitudo.
1299 2037 1355 2082 ut
1384 2044 1446 2084 ea
1477 2045 1695 2098 quoque
1723 2045 1842 2098 qua:
1894 2040 2019 2085 suut
2051 2030 2194 2093 illius
2224 2046 2317 2083 ex.-

750 2119 951 2188 pertia,
977 2120 1107 2188 quin
1142 2127 1195 2177 et
1227 2118 1398 2187 ipsam
1442 2118 1524 2170 sui
1580 2120 1936 2187 privationem
1976 2120 2316 2198 corroboret,

757 2217 823 2269 ad
847 2216 1020 2284 ipsum
1060 2214 1295 2269 .omnino
1353 2213 1808 2282 participaudum.
1838 2212 1989 2277 Quod
2024 2214 2098 2268 si.
2150 2212 2319 2267 conii-

758 2305 974 2362 deutius
1004 2313 1189 2359 ver.qu
1228 2302 1471 2373 proferre
1534 2303 1714 2365 liceat,
1768 2303 1856 2359 illa
1908 2302 2070 2356 etiam
2096 2317 2215 2371 qua:
2244 2302 2316 2355 illi

756 2398 1040 2460 centraria.
1064 2406 1213 2460 sunt,
1262 2396 1379 2465 ejus
1428 2397 1476 2449 vi
1510 2406 1564 2451 ct
1593 2408 1721 2451 sunt
1777 2407 1832 2450 et
1866 2410 2321 2464 repugnarepes—

759 2502 913 2556 sunt;
945 2500 1039 2547 aut
1068 2492 1268 2559 potius,
1297 2500 1353 2543 ut
1380 2490 1689 2543 summatim
1711 2490 1915 2550 dicam,
1945 2503 2006 2541 ea
2041 2502 2161 2555 qua:
2194 2495 2321 2540 sunt

753 2588 958 2651 omnia,
990 2585 1320 2653 iuquantum
1356 2594 1505 2649 sunt,
1536 2593 1589 2637 et
1619 2584 1756 2636 bona
1808 2591 1862 2635 et
1885 2596 1953 2635 ex
1987 2575 2127 2635 l'iono
2158 2590 2319 2647 sunt;

761 2679 816 2731 in
842 2687 1103 2747 quantum
1146 2685 1326 2730 autem
1362 2676 1503 2731 bono
1527 2654 1933 2744 privatasunt,
1986 2688 2157 2741 neque
2183 2674 2337 2726 bona

767 2774 914 2843 sunt,
950 2780 1126 2843 neque
1158 2766 1450 2843 exsistunt.
1472 2766 1543 2843 :lu
1578 2767 1791 2843 caeteris
1815 2779 2018 2834 nempe
2050 2764 2321 2843 qualitati-

762 2832 1065 2933 bu5,:veltt't
1094 2860 1144 2912 in
1170 2834 1351 2924 calore
1383 2832 1477 2937 [vel
1515 2836 1739 2927 frigore,
1788 2843 1876 2910 illa
1924 2832 2041 2928 qua:
2062 2832 2318 2937 calefacta

764 2930 989 3030 fuerunt.
1006 2940 1290 3029 superesse
1310 2929 1531 3030 quoque
1579 2958 1827 3030 possunt,
1857 2930 2143 3019 postquam
2179 2929 2325 3025 caio'r

766 3023 828 3101 ea
859 3023 1116 3121 deseruit,
1150 3024 1499 3112 plurimaque
1522 3056 1609 3096 res
1628 3023 1895 3096 exsistunt
1917 3055 2037 3095 cum
2067 3042 2191 3095 vita:
2212 3023 2322 3095 tuin

767 3138 964 3200 mentis
987 3129 1238 3210 expertes
1262 3176 1275 3197 ,
1302 3135 1429 3204 quin
1459 3142 1514 3188 et
1580 3134 1707 3215 ipse
1737 3132 1899 3215 Deus,
1942 3147 1971 3185 ιι
2020 3134 2322 3215 substantia

770 3238 1012 3291 secretus
1030 3224 1629 3296 suprasubstantialiter
1650 3234 1826 3279 tamen
1848 3224 2078 3278 exsistit.
2105 3224 2172 3279 Et
2197 3224 2328 3278 sim-

768 3320 982 3394 pliciter
1014 3302 1339 3389 inomnibus
1376 3316 1520 3383 aliis,
1570 3319 1685 3371 sive
1718 3300 1935 3369 lia-bitus
1985 3300 2213 3399 amissus
2237 3314 2329 3378 sit,

769 3413 885 3465 sive
916 3409 1134 3479 penitus
1179 3421 1283 3463 non
1344 3406 1525 3472 fuerit,
1580 3423 1667 3461 res
1711 3416 1888 3461 tamen
1941 3408 2069 3477 ipsa:
2098 3418 2246 3472 sunt,
2277 3417 2332 3463 et

771 3511 1021 3558 constare
1053 3485 1318 3575 possunt;
1354 3498 1492 3576 quod
1519 3507 1700 3551 autem
1738 3498 2331 3581 bonovprorsuspriva;

768 3608 887 3669 tum
914 3607 1018 3669 est,
1053 3596 1102 3649 id
1136 3610 1403 3667 nusquam
1440 3593 1547 3646 ullo
1580 3602 1739 3661 pacto
1761 3590 1925 3665 366
1956 3592 2041 3645 vel
2094 3593 2214 3660 fuit,
2247 3593 2330 3647 vel

773 3698 875 3748 est.
906 3687 989 3742 vel
1020 3686 1145 3752 erit,
1174 3685 1253 3740 vel
1305 3699 1425 3755 esse
1478 3693 1674 3752 potest.
1732 3683 1905 3737 Veluti
1939 3682 2331 3751 intemperans,

773 3780 874 3836 etsi
905 3795 1000 3848 per
1046 3776 1537 3847 concupiScentiam
1586 3774 2012 3849 irrationabilem
2046 3775 2191 3841 bono
2227 3775 2335 3842 pri-

776 3884 935 3926 vatus
960 3871 1053 3935 sit,
1092 3880 1317 3923 eatenus
1348 3876 1525 3921 tamen
1570 3884 1673 3920 non
1706 3876 1812 3933 est,
1844 3881 2016 3937 neque
2039 3866 2332 3936 quidquam

776 3962 1133 4032 concupiscit,
1168 3960 1260 4015 sed
1316 3960 1477 4013 simul
1525 3961 1649 4016 boni
1698 3961 1969 4029 particeps
2002 3960 2220 4034 exsistit
2249 3974 2337 4014 se-

774 4056 1009 4111 cundum
1045 4053 1241 4123 exilem
1276 4052 1562 4124 quamdam
1592 4062 1798 4121 partem
1832 4036 2085 4111 amicitiae
2118 4060 2174 4107 et
2201 4066 2335 4105 con-

773 4148 1093 4223 junctionis,
1130 4147 1212 4202 Ira
1242 4148 1407 4217 etiam
1437 4145 1561 4199 boni
1600 4146 1870 4214 particeps
1915 4145 2015 4199 hoc
2050 4146 2164 4219 ipso
2194 4146 2338 4225 quod

770 4252 1053 4305 movetur,
1098 4239 1353 4308 cupitque
1396 4252 1456 4291 ea
1514 4252 1634 4310 qua;
1684 4238 1821 4291 mala
1876 4238 2124 4308 videntur
2176 4238 2241 4292 ad
2286 4238 2336 4292 id

782 4334 923 4403 quod
947 4332 1074 4386 boni
1103 4330 1338 4401 speciem
1366 4344 1475 4399 pra:
1528 4344 1588 4387 se
1630 4328 1736 4403 fert
1764 4330 2000 4396 dirigere
2031 4338 2085 4382 et
2110 4344 2337 4384 conver-

786 4436 917 4480 tere.
958 4422 1097 4489 Quin
1123 4430 1177 4475 et
1208 4420 1251 4474 is
1274 4434 1489 4489 quoque
1542 4420 1633 4488 qui
1670 4420 2018 4473 deterrimam
2053 4420 2222 4474 vitam
2247 4436 2339 4475 ex-

2407 558 2501 612 τοῦ
2525 560 2729 628 ἀγαθοῦ
2747 560 2996 631 μετέχει,
3043 558 3112 613 τὰ
3148 558 3203 611 δὲ
3230 560 3429 629 μᾶλλον
3464 562 3557 613 καὶ
3582 555 3741 630 ἦττον
3766 561 3992 631 ἐστέρη-

2407 668 2520 714 ται,
2548 650 2617 703 τά
2640 651 2697 703 δὲ
2721 650 3092 722 ἀμυδροτέραν
3139 650 3251 720 ἔχει
3298 648 3392 702 τοῦ
3442 650 3646 719 ἀγαθοῦ
3675 646 3986 721 μετουσίαν,

2410 741 2505 797 καὶ
2525 740 2703 805 ἀλλοις
2728 739 2870 793 κατά
2909 734 3133 811 ἔσχατον
3160 740 3342 812 ἀπήχη
3352 757 3425 811 μα
3478 743 3704 812 πάρεστι
3730 742 3987 810 τάγαθόν.

2410 838 2472 891 El
2498 834 2605 907 γὰρ
2633 837 2705 907 μὴ
2729 820 3003 904 ἀναλόγως
3043 834 3255 907 ἑκάστῳ
3288 833 3524 902 τάγαθὸν
3572 835 3775 906 παρῆν,
3827 830 3895 905 ῆν
3922 835 3995 888 ἂν

2409 932 2479 987 τὰ
2533 932 2787 1005 θειότατα
2846 933 2941 985 xw).
3016 931 3366 1005 πρεσϐύτατα
3419 929 3518 999 τὴν
3575 928 3681 980 τῶν
3748 927 3991 1003 ἐσχάτων

2411 1025 2603 1097 ἔχοντα
2646 1025 2816 1091 τάξιν.
2869 1024 2993 1088 Πῶς
3040 1024 3097 1077 δὲ
3146 1024 3240 1077 καὶ
3287 1016 3355 1093 ἦν
3401 1021 3644 1083 δυνατὸν,
3699 1016 3990 1091 μονοειδῶς

2414 1119 2593 1173 πάντα
2620 1116 2868 1190 μετέχειν
2912 1116 3005 1171 τοῦ
3040 1114 3266 1183 ἀγαθοῦ,
3298 1115 3375 1195 μὴ
3400 1102 3576 1168 πάντα
3625 1112 3756 1167 ὄντα
3780 1108 3994 1173 ταύτῶς

2414 1213 2493 1275 είς
2522 1210 2618 1282 τὴν
2639 1210 2822 1281 ὀλικὴν
2843 1209 3006 1264 αὑτοῦ
3036 1208 3249 1282 μέθεξιν
3283 1208 3563 1278 ἐπιτήδεια
3585 1204 3731 1268 ςΝῦν
3756 1206 3812 1259 δὲ
3834 1202 3997 1257 τοῦτό

2415 1302 2530 1355 ἐστι
2554 1301 2655 1371 τῆς
2678 1300 2771 1354 τοῦ
2800 1299 3004 1368 ἀγαθοῦ
3046 1299 3325 1370 δυνάμεως
3345 1297 3407 1350 τὸ
3439 1295 3501 1375 ⁸⁷.
3531 1292 3869 1367 ὑπερϐάλλον
3896 1290 3997 1364 μὲ-

2414 1396 2590 1463 γεθος,
2616 1395 2693 1447 ὅτι
2719 1394 2810 1446 καὶ
2822 1392 2903 1471 τάΙ
2923 1392 3116 1463 ἐστερη
3126 1390 3260 1465 μένα
3284 1391 3377 1445 καὶ
3398 1378 3497 1460 τὴν
3525 1387 3717 1441 ἐαυτοῦ
3740 1388 3784 1419 ⁸⁸
3801 1376 4033 1471 στέρηος

2418 1504 2500 1542 σιν
2522 1487 2765 1557 δυναμοῖ,
2794 1470 2935 1538 κατὰ
2955 1484 3016 1537 τὸ
3042 1483 3176 1547 ὅλως
3200 1481 3361 1555 αὑτοῦ
3400 1474 3665 1553 μετέχειν.
3686 1472 3794 1532 Καὶ
3815 1478 3862 1531 εί
3886 1470 3997 1547 χρὴ

2416 1578 2930 1650 παρρησιασάμενον
2975 1576 3151 1627 εἰπεῖν
3181 1571 3410 1645 τάληθῆ,
3462 1570 3558 1625 καὶ
3596 1570 3668 1624 τά
3715 1568 3994 1647 μαχόμενα

2416 1669 2564 1740 αὑτῷ
2585 1672 2652 1740 τῇ
2682 1668 2845 1723 αὐτοῦ
2889 1668 3113 1738 δυνάμει
3138 1667 3232 1721 καὶ
3254 1665 3367 1719 ἐστι
3409 1666 3504 1718 καὶ
3553 1658 3821 1735 μάχεσθαι
3842 1662 3997 1715 δύνα-

2418 1776 2538 1811 ται·
2577 1758 2773 1829 μᾶλλον
2793 1759 2872 1822 δὲ,
2901 1759 2987 1812 ἵνα
3010 1757 3303 1821 ,συλλαϐὼν
3324 1756 3484 1823 εἴπω,
3509 1756 3578 1809 τά
3614 1754 3744 1808 ὄντα
3794 1755 3995 1820 πάντα,

2419 1851 2539 1906 καθ’
2575 1852 2697 1905 ὅσον
2724 1851 2860 1915 ἐστι,
2890 1851 2981 1903 καὶ
3007 1849 3185 1919 ἀγαθά
3218 1849 3355 1927 ἐστι,
3380 1850 3475 1903 καὶ
3499 1850 3563 1902 ἐκ
3594 1846 3853 1917 τάγαθοῦ,
3898 1863 4001 1899 κα-

2418 1942 2571 1996 θόσον
2596 1942 2653 1994 δὲ
2679 1940 2965 2013 ἐστέρηται
2989 1940 3083 1993 τοῦ
3103 1939 3329 2009 ἀγαθοῦ,
3347 1939 3470 2001 οὔτε
3496 1938 3695 2008 ἀγαθά,
3718 1936 3841 1991 οὗτε
3866 1935 4002 1991 ὄντα

2418 2032 2583 2085 ἐστίν.
2621 2031 2743 2085 Ἐπὶ¹
2772 2032 2871 2103 μὲν
2894 2032 3003 2105 γάρ
3023 2032 3131 2085 τῶν
3166 2030 3341 2086 ἄλλων
3366 2020 3555 2096 ἕξεων,
3581 2024 3693 2082 οἷον
3729 2025 4000 2098 θερμότη-

2418 2124 2573 2195 τοςῇ
2616 2122 2978 2195 ψυχρότητος,
3008 2123 3124 2176 ἐστι
3173 2120 3243 2175 τά
3290 2106 3695 2193 θερμανθέντα,
3722 2120 3815 2173 καὶ
3859 2120 4001 2173 ἀπο-

2420 2212 2709 2283 λειπούσης
2742 2200 2883 2266 αὑτά
2904 2214 3003 2285 τῆς
3045 2213 3396 2285 θερμότητος,
3430 2200 3523 2265 icui.
3562 2211 3726 2282 ζωῆς,
3761 2212 3854 2264 καὶ
3878 2208 4001 2273 νοῦ,

2419 2305 2718 2365 πολλὰτῶν
2737 2306 2902 2365 ὄντων
2923 2306 3125 2377 ἀμοιρα
3143 2322 3155 2343 ν
3185 2306 3278 2359 καὶ
3302 2304 3486 2368 οὐσίας
3498 2304 3538 2378 τό
3562 2292 3693 2366 Θεὸς
3716 2292 4003 2373 ἐξῄρηται,

2420 2400 2515 2453 καὶ
2540 2398 2683 2452 ἐστιν
2709 2398 3047 2469 ὑπερουσίως
3073 2400 3135 2451 ⁸³.
3192 2399 3301 2451 Καὶ
3360 2397 3565 2462 ἁπλῶς,
3614 2397 3705 2451 ἐπὶ
3760 2397 3857 2465 μὲν
3892 2394 4005 2448 τῶν

2422 2490 2596 2545 ἀλλων
2623 2489 2836 2543 πάντων
2861 2491 2928 2554 ’⁸,
2958 2489 3051 2543 καὶ
3079 2478 3418 2558 ἀπελθοιξσης
3474 2489 3508 2564 ἢ
3537 2487 3673 2559 μηδὲ
3709 2486 4008 2557 ἐγγενομέ-

2424 2598 2521 2652 νης
2548 2581 2723 2652 πάντη
2752 2581 2851 2651 τῆς
2878 2582 3043 2647 ἕξεως
3086 2582 3154 2645 ’⁸,
3203 2581 3318 2634 ἔστι
3342 2578 3413 2632 τά
3434 2578 3583 2640 ὄντα,
3629 2578 3724 2631 καὶ
3772 2570 4007 2646 ὖφίσταο

2426 2664 2547 2726 σθαι
2571 2673 2789 2727 δύναται
2808 2690 2825 2729 ἠ
2852 2673 2912 2726 τὸ
2939 2672 2995 2725 δὲ
3023 2672 3163 2725 κατά
3210 2673 3386 2725 πάντα
3417 2670 3615 2742 τρόπον
3656 2670 3751 2722 τοῦ
3796 2668 4005 2737 ἀγαθοῦ

2425 2764 2805 2836 ἐστερημένον,
2832 2765 3042 2836 οὐδαμῆ
3100 2764 3351 2835 οὐδαμῶς
3384 2763 3507 2815 οῦτε
3538 2759 3625 2834 ἦν,
3673 2762 3797 2815 οὔτε
3833 2763 4002 2825 ἐστὶν,

2417 2844 2555 2907 ὀὔτέ
2580 2843 2752 2917 ἔσται,
2777 2846 2900 2908 οὔτε
2927 2851 3066 2910 εἶναι
3116 2840 3356 2909 δύναται.
3384 2849 3510 2908 Οἷον
3534 2856 3580 2887 ’³
3600 2854 3642 2906 ’ὁ
3679 2846 4015 2918 ἀδιόλαοτος,

2426 2944 2473 2996 ει
2502 2945 2595 2997 καὶ
2628 2944 2917 3016 ἐπέρηται
2940 2944 3179 3013 τάγαθοῦ
3215 2944 3357 2999 κατά
3396 2946 3498 3016 τὴν
3533 2944 3579 2976 ⁸³
3601 2943 3796 3013 ἀλογον
3823 2937 4005 2997 ἐπιθυ-

2430 3034 2587 3115 μίαν,
2607 3035 2665 3089 ἐν
2686 3034 2859 3105 τούτῳ
2888 3035 2985 3106 μὲν
3003 3035 3125 3089 οὔτε
3152 3037 3316 3101 ἐστὶν,
3345 3036 3466 3093 οὔτε
3498 3036 3665 3089 ὄντων
3703 3034 3961 3106 ἐπιθυμεῖ
3984 3074 4003 3100 ,

2433 3126 2646 3197 μετέχει
2693 3122 2749 3180 δὲ
2782 3122 2929 3199 ὅμως
2978 3126 3215 3196 τάγαθοῦ
3262 3126 3536 3181 κατάὑτὸ
3577 3128 3624 3159 ’⁵
3650 3126 3710 3178 τὸ
3749 3126 3849 3196 τῆς
3881 3125 4009 3179 ἐνὼ-

2352 3188 2397 3247 C
2433 3188 2878 3286 cswguxai'cptkiec
2909 3188 3144 3289 ἀμυδρὸν
3490 3216 3643 3272 Καὶό
3668 3188 3840 3286 θυμὸς
3882 3215 4005 3269 δὶη

2434 3304 2651 3378 μετέχει
2680 3308 2918 3377 τάγαθοῦ
2965 3311 3085 3363 κατ’
3124 3310 3254 3362 αὐτὸ
3285 3309 3345 3361 τὸ
3380 3306 3679 3367 κινεῖσθαι,
3734 3307 3830 3359 καὶ
3864 3306 4010 3376 ἐφίε-

2434 3398 2556 3452 σθαι
2577 3398 2647 3451 τά
2668 3394 2928 3453 δοκοῦντα
2952 3399 3097 3452 κακά
3126 3400 3264 3470 πρὸς
3311 3400 3372 3452 τὸ
3419 3398 3609 3451 δοκοῦν
3661 3397 3824 3451 καλὸν
3848 3398 4008 3467 ἀνορ-

2434 3489 2557 3543 θοῦν
2583 3490 2676 3542 καὶ
2718 3490 3086 3561 ἐπιστρέφειν.
3139 3491 3248 3545 Καὶ
3299 3490 3460 3554 αὐτὸς
3502 3492 3530 3543 ὁ
3565 3490 3667 3559 τῆς
3724 3489 4006 3561 χειρίστής

2434 3580 2580 3650 ζωῆς
2606 3580 2906 3651 ἐφιέμενος,
2934 3581 3009 3644 ὼς
3056 3581 3192 3645 ὅλως
3240 3580 3385 3652 ζωῆς
3429 3582 3733 3653 ἐφιέμενος,
3787 3582 4007 3651 καὶτῆς

2435 3678 2659 3749 ἀρίστης
2685 3678 2833 3749 αὐτῷ
2875 3671 3152 3749 δοκούσης,
3181 3680 3300 3732 κατ’
3334 3680 3464 3751 αὐτὸ
3494 3680 3555 3732 τὸ
3598 3680 3865 3749 ἐφίεσθαι,
3913 3674 4009 3733 καὶ

2436 3766 2577 3839 ζωῆς
2598 3768 2863 3838 ἐφίεσθαι,
2900 3770 2994 3823 καὶ
3023 3769 3157 3840 πρὸς
3190 3770 3417 3841 ἀρίστην
3458 3764 3602 3839 ζωὴν
3646 3771 4004 3833 ἀποσκοπεῖν,

2440 3867 2652 3938 μετέχει
2676 3867 2933 3936 τάγαθοῦ.
2981 3868 3091 3921 Καὶ
3132 3870 3180 3921 ει
3214 3868 3387 3941 πάντη
3419 3870 3651 3937 τάγαθὸν
3708 3870 3905 3944 ἀνέλῃς
3934 3873 4003 3935 ’⁸,

2436 3958 2559 4010 οὔτε
2591 3959 2748 4012 οὐσία
2773 3958 2945 4023 ἔσται,
2973 3957 3094 4010 οῦτε
3124 3960 3259 4030 ζωὴ,
3295 3959 3416 4014 οὔτε
3441 3962 3642 4031 ἔφεσις,
3690 3962 3816 4015 οὔτε
3846 3962 4003 4035 κίνη-

2440 4069 2541 4115 σις,
2570 4052 2690 4104 οὗτε
2716 4052 2841 4105 ἀλλο
2884 4052 3052 4105 οὐδέν.
3086 4046 3245 4105 Ὥστε
3271 4054 3364 4107 καί
3395 4054 3455 4106 τὸ
3499 4054 3740 4122 γίνεσθαι
3774 4057 3839 4108 ὲκ
3880 4056 4006 4125 φθο-

2442 4145 2539 4215 ρᾶς
2570 4144 2779 4211 γένεσιν
2826 4144 2926 4197 οὐκ
2972 4143 3087 4195 ἐστι
3139 4144 3309 4197 κακοῦ
3342 4144 3587 4216 δύναμις,
3648 4146 3763 4199 ἀλλ’
3786 4148 4004 4217 ἥττονος

2439 4236 2643 4305 ἀγαθοῦ
2670 4238 2958 4307 παρουσία,
2986 4238 3104 4291 καθ’
3138 4238 3261 4294 ὅσον
3294 4239 3389 4292 καὶ
3422 4239 3574 4303 νόσος
3604 4239 3837 4309 ἔλλειψίς
3886 4243 4003 4294 ἐστι

2438 4325 2660 4392 τάξεως,
2688 4325 2746 4378 οὐ
2786 4328 2965 4398 πάσης
2984 4343 2996 4355 °
3057 4329 3103 4380 εί
3135 4327 3242 4399 γὰρ
3266 4318 3422 4382 τοῦτο
3446 4318 3687 4401 γένηται,
3711 4329 3833 4383 οὗτε
3860 4334 3893 4402 ἡ
3920 4334 4004 4384 νό-

2442 4434 2531 4480 σος
2554 4417 2690 4487 αὐτὴ
2718 4418 3098 4489 ὑποστήσεται,
3154 4408 3310 4487 μένει
3336 4420 3393 4472 δὲ
3438 4421 3531 4473 καὶ
3554 4419 3698 4472 ἐστιν
3743 4421 3778 4490 ἡ
3828 4413 4001 4485 νόσος,

780 4516 937 4586 petit,
970 4512 1139 4580 utqui
1174 4512 1394 4567 omnino
1417 4510 1583 4563 vitam
1623 4512 1827 4578 cupiat,
1858 4520 1912 4564 et
1956 4512 2171 4578 quidem
2197 4512 2336 4583 opti-

2438 4510 2620 4563 οὐσίαν
2654 4509 2847 4585 ἔχουσα
2870 4510 2964 4581 τὴν
2991 4511 3275 4582 ἐλαχίστην
3298 4512 3467 4577 τάξιν,
3494 4512 3586 4564 καὶ
3610 4512 3667 4565 ὲν
3690 4514 3826 4582 αὐτῇ
3860 4531 4005 4584 παρ-

786 4617 930 4664 tnam
960 4605 1058 4674 ipsi
1086 4605 1278 4670 visam,
1303 4617 1367 4661 eo
1400 4603 1515 4671 ipso
1542 4604 1803 4671 appetitu,
1844 4612 1901 4655 ιιι
1928 4602 2050 4655 vitae
2074 4602 2335 4672 appetitu,

770 4697 877 4766 .qui
910 4705 963 4749 et
982 4694 1239 4765 Optimam
1273 4694 1438 4751 vitam
1474 4701 1703 4761 spectat,
1733 4691 1855 4746 boni
1885 4694 2156 4763 particeps
2186 4695 2337 4769 exsi-

786 4792 899 4845 stit.
929 4788 1183 4865 Denique
1202 4786 1481 4840 sibonum
1541 4785 1758 4863 penitus
1808 4784 2114 4851 sustuleris,
2161 4800 2340 4855 neque

784 4882 1025 4937 essentia
1056 4880 1182 4943 erit,
1224 4892 1399 4945 neque
1453 4876 1581 4940 vita,
1635 4889 1809 4943 neque
1855 4876 2140 4945 appetitus,
2165 4893 2339 4947 neque

768 4982 985 5035 .motus,
1014 4983 1189 5038 neque
1219 4968 1514 5038 quidquam
1569 4966 1735 5022 aliud.
1777 4967 1980 5035 Itaque,
2010 4970 2149 5036 quod
2174 4969 2337 5024 etiam

784 5063 852 5119 ex
882 5058 1234 5127 corruptione
1270 5056 1361 5108 liat
1389 5056 1686 5125 generatio,
1718 5071 1821 5109 non
1856 5064 1937 5109 est
1967 5057 2089 5111 ntali
2117 5059 2221 5123 vis,
2246 5060 2340 5114 sed

789 5154 1015 5226 minoris
1078 5152 1201 5207 boni
1252 5151 1575 5219 praesentia;
1624 5151 1763 5204 sicut
1828 5150 2045 5219 morbus
2102 5152 2343 5208 defectus

789 5246 1001 5315 quidem
1028 5253 1110 5297 est
1134 5230 1561 5307 constitutionis,
1590 5228 1687 5295 sed
1722 5256 1823 5295 non
1880 5240 2180 5308 universas;
2219 5260 2339 5297 nam

2445 4602 2799 4671 υφισταμένη.
2855 4602 2927 4653 Τὸ
2984 4602 3090 4673 γὰρ
3157 4604 3329 4673 πάντη
3387 4603 3609 4673 ἄμοιρον
3660 4602 3752 4655 τοῦ
3799 4604 4004 4671 ἀγαθοῦ

2446 4693 2567 4746 οὔτε
2596 4693 2673 4756 ὃν,
2699 4692 2822 4745 οὔτε
2856 4696 2912 4746 ἐν
2935 4697 3045 4757 τοῖς
3070 4691 3187 4747 οὖσι
3206 4713 3218 4725 ·
3276 4696 3336 4749 τὸ
3362 4696 3418 4748 δὲ
3452 4695 3640 4765 μικτὸν
3661 4696 3748 4751 διὰ
3785 4697 3845 4749 τὸ
3870 4698 4005 4763 ἀγα-

2446 4786 2536 4838 θὺν
2560 4787 2615 4837 ἐν
2641 4787 2751 4849 τοῖς
2778 4782 2916 4850 οὖσι,
2935 4788 3035 4839 ,καὶ
3061 4787 3199 4840 κατὰ
3238 4786 3396 4839 τοῦτο
3438 4789 3495 4839 ἐν
3520 4791 3629 4852 τοῖς
3652 4785 3769 4841 οὖσι
3796 4790 3890 4842 καὶ
3909 4788 3969 4841 ὃν
3986 4830 4001 4852 ,

2447 4876 2565 4930 καθ’
2594 4877 2713 4929 ὅσον
2737 4876 2829 4929 τοῦ
2869 4876 3071 4946 ἀγαθοῦ
3102 4878 3332 4949 μετέχει.
3386 4880 3599 4933 Μᾶλλον
3652 4881 3708 4933 δὲ
3762 4880 3832 4933 τά
3876 4880 4005 4934 ὄντα

2448 4970 2623 5022 πάντα
2647 4969 2786 5022 κατὰ
2817 4970 3066 5023 τοσοῦτον
3090 4971 3242 5023 ἔσται
3279 4970 3474 5043 μᾶλλον
3529 4974 3619 5025 καὶ
3651 4968 3833 5044 ⁴ἧττον,
3880 4974 4003 5025 καθ’

2447 5062 2569 5113 ὅσον
2593 5061 2683 5113 τοῦ
2718 5062 2920 5131 ἀγαθοῦ
2974 5062 3217 5134 μετέχει·
3267 5066 3360 5118 καὶ
3408 5064 3515 5136 γὰρ
3569 5064 3663 5118 καὶ
3719 5066 3809 5117 ἐπὶ
3833 5065 3876 5096 ³⁷
3907 5056 4003 5116 τοῦ

2448 5152 2577 5205 αὐτὸ
2608 5150 2744 5207 εἶναι
2772 5156 2831 5207 τὸ
2852 5154 3069 5227 μηδαμῆ
3096 5155 3357 5227 μηδαμῶς
3382 5156 3441 5209 ὃν
3483 5152 3605 5209 οὔτε
3631 5157 3802 5210 ἔσται.
3838 5156 3911 5207 Τὸ
3945 5155 4003 5207 δὲ

2452 5245 2525 5315 πὴ
2553 5246 2648 5316 μὲν
2678 5246 2755 5310 ὃν,
2783 5250 2857 5318 πὴ
2886 5250 2941 5301 δὲ
2969 5249 3042 5320 μὴ
3086 5248 3166 5319 ὃν,
3213 5250 3335 5303 καθ’
3361 5250 3482 5304 ὅσον
3515 5251 3611 5321 μὲν
3638 5248 4004 5303 ἀποπέπτωκε

2054 5420 2287 5476 VARI/f2
2324 5421 2725 5478 LECTIONES.

860 5580 905 5649 ⁸⁸(
930 5578 989 5631 τό
1024 5594 1124 5649 non
1158 5588 1241 5632 est.
1272 5579 1320 5631 in
1353 5577 1413 5631 D.
1492 5578 1537 5609 ⁸⁸
1559 5577 1743 5641 αὑτοῦ,
1779 5577 1837 5631 Ρ.
1904 5578 1948 5609 ⁸⁸
1974 5576 2309 5649 ὑπερούσιος,
2346 5577 2401 5631 S.
2438 5580 2496 5632 P.
2536 5579 2656 5632 Sar.
2714 5580 2759 5649 2°
2783 5580 2887 5633 τῶν

2918 5581 3038 5651 μέν,
3067 5578 3131 5633 D.
3155 5578 3365 5648 P._Sc.,
3398 5580 3669 5651 ἀπάντων,
3704 5577 3760 5633 S.
3796 5650 3805 5651 ί
3837 5579 3881 5651 ’ξ
3909 5578 4007 5651 καὶ

790 5634 1130 5708 ἀπελθουσῶν
1155 5650 1237 5729 ,ηῆ
1272 5649 1417 5772 μηδὲ
1449 5634 1814 5717 ἐγγενομένων
1852 5649 2024 5717 πάντη
2051 5634 2157 5729 τὶῦν
2188 5634 2369 5713 ἕξεων,
2414 5648 2486 5702 S..
2546 5651 2588 5681 θ’
2614 5651 2640 5702 ὀ
2682 5646 2771 5729 οῦν
2792 5692 2804 5713 ,
2833 5650 2890 5704 Ρ.
2918 5634 2929 5651 ι
2968 5634 3125 5704 ⁸³16ιά
3472 5650 3515 5681 ⁸⁸
3546 5634 3684 5731 κατά
3717 5648 3927 5727 ταύτό,
3948 5648 4005 5700 S.

794 5722 837 5749 ⁸⁸
866 5720 921 5771 δέ
944 5736 1045 5771 non
1070 5732 1151 5772 est
1184 5736 1233 5771 ιιι
1258 5720 1313 5770 δ.
1370 5724 1404 5772 ’.
1430 5720 1515 5772 Sc.
1596 5719 1883 5772 ⁹⁶ἀνέλοις.
1914 5727 2154 5772 Sequitur
2191 5731 2387 5772 tamen.
2424 5723 2468 5772 εί
2499 5719 2604 5772 γὰο
2642 5738 2796 5772 τουτο
2825 5721 3065 5772 γένηται..
3103 5724 3151 5772 in
3192 5724 3443 5772 OlullibUB
3477 5724 3771 5772 codicibus.
3847 5720 3889 5749 "
3915 5720 4005 5771 mi

794 5722 837 5749 ⁸⁸
866 5720 921 5771 δέ
944 5736 1045 5771 non
1070 5732 1151 5772 est
1184 5721 1233 5771 in
1258 5719 1313 5770 S.

805 5786 931 5857 γάρ,
953 5805 1056 5843 non
1084 5800 1167 5843 cst
1200 5791 1250 5844 in
1273 5790 1433 5857 P.,ut
1468 5804 1564 5844 nec
1592 5790 1854 5859 posterius
1886 5788 1975 5841 καί
2008 5790 2058 5843 in
2090 5789 2148 5844 S.

1392 5760 1404 5772 .
1430 5720 1515 5773 Sc.
1596 5719 1883 5793 θεάνέλοις,
1914 5720 2154 5793 sequitur
2191 5731 2387 5785 tamen,
2424 5723 2468 5772 εί
2499 5719 2604 5789 γὰρ
2642 5721 2796 5773 τοῦτο
2825 5721 3065 5793 γένηται,
3103 5724 3151 5776 itt
3192 5719 3443 5777 omnibus
3477 5722 3771 5775 codicibus.
3847 5720 3889 5749 "
3915 5720 4009 5771 καὶ
