4176 6308
818 389 927 445 723

1986 383 2045 442 S.
2083 380 2377 439 DIONYSII
2413 374 2877 435 AREOPAGITE

3947 372 4039 427 714

821 506 959 557 tiam
979 500 1179 573 jungit,
1228 500 1461 571 ideoque
1496 509 1555 554 nt
1586 500 1695 569 ipsa
1731 514 1857 569 pax,
1909 499 2167 567 pacisque
2198 498 2372 551 conci-

2480 493 2827 566 εἰρηνόδωρος
2862 484 3108 561 ὖμνεῖται
3135 486 3279 559 πρὸς
3313 486 3421 541 τῶν
3462 485 3622 558 ίερῶν
3645 484 3931 555 θεολόγων.
3959 488 4039 540 Att

817 593 1025 659 liatrix,
1059 609 1087 646 a
1122 592 1388 664 theologis
1441 597 1647 649 sanctis
1694 591 1966 649 laudatur.
1996 589 2184 658 Itaque
2237 588 2379 642 bona

817 682 1002 735 omnia
1051 680 1152 734 sibi
1211 680 1441 735 invicem
1490 678 1673 734 amica
1714 687 1925 733 suntet
1969 691 2231 739 consona,
2262 684 2382 729 tan-

816 783 979 837 quam
1008 768 1077 822 ab
1104 783 1207 821 una
1233 767 1345 827 vita
1379 776 1693 837 prepagata,
1738 776 1795 822 et
1842 766 1910 823 ad
1960 770 2129 821 unum
2178 764 2380 820 bonum

817 858 1160 923 coordiuata,
1186 858 1513 927 placidaque
1540 900 1555 922 ,
1606 869 1766 929 atque
1798 859 2016 925 similia,
2043 868 2098 913 et
2137 858 2280 911 inter
2322 870 2381 913 se

814 949 1048 1003 amibilia
1074 963 1091 1003 :
1122 964 1226 1003 non
1255 950 1419 1020 igitur
1444 950 1496 1002 in
1542 950 1655 1004 Deo
1694 950 1890 1003 malum
1916 958 2022 1013 est,
2067 964 2239 1018 neque
2265 963 2381 1002 ma-

815 1040 927 1093 lum
956 1050 1042 1094 est
1072 1042 1199 1111 quid
1233 1042 1495 1097 divinum.
1526 1039 1633 1095 sed
1663 1056 1764 1096 nec
1787 1056 1851 1095 ex
1886 1041 1998 1095 Deo
2028 1040 2227 1095 malum
2261 1048 2373 1103 est;

817 1144 911 1186 aut
938 1133 1082 1188 enim
1112 1134 1287 1189 bonus
1324 1150 1429 1188 non
1458 1144 1561 1201 est,
1602 1134 1685 1193 vel
1735 1137 1877 1190 bona
1925 1133 2077 1200 facit,
2128 1128 2377 1202 benaque

815 1228 1105 1295 producit,
1137 1238 1194 1283 et
1240 1243 1347 1282 non
1397 1228 1693 1299 aliquando
1718 1226 1935 1297 quidem
1968 1236 2021 1282 et
2046 1226 2251 1296 aliqua,
2275 1223 2377 1277 ali-

813 1318 1037 1385 quando
1056 1334 1185 1375 vero
1214 1335 1342 1386 non,
1368 1331 1421 1375 et
1478 1336 1583 1377 non
1633 1319 1851 1383 omnia;
1884 1318 1989 1373 isto
2035 1316 2179 1377 enim
2221 1324 2379 1384 pacto

816 1411 1050 1468 mittatio
1086 1413 1140 1467 in
1192 1429 1315 1469 eum
1352 1416 1509 1469 cadet
1559 1424 1721 1483 atque
1777 1412 2155 1477 commutatio,
2210 1410 2375 1465 etiam

813 1503 960 1556 circa
990 1502 1040 1556 id
1066 1505 1205 1572 quod
1229 1505 1470 1560 omnium
1503 1506 1901 1561 divinissimum
1920 1515 2021 1571 est,
2050 1505 2101 1559 id
2129 1513 2214 1560 est
2244 1519 2375 1560 cau-

811 1608 949 1647 sam.
974 1596 1133 1662 Quod
1160 1596 1205 1651 si
1239 1613 1367 1652 vero
1391 1598 1441 1653 in
1473 1599 1583 1655 Deo
1630 1600 1831 1654 bonum
1854 1602 1929 1653 sit
1974 1600 2089 1668 ipsa
2118 1597 2371 1653 substan-

816 1686 912 1751 tia,
937 1687 981 1741 si
1006 1699 1346 1757 permutetur
1370 1691 1535 1763 368
1570 1708 1636 1747 ex
1691 1695 1831 1746 bono
1882 1690 2051 1755 Deus,
2084 1689 2374 1767 aliquando

808 1779 1027 1844 quidem
1060 1781 1187 1845 erit,
1248 1783 1536 1851 aliquando
1565 1800 1696 1839 vero
1742 1800 1851 1839 non
1909 1784 2035 1839 erit.
2089 1783 2146 1838 Si
2190 1792 2374 1838 autem

2484 587 2576 639 καὶ
2623 585 2751 655 φίλα
2790 582 3022 653 τάγαθά,
3067 582 3161 634 καὶ
3216 580 3507 651 ὲναρμόνια
3549 580 3743 640 πάντα,
3793 579 3890 631 καὶ
3923 582 4041 648 μιᾶς

2483 677 2627 750 ζωῆς
2655 677 2869 746 ἔκγονα,
2904 678 2999 730 καί
3025 675 3159 746 πρὸς
3186 673 3250 728 ἓν
3279 672 3477 742 ἀγαθὸν
3504 671 3931 742 συντεταγμένα,
3959 674 4041 725 καὶ

2482 771 2747 844 προσηνῆ,
2773 771 2865 823 καὶ⁵
2898 770 3077 840 ὅμοια,
3100 770 3200 823 ,καὶ
3235 769 3546 839 προσήγορα
3569 765 3816 836 ἀλλήλοις
3837 782 3850 793 ·
3910 764 4039 816 ὥστε

2479 866 2578 918 οὐκ
2605 864 2660 917 ὲν
2684 863 2802 934 Θεῷ
2838 863 2898 916 τὸ
2926 864 3111 925 κακὸν,
3136 863 3228 916 καὶ
3250 861 3312 914 τὸ
3350 860 3517 915 κακὸν
3542 860 3641 912 οὐκ
3668 855 3865 911 ἔνθεον.
3911 855 4041 908 Ἀλλ’

2479 955 2601 1010 οὐδὲ
2626 957 2691 1009 ὲκ
2715 953 2849 1009 Θεοῦ
2875 954 2935 1007 τὸ
2960 954 3125 1007 κακόν
3146 972 3158 984 ·
3211 953 3245 1024 ἢ
3272 951 3379 1023 γάρ
3413 952 3513 1003 οὐκ
3536 949 3755 1019 ἀγαθὸς,
3787 950 3819 1020 ἢ
3849 947 4043 1016 ἀγαθο-

2481 1050 2654 1111 ποιετ,
2698 1048 2793 1101 καὶ
2841 1045 3019 1115 ἀγαθά
3066 1046 3337 1117 παράγειο
3403 1044 3495 1097 καὶ
3540 1044 3599 1094 ού
3640 1041 3767 1094 ποτὲ
3803 1041 3927 1111 μὲν,
3957 1038 4042 1093 καί

2478 1155 2618 1203 τινα,
2669 1135 2798 1192 ποτὲ
2827 1137 2883 1190 δὲ
2908 1136 2989 1203 οὖ,
3036 1138 3129 1189 καὶ
3172 1137 3231 1189 οὐ
3268 1135 3471 1189 πάντα·
3522 1132 3819 1205 μεταϐολὴν
3860 1130 3973 1201 γάρ
3994 1131 4042 1181 ἐν

2478 1228 2652 1301 τούτῳ
2678 1231 2921 1284 πείσεται
2956 1229 3046 1284 καὶ
3070 1229 3371 1294 ἀλλοίωσιν,
3401 1229 3492 1281 καὶ
3518 1228 3641 1298 περὶ
3667 1226 3799 1279 αὐτὸ
3822 1224 3884 1277 τὺ
3912 1225 4041 1277 πάνθ

2477 1339 2584 1376 των
2626 1324 2918 1388 θειότατον,
2972 1324 3068 1397 τὴν
3119 1324 3314 1378 αἰτίαν.
3367 1324 3426 1376 El
3458 1314 3515 1375 δὲ
3558 1324 3614 1374 έν
3653 1319 3772 1390 Θεῷ
3813 1319 4043 1388 τάγαθὸν

2481 1415 2710 1487 ὖπαρξίς
2737 1416 2902 1478 ἐστιν,
2930 1416 3081 1469 ἔσται
3107 1418 3135 1469 ὁ
3162 1415 3508 1487 μταὸάλλων
3533 1417 3594 1467 ὲκ
3648 1412 3889 1482 τάγαθοῦ
3918 1413 4043 1475 θεὸς

2479 1509 2607 1561 ποτὲ
2638 1507 2737 1579 μὲν
2763 1504 2859 1571 ὢν,
2887 1507 3015 1560 ποτὲ
3033 1507 3088 1561 δὲ
3112 1510 3212 1562 οὐκ
3234 1507 3327 1560 ὧν.
3354 1508 3415 1560 Εἰ
3446 1507 3502 1559 δὲ
3529 1506 3737 1578 μεθέξει
3762 1506 3824 1559 τὸ
3847 1504 4041 1573 ἀγαθὸν

2478 1599 2611 1669 ἔχει,
2642 1600 2736 1653 καὶ
2758 1597 2816 1664 ἐξ
2848 1600 3035 1671 ἑτέρου
3064 1600 3193 1665 ἕξει,
3226 1601 3319 1655 καὶ
3348 1602 3476 1655 ποτὲ
3533 1602 3630 1671 μὲν
3653 1600 3788 1666 ἕξει,
3814 1600 3948 1652 ποτὲ
3991 1600 4041 1651 δὲ

2477 1693 2576 1762 οὐχ
2618 1690 2745 1757 ἕξει.
2779 1692 2893 1745 Οὐκ
2933 1692 3039 1764 ἄρα
3064 1695 3133 1746 ὲκ
3165 1692 3299 1746 Θεοῦ
3330 1693 3389 1747 τὸ
3428 1694 3615 1759 κακὸν,
3652 1680 3863 1747 οῠτέέν
3890 1692 4006 1761 Θεῷ
4026 1733 4041 1757 ,

2476 1784 2597 1840 οὔτε
2626 1784 2831 1848 ἁπλῶς,
2862 1786 2983 1840 οὔτε
3008 1785 3145 1841 κατά
3174 1788 3379 1857 χρόνον.

809 1874 1226 1945 participatione
1300 1876 1497 1931 b0num
1550 1877 1782 1943 habeat,
1834 1874 2054 1929 habebit
2126 1877 2316 1946 utique
2364 1893 2429 1931 ex
2484 1878 2613 1941 alio,
2650 1888 2818 1948 atque
2870 1879 3005 1934 alias
3050 1882 3101 1935 id
3156 1882 3394 1946 habebit,
3446 1882 3579 1939 alias
3635 1898 3743 1943 oon
3802 1880 4042 1936 habebit.

810 1965 1009 2024 Malum
1035 1969 1197 2041 igitur
1225 1983 1325 2027 nec
1354 1984 1421 2023 ex
1448 1968 1577 2034 Deo,
1622 1983 1721 2025 nec
1768 1970 1821 2022 in
1876 1963 2008 2033 Deo,
2054 1984 2228 2040 neque
2251 1971 2499 2034 omnino,
2518 1985 2693 2040 neque
2715 1978 2866 2027 certo
2893 1983 3152 2042 tempore.

2276 2132 2303 2204 ι
2342 2129 2552 2194 xxu,

875 2281 1016 2348 Quin
1051 2296 1115 2335 ne
1153 2281 1204 2334 in
1234 2281 1441 2353 angelis
1471 2282 1687 2350 quidem
1717 2282 2114 2338 inest-malum.
2145 2281 2201 2337 Si
2228 2287 2371 2336 enim
2408 2294 2449 2347 Β

805 2376 980 2439 bonus
1002 2373 1231 2444 angelus
1249 2374 1485 2427 divinam
1510 2375 1753 2428 enuntiat
1780 2375 2100 2439 bonitatem,
2122 2375 2171 2429 id
2198 2375 2372 2445 ipsum

804 2466 1077 2521 assistens
1112 2466 1409 2520 secundum
1450 2466 1924 2535 participationem
1950 2467 2188 2522 secundo
2215 2467 2372 2521 ordi-

804 2574 899 2624 ne,
928 2560 1073 2628 quod
1121 2559 1414 2613 secundum
1453 2572 1672 2613 causam
1701 2568 1782 2614 est
1806 2560 1857 2614 id
1882 2560 2024 2628 quod
2054 2559 2374 2613 enuntiatur

802 2652 1006 2719 primo,
1034 2661 1184 2705 certe
1215 2650 1439 2718 angelus
1482 2661 1565 2706 est
1593 2652 1772 2722 imago
1805 2652 1921 2715 Dei,
1949 2661 2003 2707 et
2053 2654 2241 2706 arcani
2290 2652 2372 2706 lu-

805 2744 968 2798 minis
1016 2741 1335 2805 declaratio,
1392 2742 1667 2812 speculum
1722 2759 1937 2813 purum,
1981 2743 2370 2807 clarissimum,

805 2835 1101 2901 integrum,
1129 2833 1555 2899 immaculatum,
1607 2834 2011 2901 intaminatum,
2045 2844 2209 2890 totam
2238 2834 2289 2887 in
2315 2849 2373 2888 se

804 2926 1075 2995 recipiens
1100 2926 1167 2987 (si
1212 2926 1359 2981 dictu
1412 2925 1492 2981 fas
1544 2929 1646 2997 est)
1705 2928 2171 2995 pulchritudinem
2210 2928 2369 2981 boui-

800 3012 995 3074 formis
1036 3018 1443 3084 deiformitatis,
1490 3020 1805 3091 liquidoque
1864 3024 2063 3093 (quoad
2122 3022 2235 3076 ﬁeri
2276 3038 2371 3092 po-

803 3113 933 3183 test)
977 3112 1031 3166 in
1061 3112 1357 3181 semetipso
1388 3113 1738 3182 resplendere
1771 3113 1977 3171 iaciens
2016 3114 2365 3169 secretissiiui

802 3206 948 3261 illius
977 3206 1181 3261 silentii
1238 3206 1563 3272 bonitatem,
1596 3219 1758 3277 atque
1792 3210 1928 3266 adeo
1960 3224 2135 3279 neque
2165 3210 2369 3280 angelis

802 3300 945 3354 inest
970 3300 1189 3362 malum;
1212 3308 1267 3351 at
1297 3299 1438 3365 quod
1463 3310 1775 3368 peccatores
1804 3303 2047 3370 puniant,
2072 3302 2195 3354 mali
2221 3307 2368 3360 sunt.

2561 2283 2702 2338 Ἀλλ’
2723 2284 2846 2339 οὒτε
2894 2287 2952 2340 ὲν
2998 2284 3252 2355 ἀγγέλοις
3294 2285 3412 2339 ἐστὶ
3459 2282 3528 2339 τὸ
3579 2285 3767 2339 κακόν.
3821 2287 3886 2339 El
3938 2284 4043 2355 γάρ

2476 2377 2787 2446 ἐξαγγέλλει
2831 2377 2929 2449 τὴν
2977 2378 3286 2449 ἀγαθότητα
3321 2378 3419 2449 τὴν
3453 2378 3603 2431 Θείαν
3644 2381 3673 2431 ὁ
3719 2377 4043 2446 ἀγαθοειδὴς

2474 2470 2725 2539 ἄγγελος,
2788 2470 2964 2524 έκεῖνο
3008 2471 3083 2525 ὢν
3133 2469 3273 2522 κατά
3318 2468 3531 2540 μέθεξιν
3572 2469 3864 2540 δευτέρως,
3907 2470 4045 2539 ὅπερ

2475 2563 2792 2617 κατ’·αίτίαν
2815 2562 2877 2615 τὸ
2904 2562 3293 2633 ἀγγελλομένον
3331 2560 3581 2631 πρώτως,
3610 2561 3773 2614 εἰκών
3799 2564 3915 2613 ἐστι
3949 2560 4043 2614 τοῦ

2474 2654 2608 2708 Θεοῦ
2642 2655 2708 2687 ¹⁰⁰
2737 2655 2764 2706 ὁ
2789 2654 3037 2723 ἄγγελος,
3073 2655 3382 2725 φανέρωσις
3416 2652 3509 2705 τοῦ
3558 2651 3797 2721 ἀφανοῦς
3828 2652 4006 2721 φωτὸς
4026 2694 4041 2715 ,

2474 2746 2735 2817 ἔσοπτρον
2764 2747 3082 2816 ἀκραιφνὲς,
3110 2745 3483 2807 διειδέστατον,
3510 2743 3807 2813 άλώὸητον,
3844 2744 4043 2813 ἄχραν-

2472 2853 2582 2900 τον,
2610 2835 2960 2907 ἀκηλίδωτον,
2992 2835 3359 2905 εἰσ-δεχόμενον
3402 2834 3529 2903 ὅλην
3553 2836 3621 2904 (εί
3653 2834 3806 2903 θέμις
3824 2832 4039 2903 εἰπεῖν),

2471 2930 2569 2999 τὴν
2590 2928 2900 2999 ὡραιότητα
2930 2929 3025 2999 τῆς
3051 2929 3393 2997 ἀγαθοτύπου
3425 2927 3734 2992 θεοειόείας,
3785 2930 3878 2980 καὶ
3913 2929 4042 2998 ἀμι-

2436 3072 2443 3079 κ
2473 3021 2584 3090 γῶς
2608 3021 2926 3091 ἀναλάμπον
2952 3023 3008 3074 ὲν
3030 3021 3204 3092 ἑαυτῷ
3231 3022 3502 3092 (καθάπερ
3532 3003 3639 3073 οἶόν
3658 3020 3717 3072 τέ
3746 3020 3911 3088 sum")
3939 3021 4041 3089 τὴν

2471 3114 2779 3187 ἀγαθότητα
2828 3115 2924 3186 τῆς
2955 3116 3011 3167 έν
3045 3113 3255 3176 ἀδύτοις
3309 3112 3503 3187 σιγῆς·
3552 3111 3652 3164 οὐκ
3696 3111 3803 3181 ἄρα
3832 3110 3954 3164 οὐδὲ
3983 3111 4041 3161 ὲν

2470 3203 2719 3277 ἀγγέλοις
2744 3209 2857 3261 ἐστὶ
2880 3208 2941 3260 τὸ
2968 3208 3151 3271 κακὸν,
3175 3206 3308 3260 ἀλλά
3336 3205 3410 3276 τῷ
3438 3205 3684 3270 κολάζειν
3707 3205 3832 3267 τοὺς
3863 3206 4041 3274 ἀμαρ-

2469 3301 2726 3364 τάνοντάς
2758 3302 2864 3353 εισι
2912 3300 3088 3353 κακοί.
3126 3300 3311 3371 Τούτῳ
3364 3297 3494 3368 γοῦν
3536 3298 3613 3368 τῷ
3653 3298 3795 3367 λόγῳ
3846 3299 3939 3351 καὶ
3992 3300 4042 3350 οἱ

802 3393 1007 3448 Eadem
1028 3392 1274 3462 profecto
1319 3393 1531 3449 ratione
1560 3404 1909 3448 correctores
1940 3393 2366 3463 delinquentium

2472 3395 2835 3468 σωφρονισταὶ
2888 3396 2995 3446 τῶν
3051 3392 3509 3463 πλημμελούντων
3558 3392 3744 3454 κακοὶ,
3810 3389 4043 3443 καὶτῶν

804 3485 927 3539 mali
955 3496 1135 3548 erunt,
1160 3484 1297 3538 sicut
1320 3495 1371 3539 et
1396 3486 1726 3549 sacerdotes,
1753 3486 1842 3555 qui
1870 3486 2157 3554 profanum
2184 3501 2213 3537 a
2247 3502 2365 3557 my-

2472 3488 2661 3560 ἱερέων
2686 3489 2733 3539 οἱ
2758 3486 2849 3538 τὸν
2879 3484 3104 3555 βέϐηλον
3152 3484 3258 3536 τῶν
3281 3484 3437 3536 θείων
3490 3481 3798 3553 μυστηρίων
3848 3482 4043 3552 ἀπείρ-

802 3577 986 3632 steriis
1009 3578 1207 3632 divinis
1250 3588 1454 3631 arcent.
1484 3578 1651 3645 Atqui
1680 3593 1787 3631 non
1822 3576 2021 3630 malum
2058 3586 2141 3631 est
2163 3580 2364 3647 puniri,

2469 3596 2677 3647 γοντες.
2706 3577 2897 3631 Καίτοι
2921 3570 3041 3629 οὐδὲ
3063 3575 3123 3627 τὸ
3157 3574 3478 3637 κολάξεσθαι
3510 3575 3525 3603 ¹
3572 3574 3760 3636 κακὸν,
3793 3572 3930 3626 ἀλλά
3978 3570 4042 3625 τὺ

803 3668 897 3721 sed
922 3667 1169 3736 supplicii
1200 3683 1347 3721 reum
1375 3667 1525 3733 ﬁeri;
1572 3669 1649 3731 uti
1680 3668 1845 3722 etiam
1866 3667 2101 3737 aliquem
2134 3685 2163 3722 a
2193 3666 2364 3725 sacris

2469 3668 2616 3734 ἀξιον
2645 3667 2893 3736 γενέσθαι
2919 3666 3209 3730 κολάσεως,
3259 3663 3378 3717 οὐδὲ
3410 3665 3471 3717 τὸ
3501 3665 3619 3717 κατ’
3642 3662 3797 3727 ἀξίαν
3841 3663 4038 3731 ἀπείρ-

801 3769 1029 3830 propter
1057 3760 1321 3814 demerita
1356 3760 1569 3813 excludi
1626 3761 1850 3815 minime
1883 3762 2080 3815 malum
2128 3772 2231 3826 est,
2270 3764 2363 3815 sed

2470 3759 2658 3829 γεσθαι
2680 3759 2789 3813 τῶν
2842 3759 3018 3829 ἱερῶν,
3041 3758 3178 3811 ἀλλά
3222 3758 3283 3810 τὸ
3311 3758 3474 3829 ἐναγῆ
3522 3759 3613 3811 καὶ
3651 3757 3864 3826 ἀνίερον
3889 3755 4039 3824 γενέ-

803 3850 1101 3906 sceleribus
1129 3851 1499 3919 coinquinari,
1547 3860 1603 3903 et
1648 3852 2035 3907 sacratissimis
2088 3855 2364 3921 mysteriis

802 3945 1082 4014 indignum
1111 3945 1285 4009 reddi,
1312 3944 1627 4011 pessimum.

2473 3854 2614 3920 σθαι,
2648 3854 2743 3907 καὶ
2768 3853 2876 3917 τῶν
2904 3854 3183 3923 ἀχράντων
3212 3851 3602 3921 ἀνεπιτήδειον.

2265 4061 2294 4132 §
2316 4057 2556 4119 XXIII.

877 4226 983 4279 Sed
1010 4238 1182 4293 neque
1206 4225 1479 4279 daamones
1520 4231 1713 4276 natura
1746 4238 1843 4278 sua
1888 4224 2013 4279 mali
2041 4233 2198 4287 sunt;
2237 4238 2362 4277 nam

806 4320 850 4370 si
878 4326 1067 4371 natura
1099 4318 1222 4371 mali
1265 4316 1468 4381 forent,
1498 4329 1671 4384 neque
1693 4330 1757 4369 ex
1784 4318 1924 4370 bono
1953 4326 2160 4381 essent,
2190 4331 2367 4384 neque

808 4412 858 4463 in
885 4421 1076 4464 natura
1104 4426 1284 4464 rerum
1308 4411 1659 4472 exsisterent,
1690 4423 1865 4477 neque
1904 4411 2067 4463 etiam
2102 4425 2166 4463 ex
2211 4409 2366 4463 bouis

808 4503 1023 4567 mutati,
1056 4504 1099 4555 si
1135 4512 1326 4555 natura
1382 4515 1708 4571 semperque
1750 4501 1874 4554 mali
1916 4509 2095 4555 erant.
2140 4500 2364 4565 Deinde,

807 4611 933 4646 num
964 4596 1061 4648 sibi
1104 4595 1225 4647 mali
1254 4604 1399 4657 sunt,
1426 4608 1491 4645 an
1521 4594 1681 4647 aliis?
1728 4593 1781 4647 Si
1818 4595 1941 4662 sibi,
1984 4596 2147 4649 etiam
2202 4596 2365 4662 seipsi

806 4688 1075 4753 perimunt
1099 4702 1115 4749 ;
1135 4686 1215 4738 sin
1245 4685 1383 4747 aliis,
1420 4687 1694 4752 quomodo
1747 4687 2086 4751 interimunt,
2115 4694 2209 4739 aut
2235 4687 2364 4754 quid

808 4776 1573 4835 interimunt?essentiamne,
1602 4791 1670 4829 an
1719 4777 2037 4845 potentiam,
2079 4792 2147 4829 an
2187 4766 2363 4829 actio-

804 4868 1049 4921 nem?Si
1080 4870 1394 4931 essentiam,
1454 4868 1689 4935 primum
1745 4868 1962 4935 quidem
2005 4882 2109 4921 non
2169 4879 2361 4922 contra

2555 4222 2690 4277 Ἀλλ’
2721 4220 2841 4276 οὔτε
2876 4223 2925 4275 οἱ
2978 4222 3228 4294 δαίμονες
3271 4218 3429 4291 φύσει
3468 4216 3657 4272 κακοί·
3708 4217 3802 4271 καὶ
3845 4214 3952 4285 γὰρ
3983 4219 4031 4268 ει

2473 4315 2630 4385 φύσει
2658 4317 2837 4379 κακοὶ,
2868 4314 2991 4366 οὔτε
3039 4316 3103 4366 ὲκ
3149 4309 3408 4379 τάγαθοῦ,
3460 4308 3581 4361 οὒτε
3625 4308 3683 4358 ὲν
3711 4308 3823 4367 τοῖς
3853 4301 4031 4370 οὖσιν,

2472 4407 2594 4461 οὔτε
2626 4407 2729 4478 μὴν
2754 4406 2813 4471 ἐξ
2859 4407 3075 4475 ἀγαθῶν
3136 4402 3445 4475 μετέϐαλον,
3500 4399 3657 4469 φύσει
3690 4401 3779 4452 καὶ
3816 4400 3903 4451 ἀεὶ
3936 4415 4031 4451 κα-

2472 4502 2557 4554 κοὶ
2581 4500 2749 4564 ὄντες.
2783 4503 3010 4553 Ἔπειτα
3032 4500 3239 4561 ἑαυτοῖς
3278 4499 3382 4549 εἱσι
3411 4492 3648 4563 κακοὶ,ῆ
3693 4492 3936 4561 έτέροις;
3974 4491 4032 4541 El

2478 4592 2575 4660 μὲν
2604 4591 2833 4655 ἑαυτοῖς,
2865 4590 2957 4642 καὶ
2988 4588 3294 4659 φθείρουσιν
3342 4584 3565 4647 ἑαυτούς
3585 4601 3597 4613 °
3647 4585 3695 4635 εί
3738 4582 3795 4635 δὲ
3831 4581 4028 4643 ἄλλοις,

2474 4683 2589 4745 πῶς
2618 4682 2944 4753 φθείροντες,
2975 4682 3007 4751 ἢ
3036 4683 3085 4733 τί
3126 4681 3432 4751 φθείροντες
3458 4695 3470 4743 ;
3494 4676 3699 4739 οὐσίαν,
3728 4675 3762 4744 ἢ
3788 4674 4031 4743 δύναμιν,

2474 4775 2506 4845 ἢ
2542 4775 2853 4845 ὲνέργειαν;
2886 4776 2948 4827 Ei
3000 4774 3097 4844 μὲν
3127 4773 3333 4835 οὐσίαν,
3384 4770 3595 4842 πρῶτον
3647 4768 3744 4839 μὲν
3798 4768 3856 4819 ού
3887 4766 4032 4835 παρά

2474 4865 2669 4933 φύσιν⁸
2757 4864 2828 4919 τὰ
2892 4864 2998 4935 γὰρ
3050 4864 3208 4932 φύσει
3274 4862 3521 4933 ἄφθαρτα
3582 4860 3640 4911 ού
3702 4858 4030 4928 φθείρουσιν,

804 4972 1056 5015 naturam
1082 4959 1130 5012 id
1156 4958 1393 5024 iaciunt;
1448 4974 1565 5026 qua:
1609 4959 1753 5012 enim
1800 4969 1991 5012 natura
2017 4974 2113 5011 sua
2142 4960 2366 5015 interire

2471 4957 2693 5009 ἀλλάτά
2719 4957 2941 5009 δεκτικά
2969 4956 3191 5025 φθορᾶς,
3254 4955 3479 5006 Ἔπειτα
3513 4951 3630 5004 οὐδὲ
3677 4950 3833 5002 τοῦτο
3873 4949 4030 5003 παντὶ

802 5070 908 5104 non
946 5060 1186 5119 possunt,
1216 5066 1277 5105 ea
1320 5068 1422 5105 non
1450 5053 1800 5117 interimunt,
1848 5055 1941 5106 sed
1987 5068 2046 5107 ea
2075 5070 2197 5122 qua:
2242 5070 2365 5107 eor-

805 5146 1041 5211 rnptioni
1086 5151 1211 5195 sunt
1236 5144 1489 5198 obnoxia.
1514 5143 1714 5196 Deinde
1739 5159 1802 5196 ne
1828 5144 1877 5195 id
1925 5143 2145 5212 quidem
2185 5159 2361 5197 omm-

802 5232 902 5282 lms
925 5240 977 5283 et
1004 5231 1227 5285 omnino
1251 5232 1449 5285 malum
1487 5242 1603 5295 est;
1651 5245 1750 5284 nec
1794 5246 1919 5285 vero
1944 5232 2239 5301 quidquam
2270 5248 2362 5286 eo-

804 5338 919 5374 rum
949 5338 1069 5391 quze
1092 5334 1220 5377 sunt
1248 5324 1459 5384 interit,
1479 5334 1747 5391 quatenus
1778 5325 2015 5379 essentia
2060 5334 2143 5379 est
2165 5334 2217 5379 et
2265 5342 2361 5379 na-

803 5428 943 5479 tura,
977 5418 1069 5471 sed
1095 5416 1305 5471 defectu
1340 5418 1606 5471 naturalis
1652 5418 1882 5481 ordinis,
1917 5420 2284 5488 congruentia:
2308 5430 2357 5473 et

800 5512 1207 5579 compositionis
1243 5511 1378 5565 ratio
1402 5510 1735 5575 debilitatur,
1762 5526 1880 5564 cum
1909 5512 1959 5563 in
1989 5513 2178 5566 eodem
2217 5519 2359 5564 statu

2473 5053 2565 5105 καὶ
2590 5051 2764 5121 πάντη
2792 5050 2956 5103 κακόν
2976 5067 2987 5079 ·
3030 5049 3142 5103 ἀλλ’
3166 5047 3286 5100 οὐδὲ
3311 5044 3584 5117 φθείρεται
3614 5061 3668 5096 τι
3701 5043 3809 5096 τῶν
3843 5042 4028 5103 ὄντων,

2472 5142 2594 5195 καθ’
2623 5143 2651 5194 ὅ
2673 5144 2827 5194 ούσία
2876 5143 2967 5194 καὶ
3017 5141 3197 5209 φύσις,
3235 5141 3371 5194 ἀλλὰ
3397 5141 3463 5209 τῇ
3514 5135 3745 5205 ἐλλείψει
3768 5135 3866 5204 τῆς
3894 5132 4031 5186 κατά

2472 5234 2632 5303 φύσιν
2657 5234 2879 5298 τάξεως,
2926 5237 2953 5286 ὁ
2990 5233 3090 5302 τῆς
3120 5232 3379 5304 ἁρμονίας
3418 5230 3511 5284 καὶ
3557 5229 3653 5299 τῆς
3696 5224 4027 5296 συμμετρίας

2470 5321 2624 5390 λόγος
2676 5323 2890 5376 ἀσθενεῖ
2916 5323 3093 5393 μένειν
3128 5322 3386 5385 ὡσαύτως
3414 5320 3566 5391 ἔχων.
3611 5320 3673 5371 Ἦ
3699 5318 3755 5371 δὲ
3785 5316 4029 5370 ἀσθένεια

2468 5416 2529 5467 οὐ
2555 5416 2820 5486 παντελής
2839 5433 2851 5445 ·
2904 5418 2951 5468 εί
2978 5414 3086 5487 γάρ
3113 5413 3400 5485 παντελὴς,
3440 5414 3532 5465 καὶ
3562 5412 3660 5483 τὴν
3692 5407 3916 5480 φθορὰν,
3939 5407 4027 5459 καὶ

2467 5507 2527 5562 τὸ
2550 5509 2905 5578 ὑποκείμενον
2938 5509 3133 5573 ἀνεῖλε,
3183 5510 3272 5560 καὶ
3328 5507 3480 5561 ἐσται
3512 5506 3545 5575 ἡ
3599 5500 3823 5573 τοιαύτη
3862 5502 4029 5572 φθορά

2078 5669 2306 5729 ΥᾹΒΙᾹΞ
2348 5670 2745 5726 LECTIONES.

910 5814 970 5839 ‘“"
1001 5812 1087 5860 :1,
1116 5811 1336 5877 ἀγαθοῦ,
1372 5811 1428 5862 υ.
1531 5816 1539 5842 ¹
1580 5811 1841 5873 κολάζειν.
