4186 6308
283 239 395 297 79.5

1341 232 1428 290 DE
1458 231 1707 290 DlViNlS
1739 230 2133 296 NOMINIBUS,
2166 229 2317 285 CAP.
2353 227 2462 301 ιν..

3402 223 3505 280 726

286 357 385 410 καὶ
409 353 602 424 ἑαυτῆς
629 353 801 425 φθορά
821 369 833 382 ·
891 346 1031 406 Usu
1073 350 1134 405 τὸ
1157 351 1393 410 τοιοῦτον
1415 353 1474 404 οὐ
1516 351 1704 415 κακὸν,
1732 350 1845 403 ἀλλ’
1878 359 1923 414 Α

1878 359 1923 414 Α
1950 360 2170 402 manere
2191 345 2432 401 deberet.
2489 341 2835 399 imbecillitas
2877 353 3057 398 autem
3101 356 3210 398 non
3253 351 3337 397 est
3383 357 3503 410 per-

281 446 530 509 ιλλειπὲς
560 443 792 513 ἀγαθόν·
838 443 901 497 τὸ
933 442 1055 514 γὰρ
1110 443 1283 518 πάντη
1327 443 1555 514 ἄμοιρον
1583 439 1676 494 τοῦ
1712 442 1850 508 ἀγαπ-

282 536 405 602 δοῦ,
431 536 552 590 οὔτε
584 538 642 589 ὲν
678 537 788 599 τοῖς
823 529 973 588 οὖσιν
996 534 1145 586 ἔσται
1166 550 1179 562 ·
1205 527 1298 586 καὶ
1324 532 1451 603 περὶ
1475 531 1572 600 τῆς
1595 533 1674 594 είς
1691 529 1851 582 δύνα-

284 644 384 699 μιν
432 627 526 680 καὶ
586 626 862 698 ἐνέργειαν
917 623 1120 693 φθορᾶς
1173 622 1202 674 δ
1256 621 1415 684 αὐτὸς
1457 620 1632 688 λόγος,
1683 616 1848 683 Εἶτα,

280 718 475 781 πῶςοί
498 719 562 770 ὲκ
585 715 720 769 Θεοῦ
757 717 1033 785 γενόμενοι
1071 711 1317 783 δαίμονές
1362 711 1470 764 sict
1519 710 1676 763 κακοί
1709 725 1723 775 ;
1780 709 1853 761 Τὸ

279 808 395 880 γὰρ
427 809 621 877 ἀγαθὸν
687 805 864 875 ἀγαθά
889 805 1123 873 παράγει
1162 803 1272 856 καν
1303 802 1574 870 ὑφίστησι.
1637 799 1849 860 Καίτοι,

279 899 529 968 λέγονται
563 900 737 962 κακοὶ,
765 897 894 969 φαίη
922 915 1005 961 τις
1029 896 1093 950 ἂν
1120 898 1207 959 ²’³,
1237 895 1348 947 ἀλλ’
1379 895 1439 949 οὐ
1468 893 1600 963 καθΊ
1624 893 1652 946 δ
1694 894 1849 955 εἰσιν,

281 986 376 1058 (ὲκ
422 989 657 1058 τάγαθοῦ
681 988 788 1059 γάρ
829 989 952 1050 εισι,
993 987 1086 1040 καὶ
1107 984 1315 1055 ἀγαθὴν
1367 983 1555 1054 ἔλαχον
1605 975 1848 1050 ὠσίανῆ

276 1080 418 1133 ἀλλὰ
455 1079 573 1134 καθ’
598 1081 626 1132 ὅ
653 1079 752 1133 οὐκ
778 1078 935 1140 εἰσὶν,
961 1075 1413 1141 ἀσθενήσαντες
1441 1074 1533 1144 (ὡς
1582 1072 1652 1126 τὰ
1680 1073 1852 1141 Λόγιά

281 1170 440 1242 φησι)
489 1169 742 1237 τηρῆσαι
771 1168 884 1236 τὴν
911 1165 1140 1223 ἑαυτῶν
1161 1166 1358 1234 ἀρχήν
1381 1212 1392 1224 ,
1428 1166 1512 1217 Ἐν
1565 1163 1673 1215 τίνι
1719 1161 1846 1232 γὰρ,

279 1257 406 1311 εἰπέ
454 1275 570 1329 μοι,
601 1257 925 1312 κακύνεσθαί
967 1274 1146 1326 φαμεν
1189 1255 1316 1320 τοὺς
1363 1253 1642 1323 δαίμονας,
1677 1255 1725 1306 εί
1776 1252 1848 1322 μὴ

276 1348 340 1400 ὲν
367 1351 434 1419 τῇ
463 1349 658 1401 παύσει
679 1348 778 1418 τῆς
799 1348 906 1401 τῶν
935 1347 1091 1401 θείων
1129 1344 1347 1414 ἀγαθῶν
1371 1345 1535 1409 ἕξεως
1585 1343 1675 1397 καὶ
1702 1345 1850 1413 ἐνερ-

275 1440 465 1508 γείας;
497 1439 668 1503 ἄλλως
695 1457 775 1501 τε,
806 1441 854 1492 εί
881 1438 1035 1507 φύσει
1080 1438 1238 1491 κακοὶ
1258 1438 1305 1490 οἱ
1335 1437 1601 1506 δαίμονες,
1641 1436 1726 1489 ἀεὶ
1752 1451 1850 1489 κα-

277 1525 399 1578 κοί·
440 1524 616 1577 καίτοι
646 1526 705 1577 τὸ
745 1525 912 1578 κακὸν
940 1525 1168 1579 ἄστατον
1197 1527 1362 1577 ἐστιν.
1399 1525 1634 1588 Οὐκοῦν,
1677 1527 1724 1578 εί
1762 1525 1850 1578 ἀεὶ

274 1615 539 1681 ὡσαύτως
571 1616 804 1687 ἔχουσιν,
837 1618 896 1670 οὺ
935 1618 1092 1671 κακοί
1112 1634 1124 1647 ’
1158 1617 1218 1669 τὸ
1248 1615 1356 1687 γὰρ
1386 1617 1472 1669 ἀεὶ¹
1519 1617 1712 1669 ταύτὸν
1754 1615 1847 1668 τοῦ

1951 440 2122 506 tecta;
2151 452 2272 491 nam
2299 436 2345 492 si
2369 436 2592 491 omnino
2636 435 2872 505 perfecta
2904 433 3069 500 iuret,
3097 443 3153 491 et
3202 434 3507 503 corruptio-

1952 547 2071 587 nem
2109 531 2286 599 ipsam
2340 537 2397 583 et
2456 526 2758 596 subjectum
2798 525 2915 593 ejus
2969 541 3001 580 e
3039 526 3218 582 medio
3270 523 3504 586 tolleret,

1949 634 2197 694 essetque
2255 622 2381 678 talis
2443 621 2718 690 corruptio
2770 620 2851 674 sui
2901 633 3118 688 quoque
3146 616 3507 688 ipsiusinter-

1955 710 2063 768 itus
2099 751 2114 774 ,
2211 715 2444 785 ideoque
2498 713 2659 768 etiam
2716 723 2777 767 ut
2819 712 2941 766 talis
3009 726 3111 765 non
3180 719 3325 766 esset
3385 724 3513 764 ma-.

1952 805 2084 872 lum,
2105 808 2198 862 sed
2220 806 2479 861 deficiens
2503 805 2702 860 bonum
2726 818 2747 870 ς
2771 818 2894 857 nam
2922 803 3064 873 quod
3088 802 3312 860 omnino
3336 801 3505 875 369

1949 909 2146 968 expers
2171 899 2296 953 boni
2319 908 2426 964 est,
2457 914 2523 954 ne
2556 896 2770 966 quidem
2808 913 2894 952 res
2915 896 3041 960 erit,
3068 896 3366 964 eademque
3405 910 3500 949 ra-

1953 990 2028 1045 tio
2055 991 2122 1046 de
2149 989 2457 1057 corruptela
2493 986 2745 1056 potentiae
2795 996 2849 1039 et
2883 985 3138 1041 actionis.
3206 982 3501 1050 Prmterea,

1949 1081 2218 1149 quomodo
2272 1081 2563 1144 daemones,
2613 1078 2706 1146 qui
2759 1076 2933 1134 effecti
2966 1086 3095 1132 sunt
3134 1091 3164 1129 a
3217 1075 3347 1140 Deo,
3375 1073 3502 1129 mali

1949 1182 2073 1226 sunt
2100 1171 2122 1224 i
2143 1171 2348 1225 Bonum
2368 1170 2512 1226 enim
2548 1171 2688 1224 bona
2706 1168 2908 1238 profert
2938 1177 2994 1223 et
3019 1167 3246 1223 stabilit.
3302 1167 3500 1222 Verum

1949 1260 2090 1315 dicet
2134 1259 2349 1330 aliquis,
2407 1274 2502 1315 eos
2550 1258 2720 1315 malos
2755 1257 3018 1328 appellari
3072 1273 3174 1312 non
3203 1257 3501 1317 secundum

1949 1351 2088 1420 quod
2114 1360 2239 1405 sunt
2265 1351 2351 1420 (ex
2374 1352 2513 1406 bono
2539 1352 2684 1406 enim
2705 1359 2852 1417 sunt,
2879 1350 3182 1419 bonamque
3212 1348 3388 1404 sortiti
3415 1363 3503 1408 es-

1949 1443 2238 1510 sentiam),
2273 1442 2364 1496 sed
2388 1457 2453 1496 ex
2474 1458 2538 1497 eo
2559 1442 2701 1511 quod
2732 1458 2837 1496 non
2866 1452 3012 1504 sunt,
3043 1441 3171 1509 quia
3195 1457 3296 1493 non
3327 1450 3500 1493 custo-

1949 1534 2158 1586 dierunt
2185 1539 2268 1600 (ut
2302 1531 2522 1601 Eloquia
2555 1532 2840 1600 testantur)
2873 1531 3229 1599 principatum
3259 1544 3412 1582 suum
3445 1541 3494 1580 ι.

1949 1621 2004 1676 ln
2042 1637 2149 1692 quo
2174 1622 2342 1686 enim,
2370 1622 2454 1676 dic
2485 1621 2704 1686 amabo,
2738 1621 3010 1674 daemones
3057 1618 3382 1689 depravatos
3413 1616 3499 1671 di-

274 1708 480 1778 ἀγαθοῦ
501 1708 647 1761 ἴδιον.
695 1709 757 1762 Ei
776 1709 833 1763 δὲ
852 1710 950 1762 οὐκ
972 1710 1058 1764 ἀεὶ
1075 1711 1252 1770 κακοὶ,
1269 1709 1328 1761 οὺ
1354 1707 1508 1778 φύσει
1536 1709 1716 1771 κακοὶ,
1735 1707 1847 1760 ἀλλ’
1879 1712 1920 1768 Β

1846 1712 1920 1768 ‘B
1952 1713 2144 1776 cimus,
2196 1712 2301 1766 nisi
2352 1711 2498 1780 quod
2543 1710 2726 1768 divina
2787 1710 2929 1764 bona
2968 1707 3104 1763 velle
3139 1718 3194 1762 et
3238 1707 3499 1778 perﬁcere

273 1801 451 1873 ἐνδείᾳ
487 1800 595 1854 τῶν
616 1801 916 1870 ἀγγελικῶν
942 1801 1180 1868 ἀγαθῶν.
1204 1801 1312 1854 Καὶ
1343 1801 1400 1853 οὐ
1430 1803 1602 1872 πάντη
1627 1801 1841 1872 ἄμοιροι

1940 1803 2582 1872 destiterunti'alioqnin,
2619 1803 2664 1857 si
2697 1811 2892 1855 natura
2923 1800 3049 1854 mali
3079 1807 3263 1855 essent
3299 1798 3499 1852 ὀπτηθ-

273 1891 370 1944 τοῦ
400 1891 624 1960 ἀγαθοῦ,
655 1892 774 1946 καθ’
795 1893 933 1945 δκαὶ
957 1891 1084 1956 sici,
1105 1892 1197 1944 καὶ
1225 1891 1379 1956 ζῶσι,
1413 1892 1506 1946 καὶ
1534 1891 1729 1957 νοοῦσι,
1747 1893 1840 1945 καὶ

1940 1913 2054 1964 nes,
2086 1911 2300 1967 semper
2335 1897 2566 1952 fuissent
2619 1895 2780 1958 mali;
2826 1893 2975 1960 atqui
3003 1892 3202 1946 malum
3241 1889 3499 1945 instabile

272 1984 409 2047 ὅλως
435 1983 551 2037 ἐστί
598 2001 681 2048 τις
716 1985 771 2038 ἐν
800 1985 980 2047 αὐτοῖς
1029 1984 1266 2054 ἐφέσεως
1303 1985 1515 2054 κίνησις
1539 2001 1550 2013 ·
1594 1985 1752 2037 κακοὶ
1781 1985 1837 2037 δὲ

1938 2002 2042 2046 est.
2092 1989 2354 2061 Siitaque
2391 2002 2601 2054 semper
2639 1986 2826 2043 eodem
2863 1986 3021 2041 modo
3054 1998 3113 2039 se
3137 1983 3360 2050 Habent,
3395 1998 3497 2037 non

269 2070 414 2129 αῐναι
431 2075 674 2144 λέγονται
700 2075 787 2130 διὰ
812 2075 873 2129 τὸ
901 2073 1141 2129 ἀσθενεῖν
1163 2079 1288 2147 περὶ
1307 2077 1407 2147 τὴν
1427 2077 1565 2129 κατά
1582 2076 1739 2145 φύσιν
1762 2078 1842 2129 ὲν-

1937 2091 2066 2137 sunt
2091 2082 2392 2149 mali;nam
2449 2080 2635 2135 eodem
2689 2076 2849 2133 modo
2887 2091 3100 2147 semper
3159 2090 3217 2132 se
3273 2075 3495 2139 habere,

271 2165 512 2236 Αργειαν.
543 2167 874 2238 Παρατροπὴ
900 2161 990 2219 οὖν
1032 2167 1176 2219 ἐστιν
1198 2167 1377 2229 αὐτοῖς
1406 2167 1466 2218 τὸ
1512 2167 1697 2232 κακὸν,
1745 2169 1838 2221 καὶ

1929 2172 2214 2243 proprium
2239 2181 2321 2228 est
2350 2169 2497 2226 boni.
2552 2169 2609 2224 Si
2643 2179 2821 2223 autem
2848 2184 2952 2223 non
2975 2182 3186 2237 semper
3217 2168 3366 2233 mali,
3400 2182 3495 2221 ne-

271 2258 381 2311 τῶν
405 2258 785 2329 προσηκόντων
812 2260 994 2322 αὐτοῖς
1021 2259 1262 2323 ἔκϐασις,
1312 2261 1404 2312 καὶ
1452 2260 1691 2325 ἀτευξία,
1744 2263 1838 2316 καὶ

271 2347 510 2410 ἀτέλεια,
546 2349 640 2402 καὶ
660 2349 948 2421 ἀδυναμία,
982 2352 1074 2403 καὶ
1101 2352 1198 2421 τῆς
1227 2349 1502 2422 σωζούσης
1524 2352 1623 2422 τὴν
1651 2354 1707 2404 ὲν
1736 2355 1834 2406 αὐ-

269 2436 384 2505 τοῖς
414 2441 721 2513 τελειότητα
763 2443 1040 2516 δυνάμεως
1081 2445 1325 2500 ἀσθένεια
1353 2447 1444 2499 καὶ
1463 2448 1714 2518 ἀποφυγὴ
1744 2449 1837 2501 καὶ

269 2531 606 2596 ἀπόπτωσις.
629 2534 842 2599 -Ἀλλως
864 2552 944 2597 τε,
974 2536 1024 2588 τί
1044 2537 1104 2588 τὸ
1121 2538 1176 2589 ὲν
1192 2537 1405 2608 δαίμοσι
1428 2539 1593 2592 κακόν
1617 2555 1632 2603 ;
1657 2539 1730 2591 Θυ
1739 2539 1834 2609 μδς

267 2623 482 2692 ἄλογος,
511 2623 666 2688 ἄνους
710 2625 990 2696 ἐπιθυμία,
1021 2628 1286 2694 φαντασία
1313 2630 1607 2700 προπετής.
1677 2629 1834 2682 Ἀλλά

262 2713 463 2778 ταῦτα,
500 2717 548 2768 εί
574 2716 664 2768 καὶ
701 2718 756 2769 ὲν
792 2717 1035 2789 δαίμοσιν
1076 2719 1233 2782 εἰσὶν,
1266 2722 1322 2772 οὐ
1356 2722 1553 2791 πάντη,
1583 2722 1707 2774 οὐδὲ
1736 2723 1827 2774 ἐπὶ

265 2805 507 2869 πάντων,
529 2807 648 2859 οὐδὲ
665 2806 803 2862 αὐτὰ
831 2809 949 2862 καθ’
971 2809 1114 2863 αὑτά
1137 2812 1298 2864 κακά.
1329 2813 1436 2864 Καὶ
1459 2812 1564 2883 γὰρ
1607 2813 1691 2880 ἐφ’
1713 2811 1830 2864 ἐτέ-

263 2913 383 2968 ρων
414 2895 565 2960 ζὼων
590 2899 686 2968 οὐχ
711 2901 742 2968 ἡ
773 2900 953 2970 σχέσις
976 2901 1195 2964 τούτων,
1225 2901 1336 2953 ἀλλ’
1361 2904 1391 2972 ή
1414 2901 1689 2972 ἀναίρεσίς
1715 2902 1831 2954 ἐστι

262 2986 364 3041 καὶ
386 2987 559 3059 φθορά
584 2989 661 3059 τῷ
676 2989 798 3060 ςὼῳ
821 2991 860 3055 ⁵,
877 2994 970 3044 καὶ
986 2993 1152 3046 κακόν
1175 3010 1188 3025 ο
1217 2995 1249 3064 ἡ
1271 2994 1327 3046 δὲ
1346 2995 1526 3064 σχέσις
1553 2993 1713 3057 σώζει
1736 2994 1832 3046 καὶ

1937 2277 2042 2332 que
2071 2273 2260 2318 natura
2293 2261 2417 2315 mali
2459 2270 2606 2323 sunt,
2640 2259 2735 2318 sed
2761 2257 2976 2314 deiectu
3004 2258 3371 2326 angelicorum
3400 2255 3494 2309 bo-

1936 2369 2151 2409 norum.
2202 2352 2384 2421 Neque
2429 2366 2558 2405 vero
2585 2352 2800 2420 penitus
2857 2359 3110 2420 expertes
3170 2349 3308 2404 boni
3343 2356 3494 2409 sunt,

1934 2454 2198 2516 quatenus
2229 2453 2373 2509 sunt,
2406 2444 2623 2508 vivunt,
2660 2443 2985 2515 intelligunt,
3014 2441 3232 2510 illisque
3271 2440 3496 2495 omnino

1935 2538 2076 2593 inest
2125 2537 2346 2606 quidam
2381 2549 2559 2590 mutus
2585 2533 2840 2590 desiderii
2868 2549 2882 2598 ;
2911 2533 3064 2602 pravi
3087 2543 3270 2588 autem
3297 2531 3488 2586 dicun—

1937 2640 2044 2691 tur,
2075 2640 2346 2698 quatenus
2403 2629 2453 2681 in
2507 2627 2741 2682 naturali
2774 2627 2988 2681 actione
3016 2634 3141 2680 sunt
3173 2623 3490 2678 imbecilles.

1933 2721 2255 2790 Depravatio
2297 2721 2462 2790 igitur
2511 2720 2591 2774 eis
2645 2719 2842 2773 malum
2895 2727 2998 2784 est,
3058 2729 3350 2785 rerumque
3387 2715 3494 2768 illis

1932 2813 2374 2868 convenientium
2405 2812 2644 2866 desertio
2665 2811 3076 2880 irustratioque,
3107 2817 3269 2877 atque
3293 2809 3491 2876 imper-

1931 2904 2095 2960 fectio
2125 2914 2179 2960 et
2243 2905 2602 2974 impotentia;
2642 2903 3025 2972 facultatisque
3076 2901 3128 2956 in
3174 2901 3254 2957 eis
3305 2901 3487 2971 peric—

1931 2996 2166 3050 ctionem
2193 2995 2563 3052 conservantis
2595 2995 2906 3056 inﬁrmitas,
2941 3003 2995 3047 et
3017 2992 3235 3047 abactio
3258 3033 3273 3059 ,
3306 3001 3359 3046 et
3408 2992 3486 3046 di-

258 3072 404 3132 εἶναι
437 3081 697 3152 ποιεῖτὴν
717 3081 883 3135 ταῦτα
905 3083 1133 3154 ἔχουσαν
1167 3085 1264 3137 ’τοῦ
1297 3085 1433 3148 ζώου
1490 3086 1669 3154 φύσιν.
1715 3087 1830 3141 Οὐκ
1856 3074 1897 3133 C

1856 3074 1897 3133 C
1931 3084 2121 3154 lapsio.
2172 3085 2310 3151 Quid
2339 3101 2468 3141 vero
2494 3094 2757 3154 praterea
2792 3085 2991 3139 malum
3023 3084 3077 3138 in
3111 3080 3488 3136 daemonibus?

259 3168 375 3242 ἄρα
395 3170 561 3223 κακὸν
587 3173 645 3224 τὸ
660 3172 931 3242 δαιμόνιον
951 3175 1132 3244 φῦλον,
1213 3179 1325 3230 ἐστι
1345 3177 1486 3230 κατά
1510 3178 1688 3247 φύσιν,
1712 3178 1830 3232 ἀλλ’

258 3254 296 3335 ᾔ
354 3262 453 3315 οὐκ
481 3262 614 3316 ἐστι.
661 3266 768 3318 Καὶ
799 3267 905 3318 οὐκ
929 3266 1190 3339 ἠλλοιώθη
1214 3268 1271 3321 τὸ
1298 3270 1448 3323 δοθὲν
1495 3272 1676 3336 αὐτοῖς
1709 3273 1828 3328 ὅλον

259 3352 482 3422 ἀγαθὸν,
509 3355 622 3409 ἀλλ’
646 3357 797 3410 αὐτοὶ
822 3358 914 3410 τοῦ
956 3359 1197 3423 δοθέντος
1225 3362 1678 3418 ἀποπεπτώκασιν
1703 3365 1827 3418 ὅλου

255 3441 487 3511 ἀγαθοῦ.
513 3445 621 3498 Καὶ
638 3445 734 3509 τὰς
763 3445 1008 3510 δοθείσας
1049 3447 1229 3511 αὐτοῖς
1264 3448 1555 3517 ἀγγελικὰς
1597 3449 1824 3522 δωρεὰς,

254 3533 323 3586 σὺ
355 3536 557 3605 μήποτε
579 3535 747 3599 αὑτάς
774 3536 1093 3607 ἠλλοιῶσθαι
1149 3556 1325 3609 φαμεν
1351 3541 1372 3571 ⁸
1398 3557 1410 3569 ·
1437 3539 1551 3593 ἀλλ’
1579 3542 1686 3594 sici.
1734 3544 1826 3595 καὶ

254 3623 556 3695 ὁλόκληροι,
587 3626 679 3680 καὶ
706 3631 986 3698 παμφαείς
1006 3631 1130 3693 εἰσι,
1172 3630 1274 3683 κᾶν
1298 3631 1448 3683 αὐτοὶ
1479 3629 1552 3702 μὴ
1600 3631 1821 3701 ὁρῶσιν,

253 3714 637 3785 ἀπομύσαντες
656 3717 833 3772 αὐτῶν
855 3719 874 3750 ⁸
892 3709 988 3782 τὰς
1005 3718 1377 3787 ἀγαθοπτικάς
1392 3722 1664 3792 δυνάμεις.
1708 3724 1828 3781 Ὠσ-

251 3823 318 3861 et
341 3807 370 3860 δ
396 3808 520 3870 είσι,
551 3809 647 3861 καὶ
663 3810 725 3862 ὲκ
741 3810 975 3878 τάγαθοῦ
999 3814 1125 3874 είσι,
1151 3813 1243 3866 καὶ
1266 3813 1478 3881 ἀγαθοὶ,
1505 3816 1598 3868 καὶ
1615 3814 1709 3868 τοῦ
1727 3834 1824 3870 κα-

252 3895 355 3952 λοῦ
388 3899 481 3952 καὶ
504 3899 707 3968 ἀγαθοῦ
730 3902 988 3971 ἐφίενται,
1003 3903 1096 3956 τοῦ
1116 3898 1274 3968 εἶναι,
1302 3906 1394 3958 καὶ
1414 3904 1531 3976 ζῇν,
1553 3909 1646 3961 καὶ
1661 3910 1819 3974 νοεῖν,

248 3987 364 4043 τῶν
381 3989 859 4064 δντωνὲφιέμενοι·
897 3997 988 4049 καὶ
1005 3999 1068 4066 τῇ
1096 3999 1364 4068 στερήσει,
1393 4000 1483 4051 καὶ
1499 4000 1753 4072 ἀποφυγῇ
1774 3999 1817 4064 ⁷,

248 4078 352 4134 καὶ
397 4080 707 4136 ἁποπτώσει
737 4083 846 4136 τῶν
894 4086 1274 4156 προσηκόντων
1331 4088 1511 4152 αὐτοῖς
1565 4091 1815 4159 ἀγαθῶν,

247 4167 497 4240 λέγονται
550 4173 740 4226 κακοί’
779 4173 870 4228 καί
917 4177 1023 4228 είσι
1060 4177 1239 4240 κακοὶ,
1289 4177 1408 4230 καθ’
1460 4178 1489 4231 δ
1521 4179 1621 4232 οὐκ
1668 4180 1812 4232 είσί·

248 4264 349 4318 καὶ
392 4263 484 4317 τοῦ
541 4265 616 4336 μὴ
656 4264 806 4330 ὄντος
847 4267 1117 4338 ἐφιέμενοι
1148 4307 1163 4332 ,
1210 4267 1304 4321 τοῦ
1356 4269 1524 4322 κακοῦ
1552 4271 1811 4340 ἐφίενται.

1931 3175 2104 3230 Furor
2127 3178 2475 3242 irrationalis,
2526 3177 2962 3247 concupiscentia
2991 3177 3249 3239 demens,
3293 3173 3481 3240 imagio

1930 3268 2362 3342 natioprzeceps.
2419 3270 2614 3324 Verum
2645 3268 2745 3322 ista
2774 3267 2995 3323 tametsi
3022 3265 3358 3327 daemonibus
3394 3264 3479 3317 ln~

1927 3361 2055 3425 sint.
2083 3377 2185 3416 non
2213 3371 2390 3416 tamen
2421 3362 2694 3426 omnibus,
2740 3375 2917 3430 neque
2941 3359 3160 3423 omnino
3180 3357 3343 3414 etiam
3365 3355 3483 3426 ipsa

1926 3467 2025 3522 per
2054 3468 2114 3508 se
2143 3454 2283 3508 mala
2316 3463 2463 3509 sunt.
2490 3453 2699 3508 Etenim
2740 3453 2795 3508 in
2841 3451 2962 3507 aliis
3002 3447 3325 3504 animalibus
3374 3463 3481 3502 non

1926 3544 2228 3601 istiusmodi
2282 3545 2515 3613 all'ectio,
2555 3545 2647 3599 sed
2699 3543 2942 3613 ejusdem
3001 3542 3235 3612 privatio
3302 3543 3483 3610 potius

1925 3637 2176 3693 interitus
2201 3637 2421 3693 exsistit
2451 3636 2787 3700 animalium,
2832 3644 2888 3690 et
2936 3632 3133 3688 malum
3160 3649 3177 3698 ;
3207 3631 3323 3700 ipsa
3355 3645 3482 3685 vero

1922 3727 2134 3784 ail'ectio
2155 3743 2248 3798 per
2297 3742 2448 3784 suam
2477 3728 2806 3783 habitudine:
2831 3742 2840 3752 ε
2887 3733 3090 3794 servat,
3113 3722 3176 3775 ai:
3200 3723 3481 3776 constituit

1921 3830 2170 3875 naturam
2199 3819 2450 3877 animalis
2475 3820 2598 3874 dum
2630 3818 2737 3874 ista
2765 3819 2947 3874 habet.
2997 3812 3113 3870 Non
3164 3813 3349 3883 itaque
3385 3828 3480 3883 ge-

1920 3926 2024 3967 nus
2066 3912 2368 3968 daemonum
2410 3909 2629 3966 exsistit
2678 3909 2902 3976 malum,
2964 3916 3230 3979 quatenus
3269 3914 3478 3960 natura

1919 4017 2028 4058 sua
2067 4001 2374 4071 respondet,
2414 4003 2508 4057 sed
2556 4012 2827 4071 quatenus
2872 4009 3155 4072 repugnat.
3185 3996 3370 4067 Neque
3391 4002 3476 4054 to-

1918 4101 2030 4148 tum
2080 4093 2302 4159 bonum,
2357 4094 2498 4162 quod
2559 4092 2667 4148 illis
2714 4105 3032 4147 concessum
3102 4098 3208 4155 est,
3259 4088 3474 4159 penitus

1915 4196 2162 4238 eversum
2201 4181 2444 4249 est;sed
2490 4181 2705 4252 ipsimet
2751 4197 2781 4236 a
2833 4190 2944 4236 tcto
2994 4181 3156 4245 bono,
3207 4178 3352 4250 quod
3409 4179 3476 4232 iis

1917 4273 2173 4327 traditum
2203 4282 2345 4338 erat,
2392 4274 2733 4330 exciderunt.
2765 4270 2948 4344 Neque
2989 4253 3218 4327 dicimus
3267 4271 3474 4341 angeli-

1912 4377 2007 4418 cas
2034 4363 2210 4429 dotes,
2261 4379 2394 4433 quas
2418 4374 2764 4436 acceperant,
2792 4365 3009 4433 penitus
3033 4377 3269 4433 unquam
3299 4363 3469 4418 fuisse

244 4445 583 4513 immutatas,
611 4449 707 4505 sed
755 4452 1046 4506 etiamnum
1091 4452 1327 4522 integras
1373 4467 1493 4508 esse
1532 4453 1795 4524 planeque
1818 4454 2162 4524 conspicuas,
2202 4457 2455 4524 quamvis
2484 4471 2576 4511 eas
2601 4457 2702 4526 ipsi
2748 4456 2973 4510 minime
3025 4465 3274 4523 cernant,
3327 4458 3476 4525 quod

241 4538 460 4629 videndi
486 4539 625 4594 vires
648 4541 1037 4607 obstruxerint,
1068 4544 1266 4612 quibus
1291 4544 1429 4598 bona
1451 4561 1547 4600 sua
1574 4556 1796 4616 possent
1827 4546 2050 4605 intueri.
2095 4546 2275 4614 Quare
2303 4549 2450 4617 quod
2480 4550 2607 4613 sint,
2639 4557 2693 4603 et
2722 4562 2788 4602 ex
2815 4547 2959 4604 bono
3005 4558 3152 4613 sunt,
3211 4555 3267 4603 et
3319 4549 3464 4629 boni,

241 4635 304 4684 et
332 4628 612 4697 pulchrum
645 4630 1260 4702 bonumqueappetunt,
1317 4636 1442 4690 dum
1493 4645 1549 4690 et
1599 4650 1738 4702 esse,
1768 4646 1823 4692 et
1871 4637 2072 4703 vivere,
2118 4647 2174 4692 et
2227 4639 2533 4709 intelligere
2589 4654 2709 4707 quae
2750 4649 2878 4695 sunt
2917 4639 3268 4704 desiderant;
3309 4628 3467 4708 atque

240 4715 509 4771 bonorum
564 4718 692 4787 ipsis
739 4724 1145 4793 congruentium
1201 4727 1529 4796 privatione,
1589 4738 1644 4783 et
1685 4730 2043 4786 declinatione
2085 4729 2249 4802 37o
2294 4740 2459 4800 atque
2501 4731 2846 4801 prolapsione
2893 4730 3018 4786 mali
3074 4730 3461 4794 nominantur;

241 4819 478 4882 suntque
526 4814 651 4870 mali
691 4819 990 4875 secundum
1042 4820 1096 4876 id
1138 4821 1282 4891 quod
1329 4838 1432 4879 non
1486 4835 1657 4892 sunt,
1708 4825 1942 4896 dumque
1999 4826 2051 4880 id
2096 4826 2238 4895 quod
2289 4839 2393 4879 non
2447 4834 2530 4880 est
2574 4835 2868 4895 appetunt,
2919 4823 3116 4879 malum
3171 4831 3449 4895 appetunt.

1696 5009 1724 5082 §
1768 5006 2003 5067 XXIV.

323 5110 480 5164 Ἀλλά
507 5111 678 5185 ψυχάς
710 5131 792 5181 τις
828 5113 963 5174 εἶναι
1000 5121 1145 5191 λέγει
1170 5125 1190 5156 ⁸
1225 5126 1431 5192 κακάς;
1460 5128 1522 5180 Ei
1554 5129 1669 5199 μὲν,
1717 5130 1798 5182 ὅτι
1829 5132 1872 5188 D
1972 5129 1976 5136 “

1829 5132 1872 5188 D
1972 5128 2169 5184 Verum
2258 5129 2465 5184 animas
2530 5129 2651 5196 quis
2731 5127 2902 5182 malas
2980 5128 3217 5183 dixerit!
3270 5128 3455 5200 Siqui-

237 5204 576 5273 συγγίνονται
615 5209 637 5238 ⁹
686 5215 874 5277 κακοῖς
928 5217 1292 5287 προνοητικῶς
1340 5237 1399 5273 τε
1447 5222 1539 5276 καὶ
1599 5238 1794 5275 σωστι-

1791 5253 1794 5261 ι
1905 5223 2023 5277 dem
2072 5223 2294 5288 idcirco,
2351 5223 2490 5292 quod
2549 5221 2706 5276 malis
2756 5221 2981 5292 provide
3049 5222 3444 5291 salubriterque

311 5371 338 5399 ι
359 5357 480 5414 Jud.
513 5360 568 5416 6.

1495 5462 1633 5516 VAR
1643 5463 1733 5524 UE
1769 5465 2172 5523 LECTIONES.

306 5566 462 5652 "'_d.v
493 5583 605 5652 non,
628 5579 711 5623 est
737 5556 786 5623 in
813 5569 884 5652 S_._
904 5571 978 5652 Ρλ
1002 5576 1020 5604 ⁸
1050 5574 1155 5627 τῶν
1188 5574 1356 5639 ζώων,
1394 5577 1449 5631 Ρ.
1529 5580 1547 5610 ³
1578 5580 1782 5652 φῶμεν,
1814 5581 1872 5634 Ι).
1955 5584 1974 5614 ⁶
2000 5583 2233 5649 ἑαυτῶν,
2269 5583 2326 5639 D.
2365 5584 2419 5641 S.
2452 5586 2509 5642 P.
2554 5586 2640 5642 Sc.

233 5632 276 5692 Ρ
375 5640 396 5672 ⁸
429 5640 806 5708 συντείνονται,
843 5641 908 5695 iri.
945 5639 1034 5697 Sc.

2753 5589 2773 5620 ⁷
2795 5589 3159 5661 ἀποφοιτησει.
3237 5589 3256 5620 ⁸
3286 5587 3450 5661 λέγοι,
