4186 6308
733 333 857 388 727'

1912 325 1971 382 S.
2009 324 2305 380 DIONYSII
2354 322 2816 379 AREOPAGITIE

3887 324 3996 381 728

728 446 947 510 adsint,
994 442 1108 511 jam
1160 443 1262 497 hoc
1294 455 1401 495 non
1433 439 1633 494 malum
1680 448 1802 504 εει,
1843 439 1934 493 sed
1981 452 2179 494 Donum
2206 479 2222 500 ,
2255 448 2306 493 et

2412 440 2557 503 κῶς,
2616 437 2773 491 τοῦτο
2813 437 2871 487 ού
2912 437 3076 490 κακὸν
3102 478 3116 499 ,
3156 439 3269 490 ἀλλ’
3315 439 3558 506 ἀγαθὸν,
3602 440 3693 493 καὶ
3723 442 3787 494 ὲκ
3817 446 3989 512 τάγαο

725 553 792 593 ex
841 537 1022 600 bono,
1060 528 1377 601 malumque
1424 533 1625 586 bonum
1676 529 1930 586 faciente.
1984 530 2082 585 Sin
2132 531 2297 584 dixe-

730 630 902 683 rimus
931 627 1145 682 animas
1202 624 1517 694 depravari,
1563 638 1671 693 quo
1730 623 2150 692 depraventur?
2195 621 2297 675 nisi

2408 529 2501 583 θοῦ
2526 569 2542 592 ,
2590 529 2683 584 τοῦ
2725 529 2815 581 καὶ
2844 528 2905 581 τὸ
2938 530 3104 582 κακὸν
3136 529 3515 599 ἀγαθύνοντος.
3544 532 3606 584 Εἰ
3635 531 3691 584 δὲ
3729 532 3791 585 τὸ
3819 532 3959 587 κακύ

2413 620 2602 675 νεσθαι
2628 621 2804 692 ψυχάς
2833 639 3010 692 φαμεν
3043 622 3105 685 ¹⁶,
3133 622 3190 677 ὲν
3217 623 3321 675 τίνι
3352 625 3697 689 κακύνονται,
3728 627 3777 678 εί
3814 627 3889 697 μὴ
3926 629 3991 682 ὲν

725 722 989 775 bonarum
1020 716 1367 773 aﬂ'ectionum
1417 717 1813 785 actionumque
1852 714 2093 781 deiectu,
2127 716 2306 784 quod-

2406 719 2473 787 τῇ
2498 715 2606 768 τῶν
2640 716 2858 783 ἀγαθῶν
2892 716 3058 783 ἕξεων
3083 721 3176 772 καὶ
3199 718 3489 789 ἐνεργειῶν
3515 719 3767 791 ἐλλείψει,
3801 723 3892 774 καὶ
3906 722 3983 792 δι’

724 827 833 881 que
879 809 1251 865 imbecillitate
1282 822 1378 862 sua
1409 808 1629 863 devtent
1670 816 1725 860 et
1754 804 2013 861 aberrent
2069 822 2097 861 a
2173 807 2300 860 line.

724 905 868 972 Quin
920 912 979 959 et
1025 917 1208 958 aerem
1264 902 1433 966 hunc,
1466 900 1559 971 qui
1618 899 1778 955 nobis
1818 898 2293 964 cireumfunditur,

724 994 943 1050 luminis
990 992 1297 1049 defectione
1328 1002 1493 1063 atque
1546 990 1791 1047 absentia
1831 991 2066 1045 dicimus
2103 991 2297 1045 obscu‘

725 1088 858 1153 rari,
914 1103 1035 1143 cum
1096 1088 1186 1144 lux
1254 1088 1369 1157 ipsa
1417 1077 1633 1155 semper
1668 1084 1777 1139 lux'
1821 1084 1917 1148 sit,
1959 1099 2079 1153 qua:
2126 1069 2293 1139 etiam

723 1176 982 1230 tenebras
1031 1175 1289 1229 illustrat.
1342 1175 1525 1241 Quare
1572 1190 1673 1228 nec
1705 1176 1759 1228 in
1806 1173 2163 1236 dzenionibus,
2197 1190 2298 1230 nec

723 1267 779 1321 in
806 1260 961 1321 nobis
986 1266 1057 1319 ita
1085 1266 1283 1322 malum
1312 1276 1422 1330 εει,
1447 1265 1605 1334 quasi
1639 1264 1845 1319 malum
1866 1266 1935 1321 sit
1966 1281 2054 1320 res
2082 1265 2288 1334 aliqua,

722 1358 819 1411 sed
887 1367 948 1413 ut
978 1358 1223 1415 defectus
1252 1368 1308 1415 et
1357 1359 1603 1413 carentia
1634 1357 1991 1429 perfectionis
2034 1360 2296 1414 bonorum

722 1450 1088 1520 propriorum.

2405 809 2611 861 οίκείαν
2638 809 2918 862 ἀσθένειαν
2941 810 3165 882 ἀτευξίιι⁵
3193 811 3285 863 καὶ
3340 811 3690 883 ἀπολισθήσει
3712 829 3726 879 ;
3761 812 3854 865 καὶ
3876 812 3993 885 γὰρ

2407 902 2500 955 καὶ
2535 902 2625 954 τὸν
2649 902 2789 973 ἀέρα
2812 902 2902 955 τὸν
2927 904 2967 935 ¹²
3003 904 3129 975 περὶ
3156 904 3301 973 ἡμᾶς
3324 903 3655 962 ὲσκατῶσθαί
3706 922 3881 975 φαμεν
3902 905 3991 958 ἐλ-

2400 995 2573 1065 λείψει
2602 996 2695 1049 καὶ
2709 995 2945 1066 ἀπουσίᾳ.
2960 994 3154 1064 φωτός·
3180 996 3307 1048 αὐτὸ
3326 996 3383 1050 δὲ
3402 996 3464 1049 τὸ
3485 995 3599 1065 φῶς
3622 996 3712 1048 ἀεὶ
3732 998 3846 1065 φῶς
3866 998 3989 1050 ἐστι

2401 1090 2462 1143 τὸ
2487 1090 2579 1143 καὶ
2606 1072 2672 1142 τί)
2704 1090 2892 1153 σκότος
2919 1090 3170 1159 φωτίζον.
3212 1090 3324 1142 Οὐκ
3342 1089 3449 1161 ἄρα
3476 1088 3595 1142 οὔτε
3625 1092 3682 1144 ὲν
3715 1090 3985 1159 δαίμοσιν,

2402 1182 2525 1236 οὔτε
2594 1184 2654 1235 ὲν
2684 1184 2815 1253 ἡμῖν
2871 1183 2933 1235 τὸ
2991 1183 3194 1247 κακὸν,
3249 1183 3325 1246 ὡς
3380 1182 3439 1235 ὃν
3492 1172 3691 1244 κακόν,
3757 1182 3871 1235 ἀλλ’
3908 1182 3987 1246 ὡς

2402 1272 2634 1342 ἔλλειψις
2664 1275 2759 1327 και
2791 1273 2997 1345 ἐρημία
3020 1272 3120 1344 τῆς
3164 1274 3270 1327 τῶν
3298 1274 3514 1327 οίκείων
3548 1272 3768 1341 ἀγαθῶν
3795 1254 3987 1326 citus:

2404 1383 2588 1437 τητος.

2229 1611 2260 1679 §
2297 1607 2496 1673 XXV.

794 1742 1001 1803 Verum
1074 1764 1176 1805 nec
1222 1749 1274 1805 in
1345 1750 1669 1811 animalibus
1704 1752 1897 1813 ,brutis
1949 1752 2147 1805 malum
2193 1775 2297 1807 est.
2333 1768 2375 1821 Β

721 1839 857 1914 Nam
904 1840 951 1893 si
992 1838 1260 1903 furorem,
1304 1847 1359 1895 et
1417 1840 1937 1909 concupiscentiam,
1995 1851 2299 1910 caateraque

720 1943 842 1999 quae
897 1928 1185 1995 dicuntur,
1237 1929 1333 1983 sed
1394 1944 1500 1985 non
1553 1939 1681 1985 sunt
1738 1930 2061 1999 simpiiciter
2110 1940 2301 2001 suapte

722 2031 917 2075 natura
974 2020 1138 2085 mala,
1179 2020 1499 2087 sustuleris,
1561 2021 1647 2077 leo
1690 2024 1941 2092 quidem,
1981 2022 2301 2077 fortitudine

721 2115 1095 2191 superbiaque
1144 2116 1424 2184 deperdita
1453 2158 1468 2183 ,
1513 2116 1596 2171 leo
1648 2132 1772 2171 esse
1841 2118 2092 2182 desinet;
2152 2116 2303 2171 canis

720 2220 965 2277 quoque,
1003 2208 1049 2262 si
1090 2207 1322 2263 blandus
1373 2208 1469 2262 liat
1518 2211 1793 2276 omnibus,
1839 2225 1947 2265 non
1974 2210 2079 2264 erit
2127 2209 2301 2275 canis,

723 2312 845 2367 cum
905 2296 1133 2366 vigilare
1155 2298 1308 2353 canis
1362 2302 1643 2369 proprium
1695 2301 1807 2368 sit,
1851 2310 1905 2354 et
1971 2301 2303 2355 domesticos

723 2388 1049 2452 admittere,
1102 2402 1469 2460 externosque
1506 2391 1790 2460 repellere.
1852 2391 2041 2462 Itaque
2093 2402 2301 2448 natura

723 2482 1065 2549 lncorruptio
1090 2488 1436 2553 nequaquam
1464 2484 1667 2537 malum
1694 2493 1798 2549 est,
1842 2486 1939 2539 sed
1966 2484 2086 2555 ejus
2112 2500 2301 2539 corru~

723 2572 925 2643 ptio,et
953 2573 1318 2638 imbecillitas,
1379 2584 1435 2630 et
1481 2575 1719 2631 defectio
1769 2592 1892 2630 cum
1953 2576 2295 2631 naturalium

723 2662 1099 2730 aﬂectionum,
1130 2676 1240 2721 tum
1258 2667 1535 2721 actionum
1561 2676 1722 2736 atque
1755 2668 2038 2721 virtutum.
2072 2667 2227 2735 Quod
2253 2669 2299 2722 si

726 2770 817 2811 res
838 2772 1030 2812 omnes
1061 2758 1113 2812 in
1164 2768 1406 2829 tempore
1428 2773 1529 2830 per
1565 2760 1975 2831 generationem
2000 2774 2154 2815 suam
2207 2761 2303 2815 lia-

724 2851 891 2904 beant
925 2849 1348 2919 perfectionem,
1390 2850 1734 2922 imperfectio
1758 2851 1876 2920 jam
1925 2866 2033 2905 non
2092 2849 2199 2906 erit
2250 2855 2301 2903 in

728 2951 921 2996 natura
953 2942 1229 3001 universa.
1488 2930 1491 2933 γ

2487 1752 2623 1809 Ἀλλ’
2642 1755 2762 1811 οὐδὲ
2803 1758 2859 1809 ἐν
2888 1754 3044 1821 ζώοις
3066 1756 3280 1824 ἀλόγοις
3302 1756 3419 1809 ἐστὶ
3452 1757 3512 1810 τὸ
3540 1757 3728 1811 κακόν.
3771 1758 3834 1811 Ei
3877 1757 3989 1826 γὰρ

2406 1850 2597 1923 ἀνέλῃς
2624 1851 2664 1881 ¹²
2690 1848 2878 1919 θυμὸν,
2903 1849 2997 1902 καὶ
3033 1848 3345 1919 ἐπιθυμίαν,
3376 1850 3468 1903 καὶ
3494 1850 3682 1914 τᾶλλα,
3704 1851 3805 1904 ὅσα
3833 1850 3982 1918 λέγε-

2403 1960 2514 2006 ται,
2538 1942 2630 1993 καὶ
2649 1942 2747 1993 οὐκ
2764 1939 2907 1993 ἔστιν
2929 1937 3111 2003 ἁπλῶς
3126 1943 3191 2011 τῇ
3215 1941 3419 1994 ἑαυτῶν
3440 1941 3595 2011 φύσει
3616 1942 3779 1996 κακά·
3799 1943 3859 1995 τὸ
3886 1943 3977 2013 μὲι

2407 2032 2565 2104 ἁδρὸν
2587 2032 2629 2062 ¹³
2651 2032 2743 2084 καὶ
2763 2030 2963 2101 γαῦρον
2983 2034 3010 2085 ὁ
3034 2031 3167 2086 λέων
3183 2032 3471 2099 ἀπολέσας,
3509 2034 3628 2087 οὐδὲ
3653 2034 3788 2087 λέων
3810 2034 3985 2087 ἔσται’

2409 2120 2684 2199 προσηνὴς
2708 2126 2764 2178 δὲ
2785 2128 2917 2179 πᾶσι
2943 2126 3227 2195 γενόμενος
3248 2128 3275 2179 ὁ
3296 2126 3468 2193 κύων,
3496 2129 3595 2181 οὐκ
3630 2127 3777 2180 ἔσται
3805 2127 3953 2180 κύων
3972 2165 3989 2190 ,

2407 2206 2564 2289 εἴπερ
2595 2218 2753 2281 κυνὸς
2780 2218 2841 2270 τὸ
2862 2218 3187 2287 φυλακτικὸν
3220 2217 3283 2281 ¹⁸,
3323 2218 3413 2270 καὶ
3438 2217 3499 2270 τὸ
3522 2217 3839 2289 προσίεσθαι
3886 2218 3989 2287 μὲν

2406 2311 2466 2363 τὸ
2494 2310 2716 2375 οἰκεῖον,
2770 2308 3093 2362 ἀπελαύνειν
3140 2307 3197 2360 δὲ
3218 2308 3281 2361 τὸ
3310 2308 3605 2382 ἀλλότριον.
3633 2311 3793 2361 Ὥστε
3814 2310 3875 2361 τὸ
3910 2310 3991 2382 μὴ

2408 2405 2723 2477 φθείρεσθαι
2758 2403 2855 2475 τὴν
2878 2403 3038 2473 φύσιν
3057 2404 3116 2455 οὐ
3150 2403 3338 2467 κακὸν,
3372 2391 3545 2473 φθορά
3577 2404 3634 2456 δὲ
3683 2402 3899 2472 φύσεως
3932 2404 3994 2458 ἀρ

2409 2498 2619 2552 σθένεια
2645 2498 2739 2553 καὶ
2763 2497 2993 2567 ἔλλειψις
3026 2498 3133 2553 τῶν
3180 2496 3423 2567 φυσικῶν
3481 2495 3664 2563 ἕξεων,
3698 2499 3793 2551 καὶ
3832 2498 3993 2569 ἐνερ-

2406 2590 2568 2659 γειῶν
2585 2591 2677 2643 καὶ¹
2699 2590 2996 2660 δυνάμεων.
3015 2592 3124 2643 Καὶ
3146 2592 3191 2642 εί
3222 2590 3399 2643 πάντα
3422 2588 3490 2641 τά
3515 2587 3605 2642 διὰ
3636 2589 3902 2657 γενέσεως
3930 2590 3994 2642 ιν

2406 2681 2580 2753 χρόνῳ
2602 2680 2712 2750 ἔχει
2738 2681 2797 2732 τὸ
2833 2680 3054 2745 τέλειον,
3077 2681 3197 2734 οὐδὲ
3215 2680 3275 2733 τὸ
3300 2680 3485 2744 ἀτελὲς
3509 2680 3683 2751 πάντη
3706 2680 3858 2751 παρά
3877 2682 3989 2735 πᾶ-

2410 2788 2509 2826 σαν
2543 2771 2640 2843 τὴν
2668 2772 2826 2841 φύσιν
2850 2773 2917 2828 ¹⁵.

2202 3058 2228 3115 ὃ
2261 3055 2497 3117 XXVI.

798 3204 905 3259 Sed
955 3218 1131 3274 neque
1170 3210 1227 3258 tn
1276 3211 1385 3258 tota
1422 3212 1617 3256 natura
1652 3201 1852 3257 malum
1898 3212 2006 3256 est.
2042 3201 2100 3257 Si
2151 3203 2297 3258 enim
2328 3238 2371 3298 C

725 3312 918 3352 omnes
979 3298 1218 3353 rationes
1290 3296 1564 3351 naturales
1641 3303 1769 3349 sunt
1824 3308 1854 3346 a
1923 3304 2114 3349 natura
2182 3295 2302 3349 uni-

726 3388 948 3453 versali,
998 3389 1133 3443 nihil
1154 3388 1266 3457 jam
1323 3381 1413 3443 esi
1484 3387 1561 3441 illi
1609 3388 1984 3451 contrarium;
2037 3388 2301 3455 singulari

729 3497 859 3541 vero
907 3492 1112 3537 natura:
1138 3482 1281 3535 aliud
1313 3482 1528 3550 quidem
1563 3480 1859 3536 secundum
1900 3490 2151 3533 naturam
2177 3480 2304 3546 erit,

728 3575 878 3629 aliud
929 3590 1060 3629 vero
1091 3590 1197 3628 non
1229 3574 1335 3628 erit
1364 3573 1660 3627 secundum
1688 3581 1960 3627 nataram.
2021 3571 2125 3625 Alii
2160 3575 2303 3625 enim

727 3665 876 3719 aliud
931 3675 1015 3721 est
1040 3674 1231 3719 contra
1270 3672 1545 3728 naturam,
1592 3663 1844 3733 quodque
1877 3664 2003 3718 huic
2031 3672 2113 3718 est
2145 3673 2306 3718 natu-

727 3758 868 3821 rate,
897 3756 971 3810 illi
1027 3768 1216 3812 contra
1252 3767 1499 3811 naturam
1521 3764 1625 3810 est.
1675 3754 1894 3810 Naturae
1942 3740 2071 3810 vero
2105 3755 2293 3809 vitium

730 3858 837 3913 est,
869 3848 922 3903 ld
966 3850 1111 3917 quod
1143 3859 1347 3902 natura:
1374 3846 1707 3901 contrarium
1738 3854 1843 3910 est,
1869 3860 2101 3916 eamque
2125 3847 2301 3913 privat

732 3940 848 3998 suis
914 3942 1271 3995 naturalibus.
1335 3940 1450 3994 Non
1493 3948 1577 3994 est
1618 3940 1807 4007 itaque
1866 3949 2061 3994 natura
2131 3939 2298 4003 mala;

2479 3191 2616 3254 Ἀλλ’
2661 3200 2782 3253 οὐδὲ
2829 3203 2887 3253 ἐν
2938 3203 3004 3272 τῇ
3054 3201 3151 3273 ὅλῃ
3202 3200 3358 3270 φύσει
3403 3201 3465 3253 τὸ
3522 3200 3709 3253 κακόν.
3758 3200 3825 3253 Ei
3876 3200 3990 3272 γὰρ

2405 3294 2454 3347 oi
2475 3295 2673 3358 πάντες
2695 3294 2913 3361 φυσικοὶ
2934 3290 3079 3362 λόγοι
3104 3293 3257 3364 παρὰ
3276 3294 3374 3362 τῆς
3395 3293 3622 3346 καθόλου
3642 3292 3878 3361 φύσεως,
3896 3295 3989 3346 ού-

2406 3389 2495 3442 δέν
2523 3390 2669 3440 ἐστιν
2704 3388 2837 3457 αὐτῇ
2880 3386 2941 3439 τὸ
2989 3386 3225 3439 ἐναντίον
3245 3404 3257 3416 ⁸
3297 3390 3362 3457 τῇ
3391 3385 3513 3439 καθ’
3558 3385 3790 3438 ἕκαστον
3818 3386 3897 3450 δὲ,
3926 3386 3989 3439 τὺ

2413 3476 2511 3548 μὲν
2543 3476 2682 3530 κατὰ
2708 3476 2867 3546 φύσιν
2894 3476 3063 3541 ἔσται,
3103 3477 3165 3529 τὸ
3196 3477 3253 3529 δὲ
3288 3478 3347 3528 οὐ
3396 3476 3537 3529 κατά
3572 3477 3751 3545 φύσιν.
3816 3476 3991 3549 Ἀλλῃ

2410 3567 2518 3639 γὰρ
2539 3566 2665 3620 ἄλλο
2691 3567 2842 3639 παρά
2868 3567 3028 3636 φύσιν
3048 3582 3061 3597 ·
3103 3570 3195 3622 καὶ
3218 3568 3279 3621 τὸ
3306 3569 3434 3639 τῇδε
3459 3567 3603 3621 κατά
3629 3567 3811 3637 φύσιν,
3837 3571 3905 3639 τῇ
3930 3568 3990 3623 δὲ

2415 3662 2459 3692 ¹⁸
2485 3660 2633 3732 παρά
2654 3660 2833 3729 φύσιν.
2856 3660 3072 3724 Φύσεως
3090 3661 3147 3714 δὲ
3171 3662 3336 3715 κακία
3357 3661 3417 3713 τὸ
3438 3659 3590 3731 παρά
3604 3659 3787 3730 φύσιν,
3816 3663 3851 3730 ἡ
3875 3660 4003 3714 στέ-

2406 3771 2560 3826 ρησις
2575 3754 2683 3806 τῶν
2701 3755 2797 3824 τῆς
2819 3754 3221 3824 φύσεως.Ὤστε
3236 3756 3335 3807 οὐκ
3354 3754 3467 3807 ἔστι
3486 3755 3627 3825 κακὴ
3652 3754 3833 3821 φύσις,
3852 3750 3989 3805 ἀλλὰ

2406 3846 2563 3900 τοῦτο
2594 3850 2661 3918 τῇ
2714 3847 2872 3917 φύσει
2908 3846 3094 3911 κακὸν,
3130 3845 3190 3900 τὸ
3226 3847 3505 3901 ἀδυνατεῖν
3546 3845 3616 3899 τά
3651 3846 3751 3915 τῆς
3780 3843 3988 3907 οἰκείας

2416 3938 2630 4007 φύσεως
2651 3939 2910 3993 ἐκτελεῖν.

732 4038 827 4092 εει]
893 4036 997 4089 ιιυε
1068 4046 1276 4089 natura:
1348 4033 1550 4088 malum
1616 4040 1699 4085 est
1772 4032 1913 4098 quod
1992 4032 2133 4085 eam
2172 4029 2426 4100 impotem
2509 4031 2684 4086 reddit
2750 4032 2999 4102 explendi
3062 4048 3126 4086 ea
3195 4046 3317 4102 qua:
3378 4039 3506 4086 sunt
3578 4040 3789 4084 naturae
3860 4042 3989 4099 pro.

733 4144 873 4199 prta.

2177 4242 2205 4313 ς
2248 4237 2517 4298 xxvn.

809 4434 1006 4487 Verum
1070 4445 1168 4483 nec
1230 4431 1281 4482 in
1332 4427 1649 4495 corporibus
1696 4426 1897 4479 malum
1957 4434 2059 4479 est.
2122 4423 2301 4477 FCB‘Ji‘

2490 4422 2626 4474 Ἀλλ’
2650 4422 2769 4473 οὐδὲ,
2818 4424 2875 4474 ὲν
2924 4420 3137 4491 σώμασι
3185 4420 3248 4472 τὸ
3298 4420 3481 4473 κακόν.
3523 4414 3715 4489 Αῐσχος
3742 4417 3851 4488 γὰρ
3894 4422 3986 4473 καὶ

736 4537 820 4580 tas
868 4524 1014 4580 enim
1056 4531 1113 4576 et
1161 4522 1381 4577 morbus
1438 4518 1681 4575 defectus
1728 4517 1948 4587 quidam
1979 4517 2164 4571 formae
2193 4524 2299 4577 est,

2408 4518 2561 4578 νόσος
2612 4515 2843 4585 ἔλλειψις
2878 4511 3053 4579 εἴδους
3089 4515 3183 4568 καὶ
3236 4514 3488 4586 στέρησις
3522 4511 3729 4578 τάξεως
3777 4530 3789 4542 ·
3828 4513 3987 4567 τοῦτο

735 4617 1054 4684 ordinisque
1109 4612 1376 4682 privatio;
1439 4610 1569 4665 illud
1621 4619 1801 4665 autem
1847 4625 1951 4663 non
1997 4623 2304 4677 usquequa-

737 4726 840 4780 que
869 4709 1068 4763 malum
1100 4716 1206 4770 est,
1231 4707 1324 4759 sed
1353 4704 1531 4758 minus
1558 4704 1879 4773 pulchrum;
1908 4718 2031 4757 nam
2064 4702 2107 4756 si
2137 4702 2302 4755 omni-

737 4807 896 4859 moda
930 4798 1350 4870 pulchritudinis
1382 4807 1435 4851 et
1481 4796 1668 4851 forma:
1694 4797 2011 4864 ordinisque
2042 4793 2301 4849 resolutio

737 4902 851 4961 tiat,
908 4896 1082 4966 ipsum
1144 4907 1361 4962 quoque
1409 4905 1605 4958 corpus
1629 4890 1788 4959 371
1822 4887 2089 4943 interibit.
2146 4885 2300 4952 Quod

735 4999 916 5043 autem
942 5001 1140 5050 corpus
1194 4985 1391 5038 anima:
1453 5000 1559 5037 non
1605 4984 1678 5037 sit
1731 4997 1892 5035 causa
1946 4979 2185 5040 malitiae,
2216 4978 2298 5031 vel

735 5098 803 5136 ex
830 5096 894 5134 eo
916 5088 1152 5143 constat,
1185 5078 1443 5145 quoniam
1474 5075 1641 5127 etiam
1674 5073 1790 5127 sine
1828 5086 2057 5139 corpore
2096 5069 2297 5121 malitia

735 5176 909 5244 possit
949 5173 1133 5245 alicui
1172 5172 1469 5229 adhaerere,
1539 5166 1682 5219 utin
1744 5162 2082 5219 dmmonibus
2126 5171 2305 5233 patet;

2409 4609 2465 4662 δὲ
2495 4610 2554 4661 οὐ
2605 4610 2781 4679 πάντη
2834 4608 3019 4670 κακὸν,
3048 4605 3161 4659 ἀλλ’
3188 4598 3347 4677 ἦττον
3386 4603 3545 4657 καλὸν
3569 4619 3582 4633 ⁸
3633 4605 3681 4656 εί
3713 4603 3821 4675 γὰρ
3848 4622 3984 4656 παν-

2409 4702 2567 4773 τελὴς
2618 4702 2825 4771 γένοιτο
2872 4700 3024 4763 λύσις
3086 4698 3312 4761 κάλλους
3358 4699 3430 4761 ¹⁷,
3476 4698 3571 4750 κα)⁸
3623 4690 3837 4759 εἴδους,
3893 4696 3987 4749 καὶ

2394 4793 2631 4857 ιτάξεως,
2659 4793 2936 4864 οἰχήσεται
2968 4792 3060 4843 καὶ
3109 4790 3238 4843 αὐτὸ
3281 4788 3346 4841 τὸ
3385 4789 3561 4860 σῶμα.
3598 4789 3716 4842 Ὅτι
3760 4789 3817 4840 δὲ
3864 4785 3984 4840 οὐδὲ

2409 4886 2602 4947 κακίας
2623 4884 2791 4937 αἴτιον
2807 4886 2872 4955 τῇ
2905 4882 3045 4954 ψυχῇ
3071 4882 3185 4934 “rb
3202 4881 3379 4951 σῶμα,
3396 4881 3552 4950 δῆλον
3573 4879 3743 4932 ὲκτοῦ
3764 4876 3993 4945 δυνατὸν,

2408 4974 2545 5029 εἶναι
2569 4976 2662 5029 καὶ
2687 4975 2811 5029 ἀνευ
2831 4974 3074 5045 σώματος
3097 4972 3534 5045 παρυφίστασθαι
3561 4972 3778 5033 κακίαν,
3798 4972 3986 5043 ὥσπερ

2414 5069 2470 5119 ὲν
2496 5068 2709 5137 δαίμοσι
2730 5084 2741 5095 ·
2766 5065 2921 5119 τοῦτο
2939 5068 3045 5135 γάρ
3064 5066 3178 5116 ἐστι
3205 5065 3246 5095 ¹⁹
3272 5064 3365 5116 καὶ
3391 5065 3519 5125 νοῑς,
3537 5062 3631 5115 καὶ⁸
3651 5062 3868 5133 ψυχαῖς,
3892 5063 3986 5115 καὶ

2418 5159 2631 5229 σώμασι
2655 5158 2841 5221 κακὸν,
2866 5158 2899 5228 ἡ
2924 5158 3021 5227 τῆς
3046 5156 3208 5222 ἕξεως
3228 5155 3336 5209 τῶν
3358 5154 3572 5208 οἰκείων
3586 5154 3804 5222 ἀγαθῶν
3825 5154 3985 5207 ἀσθέ-

734 5265 1001 5335 siqnidem
1035 5264 1087 5316 id
1127 5278 1277 5329 atque
1315 5259 1600 5328 spiritibus
1629 5267 1792 5326 atque
1826 5256 2114 5310 animabus
2145 5270 2306 5323 quam

2418 5269 2536 5305 νεια
2569 5250 2662 5304 καὶ
2686 5250 3023 5311 ἀπόπτωσις.

734 5354 1054 5424 corporibus
1084 5354 1284 5408 malum
1340 5359 1444 5417 est,
1476 5351 1522 5405 si
1558 5348 1924 5410 iuiirmentur,
1958 5356 2013 5401 et
2045 5347 2112 5400 de
2140 5345 2407 5398 bonorum
2436 5359 2659 5398 suorum
2688 5351 2831 5397 statu
2866 5339 3240 5397 deturbentur.

2011 5499 2247 5557 VARle
2283 5497 2691 5556 LECTIONES.

805 5629 855 5662 ‘°
880 5628 1085 5698 φῶμεν.

742 5697 795 5749 in
824 5699 885 5753 ι).
923 5697 979 5752 8.

742 5770 785 5801 ¹⁹
815 5772 931 5824 ἐστι
961 5784 1067 5823 non
1098 5778 1179 5824 est
1209 5768 1261 5823 in
1292 5767 1361 5822 Μ.

1160 5628 1197 5656 ”
1224 5627 1313 5677 τὸν
1345 5627 1500 5698 ἀέρα,
1538 5628 1638 5698 καὶ,
1659 5627 1769 5689 τόν,
1797 5625 1865 5678 Μ.

1946 5626 1985 5654 ¹¹
2018 5621 2245 5683 ἀνέλοις,
2272 5620 2335 5674 D.

1099 5699 1140 5728 ¹⁶
1169 5698 1262 5749 καὶ
1289 5698 1349 5769 το
1375 5690 1439 5769 τῇ
1472 5699 1592 5769 μέν,
1622 5697 1676 5753 S.
1711 5698 1801 5750 xu".
1837 5696 1895 5749 τὸ
1936 5694 2055 5747 τάδε
2119 5691 2257 5746 κατά
2293 5690 2473 5760 φύσιν.
2513 5690 2651 5757 τόδε,
2686 5692 2743 5747 Ρ.

2448 5622 2490 5652 ⁸³
2521 5621 2780 5692 ἀνδρεῖον,
2813 5621 2871 5674 Ι).
2901 5620 2959 5673 Ρ.
3070 5622 3109 5652 ’⁵
3135 5620 3460 5692 ύλακτικόνη
3544 5618 3587 5692 ξ’
3620 5617 3718 5686 τήν
3768 5630 3871 5692 non
3901 5625 3987 5692 est

2864 5693 2901 5722 ³⁷
2931 5692 3114 5747 καλοῦ.
3145 5691 3211 5746 Μ.
3297 5692 3335 5722 ¹⁸
3365 5688 3621 5745 articulus
3647 5684 3794 5743 deest
3826 5687 3875 5737 in
3911 5684 3983 5741 Μ.
