4186 6308
224 283 343 340 729

1304 277 1389 331 DE
1423 275 1672 332 DlVlNlS
1704 273 2098 335 NOMlNlBUS.
2132 271 2282 332 CAP.
2321 272 2408 328 IV.

3360 284 3466 345 730

1659 416 1686 488 ς
1730 413 2021 472 xxvm.

317 589 454 643 Ἀλλ’
480 586 606 646 οὐδὲ
646 584 707 638 τὸ
758 583 1217 656 πολυθρύλλητον·
1255 601 1273 634 t
1315 582 1400 636 Ἐν
1445 579 1544 652 ὕλῃ
1592 580 1652 634 τὸ
1697 597 1790 633 κα⁴

1969 578 2074 634 Sed
2128 592 2303 648 neque
2355 577 2538 632 tritum
2593 575 2822 632 illud”
2863 568 2920 631 In
2974 577 3196 632 materia
3252 570 3474 637 malum.

221 682 349 746 κὸν,
387 680 460 743 ὥς
502 695 653 749 φασι,
684 677 804 733 καθ’
831 677 859 729 ὃ
890 677 988 747 ὕλη
1009 693 1021 704 ·
1054 696 1072 728 ι
1111 677 1204 730 καλ¹
1233 675 1342 745 γὰρ
1393 675 1486 728 καὶ
1527 673 1663 746 αὑτὴ
1702 671 1796 724 τοῦ

218 773 434 844 κόσμου
490 772 584 824 καὶ
643 769 868 832 κάλλους
926 770 1020 824 καὶ
1075 767 1248 831 εἴδους
1319 766 1434 838 ἔχει
1493 763 1796 836 μετουσίαν.

217 865 290 917 Ei
343 864 400 916 δὲ
429 862 635 919 τούτων
667 860 822 925 ἐκτὸς
851 855 984 915 οὖσα
1011 861 1044 931 ὴ
1070 859 1191 931 ὕλη,
1221 858 1342 913 καθ’
1383 858 1577 929 ἑαυτὴν
1613 854 1800 919 ἀποιός

215 955 346 1008 ἐστι
374 954 468 1007 καὶ
493 951 747 1014 ἀνείδεος,
777 950 893 1015 πῶς
922 954 1066 1004 ποιεῖ
1090 969 1145 1010 τι
1174 953 1208 1022 ἡ
1241 951 1362 1022 ὕλη,
1397 950 1430 1020 ἡ
1460 949 1591 1021 μηδὲ
1607 947 1669 1002 τὸ
1697 948 1800 1001 πά-

217 1064 378 1118 σχειν
401 1045 656 1100 δύνασθαι
687 1044 808 1098 καθ’
837 1044 1034 1116 ἑαυτὴν
1056 1044 1252 1116 ἔχουσα
1273 1061 1288 1108 ;
1313 1042 1521 1107 Ἄλλως
1547 1024 1657 1107 τε,”
1680 1044 1797 1108 πῶς

213 1141 251 1210 ἠ
274 1138 378 1210 ὕλη
406 1137 571 1191 κακόν
594 1155 610 1203 ;
637 1138 699 1190 Ei
732 1137 829 1206 μὲν
851 1135 960 1208 γὰρ
979 1136 1188 1207 οὐδαμῆ
1210 1134 1458 1205 οὐδαμῶς
1481 1136 1648 1198 ἐστιν,
1672 1134 1795 1188 οὕτε

213 1229 430 1298 ἀγαθὸν
457 1228 579 1282 οὕτε
603 1228 769 1282 κακόν
788 1246 801 1258 ·
840 1229 889 1280 εἰ
914 1227 970 1280 δέ
995 1245 1111 1292 πως
1149 1227 1228 1290 ὃν,
1256 1225 1326 1279 τὰ
1359 1225 1416 1279 δὲ
1459 1225 1588 1279 ὄντα
1619 1227 1797 1279 πάντα

213 1323 286 1375 ὲκ
317 1319 577 1386 τάγαθοῦ,
603 1319 696 1372 καὶ
724 1317 860 1388 αὑτὴ
883 1319 946 1371 ὲκ
989 1316 1083 1370 τοῦ
1118 1315 1325 1384 ἀγαθοῦ
1356 1314 1422 1368 ἂν
1446 1315 1553 1386 εἴη,
1583 1317 1679 1369 καὶ
1709 1317 1794 1390 il”

210 1414 282 1467 τὸ
320 1412 521 1480 ἀγαθὸν
538 1409 633 1464 τοῦ
657 1408 826 1463 κακοῦ
844 1392 1140 1480 ποιητικὸν,
1167 1406 1199 1478 ἢ
1223 1407 1282 1460 τὸ
1301 1407 1491 1470 κακὸν,
1513 1406 1587 1470 ὼς
1611 1407 1675 1460 ὲκ
1699 1407 1793 1461 τοῦ

211 1505 428 1574 ἀγαθοῦ
463 1503 521 1558 ὃν
550 1544 566 1569 ,
600 1502 799 1572 ἀγαθόν
824 1519 837 1534 ·
874 1501 907 1573 ἢ
934 1501 994 1554 τὸ
1022 1501 1191 1555 κακὸν
1220 1498 1314 1553 τοῦ
1353 1499 1559 1568 ἀγαθοῦ
1584 1517 1795 1573 ποιητι-

213 1598 337 1660 κὸν,
364 1596 398 1667 ἢ
429 1597 523 1651 καὶ
547 1597 607 1650 τὸ
639 1596 860 1666 ἀγαθὸν,
895 1593 972 1657 ὡς
1009 1595 1074 1646 ὲκ
1124 1591 1218 1646 τοῦ
1253 1590 1448 1662 κακοῦ,
1500 1593 1688 1648 κακόν.
1722 1596 1794 1647 Ἣ

209 1689 310 1743 δύο
337 1684 493 1752 αὖθις
512 1689 697 1759 ἀρχαὶ,
725 1689 819 1741 καϊ
841 1680 999 1744 αὗται
1019 1684 1184 1755 ἄλλης
1210 1685 1337 1754 μιᾶς
1365 1683 1671 1756 ἐξημμέναι
1699 1703 1793 1738 κο-

212 1781 415 1852 ρυφῆς.
447 1781 510 1833 Ei
536 1780 593 1833 δὲ
623 1777 924 1846 ἀναγκαίαν
955 1777 1085 1845 φασὶ
1104 1776 1201 1846 τὴν
1241 1774 1371 1846 ὕλην
1392 1775 1527 1849 πρὸς
1544 1776 1791 1850 συμπλή-

213 1886 385 1942 ρωσιν
413 1869 506 1925 τοῦ
544 1870 741 1933 παντὸς
763 1868 990 1945 κόσμου,
1027 1866 1144 1931 πῶς
1185 1869 1216 1938 ὴ
1263 1866 1363 1941 ὕλη
1406 1868 1612 1944 κακόνς
1651 1868 1788 1944 ,ἀλλο

208 1963 325 2036 γὰρ
353 1964 414 2016 τὸ
441 1963 631 2025 κακὸν,
659 1962 757 2015 καὶ¹
791 1960 918 2014 ἀλλο
967 1959 1027 2011 τὸ
1073 1959 1366 2027 ἀναγκαῖον
1392 1961 1456 2012 ²¹.
1508 1958 1633 2024 Πῶς
1671 1960 1727 2013 δὲ
1760 1960 1788 2011 ὁ

206 2052 418 2121 ἀγαθὸς
447 2054 511 2106 ὲκ
538 2051 630 2105 τοῦ
680 2049 850 2105 κακοῦ
895 2050 1132 2120 παράγει
1181 2050 1302 2103 τινά
1352 2050 1488 2120 πρὸς
1537 2051 1784 2119 γένεσιν;

205 2143 242 2214 ἢ
303 2143 423 2208 πῶς
475 2143 641 2197 κακὸν
703 2144 764 2196 τὸ
824 2142 918 2195 τοῦ
964 2140 1167 2210 ἀγαθοῦ
1210 2139 1506 2212 δεόμενον;
1598 2142 1801 2212 φεύγει

203 2235 320 2306 γὰρ
345 2235 443 2305 τὴν
473 2233 565 2286 τοῦ
624 2233 826 2302 ἀγαθοῦ
874 2231 1035 2301 φύσιν
1060 2230 1122 2283 τὸ
1159 2230 1346 2301 κακόν.
1397 2230 1520 2295 Πῶς
1541 2231 1603 2286 δὲ
1624 2234 1790 2303 γεννᾷ

202 2329 305 2398 καὶ
333 2327 522 2398 τρέφει
569 2326 667 2397 τὴν
712 2325 872 2396 φύσιν
927 2327 960 2396 ὴ
1003 2308 1102 2396 ὕλη
1150 2324 1293 2395 κακὴ
1341 2318 1521 2391 οὗσας
1561 2317 1622 2379 τὸ
1677 2323 1787 2398 γὰρ

203 2419 402 2480 κακὸν,
445 2411 478 2492 ᾖ
517 2417 562 2449 ’³
590 2420 777 2481 κακὸν,
802 2415 1015 2479 οὐδενός
1052 2417 1168 2468 ἐστι
1215 2407 1550 2487 γεννητικὸν,
1593 2415 1626 2486 ἢ
1661 2414 1788 2488 θρε-

201 2509 423 2574 πτικὸν,
455 2509 487 2580 ἢ
515 2508 652 2572 ὅλως
695 2507 996 2580 ποιητικὸν,
1026 2507 1060 2578 ἢ
1102 2505 1385 2559 σωστικόν.
1435 2508 1498 2560 El
1529 2506 1584 2560 δὲ
1605 2509 1784 2576 φαῖεν,

200 2600 376 2671 αὐτὴν
409 2601 508 2671 μὲν
534 2601 593 2653 οὐ
634 2603 806 2653 ποιεῖν
833 2600 1026 2653 κακίαν
1055 2602 1114 2652 ὲν
1144 2598 1699 2673 ψυχαῖς,ὲφέλκεσθαι
1729 2598 1787 2651 δὲ

199 2693 397 2756 αὐτὰς,
442 2692 558 2756 πῶς
588 2692 740 2744 ἔσται
770 2691 928 2745 τοῦτο
953 2692 1150 2764 ἀληθές
1184 2709 1198 2758 ;
1233 2691 1423 2745 πολλαὶ
1453 2690 1562 2763 γάρ
1605 2690 1786 2745 αὐτῶν

199 2787 283 2848 είς
304 2784 366 2836 τὸ
396 2784 595 2852 ἀγαθὸν
625 2784 880 2854 βλέπουσι
902 2784 968 2838 ⁸³.
1003 2784 1195 2837 Καίτοι
1236 2782 1354 2848 πῶς
1390 2784 1598 2852 ἐγίνετο
1628 2781 1796 2836 τοῦτο.

197 2876 303 2946 τῆς
331 2875 462 2947 ὕλης
482 2877 698 2940 πάντως
725 2875 895 2940 αὑτὰς
918 2877 998 2939 είς
1031 2876 1091 2928 τὸ
1142 2875 1315 2929 κακὸν
1367 2872 1738 2944 ἐφελκομένης
1765 2889 1780 2938 ;

203 2968 373 3020 Ὥστε
394 2969 494 3022 οὐκ
519 2967 579 3033 ἐξ
594 2968 722 3040 ὕλης
751 2971 810 3045 ὲν
830 2968 1027 3039 ψυχαῖς
1047 2969 1107 3022 τὸ
1126 2961 1319 3033 κακὸν,
1331 2967 1446 3022 ἀλλ’
1467 2967 1526 3034 ἐξ
1547 2967 1782 3044 ἀτάκτου

199 3061 296 3113 καὶ
326 3059 681 3131 πλημμελοῦς
733 3062 1000 3132 κινήσεως
1037 3061 1101 3113 ⁸³.
1134 3061 1198 3116 Ei
1227 3061 1285 3116 δὲ
1309 3062 1406 3114 καὶ⁹
1442 3059 1600 3113 τοῦτό
1630 3078 1782 3129 φασι,

196 3153 263 3222 τῇ
299 3150 401 3224 ὕλῃ
425 3153 636 3215 πάντως
650 3152 898 3217 ἔπεσθαι,
924 3138 1029 3206 διαὶ
1076 3152 1347 3222 ἀναγκαία
1373 3154 1405 3223 ἡ
1427 3151 1654 3216 ἀστατος
1683 3152 1781 3224 ὕλη

1903 679 1958 724 ut
2007 672 2174 738 aiunt,
2210 680 2481 740 quatenus
2531 668 2756 723 materia
2819 682 2932 735 est;
2981 686 3001 721 ι
3064 685 3185 724 nam
3247 679 3302 727 et
3359 665 3474 741 ipsa

1899 763 2314 834 pulchritudinis
2339 771 2393 816 et
2438 773 2664 816 ornatus
2723 760 3013 831 formaque
3073 763 3135 815 iit
3181 763 3469 833 particeps.

1901 834 1972 905 Si.
2013 861 2190 906 autem
2238 866 2489 906 seorsum
2539 850 2615 906 ab
2663 849 2748 906 his
2797 861 2988 922 suapte
3037 860 3251 906 natura
3299 861 3462 908 mate

1900 945 1977 1013 ria
2033 943 2342 1012 qualitatem
2402 943 2601 998 nullam
2649 942 2996 1012 speciemque
3044 943 3278 1009 obtinet,
3339 959 3474 1016 quoe

1900 1053 2019 1091 nam
2049 1046 2203 1108 pacto
2228 1040 2450 1094 materia
2475 1039 2770 1109 quidquam
2799 1049 2947 1110 agat,
2969 1053 3089 1108 qua!
3106 1037 3474 1111 necid‘ipsu‘m

1897 1144 1925 1180 a
1959 1143 2017 1183 se
2041 1130 2222 1193 habet,
2247 1119 2305 1182 ut
2329 1133 2434 1197 pati
2465 1129 2680 1201 possit?
2707 1128 2996 1195 Praeterea,
3023 1144 3263 1199 quonam
3293 1131 3461 1186 modo

1896 1222 2120 1278 materia
2152 1223 2349 1275 malum
2393 1222 2503 1278 sit?
2528 1223 2582 1276 Si
2615 1222 2761 1277 enim
2811 1222 3128 1292 neutiquam
3175 1217 3472 1292 nusquam-

1894 1330 1999 1383 que
2043 1323 2146 1381 est,
2209 1331 2383 1383 neque
2437 1316 2635 1370 bonum
2712 1330 2890 1384 neque
2971 1313 3174 1370 malum
3226 1327 3350 1381 est;
3385 1317 3470 1372 sin

1897 1391 2023 1462 vero
2051 1397 2539 1476 quomodocunque
2569 1407 2968 1476 est,omuiaque
2996 1422 3118 1477 qua:
3146 1414 3359 1469 sunt,ex
3385 1407 3472 1462 ho-

1895 1514 1963 1553 no
1992 1510 2149 1566 sunt;
2197 1499 2382 1567 utique
2434 1499 2599 1553 etiam
2630 1499 2743 1570 ipsa
2771 1517 2838 1556 ex
2863 1500 3009 1556 bono
3049 1501 3176 1567 erit,
3205 1511 3369 1570 atque
3397 1501 3471 1558 ita

1894 1590 1976 1651 vel
2012 1581 2208 1644 bonum
2256 1590 2452 1646 malum
2480 1589 2660 1657 eﬂicit,
2691 1592 2775 1646 vel
2808 1603 2957 1647 certe
3014 1594 3234 1655 malum,
3276 1601 3468 1664 quate-

1896 1695 1996 1755 nus
2023 1694 2088 1734 ex
2117 1681 2257 1733 bono
2287 1691 2390 1748 est,
2432 1681 2633 1736 bonum
2663 1681 2791 1747 erit,
2821 1682 2923 1748 nisi
2958 1682 3097 1738 forte
3120 1683 3323 1740 malum
3373 1685 3472 1740 bo-

1895 1789 2018 1826 nmu
2052 1773 2236 1837 faciat,
2262 1775 2504 1843 adeoque
2532 1775 2729 1829 bonum
2757 1816 2771 1837 ,
2803 1785 3070 1847 quatenus
3095 1793 3173 1832 εχ·
3191 1761 3470 1841 [ηδ’ίοοει,

1895 1864 2091 1918 malum
2125 1865 2225 1922 Isit.
2261 1863 2354 1919 Vel
2409 1866 2785 1929 iterum.-d_uo
2833 1878 2959 1922 sunt
3026 1869 3291 1940 principia
3343 1884 3468 1939 quae

1891 1947 2118 2024 ipsamet
2147 1950 2230 2021 jab
2259 1965 2366 2009 uno
2388 1951 2573 2024 aliquo
2600 1954 2709 2010 alio
2730 1958 2914 2026 capite
2947 1958 3280 2049 dependept.
3343 1957 3467 2014 Jam

1889 2063 2017 2101 vero
2065 2048 2108 2100 si
2173 2047 2450 2099 materiam
2528 2049 2595 2101 ad
2649 2049 2885 2102 universi
2945 2047 3470 2106 causummatiouem

1888 2135 2251 2191 necessariam
2271 2136 2435 2206 fuisse
2458 2137 2662 2203 dicant,
2704 2140 2980 2210 quomodo
3011 2143 3238 2197 materia
3269 2143 3470 2199 malum

1888 2226 1993 2281 sit?
2017 2229 2160 2282 aliud
2187 2231 2328 2282 enim
2349 2237 2434 2283 est
2463 2230 2662 2285 malum
2717 2247 2861 2296 esse,
2898 2234 3045 2289 aliud
3079 2238 3468 2293 necessarium.

1889 2320 2171 2385 Quomodo
2201 2331 2380 2375 autem
2409 2323 2583 2381 bonus
2602 2323 2783 2392 aliqua
2800 2332 2879 2381 ex
2927 2325 3071 2394 malo
3098 2329 3331 2398 gignat?
3371 2338 3468 2383 aut

1888 2414 2158 2481 quomodo
2185 2411 2383 2466 malum
2415 2412 2483 2467 sit
2509 2412 2572 2466 id'
2590 2415 2732 2481 quod
2760 2415 2902 2470 bono
2928 2417 3300 2476 necessarium
3330 2431 3413 2474 est
3443 2419 3470 2475 ἲ

1888 2519 2080 2572 nempe
2106 2502 2308 2558 malum
2347 2505 2484 2559 boni
2521 2514 2772 2559 naturam
2815 2507 2970 2576 fugit.
3004 2506 3282 2573 Quomodo
3333 2527 3461 2568 vero

1888 2596 2408 2650 materia-naturam
2454 2597 2628 2666 gignit
2703 2611 2766 2652 ac
2834 2597 3030 2663 nutrit,
3062 2599 3108 2652 si
3161 2600 3298 2653 mala
3330 2611 3411 2655 est
3442 2601 3470 2656 ἲ

1888 2689 2086 2743 malum
2134 2673 2298 2755 enim,
2323 2704 2429 2760 qua
2455 2697 2607 2758 parte
2632 2691 2832 2742 malum
2861 2699 2964 2755 est,
3000 2690 3134 2745 nihil
3167 2691 3342 2761 gignit
3367 2702 3466 2747 aut

1887 2783 2078 2846 nutrit,
2110 2774 2342 2837 eﬂicitve
2391 2790 2491 2836 aut
2525 2782 2721 2836 salvat.
2773 2781 2926 2849 Quod
2980 2784 3027 2838 si
3069 2784 3273 2848 dicant,
3334 2798 3456 2839 eam

1884 2877 2100 2948 quidem
2157 2876 2212 2930 in
2280 2876 2566 2930 animabus
2623 2875 2885 2929 malitiam
2945 2891 3049 2932 non
3103 2878 3461 2948 progignere,

1884 2966 2080 3046 sedlsad
2141 2967 2402 3021 malitiam
2449 2981 2541 3021 eas
2587 2967 2867 3035 instigare.
2902 2982 3138 3036 quonam
3197 2969 3357 3022 modo
3409 2971 3460 3036 id

1884 3074 2073 3115 verum
2101 3060 2248 3115 erit?
2270 3075 2392 3115 cum
2444 3058 2608 3136 exiis
2662 3059 2928 3127 plurimze-
2956 3063 3155 3116 bonum
3186 3074 3462 3132 spectent.

1885 3151 2076 3221 Atqui,
2101 3163 2334 3222 quanam
2361 3143 2523 3222 pacto
2550 3150 2602 3204 id
2622 3151 2737 3205 lieri
2771 3153 3053 3220 potuisset,
3086 3154 3131 3206 si
3166 3155 3232 3207 ad
3262 3155 3465 3215 malum

194 3246 310 3308 τοῖς
326 3242 637 3312 ὲφ’.·ἐαυτῶν
668 3242 912 3315 ἱδρῦσθαι
945 3245 1017 3315 μὴ
1037 3242 1369 3315 δυναμένοις,
1395 3243 1510 3308 πῶς
1531 3243 1590 3297 τὸ
1606 3245 1775 3301 κακὸν

1891 3259 1981 3299 eas
2019 3245 2242 3298 materia
2289 3260 2518 3315 prorsus
2555 3245 2894 3298 inclinaret?
2944 3246 3304 3311 Quamobrem
3342 3263 3458 3302 ma-

197 3335 511 3403 ἀναγκατον,
543 3334 576 3406 ἢ
603 3335 663 3388 τὸ
690 3337 982 3404 ἀναγκαῖον
1003 3336 1168 3389 κακόν
1245 3349 1249 3356 ’

1898 3351 1985 3388 um
2035 3335 2087 3389 in
2143 3334 2422 3389 animabus
2449 3349 2554 3387 non
2581 3335 2796 3389 exsiStit
2838 3350 2903 3389 ex
2944 3339 3166 3392 materia
3193 3380 3208 3406 ,
3244 3340 3340 3394 sed
3392 3354 3461 3395 ex

199 3427 508 3481 inordinate
547 3427 781 3495 quodam
841 3435 895 3480 et
965 3434 1226 3496 peccante
1290 3436 1460 3481 motu.
1508 3425 1665 3493 Quod
1719 3425 1766 3481 si
1825 3426 2036 3490 dicant,
2067 3439 2162 3480 eas
2210 3423 2434 3479 omnino
2497 3426 2648 3494 sequi
2693 3428 3000 3489 materiam,
3061 3439 3232 3497 atque.
3291 3437 3467 3485 mate-

200 3519 341 3572 riam
372 3518 516 3573 illam
562 3520 866 3576 instabilem
899 3519 967 3576 iis
995 3535 1116 3576 esse
1155 3522 1517 3575 necessariam
1547 3560 1563 3586 ,
1595 3520 1768 3590 quiin
1802 3520 2110 3590 semetipsis
2137 3519 2438 3573 consistere
2474 3533 2581 3571 non
2639 3528 2903 3588 possunt;
2931 3534 3170 3590 quanam
3249 3519 3464 3582 ration:

201 3616 404 3670 malum
456 3618 527 3672 sit
551 3618 963 3679 necessarium?
1005 3617 1088 3674 vel
1111 3618 1383 3679 quomodo
1421 3617 1472 3671 id
1499 3618 1642 3688 quod
1667 3617 2029 3672 necessarium
2062 3627 2147 3672 est
2181 3615 2253 3671 sit
2289 3614 2488 3670 malum
2519 3613 2542 3668 ἲ

1662 3763 1964 3852 g’xx1x.

282 3941 421 3998 Ἀλλ’
471 3941 592 3996 οὐδὲ
634 3942 813 4007 τοῦτο,
840 3944 868 3996 ὃ
911 3961 1113 4015 φαμεν,
1166 3946 1198 4017 ἠ
1240 3945 1494 4016 στέρησις
1522 3945 1662 4000 κατά
1694 3944 1786 3999 δύ-

1960 3942 2066 3997 Sed
2116 3955 2288 4009 neque
2342 3941 2598 4002 dicimus,
2645 3938 3006 4008 privationem
3058 3937 3108 3992 vi
3161 3951 3259 3991 sua
3315 3937 3458 3991 δοηο

198 4051 361 4104 ναμιν
413 4034 616 4087 οἰκείαν
666 4035 914 4106 μάχεταιο
940 4035 1018 4106 τῷ
1068 4017 1294 4108 ἀγαθῷ·
1344 4037 1377 4107 ἡ
1423 4037 1532 4108 γὰρ
1582 4053 1779 4090 παντε-

1891 4049 2220 4105 repugnare,
2265 4049 2388 4087 nam
2419 4027 2732 4088 omuimo'da
2789 4031 3008 4101 quidem
3041 4028 3274 4097 privatio
3301 4043 3458 4098 pror-

198 4125 294 4197 λὴς
342 4126 620 4198 στέρησις,
663 4127 888 4180 καθόλου
937 4129 1239 4200 ἀδύναμοςο
1287 4130 1320 4198 ἡ
1359 4128 1415 4182 δὲ
1461 4128 1677 4200 μερικὴ,
1715 4130 1774 4182 οὐ

1891 4143 1969 4182 ills
2024 4129 2287 4196 hnpotens
2343 4134 2448 4190 est;
2510 4124 2758 4192 partialis
2818 4138 2946 4178 vero
2995 4137 3103 4176 non
3158 4120 3454 4174 secundum

200 4218 318 4272 καθ’
341 4219 370 4270 ὃ
396 4219 669 4290 στέρησις,
701 4219 816 4290 ἔχει
857 4220 955 4292 τὴν
988 4220 1232 4292 δύναμιν,
1281 4221 1417 4274 ἀλλά
1466 4223 1586 4276 καθ’
1618 4222 1647 4275 ὃ
1712 4224 1773 4276 οὐ

1891 4219 2035 4290 372
2062 4219 2204 4288 quod
2236 4217 2471 4288 privatio
2511 4226 2594 4269 est
2623 4216 2728 4268 vim
2780 4216 2967 4276 habet,
3007 4213 3103 4268 sed
3151 4213 3453 4266 secundum

197 4309 466 4381 παντελής
500 4311 614 4362 ἐστι
640 4311 912 4382 στέρησις.
956 4313 1272 4384 Στερήσεως
1299 4313 1408 4385 γὰρ
1441 4314 1537 4366 τοῦ
1568 4313 1772 4383 ἀγαθοῦ

1891 4313 2019 4380 μιοᾱ
2052 4326 2157 4364 non
2188 4318 2271 4364 est
2301 4309 2609 4363 omnimoda
2645 4309 2896 4377 privatio.
2963 4306 3020 4360 Si
3053 4305 3201 4360 enim
3244 4304 3314 4359 sit
3337 4305 3449 4374 pri-

200 4401 424 4472 μερικῆς
442 4400 626 4471 οὕσης,
644 4401 796 4454 οὕπω
818 4403 983 4456 κακόν
1003 4420 1015 4433 ·
1045 4405 1139 4456 καὶ
1160 4403 1479 4476 γενομένης,
1503 4405 1645 4475 καὶὴ
1669 4403 1764 4457 τοῦ

1891 4406 2020 4458 ratio
2052 4402 2174 4458 houi
2201 4395 2468 4473 partialis,
2501 4404 2739 4456 nondum
2769 4401 2968 4454 malum
3003 4410 3118 4466 est;
3143 4408 3198 4455 et
3229 4400 3275 4456 si
3296 4398 3446 4455 facta

198 4496 368 4549 κακοῦ
396 4495 556 4565 φύσις
577 4495 897 4567 ἀπελήλυθε.

1891 4499 1964 4563 rit,
1985 4495 2094 4567 jam
2121 4497 2285 4552 etiam
2314 4496 2439 4550 mali
2484 4505 2678 4550 natura
2713 4494 2989 4552 discessit.

1657 4654 1927 4730 gxxx.

205 4887 210 4892 ‘
260 4817 534 4866 Συνελόντι
562 4817 619 4868 δὲ
647 4817 829 4883 φάναι,
858 4818 918 4870 τὸ
956 4818 1162 4887 ἀγαθὸν
1197 4820 1262 4872 ὲκ
1297 4819 1397 4889 τῆς
1431 4821 1557 4891 μιᾶς
1587 4822 1632 4853 ⁸⁸
1659 4820 1751 4873 καὶ
1931 4819 2037 4875 Sed
2068 4829 2124 4875 ut
2183 4819 2493 4876 summatim
2535 4817 2734 4882 dicam,
2767 4819 2968 4875 bonum
3005 4834 3074 4876 ex
3134 4837 3247 4878 una.
3294 4823 3444 4879 inte—

190 4903 283 4973 τῆς
313 4903 439 4974 ὅλης
469 4905 675 4970 αἰτίαςο
709 4905 769 4959 τὸ
790 4908 847 4961 δὲ
878 4911 923 4941 ³⁸
945 4909 1111 4963 κακὸν
1142 4913 1207 4964 ἐκ
1237 4911 1446 4964 πολλῶν
1482 4913 1575 4965 καὶ
1599 4929 1746 4982 μερι-

1895 4930 2057 4984 raque
2114 4930 2275 4969 causa
2350 4914 2586 4980 exsistit,
2644 4913 2843 4969 malum
2896 4925 3092 4970 autem
3143 4931 3211 4970 ex
3259 4917 3444 4974 multis

193 4995 297 5048 κῶν
331 4996 634 5066 ἐλλείψεων.
670 4995 819 5054 Οἶδεν
843 5003 872 5054 ὁ
896 5002 1026 5066 Θεὸς
1063 5003 1123 5057 τὸ
1164 5005 1334 5058 κακὸν
1377 5005 1409 5076 ἢ
1457 5005 1658 5072 ἀγαθὸν
1680 5006 1748 5068 ’⁷,

1893 5005 2289 5074 artialibusque
2316 5005 2640 5061 defecti-bus.
2706 5005 2974 5076 Cognovit
3038 5006 3183 5067 Deus
3234 5007 3436 5064 malum

193 5088 282 5140 καὶ
326 5089 453 5158 παρ’
475 5089 620 5158 αὐτῷ
664 5093 718 5143 ai
750 5092 913 5144 αἰτίαι
950 5092 1058 5146 τῶν
1106 5095 1310 5160 κακῶν,
1334 5095 1589 5167 δυνάμεις
1614 5097 1750 5150 είσὶν

1891 5107 1919 5150 ιι
1944 5099 2164 5162 bonum,
2187 5107 2243 5152 et
2278 5112 2445 5166 penes
2494 5099 2666 5166 ipsum
2702 5100 2971 5153 malorum
2995 5114 3175 5155 causae
3199 5101 3433 5157 virtutes

191 5176 521 5244 ἀγαθοποιοί.
553 5181 614 5232 Εἰ
642 5180 696 5233 δὲ
725 5182 771 5213 ³⁸
797 5181 856 5235 τὸ
882 5183 1048 5236 κακὸν
1079 5185 1269 5249 ἀΐδιον,
1301 5187 1394 5239 καὶ
1419 5187 1756 5259 δημιουργεῖ,

1895 5201 1990 5245 unt
2046 5189 2322 5246 benefica.
2378 5191 2528 5258 Quod
2574 5191 2620 5245 si
2680 5191 2880 5245 malum
2935 5205 3194 5247 aeternum
3236 5197 3447 5258 est,“

191 5265 280 5320 καὶ
305 5267 545 5334 δύναται,
569 5270 662 5323 καὶ
685 5270 820 5335 ἔστι,
856 5271 948 5326 καὶ
966 5274 1085 5346 δρᾷ,
1112 5276 1284 5330 πόθεν
1314 5277 1460 5348 αὐτῷ
1488 5277 1697 5347 ταῦτας
1721 5281 1754 5352 ἦ

1898 5292 2030 5351 reat,
2057 5291 2112 5338 et
2132 5291 2328 5355 potest,
2358 5291 2416 5337 et
2441 5291 2546 5347 est,
2566 5290 2619 5336 et
2647 5282 2782 5353 agit,
2816 5284 2959 5338 unde
2981 5284 3030 5340 ei
3064 5285 3180 5339 haec
3208 5281 3438 5344 omnia!

260 4812 534 4866 Συνελόντι
562 4814 619 4868 δὲ
647 4815 829 4883 φάναι,
858 4818 918 4870 τὸ
956 4818 1162 4887 ἀγαθὸν
1197 4820 1262 4872 ὲκ
1297 4819 1397 4889 τῆς
1431 4821 1557 4891 μιᾶς
1587 4822 1632 4853 ⁸⁸
1659 4820 1751 4873 καὶ

1477 5436 1712 5495 VARIIE
1748 5439 2150 5498 LECTIONES.

255 5558 299 5646 ξ’
332 5560 427 5646 καὶζ
449 5564 517 5646 εί,
553 5561 623 5617 Μ.
660 5633 704 5646 υ
735 5565 776 5596 ¹¹
803 5564 928 5646 ἀ-λλο
951 5583 1166 5646 ηοηᾼεει
1196 5576 1246 5627 in
1274 5576 1339 5630 Μ.
1439 5579 1660 5643 "mihi,
1692 5579 1760 5635 M.
1799 5582 1886 5636 Sc.
2013 5583 2056 5614 ⁸³
2083 5583 2444 5636 ἀποϐλέπουσι
2578 5585 2624 5614 ’⁵
2648 5583 2759 5636 ἀλλ’
2792 5581 2849 5646 ἐξ
2876 5581 3039 5637 αὐτοῦ
3079 5585 3311 5641 ἀτάκτου
3339 5585 3432 5642 καὶ

193 5625 631 5754 ἒηςιμδξήσεως,
660 5633 729 5697 Μ.
803 5637 931 5691 ὐὲκ
974 5643 1101 5711 μιᾶς
1127 5625 1459 5703 arma:
1488 5625 1760 5705 33:15?
1799 5625 1961 5708 Ἵέδέ
1992 5625 2444 5710 ιιοιῖ’ἐέἶ’ὶῖιἭ.”’
2484 5653 2523 5686 ιτ
2555 5647 2585 5725 ᾗ
2614 5625 3426 5731 eam:§.'ii'of":33£.f;;;
