4186 6308
750 256 849 311 73!

1926 256 1984 313 S.
2023 255 2318 313 DIONYSII
2352 255 2811 313 AREOPAGITA']

3896 253 4009 308 7'3

758 390 886 429 num
916 390 980 428 ex
1007 374 1198 429 bono?
1240 388 1307 428 an
1349 375 1490 430 bono
1533 391 1596 430 ex
1631 376 1813 432 malo?
1858 390 1925 431 an
1958 393 2087 431 vero
2110 378 2317 447 utrique

2425 380 2489 431 ὲκ
2519 377 2613 431 τοῦ
2646 376 2847 447 ἀγαθοῦ
2875 394 2887 442 ;
2912 375 2944 448 ἢ
2975 375 3049 446 τῷ
3064 372 3261 445 ἀγαθῷ
3284 374 3347 427 ὲκ
3383 370 3476 427 τοῦ
3504 370 3706 437 κακοῦ;
3736 371 3767 441 ἢ
3798 373 4007 443 ἀμφοῖν

741 481 807 519 ιιι
842 480 1005 519 causa
1036 464 1187 520 alia?
1232 466 1405 523 Omne
1432 468 1574 538 quod
1609 470 1905 529 secundum
1938 478 2185 524 naturam
2211 480 2313 535 est,

742 574 811 614 ex
861 557 1081 613 deﬁnita
1112 574 1275 614 causa
1324 561 1611 627 nascitur;
1666 560 1865 616 malum
1908 570 2089 616 autem
2118 561 2161 615 si
2188 575 2319 614 cau-

741 666 817 705 sae
850 650 922 705 sit
978 664 1043 704 ac
1106 650 1440 705 definitionis
1484 667 1716 722 expers,
1757 667 1863 705 non
1911 664 1991 706 est
2024 651 2317 707 secundum

742 756 1033 813 naturam;
1077 763 1252 819 neque
1304 749 1446 803 enim
1480 758 1563 803 est
1595 750 1646 803 in
1702 762 1883 803 rerum
1928 758 2146 813 natura,
2174 747 2315 817 quod

740 854 931 895 contra
972 850 1223 895 naturam
1256 851 1373 904 est,
1422 856 1596 910 neque
1622 842 1672 895 in
1710 851 1829 897 arte
1883 841 2023 894 ratio
2054 850 2136 896 est
2164 839 2319 894 insci-

743 932 852 985 tlze.
911 928 1048 986 Num
1079 946 1213 1001 ergo
1265 930 1447 985 anima
1502 932 1769 986 malorum
1823 934 1991 987 causa
2024 932 2115 996 sit,
2171 930 2318 987 sicut

745 1022 883 1093 ignis
912 1038 964 1079 ν.
997 1038 1049 1091 g.
1103 1022 1322 1086 caloris,
1356 1031 1518 1093 atque
1552 1023 1756 1087 omnia,
1792 1023 1987 1091 quibus
2025 1021 2317 1093 appropin—

744 1124 895 1185 quat,
950 1115 1155 1170 malitia
1202 1116 1373 1184 replet
1399 1117 1421 1171 ?
1451 1132 1517 1170 an
1552 1131 1681 1171 vero
1704 1119 1844 1171 bona
1875 1117 2094 1187 quidem
2124 1115 2318 1169 animre

742 1217 959 1274 natura,
994 1209 1089 1263 sed
1115 1208 1167 1261 in
1225 1207 1531 1263 actionibus
1589 1208 1703 1263 suis
1747 1207 1881 1261 alias
1912 1206 2133 1277 quidem
2191 1204 2270 1259 sic
2300 1244 2314 1267 ,

742 1300 878 1354 alias
929 1313 1057 1352 vero
1093 1298 1253 1352 aliter
1294 1313 1350 1353 se
1386 1298 1595 1359 habet?
1650 1298 1705 1352 Si
1754 1308 1949 1353 natura
2006 1312 2099 1351 sua
2137 1306 2318 1352 status

740 1392 902 1445 etiam
936 1389 1051 1458 ejus
1093 1390 1265 1443 malus
1295 1397 1399 1453 est,
1433 1389 1577 1443 unde
1610 1401 1815 1444 statum
1852 1388 2091 1443 habuit?
2137 1403 2207 1441 an
2251 1402 2318 1441 ex

746 1497 909 1537 causa
937 1482 1073 1536 bona
1107 1496 1224 1549 quae
1251 1480 1495 1535 effectrix
1526 1490 1610 1535 est
1658 1496 1836 1536 rerum
1871 1479 2165 1535 omnium?
2210 1479 2316 1533 Sed

742 1576 786 1627 si
821 1590 887 1629 ex
914 1590 999 1639 ca,
1029 1574 1301 1643 quomodo
1334 1574 1537 1627 malum
1562 1584 1643 1628 est
1670 1574 1966 1629 secundum
1985 1572 2319 1628 essentiam?

742 1664 946 1720 Omnes
979 1664 1124 1718 enim
1144 1663 1263 1733 ejus
1286 1662 1513 1718 effectus
1546 1664 1676 1718 boni
1704 1673 1852 1719 sunt.
1883 1662 1980 1718 Sin
2011 1676 2108 1732 per
2145 1663 2318 1717 actio-

2419 467 2480 533 ἐξ
2508 468 2673 540 ἀλλης
2693 468 2871 533 αἰτίας
2894 486 2908 533 ;
2934 468 3046 521 Πᾶν
3064 467 3125 519 τὺ
3147 464 3286 519 κατὰ
3311 462 3472 541 φύσιν
3489 464 3547 531 ἐξ
3565 463 3741 526 αἰτίας
3763 462 4010 533 ὡρισμέ-

2418 577 2517 631 νης
2545 563 2799 631 γεννᾶται
2821 578 2835 593 ο
2872 562 2919 614 εί
2954 560 3012 613 δὲ
3033 559 3095 613 τὸ
3140 558 3309 612 κακὸν
3336 556 3574 611 ἀναίτιον
3605 556 3699 609 καὶ
3724 554 4004 625 ἀόριστον,

2417 656 2477 708 ού
2508 653 2647 708 κατά
2673 654 2832 723 φύσιν
2850 670 2864 682 ·
2895 652 3015 705 οὐδὲ
3042 652 3150 722 γὰρ
3179 652 3235 703 ὲν
3262 653 3330 721 τῇ
3366 648 3521 718 φύσει
3547 648 3607 701 τὸ
3633 645 3784 718 παρά
3815 646 4005 715 φύσιν,

2420 746 2541 799 οὐδὲ
2562 746 2811 817 ἀτεχνίας
2835 746 2879 777 ’θ
2902 746 2959 797 ὲν
2983 746 3047 813 τῇ
3073 743 3233 813 τέχνῃ
3259 740 3434 808 λόγος.
3468 734 3616 811 *Αρα
3650 739 3682 809 ἠ
3721 736 3867 807 ψυχὴ
3891 735 4008 788 τῶν

2420 838 2603 893 κακῶν
2631 838 2799 900 αἰτία,
2819 836 3064 907 καθάπερ
3077 835 3138 888 τὸ
3163 832 3273 907 πῦρ
3284 830 3719 903 τοῦθερμαίνειν,
3755 830 3846 882 καὶ
3864 829 3976 882 πάν

2417 947 2485 985 τα
2518 927 2597 992 οἷς
2624 928 2691 989 ἂν
2728 928 3028 998 γειτνιάσῃ,
3056 924 3252 987 κακίας
3277 918 3721 1001 ἀναπίμπλησιν;
3762 917 3794 988 ἢ
3820 914 4019 986 ἀγαθὴ-

2421 1023 2520 1094 μὲν
2548 1022 2579 1091 ἡ
2628 1020 2729 1090 τῆς
2751 1019 2925 1090 ψυχῆς
2951 1018 3131 1087 φύσις,
3157 1016 3274 1079 ταῖς
3308 1014 3365 1067 δὲ
3398 1011 3716 1083 ἐνεργείαις,
3748 1008 3875 1063 ποτὶ
3902 1008 4007 1079 μὲν

2418 1093 2586 1176 οὕτως
2604 1111 2735 1181 ἔχει,
2776 1108 2905 1161 ποτὲ
2925 1108 2980 1161 δὲ
3007 1107 3213 1171 οὓτωςς
3241 1105 3304 1158 Et
3330 1104 3427 1175 μὲν
3458 1101 3618 1171 φύσει
3644 1100 3738 1153 καὶ
3765 1098 3825 1152 τὸ
3860 1093 4006 1151 εἶναι

2419 1203 2588 1273 αὐτῆς
2615 1202 2804 1264 κακὸν,
2837 1201 2930 1253 καὶ
2958 1197 3119 1251 πόθεν
3154 1196 3290 1268 αὐτῇ
3330 1195 3392 1248 τὸ
3422 1189 3593 1257 εἷναις
3634 1190 3667 1263 ἢ
3693 1192 3757 1243 ὲκ
3778 1190 3876 1260 τῆς
3906 1188 4007 1258 δη-

2423 1294 2745 1365 μιουργικῆς
2772 1291 2879 1345 τῶν
2906 1290 3040 1345 ὅλων
3074 1289 3243 1345 ὄντων
3271 1286 3481 1356 ἀγαθῆς
3514 1282 3690 1346 αἰτίας
3715 1298 3728 1347 ;
3768 1279 3909 1332 Ἀλλ’
3940 1281 3996 1332 εἰ

2420 1388 2488 1438 ὲκ
2518 1384 2745 1455 ταύτης,
2766 1384 2883 1448 πῶς
2904 1383 3029 1435 κατ’
3054 1381 3237 1435 οὐσίαν
3256 1378 3457 1443 κακόν;
3490 1375 3670 1445 ἀγαθά
3690 1373 3799 1445 γάρ
3821 1371 4005 1425 πάντα

2417 1474 2620 1544 ταύτης
2654 1473 2870 1542 ἔκγονα.
2912 1472 2975 1525 El
3026 1470 3083 1525 δὲ
3126 1473 3244 1534 ταῖς
3289 1466 3590 1539 ἐνεργείαις
3616 1505 3630 1531 ,
3674 1464 3797 1518 οὐδὲ
3842 1461 4008 1516 τοῦτο

2419 1569 2805 1640 ἀμπάόλητον·
2834 1569 2881 1621 εί
2900 1567 2957 1620 δὲ
2979 1566 3072 1637 μὴ,
3090 1565 3251 1618 πόθεν
3278 1567 3333 1618 αἱ
3352 1562 3564 1633 ἀρεταὶ,
3588 1560 3660 1631 μὴ
3684 1560 3775 1613 καὶ
3802 1555 4008 1625 ἀγαθο-

2420 1660 2597 1725 ειδοῦς
2641 1660 2812 1729 αὐτῆς
2869 1657 3194 1728 γινομένης;
3239 1655 3501 1709 Λείπεται
3536 1652 3642 1722 ἀρα
3671 1689 3685 1713 ,
3734 1648 3795 1702 τὸ
3832 1646 4006 1700 κακὸν

744 1772 862 1821 nes,
896 1770 1069 1825 neque
1101 1756 1202 1809 hoc
1228 1766 1312 1810 est
1339 1756 1679 1810 immutabile
1707 1774 1718 1819 ;
1751 1756 1992 1823 alioquin
2023 1755 2167 1809 unde
2200 1755 2312 1808 vir-

2422 1754 2664 1807 ἀσθένεια
2697 1754 2793 1806 καὶ
2826 1750 3065 1819 ἔλλειψις
3092 1747 3186 1802 τοῦ
3214 1744 3418 1816 ἀγαθοῦ
3453 1740 3607 1798 εἶναι.

743 1856 887 1902 tutes
915 1848 1017 1912 illi,
1043 1848 1146 1902 nisi
1176 1848 1497 1904 boniformis
1530 1849 1673 1905 facta
1693 1847 1807 1906 sit?
1834 1848 2119 1918 Reliquum
2168 1857 2254 1904 est
2286 1848 2475 1919 igitur,
2516 1847 2715 1903 malum
2759 1858 2884 1902 esse
2922 1842 3248 1899 debilitatem
3294 1836 3585 1910 quamdam
3617 1832 4012 1890 defectionem.

744 1954 853 2011 que
884 1954 912 1993 a
937 1939 1102 1995 bono.

2215 2052 2243 2125 ς
2293 2045 2533 2109 XXXI.

818 2241 1092 2298 Bonorum
1166 2254 1335 2298 causa
1399 2255 1505 2296 una
1564 2249 1668 2297 est.
1742 2240 1801 2297 Si
1888 2240 2031 2296 bono
2111 2237 2312 2295 malum

742 2346 827 2390 est
875 2336 1254 2401 contrarium,
1308 2335 1575 2390 malorum
1634 2349 1813 2391 causa:
1876 2334 2060 2389 multa:
2138 2342 2311 2399 sunt;

746 2442 854 2482 non
903 2436 1082 2483 tamen
1114 2426 1409 2483 ellicientes
1473 2438 1602 2483 sunt
1639 2428 1903 2483 malorum
1959 2427 2198 2481 rationes
2248 2440 2315 2480 ac

746 2518 1054 2579 facultates,
1099 2520 1193 2573 sed
1222 2519 1562 2589 impotentia,
1585 2529 1644 2573 et
1674 2520 1981 2587 infirmitas,
2032 2530 2087 2575 et
2120 2520 2314 2576 incon-

745 2626 877 2680 grua
900 2611 1145 2679 quaedam
1163 2612 1443 2680 permistiu
1468 2628 1647 2667 rerum
1667 2613 2033 2667 dissimilium.
2056 2610 2194 2668 Mala
2216 2628 2317 2670 nec

748 2700 1045 2757 immobilia
1120 2713 1281 2770 sunt,
1328 2720 1506 2774 neque
1558 2722 1774 2778 semper
1804 2705 1992 2760 eodem
2056 2707 2215 2761 modo
2258 2722 2318 2782 se

748 2795 969 2858 habent,
990 2798 1083 2851 sed
1119 2798 1325 2853 infinita
1358 2810 1412 2853 ct
1452 2802 1892 2867 indeterminata,
1921 2802 1973 2856 in
2005 2804 2126 2858 aliis
2156 2814 2321 2873 atque

748 2888 889 2955 aliis,
920 2889 1095 2957 iisque
1124 2891 1378 2955 infinitis.
1404 2894 1768 2951 diversimode
1799 2906 2087 2964 vagantur.
2149 2895 2320 2951 Malo-

2489 2228 2610 2282 Τῶν
2648 2224 2867 2296 ἀγαθῶν
2905 2224 2966 2278 τὸ
3006 2224 3177 2279 αἴτιον
3205 2224 3284 2278 ἐν.
3314 2224 3377 2277 El
3421 2221 3500 2294 τῷ
3524 2222 3712 2293 ἀγαθῷ
3746 2222 3807 2275 τὸ
3836 2224 4011 2277 κακὸν

2414 2321 2691 2383 ἐναντίον,
2748 2317 2839 2372 τοῦ
2883 2316 3053 2371 κακοῦ
3092 2316 3160 2369 τά
3202 2318 3350 2370 αἴτια
3404 2315 3615 2369 πολλά’
3664 2315 3724 2367 ού
3778 2315 3883 2386 μὴν
3939 2317 4012 2370 τά

2416 2414 2672 2485 ποιητικά
2692 2411 2799 2464 τῶν
2833 2410 3037 2475 κακῶν,
3078 2410 3228 2478 λόγοι
3271 2409 3363 2462 xal
3399 2409 3678 2479 δυνάμεις,
3728 2408 3844 2461 ἀλλ’
3875 2410 4010 2462 ἀδυ-

2418 2507 2607 2581 ναμία,
2654 2505 2747 2559 καὶ
2773 2503 3042 2568 ἀσθένεια,
3074 2505 3166 2557 καὶ
3210 2502 3353 2573 μίξις
3386 2501 3495 2555 τῶν
3524 2501 3790 2573 ἀνομοίων
3827 2501 4013 2572 ἀσύμ-

2425 2616 2639 2671 μετρος.
2672 2597 2806 2651 Οὔτε
2834 2597 3064 2667 ἀκίνητα
3090 2595 3182 2649 καὶ
3208 2595 3291 2648 ἀεὶ
3318 2594 3574 2656 ὡσαύτως
3592 2594 3780 2664 ἔχοντα
3804 2593 3871 2645 τὰ
3908 2610 4013 2646 κα-

2425 2670 2522 2755 κά,
2548 2692 2663 2745 ἀλλ’
2684 2691 2904 2762 ἄπειρα,
2925 2690 3018 2743 καί
3041 2670 3286 2760 ἀῖόριστα,
3308 2688 3401 2741 καὶ
3425 2689 3482 2739 ὲν
3499 2686 3677 2748 ἀλλοις
3702 2686 4009 2756 φερόμενα,

2427 2780 2519 2838 καὶ
2550 2784 2755 2846 τούτοις
2782 2782 3045 2852 ἀπείροις.
3093 2782 3317 2833 Πάντων
3354 2780 3448 2831 καὶ
3487 2777 3594 2830 τῶν
3633 2777 3817 2829 κακῶν
3862 2778 4013 2849 ἀρχὴ

2427 2878 2522 2930 καὶ
2551 2876 2699 2939 τέλος
2735 2875 2885 2927 ἔσται
2920 2874 2979 2926 τὸ
3021 2872 3256 2941 ἀγαθόν’
3286 2870 3389 2924 -τοῦ
3438 2870 3547 2942 γάρ
3594 2868 3798 2937 ἀγαθοῦ
3841 2867 4015 2921 ἕνεκα

748 2996 869 3034 rum
900 2982 1062 3036 etiam
1100 2985 1341 3038 omnium
1392 2988 1719 3057 principium
1770 2998 1937 3057 atque
1971 2989 2094 3044 linis
2122 2989 2317 3043 bonum

2434 2969 2609 3021 πάντα
2632 2968 2725 3019 καὶ
2746 2969 2843 3020 ὅσα
2867 2964 3067 3034 ἀγαθά,
3102 2966 3196 3017 καὶ
3229 2964 3329 3015 ὅσα
3359 2962 3571 3014 ἐναντία
3593 2978 3605 2991 ·
3640 2961 3732 3013 καὶ
3764 2959 3873 3029 γὰρ
3918 2958 4014 3010 καὶ

747 3084 832 3130 est
855 3092 871 3142 ;
898 3075 1023 3131 boni
1042 3078 1184 3130 enim
1214 3091 1377 3130 causa
1405 3087 1533 3131 sunt
1560 3078 1764 3143 omnia,
1789 3087 1845 3132 et
1878 3093 2000 3147 qua:
2024 3078 2164 3132 bona
2196 3088 2317 3133 sunt

2422 3054 2596 3113 ταῦτα’
2623 3061 2929 3132 πράττομεν
2968 3057 3028 3110 τὸ
3070 3055 3273 3124 ἀγαθὸν
3306 3054 3617 3117 ποθοῦντες
3666 3052 3859 3122 (οὐδεὶς
3899 3050 4015 3121 γὰρ

748 3177 803 3220 et
820 3183 939 3237 qua:
973 3168 1111 3221 mala
1140 3184 1159 3232 ι
1196 3169 1395 3238 quippe
1420 3184 1542 3223 cum
1575 3169 1687 3223 bare
1710 3142 1925 3239 quoque
1955 3171 2081 3224 boni
2108 3170 2317 3235 deside-

2428 3154 2505 3215 εἰς
2527 3152 2569 3183 ³ο
2590 3151 2651 3203 τὸ
2702 3150 2867 3203 κακὸν
2921 3147 3241 3201 ἀποϐλέπων
3291 3149 3432 3198 ποιεῖ
3464 3144 3498 3198 ἀ
3540 3144 3733 3211 ποιεῖ·)
3761 3143 3840 3195 διὸ
3884 3142 4011 3195 οὔτε

752 3258 833 3311 rio
855 3274 1082 3328 agamus
1111 3261 1295 3331 (nemo
1355 3262 1499 3315 enim
1533 3261 1810 3330 proposito
1842 3246 1963 3316 sibi.
1995 3262 2139 3318 malo
2189 3263 2317 3319 facit

2432 3244 2727 3296 ὑπόστασιν
2750 3242 2859 3311 ἔχει
2886 3240 2947 3293 τὸ
2976 3239 3143 3292 κακὸν
3167 3278 3179 3299 ,
3210 3238 3345 3290 ἀλλά
3370 3237 3778 3308 παρυπόστασιν
3814 3236 3885 3299 ³¹,
3914 3234 4013 3289 τοῦ

749 3366 869 3420 qua!
901 3352 1062 3423 facit)
1084 3328 1443 3423 :quapropter
1467 3328 1646 3421 neque
1672 3356 1973 3410 substantia
2006 3358 2208 3412 malum
2241 3358 2317 3411 ni-

2432 3334 2637 3403 ἀγαθοῦ
2668 3332 2828 3385 ἕνεκα
2857 3333 2949 3385 καὶ
2977 3331 3077 3402 ούχ
3111 3328 3301 3385 ἑαυτοῦ
3350 3328 3651 3399 γινόμενον.

752 3445 903 3507 titur,
942 3444 1034 3499 sed
1070 3446 1385 3499 substantiae
1414 3445 1711 3505 simulacro
1733 3487 1749 3513 .
1790 3448 1917 3503 dum
1947 3450 2074 3507 boni
2132 3461 2188 3506 et
2216 3465 2321 3507 non

749 3534 835 3591 sui
861 3534 1031 3606 ipsius
1071 3537 1244 3607 gratia
1277 3538 1508 3609 geritur.

2216 3662 2244 3735 θ
2285 3660 2556 3726 XXXII.

823 3836 965 3893 Malo
1012 3844 1185 3892 status
1235 3837 1555 3894 tribuendus
1619 3848 1706 3895 est
1762 3854 1859 3911 per
1917 3840 2211 3908 accidens,
2274 3854 2317 3900 et

2498 3846 2591 3919 Τῷ
2625 3847 2777 3919 κακῷ
2792 3848 2853 3901 τὸ
2886 3843 3023 3902 εἶναι
3054 3847 3234 3902 θετέον
3264 3846 3403 3900 κατά
3437 3844 3800 3917 συμϐεϐηκὸς,
3823 3846 3919 3899 καὶ
3943 3846 4011 3900 δι’

752 3940 973 4001 propter
1032 3930 1196 3994 aliud,
1248 3943 1303 3986 ct
1353 3948 1456 3987 non
1518 3946 1585 3986 ex
1644 3933 1866 4004 proprio
1925 3932 2230 4004 principio;
2272 3947 2317 3991 nl

2428 3940 2574 4003 ἀλλο,
2604 3942 2697 3994 καὶ
2726 3942 2826 3994 οὐκ
2855 3941 2913 4007 ἐξ
2939 3940 3113 4011 ἀρχῆς
3132 3939 3339 4001 οἰκείας
3362 3955 3374 3968 ·
3402 3938 3541 3991 ὥστε
3574 3938 3634 3995 τὸ
3662 3937 4007 4008 γιγνόμενον,

752 4025 895 4090 quod
964 4022 1093 4075 dum
1163 4022 1258 4088 fit,
1313 4032 1521 4079 rectum
1592 4025 1813 4095 quidem
1882 4041 2004 4081 esse
2053 4028 2317 4097 videatur,

2427 4033 2585 4106 ὀρθὸν
2606 4034 2703 4104 μὲν
2720 4030 2857 4087 εἶναι
2876 4032 3072 4096 δοκεῖν,
3093 4033 3173 4087 ὅτι
3193 4033 3285 4085 τοῦ
3310 4031 3513 4103 ἀγαθοῦ
3530 4030 4012 4100 ἓνεκαγίνεται,τῷ

753 4115 878 4182 quia
904 4113 1065 4186 373
1093 4112 1219 4167 boni
1278 4116 1452 4184 gratia
1502 4116 1590 4178 fit,
1625 4132 1817 4171 revera
1866 4127 2047 4203 autem
2113 4130 2317 4176 rectum

2425 4126 2535 4179 ὄντι
2563 4126 2620 4180 δὲ
2645 4127 2743 4179 ούκ
2774 4125 2931 4196 ὀρθὸν
2952 4122 3109 4189 εἶναι,
3132 4124 3339 4178 διότιτὸ
3362 4123 3434 4195 μὴ
3447 4122 3644 4190 ἀγαθὸν
3666 4122 3871 4191 ἀγαθὸν
3900 4122 4010 4175 old-

757 4220 861 4259 non
885 4206 990 4271 sit,
1048 4206 1489 4275 quandoquidem
1526 4208 1575 4261 id
1608 4209 1806 4262 bonum
1839 4209 2147 4279 opinemur,
2181 4212 2317 4279 quod

2432 4213 2587 4285 μεθα.
2625 4214 2899 4267 Δέδεικται
2922 4214 3049 4267 ἀλλο
3062 4214 3121 4265 τὸ
3141 4213 3349 4283 ἐφετὸν,
3369 4214 3463 4267 καὶ
3476 4212 3602 4265 ἄλλο
3623 4214 3681 4266 τὸ
3701 4213 4005 4282 γινόμενον.

754 4299 951 4354 bonum
978 4313 1081 4353 non
1108 4309 1210 4353 est.
1240 4300 1529 4356 Ostensum
1553 4310 1636 4356 est
1660 4300 1806 4357 aliud
1829 4317 1949 4357 esse
1976 4304 2118 4371 quod
2148 4316 2317 4371 expc--

2431 4305 2638 4359 Ούκοῦν
2662 4306 2722 4358 τὸ
2744 4306 2911 4359 κακὸν
2935 4305 3081 4377 παρά
3109 4305 3206 4377 τὴν
3225 4304 3360 4369 ὁδὸν,
3390 4306 3480 4357 καὶ
3500 4304 3649 4375 παρά
3668 4306 3759 4357 τὸν
3782 4305 4005 4367 σκοπὸν,

758 4393 907 4455 titur,
930 4400 985 4446 et
1008 4392 1151 4446 aliud
1179 4394 1322 4463 quod
1350 4395 1551 4462 agitur.
1616 4394 1817 4448 Malum
1859 4395 2046 4465 itaque
2078 4395 2317 4449 deflectit

2426 4400 2519 4453 καὶ
2539 4399 2689 4469 παρά
2703 4400 2797 4469 τὴν
2814 4398 2995 4468 φύσιν,
3016 4400 3108 4451 καὶ
3129 4398 3276 4469 παρά
3296 4398 3392 4468 τὴν
3413 4398 3608 4461 αἰτίαν,
3629 4398 3719 4451 καὶ
3739 4397 3891 4467 παρά
3910 4396 4014 4467 τὴν

754 4498 785 4537 a
820 4484 905 4538 via
936 4494 1129 4554 praeter
1162 4484 1537 4549 intentionem,
1563 4496 1764 4554 prznter
1788 4495 2062 4550 naturam,
2122 4495 2317 4555 praeter

2427 4492 2619 4563 ἀρχὴν,
2638 4492 2733 4544 καὶ
2756 4491 2903 4561 παρά
2915 4490 2977 4542 τὸ
2994 4490 3165 4553 τέλος,
3184 4491 3278 4543 καὶ
3298 4482 3447 4560 παρά
3469 4489 3560 4542 τὸν
3582 4490 3725 4561 ὅρον,
3742 4491 3836 4544 καὶ
3856 4488 4009 4559 παρὰ

754 4592 995 4640 causam.
1043 4587 1241 4648 prater
1290 4579 1635 4648 principium,
1678 4590 1875 4648 prteter
1928 4580 2119 4644 finem,
2165 4588 2317 4635 extra

2424 4583 2521 4654 τὴν
2546 4583 2815 4653 βούλησιν,
2844 4583 2936 4636 καὶ
2974 4582 3122 4654 παρά
3142 4581 3239 4653 τὴν
3274 4581 3587 4635 ὑπόστασιν.
3610 4582 3872 4652 Στέρηστς
3900 4580 4007 4651 ἄρα

756 4671 1073 4737 terminum,
1109 4681 1263 4726 extra
1319 4672 1679 4734 voluntatem,
1739 4684 1897 4728 extra
1940 4673 2318 4729 substantiam.

757 4763 951 4822 Malum
983 4778 1114 4834 ergo
1136 4765 1369 4833 privatio
1395 4775 1497 4829 est,
1525 4776 1581 4820 et
1613 4766 1879 4829 defectus,
1928 4774 1981 4820 et
2011 4765 2321 4827 infirmitas,

754 4855 1251 4921 etinconcinnitas,
1286 4868 1340 4912 et
1390 4874 1567 4923 error,
1594 4870 1649 4914 et
1675 4858 1959 4914 frustratio
1990 4856 2163 4926 scopi,
2197 4855 2322 4927 pul-

754 4948 1099 5013 chritudinis,
1128 4950 1273 5014 vitze,
1302 4951 1632 5018 intellectus,
1663 4954 1916 5018 rationis,
1945 4951 2322 5026 perfectionis,

757 5037 1117 5105 fundamenti,
1172 5058 1393 5108 causae;
1444 5054 1533 5098 est
1588 5046 2039 5109 interminatum,
2095 5044 2325 5108 sterile,

758 5130 924 5193 iners,
958 5131 1309 5198 imbecillum,
1370 5136 1682 5200 confusum,
1706 5135 1995 5197 dissimile,
2028 5134 2323 5198 infinitum,

759 5223 1131 5289 tenebrosum,
1171 5235 1313 5279 statu
1337 5237 1508 5294 caret,
1541 5228 1827 5298 ipsumque
1857 5228 2004 5284 nullo
2039 5236 2225 5298 pacto,
2261 5244 2324 5283 ac

760 5330 1057 5385 nusquam,
1089 5328 1143 5372 et
1184 5320 1315 5373 nillil
1363 5323 1597 5376 exsistit.
1631 5323 1909 5389 Quomodo
1948 5338 2080 5395 ergo
2112 5323 2310 5377 malum

2430 4673 2546 4728 ἐστὶ
2567 4676 2628 4728 τὸ
2654 4674 2838 4739 κακὸν,
2855 4674 2948 4727 καὶ
2970 4673 3220 4742 ἔλλειψις,
3245 4673 3339 4725 καὶ
3353 4671 3623 4734 ἀσθένεια,
3643 4673 3736 4725 καὶ
3761 4673 4008 4741 ἀσυμμε-

2425 4767 2573 4839 τρία,
2587 4768 2679 4820 καὶ
2694 4766 2958 4838 ἁμαρτία,
2981 4767 3075 4819 καὶ
3090 4765 3347 4827 ἄσκοπον,
3364 4766 3457 4819 καὶ
3476 4764 3726 4827 ἀκαλλὲς,
3751 4765 3848 4819 καὶ
3864 4762 4006 4826 ἀζω-

2428 4878 2487 4914 ον
2518 4862 2585 4925 ",
2612 4861 2705 4913 καὶ
2720 4856 3013 4923 ἀνὸυν,καὶ
3040 4857 3249 4924 ἄλογον,
3264 4857 3354 4911 καὶ
3374 4856 3578 4919 ἀτελὲς,
3597 4856 3689 4908 καί
3704 4854 4003 4924 ἀνίδρυτον,

2430 4954 2523 5007 καὶ
2542 4953 2797 5013 ἀναίτιον,
2820 4953 2913 5006 καὶ
2940 4952 3207 5023 ἀόριστον,
3240 4949 3331 5001 καὶ
3353 4948 3561 5015 ἀγονον,
3591 4947 3683 4999 καὶ
3703 4946 3870 5015 ἀργὸν
3901 4946 4003 4998 καὶ

2428 5044 2673 5114 ἀδρανὲς,
2706 5043 2797 5096 καὶ
2822 5042 3071 5104 ἄτακτον,
3102 5041 3194 5093 καὶ
3219 5040 3485 5110 ἀνόμοιον.
3515 5038 3608 5090 καὶ¹
3648 5038 3891 5107 ἄπειρον,
3915 5037 4008 5087 καί

2432 5132 2720 5195 σκοτεινὸν,
2741 5134 2833 5184 καὶ
2861 5131 3138 5193 ἀνούσιον,
3170 5131 3263 5183 καί
3298 5130 3427 5182 αὐτὸ
3464 5128 3723 5199 μηδαμῶς
3782 5127 4005 5197 μηδαμῆ

2436 5227 2597 5298 μηδὲν
2626 5226 2701 5278 δν.
2749 5225 2871 5288 Πῶς
2895 5225 3030 5289 ὅλως
3058 5224 3275 5277 δύναταί
3315 5240 3365 5278 τι
3393 5223 3452 5274 τὸ
3488 5222 3655 5275 κακὸν
3692 5222 3758 5290 τῇ
3785 5221 3921 5288 πρὸς
3947 5220 4006 5271 τὸ

2422 5319 2622 5387 ἀγαθὸν
2660 5316 2802 5387 μίξει
2826 5316 2869 5348 ³³
2894 5332 2907 5381 ;
2936 5317 2997 5368 τὸ
3026 5315 3133 5385 γάρ
3160 5316 3331 5384 πάντη
3374 5311 3467 5365 τοῦ
3522 5310 3723 5381 ἀγαθοῦ
3748 5299 4005 5381 ⁸ἄμοιρον

2053 5498 2287 5553 VARle
2338 5494 2738 5553 LECTIONES.

834 5617 875 5689 ξ’
904 5618 1020 5670 οὐδὲ
1048 5618 1285 5689 ἄτεχνος,
1322 5618 1389 5673 Μ.
1466 5619 1603 5681 ³⁰εἰς
1632 5632 1736 5673 non
1769 5628 1849 5672 est
1882 5618 1933 5671 in
1963 5616 2028 5671 Μ.
2100 5617 2137 5646 ³¹
2171 5616 2376 5670 duobus
2422 5613 2599 5670 verbis
2630 5612 2745 5681 lcgc
2776 5612 2900 5679 mp‘
2932 5609 3243 5674 ὑπόστασιν,
3278 5608 3349 5663 Μ.
3422 5609 3467 5640 ²²
3492 5604 3653 5671 ἁζῶν,
3689 5605 3747 5659 P.
3830 5605 3873 5637 ³⁸
3908 5620 4002 5675 με·

764 5684 923 5744 οέξίι.
