4176 6308
239 284 363 344 7'53

1330 270 1418 325 DE
1448 265 1697 325 DlVlNIS
1727 257 2117 326 NOMINIBUS,
2152 260 2303 320 CAP.
2340 260 2429 317 IV.

3364 254 3477 309 734

232 400 379 457 οὔτε
399 398 514 459 ιστί
535 414 611 461 τι,
654 394 774 448 οὔτε
805 392 1045 446 δύναται.
1074 389 1182 442 Καὶ
1204 387 1309 457 γὰρ
1337 385 1465 441 εἰτὸ
1493 382 1690 451 ἀγαθὸν
1713 382 1805 435 καὶ
1834 389 1878 444 Α

1834 389 1878 444 Α
1906 379 2125 432 omnino
2156 375 2332 445 possit.
2350 371 2548 441 aliquid
2578 368 2928 441 permistione
2949 366 3117 425 boni?
3143 368 3287 437 quod
3318 370 3460 425 enim

238 494 312 547 ὃν
342 494 475 555 εστι,
498 490 590 543 καὶ
619 484 886 557 βουλητὸν,
920 482 1014 534 καὶ
1053 474 1343 548 ὲώύναμον
1370 477 1435 537 ³⁸,
1460 476 1550 529 καὶ
1578 473 1808 543 δραστή-

245 604 399 659 ριον,
424 582 538 645 πῶς
569 577 847 649 δυνήσεταί
887 592 939 628 τι
968 572 1029 625 τὸ
1066 572 1303 624 ἐναντίον
1342 567 1582 640 τάγαθῷ,
1626 565 1687 619 τὸ
1718 567 1807 659 οὑ-

243 658 379 733 σίας
402 673 445 704 ιδ
465 672 555 723 και
585 669 905 739 βουλήσεως,
941 665 1045 717 και
1062 664 1357 732 δυνάμεως,
1386 659 1479 715 και
1528 658 1805 729 ινεργειας

240 764 645 837 susp-r1va;
672 761 743 814 Οὐ
780 761 952 813 πάντα
987 758 1118 840 πᾶσι
1150 757 1193 787 ³⁸
1222 756 1315 840 καὶ
1349 754 1527 827 πάντη
1558 751 1625 805 τὰ
1666 748 1802 803 αὑτά

243 857 395 910 κατά
422 856 481 908 τὸ
504 854 631 907 αὐτὸ
646 854 687 885 ⁸⁷
720 851 883 905 κακά.
920 837 1139 919 Δαίμονι
1169 837 1334 900 κακον
1354 846 1417 907 ³⁸,
1442 844 1503 896 τὸ
1528 842 1679 914 παρὰ
1711 842 1803 893 τὸν

240 947 539 1018 ἀγαθοειδῆ
566 942 689 997 νοῦν
716 940 852 997 εἶναι
870 959 883 972 ⁸
907 942 1074 1014 ψυχῇ,
1107 941 1171 994 τὸ
1192 938 1339 1011 παρά
1368 935 1552 1005 λόγον·¹
1571 934 1800 1005 σώματι.

237 1040 312 1093 τὸ
346 1040 492 1111 παρά
544 1037 722 1106 φύσιν.

1916 471 2038 525 boni
2068 484 2288 541 prorsus
2323 479 2519 537 expers
2546 471 2657 527 est,
2681 475 2860 531 neque
2884 470 2970 517 est
2998 460 3318 530 quidquam,
3342 520 3343 523 η
3367 476 3464 515 ne-

1912 575 2015 629 que
2040 560 2333 629 quidquam
2364 564 2562 626 potest.
2582 553 2800 616 Etenim
2824 556 2877 609 si
2900 548 3095 608 bonum
3126 561 3209 609 est
3236 554 3287 608 id
3321 553 3463 622 quod

1909 660 2012 715 est,
2054 661 2107 706 et
2136 649 2515 719 appetendum,
2538 655 2592 700 et
2638 646 2903 710 validum,
2928 656 2982 700 et
3003 645 3215 710 emax,
3238 660 3461 715 quomo-

1909 745 1977 797 do
2002 742 2295 812 quidquam
2348 738 2601 809 possit-id
2630 738 2771 808 quod
2799 738 2939 793 bono
2973 738 3309 793 contrarium
3352 749 3461 805 est,

1907 850 2028 887 cum
2058 840 2112 887 et
2160 831 2395 890 essentia
2421 839 2628 894 careat,
2669 840 2723 884 et
2765 831 3065 893 voluntate,
3114 838 3176 883 et
3193 829 3456 898 potentia,

1908 934 1961 976 et
2007 922 2263 977 actione?
2296 919 2409 976 Non
2443 920 2695 976 omnibus
2722 920 2903 974 omnia
2935 931 2990 973 et
3019 918 3245 975 omnino
3268 918 3457 972 eadem

1907 1013 2199 1070 secundum
2229 1014 2376 1068 idem
2406 1013 2545 1068 mala
2603 1021 2749 1073 sunt.
2802 1012 3043 1066 Dzemoni
3104 1010 3302 1064 malum
3355 1020 3458 1073 est,

1908 1105 2051 1176 quod
2082 1120 2111 1158 a
2142 1105 2279 1160 bona
2301 1114 2481 1160 mente
2522 1103 2806 1161 deﬂexerit
2833 1121 2847 1170 ;
2888 1104 3094 1169 animo,
3141 1102 3286 1172 quod
3315 1118 3346 1157 ι
3373 1118 3461 1157 ra-

1910 1194 2097 1257 tione;
2150 1193 2389 1261 corpori,
2419 1192 2559 1261 quod
2586 1208 2615 1246 ε
2658 1202 2884 1270 natura.

1658 1350 1687 1422 ς
1715 1344 2019 1409 XXXIII.

317 1526 443 1587 Πῶς
473 1524 606 1587 ὅλως
643 1522 712 1575 τὰ
736 1519 881 1574 κακά
921 1516 1181 1590 Προνοίας
1219 1514 1383 1586 οὔσης
1400 1530 1417 1583 ;
1461 1513 1573 1567 Οὐκ
1598 1510 1715 1564 ἔστι
1742 1509 1803 1564 τὸ

237 1622 433 1680 κακὸν,
464 1609 497 1687 ᾖ
520 1614 704 1676 κακὸν,
722 1610 849 1665 οὔτε
874 1610 953 1673 ὃν,
981 1607 1103 1662 οὕτε
1129 1608 1186 1661 ὲν
1209 1609 1320 1669 τοῖς
1348 1601 1485 1659 οὖσι.
1520 1604 1628 1656 Καὶ
1652 1601 1800 1654 οὐδὲν

1974 1508 2254 1575 Quomodo
2274 1504 2529 1564 exstante
2549 1505 2889 1565 Providentia
2910 1508 3045 1563 mala
3068 1510 3461 1568 suntomnino!

1904 1600 2123 1665 Malum,
2158 1614 2265 1669 qua
2292 1596 2517 1666 malum,
2544 1606 2717 1668 neque
2744 1613 2850 1662 res,
2876 1613 3046 1669 neque
3078 1600 3132 1653 in
3167 1602 3325 1657 rebus
3352 1612 3455 1661 est.

236 1707 354 1759 τῶν
379 1706 543 1759 ὄντων
576 1705 720 1754 ἐστὶν
748 1698 1079 1770 ἀπρονόητον
1096 1714 1109 1727 ·
1140 1695 1257 1750 οὐδὲ
1282 1695 1397 1765 γάρ
1414 1695 1527 1745 ὲστι
1550 1689 1799 1743 “rb/xabe
1824 1719 1872 1774 Β

1824 1719 1872 1774 Β
1902 1689 2057 1745 Nulla
2082 1692 2247 1745 etiam
2274 1704 2363 1745 res
2392 1688 2797 1746 Providentiam
2824 1689 3058 1762 ‘elfugit;
3103 1706 3275 1761 neque
3311 1694 3454 1747 enim

235 1797 325 1863 ὃν,
345 1798 538 1868 ἀμιγὲς
558 1794 796 1864 ὑπάρχον
819 1790 911 1843 τοῦ
938 1787 1160 1858 ἀγαθοῦ.
1184 1788 1297 1841 Καὶ
1314 1789 1362 1839 εί
1394 1780 1555 1855 μηδὲν
1578 1779 1796 1835 τ’ὠνλδν-

232 1905 351 1940 των
379 1886 636 1957 ἀμέτοχον
682 1880 773 1934 τοῦ
819 1880 1021 1949 ἀγαθοῦ
1042 1920 1055 1943 ,
1087 1878 1252 1932 κακὸν
1274 1877 1330 1929 δὲ
1368 1878 1401 1947 ὴ
1440 1874 1669 1943 ἔλλειψις
1699 1871 1791 1925 τοῦ

234 1977 448 2047 ἀγαθοῦ
472 2017 485 2039 ,
518 1976 668 2028 οὐδὲν
692 1975 749 2027 δὲ
787 1973 894 2026 τῶν
930 1972 1094 2025 ὄντων
1122 1968 1405 2039 ἔστέρηται
1446 1966 1669 2019 καθόλου
1700 1963 1794 2017 τοῦ

234 2068 465 2138 ἀγαθοῦ,
491 2069 547 2120 ὲν
576 2069 704 2119 πᾶσι
727 2068 835 2127 τοῖς
861 2059 1009 2115 οὖσιν
1038 2062 1071 2131 ἡ
1096 2060 1213 2112 θεία
1235 2058 1464 2130 Πρόνοια
1480 2096 1493 2118 ,
1526 2056 1620 2108 καὶ
1646 2054 1793 2110 οὐδὲν

231 2177 353 2213 των
372 2159 537 2212 ὄντων
552 2156 893 2227 ἀπρονόητον
913 2171 924 2184 ⁸
967 2151 1102 2207 ἀλλά
1122 2152 1215 2204 καὶ
1234 2152 1345 2213 τοῖς
1368 2148 1670 2219 γινομένοις
1706 2164 1798 2198 κα-

233 2254 357 2314 κὺῐς
382 2246 773 2318 ἀγαθοπρεπῶς
796 2249 829 2315 ἡ
856 2245 1081 2315 Πρόνοια
1106 2241 1363 2313 κέχρηται
1382 2239 1557 2318 ,πρὸς
1582 2238 1678 2306 τὴν
1701 2237 1794 2290 αὺ-

232 2340 348 2393 τῶν
372 2380 385 2403 ,
410 2338 445 2409 ἢ
474 2338 673 2402 ἀλλων,
698 2336 731 2406 ἢ
764 2334 987 2408 ίδικὴνῆ
1018 2335 1061 2367 ³⁸
1084 2333 1264 2403 κοινὴν
1284 2332 1567 2399 ὠφέλειαν,
1591 2331 1683 2384 καὶ
1710 2333 1791 2382 οἱ-

233 2429 403 2492 κείως
452 2430 678 2485 ἑκάστου
730 2427 838 2479 τῶν
894 2426 1059 2478 ὄντων
1122 2424 1355 2494 προνοεῖ.
1403 2423 1495 2476 Διὸ
1553 2423 1645 2475 καὶ
1702 2423 1791 2474 τὸν

232 2522 441 2574 σίκαϊον
456 2521 501 2552 ⁸⁸
523 2520 631 2572 τῶν
657 2518 861 2572 πολλῶν
887 2518 985 2571 οὐχ
1006 2516 1372 2586 ἀποδεξόμεθα
1394 2515 1567 2583 λόγον,
1589 2516 1636 2568 οἶ
1662 2514 1792 2585 χρῆ-

231 2609 325 2664 ναί
346 2625 474 2678 φασι
496 2609 594 2678 τὴν
610 2608 866 2679 Πρόνοιαν
890 2608 980 2658 καὶ
1006 2605 1231 2669 ἀκοντας
1255 2606 1399 2674 ἡμᾶς
1430 2604 1521 2665 ἐπὶ
1543 2603 1638 2675 τὴν
1660 2605 1789 2673 ἁρε-

230 2700 337 2768 τὴν
361 2698 539 2767 ἀγειν’
569 2699 629 2750 τὸ
653 2698 759 2768 γὰρ
799 2696 1011 2768 φθεῖραι
1044 2695 1202 2763 φύσιν
1230 2696 1328 2747 οὐκ
1358 2694 1471 2747 ἔστι
1505 2692 1784 2764 Προνοίας.

236 2790 401 2843 Ὀθεν
428 2791 502 2853 ὡς
529 2790 761 2861 Πρόνοια
783 2790 880 2859 τῆς
908 2789 1134 2842 ἑκάστου
1164 2786 1373 2856 φύσεως
1404 2785 1657 2854 σωστικὴ,
1680 2784 1788 2837 τῶν

232 2880 598 2948 αὑτοκινήτων
630 2881 704 2942 ὡς
728 2881 1091 2949 αὑτοκινήτων
1119 2877 1366 2948 προνοεῖ,
1404 2877 1498 2929 καὶ
1520 2876 1629 2929 τῶν
1654 2876 1787 2930 ὅλων

232 2970 332 3019 καὶ
350 2956 457 3019 τῶν
478 2968 596 3019 καθ’
626 2968 850 3020 ἕκαστον
875 2968 1087 3031 οἰκείως
1103 2967 1145 2999 ¹⁵¹
1165 2966 1269 3041 ὅλῳ
1288 2968 1382 3019 καὶ
1401 2967 1632 3035 ἑκάστῳ,
1664 2966 1783 3019 καθ’

230 3058 358 3110 ὅσον
391 3060 423 3128 ἡ
453 3058 560 3109 τῶν
591 3058 995 3128 προνοουμένων
1030 3057 1188 3125 φύσις
1231 3057 1531 3127 ἐπιδέχεται
1568 3056 1665 3120 τὰς
1689 3057 1787 3126 τῆς
1814 3083 1854 3138 C

230 3143 362 3212 ὅλης
393 3146 486 3197 καὶ
510 3146 847 3215 παντοδαπῆς
872 3146 1125 3216 προνοίας
1150 3145 1490 3217 ἔκδιδομένας
1514 3146 1785 3214 ἀναλόγως

230 3233 449 3305 ἑκάστῳ
481 3236 834 3308 προνοητικὰς
857 3237 1210 3308 άγαθότητας.

1898 1792 1981 1837 est
2020 1778 2215 1835 malum
2247 1782 2388 1850 quod
2433 1797 2537 1837 non
2588 1782 2659 1837 sit
2698 1784 2989 1853 admistum
3030 1784 3190 1837 bono.
3218 1782 3369 1849 Quod
3410 1785 3454 1839 si

1900 1873 2043 1927 nulla
2076 1886 2162 1926 res
2190 1872 2264 1926 sit
2286 1886 2494 1941 expers
2518 1871 2669 1937 boni,
2691 1871 2891 1927 malum
2910 1882 3090 1927 autem
3116 1874 3186 1928 sit
3214 1857 3456 1929 delectus

1896 1963 2047 2027 boni,
2083 1976 2205 2018 cum
2246 1963 2392 2017 nulla
2434 1978 2520 2025 res
2550 1963 2773 2019 omnino
2817 1962 3024 2033 privata
3069 1967 3141 2018 sit
3186 1963 3365 2031 bono,
3400 1965 3453 2016 in

1899 2055 2058 2109 rebus
2090 2054 2341 2109 omnibus
2381 2055 2561 2109 divina
2590 2070 2804 2125 quoque
2828 2056 3317 2121 Providentiaest,
3356 2060 3455 2111 nec

1897 2158 1984 2198 res
2030 2144 2136 2198 ulla
2167 2143 2566 2200 Providentiam
2603 2146 2845 2201 divinam
2876 2146 3094 2216 effugit;
3130 2147 3258 2216 quin
3289 2148 3452 2202 etiam

1897 2235 1966 2287 iis
2002 2235 2097 2302 qui
2138 2236 2260 2289 mali
2308 2234 2635 2302 evaserunt,
2692 2237 2758 2291 ad
2800 2237 3038 2306 ipsorum
3084 2247 3176 2292 aut
3222 2238 3452 2292 aliorum

1896 2327 2160 2393 privatam
2202 2327 2288 2382 vel
2341 2343 2682 2383 communem
2738 2328 3021 2383 utilitatem
3048 2368 3064 2394 ,
3105 2328 3449 2383 Providentia

1892 2417 2119 2485 benigne
2158 2420 2329 2473 utitur
2350 2459 2367 2485 ,
2401 2421 2724 2491 proprieque
2754 2408 2978 2490 singulis
3008 2421 3167 2476 rebus
3193 2421 3450 2476 consulit.

1892 2509 2259 2575 Quamobrem
2290 2519 2490 2564 vanum
2526 2525 2828 2565 sermonem
2861 2511 3213 2581 plurimorum
3242 2508 3449 2577 nequa-

1891 2616 2053 2671 quam
2095 2601 2477 2671 approbamus,
2527 2603 2617 2671 qui
2649 2603 2838 2669 aiunt,
2866 2603 3104 2657 divinam
3151 2601 3449 2657 Providen-

1890 2691 2017 2745 tiam
2048 2707 2147 2747 nos
2180 2693 2262 2745 vel
2298 2693 2502 2747 invitos
2528 2692 2594 2746 ad
2628 2693 2880 2747 virtutem
2910 2694 3109 2748 debere
3135 2691 3446 2760 impellere;

1889 2798 2012 2837 nam
2064 2800 2166 2838 non
2217 2796 2298 2838 est
2349 2782 2708 2838 Providentia
2764 2794 3010 2838 naturam
3043 2782 3263 2836 violare.
3304 2780 3441 2848 Qua-

1888 2883 2112 2942 propter
2143 2883 2397 2943 tanquam
2454 2873 2798 2929 Providentia
2821 2914 2837 2939 ,
2874 2890 2993 2944 quae
3024 2883 3229 2928 naturae
3259 2872 3442 2941 cujus-

1888 2980 1996 3034 que
2051 2965 2427 3018 conservatrix
2461 2965 2562 3028 sit,
2607 2963 2776 3019 libero
2811 2974 2956 3019 motu
2986 2965 3253 3032 prmditis,
3285 2974 3344 3017 ut
3382 2964 3445 3017 li-

1890 3055 2015 3109 bere
2047 3069 2107 3110 se
2137 3055 2498 3120 moventibus,
2526 3064 2581 3110 et
2606 3056 2876 3110 universis
2906 3071 2970 3109 ac
3003 3056 3251 3125 singulis,
3281 3056 3443 3108 modo

1890 3145 2119 3213 quodam
2147 3146 2404 3199 universo
2439 3159 2503 3199 ac
2557 3144 2778 3199 cuilibet
2810 3146 3029 3213 proprio
3058 3144 3346 3213 prospicit,
3386 3136 3441 3195 in

1890 3244 2150 3302 quantum
2184 3249 2395 3300 eorum,
2430 3235 2625 3303 quibus
2665 3237 3010 3305 providetur,
3060 3246 3253 3289 natura
3293 3234 3440 3303 capit

1891 3325 2153 3379 universae
2195 3332 2358 3393 atque
2388 3325 2687 3393 omnigenze
2747 3326 3097 3396 providentia:
3148 3324 3434 3389 beneﬁcia,

1890 3429 2009 3485 quae
2043 3415 2237 3486 cuique
2259 3430 2357 3485 pro
2386 3424 2549 3484 captu
2574 3429 2673 3470 suo
2703 3416 2921 3472 dantur.

1632 3567 1660 3641 ἓ
1697 3562 1999 3630 XXXIV.

301 3715 412 3769 Οὐκ
444 3714 551 3787 ἀρα
575 3715 633 3769 ὃν
670 3717 729 3769 τὸ
763 3719 958 3783 κακὸν,
992 3720 1111 3773 οὐδὲ
1146 3721 1204 3771 ὲν
1228 3723 1336 3785 τοῖς
1362 3717 1478 3775 οὖσι
1504 3723 1565 3775 τὸ
1590 3725 1775 3777 κακόν.
1942 3749 1947 3756 ι

1942 3726 2115 3801 ’374
2140 3725 2256 3780 Non
2294 3727 2458 3796 igitur
2490 3727 2687 3781 malum
2714 3736 2798 3783 est
2830 3741 2918 3783 res
2941 3727 3142 3799 aliqua,
3174 3743 3349 3799 neque
3377 3733 3430 3787 in

227 3806 479 3877 Οὐδαμοῦ
505 3807 612 3879 γὰρ
635 3808 695 3860 τὸ
721 3812 913 3875 κακὸν,
1006 3813 1198 3865 κακόν·
1232 3815 1324 3865 καὶ
1361 3814 1421 3866 τὸ
1456 3814 1696 3883 γίνεσθαι
1720 3816 1782 3869 τὸ

1778 3841 1782 3867 μ
1879 3820 2037 3874 rebus
2068 3820 2265 3883 malum
2295 3819 2529 3874 exsistit.
2560 3816 2839 3889 Nusquam
2887 3822 3031 3874 enim
3087 3823 3284 3875 malum
3323 3831 3427 3887 est,

228 3896 401 3949 κακὸν
424 3899 483 3950 οό
509 3898 648 3951 κατά
670 3900 893 3971 δύναμιν
913 3941 926 3965 ,
953 3901 1087 3955 ἀλλὰ
1110 3902 1175 3955 δι’
1200 3904 1497 3958 ἀσθένειαν.
1528 3907 1634 3958 Καὶ
1666 3909 1781 3971 τοῖς
1859 3899 1870 3913 ⁸

1779 3928 1781 3933 ν
1859 3899 1986 3979 ἰιιιιι
2021 3911 2255 3978 malum;
2288 3926 2387 3966 nec
2424 3912 2565 3982 quod
2602 3910 2799 3965 malum
2838 3912 2919 3974 ﬁt,
2956 3911 3057 3965 boc
3081 3927 3111 3964 a
3164 3921 3428 3981 potestate

226 3984 497 4055 δαίμοσιν,
522 3985 550 4041 ὃ
576 3991 672 4059 μέν
702 3993 827 4053 εἱσι,
856 3994 948 4043 καὶ
974 3995 1037 4045 ἐκ
1057 3995 1313 4062 τάγαθοῦ,
1337 3997 1431 4049 καὶ
1454 3996 1650 4064 ἀγαθόν
1670 4014 1683 4028 ·
1715 3997 1777 4050 τὸ

1882 4001 2263 4066 proﬁciscitur,
2325 4002 2419 4055 sed
2445 3988 2515 4056 ab
2558 4000 2951 4055 imbecillitate;
2975 4000 3051 4056 Ac
3074 4002 3426 4068 daemonibus,

224 4076 285 4129 δὲ
312 4078 472 4130 κακὸν
499 4080 676 4140 αὐτοῖς
704 4082 767 4133 ὲκ
792 4082 889 4150 τῆς
914 4082 1021 4135 τῶν
1047 4085 1257 4137 οἰκείων
1287 4085 1505 4153 ἀγαθῶν
1532 4087 1777 4139 ἀποπτώ⁴

1879 4092 1932 4145 id
1961 4092 2175 4159 quidem
2208 4094 2347 4163 quod
2380 4103 2541 4158 sunt,
2584 4102 2637 4145 et
2682 4107 2749 4146 ex
2780 4092 2919 4145 bono
2949 4100 3032 4145 est
3055 4130 3071 4155 ,
3108 4100 3163 4144 et
3190 4073 3426 4157 bonum";

226 4183 392 4232 σεως,
433 4170 523 4221 καὶ
551 4170 825 4235 ἀλλοίωσις
863 4176 896 4243 ἡ
944 4176 1070 4244 περὶ
1095 4176 1192 4245 τὴν
1218 4177 1515 4247 ταύτότητα
1550 4179 1643 4230 καὶ
1672 4179 1771 4247 τὴν

1879 4183 2098 4249 malum,
2124 4186 2265 4252 quod
2296 4185 2399 4238 illis
2424 4200 2489 4238 ex
2517 4185 2666 4253 lapsu
2698 4199 2727 4237 a
2752 4184 2983 4253 propriis
3016 4184 3175 4238 bonis
3204 4184 3428 4248 accidit,

224 4254 343 4355 ῑξιν
380 4257 628 4310 ἀσθένεια
669 4260 767 4328 τῆς
810 4261 1186 4333 προσηκούσης
1222 4265 1403 4327 αὐτοῖς
1445 4265 1774 4335 ἀγγελοπρε-

1878 4286 1960 4332 est
1986 4274 2224 4344 ejusdem
2253 4285 2426 4329 status
2481 4276 2805 4343 habitusque
2833 4270 3057 4329 mutatio
3076 4314 3092 4339 ,
3126 4284 3179 4328 et
3208 4254 3423 4329 accom-

227 4347 363 4440 7:05;
383 4347 846 4440 τελειότητος.Καὶ
870 4353 1106 4421 ὲφίενται
1132 4355 1224 4408 τοῦ
1247 4355 1471 4423 ἀγαθοῦ,
1490 4354 1608 4407 καθ’
1633 4356 1660 4408 ὃ
1678 4355 1771 4409 τοῦ
1802 4385 1847 4440 D

1769 4381 1771 4398 ι
1802 4385 1847 4440 D
1880 4370 2110 4424 modata:
2139 4371 2218 4423 eis
2249 4368 2453 4436 angelis
2484 4369 2657 4436 dignae
2682 4367 3029 4437 perfectionis
3062 4367 3418 4422 imbecillitas.

223 4430 390 4529 εἶναι,
436 4438 534 4529 καὶ
570 4437 694 4508 ζῇν,
745 4443 836 4493 καί
875 4445 1013 4495 νοεῖν
1058 4446 1324 4513 ἐφίενταιο
1366 4448 1458 4499 καὶ
1497 4444 1629 4498 καθὸ
1671 4445 1773 4498 οὐκ
1802 4430 1841 4440 ν

1802 4430 1841 4440 ν
1874 4460 2143 4529 Expetunt
2187 4430 2347 4513 etiam
2406 4430 2598 4511 bonum
2624 4497 2637 4523 ,
2682 4430 2737 4511 in
2794 4467 3050 4525 quantum
3080 4466 3135 4511 et
3170 4446 3331 4522 esse,
3367 4440 3422 4512 et

223 4526 462 4594 ἐφίενται
482 4528 525 4560 δ’
553 4529 644 4581 τοῦ
680 4532 881 4599 ἀγαθοῦ
902 4573 915 4596 ,
941 4534 1032 4587 τοῦ
1082 4537 1155 4606 μὴ
1183 4537 1329 4600 ὖντος
1366 4537 1631 4606 ἐφίενται·
1676 4537 1771 4589 καὶ

1769 4574 1771 4583 ν
1872 4526 2074 4615 vivere,
2110 4561 2164 4605 et
2211 4550 2512 4618 intelligere
2560 4550 2901 4615 desiderant;
2952 4557 3006 4605 et
3057 4549 3109 4603 in
3157 4551 3418 4617 quantum

223 4616 327 4711 οὐκ
378 4618 488 4711 ἔστι
540 4620 695 4675 τοῦτο
743 4622 955 4691 ἔφεσις,
996 4626 1131 4679 ἀλλά
1171 4628 1269 4698 τῆς
1323 4628 1490 4691 ὅντως
1535 4627 1770 4696 ἐφέσεως

1767 4645 1770 4654 ’
1872 4658 1977 4697 non
2003 4650 2261 4711 expetunt
2292 4616 2493 4695 bonum
2517 4684 2530 4707 ,
2582 4641 2635 4695 id
2666 4642 2809 4708 quod
2850 4655 2956 4694 non
3004 4648 3087 4693 est
3126 4616 3416 4707 expetunt;

225 4706 483 4776 ἁμαρτίαι
1870 4734 2018 4801 atqui
2044 4706 2147 4786 non
2172 4743 2253 4788 est
2290 4733 2394 4787 hoc
2421 4706 2710 4801 appetitus,
2741 4731 2838 4786 sed
2878 4744 3017 4786 vera:
3063 4706 3417 4799 appetitionis

1871 4826 2118 4882 defectio.

1630 4985 1662 5059 ᾗ
1690 4984 1953 5045 XXXV.

304 5140 387 5194 Ἐν
420 5144 613 5210 γνώσει
636 5148 693 5200 δὲ
727 5150 1129 5221 ἁμαρτάνοντας
1161 5150 1408 5204 καλείτά
1434 5150 1603 5215 Λόγια
1640 5147 1765 5213 τοὺς
1938 5148 1953 5201 1

1763 5170 1765 5176 λ
1938 5148 1995 5201 in
2029 5146 2254 5201 scientia
2279 5158 2411 5199 vero
2458 5154 2743 5214 peccantes
2807 5144 3086 5212 Scriptura
3124 5154 3282 5199 vocat
3319 5159 3412 5201 eos

223 5232 345 5301 περὶ
385 5235 485 5307 τὴν
524 5238 749 5309 ἄληστον
772 5242 866 5293 τοῦ
895 5242 1096 5311 ἀγαθοῦ
1126 5244 1325 5311 γνῶσιν
1350 5242 1381 5313 ἢ
1408 5244 1507 5313 τὴν
1548 5243 1767 5313 ποίησιν
1867 5266 1872 5291 ‹

1760 5260 1767 5288 ι
1867 5245 1959 5313 qui
1989 5243 2131 5295 circa
2159 5254 2303 5303 eam,
2331 5253 2449 5307 qua:
2474 5238 2641 5293 latere
2669 5252 2773 5292 non
2806 5245 3017 5305 potest,
3058 5236 3180 5290 beni
3226 5235 3409 5305 cogni-

1491 5426 1721 5483 VARUE
1754 5425 2148 5483 LECTIONES.

746 5599 803 5679 "‘
824 5603 914 5654 καὶ
944 5605 1147 5671 οὐσίας,
1320 5606 1362 5679 ’ἒ
1392 5609 1715 5661 παντάπασι.
1791 5602 1831 5639 ³’
1864 5607 1967 5679 και
1986 5606 2119 5659 κατὰ
2146 5609 2203 5661 τὸ
2224 5609 2371 5668 αὑτό,
2407 5607 2465 5679 Ρ..
2542 5610 2586 5679 ἕθ
2614 5610 2673 5662 τὸ
2704 5609 2888 5675 κακόν,
2910 5607 2971 5663 Ρ.
3050 5608 3092 5640 ³⁸
3118 5608 3155 5679 ἡ
3185 5624 3283 5662 non
3321 5618 3403 5661 est

277 5603 318 5635 ιδ
343 5602 459 5635 ..⁸.κά

341 5603 653 5671 ιὺδύναμον.
746 5603 789 5630 ³⁵
824 5603 914 5654 καὶ
944 5605 1147 5671 οὐσίας,
1182 5606 1224 5657 Μ
1320 5606 1362 5638 ³⁸
1392 5609 1715 5661 παντάπασι.
1791 5609 1831 5639 ³⁷
1864 5607 1952 5661 καὶ
1986 5606 2119 5659 κατὰ
2146 5609 2203 5661 τὸ
2224 5609 2371 5668 αὑτό,
2407 5607 2465 5660 Ρ.
2544 5610 2586 5642 ³⁸

341 5709 349 5725 .
427 5668 470 5704 ⁸⁸
500 5673 595 5725 καὶ
615 5672 702 5724 τὸν
732 5673 973 5742 μάταιον,
1002 5679 1063 5727 Μ.
1170 5678 1206 5705 ³⁷
1238 5678 1453 5746 ὁμοίως,
1490 5679 1553 5729 Μ.
1663 5678 1705 5709 δ’
1738 5680 1829 5731 καὶ
1850 5682 1897 5731 εί
1921 5678 2018 5731 οὐκ
2044 5679 2307 5744 ἐφίενται,
2344 5680 2399 5731 ὃ.
2435 5677 2493 5730 Ρ.
2532 5678 2594 5733 ΑΙ).

224 5671 272 5726 in
292 5670 349 5728 Ρ.
427 5668 470 5704 ⁸⁸
500 5668 595 5725 καὶ
615 5672 702 5724 τὸν
732 5673 973 5742 μάταιον,
1002 5679 1063 5727 Μ.
