4186 6308
754 386 856 443 ’147

1910 388 1965 445 S.
2006 387 2304 446 DIONYSII
2339 385 2806 444 AREOPAGI'I‘A'I

3895 396 4000 455 ’ίιὸ

756 507 1185 587 ςυιιιιιιηιβιιηξη
1222 512 1635 587 _natttratit_non
1675 514 1849 587 potest
1896 507 2117 587 tendere
2157 506 2211 561 in
2256 504 2475 586 aliquod
2522 504 2745 587 malum.
2784 504 3128 587 Manifestum
3166 518 3250 563 est
3288 518 3469 587 autem
3493 550 3510 573 .
3557 508 3698 579 quod
3736 512 3997 578 Quaslibet

758 591 949 628 natura
998 574 1387 653 intellectualis
1421 576 1631 653 habeat
1671 576 1921 653 ordinem
1971 577 2037 653 in_
2074 576 2275 653 bonum
2323 574 2664 653 universale,
2710 578 2850 653 quod
2902 586 3100 653 potest_
3125 578 3535 653 apprehendere
3555 574 3588 643 ,⁷
3616 587 3675 653 ει
3720 574 3803 653 est
3846 581 4001 650 obje-

756 644 1278 727 ctuvaoluntatis‘;
1324 648 1467 727 unde
1508 645 1952 727 cum_dmmones
1996 649 2107 727 sint
2152 644 2470 727 substantia!
2517 644 2943 727 intellectuales,
2990 644 3345 702 nullo'modo
3388 658 3616 718 possunt
3656 648 3865 705 habere
3913 644 3999 709 in-

755 716 1115 797 clinationem
1158 716 1463 797 naturalem
1516 717 1586 797 in‘
1615 714 1830 797 aliquod
1874 717 2243 797 quodcunque
2290 714 2538 797 malum,
2581 725 2653 797 et.
2684 716 2822 797 ideo
2856 731 2962 772 non
3016 727 3244 797 possunt
3291 714 3415 773 esse
3462 717 3792 773 naturaliter
3842 723 3994 777 mali.

758 785 891 861 Yide
941 786 1055 861 haec
1104 786 1215 855 ipsa
1260 784 1435 861 fusius
1477 800 1506 839 a
1549 784 1610 842 D.
1660 782 2184 857 Thoma'disputat'a
2230 786 2285 841 in
2336 782 2728 850 Qua'uiom'bua
2766 782 3092 858 disputatis,
3137 790 3436 861 quastione
3472 789 3685 846 decima
3725 799 3883 845 sexta
3928 792 4002 849 de

756 856 1089 911 (latlllonlbus
1126 854 1133 855 ί
1170 856 1327 911 artic.
1368 854 1425 909 2.

1654 1125 1815 1198 333
1847 1123 2331 1181 PABAPHRASlS
2367 1124 2816 1182 PACHYMEBE
2850 1128 2982 1200 (59).

819 1286 921 1358 ἐι.
954 1294 1033 1348 Ad
1076 1292 1203 1347 illud
1249 1307 1372 1362 ergo
1402 1292 1638 1361 perfecta
1696 1289 1976 1345 distinctio
2020 1297 2102 1343 est
2148 1300 2318 1357 appo-

2496 1284 2523 1357 §
2546 1285 2583 1340 Ι.
2612 1288 2863 1341 Στικτέον
2889 1290 2968 1353 εἰς
2988 1288 3048 1342 τὸ
3071 1288 3184 1343 οὖν
3202 1289 3442 1343 τελείανο
3473 1289 3535 1343 τὺ
3560 1289 3669 1362 γὰρ
3690 1290 3833 1359 εἷεν,
3860 1293 4005 1349 κατά

758 1389 974 1453 nenda;
1008 1385 1275 1455 siquidem
1308 1383 1439 1439 illud
1469 1399 1586 1452 age,
1630 1381 1783 1451 juxta
1819 1396 1975 1437 usum
2010 1380 2322 1449 antiquum,

755 1479 991 1535 remotio
1018 1477 1265 1548 quasdam
1288 1485 1373 1531 est
1402 1490 1589 1531 eorum
1634 1489 1754 1543 quae
1782 1474 1927 1529 dicta
1966 1481 2113 1533 sunt.
2147 1480 2201 1526 et
2230 1485 2327 1527 ex-

756 1574 969 1629 ordium
993 1570 1372 1634 dicendorum,
1404 1583 1467 1624 ac
1499 1569 1542 1623 si
1568 1567 1894 1634 dicat:Quze
1926 1565 2178 1636 praedicta
2200 1573 2329 1619 sunt

757 1663 831 1716 ita
866 1675 926 1716 se
963 1660 1231 1725 habeant;
1284 1657 1443 1713 modo
1480 1668 1661 1711 autem
1695 1658 2003 1711 orationem
2036 1665 2328 1710 converta-

757 1769 879 1809 mus
904 1754 970 1807 ad
1026 1754 1199 1823 ipsum
1244 1766 1441 1807 nomen
1477 1750 1631 1816 boni,
1676 1748 1819 1819 quod
1846 1747 2080 1819 theologi
2108 1760 2205 1816 per
2232 1760 2327 1800 ex-

756 1845 1069 1901 cellentiam
1121 1843 1423 1898 attribuunt
1477 1840 1773 1907 divinitati,
1831 1848 2088 1909 tanquam
2139 1854 2169 1893 a
2219 1852 2327 1908 qua

760 1948 955 1993 cuncta
981 1938 1299 2006 procedunt,
1322 1936 1579 2005 quoniam
1608 1933 1789 1987 omnia
1814 1946 1883 1986 ex
1925 1932 2040 1999 ipsa
2064 1931 2326 2001 producta

759 2042 883 2087 sunt
908 2039 1127 2101 propter
1156 2030 1483 2094 bonitatem,
1511 2028 1680 2096 ipsam
1704 2024 1797 2078 Dei
1822 2024 2327 2095 superexistentiam

759 2123 1097 2195 appellantes
1134 2122 1457 2185 bonitatem,
1508 2128 1563 2172 et
1614 2132 1710 2187 per
1752 2131 1814 2171 se
1860 2117 2179 2172 bonitatem.
2212 2115 2329 2171 Non

760 2217 905 2272 enim
932 2215 1075 2270 Deus
1096 2214 1392 2270 ascititium
1417 2214 1577 2267 habet
1595 2213 1796 2267 bonum
1822 2220 1913 2263 aut
1940 2225 2036 2279 per
2050 2210 2329 2276 accidens,

762 2309 918 2381 quasi
948 2307 1185 2363 essentia
1216 2305 1332 2374 eius
1360 2305 1431 2360 sit
1452 2303 1581 2374 quid
1612 2303 1781 2367 aliud,
1813 2310 1869 2356 et
1902 2301 2330 2357 accidentariam

763 2404 963 2459 haheat
990 2400 1322 2463 bonitatem;
1354 2398 1445 2451 sed
1478 2397 1613 2467 ipse,
1642 2412 1765 2452 cum
1787 2394 2184 2463 existatipsius
2206 2391 2329 2447 boni

762 2496 1070 2554 substantia
1102 2494 1442 2558 naturaliter,
1474 2495 1537 2545 ad
1568 2506 1757 2546 omnes
1802 2489 2047 2547 extendit
2072 2486 2332 2541 bonitatis

2427 1379 2667 1435 παλαιὰν
2692 1381 2905 1452 χρῆσιν,
2950 1382 3220 1455 ἀπόθεσις
3246 1385 3365 1435 ἐστι
3397 1382 3506 1437 τῶν
3548 1383 3866 1455 λεχθέντων,
3909 1388 4006 1441 καὶ

2427 1470 2644 1543 ἐναρξις
2664 1472 2772 1526 τῶν
2808 1474 3101 1544 ἐσομένων,
3129 1474 3250 1529 ἀντὶ
3274 1473 3680 1540 τοῦ,Ἐστωσαν
3708 1478 3771 1549 δὴ
3807 1473 3903 1533 οῦν
3934 1478 4003 1532 τὰ

2427 1564 2797 1634 προειρημένα
2815 1581 2827 1595 ’
2865 1564 2959 1619 νῦν
2988 1565 3046 1619 δὲ
3068 1566 3334 1638 χωρῶμεν
3360 1567 3420 1619 ἐν
3448 1566 3528 1638 τῷ
3563 1568 3705 1640 λόγῳ
3727 1570 3814 1623 ἐπ’
3834 1571 4006 1643 αὐτὴν

2426 1654 2526 1726 τὴν
2555 1654 2649 1708 τοῦ
2679 1656 2884 1724 ἀγαθοῦ
2909 1657 3225 1728 ὀνομασίαν,
3255 1661 3324 1729 ἢν
3356 1660 3719 1733 διαφερόντως
3741 1664 3791 1715 οί
3822 1661 4005 1719 θεολό-

2427 1764 2513 1815 γοι
2542 1747 2853 1801 ἀνατιθέασι
2880 1751 2948 1821 τῇ
2990 1748 3223 1820 θεότητι,
3243 1751 3461 1805 πάντων
3481 1752 3592 1806 τῶν
3616 1754 4007 1824 παραχθέντων

2427 1841 2645 1913 δηλαδὴ,
2677 1843 2759 1895 ὅτι
2786 1842 2854 1897 τὰ
2894 1843 3166 1910 πάντα¹ἐξ
3199 1845 3369 1915 αὐτῆς
3409 1846 3683 1917 παρῆκται
3712 1848 3779 1900 δι’
3799 1848 4004 1915 ἀγαθό-

2428 1952 2585 2005 τητα,
2636 1935 2883 2003 λέγοντες
2931 1934 3101 2007 αὑτὴν
3142 1935 3244 2007 τὴν
3298 1936 3392 1991 τοῦ
3442 1936 3577 1990 Θεοῦ
3626 1938 4006 2010 ὑπερύπαρξιν

2429 2028 2743 2099 άγαθὸτητα
2782 2031 2877 2083 καὶ
2922 2029 3385 2100 αύτοαγαθότηταε
3432 2030 3503 2084 Οὐ
3550 2031 3657 2101 μὴν
3696 2031 3755 2084 δὲ
3786 2031 3901 2085 ἀλλ’
3924 2033 4006 2086 ὅτι

2430 2118 2529 2172 οὐκ
2551 2120 2841 2192 ἐπίκτητον
2870 2124 2964 2175 καὶ
2989 2122 3331 2193 συμϐεϐηκὸς
3352 2121 3463 2193 ἔχει
3487 2123 3549 2175 τὸ
3574 2123 3775 2192 ἀγαθὸν
3796 2126 3825 2177 6
3850 2122 4006 2191 Θεὸς,

2432 2210 2592 2275 ὥστε,
2626 2212 2753 2267 ἄλλο
2776 2230 2829 2266 τι
2870 2214 2948 2276 ὃν,
2976 2214 3334 2285 ἐπισύμόαμα
3374 2215 3519 2285 ἔχειν
3549 2215 3610 2268 τὸ
3634 2214 3859 2284 ἀγαθὸν,
3892 2216 4007 2270 ἀλλ’

2434 2303 2593 2373 οὐσίᾳ
2620 2304 2713 2356 τοῦ
2745 2304 2947 2373 ἀγαθοῦ
2977 2305 3137 2368 αὐτὸς
3158 2306 3435 2376 ὑπάρχων,
3465 2306 3693 2360 ἐκτείνει
3718 2309 3846 2379 περὶ
3872 2309 4014 2361 πάν-

2431 2411 2529 2458 τας
2562 2396 2660 2467 τὴν
2696 2394 2793 2467 τῆς
2827 2396 3160 2468 ἀγαθότητος
3185 2396 3377 2469 αῐγλην
3408 2397 3647 2466 φυσικῶς
3679 2401 3739 2451 ἐν
3770 2397 3849 2469 τῷ
3870 2394 4013 2452 εἶναι

2435 2490 2661 2559 ἀγαθόν.
2690 2491 2900 2561 ’Ὠσπερ
2930 2490 3038 2562 γὰρ
3060 2492 3089 2543 6
3122 2491 3271 2560 ἥλιος
3309 2491 3409 2543 οὑκ
3434 2490 3561 2544 ἄλλο
3592 2509 3646 2544 τι
3672 2494 3747 2547 ὢν
3771 2493 3924 2565 παρὰ
3949 2496 4014 2549 τὸ

763 2604 875 2643 sua:
900 2588 1187 2657 fulgorem,
1212 2586 1317 2640 hoc
1348 2586 1463 2657 ipso
1491 2600 1597 2653 quo
1628 2584 1800 2637 bonus
1829 2591 1933 2637 est.
1964 2579 2330 2646 Quemadmo-

2437 2581 2573 2653 φῶς,
2590 2583 2709 2636 οὐδὲ
2735 2584 2999 2653 ἑτέρωθεν
3016 2582 3075 2636 τὸ
3106 2582 3219 2651 φῶς
3248 2581 3536 2652 λαμϐάνων
3557 2582 3779 2652 φωτίζει
3801 2600 3816 2615 ο
3848 2585 4015 2649 αὐτὸς

763 2682 890 2735 dum
925 2679 1069 2732 enim
1109 2675 1191 2730 sol
1240 2690 1344 2730 non
1387 2685 1471 2728 est
1504 2691 1530 2728 a
1573 2673 1779 2728 lumine
1814 2671 2123 2733 distinctus,
2155 2684 2331 2738 neque

764 2772 983 2827 aliunde
1016 2770 1197 2824 lumen
1226 2769 1525 2821 mutuando
1573 2764 1842 2819 illuminat
1892 2762 2188 2832 (siquidem
2219 2760 2333 2829 ipse

767 2865 862 2919 lux
886 2874 991 2929 εςι,
1023 2872 1078 2917 ει
1104 2863 1205 2915 hoc
1234 2860 1351 2929 ipso
1385 2873 1491 2928 quo
1521 2856 1611 2911 lux
1635 2865 1741 2923 est,
1769 2855 2095 2910 naturaliter
2125 2853 2333 2907 illumi-

764 2964 858 3012 nat
879 2955 1064 3011 omnia
1101 2965 1435 3023 quazcunque
1466 2950 1645 3002 lumen
1679 2947 1797 3018 ejus
1827 2945 2012 3001 valent
2057 2944 2329 3013 excipere.

768 3064 946 3120 neque
980 3046 1334 3110 ratiocinans,
1372 3058 1550 3113 neque
1577 3040 1930 3111 prmeligens;
1982 3054 2107 3094 nam
2145 3039 2190 3093 si
2224 3052 2332 3091 non

769 3141 1116 3201 illuminaret,
1178 3151 1353 3207 neque
1402 3136 1568 3190 etiam
1614 3134 1695 3189 sol
1744 3141 1924 3196 esset;
1975 3130 2167 3200 ecquid
2192 3128 2336 3183 aliud

766 3235 977 3302 concipi
1026 3230 1194 3301 possit
1246 3228 1576 3292 illuminare,
1610 3225 1713 3280 nisi
1770 3224 1864 3279 lux
1897 3223 2004 3279 sit?
2050 3224 2150 3278 hoc
2188 3222 2335 3276 enim

766 3328 881 3381 vult
904 3326 989 3379 hic
1025 3334 1265 3387 sanctus,
1294 3332 1348 3376 et
1379 3335 1483 3375 non
1515 3317 1832 3387 simpliciter
1860 3315 2030 3372 solem
2048 3330 2170 3372 esse
2196 3314 2337 3368 irra-

767 3416 1024 3472 tionalem
1054 3424 1109 3470 et
1140 3425 1417 3468 exsortem
1465 3410 1755 3474 libertatis,
1787 3408 1891 3463 hoc
1919 3409 2064 3463 enim
2102 3406 2335 3462 manife-

768 3523 913 3565 stum
940 3521 1044 3573 est,
1068 3518 1121 3563 et
1144 3508 1277 3562 nihil
1306 3510 1372 3561 ad
1400 3504 1778 3577 propositum);
1806 3504 1887 3559 sic
1912 3503 2073 3558 etiam
2104 3502 2229 3556 illud
2244 3516 2337 3557 su-

767 3620 865 3674 pra
892 3601 1060 3656 solem
1093 3601 1291 3655 bonum
1322 3598 1482 3661 Deus,
1501 3596 1591 3665 qui
1612 3595 1930 3665 primaevum
1954 3603 2037 3650 est
2064 3597 2339 3663 exemplar

771 3704 1025 3767 respectu
1056 3692 1365 3749 istiusmodi
1397 3691 1642 3746 obscurae
1669 3697 1723 3746 et
1751 3690 2023 3745 absimilis
2054 3688 2334 3758 imaginis,

769 3793 886 3862 ipsa
918 3802 1015 3842 sua
1044 3784 1346 3841 substantia
1373 3800 1478 3853 qua
1510 3784 1681 3838 bonus
1732 3792 1836 3851 est,
1886 3782 2051 3837 rebus
2078 3782 2216 3851 ipsis
2240 3796 2339 3848 pro

770 3883 1035 3953 cujusque
1086 3887 1247 3946 captu
1278 3875 1537 3930 bonitatis
1580 3888 1691 3928 sua:
1721 3874 1908 3928 radios
1943 3872 2191 3927 all‘undit.
2226 3871 2337 3927 Hac

2436 2674 2544 2745 γάρ
2584 2675 2699 2725 ἐστι
2726 2674 2859 2743 φῶς,
2886 2674 2979 2727 καὶ
3002 2672 3224 2742 φωτίζει
3264 2672 3504 2744 φυσικῶς
3541 2675 3599 2727 ἐν
3621 2673 3697 2744 τῷ
3726 2670 3863 2728 εἶναι
3894 2676 4015 2745 φῶς

2435 2765 2610 2817 πάντα
2636 2763 2703 2816 τά
2725 2764 2996 2834 δυνάμενα
3020 2765 3265 2835 μετέχειν
3292 2762 3477 2827 αὑτοῦ,
3505 2764 3626 2817 οὕτε
3642 2747 4014 2838 λογιζόμενος,

2433 2854 2557 2907 οῦτε
2586 2854 3012 2925 προαιρούμενος
3032 2870 3045 2884 ·
3079 2853 3152 2925 μὴ
3181 2856 3428 2924 φωτίζων
3459 2855 3568 2925 γὰρ
3606 2855 3729 2909 οὐδέ
3757 2873 3820 2925 γε
3859 2857 4017 2927 ἥλιος

2437 2944 2501 2997 ἂν
2532 2944 2617 3015 εἴη
2637 2963 2651 2976 ·
2677 2947 2771 3017 καὶ⁵
2793 2948 2846 3001 τί
2874 2949 2940 3001 ἂν
2972 2948 3057 3019 εἴη
3084 2949 3209 3002 ἄλλο
3245 2948 3454 3016 λογίσαι
3498 2950 3559 3003 τὸ
3587 2952 3841 3019 φωτίσαι,
3871 2955 3901 3006 6
3937 2952 4018 3023 μὴ

2436 3037 2511 3090 ὣν
2561 3039 2707 3107 φῶς;
2752 3039 2908 3094 τοῦτο
2955 3041 3065 3113 γὰρ
3102 3044 3352 3113 ἐμφαίνει
3394 3044 3422 3096 6
3462 3044 3633 3111 ἆγιος,
3679 3046 3774 3098 καὶ
3807 3045 3908 3116 οὐχ
3932 3046 4019 3100 ὅτι

2436 3134 2622 3197 ἁπλῶς
2663 3134 2857 3203 ἄλογός
2894 3137 3009 3189 ἐστι
3049 3136 3144 3188 καὶ
3172 3137 3531 3208 ἀπροαίρετος
3567 3140 3596 3189 6
3632 3139 3805 3210 ἥλιος,
3853 3139 4022 3194 τοῦτο

2437 3224 2546 3295 γὰρ
2573 3224 2749 3294 δῆλον,
2782 3225 2877 3277 καὶ
2909 3224 3063 3277 οὐδὲν
3092 3226 3226 3296 πρὸς
3260 3226 3322 3279 τὸ
3359 3229 3715 3298 προκείμενον
3742 3247 3754 3259 ·
3781 3228 3926 3283 οὕτω
3947 3230 4018 3301 δὴ

2437 3316 2532 3368 καὶ
2570 3315 2631 3367 τὺ
2673 3314 2813 3387 ὑπὲρ
2861 3315 3011 3386 ἥλιον
3058 3317 3261 3385 ἀγαθὸν
3305 3320 3332 3371 6
3361 3318 3513 3383 Θεὸς,
3556 3319 3618 3373 τὸ
3659 3319 4019 3393 ἐξῃρημένως

2438 3408 2744 3481 ἀρχέτυπον
2773 3409 2905 3480 πρὸς
2926 3409 3180 3481 τοιαύτην
3209 3413 3486 3482 σκοτεινὴν
3514 3413 3607 3465 καὶ
3633 3418 3800 3483 μηδὲν
3836 3430 4022 3486 παρο-

2441 3501 2769 3573 μοιάζουσαν
2807 3502 3010 3566 είκόνα,
3062 3504 3198 3571 αύτῇ
3246 3504 3311 3572 τῇ
3346 3502 3597 3575 ὑπάρξει,
3636 3506 3729 3558 καὶ
3767 3501 3845 3572 τῷ
3875 3503 4020 3559 εἶναι

2438 3592 2659 3660 ἀγαθὸς,
2703 3592 2801 3655 τὰς
2837 3593 3060 3656 ἀκτῖνας
3098 3593 3193 3663 τῆς
3219 3593 3549 3663 ἁγαθότητος
3586 3595 3861 3665 ἀναλόγως
3903 3600 4022 3659 τοῖς

2438 3678 2586 3735 οὖσιν
2612 3681 2816 3751 ἐφίησι.
2856 3680 2953 3734 Διά
2983 3681 3186 3753 ταύτης
3208 3685 3265 3735 αἱ
3299 3684 3543 3755 οὐράνιαι
3571 3685 3750 3738 οὐσίαι
3779 3686 4024 3759 ὑπέστη-

2441 3792 2561 3837 σαν,
2595 3776 2649 3826 αί
2679 3772 2864 3843 νοηταί
2888 3789 2946 3825 τε
2972 3773 3066 3825 καὶ
3088 3774 3290 3845 νοεραί.
3322 3776 3481 3829 Ἀλλο
3502 3778 3559 3830 δέ
3586 3780 3701 3831 ἐστι
3729 3779 3791 3831 τὸ
3806 3780 4018 3851 νοητὸν,

2440 3869 2533 3922 καὶ
2564 3868 2690 3921 ἄλλο
2716 3866 2777 3918 τὸ
2798 3865 3001 3936 νοερόν.
3041 3865 3113 3917 Τὸ
3138 3866 3245 3935 γὰρ
3275 3868 3462 3938 νοητὸν
3487 3864 3575 3923 οἷά
3605 3888 3688 3933 τις
3716 3871 3893 3941 τροφὴ
3920 3872 4020 3925 τοῦ

768 3987 961 4028 omnes
984 3966 1348 4037 intelligibiles
1379 3980 1441 4020 ac
1474 3965 1836 4036 intelligentes
1858 3965 2175 4021 substantiae
2194 3980 2331 4020 con-

2440 3957 2625 4028 νοεροῦ
2654 3959 2819 4021 ἐστιν,
2848 3956 3077 4027 εἴπερτὺ
3093 3955 3399 4028 νοούμενον,
3423 3960 3449 4012 ὅ
3470 3962 3585 4013 ἐστι
3603 3962 3810 4030 νοητὸν,
3833 3962 4022 4031 μεῖζόν

770 4068 997 4121 sistunt.
1028 4063 1188 4117 Aliud
1224 4070 1406 4115 autem
1430 4070 1513 4114 est
1538 4059 1878 4129 intelligibile
1922 4068 1978 4114 et
2005 4058 2147 4113 aliud
2176 4058 2338 4113 intel-

771 4160 964 4229 ligens,
1007 4172 1130 4210 nam
1160 4155 1213 4210 id
1240 4157 1382 4223 quod
1415 4152 1752 4221 intelligibile
1793 4162 1897 4219 est,
1957 4162 2039 4207 est
2064 4152 2211 4207 velut
2240 4151 2340 4204 ali-

776 4262 1012 4307 mentum
1064 4247 1180 4314 ejus
1225 4248 1366 4315 quod
1418 4245 1716 4313 intellzgit;
1775 4245 2031 4312 quoniam
2088 4244 2139 4297 id
2195 4244 2339 4313 quod

773 4342 1118 4410 intelligitur,
1154 4354 1249 4393 seu
1277 4338 1636 4406 inlelligibile,
1690 4337 1929 4392 nobilius
1963 4347 2064 4402 est,
2092 4346 2146 4391 et
2178 4348 2339 4391 antea

776 4435 1108 4504 intelligitur,
1137 4445 1298 4500 quam
1341 4430 1394 4483 id
1442 4430 1581 4497 quod
1630 4427 1907 4497 intelligit,
1934 4427 1986 4481 id
2020 4436 2105 4481 est
2137 4427 2339 4482 intelli-

773 4544 926 4599 gens.
960 4527 1283 4594 Superiores
1315 4522 1479 4591 igitur
1509 4531 1563 4576 et
1602 4520 1713 4574 Deo
1746 4520 1907 4574 vicini
1948 4520 2172 4575 ordines
2212 4533 2341 4588 pro-

775 4622 892 4691 prie
923 4618 1137 4671 dicendi
1184 4624 1311 4670 sunt
1342 4614 1723 4676 intellectiles;
1760 4612 2052 4666 inferiores
2076 4626 2207 4666 vero
2252 4611 2331 4663 in-

778 4712 1101 4781 telligentes,
1133 4716 1192 4762 ut
1228 4706 1317 4775 qui
1349 4705 1652 4774 intelligant
1682 4703 2032 4771 superiores;
2061 4716 2167 4755 non
2220 4701 2341 4755 ideo

778 4816 959 4857 tamen
992 4804 1137 4871 quod
1186 4795 1531 4853 intellectiles
1572 4795 1843 4854 dicantur.
1878 4795 1967 4862 qui
2022 4794 2340 4859 intelligun-

779 4908 887 4962 tur,
922 4893 1251 4949 censentlutn
1285 4898 1369 4943 est
1398 4890 1543 4956 ipsos
1570 4904 1672 4939 non
1711 4887 2049 4955 intelligere;
2080 4885 2179 4955 ipsi
2198 4886 2340 4939 enim

779 4989 1111 5057 intelligunt,
1138 4985 1394 5056 quoniam
1418 4990 1626 5035 mentes
1651 4990 1776 5035 sunt
1798 4990 1854 5035 et
1872 4980 2204 5034 substantiae.
2221 4979 2343 5033 Ideo

783 5081 1157 5149 intelliguntur
1189 5079 1430 5147 quidem,
1474 5084 1530 5129 ut
1560 5076 1799 5129 materia:
1822 5084 2107 5143 expertes;
2140 5071 2341 5125 intelli-

781 5182 913 5242 gunt
941 5188 1069 5225 vero
1096 5188 1206 5231 res.
1233 5179 1290 5223 ut
1315 5169 1621 5237 incorporei
1652 5178 1706 5222 et
1736 5165 2223 5235 supermundiales,
2258 5179 2344 5216 ra-

2442 4053 2557 4103 ἐστι
2578 4050 2671 4101 καὶ
2688 4047 3175 4120 προεπινοούμενον
3201 4052 3294 4103 τοῦ
3323 4051 3591 4114 νοοῦντος,
3618 4052 3645 4104 6
3674 4052 4017 4122 ἐστινοερὸν.

2443 4142 2521 4193 Τὰ
2545 4142 2642 4212 μὲν
2662 4136 2753 4193 οὖν
2774 4138 3147 4209 ὑπερκείμενα
3164 4142 3255 4193 καὶ
3274 4144 3512 4214 προσεχῆ
3536 4143 3613 4213 τῷ
3630 4143 3747 4213 Θεῷ
3761 4146 4021 4215 τάγματα

2442 4234 2605 4305 νοητὰ
2664 4233 2867 4305 κυρίως
2904 4234 3140 4299 λεκτέον,
3186 4234 3254 4286 τά
3301 4235 3357 4287 δὲ
3410 4235 3783 4306 ὑποϐεὸηκότα
3830 4239 4018 4309 νοερὰ,

2442 4327 2537 4380 ἅτε
2576 4326 2797 4379 νοοῦντα
2821 4325 2889 4378 τὰ
2920 4326 3320 4397 ὑπερκείμενα·
3353 4327 3449 4397 οὐχ
3486 4328 3564 4379 ὅτι
3594 4327 3649 4380 δὲ
3689 4330 3857 4399 νοητά
3898 4332 4020 4383 ἐστι

2440 4421 2508 4474 τὰ
2551 4418 2829 4490 νοούμενα,
2863 4420 3144 4489 νομιστέον
3171 4418 3308 4472 αὑτά
3339 4421 3413 4490 μὴ
3456 4422 3594 4471 νοεῖν
3616 4439 3627 4449 ·
3659 4424 3769 4473 νοεῖ
3791 4420 3898 4493 γάρ
3922 4424 4023 4474 καὶ

2442 4515 2602 4581 αύτά,
2632 4515 2819 4587 ἐπειδὴ
2845 4515 2962 4578 νόες
2989 4514 3096 4566 είσὶ
3122 4513 3214 4566 καὶ
3256 4513 3454 4571 οὐσίαι.
3488 4512 3580 4565 Διὸ
3617 4510 3860 4565 νοοῦνται
3891 4513 4020 4582 μὲν,

2442 4610 2516 4673 ὡς
2547 4610 2717 4673 ἄῦλοι,
2749 4608 2925 4662 νοοῦσι
2955 4606 3010 4658 δὲ
3052 4606 3117 4659 τά
3144 4606 3291 4669 ὄντα,
3322 4606 3397 4668 ὡς
3439 4606 3553 4668 νόες
3595 4604 3871 4675 ἀσώματοι
3923 4608 4024 4660 καὶ

2444 4702 2823 4773 ὑπερκόσμιοι,
2874 4698 3078 4753 ἄνωθεν
3133 4698 3686 4768 ὲλλαμπόμενοιτοὺς
3738 4696 4022 4766 περὶτῶν

2443 4794 2610 4845 ὅντων
2634 4792 2844 4861 λόγους,
2862 4791 2955 4843 καὶ
2986 4788 3386 4851 διαϐιϐάζοντες
3419 4788 3615 4850 αὐτοὺς
3639 4787 3913 4857 μυστικῶς
3938 4788 4023 4848 είς

2442 4888 2566 4948 τοὺς
2590 4883 2994 4953 ύποδεὸηκότας
3032 4880 3313 4949 ἀγγέλους.
3345 4880 3609 4949 Δυνάμεις
3635 4879 3691 4933 δὲ
3734 4879 3827 4931 καλ⁵
3864 4880 4025 4949 ἐνερ-

2443 4978 2593 5046 γείας
2617 4977 2762 5045 λέγει
2791 4976 2992 5039 ταύτας
3014 4975 3111 5025 ούκ
3133 4973 3552 5033 ἀνυποστάτους,
3572 4970 3684 5023 ἀλλ’
3719 4972 4023 5022 ἐνυποστά-

2442 5088 2565 5133 τους
2594 5070 2685 5121 καὶ
2712 5066 2908 5131 ζώσας,
2933 5068 3159 5129 δυνατάς
3188 5084 3246 5118 τε
3267 5066 3359 5117 καὶ
3387 5066 3626 5135 ὲνεργεῖς
3651 5061 3758 5113 τῶν
3801 5062 4025 5113 οἰκείων

2443 5166 2724 5235 κινήσεων,
2742 5163 2951 5215 δυνατοὶ
2967 5162 3036 5228 γὰ
3046 5180 3074 5228 ρ
3093 5162 3233 5231 ἰσχύϊ
3249 5179 3323 5213 πα
3333 5161 3398 5231 ρὰ
3413 5159 3489 5229 τῷ
3502 5151 3660 5210 Δαυῒδ
3671 5155 3938 5224 λέγονται.
3950 5157 4025 5207 Ἦ

780 5265 1021 5315 tionibus
1049 5277 1225 5314 rerum
1260 5275 1493 5331 superne
1524 5259 1799 5322 illustrati,
1830 5260 2085 5327 ipsasque
2114 5257 2331 5326 mystice

2446 5262 2537 5311 καὶ
2569 5256 2740 5319 ἄλλως
2762 5256 3013 5324 δυνάμεις
3040 5254 3156 5323 μὲν,
3199 5253 3383 5322 ἐπειδὴ
3421 5253 3514 5304 καὶ
3547 5251 3709 5319 μήπω
3730 5250 3837 5299 τῶν
3860 5249 3921 5298 ἐν
3954 5251 4023 5317 τῇ

779 5355 944 5427 384
979 5357 1041 5406 ad
1070 5354 1354 5407 inferiores
1380 5355 1599 5421 angelos
1630 5352 1985 5418 trajicienles.
2015 5350 2124 5403 llos
2160 5358 2331 5401 autem

2451 5353 2624 5403 κτίσει
2648 5350 2942 5417 φανέντων,
2966 5347 3191 5416 δυνάμει
3221 5346 3395 5399 πάντα
3417 5342 3493 5412 τῷ
3509 5340 3625 5411 θεῷ
3650 5340 4017 5410 προῦφειστή-

780 5458 938 5499 vocat
969 5447 1197 5497 virtutes
1226 5451 1279 5497 et
1333 5444 1695 5513 operationes,
1730 5460 1833 5497 non
1864 5443 2003 5510 quod
2036 5456 2140 5494 non
2165 5440 2343 5493 subsi-

781 5548 946 5599 Stanl,
980 5539 1072 5590 sed
1096 5537 1457 5591 subsistentes
1480 5539 1590 5591 sint
1621 5552 1683 5590 ac
1700 5538 1967 5603 viventes,
1994 5547 2045 5588 et
2072 5544 2339 5602 potentes,

780 5640 833 5685 et
859 5629 1103 5683 cllicaces
1128 5639 1369 5682 motuum
1394 5631 1764 5699 propriorum;
1796 5646 1823 5683 a
1859 5630 2061 5684 Davide
2086 5628 2229 5684 enim
2252 5629 2337 5682 di-

2452 5464 2556 5504 κει,
2606 5443 2866 5512 μέλλοντα
2916 5438 3257 5509 παράγεσθαι
3298 5438 3363 5489 δι’
3409 5434 3568 5488 αὑτοῦ
3627 5435 3706 5495 είς
3750 5430 3811 5482 τὺ
3852 5425 4021 5483 εἶναι·

2449 5537 2713 5604 ἐνέργειαι
2741 5533 2817 5595 δέ,
2854 5532 2932 5582 ὅτι
2966 5531 3057 5581 καὶ
3100 5529 3233 5598 πρὸς
3273 5528 3427 5596 ἔργον
3453 5528 3483 5594 ἡ
3513 5521 3835 5593 δημιουργία
3873 5534 4024 5591 παρ-

2450 5627 2607 5696 ήχΟη.
2648 5624 2746 5675 Διὰ
2778 5620 2976 5683 ταύτας
3006 5620 3102 5682 τὰς
3140 5620 3361 5680 ἀκτῖνας
3399 5617 3497 5686 τῆς
3530 5612 3883 5685 ἁγαθότητος,
3930 5610 4027 5664 καί

853 5810 963 5880 (39)
1008 5808 1136 5865 Vide
1170 5810 1385 5867 Scholia
1418 5808 1473 5865 S.
1507 5809 1895 5873 Maximi,tom.
1932 5808 1993 5871 ll,
2026 5823 2142 5876 cap.
2178 5807 2209 5860 4
2263 5806 2337 5859 De
2362 5804 2549 5858 divinis
2589 5804 2785 5857 nomin.
