4176 6308
1017 82 1045 129 Ι

154 361 290 418 ω.

745 362 841 420 ns
875 361 1127 421 nmms
1158 340 1752 432 Numanae“.
1780 352 1868 420 sv.
1901 391 1974 406 -
2000 352 2352 418 panariis.
2389 360 2862 421 murranum.

3325 365 3436 424 750

159 480 318 534 ἀισιν
334 479 494 534 αὐταὶ
515 473 781 545 utram,
797 479 895 533 και
912 473 1265 544 aviauth
1278 479 1462 553 ἔχουσι
1475 459 1578 551 τὴν
1593 473 1748 552 ζωὴν,

1863 477 2060 538 cuntur
2073 483 2310 549 potantes
2324 479 2543 534 uiueret
2555 479 2851 535 .Veletiam
2867 481 2980 538 alio
2993 482 3154 539 modo
3169 474 3433 541 ενιπευς

160 562 930 644 καθαρεύουσαικαὶφθορᾶς
958 572 1054 628 καὶ
1082 573 1336 639 θανάτου,
1360 572 1456 626 καὶ
1489 570 1642 644 ὕλης,
1663 571 1763 627 καὶ

161 665 474 736 γενέσεως.
500 664 680 737 ⁴Ιιθορὰ
709 665 767 719 δέ
792 668 915 720 ἐστι
943 665 1040 720 τοῦ
1079 666 1311 724 θανάτου
1347 665 1762 742 καθολιχωτέρα

159 755 206 829 ἢ
224 757 379 821 εἰςτδ
397 758 471 830 μὴ
498 756 558 812 ὃν
576 758 810 832 κίνησις,
828 754 951 831 ἥτις
969 759 1086 814 ἐστὶ
1100 759 1194 814 καὶ
1221 757 1330 813 τῶν
1345 758 1587 831 ἀψύχων.
1609 759 1762 814 Γινέ·

165 871 318 920 σεως
331 856 388 910 δὲ
407 853 677 928 ἀνώτεραι
699 858 754 910 αἱ
777 855 1052 928 δυνάμεις,
1073 856 1174 928 οὐχ
1197 849 1281 910 ὄτι
1300 856 1401 910 οὒκ
1421 855 1760 937 ἐγενηθησαν

161 946 296 1020 (καὶ
321 947 432 1021 γὰρ
460 942 1010 1023 ἐδημιουργήθησαν),
1039 948 1163 1003 ἀλλ’
1187 949 1268 1002 ὄτι
1294 947 1353 1016 ἐξ
1368 947 1506 1020 ὕλης
1529 950 1590 1001 οὐ
1615 948 1758 1003 συνι-

165 1054 382 1111 στησαν
398 1056 414 1068 ·
440 1037 668 1095 τοιαῦτα
700 1037 809 1111 γὰρ
832 1038 901 1093 τὰ
941 1041 1001 1093 ὲν
1023 1032 1237 1109 γενέσει
1263 1039 1356 1092 καὶ
1376 1038 1577 1110 φθορᾷ,
1599 1031 1683 1110 οἷς
1719 1039 1756 1110 ή

163 1125 277 1203 ὖλη
305 1126 662 1204 ὖποκειμένη,
704 1132 752 1185 εί
795 1131 892 1206 μὲν
929 1127 1070 1195 εἶδος
1106 1131 1336 1199 δέξεται,
1378 1132 1720 1188 είδοτυοιεῐται
1738 1174 1754 1200 ,

164 1225 273 1280 καὶ
295 1223 407 1277 ίδοὺ
421 1224 483 1277 δν
500 1241 553 1278 τι
568 1207 803 1293 ἐγένετσο
823 1228 874 1280 εί
890 1226 948 1280 δὲ
968 1224 1254 1300 στερηθείη
1273 1226 1364 1280 τοῦ
1377 1226 1483 1280 cibo
1494 1243 1574 1290 υς.
1593 1229 1760 1300 χωρεῖ

163 1316 313 1390 πρὸς
336 1316 397 1370 τὸ
419 1316 674 1384 ἀνείδεον,
705 1319 799 1373 καὶ
834 1317 943 1372 ἰδοὺ
967 1317 1144 1390 φθορά
1165 1333 1311 1382 τινος
1338 1318 1513 1381 δντος,
1556 1319 1652 1370 καὶ
1679 1319 1757 1384 είς

161 1406 234 1463 τδ
267 1408 340 1482 μὴ
378 1408 438 1462 δν
465 1413 699 1481 κίνησις.
745 1412 810 1464 Al
847 1410 905 1464 δὲ
947 1411 1088 1466 θεῖαι
1122 1410 1381 1483 δυνάμεις
1415 1411 1512 1464 καὶ
1555 1410 1758 1468 τούτων

163 1500 440 1575 ἀνώτεραι
478 1500 586 1554 τῶν
630 1502 843 1574 φθορῶν
883 1520 942 1556 τε
985 1501 1211 1556 καὶτῶν
1235 1503 1527 1572 γενέσεων,
1554 1502 1636 1555 ὅτι
1657 1502 1758 1555 καὶ

162 1592 344 1658 dum,
363 1595 455 1648 καὶ
468 1595 571 1666 τῆς
583 1595 814 1666 ῥευστῆς
826 1594 1164 1659 ἀλλοιώσεως
1179 1592 1567 1666 ἀνῳκισμέναι.
1586 1593 1756 1648 Τοῦτο

161 1683 226 1738 δὲ
249 1683 422 1754 λέγει,
442 1685 639 1758 ἐπειδὴ
675 1687 901 1760 τρεπτοὶ⁵
926 1687 1020 1740 καὶ
1052 1687 1099 1740 οἱ
1135 1684 1352 1756 ἄγγελοι
1392 1686 1754 1758 ἐδημιούργη-

163 1776 366 1850 θησαν,
414 1779 549 1833 ἀλλὰ
577 1775 719 1834 κατὰ
749 1777 1065 1852 γνώμην,ού
1098 1780 1216 1835 κατ’
1239 1779 1459 1833 οὐσίαν’
1485 1779 1608 1833 ὅθεν
1631 1780 1752 1834 κατ’

160 1870 361 1924 οὐσίαν
386 1864 504 1924 ἐστὶ
527 1871 741 1935 τούτοις
771 1872 868 1925 καὶ
896 1871 958 1924 τὸ
988 1868 1365 1925 ἀναλλοίωτον.
1397 1871 1594 1944 Νοητοὶ
1619 1871 1751 1940 γοῦν

156 1961 311 2015 εἰσιν
331 1960 408 2024 ὡς
431 1959 732 2032 ἀσώματοι,
764 1961 858 2015 καὶ
879 1963 1011 2032 παρ’
1037 1961 1282 2034 ἀλλήλων
1309 1962 1404 2017 καὶ
1433 1962 1562 2035 παρ’
1593 1960 1752 2034 ἡμῶν

157 2052 419 2107 ὁπωσοῦν
444 2053 745 2125 νοούμενοι,
793 2055 888 2108 καὶ
907 2056 1082 2127 νοεροὶ
1111 2054 1185 2119 ῶς
1203 2055 1340 2120 νόες,
1367 2055 1460 2109 καὶ
1480 2056 1560 2109 ὃτι
1584 2057 1752 2129 ὑπερ-

159 2146 414 2216 κοσμίως
438 2145 668 2211 νοοῦσιν,
690 2145 1070 2211 ὲπιὸἁλλοντες
1097 2146 1163 2200 δι’
1181 2145 1500 2220 ὲλλάμψεως
1526 2147 1751 2213 τοῖςνλό-

159 2253 288 2307 τοις
305 2237 417 2292 τῶν
435 2238 604 2292 ὄντων
639 2240 734 2292 καὶ
760 2239 862 2293 οὐκ
883 2239 1154 2310 αἰσθητῶς
1174 2239 1265 2306 ’ὡς
1286 2242 1445 2312 ἡμεῖς
1472 2241 1582 2294 τῶν
1612 2259 1751 2314 πρα-

159 2329 396 2400 γμάτων
417 2328 960 2402 ἀντιλαμϐανόμενοι.
990 2328 1053 2383 Εί
1081 2330 1139 2384 δὲ
1181 2331 1276 2384 καὶ
1298 2333 1461 2403 ἡμεῖς
1489 2329 1750 2394 πολλάκις

153 2422 279 2484 τοῖς
307 2418 486 2489 λόγοις
511 2419 895 2492 ὲπιϐἀλλομεν,
920 2421 1034 2474 ἀλλ’
1061 2421 1501 2494 ὲπιστημονικῶς
1532 2423 1627 2476 καὶ
1651 2421 1752 2487 τὰς

157 2513 346 2585 ἀρχὰς
371 2511 584 2584 ἔχοντες
612 2511 674 2577 ἐξ
696 2513 1022 2585 αἰσθήσεως,
1063 2515 1158 2566 καὶ
1186 2512 1277 2566 διὰ
1315 2513 1474 2567 τοῦτο
1509 2513 1749 2586 δεόμενοι

153 2605 405 2675 ταύτης·
465 2604 618 2658 οὐδὲν
668 2604 777 2676 γὰρ
819 2604 924 2671 ἔξω
961 2604 1063 2676 τῆς
1117 2604 1420 2678 αἰσθήσεως
1467 2608 1750 2677 γινόμενον

158 2695 350 2768 ἴσμεν,
373 2695 480 2750 κᾶν
504 2696 802 2768 ᾐσθημένοι
829 2691 977 2770 ὦμεν
1003 2698 1188 2753 αὐτοῦ.
1232 2697 1369 2752 Ἀλλ’
1390 2699 1441 2752 οἱ
1475 2698 1609 2753 θεῖοι
1632 2700 1750 2764 νόες

159 2790 554 2861 ὓπερκοσμεως
579 2792 705 2855 τοὺς
724 2789 913 2860 λόγους
938 2791 1327 2863 ὲλλάμπονται,
1355 2792 1586 2858 καὶτοῖς
1616 2809 1748 2862 συγ-

158 2880 349 2950 γενέσι
393 2881 875 2954 διαπορθμεύουσι,
922 2882 1015 2936 καὶ
1053 2881 1208 2954 μονὴ,
1249 2884 1344 2937 καὶ
1382 2883 1614 2954 ἵδρυσις,
1655 2883 1748 2936 καὶ

160 2975 560 3046 συγκράτησις,
601 2978 695 3031 καὶ
739 2979 1068 3050 συντήρησις
1110 2978 1308 3041 αὑταῖς
1347 2978 1495 3030 ἐστιν
1536 2978 1602 3029 ὲκ
1647 2975 1749 3046 τῆς

158 3067 500 3138 ἆγαθὸτητος
513 3067 607 3122 τοῦ
631 3069 765 3123 Θεοῦ
782 3070 923 3124 ν’καὶ
948 3070 1007 3122 τδ
1030 3066 1167 3123 εἶναι
1192 3069 1392 3132 ταύτας
1417 3068 1607 3140 ῶσπερ
1627 3064 1747 3120 τινὰ

158 3160 350 3214 ἑστίαν
375 3162 469 3214 καὶ
495 3162 635 3215 θεῖον
663 3151 846 3233 βωμὸν
871 3161 982 3215 τῶν
1006 3163 1070 3215 ὲκ
1094 3161 1229 3214 Θεοῦ
1251 3160 1490 3230 ἀγαθῶν.
1510 3162 1753 3216 Ἔστίιν

1861 569 2282 640 nido-,qu
2331 585 2459 624 cum
2516 570 2744 629 necdum
2774 583 3052 628 creaturae
3073 584 3445 645 apparerent,

1862 661 2044 717 munia
2062 662 2265 717 virtute
2281 662 2334 716 in
2360 663 2639 718 Deoantea
2653 663 3153 736 substiterint,qu2
3175 665 3244 722 ab
3263 678 3355 732 eo,
3370 675 3438 722 ut

1861 762 2066 816 essent,
2093 754 2443 823 producenda
2478 764 2638 811 erant
2669 753 3063 826 :Operatioues
3098 764 3256 826 vero,
3287 759 3436 829 quod

1862 857 2114 901 creatura
2166 847 2331 902 etiam
2386 848 2453 901 ad
2509 849 2886 917 operationem
2933 850 3210 919 perducta,
3244 849 3432 908 fuerit.

1863 934 2089 1004 Propter
2112 940 2271 992 hosce
2294 938 2554 993 bonitatis
2579 940 2763 995 radios
2779 949 2982 996 etsunt
3001 942 3101 1012 ipsi
3129 953 3187 998 et
3219 944 3430 1010 vivunt,

1859 1036 1915 1079 et
1943 1027 2110 1082 vitam
2144 1028 2345 1087 habent
2367 1030 2800 1098 indeficientem,
2822 1041 2882 1087 et
2915 1047 2949 1087 a
2974 1033 3348 1103 corruptione,
3374 1045 3434 1090 et

1860 1130 2058 1183 morte,
2087 1131 2142 1174 et
2167 1123 2426 1185 materia.
2449 1131 2503 1188 et
2528 1124 2884 1193 generatione
2925 1133 3058 1180 sunt
3088 1124 3269 1180 liberi.
3297 1126 3433 1181 Cer-

1861 1213 2040 1282 ruptio
2059 1221 2265 1278 autem,
2289 1230 2409 1285 qua:
2434 1217 2608 1288 magis
2637 1216 2744 1272 late
2763 1227 2911 1286 patet
2937 1227 3132 1281 morte,
3160 1228 3246 1274 est
3263 1219 3433 1274 motio

1858 1306 1926 1359 ad
1951 1305 2003 1359 id
2033 1306 2176 1375 quod
2207 1322 2313 1360 non
2342 1316 2448 1372 est,
2468 1311 2776 1378 quaeetiam
2796 1313 3062 1381 competit
3092 1311 3431 1366 inanimatis.

1860 1398 2099 1454 Virtutes
2126 1406 2311 1454 autem
2335 1401 2690 1470 generatione
2738 1411 2870 1458 sunt
2915 1403 3289 1473 sublimiores,
3323 1420 3432 1459 non

1857 1493 1998 1563 quod
2022 1508 2129 1549 non
2174 1493 2332 1548 factte
2365 1492 2476 1547 sint
2521 1493 2813 1563 (siquidem
2883 1505 3080 1550 creata!
3130 1497 3302 1566 sunt),
3334 1497 3431 1552 sed

1859 1586 1999 1652 quod
2034 1598 2139 1636 non
2171 1593 2432 1638 constent
2464 1584 2736 1650 materia;
2767 1584 3069 1640 istiusmodi
3103 1588 3246 1641 enim
3278 1599 3432 1651 sunt,

1859 1687 1978 1743 qua:
2009 1674 2062 1728 in
2106 1676 2458 1744 generatione
2489 1690 2552 1731 ac
2580 1676 2934 1746 corruptione
2965 1687 3275 1742 versantur,
3308 1681 3434 1749 qui-

1857 1767 1962 1823 bus
1985 1767 2218 1823 materia
2244 1768 2511 1838 subjecta,
2537 1767 2584 1822 si
2624 1769 2847 1838 quidem
2881 1770 3115 1826 formam
3144 1773 3428 1842 suscipiat,

1783 1837 1826 1892 Β
1857 1857 2198 1921 cﬂormatur,
2227 1869 2283 1913 et
2307 1837 2438 1912 ecce
2465 1837 2670 1921 aliquid
2705 1860 2845 1914 facta
2865 1870 2982 1926 est;
3010 1861 3058 1915 si
3100 1875 3226 1914 vero
3249 1837 3431 1919 forma

1858 1949 2125 2019 privetur,
2174 1949 2234 2002 ﬁt
2283 1949 2488 2018 aliquid
2517 1949 2771 2011 informe,
2807 1959 2859 2005 et
2889 1966 3018 2006 ecce
3045 1951 3300 2007 interitus
3328 1968 3426 2007 cn-

1848 2041 2064 2112 jusdam
2093 2043 2260 2109 entis,
2302 2053 2356 2098 et
2387 2043 2453 2096 ad
2483 2043 2533 2097 id
2560 2043 2704 2111 quod
2748 2059 2853 2097 non
2886 2052 2969 2098 est
3002 2043 3190 2099 motio.
3223 2043 3429 2098 Divina:

1852 2145 2035 2190 autem
2078 2135 2330 2200 virtutes,
2373 2137 2540 2189 etiam
2579 2136 2727 2191 hisee
2769 2135 3118 2190 sublimiores
3156 2145 3262 2189 tam
3302 2152 3427 2191 cor-

1855 2226 2202 2295 ruptionibus
2246 2241 2408 2296 quam
2438 2225 2904 2298 generationibus,
2931 2227 3190 2297 quoniam
3225 2237 3283 2281 et
3326 2228 3428 2280 im-

1853 2317 2162 2372 materiales
2184 2327 2335 2384 sunt,
2362 2327 2418 2372 et
2446 2319 2514 2374 ab
2550 2318 2698 2374 omni
2724 2316 2871 2372 ﬂuxa
2917 2319 3294 2374 immutatione
3325 2334 3425 2374 ex-

1853 2416 2069 2478 emptae.
2113 2406 2227 2462 Hoc
2256 2408 2409 2474 dicit,
2434 2407 2692 2478 quoniam
2723 2409 2898 2477 angeli
2926 2410 3093 2464 etiam
3127 2410 3427 2465 mutabiles

1851 2499 2021 2554 creati
2071 2498 2313 2563 fuerunt,
2343 2501 2441 2555 sed
2470 2501 2769 2556 secundum
2805 2503 3152 2565 sententiam,
3190 2517 3294 2556 non
3334 2517 3428 2557 se-

1852 2590 2089 2646 cundum
2141 2590 2552 2657 substantiam;
2616 2591 2762 2645 unde
2820 2593 3001 2661 quoad
3062 2592 3424 2647 substantiam

1850 2680 2015 2736 etiam
2040 2691 2168 2736 sunt
2206 2682 2596 2738 itnmutabiles.
2623 2681 2969 2737 lntellectiles
2993 2682 3179 2753 itaque
3199 2693 3345 2746 sunt,
3369 2683 3427 2740 in

1853 2781 2115 2841 quantum
2161 2771 2490 2842 incorporei,
2539 2783 2595 2828 et
2634 2783 2739 2827 tam
2786 2776 2858 2829 ab
2913 2775 3152 2829 invicem
3197 2790 3360 2844 quam
3394 2789 3427 2828 a

1852 2865 2008 2920 nobis
2024 2864 2210 2934 aliquo
2230 2865 2387 2919 modo
2415 2865 2614 2936 cogniti
2637 2882 2651 2932 ;
2684 2875 2740 2920 et
2765 2865 3154 2937 intelligentes,
3177 2866 3232 2921 in
3251 2882 3428 2936 quan-

1851 2964 1963 3010 tum
2009 2965 2241 3022 mentes,
2275 2965 2330 3010 et
2359 2956 2619 3025 quoniam
2671 2957 3186 3027 supermundialiter
3221 2958 3422 3013 intelli—

1850 3058 2005 3120 gunt,
2036 3064 2134 3120 per
2165 3049 2583 3106 illustrationem
2612 3067 2792 3105 rerum
2827 3053 3066 3107 rationes
3093 3067 3426 3122 cognoscen-

1853 3151 1958 3209 tes,
1988 3152 2044 3197 et
2071 3158 2178 3198 non
2207 3142 2507 3209 sensiliter,
2536 3144 2613 3196 uti
2647 3158 2768 3210 nos,
2804 3159 2889 3197 res
2928 3144 3423 3213 apprehendentes.

156 3254 278 3328 γὰρ
311 3256 357 3308 oi
391 3256 610 3310 παλαιοὶ
645 3256 738 3308 τὸν
775 3255 956 3326 βωμὸν
986 3255 1236 3319 ἐκάλουν,
1262 3254 1322 3307 ὲν
1355 3247 1400 3323 ᾦ
1427 3253 1526 3319 τὰς
1552 3253 1748 3316 θυσίας

1850 3237 2004 3304 Quod
2035 3236 2083 3291 si
2111 3251 2210 3290 nos
2242 3251 2459 3305 quoque
2492 3252 2595 3290 non
2628 3251 2751 3289 raro
2783 3250 2966 3290 rerum
2999 3237 3240 3306 rationes
3263 3235 3426 3290 intel-

157 3346 472 3400 ἐπετέλουν.
509 3347 733 3416 Ἔλεγον
769 3347 826 3401 δὲ
848 3347 942 3400 καὶ
967 3347 1159 3418 ἑτέραν
1183 3347 1376 3418 νοητὴν
1406 3346 1611 3414 ἑστίαν,
1641 3347 1740 3417 τὴν

160 3440 298 3510 περὶ
333 3440 392 3494 τὺ
427 3440 556 3493 αὐτὸ
577 3440 685 3493 τῶν
727 3439 888 3494 θείων
918 3441 1149 3512 ἵδρυσιν,
1179 3441 1246 3511 ἢν
1272 3440 1366 3493 καὶ
1394 3439 1546 3510 ἱερὰν
1574 3436 1738 3511 εἶχον,

156 3537 262 3585 καὶ
285 3532 442 3602 ὅρκον
468 3529 728 3595 ἐτίθεντο,
758 3530 876 3584 θεῖα
900 3531 956 3584 δὲ
982 3529 1050 3583 τὰ
1076 3529 1303 3602 οὐράνια
1333 3529 1537 3599 ἔλεγον.
1579 3530 1740 3599 Λέγει

158 3621 277 3693 γὰρ
301 3623 393 3675 καὶ
417 3623 446 3674 ὁ
478 3621 731 3685 Ἰουδαῖος
753 3621 926 3683 Φίλων
953 3623 1011 3674 ὲν
1037 3621 1114 3692 τῷ
1139 3622 1272 3690 περὶ
1304 3621 1414 3692 τῆς
1448 3623 1742 3692 scalaria-nc

153 3713 460 3783 ῥομφαίας
483 3713 581 3768 καὶ
604 3713 725 3766 τῶν
748 3713 1029 3782 χερουϐὶμ
1072 3711 1251 3785 λόγῳ*
1286 3713 1351 3768 Ἠ
1384 3715 1440 3768 δὲ
1467 3715 1603 3787 μονὴ
1627 3715 1738 3769 τῶν

155 3805 261 3860 τοῦ
300 3807 503 3878 κόσμου
549 3805 749 3878 μερῶν,
778 3805 990 3860 ἑστῶσα
1016 3805 1252 3876 παγίως,
1281 3807 1438 3863 ἑστία
1476 3808 1608 3879 πρὸς
1633 3808 1741 3861 τῶν

158 3899 412 3952 παλαιῶν
442 3899 741 3964 εὒθῦὁὸλως
780 3899 1122 3967 ὠνόμασται⁶
1152 3898 1529 3972 κύσμουμέρη
1570 3901 1742 3970 λέγων

155 3989 265 4062 τὴν
291 3990 486 4061 ψαῦσιν
506 3991 600 4046 τοῦ
626 3991 798 4064 ἡλίου,
845 3990 940 4044 καὶ
966 3990 1064 4062 τὴν
1089 3991 1182 4044 ὲπὶ
1209 3990 1271 4044 τὸ
1294 3991 1423 4044 αὐτὸ
1465 3992 1741 4046 ἀποκατά-

164 4100 362 4138 στασιν
383 4084 481 4156 τῆς
505 4083 756 4156 σελήνης,
788 4082 1012 4155 αϋξησίν
1035 4100 1095 4136 τε
1120 4084 1212 4136 καὶ
1238 4076 1482 4155 μείωσιν,
1511 4083 1608 4157 τὴν
1633 4083 1742 4138 τῶν

161 4180 340 4235 ὑετῶν
367 4178 545 4252 χύσιν,
573 4179 673 4250 τὴν
700 4177 808 4232 τῶν
844 4176 1081 4249 βροντῶν
1110 4194 1169 4229 τε
1199 4177 1306 4230 καὶ
1329 4177 1627 4249 ἀστραπῶν
1657 4179 1744 4234 σύ-

162 4289 354 4327 στασιν
381 4271 472 4324 καὶ
495 4269 824 4341 οἰκονομίαν,
845 4269 938 4323 καὶ
963 4268 1131 4321 τᾶλλα
1161 4269 1196 4322 ἆ
1214 4267 1276 4340 δὴ
1293 4269 1432 4322 κατὰ
1449 4269 1547 4333 τὰς
1573 4272 1743 4336 αὑτὰς

159 4365 345 4428 αἰτίας
380 4363 551 4417 είσαεί
584 4380 714 4415 ποτε
742 4363 1008 4430 γίνονται·
1037 4359 1208 4414 ταῦτα
1228 4359 1336 4434 γὰρ
1359 4364 1452 4416 καὶ
1471 4364 1518 4417 οἱ
1553 4363 1743 4436 Ἕλλη-

1843 3329 2078 3397 ligimus,
2113 3337 2292 3382 tamen
2323 3327 2626 3382 scientifice
2655 3329 2704 3381 itl
2749 3328 3011 3383 habemus
3035 3340 3091 3384 et
3119 3330 3426 3397 dependen-

1846 3430 1926 3474 ter
1975 3435 2004 3474 a
2034 3435 2218 3486 sensu,
2250 3435 2359 3490 quo
2395 3420 2598 3475 idcirco
2629 3435 2882 3489 egemus;
2917 3420 3050 3474 nihil
3102 3422 3247 3475 enim
3278 3423 3424 3492 quod

1846 3528 2066 3568 sensum
2097 3511 2268 3581 fugiat
2298 3513 2702 3581 cognoscimus,
2740 3512 2844 3568 etsi
2868 3513 3032 3566 etiam
3059 3511 3176 3581 ejus
3201 3529 3422 3570 sensum

1845 3605 2164 3673 accipimus.
2193 3602 2264 3657 At
2293 3611 2502 3659 mentes
2534 3603 2730 3657 divina:
2760 3603 3270 3672 supermundialiter
3293 3605 3421 3660 illu-

1843 3705 2089 3751 strantur
2113 3695 2436 3762 rationibus,
2461 3705 2516 3750 et
2549 3696 2602 3749 in
2627 3704 2836 3750 mentes
2854 3706 3117 3767 cognatas
3141 3697 3422 3753 transfun-

1845 3793 2012 3857 dunt;
2045 3801 2100 3846 et
2129 3790 2361 3856 mansio,
2390 3800 2445 3844 et
2477 3789 2726 3855 firmitas,
2762 3799 2816 3844 et
2870 3793 3327 3860 contemperatio,
3365 3801 3422 3848 et

1844 3885 2196 3941 conservatio
2231 3883 2364 3952 ipsis
2404 3892 2490 3940 est
2515 3896 2581 3936 ex
2614 3883 2858 3938 bonitate
2885 3883 3001 3948 Dei,
3026 3885 3279 3955 quodque
3309 3888 3423 3943 sint

1844 3979 2018 4034 instar
2063 3978 2319 4033 domicilii
2349 3975 2655 4044 cujusdam,
2688 3991 2751 4029 ac
2783 3975 2977 4032 divinae
3011 3993 3121 4032 ara:
3151 3979 3420 4036 bonorum

1845 4087 1963 4141 quae
1990 4085 2054 4124 ex
2090 4069 2199 4123 Deo
2232 4076 2386 4127 sunt.
2434 4065 2650 4120 Ἑστίαν
2684 4067 2828 4120 enim
2871 4077 3086 4122 veteres
3117 4083 3268 4122 aram
3317 4082 3419 4139 ap-

1844 4163 2144 4234 pellabant,
2180 4162 2235 4216 in
2265 4174 2370 4228 qua
2403 4160 2672 4214 sacrificia
2702 4160 3124 4215 consecrabant.
3154 4160 3421 4217 Dicebant

1843 4254 2006 4308 etiam
2036 4253 2140 4307 alio
2161 4249 2326 4322 385
2357 4266 2519 4306 sensu
2544 4249 2752 4312 ἑστίαν,
2794 4250 2966 4317 ipsum
2993 4265 3170 4304 rerum
3199 4251 3416 4306 divina-

1845 4361 1966 4399 rum
1997 4343 2336 4408 firmitatem,
2379 4356 2540 4410 quam
2573 4353 2978 4395 sacrosanctam
3026 4340 3319 4404 habebant,
3360 4351 3418 4398 et

160 4473 257 4520 νες
291 4456 409 4509 θεῖα
441 4453 625 4522 ἔλεγον
657 4453 791 4526 πρὸς
835 4451 1240 4523 ἀντιδιαστολὴν
1285 4433 1393 4506 τῶν
1429 4453 1553 4507 καθ’
1598 4433 1742 4527 ὴμᾶξς

1850 4436 2219 4511 jusjurandum
2244 4433 2609 4502 appellabant,
2639 4446 2724 4487 res
2761 4441 2939 4485 autem
2970 4433 3224 4488 cmlcstes
3254 4448 3420 4490 voca-

160 4549 234 4602 δι⁹
260 4548 420 4613 ἄλλας
445 4548 536 4601 καὶ
556 4547 720 4609 ἄλλας
741 4547 918 4610 αἰτίας
947 4544 1186 4618 ρευστῶν
1207 4564 1267 4600 τε
1295 4548 1388 4600 καὶ
1415 4548 1737 4606 ἀλλοιωτῶν.

1846 4535 1979 4589 bant
2009 4530 2243 4585 divinas.
2288 4526 2442 4581 Philo
2481 4526 2646 4579 etiam
2688 4524 2924 4588 Judznus,
2963 4525 3014 4578 in
3053 4541 3304 4581 sermone
3349 4528 3416 4581 de

163 4644 280 4698 Καὶ
301 4641 362 4695 τὸ
385 4639 629 4710 ἐφίεσθαι
655 4639 815 4693 πάλιν
837 4617 1111 4710 τῆςθείας
1153 4636 1345 4708 αἴγλης
1369 4638 1556 4702 αὑτὰς,
1604 4640 1739 4694 ἀλλὰ

1850 4628 2090 4696 ﬂammea
2121 4622 2421 4689 rhomphwa
2449 4629 2495 4672 et
2530 4619 2818 4682 cherubim,
2843 4619 2920 4672 ait
2951 4635 2964 4671 :
3000 4617 3208 4673 Mansio
3231 4629 3413 4674 autem

163 4735 264 4789 καὶ
304 4733 363 4785 τὸ
389 4729 547 4795 εἶναι,
578 4733 670 4784 καὶ
696 4731 754 4782 τὸ
781 4725 838 4783 εὖ
875 4726 1033 4793 εἶναι,
1072 4729 1137 4780 ὲκ
1172 4726 1374 4798 ταύτης
1398 4726 1500 4797 τῆς
1538 4728 1740 4795 ἀγαθό-

162 4844 329 4899 τητος
360 4824 562 4895 ἔχουσι,
614 4823 706 4876 καὶ
749 4819 882 4891 πρὸς
915 4819 1134 4890 εκείνην
1175 4817 1506 4896 ἀγαθοειδῶς
1541 4819 1742 4872 ἀποτυ-

168 4912 419 4978 ποῦνται,
447 4915 539 4968 καὶ
559 4915 679 4975 ταῖς
714 4912 829 4982 μετ’
859 4910 1028 4973 αὑτὰς
1051 4908 1364 4962 κοινωνοῦσι
1396 4908 1503 4960 τῶν
1532 4907 1739 4980 δώρων,

164 5009 245 5072 ὡς
277 5010 305 5060 ὁ
333 5004 654 5078 περὶ-αὑτὰς
695 5003 836 5066 θεῖος
869 5002 969 5072 τῆς
1006 5001 1292 5064 διαδόσεως
1321 5000 1483 5070 νόμος
1510 5001 1738 5071 ὑφηγεῖ-

166 5117 281 5155 ται.

1847 4718 2085 4789 partium
2130 4712 2341 4775 mundi,
2392 4725 2513 4764 cutn
2557 4721 2661 4765 stet
2707 4711 2958 4776 ﬁrmiter,
2988 4712 3143 4764 ἑστία
3171 4713 3239 4766 ab
3272 4715 3415 4766 anti-

1845 4812 1968 4879 quis
1993 4817 2141 4863 recta
2157 4803 2469 4874 conjectura
2492 4804 2766 4857 nominata
2791 4813 2893 4866 est,
2919 4815 3098 4873 partes
3116 4806 3302 4860 mundi
3323 4821 3414 4861 vo-

1843 4917 1979 4957 cans
2019 4899 2284 4968 fulgorem
2349 4895 2478 4948 solis
2526 4906 2581 4947 et
2631 4895 2769 4949 lunze
2817 4897 2870 4948 in
2914 4897 3164 4951 eumdem
3210 4907 3412 4951 statum

1848 4993 2277 5053 restitutionem,
2309 4989 2811 5056 incretnentumque
2843 5003 2906 5043 ac
2947 4990 3411 5057 imminutionem,

1843 5087 2149 5160 pluviarum
2191 5080 2531 5142 effusionem,
2590 5079 2954 5134 tonitruorum
3013 5097 3077 5135 ac
3137 5082 3410 5152 fulgurttm

168 5195 610 5250 constitutionem
660 5210 725 5249 ac
782 5194 1260 5265 dispensationem,
1315 5199 1622 5266 ceteraque
1660 5203 1780 5259 quae
1820 5182 2115 5241 secundum
2151 5176 2366 5231 easdem
2403 5185 2661 5244 perpetuo
2718 5175 2879 5236 liunt;
2913 5190 3034 5228 nam
3086 5175 3199 5231 haec
3244 5179 3409 5231 etian:

165 5287 398 5358 gentiles
416 5286 596 5342 divina
629 5282 1526 5350 nominabant,addistinctionem
1556 5297 1739 5335 rerum
1788 5275 2136 5337 nostratium,
2181 5283 2301 5340 quae
2350 5267 2470 5321 aliis
2515 5275 2674 5333 atque
2719 5267 2838 5319 aliis
2883 5268 2949 5320 de
3020 5270 3199 5323 causis
3256 5268 3413 5322 fluxae

170 5395 302 5439 sunt
344 5399 408 5439 ac
456 5385 766 5439 mutabiles.
835 5385 1080 5450 Dumque
1159 5395 1350 5436 rursus
1402 5379 1507 5433 illae
1557 5379 1802 5432 divinum
1837 5373 2182 5441 splendorem
2221 5373 2504 5435 appetunt,
2559 5373 2666 5413 tam
2723 5373 2781 5415 ut
2835 5363 2945 5414 sint
2986 5379 3146 5428 quam
3179 5373 3233 5413 ιιι
3274 5364 3412 5415 bene

172 5480 304 5541 sint,
332 5491 400 5530 ex
429 5477 617 5532 eadem
640 5475 884 5530 bonitate
901 5474 1171 5538 obtinent,
1203 5488 1304 5528 nec
1333 5487 1438 5526 non
1465 5471 1565 5540 ipsi
1598 5468 1980 5525 boniformiter
2005 5459 2448 5517 conformantur,
2479 5463 2534 5507 et
2585 5453 2737 5523 juxta
2793 5454 2990 5507 divina:
3048 5454 3180 5522 legis
3241 5455 3414 5507 dicta-

171 5585 319 5635 men,
364 5569 654 5625 inferiores
697 5584 827 5624 suos
867 5571 1131 5624 donorum
1182 5566 1409 5620 istorum
1455 5565 1747 5633 participes
1779 5559 2041 5616 efficiunt.

241 5665 268 5737 ᾗ
297 5665 356 5717 Il.
397 5663 527 5716 Ἀπὸ
547 5663 746 5732 ταύτης
785 5665 883 5732 τῆς
915 5661 1063 5724 θείας
1095 5659 1430 5730 ὰγαθότητος
1466 5656 1644 5710 αὐτῶν
1691 5658 1740 5708 οἱ

169 5755 368 5828 βαθμοὶ
394 5755 488 5807 καὶ
514 5756 566 5806 αἱ
594 5754 772 5818 τάξεις
797 5755 954 5816 εἰσὶν,
985 5755 1038 5806 αἱ
1082 5752 1215 5821 πρὸς
1244 5749 1477 5820 ἀλλήλας
1501 5745 1743 5808 ἑνώσεις,

283 5865 468 5922 'IPsal.
505 5880 602 5933 cu,
634 5865 726 5923 20.

1923 5652 1948 5723 §
1979 5652 2038 5703 ll.
2068 5649 2148 5702 Ab
2167 5647 2273 5700 hac
2300 5642 2478 5698 divina
2512 5640 2750 5694 bonitate
2784 5639 2913 5708 ipsis
2937 5647 2991 5691 et
3013 5639 3214 5708 gradus
3258 5647 3404 5699 sunt,

1852 5753 1906 5798 ct
1935 5741 2178 5795 ordines.
2209 5747 2262 5790 et
2301 5736 2366 5788 ad
2402 5731 2632 5786 invicem
2681 5730 2927 5795 uniones,
2984 5731 3035 5785 id
3078 5739 3160 5784 est
3194 5729 3408 5783 divinus
