4186 6308
822 306 918 362 751

1918 316 1974 370 8Δ
2021 317 2085 371 D1
2094 316 2180 373 ON
2189 317 2326 376 YSll
2362 318 2831 379 AREOPAGITAE

3987 342 4094 399 753

817 442 971 479 amor
995 424 1064 481 ad
1088 428 1344 486 invicem.
1384 431 1486 497 Qui
1520 432 1737 487 divinus
1764 450 1939 500 amor,
1965 452 2090 490 cum
2126 439 2195 492 sit
2222 438 2373 492 etinn

2492 439 2782 511 δηλονότιὸ
2807 442 2942 513 πρὸς
2969 443 3201 516 ἀλλήλας
3219 444 3531 522 θεοπρεπὴς
3550 451 3706 522 ἔρως.
3740 456 3836 520 Ὃς
3852 457 3914 519 δὴ
3946 458 4090 523 θεῖος

815 520 1068 586 uiuificus,
1111 522 1393 593 conjungit
1436 521 1583 592 ipsas
1633 542 1736 581 non
1788 530 2084 583 acervatim
2146 545 2397 599 compor-

816 621 961 675 tans,
993 615 1086 667 sed
1113 616 1425 669 amabiliter
1458 620 1859 689 constringens.
1891 620 2022 675 Nam
2057 639 2178 676 cum
2208 622 2396 677 resin-

816 702 1143 774 telligibiles,
1172 714 1230 758 ut
1249 717 1301 759 et
1326 708 1633 772 sensibiles,
1666 712 1943 779 acquivoce
1989 714 2259 779 dicantur,
2289 712 2392 765 alia

812 795 1030 863 quidem
1062 806 1188 849 sunt
1226 800 1397 866 unita,
1423 814 1477 854 et
1516 817 1627 863 asc
1660 814 1846 857 mutuo
1886 805 2391 873 dependentia,alia

811 902 942 941 vero
960 889 1130 944 divisa
1158 902 1211 943 et
1242 902 1588 946 coacervata.
1616 898 1693 949 Ac
1723 894 2145 965 intelligibilium
2172 898 2389 968 quidem

811 982 966 1035 unita
994 992 1141 1046 sunt,
1172 984 1341 1038 veluti
1370 986 1572 1054 lumen,
1608 988 1738 1054 vita,
1771 999 1825 1044 et
1856 991 2091 1045 mundus
2134 990 2394 1062 intelligi-

808 1072 959 1136 bilis,
1005 1084 1058 1127 et
1111 1074 1317 1129 similia
1348 1095 1361 1143 ;
1394 1080 1693 1135 secundum
1733 1097 1895 1151 quam
1931 1084 2186 1137 unionem
2220 1084 2387 1138 etiam

807 1165 1025 1221 ordines
1050 1168 1370 1238 angelorum
1405 1182 1534 1225 sunt
1570 1174 1728 1236 uniti,
1756 1183 1812 1229 et
1841 1191 1868 1228 a
1893 1191 1953 1233 se
1985 1187 2174 1231 mutuo
2204 1177 2388 1232 divino

804 1272 994 1312 amore
1049 1259 1388 1330 dependent;
1431 1264 1604 1319 divisa
1656 1281 1786 1322 vero
1824 1277 1884 1322 et
1920 1270 2177 1338 apposita
2227 1283 2382 1338 sunt,

804 1349 952 1404 velut
979 1356 1275 1420 exercitus,
1306 1364 1359 1409 et
1389 1359 1525 1411 ordo
1567 1375 1629 1427 pa
1644 1360 1922 1416 rticularis
1964 1365 2303 1433 angelorum.
2334 1376 2388 1423 et

806 1442 1016 1496 familia
1045 1455 1101 1499 et
1130 1447 1352 1505 chorus.
1387 1446 1446 1502 ln
1469 1450 1767 1505 sensilibus
1789 1462 1967 1507 autem
2003 1457 2131 1510 unio
2161 1468 2244 1512 est
2266 1460 2384 1514 ani-

805 1532 937 1598 mal,
967 1536 1154 1599 arbor,
1195 1540 1427 1593 mundus
1449 1541 1534 1595 hic
1556 1541 1867 1604 sensibilis;
1901 1544 2198 1601 divisiones
2231 1563 2381 1615 vero,

801 1644 957 1697 grex,
991 1630 1239 1698 populus,
1272 1634 1493 1697 chorus,
1528 1647 1779 1689 acervus.
1815 1636 2015 1691 Verum
2054 1638 2134 1692 hae
2162 1641 2384 1709 quidem

800 1732 926 1775 sunt
981 1723 1214 1777 uniones
1270 1724 1639 1794 angelicarum
1692 1728 1957 1781 virtutum
1996 1730 2064 1783 ad
2124 1730 2379 1797 invicem,

802 1814 1007 1868 habent
1049 1827 1231 1869 autem
1274 1817 1440 1870 etiam
1497 1828 1713 1873 mutuas
1747 1822 2181 1888 penetrationes,
2216 1833 2382 1894 atque
2412 1802 2455 1858 Β

802 1907 1001 1960 iterum
1040 1907 1425 1964 distinctiones
1489 1910 1827 1966 inconfusas.
1889 1913 2381 1986 Mutuassquidem

798 2000 1229 2066 penetrationes,
1268 2015 1350 2055 ne
1379 2004 1609 2058 uniones
1648 2005 1957 2074 intelligens
1988 2008 2055 2062 ad
2106 2008 2337 2066 invicem
2362 2042 2389 2079 ,-_

798 2091 1104 2145 naturalem
1162 2092 1399 2160 aliquam
1459 2095 1667 2151 dixeris
1721 2098 2024 2167 unionem,
2078 2105 2376 2158 secundum

798 2194 967 2250 quam
983 2192 1164 2253 partes
1182 2183 1247 2237 ad
1265 2186 1431 2240 totius
1457 2186 1683 2257 alicujus
1702 2189 2157 2260 complementum
2177 2194 2377 2249 uniun-

798 2284 909 2340 tur;
938 2276 1032 2329 sed
1064 2274 1233 2330 libera
1259 2286 1341 2330 est
1367 2280 1702 2347 penetratio,
1728 2297 1837 2351 qua
1865 2282 1968 2337 ista
2000 2284 2129 2340 unlo
2157 2285 2251 2341 Dei
2282 2288 2379 2341 bo-

796 2369 967 2422 nitate
1015 2368 1067 2423 in
1118 2369 1250 2438 ipsis
1282 2372 1379 2425 lit:
1417 2387 1539 2427 nam
1569 2389 1656 2429 res
1694 2378 1939 2431 materia:
1959 2389 2214 2448 expertes
2239 2389 2292 2436 et
2318 2397 2378 2437 se

795 2471 981 2515 mumo
1008 2462 1296 2517 lnconfuse
1323 2473 1610 2531 penetrant
1631 2507 1644 2529 ,
1675 2476 1731 2522 et
1755 2472 1973 2523 rursum
2000 2467 2283 2537 recedunt,
2312 2491 2377 2530 ac

794 2551 1205 2617 discernuntur,
1233 2569 1407 2624 atque
1427 2556 1492 2609 ad
1520 2557 1621 2611 boc
1654 2570 1783 2612 sunt
1829 2560 2029 2630 gradus
2057 2571 2111 2617 et
2147 2563 2375 2621 ordines

794 2645 1031 2713 ipsorum
1061 2646 1219 2715 primi
1249 2656 1302 2701 et
1328 2650 1575 2704 secundi.
1608 2650 1688 2704 Tu
1719 2667 1847 2707 vero
1876 2654 2184 2721 considera,
2207 2656 2377 2729 386

792 2740 1064 2805 quomodo
1100 2740 1531 2795 inconfusionem
1584 2753 1750 2812 ponat
1796 2745 1849 2798 in
1898 2746 2368 2807 distinctionibus.

791 2829 1091 2898 Oportebat
1132 2834 1281 2888 enim
1324 2835 1506 2903 potius
1554 2837 1606 2891 id
1648 2836 1856 2892 dictum
1888 2839 1939 2893 in
1975 2842 2175 2898 mutuis
2211 2854 2373 2913 pene‘

792 2924 1155 2991 t‘ratibnibus,
1176 2926 1263 2980 ubi
1287 2928 1451 2981 etiam
1482 2929 1820 2985 confusionis
1836 2932 2083 3001 suspicio
2096 2935 2366 3003 oboritur;

790 3018 887 3071 Sed
920 3017 1047 3072 huic
1078 3020 1345 3085 occurrit,
1376 3021 1711 3091 assignando
1734 3022 1927 3077 statim
1956 3026 2123 3079 etiam
2170 3026 2361 3083 distin-

2498 530 2637 603 ἔρως
2674 530 2749 585 ὢν
2785 535 2877 587 καὶ
2917 535 3178 602 ἑνοποιὸς,
3223 542 3485 604 συνάπτει
3527 544 3694 607 αὑτάς
3736 546 3794 598 οὐ
3845 551 4093 621 σωρηδὸν

2500 624 2866 695 συγκομίζων,
2912 626 3047 679 ἀλλά
3082 628 3383 699 ἀγαπητῶς
3423 631 3753 703 συνδεσμῶν.
3796 635 3932 705 ,Τῶν
3976 639 4089 711 γάρ

2497 715 2725 785 νοητῶν,
2755 715 2831 779 ὼς
2862 717 2957 769 καὶ
2982 716 3092 771 τῶν
3117 718 3412 791 αἰσθητῶν,
3453 722 3623 776 ὄντων
3663 726 3970 797 ὁμωνύμως
3999 728 4085 783 λε-

2495 806 2761 874 γομένων,
2785 806 2854 859 τά
2883 808 2980 878 μὲν
3007 808 3154 863 ἔστιν
3179 813 3437 883 ἡνωμένα
3471 807 4084 890 καῖ’ἀλληλουχούμενα,

2493 899 2567 951 τά
2587 897 2643 949 δὲ
2673 897 2978 971 διῃρημένα
3008 902 3103 954 καὶ
3130 905 3390 975 σωρηδὸν.
3424 909 3532 960 Καὶ
3556 909 3762 980 νοητῶν
3794 912 3893 981 μὲν
3937 914 4087 983 ήνω-

2498 989 2655 1060 μένα,
2700 985 2812 1045 οἷον
2851 991 2989 1061 φῶς,
3028 992 3163 1066 ζωὴ,
3208 997 3301 1049 καὶ
3339 1000 3527 1070 νοητὸς
3570 1000 3795 1072 κόσμος,
3838 1005 3933 1057 καὶ
3980 1007 4084 1059 ὅσα

2491 1082 2735 1147 τοιαῦτα,
2763 1084 2883 1137 καθ’
2906 1087 2971 1156 ἣν
3005 1087 3197 1141 ἕνωσιν
3235 1091 3328 1143 καὶ
3369 1093 3425 1143 αἰ
3463 1092 3570 1145 τῶν
3610 1095 3859 1164 ἀγγέλων
3895 1087 4085 1165 τάξεις

2490 1172 2629 1225 cicini
2668 1174 3100 1245 ἐνοποιούμεναι,
3154 1181 3247 1253 καὶ
3290 1181 3780 1256 ἀλληλουχούμεναι
3825 1188 3902 1259 τῷ
3948 1190 4082 1264 θείῳ

2491 1261 2686 1334 ἔρωτι·
2714 1264 3017 1339 διῃρημένα
3044 1268 3102 1322 δὲ
3126 1272 3221 1324 καὶ
3246 1272 3303 1324 ὲν
3327 1275 3652 1345 παραθέσει,
3679 1279 3793 1333 οἷον
3824 1261 4077 1352 στρατιά,

2490 1354 2583 1407 καὶ
2615 1354 2768 1420 τάξις
2801 1356 2905 1410 ἰδία
2940 1359 3205 1427 ἀγγέλων,
3235 1364 3327 1417 καὶ
3350 1365 3575 1437 πατριὰ,
3618 1371 3709 1421 καὶ¹
3736 1370 3913 1441 χορός.
3954 1373 4080 1428 Ἐπὶ

2581 1448 2877 1519 αἰσθητῶν,
2921 1450 3141 1517 ἐνώσεις
3170 1454 3269 1525 μὲν
3298 1455 3457 1521 ζῶον,
3496 1458 3733 1531 δένδρον,
3762 1465 3789 1514 ὁ
3816 1463 4079 1535 αἰσθητὸς

2485 1532 2639 1607 οὗτος
2682 1540 2919 1612 κόσμος’
2967 1543 3259 1615 διαιρέσεις
3308 1547 3361 1599 δὲ
3412 1549 3636 1622 ποίμνη,
3669 1552 3859 1622 δῆμος,
3889 1532 4074 1626 χορὸς,

2488 1634 2680 1705 σωρός.
2721 1634 2859 1688 Ἀλλ’
2889 1629 3045 1690 αῦται
3066 1637 3164 1705 μέν
3191 1640 3327 1692 εἰσιν
3351 1643 3405 1693 αἱ
3431 1643 3565 1713 πρὸς
3593 1644 3824 1717 ἀλλήλας
3850 1647 4078 1713 ὲνώσεις

2484 1728 2591 1781 τῶν
2614 1729 2920 1797 ἀγγελικῶν
2946 1730 3247 1802 δυνάμεων,
3285 1734 3468 1805 ἔχουσι
3495 1735 3550 1789 δὲ
3578 1738 3670 1790 καὶ
3697 1740 3755 1791 ὲν
3791 1740 4077 1812 ἀλλήλαις,

2484 1820 2578 1873 καὶ
2612 1815 2766 1885 αὖθις
2799 1820 3100 1895 διακρίσεις
3141 1824 3502 1894 ἀσυγχύτους.
3546 1829 3832 1900 Χωρήσεις
3885 1833 3985 1903 μὲν
4017 1836 4077 1887 ὲν

2483 1909 2759 1980 ἀλλήλαις,
2785 1911 2865 1964 ὃτι
2897 1912 2971 1984 μή
3000 1912 3238 1976 ἀκούσας
3263 1914 3485 1979 ἐνώσεις
3524 1918 3659 1988 πρὸς
3696 1919 3954 1991 ἀλλήλας,
3984 1941 4079 1991 φυ-

2484 2000 2641 2070 σικήν
2662 2016 2783 2053 τινα
2805 1999 2964 2071 εἴπης
2997 2001 3209 2065 ἕνωσιν,
3234 2003 3355 2056 καθ’
3378 2005 3443 2075 ἣν
3469 2006 3709 2059 ένοῦνται
3726 2008 3794 2061 τά
3825 2010 3970 2083 μέρη
3996 2014 4078 2076 εἰς

2482 2086 2598 2155 ἐνὸς
2630 2091 2750 2145 ὅλου
2783 2093 3198 2166 συμπλήρωσιν,
3230 2094 3365 2149 ἀλλὰ
3399 2099 3700 2169 προαιρετή
3743 2101 3859 2153 ἐστι
3884 2102 4075 2175 χώρη-

2484 2202 2586 2248 σις,
2618 2185 2891 2257 ήτοιαύτη
2920 2186 3113 2259 ἓνωσις
3157 2187 3216 2253 ὲξ
3252 2188 3591 2259 ἀγαθότητος
3628 2189 3764 2243 Θεοῦ
3802 2196 4074 2266 γενομένη

2480 2273 2559 2335 εἰς
2583 2272 2752 2337 αὑτάς
2773 2290 2785 2303 ·
2810 2272 2877 2326 τά
2899 2273 3007 2345 γάρ
3028 2274 3165 2328 ἀῦλα
3190 2276 3284 2329 καὶ
3305 2280 3362 2329 ὲν
3379 2277 3629 2350 ἀλλήλοις
3649 2285 3816 2353 χωρεῖ
3834 2283 4075 2355 ἀσυγχύ-

2478 2382 2606 2438 τως,
2636 2368 2729 2418 καὶ
2757 2366 2919 2420 πάλιν
2945 2366 3222 2439 ἀποχωρεῖ
3255 2372 3349 2422 καὶ
3384 2369 3737 2441 διακρίνεται,
3782 2375 3879 2427 καὶ
3910 2376 4073 2430 τοῦτὸ

2478 2460 2624 2511 ἐστιν
2656 2461 2703 2512 οἰ
2740 2459 2935 2531 βαθμώ¹
2961 2460 3054 2515 καὶ
3080 2462 3134 2515 αἰ
3155 2460 3337 2527 τάξεις
3364 2464 3543 2517 αὐτῶν
3570 2467 3781 2537 πρῶται
3810 2470 3905 2522 καὶ
3951 2470 4073 2523 δεύ-

2475 2570 2649 2622 τεραι.
2678 2553 2749 2606 Σὺ
2787 2554 2841 2606 δὲ
2881 2555 3094 2617 σκόπει,
3134 2555 3249 2619 πῶς
3274 2556 3334 2609 τὸ
3366 2557 3668 2627 ἀσύγχυτον
3694 2562 3922 2615 ἐπὶτῶν
3960 2563 4074 2617 δια-

2475 2645 2711 2716 κρίσεων
2736 2645 2969 2716 τίθησιν.
2994 2646 3141 2699 Ἔδει
3161 2646 3269 2719 γάρ
3295 2648 3494 2717 μᾶλλον
3507 2651 3640 2721 περὶ
3664 2651 3774 2705 τῶν
3799 2655 3881 2716 εἰς
3906 2654 4073 2725 ἀλλή-

2475 2737 2573 2800 λας
2595 2740 2887 2813 χωρήσεων
2943 2739 3099 2792 τοῦτο
3150 2740 3344 2803 εἰπεῖν,
3393 2742 3524 2794 ὅπου
3582 2745 3755 2817 καῖ’-ἡ
3804 2745 4072 2817 σύγχυσις

2475 2830 2863 2884 ὑποπτεύεται.
2897 2831 3035 2883 Ἀλλ’
3056 2833 3234 2884 έκεῖνο
3260 2831 3359 2902 μὲν
3386 2832 3766 2904 θεραπεύεται,
3786 2838 3864 2909 τῷ
3889 2842 4069 2893 εἰπεῖν

2472 2924 2631 2987 εὐθὺς
2656 2924 2749 2976 καὶ
2770 2924 3037 2995 διάκρισιν
3051 2924 3159 2976 τῶν
3181 2924 3457 2997 ἰδιοτήτων
3480 2928 3578 2998 τὴν
3606 2928 3897 3000 σύγχυσιν,
3927 2934 3962 3003 ή
3989 2934 4069 2997 εἰς

2472 3015 2674 3086 ἄλληλα
2711 3015 2973 3087 χώρησις,
3024 3018 3145 3069 ἐπεὶ
3195 3017 3355 3081 εὐθὺς
3384 3018 3666 3073 ἀκολουθεί
3705 3023 3739 3092 ή
3764 3022 4065 3095 διάκρισις.

791 3110 1023 3166 cti'onem
1059 3112 1478 3182 pr0prietatum,
1527 3131 1596 3169 ne
1645 3115 1897 3171 confusio
1924 3117 1996 3172 sit
2043 3118 2133 3173 illa
2182 3132 2367 3175 mutua

2488 3106 2609 3160 Ἐπὶ
2637 3106 2693 3159 δὲ
2723 3106 2833 3159 τῶν
2877 3107 3199 3179 διακρίσεων
3225 3110 3275 3162 τί
3306 3100 3492 3169 εἶπενς
3521 3112 3844 3183 ἀσύγχυτον,
3888 3114 4069 3185 δηλῶν

791 3207 1120 3276 penetratio.
1174 3206 1434 3274 quoniam
1466 3207 1609 3261 illico
1659 3211 1909 3278 sequitur
1948 3212 2260 3271 .distinctio.
2312 3214 2369 3270 id

790 3295 1238 3350 distinctionibus
1268 3306 1450 3349 autem
1480 3295 1811 3352 intellectam
1840 3299 2009 3356 fuisse
2034 3303 2372 3359 in'confusio-

790 3401 941 3453 nem,
972 3389 1214 3442 det-[arat
1246 3389 1458 3443 ordinis
1507 3405 1695 3445 eorum
1730 3392 2169 3463 immutabilitas;
2202 3396 2371 3466 siqui-

790 3482 912 3537 dem
938 3480 1237 3536 secundum
1268 3483 1581 3539 istiusmodi
1612 3485 2016 3541 distinctionem
2063 3490 2369 3546 censistunt

788 3575 995 3645 gradus
1021 3586 1075 3629 et
1100 3575 1323 3631 ordines
1370 3592 1581 3643 earum,
1612 3580 1913 3633 secundum
1950 3595 2088 3649 quos
2134 3580 2367 3651 primum

789 3673 868 3724 cst
898 3678 954 3723 et
996 3671 1319 3726 schndum.‘
1360 3670 1566 3725 ldcirco
1593 3671 1992 3739 quodammodo
2031 3672 2203 3738 dicit,
2260 3682 2365 3729 nan

790 3760 939 3830 quod
970 3776 1030 3816 se
1061 3771 1251 3815 mutuo
1280 3766 1591 3831 penetrant,
1644 3770 1699 3817 et
1734 3763 1928 3817 iterum
1960 3763 2363 3830 discemdntur,

789 3855 1062 3910 immutari
1090 3858 1315 3911 ordines
1341 3869 1553 3922 earum,
1608 3872 1674 3912 ne
1722 3859 2100 3913 confusionem
2130 3858 2364 3929 aliquam

786 3941 1080 4019 intelligas,
1106 3950 1206 4003 sed
1245 3949 1444 4003 iterum
1502 3949 1634 4017 ipsis
1682 3949 1934 4003 eumdem
1968 3951 2216 4005 ordinem
2247 3968 2366 4005 ma-

788 4044 939 4105 nere,
975 4042 1191 4096 tametsi
1222 4057 1281 4097 se
1309 4051 1498 4096 mutuo
1530 4052 1842 4111 penetrent.
1873 4042 1988 4097 Hoc
2035 4044 2232 4097 iterum
2280 4054 2365 4100 est

785 4130 1050 4187 bonitatis
1082 4130 1200 4196 Dei,
1228 4133 1376 4200 quod
1413 4131 1708 4185 inferiores
1753 4132 1981 4187 virtutes
2025 4133 2093 4187 ad
2118 4134 2365 4203 superioo

782 4238 871 4278 res
898 4224 1264 4289 adducantur,
1298 4233 1353 4278 et
1402 4239 1595 4279 rursus
1644 4225 1963 4293 superiores
2006 4225 2363 4282 inferioribus

783 4318 1132 4386 provideant,
1162 4328 1220 4371 ut
1249 4332 1429 4386 neque
1465 4319 1592 4387 ipsa:
1620 4319 1887 4387 principia
1918 4319 2030 4373 sint
2074 4319 2362 4373 adductio—

782 4413 886 4478 nis,
914 4426 1092 4480 neque
1121 4410 1203 4465 hae
1233 4412 1566 4465 inconversae
1583 4412 1694 4466 sint
1716 4413 1780 4465 ad
1800 4412 2361 4482 providentiam;uno

2473 3196 2533 3249 τὸ
2565 3197 2667 3266 τῆς
2704 3197 2909 3263 τάξεως
2949 3199 3128 3253 αὐτῶν
3162 3201 3577 3273 ἀπαράλλακτον
3596 3206 3759 3257 ’.ἐπεὶ
3787 3205 3900 3277 γάρ
3923 3205 4067 3259 κατά

2471 3290 2571 3362 τὴν
2601 3288 2858 3360 τοιαύτην
2890 3290 3161 3361 διάκρισιν
3194 3293 3541 3348 συνίστανται
3572 3286 3619 3348 οἰ
3651 3296 3852 3367 βαθμοὶ
3883 3299 3980 3351 καὶ
4010 3302 4065 3353 αἰ

2472 3382 2654 3447 τάξεις
2684 3382 2884 3444 αὐτῶν,
2910 3383 3031 3436 καθ’
3056 3384 3121 3448 ἃς
3152 3386 3212 3439 τὸ
3243 3388 3458 3456 πρῶτόν
3492 3390 3608 3440 ἐστι
3640 3390 3734 3442 καὶ
3768 3388 3830 3441 τὸ
3869 3389 4061 3443 δεύτε-

2475 3493 2586 3549 ρον.
2635 3475 2732 3529 Διά
2777 3475 2932 3529 τοῦτο
2971 3476 3171 3531 ὡσανεὶ
3219 3479 3386 3549 λέγει,
3442 3481 3515 3552 μὴ
3567 3482 3649 3534 ὃτι
3696 3484 3753 3534 ὲν
3799 3482 4065 3556 ἀλλήλαις

2472 3570 2727 3641 χωροῦσι,
2766 3570 2859 3622 καὶ
2895 3570 3053 3623 πάλιν
3094 3571 3477 3643 διακρίνονται,
3526 3570 3882 3645 παραλλαγὴν
3920 3575 4062 3647 λαμ·-

2471 3662 2764 3726 6άνειντάς
2806 3661 2989 3726 τάξεις
3024 3662 3225 3726 αὐτῶν,
3258 3664 3352 3716 καὶ
3389 3662 3650 3733 σύγχυσίν
3689 3680 3811 3716 τινα
3858 3664 3932 3736 μή
3968 3670 4059 3719 ὲν-

2470 3746 2703 3828 νοήσης·
2746 3755 2860 3809 ἀλλ’
2902 3758 2935 3827 ή
2977 3752 3113 3824 αὑτὴ
3144 3754 3305 3808 πάλιν
3335 3754 3484 3826 μένει
3520 3755 3675 3820 τάξις
3704 3758 3917 3821 αὐταῖς,
3950 3760 4059 3813 ach

2470 3849 2564 3900 καὶ
2594 3851 2652 3901 ὲν
2686 3846 2941 3917 ἀλλήλαις
2964 3845 3201 3917 χωρῶσι.
3235 3844 3403 3900 Πάλιν
3439 3848 3556 3899 ἐστί
3588 3847 3686 3915 τῆς
3717 3848 4058 3918 ἀγαθότητες

2468 3938 2564 3991 τοῦ
2590 3934 2725 3990 Θεοῦ
2756 3938 2815 3991 τὸ
2836 3938 2935 4001 τάς
2967 3937 3263 4009 ὑφειμένας
3292 3938 3548 4008 δυνάμεις
3580 3938 3714 4009 πρὸς
3738 3939 3838 4003 τάς
3871 3941 4057 4012 κρείτ-

2467 4046 2593 4099 τους
2618 4028 2934 4096 ἀνάγεσθαι,
2966 4028 3057 4080 καὶ
3086 4027 3246 4080 πάλιν
3275 4027 3375 4090 τὰς
3404 4028 3684 4099 κρείττους
3722 4028 3833 4081 τῶν
3862 4029 4052 4082 δευτέ-

2610 4122 2858 4191 προνοεῖν
2886 4119 2959 4181 ὡς
3002 4120 3125 4189 μήτ’
3158 4118 3372 4182 ὲκείνας
3404 4096 3580 4188 ἀρχάς
3609 4115 3748 4173 εἰναι
3781 4120 3909 4191 περὶ
3948 4121 4053 4191 τὴν

2467 4214 2774 4282 ἀναγωγὴν,
2807 4215 2941 4283 μήτε
2970 4211 3168 4275 ταύτας
3190 4213 3616 4283 άνεπιστρόφους
3642 4215 3769 4283 περὶ
3782 4213 3882 4284 τὴν
3910 4215 4050 4284 πρό-

2466 4323 2616 4359 νοιαν
2639 4323 2654 4339 ο
2689 4305 2806 4369 ἐνὸς
2832 4304 2941 4374 γάρ
2967 4303 3111 4356 δυοῖν
3139 4303 3435 4367 λείποντος,
3467 4306 3567 4358 οὑκ
3593 4301 3659 4375 ἦν
3684 4322 3737 4357 τι
3772 4305 4046 4373 γενέσθαι.

2481 4396 2616 4449 Ἀλλ’
2658 4398 2691 4468 ή
2729 4394 2999 4465 ἀγαθότης
3027 4397 3059 4464 ή
3095 4394 3235 4456 θεία,
3267 4394 3437 4458 οὕτως
3469 4396 3594 4466 περὶ
3638 4395 3816 4449 αὐτῶν
3848 4396 4050 4467 ᾠκονό-

780 4502 925 4553 enim
955 4515 985 4554 e
1014 4501 1225 4553 duobus
1255 4500 1545 4555 deficiente
1575 4500 1709 4554 nihil
1740 4502 1914 4554 fieret.
1949 4500 2149 4556 Verum
2178 4500 2358 4552 divina

2474 4506 2611 4559 μησε
2632 4505 2644 4517 ·
2678 4488 2808 4561 παρ’
2831 4483 2909 4550 οἷς
2934 4488 3028 4539 καὶ
3058 4489 3113 4540 αἰ
3136 4487 3243 4539 τῶν
3270 4487 3480 4540 οἰκείων
3503 4487 3737 4558 ἑκάστης
3766 4488 4050 4558 δυνάμεως

782 4593 1000 4646 b0nitas
1056 4594 1130 4646 ita
1178 4594 1241 4646 de
1295 4593 1424 4662 ipsis
1474 4593 1763 4661 disnosuit.
1820 4590 1961 4645 Hinc
2016 4594 2181 4645 etiam
2233 4602 2361 4645 sinit

783 4684 1017 4751 propriae
1045 4684 1307 4753 cujusque
1335 4684 1554 4737 virtutis
1597 4682 1881 4747 custodiae,
1910 4692 1965 4737 et
1992 4682 2359 4737 immutabiles

781 4779 989 4831 circum
1026 4778 1353 4845 semetipsas
1377 4776 1813 4831 convolutiones.
1846 4775 1922 4829 Ne
1949 4776 2234 4831 existimes
2260 4790 2359 4827 au-

780 4879 889 4923 tem
916 4870 1082 4937 ipsas.
1101 4872 1243 4937 quod
1272 4870 1484 4937 potiora
1507 4868 1839 4931 desiderent,
1868 4878 2217 4923 contemnere
2234 4885 2359 4939 pro-

779 4960 1229 5028 pria.Volvuntur
1252 4968 1432 5013 autem
1454 4960 1653 5013 divinae
1682 4968 1893 5013 mentes
1915 4960 2126 5014 circum
2156 4972 2358 5015 semet-

780 5053 923 5120 ipsas
958 5066 1066 5105 non
1094 5052 1428 5106 volutatione
1456 5055 1691 5122 quadam
1742 5055 2146 5121 corporea,sed
2172 5070 2359 5123 super-

779 5144 1043 5197 mundiali
1093 5153 1147 5195 et
1196 5143 1553 5213 intelligente,
1583 5153 1638 5197 et
1662 5145 1810 5211 quali
1840 5160 1993 5199 mens
2021 5145 2160 5200 volvi
2191 5150 2350 5209 solet,

780 5237 909 5288 dnrn
939 5251 1002 5289 ex
1035 5237 1210 5304 seipsa
1236 5236 1300 5289 ad
1335 5236 1805 5291 considerationcs
1830 5240 2189 5307 progreditur,
2208 5250 2261 5293 et
2287 5243 2354 5296 ad

783 5329 1020 5396 seipsam
1055 5328 1372 5390 revertitur,
1403 5342 1506 5381 non
1537 5342 1669 5381 vero
1690 5339 1847 5382 extra
1875 5330 2220 5399 semetipsam
2274 5330 2356 5382 di-

777 5420 936 5471 vulsa
970 5420 1105 5471 abit.
1138 5418 1247 5472 Hoc
1281 5421 1445 5471 etiam
1479 5420 1909 5474 insinuantroun
1934 5422 2075 5488 apud
2110 5420 2351 5476 divinum

778 5515 1145 5579 hecbielem,
1181 5532 1300 5584 qua:
1349 5516 1543 5569 multos
1589 5516 1792 5570 habent
1826 5516 2036 5570 oculos.
2068 5516 2148 5571 Ex
2170 5516 2352 5571 divina

774 5624 997 5679 quoque
1020 5609 1262 5663 bonitate
1286 5610 1559 5664 exsistunt
1583 5610 1699 5663 istae
1727 5610 1869 5663 circa
1886 5609 2010 5663 boni
2028 5607 2351 5663 desiderium

784 5704 1100 5757 identitates
1128 5712 1184 5755 et
1208 5703 1605 5756 extremitates.
1634 5702 1898 5755 ldentitas
1944 5701 2162 5769 quidem
2194 5702 2353 5756 intel-

781 5795 1020 5864 ligenda,
1046 5794 1267 5849 minime
1294 5794 1551 5849 deﬁciens
1582 5810 1611 5847 a
1643 5793 1753 5847 Deo
1780 5791 2125 5861 conjunctio;
2164 5802 2349 5846 extre-

2468 4579 2721 4652 φρουραὶ,
2748 4580 2842 4631 καὶ
2871 4580 2923 4630 αἱ
2956 4579 3082 4650 περὶ
3110 4577 3279 4641 αὑτὰς
3310 4578 3689 4649 ἀμετάπτωτοι
3727 4578 4042 4645 συνελίξεις.

2464 4684 2553 4753 Μή
2583 4683 2713 4755 γάρ,
2744 4685 2824 4737 ὃτι
2855 4682 3093 4752 ἐφίενται
3126 4682 3219 4735 καὶ
3238 4680 3518 4752 μειζόνων,
3549 4683 3913 4752 καταφρονεῖν
3943 4681 4044 4734 αύ-

2460 4776 2560 4839 τάς
2596 4776 2704 4829 τῶν
2731 4774 2949 4829 οἰκείων
2985 4772 3281 4847 ὑπολάϐῃς.
3327 4773 3658 4826 Ἑλίσσονται
3699 4774 3756 4827 δὲ
3819 4775 3869 4827 οί
3906 4774 4043 4829 θεῖοι

2460 4867 2576 4928 νόες
2599 4867 2725 4937 περὶ
2761 4864 2929 4932 αὐτὰς
2955 4861 3119 4927 ἓλιξίν
3147 4880 3268 4916 τινα
3296 4864 3356 4915 ού
3380 4862 3717 4932 σωματικήν,
3743 4860 3857 4913 ἀλλ’
3880 4861 4046 4933 ὑπερ-

2460 4956 2686 5025 κόσμιον
2716 4956 2810 5008 καὶ
2837 4954 3050 5024 νοεράν,
3086 4954 3178 5006 κα¹ι
3208 4954 3322 5006 οἵαν
3354 4952 3564 5020 πέφυκε
3596 4950 3720 5013 νοῦς
3742 4949 4042 5005 έλίττεσθαι

2460 5046 2518 5111 ἐξ
2534 5046 2725 5099 ἑαυτοῦ
2752 5046 2957 5117 προῖὼν
2984 5032 3326 5116 ἐπινοήσεις,
3349 5050 3443 5097 xui.
3469 5045 3547 5105 εἰς
3566 5042 3754 5094 ἑαυτὸν
3776 5044 4044 5115 ἀναστρέ-

2460 5157 2595 5207 φων,
2636 5139 2696 5191 οὐ
2745 5136 2994 5209 μὴνέξω
3030 5136 3223 5189 ἑαυτοῦ
3265 5135 3455 5206 χωρῶν
3498 5132 3826 5196 σκεδαστῶς.
3869 5134 4042 5187 Τοῦτο

2454 5232 2779 5284 αἰνίττονται
2826 5231 2921 5303 καὶ
2965 5232 3013 5281 oi.
3057 5228 3207 5299 παρὰ
3248 5226 3325 5297 τῷ
3374 5227 3503 5297 θείῳ
3554 5224 3815 5296 Ἱεζεκιὴλ
3851 5225 4043 5296 τροχοὶ

2458 5330 2848 5400 πολυόμματοι.
2898 5329 2991 5382 Ἐκ
3019 5330 3117 5400 τῆς
3141 5328 3290 5391 θείας
3332 5329 3467 5382 εἰσιν
3495 5322 3827 5396 ἀγαθότητος
3854 5326 3952 5378 καὶ
3980 5329 4039 5379 αἰ

2456 5424 2585 5493 περὶ
2612 5423 2711 5495 τὴν
2743 5422 2926 5493 ἔφεσιν
2955 5420 3193 5489 τάγαθοῦ
3217 5420 3545 5490 ταὺτότητες
3589 5420 3682 5472 καὶ
3712 5417 4035 5489 ἀκρότητες.

2457 5512 2773 5581 Ταὺτότητα
2812 5513 2908 5583 μὲν
2931 5512 3147 5581 νοητέον
3174 5512 3269 5583 τὴν
3300 5513 3399 5565 οὐκ
3427 5511 3729 5565 ἀπὸστατον
3746 5508 3881 5578 πρὸς
3903 5510 4039 5562 Θεὸν

2446 5607 2727 5677 προσοχὴν
2751 5622 2763 5634 ·
2796 5606 3072 5675 ἀκρότητα
3110 5604 3186 5667 δὲ,
3233 5604 3331 5677 τὴν
3354 5603 3453 5674 τῆς
3484 5605 3719 5674 νοήσεως
3740 5604 3921 5657 αὐτῶν
3959 5604 4039 5667 εἰς

2454 5698 2857 5769 ἀναγωγὴν,κα“ι
2877 5698 3013 5750 κατὰ
3032 5698 3187 5768 χάριν
3206 5696 3769 5767 θέωσιν,πρόοδον,καὶ
3785 5698 3883 5749 ὅσα
3901 5695 4039 5750 ἄλλα

2454 5792 2663 5862 εἴρηται
2682 5790 2810 5861 ἡμῖν
2827 5794 2883 5843 ὲν
2920 5790 3031 5860 ἰδίῳ
3058 5790 3244 5860 βιϐλίῳ
3287 5791 3365 5859 τῷ
3396 5790 3533 5857 Περὶ
3563 5790 3675 5842 τῶν
3702 5789 4039 5859 (instinctor
