4186 6308
821 378 925 435 7‘55

1916 374 1973 430 S.
2015 374 2314 431 υιολγει.
2348 373 2691 431 AREOI'AGI
2709 376 2815 431 [UE

3945 375 4056 431 758

818 510 940 548 nam
967 493 1107 549 Deus
1133 493 1247 548 haec
1274 492 1456 547 omnia
1484 490 1747 547 hanitatis
1777 488 2105 543 abundantia
2140 493 2369 546 creavit.

2472 497 2570 559 της
2611 491 2754 543 ἐστί·
2803 489 3095 543 καὶταῦτα
3141 490 3249 560 γάρ
3274 491 3340 543 δι’
3382 490 3713 561 ἀγαθότητος
3749 488 4057 560 ὑπερϐολὴν

817 584 1083 655 Principia
1114 601 1242 639 vero
1266 585 1507 639 caelestia
1532 593 1587 639 et
1606 582 2014 639 terminationes
2038 581 2377 651 intelligentia

2484 580 2802 651 παρήγαγεν
2831 584 2858 634 ὁ
2881 582 3033 645 Θεὸς.
3083 582 3281 652 ’Δρχάς
3309 581 3367 635 δὲ
3388 582 3641 652 οὐρανίας
3668 582 3760 633 καὶ
3782 582 4056 653 ἀποπεραρ

816 686 1069 745 tanquam
1088 693 1153 731 ex
1171 688 1367 746 puncto
1392 692 1484 732 seu
1511 686 1699 731 centro
1725 674 2013 729 voluntatis
2040 674 2128 729 Dei
2153 675 2377 730 rotunda

2478 670 2672 736 τώσεις
2696 673 2911 743 ωητέον
2940 673 3035 744 τὴν
3074 672 3151 736 ὡς
3197 676 3261 726 ὲκ
3289 674 3513 744 σημείου
3545 673 3661 745 ῆτοι
3691 673 3911 743 κέντρου
3957 670 4056 725 τοὸ

816 766 1072 823 caelorum
1096 768 1374 823 fabricatio
1404 770 1703 823 subsistens
1720 786 1734 821 :
1751 766 2027 822 circularis
2044 769 2187 821 enim
2208 764 2375 836 ﬁgura

816 873 878 913 ex
911 858 1085 929 seipsa
1112 860 1395 927 incipiens,
1434 861 1485 913 in
1525 860 1699 929 seipsa
1737 859 2076 913 terminatur.
2093 858 2373 913 leestem

811 964 943 1005 vero
976 951 1331 1005 substantiam
1364 965 1537 1021 neque
1566 950 1746 1020 augeri
1778 964 1957 1017 neque
1988 949 2152 1003 minui
2182 948 2285 1014 ait,
2314 959 2374 1002 ut

810 1041 1048 1110 perfecte
1068 1051 1122 1097 et
1149 1040 1472 1097 suﬁicienter
1496 1042 1653 1096 linem
1688 1056 1842 1095 suum
1865 1051 2197 1104 assecutum;
2228 1038 2375 1093 ideo-

809 1146 915 1202 que
946 1132 1327 1186 immutabilem
1353 1134 1522 1201 ipsam
1545 1133 1700 1200 dixit,
1743 1148 1806 1189 ex
1829 1148 1937 1201 quo
1974 1130 2110 1185 iacta
2133 1141 2236 1197 est,
2260 1146 2370 1186 non

808 1235 1159 1290 perversam;
1193 1222 1494 1289 perfectum
1518 1232 1699 1276 autem
1746 1231 1854 1288 est,
1897 1220 2039 1290 quod
2071 1234 2247 1289 neque
2274 1236 2373 1275 att-

809 1324 968 1383 getur
998 1328 1173 1383 neque
1204 1314 1484 1370 minuitur.
1514 1314 1651 1369 Nota
1678 1330 1831 1381 vero,
1862 1329 1983 1367 eum
2026 1314 2228 1380 dicere,
2261 1329 2369 1369 σωκ

806 1403 889 1459 los
915 1406 1032 1460 sine
1058 1406 1284 1474 strepitu
1314 1417 1367 1459 et
1404 1412 1607 1476 absque
1645 1421 1809 1461 sensu
1841 1406 2067 1465 mOVeri.
2104 1405 2235 1460 illud
2266 1422 2365 1460 au-

808 1504 952 1559 tem,
1006 1498 1363 1567 quarumdam
1400 1497 1673 1552 stellarum
1715 1497 2020 1565 multiplicis
2052 1506 2223 1551 motus
2265 1514 2366 1567 quo

808 1588 1231 1657 transferuntur,
1281 1590 1348 1645 de
1393 1589 1624 1660 planetis
1663 1589 1823 1654 dicit;
1856 1600 2039 1644 censet
2073 1590 2213 1644 enim
2248 1590 2364 1646 illos

806 1678 949 1734 soles
982 1680 1203 1734 moveri.
1229 1680 1365 1746 Quid
1389 1696 1551 1751 porro
1583 1680 1729 1735 dicat
1760 1682 1881 1750 quis
1909 1682 1973 1735 de
2001 1680 2162 1735 solari
2192 1683 2357 1746 radio,

805 1771 897 1839 qui
926 1785 1171 1825 seorsum
1218 1772 1286 1825 ab
1318 1770 1438 1826 aliis
1466 1786 1563 1840 per
1593 1785 1652 1827 se
1699 1772 1983 1826 movetur?
2012 1766 2264 1841 quoniam
2308 1784 2361 1828 et

805 1862 929 1918 huic
964 1878 1120 1916 suum
1167 1862 1344 1918 lumen
1371 1874 1453 1918 est
1477 1878 1545 1918 ex
1564 1864 1665 1918 hac
1690 1862 1781 1918 Dei
1820 1862 2078 1930 bonitate,
2094 1861 2245 1931 cujus
2272 1864 2363 1919 lux

803 1955 919 2009 haec
948 1955 1125 2023 imago
1152 1954 1395 2024 quaedam
1422 1965 1542 2020 est;
1574 1953 1925 2022 quamobrem
1955 1968 2166 2023 quoque
2199 1955 2365 2009 nomi-

805 2062 871 2100 ne
903 2045 1041 2101 iucis
1076 2046 1319 2100 divinum
1364 2044 1496 2101 illud
1528 2048 1761 2115 primum
1795 2046 2069 2116 exemplar
2093 2045 2360 2114 laudatur,

804 2146 863 2189 II
889 2136 955 2190 ad
985 2136 1139 2205 cujus
1167 2137 1456 2207 imaginem
1484 2137 1575 2190 lux
1613 2138 1724 2192 haec
1750 2138 1968 2191 existat.
2001 2137 2364 2204 Quemadmo-

802 2230 926 2281 dum
959 2228 1101 2282 enim
1142 2229 1255 2282 haec
1300 2228 1393 2282 Dei
1436 2228 1651 2283 bonitas
1701 2241 1732 2281 ι
1773 2228 2043 2297 supremis
2088 2242 2260 2297 usque
2294 2228 2363 2282 ad

800 2328 1039 2373 extrema
1084 2319 1354 2388 pervadit,
1414 2327 1467 2373 et
1510 2333 1675 2387 super
1721 2320 1903 2373 omnia
1952 2320 2139 2375 existit
2193 2320 2362 2389 (Deus

798 2405 942 2459 enim
990 2405 1045 2459 in
1073 2406 1324 2462 omnibus
1365 2415 1471 2473 est,
1512 2417 1567 2460 et
1612 2406 1747 2463 nihil
1778 2408 2037 2476 omnium,
2082 2420 2141 2465 ut
2188 2426 2364 2482 neque

801 2509 1054 2564 suprema
1086 2498 1151 2549 ad
1188 2498 1355 2565 ipsius
1392 2497 1771 2553 excellentiam
1814 2501 2137 2572 pertingant,
2167 2518 2363 2572 expers

796 2588 940 2640 enim
974 2588 1226 2657 principii
1274 2601 1382 2654 est,
1430 2600 1483 2644 et
1534 2591 1665 2644 nihil
1716 2606 1776 2646 se
1816 2592 1990 2646 habet
2039 2593 2360 2662 sublimius;

796 2693 972 2746 neque
994 2679 1247 2734 inferiora
1294 2682 1460 2748 ipsius
1498 2682 1756 2737 ambitum
1783 2694 2176 2757 pertranseant,
2198 2687 2251 2741 id
2278 2696 2363 2742 est

797 2780 952 2823 extra
980 2770 1097 2841 ejus
1128 2772 1463 2843 complexum
1494 2774 1620 2840 sint,
1640 2775 1908 2846 siquidem
1930 2775 2171 2831 iniinitus
2187 2786 2292 2844 est,
2311 2786 2365 2834 et

795 2869 945 2916 extra
970 2864 1140 2932 ipsum
1159 2865 1293 2918 nihil
1316 2876 1399 2920 est
1417 2864 1664 2932 inferius;
1689 2867 1817 2935 quin
1839 2868 2001 2922 etiam
2027 2868 2114 2923 illa
2142 2884 2261 2939 quze
2282 2870 2367 2925 luo

796 2955 875 3008 eis
918 2964 1044 3009 sunt
1083 2958 1307 3025 capacia
1352 2960 1646 3013 secundum
1701 2974 2009 3013 mensuram
2050 2963 2367 3031 capacitatis

794 3043 1081 3109 illuminat,
1101 3046 1241 3099 unde
1262 3048 1423 3102 etiam
1456 3049 1596 3103 Deus
1622 3049 1820 3103 dicitur
1848 3064 1969 3106 esse
1993 3066 2247 3108 mensura
2280 3070 2367 3109 re-

793 3151 940 3203 rum,
953 3137 1092 3205 quod
1122 3137 1393 3193 contineat
1408 3149 1463 3194 et
1489 3140 1628 3194 sciat
1651 3141 1969 3212 principium
1991 3154 2044 3197 et
2066 3144 2224 3199 tinem
2240 3159 2359 3199 om.
2386 3165 2429 3224 ε

787 3228 964 3295 nium,
976 3238 1031 3283 et
1049 3244 1241 3297 aevum,
1255 3238 1309 3285 et
1333 3246 1612 3297 numerus,
1633 3242 1688 3287 et
1710 3233 1867 3300 ordo,
1891 3244 1948 3289 ιιι
1969 3236 2061 3307 qui
2083 3251 2169 3291 res
2184 3237 2359 3293 conti-

794 3327 1055 3387 netatque
1068 3322 1323 3391 disponit,
1341 3324 1520 3379 omnia
1545 3326 1687 3379 enim
1706 3340 1824 3381 cum
1842 3328 1985 3382 bono
2007 3329 2196 3383 ordine
2206 3344 2360 3386 crea-

793 3414 912 3481 vit);
927 3414 1006 3467 sic
1018 3415 1203 3483 utique
1223 3415 1388 3471 etiam
1412 3417 1494 3472 sol
1514 3416 1607 3472 ille
1629 3418 1909 3475 manifesta
1937 3420 2130 3476 divinae
2151 3421 2360 3478 bonita-

793 3507 863 3559 tis
888 3506 1064 3574 imago
1093 3508 1300 3562 existit.
1330 3508 1564 3564 Pulchre
1586 3518 1763 3565 autem
1794 3514 1979 3567 statim
1999 3515 2358 3585 corrigitquaa

792 3597 973 3651 minus
1007 3611 1368 3655 consentanee
1404 3600 1470 3655 de
1503 3602 1618 3658 sole
1661 3603 1803 3659 dicta
1845 3603 2191 3674 videbantur,
2229 3609 2357 3664 dum

794 3702 917 3741 eum
967 3687 1339 3745 tenuissimum
1367 3693 1657 3760 quemdam
1699 3703 1755 3749 et
1783 3695 2028 3751 ultimum
2057 3698 2182 3752 boni
2212 3699 2357 3755 illius

792 3791 982 3831 sonum
1010 3780 1279 3835 nominat.
1311 3779 1774 3847 Quemadmodum
1801 3785 1947 3840 enim
1979 3786 2026 3841 si
2056 3788 2179 3857 quis
2205 3790 2354 3842 voci-

794 3868 979 3925 [erans
1018 3880 1075 3924 et
1126 3871 1367 3926 clamans
1414 3873 1615 3943 aliquid
1658 3874 1874 3943 dixerit,
1908 3888 2199 3946 praesentes
2233 3880 2355 3950 qui-

800 3961 922 4014 dem
958 3961 1261 4018 valentibus
1308 3963 1530 4019 auribus
1567 3966 1778 4035 praediti
1819 3982 2007 4025 vocem
2053 3978 2109 4025 et
2152 3985 2358 4026 sermo-

792 4066 915 4106 nem
963 4054 1217 4122 audiunt;
1250 4056 1336 4125 qui
1388 4066 1569 4112 autem
1622 4059 1844 4127 distant,
1888 4072 2091 4132 quanto
2135 4063 2355 4129 absunt,

795 4151 951 4200 tanto
990 4144 1221 4200 debilius
1255 4162 1441 4204 vocem
1488 4149 1748 4217 audiunt;
1792 4154 1883 4223 qui
1931 4169 2091 4223 porro
2128 4154 2354 4225 longiori

792 4239 969 4309 spatio
993 4241 1184 4294 remoti
1217 4250 1361 4306 sunt,
1387 4239 1561 4311 389
1580 4244 2024 4298 obscurissimum
2066 4232 2354 4314 quemdam

791 4344 987 4385 sonum
1030 4333 1271 4401 capiunt,
1314 4343 1370 4387 ut
1414 4344 1598 4387 vocem
1627 4334 1843 4404 quidem
1893 4336 2131 4403 aliquam
2160 4337 2356 4393 obscu-

795 4438 913 4478 ram
950 4423 1198 4489 audiant,
1244 4424 1336 4481 sed
1371 4426 1513 4493 quod
1546 4425 1952 4495 pronuntiatum
1984 4438 2068 4483 est
2115 4444 2223 4483 non
2273 4429 2355 4484 in-

2480 761 2779 833 θελήματος
2802 762 2896 815 τοῦ
2933 764 3090 829 Θεοῦ,
3121 764 3394 829 κυκλικῶς
3424 766 3731 818 ὑποστᾶσαν
3754 765 3860 817 τῶν
3886 766 4055 835 οὐρα-

2476 850 2582 903 νῶν
2614 851 2921 923 σφαιροειδῆ
2947 852 3304 924 δημιουργίαν
3325 870 3342 884 ·
3383 854 3445 907 τὸ
3474 854 3582 925 γάρ
3620 854 3875 907 κυκλικὸν
3917 854 4054 924 σχῆο

2477 958 2572 1011 μα,
2587 943 2884 1014 ἀρχόμενον
2900 944 2958 1010 ἐξ
2981 944 3189 1008 ἑαυτοῦ,
3209 947 3289 1009 είς
3316 945 3473 999 ἑαυτὸ
3491 946 3836 1017 περατοῦται.
3865 946 3974 1018 Τὴν
3990 947 4051 999 δὲ

2470 1033 2727 1104 οὐρανίαν
2741 1034 2925 1090 οὐσίαν
2942 1035 3142 1107 ἀναυξῆ
3154 1036 3530 1107 καὶιάμείωτόν
3544 1054 3616 1107 φη
3624 1052 3725 1099 σιν,
3738 1038 3813 1100 ὡς
3827 1038 4050 1103 τελείως

2472 1127 2715 1197 ἔχουσαν,
2755 1130 2848 1182 καὶ
2870 1130 3155 1199 αὐτάρκως
3194 1129 3328 1200 πρὸς
3358 1129 3387 1183 ὃ
3415 1130 3601 1199 γέγονε
3622 1147 3636 1161 ο
3667 1130 3746 1184 διὸ
3766 1130 3861 1183 καὶ
3884 1132 4051 1183 ἀναλ-

2469 1217 2684 1271 λοίωτον
2708 1218 2873 1289 αὐτὴν
2904 1218 3073 1287 λέγει,
3088 1218 3147 1283 ἐξ
3167 1213 3227 1272 οὗ
3251 1219 3470 1287 γέγονεν
3484 1219 3543 1271 οὐ
3560 1236 3739 1290 παρατ
3748 1224 4010 1289 ραπεῖσαν
4028 1260 4047 1285 ,

2466 1308 2669 1361 τέλειον
2712 1309 2769 1361 δέ
2810 1310 2985 1373 ἐστιν,
3020 1309 3049 1363 δ
3096 1310 3237 1381 μήτε
3278 1308 3429 1374 αὔξει
3465 1312 3600 1382 μήτε
3621 1311 3901 1382 ξμειοῦται.
3944 1312 4051 1381 Ση-

2468 1400 2695 1471 μείωσαι
2721 1400 2798 1465 δὲ,
2824 1401 2907 1455 ὅτι
2934 1402 3026 1455 καὶ
3052 1401 3313 1455 κινεῖσθαι
3337 1402 3559 1472 ἀψόφως
3596 1404 3729 1474 φησὶ
3757 1404 3851 1457 καὶ
3877 1404 4050 1456 ἀνεπ-

2463 1490 2731 1561 αισθήτως
2770 1492 2865 1545 τὸν
2889 1491 3135 1564 οὐρανόν.
3164 1492 3236 1544 Τὸ
3269 1492 3324 1544 δὲ
3350 1492 3528 1545 ἐνίων
3565 1491 3837 1560 ἀστέρων
3864 1508 4047 1561 perun

2463 1583 2705 1651 δοτικῆς
2734 1585 3174 1653 πολυκινησίας
3216 1585 3478 1657 περὶτῶν
3504 1584 3787 1656 πλανητῶν
3839 1600 4006 1655 φησιν
4029 1602 4047 1615 ·

2462 1676 2658 1739 αὐτοὺς
2684 1676 2791 1747 γὰρ
2819 1676 3009 1746 μόνους
3031 1675 3245 1743 ἐδέξατο
3280 1676 3561 1730 κινεῖσθαι.
3590 1677 3654 1729 Τί
3691 1676 3756 1729 ἄν
3792 1693 3877 1739 τις
3901 1676 4050 1728 εἴποι

2465 1783 2530 1820 πε
2540 1769 2591 1838 pi.
2616 1768 2713 1839 τῆς
2739 1767 2965 1838 ἡλιακῆς
2992 1768 3207 1827 ἀκτῖνος
3233 1768 3336 1839 ίδία
3355 1768 3466 1821 τῶν
3487 1768 3660 1821 ἄλλων
3685 1770 3807 1821 καθ’
3833 1770 4048 1841 αὑτήνς

2464 1860 2545 1913 ὅτι
2568 1860 2660 1913 καὶ
2683 1860 2854 1934 ταύτῃ
2879 1860 2940 1913 τὸ
2968 1860 3083 1930 φῶς
3107 1862 3172 1913 ἐκ
3195 1860 3295 1929 τῆς
3315 1860 3409 1913 τοῦ
3440 1859 3572 1914 Θεοῦ
3597 1860 3952 1932 ἀγαθὸτητος,
3978 1855 4049 1933 ἧς

2464 1949 2743 2004 καὶέἰκὼν
2777 1952 2934 2005 τοῦτο
2971 1952 3035 2023 δὴ
3083 1953 3145 2005 τὸ
3181 1952 3319 2022 φῶς,
3374 1953 3454 2006 διδ
3491 1954 3584 2007 καὶ
3630 1952 4050 2023 φωτωνυμικῶς

2463 2042 2710 2113 ὑμνεῖται
2733 2042 2793 2097 τὸ
2822 2042 2963 2096 θεῖον
2990 2044 3315 2115 ἀρχέτυπον.
3359 2043 3469 2097 οἷον
3505 2044 3564 2097 ὃν
3600 2045 3737 2116 πρὸς
3771 2045 3959 2098 εἰκόνα
3983 2044 4049 2098 τὸ

2461 2136 2598 2205 φῶς.
2637 2136 2722 2199 Ὡς
2744 2135 2851 2207 γὰρ
2872 2138 2902 2206 ἠ
2927 2136 3019 2189 τοῦ
3046 2134 3169 2189 θεοῦ
3194 2136 3467 2207 ἀγαθότης
3489 2136 3595 2191 άπὸ
3620 2136 3730 2190 τῶν
3750 2138 4053 2190 ἀνωτάτων

2461 2226 2589 2298 ἄχρι
2611 2225 2721 2278 τῶν
2751 2226 2995 2295 ἐσχάτων
3022 2226 3219 2297 διήκει,
3247 2226 3341 2280 καὶ
3364 2227 3504 2297 ὑπὲρ
3545 2226 3723 2280 πάντα
3746 2226 3927 2278 ἐστίν’
3962 2225 4049 2297 (ἐν

2460 2321 2573 2382 τοῖς
2600 2319 2731 2371 πᾶσι
2752 2316 2879 2387 γὰρ,
2908 2317 3000 2371 καὶ
3025 2318 3178 2371 οὐδὲν
3203 2318 3312 2371 τῶν
3337 2319 3591 2371 ἁπάντων
3617 2318 3678 2371 τὸ
3714 2317 3869 2372 Θεῖὀν
3900 2320 4044 2380 ἐστι,

2466 2409 2603 2479 μήτε
2647 2406 2759 2460 τῶν
2800 2406 2912 2460 ἀνω
2956 2406 3054 2478 τὴν
3100 2406 3372 2479 ὑπεροχὴν
3422 2405 3766 2476 φθανουσῶν,
3804 2406 4049 2477 ἄναρχος

2462 2499 2571 2571 γάρ
2604 2500 2698 2553 καὶ
2727 2498 2827 2551 οὐκ
2856 2494 2971 2569 εχει
2994 2516 3045 2552 τι
3078 2499 3433 2571 ὑψηλότερον
3466 2499 3601 2571 μήτε
3629 2497 3739 2551 τῶν
3767 2496 4047 2569 κάτωτὴν

2463 2588 2718 2659 περιοχὴν
2747 2588 3151 2653 διαϐαινουσῶν,
3179 2591 3344 2661 ἦγουν
3380 2589 3483 2657 ἔξω
3512 2588 3690 2643 οὐσῶν
3720 2589 3821 2659 τῆς
3853 2605 4048 2660 κριο-

2462 2679 2583 2750 χῆςν
2612 2678 2965 2749 ἀτελεύτητος
2991 2678 3118 2750 γάρ,
3154 2680 3248 2732 καὶ
3266 2680 3367 2732 οὐκ
3390 2679 3501 2749 ἔχει
3524 2679 3630 2745 ἔξω
3643 2677 3848 2750 ταύτης
3860 2675 4050 2731 κατό-

2462 2787 2618 2841 τερον
2634 2787 2645 2800 ’
2680 2769 2815 2823 ἀλλὰ
2834 2771 2925 2823 κα)⁵
2954 2771 3176 2839 φωτίζει
3199 2770 3266 2823 τά
3283 2769 3562 2841 χωροῦντα
3588 2770 3724 2841 πρὸς
3745 2770 3808 2822 τὸ
3838 2768 4051 2841 μέτρον

2463 2862 2491 2914 ὃ
2519 2861 2785 2933 χωροῦσι·
2811 2862 2891 2914 διὸ
2916 2862 3009 2916 καὶ
3039 2862 3231 2933 μέτρον
3255 2856 3395 2915 εἶναι
3416 2860 3632 2928 λέγεται
3656 2858 3766 2913 τῶν
3788 2858 3959 2913 ὄντων
3979 2856 4052 2912 τὸ

2464 2954 2637 3018 Θεζον,
2666 2954 2797 3025 ἢὼς
2823 2955 3153 3025 πριοχικδν,
3178 2955 3269 3009 καὶ
3306 2955 3404 3025 τὴν
3443 2954 3617 3025 ἀρχὴν
3647 2954 3740 3008 καὶ
3768 2952 3829 3005 τὸ
3865 2952 4046 3022 πέρας

2463 3048 2571 3102 τῶν
2614 3048 2866 3101 ἀπάντων
2910 3047 3290 3116 ἐπιστάμενον,
3332 3047 3427 3099 καὶ
3462 3044 3618 3119 αίὼν,
3656 3045 3748 3097 καὶ
3782 3043 4048 3113 ἀριθμὸς,

2465 3141 2559 3193 καὶ
2590 3138 2772 3204 τάξις,
2806 3138 2882 3203 ὡς
2917 3138 3227 3210 περιοχικὸν
3263 3136 3371 3191 τῶν
3408 3138 3580 3192 ὄντων
3624 3137 3719 3190 καὶ
3756 3134 4047 3198 τακτικὸν,

2463 3231 2638 3284 πάντα
2680 3230 2788 3303 γάρ
2824 3228 2940 3300 μετ’
2978 3227 3227 3294 εὐταξίας
3264 3226 3742 3299 ἐδημιούργησεν)
3787 3223 3932 3277 οὕτω
3972 3223 4045 3297 δὴ

2463 3322 2556 3374 καὶ
2580 3322 2734 3392 ἡτῆς
2768 3321 2915 3385 Θείας
2957 3317 3289 3388 άγαθότητος
3327 3317 3579 3388 ἐμφανὴς
3598 3315 3760 3370 είκὼν
3792 3319 3823 3369 ὁ
3859 3313 4039 3384 ἣλιος.

2461 3414 2654 3478 Καλῶς
2674 3416 2731 3468 δὲ
2762 3415 2822 3467 τὸ
2848 3415 2952 3467 ἀπε
2960 3416 3186 3485 μφαῖνον
3216 3411 3322 3465 τῶν
3345 3412 3437 3465 ἐπὶ
3460 3409 3539 3479 τῷ
3561 3410 3693 3480 ἡλίῳ
3728 3408 4050 3479 λεγομένων

2462 3508 2620 3573 εὐθὺς
2664 3508 3017 3579 ἐθεράπευσε,
3064 3506 3349 3559 πολλοστὸν
3396 3505 3490 3558 καὶ
3530 3503 3837 3555 τελευταῖον
3890 3503 4043 3570 ἀπή-

2460 3619 2610 3672 χημα
2634 3600 2820 3653 τοῦτον
2842 3598 3008 3652 είπὼν
3043 3596 3301 3667 τάγαθοῦ.
3332 3597 3538 3665 Ὥσπερ
3564 3596 3673 3667 γὰρ
3704 3596 3760 3648 εί
3792 3612 3877 3659 τις
3906 3595 4044 3665 βοή-

2462 3710 2557 3757 σας
2584 3694 2677 3747 κα¹ι
2703 3692 3015 3762 ἀτοοκράξας
3052 3691 3192 3743 εἴποι
3226 3709 3299 3754 τι,
3338 3690 3431 3742 καὶ
3465 3690 3512 3742 oi
3549 3688 3647 3759 μὲν
3680 3688 4045 3759 παρεστῶτες

2459 3786 2524 3839 ἂν
2548 3785 2847 3855 ἐρρωμένοι
2880 3784 2977 3847 τὰς
3003 3782 3170 3845 ἀκοὰς
3193 3776 3313 3845 ὦσι,
3334 3782 3434 3852 τῆς
3470 3781 3654 3850 φωνῆς
3686 3782 3779 3834 καὶ
3816 3781 3908 3833 τοῦ
3944 3782 4044 3834 λε-

2460 3877 2675 3947 χθέντος
2700 3875 3015 3928 ἀκούουσινσ
3042 3875 3090 3927 οί
3122 3874 3179 3927 δὲ
3219 3873 3547 3943 ἀφεστῶτες,
3575 3874 3697 3927 ὅσον
3740 3873 4041 3943 ἀπέχουσι,

2458 3967 2709 4020 τοσοῦτον
2730 3967 3119 4038 ἀδρανέστερον
3162 3964 3255 4019 τοῦ
3281 3966 3589 4035 φθέγματος
3615 3966 3921 4037 ἀκροῶνται
3940 3983 3953 3996 ’
3984 3968 4043 4019 οἱ

2458 4060 2517 4113 δὲ
2541 4059 2633 4111 ἐπὶ
2679 4057 2860 4129 μεῖζον
2910 4058 3183 4127 διάστημα
3229 4058 3614 4128 κεχωρισμένοι
3659 4058 4047 4127 ἀμυδρὸτατου

2458 4152 2551 4205 τοῦ
2582 4152 2937 4221 ἀπηχήματος
2974 4147 3353 4219 Μμὸάνουσιν,
3380 4149 3453 4212 ὡς
3477 4151 3656 4220 φωνῆς
3691 4150 3786 4220 μὲν
3814 4151 4039 4219 ἀσήμου

2457 4242 2599 4307 τινὸς
2640 4242 2877 4303 ἀκούειν,
2927 4240 3001 4311 μὴ
3040 4243 3179 4293 νοεῖν
3217 4240 3272 4293 δὲ
3301 4241 3362 4293 τὸ
3393 4242 3725 4311 ἐκφωνηθέν.
3764 4241 4042 4293 Τοσοῦτον

2459 4335 2604 4388 ἔστιν
2632 4334 2916 4387 ὑπολαϐεῖν
2938 4334 2998 4386 τὸ
3022 4333 3242 4404 ἡλιακὸν
3267 4332 3379 4402 φῶς
3393 4332 3527 4405 πρὸς
3548 4333 3608 4384 τὸ
3632 4332 3826 4404 ἀληθὲς
3850 4334 4039 4385 ἐκεῖνο

2460 4428 2551 4483 καὶ
2567 4426 2726 4492 θεῖον,
2740 4426 2877 4481 ὥστε
2891 4427 2983 4480 καὶ
2995 4426 3217 4497 ἄπειρον
3238 4423 3330 4479 καὶ
3346 4424 3685 4495 ἀξύμὸλητον
3698 4420 3839 4489 εἶναι
3851 4425 3912 4477 τὸ
3932 4425 4037 4494 μέ·-

796 4518 1068 4589 tetligant.
1122 4518 1274 4573 Unde
1314 4516 1568 4587 colligere
1619 4519 1744 4573 licet
1791 4527 1998 4588 tantum
2041 4523 2356 4596 esseselare

2462 4537 2574 4574 σον.
2605 4520 2829 4591 Ἐφεξῆς
2855 4520 3000 4587 λέγει
3030 4518 3145 4582 πῶς
3174 4517 3425 4581 είκονίζει
3447 4517 3508 4569 τὸ
3528 4516 3679 4569 Θεῑον
3695 4519 3722 4569 ὁ
3738 4516 3885 4587 ἥλιος
3904 4534 3918 4545 ·
3947 4518 4040 4571 ὅτι

793 4610 995 4673 iumen,
1022 4613 1065 4667 si
1111 4627 1234 4667 cum
1266 4627 1391 4666 vero
1424 4612 1512 4669 illo
1539 4626 1602 4672 ac
1647 4612 1833 4669 ditino
1881 4624 2246 4685 comparetur,
2297 4625 2357 4673 ut

794 4688 1137 4771 intercapedo
1168 4714 1223 4758 et
1278 4703 1481 4758 inﬁnita
1512 4705 1583 4759 sit
1608 4716 1668 4761 et
1691 4700 2162 4777 incomparabilis.
2193 4706 2358 4763 Dein-

793 4792 860 4845 de
907 4792 1059 4857 dicit,
1110 4796 1380 4863 qumnodo
1432 4796 1513 4849 sol
1561 4798 1725 4853 Deum
1773 4798 2006 4865 referat;
2041 4802 2165 4871 quia
2218 4802 2357 4854 Deus

792 4886 972 4939 omnia
1020 4901 1363 4955 quaecunque
1409 4889 1574 4957 ipsius
1637 4890 2070 4961 participatiunis
2132 4892 2355 4959 capacia

794 4984 943 5038 sunt,
968 4992 1069 5046 per
1092 4979 1261 5033 bonas
1290 4979 1659 5033 institutiones
1686 4989 1847 5048 atque
1874 4980 2115 5037 actiones
2148 4982 2355 5037 aliasve

796 5067 1004 5134 aliquas
1046 5070 1427 5138 dispositiOnes
1478 5070 1769 5135 illuminat,
1804 5083 1860 5124 et
1904 5071 2083 5126 lumen
2128 5073 2357 5142 desuper

794 5154 1094 5227 expansum
1128 5162 1351 5228 habens,
1378 5164 1525 5216 omni
1578 5163 1778 5217 mundo
1810 5162 2003 5217 visibili
2034 5180 2093 5219 se
2120 5181 2360 5234 suusque

795 5251 977 5304 radios
1010 5246 1267 5321 explicat,
1298 5252 1418 5307 cuin
1454 5263 1677 5324 propter
1706 5270 1770 5307 ea
1801 5270 1919 5323 qua:
1960 5257 2136 5308 anima
2169 5272 2355 5311 sensu-

793 5359 899 5411 que
927 5355 1138 5410 carent,
1174 5355 1286 5399 tum
1329 5354 1548 5414 propter
1578 5360 1639 5398 ea
1682 5361 1799 5413 quae
1847 5348 2055 5401 ratione
2095 5357 2148 5400 et
2200 5348 2357 5401 inlcl-

797 5439 934 5491 lectu
994 5440 1213 5507 praidita
1284 5446 1426 5492 sunt.
1496 5436 1957 5505 Qucmadmodum
2033 5440 2222 5508 igitur,
2277 5442 2357 5495 sol

796 5531 1069 5584 sensibilis
1122 5531 1300 5583 omnia
1370 5546 1489 5599 qua:
1562 5538 1881 5597 cernunttir,
1940 5531 2242 5601 illuminat,
2303 5542 2359 5587 et

796 5635 1127 5691 quaecunque
1202 5623 1372 5675 lucem
1432 5623 1546 5687 ejus
1606 5638 1709 5675 non
1783 5623 2154 5692 participant,
2231 5637 2360 5693 pro-

795 5722 915 5782 pter
939 5714 1208 5779 pronriam
1240 5730 1392 5769 suam
1422 5712 1745 5781 opacitate")
1775 5717 1893 5783 ejus
1932 5718 2171 5783 expertia
2206 5730 2266 5769 ex
2281 5713 2355 5772 si-

792 5814 970 5871 stunt;
1006 5806 1082 5859 sic
1124 5807 1286 5862 etiam
1339 5808 1391 5862 in
1448 5808 1575 5877 Deo,
1608 5824 1729 5862 cuzn
1778 5822 1895 5876 ejus
1944 5807 2263 5865 illuminatio
2304 5821 2358 5866 et

2457 4612 2519 4666 τὸ
2542 4612 2713 4677 Θεῖον,
2746 4612 2920 4666 πάντα
2948 4612 3046 4664 ὅσα
3078 4611 3321 4682 μετέχειν
3335 4609 3560 4664 δύναται
3575 4606 3784 4671 τούτου,
3802 4608 3867 4660 δι’
3894 4610 4039 4677 ἀγα-

2460 4706 2556 4777 θῆς
2585 4706 2854 4770 πολιτείας
2876 4706 2967 4759 καὶ
2989 4705 3237 4776 πράξεως
3267 4710 3359 4783 καὶ
3378 4704 3542 4775 άλλης
3566 4704 3709 4767 τινὸς
3735 4704 4039 4773 ἐπιτηδειό-

2457 4816 2617 4870 τητος
2658 4797 2909 4869 φωτίζει,
2944 4797 3078 4869 ἔχων
3091 4799 3151 4851 τὸ
3176 4799 3290 4869 φῶς
3314 4796 3769 4870 ὑπερηπλωμένον
3805 4794 4041 4859 ἐξανελαί

2459 4892 2591 4963 πρὸς
2602 4893 2777 4945 πάντα
2801 4892 2890 4944 τὸν
2913 4892 3101 4962 ὁρατὸν
3119 4892 3318 4962 κόσμον
3342 4890 3433 4943 καὶ
3456 4890 3555 4954 τάς
3575 4889 3746 4958 αὐγὰς
3757 4888 3865 4941 τῶν
3882 4889 4041 4942 ἀκτί-

2459 5004 2563 5038 νων
2598 4985 2786 5048 αὐτοῦ,
2814 4987 2985 5037 ἐκεῖνο
3012 4984 3097 5037 διά
3121 4985 3188 5037 τὰ
3218 4984 3395 5054 ἀψυχα
3415 4984 3505 5036 κα.)¹
3530 4982 3843 5051 ἀναίσθητα,
3870 4982 4040 5035 τοῦτο

2456 5076 2620 5131 διάτὰ
2637 5076 2828 5145 λογικά
2848 5092 2907 5127 τε
2931 5076 3024 5128 καὶ
3058 5074 3238 5147 νοερά..
3279 5075 3363 5141 Ὡς
3388 5073 3515 5142 γοῦν
3549 5075 3579 5127 ὁ
3602 5071 3854 5141 αίσθητὸς
3876 5073 4037 5142 ἥλιος

2460 5166 2636 5219 πάντα
2660 5165 2728 5217 τά
2758 5165 2923 5236 ὁρατὰ
2965 5164 3205 5234 φωτίζει,
3247 5166 3341 5218 καὶ
3367 5165 3437 5218 τὰ
3470 5164 3561 5235 μὴ
3594 5164 3890 5235 μετέχοντα
3935 5164 4040 5218 τοῦ

2457 5260 2631 5326 φωτὸς
2661 5258 2847 5321 αὐτοῦι
2875 5259 2942 5311 δι’
2971 5260 3176 5312 οἰκείαν
3206 5258 3487 5331 ἀδράνειαν
3514 5257 3573 5309 οὐ
3604 5257 3833 5326 μετέχει.
3870 5256 4043 5310 υῦτω

2459 5351 2551 5402 καὶ
2578 5352 2669 5402 ἐπὶ
2694 5350 2786 5402 τοῦ
2814 5349 2949 5403 Θεοῦ
2979 5349 3454 5421 ὑπερηπλωμένου·
3474 5346 3569 5401 τοῦ
3613 5346 3894 5416 φωτισμοῦ
3937 5351 4047 5401 καὶ

2458 5442 2726 5513 ἀγιασμοῦ
2754 5442 2923 5507 ὄντος,
2944 5443 3139 5506 πάντες
3166 5443 3219 5495 οἱ
3242 5440 3545 5511 βουλόμενοι
3581 5440 3907 5509 φωτίζονται
3940 5443 4048 5493 καὶ

2455 5534 2788 5603 ἀγιάζονται.
2842 5534 3001 5588 Ἀλλά
3030 5518 3123 5593 καὶ
3152 5534 3331 5615 πάλιν,
3356 5529 3541 5609 ὥσπερ
3558 5534 3589 5585 ὀ
3610 5533 3740 5595 θεὸς
3767 5534 4049 5604 δημιουρ-

2456 5629 2577 5695 γεί,
2610 5626 2749 5679 οὕτω
2786 5627 2874 5679 καὶ
2898 5628 2925 5681 ὁ
2962 5624 3110 5695 ἥλιος
3158 5624 3292 5696 πρὸς
3329 5623 3578 5702 γέννησιν
3599 5621 3707 5676 τῶν
3752 5623 4049 5694 αἰσθητῶν

2460 5721 2722 5789 σωμάτων
2770 5718 3159 5789 συμϐάλλεται,
3213 5719 3303 5771 καὶ
3345 5717 3478 5788 πρὸς
3527 5714 3669 5786 ζωὴν
3724 5718 3886 5778 κινεῖ,
3941 5720 4047 5771 καὶ

2457 5808 2622 5863 τᾶλλα
2655 5812 2813 5873 ποιεῖ,
2859 5809 2993 5878 πλὴν
3028 5809 3221 5879 οὑχώς
3266 5808 3432 5871 mirio;
3478 5808 3677 5865 τούτων
3726 5808 3868 5862 κατά
3914 5824 4047 5862 τινα
