4186 6308
267 314 377 371 757

833 318 923 373 DE
959 318 1211 375 DIVINIS
1245 317 1643 382 NOMlNIBUS,
1680 315 1812 373 CAP

1921 315 1959 373 ί.
1995 346 2062 356 -
2096 314 2439 369 ΡΛΚΔΡΗΗ.
2477 310 2943 369 ΡΔΟΗΫΜΕΒᾹΖ.

3403 313 3503 368 758

262 432 614 502 προαίρεσιν·
657 430 773 486 ἀλλ’
808 432 964 497 εἰδὼς
1017 433 1047 484 6
1096 431 1230 497 Θεὸς
1274 434 1355 487 ὅτι
1392 433 1457 487 τὸ
1502 434 1601 506 μὲν
1633 431 1818 503 ψυχρὺε

1938 430 2298 485 sanctiﬁcatio
2326 430 2557 498 desuper
2587 444 2824 499 expansa
2855 428 2948 496 sit,
2979 442 3168 483 omnes
3192 426 3501 497 quicunque

262 522 403 591 ἄγαν
426 522 637 591 ἄγονον,
661 522 722 576 τὸ
742 522 799 577 δὲ
840 524 1165 595 συμμέτρως
1206 525 1407 597 θερμὸν
1445 526 1835 596 γενεσιουργεῐ,

262 614 360 667 καὶ
381 615 463 668 ᾶτι
486 613 553 667 τὰ
580 614 720 684 φυτὰ
746 615 839 668 καὶ
865 615 934 669 τὰ
970 616 1258 689 σπέρματα
1289 616 1619 689 Θερμότητος
1644 618 1833 680 δεῖται,

259 705 337 770 ὡς
374 707 469 760 καὶ
502 706 570 760 τὰ
620 705 844 778 σώματα
876 707 1089 761 ἅπαντα
1122 708 1192 761 τὰ
1222 708 1366 781 ζωὴν
1407 708 1616 779 ἔχοντα,
1646 707 1835 761 τούτου

260 798 422 869 χάριν
460 798 550 851 τὸν
575 798 723 870 ἥλιον
759 798 929 862 οὕτως
965 799 1108 871 ἔχειν
1138 800 1352 869 φύσεως
1389 802 1630 873 ἐποίησε.
1667 802 1837 855 Τοῦτο

258 890 321 942 τὺ
341 890 565 961 ήλιακὺν
589 890 703 961 φῶς
715 893 835 944 κατ’
852 891 1032 945 εἰκόνα
1057 891 1151 947 τοῦ
1167 892 1321 945 Θείου
1344 891 1437 945 τοῦ
1462 892 1613 957 ὄντος
1642 892 1834 956 αἰῶνος

258 981 356 1034 καὶ
384 980 617 1051 ἀριθμοῦ
642 980 737 1034 τοῦ
780 982 995 1047 παντὸς,
1025 982 1100 1046 ὠς
1144 981 1475 1053 δημιουργοῦ
1512 983 1606 1035 καὶ
1646 998 1832 1053 περιε-

257 1068 457 1128 κτικοῦ,
474 1069 709 1133 πάντων,
727 1070 819 1123 καὶ
837 1071 1032 1143 μέτρον
1062 1070 1179 1124 ἐστὶ
1195 1070 1289 1124 καὶ
1304 1070 1532 1142 ἀριθμὸς
1548 1070 1724 1142 ὡρῶν,
1740 1073 1834 1125 καὶ

254 1158 500 1230 ἡμερῶν,
516 1160 609 1213 καὶ
633 1160 830 1225 παντὸς
854 1162 948 1215 τοῦ
973 1161 1093 1216 καθ’
1112 1163 1257 1233 ἡμᾶς
1271 1162 1462 1234 χρόνου
1479 1178 1492 1192 ⁸
1510 1162 1544 1215 6
1570 1161 1664 1215 καὶ
1691 1162 1831 1215 κατὰ

252 1251 354 1322 τὴν
375 1252 568 1320 τριάδα
591 1253 699 1307 τῶν
727 1253 956 1326 πρώτων
975 1255 1215 1328 ἡμερῶν,
1234 1256 1636 1327 ἀσχημάτιστον
1659 1255 1736 1320 ὃν,
1750 1253 1831 1309 οὗ·

251 1362 363 1410 τως
380 1346 589 1410 ὲκείνας
604 1346 700 1413 τὰς
712 1347 919 1419 ὴμέρας
933 1346 1146 1419 διώριζε
1159 1351 1225 1420 τῇ
1253 1349 1481 1421 συστολῇ
1500 1364 1560 1403 τι
1579 1349 1673 1403 καὶ
1691 1365 1829 1419 παρ-

252 1438 509 1501 εκτάσει,
554 1438 735 1502 καθὼς
790 1440 941 1511 δηλοῖ
993 1440 1087 1493 καὶ
1127 1440 1156 1492 6
1181 1441 1321 1504 θεῖος
1338 1440 1599 1511 Μωῦσῆςο
1624 1441 1828 1502 ἐκεῖνος

251 1532 365 1601 γάρ
390 1533 535 1585 ἐστιν
566 1534 595 1584 6
625 1531 815 1599 λέγων,
842 1534 923 1586 ὅτι
954 1534 1046 1587 καὶ
1080 1534 1295 1603 ἐγένετο
1339 1534 1522 1607 ἡμέρα
1556 1534 1654 1606 μία
1677 1550 1695 1564 “
1736 1538 1830 1594 καὶ

250 1621 437 1685 πάλιν,
466 1624 707 1693 δευτέρα,
739 1624 833 1679 καὶ
874 1624 1071 1695 ἐφεξῆς
1105 1625 1284 1697 τρίτη.
1328 1626 1438 1680 Καὶ
1474 1625 1663 1700 ῶσπερ
1689 1628 1827 1701 πρὸς

249 1714 500 1785 tamth
527 1716 797 1787 άγαθότης
813 1715 1127 1787 ἐπιστρέφει
1142 1717 1318 1771 πάντα
1334 1716 1403 1777 τὰ
1425 1718 1821 1791 ὲσκεδασμένα,

1941 521 2125 575 volunt
2156 521 2527 575 illuminantur
2556 533 2612 576 et
2641 519 3077 577 sanctiﬁcantur.
3108 521 3339 583 Rursus,
3366 523 3507 576 sicut

1941 611 2083 667 Deus
2118 617 2288 677 'creat,
2321 613 2401 667 sic
2430 615 2592 667 etiam
2629 611 2711 668 sol
2741 613 2806 667 ad
2853 612 3191 669 sensibilium
3214 627 3505 683 corpormu

1938 703 2342 774 generationem
2391 705 2674 771 conducit,
2705 714 2758 759 et
2800 706 2967 759 vitam
3020 713 3238 771 movet,
3288 703 3505 772 aliaque

1936 795 2087 863 facit,
2123 811 2228 850 non
2260 805 2440 851 tamen
2474 806 2727 867 tanquam
2764 812 2951 852 eorum
2980 810 3144 851 causa
3174 797 3375 860 libera;
3407 811 3503 850 ve-

1938 904 2058 944 rum
2089 888 2233 944 Deus
2261 889 2442 945 sciens
2475 889 2643 961 frigus
2673 903 2796 944 esse
2822 889 2981 945 valde
3008 889 3217 958 sterile,
3252 890 3504 943 modera-

1935 991 2049 1037 tum
2077 992 2253 1037 autem
2284 981 2521 1037 calorem
2548 983 2614 1037 ad
2642 982 3049 1057 generationem
3101 982 3302 1049 facere,
3336 991 3501 1050 atque

1934 1074 2135 1142 Stin-pes
2160 1081 2217 1129 et
2248 1074 2454 1127 semina
2489 1071 2687 1128 caloris
2723 1072 2981 1143 indigere,
3019 1072 3161 1127 sicut
3187 1074 3348 1126 etiam
3376 1088 3499 1127 cor-

1935 1181 2064 1235 pora
2094 1166 2279 1222 omnia
2309 1182 2430 1237 quae
2460 1166 2568 1221 vita
2615 1166 2886 1231 fruuntur,
2918 1168 3033 1237 ejus
3082 1165 3154 1220 rei
3199 1166 3371 1236 gratia
3406 1180 3498 1219 so.

1933 1258 2037 1313 lein
2070 1273 2129 1313 se
2159 1260 2232 1314 ita
2264 1260 2465 1315 habere
2490 1261 2643 1317 fecit.
2676 1260 2788 1315 lloc
2816 1259 2995 1313 lumen
3028 1259 3180 1322 solis,
3206 1258 3499 1312 secundum

1935 1350 2225 1420 imaginem
2255 1349 2373 1418 Dei,
2407 1354 2495 1422 qui
2531 1363 2786 1423 tanquam
2823 1361 3041 1407 creator
3066 1360 3120 1406 et
3149 1359 3505 1405 conservator

1934 1442 2167 1496 universi
2185 1456 2355 1496 avum
2374 1456 2437 1497 ac
2459 1456 2716 1498 numerus
2730 1441 3108 1506 existit,etiam
3130 1455 3381 1495 mensura
3395 1450 3499 1503 est,

1929 1544 1984 1588 et
2013 1549 2271 1590 numerus
2300 1543 2679 1605 tempestatum
2712 1551 2775 1590 ac
2798 1534 3003 1589 dierum
3033 1543 3088 1589 et
3112 1534 3289 1588 omnis
3324 1531 3500 1587 nostri

1931 1624 2212 1695 temporis;
2227 1625 2370 1696 quod
2387 1627 2549 1681 etiam
2567 1626 2862 1696 primorum
2879 1625 3087 1679 dierum
3109 1626 3506 1686 triduum,tam-

1927 1718 2029 1771 etsi
2064 1728 2188 1773 tunc
2217 1732 2321 1773 non
2348 1728 2466 1773 erat
2498 1719 2811 1790 ﬁguratum,
2849 1718 3221 1773 contractione
3248 1726 3302 1773 et
3336 1718 3501 1771 inter-

241 1808 325 1872 ὡς
352 1811 492 1883 ἀρχὴ
528 1813 621 1866 καὶ
647 1813 813 1877 αἰτία,
846 1812 938 1865 καὶ
990 1812 1165 1865 πάντα
1213 1812 1417 1885 ταύτης
1466 1815 1695 1883 ἐφίεται,
1726 1817 1818 1869 καὶ

1921 1808 2154 1879 jectione
2174 1806 2435 1874 deﬁnivit,
2451 1808 2524 1862 uti
2540 1809 2753 1864 divinus
2775 1822 2989 1877 quoque
3012 1806 3221 1877 Moyses
3242 1806 3501 1873 declarat,

241 1900 327 1965 ὼς
354 1903 545 1973 ἀρχῆς,
576 1903 634 1969 ἑξ
668 1898 729 1958 οὗ
772 1904 879 1974 γὰρ
901 1904 968 1957 τὰ
996 1906 1189 1969 πάντα,
1217 1904 1433 1977 φησὶνή
1471 1906 1659 1977 Γραφή
1683 1923 1698 1937 ⁶
1730 1907 1832 1962 καὶ·

241 1991 323 2056 ὡς
351 1995 636 2064 συνοχέως,
657 1998 714 2049 ἐν
736 1988 781 2064 ᾧ
802 1995 911 2068 γὰρ
936 1996 1003 2049 τὰ
1031 1996 1483 2069 πάντα,δηλονότι
1520 2014 1829 2069 παντοκρα-

238 2084 449 2155 τορικῷ
491 2086 720 2157 πυθμένι
761 2088 855 2140 καὶ
881 2087 1133 2159 θεμελίῳ
1158 2088 1698 2162 περιφρουρούμενα·
1730 2091 1826 2144 καὶ

236 2175 321 2240 ὡς
349 2176 561 2243 τέλους,
576 2179 654 2242 είς
688 2178 717 2249 6
747 2178 855 2251 γὰρ
889 2181 957 2234 τὰ
982 2182 1181 2246 πάντα,
1201 2182 1362 2235 οἱονεὶ
1387 2182 1578 2254 πέρας,
1605 2184 1824 2249 οἰκεῖον,

238 2268 306 2320 οὐ
330 2271 574 2339 φυσικὸν,
599 2271 733 2325 ἀλλὰ
756 2272 1141 2345 δημιουργικόν
1158 2291 1172 2304 '
1197 2269 1363 2331 καὶοῦ
1386 2278 1595 2346 ε’φίεται
1625 2277 1822 2343 πάντα,

237 2355 472 2411 ἕκαστον
494 2359 552 2412 δὲ
577 2360 717 2417 κατὰ
742 2363 840 2433 τὴν
876 2362 1010 2417 ίδίαν
1033 2363 1133 2433 τῆς
1162 2365 1375 2433 φύσεως
1410 2366 1588 2433 τάξιν,
1617 2368 1692 2431 ὼς
1718 2368 1823 2437 άγξ

238 2448 393 2518 γελοι
421 2452 513 2503 καὶ
539 2452 814 2525 ἄνθρωποι
849 2456 1184 2524 γνωστικῶς,
1214 2458 1385 2529 ἄλογα
1420 2457 1533 2524 ζῶα
1574 2461 1823 2533 αἰσθητι-

237 2540 355 2603 κῶς
375 2558 388 2571 ’
417 2543 557 2611 φυτά
594 2547 657 2615 τῇ
686 2546 911 2618 ἐμφύτῳ
954 2550 1164 2619 κινήσει
1191 2551 1288 2622 τῆς
1317 2552 1526 2607 ἑαυτῶν
1554 2553 1721 2625 ζωῆς,
1754 2553 1825 2608 τά

234 2630 307 2684 δὲ.
326 2631 476 2695 ἇζωα
506 2636 599 2688 καὶ
625 2635 752 2689 ὄντα
782 2637 925 2692 κατὰ
947 2638 1009 2692 τὸ
1038 2636 1199 2707 εἶναι,
1224 2643 1430 2714 οὺχῖνα
1457 2644 1677 2715 γνῶσιν,
1706 2645 1823 2699 ἀλλ’

238 2724 334 2777 ῐνα
366 2724 565 2796 μένωσι
604 2731 669 2799 τῇ
712 2732 915 2801 φυσικῇ
944 2732 1037 2786 καὶ
1081 2733 1217 2805 μόνῃ
1261 2736 1594 2809 συνεχόμενα
1640 2738 1819 2808 φύσει.

236 2815 399 2871 Οὕτω
452 2819 545 2872 καὶ
582 2821 611 2871 6
654 2820 803 2891 ἥλιος
844 2822 912 2875 τὰ
954 2824 1057 2878 ὑπὸ
1092 2825 1189 2896 τῆς
1237 2827 1401 2882 αὐτοῦ
1455 2831 1823 2901 μαρμαρυγῆς

238 2910 573 2981 συνεχόμενα
612 2914 927 2985 ἐπιστρέφει
970 2917 1105 2988 πρὸς
1149 2920 1368 2973 ἑαυτόν·
1417 2919 1497 2974 διὸ
1539 2923 1634 2975 καὶ
1670 2906 1822 2992 ἥλιος

234 3001 479 3070 λέγεται,
512 3005 595 3057 ὅτι
635 3007 810 3061 πάντα
850 3008 1011 3079 άολλῆ
1052 3010 1149 3063 καὶ
1190 3012 1623 3084 συνηθροισμένα
1659 3016 1820 3080 ποιεῖ,

237 3095 338 3148 καὶ
384 3096 607 3165 συνάγει
645 3098 715 3152 τὰ
759 3100 1217 3173 διεσκεδασμένα,
1268 3105 1362 3157 καὶ
1408 3106 1583 3160 πάντα
1631 3108 1820 3162 τούτου

1924 1899 2014 1955 ille
2039 1902 2182 1956 enim
2215 1900 2328 1956 ait:
2358 1899 2421 1955 Et
2454 1900 2595 1957 facta
2621 1907 2703 1955 est
2722 1900 2835 1955 dies
2857 1914 2982 1963 una,
3004 1907 3056 1953 et
3078 1902 3503 1967 iterum,secun-

1922 1995 2013 2058 da,
2032 2008 2095 2049 ac
2114 1992 2305 2050 deinde
2332 1993 2491 2049 tertia
2514 1990 2558 2046 ι.
2580 1992 2645 2048 Ει
2667 1995 2806 2048 sicut
2827 1994 3061 2060 bonitas,
3085 2000 3339 2062 tanquam
3355 1990 3503 2062 prin-

1924 2086 2121 2156 cipium
2136 2095 2190 2141 et
2204 2100 2391 2153 causa,
2405 2094 2597 2141 cuncta
2613 2084 2732 2155 qua:
2759 2085 3002 2155 dispersa
3021 2092 3146 2139 sunt
3163 2084 3231 2139 ad
3261 2097 3322 2139 se
3346 2082 3502 2137 colli-

1924 2180 2023 2250 git,
2049 2178 2338 2249 omniaque
2361 2178 2530 2248 ipsam
2565 2186 2853 2247 appetunt;
2887 2174 3036 2232 etut
3054 2176 3401 2248 principium,
3432 2190 3498 2228 ex

1923 2284 1987 2325 ea
2021 2269 2166 2324 enim
2194 2267 2401 2333 omnia,
2422 2274 2482 2321 ut
2504 2267 2579 2321 ait
2606 2265 2921 2336 Scriptura;
2950 2274 3004 2320 et
3026 2274 3084 2321 ut
3106 2266 3499 2327 continentem,

1925 2361 1978 2416 in
2006 2374 2113 2429 quo
2137 2359 2391 2414 nimirum
2421 2359 2605 2413 omnia
2635 2356 2802 2412 veluti
2848 2355 2902 2410 in
2929 2356 3284 2411 omnitenenti
3330 2354 3499 2410 fundo

1926 2467 1990 2506 ac
2018 2451 2365 2505 fundamento
2394 2449 2795 2515 custodiuntur,
2830 2456 2884 2503 et
2920 2456 2980 2502 ut
3027 2446 3211 2512 linem,
3240 2446 3306 2500 ad
3336 2460 3497 2517 quem

1923 2543 2126 2607 omnia,
2155 2543 2310 2612 quasi
2360 2541 2427 2599 ad
2472 2540 2763 2596 terminum
2805 2554 2961 2596 suum
3013 2555 3117 2597 non
3169 2541 3498 2604 naturalem,

1923 2636 2017 2691 sed
2047 2632 2352 2689 eﬂ‘ectivum
2399 2644 2678 2703 spectant;
2726 2641 2787 2688 et
2821 2632 2989 2702 cujus.
3006 2631 3275 2686 desiderio
3314 2631 3494 2685 omnia

1928 2736 2205 2792 tenentur,
2237 2726 2517 2796 quodlibet
2578 2727 2831 2782 ttittt'tmm
2878 2726 3171 2781 secundum
3220 2723 3497 2793 proprium

1926 2830 2131 2875 natura:
2171 2819 2459 2887 ordinem,
2500 2828 2556 2873 ut
2595 2817 2769 2888 angeli
2835 2825 2893 2873 et
2946 2818 3193 2872 homines
3242 2815 3498 2875 scienter,

1922 2916 2080 2971 bruta
2113 2913 2411 2970 animantia
2438 2913 2737 2977 sensiliter,
2766 2912 2963 2982 stirpes
2988 2910 3151 2963 insito
3172 2908 3338 2980 390
3371 2907 3500 2975 ipsis

1924 3015 2129 3061 natura:
2166 3015 2337 3071 motu,
2367 3005 2493 3061 vitm
2525 3019 2655 3059 vero
2691 3018 2993 3072 sensusque
3018 3004 3261 3071 expertia
3295 3017 3494 3056 secun-

1924 3099 2050 3154 dum
2075 3112 2222 3165 esse,
2253 3112 2360 3154 non
2389 3107 2457 3154 ut
2478 3108 2835 3170 cognoscant,
2861 3098 2953 3153 sed
2984 3106 3042 3153 ut
3077 3097 3372 3166 persistant
3400 3112 3496 3149 na-

235 3186 502 3255 brplewat,
547 3189 616 3243 τὰ
649 3191 746 3260 μὲν
775 3192 888 3256 ζῶα
914 3193 988 3257 ὡς
1023 3194 1117 3247 τοῦ
1170 3197 1337 3267 ὁρᾷν,
1375 3197 1443 3250 τά
1472 3198 1529 3252 δὲ
1573 3200 1713 3270 φυτὰ
1744 3201 1818 3266 ὼς

1927 3191 2081 3246 turali
2112 3191 2489 3260 permansione
2515 3202 2806 3258 contenta;
2838 3192 2917 3248 sic
2965 3191 3129 3246 etiam
3175 3189 3257 3244 sol
3283 3205 3347 3243 ea
3375 3205 3497 3260 quas

232 3277 332 3332 τοῦ
378 3281 669 3348 κινεῖσθαι,
686 3283 754 3336 τὰ
778 3283 912 3340 ἄλλα
943 3284 1018 3349 ὡς
1054 3285 1149 3338 τοῦ
1174 3286 1309 3352 ὅλως
1342 3290 1659 3361 συνέχεσθαι
1685 3294 1818 3364 παρ’

232 3369 404 3424 αὐτοῦ
429 3370 604 3441 φακὸς
630 3373 909 3445 ἐφιέμενα.
939 3375 1048 3428 Καὶ
1079 3376 1138 3429 οὐ
1169 3376 1337 3449 δήπου
1371 3381 1514 3452 φημὶ
1561 3382 1700 3437 κατὰ
1725 3383 1817 3437 τὸν

232 3463 468 3519 παλαιὸν
516 3469 609 3521 καὶ
654 3468 901 3542 λαμπρὸν
947 3470 1175 3525 ὀδωδότα
1220 3471 1373 3542 λόγον
1404 3476 1493 3529 τὸν
1539 3477 1818 3549 ἑλληνικδν

232 3555 395 3611 ὕθλον
419 3554 579 3630 (ἦσαν
600 3561 707 3633 γάρ
734 3576 863 3615 ποτε
891 3566 983 3617 καὶ
1012 3565 1309 3636 ἀμφότεροι
1340 3566 1619 3639 Ἕλληνες,
1650 3568 1732 3633 ὡς
1756 3570 1813 3622 ὲν

230 3650 362 3712 ταῖς
391 3648 631 3721 Πράξεσι
662 3652 770 3707 τῶν
795 3652 962 3722 ἁγίων
999 3654 1311 3709 ἀποστόλων
1332 3654 1678 3729 δηλοῦται)ἢ
1710 3659 1814 3731 μὴν

228 3740 326 3794 τὸν
353 3744 532 3813 μωρόν
554 3759 565 3770 ·
595 3744 656 3797 τὸ
692 3744 799 3816 γὰρ
839 3746 1021 3818 μωρὸν
1068 3748 1291 3818 ἀρχαῖον
1330 3750 1381 3802 οἰ
1405 3750 1662 3820 Ἕλληνες
1702 3751 1817 3805 ἔλε-

228 3850 332 3903 γον
350 3852 362 3865 ⁸
386 3837 580 3890 οὐκοῦν
618 3839 757 3892 κατὰ
794 3838 981 3893 τοῦτον
1010 3841 1100 3893 τὸν
1140 3842 1322 3913 μωρὸν
1352 3841 1508 3895 ὕθλον
1544 3845 1705 3913 φημὶ,
1732 3845 1814 3897 δτι

229 3926 264 3979 6
289 3926 438 3997 ἥλιος
458 3969 472 3993 ,
500 3930 626 3993 Θεὸς
671 3930 769 3997 ὢν,
800 3934 1143 4003 ἐπιτροπεύει
1169 3935 1261 3989 τδν
1302 3934 1504 4007 κόσμον
1526 3954 1539 3966 ·
1575 3937 1709 3991 ἀλλὰ
1739 3937 1814 3991 τὰ

224 4019 463 4090 ἀόρατα
478 4024 584 4077 τοῦ
602 4025 772 4089 Θεοῦ,
796 4025 936 4085 κατὰ
952 4027 1045 4080 τὸν
1069 4025 1408 4091 Ἀπόστολον,
1424 4026 1542 4081 ἀπὸ
1564 4028 1816 4096 κτίσεως

225 4115 464 4183 κόσμου
502 4117 628 4183 τοῖς
658 4116 945 4187 ποιήμασι
990 4119 1284 4188 νοούμενα
1328 4116 1644 4187 καθορᾶται
1669 4160 1683 4183 ,
1722 4122 1817 4175 καὶ

222 4209 259 4279 ἡ
311 4206 502 4277 θεότης
528 4208 692 4262 αὐτοῦ
718 4249 732 4275 ,
787 4210 881 4263 καὶ
932 4210 1097 4273 ἀΐδιος
1136 4209 1365 4282 δύναμις
1400 4210 1507 4264 ἀπὸ
1537 4209 1631 4264 τοῦ
1659 4211 1812 4283 ἡλίου

225 4299 572 4368 ἐμφαίνεται.

1922 3284 2021 3339 sub
2052 3283 2433 3354 splendoribus
2458 3284 2573 3354 ejus
2599 3286 2966 3349 continentur,
3002 3282 3068 3337 ad
3112 3296 3169 3336 se
3202 3282 3494 3337 convertit.

1923 3385 2144 3447 propter
2170 3376 2313 3447 quod
2362 3378 2530 3431 etiam
2580 3375 2730 3445 ἥλιος
2766 3373 3087 3444 appellatur,
3118 3373 3262 3444 quod
3310 3373 3494 3429 omnia

1918 3465 2085 3538 ἀολλῆ
2113 3482 2209 3523 seu
2238 3482 2571 3539 congregare
2602 3467 2785 3533 faciat,
2814 3474 2869 3521 et
2898 3467 3139 3536 dispersa
3171 3474 3489 3535 congreget,

1922 3561 2218 3630 omniaque
2241 3560 2415 3630 ipsum
2443 3568 2720 3630 appetant,
2770 3558 3006 3614 viventia
3050 3558 3265 3628 quidem
3318 3566 3376 3611 ut
3412 3558 3491 3611 vi-

1920 3654 2106 3721 deant,
2129 3652 2328 3725 stirpes
2353 3664 2412 3708 ut
2440 3662 2780 3716 moveantur,
2809 3661 3001 3706 caetera
3030 3660 3088 3705 ut
3113 3651 3181 3706 ab
3214 3652 3328 3719 ipso
3358 3665 3490 3703 con-

1918 3757 2206 3802 serventur
2235 3748 2361 3801 dum
2406 3745 2588 3801 lumen
2622 3744 2743 3815 ejus
2776 3755 3054 3816 appetunt.
3088 3742 3203 3797 Non
3234 3744 3335 3797 ltoc
3365 3744 3490 3797 dico

1918 3834 2213 3890 secundum
2249 3836 2528 3905 antiquam
2568 3846 2623 3890 et
2658 3836 2993 3906 splendidam
3025 3834 3263 3890 fabulam
3293 3848 3356 3887 ac
3383 3850 3488 3888 nu-

1917 3944 2102 3999 gacem
2127 3928 2407 3999 gentilium
2438 3942 2742 3983 sermonem
2777 3927 2958 3997 (erant
3004 3927 3148 3984 enim
3195 3927 3488 3995 aliquando

1912 4023 2077 4075 etiam
2108 4020 2321 4089 utrique
2345 4018 2594 4091 gentiles,
2619 4031 2677 4073 ut
2701 4020 2761 4074 in
2781 4029 3099 4075 sanctorum.
3119 4018 3485 4089 apostolorum

1911 4115 2063 4170 Actis
2112 4112 2441 4183 declaratur)
2486 4112 2568 4167 vel
2610 4122 2757 4168 certe
2811 4111 3052 4180 fatuum;
3102 4128 3229 4170 nam
3273 4114 3483 4167 fatuum

1910 4206 2138 4278 gentiles
2166 4207 2305 4263 idem
2335 4208 2479 4277 quod
2508 4205 2792 4276 antiquum
2833 4206 3104 4262 dicebant.
3154 4206 3343 4278 Itaque
3372 4220 3482 4261 non

1910 4300 2208 4356 secundum
2248 4300 2387 4355 hanc
2410 4298 2611 4355 fatuam
2655 4298 2915 4363 fabulam,
2948 4301 3194 4369 inquam,
3222 4297 3481 4369 quoniam

225 4389 311 4444 sol
344 4390 479 4444 Deus
507 4401 610 4452 est,
648 4400 903 4446 mundum
935 4400 1233 4459 convertit;
1271 4408 1455 4449 verum
1478 4393 1758 4448 invisibilia
1795 4392 1909 4459 Dei,
1953 4393 2248 4447 secundum
2300 4390 2649 4460 Apostolum,
2702 4407 2735 4444 a
2778 4400 3023 4445 creatura
3057 4390 3265 4456 mundi,
3295 4406 3389 4459 per
3416 4404 3479 4443 ea

219 4498 347 4553 qua
376 4482 515 4551 facta
541 4494 685 4550 sunt,
737 4485 1022 4553 intellecta,
1075 4487 1471 4557 conspiciuntur
1519 4498 1578 4551 ’³,
1610 4499 1663 4543 et
1710 4488 1966 4541 divinitas
1993 4485 2162 4555 ipsius
2195 4486 2475 4554 virtusque
2517 4485 2844 4555 sempiterna
2868 4499 2897 4539 a
2932 4483 3044 4538 sole
3074 4481 3472 4540 manifestatur.

299 4573 331 4645 ξ
375 4574 435 4628 V.‘
490 4576 646 4631 Ἅλλὰ
684 4577 856 4631 ταῦτα
887 4581 983 4650 μὲν
1014 4582 1071 4633 ἐν
1104 4581 1208 4653 ίδίᾳ
1237 4583 1586 4656 πραγματείᾳ
1630 4583 1803 4637 τεθεο-

1981 4581 2010 4653 §
2058 4580 2118 4635 V.
2164 4577 2366 4636 Verum
2400 4584 2516 4635 haec
2552 4580 2603 4633 in
2646 4580 2865 4649 proprio
2897 4588 3127 4633 tractatu
3175 4577 3473 4648 theologice

217 4666 469 4739 λόγηται,
500 4669 592 4723 νῦν
622 4669 679 4724 δὲ
709 4673 900 4744 ῥητέον
924 4675 1050 4743 περὶ
1078 4673 1171 4727 τοῦ
1200 4675 1389 4748 νοητοῦ
1427 4676 1796 4745 φοηός.Λέγε-

215 4776 315 4813 ται
336 4760 514 4815 τοίνυν
544 4763 571 4815 6
594 4762 725 4827 Θεὸς
752 4765 885 4833 φῶς,
905 4766 1038 4819 ἀλλὰ
1066 4768 1274 4838 νοητὸν,
1300 4767 1387 4822 διὰ
1414 4770 1475 4822 τὸ
1496 4769 1674 4824 πάντα
1703 4773 1801 4840 ἀγ-

216 4852 437 4922 γελικδν
462 4854 586 4908 νοῦν
621 4859 892 4925 φωτίζειν,
931 4863 1110 4915 πᾶσαν
1143 4861 1199 4915 δὲ
1228 4861 1447 4932 ἄγνοιαν
1477 4863 1800 4919 ἀπελαύνειν

217 4948 290 5001 bc
314 4945 422 4998 τῶν
440 4945 645 5016 ψυχῶν,
676 4944 761 5011 αῖς
788 4949 853 5003 ἂν
878 4944 1182 5026 ἐγγένηται.
1216 4954 1355 5025 Ὅρα
1376 4954 1449 5018 δὲ,
1476 4956 1555 5008 ὅτι
1582 4956 1675 5010 ἐπὶ
1702 4956 1799 5027 μὲν

213 5037 333 5092 τῶν
359 5038 603 5107 ἀγγέλων
625 5040 924 5106 εὐθυὸόλως
946 5038 1066 5095 εἷπε
1093 5044 1344 5113 φωτίζειν
1369 5046 1429 5098 τὸ
1458 5046 1595 5113 φῶς,
1624 5048 1715 5099 ἐπὶ
1742 5046 1797 5099 δὲ

212 5129 339 5183 τῶν
357 5128 549 5200 ψυχῶν
573 5133 832 5203 πρότερον
856 5111 1174 5188 ἀπελαύνειν
1203 5137 1263 5189 τὸ
1302 5136 1399 5206 τῆς
1435 5111 1639 5207 πλάνης
1669 5139 1793 5191 σκό-

213 5237 316 5297 τος
358 5222 451 5274 καὶ
490 5221 631 5275 οὕτω
673 5223 951 5293 φωτίζειν·
989 5228 1038 5280 οἰ
1086 5226 1193 5299 γὰρ
1234 5228 1449 5297 ἄγγελοι
1496 5230 1657 5282 ἁπλοῖ
1703 5230 1797 5282 κα)⁵

218 5311 537 5383 μονοειδεῖς,
567 5315 660 5367 καὶ
697 5315 755 5382 ὲξ
792 5318 964 5388 ἀρχῆς
994 5320 1055 5372 τὸ
1084 5320 1197 5389 φῶς
1224 5321 1532 5392 ἐσχηκότες,
1554 5325 1621 5393 τῇ
1644 5323 1797 5377 ἀκλι-

214 5406 308 5461 vf!
339 5405 592 5461 ἀνατάσει
620 5409 939 5479 φωτίζονται
976 5414 1194 5479 πάντες,
1216 5418 1264 5467 oi
1305 5414 1351 5467 δ’
1382 5414 1687 5488 ἅνθρωποι,
1719 5418 1797 5471 δι·-

215 5498 349 5552 πλοῖ
385 5499 570 5567 ὄντες,
614 5504 705 5555 καὶ
754 5506 929 5575 σάρκα
977 5510 1380 5580 περιφέροντες,
1402 5512 1795 5584 συνειθισμένοι

218 5594 335 5650 stat
361 5592 484 5658 ταῖς
527 5600 814 5665 κοσμικαῖς
854 5600 1096 5669 ἀγνοίαις
1135 5605 1227 5658 καὶ
1268 5606 1524 5663 πλάναις·
1564 5607 1657 5662 καὶ
1695 5606 1794 5660 οὐκ

311 5773 332 5813 ξ
363 5774 496 5830 Gen.
528 5792 573 5832 ιι
643 5788 680 5808 ⁵
704 5780 835 5835 Rom
880 5797 917 5848 t,
943 5782 1029 5835 ‘20.

1908 4674 2321 4742 descripsimus,
2356 4674 2517 4727 modo
2551 4672 2834 4729 dicendum
2876 4673 2943 4727 de
2985 4670 3105 4727 luce
3154 4670 3473 4727 intellectili.

1906 4768 2114 4823 Dicitur
2155 4767 2339 4835 itaque
2394 4770 2531 4822 Deus
2587 4766 2675 4821 lux
2704 4804 2720 4831 ,
2758 4765 2855 4820 sed
2914 4764 3279 4829 iutellectilis,
3328 4767 3471 4834 quod

1904 4874 2121 4913 omnem
2168 4858 2471 4929 angelicum
2521 4859 2855 4913 intellectum
2905 4857 3207 4921 illuminet,
3252 4871 3468 4911 omnem

1909 4960 2087 5005 autem
2118 4952 2477 5021 ignorantiam
2522 4966 2589 5007 ex
2628 4952 2845 5014 animis,
2879 4950 3075 5019 quibus
3123 4950 3266 5004 inest
3290 4958 3470 5006 exter-

1906 5047 2093 5103 minet.
2128 5046 2363 5102 Observa
2393 5060 2539 5112 vero,
2576 5044 2717 5113 quod
2746 5043 2799 5097 in
2832 5042 3039 5112 angelis
3076 5043 3292 5111 quidem
3321 5052 3468 5096 recta

1901 5140 2214 5208 conjectura
2264 5138 2459 5192 dixerit
2511 5137 2682 5191 lucem
2720 5134 3046 5200 illuminare,
3080 5135 3132 5188 in
3181 5134 3469 5189 animabus

1905 5246 2033 5285 vero
2066 5230 2224 5297 prius
2253 5230 2457 5284 erroris
2488 5230 2735 5284 tenebras
2763 5228 2979 5295 ejicere,
3012 5236 3065 5281 et
3111 5236 3222 5281 tum
3265 5225 3467 5280 illumi-

1904 5337 2063 5389 nare;
2098 5337 2221 5377 uam
2259 5322 2435 5391 angeli
2461 5336 2581 5377 cum
2617 5323 2893 5391 simplices
2918 5337 2983 5375 ac
3012 5320 3307 5375 uniformes
3333 5320 3463 5384 sint,

1900 5424 1955 5472 et
1982 5417 2050 5473 ab
2082 5418 2233 5473 initio
2265 5416 2398 5471 lueis
2428 5415 2718 5485 participes
2740 5415 3071 5478 exstiterint,
3099 5413 3352 5468 continua
3384 5413 3464 5466 in-

1904 5512 2145 5569 tentione
2174 5525 2364 5567 omnes
2406 5510 2811 5576 illuminantur;
2862 5510 3106 5565 homines
3146 5522 3305 5571 vero,
3338 5522 3460 5561 eum

1900 5604 2146 5676 duplices
2177 5607 2302 5671 sint,
2338 5614 2397 5660 et
2424 5619 2642 5661 carnem
2674 5602 3079 5665 circumferant,
3115 5599 3463 5658 saecularibus
