4186 6308
711 353 820 406 739

1805 347 1856 400 S.
1898 343 2194 400 DIONYSll
2231 339 2694 398 ΑΒΕΟΡΑΟΙΤᾸΕ

3855 336 3961 390 7ῦο

712 465 1031 537 ignorantiis
1075 463 1459 530 erroribusque
1489 467 1613 514 sunt
1653 459 1879 520 assueti,
1912 471 2016 510 non
2050 466 2274 524 possunt

2377 453 2442 507 ἂν
2469 453 2785 524 φωτισθείεν
2807 450 2980 514 ἄλλως
3009 452 3055 503 εί
3085 450 3158 521 μὴ
3180 449 3240 502 τὸ
3264 449 3451 513 σκότος
3475 451 3775 521 ἀπελασϐῇ.
3798 452 3962 506 Ὅθεν

708 561 864 614 aliter
913 556 1242 621 illuminari,
1276 555 1376 608 nisi
1412 553 1646 607 tenebrae
1676 551 1909 619 depulsae
1957 552 2082 615 sint.
2118 549 2270 605 Unde

708 666 831 706 cum
865 652 953 705 lux
1005 661 1192 703 natura
1242 665 1334 702 sua
1383 646 1541 701 simul
1587 651 1706 699 cum
1750 644 1984 698 tenebris
2021 658 2142 698 esse
2173 659 2266 698 ne-

707 752 889 814 queat,
919 744 1119 798 idcirco
1158 742 1275 795 luce
1311 741 1672 803 subintrante,
1705 739 1945 792 tenebrae
1985 736 2271 804 fugantur;

707 848 760 892 et
811 847 1069 906 quantum
1114 835 1201 886 lux
1253 832 1574 899 ingreditur,
1623 838 1829 883 tantum
1873 829 2066 881 animm
2102 827 2270 895 ipsam

708 928 1062 998 degustantes
1090 927 1260 995 magis
1291 931 1578 992 appetunt;
1612 929 1665 974 et
1691 927 1897 988 quanto
1938 918 2041 970 illa:
2083 913 2272 981 majori

708 1020 976 1074 desiderio
1027 1030 1278 1087 aguntur,
1311 1024 1462 1069 tanto
1513 1012 1684 1081 magis
1733 1011 1823 1064 tux
1868 1008 2104 1077 aﬂulget,
2141 1021 2276 1076 quo-

707 1114 855 1167 niam
888 1112 1190 1166 dilexerunt
1221 1107 1469 1169 multum,
1497 1104 1652 1170 juxta
1685 1111 1874 1155 sancta
1915 1098 2198 1166 Evangelia
2221 1105 2272 1150 ι’.

707 1203 824 1258 Non
853 1203 997 1257 enim
1031 1210 1250 1268 repente
1278 1198 1368 1251 lux
1417 1194 1654 1262 aﬂuiget,
1687 1206 1753 1246 ne
1800 1192 2013 1260 quando
2043 1188 2276 1257 caligine

708 1293 1079 1358 effundantur,
1112 1294 1253 1347 sicut
1281 1289 1546 1358 contingit
1575 1286 1641 1341 iis
1671 1286 1762 1355 qui
1798 1299 1828 1340 e
1873 1282 2151 1352 profundis
2197 1295 2277 1335 te-

708 1385 894 1441 nebris
916 1384 1083 1439 solem
1111 1383 1330 1437 directis
1359 1379 1531 1434 oculis
1562 1377 1758 1431 intueri
1790 1379 2001 1438 volunt;
2039 1375 2132 1427 sed
2154 1385 2276 1426 sen-

711 1459 1012 1542 simfjttxta
1039 1473 1308 1527 modulum
1338 1485 1525 1524 eorum
1558 1467 1646 1538 qui
1673 1467 1852 1520 lumen
1888 1463 2181 1532 excipiunt,
2219 1471 2277 1516 ut

709 1584 883 1636 neque
908 1568 1026 1620 luce
1057 1566 1222 1620 nimia
1248 1563 1569 1617 infirmiores
1594 1558 1808 1616 obruat.
1843 1569 2015 1624 neque
2042 1567 2274 1615 rursum,

707 1671 931 1727 propter
975 1658 1191 1711 luminis
1242 1655 1500 1724 inopiam,
1533 1650 1741 1705 meritis
1789 1662 1891 1700 non
1929 1645 2274 1714 respondeat,

709 1757 802 1806 sed
848 1752 1006 1818 juxta
1058 1748 1464 1817 suscipientium
1498 1743 1657 1814 391
1714 1753 1932 1795 sursum
1987 1736 2275 1791 contuendi

2374 549 2466 600 καὶ
2501 546 2622 599 ἐπεὶ
2645 546 2745 596 οὐκ
2775 543 2885 613 ἔχει
2919 540 3077 612 φύσιν
3093 543 3152 594 τὸ
3167 542 3282 610 φῶς
3301 542 3378 613 τῷ
3397 543 3577 595 σκότει
3601 546 3857 606 συνεῖναι,
3871 544 3960 599 διά

2372 637 2528 690 τοῦτο
2552 636 2645 690 τοῦ
2677 635 2852 705 φωτὸς
2877 636 3061 687 ὑπεισε
3071 632 3350 705 ρχομένου,
3379 636 3439 687 τὸ
3459 635 3647 698 σκότος
3667 633 3958 690 animarat:

2375 732 2467 784 καὶ
2487 732 2609 784 ὅσον
2638 730 2698 783 τὸ
2727 731 2841 798 φῶς
2877 729 3270 801 ἐπεισέρχεται,
3301 729 3490 781 τούτου
3528 729 3585 780 αἱ
3622 728 3790 798 ψυχαὶ
3821 730 3959 781 ἀπο-

2374 823 2683 893 γευόμεναι,
2701 821 2896 892 μᾶλλον
2930 821 3206 891 ἐφίενται·
3240 821 3332 873 καὶ
3362 819 3577 890 μᾶλλον,
3598 819 3777 872 αὐτῶν
3811 821 3958 888 ἐφιε-

2379 917 2573 986 μένων,
2603 916 2799 986 μᾶλλον
2823 915 3119 986 ἐπιλάμπει
3135 914 3194 966 τὸ
3217 913 3351 982 φῶς,
3370 915 3450 966 ὃτι
3475 913 3764 984 ἠγάπησαν
3795 911 3954 975 πολὺ,

2377 1008 2514 1060 κατὰ
2541 1007 2608 1060 τά
2636 1007 2756 1080 ἱερὰ
2779 1008 3101 1077 Εὐαγγέλια.
3135 1007 3207 1060 Οὐ
3239 1004 3347 1077 γὰρ
3374 1005 3629 1074 ἐξαίφνης
3654 1003 3956 1073 ἐπιλάμπει

2375 1099 2437 1152 τὸ
2467 1099 2601 1169 φῶς,
2631 1100 2719 1154 ἵνα
2769 1101 2841 1170 μή
2883 1114 3000 1162 πως
3039 1097 3409 1161 σκοτισθῶσιν,
3438 1095 3625 1167 ὥσπερ
3669 1094 3959 1164 συμϐαίνει

2377 1193 2488 1254 τοῖς
2517 1191 2774 1260 ἐξαίφνης
2800 1190 2905 1242 ἀπὸ
2939 1189 3129 1259 βαθέος
3162 1188 3384 1251 σκότους
3419 1186 3495 1257 τῷ
3523 1186 3656 1258 ἡλίῳ
3687 1189 3956 1255 ἐπεντρα-

2378 1279 2543 1344 νίζειν
2574 1280 2846 1334 ἐθέλουσιν
2872 1299 2885 1311 ·
2918 1280 3052 1335 ἀλλὰ
3097 1281 3215 1334 κατ’
3242 1280 3419 1348 ὀλίγον
3458 1280 3552 1332 καὶ
3591 1279 3724 1348 πρὸς
3765 1277 3826 1328 τὺ
3857 1276 3956 1346 μέ-

2376 1389 2501 1444 τρον
2525 1372 2634 1426 τῶν
2663 1373 3088 1444 ὑποδεχομένων,
3113 1373 3200 1424 ὅτε
3223 1371 3298 1441 τῷ
3327 1370 3626 1442 πληθυσμῷ
3648 1370 3774 1432 τοὺς
3795 1368 3958 1421 ἀσθε-

2379 1465 2661 1535 νεστέρους
2693 1464 3129 1528 καταϐαπτίζων,
3156 1463 3278 1516 οὔτε
3305 1463 3462 1516 πάλιν
3496 1462 3582 1515 ἐπ’
3609 1461 3826 1514 ἔλαττον
3852 1478 3959 1513 πα-

2381 1557 2448 1628 ρὰ
2472 1557 2580 1610 τῶν
2605 1557 2769 1622 ἀξίων
2798 1556 3158 1627 χωρούμενον,
3188 1554 3319 1608 ἀλλὰ
3348 1555 3487 1608 κατὰ
3516 1555 3612 1624 τὴν
3632 1553 3739 1606 τῶν
3771 1552 3958 1605 ὑποδει-

2379 1645 2619 1716 χομένων
2650 1649 2729 1709 είς
2766 1646 3053 1702 ἀνάνευσιν
3082 1645 3370 1714 ἀναλογίαν
3394 1663 3408 1676 ·
3437 1645 3596 1697 τοῦτο
3631 1643 3739 1713 γάρ
3783 1645 3954 1708 ἐστιν,

2379 1737 2406 1790 ὂ
2433 1740 2523 1791 καὶ
2552 1737 2807 1807 ἀνωτέρω
2841 1737 3007 1808 λέγει,
3033 1739 3116 1791 ὃτι
3139 1737 3290 1805 τάξις
3320 1738 3414 1791 καὶ
3443 1736 3640 1807 μέτρον
3675 1735 3830 1806 ἡμῶν
3861 1737 3954 1788 ἐσ-

707 1846 1064 1914 capacitatem
1097 1850 1456 1910 temperetur;
1489 1840 1589 1892 hoc
1626 1837 1769 1890 enim
1801 1845 1886 1888 est
1928 1832 2072 1907 quod
2111 1830 2274 1884 etiam
2357 1847 2440 1882 τιν
2463 1832 2489 1882 6
2517 1830 2667 1893 Θεὸς.

708 1927 958 2007 superius
1007 1936 1161 1998 dixit,
1213 1933 1375 1986 Deum
1421 1943 1540 1983 esse
1580 1927 1824 1982 ordinem
1883 1935 1940 1981 et
1986 1935 2296 1978 mensuram
2331 1932 2592 1976 nostram.

770 2023 798 2101 ς
828 2029 922 2082 Vl.
950 2028 1083 2081 lllud
1113 2025 1254 2094 quod
1295 2039 1454 2092 supra
1499 2038 1650 2074 omne
1685 2020 1857 2073 iumen
1881 2059 1898 2083 ,
1947 2017 2150 2071 bonum
2197 2015 2279 2067 lu-

2449 2013 2475 2085 §
2513 2015 2592 2068 Vl.
2630 2014 2797 2068 Τοῦτο
2821 2015 2882 2068 τὸ
2907 2015 3058 2083 ὑπὲρ
3078 2012 3198 2068 πᾶν
3225 2013 3369 2083 φῶς,
3413 2011 3615 2081 ἀγαθὸν
3648 2012 3762 2080 φῶς
3796 2011 3956 2080 λέγε-

709 2137 833 2175 men
869 2120 1099 2182 dicitur;
1147 2118 1273 2184 quia
1326 2114 1493 2168 etiam
1545 2126 1762 2166 omnem
1819 2119 2051 2163 mentem
2084 2119 2276 2174 supra-

711 2215 1061 2274 mundanam,
1091 2209 1301 2266 scilicet
1339 2207 1602 2259 virtutum
1637 2202 2003 2271 superiorum,
2038 2199 2275 2253 circum-

711 2305 1042 2359 mundanam
1097 2301 1240 2356 illam
1290 2298 1615 2368 angelicam,
1663 2295 1716 2348 id
1782 2305 1866 2348 est
1912 2307 2109 2346 eorum
2157 2289 2272 2359 qui,

700 2398 856 2469 juxta
905 2392 1223 2464 Apostolum
1248 2399 1297 2458 °,
1328 2391 1383 2445 in
1435 2388 1803 2445 ministerium
1854 2383 2028 2448 missi,
2099 2391 2155 2437 et
2208 2381 2274 2434 ad

708 2487 1126 2542 :editicationem
1166 2492 1223 2537 et
1248 2481 1570 2552 obsequium
1601 2476 1837 2535 ordinati
1878 2485 2005 2530 sunt
2028 2474 2106 2544 (id
2128 2473 2274 2530 enim

708 2585 873 2635 etiam
901 2579 952 2631 in
985 2577 1124 2629 libro
1161 2575 1232 2627 De
1263 2573 1458 2626 cmlesti
1487 2570 1792 2624 hierarchia
1816 2567 2003 2636 tradit)
2029 2575 2088 2622 et
2114 2581 2274 2620 mun-

709 2672 934 2732 dialetn,
961 2668 1172 2723 scilicet
1217 2668 1510 2720 humanam
1537 2678 1607 2717 ex
1641 2676 1739 2715 sua
1773 2659 2113 2728 plenitudine
2151 2657 2276 2711 illu-

714 2764 911 2824 minat,
955 2760 1110 2830 juxta
1157 2757 1398 2811 divinum
1460 2751 1766 2821 apostolum
1802 2759 1855 2804 et
1886 2748 2273 2817 evangelistam

709 2853 973 2908 Joannem
995 2862 1043 2913 Ρ,
1071 2851 1340 2902 dicentem
1373 2865 1386 2900 :
1427 2843 1490 2897 Et
1518 2860 1582 2898 ex
1603 2838 1929 2911 plenitudine
1954 2840 2066 2908 ejus
2096 2855 2274 2892 omnes

709 2947 1024 3015 accepimus.
1100 2941 1190 2995 Vel
1243 2937 1743 3008 supramundanam
1803 2932 1879 2986 ait
1938 2932 2271 3000 spiritalem;

708 3035 1272 3098 circummundanam,
1317 3028 1643 3092 animalem;
1680 3036 1733 3081 et
1765 3023 2118 3088 mundialem,
2151 3038 2270 3076 car-

707 3130 909 3185 nalem.
930 3126 1028 3182 Vel
1050 3126 1213 3179 etiam
1243 3122 1420 3184 aliter,
1448 3116 1973 3185 supramundialem,
2004 3129 2124 3168 eum
2155 3121 2275 3181 quae

707 3222 1036 3290 theologiam
1066 3219 1252 3281 docet;
1289 3207 1860 3270 circummundialem,
1891 3221 2011 3274 qua:
2043 3213 2269 3259 natura-

707 3317 814 3369 lem
844 3309 1392 3378 contemplationem;
1428 3301 1756 3356 mundialem
1803 3313 1922 3367 quae
1973 3282 2284 3368 praeticam'

2375 2124 2485 2170 ται,
2518 2107 2612 2159 καὶ
2648 2108 2730 2159 ὅτι
2773 2109 2951 2161 πάντα
2995 2107 3119 2160 νοῦν
3162 2107 3549 2177 ὺπερκόσμιον,
3586 2104 3826 2175 δηλονότι
3855 2105 3949 2156 τὸν

2375 2199 2482 2252 τῶν
2505 2201 2756 2271 ἀνωτέρω
2784 2201 3060 2268 δυνάμεων
3079 2240 3093 2264 ,
3129 2201 3482 2272 περικόσμιον
3511 2199 3603 2252 τὸν
3632 2198 3946 2266 ἀγγελικὸν,

2375 2291 2616 2344 τουτέστι
2643 2292 2753 2345 τῶν
2778 2294 2872 2346 ἐπί
2893 2291 3199 2364 λειτουργίᾳ
3231 2289 3725 2362 ἀποστελλομένων,
3749 2291 3845 2343 καὶ
3867 2292 3948 2353 εἰς

2373 2384 2652 2456 διοίκησιν,
2683 2385 2774 2438 καί¹
2809 2385 3076 2438 διακονίαν
3111 2385 3452 2455 τεταγμένων
3484 2382 3625 2437 κατά
3655 2383 3746 2435 τὸν
3788 2384 3951 2436 Ἀπό-

2377 2475 2557 2526 στολον
2599 2473 2759 2544 (οὕτω
2816 2474 2924 2546 γάρ
2961 2476 3056 2528 καὶ
3105 2476 3163 2527 ἐν
3200 2475 3278 2545 τῷ
3322 2475 3468 2543 Περὶ
3512 2473 3622 2543 τῆς
3659 2475 3950 2540 οὐρανίου

2375 2567 2672 2636 ίεριῳχίας
2707 2568 2838 2639 φησί
2860 2567 2896 2637 ·)
2943 2571 3035 2622 καὶ
3076 2569 3387 2638 ἐγκόσμιον,
3431 2567 3523 2619 τὸν
3581 2563 3950 2636 ἀνθρώπινον,

2374 2657 2439 2709 ἐκ
2469 2656 2562 2710 τοῦ
2606 2658 2805 2710 οἰκείου
2846 2657 3206 2730 πληρώματος
3251 2656 3614 2727 καταλάμπει,
3659 2657 3803 2710 κατὰ
3852 2658 3956 2709 τὸν

2376 2750 2515 2802 Οεῖον
2545 2751 2839 2804 ἀπόστολον
2863 2753 2955 2804 καὶ
2978 2750 3366 2820 εὐαγγελιστὴν
3405 2750 3654 2819 Ἰωάννην
3682 2749 3906 2817 λέγοντα
3927 2767 3942 2780 ·

2374 2842 2483 2895 Καὶ
2506 2843 2573 2895 ἐκ
2596 2841 2701 2895 τοῦ
2724 2842 3113 2911 πληρώματος
3149 2841 3332 2895 αὑτοῦ
3370 2840 3588 2906 πάντες
3628 2839 3946 2909 ἐλάϐομεν.

2377 2935 2447 2986 Ἤ
2477 2933 2848 3003 ὑπερκόσμιόν
2877 2951 3008 3005 φησι
3036 2933 3126 2986 τὸν
3158 2931 3524 3002 πνευματικόν
3544 2947 3556 2960 ’
3587 2930 3948 3000 περικόσμιον

2372 3028 2463 3081 τὸν
2489 3027 2716 3098 ψυχικόν
2735 3044 2748 3057 ⁸
2780 3027 3086 3097 ἐγκόσμιον,
3104 3026 3193 3079 τὸν
3219 3025 3477 3097 σαρκικόν
3501 3065 3514 3078 .
3547 3027 3613 3077 Ἢ
3638 3026 3730 3076 καὶ
3748 3024 3946 3086 ἄλλως,

2375 3120 2738 3191 ὑπερκόσμιον
2781 3119 2870 3170 τὸν
2901 3117 2996 3189 τὴν
3032 3117 3309 3185 Θεολογίαν
3361 3114 3756 3185 κατορθοῦνταο
3791 3130 3949 3184 περι-

2375 3212 2598 3281 κόσμιον
2634 3209 2726 3261 τὸν
2751 3208 2850 3280 τὴν
2876 3208 3104 3279 φυσικὴν
3128 3207 3357 3279 θεωρίαν
3375 3223 3389 3236 ο
3415 3207 3708 3276 ἐγκόσμιον
3731 3205 3822 3257 τὸν
3845 3205 3949 3275 τὴν

2377 3300 2681 3374 ¹ιιρακτικὴν
2711 3300 2928 3371 ἀρετήν.
2952 3299 3068 3362 Φῶς
3097 3298 3257 3352 πάλιν
3283 3299 3312 3350 ὁ
3348 3297 3499 3361 Θεὸς,
3523 3297 3655 3350 διότι
3679 3296 3778 3360 τὰς
3816 3296 3948 3360 ὅλας

707 3407 966 3458 virtutem
1001 3401 1186 3456 tradit.
1247 3397 1391 3452 Deus
1430 3396 1628 3448 iterum
1663 3391 1754 3444 lux
1787 3398 1892 3452 est,
1924 3388 2052 3456 quia
2083 3399 2272 3438 omnes

2377 3395 2565 3468 νοερὰς
2589 3395 2864 3465 δυνάμεις,
2891 3395 2990 3457 τάς
3027 3410 3085 3445 τε
3112 3395 3169 3446 ἐν
3192 3390 3400 3462 οὐρανῷ
3425 3392 3520 3443 καὶ
3543 3390 3642 3453 τὰς
3673 3390 3948 3461 ἡμετέρας

709 3497 982 3552 intellectu
1015 3493 1271 3564 praeditas
1298 3490 1550 3552 virtutes,
1582 3499 1702 3539 cum
1751 3481 2002 3538 cmlestes
2034 3487 2146 3532 tum
2168 3492 2272 3530 no-

2376 3486 2675 3551 ἀνανεάζει.
2707 3487 2831 3550 Πῶς
2867 3485 2925 3540 δὲ
2971 3484 3252 3548 ἀνανεάςει
3279 3484 3339 3536 τὸ
3375 3482 3523 3551 φῶς;
3555 3482 3587 3551 ἢ
3617 3481 3854 3552 δηλονότι
3883 3480 3950 3546 ἐξ

709 3599 854 3645 stras
909 3593 1171 3645 renovat..
1197 3581 1476 3650 Quomodo
1530 3587 1709 3631 autem
1771 3583 1994 3628 renovat
2054 3568 2275 3623 lumen?

709 3681 973 3747 Quoniam
1011 3675 1264 3731 videlicet
1316 3688 1378 3726 ex
1437 3668 1788 3739 proportione
1842 3678 2021 3718 rerum
2078 3676 2269 3729 corpoo

708 3789 927 3828 rearum
953 3769 1332 3838 intelliguntur
1355 3779 1416 3817 ea
1444 3777 1564 3832 qua:
1601 3760 1666 3812 ad
1705 3758 1943 3811 animum
1997 3757 2050 3808 et
2103 3753 2270 3808 intel-

711 3866 903 3918 lectum
955 3868 1225 3931 spectant.
1281 3852 1748 3924 Quemadmodum
1803 3848 1968 3917 igitur
2014 3846 2272 3915 juventus

708 3965 816 4020 est,
860 3957 913 4009 in
957 3970 1061 4023 qua
1098 3965 1296 4020 corpus
1338 3947 1542 4017 optime
1581 3940 1898 3996 functiones
1935 3954 2064 3994 suas
2116 3938 2274 3992 obire

709 4048 874 4112 valet,
907 4045 1112 4101 senium
1164 4055 1311 4106 vero,
1342 4041 1396 4093 in
1424 4053 1533 4108 quo
1571 4053 1673 4090 non
1704 4035 1870 4099 valet,
1907 4032 1986 4087 sic
2016 4031 2180 4085 etiam
2219 4038 2275 4083 et

711 4140 902 4192 animae
945 4146 999 4190 et
1033 4133 1232 4187 mentis
1273 4129 1483 4183 senium
1528 4126 1744 4196 quidem
1791 4133 1896 4188 est,
1937 4123 1991 4176 in
2025 4133 2275 4189 quonon

709 4235 887 4300 potest
912 4224 1136 4292 exsequi
1170 4234 1366 4275 munus
1393 4231 1574 4278 suum,
1601 4212 1858 4281 juventus
1898 4226 2048 4271 vero,
2082 4210 2134 4262 in
2162 4221 2272 4270 qua

708 4328 904 4391 potest.
935 4319 1068 4372 Dum
1118 4316 1297 4384 itaque
1337 4324 1494 4365 mens
1537 4309 1590 4360 in
1629 4305 1834 4361 erroris
1873 4314 1926 4357 et
1953 4301 2279 4372 ignorantiae

711 4413 952 4470 tenebris
1005 4419 1275 4468 Versatur,
1326 4402 1732 4474 quodammodo
1790 4396 2152 4458 consenescit,
2218 4402 2273 4447 et

710 4509 856 4564 vires
885 4505 1003 4572 ejus
1041 4503 1469 4567 obtorpescunt;
1507 4507 1694 4546 verum
1727 4491 1814 4545 ubi
1852 4489 1939 4542 lux
1966 4486 2274 4554 intelligilti-

710 4601 774 4653 iis
802 4597 1044 4665 aﬂ'nlget,
1075 4598 1388 4653 renovatur,
1437 4597 1494 4641 et
1535 4601 1657 4655 qua:
1714 4583 1795 4637 sui
1853 4583 2097 4634 muneris
2147 4584 2273 4630 sunt

709 4691 936 4759 exsequi
973 4688 1133 4741 valet.
1168 4687 1337 4738 Porro
1367 4684 1553 4736 radius
1606 4678 1698 4732 ille
1735 4674 1873 4729 lucis
1913 4671 2273 4739 intelligibilis

2376 3580 2664 3646 ἀναλογίας
2707 3579 2815 3631 τῶν
2865 3576 3205 3647 σωματικῶν,
3251 3577 3346 3628 καὶ
3386 3574 3459 3627 τὰ
3503 3574 3709 3644 ψυχικά
3758 3591 3824 3625 τε
3851 3577 3949 3627 καὶ

2374 3668 2534 3738 νοερὰ
2571 3667 3021 3737 ἐκλαμϐάνονται.
3068 3665 3152 3728 Ὡς
3183 3665 3313 3733 γοῦν
3344 3665 3531 3732 νεότης
3554 3666 3690 3727 ἐστὶ,
3730 3663 3851 3716 καθ’
3875 3664 3952 3734 ἦν

2373 3759 2432 3811 τὸ
2460 3759 2617 3830 σῶμα
2650 3759 2716 3812 τὰ
2745 3761 2918 3810 οἰκεῖα
2946 3758 3163 3811 δύναται
3207 3758 3469 3826 ἐνεργεῖν,
3496 3755 3669 3823 γῆρας
3702 3753 3781 3816 δέ,
3820 3753 3945 3806 καθ’

2371 3853 2400 3906 ὅ
2431 3854 2489 3905 οὺ
2518 3852 2769 3906 δύναται·
2795 3850 2939 3903 οὓτω
2975 3850 3038 3920 δὴ
3063 3855 3155 3901 καὶ
3185 3848 3365 3920 ψυχῆς,
3388 3847 3479 3899 καὶ
3505 3845 3596 3898 νοῦ
3614 3845 3789 3914 γῆρας
3820 3846 3944 3914 μὲν,

2375 3944 2496 3997 καθ’
2518 3943 2545 3996 ὃ
2571 3944 2630 3995 οὐ
2662 3942 2878 3995 δύναται
2907 3942 3149 4012 ἐνεργεῖν
3176 3938 3246 3991 τὰ
3271 3939 3462 4000 οἰκεῖα,
3507 3937 3694 4004 νεότης
3738 3936 3792 3990 δὲ
3817 3934 3946 3986 καθ’

2373 4037 2437 4107 ῆν
2463 4037 2701 4089 δύναται.
2744 4035 2831 4088 Ἐν
2856 4034 2984 4103 γοῦν
3012 4032 3087 4102 τῷ
3113 4033 3209 4102 τῆς
3240 4030 3444 4100 πλάνης
3475 4030 3566 4082 καὶ
3595 4029 3693 4095 τῆς
3720 4027 3944 4094 ἀγνοίας

2376 4128 2553 4180 σκότει
2592 4129 2620 4180 6
2657 4125 2776 4189 νοῦς
2814 4123 2908 4188 ὢν,
2938 4125 3083 4194 γηρᾷ
3119 4117 3227 4174 οἷον
3255 4122 3346 4173 καὶ
3385 4120 3654 4190 ἀπρακτεῖ
3679 4116 3816 4169 κατά
3842 4115 3944 4179 τὰς

2373 4220 2576 4280 οἰκείας
2602 4218 2888 4287 δυνάμεις-
2920 4214 3012 4268 τοῦ
3054 4212 3243 4285 νοητοῦ
3291 4212 3349 4266 δέ
3395 4211 3570 4280 φωτὸς
3609 4207 3946 4279 ἐπιλάμψαν-

2372 4329 2481 4375 τος,
2527 4308 2864 4368 ἀνανεοῦται,
2917 4308 3008 4359 καὶ
3049 4303 3120 4358 τά
3171 4304 3347 4357 οἰκεῖα
3385 4302 3643 4373 πράττειν
3685 4300 3936 4353 δύναται.

2372 4397 2518 4468 Αὕτη
2554 4395 2647 4448 τοῦ
2692 4395 2882 4466 νοητοῦ
2931 4395 3105 4463 φωτὸς
3137 4391 3170 4462 ἡ
3196 4392 3351 4454 ἀκτὶς
3373 4390 3580 4453 πάντας
3609 4389 3851 4459 περιέχει
3879 4390 3945 4442 ἐν

2371 4487 2447 4557 τῷ
2492 4487 2765 4557 ὑπερεῖναι
2804 4485 3016 4537 πάντων
3051 4484 3142 4535 καὶ
3176 4481 3248 4552 μὴ
3292 4478 3416 4550 παρ’
3442 4477 3652 4540 οὐδενὸς
3691 4474 3946 4546 περιέχε-

2374 4576 2513 4640 σθαι,
2548 4577 2641 4628 καὶ
2672 4573 2858 4636 ἁπλῶς
2905 4574 3082 4625 πᾶσαν
3137 4571 3236 4640 τῆς
3282 4567 3614 4639 φωτιστικῆς
3655 4567 3944 4635 δυνάμεως

2373 4667 2665 4738 κυριότητα
2705 4667 2797 4719 καὶ
2839 4664 3084 4728 ἐξουσίαν
3124 4659 3478 4722 συλλαϐοῦσα,
3511 4658 3604 4710 καὶ
3653 4657 3942 4732 ὑπερέχει,

711 4793 917 4836 mentes
947 4794 1136 4833 omnes
1170 4778 1437 4838 ctmtinet,
1463 4787 1583 4826 cum
1627 4783 1791 4838 supra
1816 4780 2008 4820 omnes
2029 4775 2132 4826 est,
2158 4773 2213 4816 et
2243 4777 2272 4813 a

2374 4760 2453 4811 ὅτι
2481 4759 2620 4828 ὑπὲρ
2646 4758 2821 4811 πάντα
2846 4755 2915 4808 τὰ
2947 4754 3100 4824 φῶτά
3136 4756 3250 4807 ἐστι
3283 4753 3387 4820 ¹καὶ
3428 4749 3702 4820 προσέχει,
3736 4750 3818 4801 ὅτι
3845 4748 3946 4819 δη-

709 4875 855 4930 nullo
897 4873 1223 4933 continetur,
1253 4878 1417 4936 atque
1461 4877 1676 4917 omnem
1724 4856 2046 4927 simpliciter
2079 4853 2274 4909 illumi-

709 4966 874 5020 nandi
925 4962 1199 5016 facultatis
1254 4954 1592 5013 dominatum
1645 4968 1708 5006 ac
1769 4958 2093 5020 potestatem
2124 4960 2273 4999 com-

710 5057 1012 5125 prehendit,
1056 5064 1110 5106 et
1158 5050 1513 5120 superhabet,
1563 5045 1820 5114 quoniam
1873 5055 2034 5109 supra
2086 5037 2271 5092 omnia

711 5151 912 5202 Iumina
952 5147 1140 5199 existit
1164 5163 1179 5208 ;
1202 5154 1254 5198 et
1283 5141 1582 5211 praelialiet,
1610 5138 1868 5206 quoniam
1898 5135 2090 5187 barum
2115 5147 2270 5185 crea-

711 5253 795 5293 tor
822 5250 924 5304 est,
965 5252 1020 5293 et
1061 5239 1241 5291 omnia
1283 5241 1598 5303 congregat,
1652 5241 1706 5285 et
1746 5230 1797 5282 in
1828 5243 1991 5281 unum
2023 5224 2262 5292 cepnlat.

709 5334 986 5399 Quomodo
1015 5341 1194 5384 autem
1228 5330 1312 5380 lux
1348 5327 1529 5380 omnia
1560 5331 1852 5392 congreget
1899 5329 1953 5373 et
2005 5319 2060 5370 in
2099 5333 2264 5368 unum

709 5427 941 5493 copulet,
977 5424 1168 5493 probat
1201 5439 1228 5474 a
1254 5418 1552 5473 emitrario.
1585 5416 1738 5469 Sicut
1774 5412 1916 5467 enim
1959 5407 2266 5480 ignorantia

709 5531 955 5572 errantes
985 5514 1177 5569 dividit
1214 5512 1324 5580 (qui
1346 5510 1491 5563 enim
1519 5508 1752 5575 ignorat,
1789 5504 1841 5559 in
1875 5503 2041 5557 multa
2072 5502 2269 5554 distra-

711 5613 906 5679 hitur),
932 5611 1009 5663 sic
1040 5607 1261 5660 luminis
1285 5599 1724 5671 cognitionisque
1753 5595 2039 5664 prasentia
2066 5589 2272 5654 colligit

785 5801 809 5829 '-
835 5791 959 5846 Luc.
993 5805 1084 5856 in,
1117 5786 1202 5841 47.
1339 5782 1538 5851 lipltes.
1572 5792 1644 5842 ιν,
1682 5774 1760 5828 ί2.
1840 5782 1871 5822 Υ
1899 5769 2054 5826 Joan.
2091 5784 2125 5830 ι,
2165 5767 2249 5822 l6.

2382 4852 2636 4922 μιουργὸς
2675 4851 2877 4902 τούτων
2917 4849 3052 4910 ἐστὶ,
3082 4849 3175 4900 καὶ
3212 4846 3389 4899 πάντα
3414 4845 3630 4911 συνάγει
3653 4842 3747 4895 καὶ
3771 4839 3945 4911 ἀολλῆ

2379 4946 2536 4995 ποιεῖ.
2564 4944 2686 5005 Πῶς
2712 4943 2766 4994 δέ
2789 4941 2950 5010 ὰολλῆ
2972 4940 3064 4992 καὶ
3093 4938 3256 5008 συνηο
3266 4935 3520 5007 ροισμένα
3548 4935 3689 4985 ποιεῖ
3714 4932 3776 4984 τὸ
3798 4931 3941 5000 φῶς,

2380 5037 2682 5106 συνίστησιν
2728 5037 2791 5086 ἐκ
2828 5033 2922 5086 τοῦ
2959 5031 3198 5085 ἐναντίου
3222 5047 3233 5058 ·
3260 5029 3333 5092 ὡς
3372 5027 3479 5098 γὰρ
3509 5030 3540 5097 ἡ
3583 5024 3774 5092 ἄγνοια
3798 5024 3944 5076 διαι-

2380 5131 2562 5200 ρετικὴ
2590 5130 2705 5180 ἐστι
2749 5126 2856 5178 τῶν
2905 5121 3410 5192 πεπλανημένων,(ὁ
3453 5118 3561 5188 γὰρ
3597 5115 3804 5184 ἀγνοῶν
3856 5118 3945 5180 εἰς

2377 5220 2543 5274 πολλὰ
2574 5217 2889 5289 μερίζεται),
2930 5215 3158 5282 οὕτωςή
3199 5209 3464 5282 παρουσία
3499 5207 3591 5260 τοῦ
3631 5205 3804 5275 φωτὸς
3845 5207 3946 5260 καὶ

2371 5314 2464 5380 τῆς
2509 5311 2756 5378 γνώσεως
2797 5305 3103 5374 συναγωγάς
3130 5306 3246 5356 ἐστι
3273 5303 3378 5354 τῶν
3417 5299 3824 5369 φωτιζομένωνα
3859 5298 3946 5350 ἔτι

2371 5405 2426 5457 δέ
2453 5405 2545 5456 καὶ
2593 5396 3009 5470 ἐπιστρεπτικὴ,
3054 5394 3454 5464 ἐπιστρέφουσα
3491 5390 3596 5442 ἀπὸ
3641 5389 3739 5456 τῆς
3775 5388 3946 5441 πολυ-

2372 5499 2519 5559 Θεῖας
2556 5495 2687 5564 πρὸς
2715 5493 2776 5545 τὸ
2802 5491 2966 5552 ὅντως
2994 5489 3052 5541 ὃν
3080 5486 3286 5556 (ὥσπερ
3323 5484 3471 5555 ἡλίου
3508 5482 3944 5550 ἐπιλάμψαντος,

2376 5587 2582 5660 πρῶτος
2617 5589 2643 5637 6
2669 5584 2878 5653 βλέπων
2903 5583 2979 5644 εἰς
3018 5579 3177 5633 αὐτὸν
3203 5575 3605 5647 ἐπιστρέφεται..
3631 5575 3722 5628 καὶ
3747 5571 3945 5629 τούτου
