4176 6308
180 325 278 380 761

746 325 833 380 DE
867 323 1124 382 DIVINIS
1158 323 1550 385 NOMINIBUS,
1587 324 1742 380 CAP.

1857 368 1867 379 .
1902 355 1969 366 —-
1995 321 2344 378 PARAPHR.
2385 320 2859 380 ΡΑΟΠῩΜΕΒΛΕ.

3329 330 3434 385 7C9.

176 439 683 512 ἀντιλαμϐάνεται
713 443 806 494 καὶ
831 442 909 504 εἰς
941 440 1065 511 μίαν
1093 438 1335 509 καθαρὰν
1364 439 1563 508 γνῶσιν
1595 439 1744 491 συνά-

1852 455 1920 495 ea
1963 454 2084 509 qua:
2137 438 2544 501 iiluminantur;
2579 438 2800 515 insuper
2833 454 2964 494 vero
2997 442 3162 495 etiam
3193 458 3434 499 conver-

174 551 372 604 γουσα,
414 535 512 605 τὴν
553 534 881 601 θεογνωσίαν
918 532 1139 604 δηλαδὴ,
1177 533 1275 596 τὰς
1318 532 1563 594 ποικίλας
1604 531 1744 600 ὄψεις

1861 530 2008 586 tendi
2038 530 2145 583 vim
2203 531 2387 592 habet,
2415 528 2544 583 dum
2576 543 2606 582 a
2657 529 2825 584 multa
2860 532 3072 586 visione
3110 535 3176 586 ad
3211 533 3262 589 id
3289 537 3433 604 quod

171 628 276 692 τὰς
318 631 396 691 εἰς
436 627 604 680 πολλὰ
647 626 1054 698 μεμερισμένας
1091 626 1351 700 δηλονότι.
1393 621 1545 684 Εἶτα,
1572 625 1744 693 ὲπεὶή

1861 635 1990 676 vere
2014 629 2098 674 est
2123 620 2398 675 convertit
2443 618 2923 691 (quemadmodum
2976 623 3191 679 lucente
3230 627 3344 681 sole
3387 627 3434 683 is

171 717 298 786 ὄψις
324 718 705 788 αὑθυπάρκτου
736 718 1056 787 πράγματος
1086 714 1568 783 ἀντιλαμϐάνεται,
1594 711 1664 763 τὰ
1697 711 1753 763 δὲ

171 812 371 866 εἴδωλα
413 814 512 865 οὑκ
562 813 697 865 εἰσιν
741 813 946 874 εἰκόνες
995 811 1191 872 τινῶν,
1252 807 1387 861 ἀλλὰ
1433 807 1754 860 πλάττονται

172 903 286 976 (διὰ
305 904 462 958 τοῦτο
483 904 592 973 γὰρ
625 905 717 957 καὶ
756 904 950 957 εἴδωλα
983 900 1433 973 ὠνομάσθησαν),
1459 899 1622 970 φησὶν
1647 899 1752 959 ὃτι,

171 997 506 1069 κυριώτερον
528 997 582 1048 δὲ
610 999 804 1060 εἰπεῖν,
823 998 1117 1065 φαντασίας
1135 994 1297 1047 οἱονεὶ
1320 989 1753 1062 πλασματώδεις,

171 1090 380 1152 ἐννοίας
410 1089 537 1160 περὶ
571 1089 640 1142 τὰ
685 1088 944 1160 αἰσθητά·
977 1086 1133 1141 εἴωθε
1174 1087 1282 1155 γὰρ
1306 1087 1346 1156 ἡ
1366 1083 1632 1152 φαντασία
1661 1084 1753 1135 καὶ

168 1181 242 1234 τά
271 1182 344 1252 μὴ
377 1182 504 1235 ὄντα
539 1183 632 1235 καὶ
668 1175 742 1234 ὧν
787 1184 866 1245 είς
906 1181 1107 1250 γνῶσιν
1146 1180 1179 1251 ἢ
1223 1178 1351 1231 θέαν
1388 1178 1490 1231 οὑκ
1514 1175 1747 1246 ἦλθομεν

169 1273 555 1328 ἀναπλάττειν.

1859 712 1950 778 qui
2002 711 2170 773 videt,
2217 710 2283 764 ad
2341 712 2516 779 ipsum
2577 710 2815 779 primum
2857 716 3220 777 convertitur,
3269 717 3435 788 392

1857 803 2146 872 ipsumque
2174 804 2418 871 excipit),
2449 810 2502 857 et
2533 800 2598 854 ad
2633 818 2795 856 unam
2825 819 3018 872 puram
3045 808 3431 877 cognitionem,

1859 895 2117 950 videlicet
2147 895 2213 948 ad
2255 894 2349 948 Dei
2383 894 2658 959 notitiam,
2714 895 2943 950 adducit
2990 897 3138 952 varia
3181 899 3268 953 illa
3299 901 3429 964 visa,

1862 1003 1982 1057 qua:
2025 989 2281 1042 nimirum
2324 987 2392 1041 ad
2438 986 2604 1041 multa
2653 997 2783 1042 sunt
2833 991 3118 1044 distracta.
3165 992 3432 1048 Caeterum

1860 1094 1982 1136 Cum
2018 1081 2168 1134 visus
2219 1094 2332 1134 rem
2383 1092 2482 1148 per
2515 1094 2573 1134 se
2625 1081 3017 1136 subsistentem
3050 1084 3304 1151 postulet,
3336 1084 3434 1157 lig-

1857 1181 2036 1226 menta
2069 1180 2253 1229 autem
2297 1186 2404 1225 non
2449 1171 2562 1225 sint
2586 1171 2855 1242 imagines
2887 1190 3069 1227 rerum
3101 1175 3430 1244 aliquarum,

1852 1265 1946 1318 sed
1992 1265 2264 1334 [iugantur
2308 1263 2455 1332 (nam
2494 1263 2700 1319 idcirco
2738 1266 2993 1334 ﬁgmenta
3033 1268 3430 1337 nominantur),

167 1367 348 1436 magis
374 1368 590 1436 proprie
622 1368 938 1437 phantasias
997 1383 1091 1421 seu
1154 1367 1570 1437 imaginuliones
1599 1362 1784 1425 vocari
1825 1375 1986 1418 nosse
2062 1359 2215 1425 dicit,
2293 1368 2486 1428 utpote
2537 1359 2816 1439 fabu‘losas
2866 1362 3230 1431 cogitationes
3286 1363 3430 1417 circa

166 1458 422 1522 sonsilia;
455 1459 590 1513 solet
626 1461 768 1513 enim
818 1460 1134 1528 imaginatio
1165 1461 1328 1514 etiant
1372 1470 1434 1513 ea
1478 1471 1598 1525 quae
1629 1471 1733 1508 non
1767 1463 1919 1519 sunt,
1944 1462 2000 1507 et
2035 1451 2096 1510 in
2137 1466 2369 1522 quorum
2410 1452 2779 1521 cognitionem
2839 1453 2922 1507 vel
2981 1466 3260 1525 aspectum
3325 1470 3430 1510 non

168 1552 442 1613 venimus,
470 1551 744 1621 ellingere.

239 1645 267 1717 §
297 1643 404 1697 VII.
436 1645 605 1698 Τοῦτο
640 1647 702 1699 τὸ
737 1646 938 1715 ἀγαθὸν
964 1647 1210 1718 ὑμνεῖται
1239 1647 1332 1700 καὶ
1359 1647 1433 1710 ὼς
1464 1643 1625 1698 καλὸν
1653 1640 1750 1694 καὶ

1927 1627 2095 1702 ςνιι.
2127 1629 2241 1686 ll‘oc
2270 1630 2397 1685 item
2440 1631 2641 1685 bonum
2693 1632 2946 1687 laudatur
2986 1635 3152 1689 etiam
3207 1646 3266 1691 ut
3307 1640 3430 1708 pul-

163 1734 242 1796 ὡς
281 1734 496 1797 κάλλος,
528 1735 620 1788 καὶ
661 1736 737 1800 ὡς
775 1738 985 1809 ἀγάπη,
1029 1739 1122 1791 καὶ
1159 1736 1234 1800 ὡς
1267 1736 1570 1807 ἀγαπητόν.
1595 1730 1744 1797 Εἶτα,

1856 1725 2073 1785 chrum,
2099 1734 2154 1778 et
2202 1733 2262 1778 ut
2307 1724 2678 1794 pulchritudo,
2719 1738 2774 1780 et
2810 1736 2866 1779 ut
2898 1726 3138 1793 dilectio,
3164 1741 3218 1784 et
3247 1741 3306 1785 ut
3333 1733 3422 1787 di-

162 1827 290 1879 ὲπεὶ
319 1825 481 1879 καλὸν
520 1827 615 1897 μὲν
648 1827 762 1880 ἔστι
787 1830 849 1881 τὸ
876 1829 966 1881 τοῦ
1000 1829 1228 1892 κάλλους
1276 1828 1523 1898 μετέχον,
1553 1825 1746 1888 κάλλος

161 1917 221 1970 δὲ
260 1917 389 1969 αὑτὸ
427 1918 489 1969 τὸ
526 1919 908 1990 μετεχόμενον,
952 1920 1063 1986 καὶ,
1092 1919 1374 1990 ἀγαπητὶΝ
1416 1919 1515 1989 μὲν
1547 1917 1608 1970 τὸ
1649 1917 1748 1988 τῆς

160 2008 388 2078 ἀγάπης
416 2009 658 2079 μετέχον,
688 2011 874 2082 ἀγάπη
904 2012 960 2063 δὲ
988 2011 1118 2063 αὑτὸ
1159 2011 1219 2062 τὸ
1249 2009 1628 2080 μετεχόμενον,
1655 2007 1748 2060 καὶ

160 2101 248 2170 ὑφ’
278 2104 408 2171 ⁴ἡμῖν
449 2101 589 2154 κατὰ
622 2103 884 2176 διαίρεσιν
920 2103 1094 2157 ταῦτα
1121 2103 1419 2172 φαίνονται,
1447 2103 1527 2154 ὅτι
1553 2101 1620 2156 τά
1652 2100 1748 2170 μέν

159 2196 304 2246 εἰσιν
331 2193 491 2260 ἕξεις,
517 2194 585 2248 τὰ
624 2195 680 2248 δὲ
704 2195 857 2258 ἑκτὰ,
884 2199 1065 2268 φησὶν,
1094 2198 1177 2249 ὅτι
1204 2195 1496 2266 οὑχοὺτως
1521 2193 1630 2263 ἔχει
1656 2192 1748 2245 καὶ

160 2289 258 2340 ὲπὶ
298 2289 398 2358 τῆς
440 2292 497 2341 ἐν
538 2291 616 2342 ἑνὶ
657 2289 725 2341 τὰ
759 2291 857 2343 ὅλα
900 2290 1278 2359 συνειληφυίας
1304 2287 1500 2350 αἰτίας.
1554 2287 1641 2340 Ἐν
1670 2287 1749 2338 ἑνὶ

139 2378 275 2450 γὰρ
299 2381 392 2433 καὶ
415 2381 493 2450 τῷ
517 2381 666 2451 αὑτῴ
701 2383 795 2433 καὶ
822 2382 934 2446 τὰς»
961 2381 1105 2446 ἔξεις
1131 2383 1226 2434 καὶ
1250 2381 1318 2433 τὰ
1345 2379 1478 2433 ἑκτὰ
1510 2379 1749 2449 solitae-

159 2466 401 2522 ϐάνουσα
423 2469 546 2522 οὔτε
568 2472 643 2536 ὡς
670 2473 846 2538 ἑκτὸν,
876 2471 1000 2525 οὒτε
1025 2473 1098 2537 ὡς
1122 2471 1252 2538 ἕξις,
1273 2471 1386 2524 ἀλλ’
1408 2471 1548 2540 ὑπὲρ
1576 2467 1757 2529 ταῦτα,

156 2554 319 2623 οὖσα,
345 2562 494 2614 αἰτία
538 2567 649 2628 τοῖς
678 2565 856 2628 ἄλλοις
895 2565 1008 2618 τῶν
1045 2564 1303 2618 τοιούτων
1338 2562 1558 2631 ἀγαθῶν
1597 2562 1746 2630 γίνε-

155 2669 272 2706 ται.
309 2653 470 2708 Ὅθεν
510 2657 604 2710 καὶ
648 2657 842 2720 κάλλος
889 2658 986 2728 μὲν
1015 2657 1233 2726 λέγεται
1260 2656 1349 2710 διὰ
1373 2656 1470 2727 τὴν
1498 2655 1557 2719 ἐξ
1583 2652 1746 2707 αὑτοῦ

155 2742 532 2817 διαδιδομένην
572 2749 704 2800 πᾶσι
749 2748 1031 2819 καλλονὴν,
1080 2751 1174 2802 καὶ
1213 2748 1302 2801 διὰ
1329 2749 1389 2801 τὸ
1415 2745 1552 2800 εἶναι
1576 2748 1747 2810 αἴτιος

156 2837 346 2909 πάσης
388 2839 752 2911 εὑαρμοστίας
796 2842 891 2895 καὶ
930 2841 1192 2910 ἀγλαΐας·
1225 2840 1440 2910 (κάλλος
1482 2840 1589 2912 γάρ
1631 2843 1747 2893 ἐστι

158 2931 478 3002 συμμετρία
521 2932 697 3002 μελῶν
739 2934 833 2986 καὶ
875 2933 1057 3004 μερῶν
1100 2933 1237 3004 μετὰ
1273 2932 1372 3000 τῆς
1409 2929 1748 3000 ἐπανθούσης

156 3022 414 3093 εὑχροίας
497 3021 529 3092 ἦ
558 3024 649 3077 καὶ
673 3025 760 3078 διά
785 3026 846 3077 τὸ
873 3026 1050 3079 πάντα
1075 3027 1210 3096 πρὸς
1238 3023 1398 3076 ἑαυτὸ
1424 3021 1629 3085 καλεῖν,
1657 3022 1748 3074 καὶ

153 3114 235 3178 ὡς
253 3117 341 3168 ἀεὶ
364 3115 422 3168 ὃν
450 3118 543 3170 καὶ
574 3118 707 3188 μηδέ
738 3136 866 3171 ποτε
897 3118 1214 3188 μειούμενον
1240 3117 1272 3188 ἢ
1294 3112 1454 3182 αὔξον
1473 3134 1486 3146 ·
1511 3115 1609 3179 τὰς
1638 3117 1745 3188 γὰρ

156 3208 470 3279 ὑπερϐολάς
499 3212 592 3263 καὶ
607 3210 868 3280 ἐλλείψεις
897 3212 1097 3274 κακίας
1125 3210 1349 3280 οἴδαμεν
1377 3209 1579 3278 λέγειν.
1611 3210 1744 3264 Οὐδὲ

155 3302 304 3356 κατά
329 3319 383 3354 τι
412 3305 505 3356 καὶ
531 3303 633 3356 ἀνὰ
673 3304 835 3374 μέρος
877 3304 1060 3368 καλὸν,
1088 3303 1208 3356 οὐδὲ
1239 3304 1377 3378 κατά
1401 3321 1524 3355 τινα
1559 3306 1746 3376 χρόνον

155 3392 348 3457 καλὸν,
398 3396 537 3449 κατά
580 3412 702 3448 τινα
752 3396 808 3449 δὲ
857 3394 951 3448 οὑ·
983 3396 1102 3449 οὑδὲ
1147 3396 1293 3467 πρός
1334 3413 1386 3448 τι
1414 3396 1595 3458 καλὸν,
1622 3394 1746 3447 οὑδέ

156 3501 287 3547 που,
315 3484 434 3537 οὐδέ
459 3501 599 3537 τισιν
618 3502 631 3514 ·
665 3484 719 3555 (ἃ.
745 3485 808 3556 δὴ
849 3487 1024 3540 πάντα
1065 3486 1126 3539 τὸ
1150 3487 1344 3550 κάλλος
1376 3487 1746 3558 περιπέφευγε

156 3577 400 3640 πάντως,
438 3576 532 3629 τοῦ
585 3575 706 3630 καθ’
731 3579 877 3648 ἡμᾶς
902 3578 1066 3632 καλοῦ
1098 3579 1460 3649 ὑποκειμένου
1485 3577 1545 3642 ἐξ
1577 3579 1745 3646 ἀνάγ-

156 3688 266 3741 κης
303 3672 415 3732 τοῖς
465 3667 728 3730 τοιούτοις
769 3668 1269 3740 προσδιορισμοῖς·)
1312 3668 1426 3722 ἀλλ’
1449 3671 1596 3732 ὠςτὸ
1624 3671 1744 3723 καθ’

155 3762 322 3814 ἑαυτὸ
353 3760 618 3830 μονοειδὲς
645 3761 732 3812 ἀεὶ
755 3759 812 3812 ὂν
854 3759 1036 3824 καλὸν,
1085 3761 1208 3814 ἐπεὶ
1239 3759 1359 3812 οὕτε
1389 3762 1744 3816 σκεδάννυται

155 3856 240 3917 εἰς
267 3851 410 3917 ἔξεις
435 3870 495 3904 τε
533 3853 627 3906 καὶ
664 3852 925 3924 διαφορὰς
951 3853 1324 3918 καλλοποιούς.
1354 3855 1426 3907 Τὸ
1452 3855 1572 3908 καθ’
1598 3857 1743 3927 ἡμᾶς

155 3946 273 4017 γάρ
314 3945 508 4009 κάλλος
547 3945 918 4009 σκεδάννυται,
944 3945 1072 3999 ἄλλο
1110 3944 1219 4018 γὰρ
1243 3946 1438 4010 κάλλός
1463 3946 1742 4018 ὀφθαλμοῦ

154 4037 342 4108 τυχὸν,
387 4039 480 4091 καὶ
529 4037 658 4092 ἄλλο
707 4037 900 4101 κάλλος
950 4038 1116 4109 ῥινὸς,
1144 4040 1238 4092 καὶ
1277 4038 1404 4094 ἄλλο
1451 4039 1742 4111 προσώπου

157 4129 382 4193 παντὸς,
413 4131 506 4182 καὶ⁴
530 4129 658 4182 ἄλλο
685 4130 900 4202 χειρῶν.
932 4129 1068 4183 Οὑτε
1092 4131 1228 4202 πρὸς
1266 4132 1440 4195 ἐνίους
1477 4132 1537 4184 τὸ
1580 4133 1742 4186 καλὸν

153 4223 296 4284 ἔστι,
326 4221 461 4291 πρὸς
497 4222 673 4285 ένίους
711 4223 769 4275 δὲ
813 4224 898 4286 03,
925 4221 1058 4275 ἀλλὰ
1085 4223 1358 4294 πανταχοῦ
1383 4225 1595 4292 πέφυκε
1621 4226 1744 4294 φαί-

155 4309 344 4364 νεσθαι
367 4299 459 4364 καὶ
480 4315 537 4365 ὲν
559 4315 745 4376 πᾶσιν,
774 4313 911 4385 ὅπερ
938 4314 1037 4366 οὑκ
1064 4313 1176 4384 ἔχει
1199 4315 1259 4367 τὸ
1287 4315 1408 4368 καθ’
1438 4318 1584 4385 ἡμᾶς
1613 4316 1741 4370 κάλ-

153 4405 248 4467 λος
267 4420 280 4434 ·
323 4406 372 4457 ει
397 4405 517 4475 γὰρ
551 4407 665 4468 τοῖς
705 4407 840 4459 πᾶσι
880 4407 1124 4476 πέφυκεν
1152 4403 1311 4473 εἶναι,
1341 4407 1422 4460 ὅτι
1447 4409 1539 4461 καὶ
1564 4410 1739 4462 πάντα

1773 3157 1816 3216 C

1852 1815 2074 1871 lectum.
2101 1815 2370 1869 Czeterum
2399 1830 2520 1869 cum
2552 1820 2837 1892 pulchrum
2863 1820 3078 1887 quidem
3109 1822 3180 1875 sit
3206 1823 3255 1876 id
3285 1825 3430 1893 quod

1851 1911 2129 1976 particeps
2161 1915 2249 1962 est
2284 1907 2732 1977 pulchritudinis,
2764 1912 3115 1980 pulchritudo
3163 1925 3345 1969 autem
3377 1916 3440 1982 id]

1851 2000 2028 2068 ipsum
2063 2001 2210 2070 quod
2237 2002 2626 2071 participatur;
2652 2011 2706 2056 et
2737 2004 2993 2057 dilectum
3022 2005 3242 2074 quidem
3274 2007 3346 2061 sit
3377 2007 3431 2068 id

1853 2092 1996 2160 quod
2025 2092 2302 2162 particeps
2350 2103 2434 2148 est
2472 2096 2802 2160 dilectionis,
2835 2096 3058 2151 dilectio
3089 2113 3220 2153 vero
3254 2099 3304 2152 id
3350 2099 3432 2169 ip-

1850 2199 1967 2238 sum
2004 2185 2150 2252 quod
2187 2188 2641 2248 communicatur.
2680 2198 2732 2242 ct
2771 2189 2824 2242 in
2861 2189 3017 2242 nobis
3061 2189 3175 2244 haec
3226 2205 3428 2245 secun-

1850 2278 1978 2330 dum
2026 2277 2437 2333 distinctionem
2492 2291 2780 2350 apparent,
2833 2279 3095 2346 quoniam
3142 2281 3256 2334 haac
3304 2289 3432 2335 sunt

1852 2372 2090 2440 habitus,
2143 2373 2234 2426 illa
2281 2389 2414 2434 vero
2462 2373 2768 2438 habiluata,
2815 2374 2969 2440 dicit,
3023 2374 3280 2442 quoniam
3321 2391 3428 2430 non

1849 2465 2041 2521 eodem
2082 2475 2243 2519 mouo
2286 2480 2344 2519 se
2390 2467 2615 2529 habent,
2670 2467 2834 2520 etiam
2879 2466 2935 2519 in
2982 2481 3172 2532 causa,
3218 2483 3336 2536 qua:
3373 2469 3428 2525 in

1852 2572 1958 2611 uno
1991 2556 2378 2625 complectitur
2423 2558 2701 2612 universa.
2743 2556 2875 2617 Nam
2923 2557 2977 2612 in
3020 2573 3127 2611 uno
3159 2568 3212 2612 et
3237 2560 3428 2614 eodem

1848 2661 1901 2705 et
1939 2649 2161 2703 habitus
2188 2659 2242 2704 et
2267 2666 2388 2720 qua:
2431 2651 2710 2704 habituata
2740 2660 2866 2705 sunt
2891 2652 3296 2720 complectitur,
3327 2669 3425 2708 nec

1850 2755 1955 2811 que
1993 2747 2051 2794 ut
2095 2742 2432 2795 habituatum
2475 2742 2626 2810 quid,
2672 2757 2775 2797 nec
2843 2750 2902 2795 ut
2943 2744 3184 2807 habitus,
3228 2743 3326 2798 sed
3371 2752 3431 2799 ut

1849 2844 2010 2898 supra
2045 2830 2160 2884 haec
2188 2832 2454 2898 existens,
2488 2831 2609 2886 aliis
2635 2832 2799 2887 etiam
2837 2846 3006 2887 causa
3033 2843 3117 2887 est
3155 2835 3431 2889 istiusmo—

1851 2924 1902 2977 di
1950 2923 2237 2976 bonorum.
2272 2922 2428 2977 Unde
2461 2924 2626 2981 etiam
2675 2925 3025 2994 pulchritudo
3064 2927 3282 2992 dicitur,
3309 2941 3431 2996 pro-

1849 3025 1971 3085 pter
2002 3030 2123 3069 eam
2154 3015 2621 3084 pulchritudinem
2649 3033 2814 3087 quam
2846 3030 3100 3071 ounuuus
3133 3018 3426 3087 elargitur,

1849 3114 1903 3158 et
1929 3105 2073 3174 quod
2105 3116 2298 3159 auctor
2338 3107 2408 3160 sit
2449 3106 2628 3161 omnis
2653 3108 3050 3162 concinnitatis
3079 3123 3142 3162 ac
3172 3109 3430 3177 splendo-

1849 3197 1928 3251 ris
1974 3194 2344 3266 (pulchritudo
2393 3197 2539 3250 enim
2595 3206 2678 3262 est
2727 3197 3012 3268 proportio
3056 3197 3426 3260 membrorum

1847 3297 1910 3342 ac”
1938 3286 2172 3358 partium
2201 3304 2325 3341 cum
2355 3287 2537 3343 colore
2565 3287 2810 3358 ﬂorido),
2831 3289 2913 3342 vel
2939 3289 3103 3343 etiam
3134 3290 3276 3358 quod
3307 3306 3428 3344 om-

1847 3384 1933 3436 nia
1978 3380 2047 3439 ad
2089 3396 2148 3435 se
2190 3393 2368 3436 vocet.
2408 3391 2464 3436 et
2500 3383 2644 3452 quod
2687 3397 2904 3450 semper
2945 3381 3016 3436 sit
3051 3390 3105 3435 et
3133 3399 3418 3450 nunquam

1847 3479 2124 3532 minuatur
2167 3478 2248 3530 vel
2296 3487 2602 3544 augeatur;
2643 3489 2766 3528 nam
2809 3488 3070 3533 excessus
3095 3483 3150 3528 et
3184 3474 3428 3529 defectus

1846 3572 2089 3626 malitias
2160 3571 2267 3625 dici
2331 3583 2438 3623 non
2492 3569 2826 3638 ignoramus.
2881 3566 3066 3636 Neque
3123 3567 3425 3621 secundum

1845 3659 1972 3728 quid
2001 3670 2056 3714 et
2084 3673 2147 3713 ex
2179 3668 2335 3728 parte
2397 3657 2708 3724 pulchrum,
2753 3671 2928 3724 neque
2971 3657 3262 3725 aliquando
3300 3657 3425 3726 pul-

1845 3733 2060 3819 chrum,
2085 3752 2382 3820 aliquando
2410 3765 2542 3814 nou,
2574 3764 2752 3819 neque
2779 3752 2844 3802 ad
2874 3749 3082 3818 aliquid
3110 3751 3426 3820 pulchrum,

1845 3854 1936 3896 aut
1959 3845 2110 3910 alibi,
2140 3854 2236 3897 aut
2263 3845 2588 3914 quibusdam
2619 3845 2763 3909 (qua:
2789 3844 2976 3912 utique
3005 3844 3190 3896 omnia
3223 3846 3289 3897 ab
3317 3845 3424 3898 ista

1845 3937 2260 4005 pulchritudine
2296 3937 2524 3989 omnino
2571 3935 2745 3989 aliena
2775 3945 2921 3997 sunt,
2953 3937 3043 3990 ubi
3092 3945 3274 3989 nostra
3303 3936 3429 4006 pul-

1844 4027 2100 4082 chritudo
2145 4040 2212 4080 ex
2264 4026 2594 4080 necessitate
2644 4026 2956 4082 istiusmodi
3017 4029 3426 4082 deﬁnitionibus

1844 4119 2088 4187 subjecta
2127 4120 2218 4187 sit)
2256 4119 2351 4172 sed
2393 4128 2448 4170 ut
2491 4120 2663 4186 ipsum
2700 4118 3002 4172 secundum
3051 4134 3111 4173 se
3153 4122 3428 4176 unil'orme

1844 4227 2062 4282 semper
2092 4210 2336 4265 existens
2374 4211 2685 4281 pulchrum,
2717 4213 2974 4280 quoniam
3008 4227 3184 4281 neque
3225 4213 3425 4268 dividi-

1847 4314 1936 4358 tur
1977 4306 2030 4358 iu
2073 4304 2295 4357 habitus
2337 4319 2401 4355 ac
2439 4304 2792 4373 pulchrilicas
2836 4304 3196 4360 diﬂ'erentias.
3224 4304 3424 4361 Nostra

1843 4399 1990 4451 enim
2022 4397 2375 4468 pulchritudo
2401 4399 2756 4467 distinguitur
2777 4417 2789 4464 ;
2813 4415 2937 4452 nam
2964 4400 3092 4462 alia,
3119 4401 3269 4454 verbi
3296 4415 3424 4469 gra-

155 4497 298 4552 καλὰ
329 4498 469 4562 λίαν,
515 4499 629 4552 ἀλλ’
669 4499 729 4551 οὑ
778 4499 1083 4570 μονοειδῶς.
1118 4499 1278 4553 Ἀλλο
1317 4499 1425 4571 γὰρ
1451 4500 1649 4564 κάλλος
1676 4503 1737 4572 ii-

1848 4492 1946 4555 tia,
1973 4500 2057 4544 est
2087 4489 2435 4560 pulchritudo
2461 4489 2630 4554 oculi,
2662 4499 2713 4542 et
2753 4491 2858 4543 alia
2909 4490 3256 4558 pulchritudo
3285 4492 3424 4553 nasi,

153 4589 294 4653 λίου,
325 4590 419 4642 καὶ
461 4589 590 4642 ἄλλο
637 4591 833 4654 κάλλος
859 4591 980 4661 γῆς,
1008 4593 1101 4644 καὶ
1126 4593 1254 4646 ἄλλο
1281 4592 1492 4656 ὓδατος,
1519 4592 1739 4647 ποικίλα

152 4679 278 4732 τινὰ
307 4680 498 4750 κάλλη,
531 4683 623 4734 καὶ
662 4683 763 4736 οὑκ
796 4684 876 4746 είς
908 4682 967 4735 ἓν
1005 4685 1346 4756 συναγόμενα
1365 4701 1377 4715 ⁶
1403 4686 1464 4739 τὸ
1490 4685 1546 4739 δὲ
1570 4686 1739 4748 ὄντως

155 4771 371 4835 κάλλος,
407 4774 674 4843 μονοειδὲς
697 4773 776 4840 ὃν,
805 4775 1140 4829 ποικίλλεται
1187 4778 1322 4849 πρὸς
1361 4777 1428 4830 τὰ
1454 4777 1740 4848 ὑποκείμε-

153 4882 244 4926 να,
274 4865 367 4916 καὶ
393 4865 480 4917 διὰ
505 4865 663 4918 τοῦτο
691 4867 943 4937 προέχειν
970 4869 1028 4920 ὲν
1054 4869 1229 4940 ἑαυτῷ
1256 4869 1583 4938 λέγεταικαὶ
1610 4869 1739 4923 καλ-

153 4957 334 5028 λονὴν,
353 4959 427 5020 ὼς
451 4959 544 5011 καὶ
570 4960 703 5031 πρὸς
717 4959 826 5014 τῶν
839 4960 902 5031 δη
913 4978 1034 5031 μιου
1044 4979 1143 5032 ργη
1155 4963 1336 5032 μάτων
1357 4962 1435 5028 ὃν,
1457 4964 1550 5016 καὶ
1567 4963 1737 5034 ὑπερ-

154 5051 354 5124 οχικῶς
381 5051 523 5121 ἔχειν
566 5052 627 5104 τὸ
667 5052 848 5116 καλὸν,
892 5055 966 5117 ὡς
1008 5055 1155 5126 πηγὴ
1182 5058 1274 5108 καὶ
1302 5057 1442 5128 ἀρχὴ
1479 5057 1587 5110 τῶν
1642 5075 1738 5110 κα-

155 5145 262 5198 λῶν
313 5144 586 5197 άπάντων.
625 5146 743 5200 Κᾶν
769 5147 877 5218 γὰρ
906 5148 1073 5201 πολλὰ
1114 5149 1275 5211 καλὰ,
1317 5150 1433 5202 ἀλλ’
1474 5149 1532 5213 ἐξ
1573 5152 1736 5204 αὑτοῦ

155 5239 269 5310 εἱσι,
286 5236 426 5290 καλά
446 5255 457 5265 ·
489 5238 625 5309 αὑτῇ
668 5238 777 5310 γὰρ
802 5242 868 5310 τῇ
896 5240 1165 5311 ὑπερφυεῖ
1204 5240 1432 5311 καλλονῇ
1463 5243 1556 5294 καὶ
1586 5242 1737 5293 ἀναι-

154 5332 253 5398 τίῳ
282 5331 429 5382 πᾶσα
477 5329 707 5402 καλλονὴ
733 5331 828 5384 καὶ
855 5333 963 5384 πᾶν
1001 5331 1166 5385 καλὸν
1210 5332 1474 5396 αίτιατῶς
1500 5333 1739 5403 προϋφέ-

157 5438 373 5493 στηκεν.
424 5423 679 5486 Ἐνοειδὲίς
703 5424 759 5476 δὲ
788 5425 950 5478 καλὸν
973 5428 1001 5479 ὁ
1027 5426 1180 5489 Θεὸς,
1209 5427 1331 5478 ἐπεὶ
1369 5427 1428 5478 οὑ
1475 5424 1615 5478 κατὰ
1644 5442 1738 5495 με-

154 5515 317 5586 τοχὴν
351 5515 445 5568 τοῦ
487 5516 737 5581 κάλλους,
765 5518 927 5582 καλός
969 5520 1139 5581 ἐστιν,
1187 5519 1262 5581 ὼς
1310 5518 1736 5589 διαιρεῖσθαιεις

156 5607 512 5678 ὑποκείμενόν
539 5627 592 5661 τι
621 5611 714 5662 καὶ
741 5610 1019 5682 ποιότητα,
1049 5609 1162 5662 ἀλλ’
1188 5609 1348 5674 αὑτός
1373 5613 1488 5663 ἐστι
1513 5609 1606 5664 καὶ
1640 5626 1738 5662 κα-

157 5701 242 5754 λὸν
282 5701 375 5753 καὶ
414 5701 628 5766 κάλλος,
675 5704 766 5757 κα)⁹
805 5703 946 5774 ὑπὲρ
982 5704 1181 5757 ταῦτα’
1221 5705 1288 5758 τά
1317 5705 1372 5758 δὲ
1413 5705 1518 5758 ἀπὸ
1544 5704 1736 5757 τούτου

156 5788 290 5850 κατὰ
330 5793 561 5866 μετοχὴν
593 5796 730 5850 καλὰ
768 5799 824 5851 ἐν
852 5799 1095 5870 ποιότητι
1132 5798 1191 5852 τὸ
1219 5798 1377 5854 καλὸν
1422 5798 1731 5872 κέκτηνται.

1843 4593 1898 4636 ct
1939 4582 2043 4636 alia
2081 4583 2246 4639 totius
2287 4581 2471 4647 faciei,
2509 4591 2565 4638 et
2593 4583 2697 4638 alia
2751 4598 3036 4636 manuum.
3084 4581 3196 4636 Nec
3224 4583 3428 4638 utaliis

1843 4674 2172 4744 formosum,
2201 4675 2324 4730 aliis
2349 4690 2477 4730 vero
2520 4691 2651 4742 non,
2684 4679 2777 4731 sed
2812 4676 3012 4744 ubique
3046 4685 3273 4744 apparet
3297 4677 3424 4748 pul-

1843 4770 2056 4835 chrmu,
2096 4783 2152 4825 et
2189 4772 2242 4824 in
2292 4771 2572 4834 onmibus,
2622 4770 2767 4839 quod
2831 4787 2938 4824 non
2999 4774 3168 4825 habet
3230 4783 3420 4838 nostra

1844 4863 2229 4931 pulchritudo;
2254 4864 2356 4920 etsi
2382 4867 2527 4920 enim
2563 4865 2616 4918 in
2652 4864 2908 4918 omnibus
2939 4878 3059 4918 esse
3086 4873 3249 4933 amet,
3285 4881 3426 4935 quo-

1843 4956 1989 5009 niam
2040 4955 2207 5008 etiam
2259 4957 2440 5010 omnia
2486 4955 2649 5027 393
2693 4957 2919 5027 pulchra
2971 4958 3150 5024 valde,
3185 4960 3278 5012 sed
3312 4974 3418 5012 non

1843 5046 2214 5101 unilormiter.
2257 5048 2377 5102 Alia
2428 5059 2514 5103 est
2568 5050 2714 5103 enim
2767 5049 3123 5118 pulchritudo
3167 5052 3326 5116 solis,
3369 5059 3427 5106 et

1842 5136 1948 5189 alia
1994 5137 2339 5204 pulchritudo
2380 5148 2562 5206 terras,
2607 5151 2664 5194 et
2724 5141 2829 5193 alia
2875 5155 3053 5210 aquae,
3106 5158 3224 5210 qua:
3258 5144 3426 5198 varia

1841 5240 1970 5283 sunt
2010 5232 2470 5299 pulchritudines,
2517 5249 2615 5288 nec
2665 5235 2731 5286 ad
2784 5249 2951 5287 unum
2994 5238 3322 5288 conducunt.
3365 5236 3441 5294 Id,

1840 5325 1983 5390 quod
2023 5333 2204 5375 autem
2238 5338 2364 5379 vere
2392 5326 2742 5394 pulchritudo
2773 5329 3059 5381 uniformis
3097 5329 3332 5390 exsistit,
3366 5331 3421 5384 in

1843 5418 2109 5486 subjectis
2152 5418 2488 5491 variegatur,
2525 5421 2730 5475 idcirco
2771 5423 2824 5476 in
2862 5439 2922 5477 se
2957 5422 3419 5492 pulchritudinem

1841 5516 2160 5583 prachaberc
2219 5517 2443 5584 dicitur,
2491 5519 2691 5588 quippe
2748 5519 2893 5588 quod
2948 5530 3080 5578 ante,
3131 5529 3424 5574 creaturas

1840 5611 2066 5675 existat,
2096 5622 2152 5666 et
2185 5614 2449 5682 quidquid
2485 5613 2770 5682 pulchrum
2811 5626 2895 5668 est
2940 5616 3138 5668 haheat
3167 5615 3417 5668 eminen-

1841 5713 1947 5771 tcr,
2005 5716 2265 5776 tanquam
2303 5709 2426 5764 fons
2461 5720 2517 5762 et
2546 5712 2871 5779 principium
2907 5711 3258 5779 pulchrorum
3307 5725 3422 5762 utu-

1842 5797 2014 5856 nium.
2046 5798 2158 5856 Etsi
2192 5799 2334 5856 enim
2379 5802 2543 5857 multa
2579 5801 2800 5872 pulchra
2829 5802 2956 5864 sint,
2997 5812 3174 5854 tamen
3207 5813 3273 5854 ex
3302 5799 3419 5870 ipso
