  <div class='ocr_page' id='page_1' title='image "/cluster/home/n/w/nwhite01/storage/ocr_20150623/3/pst.000003853313/393.png"; bbox 0 0 4186 6308; ppageno 0'>
   <div class='ocr_carea' id='block_1_1' title="bbox 596 307 703 365">
    <p class='ocr_par' dir='ltr' id='par_1_1' title="bbox 596 307 703 365">
     <span class='ocr_line' id='line_1_1' title="bbox 596 307 703 365; baseline 0.019 -2"><span class='ocrx_word' id='word_1_1' title='bbox 596 307 703 365; x_wconf 61' lang='lat'><strong>7:17</strong></span> 
     </span>
    </p>
   </div>
   <div class='ocr_carea' id='block_1_2' title="bbox 1766 304 2669 370">
    <p class='ocr_par' dir='ltr' id='par_1_2' title="bbox 1766 304 2669 370">
     <span class='ocr_line' id='line_1_2' title="bbox 1766 304 2669 370; baseline 0 0"><span class='ocrx_word' id='word_1_2' title='bbox 1766 312 1823 370; x_wconf 75' lang='grc' dir='ltr'><strong>Β.</strong></span> <span class='ocrx_word' id='word_1_3' title='bbox 1859 310 2157 369; x_wconf 80' lang='lat' dir='ltr'><strong>DIONYSII</strong></span> <span class='ocrx_word' id='word_1_4' title='bbox 2188 304 2669 370; x_wconf 55' lang='lat' dir='ltr'><strong>AREOPAGITE’</strong></span> 
     </span>
    </p>
   </div>
   <div class='ocr_carea' id='block_1_3' title="bbox 3756 304 3863 360">
    <p class='ocr_par' dir='ltr' id='par_1_3' title="bbox 3756 304 3863 360">
     <span class='ocr_line' id='line_1_3' title="bbox 3756 304 3863 360; baseline 0 0"><span class='ocrx_word' id='word_1_5' title='bbox 3756 304 3863 360; x_wconf 75' lang='lat'><strong>768</strong></span> 
     </span>
    </p>
   </div>
   <div class='ocr_carea' id='block_1_4' title="bbox 669 424 2202 503">
    <p class='ocr_par' dir='ltr' id='par_1_4' title="bbox 669 427 2171 501">
     <span class='ocr_line' id='line_1_4' title="bbox 669 427 2171 501; baseline 0.003 -20"><span class='ocrx_word' id='word_1_6' title='bbox 669 427 857 499; x_wconf 78' lang='lat' dir='ltr'><strong>§Vlll.</strong></span> <span class='ocrx_word' id='word_1_7' title='bbox 891 428 1025 483; x_wconf 84' lang='lat' dir='ltr'><strong>Cum</strong></span> <span class='ocrx_word' id='word_1_8' title='bbox 1073 438 1253 483; x_wconf 85' lang='lat' dir='ltr'><strong>autem</strong></span> <span class='ocrx_word' id='word_1_9' title='bbox 1305 429 1596 499; x_wconf 64' lang='lat' dir='ltr'><strong>triinciter</strong></span> <span class='ocrx_word' id='word_1_10' title='bbox 1637 440 1817 487; x_wconf 81' lang='lat' dir='ltr'><strong>motus</strong></span> <span class='ocrx_word' id='word_1_11' title='bbox 1862 432 1983 499; x_wconf 83' lang='lat' dir='ltr'><strong>ﬂat,</strong></span> <span class='ocrx_word' id='word_1_12' title='bbox 2026 431 2171 501; x_wconf 79' lang='lat' dir='ltr'><strong>ipsis</strong></span> 
     </span>
    </p>
   </div>
   <div class='ocr_carea' id='block_1_5' title="bbox 2306 424 3867 503">
    <p class='ocr_par' dir='ltr' id='par_1_5' title="bbox 2347 424 3867 503">
     <span class='ocr_line' id='line_1_5' title="bbox 2347 424 3867 503; baseline -0.006 -17"><span class='ocrx_word' id='word_1_13' title='bbox 2347 431 2374 503; x_wconf 82' lang='lat'>§</span> <span class='ocrx_word' id='word_1_14' title='bbox 2409 431 2543 486; x_wconf 79' lang='lat' dir='ltr'><strong>VIII.</strong></span> <span class='ocrx_word' id='word_1_15' title='bbox 2576 429 2727 484; x_wconf 73' lang='grc' dir='ltr'>Ἐπεὶ</span> <span class='ocrx_word' id='word_1_16' title='bbox 2752 426 3033 502; x_wconf 76' lang='grc' dir='ltr'>δὲτριχῶς</span> <span class='ocrx_word' id='word_1_17' title='bbox 3054 428 3087 499; x_wconf 84' lang='grc' dir='ltr'><strong>ἡ</strong></span> <span class='ocrx_word' id='word_1_18' title='bbox 3109 425 3325 496; x_wconf 73' lang='grc' dir='ltr'>κίνησις</span> <span class='ocrx_word' id='word_1_19' title='bbox 3349 424 3579 494; x_wconf 64' lang='grc' dir='ltr'>γίνεται,</span> <span class='ocrx_word' id='word_1_20' title='bbox 3604 426 3718 477; x_wconf 75' lang='grc' dir='ltr'>ἐστι</span> <span class='ocrx_word' id='word_1_21' title='bbox 3744 424 3867 479; x_wconf 82' lang='grc' dir='ltr'>τού-</span> 
     </span>
    </p>
   </div>
   <div class='ocr_carea' id='block_1_6' title="bbox 598 520 2205 596">
    <p class='ocr_par' dir='ltr' id='par_1_6' title="bbox 598 520 2205 596">
     <span class='ocr_line' id='line_1_6' title="bbox 598 520 2205 596; baseline -0.001 -18"><span class='ocrx_word' id='word_1_22' title='bbox 598 522 765 578; x_wconf 86' lang='lat' dir='ltr'><strong>etlam</strong></span> <span class='ocrx_word' id='word_1_23' title='bbox 802 520 995 591; x_wconf 72' lang='lat' dir='ltr'><strong>triplex</strong></span> <span class='ocrx_word' id='word_1_24' title='bbox 1054 521 1143 575; x_wconf 89' lang='lat' dir='ltr'><strong>hic</strong></span> <span class='ocrx_word' id='word_1_25' title='bbox 1198 532 1381 576; x_wconf 86' lang='lat' dir='ltr'><strong>motus</strong></span> <span class='ocrx_word' id='word_1_26' title='bbox 1427 532 1531 578; x_wconf 87' lang='lat' dir='ltr'><strong>est.</strong></span> <span class='ocrx_word' id='word_1_27' title='bbox 1584 521 1883 579; x_wconf 82' lang='lat' dir='ltr'><strong>Circulai-is</strong></span> <span class='ocrx_word' id='word_1_28' title='bbox 1922 520 2205 596; x_wconf 66' lang='lat' dir='ltr'><strong>quidem,</strong></span> 
     </span>
    </p>
   </div>
   <div class='ocr_carea' id='block_1_7' title="bbox 600 614 2176 683">
    <p class='ocr_par' dir='ltr' id='par_1_7' title="bbox 600 614 2176 683">
     <span class='ocr_line' id='line_1_7' title="bbox 600 614 2176 683; baseline -0.001 -13"><span class='ocrx_word' id='word_1_29' title='bbox 600 616 727 670; x_wconf 87' lang='lat' dir='ltr'><strong>dum</strong></span> <span class='ocrx_word' id='word_1_30' title='bbox 756 614 963 668; x_wconf 88' lang='lat' dir='ltr'><strong>circum</strong></span> <span class='ocrx_word' id='word_1_31' title='bbox 1010 614 1286 682; x_wconf 83' lang='lat' dir='ltr'><strong>semetipsi</strong></span> <span class='ocrx_word' id='word_1_32' title='bbox 1319 625 1749 683; x_wconf 87' lang='lat' dir='ltr'><strong>convertuntur;</strong></span> <span class='ocrx_word' id='word_1_33' title='bbox 1801 630 1981 673; x_wconf 87' lang='lat' dir='ltr'><strong>rectus</strong></span> <span class='ocrx_word' id='word_1_34' title='bbox 2024 624 2176 679; x_wconf 85' lang='lat' dir='ltr'><strong>vero,</strong></span> 
     </span>
    </p>
   </div>
   <div class='ocr_carea' id='block_1_8' title="bbox 599 703 2170 777">
    <p class='ocr_par' dir='ltr' id='par_1_8' title="bbox 599 703 2170 777">
     <span class='ocr_line' id='line_1_8' title="bbox 599 703 2170 777; baseline 0.001 -20"><span class='ocrx_word' id='word_1_35' title='bbox 599 704 817 771; x_wconf 80' lang='lat' dir='ltr'><strong>quando</strong></span> <span class='ocrx_word' id='word_1_36' title='bbox 876 705 942 757; x_wconf 87' lang='lat' dir='ltr'><strong>ad</strong></span> <span class='ocrx_word' id='word_1_37' title='bbox 1000 703 1352 759; x_wconf 79' lang='lat' dir='ltr'><strong>inferioribus</strong></span> <span class='ocrx_word' id='word_1_38' title='bbox 1408 706 1802 775; x_wconf 83' lang='lat' dir='ltr'><strong>providendum</strong></span> <span class='ocrx_word' id='word_1_39' title='bbox 1856 708 2170 777; x_wconf 87' lang='lat' dir='ltr'><strong>procedunt.</strong></span> 
     </span>
    </p>
   </div>
   <div class='ocr_carea' id='block_1_9' title="bbox 599 794 2179 867">
    <p class='ocr_par' dir='ltr' id='par_1_9' title="bbox 599 794 2179 867">
     <span class='ocr_line' id='line_1_9' title="bbox 599 794 2179 867; baseline 0.001 -19"><span class='ocrx_word' id='word_1_40' title='bbox 599 794 737 849; x_wconf 88' lang='lat' dir='ltr'><strong>Cum</strong></span> <span class='ocrx_word' id='word_1_41' title='bbox 775 794 921 848; x_wconf 90' lang='lat' dir='ltr'><strong>enim</strong></span> <span class='ocrx_word' id='word_1_42' title='bbox 977 794 1233 861; x_wconf 59' lang='lat' dir='ltr'><strong>qualibet</strong></span> <span class='ocrx_word' id='word_1_43' title='bbox 1282 808 1412 848; x_wconf 90' lang='lat' dir='ltr'><strong>cura</strong></span> <span class='ocrx_word' id='word_1_44' title='bbox 1448 795 1609 850; x_wconf 81' lang='lat' dir='ltr'><strong>linem</strong></span> <span class='ocrx_word' id='word_1_45' title='bbox 1668 798 1865 853; x_wconf 89' lang='lat' dir='ltr'><strong>habeat</strong></span> <span class='ocrx_word' id='word_1_46' title='bbox 1894 806 1980 867; x_wconf 74' lang='lat' dir='ltr'><strong>(eo</strong></span> <span class='ocrx_word' id='word_1_47' title='bbox 2037 797 2179 866; x_wconf 87' lang='lat' dir='ltr'><strong>quod</strong></span> 
     </span>
    </p>
   </div>
   <div class='ocr_carea' id='block_1_10' title="bbox 600 885 2182 959">
    <p class='ocr_par' dir='ltr' id='par_1_10' title="bbox 600 885 2182 959">
     <span class='ocr_line' id='line_1_10' title="bbox 600 885 2182 959; baseline 0.002 -20"><span class='ocrx_word' id='word_1_48' title='bbox 600 894 753 940; x_wconf 83' lang='lat' dir='ltr'><strong>recto</strong></span> <span class='ocrx_word' id='word_1_49' title='bbox 785 894 932 939; x_wconf 89' lang='lat' dir='ltr'><strong>motu</strong></span> <span class='ocrx_word' id='word_1_50' title='bbox 982 885 1195 939; x_wconf 91' lang='lat' dir='ltr'><strong>cientur</strong></span> <span class='ocrx_word' id='word_1_51' title='bbox 1216 898 1217 905; x_wconf 76' lang='lat'>‘</span> <span class='ocrx_word' id='word_1_52' title='bbox 1241 887 1464 941; x_wconf 89' lang='lat' dir='ltr'><strong>outnino</strong></span> <span class='ocrx_word' id='word_1_53' title='bbox 1512 887 1677 942; x_wconf 82' lang='lat' dir='ltr'><strong>linem</strong></span> <span class='ocrx_word' id='word_1_54' title='bbox 1706 889 1962 959; x_wconf 76' lang='lat' dir='ltr'><strong>habente)</strong></span> <span class='ocrx_word' id='word_1_55' title='bbox 1990 904 2182 944; x_wconf 81' lang='lat' dir='ltr'><strong>secun—</strong></span> 
     </span>
    </p>
   </div>
   <div class='ocr_carea' id='block_1_11' title="bbox 601 977 2177 1050">
    <p class='ocr_par' dir='ltr' id='par_1_11' title="bbox 601 977 2177 1050">
     <span class='ocr_line' id='line_1_11' title="bbox 601 977 2177 1050; baseline 0.004 -19"><span class='ocrx_word' id='word_1_56' title='bbox 601 977 728 1031; x_wconf 89' lang='lat' dir='ltr'><strong>dum</strong></span> <span class='ocrx_word' id='word_1_57' title='bbox 758 979 903 1031; x_wconf 83' lang='lat' dir='ltr'><strong>hunc</strong></span> <span class='ocrx_word' id='word_1_58' title='bbox 952 985 1255 1039; x_wconf 89' lang='lat' dir='ltr'><strong>moventur,</strong></span> <span class='ocrx_word' id='word_1_59' title='bbox 1289 986 1343 1031; x_wconf 91' lang='lat' dir='ltr'><strong>et</strong></span> <span class='ocrx_word' id='word_1_60' title='bbox 1374 980 1688 1048; x_wconf 89' lang='lat' dir='ltr'><strong>providendi</strong></span> <span class='ocrx_word' id='word_1_61' title='bbox 1718 990 1904 1049; x_wconf 83' lang='lat' dir='ltr'><strong>partes</strong></span> <span class='ocrx_word' id='word_1_62' title='bbox 1926 982 2177 1050; x_wconf 88' lang='lat' dir='ltr'><strong>explent;</strong></span> 
     </span>
    </p>
   </div>
   <div class='ocr_carea' id='block_1_12' title="bbox 598 1057 2189 1142">
    <p class='ocr_par' dir='ltr' id='par_1_12' title="bbox 598 1057 2189 1142">
     <span class='ocr_line' id='line_1_12' title="bbox 598 1057 2189 1142; baseline 0.004 -21"><span class='ocrx_word' id='word_1_63' title='bbox 598 1082 722 1123; x_wconf 72' lang='lat' dir='ltr'><strong>cum</strong></span> <span class='ocrx_word' id='word_1_64' title='bbox 765 1084 895 1124; x_wconf 87' lang='lat' dir='ltr'><strong>vero</strong></span> <span class='ocrx_word' id='word_1_65' title='bbox 940 1069 995 1123; x_wconf 89' lang='lat' dir='ltr'><strong>in</strong></span> <span class='ocrx_word' id='word_1_66' title='bbox 1041 1070 1366 1138; x_wconf 89' lang='lat' dir='ltr'><strong>semetipsos</strong></span> <span class='ocrx_word' id='word_1_67' title='bbox 1400 1070 1599 1126; x_wconf 88' lang='lat' dir='ltr'><strong>iterum</strong></span> <span class='ocrx_word' id='word_1_68' title='bbox 1644 1057 2021 1142; x_wconf 70' lang='lat' dir='ltr'><strong>revolvamur,</strong></span> <span class='ocrx_word' id='word_1_69' title='bbox 2056 1080 2189 1129; x_wconf 82' lang='lat' dir='ltr'><strong>ecce</strong></span> 
     </span>
    </p>
   </div>
   <div class='ocr_carea' id='block_1_13' title="bbox 602 1160 1491 1231">
    <p class='ocr_par' dir='ltr' id='par_1_13' title="bbox 602 1160 1491 1231">
     <span class='ocr_line' id='line_1_13' title="bbox 602 1160 1491 1231; baseline 0.003 -17"><span class='ocrx_word' id='word_1_70' title='bbox 602 1160 678 1211; x_wconf 78' lang='lat' dir='ltr'><strong>illi</strong></span> <span class='ocrx_word' id='word_1_71' title='bbox 710 1162 965 1231; x_wconf 82' lang='lat' dir='ltr'><strong>obliquus</strong></span> <span class='ocrx_word' id='word_1_72' title='bbox 998 1166 1177 1217; x_wconf 74' lang='lat' dir='ltr'><strong>mutus</strong></span> <span class='ocrx_word' id='word_1_73' title='bbox 1210 1162 1491 1217; x_wconf 68' lang='lat' dir='ltr'><strong>‘subsiStit.</strong></span> 
     </span>
    </p>
   </div>
   <div class='ocr_carea' id='block_1_14' title="bbox 642 1300 2187 1390">
    <p class='ocr_par' dir='ltr' id='par_1_14' title="bbox 642 1300 2187 1390">
     <span class='ocr_line' id='line_1_14' title="bbox 642 1300 2187 1390; baseline 0.004 -36"><span class='ocrx_word' id='word_1_74' title='bbox 642 1300 702 1390; x_wconf 69' lang='grc' dir='ltr'>,ς</span> <span class='ocrx_word' id='word_1_75' title='bbox 724 1300 813 1355; x_wconf 68' lang='grc' dir='ltr'><strong>ιλ.</strong></span> <span class='ocrx_word' id='word_1_76' title='bbox 830 1300 995 1373; x_wconf 76' lang='lat'><strong>396</strong></span> <span class='ocrx_word' id='word_1_77' title='bbox 1012 1300 1230 1355; x_wconf 86' lang='lat' dir='ltr'><strong>lterum.</strong></span> <span class='ocrx_word' id='word_1_78' title='bbox 1251 1301 1447 1357; x_wconf 69' lang='lat' dir='ltr'><strong>animas</strong></span> <span class='ocrx_word' id='word_1_79' title='bbox 1465 1312 1641 1358; x_wconf 85' lang='lat' dir='ltr'><strong>status</strong></span> <span class='ocrx_word' id='word_1_80' title='bbox 1659 1315 1742 1360; x_wconf 89' lang='lat' dir='ltr'><strong>est</strong></span> <span class='ocrx_word' id='word_1_81' title='bbox 1759 1305 2112 1360; x_wconf 83' lang='lat' dir='ltr'><strong>immobilitas</strong></span> <span class='ocrx_word' id='word_1_82' title='bbox 2132 1312 2187 1362; x_wconf 81' lang='lat' dir='ltr'><strong>et</strong></span> 
     </span>
    </p>
   </div>
   <div class='ocr_carea' id='block_1_15' title="bbox 601 1392 2185 1464">
    <p class='ocr_par' dir='ltr' id='par_1_15' title="bbox 601 1392 2185 1464">
     <span class='ocr_line' id='line_1_15' title="bbox 601 1392 2185 1464; baseline 0.002 -17"><span class='ocrx_word' id='word_1_83' title='bbox 601 1392 879 1447; x_wconf 76' lang='lat' dir='ltr'><strong>stabilitas</strong></span> <span class='ocrx_word' id='word_1_84' title='bbox 915 1394 1150 1464; x_wconf 73' lang='lat' dir='ltr'><strong>pr0priaa</strong></span> <span class='ocrx_word' id='word_1_85' title='bbox 1194 1395 1535 1449; x_wconf 64' lang='lat' dir='ltr'><strong>substantiae.</strong></span> <span class='ocrx_word' id='word_1_86' title='bbox 1589 1395 1765 1450; x_wconf 83' lang='lat' dir='ltr'><strong>Motus</strong></span> <span class='ocrx_word' id='word_1_87' title='bbox 1793 1408 1975 1451; x_wconf 83' lang='lat' dir='ltr'><strong>autem</strong></span> <span class='ocrx_word' id='word_1_88' title='bbox 2004 1398 2185 1463; x_wconf 86' lang='lat' dir='ltr'><strong>circu-</strong></span> 
     </span>
    </p>
   </div>
   <div class='ocr_carea' id='block_1_16' title="bbox 604 1484 2186 1558">
    <p class='ocr_par' dir='ltr' id='par_1_16' title="bbox 604 1484 2186 1558">
     <span class='ocr_line' id='line_1_16' title="bbox 604 1484 2186 1558; baseline 0.004 -19"><span class='ocrx_word' id='word_1_89' title='bbox 604 1484 737 1539; x_wconf 82' lang='lat' dir='ltr'><strong>laris</strong></span> <span class='ocrx_word' id='word_1_90' title='bbox 787 1486 1005 1552; x_wconf 84' lang='lat' dir='ltr'><strong>quidem</strong></span> <span class='ocrx_word' id='word_1_91' title='bbox 1054 1495 1157 1550; x_wconf 90' lang='lat' dir='ltr'><strong>est,</strong></span> <span class='ocrx_word' id='word_1_92' title='bbox 1211 1488 1429 1555; x_wconf 87' lang='lat' dir='ltr'><strong>quando</strong></span> <span class='ocrx_word' id='word_1_93' title='bbox 1484 1490 1681 1544; x_wconf 88' lang='lat' dir='ltr'><strong>mentis</strong></span> <span class='ocrx_word' id='word_1_94' title='bbox 1728 1492 2186 1558; x_wconf 83' lang='lat' dir='ltr'><strong>contemplatione</strong></span> 
     </span>
    </p>
   </div>
   <div class='ocr_carea' id='block_1_17' title="bbox 602 1576 2187 1647">
    <p class='ocr_par' dir='ltr' id='par_1_17' title="bbox 602 1576 2187 1647">
     <span class='ocr_line' id='line_1_17' title="bbox 602 1576 2187 1647; baseline 0.003 -16"><span class='ocrx_word' id='word_1_95' title='bbox 602 1576 800 1642; x_wconf 85' lang='lat' dir='ltr'><strong>cietur,</strong></span> <span class='ocrx_word' id='word_1_96' title='bbox 851 1584 906 1631; x_wconf 89' lang='lat' dir='ltr'><strong>et</strong></span> <span class='ocrx_word' id='word_1_97' title='bbox 956 1577 1009 1630; x_wconf 91' lang='lat' dir='ltr'><strong>in</strong></span> <span class='ocrx_word' id='word_1_98' title='bbox 1061 1578 1243 1647; x_wconf 90' lang='lat' dir='ltr'><strong>seipso</strong></span> <span class='ocrx_word' id='word_1_99' title='bbox 1293 1577 1495 1642; x_wconf 81' lang='lat' dir='ltr'><strong>factus,</strong></span> <span class='ocrx_word' id='word_1_100' title='bbox 1537 1595 1603 1633; x_wconf 85' lang='lat' dir='ltr'><strong>ex</strong></span> <span class='ocrx_word' id='word_1_101' title='bbox 1649 1582 1963 1635; x_wconf 81' lang='lat' dir='ltr'><strong>extrinseco</strong></span> <span class='ocrx_word' id='word_1_102' title='bbox 1997 1596 2187 1636; x_wconf 82' lang='lat' dir='ltr'><strong>errore</strong></span> 
     </span>
    </p>
   </div>
   <div class='ocr_carea' id='block_1_18' title="bbox 603 1670 2186 1742">
    <p class='ocr_par' dir='ltr' id='par_1_18' title="bbox 603 1670 2186 1742">
     <span class='ocr_line' id='line_1_18' title="bbox 603 1670 2186 1742; baseline 0.003 -20"><span class='ocrx_word' id='word_1_103' title='bbox 603 1682 864 1722; x_wconf 80' lang='lat' dir='ltr'><strong>sensuum</strong></span> <span class='ocrx_word' id='word_1_104' title='bbox 898 1671 1335 1740; x_wconf 81' lang='lat' dir='ltr'><strong>conglomeratur</strong></span> <span class='ocrx_word' id='word_1_105' title='bbox 1364 1681 1419 1739; x_wconf 90' lang='lat' dir='ltr'><strong>et</strong></span> <span class='ocrx_word' id='word_1_106' title='bbox 1457 1670 1694 1739; x_wconf 88' lang='lat' dir='ltr'><strong>primum</strong></span> <span class='ocrx_word' id='word_1_107' title='bbox 1739 1674 1790 1725; x_wconf 90' lang='lat' dir='ltr'><strong>in</strong></span> <span class='ocrx_word' id='word_1_108' title='bbox 1825 1672 2061 1741; x_wconf 86' lang='lat' dir='ltr'><strong>seipsum</strong></span> <span class='ocrx_word' id='word_1_109' title='bbox 2090 1689 2186 1742; x_wconf 82' lang='lat' dir='ltr'><strong>co-</strong></span> 
     </span>
    </p>
   </div>
   <div class='ocr_carea' id='block_1_19' title="bbox 2281 516 3873 595">
    <p class='ocr_par' dir='ltr' id='par_1_19' title="bbox 2281 516 3873 595">
     <span class='ocr_line' id='line_1_19' title="bbox 2281 516 3873 595; baseline -0.004 -20"><span class='ocrx_word' id='word_1_110' title='bbox 2281 538 2393 587; x_wconf 85' lang='grc' dir='ltr'>τοις</span> <span class='ocrx_word' id='word_1_111' title='bbox 2436 524 2528 577; x_wconf 76' lang='grc' dir='ltr'>καὶ</span> <span class='ocrx_word' id='word_1_112' title='bbox 2569 523 2630 577; x_wconf 87' lang='grc' dir='ltr'><strong>τὸ</strong></span> <span class='ocrx_word' id='word_1_113' title='bbox 2668 522 2880 595; x_wconf 80' lang='grc' dir='ltr'>τριττὸν</span> <span class='ocrx_word' id='word_1_114' title='bbox 2921 522 3021 591; x_wconf 78' lang='grc' dir='ltr'><strong>τῆς</strong></span> <span class='ocrx_word' id='word_1_115' title='bbox 3049 520 3354 592; x_wconf 57' lang='grc' dir='ltr'>ν’κινήσεως.</span> <span class='ocrx_word' id='word_1_116' title='bbox 3400 516 3691 581; x_wconf 66' lang='grc' dir='ltr'>κυκλικῶς</span> <span class='ocrx_word' id='word_1_117' title='bbox 3743 518 3873 587; x_wconf 79' lang='grc' dir='ltr'>μὲν,</span> 
     </span>
    </p>
   </div>
   <div class='ocr_carea' id='block_1_20' title="bbox 2282 611 3868 687">
    <p class='ocr_par' dir='ltr' id='par_1_20' title="bbox 2282 611 3868 687">
     <span class='ocr_line' id='line_1_20' title="bbox 2282 611 3868 687; baseline -0.004 -18"><span class='ocrx_word' id='word_1_118' title='bbox 2282 617 2371 669; x_wconf 80' lang='grc' dir='ltr'>ὅτε</span> <span class='ocrx_word' id='word_1_119' title='bbox 2398 617 2525 687; x_wconf 72' lang='grc' dir='ltr'>περὶ</span> <span class='ocrx_word' id='word_1_120' title='bbox 2551 615 2773 678; x_wconf 79' lang='grc' dir='ltr'>ἑαυτοὺς</span> <span class='ocrx_word' id='word_1_121' title='bbox 2802 614 3220 686; x_wconf 78' lang='grc' dir='ltr'>ἐπιστρέφονται</span> <span class='ocrx_word' id='word_1_122' title='bbox 3246 631 3259 643; x_wconf 91' lang='grc'><strong>·</strong></span> <span class='ocrx_word' id='word_1_123' title='bbox 3296 611 3499 675; x_wconf 76' lang='grc' dir='ltr'>εὐθέως</span> <span class='ocrx_word' id='word_1_124' title='bbox 3527 612 3604 675; x_wconf 76' lang='grc' dir='ltr'>δὲ,</span> <span class='ocrx_word' id='word_1_125' title='bbox 3631 612 3759 663; x_wconf 85' lang='grc' dir='ltr'>ὅταν</span> <span class='ocrx_word' id='word_1_126' title='bbox 3786 612 3868 675; x_wconf 85' lang='grc' dir='ltr'><strong>είς</strong></span> 
     </span>
    </p>
   </div>
   <div class='ocr_carea' id='block_1_21' title="bbox 2281 701 3871 778">
    <p class='ocr_par' dir='ltr' id='par_1_21' title="bbox 2281 701 3871 778">
     <span class='ocr_line' id='line_1_21' title="bbox 2281 701 3871 778; baseline -0.004 -17"><span class='ocrx_word' id='word_1_127' title='bbox 2281 709 2380 778; x_wconf 80' lang='grc' dir='ltr'><strong>τὴν</strong></span> <span class='ocrx_word' id='word_1_128' title='bbox 2421 708 2530 761; x_wconf 88' lang='grc' dir='ltr'><strong>τῶν</strong></span> <span class='ocrx_word' id='word_1_129' title='bbox 2566 707 3008 778; x_wconf 83' lang='grc' dir='ltr'>καταδεεστέρων</span> <span class='ocrx_word' id='word_1_130' title='bbox 3056 701 3280 777; x_wconf 72' lang='grc' dir='ltr'>προΐασι</span> <span class='ocrx_word' id='word_1_131' title='bbox 3326 703 3670 775; x_wconf 81' lang='grc' dir='ltr'>κηδεμονίαν.</span> <span class='ocrx_word' id='word_1_132' title='bbox 3717 703 3871 756; x_wconf 68' lang='grc' dir='ltr'>Ἐπεὶ</span> 
     </span>
    </p>
   </div>
   <div class='ocr_carea' id='block_1_22' title="bbox 2282 796 3870 873">
    <p class='ocr_par' dir='ltr' id='par_1_22' title="bbox 2282 796 3870 873">
     <span class='ocr_line' id='line_1_22' title="bbox 2282 796 3870 873; baseline -0.004 -19"><span class='ocrx_word' id='word_1_133' title='bbox 2282 802 2392 873; x_wconf 77' lang='grc' dir='ltr'>γὰρ</span> <span class='ocrx_word' id='word_1_134' title='bbox 2430 802 2631 871; x_wconf 80' lang='grc' dir='ltr'><strong>ἑκάστη</strong></span> <span class='ocrx_word' id='word_1_135' title='bbox 2675 800 2973 871; x_wconf 80' lang='grc' dir='ltr'><strong>κηδεμονία</strong></span> <span class='ocrx_word' id='word_1_136' title='bbox 3013 800 3167 863; x_wconf 81' lang='grc' dir='ltr'>τέλος</span> <span class='ocrx_word' id='word_1_137' title='bbox 3196 798 3329 868; x_wconf 77' lang='grc' dir='ltr'>ἔχει,</span> <span class='ocrx_word' id='word_1_138' title='bbox 3364 796 3601 867; x_wconf 81' lang='grc' dir='ltr'>(πάντως</span> <span class='ocrx_word' id='word_1_139' title='bbox 3643 796 3746 867; x_wconf 78' lang='grc' dir='ltr'>τῆς</span> <span class='ocrx_word' id='word_1_140' title='bbox 3781 796 3870 848; x_wconf 70' lang='grc' dir='ltr'><strong>ἐπ’</strong></span> 
     </span>
    </p>
   </div>
   <div class='ocr_carea' id='block_1_23' title="bbox 2284 886 3873 965">
    <p class='ocr_par' dir='ltr' id='par_1_23' title="bbox 2284 886 3873 965">
     <span class='ocr_line' id='line_1_23' title="bbox 2284 886 3873 965; baseline -0.004 -19"><span class='ocrx_word' id='word_1_141' title='bbox 2284 893 2495 957; x_wconf 67' lang='grc' dir='ltr'>εὐθείας</span> <span class='ocrx_word' id='word_1_142' title='bbox 2539 890 2803 965; x_wconf 80' lang='grc' dir='ltr'>κινήσεως</span> <span class='ocrx_word' id='word_1_143' title='bbox 2852 892 2999 956; x_wconf 84' lang='grc' dir='ltr'><strong>τέλος</strong></span> <span class='ocrx_word' id='word_1_144' title='bbox 3046 889 3321 963; x_wconf 48' lang='lat' dir='ltr'><strong>Exodo-r19)</strong></span> <span class='ocrx_word' id='word_1_145' title='bbox 3366 887 3505 941; x_wconf 85' lang='grc' dir='ltr'>κατὰ</span> <span class='ocrx_word' id='word_1_146' title='bbox 3539 886 3744 955; x_wconf 78' lang='grc' dir='ltr'>ταύτην</span> <span class='ocrx_word' id='word_1_147' title='bbox 3787 903 3873 940; x_wconf 89' lang='grc' dir='ltr'>κι-</span> 
     </span>
    </p>
   </div>
   <div class='ocr_carea' id='block_1_24' title="bbox 2286 978 3873 1056">
    <p class='ocr_par' dir='ltr' id='par_1_24' title="bbox 2286 978 3873 1056">
     <span class='ocr_line' id='line_1_24' title="bbox 2286 978 3873 1056; baseline -0.006 -16"><span class='ocrx_word' id='word_1_148' title='bbox 2286 990 2483 1049; x_wconf 68' lang='grc' dir='ltr'>νοῖντο,</span> <span class='ocrx_word' id='word_1_149' title='bbox 2510 988 2602 1039; x_wconf 70' lang='grc' dir='ltr'><strong>καὶ</strong></span> <span class='ocrx_word' id='word_1_150' title='bbox 2629 984 2697 1039; x_wconf 88' lang='grc' dir='ltr'><strong>τά</strong></span> <span class='ocrx_word' id='word_1_151' title='bbox 2721 986 2820 1056; x_wconf 81' lang='grc' dir='ltr'>τῆς</span> <span class='ocrx_word' id='word_1_152' title='bbox 2859 984 3113 1056; x_wconf 80' lang='grc' dir='ltr'><strong>προνοίας</strong></span> <span class='ocrx_word' id='word_1_153' title='bbox 3138 981 3448 1053; x_wconf 79' lang='grc' dir='ltr'><strong>περαίνοιεν</strong></span> <span class='ocrx_word' id='word_1_154' title='bbox 3471 998 3485 1009; x_wconf 71' lang='grc' dir='ltr'><strong>ο</strong></span> <span class='ocrx_word' id='word_1_155' title='bbox 3518 980 3637 1032; x_wconf 76' lang='grc' dir='ltr'>ἐπεὶ</span> <span class='ocrx_word' id='word_1_156' title='bbox 3668 978 3873 1031; x_wconf 76' lang='grc' dir='ltr'>δὲ’πά-</span> 
     </span>
    </p>
   </div>
   <div class='ocr_carea' id='block_1_25' title="bbox 2286 1064 3873 1143">
    <p class='ocr_par' dir='ltr' id='par_1_25' title="bbox 2286 1064 3873 1143">
     <span class='ocr_line' id='line_1_25' title="bbox 2286 1064 3873 1143; baseline -0.007 -11"><span class='ocrx_word' id='word_1_157' title='bbox 2286 1080 2369 1133; x_wconf 86' lang='grc' dir='ltr'><strong>λιν</strong></span> <span class='ocrx_word' id='word_1_158' title='bbox 2398 1082 2479 1143; x_wconf 87' lang='grc' dir='ltr'>εἰς</span> <span class='ocrx_word' id='word_1_159' title='bbox 2514 1080 2739 1143; x_wconf 78' lang='grc' dir='ltr'>ἑαυτοὺς</span> <span class='ocrx_word' id='word_1_160' title='bbox 2770 1064 3276 1140; x_wconf 76' lang='grc' dir='ltr'>ἀνακυκλοῦσι,·’καὶ</span> <span class='ocrx_word' id='word_1_161' title='bbox 3310 1074 3415 1128; x_wconf 79' lang='grc' dir='ltr'>ἰδοὺ</span> <span class='ocrx_word' id='word_1_162' title='bbox 3448 1073 3541 1125; x_wconf 73' lang='grc' dir='ltr'><strong>καὶ</strong></span> <span class='ocrx_word' id='word_1_163' title='bbox 3576 1074 3611 1143; x_wconf 77' lang='grc' dir='ltr'>ἡ</span> <span class='ocrx_word' id='word_1_164' title='bbox 3643 1072 3873 1123; x_wconf 76' lang='grc' dir='ltr'>ἑλικοει-</span> 
     </span>
    </p>
   </div>
   <div class='ocr_carea' id='block_1_26' title="bbox 2284 1167 2949 1240">
    <p class='ocr_par' dir='ltr' id='par_1_26' title="bbox 2284 1167 2949 1240">
     <span class='ocr_line' id='line_1_26' title="bbox 2284 1167 2949 1240; baseline -0.003 -17"><span class='ocrx_word' id='word_1_165' title='bbox 2284 1170 2381 1233; x_wconf 72' lang='grc' dir='ltr'><strong>δῆς</strong></span> <span class='ocrx_word' id='word_1_166' title='bbox 2409 1167 2717 1223; x_wconf 71' lang='grc' dir='ltr'><strong>συνίσταται</strong></span> <span class='ocrx_word' id='word_1_167' title='bbox 2738 1168 2949 1240; x_wconf 80' lang='grc' dir='ltr'>κίνησις</span> 
     </span>
    </p>
   </div>
   <div class='ocr_carea' id='block_1_27' title="bbox 2359 1302 3879 1380">
    <p class='ocr_par' dir='ltr' id='par_1_27' title="bbox 2359 1302 3879 1380">
     <span class='ocr_line' id='line_1_27' title="bbox 2359 1302 3879 1380; baseline -0.005 -18"><span class='ocrx_word' id='word_1_168' title='bbox 2359 1308 2385 1380; x_wconf 84' lang='lat'>§</span> <span class='ocrx_word' id='word_1_169' title='bbox 2428 1308 2521 1363; x_wconf 77' lang='lat' dir='ltr'><strong>IX.</strong></span> <span class='ocrx_word' id='word_1_170' title='bbox 2556 1310 2724 1362; x_wconf 87' lang='grc' dir='ltr'>Πάλιν</span> <span class='ocrx_word' id='word_1_171' title='bbox 2773 1308 2951 1379; x_wconf 73' lang='grc' dir='ltr'>ψυχῆς</span> <span class='ocrx_word' id='word_1_172' title='bbox 2996 1307 3187 1369; x_wconf 83' lang='grc' dir='ltr'><strong>στάσις</strong></span> <span class='ocrx_word' id='word_1_173' title='bbox 3232 1304 3294 1358; x_wconf 86' lang='grc' dir='ltr'><strong>τὸ</strong></span> <span class='ocrx_word' id='word_1_174' title='bbox 3337 1304 3738 1376; x_wconf 77' lang='grc' dir='ltr'><strong>ἀμετακίνητον</strong></span> <span class='ocrx_word' id='word_1_175' title='bbox 3781 1302 3879 1355; x_wconf 78' lang='grc' dir='ltr'>καὶ</span> 
     </span>
    </p>
   </div>
   <div class='ocr_carea' id='block_1_28' title="bbox 2286 1382 3877 1473">
    <p class='ocr_par' dir='ltr' id='par_1_28' title="bbox 2286 1382 3877 1473">
     <span class='ocr_line' id='line_1_28' title="bbox 2286 1382 3877 1473; baseline -0.004 -20"><span class='ocrx_word' id='word_1_176' title='bbox 2286 1402 2499 1473; x_wconf 79' lang='grc' dir='ltr'>ἑδραῖον</span> <span class='ocrx_word' id='word_1_177' title='bbox 2538 1382 2637 1471; x_wconf 44' lang='grc' dir='ltr'>τῆδς</span> <span class='ocrx_word' id='word_1_178' title='bbox 2677 1399 2816 1463; x_wconf 78' lang='grc' dir='ltr'>ιδίας</span> <span class='ocrx_word' id='word_1_179' title='bbox 2852 1400 3059 1463; x_wconf 75' lang='grc' dir='ltr'>οὐσίας.</span> <span class='ocrx_word' id='word_1_180' title='bbox 3099 1399 3331 1469; x_wconf 79' lang='grc' dir='ltr'>Κίνησις</span> <span class='ocrx_word' id='word_1_181' title='bbox 3370 1396 3434 1449; x_wconf 83' lang='grc' dir='ltr'>δὲ</span> <span class='ocrx_word' id='word_1_182' title='bbox 3478 1395 3710 1466; x_wconf 85' lang='grc' dir='ltr'>κυκλικὴ</span> <span class='ocrx_word' id='word_1_183' title='bbox 3756 1392 3877 1464; x_wconf 80' lang='grc' dir='ltr'>μὲν,</span> 
     </span>
    </p>
   </div>
   <div class='ocr_carea' id='block_1_29' title="bbox 2287 1485 3880 1565">
    <p class='ocr_par' dir='ltr' id='par_1_29' title="bbox 2287 1485 3880 1565">
     <span class='ocr_line' id='line_1_29' title="bbox 2287 1485 3880 1565; baseline -0.006 -18"><span class='ocrx_word' id='word_1_184' title='bbox 2287 1496 2414 1547; x_wconf 83' lang='grc' dir='ltr'>ὅταν</span> <span class='ocrx_word' id='word_1_185' title='bbox 2444 1497 2508 1565; x_wconf 83' lang='grc' dir='ltr'>τῇ</span> <span class='ocrx_word' id='word_1_186' title='bbox 2555 1494 2698 1547; x_wconf 83' lang='grc' dir='ltr'><strong>κατά</strong></span> <span class='ocrx_word' id='word_1_187' title='bbox 2742 1493 2867 1547; x_wconf 92' lang='grc' dir='ltr'>νοῦν</span> <span class='ocrx_word' id='word_1_188' title='bbox 2910 1491 3125 1563; x_wconf 31' lang='grc' dir='ltr'>θεωρίᾳ,</span> <span class='ocrx_word' id='word_1_189' title='bbox 3150 1491 3388 1561; x_wconf 76' lang='grc' dir='ltr'>κινῆται,</span> <span class='ocrx_word' id='word_1_190' title='bbox 3432 1491 3526 1542; x_wconf 76' lang='grc' dir='ltr'>καὶ</span> <span class='ocrx_word' id='word_1_191' title='bbox 3565 1490 3643 1552; x_wconf 83' lang='grc' dir='ltr'><strong>είς</strong></span> <span class='ocrx_word' id='word_1_192' title='bbox 3682 1485 3880 1557; x_wconf 78' lang='grc' dir='ltr'>ἑαυτὴν</span> 
     </span>
    </p>
   </div>
   <div class='ocr_carea' id='block_1_30' title="bbox 2286 1579 3885 1657">
    <p class='ocr_par' dir='ltr' id='par_1_30' title="bbox 2286 1579 3885 1657">
     <span class='ocr_line' id='line_1_30' title="bbox 2286 1579 3885 1657; baseline -0.006 -18"><span class='ocrx_word' id='word_1_193' title='bbox 2286 1587 2569 1657; x_wconf 84' lang='grc' dir='ltr'>γινομένη,</span> <span class='ocrx_word' id='word_1_194' title='bbox 2616 1588 2680 1639; x_wconf 75' lang='grc' dir='ltr'><strong>ἐκ</strong></span> <span class='ocrx_word' id='word_1_195' title='bbox 2718 1586 2816 1657; x_wconf 84' lang='grc' dir='ltr'><strong>τῆς</strong></span> <span class='ocrx_word' id='word_1_196' title='bbox 2843 1584 2947 1651; x_wconf 76' lang='grc' dir='ltr'>ἔξω</span> <span class='ocrx_word' id='word_1_197' title='bbox 2974 1586 3082 1637; x_wconf 89' lang='grc' dir='ltr'><strong>τῶν</strong></span> <span class='ocrx_word' id='word_1_198' title='bbox 3124 1583 3429 1654; x_wconf 81' lang='grc' dir='ltr'>αἰσθήσεων</span> <span class='ocrx_word' id='word_1_199' title='bbox 3476 1579 3684 1649; x_wconf 79' lang='grc' dir='ltr'>πλάνης</span> <span class='ocrx_word' id='word_1_200' title='bbox 3728 1594 3885 1631; x_wconf 74' lang='grc' dir='ltr'>συνε-</span> 
     </span>
    </p>
   </div>
   <div class='ocr_carea' id='block_1_31' title="bbox 2288 1670 3884 1749">
    <p class='ocr_par' dir='ltr' id='par_1_31' title="bbox 2288 1670 3884 1749">
     <span class='ocr_line' id='line_1_31' title="bbox 2288 1670 3884 1749; baseline -0.006 -18"><span class='ocrx_word' id='word_1_201' title='bbox 2288 1678 2561 1749; x_wconf 83' lang='grc' dir='ltr'>λίσσηται,</span> <span class='ocrx_word' id='word_1_202' title='bbox 2612 1678 2713 1730; x_wconf 67' lang='grc' dir='ltr'>καὶ</span> <span class='ocrx_word' id='word_1_203' title='bbox 2760 1676 2975 1749; x_wconf 84' lang='grc' dir='ltr'>πρῶτον</span> <span class='ocrx_word' id='word_1_204' title='bbox 3002 1678 3083 1740; x_wconf 82' lang='grc' dir='ltr'><strong>είς</strong></span> <span class='ocrx_word' id='word_1_205' title='bbox 3132 1674 3329 1745; x_wconf 75' lang='grc' dir='ltr'>ἑαυτὴν</span> <span class='ocrx_word' id='word_1_206' title='bbox 3382 1674 3702 1742; x_wconf 82' lang='grc' dir='ltr'>συνάγηται,</span> <span class='ocrx_word' id='word_1_207' title='bbox 3752 1670 3884 1723; x_wconf 85' lang='grc' dir='ltr'>κάν-</span> 
     </span>
    </p>
   </div>
   <div class='ocr_carea' id='block_1_32' title="bbox 603 1754 2202 1857">
    <p class='ocr_par' dir='ltr' id='par_1_32' title="bbox 603 1762 2190 1833">
     <span class='ocr_line' id='line_1_32' title="bbox 603 1762 2190 1833; baseline 0.004 -19"><span class='ocrx_word' id='word_1_208' title='bbox 603 1762 773 1833; x_wconf 89' lang='lat' dir='ltr'><strong>gitur,</strong></span> <span class='ocrx_word' id='word_1_209' title='bbox 804 1775 860 1816; x_wconf 92' lang='lat' dir='ltr'><strong>et</strong></span> <span class='ocrx_word' id='word_1_210' title='bbox 885 1762 1086 1816; x_wconf 80' lang='lat' dir='ltr'><strong>exinde</strong></span> <span class='ocrx_word' id='word_1_211' title='bbox 1120 1764 1189 1818; x_wconf 83' lang='lat' dir='ltr'><strong>ad</strong></span> <span class='ocrx_word' id='word_1_212' title='bbox 1215 1764 1382 1819; x_wconf 85' lang='lat' dir='ltr'><strong>Deum</strong></span> <span class='ocrx_word' id='word_1_213' title='bbox 1418 1765 1825 1820; x_wconf 85' lang='lat' dir='ltr'><strong>manuducitur.</strong></span> <span class='ocrx_word' id='word_1_214' title='bbox 1860 1765 1929 1819; x_wconf 86' lang='lat' dir='ltr'><strong>Et</strong></span> <span class='ocrx_word' id='word_1_215' title='bbox 1958 1766 2073 1822; x_wconf 66' lang='lat' dir='ltr'><strong>huic</strong></span> <span class='ocrx_word' id='word_1_216' title='bbox 2104 1776 2190 1825; x_wconf 83' lang='lat' dir='ltr'><strong>est</strong></span> 
     </span>
    </p>
   </div>
   <div class='ocr_carea' id='block_1_33' title="bbox 2306 1754 3885 1857">
    <p class='ocr_par' dir='ltr' id='par_1_33' title="bbox 2306 1754 3885 1857">
     <span class='ocr_line' id='line_1_33' title="bbox 2306 1754 3885 1857; baseline -0.008 -36"><span class='ocrx_word' id='word_1_217' title='bbox 2306 1768 2478 1822; x_wconf 76' lang='grc' dir='ltr'>τεῦθεν</span> <span class='ocrx_word' id='word_1_218' title='bbox 2527 1768 2795 1837; x_wconf 79' lang='grc' dir='ltr'>ἀνάγηται</span> <span class='ocrx_word' id='word_1_219' title='bbox 2843 1766 2981 1837; x_wconf 84' lang='grc' dir='ltr'>πρὸς</span> <span class='ocrx_word' id='word_1_220' title='bbox 3036 1764 3168 1817; x_wconf 86' lang='grc' dir='ltr'>Θεὸν</span> <span class='ocrx_word' id='word_1_221' title='bbox 3222 1759 3728 1857; x_wconf 33' lang='grc' dir='ltr'>χειραγωγουμένηι.</span> <span class='ocrx_word' id='word_1_222' title='bbox 3774 1754 3885 1857; x_wconf 46' lang='lat' dir='ltr'><strong>lia}.</strong></span> 
     </span>
    </p>
   </div>
   <div class='ocr_carea' id='block_1_34' title="bbox 606 1846 2202 1929">
    <p class='ocr_par' dir='ltr' id='par_1_34' title="bbox 606 1854 2187 1929">
     <span class='ocr_line' id='line_1_34' title="bbox 606 1854 2187 1929; baseline 0.006 -22"><span class='ocrx_word' id='word_1_223' title='bbox 606 1854 831 1923; x_wconf 82' lang='lat' dir='ltr'><strong>obliqua</strong></span> <span class='ocrx_word' id='word_1_224' title='bbox 880 1857 1077 1911; x_wconf 87' lang='lat' dir='ltr'><strong>mentis</strong></span> <span class='ocrx_word' id='word_1_225' title='bbox 1125 1858 1397 1925; x_wconf 85' lang='lat' dir='ltr'><strong>operatio,</strong></span> <span class='ocrx_word' id='word_1_226' title='bbox 1428 1862 1645 1926; x_wconf 81' lang='lat' dir='ltr'><strong>quando</strong></span> <span class='ocrx_word' id='word_1_227' title='bbox 1688 1860 1934 1927; x_wconf 87' lang='lat' dir='ltr'><strong>procedit</strong></span> <span class='ocrx_word' id='word_1_228' title='bbox 1967 1863 2187 1929; x_wconf 83' lang='lat' dir='ltr'><strong>quidem</strong></span> 
     </span>
    </p>
   </div>
   <div class='ocr_carea' id='block_1_35' title="bbox 2306 1846 3885 1929">
    <p class='ocr_par' dir='ltr' id='par_1_35' title="bbox 2306 1846 3885 1929">
     <span class='ocr_line' id='line_1_35' title="bbox 2306 1846 3885 1929; baseline -0.011 -15"><span class='ocrx_word' id='word_1_229' title='bbox 2306 1859 2449 1916; x_wconf 76' lang='grc' dir='ltr'>τοῦτό</span> <span class='ocrx_word' id='word_1_230' title='bbox 2479 1861 2625 1911; x_wconf 73' lang='grc' dir='ltr'>ἐστιν</span> <span class='ocrx_word' id='word_1_231' title='bbox 2666 1860 2699 1929; x_wconf 75' lang='grc' dir='ltr'><strong>ἡ</strong></span> <span class='ocrx_word' id='word_1_232' title='bbox 2730 1857 2873 1910; x_wconf 83' lang='grc' dir='ltr'><strong>κατά</strong></span> <span class='ocrx_word' id='word_1_233' title='bbox 2901 1854 3026 1909; x_wconf 90' lang='grc' dir='ltr'>νοῦν</span> <span class='ocrx_word' id='word_1_234' title='bbox 3064 1853 3317 1925; x_wconf 76' lang='grc' dir='ltr'>ἐργασία,</span> <span class='ocrx_word' id='word_1_235' title='bbox 3349 1849 3642 1919; x_wconf 74' lang='grc' dir='ltr'>ἑλικοειδὴς</span> <span class='ocrx_word' id='word_1_236' title='bbox 3676 1847 3752 1910; x_wconf 78' lang='grc' dir='ltr'>δὲ,</span> <span class='ocrx_word' id='word_1_237' title='bbox 3795 1846 3885 1905; x_wconf 80' lang='grc' dir='ltr'><strong>ὅτε</strong></span> 
     </span>
    </p>
   </div>
   <div class='ocr_carea' id='block_1_36' title="bbox 605 1945 2192 2020">
    <p class='ocr_par' dir='ltr' id='par_1_36' title="bbox 605 1945 2192 2020">
     <span class='ocr_line' id='line_1_36' title="bbox 605 1945 2192 2020; baseline 0.005 -22"><span class='ocrx_word' id='word_1_238' title='bbox 605 1945 674 1999; x_wconf 84' lang='lat' dir='ltr'><strong>ad</strong></span> <span class='ocrx_word' id='word_1_239' title='bbox 707 1960 768 1998; x_wconf 84' lang='lat' dir='ltr'><strong>ea</strong></span> <span class='ocrx_word' id='word_1_240' title='bbox 801 1961 923 2014; x_wconf 66' lang='lat' dir='ltr'><strong>qua:</strong></span> <span class='ocrx_word' id='word_1_241' title='bbox 953 1948 1249 2002; x_wconf 85' lang='lat' dir='ltr'><strong>secundum</strong></span> <span class='ocrx_word' id='word_1_242' title='bbox 1284 1959 1491 2016; x_wconf 64' lang='lat' dir='ltr'><strong>partem</strong></span> <span class='ocrx_word' id='word_1_243' title='bbox 1521 1949 1989 2020; x_wconf 80' lang='lat' dir='ltr'><strong>exsistunt,capit</strong></span> <span class='ocrx_word' id='word_1_244' title='bbox 2011 1961 2192 2007; x_wconf 85' lang='lat' dir='ltr'><strong>autem</strong></span> 
     </span>
    </p>
   </div>
   <div class='ocr_carea' id='block_1_37' title="bbox 607 2034 2194 2109">
    <p class='ocr_par' dir='ltr' id='par_1_37' title="bbox 607 2034 2194 2109">
     <span class='ocr_line' id='line_1_37' title="bbox 607 2034 2194 2109; baseline 0.009 -23"><span class='ocrx_word' id='word_1_245' title='bbox 607 2034 861 2090; x_wconf 81' lang='lat' dir='ltr'><strong>notiones</strong></span> <span class='ocrx_word' id='word_1_246' title='bbox 904 2052 1247 2107; x_wconf 84' lang='lat' dir='ltr'><strong>nequaquam</strong></span> <span class='ocrx_word' id='word_1_247' title='bbox 1290 2038 1740 2095; x_wconf 78' lang='lat' dir='ltr'><strong>intellectualiter</strong></span> <span class='ocrx_word' id='word_1_248' title='bbox 1774 2051 1829 2095; x_wconf 91' lang='lat' dir='ltr'><strong>et</strong></span> <span class='ocrx_word' id='word_1_249' title='bbox 1870 2044 2055 2109; x_wconf 85' lang='lat' dir='ltr'><strong>unite;</strong></span> <span class='ocrx_word' id='word_1_250' title='bbox 2093 2046 2194 2100; x_wconf 82' lang='lat' dir='ltr'><strong>hoc</strong></span> 
     </span>
    </p>
   </div>
   <div class='ocr_carea' id='block_1_38' title="bbox 607 2128 2193 2200">
    <p class='ocr_par' dir='ltr' id='par_1_38' title="bbox 607 2128 2193 2200">
     <span class='ocr_line' id='line_1_38' title="bbox 607 2128 2193 2200; baseline 0.005 -19"><span class='ocrx_word' id='word_1_251' title='bbox 607 2129 755 2181; x_wconf 90' lang='lat' dir='ltr'><strong>enim</strong></span> <span class='ocrx_word' id='word_1_252' title='bbox 787 2128 1102 2198; x_wconf 79' lang='lat' dir='ltr'><strong>angelorum</strong></span> <span class='ocrx_word' id='word_1_253' title='bbox 1135 2140 1241 2195; x_wconf 84' lang='lat' dir='ltr'><strong>est,</strong></span> <span class='ocrx_word' id='word_1_254' title='bbox 1276 2131 1371 2200; x_wconf 90' lang='lat' dir='ltr'><strong>qui</strong></span> <span class='ocrx_word' id='word_1_255' title='bbox 1405 2135 1705 2185; x_wconf 88' lang='lat' dir='ltr'><strong>secundum</strong></span> <span class='ocrx_word' id='word_1_256' title='bbox 1731 2135 1982 2189; x_wconf 87' lang='lat' dir='ltr'><strong>crebram</strong></span> <span class='ocrx_word' id='word_1_257' title='bbox 2016 2147 2193 2191; x_wconf 74' lang='lat' dir='ltr'><strong>muta—-</strong></span> 
     </span>
    </p>
   </div>
   <div class='ocr_carea' id='block_1_39' title="bbox 606 2221 2191 2300">
    <p class='ocr_par' dir='ltr' id='par_1_39' title="bbox 606 2221 2191 2300">
     <span class='ocr_line' id='line_1_39' title="bbox 606 2221 2191 2300; baseline 0.004 -25"><span class='ocrx_word' id='word_1_258' title='bbox 606 2221 811 2276; x_wconf 88' lang='lat' dir='ltr'><strong>tionem</strong></span> <span class='ocrx_word' id='word_1_259' title='bbox 829 2236 1091 2289; x_wconf 89' lang='lat' dir='ltr'><strong>supernas</strong></span> <span class='ocrx_word' id='word_1_260' title='bbox 1109 2223 1352 2278; x_wconf 83' lang='lat' dir='ltr'><strong>visiones</strong></span> <span class='ocrx_word' id='word_1_261' title='bbox 1365 2240 1428 2279; x_wconf 92' lang='lat' dir='ltr'><strong>ac</strong></span> <span class='ocrx_word' id='word_1_262' title='bbox 1448 2224 1838 2282; x_wconf 85' lang='lat' dir='ltr'><strong>illustrationes</strong></span> <span class='ocrx_word' id='word_1_263' title='bbox 1862 2227 2191 2300; x_wconf 84' lang='lat' dir='ltr'><strong>intelligunt,</strong></span> 
     </span>
    </p>
   </div>
   <div class='ocr_carea' id='block_1_40' title="bbox 605 2311 2196 2383">
    <p class='ocr_par' dir='ltr' id='par_1_40' title="bbox 605 2311 2196 2383">
     <span class='ocr_line' id='line_1_40' title="bbox 605 2311 2196 2383; baseline 0.005 -15"><span class='ocrx_word' id='word_1_264' title='bbox 605 2311 739 2368; x_wconf 73' lang='lat' dir='ltr'><strong>dum</strong></span> <span class='ocrx_word' id='word_1_265' title='bbox 762 2329 861 2383; x_wconf 90' lang='lat' dir='ltr'><strong>pro</strong></span> <span class='ocrx_word' id='word_1_266' title='bbox 880 2330 1066 2369; x_wconf 86' lang='lat' dir='ltr'><strong>eorum</strong></span> <span class='ocrx_word' id='word_1_267' title='bbox 1096 2324 1255 2383; x_wconf 84' lang='lat' dir='ltr'><strong>captu</strong></span> <span class='ocrx_word' id='word_1_268' title='bbox 1289 2317 1621 2376; x_wconf 82' lang='lat' dir='ltr'><strong>revelantur.</strong></span> <span class='ocrx_word' id='word_1_269' title='bbox 1648 2319 1848 2373; x_wconf 81' lang='lat' dir='ltr'><strong>Anima</strong></span> <span class='ocrx_word' id='word_1_270' title='bbox 1874 2335 2007 2376; x_wconf 87' lang='lat' dir='ltr'><strong>vero</strong></span> <span class='ocrx_word' id='word_1_271' title='bbox 2029 2323 2196 2376; x_wconf 88' lang='lat' dir='ltr'><strong>ratio-</strong></span> 
     </span>
    </p>
   </div>
   <div class='ocr_carea' id='block_1_41' title="bbox 609 2407 2192 2479">
    <p class='ocr_par' dir='ltr' id='par_1_41' title="bbox 609 2407 2192 2479">
     <span class='ocr_line' id='line_1_41' title="bbox 609 2407 2192 2479; baseline 0.003 -18"><span class='ocrx_word' id='word_1_272' title='bbox 609 2407 887 2462; x_wconf 85' lang='lat' dir='ltr'><strong>cinatione</strong></span> <span class='ocrx_word' id='word_1_273' title='bbox 908 2417 962 2463; x_wconf 89' lang='lat' dir='ltr'><strong>et</strong></span> <span class='ocrx_word' id='word_1_274' title='bbox 986 2410 1327 2478; x_wconf 83' lang='lat' dir='ltr'><strong>evagatione,</strong></span> <span class='ocrx_word' id='word_1_275' title='bbox 1353 2408 1405 2463; x_wconf 89' lang='lat' dir='ltr'><strong>id</strong></span> <span class='ocrx_word' id='word_1_276' title='bbox 1433 2419 1517 2463; x_wconf 87' lang='lat' dir='ltr'><strong>est</strong></span> <span class='ocrx_word' id='word_1_277' title='bbox 1542 2412 1595 2464; x_wconf 89' lang='lat' dir='ltr'><strong>in</strong></span> <span class='ocrx_word' id='word_1_278' title='bbox 1623 2410 1977 2479; x_wconf 84' lang='lat' dir='ltr'><strong>particularia</strong></span> <span class='ocrx_word' id='word_1_279' title='bbox 1999 2412 2192 2475; x_wconf 88' lang='lat' dir='ltr'><strong>divisa,</strong></span> 
     </span>
    </p>
   </div>
   <div class='ocr_carea' id='block_1_42' title="bbox 611 2501 2196 2573">
    <p class='ocr_par' dir='ltr' id='par_1_42' title="bbox 611 2501 2196 2573">
     <span class='ocr_line' id='line_1_42' title="bbox 611 2501 2196 2573; baseline 0.003 -20"><span class='ocrx_word' id='word_1_280' title='bbox 611 2511 777 2568; x_wconf 81' lang='lat' dir='ltr'><strong>atque</strong></span> <span class='ocrx_word' id='word_1_281' title='bbox 803 2514 871 2554; x_wconf 85' lang='lat' dir='ltr'><strong>ex</strong></span> <span class='ocrx_word' id='word_1_282' title='bbox 909 2501 1400 2555; x_wconf 85' lang='lat' dir='ltr'><strong>communicatione</strong></span> <span class='ocrx_word' id='word_1_283' title='bbox 1425 2502 1712 2558; x_wconf 85' lang='lat' dir='ltr'><strong>addiscens</strong></span> <span class='ocrx_word' id='word_1_284' title='bbox 1736 2504 2008 2573; x_wconf 83' lang='lat' dir='ltr'><strong>intelligit,</strong></span> <span class='ocrx_word' id='word_1_285' title='bbox 2044 2518 2196 2558; x_wconf 87' lang='lat' dir='ltr'><strong>mens</strong></span> 
     </span>
    </p>
   </div>
   <div class='ocr_carea' id='block_1_43' title="bbox 614 2594 2197 2665">
    <p class='ocr_par' dir='ltr' id='par_1_43' title="bbox 614 2594 2197 2665">
     <span class='ocr_line' id='line_1_43' title="bbox 614 2594 2197 2665; baseline 0.007 -23"><span class='ocrx_word' id='word_1_286' title='bbox 614 2594 761 2647; x_wconf 65' lang='lat' dir='ltr'><strong>enim</strong></span> <span class='ocrx_word' id='word_1_287' title='bbox 815 2595 883 2648; x_wconf 82' lang='lat' dir='ltr'><strong>ad</strong></span> <span class='ocrx_word' id='word_1_288' title='bbox 919 2594 1367 2648; x_wconf 82' lang='lat' dir='ltr'><strong>ratiocinatiOnes</strong></span> <span class='ocrx_word' id='word_1_289' title='bbox 1410 2596 1748 2649; x_wconf 76' lang='lat' dir='ltr'><strong>descendens</strong></span> <span class='ocrx_word' id='word_1_290' title='bbox 1800 2595 1982 2665; x_wconf 89' lang='lat' dir='ltr'><strong>aliquo</strong></span> <span class='ocrx_word' id='word_1_291' title='bbox 2038 2600 2197 2653; x_wconf 72' lang='lat' dir='ltr'><strong>modo</strong></span> 
     </span>
    </p>
   </div>
   <div class='ocr_carea' id='block_1_44' title="bbox 617 2686 2198 2758">
    <p class='ocr_par' dir='ltr' id='par_1_44' title="bbox 617 2686 2198 2758">
     <span class='ocr_line' id='line_1_44' title="bbox 617 2686 2198 2758; baseline 0.003 -18"><span class='ocrx_word' id='word_1_292' title='bbox 617 2686 899 2751; x_wconf 79' lang='lat' dir='ltr'><strong>dividitur,</strong></span> <span class='ocrx_word' id='word_1_293' title='bbox 936 2696 991 2741; x_wconf 90' lang='lat' dir='ltr'><strong>et</strong></span> <span class='ocrx_word' id='word_1_294' title='bbox 1034 2686 1281 2755; x_wconf 80' lang='lat' dir='ltr'><strong>pluribus</strong></span> <span class='ocrx_word' id='word_1_295' title='bbox 1323 2688 1731 2755; x_wconf 71' lang='lat' dir='ltr'><strong>exemplaribus</strong></span> <span class='ocrx_word' id='word_1_296' title='bbox 1779 2704 1873 2744; x_wconf 83' lang='lat' dir='ltr'><strong>seu</strong></span> <span class='ocrx_word' id='word_1_297' title='bbox 1910 2692 2198 2758; x_wconf 85' lang='lat' dir='ltr'><strong>speciebus</strong></span> 
     </span>
    </p>
   </div>
   <div class='ocr_carea' id='block_1_45' title="bbox 616 2779 2197 2852">
    <p class='ocr_par' dir='ltr' id='par_1_45' title="bbox 616 2779 2197 2852">
     <span class='ocr_line' id='line_1_45' title="bbox 616 2779 2197 2852; baseline 0.001 -18"><span class='ocrx_word' id='word_1_298' title='bbox 616 2779 849 2850; x_wconf 85' lang='lat' dir='ltr'><strong>indiget,</strong></span> <span class='ocrx_word' id='word_1_299' title='bbox 901 2779 1029 2834; x_wconf 91' lang='lat' dir='ltr'><strong>dum</strong></span> <span class='ocrx_word' id='word_1_300' title='bbox 1069 2779 1210 2833; x_wconf 87' lang='lat' dir='ltr'><strong>ratio</strong></span> <span class='ocrx_word' id='word_1_301' title='bbox 1259 2782 1474 2835; x_wconf 87' lang='lat' dir='ltr'><strong>modum</strong></span> <span class='ocrx_word' id='word_1_302' title='bbox 1531 2780 1781 2850; x_wconf 85' lang='lat' dir='ltr'><strong>inquirit,</strong></span> <span class='ocrx_word' id='word_1_303' title='bbox 1827 2790 1885 2836; x_wconf 87' lang='lat' dir='ltr'><strong>ut</strong></span> <span class='ocrx_word' id='word_1_304' title='bbox 1928 2785 2197 2852; x_wconf 78' lang='lat' dir='ltr'><strong>exprimat</strong></span> 
     </span>
    </p>
   </div>
   <div class='ocr_carea' id='block_1_46' title="bbox 617 2868 2227 2941">
    <p class='ocr_par' dir='ltr' id='par_1_46' title="bbox 617 2868 2227 2941">
     <span class='ocr_line' id='line_1_46' title="bbox 617 2868 2227 2941; baseline 0.001 -17"><span class='ocrx_word' id='word_1_305' title='bbox 617 2868 764 2941; x_wconf 76' lang='grc' dir='ltr'><strong>ψιοά</strong></span> <span class='ocrx_word' id='word_1_306' title='bbox 791 2871 1079 2927; x_wconf 83' lang='lat' dir='ltr'><strong>intellexit.</strong></span> <span class='ocrx_word' id='word_1_307' title='bbox 1115 2872 1281 2941; x_wconf 88' lang='lat' dir='ltr'><strong>Igitur</strong></span> <span class='ocrx_word' id='word_1_308' title='bbox 1321 2872 1503 2927; x_wconf 88' lang='lat' dir='ltr'><strong>anima</strong></span> <span class='ocrx_word' id='word_1_309' title='bbox 1536 2875 1867 2929; x_wconf 85' lang='lat' dir='ltr'><strong>commistim</strong></span> <span class='ocrx_word' id='word_1_310' title='bbox 1913 2882 1970 2930; x_wconf 87' lang='lat' dir='ltr'><strong>et</strong></span> <span class='ocrx_word' id='word_1_311' title='bbox 2022 2884 2227 2929; x_wconf 19' lang='lat' dir='ltr'><strong>tranao.</strong></span> 
     </span>
    </p>
   </div>
   <div class='ocr_carea' id='block_1_47' title="bbox 620 2965 2199 3033">
    <p class='ocr_par' dir='ltr' id='par_1_47' title="bbox 620 2965 2199 3033">
     <span class='ocr_line' id='line_1_47' title="bbox 620 2965 2199 3033; baseline 0.003 -17"><span class='ocrx_word' id='word_1_312' title='bbox 620 2965 823 3017; x_wconf 85' lang='lat' dir='ltr'><strong>cursim</strong></span> <span class='ocrx_word' id='word_1_313' title='bbox 854 2976 1131 3033; x_wconf 84' lang='lat' dir='ltr'><strong>Operatur,</strong></span> <span class='ocrx_word' id='word_1_314' title='bbox 1161 2966 1326 3019; x_wconf 90' lang='lat' dir='ltr'><strong>etiam</strong></span> <span class='ocrx_word' id='word_1_315' title='bbox 1373 2966 1590 3033; x_wconf 78' lang='lat' dir='ltr'><strong>quando</strong></span> <span class='ocrx_word' id='word_1_316' title='bbox 1632 2966 2078 3023; x_wconf 67' lang='lat' dir='ltr'><strong>intellectualiter</strong></span> <span class='ocrx_word' id='word_1_317' title='bbox 2116 2968 2199 3021; x_wconf 86' lang='lat' dir='ltr'><strong>in-</strong></span> 
     </span>
    </p>
   </div>
   <div class='ocr_carea' id='block_1_48' title="bbox 621 3054 2199 3129">
    <p class='ocr_par' dir='ltr' id='par_1_48' title="bbox 621 3054 2199 3129">
     <span class='ocr_line' id='line_1_48' title="bbox 621 3054 2199 3129; baseline 0.004 -22"><span class='ocrx_word' id='word_1_318' title='bbox 621 3054 836 3124; x_wconf 85' lang='lat' dir='ltr'><strong>telligit,</strong></span> <span class='ocrx_word' id='word_1_319' title='bbox 880 3057 1147 3124; x_wconf 87' lang='lat' dir='ltr'><strong>siquidem</strong></span> <span class='ocrx_word' id='word_1_320' title='bbox 1189 3058 1287 3110; x_wconf 84' lang='lat' dir='ltr'><strong>hoc</strong></span> <span class='ocrx_word' id='word_1_321' title='bbox 1331 3057 1525 3111; x_wconf 75' lang='lat' dir='ltr'><strong>animae</strong></span> <span class='ocrx_word' id='word_1_322' title='bbox 1572 3059 1861 3129; x_wconf 80' lang='lat' dir='ltr'><strong>pr0prium&#39;</strong></span> <span class='ocrx_word' id='word_1_323' title='bbox 1896 3069 1979 3120; x_wconf 86' lang='lat' dir='ltr'><strong>est</strong></span> <span class='ocrx_word' id='word_1_324' title='bbox 2006 3075 2199 3129; x_wconf 59' lang='grc' dir='ltr'>,ψιε-</span> 
     </span>
    </p>
   </div>
   <div class='ocr_carea' id='block_1_49' title="bbox 2294 1939 3890 2025">
    <p class='ocr_par' dir='ltr' id='par_1_49' title="bbox 2294 1939 3890 2025">
     <span class='ocr_line' id='line_1_49' title="bbox 2294 1939 3890 2025; baseline -0.009 -18"><span class='ocrx_word' id='word_1_325' title='bbox 2294 1954 2509 2025; x_wconf 86' lang='grc' dir='ltr'>πρόεισι</span> <span class='ocrx_word' id='word_1_326' title='bbox 2541 1954 2637 2023; x_wconf 82' lang='grc' dir='ltr'><strong>μὲν</strong></span> <span class='ocrx_word' id='word_1_327' title='bbox 2664 1954 2744 2015; x_wconf 85' lang='grc' dir='ltr'><strong>είς</strong></span> <span class='ocrx_word' id='word_1_328' title='bbox 2770 1950 2840 2004; x_wconf 87' lang='grc' dir='ltr'>τὰ</span> <span class='ocrx_word' id='word_1_329' title='bbox 2875 1948 3015 2002; x_wconf 89' lang='grc' dir='ltr'><strong>κατά</strong></span> <span class='ocrx_word' id='word_1_330' title='bbox 3042 1947 3224 2020; x_wconf 72' lang='grc' dir='ltr'>μέρος,</span> <span class='ocrx_word' id='word_1_331' title='bbox 3252 1944 3519 2016; x_wconf 75' lang='grc' dir='ltr'>λαμϐάνει</span> <span class='ocrx_word' id='word_1_332' title='bbox 3542 1942 3597 1995; x_wconf 85' lang='grc' dir='ltr'>δὲ</span> <span class='ocrx_word' id='word_1_333' title='bbox 3621 1939 3890 2007; x_wconf 77' lang='grc' dir='ltr'>τάςγνω-</span> 
     </span>
    </p>
   </div>
   <div class='ocr_carea' id='block_1_50' title="bbox 2297 2030 3892 2116">
    <p class='ocr_par' dir='ltr' id='par_1_50' title="bbox 2297 2030 3892 2116">
     <span class='ocr_line' id='line_1_50' title="bbox 2297 2030 3892 2116; baseline -0.011 -16"><span class='ocrx_word' id='word_1_334' title='bbox 2297 2064 2431 2110; x_wconf 86' lang='grc' dir='ltr'>σεις,</span> <span class='ocrx_word' id='word_1_335' title='bbox 2468 2046 2588 2116; x_wconf 74' lang='grc' dir='ltr'>οὐχὶ</span> <span class='ocrx_word' id='word_1_336' title='bbox 2616 2041 2817 2115; x_wconf 89' lang='grc' dir='ltr'>νοερῶς</span> <span class='ocrx_word' id='word_1_337' title='bbox 2856 2042 2948 2095; x_wconf 73' lang='grc' dir='ltr'>καὶ</span> <span class='ocrx_word' id='word_1_338' title='bbox 2978 2041 3193 2102; x_wconf 77' lang='grc' dir='ltr'>ἑνιαίως</span> <span class='ocrx_word' id='word_1_339' title='bbox 3213 2056 3225 2068; x_wconf 83' lang='grc'><em>’</em></span> <span class='ocrx_word' id='word_1_340' title='bbox 3252 2036 3410 2090; x_wconf 88' lang='grc' dir='ltr'>τοῦτο</span> <span class='ocrx_word' id='word_1_341' title='bbox 3437 2034 3545 2105; x_wconf 78' lang='grc' dir='ltr'>γὰρ</span> <span class='ocrx_word' id='word_1_342' title='bbox 3575 2033 3682 2087; x_wconf 86' lang='grc' dir='ltr'><strong>τῶν</strong></span> <span class='ocrx_word' id='word_1_343' title='bbox 3723 2030 3892 2099; x_wconf 81' lang='grc' dir='ltr'>ἀγγέ-</span> 
     </span>
    </p>
   </div>
   <div class='ocr_carea' id='block_1_51' title="bbox 2297 2121 3892 2205">
    <p class='ocr_par' dir='ltr' id='par_1_51' title="bbox 2297 2121 3892 2205">
     <span class='ocr_line' id='line_1_51' title="bbox 2297 2121 3892 2205; baseline -0.013 -11"><span class='ocrx_word' id='word_1_344' title='bbox 2297 2144 2423 2203; x_wconf 84' lang='grc' dir='ltr'>λων,</span> <span class='ocrx_word' id='word_1_345' title='bbox 2456 2139 2649 2202; x_wconf 79' lang='grc' dir='ltr'>οἵτινες</span> <span class='ocrx_word' id='word_1_346' title='bbox 2676 2135 2818 2189; x_wconf 84' lang='grc' dir='ltr'><strong>κατά</strong></span> <span class='ocrx_word' id='word_1_347' title='bbox 2850 2134 3053 2205; x_wconf 85' lang='grc' dir='ltr'>ἀθρόαν</span> <span class='ocrx_word' id='word_1_348' title='bbox 3094 2128 3408 2199; x_wconf 74' lang='grc' dir='ltr'>μεταϐολὴν</span> <span class='ocrx_word' id='word_1_349' title='bbox 3431 2125 3531 2189; x_wconf 81' lang='grc' dir='ltr'>τὰς</span> <span class='ocrx_word' id='word_1_350' title='bbox 3558 2121 3892 2197; x_wconf 78' lang='grc' dir='ltr'>ὑπερκειμέ-</span> 
     </span>
    </p>
   </div>
   <div class='ocr_carea' id='block_1_52' title="bbox 2296 2215 3891 2301">
    <p class='ocr_par' dir='ltr' id='par_1_52' title="bbox 2296 2215 3891 2301">
     <span class='ocr_line' id='line_1_52' title="bbox 2296 2215 3891 2301; baseline -0.011 -17"><span class='ocrx_word' id='word_1_351' title='bbox 2296 2248 2392 2301; x_wconf 75' lang='grc' dir='ltr'><strong>νας</strong></span> <span class='ocrx_word' id='word_1_352' title='bbox 2416 2228 2563 2292; x_wconf 82' lang='grc' dir='ltr'>θείας</span> <span class='ocrx_word' id='word_1_353' title='bbox 2584 2226 2875 2297; x_wconf 71' lang='grc' dir='ltr'>ἐλλάμψεις</span> <span class='ocrx_word' id='word_1_354' title='bbox 2902 2222 3083 2277; x_wconf 81' lang='grc' dir='ltr'>νοοῦσι</span> <span class='ocrx_word' id='word_1_355' title='bbox 3115 2220 3256 2275; x_wconf 85' lang='grc' dir='ltr'><strong>κατά</strong></span> <span class='ocrx_word' id='word_1_356' title='bbox 3283 2220 3345 2272; x_wconf 86' lang='grc' dir='ltr'><strong>τὸ</strong></span> <span class='ocrx_word' id='word_1_357' title='bbox 3376 2217 3503 2270; x_wconf 77' lang='grc' dir='ltr'>αὐτὸ</span> <span class='ocrx_word' id='word_1_358' title='bbox 3533 2217 3728 2290; x_wconf 81' lang='grc' dir='ltr'>μέτρον</span> <span class='ocrx_word' id='word_1_359' title='bbox 3755 2215 3891 2267; x_wconf 73' lang='grc' dir='ltr'>ἀπο-</span> 
     </span>
    </p>
   </div>
   <div class='ocr_carea' id='block_1_53' title="bbox 2297 2304 3889 2389">
    <p class='ocr_par' dir='ltr' id='par_1_53' title="bbox 2297 2304 3889 2389">
     <span class='ocr_line' id='line_1_53' title="bbox 2297 2304 3889 2389; baseline -0.011 -15"><span class='ocrx_word' id='word_1_360' title='bbox 2297 2319 2728 2389; x_wconf 78' lang='grc' dir='ltr'>καλυπτομένας.</span> <span class='ocrx_word' id='word_1_361' title='bbox 2768 2317 2830 2369; x_wconf 82' lang='grc' dir='ltr'><strong><em>Ἠ</em></strong></span> <span class='ocrx_word' id='word_1_362' title='bbox 2858 2317 2916 2368; x_wconf 77' lang='grc' dir='ltr'>δὲ</span> <span class='ocrx_word' id='word_1_363' title='bbox 2957 2313 3103 2385; x_wconf 80' lang='grc' dir='ltr'>ψυχὴ</span> <span class='ocrx_word' id='word_1_364' title='bbox 3143 2311 3400 2380; x_wconf 80' lang='grc' dir='ltr'>λογικῶς,</span> <span class='ocrx_word' id='word_1_365' title='bbox 3440 2315 3535 2362; x_wconf 75' lang='grc' dir='ltr'>καὶ</span> <span class='ocrx_word' id='word_1_366' title='bbox 3566 2304 3889 2371; x_wconf 69' lang='grc' dir='ltr'>διεξοδικῶς,</span> 
     </span>
    </p>
   </div>
   <div class='ocr_carea' id='block_1_54' title="bbox 2296 2395 3893 2479">
    <p class='ocr_par' dir='ltr' id='par_1_54' title="bbox 2296 2395 3893 2479">
     <span class='ocr_line' id='line_1_54' title="bbox 2296 2395 3893 2479; baseline -0.004 -15"><span class='ocrx_word' id='word_1_367' title='bbox 2296 2412 2574 2464; x_wconf 82' lang='grc' dir='ltr'>τουτέστιν</span> <span class='ocrx_word' id='word_1_368' title='bbox 2617 2411 2697 2473; x_wconf 82' lang='grc' dir='ltr'><strong>είς</strong></span> <span class='ocrx_word' id='word_1_369' title='bbox 2738 2407 2994 2479; x_wconf 75' lang='grc' dir='ltr'>μερικὴν,</span> <span class='ocrx_word' id='word_1_370' title='bbox 3026 2402 3387 2475; x_wconf 74' lang='grc' dir='ltr'>μεριζομένην</span> <span class='ocrx_word' id='word_1_371' title='bbox 3427 2401 3520 2452; x_wconf 74' lang='grc' dir='ltr'>καὶ</span> <span class='ocrx_word' id='word_1_372' title='bbox 3547 2401 3609 2451; x_wconf 83' lang='grc' dir='ltr'><strong>ὲκ</strong></span> <span class='ocrx_word' id='word_1_373' title='bbox 3659 2395 3893 2468; x_wconf 73' lang='grc' dir='ltr'>μετοχῆς</span> 
     </span>
    </p>
   </div>
   <div class='ocr_carea' id='block_1_55' title="bbox 2297 2486 3893 2569">
    <p class='ocr_par' dir='ltr' id='par_1_55' title="bbox 2297 2486 3893 2569">
     <span class='ocr_line' id='line_1_55' title="bbox 2297 2486 3893 2569; baseline -0.01 -15"><span class='ocrx_word' id='word_1_374' title='bbox 2297 2498 2724 2569; x_wconf 72' lang='grc' dir='ltr'>διδασκομένηνο</span> <span class='ocrx_word' id='word_1_375' title='bbox 2776 2499 2803 2549; x_wconf 89' lang='grc' dir='ltr'><strong>ό</strong></span> <span class='ocrx_word' id='word_1_376' title='bbox 2849 2494 2958 2565; x_wconf 84' lang='grc' dir='ltr'><strong>γὰρ</strong></span> <span class='ocrx_word' id='word_1_377' title='bbox 3006 2493 3152 2557; x_wconf 89' lang='grc' dir='ltr'>νοῦς,</span> <span class='ocrx_word' id='word_1_378' title='bbox 3202 2494 3281 2554; x_wconf 85' lang='grc' dir='ltr'><strong>είς</strong></span> <span class='ocrx_word' id='word_1_379' title='bbox 3333 2491 3624 2559; x_wconf 71' lang='grc' dir='ltr'>λογισμοὺς</span> <span class='ocrx_word' id='word_1_380' title='bbox 3666 2486 3893 2551; x_wconf 78' lang='grc' dir='ltr'>κατιὼν,</span> 
     </span>
    </p>
   </div>
   <div class='ocr_carea' id='block_1_56' title="bbox 2298 2581 3895 2663">
    <p class='ocr_par' dir='ltr' id='par_1_56' title="bbox 2298 2581 3895 2663">
     <span class='ocr_line' id='line_1_56' title="bbox 2298 2581 3895 2663; baseline -0.01 -18"><span class='ocrx_word' id='word_1_381' title='bbox 2298 2591 2463 2663; x_wconf 73' lang='grc' dir='ltr'>οίονεὶ</span> <span class='ocrx_word' id='word_1_382' title='bbox 2497 2589 2777 2661; x_wconf 80' lang='grc' dir='ltr'>μερίζεται</span> <span class='ocrx_word' id='word_1_383' title='bbox 2808 2590 2903 2640; x_wconf 80' lang='grc' dir='ltr'>καὶ</span> <span class='ocrx_word' id='word_1_384' title='bbox 2935 2586 3118 2640; x_wconf 76' lang='grc' dir='ltr'>δέεται,</span> <span class='ocrx_word' id='word_1_385' title='bbox 3147 2583 3242 2636; x_wconf 87' lang='grc' dir='ltr'><strong>τοῦ</strong></span> <span class='ocrx_word' id='word_1_386' title='bbox 3284 2584 3372 2635; x_wconf 71' lang='grc' dir='ltr'>διὰ</span> <span class='ocrx_word' id='word_1_387' title='bbox 3407 2581 3666 2635; x_wconf 76' lang='grc' dir='ltr'>πλειόνων</span> <span class='ocrx_word' id='word_1_388' title='bbox 3714 2596 3895 2650; x_wconf 87' lang='grc' dir='ltr'>παρα-</span> 
     </span>
    </p>
   </div>
   <div class='ocr_carea' id='block_1_57' title="bbox 2299 2670 3895 2758">
    <p class='ocr_par' dir='ltr' id='par_1_57' title="bbox 2299 2670 3895 2758">
     <span class='ocr_line' id='line_1_57' title="bbox 2299 2670 3895 2758; baseline -0.01 -19"><span class='ocrx_word' id='word_1_389' title='bbox 2299 2686 2607 2758; x_wconf 83' lang='grc' dir='ltr'>δειγμάτων</span> <span class='ocrx_word' id='word_1_390' title='bbox 2635 2683 3023 2750; x_wconf 83' lang='grc' dir='ltr'>διεξοδεύοντος</span> <span class='ocrx_word' id='word_1_391' title='bbox 3048 2680 3208 2749; x_wconf 87' lang='grc' dir='ltr'>λόγου</span> <span class='ocrx_word' id='word_1_392' title='bbox 3242 2678 3381 2751; x_wconf 82' lang='grc' dir='ltr'>πρὸς</span> <span class='ocrx_word' id='word_1_393' title='bbox 3423 2675 3769 2748; x_wconf 86' lang='grc' dir='ltr'>παράστασιν</span> <span class='ocrx_word' id='word_1_394' title='bbox 3797 2670 3895 2726; x_wconf 82' lang='grc' dir='ltr'><strong>τοῦ</strong></span> 
     </span>
    </p>
   </div>
   <div class='ocr_carea' id='block_1_58' title="bbox 2301 2763 3896 2849">
    <p class='ocr_par' dir='ltr' id='par_1_58' title="bbox 2301 2763 3896 2849">
     <span class='ocr_line' id='line_1_58' title="bbox 2301 2763 3896 2849; baseline -0.009 -16"><span class='ocrx_word' id='word_1_395' title='bbox 2301 2779 2615 2849; x_wconf 81' lang='grc' dir='ltr'>νοουμένου.</span> <span class='ocrx_word' id='word_1_396' title='bbox 2639 2776 2969 2847; x_wconf 79' lang='grc' dir='ltr'>Συμμίκτως</span> <span class='ocrx_word' id='word_1_397' title='bbox 2990 2767 3081 2827; x_wconf 81' lang='grc' dir='ltr'><strong>οὖν</strong></span> <span class='ocrx_word' id='word_1_398' title='bbox 3114 2773 3329 2844; x_wconf 69' lang='grc' dir='ltr'>ἐνεργεῖ</span> <span class='ocrx_word' id='word_1_399' title='bbox 3357 2769 3501 2839; x_wconf 77' lang='grc' dir='ltr'>ψυχὴ</span> <span class='ocrx_word' id='word_1_400' title='bbox 3537 2769 3630 2821; x_wconf 74' lang='grc' dir='ltr'><strong>καὶ</strong></span> <span class='ocrx_word' id='word_1_401' title='bbox 3661 2763 3896 2837; x_wconf 77' lang='grc' dir='ltr'>μεταδα-</span> 
     </span>
    </p>
   </div>
   <div class='ocr_carea' id='block_1_59' title="bbox 2301 2854 3896 2939">
    <p class='ocr_par' dir='ltr' id='par_1_59' title="bbox 2301 2854 3896 2939">
     <span class='ocr_line' id='line_1_59' title="bbox 2301 2854 3896 2939; baseline -0.012 -13"><span class='ocrx_word' id='word_1_402' title='bbox 2301 2871 2491 2936; x_wconf 66' lang='grc' dir='ltr'>τικῶς,</span> <span class='ocrx_word' id='word_1_403' title='bbox 2523 2871 2747 2925; x_wconf 75' lang='grc' dir='ltr'>ὅτε.καῖ</span> <span class='ocrx_word' id='word_1_404' title='bbox 2780 2866 2983 2939; x_wconf 87' lang='grc' dir='ltr'>νοερῶς</span> <span class='ocrx_word' id='word_1_405' title='bbox 3012 2869 3122 2922; x_wconf 79' lang='grc' dir='ltr'>νοεῖ</span> <span class='ocrx_word' id='word_1_406' title='bbox 3138 2882 3157 2905; x_wconf 48' lang='grc' dir='ltr'>ν·</span> <span class='ocrx_word' id='word_1_407' title='bbox 3187 2864 3249 2917; x_wconf 84' lang='grc' dir='ltr'><strong>τὸ</strong></span> <span class='ocrx_word' id='word_1_408' title='bbox 3284 2863 3393 2933; x_wconf 88' lang='grc' dir='ltr'>γὰρ</span> <span class='ocrx_word' id='word_1_409' title='bbox 3424 2860 3607 2931; x_wconf 83' lang='grc' dir='ltr'>νοερὸν</span> <span class='ocrx_word' id='word_1_410' title='bbox 3636 2859 3766 2911; x_wconf 70' lang='grc' dir='ltr'>ἴδιον</span> <span class='ocrx_word' id='word_1_411' title='bbox 3794 2854 3896 2925; x_wconf 85' lang='grc' dir='ltr'>τῆς</span> 
     </span>
    </p>
   </div>
   <div class='ocr_carea' id='block_1_60' title="bbox 2300 2946 3895 3036">
    <p class='ocr_par' dir='ltr' id='par_1_60' title="bbox 2300 2946 3895 3036">
     <span class='ocr_line' id='line_1_60' title="bbox 2300 2946 3895 3036; baseline -0.013 -15"><span class='ocrx_word' id='word_1_412' title='bbox 2300 2964 2508 3036; x_wconf 62' lang='grc' dir='ltr'><strong>ψυχῆς·</strong></span> <span class='ocrx_word' id='word_1_413' title='bbox 2539 2963 2675 3018; x_wconf 84' lang='grc' dir='ltr'>διότι</span> <span class='ocrx_word' id='word_1_414' title='bbox 2719 2962 2879 3033; x_wconf 87' lang='grc' dir='ltr'>μόνον</span> <span class='ocrx_word' id='word_1_415' title='bbox 2920 2957 3060 3012; x_wconf 75' lang='grc' dir='ltr'>αὐτὰ</span> <span class='ocrx_word' id='word_1_416' title='bbox 3094 2959 3203 3011; x_wconf 79' lang='grc' dir='ltr'>νοεῖ</span> <span class='ocrx_word' id='word_1_417' title='bbox 3240 2953 3310 3008; x_wconf 84' lang='grc' dir='ltr'><strong>τά</strong></span> <span class='ocrx_word' id='word_1_418' title='bbox 3350 2950 3787 3022; x_wconf 82' lang='grc' dir='ltr'>ὑπερὸεϐηκότα.</span> <span class='ocrx_word' id='word_1_419' title='bbox 3821 2946 3895 3001; x_wconf 76' lang='grc' dir='ltr'><strong>Οὐ</strong></span> 
     </span>
    </p>
   </div>
   <div class='ocr_carea' id='block_1_61' title="bbox 2302 3040 3897 3125">
    <p class='ocr_par' dir='ltr' id='par_1_61' title="bbox 2302 3040 3897 3125">
     <span class='ocr_line' id='line_1_61' title="bbox 2302 3040 3897 3125; baseline -0.013 -13"><span class='ocrx_word' id='word_1_420' title='bbox 2302 3058 2505 3111; x_wconf 74' lang='grc' dir='ltr'>νοεῖται</span> <span class='ocrx_word' id='word_1_421' title='bbox 2530 3042 2586 3109; x_wconf 81' lang='grc' dir='ltr'>δὲ</span> <span class='ocrx_word' id='word_1_422' title='bbox 2624 3054 2753 3125; x_wconf 89' lang='grc' dir='ltr'>παρ’</span> <span class='ocrx_word' id='word_1_423' title='bbox 2785 3052 2997 3116; x_wconf 74' lang='grc' dir='ltr'>οὐδενὸς</span> <span class='ocrx_word' id='word_1_424' title='bbox 3021 3050 3162 3105; x_wconf 85' lang='grc' dir='ltr'>ὥστε</span> <span class='ocrx_word' id='word_1_425' title='bbox 3194 3044 3334 3105; x_wconf 77' lang='grc' dir='ltr'>εἶναι</span> <span class='ocrx_word' id='word_1_426' title='bbox 3374 3046 3468 3099; x_wconf 63' lang='grc' dir='ltr'><strong>καὶ⁸</strong></span> <span class='ocrx_word' id='word_1_427' title='bbox 3499 3044 3715 3115; x_wconf 82' lang='grc' dir='ltr'>νοητὸν,</span> <span class='ocrx_word' id='word_1_428' title='bbox 3758 3040 3897 3094; x_wconf 83' lang='grc' dir='ltr'>πάν·</span> 
     </span>
    </p>
   </div>
   <div class='ocr_carea' id='block_1_62' title="bbox 622 3135 2202 3222">
    <p class='ocr_par' dir='ltr' id='par_1_62' title="bbox 622 3145 2197 3215">
     <span class='ocr_line' id='line_1_62' title="bbox 622 3145 2197 3215; baseline 0.003 -17"><span class='ocrx_word' id='word_1_429' title='bbox 622 3154 845 3215; x_wconf 85' lang='lat' dir='ltr'><strong>propter</strong></span> <span class='ocrx_word' id='word_1_430' title='bbox 872 3148 1046 3201; x_wconf 82' lang='lat' dir='ltr'><strong>solum</strong></span> <span class='ocrx_word' id='word_1_431' title='bbox 1084 3145 1335 3215; x_wconf 83' lang='lat' dir='ltr'><strong>intelligit</strong></span> <span class='ocrx_word' id='word_1_432' title='bbox 1359 3161 1423 3201; x_wconf 87' lang='lat' dir='ltr'><strong>ea</strong></span> <span class='ocrx_word' id='word_1_433' title='bbox 1458 3161 1577 3215; x_wconf 67' lang='lat' dir='ltr'><strong>qua:</strong></span> <span class='ocrx_word' id='word_1_434' title='bbox 1618 3150 2045 3206; x_wconf 84' lang='lat' dir='ltr'><strong>transcendunt.</strong></span> <span class='ocrx_word' id='word_1_435' title='bbox 2082 3149 2197 3203; x_wconf 81' lang='lat' dir='ltr'><strong>Non</strong></span> 
     </span>
    </p>
   </div>
   <div class='ocr_carea' id='block_1_63' title="bbox 2306 3135 3899 3222">
    <p class='ocr_par' dir='ltr' id='par_1_63' title="bbox 2306 3135 3899 3222">
     <span class='ocr_line' id='line_1_63' title="bbox 2306 3135 3899 3222; baseline -0.01 -16"><span class='ocrx_word' id='word_1_436' title='bbox 2306 3166 2411 3205; x_wconf 88' lang='grc' dir='ltr'><strong>των</strong></span> <span class='ocrx_word' id='word_1_437' title='bbox 2450 3149 2559 3222; x_wconf 82' lang='grc' dir='ltr'><strong>γὰρ</strong></span> <span class='ocrx_word' id='word_1_438' title='bbox 2600 3148 2709 3201; x_wconf 88' lang='grc' dir='ltr'><strong>τῶν</strong></span> <span class='ocrx_word' id='word_1_439' title='bbox 2748 3146 2956 3217; x_wconf 81' lang='grc' dir='ltr'>νοητῶν</span> <span class='ocrx_word' id='word_1_440' title='bbox 2996 3144 3199 3213; x_wconf 73' lang='grc' dir='ltr'>ἐσχάτη</span> <span class='ocrx_word' id='word_1_441' title='bbox 3248 3140 3418 3202; x_wconf 69' lang='grc' dir='ltr'>ἐστὶν,</span> <span class='ocrx_word' id='word_1_442' title='bbox 3448 3138 3590 3192; x_wconf 78' lang='grc' dir='ltr'>ὥστε</span> <span class='ocrx_word' id='word_1_443' title='bbox 3638 3135 3899 3199; x_wconf 70' lang='grc' dir='ltr'>τοιούτοις</span> 
     </span>
    </p>
   </div>
   <div class='ocr_carea' id='block_1_64' title="bbox 625 3239 2199 3309">
    <p class='ocr_par' dir='ltr' id='par_1_64' title="bbox 625 3239 2199 3309">
     <span class='ocr_line' id='line_1_64' title="bbox 625 3239 2199 3309; baseline 0.001 -15"><span class='ocrx_word' id='word_1_444' title='bbox 625 3239 948 3309; x_wconf 84' lang='lat' dir='ltr'><strong>intelligitur</strong></span> <span class='ocrx_word' id='word_1_445' title='bbox 973 3250 1153 3293; x_wconf 86' lang='lat' dir='ltr'><strong>autem</strong></span> <span class='ocrx_word' id='word_1_446' title='bbox 1179 3240 1247 3292; x_wconf 85' lang='lat' dir='ltr'><strong>ab</strong></span> <span class='ocrx_word' id='word_1_447' title='bbox 1273 3239 1481 3307; x_wconf 88' lang='lat' dir='ltr'><strong>aliquo,</strong></span> <span class='ocrx_word' id='word_1_448' title='bbox 1507 3254 1570 3293; x_wconf 88' lang='lat' dir='ltr'><strong>ac</strong></span> <span class='ocrx_word' id='word_1_449' title='bbox 1598 3240 1646 3295; x_wconf 87' lang='lat' dir='ltr'><strong>si</strong></span> <span class='ocrx_word' id='word_1_450' title='bbox 1671 3252 1817 3296; x_wconf 83' lang='lat' dir='ltr'><strong>esset</strong></span> <span class='ocrx_word' id='word_1_451' title='bbox 1839 3242 2001 3295; x_wconf 86' lang='lat' dir='ltr'><strong>etiam</strong></span> <span class='ocrx_word' id='word_1_452' title='bbox 2035 3242 2199 3299; x_wconf 84' lang='lat' dir='ltr'><strong>intel-</strong></span> 
     </span>
    </p>
   </div>
   <div class='ocr_carea' id='block_1_65' title="bbox 625 3331 2200 3403">
    <p class='ocr_par' dir='ltr' id='par_1_65' title="bbox 625 3331 2200 3403">
     <span class='ocr_line' id='line_1_65' title="bbox 625 3331 2200 3403; baseline 0.001 -19"><span class='ocrx_word' id='word_1_453' title='bbox 625 3331 874 3402; x_wconf 85' lang='lat' dir='ltr'><strong>ligibllis,</strong></span> <span class='ocrx_word' id='word_1_454' title='bbox 912 3346 1034 3385; x_wconf 92' lang='lat' dir='ltr'><strong>cum</strong></span> <span class='ocrx_word' id='word_1_455' title='bbox 1066 3332 1135 3385; x_wconf 89' lang='lat' dir='ltr'><strong>sit</strong></span> <span class='ocrx_word' id='word_1_456' title='bbox 1167 3333 1413 3384; x_wconf 89' lang='lat' dir='ltr'><strong>omnium</strong></span> <span class='ocrx_word' id='word_1_457' title='bbox 1447 3332 1870 3403; x_wconf 80' lang='lat' dir='ltr'><strong>intelligibilium</strong></span> <span class='ocrx_word' id='word_1_458' title='bbox 1900 3344 2200 3403; x_wconf 83' lang='lat' dir='ltr'><strong>postrema,</strong></span> 
     </span>
    </p>
   </div>
   <div class='ocr_carea' id='block_1_66' title="bbox 606 3420 2204 3491">
    <p class='ocr_par' dir='ltr' id='par_1_66' title="bbox 606 3420 2204 3491">
     <span class='ocr_line' id='line_1_66' title="bbox 606 3420 2204 3491; baseline 0.003 -17"><span class='ocrx_word' id='word_1_459' title='bbox 606 3430 686 3480; x_wconf 74' lang='grc' dir='ltr'>,ιιι</span> <span class='ocrx_word' id='word_1_460' title='bbox 711 3420 793 3476; x_wconf 90' lang='lat' dir='ltr'><strong>vel</strong></span> <span class='ocrx_word' id='word_1_461' title='bbox 826 3422 952 3475; x_wconf 85' lang='lat' dir='ltr'><strong>hinc</strong></span> <span class='ocrx_word' id='word_1_462' title='bbox 974 3422 1138 3475; x_wconf 88' lang='lat' dir='ltr'><strong>etiam</strong></span> <span class='ocrx_word' id='word_1_463' title='bbox 1168 3421 1531 3489; x_wconf 80' lang='lat' dir='ltr'><strong>intelligibilis.</strong></span> <span class='ocrx_word' id='word_1_464' title='bbox 1554 3422 1883 3491; x_wconf 84' lang='lat' dir='ltr'><strong>appelletur;</strong></span> <span class='ocrx_word' id='word_1_465' title='bbox 1911 3439 2017 3479; x_wconf 86' lang='lat' dir='ltr'><strong>non</strong></span> <span class='ocrx_word' id='word_1_466' title='bbox 2044 3439 2204 3481; x_wconf 84' lang='lat' dir='ltr'><strong>secus</strong></span> 
     </span>
    </p>
   </div>
   <div class='ocr_carea' id='block_1_67' title="bbox 624 3496 2204 3583">
    <p class='ocr_par' dir='ltr' id='par_1_67' title="bbox 624 3496 2204 3583">
     <span class='ocr_line' id='line_1_67' title="bbox 624 3496 2204 3583; baseline 0.003 -17"><span class='ocrx_word' id='word_1_467' title='bbox 624 3528 690 3567; x_wconf 84' lang='lat' dir='ltr'><strong>ac</strong></span> <span class='ocrx_word' id='word_1_468' title='bbox 722 3521 860 3567; x_wconf 71' lang='lat' dir='ltr'><strong>testa</strong></span> <span class='ocrx_word' id='word_1_469' title='bbox 892 3514 943 3566; x_wconf 88' lang='lat' dir='ltr'><strong>in</strong></span> <span class='ocrx_word' id='word_1_470' title='bbox 978 3512 1323 3583; x_wconf 81' lang='lat' dir='ltr'><strong>inexplebilis</strong></span> <span class='ocrx_word' id='word_1_471' title='bbox 1357 3513 1526 3567; x_wconf 85' lang='lat' dir='ltr'><strong>maris</strong></span> <span class='ocrx_word' id='word_1_472' title='bbox 1556 3512 1724 3568; x_wconf 83' lang='lat' dir='ltr'><strong>fundo</strong></span> <span class='ocrx_word' id='word_1_473' title='bbox 1754 3496 2048 3569; x_wconf 59' lang='lat' dir='ltr'><strong>consiituta</strong></span> <span class='ocrx_word' id='word_1_474' title='bbox 2078 3530 2204 3570; x_wconf 76' lang='lat' dir='ltr'><strong>sen-</strong></span> 
     </span>
    </p>
   </div>
   <div class='ocr_carea' id='block_1_68' title="bbox 625 3603 2204 3677">
    <p class='ocr_par' dir='ltr' id='par_1_68' title="bbox 625 3603 2204 3677">
     <span class='ocr_line' id='line_1_68' title="bbox 625 3603 2204 3677; baseline 0.003 -19"><span class='ocrx_word' id='word_1_475' title='bbox 625 3603 800 3658; x_wconf 83' lang='lat' dir='ltr'><strong>sibilis</strong></span> <span class='ocrx_word' id='word_1_476' title='bbox 828 3615 931 3667; x_wconf 91' lang='lat' dir='ltr'><strong>est,</strong></span> <span class='ocrx_word' id='word_1_477' title='bbox 969 3604 1050 3657; x_wconf 86' lang='lat' dir='ltr'><strong>vel</strong></span> <span class='ocrx_word' id='word_1_478' title='bbox 1080 3604 1260 3673; x_wconf 83' lang='lat' dir='ltr'><strong>potius</strong></span> <span class='ocrx_word' id='word_1_479' title='bbox 1291 3606 1529 3674; x_wconf 84' lang='lat' dir='ltr'><strong>ipsamet</strong></span> <span class='ocrx_word' id='word_1_480' title='bbox 1571 3621 1731 3675; x_wconf 90' lang='lat' dir='ltr'><strong>aqua.</strong></span> <span class='ocrx_word' id='word_1_481' title='bbox 1751 3620 1872 3676; x_wconf 76' lang='lat' dir='ltr'><strong>quae</strong></span> <span class='ocrx_word' id='word_1_482' title='bbox 1900 3622 2063 3677; x_wconf 87' lang='lat' dir='ltr'><strong>supra</strong></span> <span class='ocrx_word' id='word_1_483' title='bbox 2088 3624 2204 3662; x_wconf 65' lang='lat' dir='ltr'><strong>coeo</strong></span> 
     </span>
    </p>
   </div>
   <div class='ocr_carea' id='block_1_69' title="bbox 626 3695 2209 3769">
    <p class='ocr_par' dir='ltr' id='par_1_69' title="bbox 626 3695 2209 3769">
     <span class='ocr_line' id='line_1_69' title="bbox 626 3695 2209 3769; baseline 0.004 -21"><span class='ocrx_word' id='word_1_484' title='bbox 626 3696 707 3751; x_wconf 86' lang='lat' dir='ltr'><strong>los</strong></span> <span class='ocrx_word' id='word_1_485' title='bbox 735 3697 939 3751; x_wconf 83' lang='lat' dir='ltr'><strong>existit.</strong></span> <span class='ocrx_word' id='word_1_486' title='bbox 972 3695 1139 3751; x_wconf 80' lang='lat' dir='ltr'><strong>Recto</strong></span> <span class='ocrx_word' id='word_1_487' title='bbox 1163 3706 1345 3754; x_wconf 75' lang='lat' dir='ltr'><strong>autem</strong></span> <span class='ocrx_word' id='word_1_488' title='bbox 1376 3705 1522 3751; x_wconf 83' lang='lat' dir='ltr'><strong>motu</strong></span> <span class='ocrx_word' id='word_1_489' title='bbox 1550 3697 1729 3750; x_wconf 89' lang='lat' dir='ltr'><strong>anima</strong></span> <span class='ocrx_word' id='word_1_490' title='bbox 1759 3698 1961 3766; x_wconf 87' lang='lat' dir='ltr'><strong>cietur,</strong></span> <span class='ocrx_word' id='word_1_491' title='bbox 1990 3702 2209 3769; x_wconf 79' lang='lat' dir='ltr'><strong>quando</strong></span> 
     </span>
    </p>
   </div>
   <div class='ocr_carea' id='block_1_70' title="bbox 630 3786 2211 3860">
    <p class='ocr_par' dir='ltr' id='par_1_70' title="bbox 630 3786 2211 3860">
     <span class='ocr_line' id='line_1_70' title="bbox 630 3786 2211 3860; baseline 0.001 -17"><span class='ocrx_word' id='word_1_492' title='bbox 630 3791 685 3843; x_wconf 89' lang='lat' dir='ltr'><strong>in</strong></span> <span class='ocrx_word' id='word_1_493' title='bbox 717 3792 1065 3860; x_wconf 79' lang='lat' dir='ltr'><strong>semetipsam</strong></span> <span class='ocrx_word' id='word_1_494' title='bbox 1102 3806 1212 3843; x_wconf 90' lang='lat' dir='ltr'><strong>non</strong></span> <span class='ocrx_word' id='word_1_495' title='bbox 1250 3788 1550 3857; x_wconf 85' lang='lat' dir='ltr'><strong>ingreditur</strong></span> <span class='ocrx_word' id='word_1_496' title='bbox 1583 3786 1710 3854; x_wconf 82' lang='lat' dir='ltr'><strong>(hoc</strong></span> <span class='ocrx_word' id='word_1_497' title='bbox 1743 3790 1889 3846; x_wconf 83' lang='lat' dir='ltr'><strong>enim</strong></span> <span class='ocrx_word' id='word_1_498' title='bbox 1925 3800 2007 3845; x_wconf 78' lang='lat' dir='ltr'><strong>est</strong></span> <span class='ocrx_word' id='word_1_499' title='bbox 2036 3793 2211 3846; x_wconf 78' lang='lat' dir='ltr'><strong>circu-</strong></span> 
     </span>
    </p>
   </div>
   <div class='ocr_carea' id='block_1_71' title="bbox 627 3881 2212 3953">
    <p class='ocr_par' dir='ltr' id='par_1_71' title="bbox 627 3881 2212 3953">
     <span class='ocr_line' id='line_1_71' title="bbox 627 3881 2212 3953; baseline 0.001 -18"><span class='ocrx_word' id='word_1_500' title='bbox 627 3881 821 3937; x_wconf 88' lang='lat' dir='ltr'><strong>lariter</strong></span> <span class='ocrx_word' id='word_1_501' title='bbox 848 3882 1100 3951; x_wconf 83' lang='lat' dir='ltr'><strong>moveri),</strong></span> <span class='ocrx_word' id='word_1_502' title='bbox 1121 3883 1215 3937; x_wconf 86' lang='lat' dir='ltr'><strong>sed</strong></span> <span class='ocrx_word' id='word_1_503' title='bbox 1242 3884 1636 3953; x_wconf 82' lang='lat' dir='ltr'><strong>progrediendo</strong></span> <span class='ocrx_word' id='word_1_504' title='bbox 1673 3898 1735 3939; x_wconf 76' lang='lat' dir='ltr'><strong>ea</strong></span> <span class='ocrx_word' id='word_1_505' title='bbox 1764 3898 1883 3953; x_wconf 66' lang='lat' dir='ltr'><strong>quae</strong></span> <span class='ocrx_word' id='word_1_506' title='bbox 1906 3884 2113 3939; x_wconf 89' lang='lat' dir='ltr'><strong>circum</strong></span> <span class='ocrx_word' id='word_1_507' title='bbox 2157 3893 2212 3937; x_wconf 89' lang='lat' dir='ltr'><strong>et</strong></span> 
     </span>
    </p>
   </div>
   <div class='ocr_carea' id='block_1_72' title="bbox 631 3976 2211 4048">
    <p class='ocr_par' dir='ltr' id='par_1_72' title="bbox 631 3976 2211 4048">
     <span class='ocr_line' id='line_1_72' title="bbox 631 3976 2211 4048; baseline 0.001 -18"><span class='ocrx_word' id='word_1_508' title='bbox 631 3986 784 4030; x_wconf 76' lang='lat' dir='ltr'><strong>extra</strong></span> <span class='ocrx_word' id='word_1_509' title='bbox 818 3976 990 4045; x_wconf 87' lang='lat' dir='ltr'><strong>ipsam</strong></span> <span class='ocrx_word' id='word_1_510' title='bbox 1038 3988 1166 4031; x_wconf 87' lang='lat' dir='ltr'><strong>sunt</strong></span> <span class='ocrx_word' id='word_1_511' title='bbox 1200 3977 1535 4041; x_wconf 85' lang='lat' dir='ltr'><strong>considerat,</strong></span> <span class='ocrx_word' id='word_1_512' title='bbox 1570 3976 1623 4029; x_wconf 83' lang='lat' dir='ltr'><strong>in</strong></span> <span class='ocrx_word' id='word_1_513' title='bbox 1656 3992 1790 4047; x_wconf 77' lang='lat' dir='ltr'><strong>qua:</strong></span> <span class='ocrx_word' id='word_1_514' title='bbox 1843 3987 2105 4048; x_wconf 85' lang='lat' dir='ltr'><strong>tanquam</strong></span> <span class='ocrx_word' id='word_1_515' title='bbox 2160 3978 2211 4031; x_wconf 90' lang='lat' dir='ltr'><strong>in</strong></span> 
     </span>
    </p>
   </div>
   <div class='ocr_carea' id='block_1_73' title="bbox 630 4070 2214 4141">
    <p class='ocr_par' dir='ltr' id='par_1_73' title="bbox 630 4070 2214 4141">
     <span class='ocr_line' id='line_1_73' title="bbox 630 4070 2214 4141; baseline 0.001 -17"><span class='ocrx_word' id='word_1_516' title='bbox 630 4070 873 4140; x_wconf 75' lang='lat' dir='ltr'><strong>symbola</strong></span> <span class='ocrx_word' id='word_1_517' title='bbox 901 4073 1146 4139; x_wconf 65' lang='lat' dir='ltr'><strong>quaedam</strong></span> <span class='ocrx_word' id='word_1_518' title='bbox 1171 4075 1404 4141; x_wconf 88' lang='lat' dir='ltr'><strong>directa,</strong></span> <span class='ocrx_word' id='word_1_519' title='bbox 1438 4089 1504 4129; x_wconf 85' lang='lat' dir='ltr'><strong>ex</strong></span> <span class='ocrx_word' id='word_1_520' title='bbox 1544 4076 1629 4130; x_wconf 88' lang='lat' dir='ltr'><strong>his</strong></span> <span class='ocrx_word' id='word_1_521' title='bbox 1658 4076 1852 4128; x_wconf 84' lang='lat' dir='ltr'><strong>iterum</strong></span> <span class='ocrx_word' id='word_1_522' title='bbox 1886 4082 2039 4125; x_wconf 82' lang='lat' dir='ltr'><strong>motu</strong></span> <span class='ocrx_word' id='word_1_523' title='bbox 2066 4081 2214 4125; x_wconf 76' lang='lat' dir='ltr'><strong>recto</strong></span> 
     </span>
    </p>
   </div>
   <div class='ocr_carea' id='block_1_74' title="bbox 633 4163 2215 4237">
    <p class='ocr_par' dir='ltr' id='par_1_74' title="bbox 633 4163 2215 4237">
     <span class='ocr_line' id='line_1_74' title="bbox 633 4163 2215 4237; baseline 0.001 -21"><span class='ocrx_word' id='word_1_524' title='bbox 633 4164 701 4217; x_wconf 89' lang='lat' dir='ltr'><strong>ad</strong></span> <span class='ocrx_word' id='word_1_525' title='bbox 735 4163 1011 4233; x_wconf 86' lang='lat' dir='ltr'><strong>simplices</strong></span> <span class='ocrx_word' id='word_1_526' title='bbox 1041 4167 1532 4237; x_wconf 86' lang='lat' dir='ltr'><strong>contemplationes</strong></span> <span class='ocrx_word' id='word_1_527' title='bbox 1565 4166 1878 4233; x_wconf 78' lang='lat' dir='ltr'><strong>adducitur,</strong></span> <span class='ocrx_word' id='word_1_528' title='bbox 1909 4180 2017 4219; x_wconf 80' lang='lat' dir='ltr'><strong>non</strong></span> <span class='ocrx_word' id='word_1_529' title='bbox 2049 4167 2215 4218; x_wconf 77' lang='lat' dir='ltr'><strong>ratiu-</strong></span> 
     </span>
    </p>
   </div>
   <div class='ocr_carea' id='block_1_75' title="bbox 634 4258 2211 4329">
    <p class='ocr_par' dir='ltr' id='par_1_75' title="bbox 634 4258 2211 4329">
     <span class='ocr_line' id='line_1_75' title="bbox 634 4258 2211 4329; baseline 0.002 -19"><span class='ocrx_word' id='word_1_530' title='bbox 634 4258 885 4327; x_wconf 87' lang='lat' dir='ltr'><strong>cinando,</strong></span> <span class='ocrx_word' id='word_1_531' title='bbox 928 4274 1105 4329; x_wconf 88' lang='lat' dir='ltr'><strong>neque</strong></span> <span class='ocrx_word' id='word_1_532' title='bbox 1135 4261 1493 4316; x_wconf 77' lang='lat' dir='ltr'><strong>scientilicam</strong></span> <span class='ocrx_word' id='word_1_533' title='bbox 1528 4262 1800 4315; x_wconf 79' lang='lat' dir='ltr'><strong>rationem</strong></span> <span class='ocrx_word' id='word_1_534' title='bbox 1855 4259 2211 4328; x_wconf 87' lang='lat' dir='ltr'><strong>inquirendo,</strong></span> 
     </span>
    </p>
   </div>
   <div class='ocr_carea' id='block_1_76' title="bbox 636 4352 2221 4419">
    <p class='ocr_par' dir='ltr' id='par_1_76' title="bbox 636 4352 2221 4419">
     <span class='ocr_line' id='line_1_76' title="bbox 636 4352 2221 4419; baseline 0.002 -16"><span class='ocrx_word' id='word_1_535' title='bbox 636 4353 790 4419; x_wconf 78' lang='lat' dir='ltr'><strong>quasi</strong></span> <span class='ocrx_word' id='word_1_536' title='bbox 834 4354 1130 4407; x_wconf 88' lang='lat' dir='ltr'><strong>scientilice</strong></span> <span class='ocrx_word' id='word_1_537' title='bbox 1176 4356 1593 4409; x_wconf 70' lang='lat' dir='ltr'><strong>adduceretur:</strong></span> <span class='ocrx_word' id='word_1_538' title='bbox 1638 4369 1763 4405; x_wconf 91' lang='lat' dir='ltr'><strong>nam</strong></span> <span class='ocrx_word' id='word_1_539' title='bbox 1797 4352 1877 4407; x_wconf 87' lang='lat' dir='ltr'><strong>sic</strong></span> <span class='ocrx_word' id='word_1_540' title='bbox 1929 4352 2097 4406; x_wconf 88' lang='lat' dir='ltr'><strong>etiam</strong></span> <span class='ocrx_word' id='word_1_541' title='bbox 2132 4366 2221 4406; x_wconf 85' lang='lat' dir='ltr'><strong>res</strong></span> 
     </span>
    </p>
   </div>
   <div class='ocr_carea' id='block_1_77' title="bbox 636 4444 2214 4516">
    <p class='ocr_par' dir='ltr' id='par_1_77' title="bbox 636 4444 2214 4516">
     <span class='ocr_line' id='line_1_77' title="bbox 636 4444 2214 4516; baseline 0.003 -21"><span class='ocrx_word' id='word_1_542' title='bbox 636 4444 831 4499; x_wconf 72' lang='lat' dir='ltr'><strong>divina:</strong></span> <span class='ocrx_word' id='word_1_543' title='bbox 868 4446 1179 4500; x_wconf 60' lang='lat' dir='ltr'><strong>scientilice</strong></span> <span class='ocrx_word' id='word_1_544' title='bbox 1202 4447 1496 4516; x_wconf 81' lang='lat' dir='ltr'><strong>cognitioni</strong></span> <span class='ocrx_word' id='word_1_545' title='bbox 1534 4447 1907 4516; x_wconf 80' lang='lat' dir='ltr'><strong>siibjacerent,</strong></span> <span class='ocrx_word' id='word_1_546' title='bbox 1939 4454 1993 4499; x_wconf 86' lang='lat' dir='ltr'><strong>et</strong></span> <span class='ocrx_word' id='word_1_547' title='bbox 2027 4456 2214 4499; x_wconf 82' lang='lat' dir='ltr'><strong>motus</strong></span> 
     </span>
    </p>
   </div>
   <div class='ocr_carea' id='block_1_78' title="bbox 2306 3227 3897 3315">
    <p class='ocr_par' dir='ltr' id='par_1_78' title="bbox 2306 3227 3897 3315">
     <span class='ocr_line' id='line_1_78' title="bbox 2306 3227 3897 3315; baseline -0.01 -19"><span class='ocrx_word' id='word_1_548' title='bbox 2306 3242 2534 3315; x_wconf 85' lang='grc' dir='ltr'>κληθείη</span> <span class='ocrx_word' id='word_1_549' title='bbox 2582 3241 2646 3293; x_wconf 80' lang='grc' dir='ltr'><strong>ἂν</strong></span> <span class='ocrx_word' id='word_1_550' title='bbox 2673 3239 2815 3308; x_wconf 84' lang='grc' dir='ltr'>αὐτὴ</span> <span class='ocrx_word' id='word_1_551' title='bbox 2856 3237 3042 3307; x_wconf 82' lang='grc' dir='ltr'>νοητὴ,</span> <span class='ocrx_word' id='word_1_552' title='bbox 3068 3235 3144 3297; x_wconf 84' lang='grc' dir='ltr'>ὡς</span> <span class='ocrx_word' id='word_1_553' title='bbox 3182 3233 3243 3285; x_wconf 81' lang='grc' dir='ltr'><strong>τὸ</strong></span> <span class='ocrx_word' id='word_1_554' title='bbox 3271 3231 3382 3285; x_wconf 74' lang='grc' dir='ltr'><strong>ὑπὸ</strong></span> <span class='ocrx_word' id='word_1_555' title='bbox 3419 3229 3574 3299; x_wconf 87' lang='grc' dir='ltr'>βυθὸν</span> <span class='ocrx_word' id='word_1_556' title='bbox 3618 3227 3897 3298; x_wconf 75' lang='grc' dir='ltr'>ἀπλήστου</span> 
     </span>
    </p>
   </div>
   <div class='ocr_carea' id='block_1_79' title="bbox 2307 3319 3901 3404">
    <p class='ocr_par' dir='ltr' id='par_1_79' title="bbox 2307 3319 3901 3404">
     <span class='ocr_line' id='line_1_79' title="bbox 2307 3319 3901 3404; baseline -0.008 -16"><span class='ocrx_word' id='word_1_557' title='bbox 2307 3336 2579 3404; x_wconf 69' lang='grc' dir='ltr'>θαλάσσης</span> <span class='ocrx_word' id='word_1_558' title='bbox 2606 3332 2855 3404; x_wconf 85' lang='grc' dir='ltr'>κείμενον</span> <span class='ocrx_word' id='word_1_559' title='bbox 2890 3329 3175 3399; x_wconf 77' lang='grc' dir='ltr'>ὄστρακον,</span> <span class='ocrx_word' id='word_1_560' title='bbox 3208 3323 3483 3394; x_wconf 81' lang='grc' dir='ltr'>αἰσθητὸν,</span> <span class='ocrx_word' id='word_1_561' title='bbox 3510 3322 3544 3393; x_wconf 76' lang='grc' dir='ltr'><strong>ἢ</strong></span> <span class='ocrx_word' id='word_1_562' title='bbox 3588 3320 3792 3391; x_wconf 77' lang='grc' dir='ltr'>μᾶλλον</span> <span class='ocrx_word' id='word_1_563' title='bbox 3836 3319 3901 3375; x_wconf 66' lang='grc' dir='ltr'>τὸ</span> 
     </span>
    </p>
   </div>
   <div class='ocr_carea' id='block_1_80' title="bbox 2308 3413 3902 3499">
    <p class='ocr_par' dir='ltr' id='par_1_80' title="bbox 2308 3413 3902 3499">
     <span class='ocr_line' id='line_1_80' title="bbox 2308 3413 3902 3499; baseline -0.014 -15"><span class='ocrx_word' id='word_1_564' title='bbox 2308 3428 2564 3499; x_wconf 79' lang='grc' dir='ltr'>ὑπεράνω</span> <span class='ocrx_word' id='word_1_565' title='bbox 2592 3426 2699 3479; x_wconf 85' lang='grc' dir='ltr'><strong>τῶν</strong></span> <span class='ocrx_word' id='word_1_566' title='bbox 2728 3421 2975 3494; x_wconf 77' lang='grc' dir='ltr'>οὐρανῶν</span> <span class='ocrx_word' id='word_1_567' title='bbox 3003 3419 3170 3491; x_wconf 72' lang='grc' dir='ltr'>ὕδωρ.</span> <span class='ocrx_word' id='word_1_568' title='bbox 3196 3419 3333 3471; x_wconf 78' lang='grc' dir='ltr'>Κατ’</span> <span class='ocrx_word' id='word_1_569' title='bbox 3355 3415 3575 3467; x_wconf 81' lang='grc' dir='ltr'>εὐθεῖαν</span> <span class='ocrx_word' id='word_1_570' title='bbox 3598 3413 3655 3464; x_wconf 73' lang='grc' dir='ltr'>δὲ</span> <span class='ocrx_word' id='word_1_571' title='bbox 3682 3413 3902 3483; x_wconf 73' lang='grc' dir='ltr'>κίνησιν</span> 
     </span>
    </p>
   </div>
   <div class='ocr_carea' id='block_1_81' title="bbox 2309 3504 3903 3593">
    <p class='ocr_par' dir='ltr' id='par_1_81' title="bbox 2309 3504 3903 3593">
     <span class='ocr_line' id='line_1_81' title="bbox 2309 3504 3903 3593; baseline -0.011 -18"><span class='ocrx_word' id='word_1_572' title='bbox 2309 3524 2537 3593; x_wconf 65' lang='grc' dir='ltr'>κινεῖται</span> <span class='ocrx_word' id='word_1_573' title='bbox 2577 3517 2744 3589; x_wconf 77' lang='grc' dir='ltr'>ψυχὴ,</span> <span class='ocrx_word' id='word_1_574' title='bbox 2790 3516 2917 3572; x_wconf 82' lang='grc' dir='ltr'>ὅταν</span> <span class='ocrx_word' id='word_1_575' title='bbox 2955 3513 3054 3567; x_wconf 80' lang='grc' dir='ltr'><strong>οὐκ</strong></span> <span class='ocrx_word' id='word_1_576' title='bbox 3093 3513 3172 3574; x_wconf 80' lang='grc' dir='ltr'>εἰς</span> <span class='ocrx_word' id='word_1_577' title='bbox 3208 3509 3379 3579; x_wconf 78' lang='grc' dir='ltr'>αὐτὴν</span> <span class='ocrx_word' id='word_1_578' title='bbox 3424 3504 3689 3569; x_wconf 71' lang='grc' dir='ltr'>εἰσιοῦσα,</span> <span class='ocrx_word' id='word_1_579' title='bbox 3720 3504 3903 3575; x_wconf 86' lang='grc' dir='ltr'>(τοῦτο</span> 
     </span>
    </p>
   </div>
   <div class='ocr_carea' id='block_1_82' title="bbox 2312 3594 3903 3682">
    <p class='ocr_par' dir='ltr' id='par_1_82' title="bbox 2312 3594 3903 3682">
     <span class='ocr_line' id='line_1_82' title="bbox 2312 3594 3903 3682; baseline -0.014 -15"><span class='ocrx_word' id='word_1_580' title='bbox 2312 3613 2421 3682; x_wconf 83' lang='grc' dir='ltr'><strong>γάρ</strong></span> <span class='ocrx_word' id='word_1_581' title='bbox 2440 3595 2567 3663; x_wconf 59' lang='grc' dir='ltr'>ίὲστι</span> <span class='ocrx_word' id='word_1_582' title='bbox 2611 3608 2674 3662; x_wconf 83' lang='grc' dir='ltr'><strong>τὸ</strong></span> <span class='ocrx_word' id='word_1_583' title='bbox 2715 3604 2859 3661; x_wconf 88' lang='grc' dir='ltr'><strong>κατά</strong></span> <span class='ocrx_word' id='word_1_584' title='bbox 2903 3601 3146 3671; x_wconf 81' lang='grc' dir='ltr'>κύκλον,)</span> <span class='ocrx_word' id='word_1_585' title='bbox 3174 3597 3309 3653; x_wconf 87' lang='grc' dir='ltr'><strong>ἀλλά</strong></span> <span class='ocrx_word' id='word_1_586' title='bbox 3345 3596 3609 3669; x_wconf 80' lang='grc' dir='ltr'>προϊοῦσα</span> <span class='ocrx_word' id='word_1_587' title='bbox 3657 3596 3728 3648; x_wconf 83' lang='grc' dir='ltr'>τὰ</span> <span class='ocrx_word' id='word_1_588' title='bbox 3769 3594 3903 3665; x_wconf 75' lang='grc' dir='ltr'>περὶ</span> 
     </span>
    </p>
   </div>
   <div class='ocr_carea' id='block_1_83' title="bbox 2312 3688 3905 3777">
    <p class='ocr_par' dir='ltr' id='par_1_83' title="bbox 2312 3688 3905 3777">
     <span class='ocr_line' id='line_1_83' title="bbox 2312 3688 3905 3777; baseline -0.013 -18"><span class='ocrx_word' id='word_1_589' title='bbox 2312 3706 2481 3777; x_wconf 76' lang='grc' dir='ltr'>αὐτὴν</span> <span class='ocrx_word' id='word_1_590' title='bbox 2506 3703 2701 3773; x_wconf 80' lang='grc' dir='ltr'>σκοπῇ,</span> <span class='ocrx_word' id='word_1_591' title='bbox 2727 3699 2821 3754; x_wconf 77' lang='grc' dir='ltr'>καὶ</span> <span class='ocrx_word' id='word_1_592' title='bbox 2857 3697 2925 3751; x_wconf 75' lang='grc' dir='ltr'>τὰ</span> <span class='ocrx_word' id='word_1_593' title='bbox 2957 3693 3174 3760; x_wconf 70' lang='grc' dir='ltr'>ἔξωθεν,</span> <span class='ocrx_word' id='word_1_594' title='bbox 3199 3693 3278 3755; x_wconf 83' lang='grc' dir='ltr'><strong>είς</strong></span> <span class='ocrx_word' id='word_1_595' title='bbox 3301 3688 3443 3762; x_wconf 81' lang='grc' dir='ltr'>άπερ</span> <span class='ocrx_word' id='word_1_596' title='bbox 3466 3688 3693 3777; x_wconf 82' lang='grc' dir='ltr'>ἀρθεῖσα</span> <span class='ocrx_word' id='word_1_597' title='bbox 3722 3688 3797 3752; x_wconf 80' lang='grc' dir='ltr'><strong>ὡς</strong></span> <span class='ocrx_word' id='word_1_598' title='bbox 3820 3689 3905 3751; x_wconf 82' lang='grc' dir='ltr'><strong>εις</strong></span> 
     </span>
    </p>
   </div>
   <div class='ocr_carea' id='block_1_84' title="bbox 2317 3780 3905 3867">
    <p class='ocr_par' dir='ltr' id='par_1_84' title="bbox 2317 3780 3905 3867">
     <span class='ocr_line' id='line_1_84' title="bbox 2317 3780 3905 3867; baseline -0.012 -17"><span class='ocrx_word' id='word_1_599' title='bbox 2317 3796 2561 3867; x_wconf 77' lang='grc' dir='ltr'>σύμϐολά</span> <span class='ocrx_word' id='word_1_600' title='bbox 2590 3810 2729 3855; x_wconf 90' lang='grc' dir='ltr'>τινα,</span> <span class='ocrx_word' id='word_1_601' title='bbox 2756 3792 2820 3843; x_wconf 84' lang='grc' dir='ltr'>ὲκ</span> <span class='ocrx_word' id='word_1_602' title='bbox 2854 3788 3059 3843; x_wconf 86' lang='grc' dir='ltr'>τούτων</span> <span class='ocrx_word' id='word_1_603' title='bbox 3085 3781 3239 3849; x_wconf 80' lang='grc' dir='ltr'>αὖθις</span> <span class='ocrx_word' id='word_1_604' title='bbox 3264 3784 3385 3836; x_wconf 80' lang='grc' dir='ltr'>κατ’</span> <span class='ocrx_word' id='word_1_605' title='bbox 3412 3780 3649 3844; x_wconf 77' lang='grc' dir='ltr'>εὐθεῖαν,</span> <span class='ocrx_word' id='word_1_606' title='bbox 3680 3782 3772 3833; x_wconf 71' lang='grc' dir='ltr'>ἐπὶ</span> <span class='ocrx_word' id='word_1_607' title='bbox 3803 3780 3905 3843; x_wconf 78' lang='grc' dir='ltr'>τὰς</span> 
     </span>
    </p>
   </div>
   <div class='ocr_carea' id='block_1_85' title="bbox 2316 3874 3896 3957">
    <p class='ocr_par' dir='ltr' id='par_1_85' title="bbox 2316 3874 3896 3957">
     <span class='ocr_line' id='line_1_85' title="bbox 2316 3874 3896 3957; baseline -0.011 -14"><span class='ocrx_word' id='word_1_608' title='bbox 2316 3889 2491 3952; x_wconf 78' lang='grc' dir='ltr'>ἁπλᾶς</span> <span class='ocrx_word' id='word_1_609' title='bbox 2518 3886 2748 3957; x_wconf 84' lang='grc' dir='ltr'>θεωρίας</span> <span class='ocrx_word' id='word_1_610' title='bbox 2783 3885 3047 3953; x_wconf 86' lang='grc' dir='ltr'>ἀνάγηται</span> <span class='ocrx_word' id='word_1_611' title='bbox 3074 3886 3137 3932; x_wconf 80' lang='grc' dir='ltr'><strong>οὑ</strong></span> <span class='ocrx_word' id='word_1_612' title='bbox 3163 3876 3607 3947; x_wconf 71' lang='grc' dir='ltr'>συλλογιζομένη,</span> <span class='ocrx_word' id='word_1_613' title='bbox 3640 3874 3749 3928; x_wconf 69' lang='grc' dir='ltr'>οὐδ’</span> <span class='ocrx_word' id='word_1_614' title='bbox 3776 3876 3896 3927; x_wconf 77' lang='grc' dir='ltr'>ἐπι-</span> 
     </span>
    </p>
   </div>
   <div class='ocr_carea' id='block_1_86' title="bbox 2319 3967 3902 4053">
    <p class='ocr_par' dir='ltr' id='par_1_86' title="bbox 2319 3967 3902 4053">
     <span class='ocr_line' id='line_1_86' title="bbox 2319 3967 3902 4053; baseline -0.011 -17"><span class='ocrx_word' id='word_1_615' title='bbox 2319 3980 2642 4053; x_wconf 73' lang='grc' dir='ltr'>στημονικὸν</span> <span class='ocrx_word' id='word_1_616' title='bbox 2669 3977 2905 4049; x_wconf 79' lang='grc' dir='ltr'>ζητοῦσα</span> <span class='ocrx_word' id='word_1_617' title='bbox 2930 3976 3106 4043; x_wconf 82' lang='grc' dir='ltr'>λόγον,</span> <span class='ocrx_word' id='word_1_618' title='bbox 3134 3973 3207 4036; x_wconf 84' lang='grc' dir='ltr'>ὡς</span> <span class='ocrx_word' id='word_1_619' title='bbox 3240 3971 3306 4024; x_wconf 81' lang='grc' dir='ltr'><strong>ἂν</strong></span> <span class='ocrx_word' id='word_1_620' title='bbox 3348 3969 3727 4039; x_wconf 72' lang='grc' dir='ltr'>ἐπιστημόνως</span> <span class='ocrx_word' id='word_1_621' title='bbox 3770 3967 3902 4019; x_wconf 86' lang='grc' dir='ltr'>ἀνα-</span> 
     </span>
    </p>
   </div>
   <div class='ocr_carea' id='block_1_87' title="bbox 2319 4056 3905 4145">
    <p class='ocr_par' dir='ltr' id='par_1_87' title="bbox 2319 4056 3905 4145">
     <span class='ocr_line' id='line_1_87' title="bbox 2319 4056 3905 4145; baseline -0.01 -18"><span class='ocrx_word' id='word_1_622' title='bbox 2319 4074 2493 4145; x_wconf 82' lang='grc' dir='ltr'>χθείη,</span> <span class='ocrx_word' id='word_1_623' title='bbox 2521 4070 2682 4143; x_wconf 80' lang='grc' dir='ltr'>(οὕτω</span> <span class='ocrx_word' id='word_1_624' title='bbox 2706 4069 2817 4139; x_wconf 78' lang='grc' dir='ltr'>γὰρ</span> <span class='ocrx_word' id='word_1_625' title='bbox 2832 4067 2896 4121; x_wconf 78' lang='grc' dir='ltr'>ἂν</span> <span class='ocrx_word' id='word_1_626' title='bbox 2926 4068 3019 4119; x_wconf 73' lang='grc' dir='ltr'><strong>καὶ</strong></span> <span class='ocrx_word' id='word_1_627' title='bbox 3045 4063 3111 4117; x_wconf 88' lang='grc' dir='ltr'><strong>τά</strong></span> <span class='ocrx_word' id='word_1_628' title='bbox 3135 4063 3251 4117; x_wconf 84' lang='grc' dir='ltr'>θεῖα</span> <span class='ocrx_word' id='word_1_629' title='bbox 3277 4062 3671 4132; x_wconf 65' lang='grc' dir='ltr'>επιστημονικῇ</span> <span class='ocrx_word' id='word_1_630' title='bbox 3700 4056 3905 4127; x_wconf 75' lang='grc' dir='ltr'>γνώσει</span> 
     </span>
    </p>
   </div>
   <div class='ocr_carea' id='block_1_88' title="bbox 2322 4150 3903 4233">
    <p class='ocr_par' dir='ltr' id='par_1_88' title="bbox 2322 4150 3903 4233">
     <span class='ocr_line' id='line_1_88' title="bbox 2322 4150 3903 4233; baseline -0.012 -13"><span class='ocrx_word' id='word_1_631' title='bbox 2322 4166 2626 4230; x_wconf 74' lang='grc' dir='ltr'>ὑπέκειντο,</span> <span class='ocrx_word' id='word_1_632' title='bbox 2656 4162 2749 4227; x_wconf 79' lang='grc' dir='ltr'><strong>καὶ</strong></span> <span class='ocrx_word' id='word_1_633' title='bbox 2790 4163 2822 4233; x_wconf 78' lang='grc' dir='ltr'>ἡ</span> <span class='ocrx_word' id='word_1_634' title='bbox 2868 4157 3167 4229; x_wconf 80' lang='grc' dir='ltr'>κίνησιςοὺ</span> <span class='ocrx_word' id='word_1_635' title='bbox 3212 4157 3333 4208; x_wconf 80' lang='grc' dir='ltr'>κατ’</span> <span class='ocrx_word' id='word_1_636' title='bbox 3375 4153 3608 4215; x_wconf 69' lang='grc' dir='ltr'>εὐθεῖαν,</span> <span class='ocrx_word' id='word_1_637' title='bbox 3643 4150 3757 4204; x_wconf 87' lang='grc' dir='ltr'>ἀλλ’</span> <span class='ocrx_word' id='word_1_638' title='bbox 3792 4150 3903 4203; x_wconf 85' lang='grc' dir='ltr'>ὲλι-</span> 
     </span>
    </p>
   </div>
   <div class='ocr_carea' id='block_1_89' title="bbox 2323 4242 3912 4330">
    <p class='ocr_par' dir='ltr' id='par_1_89' title="bbox 2323 4242 3912 4330">
     <span class='ocr_line' id='line_1_89' title="bbox 2323 4242 3912 4330; baseline -0.013 -17"><span class='ocrx_word' id='word_1_639' title='bbox 2323 4259 2537 4330; x_wconf 81' lang='grc' dir='ltr'>κοειδὴς</span> <span class='ocrx_word' id='word_1_640' title='bbox 2562 4256 2768 4325; x_wconf 71' lang='grc' dir='ltr'>ἐγίνετο</span> <span class='ocrx_word' id='word_1_641' title='bbox 2792 4269 2805 4282; x_wconf 89' lang='grc'><strong>·</strong></span> <span class='ocrx_word' id='word_1_642' title='bbox 2826 4250 2981 4325; x_wconf 39' lang='grc' dir='ltr'>),άλλ’</span> <span class='ocrx_word' id='word_1_643' title='bbox 3004 4248 3111 4301; x_wconf 87' lang='grc' dir='ltr'><strong>ἀπὸ</strong></span> <span class='ocrx_word' id='word_1_644' title='bbox 3134 4248 3365 4310; x_wconf 85' lang='grc' dir='ltr'>κτίσεως</span> <span class='ocrx_word' id='word_1_645' title='bbox 3387 4246 3589 4315; x_wconf 85' lang='grc' dir='ltr'>κόσμου</span> <span class='ocrx_word' id='word_1_646' title='bbox 3608 4242 3678 4297; x_wconf 89' lang='grc' dir='ltr'><strong>τά</strong></span> <span class='ocrx_word' id='word_1_647' title='bbox 3696 4243 3912 4314; x_wconf 78' lang='grc' dir='ltr'>ἀόρατα.</span> 
     </span>
    </p>
   </div>
   <div class='ocr_carea' id='block_1_90' title="bbox 2321 4335 3911 4411">
    <p class='ocr_par' dir='ltr' id='par_1_90' title="bbox 2321 4335 3911 4411">
     <span class='ocr_line' id='line_1_90' title="bbox 2321 4335 3911 4411; baseline -0.012 -4"><span class='ocrx_word' id='word_1_648' title='bbox 2321 4354 2417 4407; x_wconf 84' lang='grc' dir='ltr'><strong>τοῦ</strong></span> <span class='ocrx_word' id='word_1_649' title='bbox 2447 4349 2581 4404; x_wconf 84' lang='grc' dir='ltr'>Θεοῦ</span> <span class='ocrx_word' id='word_1_650' title='bbox 2626 4347 2823 4411; x_wconf 78' lang='grc' dir='ltr'>ἁπλαῖς</span> <span class='ocrx_word' id='word_1_651' title='bbox 2856 4344 2953 4397; x_wconf 71' lang='grc' dir='ltr'>καὶ</span> <span class='ocrx_word' id='word_1_652' title='bbox 2989 4336 3225 4404; x_wconf 82' lang='grc' dir='ltr'>εὐθείαις</span> <span class='ocrx_word' id='word_1_653' title='bbox 3264 4337 3540 4401; x_wconf 76' lang='grc' dir='ltr'>ἐπιϐολαῖς</span> <span class='ocrx_word' id='word_1_654' title='bbox 3579 4338 3669 4389; x_wconf 80' lang='grc' dir='ltr'><strong>καὶ</strong></span> <span class='ocrx_word' id='word_1_655' title='bbox 3703 4335 3911 4389; x_wconf 78' lang='grc' dir='ltr'>ἀπολυ-</span> 
     </span>
    </p>
   </div>
   <div class='ocr_carea' id='block_1_91' title="bbox 2327 4427 3909 4516">
    <p class='ocr_par' dir='ltr' id='par_1_91' title="bbox 2327 4427 3909 4516">
     <span class='ocr_line' id='line_1_91' title="bbox 2327 4427 3909 4516; baseline -0.013 -19"><span class='ocrx_word' id='word_1_656' title='bbox 2327 4442 2726 4516; x_wconf 75' lang='grc' dir='ltr'>πραγμονήτως</span> <span class='ocrx_word' id='word_1_657' title='bbox 2756 4437 2976 4501; x_wconf 86' lang='grc' dir='ltr'>νοοῦσα,</span> <span class='ocrx_word' id='word_1_658' title='bbox 3002 4435 3142 4506; x_wconf 79' lang='grc' dir='ltr'>ὑπὲρ</span> <span class='ocrx_word' id='word_1_659' title='bbox 3172 4436 3349 4487; x_wconf 84' lang='grc' dir='ltr'>πᾶσαν</span> <span class='ocrx_word' id='word_1_660' title='bbox 3378 4428 3720 4500; x_wconf 77' lang='grc' dir='ltr'>διανοητικὴν</span> <span class='ocrx_word' id='word_1_661' title='bbox 3751 4427 3909 4490; x_wconf 78' lang='grc' dir='ltr'>ἐνέρ-</span> 
     </span>
    </p>
   </div>
   <div class='ocr_carea' id='block_1_92' title="bbox 640 4531 2202 4607">
    <p class='ocr_par' dir='ltr' id='par_1_92' title="bbox 640 4536 2202 4607">
     <span class='ocr_line' id='line_1_92' title="bbox 640 4536 2202 4607; baseline 0.001 -17"><span class='ocrx_word' id='word_1_662' title='bbox 640 4538 729 4590; x_wconf 79' lang='lat' dir='ltr'><strong>ille</strong></span> <span class='ocrx_word' id='word_1_663' title='bbox 750 4538 891 4592; x_wconf 80' lang='lat' dir='ltr'><strong>baud</strong></span> <span class='ocrx_word' id='word_1_664' title='bbox 930 4548 1132 4602; x_wconf 86' lang='lat' dir='ltr'><strong>rectus,</strong></span> <span class='ocrx_word' id='word_1_665' title='bbox 1163 4540 1257 4592; x_wconf 89' lang='lat' dir='ltr'><strong>sed</strong></span> <span class='ocrx_word' id='word_1_666' title='bbox 1282 4537 1534 4607; x_wconf 82' lang='lat' dir='ltr'><strong>obliquus</strong></span> <span class='ocrx_word' id='word_1_667' title='bbox 1567 4549 1735 4592; x_wconf 81' lang='lat' dir='ltr'><strong>esset.</strong></span> <span class='ocrx_word' id='word_1_668' title='bbox 1767 4536 1970 4591; x_wconf 77' lang='lat' dir='ltr'><strong>Verum</strong></span> <span class='ocrx_word' id='word_1_669' title='bbox 1998 4553 2026 4589; x_wconf 65' lang='grc' dir='ltr'><strong>η</strong></span> <span class='ocrx_word' id='word_1_670' title='bbox 2060 4552 2202 4591; x_wconf 85' lang='lat' dir='ltr'><strong>crea-</strong></span> 
     </span>
    </p>
   </div>
   <div class='ocr_carea' id='block_1_93' title="bbox 2306 4531 2915 4607">
    <p class='ocr_par' dir='ltr' id='par_1_93' title="bbox 2323 4531 2915 4605">
     <span class='ocr_line' id='line_1_93' title="bbox 2323 4531 2915 4605; baseline -0.014 -15"><span class='ocrx_word' id='word_1_671' title='bbox 2323 4552 2477 4605; x_wconf 84' lang='grc' dir='ltr'>γειαν</span> <span class='ocrx_word' id='word_1_672' title='bbox 2500 4536 2593 4588; x_wconf 72' lang='grc' dir='ltr'><strong>καὶ</strong></span> <span class='ocrx_word' id='word_1_673' title='bbox 2620 4531 2915 4594; x_wconf 77' lang='grc' dir='ltr'>ἀπόδειξιν.</span> 
     </span>
    </p>
   </div>
   <div class='ocr_carea' id='block_1_94' title="bbox 638 4614 3907 4702">
    <p class='ocr_par' dir='ltr' id='par_1_94' title="bbox 638 4614 3907 4702">
     <span class='ocr_line' id='line_1_94' title="bbox 638 4614 3907 4702; baseline -0.006 -21"><span class='ocrx_word' id='word_1_674' title='bbox 638 4638 758 4682; x_wconf 89' lang='lat' dir='ltr'><strong>tura</strong></span> <span class='ocrx_word' id='word_1_675' title='bbox 793 4631 973 4683; x_wconf 89' lang='lat' dir='ltr'><strong>mundi</strong></span> <span class='ocrx_word' id='word_1_676' title='bbox 1007 4630 1295 4685; x_wconf 85' lang='lat' dir='ltr'><strong>invisibilia</strong></span> <span class='ocrx_word' id='word_1_677' title='bbox 1328 4629 1422 4685; x_wconf 84' lang='lat' dir='ltr'><strong>Dei</strong></span> <span class='ocrx_word' id='word_1_678' title='bbox 1457 4632 1801 4701; x_wconf 81' lang='lat' dir='ltr'><strong>simplicibus</strong></span> <span class='ocrx_word' id='word_1_679' title='bbox 1832 4640 1920 4702; x_wconf 66' lang='grc' dir='ltr'><strong>⁵ιιι</strong></span> <span class='ocrx_word' id='word_1_680' title='bbox 1984 4632 2148 4686; x_wconf 87' lang='lat' dir='ltr'><strong>rectis</strong></span> <span class='ocrx_word' id='word_1_681' title='bbox 2214 4628 2790 4701; x_wconf 77' lang='lat' dir='ltr'><strong>appreliensionibus,</strong></span> <span class='ocrx_word' id='word_1_682' title='bbox 2846 4633 2896 4677; x_wconf 91' lang='lat' dir='ltr'><strong>et</strong></span> <span class='ocrx_word' id='word_1_683' title='bbox 2955 4637 3059 4677; x_wconf 88' lang='lat' dir='ltr'><strong>non</strong></span> <span class='ocrx_word' id='word_1_684' title='bbox 3131 4633 3392 4687; x_wconf 83' lang='lat' dir='ltr'><strong>operose,</strong></span> <span class='ocrx_word' id='word_1_685' title='bbox 3442 4614 3719 4669; x_wconf 78' lang='lat' dir='ltr'><strong>intellecta</strong></span> <span class='ocrx_word' id='word_1_686' title='bbox 3777 4623 3907 4666; x_wconf 76' lang='lat' dir='ltr'><strong>sunt</strong></span> 
     </span>
    </p>
   </div>
   <div class='ocr_carea' id='block_1_95' title="bbox 637 4725 2531 4794">
    <p class='ocr_par' dir='ltr' id='par_1_95' title="bbox 637 4725 2531 4794">
     <span class='ocr_line' id='line_1_95' title="bbox 637 4725 2531 4794; baseline -0.001 -16"><span class='ocrx_word' id='word_1_687' title='bbox 637 4738 801 4793; x_wconf 84' lang='lat' dir='ltr'><strong>supra</strong></span> <span class='ocrx_word' id='word_1_688' title='bbox 846 4740 1062 4779; x_wconf 84' lang='lat' dir='ltr'><strong>omnem</strong></span> <span class='ocrx_word' id='word_1_689' title='bbox 1111 4725 1417 4780; x_wconf 87' lang='lat' dir='ltr'><strong>intellectus</strong></span> <span class='ocrx_word' id='word_1_690' title='bbox 1466 4728 1838 4794; x_wconf 88' lang='lat' dir='ltr'><strong>operationem</strong></span> <span class='ocrx_word' id='word_1_691' title='bbox 1886 4741 1949 4779; x_wconf 88' lang='lat' dir='ltr'><strong>ac</strong></span> <span class='ocrx_word' id='word_1_692' title='bbox 1981 4728 2531 4779; x_wconf 84' lang='lat' dir='ltr'><strong>deinonstrntimiem.</strong></span> 
     </span>
    </p>
   </div>
   <div class='ocr_carea' id='block_1_96' title="bbox 710 4816 2215 4890">
    <p class='ocr_par' dir='ltr' id='par_1_96' title="bbox 710 4816 2215 4890">
     <span class='ocr_line' id='line_1_96' title="bbox 710 4816 2215 4890; baseline 0.003 -20"><span class='ocrx_word' id='word_1_693' title='bbox 710 4816 738 4889; x_wconf 64' lang='grc' dir='ltr'><strong>ς</strong></span> <span class='ocrx_word' id='word_1_694' title='bbox 766 4816 832 4871; x_wconf 82' lang='lat' dir='ltr'><strong>X.</strong></span> <span class='ocrx_word' id='word_1_695' title='bbox 859 4817 1060 4872; x_wconf 85' lang='lat' dir='ltr'><strong>Harum</strong></span> <span class='ocrx_word' id='word_1_696' title='bbox 1095 4820 1257 4890; x_wconf 88' lang='lat' dir='ltr'><strong>igitur</strong></span> <span class='ocrx_word' id='word_1_697' title='bbox 1286 4824 1451 4875; x_wconf 83' lang='lat' dir='ltr'><strong>trium</strong></span> <span class='ocrx_word' id='word_1_698' title='bbox 1480 4823 1803 4887; x_wconf 85' lang='lat' dir='ltr'><strong>motionum,</strong></span> <span class='ocrx_word' id='word_1_699' title='bbox 1831 4823 2043 4877; x_wconf 84' lang='lat' dir='ltr'><strong>scilicet</strong></span> <span class='ocrx_word' id='word_1_700' title='bbox 2062 4839 2215 4877; x_wconf 86' lang='lat' dir='ltr'><strong>men-</strong></span> 
     </span>
    </p>
   </div>
   <div class='ocr_carea' id='block_1_97' title="bbox 645 4912 2214 4981">
    <p class='ocr_par' dir='ltr' id='par_1_97' title="bbox 645 4912 2214 4981">
     <span class='ocr_line' id='line_1_97' title="bbox 645 4912 2214 4981; baseline 0.003 -16"><span class='ocrx_word' id='word_1_701' title='bbox 645 4912 777 4965; x_wconf 92' lang='lat' dir='ltr'><strong>tium</strong></span> <span class='ocrx_word' id='word_1_702' title='bbox 807 4919 861 4964; x_wconf 89' lang='lat' dir='ltr'><strong>et</strong></span> <span class='ocrx_word' id='word_1_703' title='bbox 890 4913 1215 4979; x_wconf 88' lang='lat' dir='ltr'><strong>animarum,</strong></span> <span class='ocrx_word' id='word_1_704' title='bbox 1247 4920 1299 4967; x_wconf 91' lang='lat' dir='ltr'><strong>et</strong></span> <span class='ocrx_word' id='word_1_705' title='bbox 1329 4913 1681 4981; x_wconf 74' lang='lat' dir='ltr'><strong>ipsarUminet</strong></span> <span class='ocrx_word' id='word_1_706' title='bbox 1710 4915 1873 4968; x_wconf 85' lang='lat' dir='ltr'><strong>trium</strong></span> <span class='ocrx_word' id='word_1_707' title='bbox 1912 4916 2214 4969; x_wconf 89' lang='lat' dir='ltr'><strong>motionum</strong></span> 
     </span>
    </p>
   </div>
   <div class='ocr_carea' id='block_1_98' title="bbox 642 5002 2216 5077">
    <p class='ocr_par' dir='ltr' id='par_1_98' title="bbox 642 5002 2216 5077">
     <span class='ocr_line' id='line_1_98' title="bbox 642 5002 2216 5077; baseline 0.006 -24"><span class='ocrx_word' id='word_1_708' title='bbox 642 5007 760 5069; x_wconf 63' lang='lat' dir='ltr'><strong>qua</strong></span> <span class='ocrx_word' id='word_1_709' title='bbox 793 5002 844 5055; x_wconf 91' lang='lat' dir='ltr'><strong>in</strong></span> <span class='ocrx_word' id='word_1_710' title='bbox 876 5002 1569 5073; x_wconf 57' lang='lat' dir='ltr'><strong>sensilibusxeperiuntur,</strong></span> <span class='ocrx_word' id='word_1_711' title='bbox 1602 5015 1658 5060; x_wconf 90' lang='lat' dir='ltr'><strong>et</strong></span> <span class='ocrx_word' id='word_1_712' title='bbox 1709 5006 1878 5060; x_wconf 89' lang='lat' dir='ltr'><strong>multo</strong></span> <span class='ocrx_word' id='word_1_713' title='bbox 1926 5008 2096 5077; x_wconf 85' lang='lat' dir='ltr'><strong>prius,</strong></span> <span class='ocrx_word' id='word_1_714' title='bbox 2125 5021 2216 5062; x_wconf 85' lang='lat' dir='ltr'><strong>cu-</strong></span> 
     </span>
    </p>
   </div>
   <div class='ocr_carea' id='block_1_99' title="bbox 638 5092 2223 5166">
    <p class='ocr_par' dir='ltr' id='par_1_99' title="bbox 638 5092 2223 5166">
     <span class='ocr_line' id='line_1_99' title="bbox 638 5092 2223 5166; baseline 0.004 -23"><span class='ocrx_word' id='word_1_715' title='bbox 638 5092 835 5160; x_wconf 73' lang='lat' dir='ltr'><strong>juisqne</strong></span> <span class='ocrx_word' id='word_1_716' title='bbox 857 5094 1030 5161; x_wconf 81' lang='lat' dir='ltr'><strong>angeli</strong></span> <span class='ocrx_word' id='word_1_717' title='bbox 1056 5104 1113 5147; x_wconf 83' lang='lat' dir='ltr'><strong>et</strong></span> <span class='ocrx_word' id='word_1_718' title='bbox 1138 5096 1353 5160; x_wconf 66' lang='lat' dir='ltr'><strong>animae,</strong></span> <span class='ocrx_word' id='word_1_719' title='bbox 1385 5095 1831 5166; x_wconf 80' lang='lat' dir='ltr'><strong>reique-sensiiis,</strong></span> <span class='ocrx_word' id='word_1_720' title='bbox 1852 5100 2223 5164; x_wconf 82' lang='lat' dir='ltr'><strong>mansionum,</strong></span> 
     </span>
    </p>
   </div>
   <div class='ocr_carea' id='block_1_100' title="bbox 645 5185 2222 5247">
    <p class='ocr_par' dir='ltr' id='par_1_100' title="bbox 645 5185 2222 5247">
     <span class='ocr_line' id='line_1_100' title="bbox 645 5185 2222 5247; baseline 0.004 -10"><span class='ocrx_word' id='word_1_721' title='bbox 645 5193 702 5237; x_wconf 89' lang='lat' dir='ltr'><strong>et</strong></span> <span class='ocrx_word' id='word_1_722' title='bbox 736 5185 1053 5247; x_wconf 84' lang='lat' dir='ltr'><strong>stationum,</strong></span> <span class='ocrx_word' id='word_1_723' title='bbox 1086 5198 1141 5239; x_wconf 87' lang='lat' dir='ltr'><strong>et</strong></span> <span class='ocrx_word' id='word_1_724' title='bbox 1174 5185 1492 5241; x_wconf 76' lang='lat' dir='ltr'><strong>ﬁrmitatum</strong></span> <span class='ocrx_word' id='word_1_725' title='bbox 1541 5189 1782 5243; x_wconf 79' lang='lat' dir='ltr'><strong>vicissim</strong></span> <span class='ocrx_word' id='word_1_726' title='bbox 1833 5190 1998 5243; x_wconf 87' lang='lat' dir='ltr'><strong>etiam</strong></span> <span class='ocrx_word' id='word_1_727' title='bbox 2054 5205 2222 5244; x_wconf 87' lang='lat' dir='ltr'><strong>causa</strong></span> 
     </span>
    </p>
   </div>
   <div class='ocr_carea' id='block_1_101' title="bbox 644 5275 2221 5349">
    <p class='ocr_par' dir='ltr' id='par_1_101' title="bbox 644 5275 2221 5349">
     <span class='ocr_line' id='line_1_101' title="bbox 644 5275 2221 5349; baseline 0.006 -23"><span class='ocrx_word' id='word_1_728' title='bbox 644 5284 729 5327; x_wconf 88' lang='lat' dir='ltr'><strong>est</strong></span> <span class='ocrx_word' id='word_1_729' title='bbox 762 5275 923 5329; x_wconf 86' lang='lat' dir='ltr'><strong>Deus.</strong></span> <span class='ocrx_word' id='word_1_730' title='bbox 957 5276 1244 5341; x_wconf 82' lang='lat' dir='ltr'><strong>Quomodo</strong></span> <span class='ocrx_word' id='word_1_731' title='bbox 1268 5289 1448 5333; x_wconf 78' lang='lat' dir='ltr'><strong>autem</strong></span> <span class='ocrx_word' id='word_1_732' title='bbox 1484 5279 1651 5333; x_wconf 89' lang='lat' dir='ltr'><strong>multo</strong></span> <span class='ocrx_word' id='word_1_733' title='bbox 1681 5280 1834 5349; x_wconf 87' lang='lat' dir='ltr'><strong>prius</strong></span> <span class='ocrx_word' id='word_1_734' title='bbox 1879 5283 2221 5334; x_wconf 81' lang='lat' dir='ltr'><strong>mansionum</strong></span> 
     </span>
    </p>
   </div>
   <div class='ocr_carea' id='block_1_102' title="bbox 647 5368 2225 5443">
    <p class='ocr_par' dir='ltr' id='par_1_102' title="bbox 647 5368 2225 5443">
     <span class='ocr_line' id='line_1_102' title="bbox 647 5368 2225 5443; baseline 0.007 -25"><span class='ocrx_word' id='word_1_735' title='bbox 647 5383 810 5437; x_wconf 88' lang='lat' dir='ltr'><strong>quam</strong></span> <span class='ocrx_word' id='word_1_736' title='bbox 836 5368 1135 5424; x_wconf 84' lang='lat' dir='ltr'><strong>motionum</strong></span> <span class='ocrx_word' id='word_1_737' title='bbox 1154 5370 1176 5423; x_wconf 90' lang='lat'><strong>?</strong></span> <span class='ocrx_word' id='word_1_738' title='bbox 1194 5373 1321 5441; x_wconf 89' lang='lat' dir='ltr'><strong>quia</strong></span> <span class='ocrx_word' id='word_1_739' title='bbox 1350 5372 1680 5443; x_wconf 85' lang='lat' dir='ltr'><strong>videlicet-id</strong></span> <span class='ocrx_word' id='word_1_740' title='bbox 1707 5374 1851 5443; x_wconf 78' lang='lat' dir='ltr'><strong>quod</strong></span> <span class='ocrx_word' id='word_1_741' title='bbox 1876 5383 2063 5427; x_wconf 74' lang='lat' dir='ltr'><strong>nianet</strong></span> <span class='ocrx_word' id='word_1_742' title='bbox 2088 5387 2225 5443; x_wconf 69' lang='lat' dir='ltr'><strong>prte-</strong></span> 
     </span>
    </p>
   </div>
   <div class='ocr_carea' id='block_1_103' title="bbox 649 5464 2220 5535">
    <p class='ocr_par' dir='ltr' id='par_1_103' title="bbox 649 5464 2220 5535">
     <span class='ocr_line' id='line_1_103' title="bbox 649 5464 2220 5535; baseline 0.003 -20"><span class='ocrx_word' id='word_1_743' title='bbox 649 5466 881 5517; x_wconf 71' lang='lat' dir='ltr'><strong>sta&#39;ntins</strong></span> <span class='ocrx_word' id='word_1_744' title='bbox 928 5464 1090 5534; x_wconf 80' lang='lat'><strong>397</strong></span> <span class='ocrx_word' id='word_1_745' title='bbox 1135 5474 1224 5520; x_wconf 84' lang='lat' dir='ltr'><strong>.est</strong></span> <span class='ocrx_word' id='word_1_746' title='bbox 1265 5480 1330 5521; x_wconf 83' lang='lat' dir='ltr'><strong>eo</strong></span> <span class='ocrx_word' id='word_1_747' title='bbox 1361 5466 1508 5535; x_wconf 84' lang='lat' dir='ltr'><strong>quod</strong></span> <span class='ocrx_word' id='word_1_748' title='bbox 1554 5478 1846 5533; x_wconf 84' lang='lat' dir='ltr'><strong>movetur;</strong></span> <span class='ocrx_word' id='word_1_749' title='bbox 1886 5470 2029 5521; x_wconf 85' lang='lat' dir='ltr'><strong>unde</strong></span> <span class='ocrx_word' id='word_1_750' title='bbox 2055 5469 2220 5521; x_wconf 81' lang='lat' dir='ltr'><strong>etiam</strong></span> 
     </span>
    </p>
   </div>
   <div class='ocr_carea' id='block_1_104' title="bbox 648 5559 2223 5626">
    <p class='ocr_par' dir='ltr' id='par_1_104' title="bbox 648 5559 2223 5626">
     <span class='ocr_line' id='line_1_104' title="bbox 648 5559 2223 5626; baseline -0.001 -13"><span class='ocrx_word' id='word_1_751' title='bbox 648 5574 769 5626; x_wconf 68' lang='lat' dir='ltr'><strong>quae</strong></span> <span class='ocrx_word' id='word_1_752' title='bbox 798 5559 977 5613; x_wconf 74' lang='lat' dir='ltr'><strong>divina</strong></span> <span class='ocrx_word' id='word_1_753' title='bbox 1024 5570 1168 5623; x_wconf 84' lang='lat' dir='ltr'><strong>sunt,</strong></span> <span class='ocrx_word' id='word_1_754' title='bbox 1210 5570 1336 5614; x_wconf 88' lang='lat' dir='ltr'><strong>sunt</strong></span> <span class='ocrx_word' id='word_1_755' title='bbox 1364 5560 1685 5623; x_wconf 89' lang='lat' dir='ltr'><strong>immobilia,</strong></span> <span class='ocrx_word' id='word_1_756' title='bbox 1723 5560 1987 5614; x_wconf 87' lang='lat' dir='ltr'><strong>nostratia</strong></span> <span class='ocrx_word' id='word_1_757' title='bbox 2037 5570 2223 5613; x_wconf 85' lang='lat' dir='ltr'><strong>autem</strong></span> 
     </span>
    </p>
   </div>
   <div class='ocr_carea' id='block_1_105' title="bbox 653 5652 2227 5721">
    <p class='ocr_par' dir='ltr' id='par_1_105' title="bbox 653 5652 2227 5721">
     <span class='ocr_line' id='line_1_105' title="bbox 653 5652 2227 5721; baseline 0.001 -16"><span class='ocrx_word' id='word_1_758' title='bbox 653 5654 873 5707; x_wconf 87' lang='lat' dir='ltr'><strong>mobilia</strong></span> <span class='ocrx_word' id='word_1_759' title='bbox 904 5663 1027 5707; x_wconf 87' lang='lat' dir='ltr'><strong>sunt</strong></span> <span class='ocrx_word' id='word_1_760' title='bbox 1054 5666 1107 5707; x_wconf 90' lang='lat' dir='ltr'><strong>et</strong></span> <span class='ocrx_word' id='word_1_761' title='bbox 1134 5655 1512 5719; x_wconf 90' lang='lat' dir='ltr'><strong>nominantur;</strong></span> <span class='ocrx_word' id='word_1_762' title='bbox 1542 5652 1800 5721; x_wconf 89' lang='lat' dir='ltr'><strong>quoniam</strong></span> <span class='ocrx_word' id='word_1_763' title='bbox 1825 5666 2041 5721; x_wconf 90' lang='lat' dir='ltr'><strong>quoque</strong></span> <span class='ocrx_word' id='word_1_764' title='bbox 2065 5664 2227 5707; x_wconf 89' lang='lat' dir='ltr'><strong>omne</strong></span> 
     </span>
    </p>
   </div>
   <div class='ocr_carea' id='block_1_106' title="bbox 661 5744 2225 5815">
    <p class='ocr_par' dir='ltr' id='par_1_106' title="bbox 661 5744 2225 5815">
     <span class='ocr_line' id='line_1_106' title="bbox 661 5744 2225 5815; baseline -0.001 -16"><span class='ocrx_word' id='word_1_765' title='bbox 661 5748 711 5799; x_wconf 83' lang='lat' dir='ltr'><strong>id</strong></span> <span class='ocrx_word' id='word_1_766' title='bbox 748 5749 890 5815; x_wconf 86' lang='lat' dir='ltr'><strong>quod</strong></span> <span class='ocrx_word' id='word_1_767' title='bbox 932 5757 1183 5801; x_wconf 87' lang='lat' dir='ltr'><strong>movetur</strong></span> <span class='ocrx_word' id='word_1_768' title='bbox 1235 5749 1301 5801; x_wconf 84' lang='lat' dir='ltr'><strong>ab</strong></span> <span class='ocrx_word' id='word_1_769' title='bbox 1348 5746 1611 5801; x_wconf 88' lang='lat' dir='ltr'><strong>immobili</strong></span> <span class='ocrx_word' id='word_1_770' title='bbox 1660 5758 1948 5810; x_wconf 87' lang='lat' dir='ltr'><strong>movetur;</strong></span> <span class='ocrx_word' id='word_1_771' title='bbox 1980 5754 2036 5798; x_wconf 93' lang='lat' dir='ltr'><strong>et</strong></span> <span class='ocrx_word' id='word_1_772' title='bbox 2081 5744 2225 5813; x_wconf 78' lang='lat' dir='ltr'><strong>quod</strong></span> 
     </span>
    </p>
   </div>
   <div class='ocr_carea' id='block_1_107' title="bbox 658 5840 2223 5910">
    <p class='ocr_par' dir='ltr' id='par_1_107' title="bbox 658 5840 2223 5910">
     <span class='ocr_line' id='line_1_107' title="bbox 658 5840 2223 5910; baseline -0.004 -12"><span class='ocrx_word' id='word_1_773' title='bbox 658 5842 931 5898; x_wconf 71' lang='lat' dir='ltr'><strong>immobile</strong></span> <span class='ocrx_word' id='word_1_774' title='bbox 983 5850 1083 5909; x_wconf 87' lang='lat' dir='ltr'><strong>cst,</strong></span> <span class='ocrx_word' id='word_1_775' title='bbox 1132 5857 1237 5895; x_wconf 89' lang='lat' dir='ltr'><strong>non</strong></span> <span class='ocrx_word' id='word_1_776' title='bbox 1282 5856 1417 5910; x_wconf 84' lang='lat' dir='ltr'><strong>opus</strong></span> <span class='ocrx_word' id='word_1_777' title='bbox 1464 5840 1621 5896; x_wconf 84' lang='lat' dir='ltr'><strong>habet</strong></span> <span class='ocrx_word' id='word_1_778' title='bbox 1660 5856 1723 5896; x_wconf 88' lang='lat' dir='ltr'><strong>eo</strong></span> <span class='ocrx_word' id='word_1_779' title='bbox 1774 5841 1915 5897; x_wconf 81' lang='lat' dir='ltr'><strong>quod</strong></span> <span class='ocrx_word' id='word_1_780' title='bbox 1956 5851 2223 5895; x_wconf 88' lang='lat' dir='ltr'><strong>movetur.</strong></span> 
     </span>
    </p>
   </div>
   <div class='ocr_carea' id='block_1_108' title="bbox 2396 4801 3915 4893">
    <p class='ocr_par' dir='ltr' id='par_1_108' title="bbox 2396 4801 3915 4893">
     <span class='ocr_line' id='line_1_108' title="bbox 2396 4801 3915 4893; baseline -0.014 -18"><span class='ocrx_word' id='word_1_781' title='bbox 2396 4822 2424 4893; x_wconf 85' lang='lat'>§</span> <span class='ocrx_word' id='word_1_782' title='bbox 2450 4823 2517 4875; x_wconf 86' lang='lat' dir='ltr'><strong>X.</strong></span> <span class='ocrx_word' id='word_1_783' title='bbox 2553 4820 2772 4873; x_wconf 73' lang='grc' dir='ltr'>Τούτων</span> <span class='ocrx_word' id='word_1_784' title='bbox 2802 4817 2892 4871; x_wconf 84' lang='grc' dir='ltr'>οὖν</span> <span class='ocrx_word' id='word_1_785' title='bbox 2920 4816 3028 4870; x_wconf 79' lang='grc' dir='ltr'><strong>τῶν</strong></span> <span class='ocrx_word' id='word_1_786' title='bbox 3050 4814 3219 4886; x_wconf 81' lang='grc' dir='ltr'>τριῶν</span> <span class='ocrx_word' id='word_1_787' title='bbox 3248 4808 3449 4881; x_wconf 81' lang='grc' dir='ltr'>δηλαδὴ</span> <span class='ocrx_word' id='word_1_788' title='bbox 3474 4806 3760 4875; x_wconf 78' lang='grc' dir='ltr'>κινήσεων,</span> <span class='ocrx_word' id='word_1_789' title='bbox 3794 4801 3915 4855; x_wconf 65' lang='grc' dir='ltr'><strong>τῶν</strong></span> 
     </span>
    </p>
   </div>
   <div class='ocr_carea' id='block_1_109' title="bbox 2325 4893 3910 4984">
    <p class='ocr_par' dir='ltr' id='par_1_109' title="bbox 2325 4893 3910 4984">
     <span class='ocr_line' id='line_1_109' title="bbox 2325 4893 3910 4984; baseline -0.016 -15"><span class='ocrx_word' id='word_1_790' title='bbox 2325 4916 2457 4969; x_wconf 86' lang='grc' dir='ltr'>νοῶν</span> <span class='ocrx_word' id='word_1_791' title='bbox 2488 4912 2729 4984; x_wconf 86' lang='grc' dir='ltr'>δηλονότι</span> <span class='ocrx_word' id='word_1_792' title='bbox 2767 4910 2861 4963; x_wconf 76' lang='grc' dir='ltr'><strong>καὶ</strong></span> <span class='ocrx_word' id='word_1_793' title='bbox 2899 4909 3005 4961; x_wconf 87' lang='grc' dir='ltr'><strong>τῶν</strong></span> <span class='ocrx_word' id='word_1_794' title='bbox 3046 4904 3254 4977; x_wconf 74' lang='grc' dir='ltr'>ψυχῶν,</span> <span class='ocrx_word' id='word_1_795' title='bbox 3295 4902 3388 4955; x_wconf 74' lang='grc' dir='ltr'><strong>καὶ</strong></span> <span class='ocrx_word' id='word_1_796' title='bbox 3423 4898 3602 4951; x_wconf 83' lang='grc' dir='ltr'>αὐτῶν</span> <span class='ocrx_word' id='word_1_797' title='bbox 3628 4894 3690 4965; x_wconf 80' lang='grc' dir='ltr'>δὴ</span> <span class='ocrx_word' id='word_1_798' title='bbox 3714 4893 3824 4947; x_wconf 87' lang='grc' dir='ltr'><strong>τῶν</strong></span> <span class='ocrx_word' id='word_1_799' title='bbox 3849 4894 3910 4946; x_wconf 67' lang='grc' dir='ltr'><strong>ιν</strong></span> 
     </span>
    </p>
   </div>
   <div class='ocr_carea' id='block_1_110' title="bbox 2318 4988 3916 5075">
    <p class='ocr_par' dir='ltr' id='par_1_110' title="bbox 2318 4988 3916 5075">
     <span class='ocr_line' id='line_1_110' title="bbox 2318 4988 3916 5075; baseline -0.016 -14"><span class='ocrx_word' id='word_1_800' title='bbox 2318 5012 2433 5072; x_wconf 84' lang='grc' dir='ltr'>τοῖς</span> <span class='ocrx_word' id='word_1_801' title='bbox 2463 5005 2739 5075; x_wconf 74' lang='grc' dir='ltr'>αἰσθητοῖς</span> <span class='ocrx_word' id='word_1_802' title='bbox 2778 5000 2945 5074; x_wconf 88' lang='grc' dir='ltr'>τριῶν</span> <span class='ocrx_word' id='word_1_803' title='bbox 2974 5001 3261 5069; x_wconf 83' lang='grc' dir='ltr'>κινήσεων,</span> <span class='ocrx_word' id='word_1_804' title='bbox 3299 4994 3401 5048; x_wconf 74' lang='grc' dir='ltr'>καὶ</span> <span class='ocrx_word' id='word_1_805' title='bbox 3423 4988 3600 5059; x_wconf 82' lang='grc' dir='ltr'>πολλῷ</span> <span class='ocrx_word' id='word_1_806' title='bbox 3642 4991 3916 5059; x_wconf 75' lang='grc' dir='ltr'>πρότερον</span> 
     </span>
    </p>
   </div>
   <div class='ocr_carea' id='block_1_111' title="bbox 2323 5080 3917 5171">
    <p class='ocr_par' dir='ltr' id='par_1_111' title="bbox 2323 5080 3917 5171">
     <span class='ocr_line' id='line_1_111' title="bbox 2323 5080 3917 5171; baseline -0.014 -18"><span class='ocrx_word' id='word_1_807' title='bbox 2323 5099 2402 5171; x_wconf 86' lang='grc' dir='ltr'><strong>τῷ</strong></span> <span class='ocrx_word' id='word_1_808' title='bbox 2429 5099 2679 5160; x_wconf 75' lang='grc' dir='ltr'>ἑκάστου,</span> <span class='ocrx_word' id='word_1_809' title='bbox 2723 5094 2954 5163; x_wconf 76' lang='grc' dir='ltr'>ἀγγέλου</span> <span class='ocrx_word' id='word_1_810' title='bbox 2990 5090 3229 5163; x_wconf 78' lang='grc' dir='ltr'>δηλονότι</span> <span class='ocrx_word' id='word_1_811' title='bbox 3266 5088 3361 5141; x_wconf 74' lang='grc' dir='ltr'>καὶ</span> <span class='ocrx_word' id='word_1_812' title='bbox 3400 5084 3574 5156; x_wconf 80' lang='grc' dir='ltr'>ψυχῆς</span> <span class='ocrx_word' id='word_1_813' title='bbox 3598 5082 3693 5136; x_wconf 79' lang='grc' dir='ltr'>καὶ</span> <span class='ocrx_word' id='word_1_814' title='bbox 3717 5080 3917 5171; x_wconf 78' lang='grc' dir='ltr'>αἰσθη-</span> 
     </span>
    </p>
   </div>
   <div class='ocr_carea' id='block_1_112' title="bbox 2326 5169 3912 5261">
    <p class='ocr_par' dir='ltr' id='par_1_112' title="bbox 2326 5169 3912 5261">
     <span class='ocr_line' id='line_1_112' title="bbox 2326 5169 3912 5261; baseline -0.015 -17"><span class='ocrx_word' id='word_1_815' title='bbox 2326 5169 2440 5254; x_wconf 84' lang='grc' dir='ltr'>τοῦ,</span> <span class='ocrx_word' id='word_1_816' title='bbox 2470 5189 2646 5261; x_wconf 85' lang='grc' dir='ltr'>μονῶν</span> <span class='ocrx_word' id='word_1_817' title='bbox 2672 5186 2767 5241; x_wconf 62' lang='grc' dir='ltr'>καὶ</span> <span class='ocrx_word' id='word_1_818' title='bbox 2793 5186 3036 5237; x_wconf 79' lang='grc' dir='ltr'>στάσεων</span> <span class='ocrx_word' id='word_1_819' title='bbox 3059 5181 3151 5234; x_wconf 68' lang='grc' dir='ltr'>καὶ</span> <span class='ocrx_word' id='word_1_820' title='bbox 3174 5179 3454 5251; x_wconf 78' lang='grc' dir='ltr'>ιδρύσεων.</span> <span class='ocrx_word' id='word_1_821' title='bbox 3478 5178 3543 5228; x_wconf 76' lang='grc' dir='ltr'>ὲκ</span> <span class='ocrx_word' id='word_1_822' title='bbox 3563 5169 3912 5261; x_wconf 74' lang='grc' dir='ltr'>παραλλήλου</span> 
     </span>
    </p>
   </div>
   <div class='ocr_carea' id='block_1_113' title="bbox 2327 5260 3918 5345">
    <p class='ocr_par' dir='ltr' id='par_1_113' title="bbox 2327 5260 3918 5345">
     <span class='ocr_line' id='line_1_113' title="bbox 2327 5260 3918 5345; baseline -0.016 -7"><span class='ocrx_word' id='word_1_823' title='bbox 2327 5286 2421 5339; x_wconf 76' lang='grc' dir='ltr'><strong>καὶ</strong></span> <span class='ocrx_word' id='word_1_824' title='bbox 2456 5260 2614 5345; x_wconf 50' lang='lat' dir='ltr'><strong>sora,</strong></span> <span class='ocrx_word' id='word_1_825' title='bbox 2643 5278 2812 5333; x_wconf 74' lang='grc' dir='ltr'>αἴτιόν</span> <span class='ocrx_word' id='word_1_826' title='bbox 2849 5281 2997 5330; x_wconf 76' lang='grc' dir='ltr'>ἐστιν</span> <span class='ocrx_word' id='word_1_827' title='bbox 3042 5277 3070 5326; x_wconf 88' lang='grc' dir='ltr'>ὁ</span> <span class='ocrx_word' id='word_1_828' title='bbox 3102 5272 3253 5335; x_wconf 72' lang='grc' dir='ltr'>Θεόςι</span> <span class='ocrx_word' id='word_1_829' title='bbox 3292 5269 3418 5332; x_wconf 84' lang='grc' dir='ltr'>Πῶς</span> <span class='ocrx_word' id='word_1_830' title='bbox 3462 5264 3517 5320; x_wconf 78' lang='grc' dir='ltr'>δὲ</span> <span class='ocrx_word' id='word_1_831' title='bbox 3560 5263 3741 5333; x_wconf 79' lang='grc' dir='ltr'>πολλῷ</span> <span class='ocrx_word' id='word_1_832' title='bbox 3774 5260 3918 5333; x_wconf 75' lang='grc' dir='ltr'>πρὸ-</span> 
     </span>
    </p>
   </div>
   <div class='ocr_carea' id='block_1_114' title="bbox 2328 5352 3915 5443">
    <p class='ocr_par' dir='ltr' id='par_1_114' title="bbox 2328 5352 3915 5443">
     <span class='ocr_line' id='line_1_114' title="bbox 2328 5352 3915 5443; baseline -0.015 -17"><span class='ocrx_word' id='word_1_833' title='bbox 2328 5389 2487 5443; x_wconf 84' lang='grc' dir='ltr'>τερον</span> <span class='ocrx_word' id='word_1_834' title='bbox 2513 5369 2630 5423; x_wconf 63' lang='grc' dir='ltr'>ρτῶν</span> <span class='ocrx_word' id='word_1_835' title='bbox 2658 5366 2833 5440; x_wconf 85' lang='grc' dir='ltr'>μονῶν</span> <span class='ocrx_word' id='word_1_836' title='bbox 2858 5366 2892 5437; x_wconf 78' lang='grc' dir='ltr'>ἢ</span> <span class='ocrx_word' id='word_1_837' title='bbox 2915 5364 3029 5417; x_wconf 89' lang='grc' dir='ltr'><strong>τῶν</strong></span> <span class='ocrx_word' id='word_1_838' title='bbox 3057 5362 3358 5433; x_wconf 79' lang='grc' dir='ltr'>κινήσεων;</span> <span class='ocrx_word' id='word_1_839' title='bbox 3385 5359 3419 5429; x_wconf 81' lang='grc' dir='ltr'>ἢ</span> <span class='ocrx_word' id='word_1_840' title='bbox 3458 5355 3701 5425; x_wconf 82' lang='grc' dir='ltr'>δηλονότι</span> <span class='ocrx_word' id='word_1_841' title='bbox 3726 5353 3785 5405; x_wconf 83' lang='grc' dir='ltr'><strong>τὸ</strong></span> <span class='ocrx_word' id='word_1_842' title='bbox 3900 5381 3915 5390; x_wconf 86' lang='lat'><strong>-</strong></span> 
     </span>
    </p>
   </div>
   <div class='ocr_carea' id='block_1_115' title="bbox 2330 5442 3917 5530">
    <p class='ocr_par' dir='ltr' id='par_1_115' title="bbox 2330 5442 3917 5530">
     <span class='ocr_line' id='line_1_115' title="bbox 2330 5442 3917 5530; baseline -0.014 -13"><span class='ocrx_word' id='word_1_843' title='bbox 2330 5442 2421 5518; x_wconf 89' lang='grc' dir='ltr'><strong>νον</strong></span> <span class='ocrx_word' id='word_1_844' title='bbox 2436 5462 2533 5515; x_wconf 82' lang='grc' dir='ltr'><strong>τοῦ</strong></span> <span class='ocrx_word' id='word_1_845' title='bbox 2557 5464 2616 5514; x_wconf 78' lang='grc' dir='ltr'>ὲν</span> <span class='ocrx_word' id='word_1_846' title='bbox 2630 5462 2843 5530; x_wconf 81' lang='grc' dir='ltr'>κινήσει</span> <span class='ocrx_word' id='word_1_847' title='bbox 2858 5454 3253 5528; x_wconf 84' lang='grc' dir='ltr'>προτιμότερον</span> <span class='ocrx_word' id='word_1_848' title='bbox 3272 5468 3287 5515; x_wconf 87' lang='grc'><strong>;</strong></span> <span class='ocrx_word' id='word_1_849' title='bbox 3306 5452 3425 5504; x_wconf 77' lang='grc' dir='ltr'>ὅθεν</span> <span class='ocrx_word' id='word_1_850' title='bbox 3438 5448 3533 5501; x_wconf 68' lang='grc' dir='ltr'>καὶ</span> <span class='ocrx_word' id='word_1_851' title='bbox 3551 5445 3622 5499; x_wconf 81' lang='grc' dir='ltr'>τὰ</span> <span class='ocrx_word' id='word_1_852' title='bbox 3645 5446 3761 5498; x_wconf 76' lang='grc' dir='ltr'>θεῖα</span> <span class='ocrx_word' id='word_1_853' title='bbox 3784 5442 3917 5497; x_wconf 77' lang='grc' dir='ltr'>ἀκί-</span> 
     </span>
    </p>
   </div>
   <div class='ocr_carea' id='block_1_116' title="bbox 2331 5536 3917 5627">
    <p class='ocr_par' dir='ltr' id='par_1_116' title="bbox 2331 5536 3917 5627">
     <span class='ocr_line' id='line_1_116' title="bbox 2331 5536 3917 5627; baseline -0.015 -17"><span class='ocrx_word' id='word_1_854' title='bbox 2331 5573 2487 5627; x_wconf 90' lang='grc' dir='ltr'>νητα,</span> <span class='ocrx_word' id='word_1_855' title='bbox 2517 5553 2585 5606; x_wconf 91' lang='grc' dir='ltr'><strong>τά</strong></span> <span class='ocrx_word' id='word_1_856' title='bbox 2610 5553 2665 5606; x_wconf 84' lang='grc' dir='ltr'>δὲ</span> <span class='ocrx_word' id='word_1_857' title='bbox 2693 5550 2812 5604; x_wconf 83' lang='grc' dir='ltr'>καθ’</span> <span class='ocrx_word' id='word_1_858' title='bbox 2837 5550 2984 5619; x_wconf 72' lang='grc' dir='ltr'>ἡμᾶς</span> <span class='ocrx_word' id='word_1_859' title='bbox 3019 5543 3317 5615; x_wconf 83' lang='grc' dir='ltr'>κινουμενά</span> <span class='ocrx_word' id='word_1_860' title='bbox 3355 5541 3459 5595; x_wconf 74' lang='grc' dir='ltr'>εἰσί</span> <span class='ocrx_word' id='word_1_861' title='bbox 3505 5556 3563 5592; x_wconf 85' lang='grc' dir='ltr'><strong>τε</strong></span> <span class='ocrx_word' id='word_1_862' title='bbox 3589 5538 3683 5593; x_wconf 76' lang='grc' dir='ltr'><strong>καὶ</strong></span> <span class='ocrx_word' id='word_1_863' title='bbox 3728 5536 3917 5605; x_wconf 76' lang='grc' dir='ltr'>λέγον-</span> 
     </span>
    </p>
   </div>
   <div class='ocr_carea' id='block_1_117' title="bbox 2332 5630 3919 5711">
    <p class='ocr_par' dir='ltr' id='par_1_117' title="bbox 2332 5630 3919 5711">
     <span class='ocr_line' id='line_1_117' title="bbox 2332 5630 3919 5711; baseline -0.016 -8"><span class='ocrx_word' id='word_1_864' title='bbox 2332 5668 2444 5711; x_wconf 84' lang='grc' dir='ltr'>ται,</span> <span class='ocrx_word' id='word_1_865' title='bbox 2477 5649 2571 5701; x_wconf 71' lang='grc' dir='ltr'>καὶ</span> <span class='ocrx_word' id='word_1_866' title='bbox 2594 5647 2674 5698; x_wconf 80' lang='grc' dir='ltr'><strong>ὅτι</strong></span> <span class='ocrx_word' id='word_1_867' title='bbox 2698 5644 2807 5697; x_wconf 80' lang='grc' dir='ltr'>πᾶν</span> <span class='ocrx_word' id='word_1_868' title='bbox 2830 5642 2890 5694; x_wconf 88' lang='grc' dir='ltr'>τὸ</span> <span class='ocrx_word' id='word_1_869' title='bbox 2911 5637 3224 5709; x_wconf 83' lang='grc' dir='ltr'>κινούμενον</span> <span class='ocrx_word' id='word_1_870' title='bbox 3248 5635 3351 5688; x_wconf 83' lang='grc' dir='ltr'><strong>ὑπὸ</strong></span> <span class='ocrx_word' id='word_1_871' title='bbox 3374 5632 3628 5702; x_wconf 84' lang='grc' dir='ltr'>ἀκινήτου</span> <span class='ocrx_word' id='word_1_872' title='bbox 3655 5630 3919 5692; x_wconf 78' lang='grc' dir='ltr'>κινεῖται,</span> 
     </span>
    </p>
   </div>
   <div class='ocr_carea' id='block_1_118' title="bbox 2334 5712 3918 5804">
    <p class='ocr_par' dir='ltr' id='par_1_118' title="bbox 2334 5712 3918 5804">
     <span class='ocr_line' id='line_1_118' title="bbox 2334 5712 3918 5804; baseline -0.015 -11"><span class='ocrx_word' id='word_1_873' title='bbox 2334 5742 2393 5794; x_wconf 84' lang='grc' dir='ltr'><strong>τὸ</strong></span> <span class='ocrx_word' id='word_1_874' title='bbox 2428 5741 2483 5791; x_wconf 76' lang='grc' dir='ltr'>δὲ</span> <span class='ocrx_word' id='word_1_875' title='bbox 2528 5738 2781 5803; x_wconf 84' lang='grc' dir='ltr'>ἀκίνητον</span> <span class='ocrx_word' id='word_1_876' title='bbox 2823 5735 2883 5787; x_wconf 84' lang='grc' dir='ltr'>οὑ</span> <span class='ocrx_word' id='word_1_877' title='bbox 2931 5732 3119 5804; x_wconf 84' lang='grc' dir='ltr'>χρείαν</span> <span class='ocrx_word' id='word_1_878' title='bbox 3146 5728 3256 5800; x_wconf 78' lang='grc' dir='ltr'>ἕχει</span> <span class='ocrx_word' id='word_1_879' title='bbox 3295 5724 3388 5779; x_wconf 81' lang='grc' dir='ltr'><strong>τοῦ</strong></span> <span class='ocrx_word' id='word_1_880' title='bbox 3416 5722 3753 5792; x_wconf 78' lang='grc' dir='ltr'>κινουμένου.</span> <span class='ocrx_word' id='word_1_881' title='bbox 3783 5712 3918 5783; x_wconf 76' lang='grc' dir='ltr'>Πῶς</span> 
     </span>
    </p>
   </div>
   <div class='ocr_carea' id='block_1_119' title="bbox 2331 5809 3915 5902">
    <p class='ocr_par' dir='ltr' id='par_1_119' title="bbox 2331 5809 3915 5902">
     <span class='ocr_line' id='line_1_119' title="bbox 2331 5809 3915 5902; baseline -0.015 -16"><span class='ocrx_word' id='word_1_882' title='bbox 2331 5834 2386 5887; x_wconf 82' lang='grc' dir='ltr'><strong>δὲ</strong></span> <span class='ocrx_word' id='word_1_883' title='bbox 2412 5832 2519 5902; x_wconf 79' lang='grc' dir='ltr'>ἔχει</span> <span class='ocrx_word' id='word_1_884' title='bbox 2546 5831 2637 5883; x_wconf 75' lang='grc' dir='ltr'><strong>καὶ</strong></span> <span class='ocrx_word' id='word_1_885' title='bbox 2661 5828 2718 5881; x_wconf 84' lang='grc' dir='ltr'>τὸ</span> <span class='ocrx_word' id='word_1_886' title='bbox 2742 5824 2993 5896; x_wconf 75' lang='grc' dir='ltr'>αἰσθητὸν</span> <span class='ocrx_word' id='word_1_887' title='bbox 3017 5822 3114 5887; x_wconf 75' lang='grc' dir='ltr'>τὰς</span> <span class='ocrx_word' id='word_1_888' title='bbox 3136 5822 3281 5890; x_wconf 79' lang='grc' dir='ltr'>τρεῖς</span> <span class='ocrx_word' id='word_1_889' title='bbox 3308 5816 3565 5887; x_wconf 71' lang='grc' dir='ltr'>κινήσεις,</span> <span class='ocrx_word' id='word_1_890' title='bbox 3590 5814 3622 5883; x_wconf 82' lang='grc' dir='ltr'>ἢ</span> <span class='ocrx_word' id='word_1_891' title='bbox 3646 5809 3915 5883; x_wconf 63' lang='grc' dir='ltr'>δηλονότι,</span> 
     </span>
    </p>
   </div>
  </div>
