4186 6308
289 311 396 367 769

853 313 942 368 DE
975 313 1227 372 BlVlNlS
1259 311 1656 379 NOMINIBUS,
1691 310 1828 367 CAP
1894 311 1981 365 IV.
2018 342 2087 353 -—
2117 308 2467 366 PARAPIIR.
2503 310 2994 370 PACIIYMERJE.

3438 316 3547 370 771)

287 430 360 484 τὰ
392 429 756 502 μὲνστοιχεῖα
782 431 881 503 τὴν
908 432 1026 485 κατ’
1052 431 1264 486 εἰθεῖαν
1290 449 1304 463 °
1334 433 1396 486 τὸ
1427 432 1524 504 μὲν
1564 429 1694 502 πῦρ,
1724 431 1834 485 ἄνω

1971 424 2253 494 Quomodo
2281 437 2464 484 autem
2514 444 2601 483 rcs
2631 429 2903 485 sensibilis
2929 437 3044 486 tres
3070 431 3236 486 hasce
3258 432 3545 488 motiones

288 521 320 592 ἡ
348 520 403 573 δὲ
428 520 521 592 γῆ,
539 521 690 574 κάτω
714 539 726 551 ·
755 521 815 574 τὸ
833 521 887 574 δὲ
915 522 1040 585 πᾶν,
1061 520 1158 592 τὴν
1179 522 1363 594 κύκλῳ
1387 540 1400 552 ο
1425 524 1474 575 οἱ
1493 521 1550 574 δέ
1575 520 1862 591 πλανῆται,

285 612 386 685 τὴν
409 613 674 685 ἑλικοειδῆ
699 613 834 667 καθὸ
859 614 966 668 ἀπὸ
990 613 1096 669 τῶν
1121 616 1310 669 νοτίων
1333 616 1424 668 ἐπὶ
1447 613 1516 667 τὰ
1539 613 1744 685 βόρεια,
1771 615 1865 667 καὶ

278 704 395 757 ἀπὸ
421 705 529 758 τῶν
555 704 778 777 βορείων
805 705 898 758 ἐπὶ
919 690 990 759 τά
1016 706 1164 760 νότια
1186 707 1283 778 τὴν
1307 707 1520 777 κίνησιν
1545 705 1745 777 ἔχουσι,
1772 705 1865 758 καὶ

277 798 366 860 εἰς
399 797 459 849 τὸ
485 798 614 850 αὐτὸ
650 802 873 869 σημεῖον
901 799 1062 852 πάλιν
1097 797 1529 853 ἐπανακυκλοῦσι
1557 814 1571 863 ;
1609 783 1719 850 Καὶ
1754 798 1863 868 γὰρ

277 886 351 939 ἐκ
376 886 469 939 τοῦ
497 887 631 940 Θεοῦ
658 887 726 940 τὰ
750 888 926 942 πάντα
965 891 1057 943 καὶ
1080 890 1147 944 δι’
1173 888 1358 955 αὐτοῦ,
1386 887 1490 942 κᾶν
1533 889 1739 960 σμικρά
1780 904 1863 951 τις

275 978 445 1046 φύσις
470 977 527 1052 ᾖ,
554 979 654 1033 κᾶν
682 980 912 1053 μεγάλη,
941 982 1043 1036 κᾶν
1076 982 1162 1056 ίση
1187 986 1298 1047 τοῖς
1325 981 1523 1046 ἄλλοις,
1553 981 1652 1036 κᾶν
1675 983 1733 1034 ἐν
1768 981 1864 1052 μέέ

271 1085 395 1140 τρῳ
421 1073 526 1123 τινὶ
548 1070 860 1143 ὡρισμένῳ,
883 1074 936 1126 ai
975 1059 1084 1128 τῶν
1109 1073 1437 1145 σωματικῶν
1460 1062 1737 1142 άναλόγίαι
1767 1092 1864 1145 με·

274 1157 415 1230 ρῶν,
459 1162 515 1214 αἱ
541 1162 818 1233 ἁρμονίαι,
845 1161 898 1216 αἱ
923 1163 1030 1218 τῶν
1059 1165 1248 1236 χυμῶν
1269 1165 1517 1236 κράσεις,
1545 1165 1613 1218 τὰ
1636 1153 1766 1229 -ὄλα,
1792 1166 1863 1220 τά

275 1248 446 1321 μέρη,
472 1253 579 1306 πᾶν
604 1253 662 1305 ἓν
686 1254 779 1307 καὶ
804 1254 1023 1327 πλῆθος.
1061 1257 1216 1309 Ἔστι
1249 1255 1359 1328 γὰρ
1384 1258 1478 1310 καὶ
1501 1256 1557 1309 ἓν
1591 1258 1730 1311 κατὰ
1762 1257 1862 1329 τὴν

272 1340 529 1395 σύνδεσιν
561 1344 658 1424 τῶν
682 1345 884 1416 μερῶν,
901 1345 976 1410 ὡς
997 1347 1298 1418 ἄνθρωπος,
1331 1346 1456 1417 βοῦς
1477 1365 1492 1379 ⁸
1519 1348 1660 1403 ἐστιν
1685 1347 1745 1403 ἒν
1768 1348 1863 1402 καὶ

269 1434 420 1488 κατὰ
446 1433 542 1507 τὴν
566 1436 659 1490 τοῦ
699 1437 936 1509 πλήθους
975 1439 1187 1504 ἐνωσιν,
1227 1439 1301 1504 ὡς
1339 1441 1527 1510 δῆμος,
1574 1429 1859 1514 ἐκκλησία,

269 1528 503 1600 ποίμνη.
534 1529 606 1581 Τὸ
634 1530 786 1583 ποιὸν
819 1531 1067 1597 ἑκάστου,
1089 1533 1151 1584 τὺ
1187 1533 1352 1586 ποσόν
1370 1551 1384 1563 ·
1427 1533 1586 1586 τοῦτο
1614 1535 1721 1605 γάρ
1745 1537 1861 1587 ἐστι

267 1619 334 1672 τὸ
357 1619 607 1691 πηλίκον,
631 1624 685 1675 αί
709 1623 816 1677 τῶν
839 1623 1116 1695 στοιχείων
1137 1626 1408 1678 κοινωνίαι
1433 1627 1525 1678 καὶ
1539 1627 1856 1698 διακρίσεις;

268 1709 429 1764 Καθδ
471 1711 579 1780 γάρ
624 1713 795 1785 ἑτέρῳ
842 1714 1058 1768 ἑνοῦταί
1104 1734 1180 1780 τι,
1231 1714 1605 1772 άποδιίσταται
1656 1719 1856 1772 ἄλλουέ

1973 519 2156 583 habet,
2188 519 2295 574 nisi
2322 521 2448 588 quia
2475 519 2727 576 videlicet
2752 520 3020 586 elementa
3055 524 3274 592 quidem
3313 534 3548 591 rectum.

1967 618 2032 663 ut
2070 610 2220 680 ignis
2265 626 2507 676 sursum,
2536 621 2680 664 terra
2703 610 3324 678 deor.3ttm,.universmn
3358 623 3543 670 autem

1968 702 2070 758 hoc
2115 703 2477 770 circularem,
2533 702 2764 773 planetae
2819 719 2950 761 vero
3006 705 3279 775 obliquum
3335 717 3545 761 motum

1969 796 2191 862 habent,
2224 798 2666 866 quandoquidem
2716 799 2784 853 ab
2829 799 3034 854 Austro
3061 815 3251 854 versus
3284 799 3541 862 Boream,

1965 898 2020 944 et
2050 890 2288 945 vicissim
2321 905 2352 943 a
2381 889 2548 945 Borea
2600 906 2793 947 versus
2824 891 3081 947 Austrum
3133 902 3440 960 moventur,
3485 901 3544 947 et

1964 979 2034 1034 ad
2070 980 2209 1035 idem
2239 994 2500 1049 punctum
2533 983 2714 1038 denuo
2737 983 3146 1039 revolvuntur?
3171 983 3450 1051 Siquidem
3472 1000 3541 1039 ex
3634 1049 3645 1062 _

1964 1072 2088 1125 Deo-
2106 1079 2280 1142 evper
2298 1072 2464 1129 Deum
2490 1083 2616 1128 sunt
2650 1075 2852 1138 omnia,
2876 1073 3225 1143 quantumvis
3254 1081 3444 1127 natura
3470 1073 3540 1130 sit

1964 1179 2156 1234 parva,
2185 1163 2270 1218 vel
2298 1175 2515 1236 magna,
2540 1166 2622 1220 vel
2644 1166 2871 1236 aequalis
2901 1165 3057 1233 aliis;
3088 1176 3160 1220 et
3201 1170 3358 1220 modo
3386 1178 3540 1220 certe

1964 1256 2206 1324 deﬁnita,
2233 1272 2618 1328 corporearum
2651 1274 2868 1328 quoque
2889 1259 3124 1327 partium
3151 1257 3539 1327 preportioues

1963 1358 2020 1402 et
2076 1351 2465 1417 congruentia},
2517 1350 2806 1404 humornm
2869 1351 3337 1418 temperationes,
3400 1357 3536 1413 tota,

1962 1451 2363 1510 partes,-omne
2393 1458 2560 1496 unum
2590 1453 2639 1496 et
2674 1441 2985 1495 multitudo.
3031 1443 3127 1499 Est
3177 1451 3359 1496 autem
3406 1441 3535 1510 quid

1961 1549 2126 1589 unum
2169 1537 2467 1589 secundum
2518 1534 2934 1603 "colligationem"
2967 1534 3225 1604 partium.
3249 1544 3322 1590 .ut
3349 1535 3536 1598 homo,

1960 1626 2059 1682 bos
2086 1645 2099 1692 ;
2135 1637 2189 1681 et
2221 1635 2304 1682 est
2331 1644 2495 1685 unum
2525 1628 2823 1684 secundum
2867 1610 3231 1681 multitudinis
3256 1627 3536 1692 unionem,

1964 1725 2024 1769 ut
2051 1715 2301 1785 populus,
2335 1719 2704 1788 congregatio,
2739 1733 2894 1785 grex.
2927 1716 3204 1785 Cujnsque
3248 1718 3372 1770 item
3399 1732 3533 1784 qua-

266 1803 418 1883 κατὰ
459 1804 566 1878 γὰρ
592 1805 653 1859 τὸ
685 1807 886 1879 θερμὸν
928 1808 989 1861 τὺ
1020 1807 1129 1882 πῦρ
1155 1810 1231 1881 τῷ
1259 1810 1382 1882 ἀέρι
1426 1811 1728 1884 ἑνούμενον,
1757 1811 1847 1866 τοῦ

1955 1805 2081 1862 litas
2103 1823 2168 1863 ac
2194 1808 2470 1878 quantitas
2496 1825 2509 1861 :
2532 1810 2633 1862 hoc
2655 1807 2799 1862 enim
2823 1816 2908 1862 est
2932 1813 3111 1876 quale,
3140 1806 3533 1862 elementorum

269 1894 468 1960 ὓδατος
490 1897 797 1970 χωρίζεται.
829 1899 893 1953 Ἦ
914 1901 972 1954 ἐν
993 1903 1106 1965 τοῖς
1134 1901 1418 1972 μεγέθεσιν
1443 1903 1687 1975 ἀπειρία,
1710 1905 1850 1958 κατὰ

265 1985 371 2057 τὴν
396 1986 658 2057 διαίρεσιν
682 2006 696 2018 σ
727 1989 761 2059 ἠ
802 1990 859 2042 ἐν
880 1993 991 2055 τοῖς
1031 1991 1282 2062 ἀριθμοῖς
1321 1992 1545 2063 ἀπειρία
1586 1983 1728 2048 κατὰ
1752 1987 1854 2066 τὴν

266 2078 566 2150 πρόσθεσιν
584 2098 596 2109 ·
626 2083 729 2133 πᾶν
757 2083 949 2153 πέρας,
969 2085 1016 2135 οί
1040 2084 1426 2155 ἑρμηνευτικοὶν
1445 2083 1590 2154 λόγοι
1617 2087 1850 2153 πάντων,

264 2174 327 2225 αι
351 2170 553 2254 τάξεις,
583 2175 636 2226 αί
675 2173 809 2245 πρὸς
835 2175 1038 2246 ἄλληλα
1064 2176 1348 2248 ὑπεροχαὶ,
1378 2162 1732 2243 πᾶσαόὑσία,
1758 2183 1852 2235 καὶ

263 2261 299 2331 ἡ
330 2260 392 2312 ἐν
431 2263 566 2334 αὐτῇ
592 2263 721 2329 ἕξις,
768 2265 862 2320 καὶ
905 2269 1054 2320 πᾶσα
1081 2267 1305 2339 δύναμις
1333 2271 1427 2323 καὶ
1462 2270 1732 2342 ἐνέργεια,
1760 2273 1853 2325 καὶ

266 2352 422 2405 πᾶσα
447 2354 716 2425 αἴσθησις,
742 2358 836 2410 καὶ
857 2357 1033 2427 λόγος,
1064 2361 1158 2412 xui.
1182 2361 1386 2432 ἐπαφὴ,
1426 2347 1590 2433 ἤγουν
1630 2349 1851 2432 γνῶσις,

264 2446 364 2499 καὶ
392 2446 686 2520 ἐπιστήμη,
715 2453 807 2504 καὶ
853 2455 1001 2506 πᾶσα
1036 2454 1228 2520 ἐνωσις
1264 2457 1330 2509 δι’
1372 2459 1644 2525 ἀγνωσίας
1685 2477 1853 2532 προσ-

263 2539 540 2595 ϐάλλουσα
563 2547 673 2608 τοῖς
711 2547 1005 2623 κρείττοσι,
1029 2550 1123 2602 καὶ
1144 2552 1252 2603 πᾶν
1275 2550 1354 2617 ὃν,
1395 2550 1452 2615 ἐξ
1474 2553 1657 2616 αὑτοῦ,
1676 2555 1769 2608 καὶ
1793 2555 1852 2607 ἐν

264 2635 442 2706 αὐτῷ,
471 2639 569 2690 καὶ
592 2641 670 2703 είς
694 2642 842 2706 αὐτὸ,
871 2643 1122 2715 καὶπρὸς
1146 2645 1276 2698 αὐτὸ
1302 2647 1425 2718 ὁρᾷ,
1450 2648 1544 2700 καὶ
1567 2648 1657 2699 ὑπ’
1684 2649 1849 2702 αὑτοῦ

264 2728 574 2800 συνέχεται,
611 2733 704 2786 καὶ
743 2735 800 2786 ἐν
857 2735 1006 2807 αὑτῷ
1036 2740 1184 2793 πᾶσα
1210 2739 1433 2810 ἀρχὴ,ἢ
1475 2720 1852 2814 παραδειγμαέ

263 2822 419 2892 τικὴ,
449 2825 583 2895 πρὸς
607 2827 673 2895 ἢν
696 2827 902 2896 γίνεται
928 2829 987 2882 τὸ
1028 2828 1341 2902 γινόμενον
1377 2831 1536 2886 τοῦτο
1553 2833 1616 2908 ’δέ
1643 2814 1796 2908 ἐστιν

267 2915 408 2978 ἰδέα,
435 2919 554 2987 ἥτις
601 2921 716 2973 ἐστὶ
766 2922 951 2994 νόησις
990 2924 1300 2997 αὐτοτελὴς,
1335 2927 1637 2992 ἀΐδιος-τοῦ
1679 2930 1846 2983 ἀϊδίου

263 3007 406 3060 θεοῦ
433 3025 445 3037 ·
486 3009 517 3079 ἢ
545 3010 752 3082 τελικὴ,
782 3013 876 3067 καὶ
902 3008 970 3086 ἧς
1009 3015 1170 3068 ἑνεκα
1211 3016 1272 3069 τὸ
1298 3012 1578 3088 γινόμενον
1613 3017 1849 3073 τελειοῦέ

259 3116 356 3152 ται
384 3117 397 3129 ·
436 3099 469 3170 ἢ
496 3105 770 3175 ποιητικὴ,
797 3107 828 3176 ἡ
854 3108 1229 3180 κεχωρισμένη
1253 3107 1349 3162 τοῦ
1376 3109 1808 3181 ἀποτελέσματος
1825 3105 1846 3141 ”’

261 3189 299 3263 ἢ
325 3192 519 3263 είδικὴ,
545 3193 573 3246 ὃ
598 3194 805 3262 γίνεται
829 3196 889 3249 τὸ
910 3197 1194 3269 γινόμενον
1213 3216 1224 3228 ·
1264 3200 1296 3272 ἢ
1337 3199 1699 3271 στοιχειώδης,
1736 3202 1843 3254 oio-

261 3284 349 3340 νεὶ
387 3286 542 3358 ὑλικὴ
568 3288 626 3354 ἐξ
666 3283 725 3341 οὗ
761 3291 1156 3363 ἐνυπάρχοντος
1192 3294 1399 3362 γίνεται
1435 3294 1494 3346 τὸ
1537 3291 1843 3365 γινόμενονξ

261 3377 378 3430 Καὶ
422 3382 596 3432 πάντα
633 3381 700 3434 τὰ
725 3382 853 3435 ὄντα
878 3385 942 3436 ἐκ
964 3384 1058 3437 τοῦ
1092 3384 1258 3438 καλοῦ
1295 3387 1430 3450 ἐστι,
1456 3386 1547 3438 καὶ
1575 3387 1749 3439 πάντα
1773 3386 1841 3440 τὰ

259 3470 367 3522 οὐκ
406 3470 533 3525 ὄντα
570 3475 635 3526 ἐκ
677 3475 770 3528 τοῦ
811 3476 978 3529 καλοῦ
1024 3477 1123 3549 μὲν
1161 3479 1218 3531 οὺ
1259 3478 1528 3547 λέγονται,
1575 3479 1697 3532 οὐδέ
1734 3481 1842 3553 γὰρ

260 3559 448 3640 έχουσι
485 3567 763 3633 σύστασιν,
790 3571 906 3624 ἀλλ’
929 3573 986 3625 ἐν
1018 3571 1094 3642 τῷ
1132 3555 1446 3644 καλῶείσι·
1485 3574 1699 3644 λέγεται
1734 3575 1842 3647 γὰρ

258 3658 325 3710 τὸ
349 3660 510 3713 καλὸν
535 3661 688 3715 τοῦτο
714 3664 1164 3736 άφαιρεματικῶς
1191 3667 1298 3721 ἀπὸ
1323 3667 1558 3722 πάντων.

1956 1901 2368 1955 eommuniones
2384 1915 2447 1954 ac
2469 1900 2861 1954 distinctiones.
2883 1899 3352 1966 Quemadmodum
3387 1899 3534 1956 enim

1955 1991 2158 2061 aliquid
2210 1992 2384 2055 alteri
2425 1992 2628 2056 unitur,
2663 1991 2744 2046 sic
2771 1994 2838 2047 ab
2885 1992 3054 2056 altero
3099 2002 3424 2062 Separatur;
3454 1994 3533 2048 sic

1956 2085 2096 2156 ignis
2124 2087 2422 2141 secundum
2463 2087 2702 2143 calorem
2726 2097 2792 2140 et
2820 2089 2930 2141 aeri
2977 2089 3160 2140 unitur
3203 2096 3258 2140 et
3296 2087 3362 2140 ab
3389 2101 3530 2155 aqua

1953 2190 2293 2249 segregatur.
2340 2179 2586 2237 lniinitas
2636 2181 2688 2234 in
2722 2179 3190 2250 magnitudinibus
3231 2181 3529 2235 secundum

1955 2272 2300 2336 divisionem,
2335 2275 2387 2326 in
2422 2275 2662 2330 numeris
2689 2273 2991 2328 secundum
3024 2273 3379 2338 additioucm,
3411 2287 3532 2324 om-

1954 2367 2038 2421 nis
2064 2367 2206 2428 ﬁnis,
2226 2367 2656 2435 interpretantes
2683 2380 2965 2420 sermones
2991 2365 3252 2428 omnium,
3274 2363 3529 2426 ordines,

1955 2470 2153 2516 mutua:
2181 2462 2536 2524 excellentiae,
2568 2462 2748 2514 omnis
2771 2459 3100 2522 substantia,
3131 2466 3189 2512 et
3219 2457 3397 2511 omnis
3429 2455 3528 2510 ha-

1953 2553 2098 2608 bitus
2144 2553 2239 2624 qui
2278 2555 2332 2608 in
2353 2569 2418 2608 ea
2455 2553 2881 2618 'esl,‘et"1)mnis'
2911 2552 2992 2604 vis
3037 2561 3092 2605 et
3128 2549 3447 2615 eﬂicacitas,
3473 2560 3529 2605 et

1952 2645 2132 2699 omnis
2165 2650 2380 2710 seuSus,
2421 2653 2478 2700 et
2540 2638 2698 2708 ratio,
2756 2654 2810 2697 et
2862 2652 3038 2696 tactus
3092 2642 3214 2694 sive
3255 2641 3428 2706 notio,
3470 2650 3527 2694 et

1952 2738 2202 2800 scientia,
2231 2746 2286 2791 et
2319 2737 2497 2791 omnis
2523 2738 2649 2791 unio
2674 2752 2801 2805 qum.
2821 2751 2916 2804 per
2942 2734 3332 2804 igndrationem
3367 2736 3529 2788 rebus

1951 2829 2171 2897 Optimls
2206 2829 2510 2900 conjungit,
2541 2835 2786 2885 et-omne
2821 2830 2962 2898 quod
3000 2839 3101 2892 est,
3127 2843 3193 2882 ex
3224 2828 3360 2896 ipso,
3387 2836 3446 2881 et
3473 2828 3527 2882 in

1951 2921 2090 2988 ipso,
2119 2932 2174 2974 et
2206 2924 2271 2976 ad
2299 2920 2477 2992 ipsum
2523 2933 2628 2988 est,
2662 2931 2716 2976 et
2739 2931 2973 2990 Spectat,
3005 2931 3060 2975 et
3087 2922 3160 2974 ab
3195 2921 3524 2990 ipsoi'nonti.

1951 3025 2132 3077 netur,
2189 3023 2244 3068 et
2288 3005 2342 3069 in
2405 3014 2521 3084 ipso
2575 3015 2759 3070 existit
2810 3027 2988 3067 omne-'
3021 3014 3349 3082 principium
3406 3015 3525 3068 sive

1951 3095 2284 3174 exemplare,
2317 3108 2628 3160 secundum
2648 3099 2794 3174 quod
2823 3105 2881 3158 iit
2914 3103 2964 3158 id
2995 3106 3139 3174 quod
3163 3103 3222 3158 lit
3248 3121 3264 3171 ;
3295 3104 3397 3159 hoc
3425 3121 3524 3158 au-

1953 3207 2056 3252 tem
2088 3191 2171 3253 est
2210 3198 2355 3262 idea,
2381 3191 2525 3267 quae
2559 3207 2644 3252 est
2701 3197 2993 3252 intellectio
3029 3213 3125 3266 per
3150 3212 3208 3252 se
3257 3198 3521 3266 perfecta,

1947 3294 2300 3363 Sempiterna,
2340 3277 2656 3361 sempiterni
2721 3290 2852 3357 Dei;
2897 3291 3010 3344 sive
3037 3289 3234 3356 ﬁliole,
3266 3299 3340 3344 et'
3369 3290 3525 3359 cujus

1945 3386 2123 3458 gratia
2153 3386 2207 3439 id
2241 3384 2383 3454 qdod
2415 3384 2476 3438 lit
2498 3383 2796 3454 perﬁcitur,
2833 3384 2947 3437 sive
2978 3365 3418 3452 euidens,qu
3452 3385 3521 3438 ab

1945 3481 2139 3536 ellectu
2193 3487 2502 3547 separatum
2548 3488 2665 3543 est;
2716 3476 2830 3530 sive
2881 3475 3127 3539 formido,
3179 3476 3322 3544 quod
3363 3475 3423 3529 iit
3468 3477 3520 3533 id

1946 3570 2097 3646 Quod
2133 3572 2488 3647 producitur;
2541 3573 2656 3627 sive
2697 3572 3047 3625 el‘ementare'
3074 3585 3168 3623 seu
3216 3569 3520 3637 materiale,

1944 3673 2011 3723 ex
2053 3667 2209 3737 cujus
2248 3655 2504 3735 subjecto
2537 3663 2595 3717 ﬁt
2647 3663 2698 3716 id
2734 3662 2876 3732 quod
2911 3660 2991 3715 ilt'.
3026 3660 3093 3714 Et
3135 3661 3316 3715 omnia
3365 3677 3521 3732 quae--

261 3765 480 3821 cunque
532 3768 661 3809 sunt
719 3773 785 3811 ex
854 3761 999 3827 bono
1026 3771 1182 3823 sunt,
1227 3771 1282 3815 et
1353 3776 1691 3833 quaecunque
1749 3780 1853 3818 nou
1913 3771 2041 3818 sunt
2104 3775 2135 3814 a
2194 3756 2422 3829 pulchro
2477 3757 2697 3825 quidem
2752 3762 2860 3809 rion
2928 3754 3391 3820 denominantur,
3439 3755 3520 3809 si-

262 3844 484 3914 quidem
519 3862 626 3902 non
668 3847 870 3904 habent
923 3859 1149 3920 statum,
1181 3852 1276 3909 sed
1319 3855 1388 3909 in
1428 3854 1656 3923 pulchro
1678 3858 1853 3936 sunt;
1897 3851 2097 3912 dicitur
2130 3853 2316 3907 autem
2360 3846 2464 3908 hoc
2508 3849 2798 3922 pulchrum
2832 3849 2899 3903 de
2943 3847 3196 3904 omnibus
3240 3847 3337 3918 per
3367 3849 3520 3904 abla-

264 3941 494 3997 tionem.

334 4032 363 4106 §
387 4035 480 4087 XL
536 4031 813 4087 Ἐντεῦθεν
838 4031 1106 4086 εἰσϐάλλει
1135 4035 1262 4106 περὶ
1301 4035 1522 4108 ἔρωτος,
1550 4037 1644 4092 καί
1670 4055 1802 4110 φησι
1821 4056 1834 4069 ο

259 4125 437 4192 Πᾶσιν
467 4119 559 4177 οῦν
584 4125 700 4177 ἐστι
733 4124 792 4177 τὸ
819 4123 980 4177 καλὸν
1019 4126 1110 4178 καὶ
1133 4127 1343 4195 ἐφετὸν,
1370 4129 1463 4181 καὶ
1495 4131 1742 4202 ἐραστὸν,
1769 4131 1838 4185 δι’

258 4218 416 4282 αὐτὸ,
446 4220 538 4272 καὶ
554 4217 717 4271 αὑτοῦ
737 4218 1025 4283 ἐνεκαοκαὶ
1053 4221 1112 4272 οὐ
1129 4219 1194 4272 δι’
1209 4220 1336 4273 ἄλλο
1364 4239 1437 4286 τι,
1457 4222 1549 4274 καὶ
1579 4205 1653 4293 μὴ
1679 4203 1837 4294 μόνον

255 4310 329 4364 δι’
366 4309 529 4363 αὐτοῦ
567 4311 745 4365 πάντα
778 4311 913 4383 πρὸς
937 4311 1273 4384 ,ἄλληλατὺν
1301 4312 1478 4389 ἔρωτα
1523 4294 1725 4384 ἔχουσι.
1756 4315 1840 4368 Τὰ

2016 4035 2163 4114 ςνχι.
2197 4037 2366 4114 398
2397 4037 2496 4094 Hic
2528 4038 2594 4094 de
2635 4051 2822 4092 amore
2855 4043 3162 4091 sermonem
3198 4034 3518 4100 introducit,

1945 4149 2009 4188 ac
2038 4135 2117 4187 ait
2145 4143 2160 4188 :
2192 4125 2458 4188 omnibus
2481 4130 2644 4201 igitur
2674 4127 2958 4199 pul‘chrum
2986 4137 3041 4181 et
3073 4126 3430 4182 desiderabile
3458 4135 3516 4182 et

1945 4215 2176 4290 amabile
2201 4221 2288 4277 est
2316 4230 2536 4291 propter
2560 4234 2620 4274 se
2647 4219 2700 4273 et
2729 4220 2811 4272 sui
2842 4233 3029 4281 causa,
3064 4227 3118 4272 et
3147 4233 3251 4273 non
3297 4229 3518 4288 praptcr

1945 4311 2146 4383 aliquid
2176 4312 2348 4377 aliud,
2393 4320 2448 4366 et
2477 4327 2583 4366 non
2613 4310 2784 4364 solum
2816 4323 2911 4377 per
2943 4325 2999 4363 se
3027 4309 3208 4363 omnia
3257 4312 3323 4364 ad
3371 4310 3519 4363 invi-

261 4401 365 4471 μὲν
383 4401 528 4471 ἥττω
553 4401 661 4454 τῶν
687 4401 1006 4472 κρειττόνων
1033 4402 1468 4472 ἐπιστρεπτικῶς
1487 4443 1501 4466 ,
1529 4403 1596 4456 τὰ
1626 4403 1682 4456 δέ
1710 4404 1839 4475 ὁμόέ

1953 4419 2058 4460 cem
2088 4401 2350 4460 amorem
2398 4404 2619 4459 habent.
2655 4403 2719 4456 Et
2768 4403 3024 4457 inferiora
3063 4401 3280 4471 quidem
3331 4415 3517 4459 amant

259 4480 450 4563 στοιχα
488 4493 596 4545 τῶν
637 4493 922 4564 ὁμοταγῶν
951 4494 1316 4568 κοινωνικῶς,
1353 4497 1446 4549 καὶ
1487 4494 1555 4548 τά
1602 4495 1835 4568 κρείττω

1953 4491 2244 4564 mperiora,
2275 4491 2643 4548 convertenda
2676 4507 2735 4547 se
2764 4493 2830 4544 ad
2855 4500 2919 4545 ea
2944 4508 2961 4557 ;
2994 4500 3054 4545 et
3076 4507 3195 4560 quin
3220 4503 3346 4546 sunt
3370 4491 3515 4559 ejus-

255 4581 370 4635 τῶν
404 4583 638 4654 ἡττόνων
681 4585 1072 4656 προνοητικῶς,
1110 4585 1256 4640 ’ἀλλὰ
1298 4588 1393 4640 καὶ
1441 4587 1582 4641 αὐτὰ
1629 4589 1837 4642 ἑαυτῶν

260 4674 616 4740 συνεκτικῶς,
661 4677 758 4730 καὶ
805 4676 1003 4742 πάντα,
1034 4677 1169 4748 πρὸς
1201 4677 1469 4738 τὸλκαλὸν
1511 4678 1605 4732 καὶ
1636 4667 1837 4747 ἀγαθὸν

259 4771 695 4842 ἀπυθυνόμενα,
726 4770 940 4825 ποιοῦσι
963 4772 1056 4825 καὶ
1080 4771 1357 4847 βούλονται
1379 4773 1477 4825 ὅσα
1500 4772 1712 4826 ποιοῦσι
1743 4767 1837 4826 καῖ

261 4859 579 4934 βούλονταιῄ
601 4861 693 4914 καὶ
717 4860 900 4926 ἁπλῶς
923 4863 1100 4916 πάντα
1126 4862 1367 4935 ἀλλήλων
1385 4865 1476 4916 καὶ
1494 4863 1698 4916 ἑαυτῶν
1714 4855 1834 4934 ἐρᾷ,

260 4937 361 5005 καὶ
389 4951 418 5002 ὁ
437 4950 568 5015 θεὸς
599 4951 814 5004 πάντων
835 4953 956 5023 ἐρᾷ,
987 4954 1072 5028 ἵνα
1098 4952 1164 5006 τὰ
1197 4954 1372 5007 πάντα
1405 4954 1583 5022 ἀγαθά
1613 4955 1832 5027 ποιήσῃέ

261 5042 365 5098 Διὰ
389 5042 545 5096 τοῦτό
560 5044 784 5126 ἐστικαὶ
802 5045 984 5109 ὁθεῖος
1000 5045 1138 5116 ἔρως
1170 5048 1262 5100 καὶ
1283 5047 1609 5116 ἀγαθὸς,καὶ
1631 5043 1836 5115 ἀγαθοῦ

261 5136 589 5212 πράγματος
610 5129 910 5209 ἐπιτηδείου
931 5141 1009 5203 είς
1025 5138 1053 5190 ὃ
1066 5139 1288 5207 ἀγαθὸν,
1306 5141 1399 5195 καὶ
1413 5140 1500 5216 διὰ
1521 5140 1581 5193 τὸ
1596 5139 1799 5208 ἀγαθόν
1819 5157 1833 5172 ·

261 5229 356 5283 ἴνα
390 5229 500 5300 γὰρ
542 5227 800 5300 τελειώσῃ
835 5231 928 5283 καὶ
972 5229 1186 5302 συνέξῃ,
1225 5232 1321 5284 καὶ⁹
1355 5218 1577 5305 ἁγιάσῃ,
1608 5232 1834 5302 γίνεται.

263 5310 438 5387 Οὗτος
474 5322 581 5393 γὰρ
608 5323 636 5374 ὁ
664 5321 802 5390 ἐρως
837 5317 932 5377 καὶ
955 5323 1016 5376 τὸ
1045 5322 1198 5376 Θεῖον
1246 5325 1494 5395 ἐκίνησεν
1532 5307 1611 5390 είς
1653 5343 1835 5398 παρα-

263 5415 454 5490 γωγὴν
479 5417 512 5486 ἡ
522 5413 639 5485 μῶν
663 5416 756 5468 καὶ
791 5408 1063 5487 πρόνοιαν,
1089 5417 1175 5471 ίνα
1203 5419 1296 5470 καὶ
1323 5419 1619 5490 πρακτικὸν
1649 5419 1838 5490 ἒσ-ηται

264 5509 362 5564 καὶ
389 5506 726 5578 κινούμενον,
760 5508 854 5561 καὶ
889 5507 962 5579 μὴ
989 5508 1144 5581 μείνῃ
1174 5509 1382 5578 ἄγονον.
1422 5510 1579 5564 Ἀλλὰ
1605 5528 1840 5582 σημειω-

262 5599 408 5664 τέον,
436 5599 516 5655 ὃτι
547 5599 609 5652 οὐ
634 5588 716 5651 δεῖ
737 5601 1022 5670 προσέχειν
1061 5604 1178 5665 ταῖς
1208 5600 1437 5668 λέξεσιν,
1469 5601 1602 5656 ἀλλὰ
1644 5605 1709 5676 τῇ
1749 5602 1839 5655 δυ-

264 5693 427 5764 νάμει
455 5691 547 5745 τοῦ
578 5690 801 5745 σκοποῦ.
826 5691 994 5756 Θείως
1018 5693 1125 5764 γὰρ
1157 5693 1293 5746 αὐτᾶ
1316 5696 1343 5746 ό
1371 5694 1526 5763 λόγος
1554 5694 1802 5761 διέξεισιν
1821 5713 1834 5726 ·

261 5787 385 5841 οὐδὲ
415 5792 523 5858 γὰρ
579 5783 936 5856 τοεσϐεύομεν
977 5783 1073 5856 τὴν
1119 5785 1426 5857 ἐπωνυμίαν
1473 5784 1564 5838 τοῦ
1617 5785 1834 5856 ἔρωτος,

1940 4588 2058 4641 dem
2085 4586 2314 4648 ordinis.
2340 4595 2530 4640 amant
2570 4586 2652 4642 sui
2686 4585 2907 4649 similia,
2941 4601 3063 4638 cum
3097 4585 3162 4639 iis
3197 4579 3508 4639 communi-

1938 4679 2153 4737 cando:
2192 4691 2246 4735 et
2277 4682 2556 4751 superiora
2601 4678 2885 4742 inferiora,
2915 4678 3253 4748 providendo
3284 4677 3425 4744 illis;
3455 4689 3512 4732 et

1937 4771 2150 4843 singula
2189 4787 2248 4828 se
2293 4773 2433 4843 ipsa,
2466 4770 2844 4827 conservando
2874 4784 2958 4834 se,
2990 4779 3046 4824 et
3065 4771 3255 4823 omnia
3281 4771 3347 4824 ad
3386 4771 3512 4841 pul-

1939 4865 2211 4918 cbrum’et
2239 4862 2439 4917 bonum
2474 4861 2678 4914 directa
2714 4857 2922 4913 faciunt
2950 4872 3014 4912 ac
3044 4850 3232 4911 volunt
3253 4871 3512 4926 quaecun-

1939 4954 2304 5026 que‘faciunt
2350 4970 2412 5009 ac
2463 4952 2681 5016 volunt;
2719 4959 2773 5007 et
2824 4940 3161 5020 simpliciter,
3193 4948 3399 5002 omnia
3452 4965 3512 5003 se

1942 5053 2129 5104 mutuo
2168 5057 2248 5104 et‘
2275 5049 2456 5118 Seipsa
2498 5054 2703 5110 amant,
2756 5051 2812 5098 et
2856 5043 2999 5096 Deus
3043 5049 3191 5094 amat
3220 5041 3422 5109 omnia,
3453 5051 3511 5096 ut

1938 5142 2122 5196 omnia
2160 5141 2299 5196 bona
2348 5139 2557 5194 reddat.
2591 5134 2858 5204 QuoCirca
2893 5135 3059 5189 etiam
3106 5133 3324 5189 divinus
3352 5148 3510 5187 amor

1939 5243 1996 5288 et
2024 5236 2196 5289 bonus
2238 5243 2341 5298 est,
2379 5242 2433 5287 et
2466 5232 2544 5286 rei
2588 5229 2742 5283 bonae
2791 5231 2856 5284 ad
2888 5229 3086 5283 bonum
3129 5226 3506 5291 conducentia,

1940 5336 1993 5380 et
2029 5312 2250 5396 promer
2283 5326 2524 5390 bonum;
2561 5323 2618 5378 fit
2668 5325 2901 5379 enimut
2936 5318 3506 5390 perﬁciat,.et'conti¢

1942 5426 2094 5481 neat,
2121 5426 2175 5472 et
2199 5418 2524 5473 sanctillcet.
2547 5415 2827 5486 Siquidem
2856 5414 2942 5469 hic
2967 5410 3312 5467 amor'etiam
3339 5409 3504 5467 Deum

1941 5512 2111 5564 movit
2145 5510 2212 5565 ad
2247 5511 2414 5566 nostri
2445 5511 2859 5580 productionem
2898 5504 3421 5576 acpnovidentiam,
3446 5513 3506 5558 ut

1942 5602 2110 5656 etiam
2157 5612 2344 5672 ageret
2369 5613 2434 5657 ac
2460 5610 2791 5668 moveretur,
2818 5615 2917 5655 nec
2946 5597 3148 5654 sterilis
3174 5607 3501 5653 remaneret.

1941 5693 2248 5749 Notandum
2303 5703 2503 5760 autem,
2558 5710 2666 5750 non
2720 5697 2864 5763 ipsas
2907 5691 3196 5758 dictiones,
3238 5689 3334 5744 sed
3390 5691 3500 5744 vim

1941 5787 2087 5856 sc0pi
2150 5787 2533 5842 attendendam
2582 5801 2722 5842 esse.
2777 5786 2964 5840 Divinc
3019 5785 3163 5840 enim
3223 5783 3354 5841 bac
3389 5783 3503 5855 ipse
