4186 6308
741 358 839 413 ΤΗ
1910 356 1973 416 8.
2006 354 2325 416 DIONYSII
2349 357 2394 415 A

2349 356 2821 416 AREOPAGITE
3893 362 3990 417 7ῗὶ

737 488 917 528 sermo
937 473 1189 544 expiicat,
1225 487 1337 528 non;
1367 472 1514 529 enim
1545 472 1867 530 invocamus
1904 476 2081 547 ipsum
2114 491 2310 531 nomen
2340 479 2387 537 Δ

2340 479 2387 537 Δ
2412 475 2489 540 ὡς
2514 477 2565 529 οἰ
2605 475 2864 548 Ἕλληνες
2887 494 2907 507 ⁵
2936 476 3058 533 οὐδὲ
3087 477 3196 548 γάρ
3242 479 3356 531 ἔστι
3390 475 3553 532 τηῦτο
3593 477 3725 531 ἴδιον
3769 476 3883 531 τῶν
3924 491 3986 531 τα

732 567 960 629 amoris.
988 576 1043 621 ut
1066 566 1538 637 goutiles;nemte
1570 568 1672 625 buc
1698 569 1976 637 proprium
2006 578 2094 625 est
2120 586 2309 626 eorum

2412 565 2532 620 θεία
2558 572 2698 620 νοεῖν
2723 568 3034 634 ἐθελόντων,
3055 569 3169 624 ἀλλ’
3193 570 3417 625 ἐκείνων
3435 569 3544 623 τῶν
3574 571 3701 633 τοὺς
3729 568 3988 642 ήχουςπδο-

732 658 829 727 qui
864 674 951 712 res
985 656 1198 713 divinas
1230 648 1533 728 inteiligere
1556 660 1805 729 cupiunt,
1832 662 1931 716 sed
1959 676 2121 719 sonos
2141 664 2311 718 exiles

2411 659 2655 729 χομένων
2687 662 2846 733 μέχρι
2873 662 2981 715 τῶν
3002 662 3175 727 ὢτων,
3207 665 3299 717 καὶ
3324 663 3642 727 ἀδιαΜτους
3666 662 3867 730 ἔξωθεν
3892 662 3986 735 τῆς

738 764 1033 808 auretenus
1068 754 1385 817 admittunt,
1419 769 1521 809 nec
1548 768 1645 809 eos
1676 754 2309 813 intrinsecus-admissos

2409 750 2586 823 ψυχῆς
2618 754 2951 825 συνεχόντων
2984 755 3197 821 αὐτοὺς,
3229 757 3324 829 καί
3358 755 3432 827 μὴ
3482 756 3743 817 θελόντων
3769 757 3984 820 εἰδέναι,

739 844 912 914 ipsum
935 847 1170 899 animam
1200 856 1491 915 penetrare
1512 847 1721 913 sinunt,
1741 864 1916 918 neque
1940 850 2085 905 scire
2100 850 2306 917 volunt,

2408 841 2488 895 ὅτι
2534 843 2628 897 καὶ
2665 842 2753 896 διὰ
2804 844 3135 917 ἰσοδυνάμων
3179 847 3379 914 λέξεων
3440 847 3573 901 πολὺ
3624 849 3689 907 τὸ
3742 849 3985 920 χαμηλὸν

731 939 1214 1009 aquipollentihus
1261 943 1428 995 etiam
1481 941 1853 1009 dictionibus,
1907 959 2030 1014 quae
2078 945 2305 1001 multum

2407 933 2645 1004 ὲχουσῶν
2672 936 2734 989 οὐ
2763 934 3095 1007 “κωλυόμεθα
3143 938 3406 1008 ἐπιφωνεῖν
3433 939 3533 1003 τὰς
3579 939 3728 1004 θείας
3776 939 3948 1009 λέξεις
3968 957 3981 971 ·

732 1032 938 1086 terreni
973 1032 1211 1100 sapiunt,
1236 1047 1324 1088 res
1354 1034 1571 1087 divinas
1593 1036 1838 1103 expromi
1873 1037 2094 1103 minime
2123 1038 2308 1108 prohi-

2407 1028 2869 1099 προσπασχόντων
2897 1029 2953 1082 δὲ
2979 1032 3221 1102 ἀνοήτως
3247 1031 3530 1107 στοιχείοις
3552 1034 3645 1086 καὶ
3668 1033 3869 1100 λέξεσι,
3896 1035 3988 1089 καὶ

733 1124 881 1189 beri;
914 1125 1009 1177 sed
1043 1126 1239 1181 stolide
1270 1125 1565 1181 elementis
1602 1142 1665 1182 ac
1702 1128 2037 1185 dictionibus
2060 1139 2114 1185 et
2144 1130 2307 1202 sylla-

2408 1120 2697 1183 συλλασαῖς
2726 1122 2799 1192 μὴ
2827 1121 3230 1188 διαϐαινούσαις
3255 1127 3335 1189 εἰς
3364 1125 3561 1197 ψυχὴν,
3592 1126 3706 1201 ἀλλ’
3732 1126 3841 1193 ἔξω
3886 1144 3983 1182 που

731 1210 817 1265 bis
856 1212 1103 1266 nnintam
1163 1230 1269 1269 non
1330 1216 1759 1283 penetrantibus,
1812 1219 1907 1273 sed
1960 1222 2305 1278 extrinsecus

2406 1212 2536 1282 περὶ
2566 1211 2634 1265 τὰ
2662 1206 2776 1265 ὦτα
2800 1212 3212 1285 περιηκούσαις,
3244 1214 3433 1288 ὥσπερ
3453 1218 3502 1269 εἰ
3540 1217 3613 1288 μὴ
3644 1212 3714 1288 ἦν
3745 1214 3867 1281 ἰξὸν
3896 1216 3984 1270 τὸν

727 1318 894 1357 aures
935 1303 1261 1359 ferientibus
1300 1306 1549 1361 tenacius
1575 1308 1885 1372 adhaerent;
1910 1326 1975 1366 ac
2002 1312 2047 1366 si
2087 1329 2193 1367 non
2238 1313 2304 1367 li-

2403 1302 2645 1376 τέσσαρα
2686 1305 2861 1357 εἰπεῖν
2910 1303 2999 1358 διά
3046 1304 3143 1359 τοῦ
3187 1306 3270 1371 δὶς
3297 1306 3471 1379 δύο,ἢ
3504 1307 3573 1361 τά
3619 1308 3985 1380 εὐθύγραμμα

726 1407 849 1451 cent
892 1408 1125 1466 quatuor
1152 1414 1247 1467 per
1280 1399 1364 1453 bis
1397 1400 1505 1454 duo
1533 1401 1864 1470 signiﬁcare,
1893 1415 1987 1459 aut
2028 1405 2303 1475 simplices

2401 1394 2762 1468 ὀρθόγραμμα
2780 1433 2798 1449 .
2821 1397 3020 1467 Ὅμοια
3038 1397 3149 1471 γὰρ
3169 1400 3267 1452 καὶ
3282 1398 3353 1455 τά
3379 1400 3590 1472 αΰτά,ἢ
3623 1401 3721 1471 τὴν
3753 1400 3985 1473 μητρίδα

726 1487 904 1543 lineas
946 1499 1147 1543 rectas.
1182 1487 1388 1545 Similis
1430 1492 1601 1553 enim,
1630 1493 1741 1544 imo
1770 1494 1961 1547 eadem
2010 1506 2156 1559 sunt,
2185 1496 2302 1552 sive

2404 1485 2546 1541 κατά
2576 1489 2705 1552 τοὺς
2745 1490 2971 1562 Κρῆτας
3005 1491 3243 1563 πατρίδα
3290 1494 3462 1547 εἰπεῖν
3511 1493 3633 1560 καθ’
3683 1495 3849 1565 ὑμᾶς,
3892 1494 3984 1548 καὶ

723 1582 850 1651 quis
900 1582 1201 1636 secundum
1246 1584 1536 1637 Cretenses
1581 1585 1831 1638 matriam
1870 1584 2041 1649 dicat,
2074 1587 2189 1644 sive
2219 1603 2303 1644 se-

2400 1576 2590 1639 τάλλα,
2608 1579 2694 1631 ἵνα
2726 1579 2799 1652 μὴ
2826 1582 2947 1636 καθ’
2963 1582 3192 1637 ἕκαστον
3214 1584 3597 1656 διατρίϐωμεν,
3612 1586 3734 1639 δέον
3761 1586 3981 1651 εἰδέναι,

722 1674 963 1725 cundum
1007 1688 1105 1728 nos
1143 1674 1399 1743 patriam,
1432 1684 1485 1729 et
1514 1674 1593 1729 sic
1618 1675 1686 1729 de
1712 1675 1946 1731 caeteris.
1981 1676 2057 1733 Ne
2085 1678 2299 1749 singula

2400 1668 2483 1723 ὅτι
2509 1673 2621 1735 τοῖς
2651 1670 2828 1740 λόγοις
2872 1674 2959 1727 διὰ
3007 1675 3108 1740 τὰς
3147 1676 3424 1749 αἰσθήσεις
3466 1676 3745 1749 χρώμεθα.
3791 1677 3982 1732 Ἦνίκα

722 1781 1132 1830 recouseamus.
1168 1767 1445 1822 sciendum
1473 1783 1572 1821 cur
1600 1768 1780 1823 verbis
1809 1777 1868 1823 et
1895 1770 2146 1825 sensibus
2175 1780 2298 1827 uta-

2401 1760 2510 1833 7&9
2530 1763 2621 1817 τὸν
2650 1767 2982 1837 προφορικὸν
3002 1768 3190 1822 τοῦτον
3212 1769 3370 1838 λόγον
3400 1770 3657 1842 κινοῦμεν
3684 1772 3813 1844 περί
3831 1789 3981 1837 ,τινος

722 1872 866 1911 mur.
920 1858 1148 1924 Quando
1198 1859 1361 1912 enim,
1392 1871 1703 1913 sermonem
1747 1859 1840 1929 qui
1893 1862 2294 1929 pronuntiatur,
2327 1848 2371 1905 Β

2328 1848 2371 1905 Β
2397 1853 2505 1907 τῶν
2540 1854 2992 1925 αἰσθητῶνιτότε
3037 1859 3237 1925 λέξεων
3285 1861 3380 1915 καὶ
3406 1862 3635 1933 γραφῶν
3674 1864 3767 1917 καὶ
3808 1860 3981 1933 λόγων

719 1960 1006 2006 movemus
1024 1950 1101 2003 de
1128 1950 1315 2004 sensiii
1348 1950 1557 2019 aliquo,
1586 1963 1698 2006 tum
1728 1952 2065 2010 dictionibus
2086 1966 2143 2010 et
2168 1956 2301 2011 scri-

2398 1944 2628 2017 δεόμεθα
2668 1948 2804 2019 πρὸς
2850 1949 3080 2021 δήλωσιν
3123 1951 3218 2005 τοῦ
3262 1954 3617 2026 καλουμένου.
3673 1956 3735 2009 Εἰ
3778 1954 3838 2010 δὲ
3887 1957 3980 2027 ἀφ’

717 2044 897 2113 pluris
942 2050 995 2095 et
1040 2041 1224 2097 verbis
1264 2054 1400 2112 opus
1432 2043 1698 2100 habemus
1718 2045 1952 2114 adejus,
1985 2048 2131 2117 quod
2159 2049 2296 2105 dici-

2397 2038 2593 2110 ιαυτῆς
2633 2043 2667 2111 ή
2699 2041 2846 2113 ψυχὴ
2871 2043 3010 2117 πρὸς
3043 2044 3111 2098 τὰ
3143 2045 3308 2116 νοητά
3340 2051 3567 2104 κινεῖται
3613 2048 3699 2102 διὰ
3726 2048 3836 2103 τῶν
3884 2051 3979 2121 69-

719 2146 831 2198 tur,
864 2135 1313 2194 declarationem.
1341 2136 1398 2190 Si
1442 2146 1628 2192 autem
1676 2137 1864 2193 anima
1916 2154 1944 2194 a
1988 2141 2180 2211 seipse
2226 2144 2296 2200 ad

2398 2131 2506 2185 θῶν
2526 2134 2851 2206 ὲνεργειῶν,·
2876 2138 3128 2209 περιτταὶ
3160 2138 3297 2209 μετά
3324 2139 3434 2194 τῶν
3479 2141 3753 2211 αἰσθητῶν
3791 2144 3849 2196 αἰ
3897 2145 3984 2197 αἰ-

718 2227 1083 2298 intelligibilia
1128 2238 1414 2293 movetur;
1454 2228 1510 2283 in
1560 2230 1734 2287 rectis
1763 2234 2175 2301 Operationibus
2198 2250 2295 2291 su~

2397 2225 2615 2297 σθήσεις
2638 2242 2652 2256 ·
2697 2225 2878 2300 ὑψηλά
2913 2228 3023 2301 γὰρ
3052 2230 3399 2300 φαντάζεται.
3436 2234 3601 2287 Ὅταν
3642 2235 3698 2287 δὲ
3742 2235 3980 2310 θεοειδής

716 2320 905 2391 perﬂui
934 2330 1210 2375 suntcum
1272 2317 1564 2377 sensiLbus
1610 2337 1828 2391 «usus,
1860 2325 2109 2380 sublimia
2146 2328 2291 2383 enim

2394 2317 2629 2389 γένηται
2656 2318 3049 2390 προκύπτουσα
3100 2324 3225 2386 ταῖς
3271 2322 3409 2393 μεεά
3443 2324 3639 2394 μικρὸν
3684 2325 3982 2381 ἀνατάσεσι

716 2417 1067 2485 imaginatur.
1098 2414 1326 2483 Quando
1355 2426 1535 2473 autem
1565 2418 1849 2475 deiformis
1874 2418 2075 2476 saecla
2123 2420 2292 2480 fuerit

2394 2411 2487 2466 καὶ
2506 2408 2575 2463 δι’
2596 2408 2843 2475 ἑνώσεως
2873 2411 3150 2481 ἀγνώστου
3179 2414 3316 2486 πρὸς
3340 2415 3400 2469 τὸ
3422 2416 3713 2489 ἀπρόσιτον
3736 2417 3853 2487 φῶς
3875 2418 3978 2485 τὰς

715 2507 1113 2560 clevationibus
1136 2506 1411 2575 paulatim
1445 2508 1763 2578 proﬁciens,
1796 2520 1965 2580 atque
2001 2526 2099 2580 per
2126 2512 2293 2581 igno-

2392 2501 2649 2567 ἐπιϐολὰς
2679 2502 2798 2578 ἔχῃ,
2826 2503 2947 2557 τότε
2978 2504 3072 2558 καὶ
3100 2506 3155 2569 αἰ
3197 2507 3380 2579 νοεραί.
3415 2508 3683 2579 ἐνέργειαι
3727 2511 3979 2582 περιτται

714 2604 827 2649 tam
856 2595 1113 2651 unionem
1137 2595 1532 2651 intellectioues
1550 2612 1678 2653 suas
1703 2598 1754 2657 in
1780 2598 2064 2655 inaccesso
2088 2600 2292 2660 lumine

2391 2595 2549 2657 εἰσιν,
2586 2594 2661 2659 ὡς
2688 2597 2782 2650 καὶ
2812 2597 2865 2649 αἰ
2893 2596 3194 2669 αἷσθήσεις,
3222 2599 3408 2672 ἐπειδὴ
3427 2600 3495 2654 τὰ
3522 2600 3827 2673 ὑψηλότερα
3850 2602 3978 2657 τού-

714 2685 988 2750 ltabuerit,
1025 2694 1136 2739 tum
1184 2687 1354 2742 etiam
1389 2687 1756 2759 intelligibiles
1780 2692 2135 2761 operationes
2165 2703 2293 2751 sunt

2390 2701 2499 2739 των
2527 2687 2559 2757 ή
2589 2685 2735 2757 ψυχὴ
2764 2685 3071 2750 διανοεῖται,
3098 2688 3283 2741 λοιπὸν
3328 2690 3580 2762 ἡνωμένη
3627 2690 3765 2760 Θεῷ.
3802 2692 3975 2745 Ὅταν

714 2776 1022 2846 superﬂuae,
1054 2779 1195 2833 sicut
1223 2786 1277 2835 et
1306 2793 1517 2842 sensus,
1552 2781 1811 2850 quoniam
1861 2783 1945 2838 his
1971 2785 2290 2841 sublimiora

2390 2780 2449 2835 δὲ
2493 2783 2522 2836 ό
2554 2782 2678 2847 νοῦς
2708 2780 3022 2853 χαμαίζηλα
3062 2781 3365 2853 φαπασθῇ,
3400 2783 3494 2835 καὶ
3518 2783 3645 2853 περί
3685 2798 3830 2846 τινος
3864 2782 3978 2839 ἀπὺ

712 2873 920 2938 cogitat
954 2873 1132 2926 anima
1158 2872 1282 2941 jam.
1305 2873 1414 2927 Deo
1458 2875 1632 2927 unita.
1660 2874 1826 2945 399
1854 2876 2077 2943 Quando
2106 2888 2288 2935 autem

2388 2876 2497 2930 τῶν
2547 2875 2822 2948 αἰσθητῶν
2875 2876 3080 2949 σπεύδῃ
3120 2874 3429 2945 κινηθῆναι,
3456 2876 3577 2929 τότε
3630 2878 3755 2940 τοὺς
3806 2895 3973 2947 σαφε-

716 2979 872 3019 meus
893 2964 1041 3017 humi
1075 2966 1315 3031 repentis
1342 2980 1435 3020 seu
1470 2967 1754 3025 terrestria
1782 2968 2204 3036 itnaginatur,et
2235 2973 2289 3027 in

2392 2966 2611 3038 στέρους
2639 2966 2829 3035 λόγους
2874 2968 2967 3021 καὶ
3009 2966 3077 3019 τὰ
3122 2966 3422 3037 τρανότερα
3458 2967 3567 3019 τῶν
3612 2968 3825 3039 ὁρατῶν
3865 2969 3971 3041 χρὴ

711 3055 901 3111 sensili
933 3054 1116 3123 aliquo
1154 3053 1358 3108 moveri
1391 3058 1594 3121 studet,
1633 3068 1761 3113 tunc
1786 3057 2049 3115 clariores
2082 3074 2289 3116 sermo-

2388 3059 2736 3129 ὲπιλέγεσθαι
2752 3077 2767 3090 ⁸
2792 3060 2924 3114 διότι
2948 3060 3297 3132 ἀτρανώτων,
3320 3058 3413 3115 καὶ
3440 3060 3647 3132 ἀδήλων
3668 3061 3778 3115 τῶν
3800 3081 3975 3136 παραο

716 3163 835 3211 nes,
863 3156 917 3200 et
957 3162 1077 3215 qua:
1118 3148 1170 3200 in
1208 3146 1371 3201 rebus
1400 3147 1703 3202 visibilibus
1736 3151 1971 3204 maxime
2002 3151 2286 3222 perspicua
2315 3204 2359 3227 η

2317 3204 2359 3227 η
2390 3150 2656 3220 κειμένων
2684 3152 2802 3213 ταῖς
2832 3150 3145 3221 αἰσθήσεσιν
3168 3149 3337 3204 ὄντων
3366 3150 3485 3204 οὐδὲ
3509 3150 3647 3205 αὐτὰ
3682 3153 3737 3205 αἰ
3772 3152 3970 3227 αἰσθή-

712 3204 859 3301 sunt,
892 3204 1125 3305 seligere
1151 3248 1387 3308 oportet.
1415 3242 1619 3310 quippe
1652 3241 1861 3313 quando
1889 3241 1979 3296 iila
2003 3204 2286 3311 qua:
2314 3204 2362 3266 (ἶ

2321 3204 2362 3266 c
2393 3204 2506 3305 σεις
2536 3204 2853 3314 δυνήσονται
2892 3204 3073 3307 καλῶς
3114 3244 3458 3316 παραστῆσαι
3499 3242 3576 3315 τῷ
3604 3244 3680 3316 νῷ
3718 3244 3791 3301 τά
3837 3204 3974 3301 δὲὲ-

708 3332 862 3385 sibus
888 3329 1095 3398 objecta
1120 3340 1246 3385 sunt
1278 3332 1500 3387 minime
1532 3332 1759 3403 liquent,
1786 3342 1842 3389 et
1873 3332 2104 3390 obseura
2137 3336 2287 3392 exsi-

978 3340 1095 3385 ecta
1120 3340 1246 3385 sunt
1278 3332 1500 3387 minime
1532 3332 1759 3403 liquent,
1786 3342 1842 3389 et
1873 3332 2104 3390 obseura
2137 3336 2287 3392 exsi-
2390 3333 2630 3405 κείμενα.

709 3432 886 3487 stunt,
920 3434 1033 3477 tum
1080 3423 1267 3491 utique
1300 3439 1493 3479 sensus
1524 3440 1585 3478 ea
1614 3439 1734 3495 quae
1768 3435 2085 3491 occurrunt,
2116 3428 2283 3483 menti

710 3516 994 3585 porrigere
1025 3531 1130 3570 non
1165 3526 1317 3570 recte
1351 3524 1624 3584 poterunt.

779 3607 807 3678 §
842 3607 951 3661 Xll.
996 3608 1102 3662 Sed
1143 3623 1211 3663 ne
1257 3608 1371 3663 haec
1414 3608 1595 3664 dicere
1634 3608 1915 3664 videamur
1957 3610 2024 3665 ad
2066 3610 2282 3667 divinas

2459 3604 2486 3676 ᾗ
2526 3606 2641 3659 ΧΠ.
2685 3605 2828 3676 Πλὴν
2877 3606 2965 3661 ἵνα
3017 3604 3091 3677 μὴ
3140 3603 3386 3676 δοκῶμεν
3420 3604 3848 3678 παρακινοῦντες
3894 3607 3968 3661 τά

709 3698 1026 3768 Scripturas
1048 3700 1440 3767 immutandas,
1460 3701 1688 3771 agedqu
1722 3716 1789 3755 es
1817 3702 1950 3771 ipsis
1975 3702 2283 3774 Scripturis

2388 3696 2505 3749 θεῖα
2536 3696 2709 3764 λόγια,
2744 3698 2841 3765 ἄγε
2869 3696 2977 3751 ἀπὸ
3012 3696 3121 3749 τῶν
3164 3695 3397 3767 Γραφῶν
3429 3698 3869 3769 παραστήσωμεν
3900 3699 3967 3753 τὸ

708 3796 921 3848 a'moris
969 3808 1164 3849 nomen
1204 3795 1788 3851 astruamus.Adducit
1824 3795 1990 3864 igitur
2010 3796 2062 3851 in
2088 3806 2281 3851 testem

2384 3788 2477 3841 τοῦ
2510 3789 2709 3860 ἔρωτος
2747 3788 2936 3861 ὄνομα,
2972 3789 3129 3860 Φέρει
3164 3787 3296 3857 γοῦν
3329 3787 3420 3840 τὸν
3453 3788 3771 3859 Σολομῶντα
3820 3790 3965 3863 μάρ-

708 3887 882 3953 ipsum
931 3885 1281 3941 Salomonem
1310 3894 1365 3939 et
1394 3902 1648 3957 magnum
1680 3886 1983 3960 lgnatium,
2014 3898 2071 3944 et
2105 3890 2283 3945 denuo

2383 3899 2521 3951 τυρα
2542 3922 2559 3946 ,
2590 3882 2683 3934 καὶ
2716 3881 2807 3934 τὸν
2839 3882 3010 3953 μέγαν
3047 3882 3302 3951 ’Ῑγνάτιον
3324 3897 3337 3910 ⁸
3373 3882 3468 3941 καὶ
3496 3880 3656 3935 πάλιν
3687 3882 3777 3934 τὸν
3807 3882 3966 3935 Σολο-

707 3978 1097 4045 Salomonem,
1140 3977 1293 4047 cujus
1333 3980 1496 4034 etiam
1536 3981 1703 4035 verba
1749 3981 2053 4036 divinorum
2105 3982 2281 4039 intro-

2386 3972 2572 4044 μῶντα
2595 4014 2609 4037 ,
2644 3967 2703 4027 οῦ
2731 3973 2824 4027 καὶ
2860 3970 2926 4027 τά
2963 3975 3183 4046 ῥήματα
3212 3975 3628 4046 προεισαγωγάς
3658 3974 3767 4028 τῶν
3799 3976 3966 4029 θείων

707 4072 994 4127 ductiones
1026 4069 1370 4125 oraculorum
1396 4080 1450 4127 et
1482 4072 1701 4127 umbras
1728 4073 1917 4142 gratiae
1940 4087 2059 4127 esse
2084 4073 2275 4141 tradit;

2382 4064 2575 4134 λογίων
2607 4066 2804 4135 φησὶν,
2846 4066 2922 4129 ὼς
2963 4065 3120 4129 σκιὰς
3150 4067 3249 4137 τῆς
3283 4067 3504 4138 χάριτος
3528 4085 3540 4097 ·
3584 4067 3721 4121 ὥστε
3767 4068 3840 4139 μή
3873 4085 3963 4133 τις

706 4176 775 4217 ne
813 4161 943 4229 quid
973 4162 1133 4230 igitur
1161 4175 1259 4215 nos
1318 4161 1370 4215 in
1407 4162 1509 4214 lioc
1535 4170 1739 4215 terreat
1770 4159 1850 4215 vel
1878 4161 2177 4231 perturbet,
2206 4164 2281 4217 si-

2381 4158 2529 4229 ἡμᾶς
2558 4157 2929 4229 δεδιττόμενος
2958 4158 3053 4211 καὶ
3082 4157 3331 4227 ὲκφὸδῶν
3364 4158 3659 4230 θορυόείτω
3684 4161 3809 4230 περὶ
3834 4160 3966 4213 τού-

704 4254 924 4321 quitlem
982 4253 1215 4322 theologi
1274 4266 1563 4307 commune
1629 4262 1854 4309 censent
1907 4268 2053 4317 esse,
2082 4270 2276 4310 nomen

2378 4266 2507 4303 του·
2546 4251 2595 4303 οἱ
2623 4249 2732 4323 γὰρ
2770 4248 3008 4320 θεολόγοι
3056 4251 3235 4304 κοινὸν
3269 4250 3440 4323 ὄνομα
3471 4252 3705 4305 τίθενται
3749 4251 3809 4304 τὸ
3857 4248 3963 4324 τῆς

702 4348 908 4401 amoris
937 4355 991 4401 et
1032 4346 1369 4411 dilectionis;
1401 4345 1700 4412 quinetiam
1742 4344 1983 4400 nonnulli
2043 4346 2277 4402 divinius

2377 4343 2603 4417 ἀγάπης
2623 4342 2717 4397 καὶ
2746 4343 2807 4395 τὸ
2837 4342 2930 4396 τοῦ
2959 4342 3158 4416 ἔρωτος
3190 4384 3203 4407 ,
3229 4344 3372 4407 τινὲς
3393 4344 3448 4396 δὲ
3472 4343 3674 4396 τούτων
3699 4343 3789 4395 καὶ¹
3812 4343 3959 4398 θειό-

702 4458 825 4498 esse
855 4450 1048 4510 putant
1078 4454 1270 4493 nomen
1296 4437 1518 4503 amoris,
1546 4447 1803 4505 tanquam
1840 4437 2140 4501 occultius.
2171 4438 2277 4496 sic-

2378 4453 2532 4506 τερον
2553 4435 2725 4507 ὄνομα
2750 4434 2986 4487 τίθενται
3013 4434 3073 4487 τὸ
3090 4434 3183 4487 τοῦ
3213 4434 3433 4504 ἔρωτος,
3455 4434 3531 4499 ὡς
3559 4436 3959 4507 κρυφιωδέστε-

704 4546 764 4588 ιιι
810 4535 977 4588 etiam
1027 4532 1198 4600 magis
1250 4532 1533 4585 absonum.
1569 4529 1839 4597 Quantum
1878 4529 2021 4584 enim
2060 4530 2275 4588 videtur
2308 4586 2347 4601 κ

2308 4586 2347 4601 κ
2382 4544 2497 4601 ρον,
2526 4525 2661 4585 καθὸ
2688 4527 2786 4581 καὶ
2811 4525 3174 4597 ἀτοπώτερον.
3202 4528 3363 4580 Ὅσον
3403 4527 3508 4598 γὰρ
3547 4528 3791 4599 ἀπρεπὲς
3833 4531 3956 4599 φαί-

704 4626 962 4680 indecens
991 4634 1044 4677 et
1074 4622 1275 4675 divinis
1328 4638 1432 4675 non
1466 4622 1821 4686 conveniens,
1850 4630 2057 4677 tantum
2102 4634 2185 4679 est
2222 4634 2277 4679 et
2307 4617 2349 4642 ν

2307 4617 2349 4642 ν
2383 4636 2530 4673 νεται
2555 4618 2648 4673 καὶ
2676 4620 2785 4681 τοῖς
2831 4617 2993 4682 θείοις
3015 4618 3237 4689 ἀπᾷδον,
3265 4619 3515 4672 τοσοῦτόν
3544 4622 3657 4672 ἐστι
3691 4621 3785 4673 καὶ
3816 4622 3954 4693 κρύ-

704 4718 1013 4780 occultum,
1060 4717 1187 4769 dum
1235 4716 1526 4783 qumrimus
1561 4715 1833 4783 quomodo
1886 4722 1940 4769 et
1988 4731 2155 4786 quam
2208 4718 2277 4773 ob

2382 4730 2539 4783 φιονη,
2572 4711 2875 4784 ζητούντων
2902 4712 3057 4784 ήμῶν
3079 4752 3093 4777 ,
3123 4712 3271 4775 ὅπως
3313 4713 3405 4765 καί
3440 4711 3506 4768 δι’
3531 4713 3597 4783 ἢν
3633 4712 3732 4783 τὴν
3773 4712 3955 4767 αἰτίαν

708 4827 926 4865 causam
960 4810 1036 4863 sic
1067 4819 1309 4863 vocetur.
1337 4807 1469 4861 Cum
1506 4808 1607 4861 hoc
1634 4808 1848 4877 itaque,
1884 4817 1945 4862 ut
1974 4808 2138 4863 Deum
2178 4810 2273 4863 de—

2381 4806 2521 4863 οῦτω
2540 4804 2775 4875 λέγεται.
2799 4804 3001 4859 Τούτου
3026 4803 3155 4873 γοῦν
3181 4803 3496 4873 θεοπρεπῶς
3527 4804 3652 4873 παρ’
3679 4802 3836 4874 ήμῶν
3865 4802 3959 4856 λε-

706 4911 814 4965 cet,
845 4917 871 4953 a
909 4902 1062 4954 nobis
1098 4900 1299 4951 dictum
1336 4898 1429 4962 sit,
1462 4897 1649 4967 vulgus
1680 4898 1989 4962 hominum,
2011 4914 2134 4952 cum
2164 4914 2273 4954 non

2380 4902 2609 4973 γομένου
2636 4941 2651 4965 ,
2686 4900 2755 4954 τά
2788 4899 2967 4971 πλήθη
3004 4899 3077 4971 μὴ
3127 4899 3447 4969 χωρήσαντα
3484 4896 3544 4949 τὺ
3587 4882 3815 4959 ὲνοειδὲς
3852 4897 3956 4969 τῆς

701 4998 879 5062 capiat
912 4994 1342 5046 unil'urmitatem
1387 4991 1634 5043 anmtorni
1685 4990 1922 5043 nominis
1951 4989 2148 5054 divini,
2189 4991 2272 5044 vel

2379 4994 2647 5065 ἐρωτικῆς
2672 4992 2993 5063 θεωνυμίας,
3020 4991 3050 5061 ἢ
3072 4989 3191 5043 καθ’
3216 4990 3281 5059 ῆν
3304 4993 3331 5043 ό
3354 4988 3483 5052 Θεὸς
3514 4990 3613 5059 ὲρᾷ
3638 4987 3747 5040 τῶν
3777 4987 3958 5040 ἀπάν-

700 5087 999 5141 Secundum
1033 5100 1193 5152 quam
1230 5084 1369 5136 Deus
1404 5092 1551 5133 amat
1604 5080 1805 5147 omnia,
1833 5082 1924 5148 qui
1962 5094 2044 5135 est
2082 5082 2276 5135 unicus

2377 5104 2504 5149 των,
2532 5087 2559 5137 ὁ
2581 5088 2777 5149 ἐνιαϊος
2796 5124 2810 5148 ,
2840 5084 2933 5137 καὶ
2963 5082 3199 5146 ἁπλοῦς,
3232 5082 3327 5135 καὶ
3352 5080 3490 5151 ὑπὲρ
3524 5080 3633 5133 πᾶν
3677 5078 3815 5147 ἔρως
3854 5080 3954 5132 καὶ

701 5191 755 5234 et
799 5179 1059 5246 simplex;
1089 5188 1143 5229 et
1183 5192 1344 5243 supra
1379 5175 1563 5230 omnia
1619 5190 1792 5238 amor,
1823 5189 1997 5243 neque
2027 5184 2108 5227 est
2136 5174 2264 5226 divi-

2378 5175 2454 5245 μὴ
2480 5174 2870 5245 ὲσκεδασμένος
2900 5175 2978 5235 εἰς
3020 5170 3146 5243 τέλη
3188 5170 3359 5223 πολλὰ
3380 5209 3394 5232 ,
3436 5167 3550 5221 ἀλλ’
3587 5169 3664 5231 εἰς
3695 5168 3753 5219 ἓν
3786 5167 3847 5219 τὸ
3876 5165 3955 5221 τὰ

702 5288 795 5328 sus
830 5274 881 5325 in
913 5271 1048 5324 ﬁnes
1082 5270 1310 5331 tnultus,
1358 5270 1451 5321 sed
1496 5267 1546 5319 in
1608 5281 1771 5319 unum
1797 5305 1811 5328 ,
1859 5267 1983 5317 dum
2023 5266 2273 5319 onmibus

2376 5267 2552 5319 πάντα
2582 5266 3011 5334 ἀγαθοποιῆσαι,
3046 5263 3079 5334 ἢ
3114 5263 3235 5317 καθ’
3264 5264 3330 5333 ἢν
3369 5262 3581 5331 ὲρῶμεν
3626 5258 3786 5313 αὑτοῦ
3809 5276 3822 5288 ·
3852 5260 3955 5312 καὶ

702 5368 840 5421 bene
886 5364 1050 5429 facit;
1096 5364 1181 5416 vel
1229 5362 1530 5416 secundum
1572 5377 1730 5428 quam
1766 5374 1862 5415 nos
1906 5362 2077 5429 ipsum
2123 5374 2271 5414 ama-

2373 5354 2523 5431 οῦτος
2553 5357 2660 5429 γὰρ
2689 5358 2715 5408 ό
2739 5355 2876 5426 ἔρως
2898 5352 3061 5407 αὑτοῦ
3082 5353 3315 5422 ὲνοειδὴς
3339 5351 3610 5420 ὀφείλεται
3634 5345 3771 5401 εἶναι
3806 5352 3954 5406 κατά

700 5474 857 5524 mus;
896 5472 1019 5510 nam
1050 5458 1214 5509 etiam
1251 5455 1337 5508 hic
1364 5471 1517 5509 amor
1549 5454 1690 5507 illius
1714 5453 2000 5505 uniformis
2026 5466 2145 5504 esse
2170 5450 2267 5505 de-

2373 5451 2435 5505 τό
2456 5467 2470 5481 ⁸
2490 5446 2843 5520 Ἀγαπήσεις
2861 5447 3079 5514 Κύριον
3105 5446 3211 5498 τὸν
3229 5446 3374 5498 Θεόν
3402 5460 3518 5499 σου
3554 5442 3623 5507 ἐξ
3657 5442 3806 5509 ὅλης
3835 5443 3956 5511 τῆς

701 5554 812 5615 bet,
856 5549 1011 5617 juxta
1057 5549 1225 5602 illud:
1260 5548 1452 5615 Diliges
1491 5546 1774 5599 Dominum
1812 5544 1983 5597 Deum
2030 5553 2175 5597 tuum
2204 5561 2267 5599 ex

2373 5542 2637 5607 διανοίας
2664 5557 2800 5603 σου,
2827 5538 2922 5592 καὶ
2950 5538 3017 5602 ἐξ
3049 5536 3198 5604 ὅλης
3229 5535 3338 5605 τῆς
3358 5534 3567 5605 ⁴ψυχῆς
3584 5551 3721 5598 σου,
3745 5534 3843 5587 καὶ
3875 5536 3953 5601 ἐξ

699 5650 809 5694 tota
832 5649 997 5693 mente
1019 5649 1134 5700 tua,
1162 5653 1210 5690 et
1240 5652 1301 5689 ex
1338 5647 1444 5687 tota
1474 5638 1651 5688 animo
1676 5648 1799 5701 tua,
1828 5648 1873 5688 et
1910 5651 1973 5689 ex
2002 5637 2120 5688 lotis
2145 5636 2267 5688 viri-

2374 5635 2522 5701 ὅλης
2550 5632 2657 5702 τῆς
2683 5632 2893 5699 ἰσχύος
2916 5644 3054 5690 σου,
3078 5629 3150 5699 μὴ
3174 5628 3386 5699 ἔχοντος
3408 5627 3588 5698 χώραν
3606 5626 3792 5698 ἑτέρου
3814 5626 3956 5697 ἐρω-

696 5734 792 5786 bus
822 5732 925 5786 tuis
942 5739 987 5796 ³,
1021 5732 1091 5784 ita
1126 5741 1183 5783 ut
1218 5731 1269 5782 in
1302 5729 1478 5782 anima
1526 5729 1653 5781 nulli
1677 5728 1855 5798 .alteri
1889 5728 2063 5783 amori
2114 5726 2263 5781 locus

2373 5745 2462 5792 τος
2495 5729 2551 5780 ὲν
2583 5728 2649 5796 τῇ
2678 5725 2771 5777 τοῦ
2806 5722 2938 5777 Θεοῦ
2966 5721 3147 5795 ἐρώει-ῃ
3170 5722 3333 5793 ψυχῇ.
3367 5720 3580 5791 Ταύτην
3602 5714 3695 5774 οῦν
3718 5722 3815 5794 τὴν
3847 5722 3954 5778 τοῦ

781 5852 804 5883 ⁸
834 5844 985 5899 Deut.
1010 5859 1084 5910 Vl,
1118 5844 1170 5908 5;
1205 5843 1387 5898 Matth.
1423 5858 1553 5908 χιιι,
1582 5844 1667 5899 37.
