4176 6308
154 364 305 424 373

760 359 850 418 ne
882 356 1138 424 nmms
1166 337 1567 427 nomines,
1599 356 1763 419 car.
1795 357 1887 416 tv.
1925 389 1995 402 —
2027 358 2376 418 PAltAPllll.
2413 359 2893 421 PACllYMEBA-J.

3359 362 3467 420 ’Πὸ

170 480 400 554 ἔρωτος
425 476 734 551 θεωνυμίαν
755 476 823 535 τὰ
842 475 1023 549 πλήθη
1045 474 1105 530 οὐ
1128 475 1476 555 χωρήσαντα,
1500 472 1775 542 ὲξὼλισθοι

1894 474 1963 530 sit
1990 492 2156 547 quam
2190 478 2362 532 amori
2409 477 2615 532 divino.
2669 477 2789 537 Hoc
2831 478 2995 549 igitur
3043 477 3210 536 divini
3263 481 3471 533 amoris

171 573 292 628 ὲπὶ
320 569 857 643 τὸνσωματοπρεπῆ
883 568 1337 643 καὶηδιῃρημίνον
1358 568 1453 624 καὶ
1489 566 1742 640 μεριστόν
1760 585 1775 603 ν

171 664 357 729 ἀλλος
381 662 493 735 γὰρ
518 660 680 725 ἄλλου
710 662 845 735 ὶρᾷ,
873 659 1154 727 καὶᾶλλος
1192 660 1351 716 ἄλλου
1392 659 1605 731 ἐφίεται
1636 658 1778 714 κατὰ

172 754 295 825 τεὸν
325 754 565 810 τοιοῦτον
597 752 798 825 lpum,
839 752 899 818 ὃς
919 750 1186 817 οὐκέστιν
1218 750 1424 824 ἀληθὴς
1449 750 1608 824 ιρως,
1642 749 1778 805 ἀλλὰ

179 848 400 923 μᾶλλον
421 848 661 915 εἴδωλον,
678 848 714 922 ἢ
739 848 1015 915 ἔκπτωσις
1034 848 1130 905 τοῦ
1149 848 1296 915 θείου
1323 847 1543 921 ἔρωτος.
1562 848 1649 913 ὀς
1669 848 1780 921 γὰρ

175 939 228 1011 ἡ
266 940 598 1012 κομμωτικὴ
624 940 727 1012 τῆς
750 932 1133 1015 ¹γυμναστικῆς
1158 939 1374 995 εἴδωλόν
1394 942 1542 1005 -ὶστι,
1565 940 1628 1005 τὸ
1655 957 1783 1010 φαι-

158 1033 424 1107 ,νόμενον
454 1034 898 1109 ὲπιχρωννύουσα
936 1034 1150 1099 κάλλος,
1188 1035 1327 1106 ὅπερ
1352 1034 1495 1091 κατὰ.
1523 1033 1780 1106 ἀλήθειαν

182 1129 234 1203 ft
258 1127 606 1202 γυμναστικὴ
625 1130 787 1192 ποιεῖν
809 1129 903 1185 καὶ
926 1131 960 1201 ἡ
994 1127 1331 1201 ὀψαρτυτικὴ
1363 1127 1464 1198 τῆς
1498 1129 1777 1202 tumuit:-

180 1220 344 1277 οὕτω
387 1221 481 1275 καὶ
526 1221 556 1274 6
608 1219 949 1293 σωματικὸς,
999 1220 1203 1294 ἱρωτος
1241 1220 1335 1276 τοῦ
1368 1221 1513 1276 θείου
1563 1220 1782 1275 εἴδωλόν

184 1314 369 1381 δστιν,
406 1312 645 1371 ἐκκαίων
679 1314 771 1369 καὶ
791 1308 963 1378 οὗτος
986 1313 1088 1386 τὴν
1112 1312 1311 1386 ψυχὴν,
1350 1314 1467 1368 ἀλλ’
1507 1315 1591 1379 είς
1631 1314 1781 1369 οὐδὲν

184 1404 479 1477 ἀγαπητὸν
508 1406 603 1461 καὶ
638 1406 887 1477 μόνιμον,
932 1406 965 1479 ἢ
1006 1405 1507 1478 μᾶλλονεκπτωσις
1527 1424 1540 1437 ·
1574 1409 1781 1473 ἐκεῖνος

183 1498 310 1571 γὰρ
338 1500 366 1553 6
386 1498 526 1562 θεῖος
560 1498 700 1570 ἔρως
733 1498 931 1563 οἰκεῖός
960 1501 1075 1552 ἐστι
1107 1494 1173 1570 τῇ
1209 1499 1353 1571 ψυχῇ
1375 1540 1390 1565 ,
1415 1493 1568 1564 οὗτος
1599 1500 1657 1554 δὲ
1689 1500 1782 1554 ἀλ-

182 1588 409 1663 λότριος
450 1591 543 1644 καὶ
584 1591 869 1655 ἀνοίκειος.
891 1590 1052 1644 Ὅθεν
1086 1590 1302 1661 καὶτῆς
1327 1590 1504 1663 ψυχῆς
1537 1592 1781 1662 φυσικῶς

184 1681 293 1735 καὶ
331 1681 473 1735 κατὰ
513 1680 671 1753 χάριν
706 1675 1217 1753 ἐχούσηςηὲφίεσθαι
1251 1681 1344 1735 τοῦ
1386 1682 1553 1747 ὅντως
1590 1683 1776 1746 καλοῦ,

186 1773 292 1829 καὶ
326 1772 460 1844 πρὸς
477 1772 568 1844 τὸν
594 1770 751 1844 ζῆλον
784 1772 948 1827 αὑτοῦ
970 1771 1467 1844 διαθερμαίνεσθαι,
1503 1774 1777 1842 ιγγίνεται

190 1864 299 1936 μὶν
338 1863 617 1936 ἡτοιαύτη
653 1863 827 1937 θέρμη
864 1864 958 1918 καὶ
996 1863 1238 1935 κίνησις·
1276 1864 1708 1937 πλὴνὲκπίπτει
1745 1869 1772 1919 6

185 1955 323 2021 νοῦς
340 1956 439 2026 τῆς
459 1956 718 2029 ἀληθινῆς
750 1955 1003 2028 κρίσεως,
1040 1956 1135 2023 καὶ
1168 1955 1234 2010 δι’
1269 1955 1499 2029 ὀρέξεως
1528 1956 1773 2027 συλαγω-

184 2048 392 2117 γεῖται,
422 2048 517 2102 καὶ
544 2046 606 2104 τὸ
636 2045 860 2119 μισητὸν
892 2046 1031 2101 κατὰ
1064 2047 1224 2117 φύσιν
1252 2046 1497 2101 ποθεινὸν
1532 2049 1766 2119 ἡγεῖται,

186 2137 290 2190 καὶ
316 2136 392 2200 ὡς
420 2136 577 2206 μένον
604 2136 665 2190 τὸ
694 2137 1103 2209 παρερχόμενον
1134 2139 1375 2210 στέργει,
1418 2137 1599 2202 καθὼς
1621 2137 1772 2217 εἴρη-

182 2244 285 2280 ται
306 2243 320 2258 ο
358 2227 446 2289 Ὠς
481 2226 689 2280 ἑστῶτα
731 2225 1076 2296 ἑλογίσαντο,
1108 2227 1203 2282 καὶ
1229 2226 1327 2297 οὐχ
1352 2225 1428 2290 ὠς
1478 2225 1767 2296 φεύγοντα.

184 2320 308 2376 Καὶ
336 2318 494 2373 τοῦτό
519 2322 669 2375 ἐστιν
691 2321 723 2392 ἡ
754 2318 847 2373 τοῦ
870 2320 1016 2373 θείου
1043 2318 1244 2392 ἔρωτος
1269 2319 1559 2383 ἔκπτωσις,
1585 2320 1651 2373 ἑκ
1674 2319 1768 2373 τοῦ

186 2410 439 2476 ἀπαθοῦς
474 2413 552 2476 είς
584 2412 675 2466 τὸν
707 2413 949 2485 ἐμπαθῆ,
974 2414 1039 2468 ἑκ
1053 2411 1147 2467 τοῦ
1180 2413 1327 2467 θείου
1349 2414 1429 2477 είς
1455 2412 1548 2467 τὸν
1580 2430 1768 2485 σωμα-

186 2503 366 2566 τικὸν,
406 2504 471 2555 ὲκ
496 2500 589 2555 τοῦ
639 2502 800 2556 ἀθλου
838 2505 918 2567 είς
959 2503 1051 2557 τὸν
1093 2502 1278 2557 ενυλον
1305 2522 1319 2535 ο
1353 2501 1637 2576 ἀχώρητον
1662 2505 1771 2577 γάρ

188 2589 314 2643 ἔστι
342 2591 417 2661 τῷ
444 2592 553 2645 τῶν
578 2593 787 2657 πολλῶν
816 2593 1009 2665 πλήθει.
1039 2594 1100 2646 τὸ
1130 2594 1328 2648 ὲνιαῑον
1352 2592 1447 2647 τοῦ
1470 2593 1614 2647 θείου
1634 2594 1771 2666 ἔρω-

186 2697 309 2746 τος,
344 2683 436 2737 καὶ
465 2685 552 2738 διὰ
591 2685 769 2750 τοῦτο,
811 2686 887 2751 ὼς
915 2686 1332 2758 δυσχερέστερον
1367 2686 1460 2740 καὶ
1484 2684 1771 2758 διαϐεϐλη-

198 2772 367 2843 μένον
399 2776 492 2829 ὲπὶ
510 2776 604 2830 τοῦ
631 2775 788 2841 Θεοῦ,
810 2777 1062 2832 τάττεται
1093 2777 1228 2849 πρὸς
1258 2777 1320 2831 τὸ
1341 2776 1531 2844 άνάξαι
1561 2777 1772 2840 τούτοις

194 2868 279 2929 εἰς
303 2867 402 2938 τὴν
424 2868 517 2921 τοῦ
542 2867 710 2933 ὅντως
734 2868 933 2940 ἔρωτος
955 2868 1177 2938 γνῶσιν,
1202 2872 1296 2924 καὶ
1326 2869 1466 2924 ὥστε
1495 2869 1773 2942 συντόμως

192 2958 534 3031 ἀπολυθῆναι
557 2961 655 3032 τῆς
679 2961 929 3033 τοιαύτης
968 2964 1362 3036 διεψευσμένης
1386 2963 1545 3035 δόξης
1585 2965 1650 3017 ὲκ
1678 2963 1772 3016 τοῦ

193 3050 488 3118 γινώσκειν
523 3053 774 3125 διαὸεσλη
785 3054 952 3128 μένην
990 3056 1090 3129 τὴν
1122 3055 1267 3123 λέξιν
1292 3055 1384 3110 τοῦ
1408 3056 1607 3128 ἔρωτος
1628 3094 1643 3119 ,
1680 3056 1773 3109 καὶ

192 3142 398 3212 ἥκιστα
420 3142 498 3215 τῷ
522 3143 640 3215 Θεῷ
674 3145 1005 3216 πρέπουσαν.
1049 3146 1204 3201 Οὕτω
1236 3147 1345 3220 γὰρ
1369 3149 1464 3204 καὶ
1503 3150 1561 3203 ὲν
1589 3153 1656 3222 τῇ
1684 3152 1774 3210 οὑσ-
1799 3182 1844 3242 C

199 3236 373 3307 ρανίῳ
402 3237 653 3308 ίεραρχίᾳ
683 3238 867 3308 φησὶν,
892 3239 973 3292 ὅτι
1008 3238 1070 3292 τὸ
1096 3239 1295 3311 μᾶλλον
1319 3240 1658 3311 άπεμφαϊνον
1687 3242 1775 3294 εύ-

190 3328 358 3399 χερές
398 3331 547 3382 ἐστιν
582 3330 674 3381 ἐπὶ
709 3329 844 3383 Θεοῦ
864 3330 1118 3399 λέγεσθαι
1137 3373 1151 3397 ,
1178 3333 1273 3385 καὶ
1305 3332 1468 3385 πλέον
1497 3331 1589 3385 τοῦ
1614 3327 1776 3405 ἦττον

193 3419 441 3473 τοιούτου
461 3459 475 3485 ,
502 3420 577 3483 ὡς
611 3420 963 3493 άπαγομένης
1000 3422 1247 3477 ἐντεῦθεν
1281 3424 1380 3496 τῆς
1405 3423 1639 3489 διανοίας
1682 3426 1775 3478 εὐ-

191 3513 393 3577 κόλως,
419 3513 501 3566 ὅτι
525 3514 584 3566 οὐ
611 3512 770 3573 τοῦτό
800 3515 946 3568 ἐστιν
972 3516 1000 3568 6
1028 3514 1178 3581 Θεὸς,
1202 3515 1339 3570 ἀλλὰ
1360 3516 1503 3571 κατά
1530 3534 1651 3571 τινα
1684 3518 1776 3572 λό-

194 3623 295 3676 γον
324 3604 527 3677 ὑψηλὸν
550 3605 692 3659 οὕτω
711 3605 944 3675 λέγεται.
973 3608 1068 3672 Τίς
1088 3606 1201 3679 γάρ
1222 3608 1508 3679 ὑπονοήσει
1529 3609 1621 3663 τὸν
1644 3608 1778 3664 Θεὸν

190 3696 491 3767 πάνθηρα,
519 3696 551 3768 ἦ
588 3697 813 3762 λέοντας
851 3698 971 3763 Φῶς
1012 3699 1068 3752 δὲ
1089 3740 1104 3765 ,
1130 3699 1164 3771 ἢ
1192 3700 1304 3773 πῦρ
1330 3742 1345 3767 ,
1374 3700 1408 3773 ἢ
1439 3700 1654 3773 πνεῦμα
1686 3703 1777 3757 ἐπὶ

196 3787 333 3842 Θεοῦ
368 3788 657 3859 λεγόμενον
685 3788 881 3859 μᾶλλον
918 3790 1101 3862 ἀπατᾷ
1134 3792 1235 3862 τὴν
1277 3791 1534 3857 διάνοιαν,
1569 3792 1776 3863 μήποτὲ

188 3898 251 3933 τι
282 3879 488 3933 τούτων
514 3880 650 3934 ἐστί.
677 3881 780 3935 Τὸν
805 3882 965 3935 αὐτὸν
995 3882 1193 3954 τρόπον
1217 3884 1310 3937 καὶ
1336 3885 1429 3938 ἐπὶ
1450 3882 1544 3937 τοῦ
1574 3883 1776 3955 ἔρωτος

190 3971 299 4041 τῆς
341 3970 621 4042 ἀγάπηςό
665 3972 757 4025 ἐπὶ
786 3972 885 4041 μὲν
926 3972 1060 4026 Θεοῦ
1096 3972 1159 4027 τὸ
1177 3974 1432 4045 δυσχερὲς
1462 3975 1630 4047 ὄνομα
1680 3977 1774 4031 τοῦ

191 4062 400 4135 ἔρωτος
443 4064 695 4117 τάττεται
725 4105 739 4129 ,
780 4066 864 4133 ἐφ’
905 4065 1063 4136 ἡμῶν
1097 4066 1186 4132 δὲ,
1220 4066 1348 4120 ἔνθα
1386 4068 1478 4120 καὶ
1504 4067 1702 4123 ἄτοπόν
1722 4088 1773 4123 τι

199 4154 461 4219 πολλάκις
480 4151 548 4227 ἦν
568 4156 816 4227 οίηθῆναί
842 4172 993 4221 τινας
1016 4158 1125 4210 τῶν
1156 4158 1509 4233 χαμαιζήλων
1535 4164 1627 4216 καὶ
1655 4180 1776 4233 μοχ-

194 4244 401 4316 θηρῶν,
429 4247 462 4317 ή
486 4246 762 4317 ἀγάπησις
788 4248 1003 4317 λέγεται
1046 4250 1438 4321 εὐφημότερον,
1471 4252 1610 4305 κατὰ
1634 4253 1694 4305 τὸ
1715 4256 1774 4305 ὲν

194 4340 264 4409 τῇ
290 4338 480 4411 πρώτῃ
514 4340 621 4393 τῶν
657 4341 951 4396 Βασιλειῶν
985 4344 1133 4415 παρὰ
1172 4343 1267 4397 τοῦ
1302 4342 1466 4399 Δαυῖδ
1498 4346 1631 4417 πρὸς
1665 4348 1775 4401 Ἰω-

197 4428 382 4500 νάθαμ
424 4430 733 4501 λεγόμενον.
779 4433 931 4487 Ἐπεὶ
973 4438 1086 4499 τοῖς
1124 4435 1299 4506 ὀρθῶς
1341 4437 1595 4491 ἀκούουσι
1638 4440 1773 4512 πρὸς

1886 586 2080 635 nomen
2120 570 2313 642 vulgus
2358 588 2463 629 non
2510 572 2840 642 intelligens.
2885 573 2952 627 ad
2993 586 3230 628 amorem
3262 585 3432 639 corno

1886 681 2035 722 reum
2068 674 2123 720 et
2149 647 2467 723 distraetqu
2504 680 2570 720 ac
2601 665 2840 720 divisum
2866 666 3135 747 dilapsum
3163 674 3277 731 est;
3324 662 3467 716 alius

1883 757 2029 813 enim
2068 758 2439 832 aliudamnt.
2488 766 2544 814 et
2571 757 2713 813 alius
2741 758 2887 813 aliud
2917 758 3125 828 appetit
3162 758 3463 814 secundum

1886 851 2187 908 istiusmodi
2236 866 2517 916 amorem,
2550 852 2643 922 qui
2681 865 2788 905 non
2820 861 2904 905 est
2944 867 3103 907 verus
3142 867 3320 916 amor,
3362 851 3459 909 sed

1886 943 2058 1015 magis
2102 944 2454 1000 simulacrum
2494 944 2578 1001 vel
2627 942 2904 1015 prolapsio
2932 943 3000 996 ab
3023 959 3210 1001 amore
3251 946 3435 1000 divino

1886 1032 2038 1088 Sicut
2062 1036 2207 1090 enim
2256 1048 2347 1090 ars
2384 1034 2997 1091 fucandi-simulacrum
3042 1044 3127 1089 est
3173 1037 3307 1090 artis
3357 1050 3460 1107 gy-

1886 1126 2191 1194 mnasticat,
2223 1126 2506 1186 dumyfueo
2532 1126 2736 1183 coloris
2762 1127 3219 1198 pulchritudinem
3259 1129 3426 1183 tuenti

1888 1230 1999 1284 tur,
2023 1233 2187 1290 quam
2238 1232 2431 1275 revera
2470 1234 2563 1275 ars
2603 1219 2944 1275 exercitandl
2973 1228 3029 1274 et
3050 1219 3319 1274 culinaria
3349 1235 3462 1275 me-

1883 1306 2064 1363 dicina
2099 1307 2420 1375 couferunt;
2478 1310 2557 1363 sic
2585 1310 2748 1363 etiam
2782 1321 2941 1365 amor
2969 1325 3266 1380 corporeus
3293 1310 3462 1365 simi»

1886 1401 2091 1462 lacrum
2125 1409 2209 1457 est
2235 1401 2442 1454 amoris
2471 1402 2637 1453 divini
2660 1440 2676 1464 ,
2729 1416 2851 1460 cum
2908 1401 2997 1465 hic
3028 1402 3193 1457 etiam
3220 1403 3458 1457 animant

1884 1490 2169 1557 accendat,
2212 1492 2305 1547 sed
2346 1491 2416 1546 ad
2460 1492 2597 1546 nihil
2641 1491 2905 1562 diligibile
2948 1508 3012 1548 ac
3053 1492 3288 1557 stabile,
3327 1494 3459 1565 quin

1885 1587 2064 1656 potius
2112 1585 2316 1639 amoris
2362 1584 2563 1653 lapsus,
2591 1594 2726 1640 est:
2783 1585 3051 1655 siquidem
3104 1586 3337 1655 divinus~
3370 1586 3461 1642 ille

1885 1696 2039 1736 amor
2089 1680 2344 1750 proprius
2381 1688 2467 1733 est
2518 1678 2748 1745 animae,
2790 1679 2879 1732 hic
2922 1689 3104 1733 autem
3157 1680 3366 1735 alienus
3404 1690 3461 1739 et

1884 1781 2199 1825 extraneos.
2223 1768 2377 1826 Unde
2401 1770 2566 1825 etiam
2610 1772 2807 1824 animae
2837 1770 3159 1833 naturaliter
3185 1781 3240 1825 et
3264 1787 3430 1827 secun

1881 1864 2006 1916 dum
2057 1868 2291 1934 gratiam
2336 1862 2558 1917 insitum
2592 1874 2712 1927 est,
2743 1871 2802 1915 ut
2830 1878 3018 1917 verum
3044 1862 3210 1935 5.00
3253 1864 3459 1919 bonum

1874 1964 2093 2024 appetat
2138 1965 2193 2011 et
2234 1956 2300 2008 ad
2351 1954 2622 2011 fervorem
2657 1954 2775 2022 ejus
2818 1955 3148 2022 incalescat,
3194 1957 3453 2027 quoniam

1872 2047 2183 2102 istiusmodi
2211 2049 2451 2102 calorem
2485 2056 2788 2126 ac-motum
2815 2048 3036 2126 inserit;
3069 2064 3257 2103 verum
3299 2062 3454 2104 meo!

1873 2155 1901 2194 a
1942 2155 2072 2199 vero
2117 2139 2330 2209 judicio
2381 2122 2646 2205 aberrat,
2712 2147 2768 2194 et
2810 2153 2907 2210 per
2945 2122 3451 2211 concupiscentiam

1873 2235 2167 2302 avertitur,
2203 2244 2259 2290 et
2292 2235 2344 2289 id
2374 2234 2519 2303 quod
2569 2234 2877 2288 secundum
2910 2242 3161 2289 naturam
3193 2234 3319 2290 odio
3359 2235 3460 2289 ha-

1864 2327 2111 2397 bendum
2144 2336 2262 2394 est,
2291 2326 2577 2382 existimat
2610 2325 3035 2381 desiderandum
3068 2341 3190 2381 esse
3212 2366 3226 2391 ,
3248 2336 3303 2380 et
3333 2336 3456 2381 tan-

1875 2434 2037 2489 quam
2086 2419 2215 2489 quid
2264 2432 2589 2489 permanens
2637 2418 2691 2473 id
2740 2417 2885 2488 quod
2929 2418 3308 2473 transitorium
3348 2427 3456 2484 est,

1875 2509 2249 2581 amplectitur,
2305 2512 2457 2583 sicut
2479 2512 2685 2571 dictum
2726 2517 2845 2573 est,
2890 2510 3016 2580 quia
3051 2520 3310 2578 tanquam
3347 2518 3458 2565 sta-

1875 2603 2037 2658 bilem
2070 2604 2315 2667 amairat,
2347 2612 2404 2657 et
2434 2617 2539 2658 non
2574 2611 2831 2671 tanquam
2864 2600 3135 2670 fugacem.
3158 2600 3227 2655 Et
3255 2600 3345 2656 hic
3372 2612 3455 2657 est

1874 2691 2047 2748 divini
2078 2694 2283 2752 amoris
2311 2693 2517 2763 lapsus,
2547 2709 2616 2747 ex
2650 2692 2974 2761 intpassibili
3017 2693 3071 2747 in
3112 2692 3455 2761 passibilem,

1874 2802 1943 2841 ex
1980 2786 2165 2841 divino
2212 2786 2267 2841 in
2314 2799 2635 2854 corporeum
2659 2824 2675 2849 ,
2719 2799 2787 2839 ex
2818 2785 3175 2839 immateriali
3202 2785 3253 2840 in
3292 2795 3456 2839 mute-

1877 2877 2103 2941 rialam;
2142 2875 2282 2947 vulgi
2320 2875 2468 2930 enim
2505 2876 2659 2930 turba
2713 2891 2818 2929 non
2873 2876 3018 2945 capit
3060 2876 3281 2930 unicum
3325 2875 3455 2929 illud

1876 2965 2045 3021 divini
2076 2966 2298 3031 amoris,
2342 2975 2396 3020 et
2438 2954 2943 3034 idcirco,tanquam
2976 2950 3050 3019 id.
3079 2967 3223 3036 quod
3265 2967 3455 3021 durius

1876 3061 1946 3115 sit
1986 3069 2042 3123 et
2088 3058 2261 3131 magis
2294 3073 2519 3129 exosum
2546 3099 2562 3126 ,
2608 3061 2674 3112 de
2724 3058 2832 3113 Deo
2881 3058 3121 3128 ponitur,
3170 3072 3230 3113 ut
3264 3058 3453 3129 vulgus

1878 3151 2029 3206 hisce
2059 3150 2113 3205 in
2157 3150 2269 3204 veri
2317 3149 2517 3205 amoris
2540 3138 2905 3216 cognitionem
2937 3150 3264 3213 adducatur,
3290 3159 3454 3218 uttu

1877 3240 2201 3311 compendio
2233 3242 2301 3296 ab
2348 3241 2654 3296 istiusmodi
2688 3240 2822 3296 falsa
2851 3242 3111 3307 Opinione
3157 3241 3452 3307 liberetur,

1881 3322 2007 3388 dum
2045 3333 2334 3404 intelligit,
2366 3334 2532 3387 etiam
2564 3348 2789 3389 exosum
2834 3333 2969 3389 alias
3021 3334 3222 3388 amoris
3258 3349 3453 3389 nomen

1879 3438 1935 3484 et
1980 3428 2162 3484 intima
2213 3442 2442 3507 quaeque
2487 3427 2586 3497 ipsi
2638 3428 2747 3483 Deo
2801 3438 3135 3507 competere.
3178 3426 3270 3482 Sic
3304 3427 3452 3482 enim

1879 3521 2043 3575 etiam
2075 3520 2129 3574 in
2161 3518 2367 3574 Caelesti
2396 3519 2695 3574 hierarchia
2720 3520 2833 3572 ait:
2864 3536 2882 3569 t
2906 3519 2963 3592 ’ld
2995 3519 3135 3589 quod
3164 3520 3336 3587 magis
3356 3520 3456 3574 ab-

1879 3625 2070 3665 sonum
2109 3618 2196 3665 est
2228 3619 2529 3681 Opportune
2554 3613 2620 3665 de
2646 3609 2757 3665 Deo
2780 3610 2911 3673 dici,
2936 3625 3113 3681 eoque
3151 3612 3319 3683 magis
3341 3628 3449 3683 quo

1879 3702 2040 3755 vilius
2060 3701 2283 3769 existit;
2308 3702 2563 3771 quoniam
2606 3701 2736 3756 hinc
2766 3702 2925 3757 facile
2957 3718 3109 3757 mens
3139 3703 3449 3763 abducitur.

1882 3803 1939 3848 ut
1964 3794 2190 3865 cogitet,
2219 3794 2386 3848 Deum
2412 3810 2516 3849 non
2542 3810 2663 3849 esse
2681 3794 3005 3859 istiusmodi,
3029 3794 3119 3850 sed
3143 3796 3445 3850 secundum

1879 3886 2163 3941 sublimem
2186 3886 2420 3956 aliquem
2452 3902 2671 3943 sensum
2703 3887 2784 3941 sic
2802 3886 3079 3956 appellari.
3096 3906 3115 3939 ι
3133 3888 3267 3956 Quis
3292 3889 3439 3943 enim

1877 3978 2194 4048 Opiuabitur
2218 3976 2395 4032 Deum
2430 3979 2753 4048 pantheram
2776 3994 2897 4034 esse
2925 3979 3010 4034 vel
3049 3980 3302 4035 leonem?
3332 3980 3447 4037 Lux

1877 4081 2057 4123 autem
2089 4070 2172 4125 vel
2204 4070 2351 4139 ignis
2387 4069 2471 4125 vel
2515 4069 2742 4140 spiritus
2769 4086 2893 4125 cum
2931 4072 2994 4125 de
3029 4073 3136 4140 De_o
3167 4072 3448 4138 dicuntur,

1875 4161 2091 4216 facilius
2149 4172 2385 4217 mentem
2433 4162 2691 4218 aberrare
2739 4161 2979 4231 faciunt,
3024 4178 3091 4218 ne
3135 4162 3278 4219 forte
3317 4158 3448 4234 quid

1862 4269 2071 4313 ‘horum
2117 4258 2206 4313 sit.
2244 4257 2443 4311 Eodem
2480 4257 2637 4313 modo
2672 4258 2836 4313 etiam
2869 4259 2934 4313 de
2983 4274 3168 4315 amore
3211 4274 3275 4314 ac
3313 4260 3450 4315 dile-

1876 4349 2086 4414 ctione;
2132 4349 2183 4401 in
2211 4347 2319 4401 Deo
2347 4348 2566 4416 quidem
2596 4364 2818 4403 exosum
2853 4349 2982 4404 illud
3014 4365 3214 4405 nomen
3242 4352 3446 4405 amoris

1877 4442 2117 4513 ponitur,
2153 4442 2206 4495 in
2254 4443 2407 4497 nobis
2437 4454 2643 4507 autem,
2694 4444 2783 4497 ubi
2832 4458 3205 4511 smpenumero
3245 4445 3444 4514 aliquid

194 4524 307 4576 τῶν
344 4523 505 4595 ἱερῶν
552 4524 812 4595 θεολόγων
841 4528 1215 4600 ταύτοδύναμα
1255 4532 1533 4585 τάττονται
1570 4532 1638 4585 τὰ
1678 4533 1770 4585 δύο

1877 4536 2169 4589 absurdum
2216 4536 2463 4589 homines
2499 4545 2662 4590 terr-.e
2707 4536 2847 4589 allixi
2887 4537 3152 4606 suspicari
3204 4536 3447 4607 possent,

197 4616 372 4670 ταῦτα
397 4618 633 4688 ὀνόματα
654 4622 733 4682 είς
766 4621 865 4683 τὰς
904 4622 1051 4686 θείας
1075 4622 1454 4695 ὲκφαντορίας,
1487 4625 1579 4679 καὶ
1623 4624 1774 4694 δηλοῖ

196 4705 296 4776 τὴν
345 4706 584 4759 ἑνοποιὸν
625 4709 718 4761 καὶ
760 4713 1131 4784 συγκρατικὴν
1178 4712 1402 4783 δύναμιν
1437 4717 1496 4767 ὲν
1540 4715 1617 4786 τῷ
1653 4715 1771 4788 Θεῷ

198 4798 627 4869 προῦφεστῶσαν
650 4841 664 4863 ,
692 4800 779 4853 διὰ
814 4801 877 4854 τὸ
939 4800 1102 4855 καλὸν
1138 4796 1233 4858 καὶ
1263 4805 1483 4874 ἀγαθὸν,
1522 4808 1608 4861 ἵνα
1640 4826 1770 4877 συγ-

200 4887 488 4957 κιρνῶνται
517 4889 714 4961 δηλαδὴ
736 4891 803 4945 τὰ
836 4892 1011 4945 πάντα
1035 4892 1111 4957 ὼς
1137 4894 1347 4965 ἐρῶντα
1367 4937 1381 4960 ,
1405 4896 1579 4967 τούτῳ
1606 4898 1670 4969 δὴ
1694 4898 1772 4969 τῷ

195 4976 318 5048 Θεῷ
344 4978 419 5041 ὼς
448 4980 710 5050 ἐρωμένῳ
739 4981 888 5051 καλῷ
927 4985 1021 5035 καὶ
1046 4985 1252 5057 ἀγαθῷ,
1283 4988 1376 5041 καὶ
1403 4990 1467 5041 ὲκ
1506 4989 1600 5042 τοῦ
1624 4987 1770 5044 ’Θεοῦ

198 5068 541 5139 ἐνδιδομένην
562 5070 647 5124 διὰ
663 5073 723 5124 τὸ
747 5072 907 5127 καλὸν
930 5074 1090 5128 πάλιν
1114 5078 1206 5130 καὶ
1230 5079 1452 5147 ἀγαθὸν,
1477 5081 1561 5133 ἴνα
1586 5081 1772 5152 δηλον-

199 5160 282 5213 ἁτι
326 5160 460 5233 πρὸς
499 5160 699 5233 ἄλληλα
724 5164 792 5217 τὰ
820 5165 913 5235 μὲν
943 5168 1184 5238 ὁμοταγῆ
1212 5170 1532 5240 συνέχωνται
1567 5172 1641 5235 ὡς
1670 5171 1771 5225 ἀνὰ

203 5252 365 5323 μέρος
392 5252 602 5324 ἐρῶντά
624 5272 683 5307 τε
707 5256 801 5309 καὶ
823 5256 1071 5328 ἐρώμενα
1090 5275 1102 5287 ·
1130 5259 1196 5311 τὰ
1223 5259 1278 5315 δὲ
1313 5262 1501 5333 πρῶτα
1537 5264 1672 5333 πρὸς
1703 5266 1771 5319 τά

200 5346 465 5416 ὑφειμένα
501 5350 737 5401 κινοῖντσ
779 5352 871 5404 καὶ
908 5351 1081 5423 ὲρῷεν
1125 5352 1327 5407 τούτων
1376 5359 1768 5429 προνοούμενα,

200 5439 286 5491 ἵνα
314 5438 388 5501 ὡς
413 5440 579 5491 ἑαυτὰ
602 5441 827 5494 κάκεῖνα
858 5446 1156 5515 ποιήσωσι·
1194 5447 1261 5498 τὰ
1287 5447 1341 5499 δὲ
1376 5450 1771 5524 καταδεέστερα

202 5529 337 5601 πρὸς
361 5530 427 5583 τά
451 5533 725 5604 ὑπέρτερα
748 5534 1103 5606 ἁγαπητικῶς
1120 5536 1291 5609 ἔχοιεν
1312 5543 1769 5614 ὲπιστρεφόμενα,

201 5623 289 5676 ἳνα
314 5624 561 5690 κάκεῖνα,
602 5624 675 5688 ὡς
702 5626 1042 5701 δυνατὸν,τῆς
1086 5631 1387 5704 ὑπερτέρας
1430 5634 1593 5701 ἕξεως
1634 5638 1769 5690 ἁπο-

201 5714 454 5769 λαύωσιν.

1876 4627 2093 4681 dilectio
2139 4628 2373 4691 dicitur;
2438 4628 2580 4695 quod
2634 4643 2825 4680 nomen
2876 4628 3159 4682 honestius
3211 4630 3441 4690 videtur,

1867 4720 2026 4789 juxta
2067 4718 2195 4772 illud
2234 4719 2377 4788 quod
2424 4720 2477 4772 in
2521 4721 2697 4789 primo
2736 4720 2942 4789 Regum
2976 4738 3004 4773 a
3030 4719 3229 4775 Davide
3256 4724 3322 4773 ad
3348 4720 3443 4774 Jo-

1875 4810 2095 4863 natham
2127 4808 2349 4863 dicitur.
2384 4810 2517 4863 Cum
2569 4819 2746 4863 autem
2791 4811 2841 4863 in
2889 4813 3063 4867 sacris
3091 4813 3154 4866 de
3186 4814 3292 4867 Deo
3331 4830 3445 4865 ser-

1874 4902 2126 4956 monibus
2164 4916 2191 4953 a
2220 4913 2367 4955 recte
2399 4901 2765 4956 sentientibus
2799 4904 2903 4956 duo
2929 4905 3043 4959 haec
3080 4907 3323 4970 nomina,
3346 4921 3443 4959 ceu

1873 4994 2280 5065 aequipollentia
2315 4994 2516 5048 divinis
2541 4995 3035 5063 explanationibus,
3057 4999 3441 5059 adhibeantur.

1874 5098 1928 5141 et
1956 5087 2207 5141 uniflcam
2239 5088 2534 5156 quamdam
2584 5090 2840 5142 virtutem
2882 5104 2975 5142 seu
3005 5091 3289 5159 copulandi
3334 5095 3440 5146 vim

1874 5181 2200 5250 significent,
2217 5196 2337 5251 quae
2361 5182 2413 5235 in
2437 5181 2545 5235 Deo
2569 5181 2885 5251 prmexistit.
2911 5195 3130 5251 propter
3160 5184 3443 5253 pulchrum

1872 5285 1926 5327 et
1956 5274 2178 5338 bonum,
2249 5284 2310 5328 ut
2340 5274 2592 5327 nimirum
2626 5286 2743 5344 qua
2770 5275 2979 5329 ordinis
3015 5285 3140 5330 sunt
3176 5276 3439 5343 ejusdem,

1876 5366 2023 5419 velut
2062 5365 2305 5420 virtssim
2360 5366 2594 5419 amantia
2628 5376 2681 5420 et
2712 5375 2925 5431 amata,
2967 5381 3027 5421 se
3062 5355 3246 5421 mutuo
3293 5382 3444 5422 com-

1876 5457 2215 5525 plectantur;
2242 5458 2416 5526 prima
2444 5473 2573 5511 vero
2598 5457 2857 5511 inferiora
2887 5470 3145 5513 moveant
3166 5469 3217 5513 et
3236 5472 3441 5522 ament,

1875 5550 1941 5603 iis
1963 5549 2319 5618 providendo,
2342 5560 2399 5603 ut
2422 5550 2509 5604 illa
2538 5552 2619 5605 sui
2654 5552 2851 5605 similia
2882 5549 3133 5618 efﬁciant;
3181 5553 3441 5607 inferiora

1876 5655 2003 5693 vero
2035 5638 2100 5691 ad
2141 5640 2424 5710 superiora
2460 5641 2774 5696 amabiliter
2805 5641 2996 5696 affecta
3025 5653 3437 5708 convertantur,

1874 5743 1931 5783 ιιι
1978 5741 2029 5785 et
2074 5731 2201 5797 illa,
2232 5732 2410 5801 quoad
2457 5733 2574 5787 fieri
2615 5743 2824 5803 potest,
2859 5736 3197 5805 superiorem
3238 5744 3440 5790 statum

1874 5834 2294 5891 consequuntur.
