4186 6308
759 340 864 399 775

1923 337 1979 394 S.
2018 338 2322 395 DIONYSII
2357 339 2827 395 AREOPAGITAE

3912 345 4025 407 776

829 457 1017 531 §Xlll.
1062 460 1154 515 list
1193 462 1455 531 prteterea
1497 459 1714 512 divinus
1737 474 1896 513 amor
1926 460 2257 519 exstaticus;
2300 476 2319 513 a

2506 459 2533 529 §
2566 462 2707 513 XIII.
2753 460 2940 511 Ἔστιν
2986 462 3013 512 ὁ
3049 459 3192 524 θεῖος
3227 460 3367 533 ἔρως
3410 466 3506 517 καὶ
3532 460 3881 531 ἐκστατικός’
3932 467 4027 530 ἐξ-

750 566 811 605 se
851 551 982 620 ipsis
1015 552 1160 605 enim
1210 552 1478 607 excedere
1524 550 1671 605 facit.
1700 550 1860 621 401
1897 560 2166 617 amantes,
2196 551 2323 605 dum

748 645 934 697 vivunt
980 653 1034 696 et
1074 653 1365 697 moventur
1414 661 1519 699 non
1567 646 1709 716 ipsi,
1761 645 1854 698 sed
1889 644 1943 698 in
1990 645 2124 713 ips's
2156 645 2190 699 ii
2230 644 2325 713 qui

746 745 1017 789 amantur.
1046 736 1107 789 Et
1133 738 1247 790 haec
1280 737 1560 791 declarant
1628 736 1713 789 illa
1738 746 1858 807 quae
1885 739 2139 805 praedicta
2175 746 2321 801 sunt,

746 831 919 898 magis
946 840 1124 883 autem
1160 847 1387 899 magnus
1416 830 1506 883 ille
1536 830 1758 893 Paulus.
1796 832 1982 885 divino
2008 831 2112 886 hoc
2140 848 2325 886 amore

747 930 1056 989 correptus,
1101 923 1251 975 aiens
1279 940 1290 975 :
1328 920 1453 975 Vivo
1483 939 1575 991 ego
1595 921 1712 989 jam
1763 938 1865 974 non
1908 940 2022 992 ego,
2054 924 2173 977 vivit
2205 930 2323 978 vero

744 1019 797 1066 t’n
845 1031 925 1065 me
972 1014 1285 1078 Chrislus‘,
1336 1023 1594 1082 tanquam
1643 1030 1806 1069 verus
1857 1024 2088 1082 amator,
2136 1025 2189 1071 et
2232 1016 2321 1085 qui

742 1104 1003 1166 excessit,
1038 1113 1095 1158 ut
1150 1106 1264 1173 ipse
1313 1114 1569 1169 testatur,
1614 1122 1643 1159 a
1691 1122 1751 1161 se
1802 1106 1940 1163 Deo:
1983 1118 2036 1161 et
2086 1125 2321 1169 rursum,

746 1196 913 1249 veluti
942 1197 1179 1251 vicissim
1212 1214 1239 1249 a
1275 1213 1529 1265 supremo
1564 1197 1673 1252 Deo
1702 1202 1923 1267 provide
1952 1210 2184 1260 amatus,
2217 1216 2323 1253 nou

747 1301 924 1353 suam,
956 1288 1048 1342 sed
1096 1290 1261 1342 amati
1290 1290 1461 1343 vitam
1513 1291 1738 1357 ducens,
1773 1294 1885 1346 ait:
1914 1293 2182 1363 Tanquam
2215 1288 2327 1371 mo}

744 1378 962 1442 rientes,
1006 1389 1053 1431 et
1098 1396 1213 1433 ecce
1264 1382 1550 1436 vivimus“.
1594 1382 1729 1435 Nam
1759 1386 2064 1438 audendum
2098 1394 2183 1439 est
2222 1385 2326 1439 hoc

742 1470 907 1523 etiam
931 1470 1189 1539 tanquam
1212 1488 1400 1526 verum
1430 1474 1636 1536 dicere,
1659 1476 1803 1543 quod
1834 1476 2064 1545 ipsemet
2082 1479 2322 1533 omnium

744 1558 908 1623 Deus,
942 1573 1161 1630 propter
1203 1579 1491 1619 excessum
1520 1566 1808 1630 bonitatis,
1841 1577 1992 1621 extra
2020 1584 2077 1622 se
2109 1585 2203 1638 per
2234 1580 2323 1623 re-

745 1667 866 1705 rum
902 1654 1268 1721 providentias
1293 1656 1551 1717 exsistat.
1585 1669 1638 1712 et
1668 1658 1719 1711 in
1752 1660 2051 1714 istiusmodi
2085 1664 2326 1717 bonitate

742 1744 843 1798 sibi
870 1748 1019 1811 quasi
1045 1748 1424 1817 complaceat;
1471 1751 1546 1803 ait
1592 1755 1735 1804 enim
1762 1766 1777 1803 :
1806 1751 1871 1804 Et
1920 1754 2045 1822 quid
2077 1755 2189 1808 volo
2226 1757 2324 1809 nisi

2429 551 2725 625 ιστησιγάρ
2743 551 2952 604 ἑαυτῶν
2973 553 3099 615 τοὺς
3127 553 3389 623 ἐρῶντας,
3409 555 3483 621 ὡς
3511 556 3607 629 ζῇν
3629 559 3722 611 καὶ
3752 563 4024 620 κινεῖσθαι

2430 640 2532 692 οὐκ
2572 640 2835 704 ἐκείνους,
2886 640 3000 692 ἀλλ’
3047 643 3107 695 ἐν
3148 642 3333 706 αὐτοῖς
3364 646 3490 709 τοὺς
3543 649 3872 719 ἐρωμένους.
3909 654 4025 715 Καὶ

2428 732 2650 803 δηλοῦσι
2683 732 2751 785 τὰ
2806 732 3173 803 προλεχθέντα
3193 776 3207 799 ,
3240 736 3437 807 μᾶλλον
3461 740 3516 792 δὲ
3552 741 3579 791 ὁ
3610 743 3780 813 μέγας
3808 745 4022 809 Παῦλος

2428 824 2505 895 τῷ
2543 826 2673 896 Θείῳ
2706 826 2879 894 τούτῳ
2918 828 3283 899 κατεχόμενος
3332 830 3525 900 ἔρωτι,
3552 836 3646 887 καὶ
3678 836 3883 905 λέγων·
3924 840 4020 893 Ζῶ

2428 915 2542 983 ἐγὼ
2578 916 2797 979 οὐκέτι,
2829 916 2894 983 ζῇ
2918 917 2983 969 δὲ
3005 918 3075 969 ἐν
3099 918 3227 987 ἐμοὶ
3255 922 3524 988 Χριστὸς,
3555 925 3629 989 ὡς
3662 927 3863 1000 ἀληθὴς
3888 932 3992 1002 ἐρα

2428 1009 2578 1079 στὴς,
2606 1010 2696 1061 καὶ
2720 1008 3029 1079 ἐξεστηκὼς
3054 1014 3174 1065 κατ’
3203 1014 3362 1067 αὑτὸν
3385 1014 3629 1083 λέγοντα,
3662 1022 3757 1073 καὶ
3795 1021 4009 1094 ἐξεστη-

2430 1103 2584 1165 κότες
2621 1103 2770 1172 Θεῷ·
2798 1106 2889 1156 καὶ
2917 1106 3077 1159 πάλιν
3120 1106 3195 1170 ὡς
3222 1107 3325 1160 άνά
3360 1109 3524 1181 μέρος
3560 1111 3832 1184 ἐρώμενος
3865 1117 4020 1186 παρά

2428 1196 2520 1248 τοῦ
2545 1197 2844 1267 ὑπερτέρου
2869 1198 3005 1251 Θεοῦ
3038 1202 3433 1270 προνοητικῶς,
3474 1205 3532 1257 ού
3567 1205 3675 1269 ζῶν
3696 1208 3794 1279 τὴν
3820 1210 4019 1265 ἐαυτοῦ

2430 1285 2595 1357 ζωὴν,
2639 1288 2773 1341 ἀλλά
2812 1289 2910 1359 τὴν
2940 1289 3037 1344 τοῦ
3058 1292 3325 1360 ἐραστοῦ,
3377 1294 3467 1348 ὅτε
3498 1295 3678 1365 λέγει·
3722 1301 3817 1367 Ὠς
3862 1303 4021 1356 ἁπο-

2430 1376 2799 1444 θνήσκοντες
2820 1419 2833 1441 ,
2864 1380 2961 1433 καὶ
2996 1381 3124 1434 ἰδοὺ
3177 1381 3382 1451 ζῶμεν.
3412 1386 3721 1457 Τολμητέον
3759 1393 3869 1464 γὰρ
3922 1394 4021 1448 καὶ

2428 1470 2585 1523 τοῦτο
2624 1470 2699 1535 ὡς
2736 1473 2986 1543 ἀληθινὸν
3034 1476 3209 1527 εἰπεῖν
3253 1476 3335 1527 ὅτι
3371 1478 3463 1530 καὶ
3488 1481 3649 1544 αὐτὸς
3682 1484 3709 1534 6
3738 1484 3844 1536 τῶν
3878 1487 4019 1541 δλων

2429 1562 2561 1626 Θεὸς
2598 1564 2983 1637 δι’ύπερϐολὴν
3022 1568 3388 1639 ἀγαθότητος,
3427 1570 3531 1637 ἔξω
3562 1575 3752 1627 ἐαυτοῦ
3807 1578 4019 1644 γίνεται

2428 1660 2545 1719 ταῖς
2576 1659 2655 1720 είς
2685 1656 2752 1709 τὰ
2782 1658 2914 1712 ὅντα
2948 1662 3227 1731 προνοίαις
3251 1704 3265 1727 ,
3296 1665 3388 1716 καὶ
3425 1659 3535 1717 οἷον
3579 1664 3825 1732 θέλγεται
3857 1671 3915 1720 ἐν
3949 1673 4015 1741 τῇ

2428 1749 2653 1823 τοιαύτῃ
2698 1752 2995 1822 ἁγαθὸτητι
3018 1772 3029 1784 ·
3049 1754 3194 1822 λέγει
3233 1756 3341 1826 γάρ
3362 1774 3374 1785 ·
3401 1757 3583 1809 Καὶτί
3608 1757 3778 1821 θέλω,
3823 1762 3874 1812 εί
3894 1760 4017 1829 ἤδη

740 1840 1155 1893 ut'accemlatur
1176 1838 1249 1892 *ἵ
1291 1840 1355 1893 Ει
1391 1857 1510 1893 cum
1546 1841 1613 1895 sit
1641 1856 1704 1895 ex
1735 1843 1986 1898 omnibus
2012 1857 2319 1914 exemptus,

2427 1842 2706 1911 ἀναρϐιπ
2739 1846 2845 1897 Καὶ
2878 1846 2943 1898 ἐκ
2980 1846 3074 1899 τοῦ
3110 1849 3250 1919 ὑπὲρ
3279 1852 3455 1903 πάντα
3486 1851 3825 1923 ἐξῃρημένου
3853 1854 4021 1908 ἀνεκ-

738 1932 811 1985 ad
868 1933 1047 1985 omnia
1106 1933 1423 1994 deducitur,
1471 1934 1611 1987 unde
1653 1936 1816 1987 etiam
1854 1934 2089 1989 Zelolem
2146 1938 2320 2005 ipsum

742 2026 1036 2095 appellant,
1084 2036 1143 2079 ut
1174 2026 1263 2093 qui
1309 2022 1625 2079 multum'in
1659 2027 1857 2081 divinis
1883 2022 2047 2083 rebus
2078 2045 2319 2084 amorem

742 2118 1016 2179 ostendat,
1041 2127 1098 2171 et
1128 2115 1378 2185 quasi'ad
1412 2112 1495 2168 Sui
1533 2112 1869 2171 desiderium
1904 2118 2321 2188 excitet;quodé-

742 2226 848 2277 que
876 2209 962 2263 illa
996 2226 1113 2279 quae
1159 2210 1227 2263 ab
1270 2212 1385 2279 ipso
1415 2212 1799 2266 desiderantur
1829 2226 1891 2265 ac
1936 2221 2319 2279 procurantur,

741 2304 1089 2359 wntulatione
1124 2306 1283 2373 digna
1310 2308 1423 2361 sint
1455 2314 1507 2360 et
1540 2306 1721 2360 beata.
1759 2304 1868 2359 Nisi
1904 2306 2045 2358 enim
2076 2304 2202 2359 talia
2237 2318 2323 2359 es-

741 2406 885 2459 sent,
918 2412 1262 2465 nequaquam
1306 2397 1697 2468 indignaretur
1724 2398 1867 2467 quod
1906 2400 1975 2451 ab
2004 2399 2119 2465 ipso
2151 2398 2319 2453 decli-

740 2496 905 2552 nent,
947 2498 1001 2541 et
1051 2490 1172 2545 aliis
1211 2504 1270 2545 se
1318 2492 1637 2564 adjungant.
1698 2492 1764 2547 Et
1796 2493 2125 2553 universim,
2158 2498 2324 2547 amor

739 2576 951 2646 pulchri
998 2589 1108 2645 est;
1152 2596 1278 2634 cum
1325 2583 1469 2636 enim
1510 2583 1735 2653 pulcher
1802 2585 1895 2646 sit,
1944 2593 2091 2637 amat
2139 2585 2323 2639 istlus-

742 2670 886 2724 modi
918 2671 1227 2739 pulchrum,
1255 2686 1308 2727 et
1339 2676 1389 2728 in
1423 2674 1652 2743 pulchro
1682 2685 1887 2738 manet,
1919 2686 1973 2729 et
2001 2674 2323 2731 diminditur

736 2767 1129 2817 causumeudu.
1168 2762 1446 2833 Siquidem
1478 2782 1694 2821 amores
1733 2783 2049 2837 corporum,
2078 2786 2200 2823 cum
2238 2785 2322 2823 re-

740 2866 861 2905 rum
917 2854 1029 2906 sint
1069 2852 1361 2919 ﬂuxarum,
1400 2871 1503 2908 non
1548 2872 1707 2911 secus
1750 2874 1811 2912 ac
1856 2861 2003 2913 verni
2038 2860 2199 2914 ﬂores
2230 2864 2322 2915 de-

728 2943 941 3010 ﬂuunt;
981 2962 1195 3000 amores
1246 2962 1374 3001 vero
1437 2947 1604 3001 divini
1658 2965 1950 3019 rerumque
1988 2953 2317 3017 divinarum,

740 3042 999 3104 tanqtmm
1037 3043 1502 3107 permanentium,
1533 3042 1633 3111 ipsi
1669 3058 1886 3111 quoque
1912 3054 2235 3112 permanent
2266 3048 2316 3099 in

741 3145 1053 3198 possessore
1080 3149 1199 3199 suo,
1226 3142 1279 3187 et
1308 3134 1698 3201 pulchricausa
1729 3136 2032 3204 exsismnt;
2057 3138 2314 3208 quoniam

732 3238 894 3276 amor
930 3223 1020 3277 ille
1051 3236 1136 3279 est
1177 3227 1241 3277 ad
1292 3238 1468 3279 amata
1497 3216 1914 3283 condecoranda
1934 3268 1950 3296 ,
1977 3226 2115 3284 neve
2143 3240 2315 3285 mate-

742 3317 835 3367 rite
866 3316 1099 3371 colluvie
1128 3318 1587 3387 conspurCentur.

812 3409 1004 3481 μιν.
1048 3399 1254 3476 Quaerit
1326 3413 1413 3467 hic
1458 3414 1659 3481 etiam,
1713 3414 1899 3483 utquid
1955 3412 2191 3486 theologi
2220 3416 2319 3470 ali-

739 3503 955 3570 quando
985 3505 1200 3571 quidem
1254 3518 1498 3559 amorem
1544 3522 1606 3559 ac
1638 3508 2025 3573 dilectionem,
2076 3509 2319 3578 quando-

737 3610 847 3663 que
883 3612 1009 3651 vero
1056 3599 1345 3653 amabilem
1400 3615 1463 3655 ac
1512 3600 1832 3669 diligibilem
1884 3600 2089 3655 dicant.
2137 3601 2202 3654 Et
2242 3618 2319 3655 re-

740 3686 954 3743 solvens
996 3692 1382 3759 quazstionetn,
1418 3692 1525 3755 ait,
1572 3678 1714 3760 quod
1764 3693 2018 3761 quidem,
2056 3705 2317 3762 tanquam

739 3791 938 3834 auctor
970 3798 1033 3834 ac
1066 3782 1280 3849 genitor
1314 3782 1517 3837 amoris
1548 3784 1753 3847 divini,
1782 3800 1935 3837 amor
1971 3786 2313 3854 appelletur;

738 3875 794 3927 in
821 3866 1084 3941 quantum
1119 3889 1248 3928 vero
1276 3874 1391 3943 ipse
1424 3884 1508 3928 est
1546 3875 1598 3927 id
1634 3877 1778 3943 quod
1811 3884 2047 3936 amatur,
2072 3876 2319 3929 amabilis

741 3967 991 4030 dicatur;
1020 3976 1068 4020 et
1100 3968 1399 4020 secundum
1434 3967 1562 4020 illud
1598 3967 1815 4036 quidem
1848 3970 2095 4021 movetur
2120 3969 2185 4020 ad
2215 3966 2317 4021 alia

737 4058 996 4122 amanda,
1021 4059 1318 4114 secundum
1351 4061 1453 4115 hoc
1487 4076 1614 4114 vero
1648 4069 1826 4113 movet
1853 4060 1953 4112 alia
1982 4060 2047 4113 ad
2074 4075 2315 4113 amori-tn

732 4167 924 4206 suum.
960 4146 1055 4207 Vel
1086 4153 1339 4207 amabilis
1372 4150 1596 4220 dicitur,
1642 4150 1767 4222 quia
1792 4142 1905 4205 ivim
1946 4152 2112 4205 habet
2141 4151 2318 4205 addu-

737 4247 895 4300 ceudi
943 4261 1007 4300 ac
1051 4247 1303 4302 movendi
1356 4247 1422 4299 ad
1468 4244 1789 4299 amatorium
1829 4245 1881 4298 in
1934 4246 2136 4314 spiritu
2188 4260 2318 4300 con-

736 4339 1099 4405 iunctionem,
1134 4340 1185 4393 id
1215 4349 1297 4392 est
1321 4338 1464 4407 quod
1500 4336 1660 4406 hujus
1711 4338 1981 4392 mediator
2004 4348 2057 4391 et
2092 4325 2320 4409 ipsemet

740 4426 1065 4486 conciliator
1098 4431 1168 4485 sit
1215 4434 1450 4492 amoris,
1486 4445 1594 4500 quo
1640 4447 1668 4485 a
1719 4433 1831 4485 suis
1888 4432 2158 4485 creaturis
2190 4434 2317 4485 ada-

2426 1934 2697 2006 ιροιτήτως
2724 1939 2816 1990 ἐπὶ
2847 1940 3024 1992 πάντα
3052 1942 3351 2010 κατάγεται
3372 1961 3384 1972 ⁸
3406 1944 3487 1996 διὸ
3516 1947 3609 1998 καὶ
3637 1946 3894 2017 Ζηλωτὴν
3926 1946 4022 2000 αύ-

2421 2023 2515 2074 τὸν
2546 2023 2801 2078 καλοῦσιν
2821 2067 2833 2088 ,
2875 2026 2950 2090 ὡς
2980 2028 3111 2081 πολὺ
3158 2032 3548 2085 ἀποδεικνύντα
3570 2034 3659 2086 τὸν
3681 2038 3760 2099 είς
3788 2037 3855 2088 τά
3893 2037 4018 2090 θεῖα

2424 2111 2600 2181 ἔρωτα
2622 2154 2636 2177 ,
2683 2116 2777 2168 καὶ
2804 2116 2878 2179 ὡς
2912 2117 3243 2190 διεγερτικὸν
3283 2123 3381 2193 τῆς
3426 2123 3663 2190 ἐφέσεως
3697 2127 3882 2191 αὐτοῦ,
3919 2128 4018 2181 καὶ

2423 2206 2504 2257 ὅτι
2536 2208 2603 2259 τά
2642 2208 2906 2278 ἐφιέμενα
2932 2212 3023 2262 καὶ
3048 2214 3418 2284 προνοούμενα
3452 2218 3583 2287 παρ’
3607 2218 3769 2270 αὐτοῦ
3796 2219 4016 2289 ζηλωτὰ

2424 2298 2517 2350 καὶ
2550 2301 2793 2370 μακάριά
2824 2305 2979 2355 είσιν.
3013 2304 3073 2355 El
3110 2304 3220 2377 γὰρ
3253 2306 3325 2377 μὴ
3359 2304 3497 2379 ἦσαν
3525 2309 3765 2373 τοιαῦτα,
3802 2312 3906 2364 ούκ
3948 2311 4018 2365 ἂν

2422 2391 2744 2461 ἐζηλοτύπει
2782 2394 2920 2465 πρὸς
2949 2393 3120 2448 ταῦτα
3144 2438 3157 2459 ,
3185 2399 3267 2450 ὅτι
3300 2398 3637 2454 ἐκκλίνουσιν
3676 2402 3841 2455 αὑτοῦ
3866 2445 3880 2467 ,
3919 2405 4019 2458 καὶ

2424 2482 2602 2546 ἄλλοις
2636 2485 3035 2555 προστίθενται.
3081 2490 3191 2541 Καὶ
3232 2490 3368 2555 ὅλως
3391 2533 3405 2556 ,
3455 2492 3483 2544 ὁ
3518 2492 3659 2564 ἔρως
3695 2493 3793 2546 τοῦ
3841 2495 4016 2550 κα.λοῦ

2422 2576 2537 2629 ἐστι
2562 2592 2575 2605 ·
2612 2575 2770 2641 καλὸς
2793 2579 2900 2649 γὰρ
2926 2571 3000 2631 ῶν
3018 2621 3031 2641 ,
3060 2582 3159 2652 ἐρᾷ
3183 2581 3277 2634 τοῦ
3324 2583 3562 2637 τοιούτου
3599 2585 3763 2638 καλοῦ
3786 2626 3799 2651 ,
3830 2587 3926 2639 καὶ
3953 2588 4017 2640 ἐν

2422 2666 2497 2735 τῷ
2523 2666 2671 2738 καλῷ
2715 2669 2863 2740 μένει
2900 2672 2992 2724 καὶ
3016 2672 3330 2744 διακέχυται
3363 2674 3768 2747 δαπανώμενος.
3809 2679 3873 2731 Οἱ
3900 2678 4015 2751 γάρ

2425 2760 2693 2830 σωμάτων
2714 2760 2935 2832 ἔρωτες,
2961 2764 3148 2836 ἐπειδὴ
3175 2766 3405 2837 ῥεόντων
3439 2768 3600 2831 είσὶν,
3643 2768 3733 2823 ῐσα
3764 2771 3858 2824 καὶ
3885 2773 4017 2844 ἠρι-

2421 2854 2531 2915 νοῖς
2561 2852 2898 2924 διαρρέουσιν
2926 2856 3172 2909 ἄνθεσιν·
3210 2860 3257 2911 oi
3300 2858 3355 2911 δὲ
3400 2859 3531 2912 θεῖοι
3562 2862 3653 2913 καὶ
3681 2860 3789 2913 τῶν
3822 2862 4011 2929 θείων,

2420 2944 2494 3007 ὡς
2531 2946 2801 3014 μενόντων
2838 2948 3065 3011 τούτων,
3104 2966 3133 3000 ο
3176 2967 3249 3003 τω
3274 2951 3513 3003 κάκεῖνοι
3550 2952 3809 3022 μένουσιν
3838 2956 3896 3006 ἐν
3928 2954 4014 3025 τῲ

2419 3035 2616 3107 ἔχοντι,
2656 3036 2749 3091 καὶ
2770 3039 2939 3093 διὰτὸ
2960 3041 3123 3095 καλὸν
3144 3042 3379 3111 γίνονται
3402 3061 3415 3073 '
3439 3044 3527 3095 ἵνα
3554 3044 3661 3115 γὰρ
3687 3034 4020 3123 καλλοποιη·

2422 3128 2556 3182 θῶσι
2596 3130 2665 3184 τὰ
2714 3131 2997 3203 ἐρώμενα,
3040 3136 3132 3211 καλι
3174 3136 3246 3207 μὴ
3284 3136 3735 3208 έμπεριληφθῶσι
3781 3139 3859 3210 τῷ
3904 3140 4012 3211 τῆς

2422 3221 2556 3297 ὕλης
2583 3216 2787 3294 αἴσχει,
2809 3226 2837 3277 ό
2860 3225 2997 3297 ἔρως
3028 3226 3250 3295 γίνεται.

2494 3412 2692 3486 §‘XIV.
2748 3415 3028 3471 Ἐντεῦθεν
3068 3418 3299 3487 ἀπορεῖ,
3352 3419 3445 3476 καὶ
3477 3417 3528 3470 τί
3564 3416 3762 3489 δήποτε
3799 3419 3845 3470 οἱ
3882 3418 4010 3470 Θεο-

2419 3507 2570 3576 λόγοι
2595 3508 2725 3569 ποτέ
2748 3508 2847 3579 μὲν
2871 3500 3049 3580 ἔρωτα
3075 3511 3168 3562 καὶ¹
3186 3509 3405 3579 ἀγάπην
3431 3510 3591 3563 αὐτὸν
3610 3510 3848 3578 λέγουσι,
3877 3511 4011 3563 ποτὲ

2418 3600 2475 3652 δὲ
2509 3582 2733 3671 ἐραστὸν
2762 3600 2856 3653 και
2888 3601 3185 3672 ἀγαπητόν.
3232 3602 3342 3655 Καὶ
3371 3601 3511 3654 λύων
3557 3602 3739 3670 λέγει,
3782 3604 3893 3667 δτι,
3926 3603 4010 3667 ὡς

2424 3691 2523 3760 μὲν
2558 3690 2727 3755 αἴτιος
2759 3692 2852 3744 καὶ
2878 3693 3155 3762 γεννήτωρ
3182 3692 3273 3745 τοῦ
3301 3693 3447 3745 θείου
3481 3692 3680 3763 ἔρωτος
3702 3734 3714 3756 ,
3744 3693 3884 3761 ἔρως
3910 3694 4009 3747 λέ-

2420 3799 2573 3851 γεται
2592 3799 2605 3813 ⁸
2630 3782 2705 3846 ὡς
2738 3783 2794 3843 δέ
2829 3776 2989 3846 αὐτὸς
3015 3782 3094 3835 ὣν
3116 3784 3175 3836 τὸ
3202 3785 3452 3855 ἐραστὸν,
3490 3785 3714 3855 ἐραστὸν
3747 3786 3967 3853 λέγεται
3989 3826 4007 3851 ,

2420 3877 2512 3927 καὶ
2535 3876 2651 3927 κατ’
2677 3877 2855 3928 ἐκεῖνο
2896 3874 2997 3944 μὲν
3018 3880 3021 3885 ’
3044 3878 3270 3929 κινεῖται
3300 3880 3379 3940 εἰς
3408 3878 3467 3929 τὸ
3497 3877 3606 3929 τῶν
3635 3877 3809 3930 ἄλλων
3844 3880 4003 3951 ἐρᾷν,

2420 3964 2560 4017 κατά
2604 3966 2765 4018 τοῦτο
2810 3966 2867 4019 δέ
2910 3968 3050 4019 κινεῖ
3086 3967 3153 4019 τά
3183 3968 3317 4021 ἀλλα
3352 3971 3429 4032 εἰς
3463 3968 3521 4021 τὸ
3550 3971 3680 4041 ἐρᾷν
3712 3970 3896 4022 αὑτοῦ.
3926 3972 4006 4025 Ἢ

2418 4057 2644 4128 ἐραστὸν
2675 4058 2890 4127 λέγεται
2911 4100 2924 4123 ,
2951 4060 3084 4113 διότι
3129 4062 3544 4132 προαγωγικδνν,
3592 4064 3683 4115 καὶ
3718 4064 4008 4135 κινητικὸν

2418 4148 2613 4210 ἑαυτοῦ
2644 4150 2757 4202 ἐστι
2793 4150 2928 4219 πρὸς
2956 4154 3224 4223 ἐρωτικήν
3272 4154 3560 4220 συνάφειαν
3594 4154 3691 4223 τὴν
3724 4156 3783 4206 ἐν
3829 4156 4005 4209 πνεύ-

2424 4258 2572 4311 ματι,
2609 4242 2854 4296 τουτέστι
2884 4245 3106 4315 μεσίτης
3129 4245 3349 4317 ταύτης,
3380 4247 3473 4299 καὶ
3498 4246 3630 4317 πρὸς
3656 4246 3847 4299 ἐαυτὸν
3872 4265 4005 4301 συν-

2419 4332 2697 4404 αρμοστης
2738 4338 2851 4387 ἐστι
2899 4335 2993 4389 τοῦ
3042 4338 3272 4407 ἐρᾶσθαι
3321 4338 3480 4390 αὑτὸν
3540 4338 3645 4391 ὑπὸ
3690 4339 3797 4397 τῶν
3849 4340 4002 4394 ἰδίων

2420 4428 2757 4497 ποιημάτων.
2784 4430 3077 4499 Κινητικὸν
3105 4431 3161 4482 δέ
3194 4446 3384 4501 φησιν,
3412 4431 3484 4494 ὡς
3510 4431 3758 4484 κινοῦντα
3786 4433 4002 4487 ἕκαστα

742 4539 943 4582 matur.
986 4525 1125 4579 Dicit
1173 4537 1353 4578 autem
1399 4526 1599 4578 habere
1635 4527 1741 4577 vim
1790 4525 2077 4588 movendi,
2131 4526 2311 4593 utqui

2422 4521 2560 4573 κατά
2585 4520 2675 4573 τὸν
2701 4524 2896 4575 οἰκεῖον
2928 4522 3081 4590 λόγον
3112 4524 3244 4595 πρὸς
3268 4525 3432 4577 αὑτὸν
3462 4526 3899 4596 ἐπιστρέφεσθαι.
3921 4528 4001 4580 Τὸ

740 4618 952 4689 singula
1014 4630 1229 4673 moveat
1262 4619 1556 4672 secundum
1590 4619 1867 4685 propriam
1911 4618 2210 4680 rationem,
2256 4628 2315 4671 ut

742 4707 811 4765 ad
858 4711 1035 4780 ipsum
1081 4722 1495 4766 convertantur.
1548 4708 1722 4765 Porro
1774 4724 1967 4768 nomen
2017 4708 2153 4766 illud
2190 4727 2312 4782 pru-

741 4804 1014 4858 ductiunis
1059 4820 1151 4857 seu
1204 4802 1642 4872 prostitutionis,
1695 4804 1798 4858 etsi
1860 4796 2000 4872 apud
2056 4803 2312 4873 profanos

742 4914 855 4951 rem
890 4896 1154 4965 impuram
1186 4895 1481 4962 significet,
1507 4895 1671 4967 402
1701 4904 2075 4951 verumtamen
2123 4895 2208 4948 hic
2242 4897 2317 4946 tlt-

740 4996 814 5043 cit
846 4990 1291 5043 intercessionem
1320 4988 1747 5042 conciliatricem
1779 4987 1995 5040 uniouis
2020 4996 2144 5041 cum
2182 4987 2310 5050 Deo,

740 5090 795 5133 et
838 5082 937 5135 hoc
986 5084 1143 5133 modo
1196 5081 1413 5148 quidem
1448 5072 1699 5133 amabilis
1727 5078 1963 5145 dicitur;
2001 5094 2153 5133 amor
2184 5093 2313 5131 vero

742 5189 931 5228 rursus
958 5184 1013 5227 et
1038 5174 1275 5238 dileCtiu,
1319 5174 1576 5243 tanquam
1605 5174 1686 5227 vis
1730 5174 1949 5232 motrix,
2003 5179 2055 5225 et
2091 5186 2308 5225 sursum

742 5267 810 5321 ad
848 5282 906 5321 se
944 5267 1163 5319 trahens
1215 5266 1343 5319 illud
1384 5267 1524 5335 quod
1569 5264 1743 5320 solum
1790 5273 1843 5317 et
1884 5279 1977 5332 per
2016 5276 2075 5316 se
2112 5263 2310 5315 bonum

744 5370 853 5421 est,
890 5367 945 5412 et
967 5360 1109 5427 quod
1139 5360 1250 5429 ipse
1281 5360 1350 5412 sit
1382 5358 1747 5413 manilestatio
1778 5373 1857 5410 ειη
1894 5354 2065 5427 ipsius
2096 5370 2193 5423 per
2224 5370 2311 5409 se-

744 5458 939 5525 ipsum,
979 5453 1123 5508 nullo
1149 5454 1256 5509 alio
1308 5454 1601 5518 mediante,
1636 5469 1735 5508 nec
1763 5452 1979 5505 aliunde
2005 5464 2188 5505 amore
2214 5448 2309 5503 ali-

743 5561 851 5617 quo
907 5544 1261 5611 adveniente,
1307 5547 1407 5600 nisi
1451 5562 1479 5599 a
1532 5562 1590 5600 se
1638 5547 1755 5616 ipso
1800 5544 1852 5597 iu
1903 5542 2166 5613 seipsum;
2204 5538 2309 5593 tale

743 5640 889 5693 enim
930 5649 1014 5691 est
1052 5638 1101 5691 id
1149 5638 1291 5705 quod
1338 5654 1433 5708 per
1478 5654 1535 5695 se
1588 5640 1869 5711 pulchrum
1900 5646 2001 5691 est.
2036 5634 2305 5703 Quemad-

900 5817 915 5853 ⁸
957 5813 1145 5883 Ga!.tt,
1172 5815 1259 5871 20.

1352 5834 1376 5863 ιι
1410 5821 1452 5877 ll
1478 5821 1601 5877 Cor.
1640 5834 1712 5881 γι,
1741 5816 1794 5873 9.
1876 5827 1896 5853 γ
1928 5816 2060 5874 Luc.
2100 5834 2205 5884 xu,
2272 5818 2318 5871 9.

2417 4612 2472 4665 δέ
2502 4612 2600 4682 τῆς
2644 4615 3021 4684 προαγωγείας
3053 4615 3243 4687 ὄνομα,
3278 4619 3324 4669 εί
3352 4618 3442 4669 καὶ
3468 4619 3615 4689 παρὰ
3642 4621 3753 4682 τοῖς
3791 4618 4000 4682 ἔξωθεν

2416 4708 2647 4776 πρᾶγμα
2683 4706 2932 4777 σημαίνει
2957 4708 3055 4759 οὐκ
3085 4708 3296 4777 εὐαγὲς,
3324 4708 3435 4762 ἀλλ’
3460 4710 3691 4763 ἐνταῦθα
3718 4710 3815 4782 τὴν
3860 4713 4001 4782 πρό-

2419 4796 2567 4859 ξενον
2592 4796 2691 4865 τῆς
2729 4799 2785 4849 ἐν
2811 4797 2927 4868 Θεῷ
2971 4798 3215 4863 ἐνώσεως
3247 4800 3519 4869 μεσιτείαν
3548 4803 3698 4871 φησὶ,
3729 4804 3819 4854 καί
3848 4803 3999 4858 οῦτω

2420 4890 2515 4959 μὲν
2537 4889 2768 4960 ἐραστὸν
2802 4889 3017 4959 λέγεται
3039 4908 3050 4919 ⁸
3088 4891 3225 4962 ἔρως
3262 4892 3317 4945 δὲ
3344 4892 3501 4945 πάλιν
3531 4894 3624 4945 καὶ
3654 4895 3840 4965 ἀγάπη
3860 4936 3873 4957 ,
3914 4897 3996 4961 ὡς

2417 4984 2668 5053 κινητική
2696 5000 2777 5047 τις
2807 4983 3032 5051 δύναμις
3068 4985 3151 5052 ἐφ’
3200 4984 3393 5055 ἑαυτὴν
3427 4986 3700 5053 ἀνάγουσα
3732 4988 3792 5039 τὸ
3830 4989 3998 5058 μόνον

2416 5060 2510 5127 καὶ
2552 5075 2618 5126 δι’
2650 5076 2808 5128 ἐαυτὸ
2834 5077 3061 5144 ἀγαθὸν,
3108 5078 3199 5130 καὶ
3230 5069 3312 5129 ὃτι
3350 5077 3609 5146 ἔκφανσίς
3643 5081 3788 5133 ἐστιν
3830 5081 3893 5133 αὐ
3910 5084 4001 5146 to;

2414 5168 2607 5221 ἑαυτοῦ
2632 5168 2698 5221 δι’
2730 5170 2919 5222 ἐαυτοῦ
2946 5209 2959 5233 ,
2990 5171 3091 5223 οὑκ
3128 5170 3285 5223 ἄλλου
3322 5172 3708 5241 μεσιτεύοντος,
3742 5172 3860 5223 οὐδὲ
3898 5174 4002 5227 ἆλ-

2416 5260 2567 5313 λοθεν
2606 5263 2973 5333 ἐπερχομένου
3006 5262 3099 5315 τοῦ
3138 5262 3371 5333 ἔρωτος,
3417 5262 3528 5316 ἀλλ’
3562 5264 3656 5315 ἀπ’
3700 5261 3863 5314 αὑτοῦ
3918 5258 4004 5327 εἰς

2418 5352 2577 5405 αὐτόν
2598 5370 2609 5382 °
2650 5354 2887 5407 τοιοῦτον
2911 5354 3019 5423 γὰρ
3041 5355 3100 5407 τὸ
3136 5354 3202 5407 δι’
3235 5355 3391 5405 ἑαυτὸ
3421 5352 3600 5406 καλόν.
3631 5354 3838 5424 Ὠσπερ
3886 5354 4004 5424 γὰρ

2414 5448 2627 5517 ἐρῶμεν
2656 5447 2755 5518 τῆς
2783 5448 2875 5501 τοῦ
2909 5450 3119 5521 μέλιτος
3152 5446 3503 5519 γλυκύτητος,
3537 5448 3635 5499 οὐκ
3660 5445 3877 5500 ἄλλοθεν
3917 5464 4001 5503 γνο

2414 5542 2661 5613 νούμενοι
2690 5548 2739 5598 εἰ
2768 5546 2841 5617 μὴ
2872 5545 2998 5615 παρ’
3028 5545 3211 5607 αὐτοῦ,
3237 5546 3331 5600 καὶ
3360 5546 3417 5598 οὐ
3446 5544 3513 5595 δι’
3537 5540 3662 5595 ἄλλο
3690 5544 3737 5593 εί
3763 5541 3837 5610 μὴ
3859 5549 3980 5593 κατ

2413 5632 2581 5704 αὐτὴν
2650 5636 2747 5708 τὴν
2778 5636 3118 5707 γλυκύτητα’
3152 5639 3243 5689 καὶ
3278 5636 3363 5689 διὰ
3405 5632 3562 5687 τοῦτο
3596 5629 3989 5701 ἀνεξάγγελτός
