4186 6308
766 378 871 438 779

1940 377 2011 434 S.‘
2039 374 2342 439 DIONYSII
2367 374 2850 450 ~AREOPAGI'I‘A'I

3942 386 4050 445 780

768 495 917 552 unde
949 495 1118 553 etiam
1147 493 1240 551 illa
1265 507 1392 564 quas
1432 490 1811 563 intelliguntur
1852 488 2011 549 cibus
2037 497 2166 545 sunt
2195 487 2346 545 intel-

2461 504 2619 559 μενα.
2651 486 2733 550 Τὰ
2760 473 2893 559 ἠοῦν
2921 490 3085 562 νοερά
3114 491 3218 564 ἐρᾷ
3246 491 3356 577 τῶν
3384 494 3593 576 νοητῶν
3613 497 4050 574 ὲπιστριπιικῶς

764 588 1076 661 ligentlum.
1110 586 1299 660 Itaque
1347 585 1714 658 intelligentia
1761 592 1949 638 amant
1986 582 2354 655 intelligibilia

764 694 992 752 prorsus
1022 679 1380 746 conversis-ts;
1412 676 1777 748 iutettigibilia
1808 690 1939 732 vero
1969 676 2135 733 etiam
2161 682 2355 731 autaut

765 773 1155 846 intelligentia,
1202 771 1297 827 sed
1347 770 1646 842 pmvisive,
1698 768 1806 824 illis
1841 768 1994 824 utilia
2046 768 2354 827 communi.

764 866 964 921 cando.
1012 864 1067 946 In
1128 863 1383 920 confesso
1435 861 1604 932 igitur
1659 871 1746 915 est
1789 875 2007 916 amores
2048 859 2353 917 istiusmodi

762 971 1031 1026 superare
1071 954 1387 1011 sensitivos.
1431 951 1704 1010 Caeterum
1748 953 1866 1009 haec
1895 951 2262 1023 intelligibilia
2296 961 2354 1008 et

767 1048 1133 1119 intelligentia
1165 1062 1231 1103 ex
1265 1044 1690 1119 participatione
1722 1046 1836 1102 veri
1881 1045 2007 1102 boni
2038 1034 2349 1103 taliafacta

763 1148 916 1204 sunt,
949 1138 1049 1209 ipsi
1083 1144 1266 1192 autem
1297 1149 1517 1192 amores
1547 1149 1647 1207 per
1672 1150 1732 1192 se
1764 1134 2159 1207 intelligibiles,
2180 1136 2348 1192 divini

765 1243 914 1288 sunt.
950 1231 1108 1287 Sicut
1136 1229 1283 1286 enim
1326 1228 1473 1284 aliud
1503 1237 1589 1284 est
1622 1229 1822 1284 bonum
1853 1243 1949 1298 per
1977 1228 2355 1299 participatio-

766 1339 915 1390 trem,
946 1334 1004 1378 et
1044 1321 1191 1377 aliud
1235 1322 1437 1377 bonum
1478 1319 1837 1392 simpliciter;
1869 1319 1950 1375 sic
1986 1320 2150 1375 etiam
2201 1320 2351 1377 aliud

766 1428 851 1475 est
884 1418 1232 1490 intelligibile
1259 1417 1449 1483 alicui,
1483 1426 1543 1473 ut
1581 1417 1730 1489 quod
1764 1413 1958 1471 abillo
1986 1413 2349 1484 intelligitur;

764 1519 821 1565 et
862 1510 1009 1568 aliud
1044 1510 1195 1581 quod
1248 1508 1573 1580 simpliciter
1614 1515 1701 1562 est
1745 1502 2111 1575 intelligibile,
2152 1517 2262 1558 non
2292 1510 2352 1556 ut

763 1613 980 1674 tempus
1027 1613 1125 1658 aut
1176 1602 1332 1657 locus
1366 1602 1506 1673 (haec
1551 1600 1697 1657 enim
1748 1600 1916 1654 etiam
1964 1594 2347 1674 intelligibilia,

763 1672 895 1749 cum
914 1710 1020 1749 non
1041 1672 1513 1760 sintseusibilia),
1543 1693 1639 1745 sed
1658 1688 1807 1757 quod
1830 1686 1900 1742 sit
1928 1685 2237 1741 intellectus
2266 1672 2353 1739 in-

766 1786 1149 1858 telligibilium,
1183 1792 1238 1839 et
1280 1785 1497 1849 vivens,
1546 1790 1603 1836 et
1632 1783 1774 1843 vita,
1806 1788 1863 1834 et
1893 1777 2164 1849 operatio.
2191 1774 2349 1837 Vires

764 1883 949 1952 itaque
974 1876 1271 1933 amatorias
1289 1891 1319 1931 a
1345 1874 1535 1949 multis
1560 1871 1847 1927 amoribus
1868 1870 1937 1925 ad
1961 1869 2101 1927 duos
2125 1866 2347 1929 omnino

763 1973 1013 2032 contrahi
1050 1971 1223 2042 cupit,
1255 1976 1365 2025 tam
1405 1965 1789 2038 intelligibiles
1839 1979 2007 2035 quam
2041 1963 2351 2034 intelligen-

768 2079 872 2135 tes,
920 2066 1121 2137 quibus
1161 2062 1421 2120 omnibus
1468 2066 1698 2131 pmstat
1736 2065 1793 2112 et
1834 2055 2107 2111 antecellit
2136 2054 2352 2111 incom-

767 2155 1151 2229 prehensibilis
1199 2153 1292 2207 illa
1325 2151 1509 2207 onmis
1552 2148 1757 2204 amoris
1798 2162 1989 2203 causa.
2036 2147 2353 2215 Incompre-

765 2247 1091 2307 heusibilem
1136 2259 1262 2300 vero
1292 2258 1515 2299 causam
1546 2250 1707 2297 vocat
1733 2245 1843 2294 vim
1881 2238 2100 2294 creandi
2126 2253 2141 2304 ;
2173 2238 2350 2308 siquis

768 2344 892 2399 dem
938 2343 1053 2397 lucc
1083 2338 1197 2394 sola
1233 2337 1378 2392 valet
1410 2336 1484 2399 id,
1517 2335 1660 2405 quod
1705 2331 1934 2387 eli'ectus
1965 2331 2264 2387 materialis
2295 2339 2347 2385 et

763 2432 1012 2489 forumlis
1037 2444 1092 2487 et
1124 2428 1325 2496 ilnalis,
1352 2428 1481 2482 dum
1503 2424 1664 2482 elllcit
1696 2438 1823 2495 quae
1854 2422 1930 2477 illi
1961 2424 2232 2478 videntur.
2265 2422 2348 2477 Ad

767 2522 913 2578 hanc
950 2521 1116 2592 igitur
1143 2512 1760 2588 incompreltensibilem
1786 2526 1841 2568 et
1867 2512 2193 2570 efﬁcientem
2219 2526 2348 2567 cau-

765 2626 907 2680 sam,
943 2613 997 2668 in
1032 2608 1380 2668 commodum
1407 2605 1867 2675 uniuscujusque,
1887 2604 2130 2660 omnium
2166 2604 2351 2660 tatalis

766 2722 923 2763 amor
981 2703 1320 2768 extenditur,
1376 2698 1597 2755 totalem
1639 2694 1805 2769 m
1860 2710 2103 2750 amorem
2145 2709 2350 2750 vocans

766 2799 918 2853 illum
948 2837 964 2863 ,
1017 2795 1109 2866 qui
1165 2808 1235 2849 ex
1288 2793 1546 2847 omnibus
1589 2788 2014 2865 particularibus
2065 2786 2348 2844 amoribus

765 2890 1026 2947 «allectus
1107 2895 1222 2953 est;
1287 2883 1431 2939 Deus
1480 2892 1663 2938 autem
1716 2879 1898 2938 tutalis
1957 2874 2013 2936 et
2060 2879 2351 2951 particula-

768 2984 847 3039 ris
892 2995 1049 3035 amor
1074 2976 1307 3039 exsistit,
1358 2976 1411 3030 in
1459 2982 1721 3045 quantum
1774 2987 1939 3027 causa
1966 2982 2051 3028 est
2089 2982 2146 3028 et
2174 2973 2350 3027 omni-

766 3075 869 3130 bus
927 3072 1137 3145 prmbet
1191 3068 1536 3137 amatorium,
1570 3066 1969 3136 quodammodo
2032 3066 2341 3120 humorem.

2456 583 2697 649 πάντως,
2726 585 2829 658 ἐρᾷ
2852 584 2910 639 δὲ
2932 584 3038 647 ,καὶ
3064 584 3134 640 τὰ
3156 586 3322 661 νοητά
3356 589 3466 643 τῶν
3492 591 3717 663 νοερῶν,
3747 594 3884 651 ἀλλὰ
3906 614 4035 671 προ-

2456 677 2723 750 νοητικῶς
2749 677 2826 749 τῷ
2869 679 3207 751 μεταδιδόναι
3234 680 3335 752 τῆς
3360 681 3671 753 ιὼφελείας.
3723 686 4045 762 Ὀμολοτού-

2460 788 2621 843 μενον
2663 767 2954 835 οὗνὶστιν,
2986 774 3070 827 δτι
3103 776 3167 847 οἱ,
3184 774 3294 830 τῶν
3321 775 3577 832 τοιούτων
3598 778 3819 853 {partes
3848 783 4048 855 ὑπερι-

2418 912 2421 913 ν
2457 862 2618 916 πᾶσι
2658 861 2768 915 τῶν
2809 861 3109 935 αἰσθητῶν.
3150 862 3327 934 Α’Δλλά
3362 864 3539 923 ταῦτα
3568 868 3667 949 μὲν
3692 869 3765 928 τὰ
3790 874 3957 943 νοητά
3982 891 4055 939 τε

2453 955 2550 1010 καὶ
2574 955 2779 1029 ννοερά,
2824 957 2889 1010 ἐκ
2933 956 3170 1029 μετοχῆς
3215 955 3310 1011 τοῦ
3355 958 3527 1024 ὅντως
3570 961 3778 1030 ἀγαθοῦ
3818 965 4045 1022 τοιαῦτα

2452 1050 2803 1123 γεγένηνται,
2841 1050 2893 1103 oi
2928 1049 2986 1103 δὲ
3024 1050 3343 1123 αὐτονόητοι
3371 1049 3597 1123 ἔρωτες,
3626 1055 3675 1108 οί
3721 1055 3855 1111 θεῖοί
3882 1060 4043 1116 εἰσιν.

2456 1140 2668 1225 Ὠσπερ
2697 1139 2807 1214 γὰρ
2836 1140 2965 1197 ἀλλο
3001 1140 3124 1196 ἐστὶ
3146 1141 3210 1197 τὸ
3247 1140 3388 1196 κατά
3420 1142 3652 1216 μετοχὴν
3679 1145 3903 1215 ἀγαθὸν,
3946 1151 4047 1204 ut

2452 1229 2583 1287 ἄλλο
2606 1230 2669 1285 τὸ
2698 1230 2886 1296 ἀπλῶς
2924 1230 3131 1301 ἀγαθόν
3150 1248 3164 1261 ·
3199 1230 3370 1297 οὕτως
3396 1233 3515 1288 ἐστὶ
3554 1235 3650 1289 καὶ
3673 1234 3798 1296 ἀλλο
3832 1240 3895 1293 τό
3919 1257 4044 1294 ,τινι

2453 1321 2665 1392 νοητὸν,
2690 1321 2787 1377 ἅτε
2812 1319 3103 1393 νοούμενον
3143 1322 3237 1376 ὑπ’
3258 1322 3445 1396 αὐτοῦ,
3476 1324 3572 1379 καὶ
3592 1325 3721 1381 ἄλλο
3762 1329 3824 1382 τὸ
3853 1331 4045 1398 ἁπλῶς

2451 1414 2661 1486 νοητὸν,
2685 1414 2784 1485 οὐχ
2820 1414 2897 1479 ὠς
2920 1417 2949 1470 6
2988 1414 3201 1487 χρόνος,
3229 1416 3262 1488 ἢ
3292 1417 3325 1476 ὁ,
3350 1417 3536 1483 τόπος,
3572 1418 3763 1492 (νοητά
3808 1423 3918 1497 γὰρ
3945 1429 4047 1483 καὶ

2449 1506 2642 1571 ταῦτα,
2669 1507 2793 1561 ἐπεὶ
2817 1508 2892 1580 μὴ
2917 1508 3197 1580 αἰσθητὰ),
3225 1508 3362 1562 ἀλλὰ
3391 1508 3517 1574 νοῦς
3540 1512 3649 1581 τῶν
3677 1515 3905 1586 νοητῶν,
3924 1568 3926 1570 τ
3946 1522 4045 1574 καὶ

2451 1591 2579 1659 ζῶν,
2606 1594 2700 1647 καὶ
2724 1594 2858 1667 ζωὴ,
2899 1595 2995 1649 καὶ
3021 1596 3292 1668 ἐνέργεια.
3351 1597 3485 1652 τΑπδ
3512 1600 3643 1668 γοῦν
3669 1602 3781 1658 τῶν
3827 1590 4043 1663 πολλῶν

2450 1685 2672 1759 ἐρώτων
2696 1688 2776 1751 είς
2802 1686 2895 1741 δύο
2927 1690 3203 1761 συναιρεῖν
3228 1680 3502 1762 ἐρωτικὰς
3524 1691 3755 1754 καθόλου
3781 1695 4044 1770 δυνάμεις

2452 1778 2721 1851 βούλεται,
2752 1778 2854 1842 τάς
2882 1796 2942 1833 τε
2968 1780 3165 1852 νοητὰς
3191 1782 3284 1835 καὶ
3318 1780 3419 1846 τὰς
3460 1783 3675 1855 vespae,
3719 1780 3801 1841 ὧν
3830 1806 4044 1861 προκα-

2448 1872 2639 1944 τάρχει
2690 1872 2907 1938 πάντως
2934 1875 2968 1945 ἡ
3024 1875 3226 1939 παντὸς
3268 1876 3528 1931 ἐπέκεινα
3575 1880 3804 1953 ἄσχετος
3862 1884 4039 1939 αἰτία.

2454 1965 2717 2034 Ἀσχετον
2748 1963 2802 2017 δὲ
2820 1965 2997 2019 αἰτίαν
3018 1966 3115 2038 τὴν
3139 1954 3536 2042 δημιούργικήν
3558 1989 3741 2044 φησιν’
3766 1975 3909 2049 αὑτὴ·
3927 1968 4046 2051 Ῡὰρ

2450 2058 2547 2111 καὶ
2578 2059 2711 2131 μόνη
2743 2061 3125 2133 κεχωρισμένη
3156 2063 3277 2117 ἐστὶ
3312 2064 3407 2119 τοῦ
3440 2066 3901 2139 ἀποτελέσματος,
3935 2070 4043 2142 τῆς

2452 2147 2661 2219 ὑλικῆς,
2693 2151 2787 2203 καὶ
2810 2145 2908 2223 τῆς
2934 2151 3163 2223 είδικῆς,
3180 2154 3289 2209 καὶ
3314 2157 3414 2228 τῆς
3443 2150 3683 2231 τελικῆς,
3708 2161 3770 2217 ὲν
3792 2160 3872 2232 τῷ
3898 2162 4045 2223 ἀπο-

2449 2238 2739 2311 τελέσματι
2774 2243 3114 2315 φαινόμενον.
3141 2246 3285 2317 Πρὸς
3316 2247 3520 2320 ταύτην
3559 2245 3653 2304 οῦν
3678 2250 3779 2323 τὴν
3804 2252 4045 2324 ἄσχοτον

2451 2332 2547 2384 καὶ
2572 2333 2859 2405 ποιητικὴν
2889 2336 3089 2400 αίτίαν,
3139 2338 3464 2411 προσφόρως
3492 2342 3727 2414 ἑκάστῳ,
3768 2346 3797 2397 6
3826 2346 3894 2398 ὲκ
3924 2345 4044 2400 τῶν

2451 2424 2704 2479 ἁπάντων
2724 2425 2903 2491 όλικὸς
2926 2427 3065 2500 ἔρως
3089 2429 3447 2497 ἀνατείνεται,
3463 2433 3642 2493 ὑλικὸν
3662 2435 3839 2507 ἔρωτα
3857 2437 4042 2508 λέγων

2448 2514 2540 2568 τὸν
2576 2517 2641 2569 ὲκ
2666 2516 2880 2584 πάντων
2912 2518 3019 2572 τῶν
3060 2521 3300 2592 μερικῶν
3328 2524 3712 2595 συναγόμενον.
3754 2526 3916 2580 Ἔστι
3943 2530 4043 2582 καὶ

2449 2608 2477 2660 6
2503 2606 2633 2671 Θεὸς
2663 2607 2839 2674 ὀλικὸς
2867 2611 2961 2664 καὶ
2995 2612 3217 2684 μερικὸς
3267 2613 3427 2686 ἔρως,
3458 2615 3535 2680 ὼς
3570 2617 3743 2682 αἴτιος
3770 2620 3865 2673 καὶ
3899 2623 4040 2675 πᾶσι

2464 2701 2721 2775 χορηγῶν
2748 2702 2887 2761 κατά
2920 2703 3022 2776 τὴν
3064 2705 3293 2760 ἑκάστου
3329 2707 3557 2779 δύναμιν
3592 2711 3889 2783 ἐρωτικὴν,
3922 2707 4041 2766 οἷον

2449 2791 2766 2865 ἀπόρροιαν.
2799 2793 2924 2861 Πῶς
2963 2792 3055 2851 οὖν
3082 2799 3111 2851 6
3136 2796 3270 2862 Θεὸς
3298 2798 3392 2870 καὶ
3420 2800 3480 2853 τὸ
3508 2801 3627 2854 ὅλον
3656 2800 3747 2855 καὶ
3772 2803 3834 2856 τὸ
3865 2804 4043 2877 μέρος

2450 2882 2855 2957 ἀνεκφοιτήτως
2907 2886 3083 2959 ἑαυτῷ
3133 2886 3311 2943 συνὼν
3349 2885 3488 2943 εἶναι
3532 2890 3773 2954 δύναται,
3816 2895 3885 2947 ἐκ
3937 2894 4042 2949 τοῦ

2451 2977 2824 3048 σπερματικοῦ
2856 2978 3013 3049 λόγου
3047 2980 3217 3051 σαφὲς
3246 2983 3482 3051 γίνεται·
3517 2985 3645 3038 ὅταν
3686 2984 3787 3055 μὲν
3817 2985 3931 3057 γάρ
3974 2988 4046 3040 τὸ

2450 3068 2672 3141 σπέρμα
2698 3069 3006 3137 ἀδιακόπως
3031 3072 3169 3145 όμοῦ
3199 3076 3279 3139 είς
3309 3076 3409 3148 τὴν
3441 3079 3656 3150 μήτραν
3684 3078 4040 3151 καταϐληθῇ,

766 3166 1050 3234 Quomodo
1100 3161 1269 3234 igitur
1301 3159 1443 3217 Deus
1472 3166 1646 3214 totum
1695 3166 1752 3222 et
1784 3171 1935 3228 pars,
1967 3157 2089 3213 sine
2118 3170 2341 3229 egressu

2446 3158 2505 3213 ἓν
2542 3159 2887 3215 ἀποτελεῖται
2922 3162 3190 3235 ἔμϐρυον·
3224 3166 3318 3220 ὲάν
3342 3167 3400 3221 δὲ
3432 3167 3662 3240 μερισθῇ
3702 3169 3768 3223 τὸ
3800 3157 4043 3241 σπέρμα

767 3263 873 3319 sibi
904 3271 1148 3332 prmsens
1171 3267 1294 3312 esse
1321 3253 1515 3325 possit,
1548 3269 1615 3308 ex
1654 3250 1962 3308 seminandi
1999 3250 2212 3308 ratione
2241 3265 2342 3322 pa-

764 3363 843 3409 tet
888 3368 903 3406 :
954 3347 1174 3420 quando
1224 3345 1373 3401 enim
1427 3356 1615 3398 semen
1674 3342 1885 3411 absque
1932 3341 2340 3411 interruptione

763 3434 927 3500 simul
968 3441 1023 3495 in
1078 3437 1363 3494 matricem
1410 3432 1704 3499 deciderit,
1759 3446 1901 3487 unus
1952 3432 2176 3503 quidam
2226 3446 2344 3489 em-

764 3539 901 3609 bryo
933 3533 1235 3596 formatur;
1286 3528 1332 3583 si
1367 3540 1500 3582 vero
1545 3538 1730 3581 semen
1782 3524 1835 3579 in
1868 3523 2051 3580 varias
2096 3526 2343 3582 matricis

763 3627 986 3685 cellulas
1027 3620 1327 3685 dividatur,
1375 3615 1635 3690 Quaelibet
1663 3629 1794 3685 pars
1834 3614 2109 3685 integrum
2136 3614 2341 3671 format

772 3721 1159 3790 embryonem;
1201 3712 1311 3770 erit
1350 3721 1533 3766 autem
1575 3706 1800 3764 seminis
1838 3721 1965 3777 pars
2015 3721 2121 3761 una
2154 3722 2338 3777 nasus,

764 3812 932 3868 altera
980 3805 1193 3869 oculus,
1238 3811 1294 3859 et
1337 3801 1418 3857 sic
1466 3798 1745 3871 deinceps,
1812 3797 2111 3867 omniaque
2159 3798 2341 3868 perfe-

2443 3250 2523 3314 είς
2550 3248 2842 3323 διαφόρους
2880 3251 3136 3317 κύστιδας
3175 3248 3273 3326 τῆς
3306 3257 3541 3333 μήτρας,
3587 3256 3817 3311 ἕκαστον
3861 3258 4043 3330 μέρος

2443 3343 2736 3416 ὀλόκληρον
2766 3345 3002 3420 ἔμϐρυον
3032 3349 3411 3420 ἀποτεμεῖταιο
3449 3348 3601 3404 ἔσται
3624 3345 3715 3403 οὖν
3737 3350 3832 3404 τοῦ
3858 3352 4046 3424 στέρ-

2448 3450 2621 3506 ματος
2643 3436 2706 3490 τὺ
2731 3436 2829 3508 μὲν
2856 3437 2962 3508 ῥὶς,
2987 3435 3049 3492 τὸ
3090 3438 3148 3493 δὲ
3175 3439 3475 3511 ὀφθαλμὸς,
3507 3442 3603 3495 καὶ
3636 3441 3707 3495 τὰ
3747 3441 3900 3513 ἑξῆς,
3932 3445 4047 3500 καὶ

2444 3526 2623 3581 πάντα
2648 3523 2851 3584 τέλεια.
2883 3530 3107 3603 Ὀμοιόν
3146 3548 3198 3585 τι
3228 3531 3532 3604 θεωρητέον
3556 3533 3697 3589 κατά
3730 3535 4045 3604 ἀναλογίαν

2444 3619 2696 3684 καὶπερὶ
2732 3618 2825 3674 τὸν
2866 3622 3178 3678 παντέλειον
3204 3622 3327 3679 νοῦν
3348 3642 3361 3656 ο
3403 3625 3499 3698 ὅλη
3543 3626 3653 3699 γὰρ
3695 3628 3729 3699 ἡ
3770 3629 4047 3701 ἐνέργεια

2444 3715 2690 3789 περιέχει
2717 3716 2812 3772 καὶ
2836 3716 2906 3771 τά
2946 3717 3117 3791 μέρηο
3163 3720 3260 3775 καὶ
3286 3718 3459 3783 οὕτως
3486 3723 3515 3776 6
3537 3721 3671 3788 Θεὸς
3712 3722 3808 3778 καὶ
3840 3724 4045 3791 όλικδς

2447 3806 2539 3859 καὶ
2563 3807 2786 3880 μερικὸς
2809 3807 2946 3880 ἔρως
2969 3808 3104 3864 ὲστὶ.

763 3912 877 3959 cla.
924 3897 1117 3954 Simile
1166 3893 1445 3965 quidpiam
1497 3889 1957 3946 considerandum
2000 3888 2166 3945 etiam
2232 3906 2331 3963 per
2360 3897 2769 3966 proportionem
2810 3901 2877 3955 de
2935 3912 3116 3958 mente
3148 3903 3412 3973 perfecta,
3474 3920 3600 3961 nam
3661 3904 4045 3964 tnt'eﬂlcacia

763 3990 1147 4063 complectitur
1196 3986 1362 4042 etiam
1404 3995 1590 4056 partes
1632 4001 1648 4039 :
1693 3984 1775 4040 sic
1818 3982 1985 4039 etiam
2035 3983 2180 4039 Deus
2231 3993 2340 4039 tam
2375 3989 2558 4047 totalis
2588 4007 2750 4061 quam
2784 3993 3026 4063 partialis
3046 4010 3202 4049 amur
3229 4006 3333 4051 est.

1414 4075 1691 4146 Ejusdem.

836 4178 866 4251 §
913 4174 1078 4232 XVII.
1125 4175 1274 4229 Duas
1338 4172 1505 4241 igitur
1554 4170 1789 4226 virtutes
1839 4172 2138 4226 amatorias
2176 4186 2341 4241 supra

760 4271 938 4325 dictas
966 4265 1197 4338 agedum
1224 4265 1279 4317 in
1323 4277 1488 4317 unum
1516 4261 1855 4334 colligentes,
1884 4262 2130 4318 dicamus
2178 4278 2339 4318 unam

769 4375 891 4416 esse
922 4357 1229 4427 simplicem
1256 4353 1543 4421 virtutem,
1574 4369 1696 4424 quae
1726 4370 1791 4409 ex
1820 4356 2134 4426 semetipsa,
2164 4365 2217 4409 et
2244 4370 2341 4426 per

763 4450 1139 4518 semetipsam,
1181 4452 1236 4499 et
1278 4458 1385 4499 non
1422 4457 1522 4512 per
1567 4443 1726 4499 aliam
1768 4444 2009 4514 aliquam
2055 4446 2334 4513 virtutem,

3067 4086 3176 4141 Τοῦ
3202 4088 3407 4143 αὐτοῦ.

2512 4172 2540 4246 §
2578 4173 2740 4231 XVII.
2786 4174 2897 4241 Τάς
2925 4175 3056 4245 γοῦν
3093 4177 3300 4232 ἄνωθεν
3330 4179 3591 4252 ῥηθείσας
3625 4182 3898 4253 ἐρωτικὰς
3928 4184 4048 4241 δύο

2442 4262 2722 4337 δυνάμεις,
2756 4267 2856 4336 ἄγε
2897 4270 2978 4332 είς
3015 4267 3073 4321 ἓν
3103 4269 3446 4338 συνάγοντες,
3487 4272 3751 4343 εἴπωμεν,
3794 4274 3876 4327 ὅτι
3920 4279 4047 4347 μία

2443 4358 2592 4411 ἐστὶν
2620 4359 2653 4429 ή
2682 4358 2824 4431 ἁπλῆ
2856 4359 3159 4433 δύναμις,ἡ
3191 4362 3251 4429 ἐξ
3294 4361 3463 4433 αὐτῆς
3504 4364 3778 4437 κινητικὴ,
3826 4360 4045 4424 καὶδι’

2444 4448 2664 4519 ἑαυτῆς,
2700 4451 2795 4504 καὶ
2835 4449 2895 4503 οὐ
2940 4450 3009 4504 δι’
3035 4450 3219 4523 ’ἄλλης
3259 4453 3403 4517 τινὸς
3448 4452 3748 4524 δυνάμεως,
3804 4457 3900 4509 καὶ
3933 4461 4048 4529 ecf

764 4553 820 4598 et
847 4544 900 4597 in
934 4540 1232 4608 semetipsa
1264 4546 1516 4592 movetur
1564 4552 1583 4592 :
1624 4536 2073 4606 iuegressibiliter
2102 4538 2245 4591 enim
2271 4551 2341 4591 ex

2446 4538 2673 4607 ἑαυτῆς·
2716 4539 3119 4610 ἀνεκφοιτήτως
3145 4540 3255 4612 γὰρ
3284 4542 3365 4604 είς
3407 4541 3605 4612 ἑαυτὴν
3632 4541 4046 4600 ἀνακαλοῦσα.

763 4636 1057 4705 semetipsa
1090 4634 1143 4686 in
1187 4629 1537 4700 semetipsam
1584 4629 1884 4687 revolvitur
1926 4645 2097 4699 usque
2134 4630 2201 4685 ad
2238 4644 2336 4685 ex-

766 4728 1098 4782 tremitatem
1143 4737 1353 4786 rerum,
1400 4732 1455 4775 et
1500 4736 1566 4776 ex
1614 4721 1719 4775 hac
1762 4721 1816 4775 in
1862 4722 2237 4793 semetipsam.
2271 4720 2339 4777 Et

763 4829 890 4891 post
922 4822 1037 4874 haec
1058 4815 1285 4887 exponit
1316 4822 1542 4869 sanctus
1571 4812 1658 4867 hic
1688 4813 2047 4882 quorumdam
2080 4814 2339 4883 qumstio-

766 4931 916 4978 nem,
943 4922 1026 4967 est
1069 4917 1252 4965 autem
1287 4908 1400 4963 fere
1446 4917 1559 4962 tota
1593 4906 1876 4975 gentilium
1907 4916 1966 4961 et
2007 4905 2339 4961 Manichmo-

765 5025 902 5063 I'lIIlI.

838 5101 865 5171 ς
898 5096 1082 5151 XVIII.
1123 5096 1212 5150 Ait
1239 5095 1446 5164 itaque,
1474 5093 1858 5147 nonneminem
1883 5090 2118 5160 objicere
2142 5102 2331 5160 posse:

766 5190 822 5245 Si
851 5192 1050 5245 bonum
1076 5185 1334 5240 omnibus
1361 5191 1446 5239 est
1469 5183 1704 5236 amabile
1732 5182 1882 5249 (nam
1910 5181 1961 5236 id
1990 5182 2165 5249 ipsum
2192 5182 2335 5250 quod

2441 4627 2498 4695 ἐξ
2514 4629 2713 4701 ἑαυτῆς
2739 4630 2897 4702 μέχρι
2917 4628 3011 4683 τοῦ
3036 4630 3146 4684 τῶν
3162 4630 3328 4685 ὄντων
3355 4633 3605 4703 ἐσχάτου,
3631 4633 3721 4686 καὶ
3737 4636 3802 4687 ὲκ
3819 4636 4047 4692 τούτου

2440 4721 2518 4783 είς
2560 4722 2777 4793 ἑαυτήν.
2828 4721 2939 4775 Καὶ
2982 4723 3119 4793 μετά
3158 4722 3332 4776 ταῦτα
3372 4723 3643 4777 ἐκτίθεται
3678 4726 3706 4776 6
3741 4724 3898 4792 ἅγιος
3948 4730 4052 4794 ds;

2440 4811 2548 4865 ἀπό
2570 4829 2730 4866 τινων
2758 4814 2987 4884 ἀπορίαν
3004 4815 3124 4870 τινά
3148 4831 3162 4845 ·
3207 4814 3324 4868 ἐστι
3345 4814 3401 4867 δὲ
3428 4815 3489 4868 τὸ
3516 4817 3621 4869 πᾶν
3644 4816 3784 4869 κατά
3822 4817 4049 4893 Ἐλλή-

2440 4921 2544 4958 νων
2576 4906 2669 4959 καὶ
2697 4905 3032 4969 Μανιχαίων.

2510 5088 2537 5159 §
2578 5087 2768 5143 XVIII.
2814 5090 2949 5162 Φησὶ
2998 5091 3151 5160 γοῦν,
3194 5092 3275 5144 ὅτι
3306 5090 3437 5162 φαίη
3483 5090 3700 5173 τις-ἀν’
3749 5090 3811 5143 Εἰ
3838 5094 4056 5149 πᾶσὶν

2437 5179 2583 5231 ἐστιν
2614 5180 2840 5250 ὲραστὸν
2865 5182 2926 5233 τὸ
2947 5181 3147 5250 ἀγαθὸν
3180 5181 3293 5252 (καὶ¹
3317 5180 3448 5234 αὐτὸ
3468 5180 3576 5252 γὰρ
3599 5180 3658 5233 τὸ
3685 5179 3757 5252 μὴ
3780 5180 3837 5233 δν
3864 5182 3949 5250 ἐφ
3963 5186 4059 5237 εε-

2435 5286 2525 5323 ται
2546 5272 2755 5334 τούτου,
2782 5272 2853 5341 μὴ
2880 5272 2936 5324 ὃν
2957 5268 3135 5342 λέγων
3156 5273 3253 5344 τὴν
3282 5272 3512 5326 ἀνείδεον
3540 5271 3672 5341 ὓλην
3693 5289 3705 5301 ο
3732 5268 3870 5325 αὐτὸ
3901 5278 4056 5349 γάρ

2436 5363 2553 5415 ἐστι
2591 5362 2652 5414 τὸ
2690 5363 2891 5431 ἀγαθὸν
2934 5362 2996 5417 τὸ
3030 5365 3313 5417 εἰδοποιόν.
3371 5364 3456 5426 Ὠς
3515 5362 3646 5431 γοῦν
3692 5363 3725 5433 ἡ
3773 5360 3879 5433 ὕλη
3927 5368 4057 5421 τοῦ

2435 5453 2625 5518 εἴδους,
2667 5453 2807 5508 οὕτω
2849 5455 2910 5507 τὸ
2956 5455 3028 5527 μὴ
3074 5455 3134 5508 ὃν
3176 5455 3271 5508 τοῦ
3302 5455 3459 5507 Θείου
3503 5454 3731 5523 ἐφίεται.
3776 5452 3900 5506 Καὶ
3950 5460 4060 5514 ἔτι

2436 5545 2771 5616 ὑπερουσίως
2808 5545 3021 5613 λέγεται
3045 5546 3105 5597 τὸ
3138 5546 3211 5617 μὴ
3255 5546 3313 5598 ὃν
3340 5543 3434 5597 ἐπὶ
3457 5539 3614 5609 Θεοῦ,
3648 5545 3854 5607 amco;
3908 5549 4059 5619 γὰρ

2434 5639 2526 5691 καὶ
2552 5639 2789 5701 ἀνείδεος
2818 5640 2908 5691 καὶ
2931 5640 3353 5710 ἀσχημάτιστος,
3382 5639 3475 5692 καὶ
3505 5637 3563 5690 οῦ
3595 5637 3688 5706 γῆ,
3714 5632 3810 5707 οὐχ
3838 5634 4058 5713 ὕδωρ,

2432 5734 2489 5784 οὐ
2540 5732 2670 5803 πῦρ,
2714 5736 2741 5785 ὁ
2780 5733 2911 5796 θεός
2956 5735 3120 5799 ἐστιν,
3167 5734 3504 5805 ὑπερουοίως
3549 5733 3604 5785 δὲ
3648 5732 3787 5802 ὑπὲρ
3832 5735 4054 5793 ταῦτα

2433 5823 2663 5894 πάντα·)
2701 5826 2745 5876 εἰ
2793 5820 2885 5877 οὖν
2933 5824 3109 5879 πάντα
3148 5825 3240 5878 τοῦ
3289 5823 3492 5893 ἀγαθοῦ
3536 5821 3769 5893 ἐφίεται,
3822 5824 3972 5893 πῶς
4018 5849 4053 5902 σς

764 5298 871 5339 non
915 5288 1001 5337 est
1050 5275 1180 5331 illud
1226 5274 1458 5345 expetit,
1503 5287 1611 5327 non
1652 5286 1750 5327 ens
1800 5285 2001 5326 vocans
2048 5269 2333 5325 informem

762 5374 1083 5438 materiam;
1122 5370 1262 5425 idem
1287 5366 1432 5421 enim
1458 5375 1540 5419 est
1562 5366 1763 5419 bonum
1790 5372 1954 5433 atque
1983 5362 2332 5417 formiﬁcum.

761 5463 1221 5533 Quemadmodum
1260 5461 1426 5531 igitur
1459 5457 1687 5511 materia
1717 5455 1976 5518 formam,
2007 5453 2086 5509 sic
2113 5455 2164 5508 id
2190 5457 2333 5523 quod

760 5575 864 5610 uuu
911 5568 992 5609 εει
1044 5554 1209 5607 Deum
1236 5551 1459 5622 expetit.
1512 5549 1768 5617 Quinimo
1798 5547 1941 5616 quod
1988 5563 2093 5601 non
2138 5558 2241 5609 est,
2277 5548 2331 5603 in

762 5651 868 5702 lien
891 5661 1050 5714 supra
1077 5646 1375 5699 essentiam
1398 5645 1622 5705 dicitur,
1649 5641 1917 5707 siquidem
1953 5648 2007 5693 et
2029 5642 2331 5708 quantitate

758 5754 811 5793 ει
842 5743 1013 5794 t'urma
1060 5749 1115 5793 ct
1166 5740 1339 5807 (igura
1369 5746 1561 5801 caret;
1610 5746 1658 5790 et
1712 5736 1855 5789 Deus
1898 5741 1982 5787 est
2015 5749 2117 5787 non
2158 5747 2326 5800 terra,

766 5848 865 5881 mu
899 5845 1057 5897 aqua,
1094 5842 1198 5881 :mu
1234 5826 1392 5899 ignis,
1417 5827 1510 5881 sed
1542 5841 1702 5898 supra
1734 5826 1849 5880 haec
1874 5824 2051 5881 omnia
2078 5838 2325 5894 superes-
