4186 6308
194 412 292 470 78!

764 414 869 472 DE
887 416 1144 474 DlVlNlS
1174 416 1573 485 NOMINIBUS,
1603 417 1758 476 ω».

1872 460 1886 473 .
1919 447 1992 465 -ο
2016 415 2369 476 ΡΔΒΑΡΠΒ.
2407 420 2882 484 PACHYMERE.

188 528 442 602 δαιμονία
459 529 668 603 πληθὺς
679 531 780 586 οὐκ
803 533 1016 604 ἀφίεται
1031 552 1047 602 ;
1065 533 1338 608 Πρότερον
1361 534 1418 589 δι
1437 535 1763 608 or;ch

1884 531 2258 604 sentialiter).
2287 532 2356 600 si,
2383 533 2639 604 inquam,
2678 537 2866 594 omnia
2910 538 3115 596 bonum
3159 550 3446 614 appetunt,

192 621 325 694 περὶ
347 621 444 678 τοῦ
480 622 557 694 μὴ
599 623 768 690 ὕντος,
793 625 876 680 ὅτι
914 626 1074 681 τοῦτο
1090 627 1152 681 τὸ
1175 627 1251 700 μὴ
1275 627 1336 682 ὃν
1361 629 1412 683 οι
1439 628 1660 698 παλαιοὶ
1695 628 1772 702 μὴ

194 712 358 785 μόνον
379 715 616 770 ἀνείδεον
646 709 776 790 ὓλην
808 717 1098 785 ἐκάλεσαν,
1132 719 1269 774 ἀλλά
1303 719 1402 773 καὶ
1425 719 1652 793 ισχατον
1684 718 1771 775 αἷ-

191 819 342 874 σχος.
372 805 606 874 Λέγεται
630 807 690 862 δὲ
715 807 790 879 μὴ
811 806 871 862 δν
896 811 931 882 ὴ
958 809 1058 882 ὕλη
1081 810 1180 882 οὐχ
1201 811 1285 865 ὅτι
1317 811 1593 877 παντελῶς
1616 813 1770 869 οὐδέν

189 897 362 972 ἐστιν,
396 896 508 950 ἀλλ’
544 899 626 951 ὅτι
660 897 736 970 μὴ
769 899 886 954 ἐστι
915 918 970 954 τι
997 902 1106 956 τῶν
1127 887 1327 956 ὅντων·
1360 902 1638 975 παρῆκται
1671 905 1770 976 μὲν

188 987 302 1058 γὰρ
327 989 391 1042 ιιι
413 989 488 1062 μὴ
519 989 690 1043 ὄντων
724 991 830 1044 ὑπὸ
861 991 956 1047 τοῦ
991 993 1126 1047 Θεοῦ
1149 993 1243 1048 καὶ
1275 997 1309 1066 ἡ
1343 995 1442 1066 ὕλη
1463 1012 1476 1026 ο
1503 995 1622 1049 ἀλλ’
1647 997 1766 1068 οὐχ,

186 1077 270 1142 ὥς
298 1097 442 1144 τινες
477 1081 766 1146 ὑπέλαϐον,
792 1083 1029 1148 ἀνείδεος
1049 1084 1144 1138 καὶ
1173 1087 1582 1158 ἀσχημάτιστος
1602 1105 1615 1120 ο
1645 1089 1768 1144 ὅθεν

187 1172 312 1228 ἀεὶ
339 1172 482 1244 ἀρχὴ
516 1172 625 1226 τῶν
667 1175 942 1246 αἰσθητῶν
975 1175 1008 1248 ἡ
1043 1175 1166 1248 ὕλη,
1207 1177 1342 1235 ἀλλὰ
1390 1178 1590 1249 μᾶλλον
1633 1197 1770 1251 συμ-

188 1265 515 1339 ulmea;
550 1265 766 1320 ιτούτων
811 1269 906 1322 καὶ
955 1268 1180 1340 ἔσχατόν
1211 1287 1264 1322 τι
1300 1270 1394 1323 καὶ
1446 1271 1766 1343 ὑποστάθμη

187 1357 302 1410 τῶν
319 1357 515 1415 ὀντων,
539 1360 646 1417 Καὶ
674 1361 735 1413 τὸ
768 1360 1024 1432 αἰσθητὸν
1050 1363 1151 1416 οὐκ
1180 1363 1308 1417 ἄνευ
1340 1363 1438 1433 μὲν
1463 1363 1597 1436 ’ύλης
1627 1365 1766 1428 ἐστὶ,

187 1452 439 1520 κρεῖττον
472 1450 528 1503 δὲ
561 1452 662 1524 τῆς
689 1451 841 1524 ὕλης,
887 1453 1060 1518 εἴδους
1095 1456 1341 1510 ὁπωσοῦν
1374 1456 1602 1528 μετέχον
1621 1473 1634 1485 ·
1673 1456 1767 1509 ού-

185 1540 382 1594 am:
430 1537 524 1595 οῦν
564 1541 913 1614 δειχθήσεται
951 1545 988 1617 ἡ
1022 1544 1119 1616 ὕλη
1162 1546 1284 1618 δίχα
1327 1547 1422 1600 τοῦ
1467 1548 1641 1614 εἴδους
1674 1549 1769 1604 καὶ

185 1630 296 1683 τῶν
335 1633 668 1703 ποιοτήτων·
711 1634 843 1687 ποτε
877 1634 986 1707 γὰρ
1015 1637 1202 1706 γέγονε
1232 1637 1291 1689 τὸ
1331 1638 1442 1710 πῦρ
1478 1639 1605 1693 ἀνευ
1639 1628 1766 1712 θερ-

187 1723 427 1795 μότητος
470 1724 503 1796 ἦ
539 1727 737 1795 φωτὸς,
777 1727 810 1798 ἢ
847 1728 908 1781 τὸ
941 1729 1089 1802 ὕδωρ
1135 1729 1266 1785 ἀνευ
1295 1729 1631 1802 ψυχρότητος
1675 1733 1768 1785 καὶ

186 1814 489 1886 ὑγρότητος
521 1819 617 1870 καὶ
634 1817 728 1871 τοῦ
759 1817 1104 1884 κυανίζοντος
1133 1821 1462 1892 χρώματος
1491 1823 1588 1876 Διά
1611 1823 1770 1878 τοῦτο

1871 621 2148 693 quomodo
2178 621 2356 681 turba
2405 623 2718 686 damonum
2750 641 2859 684 non
2887 624 3019 685 illud
3046 626 3294 700 expetiti
3321 627 3448 688 Fris

1872 729 2022 774 mum
2067 725 2251 784 autem
2296 717 2700 774 observandum
2729 720 2878 775 eirea
2924 735 3031 776 non
3076 737 3196 790 ens.
3227 733 3446 787 veteres

1873 803 2008 863 illud
2033 821 2141 864 non
2161 822 2262 863 ens
2279 823 2387 863 non
2413 807 2589 864 solum
2616 809 2908 867 informem
2931 813 3236 878 materiam,
3251 827 3438 869 verum

1872 897 2042 953 etiam
2061 907 2366 964 extremam
2398 898 2796 967 turpitudinem
2835 901 3160 974 appellasse.
3211 903 3439 962 latens

1871 997 2056 1045 autem
2094 987 2300 1044 dicitur
2325 1003 2432 1045 non
2459 1007 2577 1056 ens,
2609 1008 2716 1048 non
2743 976 2890 1064 quod
2914 996 3137 1050 omnino
3173 995 3309 1054 nihil
3338 999 3440 1065 sit,

1869 1079 2122 1151 sedquod
2145 1094 2249 1136 non
2271 1081 2346 1136 sit
2369 1081 2576 1152 aliquid
2599 1097 2780 1139 rerum
2811 1086 3234 1154 exsistentium;
3264 1089 3439 1159 siqui-

1869 1170 1995 1227 dem
2023 1185 2091 1226 ex
2119 1184 2225 1227 non
2261 1172 2482 1228 entibus
2510 1173 2676 1229 etiam
2703 1172 2819 1244 ipsa
2849 1177 3078 1232 ntateria
3105 1191 3135 1231 a
3171 1176 3284 1234 Deo
3313 1192 3441 1250 pro-

1867 1261 2033 1318 ducta
2077 1259 2202 1328 fuit,
2247 1263 2342 1318 sed
2384 1280 2512 1328 non,
2569 1274 2631 1320 ut
2679 1265 2843 1336 aliqui
2890 1267 3282 1337 opinabantur,
3319 1271 3444 1326 sine

1869 1354 2044 1408 forma
2089 1362 2145 1409 et
2176 1354 2398 1424 ﬁgura:
2442 1355 2672 1426 ideoque
2719 1353 2883 1430 ωδ
2930 1360 3156 1415 materia
3202 1374 3309 1416 nou
3356 1371 3447 1416 est

1870 1444 2200 1515 principium
2252 1446 2558 1512 sensilium,
2589 1450 2689 1504 sed
2738 1449 2922 1520 potius
2968 1465 3159 1507 eorum
3197 1452 3440 1524 comple-

1869 1549 2142 1606 mentum,
2167 1552 2226 1602 et_
2266 1550 2575 1596 extremum
2616 1543 2750 1612 quid
2789 1559 2854 1599 ac
2898 1543 3321 1602 fundamentum
3342 1560 3444 1604 en-

1871 1633 2026 1686 tium.
2059 1627 2124 1686 Et
2151 1634 2293 1702 quod
2336 1634 2598 1690 sensibile
2621 1643 2727 1704 est,
2775 1650 2883 1690 non
2911 1636 3032 1694 sine
3075 1636 3302 1693 materia
3331 1648 3442 1705 est,

1868 1719 1963 1778 sed
1987 1737 2110 1777 cum
2135 1725 2207 1778 sit
2231 1725 2593 1794 prastantius
2617 1727 2748 1796 quid
2775 1729 3025 1793 materia,
3051 1727 3280 1784 fortnam
3305 1744 3444 1800 quo-

1867 1828 1975 1884 quo
1999 1815 2161 1878 modo
2189 1816 2488 1886 participat
2517 1834 2534 1884 ;
2584 1835 2862 1890 nunquam
2907 1823 3075 1892 igitur
3118 1823 3440 1881 ostendetur

181 1908 282 1961 καὶ
320 1908 468 1980 λόγῳ
512 1909 768 1984 θεωρητή
799 1913 949 1966 ἐστιν
997 1914 1029 1984 ἡ
1070 1913 1194 1986 ὕλη,
1231 1913 1328 1970 καὶ
1372 1918 1475 1971 οὐκ
1513 1916 1763 1990 αἰσθήσει

1868 1911 2098 1966 materia
2139 1909 2258 1966 sine
2288 1907 2464 1965 forma
2506 1920 2562 1965 et
2587 1911 2986 1981 qualitatibus:
3031 1916 3253 1985 quando
3297 1920 3444 1979 enim

181 2001 386 2074 ληπτὴ,
419 2002 513 2057 καὶ
544 1999 682 2076 νόθῳ
702 2003 945 2076 λογισμῷ
974 2006 1482 2079 καταλαμὸἀνεσθαι
1511 2009 1763 2078 λέγεται·

187 2093 310 2147 τάδε
344 2095 483 2159 εστὶ,
512 2093 749 2164 λὶγεται,
786 2096 900 2150 ἀλλ’
933 2098 1016 2151 ὅτι
1049 2098 1167 2152 τόδε
1203 2101 1302 2154 οὐκ
1334 2100 1468 2165 ἐστι,
1503 2104 1684 2174 χεῖρον
1709 2102 1770 2156 δὲ

183 2185 426 2240 πάντων.
459 2186 618 2240 υῦτω
651 2186 760 2260 γὰρ
799 2190 894 2242 καὶ
923 2190 1016 2242 ἐπὶ
1049 2189 1143 2244 τοῦ
1181 2193 1314 2246 Θεοῦ
1350 2194 1612 2266 λέγομενο
1650 2196 1765 2250 ἀλλ’

179 2274 368 2329 ικείσε
398 2279 644 2348 κρεῖττον
687 2280 904 2332 πάντων
940 2281 1139 2352 φαμὲν,
1174 2286 1268 2338 καὶ
1311 2285 1670 2358 ὐπερουσίως.
1702 2289 1766 2342 Εἰ

182 2367 318 2437 γοῦν
351 2368 494 2423 οὕτω
521 2369 713 2434 ταῦτα,
752 2370 870 2437 πῶς
901 2376 934 2445 ἡ
973 2375 1225 2446 δαιμονία
1253 2377 1462 2449 πληθὺς
1492 2379 1586 2433 τοῦ
1629 2381 1766 2450 ἀγα-

182 2465 280 2521 θοῦ
297 2469 400 2521 οὐκ
415 2469 644 2538 ἐφίεται,
666 2470 1090 2525 dmmmmia
1101 2471 1183 2535 δὲ,
1202 2470 1386 2524 κακῶν
1402 2472 1653 2526 ἀπάντων
1675 2474 1767 2527 καὶ

180 2559 355 2630 ἑαυτῇ
371 2560 466 2615 καὶ
481 2563 590 2624 τοῖς
613 2561 1002 2633 αακυνομένοις
1017 2561 1161 2616 αἰτία
1175 2563 1401 2630 γίνεται;
1425 2563 1547 2628 Πῶς
1563 2562 1638 2629 δὲ,
1662 2581 1766 2617 πα-

186 2649 457 2721 μχθεῖσα
490 2650 555 2702 ὲκ
584 2649 679 2703 τοῦ
713 2650 942 2720 ἀγαθοῦ,
981 2651 1083 2704 οὐκ
1115 2651 1263 2708 ἑστιν
1303 2653 1640 2724 ἀγαθοειδὴς,
1671 2671 1766 2724 με-

180 2741 464 2811 τασχοῦσα
484 2741 579 2796 τοῦ
593 2742 870 2807 οὐσιωδῶς
899 2744 992 2798 καὶ
1012 2746 1074 2798 ού
1094 2745 1234 2803 κατά
1261 2744 1492 2817 μετοχὴν
1520 2745 1726 2814 ἀγαθοῦ
1747 2762 1762 2812 ;

179 2833 251 2886 ’οά
289 2834 403 2906 γὰρ
447 2834 644 2902 ἔξωθεν
676 2836 1054 2908 ἀγαθυνόμενα
1098 2839 1164 2907 τῇ
1213 2835 1342 2909 περὶ
1394 2836 1528 2891 αὐτὸ
1579 2837 1764 2908 ἐφέσει

181 2927 479 2999 ἀγαθοειδῆ
518 2929 782 3000 λέγονται,
819 2931 914 2985 καὶ
961 2931 1062 2985 οὐκ
1102 2931 1425 3002 αὐτόχρημα
1462 2931 1676 3000 ἀγαθά’
1729 2931 1762 3001 ἢ

183 3022 308 3086 πῶς
339 3023 544 3092 ἀγαθὸν
581 3025 824 3094 γεγονὸς,
864 3023 1151 3097 ἠλλοιώθη,
1185 3025 1258 3097 μὴ
1285 3025 1380 3079 τοῦ
1409 3025 1624 3096 ’ἀγαθοῦ
1669 3028 1763 3082 ικ-

182 3115 541 3186 νικήσαντοςς
581 3117 692 3170 Καὶ
720 3115 773 3169 τί
806 3117 924 3170 ἐστι
957 3115 1018 3170 τὺ
1050 3118 1278 3190 κινῆσαν
1329 3117 1501 3188 αὐτὴν
1541 3119 1621 3182 εις
1667 3135 1766 3172 κα-

183 3207 334 3272 κίαν,
369 3208 401 3280 ἢ
433 3207 647 3278 μᾶλλον,
666 3209 750 3273 τίς
776 3209 811 3280 ἡ
841 3208 983 3281 ἀρχὴ
1005 3208 1194 3262 τούτου
1220 3226 1234 3276 ;
1269 3209 1389 3264 οὐδὲ
1413 3209 1523 3282 γὰρ
1542 3209 1760 3278 εὐαγὲς,

180 3297 278 3351 δύο
311 3299 490 3371 ἀρχὰς
535 3301 731 3365 εἰπεῖν,
773 3300 912 3355 κατά
949 3300 1078 3365 τοὺς
1121 3299 1478 3373 Μανιχαίους.
1529 3299 1592 3356 Εἰ
1641 3302 1697 3356 δὲ
1731 3303 1761 3356 ὁ

181 3390 388 3460 ἀγαθὸς
413 3391 653 3465 ὼρῆξεν
676 3393 866 3466 αὐτὴν,
886 3393 1005 3458 πῶς
1025 3393 1295 3469 ἠϐουλήθη
1313 3393 1477 3450 τοῦτο
1503 3395 1762 3468 ποιῆσαι;

181 3484 215 3555 ἢ
244 3485 547 3557 βουληθεὶς,
582 3487 699 3552 πῶς
727 3488 1004 3562 haemon;
1048 3490 1136 3555 ὀς
1159 3491 1269 3563 γὰρ
1298 3486 1359 3545 τὺ
1382 3489 1496 3564 πῦρ
1527 3494 1761 3567 φυσικὴν

181 3579 488 3651 ἀδυναμίαν
524 3580 634 3652 ἔχει
668 3574 804 3653 πρὸς
828 3583 889 3636 τὸ
922 3583 1133 3655 ψύχειν,
1171 3587 1264 3639 καὶ
1300 3587 1360 3640 οὐ
1387 3585 1544 3656 ψύξει
1583 3585 1685 3642 κάν
1712 3587 1766 3642 si

181 3686 234 3722 τι
260 3671 355 3723 καὶ
376 3670 601 3744 γένηται
621 3688 635 3702 °
671 3671 812 3726 οὕτω
841 3673 1016 3728 καὶτὸ
1045 3675 1349 3745 αὐτάγαθον
1379 3676 1609 3750 φυσικὴν
1639 3677 1766 3732 ἀδυ-

180 3762 384 3832 ναμίαν
443 3763 556 3834 εχει
599 3765 738 3838 πρὸς
780 3766 841 3820 τὸ
885 3767 1054 3822 κακὸν
1088 3767 1348 3841 παράξαι.
1395 3768 1520 3834 Πῶς
1563 3769 1621 3824 δὲ
1665 3771 1762 3826 καὶ

181 3853 444 3925 προνοίας
462 3855 629 3929 οὔσης
653 3858 748 3911 καὶ
785 3858 1156 3932 κυϐερνώσης,
1184 3863 1271 3932 ἐφ’
1300 3855 1344 3930 ᾧ
1378 3863 1556 3918 πάντα
1588 3865 1647 3918 ἐν
1681 3863 1760 3936 τῷ

179 3943 376 4015 ἀγαθῷ
405 3945 604 4016 μένειν,
642 3945 756 4000 ἔστι
783 3944 845 4001 τδ
873 3948 1064 4014 κακὸν,
1101 3949 1136 4020 ἢ
1175 3949 1497 4020 γινόμενονς
1537 3949 1570 4022 ﬂ
1600 3951 1756 4004 εῐπου

181 4035 278 4089 καὶ
300 4035 559 4109 ἐγενήθη,
600 4036 674 4109 μὴ
704 4039 1095 4114 ἀναιρούμενον
1116 4057 1130 4106 ;
1154 4042 1247 4094 καὶ
1277 4040 1396 4105 πῶς
1431 4042 1600 4106 ἔστιν,
1624 4041 1760 4105 ἀρφέν⁸

183 4129 345 4199 μενόν
378 4146 434 4183 τι
465 4130 561 4184 τοῦ
591 4131 817 4201 ἀγαθοῦ,
853 4132 947 4187 τοῦ
985 4130 1156 4186 κακοῦ
1189 4131 1473 4202 ὲφίισθαις

1868 1999 1973 2055 fuit
1997 2001 2140 2072 ignis
2168 2002 2290 2058 sine
2324 2001 2508 2057 calore
2533 2013 2628 2056 aut
2656 2002 2886 2073 lumine,
2913 2005 2999 2060 vel
3022 2021 3161 2077 aqua
3193 2010 3315 2075 sine
3340 2012 3437 2066 iri-

1868 2107 2001 2164 gare
2019 2101 2074 2147 et
2099 2092 2428 2150 bumiditate
2449 2102 2506 2149 et
2535 2095 2774 2152 cmruleo
2798 2095 3013 2153 colore?
3042 2094 3248 2155 Idcirco
3271 2103 3437 2159 etiam

1869 2185 1984 2242 dixi
2026 2186 2313 2242 materiam
2357 2188 2569 2243 ratione
2613 2189 2850 2260 concipi,
2895 2200 2950 2245 et
2995 2207 3101 2246 non
3137 2207 3296 2249 sensu
3341 2209 3441 2266 ap-

1869 2278 2154 2348 prehendi,
2180 2293 2281 2334 nec
2310 2293 2415 2334 non
2443 2280 2741 2352 impropria
2769 2297 2863 2338 seu
2893 2283 3176 2354 illegitima
3223 2289 3437 2347 ratione

1868 2369 2084 2440 concipi
2114 2370 2432 2439 perhibetur
2463 2388 2475 2422 :
2507 2369 2587 2425 sic
2614 2373 2779 2425 etiam
2811 2377 2954 2441 quod
2989 2375 3089 2428 hoc
3110 2367 3182 2427 sit
3212 2374 3436 2443 dicitur,

1867 2460 1964 2516 sed
1994 2462 2144 2531 quod
2173 2461 2309 2518 illud
2337 2477 2448 2519 non
2473 2462 2568 2532 sit,
2594 2463 2796 2535 quippe
2825 2465 2952 2534 quid
2982 2465 3135 2538 pejus
3162 2470 3436 2527 omnibus.

1867 2549 2084 2607 Etenim
2113 2552 2192 2608 sic
2224 2554 2391 2610 etiam
2422 2553 2493 2609 de
2525 2554 2634 2610 Deo
2665 2553 2920 2618 dicimus,
2957 2567 3144 2610 verum
3176 2566 3306 2613 tunc
3346 2573 3440 2612 as-

1867 2647 2126 2714 serimus,
2148 2649 2326 2721 ipsum
2369 2649 2499 2719 quid
2543 2649 2800 2707 omnibus
2845 2663 2969 2706 esse
3009 2649 3225 2722 melius,
3275 2655 3439 2726 idque

1869 2745 2425 2814 superessentialiter.
2465 2741 2524 2800 Si
2564 2745 2754 2817 itaque
2785 2747 2900 2802 haec
2943 2746 3019 2802 ita
3066 2761 3128 2803 se
3179 2749 3440 2817 habeant,

1870 2837 2146 2905 quomodo
2173 2839 2330 2892 turba
2359 2837 2668 2894 daemonum
2710 2841 2911 2895 bonum
2953 2857 3058 2895 non
3086 2843 3312 2910 expetit,
3341 2845 3440 2900 sed

1870 2941 1899 2981 a
1933 2942 2034 2984 suo
2073 2938 2220 2985 statu
2251 2931 2528 3000 prolapsa,
2568 2942 2679 2987 tam
2706 2931 2809 2987 sibi
2839 2933 2940 3003 ipsi
2971 2948 3132 3003 quam
3164 2934 3286 2991 aliis
3315 2952 3442 3004 per-

1867 3020 2041 3077 versis
2077 3021 2344 3078 malorum
2369 3024 2614 3079 omnium
2656 3039 2820 3080 causa
2855 3026 3119 3081 exsistit?
3155 3026 3441 3095 Quomodo

1868 3125 2077 3180 autem,
2105 3130 2226 3170 cum
2258 3117 2520 3186 producta
2543 3116 2618 3172 sit
2641 3132 2710 3172 ex
2727 3118 2892 3184 bono,
2913 3118 3038 3174 boni
3068 3117 3240 3174 forma
3266 3131 3438 3187 caret,

1868 3205 2146 3275 particeps
2168 3209 2444 3264 exsistens
2470 3207 2588 3277 ejus
2609 3210 2700 3280 qui
2720 3208 3085 3268 essentialiter
3099 3221 3154 3267 et
3181 3227 3286 3268 non
3310 3229 3442 3285 par-

1819 3295 1832 3323 ¹
1867 3297 2184 3371 ticipatione
2217 3301 2391 3357 bonus
2431 3301 2559 3358 est?
2609 3319 2735 3358 nam
2768 3318 2890 3374 quae
2930 3306 3274 3361 extrinsecus
3317 3305 3439 3375 ejus

1863 3390 2140 3450 desiderio
2169 3392 2313 3448 bona
2345 3392 2490 3450 facta
2532 3404 2684 3464 sunt,
2714 3396 3046 3452 bonil'ormia
3074 3398 3354 3466 dicuntur,
3383 3408 3442 3455 et

1865 3495 1975 3539 non
2002 3497 2202 3556 reapse
2238 3485 2404 3551 bona,
2435 3495 2528 3542 aut
2554 3486 2830 3558 quomodo
2853 3485 2996 3542 bona
3035 3481 3204 3552 facta,
3232 3497 3438 3542 mutata

1861 3580 1947 3631 est
1977 3575 2122 3632 bono
2146 3575 2378 3632 minime
2396 3575 2741 3650 superante?
2769 3574 2977 3646 Ecquid
3004 3585 3088 3632 est
3109 3578 3253 3647 quod
3287 3577 3434 3632 illam

1873 3667 2043 3723 movit
2065 3667 2134 3723 ad
2159 3667 2448 3736 malitiam,
2473 3668 2556 3724 vel
2581 3669 2785 3740 potius,
2818 3669 3093 3740 quodnam
3134 3669 3251 3741 ejus
3286 3673 3439 3742 priu-

1868 3754 2112 3830 cipium‘l
2157 3774 2336 3832 neque
2370 3761 2518 3817 enim
2561 3759 2879 3830 religiosum
2919 3762 2990 3817 sit
3027 3759 3136 3816 duo
3167 3762 3438 3833 principia

1867 3861 2132 3926 statuere,
2176 3854 2478 3909 secundum
2519 3851 2871 3909 Manicbaos.
2922 3850 2982 3909 Si
3028 3861 3209 3910 autem
3260 3853 3438 3911 bonus

1867 3945 2043 4018 ipsam
2073 3945 2354 4017 produxit,
2384 3945 2656 4015 quomodo
2681 3943 2854 4000 voluit
2890 3945 2997 4001 hoc
3027 3945 3207 4001 facere
3231 3945 3255 4000 ἵ
3281 3945 3363 4000 vel
3389 3946 3436 4002 si

1867 4037 2063 4106 voluit,
2087 4037 2360 4108 quomodo
2385 4037 2604 4108 potuit?
2628 4035 3098 4104 Quemadmodum
3126 4037 3271 4093 enim
3294 4039 3437 4109 ignis

1869 4128 2178 4188 naturalem
2206 4129 2586 4200 impotentiam
2611 4129 2771 4183 habet
2796 4127 2862 4183 ad
2885 4125 3354 4200 l‘rigel‘aciendum,
3385 4141 3442 4184 et

178 4221 449 4291 quidquid
475 4220 570 4278 ﬂat
595 4237 702 4276 non
732 4221 1113 4293 rel’rigerabit;
1143 4220 1222 4278 sic
1245 4222 1408 4278 etiam
1439 4225 1614 4294 ipsum
1642 4237 1740 4291 per
1799 4236 1859 4278 se
1916 4222 2127 4277 bonum
2179 4219 2487 4276 naturalem
2517 4219 2890 4290 impotentiam
2929 4220 3092 4275 habet
3117 4221 3186 4275 ad
3224 4218 3435 4278 facien-

178 4315 314 4369 dum
343 4314 574 4370 malum.
605 4315 886 4383 Quomodo
914 4329 1065 4379 vero,
1097 4317 1262 4372 etiam
1291 4325 1540 4371 exstante
1582 4323 1747 4385 atque
1778 4313 1965 4369 omnia
1996 4313 2334 4385 gubernante
2361 4307 2734 4377 Providentia,
2777 4325 2883 4382 qua
2915 4323 3114 4369 cuncta
3167 4315 3222 4368 in
3285 4315 3434 4370 bono

178 4416 560 4479 perseverant.
611 4409 809 4464 malum
851 4418 955 4474 est,
1007 4409 1090 4464 vel
1139 4409 1236 4463 lit?
1280 4409 1363 4463 vel
1415 4409 1464 4464 si
1500 4424 1735 4478 unquam
1770 4408 1970 4464 factum
1999 4407 2094 4472 sit,
2120 4421 2228 4460 non
2280 4421 2312 4461 e
2367 4402 2547 4461 medio
2605 4405 2878 4462 sublatum
2912 4402 3034 4462 est?
3067 4415 3123 4461 et
3160 4408 3440 4478 quomodo

181 4502 461 4573 quidpiam
491 4503 679 4559 relicto
710 4504 869 4568 bono,
895 4504 1094 4559 malum
1127 4505 1332 4574 expetit
1358 4503 1381 4557 ?

248 4600 277 4672 ς
328 4596 469 4653 XIX.
529 4598 617 4652 Ἐν
648 4598 828 4670 ταύτῷ
857 4600 1148 4670 γυμνάζων
1184 4601 1276 4653 τὸν
1324 4599 1480 4668 λόγον
1512 4598 1639 4670 περὶ
1668 4594 1763 4650 τοῦ

1943 4591 1976 4666 δ
2029 4590 2175 4648 XIX.
2208 4590 2417 4662 Stylum
2463 4589 2553 4646 hic
2599 4589 2748 4645 circa
2789 4590 2992 4644 malum
3026 4589 3351 4660 simpliciter
3381 4599 3437 4645 et

177 4691 355 4745 κακοῦ
383 4690 594 4754 ἁπλῶς,
619 4693 711 4744 καὶ
732 4693 792 4744 ού
823 4693 949 4763 περὶ
970 4692 1079 4745 τῶν
1104 4691 1492 4763 δαιμόνωνρια)⁸
1515 4688 1760 4743 ἀναλύων

175 4786 278 4849 τάς
314 4782 552 4856 ἀπορίας
602 4783 766 4854 φησί’
809 4783 881 4835 Τὸ
927 4785 1093 4836 κακὸν
1141 4783 1262 4836 οὔτε
1309 4785 1374 4836 ἐκ
1410 4782 1503 4836 τοῦ
1554 4781 1760 4851 ἀγαθοῦ

177 4878 451 4950 μέλλομεν
481 4879 658 4930 εἰπεῖν
689 4877 1050 4948 παραχθῆναι,
1082 4875 1201 4929 οὗτε
1233 4879 1296 4929 ὲκ
1330 4875 1423 4929 τοῦ
1463 4876 1632 4931 κακοῦ
1653 4893 1666 4906 ο
1697 4878 1761 4930 ὲκ

177 4971 277 5038 μὲν
307 4967 407 5021 τοῦ
438 4967 643 5036 ἀγαθοῦ
678 4967 778 5020 οὐκ
805 4968 970 5032 ἔστιν,
995 4969 1077 5022 ὃτι
1104 4971 1196 5022 καὶ
1217 4968 1347 5021 αὐτὸ
1375 4968 1596 5040 ἔμελλεν
1623 4964 1759 5022 εἶναι

173 5063 231 5115 οὐ
265 5060 445 5116 κακόν
472 5076 484 5088 ·
523 5060 596 5123 ὡς
632 5059 740 5130 γὰρ
772 5060 831 5112 ού
877 5061 1045 5132 πυρὸς
1079 5061 1139 5113 τὸ
1178 5061 1391 5131 ψύχειν,
1429 5062 1600 5126 οὕτως
1638 5063 1759 5114 οὐδὲ

173 5152 387 5223 ἀγαθοῦ
417 5152 480 5204 τὸ
518 5153 786 5222 παράγειν
815 5153 1000 5206 κακόν.
1043 5152 1210 5206 Πάλιν
1247 5152 1302 5204 δὲ
1348 5156 1412 5205 ὲκ
1456 5154 1548 5206 τοῦ
1586 5153 1757 5207 κακοῦ

171 5253 272 5304 οὐκ
307 5249 484 5312 ἔστιν,
516 5249 598 5300 ὅτι
631 5246 816 5318 ὥσπερ
843 5247 920 5316 τῷ
945 5246 1132 5316 ἀγαθῷ
1162 5255 1320 5315 φύσις
1348 5247 1464 5300 ἐστὶ
1492 5249 1758 5319 παράγειν

174 5344 266 5396 καὶ
303 5339 537 5405 σώζεινο
575 5339 716 5392 οῦτω
744 5338 821 5409 τῷ
848 5339 1002 5408 κακῷ
1041 5339 1280 5409 φθείρειν
1320 5340 1411 5392 καί
1449 5339 1755 5392 ἀπολλύειν.

173 5436 237 5490 Τί
275 5430 411 5497 οῦνς
445 5434 588 5486 εῐποι
622 5449 704 5494 τις
731 5449 742 5461 ·
778 5433 849 5485 Ἦ
878 5433 1057 5485 τοίνυν
1089 5433 1188 5486 ούκ
1211 5433 1326 5484 ἔστι
1354 5432 1536 5484 λοιπὸν
1567 5433 1627 5485 τὸ
1658 5451 1758 5486 κα-

174 5528 287 5589 ·ιιδν,
313 5526 348 5596 ἢ
373 5523 434 5577 ὃν
466 5523 578 5594 ἔχει
602 5522 724 5574 τινὰ
754 5525 947 5594 μοῖραν
968 5523 1062 5574 τοῦ
1090 5521 1316 5589 ἀγαθοῦ,
1362 5521 1478 5575 καθ’
1517 5522 1583 5590 ἣν
1621 5521 1760 5584 ὅλως

172 5619 308 5672 ἐστί.
365 5617 536 5670 Πάλιν
568 5612 660 5668 οὖν
694 5614 1079 5686 ἀμφοτέρωθεν
1111 5616 1330 5684 ἀπορία.
1385 5616 1446 5666 El.
1514 5616 1609 5683 μὲν
1661 5615 1759 5665 οὑκ

174 5713 322 5765 ἔστιν
362 5712 502 5774 ὅλως
547 5710 611 5762 τὸ
643 5710 811 5762 κακὸν
836 5750 848 5772 ,
908 5709 1086 5779 μέλλει
1122 5707 1259 5761 εἶναι
1295 5710 1326 5777 ἡ
1368 5708 1533 5778 ἁρετὴ
1585 5709 1676 5759 καὶ

172 5803 341 5856 κακία
373 5801 590 5862 ταύτὸν,
615 5801 752 5869 ὅπερ
788 5797 1138 5868 παρακατιὼν
1160 5797 1368 5865 τίθησιν
1389 5813 1400 5824 ·
1435 5797 1482 5847 εἰ
1521 5794 1576 5846 δέ.
1618 5795 1754 5856 ἐστι,

1355 5907 1444 5942 και
1478 5905 1577 5941 ειτι
1611 5905 1722 5956 γινε
1737 5919 1757 5927 -

170 5897 236 5951 τὰ
263 5897 322 5950 δὲ
358 5896 490 5949 ὄντα
524 5895 698 5947 πάντα
740 5892 829 5946 τοῦ
869 5893 1030 5944 καὶ.οῦ
1058 5893 1318 5953 epirum,

1871 4702 1980 4742 non
2025 4685 2174 4741 circa
2215 4687 2488 4739 daemones
2535 4694 2824 4746 exercens,
2857 4682 2926 4752 [et
2966 4684 3242 4738 resolvens
3289 4700 3438 4751 quae-

1873 4778 2102 4842 stiones,
2129 4777 2207 4831 ait
2235 4776 2469 4831 :Malum
2499 4790 2674 4846 neque
2699 4789 2763 4831 ex
2793 4777 2933 4830 bono
2960 4777 3200 4833 dicemus
3230 4778 3436 4845 produ-

1862 4880 2012 4926 ctum
2044 4885 2184 4936 esse,
2237 4882 2414 4938 neque
2444 4878 2513 4922 ex
2549 4863 2731 4934 malo;
2781 4868 3051 4938 siquidem
3098 4883 3202 4923 non
3246 4878 3330 4923 est
3360 4883 3431 4923 ex

1863 4965 2027 5030 bono,
2065 4964 2193 5034 quia
2222 4957 2360 5016 alias
2392 4964 2569 5031 ipsum
2613 4974 2830 5030 quoque
2860 4977 2966 5016 non
2999 4972 3148 5016 esset
3195 4963 3434 5027 malum;

1861 5054 2316 5126 quemadmodum
2348 5055 2492 5108 enim
2528 5053 2666 5122 ignis
2695 5069 2801 5110 non
2843 5063 2927 5109 est
2971 5052 3319 5125 refrigerare,
3350 5057 3432 5112 sic

1868 5161 2046 5218 neque
2093 5148 2222 5203 boni
2281 5149 2482 5202 malum
2525 5151 2850 5218 producere.
2881 5145 3113 5202 Rursum
3154 5160 3283 5202 vero
3325 5165 3431 5205 non

1864 5250 2039 5295 estex
2090 5241 2256 5305 malo,
2309 5241 2566 5309 quoniam
2619 5240 2762 5296 sicut
2810 5241 2937 5297 boni
2983 5240 3148 5312 406
3177 5257 3262 5296 est
3305 5258 3430 5310 pro-

1861 5335 2061 5389 ducere
2090 5348 2155 5387 ac
2192 5347 2438 5398 servare,
2468 5334 2549 5388 sic
2579 5334 2745 5388 etiam
2778 5334 2906 5387 mali
2949 5343 3033 5388 est
3077 5347 3428 5402 corrumpere

1859 5441 1928 5481 ac
1958 5427 2209 5495 perdere.
2255 5422 2396 5493 Quid
2449 5423 2656 5496 igitur?
2688 5425 2835 5480 dicet
2873 5425 3092 5495 aliquis.
3125 5425 3221 5480 Vel
3258 5427 3430 5496 igitur

1862 5531 1968 5570 non
1990 5526 2073 5572 est
2099 5518 2299 5571 malum
2318 5512 2612 5585 reliquum,
2639 5515 2721 5571 vei
2744 5517 3014 5573 exsistens
3035 5517 3199 5573 habet
3217 5529 3426 5586 partem

1863 5607 2100 5676 aliquam
2127 5611 2276 5674 boni,
2301 5611 2599 5664 secundum
2627 5623 2790 5676 quam
2816 5609 3040 5664 omnino
3060 5619 3163 5667 est.
3191 5607 3429 5664 Rursum

1860 5703 2035 5755 oritur
2081 5703 2333 5771 utrinque
2369 5699 2619 5771 qumstio.
2658 5698 2713 5755 Si
2756 5717 2984 5771 namque
3033 5720 3136 5759 non
3178 5714 3261 5758 est
3304 5718 3428 5756 om-

1861 5793 1990 5846 nino
2016 5794 2239 5855 malum,
2270 5795 2440 5847 virtus
2470 5802 2525 5847 et
2557 5795 2763 5847 malitia
2793 5797 2919 5862 quid
2953 5813 3115 5848 unum
3137 5807 3318 5854 erunt.
3353 5799 3427 5848 uti

1864 5887 1915 5940 in
1949 5902 2237 5957 progressu
2275 5887 2469 5950 trudit;
2505 5888 2550 5942 si
2587 5895 2767 5943 autem
2800 5900 2903 5954 εει,
2935 5900 2988 5942 ct
3030 5908 3087 5944 ea
3134 5907 3252 5956 qam:
3283 5901 3432 5952 sunt,
