4186 6308
798 330 912 386 ’183

1978 331 2035 385 S.
2074 328 2373 386 DiONYSll
2411 328 2873 389 AREOPAGITE

3953 341 4053 397 784

803 444 989 503 omnia
1016 446 1215 500 bonutn
1244 455 1541 515 appetunt;
1579 440 1642 500 et
1670 447 1711 500 si
1742 446 1873 515 quid
1925 445 2005 508 lit,
2038 446 2119 501 vel
2155 454 2357 517 proptel

2480 464 2590 511 ται,
2620 447 2652 518 ἢ
2693 448 2781 502 διὰ
2812 449 2873 502 τὸ
2905 450 3127 519 ἀγαθὸν,
3160 453 3191 524 ἢ
3218 452 3309 507 διὰ
3338 454 3399 506 τὸ
3433 454 3623 510 δοκοῦν
3660 456 3891 524 γίνεται,
3938 461 4051 529 (καὶ

808 541 1007 593 bonum
1038 538 1120 601 lit,
1151 540 1233 592 vel
1264 547 1485 608 propter
1513 538 1563 593 id
1595 540 1735 607 quod
1761 541 1974 592 videtur
1996 538 2198 591 bonum
2229 541 2376 605 (nam

807 640 865 684 et
904 632 1133 700 ipsamet
1160 631 1359 684 invidia
1396 631 1574 686 oritur
1604 641 1826 701 propter
1865 618 1917 684 id
1953 631 2095 699 quod
2150 640 2377 699 apparet

804 734 1029 791 bonum,
1057 735 1111 777 et
1141 726 1316 779 omms
1342 740 1522 779 rerum
1554 740 1751 795 scopus
1774 726 2099 796 principium
2124 741 2186 779 ac
2210 729 2375 780 tinem

807 819 970 872 liabet
1007 818 1266 886 bonum);
1307 820 1473 872 etiam
1502 820 1727 883 malum,
1759 820 1812 873 in
1845 830 2112 888 quantum
2140 829 2243 881 est,
2273 820 2376 874 ha-

803 910 956 965 bebit
987 911 1286 980 appetitum
1313 912 1379 964 ad
1412 911 1611 986 bonum
1638 929 1653 977 ;
1687 912 1959 979 quomodo
1982 912 2127 965 enim
2151 916 2377 966 omnino

804 1003 1037 1058 exsistat
1071 1002 1402 1070 ejusccmodi
1434 1002 1557 1057 boni
1589 1003 1782 1057 :tli'ectu
1813 987 2249 1059 destitutum18i
2277 1006 2377 1076 igi-

804 1104 892 1147 tur
928 1108 1014 1147 res
1040 1108 1229 1148 omnes
1252 1096 1416 1147 etiam
1445 1112 1509 1149 ex
1546 1095 1656 1149 Deo
1686 1105 1739 1150 et
1776 1096 1827 1149 in
1864 1096 1973 1149 Deo
2012 1095 2124 1151 sint
2152 1137 2167 1160 ,
2201 1078 2371 1152 etiam

802 1186 934 1239 illud
972 1186 1146 1254 ipsum
1194 1190 1335 1257 quod
1388 1202 1494 1242 non
1526 1200 1608 1243 est
1639 1199 1698 1241 ut
1740 1190 1988 1252 materia,
2041 1200 2095 1242 et
2140 1206 2261 1259 qua:
2302 1206 2366 1246 ex

799 1278 1075 1332 ablatione
1109 1280 1173 1355 de
1228 1278 1336 1332 Deo
1390 1281 1930 1347 Superessentialitcr
1973 1283 2368 1348 praedicantur,

802 1369 1002 1425 malum
1034 1372 1086 1425 id
1115 1375 1259 1441 quod
1291 1375 1339 1425 in
1383 1374 1544 1428 rebus
1574 1375 1816 1441 ponitur,
1846 1375 1897 1426 in
1933 1376 2041 1428 Deo
2068 1374 2196 1440 erit,
2230 1385 2284 1429 et
2314 1376 2368 1429 id

796 1464 939 1533 quod
967 1480 1072 1519 non
1102 1475 1186 1518 est
1215 1465 1265 1518 in
1294 1464 1479 1527 rebus,
1506 1466 1701 1519 iterum
1731 1466 1781 1518 in
1815 1465 1923 1521 Deo
1953 1466 2153 1523 erit.Si
2182 1478 2366 1521 autem

803 1571 908 1617 non
940 1557 1010 1610 sit
1052 1555 1103 1609 in
1140 1554 1270 1619 Deo,
1315 1558 1445 1625 quid
1495 1558 1710 1610 tandem
1753 1558 1860 1612 erit
1897 1560 2040 1624 quod
2079 1568 2232 1611 extra
2280 1573 2368 1613 res

794 1658 849 1700 ct
875 1663 978 1701 nou
1008 1664 1093 1703 res
1120 1648 1242 1703 est?
1272 1664 1391 1702 cum
1429 1650 1479 1701 in
1517 1648 1768 1703 confesso
1796 1648 1866 1701 sit
1914 1647 2082 1703 Deum
2123 1664 2249 1703 esse
2271 1664 2367 1702 ex-

796 1743 877 1788 tra
904 1748 965 1787 ea
1002 1748 1122 1802 qua:
1157 1743 1319 1799 sunt,
1350 1741 1404 1808 et
1441 1743 1594 1787 extra
1624 1748 1686 1788 ea
1719 1748 1838 1804 qua:
1878 1750 1983 1788 non
2028 1736 2191 1801 sunt;
2228 1742 2281 1789 et
2313 1736 2367 1789 id

791 1826 937 1895 quod
968 1840 1073 1879 non
1118 1833 1201 1879 est
1236 1825 1286 1877 iu
1319 1824 1459 1879 bono
1487 1838 1648 1893 supra
1684 1824 2045 1877 substantiam
2083 1823 2213 1887 dici,
2256 1838 2362 1877 non

789 1920 936 1989 quod
965 1919 1068 1973 hoc
1094 1919 1166 1972 sit
1187 1916 1272 1973 vel
1307 1916 1465 1981 illud,
1485 1916 1578 1970 sed
1612 1932 1773 1982 supra
1804 1914 1920 1971 hare
1943 1915 2364 1984 supraSubstan-

792 2014 1021 2067 tialiter.
1047 2010 1255 2065 Bonum
1282 2026 1411 2081 ergo
1450 2010 1686 2063 locatum
1716 2018 1799 2063 est
1824 2024 1984 2077 supra
2012 2010 2061 2062 id
2085 2011 2227 2078 quod
2255 2019 2359 2071 est,

788 2114 843 2156 ct
870 2120 1031 2173 supra
1062 2104 1115 2157 id
1146 2102 1286 2173 quod
1318 2118 1422 2155 non
1456 2112 1540 2156 est
1566 2119 1581 2167 ;
1617 2102 1815 2155 malum
1846 2114 2025 2154 autem
2056 2118 2159 2156 non
2184 2102 2359 2157 solum

789 2196 1023 2250 alienum
1055 2203 1138 2249 est
1178 2208 1208 2247 a
1258 2193 1416 2249 rebus
1448 2195 1594 2264 (nam
1625 2196 1671 2247 si
1709 2203 1876 2258 esset,
1912 2194 2039 2249 boni
2082 2195 2358 2262 particeps

787 2289 1324 2356 exsisteret),verum
1343 2288 1508 2341 etiam
1530 2304 1559 2341 a
1587 2302 1690 2341 non
1711 2287 1928 2341 entibus
1959 2297 2227 2341 remotum
2253 2296 2358 2351 ρει,

791 2394 847 2438 (ιι
885 2385 949 2438 iis
994 2384 1126 2453 ipsis
1169 2383 1348 2435 minus
1388 2396 1486 2435 ens
1528 2393 1633 2445 εει,
1684 2393 1805 2434 cum
1860 2380 1913 2433 id
1944 2382 2087 2449 quod
2121 2396 2223 2435 non
2276 2392 2359 2437 est

786 2477 954 2533 etiam
986 2476 1039 2531 in
1083 2475 1195 2531 Deo
1220 2474 1458 2546 desuper
1487 2472 1813 2528 collocetur.
1860 2472 2218 2528 Concluditur
2250 2473 2357 2529 ita-

785 2580 924 2641 que,
980 2569 1398 2637 haudquaquam
1444 2566 1910 2635 quidquamcsse
1945 2565 2167 2631 malum,
2204 2576 2256 2621 et
2308 2568 2355 2622 si

783 2663 889 2719 hoc
916 2662 1009 2725 sit,
1043 2658 1402 2715 indifferentia
1432 2668 1590 2713 erunt
1619 2659 1799 2712 omnia
1828 2666 1881 2711 et
1919 2657 2211 2713 laudabilia
2246 2678 2259 2727 ;
2302 2669 2356 2713 ct

790 2774 895 2813 non
933 2755 1107 2810 solum
1144 2753 1315 2807 virtus
1361 2766 1483 2805 cum
1515 2750 1721 2803 malitia
1754 2750 1861 2804 erit
1900 2752 2064 2817 idem,
2093 2762 2199 2806 tota
2232 2755 2351 2819 toti,

790 2862 843 2907 et
889 2848 1132 2920 partialis
1159 2844 1576 2916 pr0portionali,
1607 2859 1658 2896 v.
1691 2858 1743 2914 ε.
1778 2841 2042 2899 fortitudo
2069 2846 2353 2913 pusillani-

781 2943 980 3005 mitati,
1006 2956 1191 2995 verum
1217 2938 1382 2991 etiam
1416 2938 1468 2991 id
1496 2937 1638 3006 quod
1670 2936 1857 2990 virtuti
1887 2949 2151 3007 repugnat
2176 2940 2350 2993 virtus

780 3035 907 3091 erit.
936 3030 1204 3086 Caeterum
1239 3027 1481 3082 formans
1513 3026 1885 3098 syllogismum
1918 3028 2344 3097 Itypotbeticum,

2396 1795 2439 1849 Β

2479 542 2644 604 αὐτὸς
2662 542 2772 613 γὰρ
2805 544 2832 595 ὸ
2864 543 3053 611 φθόνος
3072 544 3162 597 διά
3190 564 3240 597 τι
3269 546 3457 601 δοκοῦν
3481 548 3679 617 ἀγαθὸν
3702 550 3927 617 γίνεται,
3961 555 4049 605 καὶ

2482 638 2589 699 πᾶς
2627 638 2653 688 ὁ
2686 635 2794 688 τῶν
2842 636 3010 691 ὄντων
3056 640 3254 702 σκοπὸς
3296 639 3468 711 ἀρχὴν
3504 641 3615 712 ἔχει
3661 643 3754 694 καὶ
3798 644 3946 707 τέλος
3992 646 4051 697 τὸ

2480 727 2681 795 ἀγαθόν
2704 729 2742 799 ο)
2793 728 2902 794 ἕξει
2939 731 3029 783 καὶ
3067 730 3127 782 τὸ
3162 731 3347 793 κακὸν,
3384 731 3572 785 καθότι
3609 734 3743 795 ἐστὶ,
3784 734 3881 804 τὴν
3915 737 4047 804 πρὸς

2478 816 2538 868 τὸ
2569 816 2769 884 ἀγαθὸν
2801 817 3013 885 ἔφεσιν·
3058 818 3175 880 πῶς
3216 818 3324 889 γὰρ
3369 817 3504 881 ὅλως
3553 819 3610 872 δν
3640 820 3756 889 τῆς
3796 821 4047 889 τοιαύτη;

2478 909 2685 979 ἀγαθῆς
2712 909 3167 980 παραιρεθήσεται
3182 910 3346 974 ἕξεως
3366 927 3385 973 ;
3403 912 3441 963 Ε
3450 913 3464 963 ί
3486 912 3616 979 γοῦν
3637 912 3704 965 τὰ
3728 904 3855 965 am
3870 913 4043 965 πάντα

2476 1004 2571 1057 καὶ
2604 998 2669 1057 ἐκ
2695 1001 2829 1055 θεοῦ
2864 1005 2959 1056 xa‘t
2984 1006 3043 1056 ὲν
3064 1003 3142 1073 τῷ
3170 1004 3289 1073 Θεῷ
3323 1007 3448 1067 εἰσι,
3491 1008 3584 1059 καὶ
3624 1006 3752 1058 αὐτὸ
3790 1005 3852 1076 δὴ
3885 1006 3946 1058 τὸ
3971 1006 4046 1075 μὴ

2472 1095 2534 1149 ὃν
2566 1095 2699 1167 thigh
2736 1095 2860 1165 ὕλη,
2904 1096 2997 1149 καὶ
3037 1096 3105 1149 τὰ
3157 1097 3217 1161 ἐξ
3260 1098 3601 1168 ἀφαιρέσεως
3648 1099 3912 1169 λεγόμενα
3951 1102 4046 1153 ἐπὶ

2472 1188 2568 1241 τοῦ
2606 1188 2741 1241 Θεοῦ
2779 1189 3138 1258 ὑπερουσίως,
3173 1188 3232 1241 τὸ
3260 1190 3429 1243 κακὸν
3468 1193 3526 1244 ἐν
3553 1195 3666 1255 τοῖς
3705 1188 3822 1245 οὖσι
3856 1194 4044 1246 ταττό-

2478 1298 2657 1351 μενον,
2690 1282 2753 1333 ἑν
2788 1281 2868 1350 τῷ
2897 1280 3016 1352 Θεῷ
3044 1282 3214 1343 ἔσται,
3256 1283 3351 1347 καὶ
3378 1285 3435 1335 ἐν
3460 1286 3584 1345 τοῖς
3607 1282 3679 1354 μὴ
3707 1280 3845 1347 οὖσι,
3879 1284 4045 1338 πάλιν

2472 1376 2529 1427 ἐν
2567 1373 2644 1443 τῷ
2677 1372 2795 1444 Θεῷ
2832 1373 3001 1427 ἐσται.
3033 1375 3094 1427 El
3127 1375 3183 1428 δὲ
3211 1376 3307 1428 οὐκ
3338 1374 3483 1428 ἐστιν
3517 1378 3574 1429 ὲν
3612 1376 3690 1447 τῷ
3712 1377 3850 1447 Θεῷ,
3884 1378 3937 1429 τί
3976 1378 4046 1431 ἂν

2472 1466 2556 1537 εἴη
2592 1467 2727 1537 ὅπερ
2762 1465 2866 1531 ἐξω
2905 1465 3014 1518 τῶν
3058 1465 3224 1518 ὄντων
3262 1467 3355 1519 καὶ
3391 1467 3501 1519 τῶν
3677 1468 3843 1521 ὄντων
3885 1470 4043 1532 sati;

2472 1550 3036 1630 Προομολογουμένου,
3067 1559 3148 1611 ὅτι
3190 1557 3251 1613 τὸ
3292 1556 3443 1612 Θεῖον
3476 1561 3569 1613 καὶ
3601 1561 3707 1613 τῶν
3740 1561 3907 1613 ὄντων
3948 1564 4045 1615 καὶ

2469 1650 2576 1704 τῶν
2614 1650 2687 1721 μὴ
2724 1650 2889 1703 ὄντων
2923 1651 3027 1715 ἕξω
3061 1651 3198 1714 ἐστὶ,
3231 1652 3326 1704 καὶ
3363 1652 3422 1704 τὸ
3454 1652 3525 1724 μὴ
3555 1653 3612 1705 ὃν
3642 1656 3699 1705 ἐν
3738 1652 3816 1723 τῷ
3850 1653 4044 1724 ἀγαθῷ

2470 1736 2610 1792 κατὰ
2649 1738 2709 1790 τὸ
2752 1737 3071 1808 ὑπερούσιον
3110 1737 3346 1806 λέγεται,
3391 1739 3451 1790 οὐ
3474 1740 3594 1792 τόδε
3622 1738 3752 1809 γὰρ,
3788 1739 3847 1791 οὐ
3881 1741 4001 1793 τόδε
4026 1782 4040 1804 ,

2466 1830 2577 1883 ἀλλ’
2602 1831 2738 1901 ὑπὲρ
2761 1830 2931 1883 ταῦτα
2948 1831 3300 1901 ὑπερουσίως.
3323 1831 3519 1884 Λοιπὸν
3545 1831 3605 1884 τὸ
3625 1831 3827 1900 ἀγαθὸν
3865 1833 4041 1903 ὑπερ-

2468 1923 2742 1995 ιδρυμένον
2785 1925 2899 1976 ἐστὶ
2928 1925 3021 1976 καὶ
3060 1926 3118 1977 ἐν
3155 1924 3233 1993 τῷ
3266 1924 3379 1976 ὄντι
3417 1924 3509 1977 καὶ
3567 1927 3625 1977 ὲν
3656 1924 3732 1994 τῷ
3782 1924 3855 1995 μὴ
3886 1925 4001 1977 ὄντι
4023 1942 4037 1955 ⁸

2463 2018 2523 2070 τὸ
2561 2016 2616 2070 δὲ
2637 2017 2803 2070 κακὸν
2840 2016 2913 2087 μὴ
2947 2017 3104 2087 μόνον
3136 2015 3244 2068 τῶν
3282 2016 3449 2069 ὄντων
3482 2016 3777 2087 ἀλλότριον,
3802 2017 3900 2086 (ἂν
3928 2017 4039 2088 γὰρ

2461 2106 2549 2181 ἦν,
2580 2112 2823 2181 μετεῖχεν
2853 2109 2917 2162 ἂν
2937 2108 3030 2161 τοῦ
3059 2108 3262 2176 ἀγαθοῦ
3287 2108 3323 2176 ·)
3350 2108 3482 2161 ἀλλὰ
3504 2109 3596 2161 καὶ
3626 2108 3732 2161 τῶν
3760 2109 4041 2180 μὴ’δντων

2462 2204 2758 2275 ἀλλότριον,
2779 2204 2872 2256 καὶ
2889 2200 3177 2255 ἀνουσιὼτε
3187 2218 3297 2273 ρον,
3325 2201 3446 2253 ἐπεὶ⁸
3476 2201 3567 2254 καὶ
3590 2200 3652 2253 τὸ
3687 2200 3759 2270 μὴ
3782 2200 3842 2253 ὃν
3864 2202 3926 2253 ὲν
3957 2200 4039 2270 τῷ

2460 2293 2577 2364 Θεῷ
2610 2292 2980 2363 ὑπερίδρυται.
3024 2292 3318 2358 Συνάγεται
3351 2290 3548 2353 τοίνυν,
3586 2290 3666 2341 ὅτι
3706 2288 3915 2360 οὐδαμῆ
3948 2290 4040 2342 οὺ-

2459 2386 2644 2456 δαμῶς
2679 2386 2738 2439 τὸ
2766 2385 2931 2438 κακόν
2962 2386 3107 2437 ἐστι’
3140 2385 3232 2437 καὶ
3266 2386 3313 2435 εί
3346 2381 3521 2445 τοῦτο,
3567 2380 3856 2451 ἀδιάκριτα
3880 2380 4037 2435 ἔσται

2462 2482 2636 2535 πάντα
2677 2481 2769 2533 καὶ
2810 2477 3192 2547 ἐπαινούμενα,
3237 2476 3330 2529 καὶ
3372 2476 3445 2547 μὴ
3488 2476 3645 2545 μόνον
3692 2478 3726 2546 ἡ
3763 2474 3935 2545 ἀρετὴ
3960 2476 4035 2543 τῇ

2459 2575 2626 2645 κακίᾳ
2661 2573 2875 2637 ταύτὸν,
2908 2574 2939 2643 ἡ
2970 2568 3215 2631 καθόλου,
3246 2572 3311 2639 τῇ
3341 2567 3589 2630 καθόλου,
3632 2566 3781 2637 καὶὴ
3826 2565 4035 2637 μερικὴ

2455 2672 2522 2740 τῇ
2555 2667 2819 2736 ἀναλόγῳ,
2848 2664 3086 2735 δηλονότι
3129 2666 3161 2734 ἡ
3200 2663 3394 2734 ἀνδρία
3425 2664 3489 2732 τῇ
3527 2660 3719 2731 δειλίᾳ,
3767 2659 3904 2713 ἀλλά
3938 2662 4039 2713 καὶ

2454 2761 2513 2815 τὸ
2535 2757 2901 2827 ἀντικείμενον
2925 2758 2989 2825 τῇ
3010 2757 3174 2826 ἀρετῇ
3195 2754 3361 2826 ἀρετὴ
3380 2752 3552 2807 ἔσται.
3575 2751 3772 2804 Λοιπὸν
3796 2750 4035 2827 συνάξας

2452 2854 2543 2907 τὸν
2579 2852 2892 2907 ὑποθετικὸν
2946 2849 3333 2919 συλλογισμὸν,
3374 2847 3580 2916 ἀναιρεῖ
3626 2844 3687 2896 τὸ
3738 2844 4034 2914 ἑπόμενον,

2452 2945 2627 2998 καίτοι
2663 2943 2867 3012 λέγων·
2922 2941 3168 2994 Ἐναντία
3198 2943 3286 3011 τῇι
3311 2937 3631 3010 σωφροσύνῃ
3670 2938 3702 3007 ή
3737 2936 4033 2991 ἀκολασία.

2452 3040 2561 3093 Καὶ
2598 3039 2656 3091 οὐ
2691 3037 2833 3105 λέγω
2868 3034 2987 3088 κατ’
3027 3033 3220 3095 αὐτοὺς
3249 3033 3374 3095 τοὺς
3417 3030 3734 3102 ἀνθρώπους
3767 3031 3895 3093 τοὺς
3929 3047 4036 3098 με-

781 3128 933 3183 elidit
963 3124 1271 3194 sequelam,
1301 3122 1489 3177 dicens
1514 3134 1530 3173 :
1554 3120 1844 3176 Contraria
1872 3132 1957 3174 est
1982 3123 2350 3190 temperantia:

2454 3134 2703 3204 τέχοντας
2749 3130 2971 3191 τούτων,
3012 3128 3090 3180 ὅτι
3124 3127 3383 3196 μάχονται
3419 3128 3512 3178 καὶ
3543 3123 3873 3178 ἀντίκεινται
3918 3122 4037 3191 (δό-

782 3219 1092 3275 tlissolutio.
1136 3215 1325 3286 Neque
1354 3229 1485 3268 vero
1522 3212 1646 3267 dico
1677 3212 1767 3265 illa
1811 3212 1914 3266 sibi
1960 3227 2265 3282 repugnare
2296 3224 2351 3268 et

2454 3224 2598 3291 ξειαν
2630 3223 2737 3294 γὰρ
2758 3222 2822 3275 δι’
2845 3222 3006 3284 ἄλλας
3034 3219 3184 3283 τινας
3204 3220 3381 3281 αἰτίας
3413 3218 3608 3281 αὐτοὺς
3630 3218 3968 3270 ἀντικεῖσθαι
3989 3218 4035 3285 ·)

790 3309 1145 3374 contrariari,
1174 3311 1225 3363 in
1262 3315 1528 3376 quantum
1555 3306 1621 3359 ab
1662 3304 1990 3357 hominibus
2011 3304 2143 3373 ipsis
2172 3304 2348 3374 parti-

781 3409 1037 3477 cipantur
1078 3402 1179 3475 (sic
1205 3402 1348 3456 enim
1383 3409 1602 3470 propter
1634 3397 1769 3451 alias
1793 3396 2006 3465 aliquas
2030 3412 2225 3451 causas
2254 3399 2351 3452 ad-

778 3496 986 3553 versari
1014 3493 1367 3563 viderentur);
1393 3504 1577 3544 verum
1602 3489 1767 3543 etiam
1790 3496 2080 3556 antequam
2104 3490 2349 3542 exterius

777 3608 838 3647 se
871 3591 1104 3661 prodant
1144 3594 1198 3641 et
1228 3591 1551 3653 appareant,
1602 3582 1773 3636 multo
1816 3582 1972 3651 prius
2018 3580 2073 3634 in
2119 3582 2349 3650 ipsamet

774 3686 958 3740 anima
1003 3696 1126 3737 cum
1156 3690 1314 3749 parte
1362 3676 1615 3731 rationali
1667 3675 1865 3730 anima:
1905 3676 2173 3731 dissident
2216 3675 2346 3745 ipsa:

772 3778 1074 3849 passiones,
1100 3774 1202 3838 ira,
1219 3772 1464 3839 inquam,
1489 3779 1542 3822 et
1560 3769 2043 3837 concupiscentia;
2072 3777 2234 3837 atque
2252 3766 2344 3823 illa

770 3870 995 3943 quidem
1026 3864 1473 3937 auriga'dicitur,
1503 3861 1667 3934 507
1704 3862 1819 3916 lucc
1844 3874 1976 3915 vero
2011 3860 2343 3930 subjugalia,

772 3976 990 4033 semper
1040 3960 1261 4031 quidem
1310 3955 1731 4024 praevertentia,
1778 3969 2169 4022 nonnunquam
2210 3969 2341 4010 vero

767 4060 937 4114 etiam
999 4051 1391 4123 obsequentia,
1436 4049 1655 4118 quando
1701 4046 1953 4100 videlicet
1998 4049 2134 4100 ratio
2192 4056 2341 4101 tenet

766 4150 1157 4222 principatum.
1186 4141 1261 4198 Ex
1308 4144 1410 4197 hoc
1452 4142 1635 4209 itaque
1682 4139 1743 4193 tit
1783 4143 2175 4207 necessarium,
2220 4141 2337 4194 dari

758 4242 976 4315 aliquid
1010 4243 1152 4297 bono
1193 4236 1565 4299 contrarium;
1601 4248 1778 4303 neque
1820 4234 1964 4287 enim
2008 4236 2203 4288 bonum
2235 4238 2335 4291 sibi

765 4340 869 4410 ipsi
896 4337 1247 4395 adversatur;
1274 4331 1456 4384 omnia
1476 4330 1815 4396 enim,bona,
1842 4330 1911 4383 ab
1942 4346 2046 4383 uno
2070 4332 2336 4402 principio

755 4445 982 4502 unaque
1007 4441 1170 4483 causa
1193 4423 1455 4493 profecta,
1480 4421 1688 4476 unitate
1713 4422 1969 4490 gaudent,
2000 4432 2053 4476 et
2076 4424 2179 4479 sibi
2213 4443 2334 4479 mu-

2449 3316 2583 3370 ἀλλά
2611 3316 2704 3369 καὶ
2726 3315 2830 3384 πρὸ
2867 3312 2973 3366 τῶν
3003 3310 3341 3383 ἐξωτερικῶν
3383 3312 3585 3364 τούτων
3620 3311 3713 3363 καὶ
3757 3309 4032 3378 φαινομέ-

2449 3428 2552 3466 νων
2582 3412 2638 3463 ἐν
2670 3409 2805 3479 αὐτῇ
2828 3406 3003 3476 πολλῷ
3027 3406 3287 3476 πρότερον
3315 3408 3383 3475 τῇ
3408 3404 3553 3475 ψυχῇ
3581 3402 3859 3467 στασιάζει
3884 3402 4050 3473 πρὸς

2447 3503 2508 3554 τὸ
2538 3502 2751 3571 λογικὸν
2780 3500 2877 3571 τῆς
2913 3499 3088 3569 ψυχῆς
3121 3498 3189 3550 τὰ
3220 3498 3386 3567 πάθη,
3424 3500 3451 3550 ὁ
3481 3497 3649 3567 θυμὸς
3685 3496 3828 3563 λέγω
3858 3494 3958 3547 καὶ
3992 3498 4033 3567 ἡ

2448 3593 2728 3664 ἐπιθυμία,
2783 3593 3031 3654 κάκεῖνος
3081 3591 3179 3660 μὲν
3222 3589 3433 3659 ἡνίοχος
3470 3588 3707 3656 λέγεται,
3748 3586 3923 3638 ταῦτα
3969 3587 4035 3639 δὲ

2448 3687 2735 3755 ὑποζύγια,
2760 3684 2846 3737 ἀεὶ
2874 3683 2969 3753 μὲν
2992 3682 3387 3745 ἀντιϐαίνοντα,
3414 3681 3540 3734 ποτὲ
3563 3680 3618 3733 δὲ
3643 3680 3735 3731 καὶ
3758 3680 4033 3733 ὑπείκον-

2446 3796 2538 3842 τα,
2570 3778 2656 3830 ὅτε
2684 3774 2883 3847 δηλαδὴ
2913 3776 2937 3826 ὁ
2969 3771 3581 3842 λόγοςηκατακρατήσει.
3622 3770 3857 3841 Ἀνάγκη
3888 3771 4035 3839 γοῦν

2445 3875 2509 3925 ἐκ
2538 3870 2726 3923 τούτου
2761 3866 2942 3922 δοῦναι
2985 3864 3062 3935 τῷ
3098 3863 3285 3933 ἀγαθῷ
3316 3863 3595 3916 ἐναντίον·
3640 3862 3758 3915 οὐδὲ
3800 3861 3911 3931 γὰρ
3961 3864 4035 3915 τὸ

2443 3963 2642 4032 ἀγαθὸν
2664 3960 2900 4013 ἐναντίον
2930 3956 3103 4027 ἐαυτῴ
3122 3974 3133 3986 ·
3166 3958 3342 4010 πάντα
3365 3955 3473 4026 γὰρ
3494 3953 3562 4008 τὰ
3584 3954 3782 4023 ἀγαθὰ,
3808 3954 3884 4018 ὡς
3905 3955 4035 4008 ἀπὸ

2446 4057 2573 4126 μιᾶς
2597 4054 2767 4125 ἀρχῆς
2790 4053 2881 4105 καὶ
2906 4051 3025 4113 ἐνὸς
3047 4050 3217 4102 αίτίου
3244 4048 3457 4115 ἔκγονα,
3574 4046 3781 4116 ὲνότητι
3808 4048 4032 4119 χαίρει,

2441 4148 2535 4199 καὶ
2568 4145 2666 4197 οὐκ
2699 4142 2994 4196 ἀντίκειται
3031 4140 3163 4211 πρὸς
3211 4138 3432 4208 ἄλληλα.
3477 4138 3565 4209 Μὴ
3595 4133 3686 4191 οὖν
3726 4137 3869 4190 εἴποι
3899 4154 4027 4202 τις,

2439 4242 2518 4293 ὃτι
2553 4235 2853 4308 μαχόμενόν
2874 4235 2989 4286 ἐστι
3017 4232 3077 4284 τὸ
3107 4232 3290 4303 μεῖζον
3314 4232 3515 4299 ἀγαθὸν
3545 4230 3679 4299 πρὸς
3701 4231 3760 4283 τὸ
3790 4230 4032 4285 ἔλαττον

2440 4328 2670 4396 ἀγαθόν’
2703 4324 2779 4394 τῷ
2817 4323 2925 4393 γὰρ
2954 4322 3105 4392 ποσῷ
3145 4322 3295 4375 οὐδέν
3331 4324 3479 4375 ἐστιν
3522 4322 3782 4383 ἐναντίον,
3819 4321 3915 4374 καὶ
3954 4324 4033 4377 τὸ

2442 4422 2637 4492 μᾶλλον
2663 4419 2863 4491 θερμὸν
2884 4418 2959 4487 τῷ
2982 4412 3141 4488 ἦττον
3163 4415 3350 4487 θερμῷ
3374 4416 3474 4468 οὐκ
3492 4414 3805 4468 ἀντίκειται.
3835 4417 4030 4470 Συνά-

766 4538 861 4581 ιυο
891 4491 1238 4590 nequaquam
1279 4514 1663 4569 adversantur.
1701 4512 1778 4567 Ne
1816 4513 1935 4581 quis
1968 4516 2150 4585 itaque
2181 4517 2332 4571 dixe-

2454 4531 2590 4581 (εται
2617 4512 2790 4565 τοίνυν
2810 4551 2823 4574 ,
2852 4509 2945 4563 τοῦ
2978 4508 3243 4577 ἑπομένου
3283 4507 3675 4577 ἀναιρεθέντος,
3703 4508 3784 4560 ὃτι
3805 4508 3924 4561 ἐστι
3952 4512 4030 4564 τὺ

770 4619 868 4683 rit,
895 4612 1069 4682 majus
1097 4611 1296 4667 bonum
1326 4606 1523 4661 minori
1552 4608 1695 4661 bono
1738 4597 2077 4677 repugnare;
2108 4610 2331 4678 quanti-

760 4708 861 4762 tati
894 4704 1038 4761 enim
1072 4701 1209 4757 nihil
1250 4709 1335 4754 est
1361 4698 1726 4761 contrarium,
1772 4714 1948 4768 neque
1980 4702 2153 4770 magis
2194 4702 2331 4756 cali-

2438 4608 2623 4671 κακὸν,
2674 4607 2765 4658 καὶ
2805 4604 3101 4657 ἀντίκειται
3138 4602 3215 4671 τῷ
3251 4601 3467 4671 ἀγαθῷ’
3512 4601 3633 4654 οὐδὲ
3668 4601 3777 4672 γὰρ
3816 4603 3905 4657 ὅτι
3950 4608 4030 4659 τὸ

2438 4699 2604 4753 κακὸν
2631 4696 2803 4767 φθορά
2843 4698 2956 4747 ἐστι
2994 4694 3102 4745 τῶν
3128 4693 3316 4755 ὅντων,
3354 4692 3601 4747 ἐκϐάλλει
3638 4694 3729 4745 καὶ
3766 4695 3901 4747 αὐτὸ
3950 4698 4030 4750 τὸ

763 4804 892 4857 dum
946 4797 1127 4853 minus
1174 4790 1359 4848 calido
1410 4791 1807 4845 contrariatur.
1864 4792 2095 4863 Sequela
2148 4795 2331 4864 itaque

2454 4792 2603 4844 ιακὸν
2628 4790 2719 4842 τοῦ
2760 4784 2897 4840 εἶναι
2922 4805 2933 4815 ·
2962 4784 3076 4838 ἀλλ’
3102 4784 3138 4856 ἢ
3168 4784 3341 4856 φθορά
3374 4787 3511 4855 αὑτὴ
3541 4785 3651 4838 ἔσθ’
3686 4788 3772 4839 ὅτε
3809 4789 3891 4851 εἰς
3918 4790 4029 4855 γέ-

762 4894 896 4949 elisa
921 4886 1285 4949 concluditur,
1314 4882 1517 4936 malum
1545 4882 1833 4947 exsistere,
1858 4884 2121 4952 et0ppoui
2155 4886 2325 4949 bono;

2438 4901 2583 4937 νεσιν
2609 4883 2747 4950 ἄγει.
2773 4878 2895 4933 Οἷον
2916 4879 2974 4931 τὸ
2994 4878 3097 4931 ὠὸν
3121 4878 3398 4948 φθείρεται
3429 4879 3547 4949 μὲν,
3569 4882 4029 4950 μεταστοιχειοῦ-

763 4995 940 5052 neque
962 4982 1107 5035 enim
1131 4978 1274 5047 quod
1309 4974 1512 5029 malum
1536 4976 1815 5043 corruptio
1835 4976 1905 5029 sit
1929 4992 2131 5040 rerum,
2153 4979 2329 5049 ipsum

2454 4995 2522 5030 ται
2556 4976 2610 5029 δὲ
2657 4978 2734 5038 είς
2782 4974 3011 5045 πτηνόν·
3066 4974 3158 5025 καὶ
3196 4974 3225 5024 ὁ
3266 4971 3359 5024 τοῦ
3400 4973 3699 5040 ἐγκεφάλου
3737 4973 3831 5027 τοῦ
3882 4974 4027 5045 βοὸς

769 5080 871 5132 hoc
900 5072 1098 5128 malum
1128 5071 1195 5125 ab
1225 5067 1442 5123 essendi
1472 5077 1619 5121 statu
1644 5066 1913 5129 eliminat,
1937 5068 2066 5135 quin
2101 5070 2332 5137 ipsamet

2454 5072 2630 5135 ιυελὸς
2670 5073 2747 5133 εἰς
2794 5068 3068 5141 μελίσσας,
3118 5068 3210 5121 καὶ
3252 5070 3280 5121 ὁ
3317 5067 3410 5119 τοῦ
3439 5067 3601 5120 ἵππου
3641 5070 3721 5130 είς
3763 5070 4025 5141 σφῆκας,

762 5165 1039 5235 corruptio
1077 5160 1410 5232 quandoque
1463 5160 1530 5213 ad
1581 5160 1991 5226 generationem
2042 5160 2192 5214 facit.
2240 5160 2331 5217 Sic

2454 5160 2772 5231 ρθειρόμενοι
2803 5157 3239 5228 μεταϐάλλονται.
3269 5158 3457 5209 Ἔσται
3493 5157 3621 5226 γοῦν
3649 5159 3740 5210 καὶ
3768 5160 3903 5213 αὐτὸ
3932 5165 4031 5237 μὴ

762 5275 942 5340 ovum‘
957 5257 1177 5328 quidem
1218 5253 1606 5323 corrumpitur,
1642 5254 1738 5307 sed
1785 5253 1837 5305 in
1873 5267 2026 5306 avem
2061 5254 2329 5308 transfor—

2437 5255 2590 5324 μόνον
2616 5254 2696 5317 ὸν,
2729 5254 2861 5305 ἀλλά
2897 5253 2989 5305 καὶ
3013 5251 3411 5323 γενεσιουργὸν,
3444 5251 3538 5303 καὶ
3566 5254 3645 5314 είς
3670 5252 4035 5325 συμπλήρω-

763 5359 978 5412 matur;
1019 5357 1073 5401 et
1100 5344 1339 5400 medulla
1384 5342 1597 5397 cerebri
1641 5342 1795 5396 bovis
1842 5344 1895 5396 in
1932 5358 2083 5413 apes,
2115 5356 2170 5398 et
2203 5348 2327 5414 equi

2454 5364 2519 5399 rw
2538 5345 2839 5409 συντελοῦν,
2860 5346 2952 5397 καὶ
2971 5345 3035 5397 δι’
3052 5344 3211 5396 ἑαυτὸ
3232 5342 3467 5414 παρέχον
3479 5342 3556 5413 τῷ
3578 5343 4029 5415 ἀποτελέσματι,

762 5442 815 5495 in
849 5453 1040 5508 vespas
1063 5452 1158 5508 per
1187 5435 1595 5502 corruptionem
1627 5440 2044 5485 trausmutatur.
2073 5432 2187 5486 Erit
2222 5436 2323 5489 ita-

2430 5439 2490 5491 τὸ
2522 5438 2596 5509 μὴ
2622 5438 2803 5500 ἀτελὲς
2835 5434 2989 5490 εἶναι.

759 5547 865 5603 que
896 5540 949 5585 et
989 5531 1161 5603 ipsum
1192 5542 1295 5580 non
1325 5524 1501 5579 Solum
1531 5538 1650 5591 eus,
1679 5539 1866 5579 verum
1929 5525 2091 5578 etiam
2131 5541 2255 5579 cum
2309 5530 2376 5582 ad
2412 5530 2976 5600 generationem,tum
3019 5530 3083 5583 ad
3125 5527 3651 5583 consummationem
3706 5526 4028 5599 conducct,

758 5638 813 5680 et
858 5641 954 5693 per
998 5638 1055 5677 se
1103 5622 1363 5689 praebebit
1406 5619 1622 5674 eﬂ'ectui
1677 5631 1735 5673 ut
1779 5634 1885 5673 non
1941 5620 2012 5674 sit
2064 5621 2437 5690 imperfectum

830 5717 858 5788 §
896 5714 1011 5770 XX.
1051 5716 1341 5785 Postquam
1366 5716 1523 5777 dixit,
1553 5730 1620 5769 ex
1664 5711 1973 5769 istiusmodi
2011 5713 2311 5769 rationibus

759 5810 939 5881 colligi
970 5818 1020 5864 et
1049 5821 1167 5865 esse
1202 5809 1419 5878 malum,
1451 5819 1504 5864 et
1527 5810 1591 5865 ad
1616 5808 1975 5878 quorumdam
2001 5808 2307 5877 generatio-

2494 5715 2520 5787 §
2563 5717 2672 5769 ΧΧ.
2705 5715 2887 5769 Εἰπὼν
2912 5716 2991 5769 ὅτι
3014 5717 3302 5785 συνάγεται
3329 5718 3394 5769 ἐκ
3412 5714 3520 5769 τῶν
3543 5715 3797 5770 τοιούτων
3825 5716 4039 5787 λόγων

2416 5810 2508 5863 καὶ
2542 5805 2675 5863 εἶναι
2712 5811 2768 5861 τὸ
2798 5808 2981 5867 κακὸν,
3011 5810 3100 5863 καὶ
3128 5807 3509 5877 γενεσιουργὸν
3532 5792 3672 5862 εἶναί
3704 5825 3891 5877 τινων,
3912 5811 4045 5871 ἀ»-
