4176 6308
192 361 300 417 783

817 362 861 416 E
897 359 1151 416 DIVIMS
1184 356 1586 421 NOMINIBUS,
1618 355 1771 412 CAP.
1809 355 1899 412 IV.
1933 385 2004 396 -
2035 350 2381 410 PARAPHR.
2416 348 2882 409 PACHYMERE.

3351 348 3468 408 780

185 479 455 551 τιτίθησιν
481 481 669 554 ἓτερον
712 479 969 550 λογισμὸν
1008 479 1386 551 ἀληθέστερον,
1437 487 1528 532 και
1583 494 1735 548 φησιν

1871 486 1994 527 nem
2033 471 2235 537 facere,
2263 471 2428 525 aliam
2460 469 2690 540 opponit
2718 469 2988 523 rationem
3038 465 3334 533 veriorem,
3387 477 3445 522 et

182 574 273 628 ὃτι
303 574 365 628 τὸ
386 575 575 638 κακὸν,
603 567 637 648 ᾖ
661 573 854 636 κακὸν,
886 571 1142 643 οὐδεμίαν
1167 573 1380 641 γένεσιν
1395 574 1557 635 ποιεί,
1608 571 1735 642 μόνο

1867 566 1966 632 ait,
2001 567 2200 621 malum
2225 583 2332 638 qua
2358 565 2562 620 malum
2586 565 2657 619 ad
2687 563 2889 618 mullum
2922 561 3331 636 generationem
3357 557 3442 614 fa-

183 665 244 719 δὲ
275 667 504 739 φθείρει,
523 668 647 720 ὅσον
662 666 724 719 τὸ
738 665 825 719 ἐπ’
845 664 1012 735 αὐτῷ,
1027 663 1125 736 τὴν
1139 663 1245 717 τῶν
1261 663 1429 717 ὄντων
1448 663 1762 718 ὑπόστασιν.

185 761 254 812 El
305 760 361 813 δὲ
408 760 554 829 λέγοι
575 776 660 824 τις
711 758 842 812 αὐτὸ
888 757 1289 826 γενεσιουργὸν,
1333 756 1530 827 διότιή
1578 756 1765 827 ἐτέρου

184 851 366 924 φθορὰ
396 851 626 924 θατέρου
651 850 866 920 γένεσίς
890 851 1057 914 ἐστιν,
1083 850 1406 921 ἀποκριτέον
1425 892 1438 914 ,
1468 849 1543 913 ὼς
1585 851 1681 920 οὐχ

183 943 402 1016 φθείρει
428 945 610 999 δίδωσι
631 942 731 1015 τὴν
751 942 962 1012 γένεσιν
980 959 992 971 °
1021 942 1134 994 ἀλλ’
1161 943 1187 1013 ἡ
1216 944 1311 1012 μὲν
1337 941 1509 1013 φθορά
1531 941 1760 1014 φθείρει,

180 1039 233 1090 εἰ
267 1036 323 1089 δέ
345 1053 408 1105 γε
439 1036 534 1090 καὶ
558 1035 766 1103 γίνεταί
788 1052 861 1100 τι,
890 1037 954 1087 ἐκ
989 1033 1083 1086 τοῦ
1132 1033 1334 1102 ἀγαθοῦ
1378 1035 1583 1102 γίνεται
1609 1073 1624 1097 ,
1670 1034 1761 1086 καὶ

178 1131 336 1189 ἔσται
360 1130 421 1182 τὸ
456 1129 643 1183 κακόν.
674 1129 984 1199 Σημείωσαι
1002 1127 1109 1200 γὰρ
1128 1129 1210 1181 ὅτι
1249 1127 1326 1180 ἔτι
1369 1127 1636 1198 γυμνάζει
1670 1128 1762 1180 τὸν

177 1223 359 1290 λόγον,
390 1221 483 1273 καὶ
508 1219 592 1273 διὰ
614 1219 769 1273 τοῦτο
790 1219 959 1289 λέγει,
989 1219 1104 1271 ἐστι
1131 1219 1220 1271 καὶ
1242 1218 1340 1270 οὐκ
1367 1217 1530 1270 ἐστιν.
1570 1218 1760 1270 Ἔσται

174 1316 362 1369 τοίνυν
385 1315 445 1368 τὸ
467 1315 633 1368 κακὸν
659 1313 833 1383 φθορά
861 1314 957 1385 μὲν
973 1313 1036 1366 δι’
1053 1313 1212 1366 ἐαυτό
1229 1329 1241 1342 '
1269 1311 1355 1366 διὰ
1381 1311 1441 1364 τὸ
1466 1311 1667 1380 ἀγαθὸν
1680 1311 1756 1375 δὲ,

175 1407 581 1479 γενεσιουργόν.
620 1409 730 1460 Καὶ
752 1407 819 1460 δι’
847 1407 1007 1462 ἑαυτὸ
1037 1407 1132 1477 μὲν
1155 1404 1277 1458 οὔτε
1316 1404 1395 1468 ὂν,
1421 1403 1544 1458 οὕτε
1590 1404 1758 1459 ὄντων

176 1498 464 1569 ποιητικόν
492 1501 607 1551 ἐστι
631 1517 643 1529 ο
682 1500 849 1554 κακὸν
871 1500 979 1570 γὰρ
999 1498 1078 1564 ὃν,
1107 1497 1223 1561 πῶς
1250 1496 1315 1551 ἂν
1340 1494 1561 1566 συσταίη
1592 1493 1720 1546 ποτὲ
1740 1533 1754 1555 ,

174 1591 272 1642 καὶ
304 1590 466 1643 πόθεν
491 1592 641 1662 σχοίη
663 1589 760 1662 τὴν
785 1590 1038 1661 ὓπαρξιν,
1066 1589 1319 1660 στέρησις
1345 1588 1404 1642 ὅν
1427 1604 1442 1653 ;
1493 1587 1589 1645 Διὰ
1615 1587 1671 1639 δέ
1697 1591 1757 1641 τὸ

171 1688 402 1756 ἀγαθὸν,
434 1691 527 1743 καὶ
547 1689 604 1744 ὃν
633 1691 723 1743 καὶ
744 1690 962 1760 ἀγαθῶν
983 1691 1258 1762 ποιητικόν
1274 1692 1438 1743 ἐστιν’
1454 1688 1513 1743 ὃν
1532 1689 1650 1761 μὲν,
1674 1688 1755 1742 ὅτι

170 1779 366 1832 τούτου
392 1780 822 1853 ὑποχωροῦντος,
848 1785 1023 1836 ἐκεῖνο
1046 1781 1368 1853 ἐμφαίνεται
1391 1798 1404 1811 ⁸
1448 1779 1664 1850 ἀγαθῶν
1698 1777 1756 1831 δέ

1867 675 2011 727 cere,
2036 660 2130 714 sed
2162 669 2372 713 tantum
2403 672 2779 728 corrumpere,
2822 666 3088 726 quantum
3120 670 3186 710 ex
3219 670 3280 710 se
3331 666 3440 722 est,

1870 767 2051 806 rerum
2077 751 2510 806 subsistentiam.
2563 749 2618 804 Si
2653 750 2777 819 quis
2831 761 3016 804 autem
3079 746 3305 814 dixerit,
3339 748 3441 804 hoc

1868 838 1983 907 ipso
2015 842 2356 909 generationi
2396 839 2737 902 subservire,
2778 840 2924 909 quod
2970 838 3197 894 alterius
3245 855 3440 896 corru-

1865 930 1976 1000 ptio
2002 931 2227 986 alterius
2251 934 2528 1003 generatio
2550 934 2804 996 exsistat,
2841 931 3295 1002 respondendum,
3328 949 3436 988 non

1866 1022 1919 1076 in
1975 1035 2241 1094 quantum
2298 1027 2600 1096 corrumpit
2661 1027 2797 1081 dare
2846 1029 3292 1097 generationem;
3341 1030 3436 1084 Sed

1864 1115 2139 1183 corruptio
2159 1116 2379 1186 quidem
2413 1117 2739 1186 corrumpit,
2770 1117 2823 1172 si
2868 1117 2997 1188 quid
3035 1130 3218 1173 autem
3259 1120 3436 1190 gigni-

1848 1210 1972 1282 _lur,
2004 1219 2069 1258 ex
2101 1205 2244 1260 bono
2275 1206 2542 1276 gignitur,
2567 1218 2619 1263 ct
2642 1209 2748 1263 erit
2771 1209 2994 1263 malum.
3030 1210 3268 1266 Observa
3290 1212 3435 1266 enim

1863 1296 2007 1364 quod
2037 1297 2218 1353 adhuc
2251 1299 2529 1353 examinet
2560 1301 2849 1370 rationem,
2906 1312 2963 1357 et
2989 1303 3198 1358 idcirco
3250 1304 3431 1359 dicat:

1861 1387 1957 1442 Est
1975 1397 2031 1442 et
2061 1405 2169 1444 non
2190 1401 2294 1446 est.
2319 1394 2499 1460 Atque
2526 1393 2664 1446 adeo
2693 1393 2890 1447 malum
2918 1412 2983 1450 ex
3007 1412 3064 1451 se
3087 1398 3304 1466 quidem
3328 1397 3436 1454 erit

1860 1480 2160 1549 corruptio,
2190 1481 2465 1536 subservit
2503 1492 2682 1538 autem
2713 1487 3048 1554 generationi
3084 1505 3180 1556 per
3209 1488 3261 1542 id
3287 1491 3433 1559 quod

1859 1572 2058 1626 bonum
2085 1584 2190 1628 est.
2223 1574 2288 1627 Et
2310 1590 2406 1643 per
2432 1590 2492 1630 se
2521 1577 2737 1645 quidem
2771 1593 2947 1648 neque
2986 1595 3073 1634 res
3127 1589 3234 1644 est,
3260 1595 3433 1650 neque

1861 1676 1952 1717 res
2011 1665 2290 1732 producit;
2345 1681 2467 1721 cum
2520 1671 2664 1722 enim
2727 1670 2799 1722 sit
2855 1670 3090 1734 malum,
3152 1672 3428 1740 quomodo

1859 1754 2124 1809 consistat
2147 1771 2402 1824 unquam,
2426 1767 2481 1812 et
2499 1759 2639 1813 unde
2661 1759 2860 1815 habeat
2883 1762 3284 1829 exsistentiam,
3306 1779 3429 1820 cum

172 1843 592 1945 ﬂOtnttbe,'6‘Tt'
614 1876 672 1926 ἐν
704 1843 794 1944 egi
820 1874 1059 1946 φθείρειν
1079 1843 1240 1927 τοῦτο
1277 1875 1373 1946 τὴν
1413 1843 1735 1944 είδοπεποιη·

1857 1843 1926 1898 sit
1959 1845 2231 1912 privatio?
2253 1848 2358 1904 Per
2376 1847 2578 1904 bonum
2617 1862 2796 1905 autem
2845 1863 2898 1907 et
2945 1869 3034 1908 res
3066 1865 3172 1923 est,
3204 1865 3259 1911 et
3289 1856 3430 1912 bona

172 1967 346 2038 μένην
361 1965 567 2028 οὐσίαν,
584 1967 959 2036 ἀντεισάγεται
979 1963 1116 2031 εἶδος
1132 1968 1217 2020 ἒτε
1227 1985 1315 2039 ρον
1330 1968 1427 2038 τῆς
1449 1967 1580 2039 ὕλης
1598 1969 1756 2020 ἐνυπη

169 2059 471 2128 αρχούσης,
515 2059 608 2111 καὶ
634 2057 722 2113 διὰ
761 2059 821 2112 τὸ
860 2059 1064 2127 ἀγαθὸν
1118 2059 1414 2130 δεχομένης
1467 2059 1566 2128 τὴν
1620 2058 1754 2111 είδο-

169 2149 392 2219 ποίησιν
413 2166 426 2179 ο
461 2149 658 2219 μᾶλλον
680 2149 735 2202 δὲ
759 2153 884 2205 ἐπεὶ
901 2151 1174 2214 ἀκώλυτός
1201 2154 1347 2204 ἐστιν
1369 2153 1427 2204 ἐν
1457 2154 1569 2215 τοῖς
1589 2151 1752 2216 θείοις

163 2241 419 2314 λογίοιςή
437 2243 495 2310 ἐξ
515 2243 868 2313 ἐπιλογισμοῦ
889 2243 996 2296 τῶν
1018 2244 1417 2316 ἀκριϐεστέρων
1436 2244 1747 2315 παράδοσις.

164 2333 244 2386 Τὸ
273 2335 399 2397 πᾶν,
427 2333 593 2402 λέγει,
621 2334 714 2388 τοῦ
741 2335 944 2404 ἀγαθοῦ
980 2337 1115 2402 ἐστι,
1140 2336 1319 2400 καθὼς
1347 2338 1440 2390 καὶ
1469 2354 1750 2408 παρακατ-

168 2423 269 2478 ιὼν
327 2427 618 2494 ἀποδείξει.
647 2427 772 2490 Πῶς
803 2428 910 2500 γὰρ
941 2427 1092 2482 ἐσται
1140 2430 1200 2482 τὸ
1231 2430 1360 2482 αὐτὸ
1417 2431 1510 2483 καὶ
1548 2429 1748 2498 ἀγαθὸν

162 2515 245 2579 ὼς
269 2518 334 2569 ἐκ
354 2517 447 2571 τοῦ
476 2518 715 2591 φθείρειν
739 2519 1029 2590 προξενοῦν
1068 2521 1297 2590 γένεσιν,
1324 2523 1417 2577 καὶ
1459 2521 1627 2576 κακὸν
1672 2521 1747 2586 ὡς

163 2607 423 2680 φθεῖρον;
449 2610 579 2664 οὐδὲ·
601 2610 709 2681 γὰρ
737 2610 830 2664 τοῦ
855 2612 1018 2666 αὑτοῦ
1044 2614 1135 2666 καὶ
1159 2615 1275 2678 ἐνὸς
1301 2615 1620 2686 πράγματος
1651 2615 1745 2668 uia

162 2703 311 2757 κατὰ
342 2704 401 2756 τὸ
424 2705 555 2758 αὐτὸ
581 2703 828 2778 δύναμις,
856 2707 950 2760 καὶ
980 2706 1154 2777 φθορά
1200 2709 1318 2760 ἐστι
1353 2708 1446 2760 καὶ
1495 2708 1704 2776 γένεσις
1727 2725 1739 2738 ο

158 2793 306 2866 ὅπερ
339 2795 646 2866 συμϐαίνει,
677 2798 834 2871 εἴπερ
859 2798 1149 2870 δεξαίμεθα
1175 2840 1188 2863 ,
1245 2801 1324 2853 ὅτι
1366 2799 1593 2871 δύναμίς
1627 2802 1743 2853 ἐστι

157 2885 225 2939 τὸ
252 2888 421 2942 κακὸν
461 2889 582 2942 καθ’
612 2891 811 2962 ἑαυτὴν
859 2891 932 2963 μὴ
973 2891 1300 2963 φθείρουσα,
1356 2892 1494 2945 κατὰ
1543 2892 1745 2964 συμϐε-

163 2982 336 3052 ϐηκὸς
363 2984 419 3038 δέ
440 2987 540 3058 τὴν
573 2987 786 3056 γένεσιν
834 2988 1166 3059 παρέχουσα.
1206 2987 1329 3051 Πῶς
1367 2986 1476 3059 γὰρ
1510 2988 1607 3057 τῆς
1633 2987 1741 3040 τῶν

159 3077 424 3136 ἐναντίων
453 3079 721 3150 κινήσεως
750 3079 846 3149 μία
868 3080 961 3131 καὶ
991 3081 1024 3150 η
1063 3079 1197 3149 αὑτὴ
1218 3079 1366 3131 ἐσται
1387 3079 1647 3150 δύναμις;
1677 3081 1740 3133 El

1857 1936 2128 2003 producit.
2189 1936 2322 2002 Res,
2364 1939 2631 2008 inquam,
2666 1942 2924 2010 quoniam
2975 1945 3079 2000 boc
3139 1947 3428 2002 recedente

1859 2024 1988 2080 illud
2020 2037 2273 2096 apparet;
2293 2030 2433 2085 bona
2448 2043 2572 2084 vero
2587 2033 2852 2098 producit,
2890 2039 3014 2108 quia
3033 2037 3161 2092 dum
3181 2039 3282 2094 hoc
3297 2055 3424 2095 cor-

1855 2121 2059 2189 rumpit
2080 2121 2440 2176 substantiam
2471 2122 2786 2190 formatam,
2818 2128 3284 2183 subintrodudtnr
3318 2133 3422 2188 alia

1853 2211 2024 2266 forma
2070 2216 2316 2269 materia:
2357 2216 2756 2285 inexsiStentis,
2787 2229 2841 2272 et
2871 2235 2966 2289 per
2989 2221 3186 2276 bonum
3222 2224 3426 2278 forma-

1855 2305 2052 2360 tionem
2105 2307 2490 2376 suscipientis;
2527 2311 2832 2378 praesertim
2873 2327 2996 2365 cum
3046 2314 3206 2368 obvia
3245 2316 3317 2369 sit
3367 2319 3421 2372 in

1851 2395 2046 2450 divinis
2074 2399 2315 2454 oraculis
2357 2413 2425 2453 ex
2453 2414 2633 2454 rerum
2672 2401 3070 2474 prtecipuarum
3123 2421 3420 2464 enumera-

1853 2492 1997 2544 tione
2019 2488 2186 2560 408
2220 2490 2461 2545 traditio.
2495 2491 2608 2548 Hoc
2657 2495 2990 2562 universum,
3047 2498 3248 2570 inquit,
3283 2499 3414 2555 boni

1846 2591 1951 2647 est,
2007 2588 2152 2640 sicut
2189 2585 2246 2640 in
2302 2603 2592 2660 progressu
2645 2590 3073 2650 demonstrabit.
3135 2594 3418 2660 Quomodo

1847 2675 1990 2730 enim
2017 2677 2066 2730 id
2091 2679 2262 2747 ipsum
2284 2681 2387 2735 erit
2411 2691 2465 2734 et
2495 2684 2716 2746 bonum,
2763 2685 2817 2738 in
2873 2694 3136 2754 quantum
3165 2703 3416 2742 corrum-

1843 2772 2022 2840 pendo
2050 2783 2331 2840 promovet
2353 2777 2785 2845 generationem,
2811 2787 2866 2832 et
2896 2779 3132 2855 malum,
3152 2781 3207 2833 in
3235 2796 3416 2852 quan-

1849 2873 1958 2918 tum
1995 2869 2330 2939 corrumpit?
2369 2883 2546 2940 neque
2575 2874 2718 2926 enim
2745 2872 2990 2940 ejusdem
3027 2883 3083 2928 et
3134 2876 3295 2930 unius
3336 2875 3416 2931 rei

1844 2955 2016 3011 virtus
2044 2958 2203 3012 unica
2232 2963 2532 3015 secundum
2569 2963 2710 3019 idem
2736 2975 2789 3017 et
2813 2968 3092 3035 corruptio
3129 2956 3213 3021 est
3243 2976 3296 3022 et
3317 2982 3414 3035 ge-

1844 3049 2089 3113 neratio;
2116 3053 2256 3120 quod
2282 3053 2468 3123 utique
2493 3055 2782 3125 contingit,
2814 3057 2857 3111 si
2880 3059 3268 3125 concedamus,
3300 3074 3412 3112 ma-

158 3167 274 3235 γὰρ
296 3168 389 3220 καὶ
422 3171 450 3222 ὁ
483 3137 666 3242 ἰατρὸς
696 3137 910 3240 λέγεται
937 3137 1160 3241 δύναμιν
1188 3137 1334 3240 ἐχειν
1374 3137 1617 3239 ὑγιάσαί,
1635 3137 1735 3226 ’καὶ

1845 3137 1951 3194 Ιυω
1980 3155 2100 3196 esse
2127 3143 2384 3198 virtutem
2419 3160 2540 3216 quae
2562 3148 2862 3203 secundum
2901 3164 2960 3203 se
2999 3165 3106 3205 non
3158 3166 3417 3210 corrunh

1845 3239 1950 3277 nat-
1983 3245 2077 3277 nar
2114 3233 2371 3277 accidens
2419 3244 2600 3277 milpm
2657 3239 3066 3277 σριιρνοιίηηιδηι
3121 3241 3375 3277 ονΙιίΙιοαι

157 3260 390 3331 δύναμιν
410 3260 552 3331 ἔχειν
572 3235 736 3316 ⁷νόσον
767 3235 1091 3335 παρασχεῖν,
1115 3263 1174 3315 τὸ
1207 3235 1304 3334 μὲν
1327 3235 1448 3316 καθ’
1479 3235 1613 3316 αὐτὸ
1629 3303 1643 3327 ,
1674 3263 1735 3317 τὸ

1845 3239 1950 3298 pat,
1982 3245 2077 3299 per
2113 3235 2371 3289 accidens
2419 3244 2600 3291 autem
2656 3239 3067 3306 generationem
3121 3241 3403 3300 exhibeat.

156 3351 219 3404 δε
245 3351 384 3405 κατά
413 3352 757 3425 συμϐεϐηκὸς
781 3359 849 3428 τῇ
880 3355 1116 3425 ἀπουσίᾳ
1152 3356 1244 3408 καὶ
1282 3354 1360 3426 τῷ
1401 3355 1474 3427 μὴ
1514 3355 1735 3409 ἐπισκέ-

155 3441 394 3512 ψασθαι*
432 3445 636 3499 καὶτὸν
667 3445 1006 3519 κυϐερνήτην
1047 3446 1119 3518 μὴ
1160 3447 1318 3518 μόνον
1364 3447 1606 3519 παρόντα
1638 3449 1734 3519 τῆς

159 3535 434 3607 σωτηρίας
458 3536 552 3607 τῆς
584 3535 712 3601 νεὼς
733 3535 1052 3608 αἰτιώμεθα,
1081 3538 1214 3592 ἀλλά
1253 3539 1346 3591 καὶ
1394 3539 1598 3592 ἀπόντα
1635 3540 1734 3611 τῆς

156 3624 454 3689 ἀπωλείας.
485 3628 551 3679 Ὀ
572 3626 681 3702 γὰρ
723 3629 893 3701 παρὸν
926 3628 1222 3700 αἰτιώμεθα
1265 3628 1450 3694 τοῦδε,
1498 3629 1660 3701 φησὶν
1706 3631 1734 3682 ὁ

171 3717 565 3790 Ἀριστοτέλης,
588 3717 745 3772 τοῦτο
765 3721 858 3773 καὶ
880 3719 1018 3776 ἀπὸν
1036 3719 1334 3792 αἰτιώμεθα
1354 3720 1445 3775 τοῦ
1467 3721 1728 3776 ἐναντίου.

170 3810 330 3864 Ἀλλά
355 3813 764 3884 προϋπόκειται,
785 3814 866 3866 ὅτι
887 3813 1111 3885 δύναμίς
1131 3816 1215 3879 τίς
1243 3817 1389 3868 ἐστιν
1418 3817 1476 3868 ἐν
1500 3814 1726 3879 τούτοις,

155 3907 218 3961 ἐν
246 3906 438 3977 ἐκείνῳ
466 3907 564 3978 μὲν
586 3906 679 3959 τοῦ
703 3907 946 3975 ὑγιάσαι,
978 3911 1037 3962 ἐν
1080 3909 1252 3980 τούτῳ
1291 3909 1347 3961 δὲ
1384 3908 1476 3962 τοῦ
1519 3909 1725 3972 σῶσαι,

153 3991 426 4067 ἦστινοςὴ
456 3997 693 4050 ἀπουσία
719 3999 977 4052 τάναντία
1006 4000 1266 4071 παρέχει·
1315 4001 1408 4052 καὶ
1446 3999 1568 4052 καθ’
1599 3999 1729 4053 αὑτὸ

157 4091 259 4160 μὲν
283 4089 350 4142 τὰ
376 4088 496 4142 καθ’
527 4088 637 4154 egw
666 4089 922 4157 γίνονται,
950 4090 1016 4143 τὰ
1044 4090 1099 4142 δὲ
1128 4090 1268 4144 κατά
1301 4090 1556 4161 στέρησιν
1588 4090 1726 4144 κατά

154 4181 498 4252 συμϐεϐηκός
517 4201 530 4211 ·
559 4185 737 4235 ἐκεῖσε
763 4183 817 4236 δέ
843 4185 874 4254 ἡ
914 4182 1011 4253 μὲν
1045 4182 1297 4254 στέρησις
1337 4183 1398 4235 τὸ
1446 4183 1568 4235 καθ’
1595 4183 1726 4236 αὐτὸ

150 4273 286 4343 ἔχει,
314 4275 346 4344 ή
373 4273 428 4326 δὲ
459 4274 570 4340 ἕξις
594 4275 655 4325 τὸ
679 4273 817 4328 κατά
848 4274 1210 4345 συμϐεϐηκός.
1250 4276 1346 4338 Τίς
1369 4271 1460 4328 οὖν
1484 4276 1516 4346 ὴ
1561 4275 1722 4330 δῦναι

152 4392 248 4452 μις
274 4373 432 4446 αὕτη,
463 4377 496 4446 ὴ
526 4374 666 4427 κατὰ
686 4375 939 4446 στέρησιν
972 4376 1331 4448 συνισταμένη
1355 4416 1368 4438 ,
1413 4377 1534 4447 ἥτις
1571 4379 1722 4430 ἐστὶν

149 4470 211 4520 ἐν
235 4466 312 4537 τῷ
335 4466 480 4537 αὑτῴ
514 4469 606 4520 καὶ
651 4467 822 4539 φθορὰ
881 4468 972 4523 καὶ
996 4469 1241 4537 γένεσις;
1289 4469 1422 4521 Οὑδέ
1463 4469 1571 4540 γὰρ
1617 4471 1722 4541 ’τῆς

1840 3322 2120 3388 Quomodo
2148 3327 2293 3380 enim
2327 3337 2506 3384 motus
2532 3332 2936 3386 contrariorum
2971 3349 3073 3388 una
3106 3335 3411 3406 eademque

1839 3416 1919 3469 vis
1946 3417 2095 3471 erit?
2126 3433 2250 3472 nam
2281 3419 2327 3474 si
2351 3420 2518 3474 etiam
2557 3422 2803 3478 medicus
2831 3425 3040 3480 dicatur
3068 3426 3268 3485 habere
3295 3428 3404 3482 vim

1825 3510 2086 3576 sanandi,
2111 3519 2166 3563 et
2194 3510 2396 3566 habere
2424 3512 2532 3566 vim
2565 3513 2811 3569 morbum
2861 3516 3173 3572 conferendi
3201 3557 3218 3584 ,
3255 3519 3405 3575 'illud

1833 3599 2052 3668 quidem
2087 3615 2184 3669 per
2215 3616 2296 3670 se,
2339 3603 2444 3658 hoc
2469 3617 2649 3659 autem
2708 3621 2808 3676 per
2837 3608 3095 3666 accidens
3120 3651 3138 3678 ,
3180 3623 3411 3684 promer

1835 3692 2142 3747 absentiam
2174 3695 2261 3748 vel
2287 3694 2778 3766 inadvertentiam;
2813 3708 2869 3754 et
2899 3702 3251 3772 gubernatori
3291 3720 3402 3762 non

1833 3783 2006 3841 solum
2041 3790 2296 3857 praesenti
2327 3789 2558 3845 salutem
2592 3793 2744 3849 navis
2795 3798 3125 3855 ascribimus
3150 3839 3167 3865 ,
3210 3814 3401 3856 verum

1831 3878 1998 3932 etiam
2040 3881 2252 3936 absenti
2306 3883 2689 3952 perditionem.
2747 3885 2904 3954 Quod
2957 3891 3100 3945 enim
3157 3907 3400 3962 prtesens

1831 3969 1992 4039 hujus
2010 3985 2228 4026 causam
2269 3974 2526 4041 dicimus,
2557 3977 2732 4047 inquit
2763 3981 3104 4051 Arist0teles,
3147 3987 3200 4041 id
3233 3988 3410 4051 etiam,

1829 4064 2030 4118 absens
2057 4067 2325 4120 contrarii
2355 4083 2577 4124 causam
2601 4077 2921 4129 asserimus.
2955 4076 3060 4132 Sed
3085 4095 3397 4153 prrsuppo-

1829 4157 1976 4210 nitur
2008 4157 2060 4209 in
2094 4157 2179 4214 bis
2203 4159 2284 4214 vis
2310 4159 2491 4230 aliqua
2516 4201 2531 4228 ,
2566 4163 2622 4219 in
2643 4165 2738 4220 illo
2770 4168 2988 4236 quidem
3030 4175 3258 4227 curandi
3291 4213 3307 4239 ,
3337 4175 3390 4229 in

1829 4247 1930 4300 hoc
1959 4256 2140 4302 autem
2169 4251 2448 4317 servandi,
2474 4251 2634 4323 cujus
2670 4255 2918 4318 absentia
2947 4265 3224 4334 cuntraria
3255 4281 3394 4334 pra:-

1826 4348 1964 4394 stct:
2001 4355 2064 4395 ac
2089 4356 2191 4410 per
2213 4357 2272 4396 se
2301 4345 2519 4412 quidem
2553 4347 2641 4401 illa
2697 4351 2833 4404 tiunt
2888 4331 3186 4410 secundum
3240 4331 3395 4415 babi-

1829 4443 1964 4507 tum,
1985 4434 2097 4488 haec
2123 4449 2253 4490 vero
2277 4436 2575 4491 secundum
2601 4442 2959 4509 privationem
2989 4462 3085 4515 per
3107 4451 3389 4506 accidens:

146 4534 354 4630 φθορᾶς
380 4562 412 4630 ἡ
437 4534 686 4631 στέρησις
707 4534 915 4629 γένεσίς
941 4534 1106 4623 ἐστιν,
1126 4562 1239 4614 ἀλλ’
1265 4564 1296 4633 ἡ
1327 4561 1425 4631 τῆς
1447 4534 1716 4631 γενέσεώς

1849 4534 2102 4589 biautem
2129 4536 2362 4604 privatio
2413 4553 2472 4591 se
2524 4538 2688 4596 habet
2740 4557 2837 4610 per
2867 4558 2956 4608 se,
3001 4546 3218 4602 habitus
3264 4565 3390 4606 vero

145 4629 354 4705 καὶτοῦ
391 4629 811 4725 εἶναιστέρησις
836 4654 1038 4726 φθορά·
1073 4654 1246 4725 οὐδὲὴ
1281 4629 1392 4724 r5};-
1410 4629 1714 4726 στερήσεως

1845 4643 1917 4680 μετ’
1945 4629 2217 4684 accidens.
2249 4629 2508 4696 Quaenam
2544 4632 2728 4700 itaque
2759 4637 2874 4691 haec
2909 4638 2990 4692 vis
3019 4642 3123 4705 sit,
3149 4657 3268 4710 quae
3295 4658 3385 4696 se-

142 4743 380 4798 ἀπουσία
415 4740 570 4808 εἶδος,
597 4743 709 4796 ἀλλ’
736 4747 768 4816 η
792 4745 884 4799 τοῦ
936 4745 1107 4810 εἴδους
1155 4747 1386 4799 ἀπουσία
1421 4746 1593 4818 φθορά
1623 4746 1716 4801 καὶ

145 4834 419 4904 στέρησις.
453 4836 549 4888 Διά
580 4836 769 4900 τοῦτο,
811 4839 930 4890 ἐπεὶ
963 4840 1055 4895 καὶ
1095 4839 1155 4891 τὸ
1200 4839 1370 4892 κακὸν
1408 4839 1715 4911 αὑτοφθορά

140 4929 280 4989 ἐστι,
305 4928 364 4980 τὸ
384 4928 438 4980 δὲ
463 4930 662 4998 ἀγαθὸν
683 4930 1039 5002 αὑτοδύναμις
1068 4933 1146 4996 είς
1200 4933 1411 4999 γένεσιν
1440 4973 1454 4996 ,
1499 4932 1616 4996 πῶς
1647 4933 1712 4987 ἂν

139 5017 290 5087 εῐηή
337 5019 645 5091 αὐτοφθορά
687 5021 1078 5092 αὑτοδῦναμις,
1129 5024 1202 5086 ῶς
1248 5023 1504 5077 δύνασθαι
1545 5024 1711 5097 αὐτὴν

139 5108 315 5158 ποιεῖν
345 5125 395 5160 τι
421 5124 451 5171 ;.
481 5109 616 5161 Ἀλλ’
641 5110 836 5166 εἰδέναι
862 5112 985 5182 χρὴ,
1027 5114 1107 5165 ὅτι
1135 5114 1255 5166 ἐπεὶ
1280 5114 1340 5165 τὸ
1389 5114 1707 5182 αὐτόκακον,

138 5195 531 5269 αὑτοάμετρον,
563 5201 655 5253 καὶ
678 5201 1066 5274 αὐτοανείδεον,
1094 5204 1186 5256 καὶ
1213 5203 1387 5274 ἐαυτῷ
1415 5206 1581 5257 κακὸν
1619 5207 1710 5258 οὺ-

140 5289 328 5354 σιῶδές
354 5292 522 5355 ἐστιν,
547 5294 606 5346 οὐ
648 5269 754 5364 pinv
777 5295 946 5365 ἑτέρῳ
970 5297 1133 5347 κακόν
1158 5313 1171 5326 ο
1217 5269 1373 5349 τοῦτο
1418 5299 1526 5369 γὰρ
1569 5293 1707 5364 εἶδός

137 5384 285 5439 ἐστιν
315 5377 424 5435 οἷον
450 5386 544 5436 καὶ
588 5385 930 5458 συμϐεϐηκὸς
975 5386 1189 5451 κακίας.
1238 5389 1445 5462 Ὠσπερ
1494 5391 1708 5444 πάλινὸ

136 5471 266 5535 Θεὸς
284 5473 635 5545 αὑτόμετρον,
672 5479 764 5530 καὶ
798 5477 1212 5543 αὑτοειδοποιὸν,
1240 5481 1332 5533 καὶ
1373 5482 1706 5550 αὑτοάγαθον

133 5563 410 5629 οὐσιῶδες,
435 5567 494 5618 οὺ
535 5568 640 5637 μὴν
668 5569 729 5620 τὸ
762 5571 819 5624 ἐν
865 5570 1035 5641 ἐτέρῳ
1081 5572 1278 5640 ἀγαθόν
1301 5590 1315 5604 '
1363 5576 1706 5646 συμϐεϐηκὸς

134 5656 242 5728 γὰρ
262 5658 440 5710 τοῦτο.
488 5649 657 5712 Τοῦτο
695 5661 870 5714 τοίνυν
890 5661 951 5714 τὸ
973 5663 1273 5717 αὑτόκακον
1310 5664 1431 5718 οὒτε
1460 5666 1538 5732 ὃν,
1580 5667 1704 5722 οὔτε

131 5751 413 5820 ποιητικόν
437 5753 602 5816 ἐστιν,
634 5754 734 5807 οὐκ
761 5757 817 5808 ἐν
841 5755 1070 5828 ὑπάρξει
1096 5757 1202 5810 τινί
1218 5758 1486 5827 φαίνεται,
1513 5761 1626 5814 ἀλλ’
1645 5765 1703 5815 ἐν

131 5843 486 5913 τ’..ιρεισδύσει
509 5847 568 5899 ἐν
595 5848 660 5914 τῇ
682 5846 774 5900 τοῦ
824 5848 1028 5913 ἀγαθοῦ
1074 5855 1343 5925 στερήσει.
1396 5856 1502 5908 Καὶ
1547 5857 1700 5910 τοῦτό

1816 4721 2053 4777 cundum
2088 4723 2448 4790 privationem
2482 4725 2768 4791 subsistat,
2826 4744 2945 4797 qua:
2981 4731 3034 4784 in
3087 4737 3280 4788 eodem
3315 4737 3391 4791 sit

1815 4822 1873 4868 et
1892 4816 2167 4884 corruptio
2193 4827 2248 4869 et
2276 4817 2595 4884 generatio?
2631 4817 2817 4890 Neque
2847 4824 2990 4876 enim
3015 4827 3390 4894 corruptionis

1815 4907 2048 4976 privatio
2071 4910 2350 4977 generatio
2377 4919 2479 4974 est,
2510 4911 2604 4964 sed
2623 4913 2987 4981 generationis
3017 4929 3073 4970 et
3105 4919 3378 4974 exsisten-

1817 5004 1903 5057 tim
1927 5006 2160 5074 privatio
2179 5007 2458 5074 corruptio
2486 5017 2601 5072 est;
2639 5025 2810 5078 neque
2840 5012 3162 5080 privationis
3187 5016 3382 5070 absen-

1816 5098 1887 5152 tia
1921 5099 2094 5154 forma
2123 5111 2227 5161 est.
2253 5104 2348 5156 sed
2376 5105 2562 5157 formae
2590 5103 2839 5158 absentia
2885 5109 3166 5176 corruptio
3191 5121 3275 5164 est
3323 5123 3379 5165 et

1809 5193 2059 5262 privatio.
2108 5197 2446 5264 Quapwpter
2501 5213 2625 5251 cum
2692 5200 2857 5253 etiam
2915 5201 3118 5254 malum
3166 5217 3261 5271 per
3316 5220 3375 5258 se

1810 5289 2088 5356 corruptio
2107 5290 2198 5350 sit,
2226 5290 2424 5342 bonum
2453 5301 2633 5343 autem
2662 5306 2760 5360 per
2805 5307 2862 5346 se
2893 5293 3070 5346 Valeat
3101 5296 3166 5346 ad
3207 5307 3369 5364 gena-4

1809 5382 2100 5450 rationem,
2145 5385 2416 5452 quomodo
2436 5400 2532 5454 per
2564 5401 2622 5440 se
2648 5387 2924 5456 corruptio
2957 5390 3027 5441 sit
3051 5402 3147 5456 per
3175 5405 3233 5442 se
3259 5390 3372 5441 vir—

1810 5485 1916 5540 tus,
1950 5487 2008 5532 ut
2036 5479 2205 5546 pos-.it
2228 5479 2432 5548 aliquid
2466 5480 2687 5536 facere?
2715 5479 2821 5534 Sed
2869 5482 3171 5550 sciendum,
3222 5485 3366 5553 quod

1807 5586 1930 5624 cum
1955 5583 2130 5638 purse
2153 5572 2374 5634 malum,
2403 5586 2501 5642 per
2529 5588 2588 5628 se
2640 5574 2988 5639 immensum,
3039 5589 3134 5646 per
3181 5591 3240 5630 se
3288 5580 3374 5630 in-

1808 5665 2002 5734 forme,
2024 5678 2076 5722 et
2101 5681 2159 5721 se
2187 5667 2302 5737 ipso
2323 5667 2686 5723 essentialiter
2713 5668 2912 5722 malum
2934 5670 3025 5734 sit,
3053 5685 3158 5724 non
3184 5681 3365 5727 autem

1805 5777 1904 5833 per
1930 5764 2160 5817 alterum
2195 5761 2429 5828 malum;
2462 5763 2565 5817 boc
2588 5763 2732 5817 enim
2764 5763 2937 5818 forma
2986 5774 3090 5828 est,
3123 5775 3177 5817 et
3210 5766 3369 5832 quasi

1809 5856 2061 5912 accidens
2100 5858 2340 5912 malitim.
2384 5859 2535 5913 Sicut
2567 5857 2764 5916 iterum
2800 5857 2939 5914 Deus
2970 5874 3066 5927 per
3107 5871 3163 5916 se.
3218 5873 3372 5918 meu-
