4176 6308
816 337 916 391 7S7

1972 334 2029 391 S.
2065 334 2366 393 DIONYSII
2398 334 2863 394 AREOPAGITE

3949 345 4041 403 1'88

813 452 963 517 sura,
988 467 1082 520 per
1106 466 1163 505 sc
1194 450 1422 506 formam
1459 451 1724 515 tribuens.
1754 460 1803 507 et
1830 465 1926 521 per
1952 467 2012 507 se
2060 453 2259 508 bonum
2291 467 2372 508 es-

2448 506 2449 514 ,
2481 456 2627 507 ἐστιν
2649 454 2677 507 ὃ
2703 454 2850 523 λέγει
2875 457 2904 509 ὁ
2930 454 3101 527 μέγας
3132 454 3377 524 θεολόγος
3400 456 3695 530 Γρηγόριος
3714 455 3793 526 τῇ
3813 458 3920 513 τοῦ
3944 474 4036 511 κο-

812 544 1042 599 sentiale
1072 553 1179 611 est,
1210 559 1315 599 non
1354 554 1536 601 autem
1558 546 1611 600 in
1633 546 1807 608 altero
1834 546 2067 611 bonum;
2098 546 2202 602 hoc
2231 547 2374 602 enim

810 635 1084 691 accidens.
1111 636 1259 691 istud
1308 636 1494 707 itaque
1522 652 1623 708 per
1679 652 1740 693 se
1796 639 1997 692 malum
2044 654 2221 708 neque
2268 650 2371 703 est,

819 741 996 796 neque
1024 726 1210 782 eiIicax
1240 737 1345 793 est,
1378 742 1481 783 nec
1503 737 1729 799 apparet
1759 729 1809 785 in
1834 729 2012 798 aliqua
2036 729 2370 797 exsistentia,

808 819 904 873 sed
938 821 993 874 in
1028 821 1346 891 irreptione,
1374 821 1427 876 in
1452 821 1579 877 boni
1626 823 1951 893 privatione.
2006 824 2075 881 Et
2126 824 2229 878 hoc
2266 836 2371 887 est,

806 914 949 982 quod
972 930 1199 985 magnus
1232 914 1321 969 ille
1351 915 1635 986 theologus
1683 915 1975 987 Gregorius
2012 917 2091 971 ait
2146 933 2268 975 esse
2314 919 2372 972 in

810 1007 932 1059 boni
965 1009 1111 1077 fuga.
1143 1007 1424 1073 Quomodo
1449 1008 1828 1078 igiturinalum
1860 1009 2083 1078 irrepat,
2110 1025 2232 1064 cum
2264 1026 2371 1065 non

810 1098 903 1161 sit,
932 1096 1106 1152 fusius
1132 1099 1375 1166 exponit,
1404 1110 1458 1152 et
1484 1108 1654 1151 totum
1681 1100 1826 1156 bono
1856 1099 2125 1156 attribuit.
2160 1099 2369 1155 Bonum

807 1187 972 1260 409
1000 1189 1180 1258 itaque
1207 1188 1623 1264 quibuscunque
1644 1188 1861 1258 quidem
1916 1187 2159 1259 perfecte
2204 1189 2368 1256 inest,

806 1285 993 1336 eadem
1022 1282 1357 1352 impermista
1396 1291 1452 1343 et
1500 1282 1711 1354 integra
1746 1281 1882 1335 bona
1936 1280 2143 1346 reddit;
2170 1280 2369 1350 quibus

802 1391 936 1430 vero
958 1376 1133 1431 minus
1156 1375 1319 1441 inest,
1347 1374 1602 1443 permista
1627 1383 1752 1427 sunt
1774 1372 1931 1426 malo.
1962 1370 2158 1428 Malum
2184 1380 2365 1427 tamen

805 1482 913 1521 non
950 1476 1033 1521 est
1057 1482 1152 1541 per
1176 1481 1257 1531 se,
1290 1466 1386 1521 sed
1414 1480 1511 1539 per
1534 1464 1659 1520 boni
1700 1463 1993 1530 delectum,
2025 1464 2368 1534 quandoqui-

800 1557 923 1613 dem
949 1556 1039 1613 illa
1072 1555 1312 1627 perfecta
1342 1557 1577 1622 bonitas,
1601 1572 1719 1625 qua!
1745 1571 1841 1624 per
1862 1556 2043 1610 omnia
2069 1571 2145 1620 se,
2165 1554 2364 1609 diti'un-

800 1651 899 1714 dit,
934 1665 1040 1704 non
1075 1650 1247 1705 solum
1282 1663 1454 1719 usque
1484 1648 1550 1702 ad
1582 1647 1833 1704 ctelestes
1858 1663 1923 1703 ac
1946 1650 2159 1703 divinas
2189 1649 2361 1702 virtu-

801 1750 883 1795 tes
912 1742 1189 1814 pertingit,
1221 1742 1315 1795 sed
1340 1741 1408 1797 ad
1444 1751 1725 1797 extremas
1763 1754 1933 1809 usque
1974 1743 2140 1795 etiam
2189 1750 2364 1797 terre-

2475 546 2590 601 λοῦ
2611 546 2793 615 φυγῇ.
2811 547 2934 610 Πῶς
2960 546 3135 600 τοίνυν
3153 547 3213 600 τὸ
3236 549 3420 612 κακὸν,
3447 551 3522 620 μὴ
3537 549 3616 614 ὃν,
3634 550 4033 621 ωρεισδὺεται,

2475 640 2720 710 ἐκτίθησι
2744 640 3095 713 πλατύτερον,
3125 642 3218 695 καὶ
3242 642 3301 695 τὸ
3325 644 3433 696 πᾶν
3460 644 3704 712 ἐπινέμει
3729 643 3809 714 τῷ
3828 642 4033 712 ἀγαθῷ.

2476 734 2549 787 Τὸ
2571 733 2701 803 γοῦν
2723 734 2942 803 ἀγαθὸν,
2972 737 3028 787 ἐν
3054 732 3135 799 οἷς
3165 736 3262 807 μὲν
3282 736 3479 800 τελέως
3500 738 3787 809 ἐγγένηται
3806 778 3821 801 ,
3866 738 4034 808 ἀμιγῆ

2475 827 2617 882 ποιεῖ
2636 827 2728 880 καὶ
2752 826 3021 897 ὁλόκληρα
3039 828 3218 895 ἀγαθά
3236 844 3249 858 ο
3279 825 3359 892 οἷς
3384 822 3440 885 δὲ
3481 825 3641 900 ἦττον
3660 869 3676 894 ,
3729 832 4033 903 μεμιγμένα

2474 916 2609 986 πρὸς
2636 916 2696 969 τὸ
2718 916 2901 970 κακόν.
2934 918 3007 971 Οὐ
3041 916 3143 987 μὴν
3170 918 3225 970 δέ
3260 920 3376 970 ἐστι
3414 919 3475 970 τὸ
3524 920 3687 972 κακὸν
3733 921 3857 977 καθ’
3885 921 4029 982 αὐτὸ,

2471 1005 2607 1058 ἀλλά
2633 1004 2719 1059 διά
2742 1005 2840 1076 τὴν
2890 1007 2983 1059 τοῦ
3033 1007 3237 1076 ἀγαθοῦ
3265 1007 3535 1077 ἔλλειψιν·
3582 1010 3810 1081 ἐπείπερ
3862 1012 3899 1081 ἡ
3951 1012 4031 1064 διὰ

2472 1098 2690 1152 πάντων
2712 1099 2951 1167 φοιτῶσα
2975 1100 3241 1171 παντελὴς
3272 1100 3539 1170 ἀγαθάτης
3568 1102 3626 1154 οὐ
3670 1102 3827 1173 μέχρι
3862 1105 4030 1173 μόνων

2471 1193 2637 1260 χωρεῖ
2658 1190 2768 1243 τῶν
2793 1190 3058 1261 οὐρανίων
3084 1192 3177 1244 καὶ
3200 1190 3358 1244 θείων
3384 1190 3661 1261 δυνάμεων
3680 1230 3694 1255 ,
3724 1192 3837 1247 ἀλλ’
3859 1194 4028 1246 ἐκτεί-

2468 1298 2616 1333 νεται
2643 1281 2770 1354 άχρι
2797 1282 2891 1334 καὶ
2940 1281 3048 1335 τῶν
3073 1282 3314 1352 ἐσχάτων
3358 1283 3453 1340 καὶ
3497 1282 3603 1339 τῶν
3655 1283 3896 1352 γηΐνων·
3948 1284 4027 1337 διὰ

2466 1372 2623 1425 τοῦτο
2647 1373 2756 1442 γάρ
2778 1374 2872 1427 καὶ
2898 1375 2931 1447 ἡ
2961 1373 3032 1444 γῆ
3056 1372 3149 1426 τοῦ
3172 1372 3305 1426 Θεοῦ
3331 1373 3545 1442 λέγεται
3570 1374 3876 1429 ὑποπόδιον.
3928 1376 4030 1427 Καὶ

2464 1468 2576 1529 τοῖς
2604 1465 2700 1535 μέν
2721 1465 2894 1529 άλλως
2918 1466 3011 1519 καὶ
3040 1464 3212 1529 άλλως
3239 1466 3357 1517 κατ’
3385 1464 3632 1517 ἐπίτασίν
3669 1482 3729 1517 τε
3768 1466 3866 1518 καὶ
3904 1466 4028 1535 ὕφε-

2468 1570 2570 1617 σιν,
2597 1556 2709 1617 τοῖς
2730 1554 2786 1607 δὲ
2812 1554 3057 1624 ἐσχάτοις
3084 1553 3223 1608 κατὰ
3260 1554 3481 1624 ἔσχατον
3506 1554 3773 1629 ἀπήχημα
3799 1554 4027 1624 πάρεστι

2462 1645 2715 1713 τάγαθόν.
2756 1646 2842 1709 Ὠς
2873 1646 2983 1717 γὰρ
3006 1645 3235 1715 ἔφημεν,
3264 1646 3462 1702 ὑπόθου
3492 1645 3613 1704 τινά
3645 1646 3832 1715 βοῆσαι
3865 1646 4023 1717 μέγα,

2464 1735 2557 1789 καὶ
2611 1735 2702 1787 τὸν
2754 1737 2850 1805 μὲν
2906 1738 3071 1804 ἐγγὺς
3119 1737 3399 1807 ἱστάμενον
3463 1739 3557 1793 καὶ
3619 1738 3931 1809 ἐρρωμένον
3970 1736 4027 1789 τὸ

801 1847 1007 1902 nasque
1029 1834 1407 1906 protenditur;
1441 1833 1701 1902 quoniam
1741 1832 1946 1888 idcirco
1988 1833 2153 1888 etiam
2210 1843 2356 1890 terra

2460 1829 2796 1892 ἀκουστικὸν,
2820 1828 2948 1900 ὅλην
2972 1828 3223 1893 δέξασθαι
3243 1830 3339 1901 τὴν
3367 1829 3491 1900 βοὴν
3509 1870 3523 1894 ,
3568 1830 3691 1893 τοὺς
3710 1830 3765 1883 δὲ
3792 1830 4029 1901 ἀφεστη-

800 1926 1005 1983 dicitur
1031 1927 1327 1984 scabellum
1358 1927 1449 1986 Dei
1467 1938 1514 1980 ι.
1537 1927 1715 1995 Atque
1730 1925 1853 1980 aliis
1868 1926 2089 1999 quidem
2105 1927 2261 1983 aliter
2277 1938 2364 1982 at-

798 2032 905 2091 que
925 2017 1085 2075 aliter
1099 2019 1392 2077 secundum
1407 2018 1766 2075 intentionem
1784 2029 1835 2073 et
1853 2018 2250 2083 remissionem,
2266 2033 2362 2073 ex-

801 2109 988 2166 tremis
1012 2123 1143 2163 vero
1166 2108 1460 2164 secundum
1490 2119 1788 2163 extremam
1815 2110 1969 2179 quasi
1994 2109 2357 2165 resonantiam

795 2203 951 2257 adest
979 2204 1200 2259 bonum.
1227 2200 1378 2256 Sicut
1396 2203 1539 2256 enim
1564 2201 1821 2268 diximus,
1848 2216 2090 2272 suppone
2122 2202 2358 2269 aliquem

796 2294 907 2351 alte
920 2294 1233 2361 vociferari,
1257 2310 1320 2349 ac
1346 2294 1580 2348 vicinum
1604 2295 1821 2365 quidem
1848 2296 2144 2365 audituque
2169 2296 2356 2350 valen-

795 2395 904 2445 tem
930 2394 1099 2443 totam
1123 2400 1310 2440 vocem
1338 2386 1611 2455 excipere,
1642 2396 1879 2444 remetos
1904 2396 2084 2442 autem
2111 2402 2210 2456 pro
2239 2396 2355 2441 rata

796 2480 1068 2537 distantia:
1096 2478 1792 2549 portione,remotissimum
1820 2494 1949 2534 vero
1971 2478 2356 2534 obscurissime

796 2584 1055 2642 tanquam
1128 2572 1487 2627 resonantiam
1545 2572 1834 2642 quamdam
1908 2571 2154 2627 ultimam
2204 2572 2355 2627 vocis

797 2664 1195 2740 quodammodo
1214 2664 1523 2734 percipere;
1555 2664 1657 2718 nisi
1677 2663 1820 2718 enim
1846 2664 1948 2719 hoc
1971 2666 2129 2720 modo
2150 2666 2351 2720 bonum

794 2754 1228 2830 participaretur,
1262 2754 1449 2823 utique
1478 2753 1814 2808 divinissima
1855 2755 2205 2819 exsisterent,
2226 2769 2346 2824 qua:

796 2847 1216 2899 novissimorum
1238 2845 1398 2903 modo
1420 2844 1664 2901 ordinem
1686 2855 1890 2900 tenent.
1907 2846 2151 2912 Quonam
2171 2857 2348 2900 autem

791 2946 956 3011 pacto
993 2935 1278 3005 oportebat
1329 2934 1613 3003 aequaliter
1642 2935 1824 2990 omnia
1874 2934 2069 2989 bonum
2129 2937 2352 3005 partici-

792 3043 944 3104 pare,
976 3044 1098 3082 cum
1123 3028 1375 3096 quaelibet
1403 3027 1467 3081 ad
1505 3027 1767 3095 aaqualem
1799 3026 1925 3083 boni
1982 3029 2349 3098 participatio-

792 3134 912 3172 nem
947 3134 1052 3173 non
1081 3118 1188 3172 sint
1238 3115 1689 3171 accommodata?
1716 3115 1869 3169 Nunc
1900 3126 2080 3170 autem
2124 3116 2238 3171 haec
2263 3125 2347 3171 est

2461 1921 2624 1985 κότας
2666 1920 2940 1989 ἀναλόγως
2975 1924 3040 1993 τῇ
3082 1923 3388 1988 διαστάσει,
3430 1921 3521 1976 τὸν
3560 1922 3616 1976 δὲ
3654 1923 3795 1979 πάνυ
3842 1922 4027 1995 τιόρρω

2460 2014 2809 2084 ἀμυδρότατα
2831 2012 2905 2078 ὼς
2930 2014 3114 2087 ἀπηχή
3125 2030 3291 2083 ματος
3315 2014 3544 2069 ὑπάτου
3571 2010 3751 2075 ποσῶς
3774 2010 4024 2068 αἰσθάνε-

2461 2104 2583 2161 σθαι
2603 2122 2616 2135 ο
2649 2107 2696 2158 εἰ
2723 2104 2831 2175 γὰρ
2860 2106 2933 2176 μὴ
2973 2104 3143 2168 οὓτως
3178 2106 3211 2175 ὴ
3250 2104 3343 2157 τοῦ
3395 2102 3598 2173 ἀγαθοῦ
3641 2103 3899 2172 μετουσία
3933 2091 4021 2173 ἦν,

2455 2192 2594 2268 ἦσαν
2626 2200 2691 2251 ἂν
2715 2198 2782 2251 τά
2809 2197 3058 2253 θειότατα
3084 2197 3178 2269 τὴν
3206 2197 3314 2251 τῶν
3340 2198 3579 2267 ἐσχάτων
3619 2196 3771 2261 τάξιν
3814 2195 4021 2272 ἔχοντα.

2457 2288 2581 2351 Πῶς
2602 2288 2659 2341 δέ
2684 2288 2790 2342 ἔδει
2820 2289 2999 2346 πάντα
3046 2290 3239 2358 ἐπίσης
3278 2288 3525 2360 δέχεσθαι
3563 2288 3625 2340 τὸ
3668 2286 3906 2359 ἀγαθὸν,
3951 2286 4023 2355 μὴ

2455 2380 2582 2436 ὄντα
2609 2380 2802 2452 ἐπίσης
2825 2382 2959 2453 πρὸς
2985 2380 3141 2435 τοῦτο
3165 2381 3477 2451 ἐπιτήδεια;
3507 2379 3620 2434 Νῦν
3644 2379 3699 2433 δὲ
3722 2378 3881 2436 τοῦτό
3907 2380 4021 2433 ἐστι

2454 2473 2515 2529 τὸ
2541 2473 2871 2545 ὑπερϐάλλον
2899 2475 2999 2545 τῆς
3016 2473 3109 2527 τοῦ
3141 2474 3342 2543 ἀγαθοῦ
3367 2475 3667 2545 δυνάμεως,
3694 2474 3774 2526 ὅτι
3816 2472 3910 2526 καὶ
3954 2472 4022 2529 τά

2454 2565 2788 2635 ἐστερημένα
2809 2566 2907 2619 οὐκ
2929 2566 3100 2621 ἄλλων
3125 2566 3244 2623 οὐδὲ
3270 2565 3388 2623 κατ’
3414 2565 3542 2618 ἄλλο
3574 2583 3649 2629 τι,
3698 2564 3836 2625 ἀλλὰ
3881 2564 4020 2617 κατὰ

2451 2658 2550 2729 τὴν
2574 2657 2737 2711 αὐτοῦ
2771 2658 3023 2730 στέρησιν
3043 2658 3326 2729 ἐνδυναμοῖ
3368 2658 3508 2711 κατά
3551 2657 3726 2720 τοῦτο,
3771 2658 3912 2716 κατά
3962 2658 4021 2710 τὸ

2449 2751 2585 2815 ὅλως
2611 2750 2771 2804 αὑτοῦ
2798 2752 3059 2822 μετέχειν.
3087 2751 3195 2804 Καὶ
3216 2750 3372 2805 τοῦτό
3396 2753 3509 2806 ἐστι
3554 2751 3633 2803 τό·
3662 2751 3734 2804 τὰ
3754 2750 4021 2807 ἀδύνατα

2451 2842 2613 2910 παρὰ
2634 2840 2959 2909 ἀνθρώποις
2978 2841 3206 2896 δυνατὰ
3221 2843 3382 2910 παρὰ
3398 2842 3476 2908 τῷ
3492 2842 3630 2907 Θεῷ.
3660 2842 3722 2896 Εἰ
3745 2842 3851 2913 χρὴ
3866 2841 3920 2895 δέ
3944 2844 4023 2899 εἰσ

2450 2936 2571 2988 πεῖν
2605 2933 3098 3005 παῤῥησιασμένον,
3124 2935 3206 2987 ὅτι
3232 2934 3323 2988 καὶ
3348 2934 3415 2986 τὰ
3449 2933 3725 3006 μαχόμενα
3760 2934 3927 3006 αὐτῷ,
3950 2937 4015 3009 τῇ

2449 3025 2613 3080 αὑτοῦ
2638 3027 2862 3097 δυνάμει
2890 3026 2985 3078 καὶ
3008 3026 3119 3079 ἐστι
3142 3026 3236 3080 καὶ
3277 3027 3569 3098 μάχονται·
3610 3026 3861 3097 ἀνέχεται
3908 3026 4021 3101 γὰρ

2446 3119 2542 3173 καὶ
2571 3119 2906 3190 ἁμαρτωλῶν
2928 3122 2957 3173 ό
2981 3120 3131 3184 Θεὸς,
3158 3118 3289 3173 ἀλλά
3328 3120 3422 3173 καὶ
3447 3117 3652 3171 πολλῶν
3699 3119 4019 3188 μαχομένων

789 3210 1045 3283 potentia:
1070 3210 1194 3264 boni
1228 3218 1488 3277 praestans
1514 3209 1831 3279 magnitudo
1856 3246 1873 3272 ,
1900 3208 2042 3276 quod
2071 3208 2236 3262 etiam
2264 3207 2349 3261 sui

2451 3213 2563 3273 τοῖς
2590 3208 2751 3273 θείοις
2782 3210 2945 3262 αὑτοῦ
2975 3210 3270 3281 θελήμασι’
3324 3210 3420 3262 καὶ
3445 3208 3601 3262 τοῦτό
3651 3210 3769 3261 ἐστι
3803 3208 3863 3261 τὸ
3900 3212 4017 3275 τοῖς

789 3304 1029 3372 expertia
1066 3319 1167 3355 non
1199 3303 1341 3366 aliis,
1379 3317 1555 3371 neque
1594 3303 1755 3356 aliter
1788 3318 1945 3369 quam
1973 3315 2070 3369 per
2094 3300 2173 3355 sui
2230 3300 2348 3368 pri-

792 3396 1060 3449 vationem
1094 3394 1407 3447 corroboret
1449 3394 1516 3447 ad
1543 3394 1715 3462 ipsum
1764 3392 1983 3446 omnino
2016 3392 2351 3459 participan-

790 3488 939 3541 dum.
973 3486 1037 3540 Et
1058 3486 1156 3540 hoc
1186 3495 1291 3549 est,
1311 3486 1455 3553 quod
1484 3500 1604 3555 qua:
1628 3484 1979 3553 impossibilia
2013 3492 2139 3536 sunt
2169 3483 2347 3537 homi-

790 3577 970 3640 nibus.
1021 3577 1297 3647 possibilia
1348 3578 1460 3631 sint
1514 3576 1645 3634 Deo.
1688 3575 1843 3642 Quod
1895 3575 1941 3630 si
1985 3575 2347 3630 conﬁdentius

790 3670 971 3724 dicere
996 3670 1173 3735 liceat,
1200 3670 1286 3723 illa
1319 3670 1481 3723 etiam
1514 3684 1639 3739 qua:
1670 3668 1771 3736 ipsi
1802 3677 2118 3737 repugnant,
2144 3667 2345 3735 ipsius-

791 3771 902 3815 met
936 3763 984 3814 vi
1010 3769 1208 3816 etsunt
1231 3772 1285 3815 ει
1313 3771 1592 3832 pugnant;
1631 3761 1865 3815 sustinet
1907 3761 2050 3813 enim
2094 3770 2343 3829 peccato-

792 3866 880 3904 res
908 3850 1067 3915 Dcus,
1118 3850 1226 3905 imo
1254 3852 1516 3920 plurimos
1562 3852 1760 3905 divinis
1815 3851 1930 3905 suis
1977 3850 2345 3905 voluntatibus

790 3952 1185 4011 repugnantes;
1215 3950 1269 3996 et
1296 3944 1398 3996 hoc
1426 3952 1510 3997 est
1534 3944 1677 4012 quod
1709 3943 1876 4011 ipsius
1910 3941 2133 4009 judiciis
2161 3956 2342 3997 reser-

787 4046 972 4089 vatum
991 4043 1092 4100 est,
1111 4036 1233 4088 dum
1265 4034 1516 4100 dicimus,
1538 4037 1733 4105 quibus
1751 4037 1972 4107 jndiciis
2005 4036 2154 4090 novit
2177 4036 2341 4102 Deus,

789 4126 891 4179 hoc
920 4124 1001 4192 ﬁt,
1035 4135 1087 4181 et
1116 4126 1218 4180 hoc
1246 4140 1351 4179 non
1394 4127 1472 4180 ﬁt.
1504 4127 1778 4194 Quinimo,
1811 4140 1869 4181 ut
1912 4128 2221 4181 summatim
2258 4130 2341 4183 di-

784 4232 934 4281 cam,
964 4231 1025 4271 ea
1053 4231 1170 4285 quae
1201 4224 1325 4271 sunt
1352 4216 1554 4282 omnia,
1585 4217 1636 4271 in
1661 4228 1923 4286 quantum
1952 4218 2094 4273 bona
2119 4227 2265 4279 sunt.
2290 4228 2346 4273 et

788 4320 935 4373 sunt,
969 4318 1024 4361 et
1062 4310 1197 4363 bona
1233 4324 1300 4363 ev
1348 4309 1491 4363 bono
1518 4315 1682 4374 sunt;
1740 4310 1795 4363 in‘
1849 4321 2110 4379 quantum
2160 4322 2342 4366 autem

788 4403 930 4454 bono
962 4401 1167 4468 privata
1212 4409 1359 4467 sunt,
1394 4416 1499 4454 non
1530 4402 1687 4454 modo
1717 4417 1821 4455 non
1862 4404 2002 4457 bona
2030 4414 2194 4469 sunt,
2249 4403 2344 4458 sed

791 4508 859 4544 ne
882 4493 1150 4545 exsistunt
1178 4492 1415 4558 quidem.
1441 4490 1579 4544 Hinc
1602 4491 1869 4560 intelliges
1891 4492 2057 4547 etiam
2082 4492 2213 4546 illud
2230 4495 2343 4548 Ab-

789 4585 889 4636 dim
937 4584 1207 4652 prophetae
1246 4582 1448 4635 dictum
1497 4581 1565 4636 de
1608 4584 2029 4652 peccatoribus:
2068 4583 2138 4637 Et
2184 4593 2339 4638 erunt

788 4675 937 4742 quasi
973 4691 1075 4726 non
1107 4675 1210 4727 sint
1236 4672 1287 4729 δ.
1310 4671 1460 4739 Quod
1488 4674 1653 4728 etiam
1693 4675 1744 4727 in
1778 4673 2018 4742 profanis
2038 4674 2213 4730 locum
2243 4678 2342 4731 ba-

789 4766 898 4830 bet,
942 4773 999 4823 ut
1030 4766 1084 4819 in
1114 4765 1369 4830 Homero,
1400 4780 1455 4819 v.
1484 4780 1538 4835 g.
1562 4780 1685 4820 cum
1716 4767 1838 4834 quis
1880 4766 2123 4836 loquitur
2153 4771 2219 4823 de
2246 4769 2342 4824 bo-

786 4859 872 4911 nis
901 4872 1128 4925 quorum
1151 4859 1277 4912 olim
1304 4858 1577 4927 particeps
1630 4861 1877 4924 exstitit,
1929 4861 2123 4928 quibus
2182 4862 2342 4917 modo

787 4950 1026 5018 privatus
1084 4958 1185 5015 est,
1244 4950 1287 5003 si
1344 4952 1555 5019 quando
1602 4952 1821 5018 fuerint.
1870 4951 2023 5007 Unde
2070 4954 2343 5024 colligitur

783 5040 1003 5096 omnino
1051 5041 1249 5094 malum
1295 5054 1416 5095 esse
1471 5042 1612 5108 quod
1661 5043 1880 5097 omnino
1931 5045 2200 5112 privatum
2251 5056 2339 5102 est

788 5135 952 5194 nono,
974 5141 1031 5183 ut
1061 5130 1202 5198 quod
1225 5144 1320 5183 nec
1342 5141 1481 5196 erat,
1534 5146 1634 5186 nec
1674 5142 1781 5198 est,
1830 5147 1929 5188 nec
1962 5148 2086 5189 esse
2138 5145 2336 5203 potest.

792 5223 1068 5291 Suppone.
1098 5222 1295 5290 inquit,
1319 5224 1513 5277 bonum
1546 5236 1667 5279 esse
1698 5223 1972 5292 habitum;
2013 5228 2179 5300 5.10
2214 5245 2340 5284 nam

790 5315 916 5367 licet
941 5314 1081 5367 Dens
1101 5316 1173 5366 sit
1202 5315 1794 5382 supersubstantialiter
1818 5327 1873 5371 et
1901 5332 1997 5385 per
2022 5334 2083 5373 se
2111 5321 2337 5386 bonum,

782 5418 838 5457 ct
866 5403 1158 5458 essentiale
1194 5404 1417 5470 bonum,
1448 5413 1622 5461 tamen
1665 5408 1717 5461 in
1768 5409 2122 5480 participibus
2172 5413 2335 5469 etiam

785 5498 983 5552 bonum
1009 5506 1093 5551 est
1122 5498 1418 5551 secundum
1442 5500 1726 5565 quemdam
1751 5502 2019 5557 habitum.
2058 5504 2214 5559 Ponit
2236 5507 2339 5560 ita-

787 5602 890 5658 que
916 5589 1148 5658 aliquam
1181 5588 1396 5657 quidem
1425 5604 1639 5645 manere
1668 5592 1719 5643 in
1758 5591 1966 5661 habitu,
2015 5598 2179 5653 etiam
2210 5599 2342 5654 deti-

892 5777 915 5803 ι
950 5765 1048 5820 lsa.
1088 5785 1231 5833 uti,
1263 5769 1309 5821 l.
1388 5770 1413 5809 b
1453 5771 1588 5825 Abd.
1623 5770 1703 5825 16.

2449 3301 2613 3355 αὑτοῦ
2636 3302 3130 3373 παραπεμπόμενον
3150 3302 3239 3374 κρί
3247 3318 3399 3372 μασι,
3427 3300 3685 3369 λεγόντων
3712 3302 3745 3370 ἡ
3753 3300 3866 3370 μῶν
3884 3317 3895 3327 ·
3920 3296 4019 3369 υἷς

2452 3392 2709 3462 κρίμασιν
2730 3387 2835 3444 οἶδε
2861 3392 3013 3457 Θεὸς,
3041 3391 3200 3450 τοῦτο
3224 3392 3450 3460 γίνεται,
3480 3394 3572 3449 καὶ
3595 3391 3749 3445 τοῦτο
3783 3392 3843 3445 οὐ
3870 3392 4021 3457 γίνε-

2446 3500 2555 3535 ται.
2582 3482 2794 3537 Μᾶλλον
2814 3485 2890 3547 δὲ,
2916 3485 3002 3539 ἵνα
3026 3484 3301 3541 συλλαϐὼν
3325 3485 3463 3538 εἴπω
3486 3524 3501 3549 ,
3531 3484 3599 3538 τὰ
3643 3484 3772 3537 ὄντα
3812 3484 4015 3551 πάντα,

2448 3574 2567 3628 καθ’
2595 3576 2717 3627 ὅσον
2743 3576 2919 3645 ἀγαθά
2942 3578 3076 3642 ἐστι,
3134 3580 3227 3636 καὶ
3259 3578 3395 3641 ἔστι,
3447 3577 3539 3630 καὶ
3585 3575 3763 3643 ἀγαθὰ
3810 3578 3873 3629 ὲκ
3918 3576 4017 3630 τοῦ

2447 3666 2649 3734 ἀγαθοῦ
2678 3669 2795 3721 ἐστι
2814 3684 2826 3696 ·
2859 3668 2976 3721 καθ’
2993 3670 3115 3725 ὅσον
3140 3669 3197 3721 δὲ
3221 3669 3536 3743 ἐστέρηνται
3562 3666 3655 3719 τοῦ
3690 3666 3915 3735 ἀγαθοῦ,
3939 3668 4016 3738 μὴ

2450 3760 2609 3831 μόνον
2636 3760 2735 3817 οὐκ
2755 3760 2952 3829 ἀγαθὰ,
2983 3761 3099 3813 ἀλλ’
3125 3762 3244 3813 οὐδὲ
3275 3761 3403 3814 ὄντα
3454 3760 3620 3819 ἐστίν.
3660 3759 3847 3813 Ἔνθεν
3882 3762 4015 3831 νοήρ

2448 3867 2562 3914 σεις
2584 3851 2677 3904 καὶ
2698 3851 2758 3903 τὸ
2783 3852 2931 3923 παρά
2971 3852 3174 3909 Ἀϐδιοὺ
3201 3852 3278 3922 τῷ
3304 3855 3555 3928 προφήτῃ
3578 3851 3857 3923 εἰρημένον
3879 3854 4017 3923 περὶ

2445 3941 2551 3997 τῶν
2579 3941 2912 4013 ἁμαρτωλῶν
2936 3958 2947 3970 ·
2979 3943 3087 3997 Καὶ
3117 3944 3356 3997 ἔσονται
3387 3943 3464 4007 ὡς
3489 3940 3573 4010 μὴ
3606 3941 3789 4007 ὄντες.
3832 3942 4014 3997 Ὅπου

2446 4049 2511 4101 γε
2536 4035 2629 4088 καὶ
2653 4031 2798 4103 παρά
2831 4034 2941 4095 τοῖς
2975 4031 3169 4098 ἔξωθεν
3193 4032 3351 4085 τοῦτο
3368 4031 3599 4101 λέγεται,
3632 4030 3707 4095 ὡς
3750 4029 3900 4105 παρὰ
3932 4030 4015 4105 τῷ

2458 4126 2696 4195 ’(ιμήρῳ,
2722 4126 2780 4177 ἐν
2811 4120 2891 4188 οἷς
2918 4124 3059 4191 λέγει
3085 4142 3166 4187 τις
3195 4122 3446 4194 περὶτῶν
3466 4116 3538 4176 ὧν
3555 4127 3613 4176 ἐν
3633 4122 3882 4200 μετουσίᾳ
3901 4125 4012 4176 πά-

2444 4218 2529 4274 λαι
2550 4218 2726 4276 καλῶν
2746 4219 3005 4287 ἐγεγόνει,
3029 4218 3121 4271 καὶ
3136 4216 3230 4269 νῦν
3252 4216 3453 4274 τούτων
3468 4217 3771 4289 ἐστέρηται,
3793 4216 4014 4272 εἴποτε

2444 4311 2525 4381 ἦν
2542 4327 2628 4379 γε.
2665 4309 2937 4367 Ἐντεῦθεν
2955 4308 3320 4377 συλλογίςεται
3346 4309 3500 4365 ὅτιτὸ
3522 4308 3792 4371 παντελῶς
3812 4308 4010 4370 κακὸν,

2442 4403 2518 4468 ὼς
2570 4403 2926 4474 ἐστερημένον
2957 4400 3231 4464 παντελῶς
3255 4400 3349 4452 τοῦ
3374 4398 3598 4468 ἀγαθοῦ,
3622 4399 3740 4453 οὔτε
3758 4395 3845 4476 ἦν,
3878 4399 4012 4451 οὔτε

2443 4495 2611 4557 ἐστὶν,
2636 4493 2760 4546 οὔτε
2787 4489 2921 4546 εἶναι
2942 4492 3181 4545 δύναται.
3204 4490 3310 4542 Καί
3337 4491 3615 4560 φησιν,ὃτι
3648 4489 3872 4542 ’Υπόθου
3894 4488 4014 4553 ἕξιν

2444 4590 2503 4641 τὸ
2534 4588 2765 4657 ἀγαθόν’
2798 4587 2899 4647 κᾶν
2927 4586 3034 4658 γὰρ
3058 4585 3392 4655 ὑπερουσίως
3432 4586 3524 4639 καὶ
3554 4583 3853 4649 αὐτάγαθόν
3886 4586 4011 4637 ἐστι

2441 4681 2503 4735 τὸ
2526 4681 2699 4741 Θεῐον,
2724 4681 2816 4732 καὶ
2838 4679 3089 4743 οὐσιῶδες
3116 4679 3337 4746 ἀγαθὸν,
3356 4676 3488 4735 ἀλλά
3515 4676 3608 4728 καὶ
3630 4676 3722 4734 ἐπὶ
3736 4677 3847 4737 τοῖς
3868 4693 4007 4744 μετ-

2444 4774 2623 4843 έχουσι
2649 4772 2708 4824 τὸ
2734 4772 2933 4839 ἀγαθὸν
2960 4771 3098 4825 κατὰ
3124 4771 3235 4841 ἕξιν
3282 4770 3403 4824 τινά
3428 4771 3562 4823 ἐστι.
3598 4768 3784 4838 Τίθησι
3824 4768 4013 4821 τοίνυν

2443 4866 2563 4918 τινὰ
2600 4866 2696 4936 μὲν
2730 4865 2955 4934 μένοντα
2975 4865 3031 4915 ἐν
3054 4865 3118 4933 τῇ
3145 4862 3289 4927 ἕξει,
3340 4862 3431 4915 καὶ
3476 4860 3864 4929 ἀπολειπούσης
3909 4862 4011 4931 τῆς

2446 4957 2640 5021 ἕξεως,
2681 4958 2755 5021 ῶς
2803 4958 2901 5027 τῆς
2939 4955 3034 5009 τοῦ
3082 4955 3249 5027 πυρὸς
3295 4954 3641 5026 θερμότητος,
3681 4952 3746 5005 τά
3770 4952 4012 5024 θερμαν-

2445 5047 2601 5103 θέντα
2626 5047 2823 5119 θερμὰ,
2857 5050 2950 5101 καὶ
2971 5048 3067 5118 τῆς
3098 5046 3429 5121 ψυχρότητος
3450 5046 3546 5115 τῆς
3571 5045 3741 5115 χιόνος
3760 5084 3775 5108 ,
3808 5042 3879 5097 τά
3905 5046 4011 5115 ψυ-

2447 5141 2741 5213 χρανθέντα
2759 5141 2960 5211 ψυχρά.
2990 5141 3097 5192 Καὶ
3126 5138 3283 5192 πάλιν
3306 5138 3458 5200 ἄλλα,
3491 5137 3631 5208 ἆπερ
3665 5137 3763 5189 οὐκ
3785 5138 3840 5189 ἐν
3872 5137 4010 5206 μεθ-

2448 5231 2555 5297 έξει
2612 5233 2739 5283 ὄντα
2791 5232 2952 5285 τινῶν
2998 5230 3197 5297 ἕξεων,
3244 5231 3392 5299 ὅμως
3427 5227 3684 5292 σώζονται
3736 5228 3827 5281 καί
3875 5231 4006 5281 εἰσι.

2449 5323 2594 5374 Πόσα
2616 5322 2723 5393 γὰρ
2743 5322 2943 5393 ἄμοιρα
2968 5320 3131 5391 ζωῆς,
3160 5322 3300 5375 πόσα
3328 5319 3419 5374 νοῦ
3446 5359 3461 5384 ,
3511 5319 3621 5373 ἀλλ’
3668 5321 3813 5391 ὅμως
3860 5320 4008 5385 εἰσὶ,

2450 5414 2581 5467 λίθοι
2601 5417 2693 5468 καὶ
2718 5415 2877 5483 φυτά,
2901 5417 2992 5468 καὶ
3007 5415 3073 5467 τὰ
3098 5412 3445 5484 παραπλήσια
3466 5429 3480 5476 ;
3514 5411 3660 5464 Ἑλθέ
3692 5411 3784 5463 καί
3805 5411 3894 5463 ἐπ’
3914 5414 3998 5464 αὖε

2443 5506 2534 5559 τὸν
2566 5507 2655 5559 τὸν
2684 5507 2832 5559 Θεόψ
2853 5507 3036 5571 οὐσίας
3057 5505 3391 5579 ἐξῃρημένος
3408 5505 3543 5569 ἐστὶ,
3565 5504 3657 5557 καὶ
3675 5502 3815 5555 ἐστιν
3831 5502 4005 5577 ὑπερ-

2449 5597 2649 5662 ούσιος.
2681 5599 2787 5654 Καὶ
2833 5599 3046 5661 ἁπλῶς,
3066 5600 3159 5653 ἐπὶ
3181 5601 3278 5671 μὲν
3305 5597 3413 5653 τῶν
3439 5596 3610 5652 ἄλλων
3630 5635 3645 5659 ,
3681 5596 3713 5668 ἢ
3741 5595 4006 5651 ἀπελθού-
