4186 6308
193 331 294 387 789

765 329 851 385 DE
886 327 1139 386 DIVINIS
1169 325 1570 394 NOMINIBUS,
1605 325 1759 383 CAP.
1796 321 1957 379 lV.—-
1990 318 2337 375 PARAPHR.
2374 316 2857 374 ΡΑΟΠΥΜΕΒΕ.

3336 314 3436 372 Ἰθυ

193 468 293 521 σης
317 451 416 520 τῆς
440 449 622 516 ἕξεως,
646 451 679 522 ἢ
718 451 851 522 μηδὲ
876 450 1254 520 ἐγγινομένης,
1285 444 1422 501 εἶναί
1447 465 1499 499 τι
1522 446 1617 500 καὶ
1642 445 1763 514 ὑφί-

1879 441 2056 493 ciente
2087 438 2300 502 habitu,
2335 438 2476 491 sicut
2505 437 2791 495 deficiente
2816 434 3000 490 calore
3025 433 3446 504 ignis(mancut)

192 545 420 599 στασθαι
447 545 686 608 δύναται,
715 546 776 598 τὸ
801 545 858 598 δὲ
883 544 1022 598 κατὰ
1057 545 1234 608 πάντα
1253 542 1346 595 τοῦ
1371 540 1576 610 ἀγαθοῦ
1615 543 1768 592 ὲστε-

196 639 452 714 ρημένον,
487 640 562 704 ὡς
587 635 722 693 εἶναι
748 639 1074 703 αὑτόκακον,
1109 637 1211 690 οὑκ
1237 632 1375 688 εἶναι
1396 632 1576 696 ποσῶς
1615 631 1772 684 δύναο

190 750 302 786 ται.
329 732 520 804 Τίθησι
548 733 676 801 γοῦν
704 731 1052 802 παράδειγμα
1078 729 1166 780 τὸν
1194 727 1507 787 ἀκόλαστον,
1535 725 1593 787 ὃς
1619 725 1676 776 ὲν

193 822 364 880 κακοῦ
393 822 636 894 μετέχειν
659 819 779 874 οὔτε
808 821 974 881 ἐστὶν,
1000 816 1121 870 οῦτε
1150 817 1318 879 ὅντως
1338 813 1612 883 ἐπιθυμεῖ,
1643 805 1769 880 (οἷος

191 915 349 988 γάρό
379 915 518 986 ἔρως
543 955 557 978 ,
599 911 824 967 τοιαῦτα
864 912 958 965 καὶ
1004 909 1073 963 τά
1121 908 1359 980 ἐραστὰ)
1387 905 1506 960 κατ’
1542 904 1671 957 αὑτὸ
1713 903 1770 956 δὲ

188 1008 343 1078 ὅμως
367 1006 427 1059 τὸ
458 1006 559 1076 τῆς
585 1003 828 1066 ὲνὼσεως
861 1003 955 1057 καὶ
990 1001 1170 1070 φιλίας
1193 999 1379 1069 σχῆμα
1428 996 1640 1068 μετέχει
1677 995 1769 1049 τοῦ

190 1098 421 1168 ἀγαθοῦ,
458 1099 506 1150 εί
539 1098 633 1150 καὶ
664 1096 738 1168 μὴ
762 1095 933 1158 ὗντος,
972 1093 1106 1148 ἀλλά
1132 1092 1223 1146 τοῦ
1249 1092 1530 1154 δοκοῦντος
1554 1107 1566 1120 ·
1613 1087 1771 1141 τοῦτο

189 1192 300 1262 γάρ
328 1192 442 1243 ἐστι
478 1189 538 1242 τὸ
563 1188 802 1259 ἀμυδρὸν
835 1188 934 1259 τῆς
954 1187 1121 1240 ὄντων
1148 1184 1327 1254 φιλίας
1351 1183 1636 1253 ἀπήχημα.
1660 1179 1770 1232 Καὶ

189 1281 318 1353 ότῷ
348 1281 502 1352 θυμῷ
530 1279 916 1352 ἀποχρώμενος
955 1278 1198 1351 μετέχειν
1245 1277 1459 1344 λέγεται
1497 1272 1592 1326 τοῦ
1632 1274 1769 1342 ἀγα-

189 1373 285 1428 θοῦ
303 1376 362 1427 ὲν
376 1370 452 1442 τῷ
470 1372 605 1444 πρὸς
627 1372 909 1444 διόρθωσιν
943 1370 1205 1423 κινεῖσθαι
1227 1369 1335 1422 τῶν
1359 1367 1656 1420 δοκούντων
1674 1382 1770 1418 κα-

189 1467 325 1522 κῶν.
349 1466 504 1521 Οῦτω
535 1465 630 1518 καὶ
661 1467 689 1518 ό
723 1465 822 1535 τῆς
855 1463 1121 1530 κακίστης
1158 1460 1305 1530 ζωῆς
1342 1457 1625 1527 ἐφιέμενος
1673 1473 1768 1525 με-

187 1559 341 1630 τέχει
363 1557 457 1611 τοῦ
485 1555 689 1625 ἀγαθοῦ
724 1556 783 1609 ὲν
814 1553 892 1624 τῷ
925 1554 1023 1624 τῆς
1055 1552 1318 1622 δοκούσης
1355 1548 1502 1618 αύτῷ
1541 1546 1769 1618 ἀρίστης

188 1649 342 1720 ζωῆς
373 1649 640 1719 ἐφίεσθαι.
680 1647 788 1704 Καὶ
814 1646 842 1698 ὁ
871 1645 934 1698 τὸ
956 1643 1124 1698 κακὸν
1160 1643 1216 1699 δὲ
1253 1639 1452 1713 μετιὼν
1488 1641 1546 1691 ὲν
1574 1635 1651 1708 τῷ
1686 1636 1770 1692 δο-

187 1746 309 1799 κεῖν
341 1742 502 1796 καλὸν
554 1742 727 1794 ποιεῖν
785 1737 1001 1811 μετέχει
1049 1735 1144 1792 τοῦ
1198 1732 1422 1804 ἀγαθοῦ.
1463 1731 1624 1784 Ὥστε
1650 1770 1664 1794 ,
1704 1729 1768 1783 ἃν

185 1836 368 1905 πάντη
391 1836 452 1889 τὸ
483 1834 685 1904 ἀγαθὸν
724 1804 950 1904 ἀνέλῃς,
986 1830 1194 1893 ἀνεῖλες
1230 1830 1322 1882 και
1362 1828 1554 1882 πάντα.
1604 1825 1766 1878 Ὥστε
1800 1804 1840 1859 Β

184 1930 282 1984 καὶ
315 1929 465 1982 circa:
490 1928 695 2000 φθορᾶς
709 1925 951 1995 γίνεσθαι
968 1923 1198 1993 γένεσιν,
1229 1922 1256 1975 ὃ
1275 1921 1528 1992 ἀνωτέρω
1561 1918 1764 1987 ἔλεγεν,

183 2020 289 2073 οὐκ
312 2018 426 2072 εστι
450 2018 620 2072 κακοῦ
641 2018 891 2090 δύναμις,
929 2015 1040 2070 ἀλλ’
1063 2015 1266 2084 ἀγαθοῦ
1295 2015 1514 2083 ἥττονος
1539 2013 1767 2084 ὲπικρά-

180 2126 365 2181 τησις.
404 2110 610 2180 Ὥσπερ
645 2109 737 2163 καὶ
774 2111 806 2180 ή
845 2108 1024 2176 ὑγίεια
1049 2104 1202 2171 τάξις
1247 2104 1360 2157 ἐστὶ
1409 2103 1502 2156 καὶ
1552 2119 1764 2174 συμμεςπ

180 2201 316 2273 τρία
345 2198 455 2255 τῶν
475 2202 742 2272 κράσεων,
779 2201 812 2271 ἡ
846 2199 903 2253 δὲ
934 2200 1087 2261 νόσος
1110 2196 1341 2267 ἔλλειψις
1378 2197 1476 2268 τῆς
1511 2196 1765 2267 τοιαύτης

180 2290 414 2356 τάξεως,
437 2292 578 2363 πλὴν
606 2293 662 2346 δὲ
695 2293 753 2346 ού
789 2292 988 2363 πάσης,
1012 2289 1146 2344 ἀλλά
1163 2307 1306 2354 τινος
1324 2307 1337 2320 ο
1361 2291 1407 2343 εί
1435 2290 1543 2361 γάρ
1561 2291 1762 2360 πάσης,

183 2379 530 2453 φθαρήσεται
554 2382 619 2435 ἂν
643 2381 704 2434 τὸ
738 2379 895 2445 ζῶον,
919 2382 1009 2435 καὶ
1033 2380 1234 2451 ἡνόσος
1259 2381 1357 2453 οὐχ
1378 2381 1761 2452 ὑποστήσεται.

186 2474 350 2528 Ἔστι
413 2474 593 2528 τοίνυν
649 2476 682 2547 ἡ
725 2474 880 2538 νόσος
928 2475 1161 2528 ἀπουσία
1208 2475 1439 2542 ὑγιείας,
1509 2473 1764 2544 σύστασιν

182 2563 388 2636 ἔχουσα
419 2564 515 2638 τὴν
559 2565 846 2638 ἐλαχίστην
885 2566 1073 2632 τάξινο
1127 2566 1193 2624 ἂν
1229 2566 1302 2638 μὴ
1351 2566 1459 2638 γὰρ
1508 2566 1765 2643 ἀποφύγῃ

183 2658 390 2727 ὑγίεια,
414 2659 514 2712 οὐκ
539 2659 603 2714 ἂν
638 2659 860 2731 συσταίη
886 2663 918 2732 ἡ
945 2659 1116 2724 νόσος,
1142 2660 1594 2732 παρυφισταμένη
1616 2660 1672 2714 ὲν
1687 2657 1764 2736 τῷ

181 2750 286 2822 τὴν
322 2749 435 2814 ἕξιν
465 2751 898 2810 ἀποδιίστασθαι,
920 2751 1041 2807 οὑδὲ
1056 2753 1461 2830 νικωμένηὺπὸ
1490 2752 1590 2823 τῆς
1606 2753 1761 2807 νόσου

179 2846 217 2914 ἡ
245 2842 430 2911 ὑγίεια
462 2842 870 2901 ἄπεισινοοῦτω
903 2845 1011 2917 γὰρ
1045 2842 1270 2917 ἀνεῖχεν
1295 2849 1327 2919 ἡ
1357 2848 1508 2911 νόσος
1533 2851 1627 2904 καὶ
1667 2848 1763 2923 τὴν

183 2933 503 3004 πρωτίστην
517 2933 689 3001 τάξιν.
730 2934 867 2988 Ἀλλ’
905 2937 1060 3007 ήτῆς
1100 2936 1308 3004 ὑγιείας
1332 2936 1584 3009 στέρησις
1608 2941 1762 3004 νόσος

182 3024 310 3078 ὲστί
327 3042 340 3055 ⁸
364 3025 451 3078 διά
469 3025 627 3080 τοῦτο
647 3026 756 3098 γὰρ
789 3021 910 3082 εἷπε
951 3031 1043 3082 καὶ
1077 3030 1572 3100 παρυφισταμένη
1596 3049 1610 3064 ο
1640 3033 1761 3086 οὐδὲ

179 3117 303 3189 γάρ
335 3116 447 3188 ἔχει
506 3118 799 3172 ὑπόστασιν
828 3159 843 3185 ,
898 3119 1011 3173 ἀλλ’
1038 3115 1148 3174 οἷον
1205 3123 1620 3191 παρυπόστασιν

177 3210 264 3280 τῷ
285 3209 385 3280 τὴν
418 3209 624 3278 ὑγίειαν
648 3210 884 3274 ἀπεῖναι,
906 3210 1092 3282 ὥσπερ
1124 3213 1184 3265 τὸ
1210 3212 1397 3277 σκότος
1429 3217 1494 3286 τῇ
1529 3214 1621 3268 τοῦ
1650 3233 1758 3285 φω-

177 3303 280 3367 τὸς
321 3302 662 3374 ὑποχωρήσει
698 3303 1124 3373 παρυφισταται.
1167 3305 1241 3358 Τὸ
1279 3305 1410 3373 γοῦν
1445 3306 1620 3378 πάντη
1668 3307 1759 3361 τοῦ

179 3388 396 3457 ἀγαθοῦ
429 3391 652 3460 ἄμοιρον
672 3391 770 3444 οὐκ
799 3392 911 3446 ἔστι
931 3433 945 3457 ,
979 3393 1039 3446 τὸ
1059 3393 1117 3446 δὲ
1156 3395 1380 3466 μετέχον
1407 3398 1500 3449 καὶ
1532 3397 1759 3465 ἀγαθοῦ,

179 3476 331 3529 κατὰ
361 3477 424 3530 τὸ
444 3478 664 3546 ἀγαθὸν,
702 3482 798 3534 καὶ
818 3482 935 3534 καθ’
956 3483 1078 3536 ὅσον
1109 3484 1323 3555 μετέχει
1352 3485 1445 3539 τοῦ
1471 3487 1696 3555 ἀγαθοῦ,
1727 3489 1758 3560 ἦ

181 3567 392 3638 μᾶλλον
414 3569 445 3640 ἦ
469 3564 631 3642 ἦττόν
665 3574 802 3635 ἐστι⁹
825 3575 918 3627 καὶ
940 3576 997 3627 ὲν
1012 3579 1126 3640 τοῖς
1149 3573 1297 3632 οῦσίν
1323 3579 1488 3632 ἐστιν.
1532 3580 1761 3652 Ὁμοίως

177 3657 351 3712 πάλιν
373 3660 464 3713 καὶ
495 3659 589 3714 ἐπὶ
617 3660 710 3714 τοῦ
739 3662 867 3714 αὐτὸ
901 3659 1039 3716 εἶναι
1061 3664 1201 3718 κατά
1225 3665 1495 3736 ἀπόφασιν
1519 3684 1532 3697 ο
1559 3668 1618 3719 τὸ
1653 3669 1762 3742 γάρ

181 3749 416 3822 μηδαμῆ
449 3751 711 3823 μηδαμῶς
732 3752 822 3817 ὃν,
847 3753 983 3828 ὅπερ
1019 3753 1084 3806 ἂν
1123 3753 1217 3810 καὶ
1251 3753 1458 3824 λέγοιτο
1504 3758 1598 3813 καὶ
1632 3761 1762 3816 αὑτὸ

174 3839 324 3895 εἶναι
348 3843 485 3897 κατά
509 3844 800 3913 ἀπόφασιν,
825 3846 922 3900 οὑκ
946 3844 1118 3900 ἔσται.
1155 3846 1228 3899 Τὸ
1258 3845 1312 3899 δὲ
1345 3847 1422 3922 πῆ
1453 3848 1550 3919 μὲν
1575 3848 1652 3911 ὃν,
1685 3849 1759 3919 πῆ

174 3933 237 3987 δὲ
273 3933 350 4004 μὴ
373 3933 452 3996 ὃν,
481 3934 600 3993 καθ’
629 3938 751 3989 ὅσον
784 3936 877 3989 τοῦ
912 3936 1080 4001 ὅντως
1138 3935 1289 4001 ὄντος
1341 3937 1758 4004 ἀποπέπτωκεν,

174 4027 286 4080 οὐκ
315 4027 430 4079 ἔστι
461 4028 551 4084 καὶ
576 4030 634 4081 ὲν
662 4028 739 4099 τῷ
769 4029 948 4093 ποσῶς
976 4025 1115 4083 εἶναι
1136 4070 1149 4094 ,
1184 4031 1276 4089 καὶ
1307 4029 1367 4084 τὸ
1401 4031 1474 4106 μὴ
1506 4031 1564 4084 ὃν
1591 4030 1759 4085 αὑτοῦ

174 4119 552 4188 διακρατεῖται
577 4121 668 4173 καὶ
709 4121 1066 4187 διασώζεται·
1116 4123 1275 4176 τοῦτο
1323 4123 1433 4196 γὰρ
1475 4125 1630 4194 ἔλεγε
1666 4124 1761 4183 καὶ

175 4212 472 4284 πρότερον,
497 4214 579 4266 ὅτι
610 4214 701 4266 καὶ
749 4212 816 4266 τά
862 4215 1201 4286 ἐστερημένα
1242 4215 1472 4286 δυναμοῖ
1514 4217 1654 4272 κατά
1700 4220 1761 4272 τὸ

172 4304 322 4368 ὅλως
344 4299 500 4356 εἶναι.
533 4303 605 4356 Τὸ
629 4303 758 4369 γοῦν
780 4305 956 4375 πάντη
987 4307 1155 4360 κακὸν
1187 4307 1286 4360 ούκ
1317 4305 1430 4359 ἔστι
1456 4323 1469 4336 ’
1520 4308 1580 4360 τὸ
1597 4308 1654 4363 δὲ
1683 4310 1759 4381 πῆ

176 4399 288 4470 μὲν
317 4398 536 4467 ἀγαθὸν,
561 4400 634 4471 πῆ
659 4400 715 4453 δὲ
737 4401 835 4453 οὐκ
857 4401 1077 4470 ἀγαθὸν,
1105 4401 1262 4464 τοῦτό
1290 4403 1405 4454 ἐστι
1425 4419 1487 4455 το
1527 4419 1632 4455 τινι
1660 4420 1761 4473 μα-

1702 3127 1830 3203 ἕνα

1872 531 2049 584 calida
2091 544 2210 597 quae
2242 528 2507 582 calefacta
2531 537 2678 595 sunt,
2713 539 2768 582 et
2811 527 3016 596 frigore
3046 526 3188 580 nivis
3221 524 3446 594 frigida,

1873 637 1990 691 qua:
2017 619 2300 691 frigelacta
2333 629 2482 674 sunt.
2520 619 2588 672 Et
2619 634 2836 674 rursum
2860 618 2965 672 alia
2995 626 3142 680 sunt,
3172 631 3292 683 qua:
3319 619 3443 669 dum

1871 717 2083 785 aliquos
2102 715 2321 768 habitus
2351 729 2456 767 non
2483 711 2838 782 participant,
2868 721 3044 764 tamen
3071 717 3365 764 servantur
3391 718 3446 764 et

1872 806 2165 860 exsistunt.
2194 803 2336 868 Ouot
2361 806 2507 858 enim
2529 819 2617 859 res
2644 813 2769 858 sunt
2789 803 2911 856 vitae
2937 803 3239 871 mentisque
3255 816 3448 870 etper-

1873 909 1976 962 tes,
2007 909 2251 952 attamen
2303 907 2451 962 sunt,
2495 896 2726 966 lapides,
2751 905 2805 951 et
2837 896 3057 964 stirpes,
3106 904 3160 950 et
3206 892 3446 949 similia?

1871 992 2005 1048 Veni
2035 992 2197 1046 etiam
2227 990 2295 1046 ad
2327 991 2506 1058 ipsum
2547 989 2748 1055 Deum;
2774 1004 2804 1043 a
2829 989 3135 1044 substantia
3161 996 3446 1055 exemptus

1871 1094 1974 1149 est,
2007 1093 2063 1138 et
2092 1092 2177 1139 est
2204 1081 2776 1153 supersubstantialis.
2801 1081 2866 1134 Et
2890 1079 3215 1150 simpliciter
3242 1081 3293 1133 in
3325 1078 3447 1134 aliis

1870 1175 2112 1244 quidem,
2150 1174 2236 1230 vel
2261 1173 2486 1228 absente
2528 1174 2692 1228 etiam
2739 1170 2928 1226 habitu
2964 1170 3048 1224 vel
3100 1186 3204 1227 non
3259 1170 3445 1234 insito,

1870 1283 1991 1324 esse
2031 1269 2232 1338 aliquid
2264 1278 2318 1325 et
2348 1267 2651 1323 subsistere
2675 1274 2884 1338 potest;
2920 1266 3064 1334 quod
3107 1278 3237 1318 vero
3268 1263 3447 1319 omni-

1871 1364 2032 1414 modo
2057 1361 2200 1416 bono
2225 1361 2497 1428 privatqu
2525 1368 2632 1422 est,
2678 1368 2935 1428 tanquam
2963 1372 3060 1426 per
3107 1370 3165 1410 se
3217 1354 3445 1417 malum,

1871 1468 2212 1523 nequaquam
2257 1452 2521 1509 exsistere
2551 1460 2750 1520 potest.
2790 1450 2950 1507 Ponit
2995 1450 3161 1519 igitur
3211 1446 3446 1516 exempli

1871 1546 2046 1616 gratia
2078 1546 2553 1615 intemperantem,
2585 1545 2681 1615 qui
2713 1552 2983 1614 quatenus
3028 1542 3149 1598 Inali
3179 1541 3448 1609 particeps

1870 1647 1975 1702 est,
2009 1652 2186 1707 neque
2203 1647 2308 1703 est,
2336 1650 2512 1706 neque
2537 1637 2760 1697 omnino
2789 1635 3083 1704 quidquam
3113 1631 3448 1701 concupiscit

1871 1728 2082 1799 (qualis
2117 1727 2262 1783 enim
2296 1743 2451 1782 amor
2484 1739 2592 1792 est,
2619 1726 2746 1782 talia
2778 1733 2833 1780 et
2876 1725 2966 1782 illa
3000 1739 3120 1795 qua:
3155 1723 3443 1793 amantur)

1870 1819 2031 1874 simul
2058 1828 2237 1877 tamen
2263 1818 2558 1874 secundum
2593 1819 2880 1888 quamdam
2920 1817 3140 1872 unionis
3167 1827 3221 1871 et
3254 1815 3445 1870 amici-

1871 1907 1957 1961 tia:
1987 1906 2228 1977 speciem
2252 1907 2377 1962 boni
2410 1908 2684 1977 particeps
2707 1907 2954 1974 exsistit,
2974 1909 3018 1964 si
3041 1922 3146 1961 non
3173 1908 3444 1964 exsisten—

1871 1997 1962 2066 tis,
2021 1999 2212 2062 saltem
2271 2000 2614 2074 apparentis;
2657 2000 2762 2056 boc
2810 2000 2955 2054 enim
3014 2008 3100 2055 est
3148 2000 3443 2073 obscurum

1868 2094 2138 2162 quoddam
2166 2108 2356 2148 eorum
2388 2108 2508 2163 qua:
2555 2102 2682 2148 sunt
2712 2092 2971 2148 amicitia:
3007 2093 3327 2161 vestigium.
3377 2091 3445 2149 Et

1867 2185 1958 2254 qui
1984 2185 2268 2241 iracundia
2295 2183 2565 2252 abutitur,
2594 2187 2876 2256 particeps
2909 2199 3028 2241 esse
3060 2186 3187 2242 boni
3220 2185 3443 2249 dicitur,

1867 2279 1920 2335 in
1951 2289 2214 2348 quantum
2247 2289 2495 2336 movetur
2537 2279 2608 2334 ad
2636 2279 2959 2350 corrigenda
2988 2279 3075 2335 illa
3107 2295 3227 2351 quae
3256 2281 3446 2346 viden:

1867 2383 1958 2428 tur
1986 2372 2152 2428 mala.
2193 2373 2285 2428 Sic
2323 2373 2446 2428 etis
2487 2373 2578 2444 qui
2630 2373 2983 2429 deterrimam
3011 2374 3176 2428 vitam
3217 2375 3445 2448 expetit,

1865 2465 1992 2522 boui
2024 2466 2295 2536 particeps
2325 2467 2561 2533 exsistit,
2586 2467 2638 2521 in
2671 2477 2938 2539 quantum
2969 2468 3120 2536 cupit
3155 2467 3322 2522 vitam
3348 2482 3446 2538 0p-

1868 2559 2054 2614 titnatn
2089 2559 2194 2630 ipsi
2221 2559 2419 2616 visam.
2484 2560 2549 2614 Et
2599 2561 2691 2630 qui
2735 2560 2933 2616 malum
2983 2561 3335 2634 aggreditur,
3387 2562 3444 2619 in

1865 2659 2128 2721 quantum
2161 2651 2378 2706 videtur
2405 2653 2608 2706 bonum
2638 2667 2826 2728 agere,
2867 2651 3070 2707 bonum
3122 2654 3441 2724 participat,

1862 2741 1940 2808 ita
1973 2753 2033 2800 ut
2057 2741 2355 2806 sivomnino
2377 2743 2579 2798 bonum
2611 2742 2902 2799 sustuleris
2928 2783 2943 2808 ,
2978 2743 3161 2800 omnia
3206 2744 3444 2801 sustule-

1864 2837 1961 2897 ris.
1988 2837 2055 2898 Et
2085 2838 2228 2906 quod
2253 2855 2320 2892 ex
2349 2837 2704 2906 corruptione
2729 2837 2824 2892 ﬁat
2853 2838 3154 2910 generatio,
3178 2839 3254 2893 uti
3282 2852 3445 2908 supe-

1864 2929 1979 2986 rius
2007 2930 2162 2996 dixit,
2190 2945 2297 2985 non
2335 2939 2418 2985 est
2447 2930 2572 2983 mali
2603 2932 2703 2995 vis,
2735 2930 2830 2985 sed
2863 2929 3088 2984 minoris
3118 2929 3244 2984 boni
3269 2929 3435 2984 victo-

1864 3023 1964 3077 ria.
2000 3022 2156 3077 Sicut
2185 3023 2348 3077 etiam
2384 3025 2588 3078 sanitas
2620 3025 2758 3079 ordo
2782 3033 2867 3080 est
2890 3033 2944 3080 et
2975 3026 3447 3080 commensuratio

1866 3116 2170 3187 ternperiei,
2215 3115 2440 3171 morbus
2478 3130 2608 3171 vero
2635 3114 2880 3171 defectus
2933 3116 3241 3172 istiusmodi
3289 3117 3436 3173 ordio

1865 3212 1972 3276 nis,
2003 3217 2378 3263 verumtamen
2411 3224 2520 3262 non
2553 3209 2818 3276 universi,
2862 3209 2956 3266 sed
2991 3209 3261 3280 alicujus:
3310 3227 3438 3264 nam

1864 3301 1907 3354 si
1937 3300 2183 3356 defectus
2211 3307 2356 3356 esset
2384 3301 2626 3355 universi
2656 3301 2889 3366 ordinis,
2931 3301 3133 3355 animal
3162 3302 3439 3370 interiret,

1862 3401 1916 3447 ct
1947 3393 2166 3447 morbus
2199 3408 2304 3448 non
2356 3391 2700 3447 subsisteret.
2731 3390 2829 3446 Est
2862 3392 3046 3462 itaque
3091 3392 3316 3447 morbus
3345 3393 3443 3447 ab-

1863 3486 2039 3540 sentia
2067 3485 2345 3549 sanitatis,
2379 3501 2480 3555 pro
2512 3493 2654 3540 statu
2680 3484 2888 3553 habens
2915 3487 3197 3541 minimam
3225 3487 3438 3541 consti-

1865 3578 2172 3643 tutionem;
2228 3577 2332 3632 nisi
2393 3578 2538 3634 enim
2592 3580 2800 3636 sanitas
2867 3582 3174 3650 aufugeret,
3218 3580 3442 3633 morbus

1863 3684 1969 3722 non
2011 3667 2351 3736 subsisteret,
2386 3670 2476 3740 qui
2510 3671 2763 3725 consistit
2811 3670 2864 3724 in
2902 3669 3116 3726 defectu
3171 3670 3440 3724 constitu-

1864 3760 2066 3827 tionis,
2108 3774 2284 3828 neque
2317 3761 2524 3814 sanitas
2554 3776 2581 3814 a
2642 3762 2834 3815 morbo
2881 3769 3132 3829 superata
3187 3758 3436 3823 abesset;

1865 3867 1990 3905 nam
2037 3851 2118 3906 sic
2150 3853 2315 3906 etiam
2369 3851 2592 3906 morbus
2639 3855 2872 3923 primum
2910 3852 3157 3906 ordinem
3188 3850 3435 3905 haberet.

1863 3941 2062 3997 Verum
2093 3943 2318 3996 morbus
2350 3954 2432 3996 est
2477 3944 2711 4011 privatio
2743 3945 3013 4010 sanitatis,
3043 3943 3247 3997 idcirco
3272 3943 3438 3996 etiam

1863 4033 1998 4086 dixit
2029 4035 2490 4106 παρυφισταμένη
2519 4035 2605 4104 (id
2631 4045 2714 4088 est
2746 4035 2874 4103 quid
2910 4035 3090 4087 minus
3115 4049 3276 4102 quam
3310 4034 3440 4086 sub-

1863 4123 2138 4192 sistens;)
2176 4124 2444 4193 siquidem
2479 4140 2587 4179 non
2630 4124 2794 4180 habet
2841 4125 3278 4191 subsistentiam,
3343 4125 3438 4186 sed

1862 4218 2015 4284 quasi
2042 4218 2452 4274 subsistentiam
2469 4219 2628 4293 41],
2655 4221 2710 4275 ἰιι
2734 4221 2839 4276 hoc
2862 4222 3003 4290 quod
3031 4221 3173 4276 absit
3196 4221 3436 4285 sanitas;

1862 4309 2006 4364 sicut
2025 4310 2263 4365 tenebrae
2281 4311 2420 4368 lucis
2439 4315 2818 4368 subtractione
2839 4313 3240 4382 quodammodo
3263 4313 3443 4367 subsi-

1864 4411 2036 4456 stunt.
2059 4403 2652 4474 Quoditaqucomnino
2676 4407 3135 4477 boniexpersest,
3178 4423 3282 4460 non
3318 4409 3439 4459 exi-

172 4493 417 4562 χύμενον
443 4490 649 4562 ἀγαθῷ,
683 4496 962 4563 κρατεῖται
988 4492 1045 4551 δὲ
1082 4492 1174 4547 καὶ
1193 4493 1325 4545 αὐτὸ
1349 4494 1442 4549 καὶ
1482 4493 1762 4563 συνέχεται

1869 4494 1994 4560 stit;
2025 4497 2166 4563 quod
2197 4506 2378 4551 autem
2417 4497 2544 4552 boni
2575 4499 2848 4568 particeps
2881 4508 2986 4566 εει,
3013 4500 3309 4554 secundum
3341 4499 3438 4552 bo-

170 4582 335 4654 παρά
356 4581 450 4634 τοῦ
474 4583 675 4652 ἀγαθοῦ
694 4588 760 4657 τῇ
787 4584 977 4649 ποσῶς.
998 4587 1258 4659 μετουσίᾳ
1281 4585 1470 4644 αὑτοῦ.
1501 4586 1620 4640 Κᾶν
1649 4585 1760 4657 γὰρ

167 4677 280 4748 τὴν
306 4674 509 4730 δειλίαν
545 4676 735 4741 εἴποις,
766 4677 873 4731 ,κᾶν
893 4677 954 4732 τὸ
984 4678 1200 4749 θράσος,
1224 4679 1406 4752 έχουσι
1451 4679 1543 4732 καὶ
1588 4679 1760 4732 ταῦτα

168 4771 233 4836 ἐξ
261 4768 474 4838 ἀγαθοῦ
523 4772 712 4840 μοῖραν
734 4787 747 4799 ο
773 4771 931 4849 ημὲν
969 4772 1029 4823 τὸ
1076 4773 1431 4850 προνοητικὸν
1467 4773 1560 4824 καὶ
1607 4771 1756 4839 φιλό-

168 4862 337 4926 ζωον,
363 4861 425 4913 τὸ
452 4860 794 4936 δὲτολμηρὸν
840 4861 933 4927 καὶ
979 4863 1115 4934 πρὸς
1148 4863 1273 4925 τοὺς
1309 4861 1584 4923 κινδύνους
1621 4863 1759 4914 ἕτοι-

169 4971 296 5023 μον.
341 4954 528 5024 Πάντη
562 4954 669 5026 γάρ
714 4956 1036 5019 ἀπελθόντος
1085 4955 1178 5010 τοῦ
1218 4956 1527 5025 ἀγαθοῦ,τὺ
1558 4958 1756 5009 ἐναπο-

169 5048 376 5115 μεῖναν
402 5043 526 5098 οὔτε
559 5045 784 5099 καθόλου
815 5047 1016 5115 ἀγαθὸν
1057 5048 1230 5110 ἔσται,
1252 5047 1376 5100 οὕτε
1402 5049 1610 5120 μικτὸν,
1633 5045 1754 5107 οὔτε

169 5139 286 5208 μὴν
318 5136 644 5191 αύτόκακον.
670 5138 749 5191 Τά
789 5140 918 5210 γοῦν
958 5141 1051 5193 δύο
1093 5140 1428 5212 παρέδραμε.
1477 5139 1600 5202 Πῶς
1648 5137 1756 5207 γὰρ

161 5230 407 5284 καθόλου
432 5230 584 5282 ἔσται
608 5233 826 5301 ἀγαθὸν,
857 5234 916 5299 ἐξ
957 5229 1125 5304 οὗπερ
1164 5232 1368 5303 ἀπῆλθε
1405 5231 1465 5283 τὸ
1501 5229 1754 5292 παντελὲς

159 5326 414 5396 ἀγαθόν;
449 5322 566 5388 πιῖις
587 5325 643 5376 δὲ
668 5325 828 5384 πάλιν
843 5327 1141 5388 αύτόκακον
1168 5325 1338 5390 ἔσται,
1366 5325 1552 5396 ἐπειδὴ
1581 5324 1755 5378 πάντα

158 5423 235 5476 τὰ
271 5420 408 5473 ὄντα
430 5417 523 5472 τοῦ
552 5419 756 5486 ἀγαθοῦ
791 5420 1084 5491 μετέχοντά
1106 5423 1211 5473 εἰσι
1237 5436 1250 5483 ;
1281 5418 1438 5471 τοῦτο
1467 5419 1522 5471 δὲ
1554 5436 1751 5473 παντε-

161 5515 282 5578 λῶς
317 5514 517 5585 ἀπέχει
535 5512 628 5566 τοῦ
660 5512 884 5582 ἀγαθοῦ.
915 5513 989 5565 Τὸ
1014 5513 1091 5577 δὲ,
1123 5514 1204 5566 ὅτι
1233 5514 1292 5566 ού
1327 5513 1516 5585 μικτὸν
1559 5513 1754 5566 ἐναποι

157 5607 524 5679 λειφθήσεται
544 5608 604 5659 ὲν
629 5609 694 5678 τῇ
725 5605 975 5660 παντελεῖ
1000 5606 1233 5679 ἀπουσίᾳ
1248 5606 1340 5661 τοῦ
1366 5605 1592 5674 ἀγαθοῦ,
1618 5607 1753 5660 ἀπο-

158 5708 418 5764 δείκνυσι
441 5707 617 5776 λέγων
645 5706 817 5772 οὕτως
842 5725 855 5737 ·
891 5711 954 5762 Εἰ
982 5707 1246 5780 δώσομεν,
1277 5709 1359 5762 ὅτι
1376 5711 1433 5762 ὲν
1463 5711 1528 5780 τῇ
1551 5725 1749 5762 παντε-

159 5800 252 5854 λεῖ
280 5801 524 5870 ἀπουσίᾳ
550 5800 646 5856 τοῦ
669 5800 876 5871 ἀγαθοῦ
899 5801 959 5855 τὸ
979 5803 1339 5874 ὲναπομείναν
1368 5801 1536 5856 κακὸν
1562 5801 1750 5866 ἀτελές

1863 4599 2012 4649 ηυιιι,
2041 4595 2094 4639 ει
2122 4586 2171 4639 in
2189 4595 2450 4655 quantum
2478 4588 2604 4642 boni
2626 4589 2899 4659 particeps
2927 4599 3031 4654 est,
3060 4590 3142 4644 vel
3167 4589 3340 4659 majus
3356 4592 3438 4645 vel

1863 4677 2041 4730 minus
2059 4678 2190 4746 quid
2205 4681 2440 4748 exsistit,
2457 4681 2584 4734 et’in
2607 4680 2767 4735 rebus
2782 4691 2884 4735 est.
2904 4681 3079 4738 Simili
3098 4683 3253 4736 modo
3269 4684 3437 4749 etiam

1861 4770 2002 4825 ineo
2019 4773 2160 4841 quod
2179 4774 2378 4827 dicitur
2397 4774 2569 4843 ipsum
2590 4789 2708 4833 esse
2727 4791 2823 4845 per
2840 4775 3252 4830 allirmationem
3275 4794 3290 4842 ;
3314 4795 3436 4832 nam

1859 4864 2003 4931 quod
2034 4877 2373 4931 nequaquam
2399 4881 2629 4935 usquam
2646 4875 2752 4932 est,
2787 4868 3002 4921 tametsi
3033 4869 3196 4920 etiam
3225 4868 3438 4923 dicere-

1861 4964 1945 5007 tur
1981 4955 2153 5024 ipsum
2178 4970 2296 5011 esse
2323 4971 2420 5025 per
2445 4956 2887 5026 afﬁrmationem,
2920 4975 3263 5028 nequaquam
3302 4963 3432 5018 erit.

1858 5049 2011 5114 Quod
2035 5059 2218 5103 autem
2269 5053 2467 5120 partim
2497 5053 2717 5124 quidem
2756 5063 2861 5116 est,
2899 5055 3098 5123 partim
3131 5067 3262 5107 vero
3322 5071 3431 5110 non

1856 5153 1963 5207 est,
1996 5143 2049 5197 id
2072 5151 2340 5212 quatenus
2364 5147 2432 5198 ab
2473 5160 2538 5199 eo
2568 5147 2711 5215 quod
2744 5160 2871 5199 vere
2901 5157 2986 5201 est
3034 5147 3260 5208 decidit,
3319 5165 3425 5204 non

1855 5245 1940 5290 est
1974 5237 2140 5290 etiam
2172 5238 2255 5297 vel
2291 5239 2516 5308 aliquali
2558 5239 2742 5304 modo,
2775 5248 2832 5299 ει
2861 5254 3096 5299 non-ens
3124 5240 3295 5307 ipsius
3339 5258 3431 5294 su-

1854 5340 2080 5398 peratur
2109 5342 2270 5401 atque
2293 5343 2570 5398 servatur;
2613 5347 2740 5386 nam
2777 5332 2879 5389 hoc
2918 5333 3106 5398 etiam,
3133 5334 3432 5401 priusdixit

1855 5423 1999 5491 quod
2034 5425 2197 5478 etiam
2234 5426 2570 5493 privationes
2593 5427 3120 5480 roboretsecundurn
3151 5426 3293 5495 quod
3313 5441 3429 5479 om-

1853 5517 1983 5573 nino
2037 5526 2184 5571 sunt.
2229 5517 2380 5586 Quod
2435 5520 2618 5588 itaque
2674 5533 2900 5586 prorsus
2938 5519 3136 5573 malum
3171 5529 3275 5582 est,
3323 5533 3426 5574 nec

1852 5619 1938 5665 est
1993 5610 2210 5683 quidem
2245 5625 2255 5659 :
2293 5612 2436 5680 quod
2474 5620 2651 5664 autem
2696 5614 2894 5682 partim
2941 5612 3159 5680 quidem
3201 5611 3426 5678 bonum,

1854 5704 2051 5771 partim
2120 5718 2249 5758 vero
2322 5719 2429 5758 non
2497 5705 2702 5759 bonum
2769 5715 2872 5770 est,
2930 5706 3033 5759 hoc
3104 5704 3262 5759 alicui
3327 5707 3429 5758 bo-

1854 5813 1924 5854 no
1968 5798 2306 5865 adversatur,
2358 5808 2730 5854 verumtamen
2799 5807 3085 5866 superatur
3146 5805 3199 5851 et
3256 5800 3429 5853 conti-
