4176 6308
732 321 827 377 791

1908 316 1964 372 s.
2000 312 2301 369 momsu
2336 301 2797 370 ABEOPAGITAZ

3902 311 4009 366 τετε

732 446 891 491 neutr
942 452 968 487 a
1036 436 1174 509 bono
1266 432 1481 503 aliquali
1539 432 1656 505 ejus
1707 432 2147 502 participatione.
2196 430 2311 484 Etsi

2425 431 2565 484 ἐστιν
2590 431 2811 499 ἀγαθὸν,
2851 429 3001 500 μένει
3026 428 3209 483 λοιπὸν
3235 431 3292 483 ὲν
3329 428 3473 499 αὐτῷ
3508 447 3560 483 τι
3600 430 3838 499 ἀγαθόν·
3886 431 4007 484 ἀλλ’

732 517 879 581 enim
928 507 1426 597 pusillanlmitatem
1482 536 1663 580 autem
1727 512 2016 579 audaciam
2076 523 2304 586 dixeris,

735 607 940 673 habent
987 620 1148 673 etiam
1208 620 1324 673 haec
1383 619 1689 687 portionem
1742 617 1977 686 aliquam
2027 618 2178 679 boni,
2220 614 2309 667 illa

732 712 953 783 quidem
1013 712 1421 779 providentiam
1451 719 1506 765 et
1548 725 1789 763 amorem
1841 711 1986 775 vitm,
2034 712 2145 765 haec
2184 724 2313 765 vero

734 788 1115 861 strenuitatem
1156 815 1208 859 et
1246 805 1313 859 ad
1344 802 1584 873 pericula
1624 804 2129 873 promptitudinem.
2166 803 2313 857 Bono

738 897 882 950 enim
912 912 1135 964 prorsus
1164 897 1484 963 decedente,
1511 895 1564 949 id
1591 896 1735 965 quod
1773 906 2013 951 remanet
2046 912 2147 950 nec
2196 912 2313 950 om-

736 990 865 1059 nino
896 990 1096 1041 bonum
1128 990 1253 1049 erit,
1292 1002 1471 1057 neque
1510 987 1757 1050 mistum,
1811 999 1986 1057 neque
2015 990 2180 1043 etiam
2217 1006 2313 1057 per

738 1089 796 1135 se
828 1081 1049 1133 malum“.
1100 1080 1213 1135 Duo
1255 1080 1421 1149 igitur
1464 1090 1777 1148 percurret.
1837 1080 2117 1148 Quomodo
2167 1085 2311 1137 enim

736 1160 961 1229 omnino
998 1178 1104 1231 erit
1140 1175 1369 1239 bonum,
1424 1190 1452 1229 a
1488 1192 1598 1245 quo
1646 1177 1886 1231 decessit
1940 1177 2310 1231 omnimodum

2414 522 2505 579 οὖν
2536 528 2592 579 ὲν
2616 530 2681 597 τῇ
2708 525 2961 579 παντελεῖ
2974 525 3209 596 ἀπουσίᾳ
3234 526 3326 578 τοῦ
3360 526 3563 595 ἀγαθοῦ
3588 527 3681 579 καὶ
3701 526 3761 579 τὸ
3790 526 4011 579 τέλειον

2414 619 2507 673 καὶ
2528 619 2585 671 τὸ
2609 618 2796 683 ἀτελὲς
2820 618 3086 682 ἀπέσται,
3126 618 3218 670 καὶ
3260 617 3377 682 πῶς
3418 618 3565 671 ἔσται
3609 617 3767 671 τοῦτο
3809 617 4011 681 ἀτελὲς

2415 712 2617 780 ἀγαθάν
2643 729 2656 777 ;
2680 713 2801 764 τότε
2828 711 2937 783 γὰρ
2982 688 3479 782 μόνον’ὀφθήσεται
3526 710 3588 763 τὸ
3616 710 3785 764 κακὸν
3808 711 4012 774 ἀτελὲς

2416 806 2638 874 ἀγαθὸν,
2672 807 2759 858 ὅτε
2778 807 2836 857 οὐ
2860 805 3067 873 γίνεται
3098 804 3362 875 παντελὴς
3388 803 3617 857 ἀπουσία
3648 803 3741 856 τοῦ
3765 803 4009 872 ἀγαθοῦ.

2431 897 2587 950 Ἀλλά
2608 897 2669 950 τὸ
2691 896 2927 950 τοιοῦτον
2950 898 3063 959 τοῖς
3084 896 3180 965 μὲν
3204 894 3312 948 τῶν
3336 894 3551 962 ἀγαθῶν
3565 894 3639 958 ὡς
3656 895 3823 947 κακὸν
3849 893 4014 945 ὲναν-

2417 991 2645 1054 τιοῦται,
2672 990 2781 1043 τῶν
2813 990 2868 1042 δὲ
2890 990 2964 1053 ὡς
2987 989 3187 1057 ἀγαθὸν
3226 988 3516 1060 ἐξήρτηται
3536 1006 3547 1017 ·
3595 988 3869 1058 μάχεσθαι
3897 992 4011 1055 γὰρ

2416 1085 2473 1135 ὲν
2504 1084 2635 1136 πᾶσι
2658 1083 2724 1136 τὰ
2748 1082 2886 1137 αὑτά
2914 1083 3052 1136 κατὰ
3077 1082 3144 1135 τὰ
3166 1082 3304 1135 αὑτά
3325 1080 3600 1134 ἀδύνατον.
3640 1083 3756 1134 Οὐκ
3792 1080 3909 1149 ἄρα
3950 1080 4012 1131 ὃν

2418 1177 2477 1229 τὸ
2508 1176 2829 1229 αὐτόκακον.

738 1268 971 1323 bonum?
1034 1270 1306 1336 quomodo
1338 1283 1469 1322 vero
1546 1270 1741 1322 iterum
1790 1284 1889 1337 per
1917 1284 1973 1323 se
2007 1269 2205 1322 malum
2263 1269 2389 1333 erit,
2430 1285 2551 1324 cum
2582 1272 2760 1323 omnia
2802 1285 2921 1337 quae
2953 1279 3079 1323 sunt
3132 1271 3332 1323 bonum
3365 1266 3726 1339 participem?
3756 1268 3867 1320 hoc
3902 1278 4011 1317 au-

740 1368 845 1412 tem
880 1358 1197 1413 οηιηίιιιοᾱε
1216 1359 1372 1413 abest
1413 1374 1442 1412 a
1470 1360 1630 1413 bono.
1663 1359 1816 1424 Quod
1852 1375 1981 1414 vero
2005 1375 2181 1429 neque
2239 1362 2458 1415 mistum
2494 1362 2621 1430 quid
2657 1361 2935 1416 residuum
2991 1363 3097 1415 erit
3134 1363 3187 1416 in
3241 1362 3549 1415 omnimoda
3616 1360 3741 1413 boni
3799 1360 4011 1412 absen-

736 1465 833 1514 tia,
866 1454 1104 1505 Ostendit
1136 1454 1212 1505 sic
1263 1450 1450 1507 dicens
1496 1469 1509 1505 :
1562 1452 1618 1505 Si
1671 1453 1862 1507 demus
1920 1453 1973 1507 in
2018 1455 2329 1509 omnimoda
2394 1454 2518 1509 boni
2576 1454 2846 1519 absentia,
2884 1455 3082 1509 malum
3134 1457 3278 1524 quod
3334 1462 3575 1509 remanet
3620 1451 4010 1521 imperfectum

739 1541 862 1595 cisse
888 1544 1111 1597 bonum.
1142 1544 1379 1597 manebit
1415 1544 1465 1597 in
1502 1545 1617 1613 ipso
1655 1546 1931 1599 residuum
1980 1547 2198 1614 aliquod
2226 1548 2457 1614 bonum;
2513 1548 2661 1616 atqui
2712 1546 2768 1602 in
2836 1548 3146 1602 omnimoda
3202 1547 3331 1601 boni
3388 1546 3654 1609 absentia,
3690 1553 3800 1597 tam
3853 1543 4011 1611 quod

740 1630 1039 1699 perlectum
1089 1646 1250 1696 quam
1284 1632 1424 1705 quod
1466 1632 1847 1701 imperfectum
1892 1644 1975 1688 est
2008 1636 2206 1699 aberit,
2260 1634 2528 1704 quomodo
2576 1650 2702 1705 ergo
2742 1636 2848 1689 erit
2888 1636 2991 1691 hoc
3038 1636 3409 1705 imperfectum
3436 1634 3671 1690 bonum?
3700 1642 3827 1687 tunc
3856 1634 4009 1686 enim

742 1734 949 1807 tantum
979 1724 1261 1793 apparebit
1292 1713 1488 1779 maium
1534 1728 1911 1797 imperfectum
1946 1731 2168 1796 bonum,
2206 1732 2419 1801 quando
2456 1747 2561 1784 non
2600 1741 2682 1785 est
2710 1731 3022 1785 omnimoda
3048 1731 3177 1785 boni
3206 1730 3475 1783 absentia.
3500 1728 3605 1782 Sed
3662 1730 3714 1782 id
3748 1727 3901 1797 quod
3922 1736 4011 1779 est

742 1817 1032 1892 ejusmodi,
1063 1819 1381 1886 quibusdam
1414 1820 1629 1886 quidem
1659 1822 1814 1875 bonis
1842 1832 2097 1893 tanquam
2126 1824 2322 1878 malum
2350 1823 2749 1891 adversabitur,
2803 1824 2870 1877 ab
2906 1824 3028 1878 aliis
3061 1832 3241 1877 autem
3283 1833 3539 1889 tanquam
3576 1820 3773 1873 bonum
3802 1819 4011 1873 eximi-

743 1905 864 1977 tur;
904 1923 1175 1981 nequeunt
1208 1915 1345 1966 enim
1385 1914 1569 1970 eadem
1602 1916 1906 1969 secundum
1939 1918 2126 1972 eadem
2166 1920 2309 1973 inter
2330 1921 2458 1975 sein
2484 1920 2732 1975 omnibus
2758 1934 3017 1988 pugnare.
3040 1917 3154 1973 Non
3180 1933 3311 1985 ergo
3330 1916 3545 1971 exsistit
3572 1930 3666 1982 per
3681 1929 3740 1970 se
3776 1914 4008 1968 malum.

830 2005 1028 2080 ςχΧι.
1074 2008 1212 2074 Quin
1250 2024 1314 2061 ne
1340 2010 1555 2077 quidem
1608 2021 1691 2065 est
1737 2013 1789 2067 in
1848 2013 2032 2081 rebus,
2100 2017 2173 2069 uti
2225 2016 2318 2069 de-

2500 2016 2526 2089 §
2561 2014 2704 2069 XXI.
2765 2016 2903 2068 Ἀλλ’
2927 2016 3047 2069 οὐδὲ
3074 2018 3130 2067 ὲν
3165 2017 3277 2077 τοῖς
3319 2010 3467 2066 οὖσίν
3504 2016 3637 2073 ἐστι,
3667 2010 3850 2072 καθὼς
3882 2011 4011 2063 ἀτω-

745 2100 1074 2155 monstrabit
1116 2114 1212 2168 per
1268 2100 1638 2171 syllogismum
1697 2102 2317 2178 liypotlieticum,412

743 2194 1129 2265 conjunctione
1153 2192 1503 2260 disiunctiva.
1537 2196 1594 2250 Si
1619 2196 1761 2249 enim
1796 2197 1848 2249 in
1882 2199 2043 2252 rebus
2068 2201 2321 2253 omnibus

744 2280 815 2335 sit
845 2286 1069 2347 bonum,
1110 2283 1310 2337 malum
1343 2284 1425 2339 vel
1450 2283 1504 2336 iu
1540 2285 1700 2339 rebus
1732 2298 1838 2340 non
1871 2287 1999 2351 erit,
2027 2288 2113 2342 vel
2153 2288 2195 2341 si
2227 2288 2319 2353 sit,

745 2378 797 2429 in
832 2374 1108 2456 bouo‘est;
1146 2376 1237 2431 sed
1263 2376 1363 2431 hoc
1393 2378 1731 2446 impossibile
1760 2389 1844 2433 est
1877 2388 1934 2432 ut
1958 2380 2028 2433 sit
2060 2380 2112 2434 in
2139 2382 2312 2444 bono;

744 2487 875 2539 ergo
914 2471 1162 2538 sequitur
1192 2470 1319 2523 illud
1350 2470 1522 2539 prius,
1576 2473 1717 2540 quod
1778 2489 1883 2526 non
1918 2474 1989 2527 sit
2030 2474 2226 2527 malum
2270 2474 2319 2529 in

747 2554 931 2616 rebus.
983 2563 1336 2629 Assumptum
1388 2562 1577 2632 itaque
1622 2549 1911 2617 continuat
1953 2566 2022 2619 ab
2053 2566 2319 2635 exemplo,

732 2656 933 2709 .dicens
960 2668 975 2705 :
1003 2650 1187 2721 Neque
1218 2656 1359 2709 enim
1394 2656 1446 2709 in
1473 2656 1597 2725 igne
1624 2653 1801 2725 l'rigus
1825 2667 1931 2723 est,
1986 2672 2083 2711 nec
2126 2660 2323 2724 depra-

747 2747 895 2814 yatio
924 2746 977 2801 in
1011 2761 1075 2800 eo
1103 2748 1248 2816 quod
1277 2748 1441 2798 etiam
1480 2746 1679 2800 malum
1706 2748 1904 2802 bonum
1938 2748 2136 2803 reddit.
2168 2748 2322 2814 Quod

747 2839 790 2892 si
837 2839 963 2906 erit,
1017 2837 1287 2907 quomodo
1317 2838 1419 2890 erit
1461 2838 1511 2890 in
1556 2838 1695 2892 hoc?
1751 2841 1794 2893 si
1848 2841 2063 2908 quidem
2109 2857 2175 2895 ex
2208 2844 2323 2911 ipso

749 2930 1151 2999 "quodammodo
1198 2933 1480 2995 subsistat,
1510 2931 1803 2986 absurdum
1838 2934 1887 2985 id
1918 2944 2021 2998 est,
2050 2952 2152 2989 non
2179 2936 2322 2989 enim

746 3008 915 3091 potest
956 3024 1120 3075 arbor
1144 3024 1277 3077 bona
1310 3025 1479 3077 malos
1506 3024 1711 3093 fructu:
1741 3025 1912 3092 facere
1945 3037 1993 3091 ε,
2026 3028 2323 3080 secundum

748 3124 934 3167 sancta
973 3114 1284 3186 Evangelia.
1334 3113 1519 3185 Neque
1546 3118 1709 3168 etiam
1732 3128 1761 3169 ο
1791 3125 1981 3170 contra
2028 3118 2225 3170 bonum
2258 3133 2324 3172 ex

749 3204 892 3259 nian
922 3213 1025 3268 est,
1059 3205 1317 3274 quoniam
1353 3206 1403 3260 id
1437 3206 1701 3261 absonum
1741 3218 1794 3261 et
1839 3207 2172 3276 impossibile
2219 3218 2321 3264 est.

745 3296 846 3349 Sin
878 3307 1058 3353 autem
1085 3313 1193 3353 non
1227 3314 1292 3353 ex
1326 3298 1462 3369 ipso,
1493 3314 1561 3355 ex
1589 3299 1692 3353 alia
1727 3300 1973 3367 profecto
2010 3316 2169 3355 causa
2198 3304 2325 3356 sub-

2419 2108 2583 2171 δείξει
2643 2107 2709 2161 δι’
2754 2106 3075 2163 ὑποθετικοῦ
3134 2103 3488 2173 συλλογισμοῦ
3547 2102 3686 2155 κατά
3737 2102 3829 2154 τὸν
3888 2101 4009 2153 δια-

2421 2199 2704 2263 ζευκτικὸν
2744 2200 3057 2270 σύνδεσμον.
3095 2198 3155 2251 El
3201 2198 3309 2271 γὰρ
3346 2200 3404 2250 ἐν
3458 2198 3588 2249 πᾶσι
3627 2196 3738 2256 τοῖς
3780 2191 3906 2247 οὖσι
3951 2192 4013 2245 τὺ

2420 2293 2622 2361 ἀγαθὸν
2647 2334 2661 2358 ,
2702 2292 2761 2344 τὸ
2791 2293 2958 2345 κακὸν
2991 2292 3023 2362 ἢ
3054 2293 3110 2345 ἐν
3140 2294 3251 2355 τοῖς
3277 2288 3425 2343 οὖσιν
3454 2292 3553 2342 οὐκ
3585 2289 3762 2350 ἕσται,
3795 2286 3827 2359 ἧ
3852 2286 3914 2340 δν
3940 2289 3999 2339 ὲν

2421 2386 2497 2456 τῷ
2524 2385 2712 2457 ἀγαθῷ
2740 2389 2885 2439 ἐστιν
2903 2403 2915 2416 ⁸
2943 2384 3078 2439 ἀλλὰ
3108 2385 3213 2454 μὴν
3241 2384 3396 2441 τοῦτο
3424 2382 3699 2444 ἀδύνατον,
3740 2382 3821 2433 ὅτι
3855 2380 4005 2433 ἐστὶν

2422 2478 2479 2533 ὲν
2506 2478 2585 2549 τῷ
2612 2479 2817 2549 ἀγαθῷ-
2848 2479 2909 2532 τὸ
2938 2480 3199 2549 πρότερον
3223 2479 3349 2547 ἀρα,
3380 2477 3461 2528 ὅτι
3488 2472 3586 2527 οὒκ
3612 2475 3725 2527 ἔστι
3748 2474 3807 2526 τὸ
3838 2472 4011 2525 κακὸν

2422 2564 2481 2619 ὲν
2509 2569 2620 2629 τοῖς
2654 2564 2791 2621 οὖσι.
2843 2565 2951 2639 Τὴν
2992 2567 3121 2636 γοῦν
3159 2565 3461 2636 πρόσληψιν
3501 2561 3901 2626 κατασκευάζει
3946 2565 4013 2615 ὲκ

2424 2660 2883 2732 παραδείγματος,
2910 2660 3081 2729 λέγων
3104 2675 3118 2687 ·
3153 2660 3275 2711 Ὀτι
3300 2660 3392 2711 καὶ
3416 2657 3523 2728 γὰρ
3549 2657 3667 2711 οὐδὲ
3694 2656 3752 2713 ὲν
3771 2655 3849 2725 τῷ
3878 2654 4012 2723 πυρὶ

2422 2751 2483 2803 τὸ
2512 2751 2736 2823 ψυχρὸν,
2775 2752 2894 2804 οὐδὲ
2930 2750 2990 2804 τὸ
3030 2750 3359 2803 κακύνεσθαι
3400 2751 3457 2803 ὲν
3500 2745 3577 2818 τῷ
3616 2750 3705 2807 καὶ
3748 2747 3808 2798 τὸ
3838 2745 4009 2798 κακὸν

2426 2844 2767 2913 ἁγαθύνοντι.
2818 2840 2884 2897 ‘Ei
2916 2844 3027 2915 7&9
3078 2844 3250 2907 ἔσται,
3294 2841 3411 2905 πῶς
3451 2840 3599 2893 ἔσται
3625 2842 3681 2897 ὲν
3709 2837 3925 2906 Iouith;
3956 2836 4007 2887 εἰ

2428 2938 2527 3008 μὲν
2572 2937 2646 3001 ὡς
2684 2936 2742 3003 ἐξ
2785 2936 2946 2991 αὐτοῦ
2984 2934 3223 2987 ὑποστὰν
3263 2935 3479 2997 ἄτοπον,
3520 2932 3592 2984 οὐ
3624 2930 3873 2983 δύναται
3902 2928 4009 2997 7&9

2423 3027 2647 3096 ἀγαθὸν
2668 3025 2919 3093 δένδρον
2942 3024 3205 3094 καρποὺς
3225 3022 3524 3090 πονηροὺς
3545 3019 3757 3083 ποιεῖν,
3783 3021 3925 3072 κατὰ
3940 3018 4011 3071 τὰ

2425 3119 2547 3191 ιερὰ
2571 3117 2894 3187 Εὐαγγὲλια.
2927 3117 3059 3170 Οὐδὲ
3091 3115 3195 3187 μὴν
3216 3115 3276 3167 τὸ
3298 3111 3583 3176 ἀνάπαλιν,
3611 3113 3690 3163 ὃτι
3714 3110 3775 3161 τὸ
3800 3109 4007 3175 ἀγαθὸν

2425 3217 2489 3269 ὲκ
2513 3214 2607 3268 τοῦ
2632 3213 2823 3267 κακοῦ’
2852 3212 2943 3267 καὶ
2968 3210 3124 3264 τοῦτο
3150 3209 3257 3279 7&9
3284 3208 3481 3260 ἄτοπον
3505 3205 3597 3257 καὶ
3630 3203 3910 3258 ἀδύνατον.
3946 3202 4010 3257 Ei

2424 3308 2483 3361 δὲ
2509 3308 2608 3362 οὐκ
2634 3305 2692 3373 ἐξ
2719 3303 2903 3366 αὑτοῦ,
2944 3304 3001 3369 ἐξ
3030 3302 3193 3371 ἄλλης
3218 3298 3455 3370 δηλονότι
3482 3298 3657 3365 αίτίας
3694 3295 4008 3363 ὑφίσταται,

750 3392 931 3460 sistet,
958 3401 1013 3445 et
1039 3405 1165 3446 ecce
1195 3392 1300 3445 duo
1327 3391 1594 3463 principia
1632 3403 1686 3446 et
1712 3408 1911 3447 causae.
1948 3387 2102 3448 Nulla
2139 3407 2319 3447 autem

2427 3401 2519 3453 καὶ
2549 3400 2657 3457 ἰδοὺ
2683 3398 2775 3454 δύο
2801 3396 2965 3468 ἀρχαὶ
2991 3396 3081 3449 καὶ
3106 3393 3293 3448 αίτίαι.
3324 3392 3481 3445 Πᾶσα
3504 3389 3560 3443 δὲ
3586 3389 3715 3451 δυὰς
3743 3389 3842 3440 οὐκ
3863 3387 4009 3438 ἐστιν

752 3482 986 3535 dualitas
1014 3482 1328 3551 principiat,
1381 3482 1477 3537 sed
1501 3482 1680 3537 unitas
1720 3499 1938 3553 quoque
1985 3486 2089 3538 erit
2119 3486 2323 3555 princi-

751 3569 898 3639 pium
936 3570 1229 3626 dualitatis.
1258 3570 1385 3625 Haec
1413 3581 1591 3626 autem
1616 3574 1794 3627 omnia
1834 3574 2089 3629 dicuntur
2136 3587 2323 3629 contra

753 3662 1103 3725 Manichaeos,
1156 3664 1281 3732 quia
1324 3663 1557 3719 dualitas
1608 3680 1715 3719 non
1763 3666 2087 3735 principiat,
2141 3668 2326 3722 unitas

756 3765 936 3807 autem
963 3755 1143 3808 omnis
1174 3754 1456 3810 dualitatis
1498 3757 1823 3824 principium
1854 3759 2087 3812 exsistit.
2122 3760 2329 3812 ltursus

760 3850 1079 3909 absurdum,
1120 3862 1183 3899 ex
1217 3862 1323 3901 uno
1360 3856 1415 3901 et
1438 3848 1625 3901 eodem
1664 3848 1771 3901 duo
1788 3849 2091 3912 contraria,
2123 3848 2326 3904 bonum

754 3952 811 3995 et
838 3942 1061 4005 malum,
1110 3940 1406 4009 proﬁcisci,
1461 3948 1515 3992 et
1549 3940 1873 4009 principium
1914 3956 2018 3995 non
2048 3943 2327 3995 essesim-

759 4036 906 4102 υἷες,
936 4035 1029 4087 sed
1058 4033 1289 4101 duplex;
1318 4033 1530 4102 sibique
1566 4034 1648 4086 vel
1682 4032 2031 4097 contrariari,
2072 4034 2125 4087 in
2155 4049 2330 4103 quan-

760 4138 871 4181 tum
902 4127 1175 4181 contraria
1205 4126 1488 4193 producit;
1519 4124 1601 4179 vel
1624 4126 1923 4190 immutari,
1949 4134 2007 4179 ut
2040 4125 2173 4197 a‘lias
2210 4128 2329 4195 qui-

758 4222 880 4274 dem
915 4220 1179 4285 producat
1204 4218 1428 4282 bonum,
1456 4216 1589 4270 alias
1612 4232 1738 4270 vero
1763 4216 2105 4272 immutatum
2132 4218 2331 4285 produ-

754 4322 842 4367 cat
871 4312 1093 4365 malum.
1124 4309 1280 4377 Quod
1323 4311 1369 4363 si
1420 4310 1504 4363 vel
1540 4326 1702 4364 unum
1739 4311 2031 4363 absurdum
2074 4311 2203 4365 hinc
2240 4324 2328 4365 se—

754 4413 977 4472 quatur,
1011 4402 1139 4469 quid
1188 4402 1389 4469 urique
1419 4408 1579 4455 erunt
1606 4402 1717 4467 ipsa
1750 4400 2051 4469 principia?
2100 4416 2167 4455 an
2204 4417 2328 4453 rur-

755 4512 846 4549 sus
897 4497 1001 4548 duo
1056 4492 1371 4547 contraria?
1416 4493 1509 4545 sed
1565 4492 1617 4546 id
1654 4491 1947 4543 absurdum
1998 4501 2080 4545 est
2112 4512 2122 4545 :
2152 4508 2329 4564 neque

753 4590 899 4643 enim
930 4588 1031 4643 sibi
1068 4599 1259 4641 mutuo
1290 4587 1468 4640 inesse
1495 4595 1740 4653 possunt,
1774 4601 1948 4654 neque
1977 4586 2329 4640 sibiinvicem

757 4696 1090 4751 repugnare;
1128 4695 1251 4733 nam
1286 4680 1364 4733 sic
1390 4694 1457 4732 ne
1488 4678 1626 4732 Deus
1656 4677 1874 4747 quidem
1902 4678 2015 4747 ipse
2048 4678 2333 4733 incolumis

2432 3492 2593 3562 ἀρχή·
2624 3492 2655 3561 ἡ
2687 3490 2849 3558 μονὰς
2871 3488 2978 3562 γὰρ
3007 3486 3157 3538 ἔσται
3184 3482 3396 3552 καὶτῆς
3420 3481 3607 3544 δυάδος
3630 3482 3792 3550 ἀρχή.
3822 3475 4008 3530 Ταῦτα

2430 3583 2486 3635 δὲ
2514 3583 2689 3637 πάντα
2715 3580 2853 3632 κατά
2882 3578 3196 3648 Μανιχαίων
3220 3575 3487 3642 λέγονται,
3530 3572 3653 3625 ἐπεὶ
3695 3574 3729 3643 ἡ
3754 3570 3884 3636 δυὰς
3910 3571 4008 3625 οὐκ

2432 3672 2593 3746 ἀρχὴ,
2625 3670 2788 3747 μονὰς
2811 3670 2867 3726 δὲ
2894 3669 3072 3738 πάσης
3098 3666 3285 3727 δυάδος
3312 3664 3474 3735 ἀρχή.
3504 3662 3672 3716 Πάλιν
3708 3662 3905 3714 ἄτοπον
3949 3654 4009 3724 ἐξ

2434 3766 2550 3828 ἐνὸς
2578 3764 2670 3816 καὶ
2696 3761 2789 3815 τοῦ
2812 3760 2975 3813 αὐτοῦ
3002 3759 3093 3811 δύο
3119 3756 3355 3819 ἐναντία,
3382 3755 3442 3807 τὸ
3470 3754 3670 3823 ἀγαθὸν
3710 3753 3806 3805 καὶ
3830 3752 3887 3805 τὸ
3911 3770 4007 3812 καφ

2433 3856 2546 3917 κὸν,
2601 3857 2865 3925 προϊέναι,
2915 3853 2987 3916 ὡς
3032 3851 3277 3906 ἐντεῦθεν
3319 3850 3409 3902 καὶ
3447 3849 3541 3919 τὴν
3571 3849 3742 3919 ἀρχὴν
3766 3842 3899 3899 εἶναι
3930 3846 4002 3917 μὴ

2434 3946 2630 4017 ἁπλῆν,
2673 3945 2809 4001 ἀλλὰ
2834 3945 3044 4014 δυοειδῆ
3064 3962 3077 3974 ·
3124 3944 3217 3996 καὶ
3242 3943 3273 4012 ἢ
3300 3942 3544 3993 ἐναντίαν
3572 3942 3755 4009 ἑαυτῇ,
3785 3938 3914 3989 καθὸ
3938 3938 4005 3988 τὰ

2435 4040 2651 4093 ἐναντία
2701 4040 2980 4109 προΐεταιο
3024 4038 3057 4109 ἢ
3103 4036 3495 4107 ἠλλοιωμένην,
3549 4034 3621 4096 ὡς
3672 4031 3855 4085 ἄλλοτε
3908 4030 4003 4101 μὲν

2434 4130 2703 4199 παράγειν
2727 4128 2786 4179 τὸ
2810 4126 3029 4196 ἀγαθὸν,
3054 4124 3239 4183 ἄλλοτε
3262 4125 3316 4177 δὲ
3338 4121 3716 4175 ἀλλοιωθεωαν
3742 4121 4003 4189 παράγειν

2432 4222 2491 4273 τὸ
2514 4220 2702 4273 κακόν.
2727 4220 2790 4272 Ei
2819 4217 2907 4273 οὖν
2934 4218 2993 4273 τὸ
3018 4216 3293 4271 ἕν’ἀτοπον
3322 4214 3407 4267 διὰ
3428 4213 3618 4275 ταῦτα,
3643 4212 3696 4263 τί
3722 4210 3786 4281 δὴ
3810 4203 3913 4263 εἶεν
3938 4207 4001 4261 ἂν

2433 4316 2485 4366 αἱ
2514 4313 2677 4387 ἀρχαί
2702 4329 2716 4377 ;
2754 4314 2847 4366 καὶ
2874 4310 3034 4369 πάλιν
3070 4309 3163 4363 δύο
3189 4306 3437 4371 ἐναντίας
3483 4305 3595 4358 ἀλλ’
3619 4304 3816 4357 ἄτοπον
3839 4320 3852 4331 ·
3881 4302 4001 4354 οὒτε

2432 4407 2540 4477 γὰρ
2567 4409 2623 4459 ἐν
2652 4404 2907 4474 ἀλλήλαις
2936 4400 3074 4457 εἶναι
3108 4401 3309 4463 ταύτας
3336 4400 3499 4462 είκὸς,
3544 4396 3666 4450 οὔτε
3704 4396 3808 4467 μὴν
3838 4411 3999 4467 μαχο-

2438 4498 2602 4568 μένας
2646 4494 2920 4565 ἀλλήλαις·
2965 4493 3059 4549 καὶ
3084 4492 3190 4561 γὰρ
3216 4491 3366 4547 ἔσται
3398 4488 3487 4540 καὶ
3514 4488 3542 4539 ὁ
3577 4482 3707 4548 Θεὸς
3734 4484 3832 4536 οὐκ
3865 4483 3999 4553 ἀπή·-

2437 4608 2571 4659 μων,
2598 4589 2690 4641 καὶ
2715 4588 2813 4639 οὐκ
2837 4585 2990 4648 ἐκτὸς
3014 4581 3270 4655 ἐπηρείας
3296 4580 3388 4631 καὶ
3409 4577 3757 4648 ἐνοχλήσεως.
3780 4576 3998 4627 Ἔπειτα

2434 4681 2589 4735 ἔσται
2617 4680 2795 4738 πάντα
2824 4679 3033 4731 ἄτακτα
3061 4677 3152 4728 καὶ
3177 4674 3472 4747 μαχόμενα,
3495 4672 3563 4723 τὰ
3590 4672 3684 4742 μὲν
3706 4668 3810 4720 ὑπὸ
3830 4666 3995 4729 τοῦτο,

754 4776 886 4837 crit,
926 4783 977 4828 et
1008 4776 1074 4827 ab
1109 4772 1315 4827 insultu
1345 4768 1700 4839 molestiaque
1727 4770 1881 4825 liber.
1907 4769 2113 4824 Deinde
2136 4784 2323 4826 cuncta

2433 4776 2503 4828 τὰ
2542 4776 2597 4827 δὲ
2639 4773 2743 4825 ὑπὸ
2769 4770 2925 4823 τοῦτο
2955 4770 3112 4821 ὄντα·
3144 4767 3279 4823 ἀλλά
3301 4766 3461 4818 τοῦτο
3503 4765 3777 4828 ἀδύνατον,
3827 4763 3998 4831 φιλίας

758 4876 922 4924 erunt
966 4868 1274 4921 inordinata
1328 4865 1752 4934 pugnantiaque,
1806 4880 1929 4919 cum
1967 4866 2071 4919 alia
2112 4867 2331 4935 quidem

761 4962 859 5016 sub
891 4964 1015 5024 hoc,
1050 4960 1155 5012 alia
1186 4974 1314 5012 vero
1339 4958 1439 5012 sub
1477 4958 1579 5011 isto
1610 4958 1906 5013 exsistant:
1940 4962 2034 5013 sed
2074 4960 2176 5015 hoc
2216 4962 2332 5015 ﬁeri

760 5055 972 5122 nequit,
1002 5054 1257 5121 quoniam
1291 5050 1489 5103 bonum
1508 5050 1798 5104 amicitiam
1825 5050 2098 5115 conciliat,
2118 5060 2170 5105 et
2192 5052 2333 5106 Deus

758 5162 861 5216 pax
916 5146 1029 5213 ipsa
1081 5143 1417 5207 celebratur;
1452 5158 1457 5163 ί
1493 5142 1697 5197 idcirco
1736 5144 1899 5197 etiam
1962 5145 2147 5197 omnia
2192 5145 2331 5200 bona

758 5251 998 5291 consona
1037 5244 1159 5289 sunt
1211 5234 1377 5303 (sicut
1406 5232 1543 5287 mala
1568 5234 2163 5301 pariuntdivisionem:
2208 5251 2331 5289 nam

760 5330 949 5393 κακὸν,
980 5329 1032 5383 id
1059 5338 1142 5382 est
1172 5329 1379 5392 vitium,
1420 5342 1450 5381 a
1472 5326 1641 5397 χάζω,
1660 5328 1711 5382 id
1737 5338 1824 5382 est
1849 5329 1977 5395 vito,
2002 5330 2113 5383 sive
2131 5332 2332 5397 recedo,

760 5436 955 5477 nomen
991 5420 1176 5488 habet)
1202 5431 1256 5474 et
1279 5435 1346 5474 ex
1370 5434 1477 5473 una
1509 5422 1619 5473 vita
1651 5420 1833 5475 divina
1866 5430 2159 5491 propagata
2185 5432 2332 5487 sunt,

759 5526 813 5567 et
840 5516 907 5568 ad
945 5529 1111 5589 unum
1147 5518 1348 5569 bouum
1382 5514 1625 5567 tendunt.
1651 5511 1767 5567 Non
1806 5514 1968 5585 igitur
2001 5515 2053 5567 in
2080 5513 2208 5577 Deo,
2238 5527 2337 5566 nec

760 5608 889 5676 quid
930 5608 1195 5669 divinum,
1244 5621 1340 5660 nec
1380 5620 1447 5659 ex
1496 5604 1605 5659 Deo
1652 5606 1851 5658 malum
1894 5615 2015 5669 est;
2076 5603 2159 5656 vel
2191 5605 2333 5657 enim

763 5716 866 5755 non
893 5701 1065 5756 bonus
1091 5711 1146 5753 et
1188 5700 1267 5753 sic
1292 5714 1358 5752 ex
1393 5699 1509 5768 ipso
1543 5700 1740 5753 malum
1770 5710 1882 5763 est;
1916 5697 1996 5751 vel
2030 5697 2169 5753 bona
2201 5698 2335 5753 facit.

837 5804 855 5831 ο
895 5792 1081 5847 Matth.
1115 5807 1209 5857 vn,
1238 5791 1324 5846 l8.

2435 4864 2542 4935 7&9
2583 4862 2643 4913 τὸ
2683 4860 2883 4929 ἀγαθὸν
2927 4856 3268 4932 μεταδίδωσι,
3314 4856 3406 4907 καὶ
3450 4855 3765 4928 αὑτοειρήνη
3806 4855 3834 4905 ὁ
3876 4852 3997 4915 Θεὸς

2438 4959 2684 5027 ὑμνεῖται
2704 4971 2716 4983 '
2748 4954 2826 5007 διὸ
2870 4953 2963 5004 καὶ¹
2990 4952 3163 5003 πάντα
3189 4948 3257 5000 τά
3284 4946 3460 5015 ἀγαθά
3488 4946 3778 5017 ἐναρμόνια
3818 4945 3909 5014 (ὡς
3934 4943 3997 4997 τὰ

2437 5048 2583 5105 κακὰ
2608 5043 2931 5101 σκεδαστικά
2952 5059 2964 5071 ·
3009 5040 3175 5093 κακὸν
3207 5036 3313 5107 γὰρ
3342 5036 3448 5089 ἀπὸ
3486 5036 3578 5087 τοῦ
3618 5033 3768 5103 χάζω
3793 5036 3851 5087 τὸ
3877 5036 3997 5086 ὑπηο-

2438 5141 2599 5214 χωρῶ
2624 5139 2839 5206 λέγεται
2864 5136 2899 5204 ·)
2927 5134 3019 5191 καὶ
3049 5134 3174 5203 μιᾶς
3192 5130 3333 5202 ζωῆς
3356 5131 3455 5199 τῆς
3483 5130 3629 5192 Θείας
3656 5127 3851 5195 ἔκγονά
3867 5130 3992 5189 ἐστι,

2440 5234 2533 5287 καὶ
2562 5232 2694 5301 πρὸς
2718 5230 2780 5284 ἓν
2812 5228 3043 5281 τείνουσι
3081 5224 3141 5277 τὸ
3166 5223 3397 5292 ἀγαθόν.
3444 5223 3605 5274 Ὥστε
3632 5220 3753 5273 οὒτε
3783 5222 3839 5271 ὲν
3865 5219 3991 5289 Θεῷ,

2439 5328 2561 5380 οὔτε
2587 5326 2785 5387 ἔνθεον,
2827 5322 2948 5376 οὔτε
2976 5322 3039 5373 ὲκ
3065 5318 3199 5371 Θεοῦ
3221 5317 3280 5371 τὸ
3308 5315 3474 5367 κακόν
3497 5332 3508 5344 ⁸
3537 5314 3569 5384 ἦ
3596 5314 3702 5382 γὰρ
3746 5313 3844 5365 οὐκ
3878 5313 3995 5378 ἀγα·

2441 5419 2529 5481 Bb;
2560 5418 2671 5489 (καὶ
2697 5416 2867 5477 οὕτως
2910 5409 2969 5475 ἐξ
3008 5410 3213 5464 ἐκείνου
3256 5406 3374 5459 ἐστὶ
3412 5406 3473 5457 τὸ
3500 5405 3709 5476 κακ“.ν),
3753 5402 3995 5473 ῆάγαῦο-

2441 5514 2601 5574 ποιεῖ,
2630 5512 2722 5562 καὶ
2744 5510 2843 5561 οὐκ
2876 5509 2940 5559 ὲκ
2981 5504 3169 5557 τούτου
3208 5502 3375 5556 ἐστίν.
3412 5498 3545 5553 Οὐδὲ
3592 5497 3699 5567 γὰρ
3744 5496 3870 5548 ποτὲ
3906 5495 3995 5565 μὲν

2440 5604 2641 5672 ἀγαθὸν
2670 5599 2921 5673 παράξει,
2951 5598 3077 5651 ποτὲ
3104 5596 3161 5650 δὲ
3189 5594 3354 5648 κακόν
3374 5610 3385 5622 ·
3434 5592 3713 5645 ἀλλοίωσιν
3753 5590 3858 5660 7&9
3884 5588 3991 5642 πεί-

2444 5710 2609 5760 σεται,
2642 5696 2730 5747 καί
2756 5694 2923 5747 ταῦτα
2954 5690 3073 5762 περὶ
3105 5689 3235 5745 αὐτὸ
3260 5687 3319 5741 τὸ
3346 5686 3636 5748 θειότατον,
3674 5683 3771 5755 τὴν
3807 5682 3989 5737 αἰτίαν.
