4176 6308
226 323 334 382 795

789 327 880 384 DE
912 329 1166 385 DlVlNlS
1200 325 1604 393 NOMlNlBUS,
1641 327 1928 398 CAP.11V.
1964 363 2034 375 —
2066 329 2414 386 PARAPIIR.
2449 329 2926 388 PACHYMERIE.

3389 327 3486 384 794

224 444 288 496 Et
317 443 375 497 δὲ
390 444 573 515 ἕτερόν
596 446 712 498 ἐστι
738 445 890 512 Θεὸς,
917 448 1010 503 καὶ
1035 448 1223 519 ἕτερον
1246 450 1303 502 ὲν
1329 445 1480 517 αὑτῷ
1503 448 1536 518 ἡ
1562 444 1657 498 τοῦ
1672 446 1794 514 ἀγα-

1911 457 1967 502 et
2000 449 2079 503 sic
2116 462 2180 503 ex
2217 448 2332 517 ipso
2369 461 2472 503 non
2506 458 2611 503 est.
2636 443 2827 517 Neque
2852 447 3018 504 etiam
3053 446 3346 517 aliquando
3370 452 3492 515 qui-

221 533 322 589 θοῦ
359 537 610 608 ὖπαρξις,
638 539 780 592 κατά
813 541 1157 612 συμϐεϐηκὸς
1202 541 1268 594 ἃν
1304 540 1390 610 εἴη
1419 539 1478 591 τὸ
1505 538 1704 608 ἀγαθὸν
1727 537 1806 610 τῷ

220 625 364 698 Θεῷ·
385 626 522 681 ὥστε
545 630 637 682 καὶ
664 630 792 710 ποτὲ
817 632 915 701 μὲν
940 630 1090 683 ἔσται
1117 629 1249 694 Θεὸς
1277 631 1414 702 ἔχων
1436 629 1499 683 τὸ
1521 629 1808 701 γνώρισμα

221 718 323 788 τῆς
353 718 644 791 θειότητος,
671 721 926 789 τάγαθὸν,
955 723 1083 775 ποτὲ
1113 721 1167 775 δὲ
1193 723 1293 774 ούκ
1320 721 1491 785 ἔσται,
1521 720 1807 774 ἀποϐαλὼν

222 812 375 865 αὑτό.
395 810 501 866 Kal.
521 816 568 867 εἰ
588 813 802 884 μεθέξει
826 815 918 867 τοῦ
946 814 1173 882 ἀγαθοῦ,
1191 815 1248 881 ἐξ
1267 814 1453 886 ἑτέρου
1481 813 1696 886 μεθέξει
1713 813 1806 866 καὶ

223 903 378 967 ποτὲ,
394 905 521 957 ποτὲ
535 905 663 958 δὲού
682 904 915 975 μεθέξει,
943 906 1079 959 ἀλλά
1100 905 1192 959 τοῦ
1216 905 1386 961 κακοῦ
1415 906 1645 976 μεθέξειο
1664 906 1807 960 ὥστε

223 999 320 1050 καὶ
348 997 588 1069 μετέχων
603 999 695 1052 τοῦ
717 998 941 1069 ἀγαθοῦ,
964 999 1022 1051 τὸ
1045 999 1242 1068 ἀγαθὸν
1257 998 1508 1070 παράξει,
1538 998 1612 1070 μὴ
1644 997 1806 1069 μετέ-

223 1106 337 1158 χων
363 1088 419 1141 δὲ
436 1088 644 1152 τούτου,
658 1090 718 1142 τὸ
736 1089 922 1154 κακὸν,
941 1090 1076 1161 ὅπερ
1092 1089 1309 1143 ἄτοπον.
1331 1090 1444 1142 Ούκ
1459 1088 1566 1161 ἀρα
1587 1091 1652 1142 ὲκ
1671 1088 1806 1142 Θεοῦ

221 1181 255 1250 ἢ
281 1183 341 1234 ὲν
361 1181 477 1252 Θεῷ
493 1181 551 1234 τὸ
575 1181 761 1246 κακὸν,
780 1181 902 1234 οὔτε
927 1182 1132 1247 ἀπλῶς,
1153 1181 1276 1235 οὔτε
1300 1183 1439 1236 κατά
1457 1200 1577 1236 τινα
1594 1181 1805 1253 χρόνον.

1912 540 2034 594 dem
2066 538 2264 594 bonum
2289 542 2571 609 producet,
2627 538 2917 609 aliquando
2966 550 3095 595 vero
3135 540 3373 608 malum;
3410 540 3490 597 sit:

1914 630 2061 685 enim
2084 630 2443 684 multationem
2470 638 2753 701 pateretur
2773 630 2935 684 etiam
2959 629 3102 686 circa
3129 627 3179 684 id
3203 631 3344 700 quod
3374 643 3491 686 om-

1913 723 2061 776 nium
2114 732 2197 777 est
2231 716 2657 786 divinissimunt,
2704 717 2916 778 scilicet
2950 737 3193 779 causam.
3248 719 3306 778 Si
3359 733 3491 781 vero

1913 815 2042 885 quid
2084 811 2230 870 aliud
2256 815 2330 870 sit
2360 814 2523 880 Deus,
2556 823 2610 870 et
2637 811 2786 869 aliud
2819 815 2872 868 in
2906 815 3021 884 ipso
3059 816 3185 870 boni
3233 815 3491 871 substan-

1912 900 2007 972 tia,
2035 907 2221 977 utique
2253 917 2348 977 per
2379 904 2636 960 accidens
2669 907 2721 959 in
2748 906 2860 960 Deo
2882 906 3084 960 bonum
3119 907 3252 973 erit;
3309 915 3362 961 et
3401 903 3484 964 sic

1910 997 2201 1067 aliquando
2233 996 2452 1066 quidem
2484 989 2645 1067 5.13
2685 995 2823 1050 Deus
2853 997 2958 1050 erit
2986 997 3194 1051 habens
3226 997 3279 1051 in
3309 1008 3367 1051 se
3392 1008 3488 1053 no-

1913 1096 2021 1142 tam
2055 1083 2374 1153 divinitatis,
2398 1088 2610 1143 scilicet
2642 1088 2864 1150 bonum,
2899 1084 3194 1156 aliquando
3222 1099 3350 1144 vero
3379 1101 3485 1145 non

1910 1177 2036 1248 erit,
2060 1177 2256 1241 bonum
2290 1179 2568 1248 abiiciens.
2598 1177 2753 1246 Quod
2777 1179 2818 1232 si
2844 1179 3130 1249 participet
3160 1182 3385 1244 bonum,
3416 1192 3482 1236 ex

225 1273 336 1328 alio
363 1276 712 1345 participabit
742 1287 795 1332 et
823 1276 1144 1346 aliquando,
1167 1277 1490 1346 quandoque
1528 1290 1656 1331 vero
1681 1290 1784 1330 non
1821 1275 2202 1345 participabit,
2249 1275 2343 1329 sed
2409 1275 2534 1328 mali
2589 1267 2864 1341 particeps
2912 1272 3052 1338 erit;
3093 1283 3146 1327 et
3172 1270 3250 1326 sic
3281 1275 3482 1328 bonum

222 1368 441 1435 quidem
473 1368 807 1438 participans
837 1367 1062 1434 bonum,
1096 1384 1201 1423 non
1231 1369 1567 1439 participans
1611 1376 1791 1421 autem
1818 1368 2078 1437 producet
2129 1366 2355 1430 malum,
2401 1365 2544 1428 quod
2600 1372 2683 1420 est
2721 1363 3046 1422 absurdum.
3123 1361 3235 1419 Non
3293 1363 3482 1436 itaque

221 1473 288 1511 ex
337 1459 464 1518 Deo,
501 1456 582 1510 vel
630 1459 680 1512 in
711 1458 818 1513 Deo
856 1459 1081 1523 malum,
1134 1473 1310 1528 neque
1341 1457 1585 1523 omnino,
1625 1473 1801 1527 neque
1829 1466 1979 1513 certo
2009 1467 2276 1525 tempore.

295 1547 322 1619 ᾗ
352 1547 508 1602 XXII.
555 1550 674 1602 Ἔτι
701 1549 757 1602 δὲ
781 1549 890 1602 οὐδ’
917 1551 974 1604 ὲν
1001 1549 1251 1619 ἀγγέλοις
1278 1551 1394 1603 ἐστὶ
1420 1549 1482 1602 τὸ
1518 1549 1686 1604 κακόν
1705 1567 1718 1580 ’
1770 1551 1798 1603 ὁ

1979 1548 2008 1621 §
2034 1547 2197 1607 XXII.
2241 1549 2383 1616 Quin
2404 1558 2470 1604 ne
2494 1549 2547 1604 in
2573 1546 2782 1620 angelis
2805 1543 3023 1618 quidem
3047 1559 3132 1604 est
3157 1549 3380 1618 malum,
3406 1553 3480 1605 si-

221 1641 329 1712 γάρ
356 1639 582 1709 ἅγγελος
607 1641 766 1696 εἰκών
791 1644 906 1696 ἐστι
930 1643 1022 1696 τοῦ
1050 1643 1206 1707 Θεοῦ,
1225 1644 1403 1696 ἐκεῖνο
1429 1641 1503 1695 ὣν
1531 1641 1794 1713 δευτέρως

1905 1642 2119 1711 quidem
2151 1641 2374 1712 angelus
2419 1642 2600 1710 imago
2638 1640 2731 1696 Del
2758 1652 2861 1707 εει,
2898 1643 2948 1697 id
2987 1643 3167 1710 ipsum
3208 1645 3479 1699 exsistens

222 1733 364 1786 κατὰ
394 1732 631 1804 μέθεξιν,
668 1735 804 1804 ὅπερ
842 1732 1071 1806 πρώτως
1108 1735 1227 1788 κατ’
1255 1735 1432 1788 αἰτίαν
1457 1735 1518 1787 τὸ
1545 1734 1803 1804 ἀγγελλό-

224 1839 403 1893 μενον,
443 1824 746 1895 φανέρωσις
785 1823 877 1877 τοῦ
907 1824 1144 1892 ἀφανοῦς
1185 1825 1380 1894 φωτὸς,
1422 1826 1515 1878 καὶ
1539 1825 1804 1897 ἔσοπτρον

219 1916 598 1983 διειδέστατον,
629 1917 1002 1988 είσδεχόμενον
1028 1918 1126 1981 τὰς
1146 1919 1246 1989 τῆς
1272 1918 1603 1989 ὡραιότητος
1629 1920 1805 1989 ἐμφά-

223 2023 336 2072 σεις
360 2025 374 2039 ’
405 2009 495 2060 καὶ
522 2007 737 2079 ἀμιγῶς
766 2009 900 2081 πρὸς
938 2010 997 2062 τὸ
1025 2011 1214 2075 κακὸν,
1264 2010 1429 2080 ἡγουν
1470 2009 1802 2078 ἀγαθπιδῶς

219 2096 535 2168 ἀναλάμπον
581 2099 638 2152 ἐν
677 2098 852 2169 ἑαυτῷ
891 2098 952 2151 τὸ
979 2099 1180 2168 ἀγαθὸν
1217 2099 1318 2169 τῆς
1344 2101 1578 2171 κρυφίοις
1605 2099 1760 2169 σιγῆς
1783 2117 1796 2129 ·

219 2191 318 2244 οὐκ
342 2192 445 2263 ἀρα
472 2193 596 2245 οὐδὲ
632 2195 690 2244 ὲν
715 2192 965 2261 ἀγγέλοις
991 2194 1112 2245 ἐστὶν
1132 2192 1193 2245 τὸ
1220 2192 1410 2246 κακόν.
1466 2193 1554 2246 Ἐν
1590 2192 1800 2256 ἀδύτοις

217 2281 271 2334 δὲ
301 2283 472 2353 σιγὴν,
513 2283 612 2354 τὴν
643 2283 792 2336 θείαν
831 2281 965 2354 φησὶ
988 2283 1353 2354 κρυφιότητα’
1404 2284 1662 2352 σιγῶνται
1690 2283 1800 2352 γὰρ

218 2374 311 2426 καὶ
331 2373 400 2426 τά
425 2373 594 2444 ἄτιμα
617 2371 681 2427 δι’
705 2374 1057 2445 αἰσχρότητα,
1087 2373 1340 2442 σιγῶνται
1370 2375 1425 2428 δὲ
1451 2373 1629 2428 καὶτὰ
1657 2373 1790 2426 ἐντι-

221 2483 296 2536 μα
330 2468 422 2519 καὶ
443 2466 514 2518 τά
537 2465 655 2520 θεῖα
678 2465 764 2518 διὰ
790 2465 1100 2536 τιμιότητα,
1127 2466 1334 2519 καὶτοῦ
1368 2467 1440 2539 μὴ
1469 2466 1610 2537 ἔχειν
1635 2465 1797 2535 ἐξαγ-

217 2559 394 2627 γεῖλαι
419 2556 594 2611 ταῦτα
619 2560 676 2610 ὲν
713 2557 924 2623 ἀδύτοις
948 2557 1174 2629 κείμενα
1198 2574 1212 2589 ο
1240 2558 1373 2611 ὃπου
1396 2558 1518 2623 νοῦς
1543 2559 1601 2611 οὐ
1633 2557 1798 2612 διεισ-

215 2649 378 2712 δύνει,
404 2650 508 2703 κᾶν
535 2649 652 2702 λίαν
680 2649 915 2721 καθαρὸς
952 2644 1008 2724 ᾖ,
1036 2649 1129 2702 καὶ
1163 2647 1230 2701 δι’
1259 2649 1522 2721 ἀγιότητα
1554 2648 1797 2702 διαϐατι-

216 2742 474 2806 κὼτατος.
517 2741 652 2794 Ἀλλ’
677 2741 818 2796 εἴποι
840 2760 943 2807 τις,
971 2742 1052 2794 ὅτι
1077 2742 1236 2794 κακοὶ
1261 2742 1308 2794 οἱ
1335 2741 1578 2810 ἄγγελοι,
1603 2740 1678 2804 ὡς
1702 2757 1794 2793 κο-

213 2836 473 2889 λαστικοί.
523 2835 652 2888 Λύει
701 2835 830 2904 γοῦν
873 2835 970 2906 τὴν
1016 2835 1286 2888 ἀντίθεσιν
1346 2833 1789 2904 φιλοσοφώτατα’

216 2923 428 2995 πρῶτον
476 2924 572 2994 μὲν
598 2923 706 2977 ἀπὸ
737 2923 845 2977 τῶν
875 2924 1065 2996 ἱερέων
1107 2923 1216 2976 τῶν
1256 2921 1626 2994 ἀπειργὸντων
1666 2923 1792 2989 τοὺς

213 3016 462 3082 ἀναξίους
484 3015 593 3068 τῶν
620 3015 778 3070 θείων
807 3011 1119 3088 μυστηρίων
1143 3033 1155 3046 ·
1187 3015 1377 3070 ἔπειτα
1402 3017 1568 3085 λέγει,
1596 3018 1679 3070 ὅτι
1700 3016 1790 3069 οὖ-
1816 3046 1858 3105 C

210 3127 274 3164 τε
322 3110 451 3162 αὐτὸ
493 3109 553 3163 τὸ
597 3109 917 3174 κολάζεσθαί
955 3127 1098 3176 τινα,
1148 3110 1348 3164 κακόν·
1378 3109 1656 3176 παίδευσις
1680 3113 1789 3184 γάρ

211 3204 348 3265 ἐστι,
374 3203 466 3255 καὶ
489 3203 521 3273 ἡ
549 3203 827 3266 παίδευσις
867 3203 1090 3272 ἀγαθὸν,
1119 3202 1242 3256 οὗτε
1268 3205 1316 3256 οἱ
1341 3202 1658 3269 κολάζοντες
1685 3222 1788 3258 κα-

213 3293 318 3345 κοί·
345 3292 555 3364 εἴρηται
576 3294 702 3364 γάρ’
730 3295 811 3348 Οὐ
841 3295 950 3361 γὰρ
969 3293 1098 3361 εικῆ
1129 3293 1243 3362 τὴν
1263 3295 1570 3365 μάχαιραν
1597 3295 1784 3365 φορεῖ·

210 3382 489 3450 διάκονος
541 3383 653 3454 γάρ
687 3385 818 3438 ἐστι
864 3383 1010 3438 Θεοῦ
1035 3387 1122 3451 εἰς
1159 3383 1346 3454 ὀργὴν
1383 3386 1462 3452 τῷ
1502 3386 1567 3440 τὸ
1599 3388 1787 3442 κακὸν

213 3475 574 3542 πράσσοντι.
602 3477 801 3531 Λοιπὸν
827 3477 1096 3535 εἰσϐάλλει
1118 3479 1196 3541 εἰς
1221 3477 1319 3548 τὴν
1352 3479 1504 3532 λύσιν
1527 3477 1626 3551 τῆς
1654 3469 1787 3550 προ-

212 3568 469 3638 κειμένης
493 3569 744 3642 ἀπορίας,
767 3569 858 3623 καί
885 3587 1065 3640 φησιν,
1093 3571 1172 3625 ὅτι
1199 3570 1318 3623 οὐδὲ
1346 3573 1393 3624 oi
1417 3570 1668 3642 δαίμονες
1689 3571 1790 3641 φύ-

213 3676 296 3712 σει
335 3661 513 3714 κακοί.
555 3641 724 3715 Τοῦτο
750 3660 898 3730 ’γοῦν
941 3664 1005 3714 ἐκ
1044 3661 1304 3716 πλειόνων
1350 3665 1782 3729 κατασκευάζει⁸

211 3752 428 3825 πρῶτον
479 3754 598 3825 μὲν,
651 3755 767 3819 πῶς
806 3754 1029 3827 ἔμελλον
1083 3757 1427 3831 παραχθῆναι
1472 3756 1531 3823 ἐξ
1578 3759 1786 3828 ἀγαθοῦ

210 3843 458 3915 ποιητοῦ,
499 3846 593 3898 καὶ
615 3845 762 3909 ἄλλο,
791 3845 873 3899 ὅτι
914 3848 1008 3898 καὶ
1033 3845 1092 3911 ἐξ
1114 3846 1329 3914 ἀγαθῶν
1355 3849 1682 3919 μετέϐαλον;
1730 3851 1786 3904 αἱ

207 3935 341 4004 γοῦν
373 3937 488 3989 κατ’
515 3935 796 3988 ἀλλοίωσιν
824 3936 1112 4008 μεταϐολαὶ
1156 3941 1215 3992 οὐ
1257 3941 1374 3992 κατ’
1407 3940 1593 3994 οὐσίαν
1623 3943 1784 4007 εἰσὶν,

209 4023 348 4078 ἀλλά
397 4025 538 4078 κατὰ
577 4026 638 4079 τὸ
697 4027 869 4091 ποιὸν,
922 4021 1110 4100 ὥσπερ
1167 4033 1220 4082 αἱ
1263 4031 1403 4084 κατά
1433 4031 1659 4104 αῠξησιν
1693 4035 1788 4087 καὶ

209 4116 457 4187 μείωσιν,
499 4117 639 4171 κατά
673 4119 732 4171 τὸ
767 4119 929 4171 ποσόν
949 4136 961 4150 ·
998 4121 1030 4190 ἡ
1057 4120 1111 4173 δὲ
1137 4123 1256 4175 κατ’
1281 4124 1466 4176 οὐσίαν
1493 4125 1784 4199 μεταϐολὴ,

205 4207 240 4277 ἢ
273 4206 516 4276 γέννησίς
550 4210 716 4272 ἐστιν,
745 4209 777 4278 ἢ
807 4209 1000 4282 φθορά.
1047 4213 1196 4265 Ἐπεὶ
1243 4209 1334 4266 οὖν
1375 4215 1528 4279 ὄντες
1558 4216 1788 4287 μετέϐα-

203 4300 318 4364 λον,
347 4300 470 4366 ἔδει,
501 4303 547 4354 εἰ
578 4301 697 4354 κατ’
721 4302 908 4355 οὐσίαν
938 4304 1252 4374 μετέϐαλον,
1278 4307 1566 4378 φθαρῆναι,
1599 4311 1787 4375 mist;

1907 1729 2204 1783 secundum
2253 1723 2726 1800 participationem
2787 1730 3029 1786 secundo
3081 1733 3291 1798 ordine,
3334 1733 3479 1804 quod

1907 1817 2208 1873 secundum
2232 1833 2450 1874 causam
2478 1830 2564 1874 εει
2587 1820 2638 1876 id
2662 1824 2806 1891 quod
2835 1821 3152 1878 enuntiatur
3175 1825 3370 1894 primo,
3389 1838 3475 1880 ar-

1907 1912 2030 1966 cani
2081 1911 2301 1967 ltnuinis
2351 1907 2648 1969 declaratio
2696 1924 2750 1968 et
2778 1913 3055 1986 speculum
3101 1917 3473 1986 ptirlsslmum,

1904 2003 2204 2060 venustatis
2253 2006 2462 2076 Species
2516 2005 2814 2076 excipiens,
2868 2018 2921 2063 et
2958 2019 2986 2063 a
3019 2011 3161 2066 malo
3194 2013 3476 2082 lmpollute

1905 2096 2020 2153 sive
2053 2099 2435 2154 boniformiter
2463 2101 2515 2152 in
2546 2100 2839 2170 semetipso
2875 2101 3216 2171 reSplendere
3265 2103 3473 2159 faciens

1903 2191 2087 2242 arcani
2115 2189 2257 2245 illius
2276 2191 2473 2246 silentii
2503 2191 2825 2259 bonitatem;
2850 2206 2979 2264 ergo
2998 2194 3158 2248 etiam
3186 2195 3238 2248 in
3271 2196 3476 2266 angelis

1902 2289 2008 2334 non
2058 2289 2139 2335 est
2184 2282 2404 2335 malum.
2463 2280 2749 2337 Silentium
2782 2293 2964 2338 autem
3014 2286 3157 2354 quod
3202 2287 3254 2341 in
3302 2287 3476 2359 adytis

1901 2381 2003 2436 est,
2040 2379 2198 2426 vocat
2222 2373 2459 2427 divinum
2496 2373 2627 2428 illud
2666 2386 2958 2441 arcanum;
2997 2377 3266 2446 siquidem
3307 2378 3358 2434 id
3395 2380 3474 2434 si-

1901 2463 2014 2516 lent
2046 2479 2131 2518 res
2159 2465 2298 2519 viles
2325 2472 2546 2534 propter
2576 2482 2727 2519 suam
2758 2460 3181 2533 deformitatem,
3222 2483 3311 2523 res
3344 2480 3476 2525 vero

1898 2557 2152 2624 pretiosa:
2182 2567 2246 2610 ac
2274 2557 2470 2610 divinae
2496 2557 2624 2612 illud
2654 2559 2817 2614 silent
2843 2570 3066 2629 propter
3103 2559 3219 2628 ejus
3249 2575 3475 2616 venera-

1900 2647 2123 2712 tionem,
2156 2649 2406 2717 quodque
2440 2664 2544 2704 non
2579 2650 2796 2706 valeant
2826 2651 3112 2706 enuntiare
3145 2651 3233 2705 illa
3260 2668 3379 2724 qua:
3417 2652 3472 2706 in

1894 2737 2073 2807 adytis
2102 2736 2288 2803 latent,
2320 2749 2428 2806 quo
2457 2747 2612 2793 mens
2641 2738 2788 2792 nulla
2816 2746 3088 2808 penetrat,
3122 2737 3473 2808 quantumvis

1896 2843 2032 2899 pura
2067 2831 2157 2897 sit,
2205 2839 2260 2885 et
2311 2838 2538 2900 propter
2581 2831 2926 2886 sanctitatem
2969 2830 3469 2900 perSpicacissima.

1892 2922 2056 2992 Atqui
2115 2923 2258 2977 dicet
2309 2923 2504 2993 aliquis
2543 2923 2716 2976 malos
2760 2935 2884 2977 esse
2936 2922 3155 2992 angelos
3199 2923 3341 2992 quod
3374 2939 3474 2993 pu-

1894 3013 2066 3067 niant.
2119 3007 2268 3068 lianc
2314 3014 2677 3082 objectionem
2736 3014 3138 3085 sapientissime
3199 3009 3470 3083 dissolvit,

1897 3106 2130 3177 primum
2188 3121 2216 3158 a
2274 3106 2674 3172 sacerdotibus,
2731 3107 2822 3175 qui
2862 3107 3115 3178 indignos
3178 3123 3208 3162 a
3268 3105 3471 3164 divinis

1899 3198 2172 3268 mysteriis
2199 3207 2412 3263 arcent;
2449 3198 2643 3252 deinde
2671 3199 2826 3261 dicit,
2849 3212 2916 3252 ne
2956 3199 3011 3253 id
3043 3199 3218 3268 ipsum
3249 3199 3468 3269 quidem

1900 3295 2100 3348 malum
2155 3307 2295 3358 esse,
2352 3295 2540 3362 punire
2589 3291 2852 3363 aliquem,
2900 3296 3158 3364 quoniam
3202 3290 3471 3350 correctio

1897 3396 2002 3448 est,
2039 3385 2307 3440 correctio
2338 3393 2515 3439 autem
2551 3383 2710 3448 bona,
2737 3399 2911 3455 neque
2947 3387 3038 3457 qui
3070 3387 3300 3456 puniunt
3339 3385 3466 3440 mali

1896 3487 2046 3544 Sunt,
2082 3478 2285 3532 dictum
2319 3487 2402 3532 est
2427 3477 2572 3531 enim
2606 3491 2617 3524 :
2667 3477 2791 3532 Non
2832 3481 2969 3533 enim
3015 3480 3128 3533 sine
3158 3496 3319 3532 causa
3346 3479 3466 3549 91η·-

1894 3571 2041 3623 dium
2065 3580 2268 3638 portat;
2302 3570 2396 3624 Dei
2417 3572 2554 3623 enim
2578 3571 2825 3624 minister
2863 3583 2962 3635 est,
3014 3572 3205 3626 vindex
3245 3572 3300 3624 in
3329 3573 3466 3623 iram

1893 3663 1941 3715 ei
1996 3663 2084 3732 qui
2137 3662 2272 3715 male
2328 3660 2432 3731 agit
2470 3660 2520 3714 ἀ.
2574 3661 2837 3716 (Ia-terum
2888 3662 3212 3717 solutionem
3268 3677 3466 3733 propo-

1896 3753 2016 3808 sitae
2041 3753 2354 3822 quzestionis
2383 3755 2747 3822 prosequitur,
2772 3765 2822 3806 et
2849 3756 2942 3821 ait,
2971 3770 3070 3809 nec
3097 3756 3244 3824 ipsos
3266 3758 3465 3809 daemo-

1893 3861 1993 3900 nes
2041 3855 2234 3901 natura
2287 3846 2458 3901 malos
2510 3860 2654 3900 esse.
2706 3846 2818 3900 [loc
2864 3864 2930 3902 ex
2960 3850 3203 3918 pluribus
3236 3853 3460 3921 probat:

1892 3939 2125 4007 primum
2155 3936 2394 4007 quidem,
2419 3941 2689 4006 quomodo
2721 3941 2956 4010 alioquin
2986 3958 3014 3995 a
3050 3944 3464 4001 bonotlreatore

1893 4029 2121 4095 conditi,
2173 4038 2228 4083 et
2269 4029 2411 4084 aliud
2454 4031 2580 4096 sint,
2623 4032 2880 4102 quoniam
2929 4047 2992 4085 ex
3038 4032 3192 4086 bonis
3233 4033 3464 4088 mutati?

1897 4120 2227 4175 mutationes
2251 4121 2393 4174 enim
2428 4135 2546 4190 qua:
2570 4130 2692 4176 sunt
2729 4121 3026 4175 secundum
3056 4122 3458 4190 alterationem,

1891 4231 1998 4270 non
2056 4227 2184 4269 sunt
2229 4218 2528 4271 secundum
2585 4215 2969 4279 substantiam,
3022 4218 3113 4271 sed
3162 4220 3458 4274 secundum

1891 4307 2233 4377 qualitatem,
2269 4309 2411 4362 sicut
2436 4308 2538 4363 illae
2561 4324 2680 4378 qua:
2712 4318 2836 4361 sunt
2866 4310 3163 4363 secundum
3196 4326 3459 4381 augmen-

201 4392 270 4466 τὸ
301 4393 374 4463 μὴ
408 4393 466 4446 ὂν
496 4393 668 4448 ἐλθεῖν
690 4412 702 4425 ο
747 4397 861 4448 ἀλλ’
892 4397 1000 4449 ἰδού
1029 4399 1166 4450 εἰσιν
1189 4398 1368 4452 ούσίαι
1400 4401 1570 4467 ἀῡλοι,
1615 4406 1662 4457 εξ
1695 4407 1785 4459 καὶ

1899 4410 2004 4454 tum
2033 4410 2120 4454 aut
2146 4399 2574 4466 decrementuiu,
2601 4403 2892 4455 secundum
2921 4403 3312 4470 quantitatem;
3339 4419 3454 4458 mu-

203 4485 327 4537 κατ⁷
356 4484 512 4537 ἄλλον
537 4485 735 4556 τρόπον
761 4487 862 4539 οὐκ
885 4483 1024 4540 εἶναι
1055 4488 1320 4556 λέγονται,
1348 4491 1482 4544 καθὸ
1505 4495 1683 4546 κακοί.
1709 4496 1782 4549 Σὺ

201 4574 264 4626 δὲ
291 4575 613 4644 σημείωσαι,
643 4576 725 4628 ὅτι
750 4577 876 4631 ἄλλο
899 4578 1014 4629 ἐστὶ
1038 4577 1098 4629 τὸ
1118 4579 1196 4641 είς
1215 4578 1276 4631 τὸ
1309 4580 1381 4652 μὴ
1411 4581 1470 4634 ὃν
1491 4583 1662 4636 ἐλθεῖν
1691 4585 1786 4638 καὶ

203 4665 502 4737 φθαρῆναι,
533 4669 628 4721 καὶ
650 4669 777 4722 ἀλλο
801 4670 874 4741 μὴ
906 4666 1044 4724 εἷναί
1067 4689 1138 4724 τι.
1182 4673 1266 4735 Ὡς
1289 4673 1451 4744 γάρὴ
1481 4673 1710 4742 γένεσις,
1749 4679 1783 4749 ἡ

203 4760 307 4828 μὲν
339 4759 522 4823 ἀπλῶς
551 4762 717 4826 ἐστιν,
741 4762 815 4825 ὡς
838 4764 871 4833 ἡ
895 4765 1013 4816 κατ’
1045 4765 1231 4817 οὐσίαν
1252 4785 1263 4797 ·
1297 4768 1332 4840 η
1352 4767 1407 4819 δὲ
1438 4770 1578 4822 κατά
1612 4787 1682 4834 τι,
1709 4772 1785 4835 ὡς

200 4854 237 4923 ἡ
268 4853 390 4904 κατ’
413 4850 716 4916 ἀλλοίωσιν,
761 4851 902 4905 οὕτω
936 4856 1028 4907 καὶ
1057 4858 1088 4925 ἡ
1135 4855 1331 4928 φθορὰ,
1365 4859 1397 4928 ἡ
1442 4859 1538 4929 μὲν
1578 4860 1781 4924 ἁπλῶς,

199 4944 235 5012 ἡ
279 4945 400 4994 κατ’
430 4943 646 5008 οὐσίαν,
699 4945 732 5014 ἡ
760 4943 818 4996 δὲ
847 4945 987 4998 κατά
1016 4964 1088 5010 τι,
1124 4949 1155 5017 ἡ
1187 4948 1305 5000 κατ’
1335 4949 1634 5004 ἀλλοίωσιν.
1675 4950 1784 5022 Τὴν

198 5034 336 5103 γοῦν
401 5033 753 5104 ἀλλοιωτικὴν
822 5035 1025 5108 φθορὰν
1095 5040 1454 5106 πεπονθότες,
1537 5041 1637 5096 οὐκ
1704 5041 1782 5096 εἷ-

199 5141 291 5176 ναι
340 5121 619 5190 λέγονταιο
643 5124 740 5194 τὴν
784 5126 839 5178 δὲ
887 5127 1005 5180 κατ’
1031 5130 1212 5184 οὐσίαν
1249 5132 1321 5202 μὴ
1365 5133 1602 5200 γνόντες,
1633 5135 1784 5205 (ἀθά-

199 5230 354 5267 νατοι
381 5212 531 5285 γὰρ,)
583 5215 641 5267 οὺ
695 5215 941 5285 λέγονται
981 5221 1253 5292 φθαρῆναι
1295 5225 1388 5278 καὶ
1419 5226 1498 5290 είς
1526 5227 1586 5280 τὸ
1619 5228 1694 5300 μὴ
1723 5229 1782 5282 ὃν

201 5306 297 5359 ὲλθ
305 5307 405 5358 εῖν.

1889 4487 2021 4540 talio
2053 4499 2232 4542 autem
2265 4488 2559 4541 secundum
2609 4489 2992 4553 sub8tantiam,
3032 4491 3308 4557 generatio
3341 4502 3455 4556 est,

1891 4579 1974 4634 vel
2022 4580 2322 4648 corruptio.
2372 4581 2504 4634 Cum
2540 4581 2721 4650 itaque
2762 4583 2952 4636 mutati
2993 4584 3120 4647 sint,
3167 4585 3456 4652 oportebat

1887 4689 2005 4738 eos,
2032 4673 2076 4727 si
2111 4674 2410 4728 secundum
2443 4675 2804 4729 substantiam
2833 4676 3020 4729 mutati
3055 4688 3255 4743 essent,
3287 4678 3456 4731 inter-

1889 4767 1988 4830 ire,
2029 4777 2083 4821 et
2115 4767 2168 4820 in
2195 4766 2420 4820 nihilum
2457 4768 2634 4834 abire;
2669 4768 2761 4822 sed
2803 4784 2931 4823 ecce
2969 4778 3094 4822 sunt
3137 4772 3455 4825 substantiae

1890 4860 2295 4926 immateriales,
2332 4861 2542 4914 tametsi
2578 4861 2874 4914 secundum
2909 4861 3072 4914 alium
3119 4865 3333 4916 modum
3380 4862 3456 4917 di-

1887 4961 2082 5007 cantur
2108 4967 2211 5006 non
2243 4966 2386 5014 esse,
2429 4951 2481 5004 in
2512 4962 2774 5020 quantum
2823 4953 2946 5005 mali
2981 4962 3128 5006 sunt.
3165 4952 3242 5006 Tu
3274 4964 3450 5008 autem

1886 5043 2166 5098 considera
2191 5041 2355 5114 414
2378 5045 2519 5112 quod
2561 5042 2703 5098 aliud
2746 5045 2840 5107 sit,
2872 5045 2922 5097 in
2960 5045 3184 5097 nihilum
3216 5048 3367 5100 abire
3387 5061 3453 5102 ac

1886 5137 2133 5205 interire,
2191 5149 2247 5191 et
2288 5139 2431 5191 aliud
2473 5153 2575 5191 non
2610 5153 2730 5192 esse
2763 5139 3058 5208 quidpiam.
3109 5139 3260 5193 Sicut
3305 5138 3451 5195 enim

1883 5231 2159 5298 generatio
2207 5231 2309 5285 alia
2354 5231 2567 5300 quidem
2611 5231 2840 5301 simplex
2897 5241 3016 5295 est,
3069 5241 3126 5285 ut
3158 5225 3449 5287 secundum

1885 5323 2276 5388 substantiam;
2316 5323 2420 5376 alia
2453 5337 2584 5376 vero
2629 5325 2919 5375 secundum
2955 5323 3084 5392 quid
3134 5332 3236 5388 est,
3279 5335 3338 5376 ut
3363 5336 3450 5377 se-

200 5399 442 5452 cundum
483 5397 887 5469 alterationem;
921 5416 991 5459 Ita
1026 5418 1190 5462 etiam
1234 5414 1532 5482 corruptio,
1561 5415 1661 5471 alia
1691 5426 1774 5472 est
1807 5417 2148 5487 simpliciter,
2188 5433 2308 5486 quae
2346 5417 2641 5470 secundum
2716 5416 3108 5483 substantiam;
3164 5417 3268 5471 alia
3316 5431 3449 5473 vero

201 5497 503 5549 secundum
533 5495 682 5564 quid,
709 5512 828 5566 quae
863 5504 1161 5559 secundum
1187 5507 1591 5566 alterationem.
1642 5513 1797 5580 Quod
1829 5513 2010 5584 itaque
2054 5515 2457 5584 corruptionem
2513 5513 2857 5569 alterativam
2909 5514 3197 5580 subierint,
3256 5514 3447 5567 dicun-

206 5596 296 5642 "Il'
324 5603 428 5680 PO“
451 5603 601 5655 8389;
634 5605 755 5645 cum
790 5601 973 5649 autem
1017 5597 1164 5653 illam
1202 5604 1499 5660 secundqu
1525 5605 1886 5664 substantiam
1918 5609 2224 5680 ignorarint
2258 5607 2534 5678 (quoniam
2569 5608 2912 5664 immortales
2940 5609 3091 5679 sunt)
3126 5623 3228 5663 non
3255 5608 3446 5662 dicun-

205 5688 296 5734 tur
323 5679 546 5737 interire
571 5691 624 5737 et
659 5685 711 5737 in
749 5686 973 5743 nihilum
1003 5689 1167 5749 abire.

348 5795 372 5835 ἀ
405 5795 562 5855 Rom.
596 5814 715 5866 xm,
740 5800 794 5857 ι.
