4186 6308
692 294 795 354 795

1870 296 1928 358 8.
1964 298 2763 375 DIONYSIIEAREOPAGITA?

3838 301 3947 358 796

765 409 793 484 ί
830 410 1015 467 XXIII.
1050 412 1255 469 Deinde
1301 414 1551 472 dividens
1597 416 1689 473 bic
1737 427 1985 484 sanctus,
2016 417 2212 489 quaerit
2244 437 2256 472 :

2437 415 2465 488 ᾗ
2519 412 2698 468 XXIII.
2774 413 3002 466 Ἔπειτα
3034 414 3255 486 διαιρῶν
3285 415 3312 467 ὁ
3336 415 3488 483 ἀγιος
3520 415 3734 487 ἐρωτᾷ·
3764 418 3947 476 Κακοὶ

690 498 749 557 Si
775 503 900 557 mali
937 514 1085 569 sunt,
1120 506 1296 561 sibine
1319 507 1444 562 mali
1472 517 1621 575 sunt,
1662 524 1729 564 an
1760 508 1913 563 aliis?
1936 507 1992 564 Si
2019 510 2145 574 sibi,
2173 524 2261 563 se-

688 593 895 663 quitur,
924 594 1045 649 illos
1074 612 1133 650 se
1158 598 1305 666 ipsos
1329 597 1643 653 interimere
1664 600 1815 668 (nam
1845 598 2042 653 malum
2070 597 2263 653 interi-

690 684 867 738 mendi
900 685 1007 738 vim
1039 685 1222 753 habet)
1247 704 1262 753 ;
1291 702 1480 744 verum
1510 703 1616 743 non
1642 690 1712 745 ita
1740 705 1799 745 se
1823 703 1911 746 res
1937 690 2114 744 habet.
2166 690 2262 745 Sin

691 775 811 830 aliis
832 778 1067 846 (rursum
1094 778 1425 849 distinguit).
1459 777 1597 846 Quid
1628 779 2264 836 interimuntISnbstan-

691 868 931 923 tiamne?
948 884 1014 922 an
1048 871 1380 938 potentiam?
1405 887 1474 925 an
1499 872 1805 927 actionem?
1834 871 1977 941 (talis
2006 870 2264 930 diil'cren-

696 959 768 1013 tia
802 970 888 1015 est
919 960 1059 1015 inter
1090 962 1386 1029 potentiam
1413 970 1468 1017 et
1489 962 1782 1029 actionem,
1812 961 1989 1032 qualis
2010 973 2095 1018 est
2123 963 2265 1019 inter

688 1048 935 1104 habitum
970 1060 1024 1105 et
1050 1052 1421 1119 operationem
1450 1067 1517 1108 ex
1542 1052 1763 1119 habitu;
1820 1066 1874 1105 v.
1925 1068 1977 1123 ε.
2022 1052 2262 1122 potentia

685 1140 828 1210 ignis
854 1149 940 1195 est
963 1140 1309 1207 calefactiva,
1340 1142 1484 1197 actio
1518 1151 1699 1199 autem
1735 1150 1821 1198 est
1851 1142 2136 1199 calefactio
2157 1142 2263 1197 ali-

686 1234 885 1305 cujus.)
942 1233 999 1290 Si
1038 1236 1223 1306 itaque
1258 1236 1617 1295 substantiam
1655 1235 1995 1304 interimunt,
2026 1234 2261 1306 primum

684 1328 922 1397 quidem,
949 1328 1383 1399 quandoquidem
1407 1327 1495 1383 illa
1517 1343 1638 1398 quae
1659 1340 1847 1383 natura
1881 1343 1979 1385 sua
2009 1330 2260 1386 incorru-

686 1416 893 1485 ptibilia
908 1426 1033 1470 sunt
1048 1418 1273 1472 minime
1293 1417 1631 1482 interimunt,
1646 1419 1738 1473 sed
1753 1433 1814 1472 ea
1829 1434 1946 1487 qua:
1960 1426 2147 1476 natura
2164 1434 2262 1473 sua

685 1507 1064 1578 corruptibilia
1082 1508 1378 1577 exsistunt,
1400 1524 1520 1579 qua:
1541 1509 1703 1563 etiam
1730 1509 1849 1565 sine
1871 1510 1977 1567 illis
1996 1511 2263 1568 debebant

686 1600 934 1665 interire,
981 1600 1057 1653 nil
1087 1599 1291 1655 iaciunt
1314 1610 1503 1654 contra
1530 1608 1805 1668 naturam,
1840 1600 1933 1657 sed
1966 1603 2262 1659 secundum

684 1700 936 1747 naturam
988 1704 1195 1747 rerum.
1252 1692 1457 1747 Deinde
1500 1706 1630 1748 vero
1674 1708 1851 1763 neque
1892 1695 1997 1751 boc
2041 1695 2264 1752 omnino

686 1782 887 1837 malum
912 1791 1019 1849 est,
1047 1783 1144 1838 sed
1174 1791 1403 1838 eatenus
1426 1782 1598 1839 solum
1625 1794 1710 1839 est
1739 1785 1961 1852 malum,
1984 1796 2260 1858 quatenus
2291 1770 2335 1830 η

686 1874 964 1941 interitus,
1002 1884 1063 1930 ut
1083 1882 1327 1943 putatur,
1358 1874 1430 1931 sit
1454 1886 1580 1930 ante
1604 1885 1849 1948 tempus;
1885 1892 2063 1949 neque
2086 1877 2264 1934 omni-

684 1967 786 2021 bus
812 1966 863 2020 id
889 1965 1091 2021 malum
1112 1976 1218 2031 est,
1248 1966 1573 2036 quibusdam
1590 1967 1735 2026 enim
1758 1968 1809 2023 id
1842 1968 2045 2025 bonum
2072 1978 2177 2035 est,
2205 1979 2264 2025 ut

684 2055 739 2111 in
774 2054 910 2110 l'eris
940 2064 997 2111 et
1023 2056 1369 2127 serpentibus
1398 2067 1452 2113 et
1486 2059 1673 2119 herbis
1702 2060 1901 2116 noxiis.
1926 2060 2062 2116 Cum
2098 2062 2263 2133 igitur

685 2146 789 2201 hoc
816 2144 1074 2204 solvisset
1100 2161 1197 2214 per
1221 2147 1649 2217 oppositionem,
1705 2150 1865 2206 modo
1895 2150 2060 2205 solvit
2096 2151 2260 2205 etiam

683 2249 783 2307 per
808 2235 1152 2303 instantiam,
1179 2238 1326 2310 quod
1354 2239 1487 2296 nihil
1516 2254 1702 2296 eorum
1730 2256 1849 2311 quae
1874 2251 2001 2298 sunt
2031 2243 2261 2300 intereat

687 2327 743 2381 in
774 2336 1036 2397 quantum
1060 2328 1363 2387 substantia
1398 2338 1503 2395 est,
1537 2330 1609 2385 ita
1646 2332 1904 2389 nimirum
1950 2345 2007 2388 ut
2036 2336 2259 2405 penitus

687 2420 975 2477 aboleatur
996 2428 1050 2475 et
1070 2420 1429 2489 annihiletur,
1455 2423 1551 2478 sed
1581 2423 1795 2481 defectu
1829 2428 2087 2484 naturalis
2116 2430 2261 2483 ordi-

687 2510 777 2565 nis
802 2503 1144 2577 debilitatur,
1186 2520 1247 2566 ut
1270 2511 1347 2567 ita
1370 2528 1430 2567 se
1458 2513 1673 2569 habeat.
1705 2515 2049 2572 lmbecillitas
2080 2528 2260 2573 autem

687 2603 805 2657 haec
831 2618 936 2657 non
963 2613 1047 2658 est
1074 2602 1314 2673 perfecta
1338 2606 1651 2673 corruptio;
1683 2622 1808 2662 nam
1839 2607 1883 2663 si
1912 2608 2152 2678 perfecta
2180 2608 2265 2670 fe,-

690 2704 801 2760 ret,
832 2695 939 2749 illis
965 2696 1108 2749 circa
1132 2711 1254 2765 qua:
1270 2696 1549 2765 corruptio
1571 2709 1817 2754 versatur
1843 2700 2263 2770 intereuntibus,

686 2785 854 2840 etiam
881 2786 1109 2855 ipsamet
1124 2790 1401 2857 corruptio
1418 2788 1697 2843 deﬁceret.
1718 2790 1901 2861 Itaque
1922 2792 2156 2848 defectio
2176 2808 2262 2852 or-

688 2879 830 2934 dinis
846 2895 951 2935 non
983 2889 1068 2935 est
1094 2884 1201 2936 tale
1227 2882 1448 2949 malum,
1478 2884 1592 2938 sive
1613 2884 1834 2940 omnino
1859 2884 2085 2950 malum,
2109 2886 2252 2958 quod

688 2971 744 3025 in
776 2972 937 3028 rebus
974 2988 1078 3029 non
1101 2975 1338 3041 exsistit,
1373 2978 1466 3031 sed
1499 2977 1761 3033 deficiens
1804 2978 2028 3032 bonum.
2060 2977 2261 3039 Eadem

689 3077 906 3133 quoque
954 3066 1095 3119 ratio
1146 3075 1231 3121 est
1277 3068 1343 3121 de
1388 3065 1626 3137 potentia
1672 3079 1728 3125 et
1769 3070 2014 3136 actione;
2041 3070 2084 3130 si
2116 3071 2263 3130 enim

2363 507 2534 571 ὄντες,
2563 510 2773 572 ἑαυτοῖς
2804 509 2909 560 είσι
2935 508 3112 569 κακοὶ,
3146 506 3178 577 ἢ
3216 507 3460 578 ἐτέροις;
3493 508 3556 561 El
3586 509 3681 579 μὲν
3702 511 3943 577 ἑαυτοῖς,

2363 602 2553 655 ἐπεται
2582 599 2643 652 τὸ
2678 600 2919 671 φθείρειν
2948 600 3200 663 ἑαυτούς·
3233 599 3572 670 (φθοροποιὸν
3614 601 3720 673 γάρ
3748 603 3809 655 τὸ
3841 622 3948 659 κα.-

2365 690 2459 745 κόν
2478 708 2490 719 ·
2520 690 2538 761 )
2571 690 2684 744 ἀλλ’
2708 690 2816 743 οὐδ’
2846 690 2962 742 ἐστὶ
2986 688 3161 741 τοῦτο.
3188 690 3249 741 Ei
3270 689 3312 741 δ’
3336 689 3561 759 ἐτέροις,
3592 686 3773 761 (πάλιν
3797 691 3947 746 διαι-

2367 780 2491 851 ρετ.)
2541 780 2605 833 Τί
2633 779 2939 852 φθείροντες
2966 795 2978 842 ;
3010 779 3229 842 οὑσίαν;
3261 778 3485 848 δύναμιν
3511 795 3526 843 ;
3558 779 3589 850 ἢ
3620 780 3942 851 ἐνέργειαν;

2363 869 2677 941 (Δυνάμεως
2698 870 2753 923 δὲ
2784 870 2919 942 πρὸς
2938 868 3035 941 τὴν
3065 870 3345 940 ἐνέργειαν
3372 868 3590 939 τοιαύτη
3622 872 3736 925 ἐστὶ
3755 872 3944 941 διαφο-

2367 960 2453 1035 ρά,
2479 961 2553 1026 ὡς
2575 962 2672 1031 τῆς
2696 960 2861 1027 ἕξεως
2890 961 3027 1031 πρὸς
3056 960 3153 1032 τὴν
3184 963 3306 1015 καθ’
3329 963 3440 1028 ἕξιν
3472 963 3750 1033 ἐνέργειαν
3774 980 3787 995 ·
3827 958 3942 1018 οἷον

2362 1053 2532 1126 πυρὸς
2558 1053 2781 1122 δύναμις
2805 1054 2837 1123 ἡ
2863 1051 3217 1124 θερμαντικὴ,
3236 1054 3487 1125 ἐνέργεια
3506 1056 3583 1119 δὲ,
3602 1056 3689 1107 ὅτε
3712 1054 3943 1125 θερμαί-

2362 1160 2442 1199 νει
2467 1142 2567 1214 τι.)
2591 1144 2653 1195 Εί
2675 1136 2767 1196 οὖν
2800 1141 2987 1195 οὐσίαν
3012 1142 3315 1212 φθείρουσι,
3342 1144 3556 1215 πρῶτον
3584 1146 3699 1215 μὲν,
3727 1146 3849 1197 ἐπεὶ
3870 1143 3942 1197 τά

2364 1233 2523 1306 φύσει
2544 1233 2793 1306 ἄφθαρτα
2816 1233 2875 1286 οὺ
2912 1233 3241 1305 φθείρουσιν,
3274 1234 3410 1289 ἀλλά
3433 1236 3499 1290 τά
3520 1235 3678 1305 φύσει
3702 1234 3938 1307 φθαρτά,

2362 1322 2398 1377 ἃ
2431 1325 2524 1379 καὶ
2548 1324 2716 1395 χωρὶς
2739 1323 2944 1377 τούτων
2971 1324 3080 1378 εδει
3112 1324 3401 1396 φθαρῆναι,
3428 1326 3487 1379 οὐ
3520 1324 3729 1379 ποιοῦσι
3756 1326 3818 1378 τὸ
3838 1343 3941 1378 πα-

2368 1414 2437 1488 ρὰ
2462 1416 2641 1486 φύσιν,
2666 1415 2802 1469 ἀλλά
2820 1415 2879 1468 τὸ
2900 1414 3044 1469 κατά
3065 1414 3225 1484 φύσιν
3246 1418 3357 1480 τοῖς
3380 1417 3714 1488 πράγμασιν.
3748 1416 3940 1467 Ἔπει-

2362 1525 2432 1561 τα
2456 1506 2683 1561 δέτοῦτο
2705 1509 2763 1561 οὐ
2788 1509 2963 1579 πάντη
2988 1508 3160 1565 κακὸν
3182 1507 3280 1573 ἐνι,
3304 1508 3447 1566 κατὰ
3470 1508 3627 1563 τοῦτο
3656 1508 3812 1579 μόνον
3842 1526 3941 1562 κα-

2364 1598 2479 1665 κὸν,
2505 1599 2586 1651 ὅτι
2614 1597 2717 1669 πρὸ
2743 1599 2843 1670 τῆς
2865 1596 3227 1669 νομιζομένης
3252 1598 3401 1673 ὥρας
3432 1599 3641 1667 γίνεται
3666 1601 3699 1670 ἠ
3726 1598 3902 1668 φθορά
3920 1612 3935 1628 ⁸

2363 1689 2485 1743 οὐδὲ
2514 1689 2695 1754 παντὶ,
2725 1688 2846 1742 ἐστι
2878 1688 2985 1761 γάρ
3008 1688 3101 1742 καί
3128 1706 3240 1748 τισι
3270 1690 3463 1756 καλὸν,
3490 1690 3564 1754 ὼς
3589 1691 3683 1745 ἐπὶ
3713 1690 3937 1762 θηρίων,

2362 1782 2457 1836 καὶ⁸
2479 1782 2748 1855 ἑρπετῶν,
2788 1782 2883 1835 καὶ
2909 1780 3147 1851 βοτανῶν
3168 1782 3448 1853 ὀλεθρίων.
3479 1781 3660 1846 Λύσας
3687 1777 3779 1835 οὖν
3799 1779 3943 1835 κατά

2361 1874 2846 1945 ἀντιπαραστασιν,
2875 1873 2975 1956 ῆδη
2999 1872 3118 1937 λύει
3146 1874 3240 1927 καὶ
3260 1874 3399 1927 κατὰ
3423 1872 3692 1935 ἔνστασιν,
3714 1873 3797 1926 ὅτι
3819 1871 3943 1925 οὐδέ

2360 1988 2414 2024 τι
2436 1969 2546 2024 τῶν
2567 1970 2737 2023 ὄντων
2763 1968 3042 2041 φθείρεται
3079 1966 3214 2023 καθὸ
3233 1967 3407 2032 οὐσία,
3441 1968 3607 2038 ῆγουν
3644 1968 3723 2030 είς
3742 1966 3804 2019 τὸ
3837 1980 3944 2035 μη-

2360 2060 2508 2133 δαμῆ
2546 2060 2811 2134 μηδαμῶς
2845 2063 3146 2133 προχωρεῖν
3171 2077 3184 2091 ·
3214 2058 3350 2113 ἀλλὰ
3375 2062 3441 2131 τῇ
3464 2058 3697 2128 ἐλλείψει
3716 2058 3816 2128 τῆς
3842 2074 3945 2110 κα-

2359 2152 2431 2207 τά
2455 2152 2615 2223 φύσιν
2648 2153 2853 2221 τάξεως
2877 2150 3152 2219 ἐξασθενεῖ
3183 2154 3262 2218 είς
3301 2153 3363 2206 τὸ
3386 2151 3648 2216 ὡσαύτως
3672 2150 3835 2222 ἐχειν.
3877 2150 3943 2206 Ἦ

2360 2243 2418 2297 δέ
2445 2244 2699 2298 ἀσθένεια
2721 2244 2820 2297 οὐκ
2844 2242 2958 2297 ἐστι
2982 2242 3248 2315 παντελὴς
3269 2243 3441 2314 φθορά
3462 2259 3476 2273 ·
3520 2244 3568 2297 εί
3605 2242 3712 2314 γὰρ
3748 2259 3945 2296 παντε-

2362 2332 2479 2408 λὴς,
2504 2331 2850 2407 ἀπολομένων
2870 2331 3093 2386 ἐκείνων
3114 2332 3243 2403 περὶ
3266 2330 3302 2385 ἃ
3323 2328 3578 2405 ηφθορά,
3601 2329 3744 2399 καὶὴ
3767 2326 3946 2397 φθορά

2364 2424 2429 2478 ἂν
2454 2423 2804 2478 ἐπιλελοίπει.
2835 2422 2997 2480 Ὥστε
3021 2424 3055 2497 ἡ
3075 2420 3309 2491 ἔλλειψις
3324 2420 3425 2489 τῆς
3448 2420 3655 2486 τάξεως
3683 2419 3743 2473 οὐ
3769 2417 3948 2473 τοιοῦ-

2362 2533 2452 2570 τον
2484 2517 2671 2581 κακὸν,
2702 2517 2868 2589 ῆγουν
2892 2513 3167 2579 παντελῶς
3194 2512 3380 2578 κακὸν,
3403 2514 3540 2585 ὅπερ
3574 2516 3630 2566 ἐν
3655 2515 3768 2577 τοῖς
3788 2508 3947 2566 οὖσιν

2365 2610 2466 2663 οὐκ
2495 2610 2661 2673 ἐστιν,
2692 2607 2806 2663 ἀλλ’
2830 2606 3046 2671 ἐλλιπὲς
3073 2606 3297 2676 ἀγαθόν.
3325 2602 3491 2669 Οὗτος
3520 2608 3547 2658 ὁ
3589 2605 3746 2674 λόγος
3788 2603 3948 2660 ἐσται

2363 2700 2457 2753 καὶ
2500 2700 2629 2771 περὶ
2686 2699 2783 2770 τῆς
2838 2698 3119 2769 δύναμεως
3172 2698 3269 2751 καὶ
3314 2698 3441 2767 περὶ
3481 2697 3581 2768 τῆς
3619 2698 3944 2766 ἐνεργείας·

2363 2794 2413 2849 εί
2464 2790 2571 2865 γάρ
2628 2789 2905 2863 ἐφθείρετο
2955 2790 3230 2853 παντελῶς
3277 2790 3337 2843 τὸ
3366 2788 3723 2860 ὑποκείμενον
3778 2791 3837 2842 ἐν
3895 2781 3949 2856 ᾧ

2364 2886 2399 2956 ή
2429 2883 2654 2955 δύναμις
2699 2882 2819 2936 οὐδὲ
2862 2884 2895 2954 ἡ
2941 2882 3208 2953 ἐνέργεια,
3260 2881 3334 2953 μὴ
3385 2880 3543 2956 μόνον
3592 2881 3714 2934 οὐδὲ
3767 2882 3800 2951 ἡ
3847 2881 3948 2933 δύ-

2364 2992 2526 3047 ναμις
2562 2975 2655 3027 καὶ
2691 2975 2725 3046 ἡ
2751 2974 2999 3044 ἐνέργεια
3028 2969 3119 3047 ἦν,
3140 2972 3255 3027 ἀλλ’
3278 2973 3399 3026 οὑδέ
3430 2972 3567 3046 αὑτὴ
3594 2974 3629 3046 ἡ
3658 2972 3849 3044 φθορά.
3879 2973 3949 3037 EI

2365 3065 2423 3120 δὲ
2461 3064 2694 3129 ἐσώζετο
2730 3064 2826 3137 μὲν
2858 3065 2919 3117 τὸ
2954 3064 3331 3136 ὑποκείμενον,
3363 3063 3608 3117 ἀπώλετο
3635 3063 3750 3134 δὲή
3782 3064 3950 3117 δύνα-

689 3155 938 3212 interiret
980 3158 1201 3214 omnino
1254 3160 1557 3231 subjectum
1598 3164 1854 3233 potentiae
1892 3171 1946 3217 et
1992 3164 2248 3228 actionis,

2367 3172 2456 3227 μις
2487 3156 2582 3209 καὶ
2608 3156 2642 3226 ὴ
2666 3154 2936 3225 ἐνέργεια,
2972 3153 3071 3205 οὐκ
3092 3147 3159 3223 ῆν
3183 3151 3462 3215 παντελῶς
3485 3150 3652 3205 κακὸν
3681 3154 3715 3221 ἡ
3748 3150 3948 3220 φθορὰ,

690 3260 799 3300 non
863 3246 1038 3301 solum
1092 3263 1199 3303 non
1253 3252 1367 3319 ipsa
1407 3251 1647 3320 potentia
1678 3261 1734 3307 et
1759 3253 1904 3308 actio
1941 3252 2147 3319 (orent,
2170 3254 2265 3308 sed

696 3352 797 3391 nec
838 3338 949 3408 ipsa
974 3340 1273 3411 corruptio.
1324 3342 1421 3397 Sin
1468 3342 1769 3411 subjectum
1815 3343 2033 3414 quidem
2079 3358 2265 3398 serva-

692 3420 862 3493 retur,
907 3429 1002 3483 sed
1041 3432 1284 3499 potentia
1315 3432 1574 3503 actioque
1624 3434 1943 3499 deﬁcerent,
1985 3436 2264 3506 corruptio

691 3518 854 3593 415
888 3521 1002 3578 haec
1029 3536 1134 3577 non
1167 3535 1313 3579 esset
1349 3526 1574 3580 omnino
1609 3524 1770 3594 mala,
1799 3536 1856 3580 ut
1888 3541 2008 3601 qua
2042 3541 2147 3581 non
2173 3540 2267 3595 pe-

693 3611 841 3665 nitus
876 3612 1250 3681 interimeret,
1289 3617 1384 3671 sed
1436 3616 1607 3672 solam
1662 3619 1960 3687 potentiam
1995 3628 2050 3673 et
2091 3619 2263 3680 actio-

697 3718 839 3759 nem.
877 3703 1014 3770 Quin
1050 3706 1213 3761 etiam
1242 3722 1615 3777 saepenumero
1646 3711 1924 3781 corruptio
1959 3712 2159 3770 bonum
2187 3712 2267 3765 fo-

698 3808 813 3862 ret;
850 3811 971 3851 nam
994 3798 1038 3853 si
1063 3802 1301 3867 potentia
1333 3800 1552 3856 etactio
1578 3802 1843 3856 bonarum
1880 3817 2061 3857 rerum
2084 3812 2262 3869 erant,

697 3889 974 3956 corruptio
1007 3903 1195 3944 earum
1230 3891 1371 3946 inter
1406 3892 1545 3946 mala
1584 3902 1705 3957 est;
1736 3895 1818 3949 sin
1856 3895 1941 3955 illa
1977 3904 2269 3951 erantma-

696 3981 869 4033 larum
906 3996 1085 4035 rerum
1111 4022 1127 4047 ,
1175 3991 1288 4037 tum
1338 3984 1615 4056 corruptio
1660 3996 1778 4043 erat
1812 3987 2033 4051 IJOIlllm,
2070 3987 2267 4057 quippe

696 4073 879 4126 sinens
901 4074 1119 4143 quidem
1165 4074 1467 4143 subjectum
1493 4116 1511 4143 ,
1540 4077 1856 4133 interimens
1885 4094 2017 4135 vero
2064 4080 2267 4135 malum

699 4164 937 4219 habitum
977 4177 1031 4219 et
1062 4176 1265 4220 actum.
1330 4167 1594 4223 Praeterea
1641 4170 1945 4235 daemones,
2001 4183 2269 4242 quatenus

699 4268 768 4308 ex
802 4254 943 4309 bono
971 4256 1078 4310 Deo
1104 4258 1359 4325 oriundi,
1398 4274 1739 4331 nequaquam
1791 4264 1954 4329 mali,
1991 4276 2269 4318 verumta-

701 4357 824 4397 men
861 4343 905 4398 si
940 4346 1062 4415 quis
1094 4348 1296 4403 dixerit
1326 4365 1421 4405 eos
1456 4351 1663 4419 malos,
1711 4353 1888 4408 dicam
1922 4366 1976 4409 et
2002 4370 2141 4424 ego;
2176 4357 2272 4411 sed

703 4448 810 4486 non
848 4434 900 4487 in
936 4445 1198 4504 quantum
1248 4438 1352 4493 hoc
1382 4447 1548 4504 sunt,
1584 4441 1679 4493 sed
1722 4450 1986 4509 quatenus
2024 4442 2125 4495 hoc
2165 4457 2270 4495 non

2368 3250 2443 3313 ὼς
2498 3246 2572 3320 μὴ
2623 3245 2899 3309 παντελῶς
2957 3245 3271 3315 φθείρουσα,
3325 3242 3461 3296 ἀλλά
3502 3242 3669 3313 μόνην
3718 3242 3816 3313 τὴν
3853 3242 3952 3295 δύο

2366 3358 2530 3417 ναμιν
2562 3340 2655 3394 καὶ
2688 3338 2784 3410 τὴν
2808 3338 3109 3408 ἐνέργειαν.
3134 3335 3399 3398 Πολλάκις
3421 3334 3476 3387 δέ
3498 3334 3719 3405 ἔμελλεν
3745 3336 3777 3405 ἡ
3810 3335 3951 3403 90o-

2370 3434 2444 3507 ρά
2462 3430 2600 3487 εἶναι
2623 3433 2717 3486 καὶ
2740 3431 2938 3500 ἀγαθόν
2958 3447 2970 3460 ⁸
3002 3432 3049 3483 εί
3071 3427 3179 3499 γὰρ
3202 3429 3236 3500 ἡ
3261 3427 3489 3498 δύναμις
3515 3428 3609 3480 καὶ
3632 3428 3664 3498 η
3694 3429 3952 3498 ἐνέργεια

2363 3526 2472 3579 τῶν
2501 3523 2719 3593 ἀγαθῶν
2751 3518 2923 3598 ἦσαν,
2954 3516 3023 3593 ἦν
3068 3519 3135 3574 ἂν
3178 3518 3352 3590 φθορά
3392 3517 3499 3571 τῶν
3540 3517 3757 3572 κακῶν·
3810 3520 3857 3573 εί
3883 3520 3953 3574 δὲ

2365 3621 2546 3673 ἐκεῖνα
2578 3616 2685 3670 τῶν
2716 3615 2901 3669 κακῶν
2927 3611 3087 3691 ἦσαν,
3124 3610 3191 3689 ἦν
3230 3613 3295 3667 ἂν
3335 3614 3367 3683 ἡ
3396 3611 3569 3683 φθορὰ
3594 3612 3795 3681 ἀγαθὸν
3820 3654 3834 3678 ,
3866 3612 3955 3679 ὡς

2366 3710 2511 3769 ἐῶσα
2558 3709 2656 3781 μὲν
2697 3708 2758 3761 τὸ
2796 3708 3154 3777 ὑποκείμενον
3178 3746 3195 3770 ,
3230 3703 3525 3775 φθείρουσα
3550 3705 3606 3758 δέ
3631 3705 3729 3775 τὴν
3768 3706 3954 3775 κακὴν

2366 3802 2478 3869 ἐξιν
2509 3802 2602 3856 καὶ
2630 3800 2728 3873 τὴν
2752 3799 3048 3870 ἐνέργειαν.
3073 3791 3207 3848 Εἶτα
3239 3796 3287 3847 oi
3319 3793 3586 3864 δαίμονες,
3617 3794 3691 3857 ὡς
3717 3797 3779 3847 ἐκ
3795 3794 3943 3849 Θεοῦ

2367 3892 2459 3952 τοῦ
2490 3890 2693 3965 ἀγαθοῦ
2730 3889 3032 3959 γεγονότες,
3058 3888 3117 3940 οὐ
3152 3884 3345 3940 κακοί·
3378 3884 3520 3938 ἀλλά
3549 3886 3654 3957 μὴν
3678 3888 3817 3941 εῖποι
3836 3903 3953 3951 τις,

2368 3986 2449 4039 ὅτι
2476 3984 2634 4037 κακοὶ
2654 4023 2668 4048 ,
2712 3982 2854 4055 φημὶ
2883 3979 3035 4049 κάγώ
3056 3993 3067 4007 ·
3095 3977 3210 4032 ἀλλ’
3233 3979 3292 4031 οὐ
3320 3978 3455 4041 καθό
3490 3979 3593 4029 είσι
3633 3976 3771 4039 τόδε,
3804 3974 3949 4030 ἀλλά

2369 4077 2504 4136 καθὸ
2535 4077 2633 4129 οὐκ
2675 4073 2781 4127 είσὶ
2818 4072 2935 4124 τόδε
2956 4111 2970 4137 ,
3007 4070 3247 4141 δηλονότι
3276 4069 3350 4133 ὡς
3382 4068 3745 4139 ἐπλάσθησαν.
3792 4069 3948 4122 Διότι

2371 4167 2727 4241 παρήχθησαν
2780 4163 2874 4216 καὶ
2919 4162 3071 4215 αὐτοὶ
3117 4162 3195 4225 είς
3236 4162 3343 4215 πᾶν
3374 4161 3532 4230 ἔργον
3561 4159 3790 4227 ἀγαθόν·
3825 4159 3951 4212 ἀλλ’

2371 4256 2674 4327 ἡσθένησαν
2701 4256 2779 4317 είς
2806 4252 2867 4304 τὸ
2891 4252 3125 4322 τηρῆσαι
3143 4251 3243 4323 τὴν
3274 4250 3480 4309 ἑαυτῶν
3504 4251 3695 4321 ἀρχὴν,
3728 4250 3820 4302 καὶ
3843 4252 3956 4322 τὴν

2372 4350 2453 4411 είς
2477 4347 2537 4399 τὸ
2571 4343 2707 4400 εἶναι
2744 4344 3113 4415 παραγωγήν·
3154 4344 3213 4394 ἐν
3242 4342 3417 4395 οὐδενὶ
3462 4341 3569 4411 γὰρ
3606 4341 3747 4414 ἄλλῳ
3787 4346 3957 4397 κακοί

2374 4441 2531 4503 εἰσιν,
2556 4440 2604 4493 εί
2637 4439 2710 4509 μὴ
2743 4440 2800 4490 ἐν
2828 4441 2893 4508 τῇ
2926 4435 3123 4488 παύσει
3146 4434 3243 4506 τῆς
3271 4432 3433 4503 ἕξεως
3460 4434 3567 4486 τῶν
3587 4434 3821 4503 ἀγαθῶν,
3851 4438 3958 4490 καὶ

704 4532 851 4590 sunt,
889 4540 1082 4595 nempe
1117 4526 1257 4582 sicut
1287 4538 1445 4583 erant
1470 4532 1665 4584 creati.
1703 4532 1969 4599 Quoniam
1999 4533 2265 4602 procreati

2373 4533 2431 4584 ἐν
2456 4531 2533 4602 τῷ
2569 4530 2641 4600 μὴ
2672 4532 2909 4599 ἐνεργεῖν
2939 4527 2999 4579 τὸ
3024 4524 3223 4593 ἀγαθόν
3248 4541 3261 4554 ·
3289 4524 3427 4577 ὥστε
3464 4526 3601 4578 κατά
3634 4526 3956 4598 προαίρεσίν

704 4626 831 4671 sunt
862 4626 915 4671 et
956 4619 1057 4689 ipsi
1107 4620 1174 4674 ad
1209 4634 1369 4677 omne
1418 4637 1553 4693 opus
1612 4625 1835 4689 bonum,
1874 4626 1969 4679 sed
2012 4626 2270 4679 infirmati

707 4718 852 4775 sunt,
880 4714 1024 4782 quod
1056 4728 1162 4767 non
1196 4715 1555 4770 custodierint
1593 4718 1955 4786 principatum
2004 4733 2159 4772 suum
2211 4733 2274 4771 ac

707 4812 907 4857 statum
951 4806 1004 4859 in
1038 4821 1147 4876 quo
1192 4807 1362 4862 creati
1400 4818 1643 4863 erante:
1687 4812 1737 4864 in
1776 4810 1920 4865 nullo
1966 4811 2109 4865 enim
2163 4811 2275 4865 alio

712 4894 837 4949 mali
870 4907 991 4950 sunt
1018 4912 1179 4965 quam
1216 4898 1267 4951 in
1304 4900 1613 4954 cessatione
1648 4902 1867 4956 habitus
1891 4902 2175 4968 bonorum,
2219 4912 2274 4957 et

708 4987 851 5055 quod
893 5004 997 5042 non
1019 5000 1311 5059 operentur
1346 4992 1564 5058 bonum,
1608 4995 1679 5048 ita
1714 5006 1773 5050 ut
1805 4998 2100 5053 secundum
2147 5011 2273 5068 pro-

710 5078 943 5148 positum
973 5080 1102 5132 mali
1133 5082 1261 5145 sint,
1295 5092 1349 5135 et
1380 5098 1485 5138 non
1520 5086 1814 5139 secundum
1846 5096 2116 5152 naturam;
2140 5088 2275 5143 alio-

710 5172 839 5239 quin
866 5174 1009 5225 enim
1061 5171 1289 5227 fuissent
1328 5189 1545 5245 semper
1579 5177 1730 5233 mali.
1778 5179 1939 5249 Atqui
1986 5188 2174 5233 contra
2228 5180 2271 5234 si

712 5276 927 5330 semper
955 5262 1103 5326 mali,
1141 5278 1249 5318 non
1288 5266 1445 5331 mali;
1480 5270 1623 5322 unde
1656 5270 2018 5336 concluditur,
2061 5271 2202 5339 quod
2230 5272 2273 5326 si

714 5358 1013 5410 secundum
1050 5366 1293 5411 naturam
1326 5359 1451 5415 mali
1488 5373 1647 5428 sunt,
1697 5380 1800 5419 non
1836 5366 1943 5419 sint
1977 5366 2142 5431 mali;
2175 5366 2277 5419 hoc

715 5448 859 5502 enim
894 5450 1153 5503 absonum
1183 5465 1197 5502 :
1236 5453 1435 5507 malum
1461 5466 1640 5510 autem
1676 5458 1819 5528 quod
1856 5473 2067 5530 semper
2090 5459 2275 5512 eodem

719 5539 877 5595 modo
909 5554 970 5596 se
1000 5540 1194 5610 habet,
1239 5558 1346 5600 non
1377 5554 1460 5603 est
1504 5548 1733 5617 malum,
1779 5550 2043 5620 siquidem
2088 5548 2278 5607 eodem

796 5733 819 5763 ⁸
842 5724 964 5781 Jud.
996 5743 1069 5783 vt.

2374 4623 2477 4673 είσι
2508 4618 2685 4683 κακοὶ,
2715 4618 2827 4671 ἀλλ’
2852 4618 2911 4669 οὐ
2937 4614 3077 4668 κατά
3111 4614 3269 4683 φύσιν
3290 4630 3301 4640 '
3330 4610 3470 4691 ﬁam
3499 4614 3605 4683 γὰρ
3632 4614 3697 4666 ἂν
3737 4617 3822 4666 ἀεὶ
3844 4633 3952 4669 κα-

2375 4714 2479 4766 κοί.
2507 4713 2616 4765 Καὶ
2637 4710 2821 4772 πάλιν,
2852 4710 2899 4760 εί
2930 4707 3017 4759 ἀεὶ
3047 4708 3236 4771 κακοὶ,
3271 4706 3330 4758 οὺ
3374 4705 3567 4758 κακοί·
3602 4706 3692 4757 καὶ
3721 4706 3954 4774 συνάγε-

2375 4825 2481 4870 ται,
2510 4807 2589 4858 ὅτι
2624 4806 2671 4856 εί
2699 4801 2838 4855 κατά
2864 4800 3022 4871 φύσιν
3049 4801 3227 4864 κακοὶ,
3260 4800 3319 4851 οὺ
3349 4800 3540 4852 κακοί·
3572 4798 3799 4852 ἄτακτον
3812 4800 3947 4871 γάρ·

2374 4906 2435 4962 τὸ
2478 4904 2645 4957 κακὸν
2688 4902 2745 4955 δέ
2783 4900 2843 4953 τὸ
2872 4900 2955 4953 ἀεὶ
2981 4897 3239 4959 ὡσαύτως
3268 4896 3407 4967 ἕχον.
3441 4895 3501 4947 οὐ
3533 4894 3716 4955 κακὸν,
3747 4891 3808 4943 τὸ
3837 4892 3953 4962 γάρ

2379 4998 2463 5052 (3ιεῖ¹
2490 4995 2704 5058 ταύτὸν,
2733 4993 2825 5046 τοῦ
2846 4989 3049 5061 ἀγαθοῦ
3084 4990 3213 5047 ἴδιον
3240 5006 3252 5018 ·
3282 4990 3343 5041 τὸ
3374 5005 3443 5056 γα
3454 5004 3482 5059 ρ
3511 4986 3709 5055 ἀγαθὸν
3750 5000 3954 5053 συντη-

2384 5088 2598 5161 ρητικόν
2622 5090 2737 5139 ἐστι
2764 5084 2856 5139 τοῦ
2877 5084 3091 5149 ταὺτοῦ,
3125 5084 3311 5151 ὥσπερ
3348 5080 3405 5132 τὸ
3440 5080 3604 5133 κοκὸν
3625 5075 3952 5129 διαλυτικόν.

2380 5185 2442 5238 Ei
2474 5182 2531 5235 δὲ
2574 5180 2673 5232 οὐκ
2718 5180 2803 5231 ἀεὶ
2841 5178 3036 5243 κακοὶ,
3070 5176 3347 5248 (εῦρηνται
3392 5172 3499 5243 γὰρ
3539 5171 3727 5239 ἀγαθοὶ
3780 5185 3957 5239 παρα-

2381 5271 2755 5344 χθέντες·)οὑ
2797 5268 2954 5340 φύσει
2994 5268 3172 5329 κακοὶ,
3218 5263 3351 5317 ἀλλά
3393 5263 3526 5317 καθό
3568 5266 3670 5315 είσι
3702 5260 3795 5312 καὶ
3816 5259 3959 5323 ζῶσι

2382 5369 2477 5420 καὶ
2519 5364 2718 5429 νοοῦσι,
2748 5363 2841 5418 τοῦ
2870 5360 3075 5429 ἀγαθοῦ
3103 5357 3419 5429 μετέχουσιν
3445 5396 3458 5419 ,
3492 5350 3558 5425 ἦς
3587 5355 3649 5423 δὴ
3677 5352 3822 5422 ζωῆς
3864 5352 3979 5417 καὶ,

2384 5459 2655 5529 ἐφίενται·
2698 5458 2857 5512 κακοὶ
2894 5456 2949 5507 δέ
2978 5455 3261 5522 λέγονται,
3301 5449 3387 5502 διὰ
3430 5449 3491 5499 τὸ
3537 5444 3778 5500 ἀσθενεῖν
3828 5446 3961 5515 περὶ

2386 5552 2482 5624 τὴν
2510 5551 2647 5607 κατὰ
2690 5549 2848 5617 φύσιν
2897 5547 3194 5617 ἐνέργειαν,
3232 5544 3324 5595 καὶ
3352 5541 3573 5610 ἐκβῆναι
3602 5539 3707 5591 τῶν
3745 5555 3961 5616 πρηση.
