4186 6308
266 278 365 334 797

832 276 917 330 DE
951 276 1207 333 DIVINIS
1239 276 1632 344 NOMlNlBUS,
1666 275 1823 333 CAP.
1859 273 1948 333 IV.
1984 308 2053 319 —
2085 275 2432 337 PARAPHB.
2467 276 2935 335 PACHYMERIE.

3402 275 3501 333 798

261 413 701 477 κᾶντωνῙΑλλως
732 430 792 467 τε
818 430 831 443 ·
858 415 923 467 Τί
948 414 1009 467 τὸ
1031 416 1088 469 ἐν
1112 412 1326 485 δαίμοσι
1353 414 1520 467 κακόν
1544 430 1559 480 ;
1586 412 1728 468 είποι
1751 430 1828 477 τις

1941 393 2099 448 modo
2132 407 2192 448 se
2226 393 2448 460 habere,
2482 394 2762 464 proprium
2795 401 2883 450 est
2916 392 3073 457 boni;
3108 392 3363 464 quoniam
3400 393 3500 446 bo-

261 506 325 560 άν
343 523 356 536 ·
383 507 565 577 Θυμὸς
592 506 784 575 ἄλογος
822 505 1087 578 (εὕρηται
1115 506 1223 578 γάρ
1261 508 1317 559 ἐν
1338 508 1370 577 ἡ
1381 508 1470 576 μίν
1498 506 1592 560 καὶ
1620 505 1834 575 ἐλλογος

259 598 287 649 6
325 596 466 648 κατά
492 595 586 649 τοῦ
616 595 812 668 ἐχθροῦ
849 598 942 650 καὶ
971 598 1069 668 τῆς
1100 596 1434 669 ἁμαρτίας)
1476 596 1573 651 καὶ
1610 596 1835 667 ἀνόητος

260 688 523 758 ἐπιθυμία
561 686 806 758 (εὓρηται
846 689 955 760 γὰρ
984 691 1078 742 καὶ
1121 690 1208 743 ἐπ’
1234 690 1412 755 ἄλλοις
1450 688 1712 762 ἐπιθυμία
1750 688 1835 742 ἐν·

260 795 382 841 νους
400 795 413 807 ·
457 778 768 847 Ἐπιθυμίᾳ
800 780 1167 849 ἐπεθύμησα,
1192 782 1305 846 καὶ,
1336 779 1490 848 ἀνὴρ
1512 778 1835 853 ἐπιθυμιῶν

258 868 367 921 τῶν
395 870 723 940 κρειττόνων
754 873 782 923 6
821 870 1066 941 Δανιήλο)
1103 873 1199 926 καὶ
1242 872 1507 943 φαντασία
1534 872 1831 945 προπετὴς,

258 962 443 1015 ἐκεῖνα
486 961 919 1033 φανταζομένους
946 956 1021 1015 ὧν
1045 980 1174 1017 ποτε
1202 964 1282 1028 είς
1306 963 1418 1031 ἐξιν
1447 964 1549 1020 οὐκ
1582 962 1829 1017 ἐλεύσον-

255 1071 345 1107 ται
370 1070 384 1083 ·
432 1053 544 1106 ἐστι
594 1053 703 1125 γὰρ
740 1055 832 1107 καὶ
863 1055 1130 1124 φαντασία
1164 1056 1224 1110 οὐ
1272 1057 1550 1131 προπετὴς
1570 1098 1585 1122 ,
1614 1058 1733 1111 καθ’
1762 1058 1832 1129 ῆν

257 1142 609 1212 ἐφαπτόμεθα
652 1143 761 1197 τῶν
796 1144 962 1197 ὄντων
1009 1144 1105 1200 καὶ
1142 1144 1401 1201 δυνατῶν.
1441 1146 1594 1199 Ἐπεὶ
1632 1142 1726 1200 οῦν
1762 1147 1829 1201 τά

255 1232 502 1300 τοιαῦτα,
556 1233 665 1289 εἴτε
708 1252 793 1298 τις
844 1234 986 1289 εἴποι
1027 1234 1095 1288 τά
1141 1235 1375 1308 κρείττω
1416 1236 1510 1290 καὶ
1542 1236 1691 1311 παρά
1717 1238 1829 1302 τοῖς

254 1326 481 1395 ἀγαθοῖς
510 1327 765 1399 ἀνδράσιν
782 1368 797 1393 ,
826 1328 935 1381 εἴτε
960 1328 1029 1383 τά
1072 1326 1239 1404 χείρω
1280 1329 1373 1384 καὶ
1400 1328 1552 1401 παρά
1575 1332 1687 1393 τοῖς
1716 1329 1829 1382 δαί-

255 1435 453 1488 μοσιν,
496 1420 583 1489 ἐφ’
611 1420 811 1491 ἐτέρων
854 1418 1010 1483 ζώων
1050 1420 1369 1477 συστατικαὶ
1402 1420 1659 1492 δυνάμεις
1700 1421 1825 1487 eiul,

253 1510 350 1562 καὶ
388 1510 487 1583 οὐχ
532 1512 565 1583 ἡ
608 1508 720 1577 ἕξις
759 1509 997 1577 τούτων,
1042 1511 1156 1567 ἀλλ’
1204 1513 1237 1586 ἡ
1284 1511 1561 1584 ἀναίρεσις
1610 1512 1821 1585 φθορά·

250 1603 628 1675 ἀναιρεθέντος
655 1604 762 1677 γὰρ
789 1603 884 1658 τοῦ
912 1604 1083 1679 θυμοῦ
1103 1645 1118 1670 ,
1144 1604 1244 1676 τῆς
1274 1604 1573 1673 φαντασίας
1599 1605 1694 1659 καὶ
1725 1605 1827 1678 τῆς

250 1696 568 1767 ἐπιθυμίας,
604 1698 723 1751 οὒδέ
758 1697 894 1763 ζῶον
927 1697 1109 1754 ἔσται·
1134 1698 1222 1753 διὰ
1244 1698 1417 1752 ταῦτα
1436 1699 1496 1752 οὐ
1524 1698 1671 1752 κακά
1694 1697 1825 1752 ταῦ-

1938 498 2064 538 num
2115 494 2200 539 est
2253 485 2690 541 conservativum
2740 485 3061 553 identitatis,
3110 486 3256 541 sicut
3300 483 3499 539 malum

1935 576 2343 633 destructivum.
2379 576 2537 644 Quod
2585 578 2632 633 si
2677 592 2786 633 non
2838 592 3054 647 semper
3099 576 3222 631 mali
3273 576 3496 639 fuerint,

1934 681 2055 722 cum
2092 671 2435 738 reperiantur
2462 671 2588 726 boni
2616 684 2741 726 esse
2770 672 2965 733 creati,
3002 685 3109 726 non
3148 668 3280 724 sunt
3307 677 3501 725 natura

1933 760 2096 823 mali,
2137 761 2229 815 sed
2264 771 2532 831 quatenus
2576 771 2703 817 sunt
2752 771 2809 816 et
2855 762 3042 815 vivunt
3089 770 3143 818 et
3192 762 3502 831 intelligunt

1931 852 2223 920 participes
2253 864 2382 907 sunt
2410 854 2556 920 boni,
2594 868 2755 923 quam
2782 853 2972 924 utique
2996 855 3162 908 vitam
3195 854 3359 910 etiam
3404 869 3501 923 ap-

1930 952 2151 1016 petunt;
2180 946 2272 999 sed
2296 946 2549 1001 dicuntur
2581 945 2731 1013 mali,
2758 956 3027 1017 quatenus
3058 946 3111 999 in
3144 944 3372 1000 naturali
3400 959 3499 1001 sua

1931 1037 2145 1093 actione
2170 1035 2535 1103 infirmautur,
2570 1046 2625 1093 et
2656 1052 2686 1092 a
2722 1038 2886 1093 rebus
2918 1037 3018 1093 sibi
3055 1036 3501 1092 convenientibus

1931 1124 2212 1181 deficiunt.
2237 1126 2375 1194 Quid
2409 1141 2562 1194 vero,
2589 1127 2734 1184 dicet
2760 1127 2975 1198 aliquis,
3010 1138 3270 1199 praeterea
3300 1127 3499 1182 malum

1931 1220 1984 1274 in
2016 1218 2393 1275 daamonibus?
2432 1219 2609 1275 Furor
2656 1220 2987 1276 irrationalis
3025 1221 3320 1291 (invenitur
3350 1220 3496 1275 enim

1928 1310 2092 1365 etiam
2128 1310 2180 1365 in
2206 1310 2363 1366 nobis
2390 1312 2471 1365 ira
2502 1312 2814 1378 rationalis,
2854 1322 2914 1367 ut
2957 1321 3148 1366 contra
3201 1312 3408 1367 hostem
3443 1322 3500 1366 et

1928 1402 2230 1474 peccatum)
2252 1413 2306 1457 et
2324 1404 2766 1473 concupiscentia
2788 1406 3008 1460 demens
3025 1406 3310 1476 (siquidem
3338 1406 3499 1461 etiam

1928 1494 1982 1549 in
2013 1494 2130 1548 aliis
2158 1494 2396 1563 prudens
2421 1495 2867 1566 concupiscentia
2906 1497 3175 1567 reperitur
3205 1515 3219 1552 :
3278 1496 3499 1551 Deside-

1926 1586 2005 1639 rio
2038 1585 2334 1639 desideravi
2368 1584 2412 1652 ί,
2446 1595 2537 1641 et:
2570 1584 2667 1640 Vir
2694 1587 3072 1643 desideriorum
3106 1591 3370 1643 bonorum
3396 1588 3501 1642 Da-

1926 1675 2113 1745 niel!)
2148 1688 2203 1731 et
2236 1676 2554 1747 imaginatio
2590 1694 2829 1750 przeceps
2852 1720 2867 1746 ,
2905 1681 3036 1735 dum
3067 1679 3157 1735 illa
3198 1680 3501 1751 imaginan-

247 1806 340 1854 τα,
375 1757 668 1846 ὥστε-οὑδὲ
694 1792 751 1844 ἐν
768 1757 889 1854 *τοῖς
915 1789 1133 1861 δαίμοσι
1161 1790 1436 1855 παντελῶς
1465 1789 1612 1843 κακά
1647 1789 1721 1854 ὡς
1750 1790 1825 1862 μὴ

1930 1776 2017 1821 tur
2048 1783 2169 1839 qua:
2216 1784 2492 1839 nunquam
2560 1769 2836 1826 habebunt
2881 1771 3171 1839 effectum;
3220 1780 3307 1828 est
3354 1773 3497 1827 enim

249 1886 564 1958 φθαρτικά·
625 1887 724 1943 οὐκ
781 1886 888 1957 ἄρα
912 1888 1071 1942 κακοὶ
1117 1884 1258 1941 κατά
1298 1885 1477 1956 φύσιν,
1509 1884 1622 1937 ἀλλ’
1671 1878 1830 1958 ᾖοὺκ

247 1977 390 2031 εἰσὶν
411 1977 626 2052 ἀγαθοί.
655 1978 765 2033 Καὶ
792 1979 892 2031 οὐκ
920 1976 1185 2049 ἠλλοιώθη
1216 1976 1424 2041 τούτοις
1450 1976 1511 2029 τὸ
1534 1976 1684 2030 δοθὲν
1700 1977 1831 2045 ἀγα-

248 2069 345 2122 θὸν
380 2070 624 2143 χάρισμα
645 2110 660 2135 ,
699 2069 886 2141 ὥσπερ
911 2069 1049 2143 τάχα
1079 2070 1159 2134 είς
1184 2070 1544 2141 μεταμέλειαν
1582 2068 1829 2133 ἐλθόντος

244 2159 345 2213 τοῦ
391 2160 559 2227 Θεοῦ,
608 2162 688 2215 δτι
733 2161 905 2226 οὕτως
943 2162 1137 2227 αὐτοὺς
1175 2162 1433 2233 ἐτίμησε,
1480 2160 1554 2234 μὴ
1582 2160 1823 2231 γένοιτοί

246 2254 365 2310 ἀλλ’
400 2257 550 2311 αὐτοὶ
573 2255 666 2309 τοῦ
691 2256 814 2309 ὅλου
856 2256 1313 2311 ἀποπεπτώκασιν
1352 2256 1580 2327 ἀγαθοῦ,
1624 2256 1829 2328 μύσαν-

245 2366 344 2414 τες
367 2347 547 2403 αὒτῶν
571 2348 669 2412 τὰς
692 2347 1065 2418 άγαθοπτικάς
1091 2348 1370 2419 δυνάμεις,
1400 2346 1583 2422 καθῲς
1602 2347 1715 2419 ἔχει
1730 2346 1827 2402 καὶ

244 2440 309 2492 τὸ
351 2442 477 2515 περὶ
521 2440 615 2494 τοῦ
667 2439 880 2512 Ἰσραὴλ
921 2440 1240 2515 εἰρημένον·
1284 2438 1429 2508 Τοὺς
1482 2437 1826 2509 ὀφθαλμοὺς

244 2532 449 2587 αὐτῶν
486 2532 838 2603 ἐκάμμυσαν
857 2574 874 2600 ,
915 2533 1013 2587 καί
1053 2532 1178 2601 τοῖς
1225 2532 1333 2587 ὠσί
1374 2531 1609 2600 ,βαρέως
1644 2530 1827 2601 ἥκου-

243 2640 392 2690 σαν,
424 2623 507 2697 μή
546 2640 689 2678 ποτε
728 2624 1158 2693 ἑπιστρέψωσι,
1185 2622 1281 2678 καί
1310 2621 1558 2692 ίάσωμαι
1581 2622 1822 2688 αὐτούς.

247 2716 354 2770 Διά
382 2715 539 2770 τοῦτο
566 2717 658 2771 καὶ
689 2716 768 2769 ἐτι
792 2715 1009 2785 λέγεται
1033 2716 1062 2769 ὁ
1087 2714 1261 2769 Σατάν
1293 2713 1631 2785 Ἐωσφόρος’
1656 2714 1749 2767 καὶ
1767 2715 1827 2767 ἐν

246 2810 601 2881 [εὐαγγελίοις
620 2827 633 2839 ·
687 2807 1013 2876 Ἐθεώρουν
1036 2806 1143 2861 τὸν
1185 2805 1462 2862 Σατανᾶν
1501 2807 1581 2873 ὡς
1605 2807 1826 2873 ἀστρα-

242 2900 377 2969 πὴν
408 2902 473 2954 ἐκ
510 2902 614 2956 τοῦ
642 2900 900 2970 οὐρανοῦ
926 2899 1210 2953 πεσόντα.
1238 2899 1374 2970 Περὶ
1414 2897 1524 2970 γάρ
1548 2898 1647 2970 τὴν
1674 2896 1826 2963 τάξιν

242 2992 431 3046 αὐτῶν
470 2994 568 3066 τὴν
600 2992 896 3063 ἀγγελικὴν
931 2992 1024 3045 καὶ
1050 2990 1312 3061 φωτοειδῆ
1354 2992 1454 3071 τὴν
1482 2988 1707 3056 ἀταξίαν
1730 2989 1826 3043 καὶ

241 3083 347 3156 τὴν
371 3084 572 3158 φθοράν
598 3084 752 3157 ἔσχον
790 3085 855 3137 ἐκ
899 3083 1291 3154 προαιρέσεως,
1324 3080 1505 3145 καθὼς
1546 3081 1638 3135 καὶ
1675 3080 1823 3152 παρά
1851 3106 1893 3165 C

239 3174 595 3247 τῷῚεζεκιηλ
613 3175 837 3248 εὓρηται
854 3192 866 3204 ·
902 3173 1160 3243 Ἑφθάρη
1180 3175 1216 3241 ή
1234 3170 1532 3241 ἐπιστήμη
1560 3188 1675 3226 σου
1702 3170 1823 3225 σὺν

242 3267 331 3332 τῷ
354 3266 562 3321 κάλλει
592 3283 729 3332 σου,
759 3266 996 3337 δηλονότι
1017 3266 1051 3336 ή
1075 3264 1365 3336 φωτοειδὴς
1395 3264 1507 3330 ἕξις
1534 3263 1627 3317 καὶ
1666 3264 1698 3334 ἠ
1725 3262 1824 3333 ἀγ·

239 3359 630 3430 γελοπρέπεια.
662 3359 787 3421 Πῶς
812 3358 868 3410 δέ
888 3357 982 3409 τοῦ
1010 3357 1082 3427 μὴ
1107 3356 1274 3420 ὅντως
1297 3354 1592 3426 ἐφιέμενοι,
1619 3353 1712 3407 τοῦ
1734 3372 1826 3429 καρ-

240 3450 345 3505 κοῦ
382 3451 651 3519 ἐφίενται,
681 3450 713 3521 ἢ
740 3450 1015 3521 δηλονότι,
1050 3447 1285 3517 ἀλήθειά
1317 3450 1465 3501 ἐστιν
1496 3449 1523 3500 6
1552 3446 1682 3509 Θεὸς
1729 3446 1825 3500 καὶ

239 3545 343 3608 6v;
385 3543 445 3596 τὸ
486 3543 541 3595 δέ
572 3545 635 3612 τῇ
676 3541 903 3613 ἀληθεία
944 3538 1318 3611 ἀντικείμενον
1349 3536 1542 3603 ψεῦδος
1565 3577 1579 3600 ,
1614 3537 1735 3595 οὔτε
1764 3538 1824 3591 δν

240 3638 416 3698 ἐστιν,
436 3633 537 3697 ἔξω
558 3633 667 3704 γάρ
697 3632 790 3685 τοῦ
822 3632 957 3685 Θεοῦ
990 3630 1289 3695 παντελῶς,
1330 3629 1454 3683 οὔτε
1493 3629 1659 3683 εἰκὼν
1685 3631 1816 3704 ἀλη-

239 3725 418 3789 θείας.
451 3724 744 3796 Ἐπειδὴδέ
772 3722 946 3777 πείθει
976 3722 1126 3785 τινάς
1153 3717 1290 3774 εἷναί
1331 3738 1404 3786 τι,
1437 3720 1589 3775 ἔσται
1619 3739 1828 3775 σκοτει-

237 3818 336 3873 νὸν
359 3818 450 3871 καὶ
473 3816 710 3887 ἀμυδρὸν
742 3815 852 3869 τῶν
872 3813 1120 3869 ὁπωσοῦν
1144 3813 1314 3867 ὄντων
1338 3812 1555 3867 εἴδωλον
1573 3830 1587 3844 ·
1618 3813 1703 3867 διὸ
1732 3815 1826 3868 καὶ

238 3909 498 3981 ἐνεργείᾳ
522 3911 668 3961 ἐστὶν
694 3907 912 3960 εἴδωλον
934 3948 948 3973 ,
982 3907 1075 3961 καὶ
1104 3905 1353 3977 ἐνεργείᾳ
1392 3905 1607 3975 ψεῦδος,
1638 3905 1827 3959 τουτέ-

240 4018 363 4054 στιν
391 3998 656 4069 ἀληθινῶς
684 4000 778 4052 καὶ
818 3998 985 4062 ὅντως
1015 3994 1209 4069 ψεῦδος
1234 4038 1248 4061 ,
1294 3996 1415 4049 ὅθεν
1446 3996 1539 4049 καὶ
1577 3994 1827 4067 ἐνεργείᾳ

243 4092 326 4163 μὴ
359 4092 436 4143 ὃν.
467 4091 675 4161 Ὠσπερ
700 4085 790 4143 οῦν
812 4090 904 4142 ἐπὶ
940 4088 1048 4143 τῶν
1089 4088 1298 4159 ψευδῶς
1326 4088 1496 4140 ὄντων
1537 4087 1597 4140 τὸ
1631 4086 1827 4157 ψεῦδος

238 4180 549 4251 ἀναιρεθὲν,
579 4182 759 4233 πᾶσαν
784 4180 883 4250 τὴν
908 4177 1093 4230 οὐσίαν
1120 4176 1213 4228 τοῦ
1246 4176 1569 4247 πράγματος
1593 4175 1823 4245 ἀναιρεῖ·

238 4271 391 4325 οῦτω
420 4272 511 4324 καὶ
538 4273 565 4324 6
591 4271 685 4324 τοῦ
716 4269 941 4340 ψεύδους
968 4267 1129 4340 ἐρῶν,
1159 4268 1235 4330 ὼς
1260 4268 1309 4319 oi
1335 4266 1608 4335 δαίμονες,
1634 4264 1728 4317 τοῦ
1755 4262 1829 4336 μὴ

240 4364 398 4427 ὄντος
424 4366 525 4435 ἐρᾷ
549 4404 563 4428 ,
592 4365 688 4415 καὶ
717 4364 776 4415 ἐν
806 4360 882 4431 τῷ
920 4359 1054 4423 ὄντι,
1076 4358 1353 4411 τουτέστιν
1392 4360 1449 4410 ἐν
1487 4361 1553 4428 τῇ
1579 4356 1827 4428 ἀληθείᾳ,

1927 1857 2091 1911 etiam
2123 1857 2437 1927 imaginatio
2465 1857 2689 1915 minime
2716 1874 2976 1930 praeceps,
3004 1877 3109 1934 qua
3140 1876 3202 1917 ea
3230 1876 3350 1932 quae
3373 1870 3500 1916 sunt

1926 1958 1983 2002 et
2014 1946 2130 2003 fieri
2165 1960 2396 2019 possunt
2424 1950 2769 2021 attingimus.
2795 1951 2927 2006 Cum
2964 1952 3151 2020 itaque
3182 1952 3296 2008 base
3335 1952 3409 2007 ita
3441 1967 3501 2008 se

1928 2038 2187 2105 habeant,
2214 2041 2330 2095 sive
2360 2042 2489 2111 quis
2522 2041 2661 2096 bona
2696 2042 2841 2097 dicat
2874 2042 2937 2098 de
2981 2043 3113 2097 viris
3146 2044 3352 2117 probis,
3385 2044 3501 2097 sive

1916 2131 2074 2185 ‘mala
2110 2135 2180 2187 de
2232 2132 2592 2200 dmmonibus,
2647 2134 2702 2190 in
2759 2133 2882 2190 aliis
2936 2142 3115 2191 tamen
3173 2136 3500 2191 animalibus

1926 2230 2054 2279 sunt
2099 2223 2332 2281 virtutes
2370 2225 2761 2295 constitutivae,
2810 2237 2867 2283 et
2910 2242 3253 2298 nequaquam
3304 2230 3503 2283 horum

1929 2314 2179 2379 habitus,
2210 2314 2304 2370 sed
2334 2313 2537 2371 ablatio
2564 2327 2648 2372 est
2677 2317 2959 2384 interitus;
2994 2318 3175 2372 ablata
3210 2320 3354 2374 enim
3385 2319 3499 2372 ira-

1926 2407 2145 2473 cundia,
2179 2406 2564 2476 imaginatione
2587 2407 2753 2481 516
2794 2420 2850 2464 et
2879 2410 3324 2479 concupiscentia
3350 2450 3366 2478 ,
3397 2424 3501 2465 nec

1927 2495 2103 2566 ipsum
2130 2496 2330 2551 animal
2352 2499 2497 2564 erit;
2532 2510 2865 2570 quapropter
2891 2500 3004 2555 haec
3040 2516 3147 2557 non
3181 2513 3309 2558 sunt
3334 2503 3496 2571 maia,

1928 2597 2093 2657 atque
2122 2588 2260 2642 adeo
2290 2589 2451 2643 etiam
2484 2589 2537 2645 in
2572 2590 2910 2646 daemonibus
2947 2605 3053 2645 non
3090 2592 3313 2647 omnino
3357 2593 3500 2648 mala

1927 2684 2086 2742 sunt,
2127 2676 2327 2748 quippe
2372 2678 2493 2735 illos
2532 2695 2639 2733 non
2694 2680 3096 2749 interimentia;
3156 2697 3262 2737 non
3315 2682 3501 2754 itaque

1928 2766 2053 2820 mali
2081 2775 2208 2821 sunt
2242 2770 2535 2823 secundum
2564 2778 2833 2836 naturam,
2881 2772 2977 2826 sed
3016 2772 3069 2827 in
3104 2784 3363 2843 quantum
3389 2788 3498 2829 non

1927 2868 2054 2913 sunt
2086 2859 2233 2915 boni.
2269 2860 2457 2930 Neque
2481 2862 2706 2930 bonum,
2746 2864 2889 2931 quod
2919 2864 3030 2919 illis
3058 2880 3375 2919 concessum
3393 2876 3497 2933 est,

1928 2951 2144 3021 penitus
2172 2966 2480 3020 perversum
2514 2965 2622 3016 est,
2664 2956 2818 3023 quasi
2856 2955 2998 3009 forte
3040 2957 3302 3026 pteniteat
3330 2957 3495 3012 Deum

1930 3044 2075 3114 quod
2110 3044 2181 3096 ita
2208 3043 2328 3097 illos
2360 3043 2682 3111 honorarit,
2721 3046 2896 3108 absit;
2936 3047 3031 3102 sed
3079 3048 3293 3119 ipsimet
3321 3065 3351 3103 a
3386 3059 3499 3105 toto

1926 3133 2069 3188 bono
2095 3134 2477 3200 desciverunt,
2518 3140 2795 3205 potentias
2838 3152 2966 3193 suas
2992 3139 3118 3195 boni
3150 3139 3350 3195 visivas
3375 3140 3501 3196 odio

1927 3227 2225 3291 habentes,
2266 3226 2418 3294 juxta
2468 3228 2518 3281 id
2554 3229 2697 3297 quod
2742 3229 2810 3285 de
2850 3230 3047 3302 popqu
3089 3231 3386 3289 israeiitico
3412 3232 3502 3288 di-

1926 3328 2072 3373 ctum
2099 3328 2224 3375 est:
2256 3317 2452 3374 Oculos
2483 3336 2605 3376 suos
2636 3323 2963 3390 clauserunt,
2985 3334 3032 3380 et
3064 3308 3281 3380 auribus
3319 3325 3499 3395 gravi-

1925 3421 2005 3465 ter
2055 3412 2378 3479 audierunt,
2435 3415 2712 3485 nequando
2765 3426 3164 3487 convertantur,
3214 3426 3263 3471 et
3322 3434 3502 3472 sanem

1926 3520 2013 3558 eos
2035 3504 2086 3560 λ.
2121 3506 2324 3560 Idcirco
2364 3510 2661 3562 etiamnum
2721 3508 2955 3564 Satanas
3003 3509 3219 3564 Lucifer
3252 3511 3501 3565 nomina-

1936 3606 2049 3660 tur,
2078 3608 2133 3651 et
2180 3597 2233 3651 iu
2284 3596 2589 3667 Evangeliis
2632 3598 2879 3654 dicitur:
2936 3597 3185 3653 Videbam
3243 3598 3501 3653 Satanam

1927 3689 2065 3742 sicut
2095 3689 2277 3758 fulgur
2322 3690 2387 3741 de
2418 3689 2542 3743 coelo
2589 3693 2854 3745 cadentem
2881 3692 2925 3743 ί.
2968 3690 3025 3745 ιιι
3060 3692 3307 3745 ordinent
3347 3694 3495 3745 enim

1928 3796 2084 3835 suum
2128 3780 2431 3850 angelicum
2462 3796 2526 3837 ac
2566 3782 2911 3837 iuciformcm
2960 3784 3416 3838 inordinationem
3446 3790 3503 3838 et

1929 3873 2217 3929 interitum
2249 3888 2313 3927 ex
2344 3875 2621 3944 proposito
2650 3874 3007 3941 iuvexerunt,
3040 3876 3181 3929 sicut
3226 3875 3504 3944 reperitur

1930 3968 2071 4035 apud
2094 3966 2430 4021 Ezechielem
2458 3966 2527 4021 ll:
2571 3965 2835 4035 Corrupto
2884 3977 2959 4020 est
3007 3968 3223 4021 scientia
3266 3978 3356 4021 tua
3382 3982 3502 4021 cunt

1931 4062 2327 4134 pulchritudine
2361 4071 2473 4128 tua,
2499 4062 2549 4115 id
2579 4072 2661 4115 est
2690 4059 2993 4115 luciformis
3018 4059 3235 4113 habitus
3262 4070 3318 4113 et
3339 4060 3505 4127 ange-

1931 4158 2066 4213 licus
2094 4158 2279 4213 decor.
2318 4156 2602 4223 Quomodo
2629 4166 2832 4220 autem,
2866 4156 2990 4208 dum
3027 4156 3081 4208 id
3117 4154 3258 4222 quod
3284 4168 3390 4206 non
3420 4162 3503 4207 est

1930 4261 2211 4321 appetunt,
2236 4251 2438 4305 malum
2476 4257 2767 4317 appetunt,
2810 4247 2914 4301 nisi
2962 4248 3088 4316 quia
3129 4246 3272 4300 Deus
3300 4245 3503 4299 veritas

1930 4356 2013 4403 est
2040 4354 2095 4398 et
2130 4344 2269 4398 ens?
2314 4342 2457 4410 quod
2503 4350 2685 4395 autem
2721 4339 2934 4393 veritati
2976 4347 3237 4408 repugnat
3281 4338 3497 4393 menda-

241 4459 346 4529 οὐχ
378 4433 630 4528 ἕστηκεν.
676 4455 737 4509 Οί
765 4450 858 4507 οῦν
882 4454 1154 4525 δαίμονες,
1183 4450 1325 4504 καθά
1352 4468 1513 4523 φησιν
1540 4453 1568 4503 6
1604 4449 1825 4520 Κύριος,

1933 4442 2075 4495 cium
2098 4478 2112 4504 ,
2166 4452 2343 4507 neque
2388 4450 2485 4491 ens
2520 4444 2639 4499 est,
2691 4434 2960 4504 siquidem
2990 4433 3210 4486 omnino
3240 4441 3322 4485 est
3348 4438 3501 4485 extra

239 4524 473 4620 ψεῦσται
499 4524 670 4613 δντες,
688 4549 780 4601 καὶ
804 4524 1037 4619 πατέρες
1062 4543 1156 4597 τοῦ
1180 4542 1427 4616 ψεύδους,
1453 4542 1547 4597 τοῦ
1578 4541 1650 4613 μὴ
1678 4542 1828 4607 ὄντος

1936 4535 2130 4597 Deum,
2160 4545 2261 4585 nec
2285 4530 2463 4600 imago
2501 4527 2770 4582 veritatis.
2797 4526 2930 4581 Cum
2971 4533 3149 4578 autem
3179 4524 3504 4594 persuadeat

239 4613 510 4713 ἐφίενται,
535 4644 627 4695 καὶ
650 4640 819 4695 κακοῦ
846 4613 1106 4709 ἐφίενται.
1198 4613 1207 4616 Ἴ

1936 4625 2260 4697 quibusdam
2295 4634 2521 4693 prorsus
2549 4633 2670 4674 esse
2705 4618 2930 4686 aliquid,
2978 4616 3269 4671 obscurum
3300 4613 3405 4667 erit
3438 4627 3505 4667 ac

243 4706 414 4790 tenue
435 4750 615 4788 rerum
635 4747 851 4805 quoquo
877 4706 1038 4788 modo
1060 4730 1446 4786 exsistentium
1477 4730 1865 4787 simulacrum;
1923 4720 2180 4791 quocirca
2214 4719 2381 4773 etiam
2415 4712 2608 4770 effectu
2653 4713 3001 4805 simulacrum
3062 4718 3178 4805 est,
3219 4716 3272 4762 et
3297 4706 3504 4805 effectu

242 4826 469 4893 falsum,
512 4826 565 4881 id
586 4795 668 4881 est
696 4795 822 4881 vere
848 4841 912 4881 ac
951 4825 1171 4880 realitcr
1214 4822 1431 4889 falsum,
1464 4830 1628 4890 atque
1663 4821 1798 4872 adeo
1827 4817 1989 4872 etiam
2016 4813 2213 4869 effectu
2261 4825 2370 4864 non
2422 4822 2541 4862 ens.
2590 4803 3051 4873 Quemadmodum
3084 4801 3249 4869 igitur
3296 4799 3349 4852 in
3396 4795 3503 4851 fai-

242 4921 323 4975 sis
377 4921 629 4984 entibus,
689 4920 735 4973 si
785 4917 997 4973 falsitas
1064 4918 1383 4979 auferatur,
1432 4928 1649 4968 omnem
1696 4910 1771 4965 rei
1827 4907 2190 4963 substantiam
2240 4904 2451 4968 aufert;
2499 4899 2575 4954 ita
2625 4910 2841 4967 quoque
2887 4893 3145 4947 falsitatis
3188 4906 3402 4957 amans,
3446 4899 3504 4945 ut

242 5016 543 5078 dmmones,
582 5020 725 5066 amat
762 5011 813 5065 id
835 5012 976 5081 quod
1010 5025 1114 5064 non
1145 5018 1246 5074 est,
1276 5018 1329 5062 et
1358 5009 1412 5062 in
1444 5021 1509 5061 eo
1532 5004 1671 5076 quod
1712 5013 1817 5069 est,
1851 5003 1901 5057 id
1958 5011 2040 5056 est
2074 4999 2129 5053 in
2169 4999 2421 5060 veritate,
2478 5008 2586 5046 non
2631 4999 2758 5045 stat.
2816 4990 3097 5043 Daemones
3138 4988 3320 5081 igitur,
3362 4987 3502 5042 sicut

242 5109 325 5161 ait
349 5105 631 5169 Dominus,
675 5117 797 5157 cum
838 5080 1128 5157 mendaces
1168 5101 1278 5157 sint
1336 5108 1392 5153 et
1439 5097 1705 5152 mendacii
1736 5107 1940 5165 patres,
1971 5098 2232 5163 appetunt
2274 5090 2325 5144 id
2366 5087 2510 5157 quod
2543 5098 2649 5140 non
2682 5091 2785 5148 est,
2827 5081 3135 5150 malumque
3169 5080 3499 5135 desiderant.

317 5264 350 5335 ς
386 5262 570 5317 XXIV.
600 5260 929 5315 Μεταόαίνει
954 5260 1047 5313 ἐπὶ
1074 5261 1172 5323 τὰς
1197 5257 1493 5329 λεγομένας
1519 5258 1695 5321 κακὰς
1722 5257 1825 5327 ψυ-

242 5358 372 5427 χας,
398 5354 689 5425 γυμνάζων
714 5354 803 5406 τὸν
828 5352 984 5420 λόγον
1012 5354 1106 5405 καὶ
1132 5354 1224 5405 ἐπὶ
1250 5352 1475 5413 τούτων,
1520 5353 1567 5403 εἰ
1606 5351 1824 5403 δύναται

240 5448 338 5500 ἐπὶ
379 5445 580 5515 ταύτης
601 5447 617 5464 ¹
647 5439 783 5496 εἷναί
810 5459 930 5495 τινα
957 5443 1143 5495 οὐσίαν
1170 5442 1263 5494 καὶ
1291 5442 1409 5495 καθ’
1436 5442 1568 5494 αὑτὸ
1592 5440 1684 5493 τοῦ
1727 5457 1826 5493 κα-

237 5539 367 5602 κοῦ,
382 5539 473 5593 καί
493 5554 674 5609 φησιν·
696 5537 853 5590 Ἀλλά
876 5536 960 5600 τίς
981 5536 1122 5589 εἴποι
1146 5535 1322 5605 ψυχάς
1347 5536 1522 5599 κακάς
1543 5552 1556 5599 ;
1583 5536 1693 5587 Καὶ
1719 5535 1821 5605 μὴν

237 5634 273 5706 ἦ
301 5637 366 5687 ὲν
389 5631 464 5702 τῷ
490 5629 834 5698 συγγίνεσθαι
877 5630 1083 5699 ἑτέροις
1128 5632 1316 5691 κακοῖς
1341 5628 1402 5679 τὸ
1428 5628 1595 5681 κακὸν
1622 5629 1652 5697 ἡ
1678 5627 1822 5697 ψυχὴ

321 5746 341 5785 ῐ
377 5746 503 5798 an.
541 5759 669 5800 χχιι.
708 5743 786 5798 l5.
890 5746 914 5783 ε
946 5741 1075 5796 Dan.
1121 5759 1193 5807 Ix,
1223 5742 1310 5798 “3.3.
1387 5743 1412 5783 ιλ
1452 5741 1519 5796 Is.
1553 5758 1625 5805 vr,
1661 5744 1734 5799 το.

1812 5754 1823 5779 ι
1862 5738 1991 5795 Luc.
2024 5755 2075 5803 Χ,
2112 5737 2197 5793 18.

2010 5251 2037 5322 §
2069 5249 2258 5305 XXIV.
2294 5249 2511 5304 Transit
2558 5250 2624 5301 ad
2656 5247 2828 5302 dictas
2875 5261 3069 5316 pravas
3116 5260 3351 5311 animas,
3380 5260 3501 5300 ser-

1932 5358 2148 5397 monem
2176 5343 2230 5396 iu
2259 5343 2323 5397 iis
2354 5355 2641 5403 exercens,
2679 5356 2745 5393 an
2776 5341 2989 5408 possint
3017 5340 3069 5392 in
3110 5339 3176 5393 iis
3221 5340 3386 5393 etiam
3411 5354 3499 5393 se-

1932 5437 2163 5490 cundum
2193 5434 2557 5489 substantiam
2581 5433 2761 5502 aliqua
2786 5448 2907 5487 esse
2946 5432 3083 5485 mala
3111 5470 3126 5496 ,
3155 5440 3209 5486 et
3237 5431 3313 5484 ait
3344 5449 3357 5483 :
3391 5431 3496 5485 Sed

1930 5529 2054 5599 quis
2094 5529 2239 5584 dicat
2284 5529 2495 5581 animas
2545 5541 2667 5580 esse
2712 5524 2919 5578 malas?
2951 5524 3163 5579 Etenim
3204 5524 3285 5579 vei
3314 5540 3379 5578 ex
3408 5539 3497 5589 ευς

1931 5621 2072 5691 quod
2112 5636 2234 5677 cum
2285 5619 2408 5674 aliis
2456 5617 2616 5673 rebus
2650 5615 2809 5672 malis
2844 5627 3113 5689 versetur,
3155 5618 3353 5675 malum
3377 5617 3497 5678 ani-

2302 5737 2326 5776 li
2382 5736 2517 5807 Cap.
2552 5752 2742 5803 xxvm,
2780 5736 2835 5791 7.
