4186 6308
695 325 796 383 790

1863 333 1919 390 S.
1958 331 2259 390 DlONYSll
2296 332 2753 412 AREOPAGITA-I

3847 349 3953 408 suo

682 461 780 510 ma
819 446 1062 512 habebit,
1106 447 1190 502 vel
1220 449 1364 518 quod
1391 465 1424 505 a
1457 453 1752 522 semetipsa
1782 452 2108 523 depravetur
2145 473 2158 510 :
2196 456 2256 511 si-

2371 457 2502 523 ἕξει,
2532 456 2565 526 ἢ
2595 457 2686 526 ἀφ’
2714 457 2910 529 ἑαυτῆς
2939 458 3250 515 κακύνεται·
3281 461 3329 514 εί
3360 461 3458 532 μὲν
3494 462 3552 514 ἐν
3591 462 3667 534 τῷ
3694 465 3951 535 συγγίνε-

690 537 906 608 quidem
942 553 1012 591 ex
1045 542 1504 609 conversatione,
1558 543 1641 599 vel
1690 555 1750 601 ut
1797 546 1937 600 mala
1990 547 2156 602 simili
2205 565 2264 604 se

689 631 972 699 conjungit
1003 631 1053 684 ci
1081 647 1402 701 occurrens,
1433 637 1516 692 vel
1571 648 1623 691 ut
1674 638 1838 702 bona,
1884 651 1991 709 quo
2018 639 2161 695 forte
2188 642 2276 717 illi.

688 703 901 792 prosit,
943 724 1100 792 juxta
1141 725 1346 779 dictum
1381 730 1625 799 Apostoli
1652 752 1662 785 :
1695 703 1916 785 Factus-
1940 749 2054 786 sum
2085 735 2150 787 iis
2174 708 2266 803 qui

685 817 799 871 sine
821 817 930 885 lege
956 826 1127 881 erant,
1158 829 1409 890 tanquam
1441 824 1552 877 sine
1583 824 1693 893 lege
1726 822 1769 890 ι,
1806 834 1859 878 et
1881 827 1995 880 haec
2019 837 2268 881 nonsunt

691 906 850 970 mala,
886 909 1140 975 quoniam
1166 923 1396 982 utraque
1427 923 1480 969 et
1516 917 1741 984 provide
1769 916 1933 989 417
1963 927 2016 972 et
2057 919 2264 974 saluta-

689 996 825 1050 riter
854 997 1008 1063 fiunt,
1046 999 1174 1053 dum
1212 1003 1466 1057 nimirum
1498 1007 1677 1060 anima
1725 1008 1904 1062 studet
1945 1008 2027 1063 vel
2064 1009 2262 1066 malum

691 1085 926 1152 evitare,
961 1087 1044 1141 vel
1096 1091 1150 1141 in
1185 1089 1387 1144 bonum
1432 1106 1790 1149 commutare.
1843 1094 1978 1150 illud
2028 1097 2262 1167 primum

689 1170 895 1245 itaque,
927 1184 1070 1245 quod
1106 1189 1362 1250 tanquam
1409 1185 1547 1238 mala
1577 1202 1698 1239 cum
1728 1188 1886 1243 malis
1917 1199 2106 1255 coeat,
2141 1205 2267 1260 pro.

688 1268 940 1323 videmiae
963 1286 1182 1339 quoque
1213 1289 1277 1326 ac
1308 1272 1501 1329 salutis
1532 1275 1797 1330 rationem
1839 1278 2024 1345 habet,
2058 1280 2266 1335 scilicet

687 1364 1003 1429 apparentis
1043 1372 1096 1417 et
1140 1380 1246 1418 non
1300 1367 1522 1422 omnino
1568 1383 1748 1435 verm;
1799 1374 2051 1439 quoniam
2099 1389 2262 1443 prava

675 1454 864 1504 'anima
922 1463 1078 1506 curat
1103 1494 1118 1518 ,
1152 1463 1209 1506 ut
1243 1467 1489 1512 servetur
1519 1460 1717 1513 malum
1750 1463 1800 1515 in
1844 1445 1914 1518 iis.
1940 1465 2264 1533 quibuscum

685 1542 1076 1611 congreditur:
1112 1546 1212 1599 hoc
1247 1548 1406 1600 modo
1454 1550 1771 1617 aggreditur
1813 1553 1904 1621 qui
1952 1566 2170 1609 sanctos
2197 1557 2264 1610 ab

688 1633 842 1687 initio
875 1636 1047 1702 cepit;
1089 1638 1217 1704 quia
1243 1639 1343 1691 sub
1365 1638 1489 1692 boni
1515 1643 1694 1706 specie
1714 1645 2080 1711 congreditur,
2100 1657 2158 1700 ut
2179 1649 2269 1702 ni-

685 1726 882 1779 mirum
922 1731 1126 1794 prosit,
1165 1740 1219 1783 et
1251 1733 1328 1784 sic
1357 1745 1566 1789 noceat.
1594 1734 1843 1790 Praeterit
1889 1737 1975 1791 hic
2007 1738 2258 1807 alterum,

2371 548 2564 619 σθαι,ἢ
2593 549 2668 613 ὠς
2695 550 2839 622 κακὴ
2868 551 3200 620 συγγίνεται,
3227 552 3305 622 τῷ
3322 552 3493 624 ὁμοίῳ
3519 546 3951 628 προστρέχουσα,

2366 639 2398 711 ἢ
2428 640 2503 703 ὡς
2534 636 2731 712 ἀγαθὴ,
2763 642 2848 695 ἵνα
2872 645 3031 714 τυχὸν
3048 643 3326 718 ὠφελήσῃ,
3353 646 3495 700 κατὰ
3519 648 3579 700 τὸ
3601 651 3659 702 ἐν
3684 649 3760 720 τῷ
3790 650 3953 704 Ἀπο-

2369 731 2539 803 στόλῳ
2562 722 2850 804 λεγόμενον
2875 753 2888 765 ·
2922 737 3251 806 Ἐγενόμην
3288 737 3411 804 τοῖς
3445 739 3690 808 ἀνόμοις
3713 743 3792 808 ὡς
3812 741 3954 796 dro-

2360 842 2492 892 μος·
2531 825 2624 878 καὶ
2649 826 2819 880 ταῦτα
2843 829 2941 881 οὐκ
2967 829 3081 881 ἐστι
3106 828 3251 882 κακὰ
3269 870 3283 893 ,
3310 832 3432 883 ἐπεί
3456 833 3537 884 τοί
3564 850 3626 901 γε
3652 834 3745 888 καὶ
3769 835 3950 906 ἀμφό-

2365 933 2496 985 τερα
2526 919 2896 989 προνοητικῶς
2910 938 2970 974 τε
2998 923 3090 975 καὶ
3115 925 3395 989 σωστικῶς
3418 925 3675 994 γίνονται,
3696 944 3951 997 προνοου-

2371 1006 2538 1078 μέψης
2566 1007 2664 1078 τῆς
2692 1008 2868 1086 ψυχῆς
2899 1005 3009 1064 οἷον
3037 1012 3068 1082 ἢ
3095 1013 3324 1081 φυλάξαι
3351 1016 3412 1067 τὸ
3434 1017 3620 1080 κακὸν,
3649 1017 3682 1088 ἢ
3711 1018 3949 1088 μεταϐα-

2365 1099 2476 1154 λεῖν
2522 1103 2600 1164 είς
2643 1102 2703 1155 τὸ
2743 1103 2964 1171 ἀγαθόν.
2996 1106 3147 1176 Ἔχει
3189 1106 3318 1175 γοῦν
3345 1109 3442 1161 καὶ
3463 1110 3523 1162 τὸ
3558 1111 3840 1182 πρότερον,
3867 1112 3948 1164 ὅτι

2369 1193 2679 1262 συγγίνεται
2703 1195 2778 1258 ὡς
2803 1196 2947 1267 κακὴ
2974 1200 3085 1261 τοῖς
3113 1199 3557 1264 κακοῖς,”ἐννοιαν
3579 1203 3834 1273 προνοίαις
3856 1205 3951 1260 καὶ

2370 1289 2659 1358 σωτηρίας,
2705 1289 3033 1359 φαινομένης
3080 1291 3134 1343 δὲ
3156 1333 3170 1357 ,
3201 1293 3292 1349 καὶ
3322 1294 3397 1366 μὴ
3421 1294 3678 1366 ἀληθινῆς
3708 1295 3945 1361 πάντως,

2367 1379 2450 1430 ὅτι
2475 1379 2843 1450 προνοουμένη
2869 1383 2900 1450 ἡ
2934 1381 3076 1452 κακὴ
3098 1381 3241 1455 ψυχὴ
3261 1383 3278 1448 ,’
3310 1385 3397 1437 ἵνα
3425 1377 3663 1456 σώζηται
3691 1386 3751 1439 τὸ
3780 1389 3949 1442 κακὸν

2367 1463 2448 1532 οἷς
2479 1469 2806 1537 συγγίνεται.
2840 1470 2940 1522 Διὰ
2973 1470 3128 1523 τοῦτο
3154 1474 3464 1542 συγγίνεται
3490 1477 3517 1529 ὁ
3552 1478 3610 1530 ἐν
3635 1481 3746 1541 τοῖς
3775 1478 3949 1546 ἁγίοις

2367 1561 2601 1632 ἀρχῆθεν
2625 1560 2822 1627 λαϐὼν,
2851 1563 2931 1614 ὅτι
2957 1561 3030 1626 ὡς
3055 1564 3230 1635 ἀγαθὴ
3261 1566 3601 1634 συγγίνεται,
3645 1569 3949 1641 ἶν’-ὠφελή-

2371 1671 2438 1726 σῃ
2460 1653 2655 1726 δηλαδὴ
2685 1655 2777 1706 καὶ
2818 1654 2906 1707 διὰ
2930 1656 3083 1708 τοῦτο
3115 1655 3439 1730 βλάπτηται·
3470 1649 3715 1732 παριδὼν
3737 1663 3796 1716 τὸ
3831 1663 3950 1716 ἐτε-

2373 1763 2463 1818 ρον
2487 1785 2500 1810 ,
2542 1745 2603 1798 τὸ
2640 1746 2714 1810 ὡς
2750 1746 2893 1818 κακὴ
2938 1747 3194 1812 πολλάκις
3234 1749 3540 1817 συγγίνεται
3581 1755 3693 1817 τοῖς
3731 1756 3944 1819 κακοῖς,

684 1819 828 1885 quod
878 1828 1133 1894 tanquam
1185 1822 1323 1875 mala
1367 1839 1739 1893 smpenumero
1779 1843 1902 1882 cum
1948 1830 2104 1885 malis
2135 1847 2256 1886 con-

2363 1817 2880 1909 ἐπεξεργαζόμενος,
2911 1840 2991 1891 ὃτι
3020 1839 3180 1892 καλόν
3208 1843 3326 1895 ἐστι
3354 1841 3512 1898 τοῦτο
3543 1844 3678 1897 καθὸ
3711 1849 3951 1915 προνοεῖ-

683 1907 998 1976 grcdiatur,
1051 1909 1306 1986 inferens
1349 1913 1450 1967 hoc
1501 1929 1622 1969 esse
1656 1915 1875 1981 bonum,
1909 1917 1961 1969 in
1997 1929 2258 1987 quantum

683 1999 750 2053 iis
780 2016 897 2068 qua:
942 2002 1150 2069 perdita
1198 2016 1321 2057 sunt
1367 2006 1659 2060 consulere
1703 2021 1768 2061 ac
1812 2009 2036 2062 salutem
2067 2007 2262 2065 alfcrre

683 2094 852 2160 cupit,
887 2096 1102 2148 tametsi
1140 2110 1248 2150 non
1282 2099 1480 2164 possit,
1512 2100 1603 2152 sed
1636 2102 1818 2167 potius
1855 2101 2085 2170 ipsamet
2133 2104 2262 2169 mali

682 2187 957 2255 particeps
1006 2189 1286 2247 reddatur.
1331 2192 1412 2246 Ad
1457 2196 1756 2247 secundum
1788 2195 1891 2250 hoc
1932 2207 2137 2253 tantum
2165 2217 2262 2272 op-

678 2280 875 2346 ponit:
909 2280 1061 2348 Quod
1097 2283 1141 2336 si
1176 2292 1436 2353 tanquam
1471 2286 1610 2340 bona
1641 2291 1997 2359 congreditur
2034 2304 2092 2347 ut
2133 2310 2261 2365 pro.

682 2374 770 2434 sit,
801 2381 854 2426 et
883 2387 979 2441 per
1037 2375 1158 2437 hoc,
1184 2388 1400 2439 noceat.
1446 2395 1551 2432 non
1589 2381 1703 2450 jam
1745 2389 1848 2437 hoc
1900 2383 2122 2450 malum,
2164 2388 2259 2442 sed

681 2464 904 2529 bonum,
931 2475 984 2519 et
1008 2481 1072 2520 ex
1107 2466 1248 2522 bono
1272 2470 1415 2537 quod
1444 2473 1609 2526 etiam
1647 2475 1846 2528 malum
1882 2476 2081 2532 bonum
2105 2478 2254 2536 facit.

683 2552 836 2619 Quod
875 2557 918 2610 si
953 2574 1064 2612 non
1098 2559 1226 2621 hoc,
1281 2561 1374 2614 sed
1419 2561 1651 2616 alterum
1699 2567 2082 2635 concedamus,
2116 2575 2259 2640 quod

680 2646 939 2704 nimirum
989 2651 1174 2704 anima
1221 2653 1547 2722 depravetur
1586 2671 1613 2708 ει
1656 2661 1985 2728 semetipsa,
2017 2677 2256 2731 quanam

679 2737 784 2795 alia
817 2753 874 2794 re
899 2740 1250 2810 depravatur,
1286 2760 1448 2813 quam
1473 2747 1782 2804 defectione
1826 2752 2130 2808 bonorum?
2154 2755 2260 2810 Ne-

679 2844 951 2897 quaquam
981 2846 1112 2885 sane
1139 2833 1193 2885 in
1223 2837 1507 2904 supposito
1535 2839 1720 2909 aliquo
1747 2841 1888 2895 malo
1909 2843 2256 2913 depravatur,

680 2920 824 2973 sicut
867 2922 1175 2991 exemplum
1221 2923 1351 2978 illud
1398 2931 1462 2980 de
1493 2944 1621 2983 aere
1663 2931 1855 2997 habet;
1897 2949 2075 3004 neque
2109 2940 2251 2994 enim

679 3013 883 3088 malum
900 3022 1001 3083 _est
1037 3016 1222 3085 aliqua
1269 3020 1594 3087 subsuntia,
1640 3039 1818 3092 neque
1849 3029 2123 3094 potentia,
2159 3047 2257 3084 nc-

679 3119 789 3174 que
835 3107 1008 3173 actio,
1059 3110 1155 3163 sed
1195 3109 1444 3166 defectus
1485 3126 1540 3168 et
1571 3117 1815 3170 carentia
1858 3119 2252 3186 perfectioris:

678 3193 753 3249 ita
785 3211 885 3251 nos
936 3198 1026 3267 qui
1060 3213 1244 3256 mente
1291 3220 1355 3258 ac
1407 3207 1618 3261 ratione
1673 3208 1946 3277 regimur,
1991 3211 2257 3267 invadunt

679 3286 965 3354 passiones
1004 3304 1100 3359 per
1139 3292 1412 3349 defectum
1459 3297 1727 3352 bonorum
1755 3315 1772 3364 ;
1805 3311 1858 3356 et
1893 3301 2097 3356 idcirco
2145 3319 2253 3358 non

674 3390 807 3439 sunt
838 3381 965 3450 ipsa:
1010 3397 1108 3452 per
1155 3399 1216 3440 se
1248 3387 1400 3442 mala:
1421 3428 1438 3453 ,
1474 3390 1527 3444 in
1554 3401 1816 3460 quantum
1863 3405 1991 3449 sunt
2022 3396 2250 3464 aliquid,

690 3473 787 3527 sed
818 3473 974 3534 malae
1019 3487 1178 3545 sunt,
1224 3483 1366 3550 quod
1395 3499 1502 3538 non
1532 3487 1642 3539 sint
1687 3487 1742 3540 in
1763 3488 1908 3542 bono
1951 3490 2045 3544 sed
2072 3492 2138 3545 ab
2166 3490 2255 3547 illo

678 3564 957 3620 deﬁciant.

751 3651 981 3729 δην.
1032 3661 1091 3716 ln
1124 3664 1457 3721 animalibus
1504 3678 1684 3724 autem
1737 3670 1919 3726 brutis
1969 3673 2254 3742 passiones

677 3749 797 3804 ista:
831 3766 938 3810 non
966 3761 1176 3809 tantum
1217 3773 1327 3811 non
1365 3770 1493 3813 sunt
1525 3761 1682 3814 malzu
1723 3763 2047 3832 simpliciter
2075 3775 2129 3821 et
2159 3769 2256 3821 ab-

677 3844 874 3910 solute,
901 3847 1034 3915 quin
1066 3850 1258 3914 etiam,
1293 3851 1341 3906 si
1369 3851 1489 3906 illas
1514 3855 1806 3911 abstuleris
1831 3859 1898 3913 ab
1929 3862 2254 3920 animalibus

677 3937 876 4005 quibus
921 3941 1137 4005 insunt,
1179 3958 1246 3997 ue
1290 3943 1591 4000 istiusmodi
1621 3949 2136 4016 quidem'aniinalia
2173 3955 2254 4009 fu-

679 4041 801 4081 tura
832 4030 945 4084 sint
971 4034 1156 4101 qualia
1180 4025 1466 4103 dieuntur;
1497 4037 1566 4091 ita
1603 4049 1680 4101 ut,
1713 4057 1834 4094 cum
1867 4055 2117 4098 naturam
2140 4063 2256 4103 nia-

678 4123 760 4188 gis
786 4138 1129 4183 conservent
1161 4144 1325 4197 quam
1363 4131 1701 4198 interimant,
1737 4152 2078 4206 nequaquam
2114 4142 2252 4195 inuia

682 4217 821 4283 sint;
856 4218 1122 4288 siquidem
1157 4235 1366 4277 naturae
1397 4225 1681 4291 interitus,
1711 4229 1943 4286 defectio
1966 4243 2050 4286 est
2099 4236 2253 4290 habi-

683 4319 832 4362 tnum
874 4313 1206 4366 naturalium
1242 4323 1295 4369 et
1337 4312 1611 4373 actionum
1659 4329 1821 4389 atque
1857 4324 2137 4379 virtutum.
2189 4328 2257 4382 Et

682 4416 798 4453 cum
829 4406 1118 4471 generatio
1147 4408 1370 4476 quidam
1399 4421 1578 4465 motus
1603 4413 1850 4478 exsistat,
1875 4418 2055 4470 omnis
2073 4429 2251 4474 autem

2366 1931 2486 1984 σθαι
2525 1928 2620 1985 καὶ
2657 1932 2849 1998 σώζειν
2891 1932 3033 1986 θέλει
3058 1932 3137 1985 ⁸τά
3172 1934 3538 2006 ἀπολλύμενα,
3581 1940 3628 1989 εἰ
3656 1940 3748 1991 καὶ
3773 1939 3833 1991 οὺ
3857 1937 3951 1990 δύ-

2363 2041 2552 2089 ναται,
2590 2005 2738 2079 ἀλλὰ
2768 2026 2964 2100 μᾶλλον
3006 2026 3382 2098 παραπολαύει
3424 2028 3517 2082 τοῦ
3557 2029 3752 2082 κακοῦ³
3809 2029 3949 2100 πρὸς

2362 2118 2421 2170 τὸ
2458 2117 2706 2189 δεύτερον
2750 2118 2906 2172 τοῦτο
2945 2119 3100 2190 μόνον
3136 2119 3351 2191 ἀπαντᾷ
3375 2160 3388 2183 ,
3417 2121 3531 2173 ὅτιο
3578 2123 3638 2174 Et
3667 2123 3741 2184 ὼς
3765 2121 3948 2193 ἀγαθὴ

2365 2207 2698 2277 συγγίνεται,
2728 2210 2794 2262 ἵν’
2824 2209 3104 2283 ὠφελήσῃ,
3133 2213 3225 2265 καὶ
3250 2211 3338 2268 διὰ
3361 2211 3518 2264 τοῦτο
3547 2211 3862 2282 βλάπτεται,
3881 2214 3945 2267 οὐ

2362 2300 2529 2354 κακὸν
2552 2301 2735 2368 τοῦτο,
2760 2301 2884 2354 ’ἀλλ’
2913 2303 3137 2372 ἀγαθὸν,
3166 2305 3260 2358 καὶ
3285 2306 3349 2357 ἐκ
3373 2305 3610 2373 τάγαθοῦ
3643 2306 3736 2359 τοῦ
3767 2307 3858 2359 καὶ
3881 2307 3948 2360 τὸ

2361 2393 2529 2446 κακὸν
2570 2394 2949 2462 ἀγαθύνοντος.
2995 2396 3057 2448 Et
3101 2395 3158 2448 δὲ
3189 2395 3480 2475 μὴοῦτως,
3513 2397 3732 2457 ἀλλὰτὸ
3757 2399 3948 2470 ἕτερον

2361 2479 2602 2559 δώσομεν
2623 2529 2637 2553 ,
2683 2490 2762 2542 ὅτι
2804 2489 2895 2558 ἀφ’
2937 2489 3133 2559 ἑαυτῆς
3159 2489 3450 2543 κακύνεται
3476 2494 3508 2563 ἡ
3535 2491 3680 2565 ψυχὴ
3699 2533 3714 2556 ,
3754 2494 3810 2545 ἐν
3835 2492 3948 2545 τίνι

2361 2576 2506 2648 ἄλλῳ
2552 2579 2841 2632 κακύνεται
2890 2580 3124 2644 πάντως,
3173 2581 3221 2632 εἰ
3255 2579 3328 2651 μὴ
3371 2584 3431 2634 ἐν
3469 2586 3532 2653 τῇ
3560 2583 3792 2653 ἐλλείψει
3831 2584 3947 2636 τῶν

2359 2673 2581 2742 ἀγαθῶν
2606 2691 2619 2738 ;
2646 2674 2718 2727 Οὐ
2749 2673 2852 2746 μὴν
2895 2672 2950 2725 δέ
2988 2673 3045 2726 ἓν
3082 2690 3185 2727 τινι
3215 2675 3509 2739 ὑποστάσει
3538 2675 3616 2748 τῷ
3654 2675 3806 2746 κακῷ
3831 2694 3940 2729 κα-

2361 2768 2580 2819 κύνεται
2600 2806 2615 2830 ,
2658 2765 2839 2828 καθὼς
2881 2765 2972 2817 καὶ
3010 2765 3070 2818 τὸ
3100 2765 3228 2837 περὶ
3266 2766 3355 2819 τὸν
3382 2766 3519 2836 ἀέρα
3545 2767 3656 2838 ἔχει
3685 2768 3951 2839 παράδει-

2359 2875 2475 2929 γμα
2495 2874 2507 2886 ·
2538 2856 2660 2911 οὕτε
2679 2858 2796 2933 ,γὰρ
2822 2857 2977 2909 οὐσία
3001 2857 3082 2920 τίς
3109 2858 3223 2910 ἐστι
3243 2859 3304 2916 τὸ
3328 2857 3513 2923 κακὸν,
3540 2858 3662 2911 οὔτε
3689 2859 3944 2933 δύναμις,

2359 2950 2481 3003 οὗτε
2518 2951 2786 3019 ἐνέργεια,
2834 2951 2946 3007 ἀλλ’
2972 2950 3212 3020 ἔλλειψις
3235 2952 3329 3009 καὶ
3365 2952 3568 3026 ἐρημία
3594 2954 3691 3025 τῆς
3719 2952 3946 3019 τελειώ-

2361 3058 2498 3106 σεως
2514 3057 2526 3070 ·
2557 3041 2650 3094 καὶ
2671 3041 2755 3110 ἐφ’
2784 3043 2913 3118 ἡμῖν
2936 3041 3002 3095 τὰ
3027 3040 3171 3115 πᾶθη
3203 3041 3298 3094 ἅτε
3325 3041 3562 3110 λογικοῖς
3587 3038 3705 3096 οὖσι
3746 3045 3838 3098 καὶ
3863 3045 3949 3116 νῷ

2283 3159 2328 3223 c
2361 3135 2792 3206 κυϐερνωμένοις
2812 3175 2826 3199 ,
2874 3135 2993 3186 κατ’
3023 3132 3258 3211 ἔλλειψιν
3285 3132 3396 3186 τῶν
3433 3132 3652 3202 ἀγαθῶν
3693 3136 3949 3208 ἐπεισέρ-

2357 3245 2559 3299 χονται·
2580 3228 2674 3282 καὶ
2699 3227 2788 3281 διὰ
2814 3225 2998 3291 τοῦτο,
3025 3226 3083 3278 οὐ
3109 3225 3256 3284 κακὰ
3282 3225 3403 3278 καθ’
3435 3225 3595 3293 αὐτὰ,
3620 3229 3700 3281 ὅτι
3727 3230 3831 3283 είσί
3857 3246 3943 3297 τι,

2356 3317 2502 3372 κακὰ
2526 3317 2602 3383 δὲ,
2628 3319 2709 3372 ὅτι
2731 3318 2835 3378 οὐκ
2853 3317 2991 3374 εἰσὶν
3032 3319 3090 3371 ἐν
3116 3315 3195 3387 τῷ
3225 3316 3432 3387 ἀγαθῷ,
3461 3317 3576 3384 ἀλλ’
3609 3321 3818 3385 ἐκείνου
3844 3323 3946 3376 ἐλ-

2348 3408 2652 3481 λείπονται.

2429 3682 2457 3754 ς
2491 3680 2656 3737 XXV.
2697 3682 2819 3736 Ἐπὶ
2844 3683 2899 3737 δὲ
2925 3685 3039 3746 τοῖς,
3061 3682 3272 3752 ἀλόγοις
3300 3681 3460 3747 ζώοις
3488 3680 3565 3743 τὰ,
3584 3681 3729 3754 πάθη
3751 3681 3962 3737 comi».

2353 3791 2443 3828 τον
2467 3775 2567 3827 οὑκ
2593 3772 2697 3827 είσὶ
2733 3776 2876 3828 κακὰ
2903 3775 3087 3839 ἁπλῶς
3112 3778 3206 3829 καὶ
3231 3774 3512 3840 ὁλοτελῶς,
3537 3775 3676 3829 ὥστε
3716 3779 3806 3830 καὶ
3838 3778 3951 3832 ἐὰν

2354 3867 2550 3938 ἀνέλῃς
2575 3865 2745 3920 ταῦτα
2768 3867 2874 3920 ἀπὸ
2897 3866 3004 3919 τῶν
3028 3867 3259 3942 ἐχόντων
3284 3866 3421 3920 αὑτὰ
3458 3866 3635 3933 ζώων,
3665 3869 3784 3922 οὐδὲ
3820 3867 3950 3933 ζῶα

2355 3958 2585 4012 τοιαῦτα
2622 3961 2757 4011 εἰσιν
2801 3954 2888 4011 οἷα
2930 3958 3206 4027 λέγονται·
3255 3957 3419 4023 ὥστε,
3466 3961 3587 4013 ἐπεὶ
3616 3959 3812 4031 μᾶλλον
3837 3978 3958 4031 φυ-.

2355 4050 2612 4106 λάσσουσι
2650 4052 2742 4104 καὶ
2785 4052 2844 4103 οὐ
2892 4051 3170 4122 φθείρουσι
3199 4051 3297 4128 τὴν
3323 4052 3502 4121 φύσιν,
3544 4054 3603 4105 οὐ
3634 4054 3776 4106 κακὰ
3795 4069 3806 4082 ·
3834 4054 3948 4125 τῆς

2355 4143 2570 4214 φύσεως
2609 4143 2717 4215 γὰρ
2757 4144 2933 4217 φθορὰ
2978 4145 3210 4214 ἔλλειψις
3243 4146 3350 4197 τῶν
3387 4147 3629 4215 φυσικῶν
3655 4145 3816 4209 ἕξεων
3837 4151 3964 4213 καὶ.»

2357 4237 2642 4308 ἐνεργειῶν
2667 4237 2760 4290 καὶ⁸
2787 4237 3067 4307 δυνάμεών
3093 4239 3226 4291 ἐστι.
3258 4239 3368 4291 Καὶ
3405 4241 3526 4291 ἐπεί
3549 4242 3695 4293 ἐστιν
3723 4242 3753 4311 ἡ
3783 4239 3945 4309 γένε-

2357 4347 2440 4393 σις
2465 4329 2693 4401 κίνησις,
2726 4331 2873 4382 πᾶσα
2899 4329 2951 4382 δὲ
2976 4330 3186 4401 κίνησις
3213 4332 3270 4383 ἐν
3307 4331 3481 4407 χρόνῳ
3512 4333 3628 4384 ἐστὶ
3655 4333 3743 4385 καὶ
3783 4332 3841 4396 ἐξ
3872 4334 3942 4387 οὐ

2358 4423 2563 4476 τελείου
2599 4425 2676 4486 είς
2701 4423 2760 4474 τὸ
2785 4422 3154 4493 τελειωθῆναι,
3182 4424 3300 4477 οὐδὲ
3336 4425 3394 4478 τὸ
3439 4425 3625 4489 ἀτελὲς
3651 4428 3753 4496 ἄρα
3783 4431 3948 4498 παρὰ

675 4503 852 4546 motus
891 4497 960 4548 sit
1000 4495 1053 4550 in
1098 4505 1360 4567 tempore,
1403 4511 1456 4555 et
1498 4503 1800 4574 imperfecti
1835 4507 1901 4560 ad
1957 4508 2246 4577 perfectio-

2358 4516 2548 4586 φύσιν,
2587 4516 2698 4570 ἀλλ’
2749 4517 2899 4580 ἐντὸς
2928 4517 3026 4588 τῆς
3071 4515 3283 4584 φύσεώς
3329 4519 3446 4570 ἐστι
3489 4519 3588 4587 τῆς
3629 4495 3944 4586 πεφυκυίας

674 4600 819 4652 nem,
863 4589 1045 4658 utique
1087 4605 1184 4645 nec
1220 4594 1563 4661 imperfectio
1601 4609 1790 4651 contra
1838 4609 2090 4655 naturam
2125 4613 2242 4669 est,

673 4681 765 4731 sed
794 4681 844 4732 in
876 4692 1070 4735 natura
1113 4698 1233 4751 qua:
1277 4689 1445 4754 exigit
1485 4692 1763 4758 suscipere
1810 4691 2239 4761 perfectionem;

674 4772 813 4825 unde
842 4789 1056 4843 quoque
1086 4776 1316 4842 ipsamet
1355 4780 1704 4848 imperfectio
1751 4799 1856 4838 non
1898 4795 1982 4839 est
2020 4789 2244 4842 omnino

671 4863 845 4928 nihil,
884 4881 1008 4920 cum
1046 4884 1153 4922 non
1198 4871 1269 4924 sit
1314 4876 1535 4928 omnino
1584 4886 1774 4929 contra
1809 4887 2083 4934 naturam.
2131 4879 2244 4937 Hoc

668 4965 850 5018 autem
879 4960 1031 5025 dicit,
1057 4971 1114 5014 ut
1138 4979 1302 5032 supra
1352 4966 1514 5021 dictis
1545 4984 1767 5023 sensum
1799 4972 2046 5040 adaptet;
2092 4974 2247 5029 dixe-

674 5061 759 5104 rat
792 5052 935 5106 enim
970 5054 1072 5120 ibi,
1111 5059 1254 5124 quod
1295 5059 1339 5112 si
1387 5061 1568 5114 anima
1610 5062 1976 5131 depravatur,
2029 5081 2248 5135 pertur-

672 5141 890 5198 batione
917 5147 1268 5216 depravatur;
1289 5153 1634 5222 perturbatio
1663 5164 1846 5210 autem
1876 5172 1982 5211 non
2013 5169 2098 5214 est
2125 5177 2245 5215 ma-

671 5238 782 5293 lum
819 5240 1036 5310 aliquod
1066 5245 1389 5311 subsistens,
1432 5249 1526 5304 sed
1571 5249 1814 5306 defectus
1843 5251 2011 5324 418
2051 5264 2106 5310 et
2144 5272 2246 5310 va-

667 5335 846 5389 cuitas
869 5335 1135 5393 bonorum
1155 5341 1539 5411 perfectionis;
1563 5348 1674 5403 haec
1698 5359 1878 5404 autem
1903 5352 2242 5420 imperfectio

670 5441 797 5486 est:
831 5437 973 5502 quod
1010 5437 1195 5508 itaque
1246 5442 1625 5512 imperfectum
1661 5457 1764 5513 est,
1797 5461 1903 5503 non
1934 5457 2018 5503 est
2051 5459 2240 5504 contra

672 5535 964 5594 naturain,
1016 5536 1452 5606 quandoquidem
1500 5543 1661 5597 etiam
1721 5559 1785 5598 ex
1848 5546 1952 5599 hoc
2000 5547 2242 5598 nondum

669 5620 970 5678 exsisteute
1003 5626 1304 5696 perfectum
1339 5634 1482 5703 quid
1530 5633 1803 5706 gignatur.
1867 5636 1927 5692 Si
1973 5636 2141 5707 igitur
2189 5635 2243 5692 id

752 5800 770 5844 ι
809 5804 825 5859 Ι
860 5807 969 5862 Cor
1020 5822 1097 5875 ir,
1126 5808 1186 5863 2|

2354 4609 2607 4674 δέξασθαι
2653 4609 2751 4680 τὴν
2797 4609 3133 4679 τελειότητα·
3184 4609 3305 4662 ὅθεν
3350 4610 3444 4661 καὶ
3489 4610 3548 4662 τὸ
3598 4610 3782 4674 ἀτελὲς
3831 4613 3939 4666 οὐκ

2354 4700 2469 4754 ἔστι
2522 4701 2794 4763 παντελῶς
2849 4701 2921 4771 μὴ
2953 4701 3043 4764 ὃν,
3092 4701 3213 4754 ἐπεὶ
3258 4702 3318 4753 οὐ
3372 4701 3544 4771 πάντη
3589 4700 3734 4773 παρὰ
3770 4701 3938 4770 φύσιν

2353 4794 2488 4847 ἐστί.
2525 4793 2694 4846 Τοῦτο
2726 4794 2780 4846 δὲ
2812 4793 2996 4862 λέγει,
3034 4793 3167 4864 πρὸς
3199 4793 3258 4845 τὸ
3290 4792 3401 4845 ἄνω
3436 4793 3785 4864 συναρμόζων
3831 4794 3937 4867 τὴν

2354 4887 2588 4940 ἔννοιαν*
2629 4885 2777 4953 ἔλεγε
2799 4884 2908 4955 γὰρ
2941 4887 3140 4947 ἐκεῖσε,
3176 4886 3255 4937 ὅτι
3289 4885 3337 4935 εί
3372 4883 3662 4937 κακύνεται
3695 4885 3727 4954 ἡ
3760 4884 3931 4958 ψυχὴ,

2354 4985 2411 5034 ἐν
2443 4981 2519 5051 τῷ
2553 4981 2713 5036 πάθει
2747 4980 3071 5033 κακύνεται·
3109 4980 3168 5030 τὸ
3200 4979 3254 5031 δὲ
3289 4979 3456 5041 πάθος
3489 4979 3589 5031 οὐκ
3635 4979 3935 5034 ὲνυπόστα-

2353 5093 2442 5129 τον
2476 5075 2641 5128 κακόν
2676 5077 2842 5138 ἐστιν,
2879 5073 2992 5125 ἀλλ’
3027 5072 3258 5141 ἔλλειψίς
3293 5075 3429 5136 ἐστι,
3465 5072 3559 5125 καὶ
3592 5073 3796 5142 ἐρημία
3826 5072 3932 5143 τῆς

2352 5169 2461 5222 τῶν
2494 5168 2710 5237 ἀγαθῶν
2743 5167 3077 5237 τελειότητος
3097 5183 3110 5196 °
3161 5166 3298 5236 αὕτη
3330 5167 3386 5218 δὲ
3430 5164 3646 5219 ἀτέλεια
3679 5169 3832 5218 ἐστι’
3870 5166 3932 5220 τὺ

2352 5260 2481 5330 γοῦν
2527 5261 2712 5324 ἀτελὲς
2757 5261 2815 5312 οὐ
2864 5258 3012 5328 παρὰ
3064 5257 3222 5326 φύσιν
3271 5258 3448 5321 ἐστὶν,
3486 5259 3606 5310 ἐπεὶ
3639 5260 3702 5311 ἐκ
3733 5256 3930 5310 τούτου

2350 5356 2449 5409 οὐκ
2482 5356 2872 5424 ἐνυπάρχοντος
2903 5351 2964 5404 τὸ
2992 5351 3196 5404 τέλειον
3228 5352 3450 5419 γίνεται.
3487 5352 3548 5403 El
3583 5350 3711 5418 γοῦν
3742 5351 3801 5404 οὐ
3824 5368 3934 5405 πα-

2354 5449 2423 5522 ρὰ
2457 5447 2616 5518 φύσιν
2648 5445 2710 5499 τὸ
2740 5444 2949 5509 ἀτελὲς,
2984 5444 3042 5497 ὃν
3089 5447 3204 5497 ἐστι
3236 5442 3378 5496 κατὰ
3410 5442 3585 5505 τοῦτο,
3620 5442 3754 5495 διότι
3786 5443 3958 5500 κατὰ,

2353 5540 2515 5610 φύσιν
2567 5537 2732 5592 ἐστίν.
2782 5537 2846 5588 Ἡ
2869 5534 2997 5603 γοῦν
3049 5535 3200 5587 πᾶσα
3248 5534 3345 5604 τῆς
3401 5534 3703 5603 περικοπῆς
3749 5533 3936 5588 ἔννοια

2351 5632 2571 5704 τοιαύτη
2613 5631 2797 5695 ἐστὶν,
2830 5629 2910 5682 ὅτι
2955 5629 3005 5681 εἰ
3050 5625 3340 5682 κακύνεται
3374 5626 3407 5696 ἡ
3440 5625 3604 5695 ψυχὴ,
3639 5628 3696 5678 ἐν
3727 5627 3797 5697 τῇ
3847 5625 3937 5682 ἐλ-
