4176 6308
241 323 344 382 SOI

814 324 902 380 DE
934 324 1187 382 DIVINIS
1220 322 1615 391 NOMINIBUS,
1651 326 1804 384 CAP.
1840 326 1930 383 IV.
1969 357 2037 366 —-
2068 324 2413 387 PAMPHR.
2450 330 2918 392 PACHYMER/E.

3380 342 3485 397 sna

243 444 418 515 λείψει
449 442 556 497 τῶν
588 442 808 511 ἀγαθῶν
859 444 1150 497 κακύνεται
1170 485 1185 508 ,
1238 446 1328 498 καὶ
1360 445 1458 497 οὐκ
1503 444 1615 497 ἐστι
1646 445 1805 499 κακὸν

1919 444 2060 511 quod
2095 444 2468 513 imperfectum
2496 459 2579 504 est
2602 467 2711 505 non
2742 451 2813 507 sit
2844 464 3031 507 contra
3074 458 3347 521 naturam,
3383 460 3484 513 hoc

243 532 639 596 ἀνυπόστατον,
687 531 826 584 κατά
874 533 1335 603 ἀντιπαράστασιν
1381 536 1572 603 λέγων,
1622 536 1733 599 ὅτε,
1766 535 1815 587 εί

239 619 385 697 ἦσαν
428 626 519 678 ἐπὶ
568 628 720 689 πᾶσι,
769 628 878 693 καῖ’
909 626 978 679 τὰ
1024 625 1170 696 πάθη
1212 627 1374 681 κακά.
1414 623 1646 681 Ἔπειτα
1676 624 1816 679 κατά

241 716 511 781 ἔνστασιν,
545 718 629 771 ὅτι
662 718 722 771 οὐ
757 717 901 771 κακά
936 720 1031 772 ἐπὶ
1063 720 1257 773 πᾶσιν
1295 720 1387 773 ἐπὶ
1420 720 1528 791 γὰρ
1557 724 1668 783 τοῖς
1692 719 1815 773 ἀλόιι

240 826 361 878 γοις
408 810 528 863 τινὰ
572 810 917 866 τούτωνικαὶ
946 811 1260 867 συστατικὰ
1290 814 1388 883 τῆς
1420 813 1632 882 φύσεώς
1677 816 1807 878 ἐστι,

242 901 338 953 καὶ
371 902 567 972 μᾶλλον
611 902 697 956 διὰ
736 905 894 957 τοῦτο
937 905 997 957 οὐ
1032 904 1177 958 κακά
1208 907 1333 957 είσι.
1368 905 1566 958 Λοιπὸν
1594 909 1663 959 ἐκ
1694 904 1808 959 τούο

238 1008 349 1045 των
382 994 526 1045 ἐστὶν
557 993 827 1066 ἀπορῆσαι
846 1034 863 1061 ,
897 996 978 1049 ὅτι
1007 994 1105 1050 ἐπὶ
1140 996 1236 1068 μὲν
1267 994 1373 1049 τῶν
1402 996 1632 1064 λογικῶν
1651 1037 1665 1061 ,
1706 996 1813 1050 ίδοὺ

238 1084 273 1153 ἡ
309 1082 560 1154 στέρησις
608 1085 700 1139 τοῦ
747 1086 953 1155 ἀγαθοῦ
978 1127 993 1151 ,
1038 1089 1097 1140 τὸ
1142 1088 1308 1141 κακόν
1361 1090 1541 1149 ἐστιν,
1572 1088 1603 1159 ἢ
1640 1088 1746 1159 μὴν
1778 1090 1812 1159 ἡ

238 1176 455 1229 ἀτέλεια
476 1193 489 1205 '
523 1178 609 1232 ὅτε
655 1170 854 1250 δηλαδὴ
884 1180 945 1232 τὸ
976 1180 1177 1247 ἀγαθὸν
1206 1181 1268 1234 οὐ
1305 1184 1693 1253 προηγήσεται,
1726 1180 1815 1233 ἀλ·

237 1269 307 1325 λά
360 1272 572 1344 μένειή
618 1272 762 1344 ψυχὴ
806 1274 893 1327 ἔτι
938 1276 1165 1347 ἀτελής)
1217 1278 1308 1329 ἐπὶ
1350 1277 1406 1329 δὲ
1451 1276 1561 1330 τῶν
1604 1276 1812 1345 ἀλόγων

236 1361 392 1426 ζώων
414 1404 425 1426 ,
462 1365 582 1417 ἐπεὶ
614 1366 711 1417 οὐκ
757 1366 863 1419 είσὶ
902 1366 1124 1421 δεκτικά
1169 1366 1352 1435 λόγου,
1394 1370 1509 1432 πῶς
1543 1370 1808 1439 εἴποιμεν,

232 1456 319 1507 ὅτι
366 1456 505 1508 κατά
556 1456 817 1511 ἀπουσίαν
863 1458 956 1511 τοῦ
1002 1459 1204 1526 ἀγαθοῦ
1250 1460 1316 1513 τὰ
1363 1460 1508 1531 πάθη
1542 1462 1815 1533 γίνονταις

248 1548 798 1619 Ἀναγκασθησόμεθα
842 1550 1021 1603 τοίνυν
1070 1552 1316 1604 ἐντεῦθεν
1349 1554 1541 1615 είπεῖν,
1595 1554 1674 1606 ὅτι
1707 1554 1811 1605 είσὶ

234 1640 333 1692 καὶ
361 1640 506 1693 κακὰ
534 1640 651 1694 καθ’
687 1642 875 1705 ἑαυτὰ,
911 1644 1004 1695 καὶ
1036 1644 1154 1714 οὐχὶ
1185 1647 1249 1715 τῇ
1279 1644 1373 1697 τοῦ
1405 1644 1606 1713 ἀγαθοῦ
1646 1647 1812 1698 ἀπου-

236 1734 330 1804 σία⁸
363 1734 833 1809 παρυφιστάμενα.
865 1735 934 1787 Ἦ
966 1734 1213 1805 λέγομεν,
1247 1736 1328 1787 ὅτι
1362 1737 1454 1787 καὶ
1481 1737 1695 1799 πάντως
1714 1736 1809 1789 οὐκ

1919 535 2033 603 ipso
2078 550 2165 589 res
2194 547 2314 603 est,
2344 554 2452 607 quo
2507 545 2805 597 secundum
2852 555 3109 602 naturam
3146 557 3250 602 est.
3295 549 3484 606 Totius

1915 626 2097 695 itaque
2139 630 2403 686 orationis
2446 648 2638 688 sensus
2679 635 2993 701 concludit,
3026 638 3262 692 animam
3308 634 3485 695 side-

1913 731 2209 787 pravetur,
2262 723 2528 778 bonorum
2568 727 2777 782 defectu
2818 728 3122 795 depravari,
3169 740 3332 800 atque
3366 750 3482 787 ma-

1914 808 2022 862 lum
2064 826 2169 864 non
2200 824 2324 866 esse
2372 814 2501 883 quid
2562 816 2893 882 subsistens;
2940 830 3036 885 per
3081 820 3476 888 oppositioncm

1914 900 2131 965 dicens,
2177 902 2322 969 quod
2370 904 2416 956 si
2466 908 2712 961 omnibus
2750 910 3033 977 passiones
3086 922 3267 966 essent
3301 914 3478 968 maiae.

1916 991 2117 1045 Deinde
2159 993 2254 1049 dat
2285 994 2619 1061 instantiam,
2653 1002 2791 1067 quod
2823 1015 2925 1055 non
2953 1003 3205 1057 omnibus
3230 1004 3338 1058 sint
3365 1023 3480 1058 ma-

1915 1086 1979 1140 lm
2012 1104 2027 1140 :
2070 1104 2212 1169 nam_
2238 1088 2293 1142 in
2338 1090 2512 1143 brutis
2538 1094 2898 1159 quorumdam
2943 1104 3136 1149 natura
3163 1095 3309 1152 hisce
3348 1111 3478 1152 con-

1912 1188 2041 1243 stat,
2087 1179 2140 1234 et
2185 1181 2609 1251 idcireopotius
2656 1201 2761 1238 non
2811 1185 2961 1239 malae
3000 1195 3150 1242 sunt.
3205 1188 3474 1243 Czeterum

1913 1273 2037 1327 hinc
2061 1278 2245 1328 mahct
2273 1273 2492 1329 dubium
2524 1317 2538 1339 ,
2574 1279 2845 1344 quomodo
2876 1280 2925 1332 in
2961 1281 3167 1333 ratione
3196 1284 3477 1338 utentibus

1913 1363 2145 1432 privatio
2179 1363 2348 1439 boni,
2382 1366 2463 1420 vel
2500 1369 2690 1421 saltem
2739 1369 3079 1437 imperfectio
3102 1412 3114 1435 ,
3150 1366 3347 1425 malum
3382 1377 3473 1439 sit,

1911 1458 2129 1521 quando
2158 1438 2417 1509 nimirum
2449 1459 2645 1511 bonum
2687 1475 2791 1512 non
2824 1464 3201 1527 promovetur,
3229 1465 3321 1517 sed
3353 1466 3475 1518 aui-

1912 1559 1995 1596 ma
2023 1555 2207 1599 manet
2236 1547 2585 1616 imperfecta;
2614 1550 2669 1602 in
2712 1551 2881 1605 brutis
2919 1562 3131 1615 autem,
3175 1568 3294 1606 cum
3324 1555 3473 1609 inca-

1912 1637 2061 1703 pacia
2090 1638 2197 1691 sint
2238 1639 2469 1693 rationis
2488 1680 2500 1702 ,
2532 1642 2802 1709 quomodo
2829 1642 3073 1697 dicemus
3103 1657 3200 1717 per
3226 1645 3349 1698 boni
3380 1648 3475 1700 ab-

1913 1730 2141 1781 sentiam
2170 1729 2453 1797 passiones
2497 1732 2804 1791 exsistere?
2834 1734 3105 1804 Cogemur
3148 1736 3332 1803 itaque
3386 1737 3474 1792 hic

233 1796 330 1878 ὲτέι
362 1796 471 1888 τοῖς
506 1796 716 1893 ἀλόγοίς
754 1825 821 1878 τά
868 1796 1048 1895 πάθη,
1082 1796 1173 1879 τὸν
1202 1796 1372 1896 θυμὸν
1405 1826 1544 1893 λέγω
1576 1796 1689 1879 καλ.⁷
1714 1824 1805 1894 τὴν

1915 1819 2113 1882 dicere,
2156 1822 2298 1889 quod
2329 1823 2436 1876 sint
2474 1824 2637 1876 etiam
2682 1796 2939 1894 quaedam
2960 1826 3097 1879 mala
3127 1843 3222 1897 per
3245 1796 3329 1893 se,
3355 1845 3473 1897 quas

233 1916 548 1986 ἐπιθυμίαν,
580 1918 726 1969 κακά
754 1916 1001 1970 ὁπωσοῦν
1023 1917 1254 1987 τίθησιν,
1290 1917 1401 1969 ἀλλ’
1422 1918 1481 1970 οὐ
1516 1916 1682 1981 κακὰ,
1718 1918 1812 1970 καὶ

235 2008 436 2077 μᾶλλον
491 2008 781 2061 συστατικὰ
826 2009 933 2061 τῶν
982 2009 1213 2077 φύσεων.
1280 2010 1677 2082 Ἀναιρεθέντος
1720 2006 1811 2063 οὖν

230 2098 326 2151 τοῦ
361 2100 795 2171 ὲκλαμϐάνεσθαι
837 2100 904 2153 τὰ
945 2102 1089 2173 πάθη
1126 2102 1270 2156 κακά
1318 2104 1409 2157 ἐπὶ
1440 2102 1547 2156 τῶν
1580 2104 1807 2172 ἀλόγων,

231 2193 534 2261 ἀναιρεῖται
568 2195 661 2247 καὶ
694 2195 726 2264 ὴ
758 2194 977 2265 ἀπορίαο
1014 2196 1061 2247 εί
1093 2194 1203 2267 γάρ
1235 2197 1335 2249 οὐκ
1367 2196 1473 2248 είσὶ
1505 2196 1669 2260 κακά,
1708 2214 1805 2248 πε-

237 2281 416 2350 ριττὸν
454 2282 633 2353 ζητεῖν
673 2287 718 2336 εί
754 2284 871 2337 καθ’
922 2283 1061 2337 αὐτὰ
1108 2286 1253 2339 κακά
1285 2289 1408 2349 είσι,
1442 2288 1534 2340 καὶ
1565 2288 1623 2339 οὐ
1670 2287 1810 2339 κατά

230 2374 330 2445 τὴν
375 2373 467 2426 τοῦ
514 2374 718 2443 ἀγαθοῦ
751 2376 1049 2429 ἀπουσίανο
1096 2376 1210 2429 ἐστι
1244 2377 1352 2449 γάρ
1384 2378 1475 2430 τοῦ
1510 2377 1694 2441 ἁπλῶς
1727 2378 1810 2430 όν-

231 2483 342 2530 τος.
377 2467 649 2537 Ζητοῦμεν
684 2470 776 2520 καὶ
808 2469 887 2531 τὸ,
922 2468 1149 2540 ῆοῦτως
1173 2470 1204 2541 ἢ
1229 2470 1399 2534 οὕτως
1429 2471 1593 2524 ἐστίν’
1626 2471 1809 2535 ἁπλῶς

231 2557 293 2609 δὲ
324 2557 398 2629 μὴ
431 2558 579 2621 ὄντος
610 2558 845 2611 τοιούτου
866 2600 881 2624 ,
922 2555 1148 2635 περιττὴ
1182 2564 1275 2616 καὶ
1307 2563 1529 2637 ἀνόητος
1575 2564 1607 2633 ἡ
1642 2562 1807 2634 ζήτη-

235 2667 342 2713 σις.

306 2914 553 2988 θχχνι.
603 2918 875 2971 Ἐκϐαλὼν
922 2926 985 2971 τὸ
1035 2919 1202 2971 κακὸν
1233 2919 1340 2971 ἀπὸ
1388 2920 1495 2972 τῶν
1539 2922 1801 2989 ἀγγέλων,

233 3004 313 3057 ἔτι
340 3006 395 3057 δὲ
421 3006 480 3058 τὸ
512 3006 784 3069 παντελῶς
818 3006 983 3060 κακὸν
1012 3007 1105 3059 καὶ
1126 3006 1233 3060 ἀπὸ
1254 3007 1361 3059 τῶν
1391 3008 1553 3072 νοιῖιν,
1575 3010 1666 3061 καὶ
1692 3008 1809 3061 ἀπὸ

230 3098 340 3151 τῶν
371 3100 575 3169 ψυχῶν,
600 3100 692 3154 καὶ
723 3100 802 3153 ἔτι
827 3101 934 3154 ἀπὸ
968 3099 1392 3171 τῶν’δαιμόνων,
1427 3102 1519 3156 νῦν
1557 3102 1802 3156 ἐκϐάλλει

230 3189 365 3241 αὐτὸ
397 3192 491 3242 καὶ
523 3191 628 3245 ἀπὸ
658 3192 766 3243 τῶν
787 3190 981 3255 ἄλλων,
1005 3190 1098 3244 καὶ
1130 3191 1343 3263 πρῶτον
1376 3193 1481 3245 ἀπὸ
1511 3194 1608 3264 τῆς
1650 3195 1804 3263 καθο-

229 3282 387 3353 λικῆς
438 3281 543 3335 τῶν
591 3282 756 3336 ὄντων
802 3283 1032 3351 φύσεως.
1084 3285 1292 3355 Πάντες
1332 3285 1479 3354 γοῦν,
1516 3286 1708 3355 φησὶν,
1752 3291 1799 3341 οἱ

230 3373 341 3427 τῶν
377 3374 588 3442 φύσεων
620 3372 765 3442 λόγοι
804 3375 897 3426 καὶ
940 3362 1130 3439 αἰτίαι,
1166 3375 1283 3428 καθ’
1316 3375 1405 3440 οὓς
1428 3378 1676 3445 γεγόνασι
1708 3379 1800 3430 καί

231 3467 375 3529 εἱσι,
418 3464 566 3535 παρά
611 3466 707 3535 τῆς
753 3465 901 3528 θείας
950 3465 1167 3534 φύσεως
1201 3467 1562 3538 ὑπάρχουσιν·
1614 3467 1801 3537 ἥντινα

232 3558 459 3613 καθόλου
486 3557 658 3621 καλεῖ,
687 3556 874 3629 ἐπειδὴ
904 3557 964 3621 ἐξ
992 3558 1161 3627 αὐτῆς
1191 3558 1290 3626 ἔφυ
1316 3559 1383 3612 τὰ
1412 3559 1525 3611 ὅλα.
1558 3560 1724 3629 Ὅλην
1743 3558 1802 3611 δὲ

232 3651 416 3719 φύσιν,
447 3651 621 3703 πάντα
646 3651 712 3703 τά
738 3650 842 3702 ὑπὸ
868 3647 1003 3702 Θεοῦ
1027 3650 1342 3703 πλασθέντα
1375 3650 1649 3703 ἐκάλεσεν.
1690 3652 1799 3703 Οὑ-

228 3745 321 3797 δὲν
354 3740 444 3797 οὖν
470 3746 605 3807 ἐστι,
636 3743 817 3813 φησὶν,
852 3746 908 3796 ὲν
936 3745 1001 3813 τῇ
1037 3743 1195 3811 φύσει
1230 3744 1369 3814 ὅπερ
1392 3742 1509 3795 ὅλον
1539 3744 1681 3806 ὅλοις
1704 3744 1802 3797 ἀν-

229 3838 483 3901 τίκειται,
520 3826 580 3888 τὸ
603 3838 709 3906 γάρ
738 3854 839 3889 τινι
871 3836 979 3889 τῶν
1005 3836 1172 3888 ὄντων
1198 3835 1347 3904 παρά
1369 3836 1469 3906 τὴν
1504 3835 1665 3888 abso?-
1697 3834 1799 3904 φύ-

234 3946 319 3982 σιν
349 3928 516 3998 ὲτέρῳ
537 3929 651 3980 ἐστὶ
681 3929 859 3996 φύσις,
890 3927 1043 3979 τοῦτο
1083 3927 1139 3979 δὲ
1174 3926 1392 3995 ἀγαθὸν,
1429 3928 1461 3997 ὴ
1509 3926 1616 3996 γὰρ
1638 3926 1801 3994 φύσις

232 4019 382 4072 ἐστὶν
407 4020 549 4090 ἀρχὴ
583 4020 847 4089 κινήσεως
866 4020 957 4071 καὶ
984 4019 1217 4090 ἠρεμίας
1236 4037 1249 4048 ⁸
1283 4019 1342 4071 τὸ
1368 4019 1423 4071 δὲ
1448 4018 1626 4071 κινοῦν
1650 4021 1801 4072 ἐστιν

230 4114 260 4164 ό
284 4111 534 4181 ἀκίνητος
556 4112 730 4179 λόγος,
758 4113 790 4180 ἡ
817 4110 932 4162 θεία
962 4112 1141 4182 τέχνη.
1184 4112 1269 4173 Ὠς
1303 4109 1431 4177 γοῦν
1473 4112 1531 4162 ὲν
1564 4112 1674 4173 τοῖς
1712 4127 1801 4161 τε-

233 4205 437 4273 χνικοῖς
463 4202 860 4272 ἀποτελέσμασι
893 4202 1018 4263 τοὺς
1048 4201 1145 4271 τῆς
1182 4201 1371 4272 τέχνης
1404 4201 1590 4268 λόγους
1612 4203 1670 4254 ὲν
1707 4202 1803 4253 αὺ-

230 4292 347 4357 τοῖς
382 4294 557 4364 μένειν
582 4293 827 4363 λέγομεν,
872 4294 964 4345 καὶ
1004 4291 1256 4357 πολλάκις
1294 4292 1575 4361 βλέποντες
1608 4293 1799 4357 ταῦτα,

234 4387 301 4437 Ὦ
347 4385 429 4437 οἶα
471 4386 666 4455 τέχνηι
722 4384 934 4455 φαμὲν,
973 4380 1339 4446 ὲκθειάζοντες
1382 4383 1443 4436 τὸ
1493 4383 1797 4454 ὁρώμενονο

1914 1927 2018 1965 non
2057 1913 2301 1967 oriantur
2333 1929 2397 1967 ex
2438 1915 2681 1970 absentia
2728 1918 2875 1971 boni.
2912 1918 3007 1973 Vel
3060 1922 3469 1989 respondemus,

1912 2007 2089 2056 etiam‘
2104 2004 2155 2056 in
2184 2004 2355 2058 brutis
2381 2005 2677 2060 istiusmodi
2703 2008 3016 2076 passiones,
3053 2019 3115 2064 ut
3136 2020 3266 2065 sunt
3291 2012 3385 2065 irae
3416 2022 3470 2065 et

1912 2097 2386 2163 concupiscentia,
2419 2099 2562 2153 nullo
2587 2100 2747 2155 modo
2778 2116 2899 2155 esse
2927 2103 3127 2168 malas,
3159 2105 3250 2157 sed
3294 2108 3469 2172 potius

1911 2199 2097 2239 eorum
2150 2197 2375 2241 naturas
2425 2192 2781 2244 constituere.
2828 2190 2883 2245 Si
2926 2204 3156 2264 negetur
3188 2196 3372 2265 itaque
3415 2197 3467 2249 in

1911 2277 2084 2332 brutis
2134 2273 2411 2348 passiottes
2455 2295 2576 2334 esse
2606 2282 2797 2347 malas,
2834 2283 3052 2337 dubium
3089 2300 3305 2354 quoque
3331 2286 3479 2367 tolli:

1911 2378 2020 2435 tur;
2054 2371 2097 2425 si
2132 2373 2273 2425 enim
2302 2389 2407 2426 non
2456 2374 2565 2427 sint
2609 2374 2781 2437 malae,
2821 2376 3150 2444 superﬂuum
3196 2380 3299 2431 erit
3322 2394 3468 2447 qum-

1909 2477 2033 2516 rere
2086 2480 2213 2516 num
2242 2480 2338 2533 per
2365 2480 2422 2518 se
2448 2466 2599 2518 malae
2629 2468 2757 2531 sint,
2781 2476 2835 2521 et
2870 2482 2977 2525 non
3018 2470 3312 2523 secundum
3341 2471 3466 2525 δοιιί

1908 2559 2245 2623 absentiam;
2284 2569 2368 2613 est
2396 2560 2541 2611 enim
2583 2564 2725 2615 entis
2771 2564 3112 2632 simpliciter.
3165 2566 3467 2632 Quaerimus

1907 2652 2107 2713 etiam,
2128 2667 2193 2703 an
2221 2652 2299 2705 sic
2332 2667 2398 2704 an
2424 2652 2581 2706 aliter
2611 2670 2670 2708 se
2694 2654 2922 2719 habeat;
2944 2658 3010 2710 de
3028 2671 3095 2709 eo
3126 2668 3303 2711 autem
3326 2661 3467 2726 quod

1906 2740 2228 2809 simpliciter
2269 2757 2376 2796 non
2415 2753 2531 2809 est,
2578 2744 2879 2799 istiusmodi
2931 2749 3157 2815 qumstio
3198 2749 3467 2818 superﬂua

1907 2838 1989 2883 est
2015 2838 2067 2881 et
2094 2829 2380 2899 insipiens.

1973 2920 2213 2990 §XXVL
2244 2921 2343 2976 Ubi
2368 2921 2579 2975 malum
2604 2930 2673 2979 ab
2714 2924 2945 2993 angelis,
2990 2925 3122 2992 quin
3158 2933 3213 2978 et
3244 2925 3465 2981 ontniuo

1905 3012 2105 3067 malum
2134 3014 2302 3068 etiam
2340 3028 2368 3067 a
2400 3016 2677 3070 mentibus
2703 3024 2758 3068 et
2778 3016 2974 3070 animis
3003 3026 3166 3081 atque
3194 3018 3411 3085 insuper
3434 3031 3462 3069 ιι

1905 3103 2234 3158 «Ικιιιοηίδηε
2277 3107 2539 3171 ι’θιηονίῑ,
2579 3121 2725 3160 nunc
2784 3107 2924 3160 illud
2965 3123 2992 3159 a
3051 3110 3211 3161 rebus
3252 3124 3477 3176 quoque

1906 3191 2026 3245 aliis
2046 3192 2323 3257 excludit,
2358 3206 2418 3248 et
2455 3198 2689 3265 primum
2724 3212 2753 3250 a
2805 3207 2996 3250 natura
3030 3210 3217 3253 rerum
3248 3205 3467 3255 univer-

1903 3282 2024 3336 sali.
2054 3282 2254 3339 Omnes
2279 3300 2445 3356 ergo,
2489 3287 2683 3356 inquit,
2739 3297 3057 3342 namrarum
3110 3292 3354 3347 rationes
3399 3309 3462 3349 ac

1900 3389 2101 3439 causa,
2124 3378 2421 3431 secundum
2450 3393 2587 3446 quas
2617 3379 2772 3434 factm
2805 3390 2935 3433 sunt
2959 3388 3013 3433 et.
3036 3382 3297 3449 existunt,
3327 3400 3355 3436 ιι
3383 3386 3465 3439 di-

1903 3468 2030 3520 vina
2066 3470 2601 3545 naturaeaiatuntz
2646 3485 2813 3539 quam
2866 3472 3234 3528 universalem
3283 3489 3461 3541 vocat,

1907 3560 2031 3626 quia
2062 3575 2128 3612 ex
2164 3562 2277 3628 ipsa
2305 3561 2555 3614 universa
2582 3562 2898 3630 procedunt.
2936 3562 3250 3618 Universum
3280 3578 3458 3621 autem

1905 3662 2176 3714 naturain,
2208 3662 2363 3705 vocat
2386 3654 2563 3704 omnia
2595 3668 2714 3720 qua:
2736 3671 2762 3704 a
2796 3654 2903 3706 Deo
2934 3666 3114 3709 creata
3151 3659 3462 3714 sunt.Nihil

1901 3744 2087 3811 igitur,
2114 3745 2308 3812 inquit,
2335 3753 2421 3798 est
2454 3745 2508 3797 in
2556 3759 2734 3798 rerum
2765 3754 2957 3799 natura
2988 3749 3131 3815 quod
3161 3751 3457 3804 universim

1902 3838 2170 3890 universis
2197 3836 2584 3899 contrarietur;
2619 3836 2764 3905 quod
2795 3838 2939 3890 enim
2972 3840 3131 3893 alicui
3157 3842 3232 3895 rei
3269 3852 3457 3897 contra

1903 3939 2149 3983 naturam
2178 3938 2278 3987 est,
2310 3928 2461 3982 alteri
2508 3940 2589 3982 est
2626 3938 2844 3992 natura,
2885 3931 2987 3984 hoc
3016 3940 3193 3985 autem
3238 3936 3457 3999 bonum,

1903 4018 2170 4085 siquidem
2203 4027 2399 4071 natura
2449 4018 2772 4087 principium
2798 4030 2879 4073 est
2920 4030 3101 4074 motus
3144 4032 3197 4075 et
3222 4026 3457 4090 quietis;

1905 4108 1993 4162 ille
2019 4120 2198 4163 motus
2221 4118 2398 4162 autem
2424 4119 2512 4163 est
2544 4110 2681 4163 ratio
2721 4111 3012 4166 immobilis
3053 4123 3107 4166 et
3138 4130 3228 4167 ars
3250 4118 3455 4171 divina.

1903 4201 2057 4254 Sicut
2084 4200 2252 4269 igitur
2286 4200 2338 4254 in
2379 4200 2587 4256 eﬂ'ectis
2629 4202 3003 4257 artiﬁcialibus
3060 4206 3296 4260 rationes
3330 4210 3462 4262 artis

1906 4308 2187 4349 remanere
2229 4292 2667 4364 blsidicimus,
2702 4305 2755 4347 et
2797 4310 3163 4363 saepenumero
3209 4314 3329 4351 cum
3364 4302 3460 4353 hos

1903 4376 2179 4439 cernimus
2200 4423 2216 4446 ,
2248 4384 2292 4438 Ο
2320 4386 2507 4436 miram
2545 4386 2751 4437 artem!
2786 4386 3155 4440 exclamamus
3179 4428 3192 4451 ,
3223 4390 3274 4441 id
3318 4392 3458 4455 quod

233 4477 378 4531 οὓτω
400 4478 492 4529 καὶ
519 4480 574 4529 ὲν
599 4479 709 4539 τοῖς
734 4478 974 4544 φυσικοῖς
1000 4477 1163 4527 πᾶσιν
1186 4477 1234 4527 οί
1258 4476 1401 4542 λόγοι
1431 4475 1526 4545 τῆς
1554 4475 1803 4547 δημιουρ-

1911 4478 2157 4531 videmus
2182 4476 2553 4539 admirantes;
2597 4476 2677 4529 sic
2725 4477 2886 4529 etiam
2918 4461 2998 4529 iu.
3019 4480 3179 4532 rebus
3210 4482 3461 4535 omnibus

233 4569 360 4638 γίας
396 4570 627 4640 μένουσι.
680 4568 801 4631 Πῶς
838 4568 965 4636 γοῦν
999 4568 1147 4619 ἔσται
1180 4570 1235 4620 ὲν
1279 4570 1344 4638 τῇ
1390 4567 1614 4620 καθόλου
1645 4566 1801 4634 φύσει

231 4679 287 4713 τι
316 4661 581 4725 ἑναντίον;
612 4662 717 4713 Καὶ
748 4664 794 4712 οἱ
824 4663 881 4713 ὲν
908 4664 1023 4722 τοῖς
1050 4660 1489 4731 δημιουργήμασι
1524 4659 1670 4728 λόγοι
1695 4658 1799 4711 τίνι

234 4754 746 4824 ὲναντιωθήσονταις
782 4750 869 4822 Τῷ
903 4755 1095 4823 ποιητῇ
1120 4769 1133 4817 ;
1169 4752 1280 4805 ἀλλ’
1309 4754 1408 4805 οὐκ
1432 4753 1643 4821 εὐαγές.
1665 4752 1800 4804 Ἀλλ’

235 4850 482 4911 ἑαυτοῖς;
534 4847 626 4897 καὶ
670 4844 820 4897 οὐδέν
865 4862 917 4897 τι
964 4845 1321 4915 ὑποστήσεται
1373 4843 1606 4897 subrauca.
1665 4842 1802 4895 Ἀλλ’

236 4938 382 5009 ἄλλῳ
423 4939 557 5003 τινί;
594 4938 688 4990 καὶ
716 4937 857 4989 ἐστιν
899 4937 1080 5008 ἕτερον
1107 4936 1256 5007 ποιρά
1284 4936 1377 4989 τοῦ
1411 4936 1635 4989 καθόλου
1665 4937 1802 5007 πρὸς

235 5034 264 5087 ὃ
290 5034 326 5102 ἠ
350 5032 491 5101 μάχη
523 5032 822 5101 γενήσεται.
851 5027 1057 5081 Οὐκοῦν
1084 5030 1181 5082 οὑκ
1217 5029 1330 5082 ἔστι
1369 5028 1429 5082 τὺ
1466 5028 1651 5094 κακὸν,
1682 5030 1801 5083 οὐδὲ

238 5128 299 5178 ὲν
453 5122 697 5176 καθόλου.
743 5122 865 5183 Τοῖς
905 5122 961 5175 δὲ
1006 5120 1122 5174 κατ’
1152 5117 1290 5183 εἶδος
1321 5120 1418 5190 τῆς
1446 5120 1802 5191 δημιουργίας

238 5218 295 5272 el’
332 5235 384 5269 τι
424 5216 488 5269 ἂν
514 5218 609 5270 καὶ
646 5218 931 5287 πρόσεστιν
977 5214 1236 5278 ἐναντίον,
1278 5213 1434 5266 τοῦτο
1467 5213 1613 5284 παρὰ
1643 5212 1803 5281 φύσιν

236 5311 474 5377 λέγεται,
509 5310 600 5361 καὶ
625 5311 684 5362 οὐ
720 5309 857 5363 κατά
885 5308 1075 5376 φύσιν·
1107 5308 1182 5371 ὡς
1215 5307 1275 5359 τὸ
1308 5305 1563 5377 φέρεσθαι
1601 5306 1713 5359 ἄνω
1743 5304 1804 5357 τὸ

238 5400 411 5470 ὕδωρ,
438 5401 529 5453 καὶ
566 5398 713 5452 κάτω
746 5401 804 5451 τὸ
838 5399 964 5469 πῦρ.
1004 5396 1173 5450 Τοῦτο
1210 5396 1267 5450 δὲ
1316 5397 1565 5467 στερήσει
1593 5396 1804 5464 φύσεως

238 5491 468 5560 γίνεται·
505 5490 642 5542 ὥστε
664 5490 761 5542 οὐκ
788 5490 927 5541 ἔστιν
954 5489 986 5557 ἡ
1022 5487 1179 5555 φύσις
1207 5484 1373 5537 κακὸν
1392 5524 1407 5549 ,
1436 5484 1569 5537 ἀλλά
1606 5484 1805 5555 μᾶλλον

238 5582 477 5652 ἐπήρειά
508 5598 589 5643 τις
628 5580 838 5651 φύσεως
875 5580 935 5632 τὸ
962 5578 1146 5642 κακὸν,
1178 5577 1207 5630 ὅ
1247 5577 1309 5649 δὴ
1356 5574 1448 5632 καὶ
1475 5576 1622 5649 παρά
1646 5575 1805 5645 φύσιν

242 5669 475 5741 λέγεται.

1904 4567 2243 4620 naturalibus
2266 4564 2565 4619 creationis
2591 4566 2828 4619 rationes
2863 4578 3199 4633 permanent.
3228 4568 3461 4633 Quonim

1902 4658 1971 4712 do
2002 4657 2173 4724 igitur
2198 4655 2491 4725 quidquam
2546 4656 2812 4709 universa
2865 4667 3071 4710 natura:
3120 4661 3289 4725 possit
3339 4675 3459 4714 esse

1902 4745 2281 4800 contrarium?
2312 4744 2375 4797 Et
2424 4747 2665 4799 rationes
2701 4756 3074 4803 creaturarum
3114 4751 3201 4803 cui
3243 4761 3461 4806 contra-

1903 4840 2031 4892 riari
2070 4838 2314 4906 possint?
2340 4837 2658 4891 Creatoriue
2675 4837 2698 4872 ν
2720 4840 2813 4892 sed
2842 4842 2942 4893 hoc
2990 4841 3231 4909 impium.
3256 4842 3337 4896 An
3349 4846 3458 4901 sibi

1903 4932 2069 5003 ipsis?
2098 4940 2151 4984 et
2176 4932 2254 4986 sic
2279 4931 2409 4983 nihil
2438 4947 2673 4999 unquam
2710 4933 2993 4986 subsistet.
3024 4934 3105 4986 An
3136 4934 3309 4991 alteri
3342 4938 3456 4990 cui-

1902 5025 2082 5095 piam?
2118 5035 2174 5078 et
2217 5028 2323 5077 erit
2370 5023 2643 5077 diversum
2690 5026 2755 5077 ab
2786 5027 3038 5081 universo
3068 5042 3187 5080 cum
3219 5044 3326 5096 quo
3362 5044 3460 5097 pu-

1901 5115 2107 5187 gnabit.
2150 5115 2334 5182 Itaque
2378 5129 2485 5166 non
2528 5102 2618 5168 est
2647 5114 2843 5167 malum
2878 5117 3037 5169 etiam
3079 5116 3132 5169 in
3181 5120 3455 5173 universo.

1906 5208 1963 5263 Si
1991 5207 2118 5275 quid
2159 5217 2339 5261 autem
2370 5208 2529 5263 alicui
2557 5211 2854 5262 secundum
2906 5209 3140 5275 speciem
3165 5210 3458 5265 creationia

1904 5315 2016 5354 sua
2040 5299 2248 5354 accidat
2273 5300 2635 5363 contrarium,
2658 5300 2711 5353 id
2742 5301 2943 5353 dicitur
2968 5309 3157 5353 contra
3187 5311 3460 5368 naturam,

1903 5400 1960 5447 et
2004 5403 2110 5445 non
2153 5392 2451 5445 secundum
2486 5400 2735 5443 naturam
2777 5391 3068 5455 accidere;
3119 5394 3258 5445 siem
3303 5405 3353 5444 ν.
3402 5407 3455 5462 δ.

1905 5498 2100 5555 aquam
2130 5482 2261 5536 ferri
2305 5496 2547 5548 sursum,
2594 5483 2772 5552 ignem
2817 5486 3088 5539 deorsum.
3136 5482 3246 5537 Hoc
3277 5492 3457 5539 autem

1904 5575 1963 5629 lit
1996 5580 2201 5627 natura
2235 5576 2557 5641 privatione,
2596 5575 2740 5627 unde
2765 5590 2867 5629 non
2891 5585 2976 5629 eat
3004 5583 3190 5627 natura
3223 5574 3457 5639 malum,

1904 5665 1999 5719 sed
2038 5665 2219 5734 potius
2253 5662 2479 5720 oﬂ’ensio
2528 5676 2731 5719 natura:
2758 5666 2889 5736 quid
2939 5664 3133 5720 malum
3177 5675 3279 5729 est,
3315 5665 3462 5734 quod

1905 5756 2066 5813 etiam
2105 5765 2294 5811 contra
2328 5766 2571 5811 naturam
2618 5758 2827 5811 dicitur.
