4186 6308
710 374 814 432 803

1868 377 1916 435 S.
1958 378 2256 435 DlONYSil
2286 378 2755 437 AREOPAGIT£

3838 387 3950 444 8114

783 490 812 562 ς
849 487 1057 545 XXVII.
1107 489 1210 547 Ubi
1242 499 1421 545 autem
1466 489 1604 547 dixit
1662 506 1768 548 non
1792 505 1916 549 esse
1953 493 2153 547 malum
2207 494 2265 548 in

2444 491 2472 566 ε
2508 492 2718 549 xxvn.
2751 494 2937 549 Εἰπὼν
2974 493 3031 549 δι
3066 495 3149 549 οτι
3190 495 3293 552 οὐκ
3329 496 3447 551 εστι
3480 498 3551 555 τι
3595 500 3761 555 κακὸν
3787 502 3847 563 ιν
3875 504 3947 575 τῃ

714 592 933 650 natura,
962 590 1123 657 negat
1148 583 1337 649 etiam,
1368 582 1423 637 in
1449 581 1765 653 corporibus
1794 582 2129 638 naturalibus
2155 594 2277 638 esse

718 672 940 729 malum.
972 672 1279 731 Sicutenim
1294 665 1635 746 pulchritudo
1648 684 1731 729 est
1755 674 2124 729 membrorum
2151 690 2273 729 cum

715 763 858 818 bono
893 762 1101 827 colore,
1130 762 1441 833 symmetria
1465 763 1887 833 seuproportio,
1908 762 1992 817 sic
2021 761 2277 818 deformi-

715 862 801 908 tas
833 862 919 908 est
959 855 1271 908 corumdem
1297 852 1681 922 disproportio.
1717 851 2041 911 Deformitas
2091 863 2274 909 autem

644 990 646 994 μ
716 960 825 1002 nou
854 948 1076 1001 omnino
1099 945 1297 1001 malum
1345 954 1463 1011 est;
1516 959 1641 1000 nam
1667 944 1713 1007 si
1743 942 2053 1001 omnimoda
2087 944 2276 1001 formai

716 1036 1037 1105 ordinisque
1066 1034 1326 1091 resolutio
1350 1036 1598 1101 exsistat,
1629 1036 1801 1107 ipsum
1836 1051 2052 1107 quoque
2078 1050 2274 1107 corpus

715 1127 979 1185 interibit.
1009 1126 1160 1194 Quod
1208 1136 1385 1181 autem
1417 1143 1615 1199 corpus
1650 1126 1846 1182 anima
1877 1142 1984 1183 non
2009 1126 2087 1183 sit
2108 1142 2272 1183 causa

713 1219 935 1276 malitiae
956 1221 1098 1275 sicut
1125 1219 1366 1274 nonnulli
1416 1219 1721 1290 depravata:
1761 1217 2031 1288 opinionis
2061 1227 2275 1274 creato-

711 1327 828 1367 rem
860 1311 1240 1374 criminantur,
1298 1310 1643 1365 manifestum
1673 1316 1755 1364 est
1803 1323 1867 1362 cx
1916 1308 2273 1374 daemonibus,

711 1403 803 1474 qui
833 1418 956 1458 cum
982 1403 1289 1473 incorporei
1338 1405 1473 1468 sint,
1528 1401 1736 1463 malitia
1763 1400 2080 1468 abundant;
2118 1402 2273 1459 mali-

712 1498 787 1551 tia
838 1496 982 1551 enim
1039 1496 1291 1551 omnibus
1342 1494 1525 1565 lapsus
1578 1493 1799 1565 quidam
1830 1501 1928 1561 est
1974 1507 2007 1548 a
2046 1494 2276 1563 propriis

710 1586 884 1642 bonis.

778 1672 1061 1749 §XXVIIL
1110 1674 1295 1745 Neque
1327 1678 1557 1731 materia
1608 1675 1808 1734 malum
1833 1683 1939 1741 est,
1970 1683 2027 1730 ut
2056 1675 2272 1745 quidam

710 1767 1043 1824 fabulantur.
1068 1765 1310 1821 Primum
1366 1766 1607 1837 quidem,
1659 1767 1788 1837 quia
1815 1782 2094 1838 nunquam
2124 1782 2276 1837 repe-

2376 585 2556 656 φύσει,
2602 585 2765 655 φησὶν
2811 586 2894 639 ὅτι
2938 585 3059 641 οὐδὲ
3108 588 3170 640 ιν
3209 590 3320 652 τοις
3374 593 3624 658 φυσικοῖς
3677 593 3946 665 σύρειν.

2378 678 2588 749 Ὠσπερ
2616 676 2730 750 γὰρ
2758 676 2952 742 κάλλος
2977 680 3288 751 συμμετρία
3308 682 3427 737 ἔστι
3477 681 3655 753 μελῶν
3705 686 3832 755 μετ’
3849 686 3952 741 ιῦρ

2376 771 2585 843 χροίας,
2617 770 2789 835 οὕτως
2828 766 3015 842 αἶσχος
3040 772 3389 846 ἀσυμμετρία
3439 776 3548 829 τῶν
3577 773 3757 831 αὑτῶν
3804 779 3946 833 ἐστι.

2375 862 2450 917 Τὸ
2470 863 2527 917 δὲ
2553 858 2741 934 αἶσχος
2763 864 2823 916 οὑ
2857 864 3033 934 πάντη
3061 866 3231 919 κακόν
3248 883 3261 896 ’
3298 866 3354 920 si
3387 867 3495 939 γάρ
3521 867 3635 922 ἔστι
3675 871 3951 942 παντελὴς

2377 952 2531 1017 λύσις
2550 952 2646 1006 τοῦ
2671 953 2845 1018 εἴδους
2881 955 2973 1007 καὶ
2999 955 3099 1026 τῆς
3120 955 3345 1026 τάξεως,
3390 961 3485 1012 καὶ
3528 961 3662 1015 αὑτὸ
3700 959 3761 1015 τὸ
3784 961 3949 1033 σῶμα

2375 1044 2672 1115 οἰχήσεται.
2701 1045 2821 1097 ’Ότι
2843 1044 2899 1097 δὲ
2928 1045 3047 1099 οὑδὲ
3076 1047 3274 1109 κακίας
3306 1048 3477 1104 αίτιον
3503 1051 3564 1105 τὺ
3599 1053 3756 1123 σῶμα
3774 1052 3947 1124 ψυχῇ,

2376 1136 2558 1202 καθώς
2585 1152 2728 1201 τινες
2750 1138 2937 1203 κακῶς
2976 1140 3211 1211 οἰόμενοι
3239 1143 3519 1197 αἰτιῶνται
3565 1146 3656 1199 τὸν
3682 1147 3949 1220 δημιουρ-

2375 1228 2493 1297 γὸν,
2531 1228 2689 1298 δῆλον
2712 1230 2775 1283 ἐκ
2798 1228 2906 1283 τῶν
2934 1228 3223 1301 δαιμόνων,
3249 1233 3304 1287 οἵ
3342 1252 3506 1299 τινες,
3538 1237 3816 1309 ἀσώματοι
3856 1242 3945 1295 ὕνι-

2375 1338 2486 1385 τες,
2516 1320 2614 1392 τὴν
2642 1323 2839 1377 κακίαν
2866 1325 3308 1396 προσεκτήσαντο
3330 1329 3461 1382 ’ἐπὶ
3492 1331 3624 1384 πᾶσι
3656 1331 3766 1404 γὰρ
3788 1334 3947 1388 τοῦτό

2378 1412 2494 1555 gron
2564 1412 2765 1476 κακία,
2835 1413 2868 1481 ἡ
2942 1414 3259 1478 ἀπόπτωσις
3332 1418 3442 1472 τῶν
3530 1421 3742 1482 οἰκείων
3806 1425 3944 1494 ἁγα-

2460 1520 2506 1555 ν.

2460 1520 2506 1557 ν.

2449 1673 2478 1747 §
2520 1672 2753 1748 XXVlll.
2803 1675 2940 1730 Οὐδὲ
2995 1671 3093 1748 ὕλη
3137 1678 3196 1731 τὸ
3241 1676 3430 1743 κακὸν,
3484 1672 3564 1741 ὣς
3613 1680 3745 1747 φασί
3777 1697 3941 1744 τινες.

2377 1764 2599 1838 Πρῶτον
2621 1765 2742 1836 μὲν,
2786 1766 2868 1819 ὅτι
2888 1764 2984 1831 οὑχ
3026 1761 3378 1839 εὑρεθήσεται
3402 1766 3617 1822 πώποτε
3641 1770 3819 1841 γυμνὴ
3848 1769 3947 1824 τοῦ

709 1861 887 1915 rietur
912 1856 1179 1924 informis,
1212 1873 1306 1915 seu
1339 1857 1485 1913 omni
1524 1856 1700 1914 forma
1716 1855 1980 1930 spoliata;
2012 1872 2132 1911 cum
2165 1855 2276 1911 for-

2374 1857 2547 1923 εἴδους
2586 1858 2851 1922 ἀνείδεοςο
2881 1858 3015 1929 μετὰ
3042 1859 3213 1924 εἴδους
3248 1861 3325 1921 δὲ,
3363 1858 3439 1925 ὡς
3481 1859 3608 1929 γοῦν
3645 1863 3949 1934 μετέχουσα

709 1966 799 2007 ma
852 1959 1053 2017 autem,
1102 1960 1162 2006 ut
1218 1950 1491 2021 particeps
1538 1949 1752 2014 forma,
1813 1947 2270 2018 pulchritudinem

708 2044 1084 2116 participatac
1112 2052 1472 2100 venustatem.
1523 2042 1621 2097 Sin
1670 2055 1802 2097 vero
1847 2042 2018 2112 ipsam
2060 2056 2157 2112 per
2213 2055 2273 2096 se

709 2130 994 2186 informem
1031 2132 1459 2201 consideremus,
1500 2130 1634 2185 nihil
1672 2131 1966 2201 patientem
1992 2138 2085 2184 aut
2114 2131 2274 2186 susti-

708 2232 949 2288 nentem,
990 2224 1266 2294 quomodo
1319 2224 1545 2279 materia
1603 2223 1727 2278 mali
1781 2223 2075 2293 quidquam
2125 2232 2271 2293 agat,

708 2330 829 2371 cum
854 2329 921 2370 ne
951 2316 1004 2370 id
1049 2316 1157 2385 pati
1182 2315 1400 2385 quidem
1435 2316 1640 2385 possit?
1666 2314 1818 2383 Quod
1843 2316 1888 2372 si
1921 2316 2085 2371 etiam
2110 2317 2271 2381 Deus,

707 2421 833 2461 cum
862 2405 993 2461 nihil
1033 2406 1143 2475 pati
1169 2409 1361 2475 possit,
1400 2405 1583 2461 omnia
1612 2404 1803 2470 faciat,
1842 2419 1939 2474 per
1976 2406 2030 2460 id
2061 2406 2277 2461 excedit

711 2498 934 2554 cﬂ'ectus
991 2499 1290 2565 naturales,
1339 2500 1440 2555 etsi
1482 2515 1645 2556 causa
1717 2504 1811 2564 sit,
1867 2498 1963 2554 sed
2014 2498 2271 2553 alliciens.

716 2589 883 2645 Causa
930 2600 1111 2645 autem
1154 2592 1467 2656 materialis,
1518 2608 1638 2663 qua:
1694 2592 1980 2649 elfectibus
2010 2600 2276 2648 connatu-

709 2682 838 2739 ralis
872 2693 973 2751 est,
1010 2685 1145 2739 nihil
1178 2700 1417 2756 unquam
1451 2684 1561 2755 agit
1615 2686 1667 2741 in
1722 2685 1953 2748 enectis,
1993 2681 2096 2737 nisi
2126 2682 2274 2750 prius

706 2791 862 2846 passa
893 2778 962 2833 sit
993 2776 1451 2834 informationem.
1482 2777 1607 2834 Haec
1638 2784 1817 2833 autem
1845 2777 2030 2832 omnia
2054 2785 2276 2831 sanctus

708 2870 794 2923 hic
824 2867 976 2935 dicit,
1010 2868 1137 2939 quia
1172 2870 1389 2939 quidam
1439 2868 1749 2939 philosophi
1799 2865 2076 2931 dicebant,
2107 2881 2172 2923 ex
2204 2868 2277 2920 ir-

708 2961 1015 3017 rationalibi
1044 2965 1239 3016 anima:
1285 2969 1439 3032 parte
1487 2962 1729 3017 materia
1761 2960 2084 3029 corporique
2122 2973 2273 3012 com-

708 3061 889 3127 utista,
920 3074 1043 3114 cum
1071 3060 1136 3113 ad
1192 3072 1314 3116 eam
1357 3059 1542 3114 anima
1600 3058 1909 3128 adreperet,
1943 3055 2082 3112 mala
2110 3055 2275 3127 proii-

706 3152 863 3209 cisci.
889 3150 1121 3206 Rursum
1178 3152 1243 3206 de
1290 3150 1513 3211 materia
1560 3150 1839 3215 decertat,
1872 3158 1928 3205 et
1984 3163 2274 3219 argumen-

706 3255 817 3299 tum
846 3242 1011 3316 “o
1046 3242 1249 3297 format
1294 3256 1364 3297 ex
1391 3240 1678 3298 divisione.
1733 3240 1831 3296 Vel
1890 3240 2072 3311 itaque
2098 3241 2277 3297 neuti-

706 3352 866 3406 quam
924 3348 1257 3405 nusquamve
1308 3340 1414 3400 est,
1458 3342 1514 3390 et
1573 3341 1823 3387 neutrum
1870 3332 2124 3399 habebit;
2178 3340 2275 3387 aut

706 3428 918 3498 uspiam
942 3426 1089 3482 erit;
1141 3437 1198 3479 at
1220 3438 1349 3480 vero
1376 3438 1498 3495 qua:
1528 3431 1677 3487 sunt,
1710 3437 1778 3478 ex
1820 3423 1932 3479 Deo
1960 3433 2109 3492 sunt,
2140 3433 2195 3479 et
2222 3424 2274 3479 id

705 3521 909 3590 ipsum,
936 3521 1137 3589 quippe
1157 3533 1225 3573 ex
1258 3516 1389 3583 Deo,
1421 3518 1621 3573 bonum
1642 3524 1744 3572 est.
1771 3516 1921 3572 Alias
1947 3525 2125 3572 autem
2148 3532 2270 3571 cum

705 3612 812 3667 duo
845 3611 976 3675 sint,
1014 3611 1154 3668 Deus
1180 3619 1236 3665 et
1274 3609 1525 3672 materia,
1557 3606 1602 3662 si
1650 3607 1881 3663 alterum
1936 3617 2274 3679 supponatur

709 3702 929 3766 nonum,
957 3700 1185 3755 alterum
1227 3714 1358 3755 vero
1388 3697 1613 3764 malum,
1662 3700 1942 3771 continget
1968 3710 2027 3755 ut
2046 3697 2132 3755 vel
2177 3700 2274 3756 bo-

706 3809 834 3848 num
871 3792 1069 3848 malum
1103 3792 1286 3859 faciat,
1334 3789 1419 3847 vel
1449 3800 1598 3846 certe
1633 3790 1859 3859 malum,
1891 3800 2158 3859 quatenus
2202 3806 2271 3849 ex

712 3886 857 3938 bono
877 3892 981 3948 est,
1008 3883 1244 3947 bonum;
1278 3881 1360 3937 vel
1390 3896 1421 3937 e
1445 3880 1685 3947 diverso,
1725 3890 1782 3937 ut
1830 3882 2034 3937 malum
2068 3883 2267 3938 bonum

705 3975 935 4042 eiliciat;
967 3979 1049 4030 vei
1084 3976 1306 4037 bonum,
1349 3981 1618 4040 quatenus
1646 3987 1713 4027 ex
1745 3971 1888 4027 malo
1912 3982 2014 4039 est,
2045 3974 2266 4031 malum.

705 4067 761 4121 Si
791 4081 897 4121 non
923 4065 1272 4120 iiatalterum
1318 4078 1389 4117 ex
1436 4070 1638 4130 altero,
1681 4065 1930 4133 sequitur
1953 4065 2117 4119 etiam
2163 4067 2271 4122 duo

704 4175 825 4216 esse
865 4158 1159 4229 principia,
1190 4158 1335 4223 quod
1367 4156 1515 4212 dictu
1543 4155 1717 4214 nefas.
1753 4157 1874 4213 llaec
1918 4173 2047 4213 vero
2074 4172 2266 4214 neces-

704 4252 853 4305 sario
881 4251 1081 4305 iterum
1113 4251 1177 4304 ad
1201 4266 1363 4304 unum
1412 4250 1541 4319 quid
1566 4259 1726 4306 erunt
1777 4249 2111 4317 reducenda,
2140 4252 2266 4320 quia

702 4344 1030 4416 principium
1065 4352 1149 4397 est
1179 4344 1377 4408 unitas,
1410 4358 1519 4399 non
1557 4343 1811 4399 dualitas.
1855 4342 1922 4399 Et
1951 4342 2053 4398 hoc
2081 4344 2267 4414 quale»

704 4451 919 4505 cunque
958 4436 1177 4491 tandem
1231 4436 1324 4502 sit,
1354 4435 1542 4489 eadem
1595 4434 1790 4488 iterum
1822 4432 2051 4489 dicenda
2075 4444 2261 4501 erunt;

2374 1950 2565 2015 εἴδους,
2597 1951 2799 2022 κόσμου
2834 1951 3049 2022 μετέχει
3077 1954 3170 2006 καὶ
3198 1953 3476 2024 καλλονῆς.
3508 1952 3567 2007 El
3589 1944 3644 2006 δὲ
3678 1953 3797 2007 καθ’
3817 1956 3950 2007 εαυ-

2373 2040 2471 2111 τὴν
2522 2042 2802 2112 νοήσωμεν
2846 2040 3048 2112 ταύτην
3081 2042 3340 2106 ἀνείδεον,
3390 2035 3554 2113 μηδὲν
3586 2043 3865 2097 παθοῦσαν
3906 2046 3946 2114 ἢ

2376 2129 2709 2201 πάσχουσαν,
2744 2131 2860 2195 πῶς
2894 2130 3090 2203 δυνατή
3115 2134 3314 2204 ἐστινὴ
3348 2128 3447 2203 ὑλη
3475 2136 3645 2186 ποιεῖν
3674 2135 3840 2187 κακόν
3864 2152 3945 2197 τι,

2375 2222 2409 2292 ἠ
2451 2221 2586 2293 μηδὲ
2606 2221 2666 2275 τὸ
2692 2222 2918 2293 πάσχειν
2949 2222 3176 2293 ἔχουσας
3207 2217 3342 2278 Eilis
3367 2225 3462 2278 καὶ
3489 2224 3549 2278 τὸ
3580 2225 3753 2287 Θεῖον,
3774 2227 3949 2297 μηδὲν

2377 2312 2604 2384 πάσχειν
2653 2313 2793 2384 ἔχον,
2852 2316 3027 2369 πάντα
3059 2317 3219 2380 ποιεῖ,
3249 2315 3363 2369 ἀλλ’
3387 2318 3561 2370 ἐκεῖνο
3608 2316 3950 2391 ἐξῃρημένον

2376 2405 2494 2457 ἐστὶ
2515 2403 2625 2458 τῶν
2652 2405 2893 2474 φυσικῶν
2913 2405 3385 2478 ἀποτελεσμάτων,
3413 2408 3506 2461 καί⁵
3524 2410 3573 2461 εί
3592 2407 3780 2473 αἴτιον,
3805 2409 3949 2464 ἀλλὰ

2376 2484 2679 2561 ποιητικόν.
2710 2490 2783 2543 Τὸ
2811 2486 2867 2545 δὲ
2889 2487 3071 2548 ὑλικὸν
3109 2494 3300 2558 αἴτιον,
3328 2497 3387 2549 ἐν
3403 2498 3515 2560 τοις
3540 2496 3949 2569 άτοοτελέσμασι

2377 2582 2618 2653 πεφυκὸς
2644 2581 2805 2647 εἶναι,
2827 2585 2887 2639 οὐ
2911 2586 3096 2657 δράσει
3132 2580 3260 2640 ποτὲ
3284 2579 3346 2640 τὸ
3388 2589 3546 2660 τυχὸν
3574 2591 3633 2642 ὲν
3660 2584 3769 2654 τοῖς
3804 2593 3953 2647 ἀπο-

2376 2673 2720 2745 τελέσμασιν,
2765 2672 2813 2730 ei
2856 2676 2927 2748 μὴ
2955 2676 3115 2732 πάθοι
3144 2676 3407 2751 πρότερον
3450 2682 3548 2752 τὴν
3589 2683 3946 2755 είδοποίησιν.

2376 2767 2559 2821 Ταῦτα
2574 2769 2629 2822 δὲ
2657 2769 2830 2823 πάντα
2859 2769 3005 2839 λέγει
3048 2773 3076 2824 ὁ
3099 2773 3271 2840 ἆγιος,
3305 2773 3487 2846 ἐπειδή
3518 2792 3660 2839 τινες
3694 2778 3801 2829 τῶν
3852 2796 3950 2847 φι-

2375 2855 2618 2927 λοσόφων
2635 2861 2700 2912 ὲκ
2721 2858 2815 2914 τοῦ
2859 2860 3050 2929 ἀλόγου
3098 2862 3195 2933 τῆς
3241 2862 3417 2934 ψυχῆς
3470 2864 3670 2935 μέρους
3716 2866 3815 2939 ὕλῃ
3846 2866 3949 2920 xa‘t.

2378 2947 2589 3019 σώματι
2636 2949 3279 3023 μεμιγμένου,ρεποὺσης
3315 2956 3395 3017 είς
3430 2954 3587 3007 τοῦτο
3623 2957 3719 3025 τῆς
3741 2956 3945 3029 ψυχῆς,

2374 3038 2442 3092 τὰ
2466 3039 2614 3100 κακά
2660 3040 2923 3109 γίνεσθαι.
2954 3041 3122 3096 Πάλιν
3148 3044 3275 3114 περὶ
3302 3042 3401 3114 τῆς
3426 3042 3556 3116 ὕλης
3588 3048 3813 3116 μάχεται
3844 3052 3948 3103 καὶ

2378 3132 2609 3184 ποιεῖται
2634 3130 2726 3184 τὸν
2766 3130 2921 3201 λόγον
2965 3133 3030 3184 ὲκ
3078 3130 3409 3204 διαιρέσεως.
3453 3136 3527 3188 Ἦ
3563 3135 3693 3204 γοῦν
3730 3139 3949 3209 οὐδαμῆ

2302 3196 2345 3255 C
2376 3221 2624 3293 οὐδαμῶς
2653 3223 2790 3298 ἐστι,
2836 3196 2929 3277 καὶ
2971 3196 3248 3293 οὐδέτερον
3281 3196 3411 3292 εξεὶ,
3456 3226 3492 3299 η
3529 3196 3605 3298 ei,
3629 3210 3720 3282 ωδ
3764 3230 3833 3282 τὰ
3862 3196 3950 3284 ’δέ

2375 3314 2501 3367 ὄντα
2538 3317 2602 3368 ὲκ
2638 3314 2732 3368 τοῦ
2764 3314 2920 3380 Θεοῦ,
2967 3316 3061 3370 καὶ
3099 3306 3233 3370 αὑτὸ
3263 3318 3338 3381 ὡς
3385 3321 3450 3373 ὲκ
3503 3320 3661 3383 Θεοῦ,
3711 3304 3943 3390 ἀγαθόν.

2378 3406 2585 3471 ’Δλλως
2608 3402 2664 3460 δὲ
2688 3406 2779 3460 δύο
2823 3407 3011 3470 ὅντων,
3035 3407 3129 3461 τοῦ
3153 3425 3211 3461 τε
3239 3408 3373 3462 Θεοῦ
3414 3412 3507 3464 καὶ
3534 3413 3631 3482 τῆς
3667 3412 3815 3484 ὕλης,
3842 3414 3949 3469 ἐὰν

2375 3500 2620 3570 θάτερον.
2648 3498 2882 3571 ὑποτεθῇ
2926 3497 3147 3569 ἀγαθὸν,
3175 3500 3399 3572 θάτερον
3433 3502 3488 3555 δὲ
3513 3502 3700 3568 κακὸν,
3725 3491 3949 3578 ’συμϐή-

2376 3608 2525 3645 σεται
2556 3587 2745 3661 εἶναιῆ
2775 3586 2836 3644 τὸ
2868 3590 3071 3659 ἀγαθὸν
3107 3591 3202 3644 τοῦ
3236 3592 3404 3646 κακοῦ
3431 3595 3727 3663 ποιητικὸν,
3753 3596 3948 3667 ἢαύτὺ

2370 3683 2433 3737 τὸ
2458 3682 2643 3748 κακὸν,
2660 3680 2734 3747 ὡς
2754 3685 2823 3737 ὲκ
2845 3683 2938 3737 τοῦ
2958 3684 3163 3752 ἀγαθοῦ
3189 3684 3267 3751 ὃν,
3294 3686 3513 3755 ἀγαθόν·
3538 3686 3570 3756 ἢ
3603 3687 3948 3743 ἀνάπαλιντδ

2372 3778 2540 3830 κακὸν
2562 3775 2655 3830 τοῦ
2695 3776 2899 3845 ἀγαθοῦ
2941 3776 3243 3849 ποιητικὸν,
3291 3777 3324 3849 ἦ
3377 3777 3439 3830 τὸ
3488 3779 3711 3847 ἀγαθὸν,
3756 3780 3832 3844 ὡς
3874 3783 3945 3835 ὲκ

2369 3869 2463 3923 τοῦ
2492 3868 2681 3932 κακοῦ,
2711 3863 2895 3927 κακόν.
2928 3868 2997 3922 Ἦ
3041 3869 3103 3922 οὑ
3154 3862 3343 3938 γέγονε
3367 3868 3590 3942 θάτερον
3616 3870 3673 3937 ἐξ
3711 3870 3905 3942 ἐτέρου
3924 3890 3940 3903 ·

2370 3963 2465 4016 καὶ
2486 3963 2672 4015 ἕπεται
2701 3962 2794 4015 δύο
2820 3957 2957 4015 εἶναι
2992 3961 3186 4033 ἀρχὰς,
3215 3962 3352 4031 ὅπερ
3402 3961 3503 4015 οὑκ
3527 3960 3796 4033 ἐνδέχεται
3845 3963 3943 4021 λέ..

2370 4070 2505 4122 γειν.
2532 4046 2699 4107 Αὗται
2723 4052 2780 4105 δὲ
2810 4052 2969 4110 πάλιν
2989 4053 3299 4117 ἀναγκαίως
3324 4052 3415 4107 ἐπὶ
3449 4050 3577 4123 μίαν
3600 4050 3942 4125 ἀναχθήσονο

2368 4161 2477 4207 ται,
2508 4144 2692 4201 ἐπειδὴ
2733 4142 2937 4214 ἀρχὴή
2990 4142 3176 4213 μονὰς,
3225 4144 3322 4214 οὑχ
3367 4146 3399 4214 ἡ
3445 4143 3606 4207 δυάς·
3670 4146 3938 4217 κάκείνη,

2366 4220 2524 4287 ὁποία
2550 4239 2670 4287 ποτ’
2696 4234 2761 4287 ἂν
2813 4233 2895 4306 εἴη
2917 4271 2931 4296 ,
2970 4233 3037 4287 τὰ
3079 4233 3216 4286 αὐτὰ
3251 4232 3410 4286 πάλιν
3465 4232 3831 4305 λεχθησονται.
3861 4238 3941 4290 Ἦ

2368 4328 2477 4399 γὰρ
2505 4329 2703 4400 ἀγαθὴ,
2746 4330 2841 4381 καὶ
2880 4327 3059 4395 ἀγαθά
3122 4329 3337 4392 πάντως
3374 4328 3443 4382 τὰ
3480 4330 3536 4395 ἐξ
3561 4331 3757 4400 αὑτῆς⁸
3792 4330 3825 4401 ἢ
3854 4332 3935 4402 πῆ

2373 4422 2471 4491 μὲν
2506 4422 2670 4493 κακὴ,
2700 4422 2775 4492 πῆ
2825 4421 2881 4474 δὲ
2937 4422 3149 4491 ἀγαθή·
3218 4422 3311 4475 κα)⁸
3370 4421 3466 4494 ἥδη
3523 4414 3790 4487 σύνθετος,
3842 4426 3939 4479 καὶ

704 4527 801 4583 Vel
826 4529 970 4582 enim
1001 4522 1206 4581 bonum'
1228 4524 1353 4591 erit,
1379 4533 1433 4580 et
1475 4525 1617 4580 bona
1648 4524 1829 4579 omnia
1861 4539 1980 4593 quae
2009 4539 2073 4579 ex
2108 4526 2258 4596 ipso;

2370 4514 2465 4584 οὑχ
2494 4513 2659 4585 ἁπλῆ,
2695 4514 2804 4567 οὐδ’
2833 4509 2995 4585 ἀρχὴ,
3026 4513 3140 4566 ἀλλ’
3163 4515 3347 4567 ἐκεῖνα
3404 4514 3544 4585 ἀρχὴ
3576 4517 3633 4580 ἐξ
3663 4508 3737 4568 ὧν
3776 4533 3936 4569 συνει

701 4620 787 4676 vel
811 4618 1005 4690 partim
1027 4618 1249 4687 quidem
1286 4615 1509 4681 malum,
1538 4618 1735 4686 partim
1771 4628 1898 4670 vero
1928 4616 2167 4683 bonum;
2211 4625 2266 4672 et

697 4714 805 4782 jam
838 4711 1199 4780 compositum
1237 4710 1341 4763 erit
1366 4716 1422 4763 et
1473 4723 1579 4763 non
1622 4707 1873 4778 simplex,
1904 4718 2070 4778 atque
2128 4709 2265 4765 adeo

703 4824 877 4879 neque
907 4807 1253 4879 principium,
1282 4807 1377 4861 sed
1424 4805 1511 4861 illa
1546 4806 1868 4876 principium
1894 4818 2017 4861 sunt
2044 4823 2107 4861 cx
2140 4806 2263 4876 qui-

702 4903 802 4957 bus
830 4899 1189 4968 componitur,
1227 4906 1280 4951 et
1304 4897 1405 4951 hoc
1439 4897 1491 4950 in
1524 4896 1813 4951 inﬁnitum.
1845 4898 2107 4963 Quoniam
2136 4911 2265 4951 vero

703 4990 920 5057 quidam
975 4989 1256 5058 gentilium
1320 4989 1566 5042 dixerunt
1621 5000 1898 5057 prapterea
1957 4988 2151 5043 coelum
2210 4998 2263 5043 et

702 5091 849 5136 astra
877 5096 981 5134 non
1012 5080 1308 5150 corrumpi,
1339 5080 1463 5148 quia
1514 5095 1579 5133 ex
1635 5081 1836 5150 puriori
1884 5081 2107 5135 materia
2134 5094 2262 5149 pro-

702 5176 860 5229 ducta
889 5184 1035 5237 sunt,
1069 5189 1130 5227 ea
1158 5187 1284 5227 vero
1308 5187 1427 5241 qua;
1464 5173 1604 5241 apud
1631 5187 1729 5226 nos
1758 5181 1885 5226 sunt
1916 5188 1979 5226 ex
2020 5172 2259 5239 subjecta

702 5264 1067 5331 crassiorique
1095 5263 1342 5322 materia,
1374 5261 1447 5315 ait
1478 5260 1563 5314 hic
1595 5269 1838 5322 sanctus,
1871 5261 2074 5315 idcirco
2099 5262 2258 5313 etiam

699 5356 815 5411 hanc
838 5353 1134 5421 corrumpi,
1169 5352 1309 5422 quod
1344 5364 1449 5405 non
1484 5350 1690 5419 possint
1743 5349 1989 5413 stabiliri,
2018 5357 2071 5403 et
2095 5347 2262 5401 ﬁrmi-

706 5461 785 5504 ter
809 5450 1033 5503 hzrrere.
1064 5446 1217 5512 Quod
1244 5444 1287 5498 si
1324 5436 1606 5497 materiam
1643 5440 1709 5495 ad
1736 5441 1972 5495 universi
2003 5456 2260 5497 consum-

704 5541 994 5595 mationem
1028 5536 1391 5592 necessariam
1423 5534 1589 5589 fuisse
1614 5534 1818 5594 dicant,
1850 5532 2125 5601 quomodo
2148 5546 2262 5585 ma-

707 5633 836 5687 teria
876 5632 1073 5686 malum
1103 5628 1266 5699 quid?
1291 5627 1425 5682 Nota
1455 5637 1653 5689 autem,
1679 5626 2027 5680 AristOteletn
2051 5640 2118 5678 ex
2162 5625 2261 5691 hy-

704 5727 907 5796 potbesi
942 5726 1143 5779 dixisse
1177 5723 1458 5777 materiam
1493 5735 1611 5775 esse
1669 5719 2055 5782 necessariam,
2099 5717 2151 5772 id
2178 5725 2259 5770 est

705 5822 873 5875 l'ortua
912 5820 1207 5874 cxsistente
1240 5814 1549 5870 necessario
1589 5815 1749 5868 etiam
1783 5811 2053 5868 exsistere
2085 5818 2255 5864 mate-

2366 4604 2516 4678 τέθη,
2555 4606 2649 4659 καὶ
2700 4605 2858 4658 τοῦτο
2916 4606 3002 4659 ἐπ’
3033 4605 3276 4676 ἄπειρον.
3318 4598 3532 4677 Ἐπειδὴ
3563 4606 3618 4658 δὲ
3649 4606 3778 4659 ἔνιοι
3826 4609 3929 4660 τῶι

2378 4696 2639 4767 Ἑλλήνων
2662 4695 2864 4765 ἔλεγον,
2891 4696 2977 4749 διὰ
3000 4696 3155 4749 τοῦτο
3185 4698 3274 4749 τὸν
3296 4698 3519 4769 οὐρανὸν
3547 4698 3639 4749 καὶ
3661 4699 3726 4750 τά
3754 4698 3931 4769 ἄστρα

2368 4790 2440 4861 μὴ
2470 4788 2805 4861 φθείρεσθαι,
2839 4788 2923 4841 διὰ
2953 4788 3013 4841 τὸ
3036 4791 3099 4842 ὲκ
3130 4788 3222 4841 τοῦ
3252 4789 3632 4860 καθαρωτάτου
3662 4790 3758 4861 τῆς
3802 4790 3936 4859 ὕλης

2364 4881 2613 4948 γενέσθαι
2633 4897 2645 4911 ’
2678 4880 2744 4933 τὰ
2774 4880 2828 4933 δὲ
2858 4881 2979 4933 καθ’
3022 4884 3053 4950 ἡ
3065 4883 3168 4951 μᾶς
3195 4882 3259 4933 ὲκ
3286 4882 3383 4951 τῆς
3439 4882 3789 4952 ὑποστάθμης
3838 4887 3936 4935 καὶ

2363 4973 2695 5043 παχυτέρας,
2748 4974 2839 5025 καὶ
2894 4973 2980 5026 διὰ
3034 4974 3188 5026 τοῦτο
3240 4973 3552 5043 φθείρεσθαι
3607 4974 3798 5037 ταῦτα,
3857 4977 3935 5047 μὴ

2362 5063 2633 5133 δυνάμενα
2657 5063 2898 5135 ἱδρῦσθαι
2928 5064 3023 5117 καὶ
3056 5063 3284 5135 βεϐαίως
3313 5064 3476 5134 ἔχειν,
3507 5065 3669 5134 φησιν
3696 5068 3724 5117 ὁ
3755 5067 3931 5134 ἅγιος.

2364 5158 2426 5209 Ει
2459 5156 2515 5208 δὲ
2544 5157 2834 5225 ἀναγκαῖόν
2866 5173 2997 5224 φασι
3046 5155 3141 5227 τὴν
3178 5151 3311 5228 ὑλην
3375 5156 3507 5226 πρὸς
3542 5156 3934 5227 συμπλήρωσιν

2363 5252 2588 5321 κόσμου,
2623 5250 2738 5314 πῶς
2778 5252 2809 5321 ἡ
2866 5250 2961 5320 ὕλη
3004 5249 3209 5312 κακόνς
3256 5250 3563 5319 Σημείωσαι
3593 5250 3670 5314 δι,
3718 5251 3799 5302 ὅτι
3831 5251 3933 5321 τὴν

2364 5345 2495 5415 ὑλην
2526 5345 2582 5411 ἐξ
2606 5344 2917 5407 ὑποθέσεως
2943 5342 3235 5410 ἀναγκαῖόν
3272 5359 3434 5411 φησιν
3464 5344 3490 5394 ὀ
3531 5342 3930 5412 Ἀριστοτέλης,

2362 5436 2437 5500 ὡς
2472 5436 2645 5497 εἴδους
2668 5435 2816 5496 ὄντος
2844 5435 3138 5500 ἀναγκαῖον
3190 5428 3328 5484 εἶναι
3367 5428 3459 5484 καὶ
3490 5432 3619 5501 ῦλην
3645 5448 3656 5460 ’
3696 5432 3771 5483 ἕνι
3820 5433 3935 5501 γὰρ

2362 5528 2453 5579 καὶ
2481 5524 2543 5577 τὸ
2567 5520 2703 5585 εἶδος
2729 5525 3039 5589 ἀναγκαῖον.
3116 5520 3273 5571 Ἀλλά
3327 5516 3384 5573 οὗ
3427 5522 3585 5571 ἕνεκα
3610 5537 3623 5584 ;
3661 5521 3754 5573 καὶ
3786 5519 3845 5571 τὸ
3876 5522 3934 5574 τί

2360 5618 2425 5692 ἦν
2457 5617 2594 5673 εἶναι
2619 5634 2632 5683 ;
2662 5622 2693 5689 ὴ
2728 5620 2783 5671 δὲ
2823 5618 2918 5688 ὕλη
2974 5612 3291 5668 ὑποθετικὸν
3326 5600 3634 5681 ἀναγκαῖον,
3661 5614 3733 5676 ὡς
3770 5614 3936 5682 πρίο-

2361 5732 2447 5776 νος
2482 5712 2831 5773 ὑποτεθέντος
2855 5702 3012 5771 εἶναι,
3046 5709 3255 5777 ἀνάγκη
3291 5702 3425 5758 εἶναι
3474 5706 3710 5776 σίδηρον,
3752 5706 3935 5772 ἄλλως

2360 5809 2466 5871 γὰρ
2513 5806 2569 5856 οὔ
2632 5803 2849 5855 δύναται
2893 5801 3245 5870 συσταθῆναισ
3307 5799 3364 5850 οὑ
3419 5797 3520 5866 μὴν
3571 5799 3629 5862 ἐξ
3682 5799 3934 5869 ἀνάγκης
