4176 6308
793 365 884 423 DE
914 365 1170 424 DIYINIS
1201 365 1604 434 NOMINIBUB,
1637 365 1794 438 CAP.
1829 364 1931 423 IV.
1956 394 2027 416 ς·-
2058 361 2406 422 PARAPHR.
2444 361 2919 420 PACHYMERE.

3379 358 3485 422 δοῦ

208 480 344 536 ἐστι
370 481 615 562 σίδηρος,
656 483 761 538 κᾶν
814 482 987 558 μέλλῃ
1013 483 1270 552 γενέσθαι
1324 485 1524 556 πρίων,
1551 481 1663 538 κᾶν
1712 482 1807 554 μή.

1917 479 2241 548 riam;licet
2264 479 2429 535 etiam
2460 485 2594 533 .tum
2640 476 2813 533 forma
2866 478 3178 534 necessaria
3228 478 3319 535 sit.
3380 480 3486 538 Sed

235 573 396 650 Ἐπεὶ
422 574 484 636 δὲ
506 578 536 640 δ
559 575 1144 647 δημιουρτδςπαράγει
1173 577 1240 633 ἐκ
1292 575 1471 641 κακοῦ·
1514 576 1614 647 τῆς
1638 573 1771 646 ὕλης
1789 608 1806 639 ν

222 665 323 726 καὶ
350 667 449 722 οὑκ
471 667 532 734 ἐξ
560 666 788 738 ἀγαθοῦ,
831 666 865 738 ἢ
893 666 1018 732 ἐπεὶ
1040 668 1074 739 ή
1097 667 1197 739 ὑλη
1231 667 1323 724 τοῦ
1363 668 1536 734 eam
1574 667 1808 737 ἐφίεται,

222 758 348 818 κατέ
379 757 598 824 αὐτοὺς,
632 758 751 824 πῶς,
783 757 954 813 κακὸν
1021 757 1086 818 ab,
1135 757 1230 812 τοῦ
1289 757 1456 820 καλοῦ
1488 759 1807 830 ὲφιέμινονς

224 847 420 927 φεύγει
449 849 558 921 γὰρ
590 852 686 904 καὶ
735 850 969 922 μάχεται
1015 849 1077 915 τδ
1129 851 1300 906 κακὸν
1337 851 1416 923 τῷ
1444 849 1658 922 ἀγαθῷ.
1683 849 1809 914 Πῶς

219 936 280 996 δὶ
309 939 370 1011 τὸ
402 941 569 998 κακὸν
593 943 913 1014 γεννητικὸν
935 944 1030 1001 καὶ
1056 943 1337 1014 ποιητικόν
1374 945 1542 1008 ἐστιν,
1574 942 1698 1000 ἐπεὶ
1720 944 1808 1001 λέ-

222 1046 436 1100 γουσιν,
464 1031 546 1086 ὅτι
575 1033 608 1104 ἡ
639 1032 738 1105 ὕλη
780 1032 972 1105 τρέφει
1017 1032 1118 1106 τὴν
1182 1033 1364 1104 φύσιν,
1412 1035 1603 1110 ὥσπερ
1659 1039 1809 1111 καὶὴ

221 1124 306 1187 είς
337 1121 531 1177 καῦσιν
566 1125 846 1198 ἐπιτηδεία
876 1124 985 1198 ηὑλη
1020 1125 1083 1180 τὸ
1112 1124 1266 1198 πῠρς
1305 1128 1370 1181 El
1397 1127 1454 1182 δὲ
1477 1128 1704 1192 εἴποιεν,
1728 1131 1810 1186 ὅτι

222 1214 368 1286 αὑτὴ
396 1214 495 1285 μὲν
523 1214 677 1288 ήὺλη
735 1217 904 1271 κακὸν
935 1218 995 1274 οὑ
1029 1219 1194 1282 ποιεῖ,
1225 1216 1404 1292 ἀγαθὴ
1436 1219 1494 1274 δὲ
1531 1217 1688 1286 οὖσα,
1728 1222 1813 1280 δὺη

222 1323 390 1377 ναμιν
412 1307 806 1380 ὲφελκυστικὴν
836 1311 917 1372 είς
951 1309 1012 1364 τὸ
1039 1309 1230 1377 κακὸν,
1263 1311 1380 1376 πῶς
1405 1311 1565 1366 τοῦτο
1589 1313 1809 1386 ἀληθὲς,

232 1399 352 1451 επεὶ
407 1399 601 1454 πολλαὶ
648 1401 818 1473 ψυχαὶ
873 1400 1085 1474 σώματι
1125 1405 1219 1459 καὶ
1276 1401 1380 1478 ὕλῃ
1432 1403 1811 1476 συνδεδεμέναι

231 1490 366 1563 πρὸς
388 1492 448 1545 τὸ
490 1493 691 1562 ἀγαθὸν
743 1493 1068 1564 βλέπουσινς
1109 1496 1224 1551 Οὑκ
1261 1493 1378 1551 ἔδει
1426 1496 1504 1560 δὲ,
1556 1496 1717 1566 είπερ
1753 1495 1813 1562 ἐξ

231 1583 474 1655 ἀνάγκης
506 1580 573 1656 ἦν
604 1585 664 1639 τὺ
694 1585 844 1659 παρὰ
884 1587 983 1659 τῆς
1013 1587 1145 1661 ὑλης
1188 1587 1538 1659 ἐφέλκεσθαι,
1583 1587 1724 1643 ὥστε
1750 1588 1813 1644 τὸ

229 1678 339 1732 πᾶν
371 1679 435 1731 ἐκ
457 1678 844 1751 ¹προαιρέσεώς
871 1684 1040 1754 ἐστιν.
1073 1683 1138 1736 Ei
1173 1681 1230 1736 δὲ
1277 1681 1426 1750 λέγει
1448 1699 1570 1746 ητις,
1599 1680 1811 1736 ὅτιτῶν

230 1773 413 1844 ψυχῶν
441 1775 652 1839 ὲκείνας
673 1775 900 1846 κατάγει
931 1777 965 1849 ἡ
997 1775 1118 1848 ὑλη,
1140 1774 1521 1831 ὅσαιεὺεικτοί
1543 1777 1649 1829 εισι
1674 1775 1812 1848 πρὸς

1909 588 2016 641 qua
2055 573 2121 628 de
2151 587 2344 639 causa,
2377 571 2583 642 quidve
2598 571 2713 627 hoc
2745 571 2846 628 sibi
2879 570 3034 627 vult."
3073 572 3302 628 materia
3335 573 3486 630 video
3552 569 3556 572 ’

1909 663 2035 720 licet
2055 679 2121 720 ex
2143 663 2516 735 suppositione
2537 664 2848 720 necessaria
2876 671 2960 722 est
2980 704 2998 730 ,
3016 664 3177 730 sicut,
3205 665 3488 736 supposito

1909 757 2050 829 quod
2074 757 2149 814 sit
2174 773 2351 823 serra,
2377 771 2605 814 necesse
2623 769 2704 812 est
2732 771 2858 813 esse
2891 756 3118 824 ferrum,
3148 758 3314 814 aliter
3336 761 3482 815 enim

1909 856 2165 904 constare
2235 847 2470 917 nequit:
2514 863 2623 902 non
2676 857 2861 903 autem
2912 848 3220 903 necessario
3276 847 3484 904 ferrum

1912 941 2159 1006 exsistit,
2183 941 2302 996 sive
2317 956 2468 1012 serra
2494 940 2675 999 futura
2700 942 2796 1004 sit,
2825 941 2942 996 sive
2974 956 3103 999 non.
3133 939 3269 998 Cum
3298 953 3482 997 autem

1911 1034 2144 1090 Creator
2194 1049 2258 1090 ex
2308 1032 2456 1089 malo
2497 1034 2778 1090 materiam
2831 1029 3118 1105 producat.
3169 1046 3224 1090 et
3280 1050 3387 1090 non
3415 1051 3484 1092 ex

1913 1128 2205 1192 bonozvel
2242 1144 2388 1192 cum,
2442 1127 2598 1200 juxta
2637 1129 2778 1196 illos,
2833 1129 3064 1184 materia
3119 1129 3350 1184 formam
3379 1145 3482 1185 ex-

1913 1228 2082 1289 petat,
2117 1219 2390 1288 quomodo
2422 1219 2625 1275 malum
2677 1230 2763 1276 est
2806 1223 2950 1291 quod
3005 1222 3206 1278 bonum
3235 1222 3485 1293 appetit?

1913 1310 2113 1379 refugit
2141 1312 2368 1366 enimet
2401 1321 2668 1382 repugnat
2720 1313 2923 1368 malum
2990 1314 3155 1369 bono.
3201 1313 3486 1381 Quomodo

1913 1415 2046 1456 vero
2071 1401 2235 1456 etiam
2256 1449 2262 1455 .
2283 1401 2484 1456 malum
2541 1402 2842 1472 generandi
2871 1411 2926 1458 et
2955 1403 3221 1464 etiicieudi
3250 1404 3355 1459 vim
3389 1403 3487 1458 ba-

1912 1492 2024 1560 ὕοι,
2067 1494 2510 1565 quandoquidem
2569 1495 2777 1561 dicant,
2829 1496 3117 1551 materiam
3150 1497 3361 1553 nutrire
3387 1512 3490 1553 na-

1915 1595 2123 1652 turam,
2177 1601 2285 1641 non
2339 1600 2495 1641 secus
2541 1601 2607 1641 ac
2665 1585 2895 1639 materia
2946 1585 3302 1641 combustioni
3338 1596 3483 1657 apta

1915 1677 2146 1749 ignem?
2177 1678 2238 1735 Si
2278 1690 2460 1734 autem
2501 1679 2705 1744 dicant,
2740 1679 3026 1736 materiam
3066 1679 3281 1748 quidem
3309 1679 3484 1751 ipsam

1914 1771 2116 1828 malum
2147 1787 2254 1828 non
2289 1771 2495 1839 facere,
2551 1770 2664 1837 sed,
2710 1788 2832 1826 cum
2862 1772 2932 1827 sit
2962 1770 3128 1838 bona,
3154 1772 3353 1827 habere
3373 1771 3483 1828 vim

229 1865 429 1939 αὑτὴν,
489 1866 612 1920 ὅσαι
659 1867 714 1920 δὲ
755 1865 837 1932 οὓ,
877 1867 939 1921 οὑ
987 1867 1230 1933 δὺναται,
1284 1867 1408 1921 ἐπεὶ
1453 1867 1680 1921 κάκεῖνα
1700 1866 1807 1924 τῶν

1916 1864 2263 1918 attractivam
2297 1863 2365 1918 ad
2420 1863 2641 1929 malum,
2675 1865 2948 1934 quomodo
2982 1865 3086 1919 hoc
3117 1879 3331 1928 verum,
3360 1879 3484 1919 cum

228 1957 638 2028 πλησιαζόντων
674 1959 818 2013 καίει
845 1959 905 2013 τὸ
931 1959 1065 2033 πῦρ,
1123 1961 1226 2015 ὅσα
1251 1958 1567 2014 ὑπείκουσιν
1597 1950 1808 2027 ὑπείξει

228 2051 430 2120 φυσικῇ
459 2045 594 2120 πρὸς
624 2047 684 2101 τὸ
742 2049 872 2120 πῦρ,
903 2049 1003 2122 τὴν
1032 2050 1089 2103 δὲ
1117 2049 1496 2122 σαλαμάνδραν
1540 2049 1647 2102 οὐδ’
1671 2048 1806 2114 ὅλως

228 2139 394 2206 ιιαίει,
439 2140 578 2200 ὥστε
602 2139 869 2211 ἀναγκαία
905 2145 938 2216 ἡ
974 2143 1071 2215 ὕλη
1112 2144 1259 2198 ἑστιν
1306 2146 1386 2208 εἰς
1409 2144 1469 2198 τὸ
1493 2143 1672 2198 ἕλκειν
1725 2144 1806 2208 εις

223 2232 423 2287 κακίαν
448 2233 556 2289 τῶν
587 2235 661 2306 μὴ
685 2236 770 2304 ἐφ’
795 2235 1001 2289 ἑαυτῶν
1049 2234 1371 2307 ἱδρυμένων,
1411 2234 1526 2297 πῶς
1549 2234 1581 2306 ἢ
1617 2234 1679 2287 τὸ
1707 2249 1808 2287 κα-

227 2324 323 2377 κδν
351 2325 664 2394 ἀναγκαῖον,
719 2326 751 2396 ἢ
813 2323 873 2379 τὸ
914 2326 1210 2396 ἀναγκαῖον
1259 2325 1460 2392 κακόν;
1505 2325 1578 2378 Τὸ
1607 2325 1717 2398 γὰρ
1746 2323 1806 2392 ἐξ

224 2417 492 2490 ἀνάγκης,
520 2420 596 2484 ὡς
615 2419 756 2472 κατά
791 2419 952 2489 φύσιν
971 2420 1054 2482 ὃν,
1079 2417 1138 2472 οὑ
1168 2418 1356 2472 κακόν.
1395 2417 1604 2482 ’Δλλως
1626 2432 1685 2471 τε
1711 2417 1807 2470 καὶ

221 2507 378 2561 οὐδὲν
403 2499 564 2580 ἦττον
594 2508 841 2563 ἐντεῦθεν
865 2507 1064 2580 μᾶλλον
1109 2506 1424 2562 συνίσταται
1468 2509 1501 2579 ή
1557 2497 1809 2580 προαίρε-

225 2613 344 2662 σις·
382 2602 513 2673 παρ’
543 2603 676 2673 ἡμῖν
705 2601 812 2672 γάρ
865 2602 981 2653 ἐστι
1037 2600 1130 2654 καὶ
1178 2600 1237 2654 τὸ
1284 2599 1530 2672 ίδρὺσθαι
1581 2600 1809 2671 ἐφ’ἐαυ-

223 2691 356 2756 τῶν,
380 2694 473 2746 καὶ
498 2693 557 2747 τὸ
584 2694 680 2765 μὴ,
715 2693 848 2747 ἀλλὰ
880 2691 1016 2764 πρὸς
1061 2690 1130 2746 τὰ
1179 2681 1324 2762 πάθη
1355 2690 1677 2762 χαυνοῦσθαι
1713 2691 1808 2747 καὶ

225 2783 556 2837 ὑποκλίνειν.

1913 1953 2319 2016 ιιιιιιιωοηίωεο
2354 1956 2564 2025 corpori
2599 1956 2944 2025 materiaque
2987 1955 3252 2026 colligata:
3282 1955 3482 2010 bonum

1908 2044 2068 2118 521
2097 2046 2379 2116 spectent?
2409 2045 2522 2100 Hoc
2553 2056 2734 2101 autem
2791 2061 2897 2100 non
2931 2057 3185 2116 possent,
3214 2046 3482 2115 siquidem

1909 2153 1978 2191 ex
2013 2136 2340 2192 necessi:ate
2371 2152 2400 2190 τι
2430 2137 2658 2192 materia
2694 2138 3116 2202 attrahereutur,
3144 2138 3398 2206 quoniam
3432 2138 3484 2192 id

1910 2243 2072 2284 omne
2093 2243 2155 2283 ex
2193 2228 2359 2282 animi
2413 2228 2781 2284 destinatione
2810 2228 3049 2284 exsistit.
3088 2229 3238 2295 Quod
3285 2229 3330 2283 si
3360 2230 3485 2298 quis

1911 2320 2082 2384 dicat,
2111 2319 2400 2374 materiam
2436 2319 2555 2374 illas
2591 2321 2804 2374 animas
2855 2319 3109 2390 pellicere
3139 2334 3259 2388 quae
3290 2319 3363 2373 illi
3399 2318 3482 2373 fa-

1912 2409 2018 2466 cile
2049 2413 2275 2474 cedunt,
2306 2407 2445 2464 alias
2471 2417 2654 2463 autem
2686 2423 2792 2463 non
2835 2423 2994 2476 posse
3026 2409 3313 2479 pellicere;
3342 2409 3485 2463 sicut

1909 2503 2079 2559 etiam
2112 2501 2257 2572 ignis
2290 2501 2382 2556 illa
2436 2514 2667 2571 corpora
2727 2499 2904 2553 vicina
2937 2501 3066 2567 urit,
3097 2515 3216 2570 qua:
3249 2499 3484 2555 naturali

1911 2593 2253 2650 ﬂexibilitate
2290 2595 2398 2665 igni
2431 2594 2658 2660 cedunt,
2688 2592 3092 2649 salamandram
3123 2607 3253 2648 vero
3279 2609 3483 2662 nequa-

1915 2702 2079 2759 quam
2111 2686 2405 2752 comburit,
2431 2694 2592 2757 atque
2619 2685 2692 2741 ita
2727 2686 2954 2741 materia
2987 2687 3294 2741 necessaria
3321 2687 3393 2739 sit
3414 2686 3481 2740 ad

1914 2780 2333 2851 pertrahendum
2368 2776 2433 2831 ad
2472 2777 2674 2832 malum
2722 2777 2811 2832 illa
2861 2793 2981 2848 quae
3025 2779 3079 2834 in
3113 2795 3173 2836 se
3219 2792 3327 2833 non
3353 2784 3480 2831 sunt

223 2874 471 2941 ﬁrmata;
517 2875 788 2947 quomodo
839 2875 1039 2931 malum
1091 2884 1174 2932 est
1221 2876 1613 2943 necessarium,
1679 2873 1762 2930 vel
1810 2873 1864 2932 id
1917 2872 2062 2943 quod
2113 2871 2480 2926 necessarium
2537 2879 2642 2935 est,
2707 2877 2791 2926 est
2830 2871 3074 2926 malum?
3131 2870 3283 2938 Quod
3334 2869 3477 2925 enim

225 2964 385 3033 quasi
425 2981 490 3020 ex
543 2976 731 3021 natura
767 2968 1133 3023 necessarium
1177 2977 1283 3035 est,
1311 2984 1416 3023 non
1460 2976 1546 3022 est
1578 2966 1804 3022 malum.
1857 2965 2009 3020 Alias
2053 2964 2220 3021 etiam
2253 2977 2359 3018 non
2399 2962 2578 3017 minus
2631 2963 2758 3018 hinc
2812 2963 2986 3034 magis
3007 2963 3363 3018 continuatur
3409 2962 3478 3016 li-

217 3059 801 3136 Vbertas;quoniamin
839 3071 1024 3117 nostra
1083 3071 1353 3126 potestate
1391 3062 1557 3119 situm
1613 3071 1719 3129 est,
1743 3065 1800 3118 ln
1839 3061 1999 3118 nobis
2027 3059 2160 3131 ipsis
2211 3057 2469 3124 stabiliri,
2517 3058 2602 3114 vel
2653 3075 2783 3123 non,
2840 3058 2936 3114 sed
2995 3057 3343 3128 passionibus
3391 3072 3480 3113 re-

221 3151 363 3206 solvi
394 3165 458 3206 ac
488 3151 790 3222 subjugari.

299 3243 327 3315 ς
380 3233 568 3298 xxnt.
615 3244 892 3300 Ἐπειδδὸ
927 3245 1304 3319 Ἀριστοτέλης
1332 3247 1473 3320 μετά
1528 3247 1630 3319 τῆς
1675 3246 1807 3320 ὕλης

1981 3244 2009 3318 5
2042 3242 2235 3300 XXIX.
2266 3242 2402 3299 Cum
2427 3248 2611 3295 autem
2663 3235 2984 3293 Aristoteles
3016 3251 3119 3291 una
3149 3251 3273 3290 cum
3308 3249 3487 3292 mate-

222 3336 321 3389 καὶ
349 3330 443 3386 τοῦ
472 3334 645 3399 εἴδους
663 3337 843 3407 ἀρχὴν
863 3336 1046 3407 τίθησι
1078 3337 1173 3391 καὶ
1214 3339 1312 3410 τὴν
1365 3339 1640 3410 στέρησιν,
1671 3339 1705 3410 ἢ
1734 3338 1802 3410 δὴ

220 3424 442 3480 ἐναντία
474 3427 596 3479 ἐστὶ
623 3426 700 3498 τῷ
727 3428 878 3494 εῖδει,
912 3430 1007 3483 καὶ
1025 3431 1091 3507 τῇ
1132 3429 1233 3504 ὑλῃ
1256 3429 1454 3494 ἔνεστι,
1497 3431 1662 3502 φησιν
1717 3431 1800 3484 ὅτι

220 3514 320 3569 καὶ
346 3516 481 3588 αὑτὴ
519 3516 637 3588 δὴὴ
669 3513 928 3589 στέρησις
957 3517 1018 3571 οὑ
1056 3519 1288 3589 μάχεται
1327 3519 1405 3590 τῷ
1450 3519 1638 3591 ἀγαθῷ
1660 3519 1800 3575 κατά

218 3607 322 3678 τὴν
367 3607 574 3662 οἰκείαν
634 3608 898 3679 δύναμιν·
961 3612 994 3681 ἡ
1053 3611 1305 3682 στέρησις
1343 3611 1452 3683 γάρ
1510 3612 1611 3664 οὑκ
1657 3612 1801 3668 ἔστιν

219 3698 550 3771 ὑπόστασις
611 3700 674 3755 τὸ
721 3700 778 3754 δὲ
817 3702 890 3774 μὴ
938 3700 1302 3776 ὑφιστάμενον
1344 3706 1505 3759 ποίαν
1538 3704 1648 3770 ἔξει
1700 3705 1801 3778 τὴν

216 3792 470 3863 δύναμιν.
491 3793 554 3846 Ei
582 3792 639 3846 δέ
665 3794 781 3846 ἐστι
816 3795 1036 3866 μερικὴ,
1057 3795 1132 3858 ὡς
1153 3795 1270 3848 τόδε
1303 3796 1400 3867 μὲν
1420 3792 1558 3850 εἷναί
1579 3814 1653 3861 τι,
1681 3797 1801 3850 τόδε

217 3885 276 3940 δὲ
314 3885 389 3957 μὴ
415 3881 574 3950 εἶναι,
596 3887 630 3957 ὴ
668 3881 892 3958 τοιαύτη
926 3885 1180 3959 στέρησις
1205 3888 1265 3940 οὑ
1299 3888 1576 3953 παντελῶς
1599 3887 1764 3942 κακόν
1784 3905 1798 3921 ο

219 3978 532 4048 στερήσεως
551 3975 660 4048 γάρ
697 3978 931 4049 μερικῑκ
968 3977 1133 4049 οὑσης
1180 3979 1273 4033 τοῦ
1307 3979 1533 4048 ἀγαθοῦ,
1559 3981 1658 4050 οὑχ
1685 3980 1803 4033 ὁλο-

217 4067 390 4131 τελῶς
415 4068 479 4124 τὸ
513 4070 744 4140 πρᾶγμα
768 4064 932 4122 κακόν
952 4087 965 4099 ·
1001 4071 1095 4123 καὶ
1118 4071 1434 4142 γενομένης,
1487 4073 1580 4125 ἐπὶ
1611 4071 1800 4125 τοσοῦ-

217 4171 314 4211 τον
356 4152 583 4230 λέγομεν
616 4156 860 4228 γίνεσθαι
910 4159 1145 4232 ταύτην,
1213 4161 1442 4214 καθόσον
1497 4162 1559 4215 τὸ
1599 4161 1802 4230 ἀγαθὸν

217 4249 530 4319 ἐπέρχεται.
560 4247 632 4302 Τὸ
677 4249 807 4318 γοῦν
853 4249 1045 4317 οὔσης
1066 4247 1307 4303 τέθεικεν
1349 4251 1441 4303 ἐπὶ
1489 4251 1597 4304 τῶν
1635 4250 1801 4304 πάλαι

220 4339 356 4394 ποτὲ
391 4340 779 4411 στερηθέντων,
803 4340 863 4395 τὸ
891 4336 946 4394 δὲ
977 4343 1301 4410 γενομένης
1327 4342 1418 4395 ἐπὶ
1447 4342 1554 4394 τῶν
1581 4343 1679 4413 ἤδη
1707 4341 1802 4396 καὶ

223 4431 511 4504 προσεχῶς
566 4431 851 4486 παθόντων
892 4433 991 4504 τὴν
1037 4435 1307 4505 στέρησιν,
1358 4433 1532 4504 δηλῶν
1597 4433 1690 4487 καὶ
1740 4434 1802 4500 ἐξ

220 4521 569 4594 ἀμφοτέρων,
599 4523 680 4575 ὅτι
708 4524 826 4576 τότε
873 4525 905 4594 ἡ
954 4524 1207 4593 στέρησις
1257 4524 1681 4597 παρυφὶσταται,
1708 4525 1798 4578 ὅτε

1907 3339 1984 3394 ria
2012 3346 2069 3394 et
2100 3337 2274 3393 forma
2301 3333 2629 3405 principium
2661 3339 2830 3401 ponat
2854 3338 2909 3384 et
2935 3329 3320 3400 privationem,
3351 3344 3477 3400 qua!

1902 3430 2092 3501 utique
2127 3427 2403 3484 contraria
2429 3433 2512 3480 est
2538 3424 2745 3489 formte,
2767 3431 2822 3477 et
2876 3421 3020 3477 inest
3071 3421 3332 3486 materiae,
3377 3423 3478 3487 ait,

1901 3537 1973 3578 ne
2004 3527 2180 3591 Ipsam
2230 3518 2451 3591 quidem
2492 3516 2855 3586 privationem
2906 3515 3047 3569 bono
3083 3528 3387 3585 repugnare
3423 3514 3475 3568 vi

1902 3627 2036 3678 sua;
2064 3626 2190 3666 nam
2222 3609 2457 3680 privatio
2485 3623 2590 3664 non
2623 3606 2907 3668 subsistit;
2960 3604 3102 3675 quod
3130 3614 3312 3661 autem
3367 3619 3473 3659 non

1901 3703 2173 3768 subsistit,
2212 3701 2437 3782 qualem
2465 3701 2576 3755 vim
2630 3698 2898 3755 habebit?
2928 3697 3081 3765 Quod
3129 3697 3173 3753 si
3229 3699 3478 3770 partialis

1901 3799 1992 3864 sit,
2033 3807 2090 3852 ut
2135 3796 2238 3852 hoc
2265 3793 2484 3866 quidem
2548 3792 2640 3859 sit,
2671 3790 2816 3846 aliud
2849 3806 2984 3847 vero
3011 3805 3117 3844 non
3153 3790 3245 3854 sit,
3283 3790 3474 3845 istius-

1903 3887 2046 3942 modi
2081 3885 2314 3955 privatio
2353 3901 2461 3939 non
2485 3883 2708 3939 omnino
2733 3879 2870 3935 mala
2895 3899 2909 3935 :
2935 3880 3150 3950 partiali
3174 3880 3316 3934 enim
3343 3879 3474 3935 boui

1902 3977 2211 4047 privatione
2258 3977 2581 4042 exsistente,
2637 3988 2728 4028 res
2765 3972 3000 4027 nondum
3044 3971 3282 4042 perfecte
3333 3973 3473 4028 mala

1901 4079 2023 4134 est;
2056 4080 2110 4125 et
2143 4071 2270 4125 dum
2300 4067 2382 4134 iit,
2414 4077 2641 4124 eatenus
2681 4066 2915 4122 dicimus
2964 4081 3084 4119 eam
3118 4064 3258 4130 fieri,
3285 4075 3475 4134 quate-

1901 4178 2007 4219 nus
2033 4162 2229 4218 bouum
2277 4157 2654 4229 subsequitur.
2721 4157 2864 4212 Dixit
2909 4155 3074 4226 οὔσης
3128 4156 3195 4208 de
3253 4155 3321 4209 iis
3354 4169 3474 4224 qua:

1900 4253 2032 4310 olim
2092 4251 2384 4322 aliquando
2449 4248 2662 4318 privata
2715 4245 2955 4309 fuerunt,
3012 4244 3308 4315 γενομένης
3344 4259 3472 4299 vero

1903 4347 1971 4400 de
1997 4345 2064 4400 iis
2100 4359 2220 4414 quae
2253 4344 2409 4397 modo
2439 4351 2494 4395 et
2549 4341 2601 4395 in
2640 4338 3056 4411 prsesentiarum
3111 4337 3468 4406 privationem

1901 4433 2204 4505 patiuntur,
2236 4448 2300 4488 ex
2331 4443 2564 4502 utroque
2589 4429 2896 4494 declarans,
2933 4436 3042 4481 tum
3083 4425 3238 4494 quasi
3288 4425 3469 4478 Stthsi-

1903 4537 2050 4582 stere
2077 4525 2458 4596 privationem,
2489 4522 2709 4582 quando
2743 4520 2943 4574 bonum
2976 4518 3201 4572 recedit.

218 4612 284 4670 τὸ
314 4616 515 4685 ἀγαθὸν
536 4617 850 4687 ἀπέρχεται.
1824 4622 1872 4680 ι)

291 4709 518 4781 ςχχχ.
556 4710 674 4762 Ἔτι
737 4709 1103 4778 συλλογίςεται
1168 4710 1307 4764 κατά
1353 4708 1684 4780 Μανιχαίων,
1725 4707 1796 4761 δι’

1971 4705 2196 4780 ᾗΧΧΧ.
2255 4703 2677 4775 Argttmentatur
2736 4697 2825 4754 hic
2879 4711 3068 4753 contra
3121 4697 3467 4763 Mauichteos,

217 4790 296 4856 ὧν
321 4801 717 4862 ἀποδείκνυσιν,
755 4801 834 4853 ὅτι
865 4801 964 4854 οὑκ
996 4802 1141 4854 ἔστιν
1197 4801 1257 4854 ὃν
1285 4801 1345 4854 τὸ
1375 4801 1542 4854 κακόν
1562 4817 1576 4828 °
1609 4803 1657 4853 εί
1687 4800 1795 4872 γὰρ

1908 4803 2029 4858 dum
2080 4799 2314 4854 ostendit
2375 4795 2576 4849 malum
2633 4807 2737 4848 non
2793 4806 2918 4847 esse
2973 4805 3106 4858 ens;
3156 4790 3256 4845 etsi
3322 4790 3464 4844 enim

217 4894 318 4946 καὶ
346 4892 511 4962 μήπω
530 4908 612 4954 τις
627 4893 854 4962 αἵρεσις,
874 4892 1007 4945 ἀλλὰ
1031 4891 1480 4964 προφυλακτικῶς
1501 4889 1793 4960 ἐνεπνεὺσθη

1908 4892 2140 4949 nondum
2160 4889 2248 4944 ifla
2274 4886 2490 4942 heresis
2506 4885 2816 4951 exsisteret,
2849 4891 3030 4937 tamen
3057 4883 3123 4937 ad
3147 4882 3466 4952 praecentio-

217 4987 288 5039 τὰ
320 4986 418 5056 τὴν
442 4985 645 5055 πλάνην
674 4985 848 5037 αὑτῶν
871 4986 1259 5056 ἀνατρέποντα.
1291 4985 1518 5049 Ἴσωςδέ
1547 4985 1639 5039 καὶ
1660 4984 1795 5056 πρός

1908 4999 2027 5040 nem
2067 4981 2418 5050 inspiratione
2451 4979 2662 5048 accepit
2699 4991 2817 5046 quae
2850 4989 3092 5032 errorem
3135 4972 3279 5028 illum
3311 4986 3466 5027 ever—

217 5095 372 5140 τινας
402 5077 510 5129 τῶν
535 5077 730 5143 ἔξωθεν
758 5078 912 5142 δόξας
937 5079 984 5130 οἱ
1008 5077 1234 5131 τοιοῦτοι
1261 5077 1623 5148 συλλογισμοί.
1663 5077 1792 5130 Λοι-

1908 5085 2099 5132 terent.
2131 5072 2406 5129 Fortassis
2449 5071 2614 5124 etiam
2674 5079 2860 5124 contra
2897 5066 3159 5136 quasdam
3218 5065 3465 5119 ethnicas

219 5169 324 5224 πὸν
351 5187 532 5240 φησιν,
561 5172 641 5223 ὅτι
683 5171 742 5222 τὸ
772 5171 973 5239 ἀγαθὸν
1004 5173 1068 5223 ἐκ
1101 5172 1228 5241 μιᾶς
1262 5171 1360 5240 τῆς
1403 5170 1510 5222 τῶν
1539 5169 1674 5222 ὅλων
1710 5169 1794 5220 ai-

1908 5168 2179 5236 opiuiones
2209 5163 2722 5219 valentistiusmodi
2771 5172 3114 5230 argumenta.
3172 5156 3461 5221 Caeterum,

217 5265 342 5327 τίας
373 5262 591 5335 (ταύτην
620 5264 727 5335 γὰρ
761 5263 907 5330 λέγει
937 5264 1063 5334 ὃλην
1104 5263 1338 5332 αἰτίαν),
1369 5260 1431 5314 τὸ
1459 5262 1514 5314 δὲ
1547 5261 1714 5314 κακὸν
1728 5260 1788 5312 οὑ

1908 5259 2093 5326 inquit,
2123 5257 2320 5311 bonum
2345 5264 2430 5310 est
2461 5269 2526 5308 ex
2557 5269 2664 5307 una
2697 5253 3070 5306 universorum
3104 5263 3266 5303 causa
3301 5248 3462 5317 (hanc

217 5356 362 5410 κατά
391 5355 568 5424 φύσιν,
595 5355 708 5409 ἀλλ’
739 5359 802 5409 ἐκ
834 5356 1043 5409 πολλῶν
1088 5357 1181 5408 καὶ
1223 5354 1461 5425 μερικῶν
1503 5352 1791 5421 ἐλλείψεων

1908 5351 2041 5403 enim
2081 5349 2350 5418 integram
2383 5362 2604 5402 causam
2632 5346 2831 5412 vocat),
2884 5343 3084 5396 malum
3133 5347 3313 5391 autem
3349 5353 3458 5391 non

217 5446 318 5500 τοῦ
346 5447 569 5515 ἀγαθοῦ.
621 5449 875 5517 Μερικῶν
920 5448 975 5500 δὲ
1030 5424 1269 5518 εἴρηκεν,
1318 5449 1403 5499 ἵνα
1454 5443 1514 5498 τὸ
1565 5443 1790 5496 καθόλου

1908 5449 1981 5495 est
2009 5440 2305 5494 secundum
2336 5447 2608 5500 naturam,
2637 5435 2730 5490 sed
2759 5449 2821 5488 ex
2861 5432 3043 5486 multis
3075 5443 3136 5482 ac
3167 5424 3460 5498 particula-

217 5540 416 5612 ἀνέλῃ·
458 5543 488 5610 ὴ
535 5540 643 5610 γάρ
673 5542 935 5610 παντελὴς
975 5517 1209 5608 ἔλλειψις
1231 5539 1291 5591 τὺ
1329 5538 1401 5608 μὴ
1440 5533 1577 5589 εἶναι
1607 5533 1792 5595 ἁπλῶς

1908 5533 2052 5587 ribus
2082 5532 2209 5585 boni
2240 5527 2558 5585 defectibus.
2587 5527 2663 5582 Ex
2709 5525 3130 5596 particularibus
3161 5531 3336 5573 autem
3373 5517 3458 5568 di-

219 5633 550 5703 συνίστησιν.
603 5635 714 5686 Οὑκ
754 5635 895 5685 ἔστιν
927 5634 1032 5702 ἄρα
1061 5632 1362 5702 ὡρισμένον
1399 5647 1453 5682 τι
1489 5627 1548 5680 τὸ
1583 5625 1747 5678 κακὸν
1773 5660 1788 5685 ,

1908 5626 2002 5688 xit,
2038 5633 2095 5677 ttt
2137 5624 2288 5678 tollat
2349 5620 2742 5683 universalem;
2797 5633 2920 5672 nam
2974 5613 3154 5669 totalis
3214 5609 3458 5664 defectus

217 5723 335 5778 ἀλλ’
363 5725 630 5786 ἀόριστον,
671 5727 742 5786 ὡς
771 5728 834 5776 ἐκ
898 5724 1103 5776 πολλῶν
1154 5724 1453 5791 γινόμενον.
1495 5719 1616 5780 Πῶς
1651 5715 1791 5769 δὲτὸ

1908 5715 2382 5786 lollitsimpliciter
2409 5729 2625 5768 omnem
2656 5712 3019 5766 existentiatn.
3063 5710 3172 5759 Non
3215 5712 3296 5757 est
3358 5703 3459 5753 ita-

1910 5823 2015 5876 fl“c
2046 5807 2322 5864 deﬁnitum
2349 5808 2479 5878 Quid
2511 5807 2579 5862 sit
2612 5804 2834 5869 malum,
2867 5801 2962 5858 sed
3004 5798 3364 5859 indefinitum,
3399 5798 3458 5845 ut

221 5819 388 5872 κακὸν
413 5820 474 5870 ὲκ
499 5817 704 5870 πολλῶν
747 5817 1066 5882 ἐλλείψειιηνι
1113 5818 1144 5886 ἢ
1177 5816 1436 5884 δηλονότι,
1480 5818 1532 5867 ἐν
1563 5814 1668 5883 ὅσῳ
1701 5811 1786 5864 sx-
