4176 6308
747 329 860 399 807

1925 341 1981 400 S.
2020 342 2322 400 DlONYSii
2358 343 2817 404 ABEOPAGITA‘J

3910 364 4018 420 808

744 454 899 524 quod
927 468 995 510 ex
1024 453 1213 511 multis
1265 454 1505 515 exsistit.
1538 453 1823 521 Quomodo
1858 471 1987 511 vero
2027 458 2227 511 malum
2257 473 2323 512 ex

2430 458 2604 513 λείπει
2636 462 2698 514 τὸ
2719 462 2941 531 ἀγαθὸν,
2960 468 3018 518 ἐν
3048 469 3283 540 τοσούτῳ
3304 473 3365 525 τὸ
3387 474 3792 548 κακδνηπαρυφὶ
3800 495 4012 541 σταται,

748 548 938 604 multis
965 547 1307 602 defectibus?
1333 548 1434 601 nisi
1464 548 1745 612 videlicet,
1781 551 1923 617 quod
1973 550 2026 603 in
2062 562 2328 619 quantum

758 642 945 697 deﬁcit
968 642 1189 709 bonum,
1220 644 1274 696 in
1310 652 1518 699 tantum
1558 643 1722 715 422
1750 645 2151 713 quodammodo
2182 648 2328 701 exsi-

751 742 861 789 stat
890 734 1125 796 malum;
1166 736 1462 789 secundum
1496 737 1771 791 modicum
1802 745 1856 790 et
1883 737 1935 791 in
1967 748 2209 807 tempore
2236 740 2329 794 de-

751 822 948 888 fectus,
981 828 1276 883 secundum
1304 829 1573 882 modicum
1600 838 1652 883 et
1683 830 1732 882 in
1757 842 1996 899 tempore
2025 832 2153 885 mali
2182 833 2331 887 exsi-

755 918 981 972 stentia.
1038 914 1282 973 Primum
1337 935 1468 991 ergo
1520 933 1905 991 argumentum
1959 923 2169 979 virtute
2222 927 2331 980 duo

750 1008 1050 1073 concludit,
1081 1012 1226 1080 quod
1260 1013 1555 1067 bonum‘id
1604 1015 1747 1082 quod
1793 1018 1897 1079 est,
1930 1026 1984 1069 et
2042 1016 2242 1070 malum
2275 1013 2330 1069 id

751 1102 898 1174 quod
935 1118 1039 1157 non
1068 1115 1170 1169 est,
1204 1106 1519 1159 terminent.
1570 1106 1997 1162 Concluduntur
2027 1110 2191 1162 etiam
2224 1110 2330 1164 duo

750 1212 817 1249 ex
847 1196 962 1249 sola
1018 1198 1214 1251 minori
1284 1199 1680 1267 propositione,
1730 1201 1931 1253 bonum
1977 1189 2232 1255 videlicet
2262 1216 2327 1255 ex

750 1288 866 1342 solo
899 1291 1274 1345 universorum
1308 1292 1578 1361 principio
1607 1307 1718 1345 rem
1748 1306 1869 1346 esse
1889 1306 2009 1361 qua:
2042 1293 2120 1347 sic
2150 1308 2207 1347 se
2235 1294 2331 1347 ha-

750 1380 873 1445 bet;
939 1382 1139 1435 bunum
1192 1398 1323 1451 ergo
1373 1398 1460 1437 res
1517 1392 1634 1448 est;
1686 1394 1741 1437 et
1786 1398 2001 1449 rursus,
2031 1387 2231 1439 malum
2260 1401 2325 1440 ex

749 1472 939 1525 multis
966 1483 1019 1526 et
1054 1472 1351 1529 indelinitis
1384 1476 1688 1531 defectibus
1714 1492 1817 1529 non
1850 1487 1973 1531 esse
2002 1493 2150 1543 rem;
2185 1480 2327 1549 quod

748 1562 828 1614 sic
856 1578 913 1616 sc
937 1563 1123 1628 habet,
1154 1565 1361 1618 malum
1390 1581 1520 1635 ergo
1548 1577 1763 1621 nonest
1788 1582 1895 1623 res.
1930 1571 2092 1636 Deus,
2126 1572 2323 1640 inquit,

748 1654 913 1708 etiam
940 1670 1002 1709 ea
1032 1671 1152 1725 qum
1178 1658 1315 1711 mala
1345 1659 1602 1713 dicuntur
1637 1662 1785 1712 novit
1810 1663 1951 1714 sicut
1990 1663 2157 1729 bona,
2184 1663 2325 1716 mala

750 1747 942 1801 dicens
972 1749 1135 1813 bella,
1172 1751 1415 1815 morbos,
1444 1752 1537 1819 qui
1570 1768 1754 1807 mures
1772 1754 2070 1825 corrigam,
2102 1764 2323 1820 mortes,

747 1851 803 1896 et
827 1841 1056 1907 similia;
1089 1852 1417 1911 reputantur
1443 1846 1591 1899 enim
1625 1861 1652 1897 a
1686 1848 1842 1902 nobis
1874 1849 2037 1911 tnala,
2073 1860 2199 1903 sunt
2223 1866 2325 1903 au»

752 1944 859 1987 tem
891 1934 1034 2001 vires
1056 1949 1235 1990 causae
1263 1950 1384 2005 quae
1416 1938 1617 1990 bonum
1647 1937 1840 2005 eﬂicit;
1894 1956 2016 1994 nam
2044 1957 2152 2010 per'
2180 1956 2325 2011 pise-

752 2027 895 2079 dicta
929 2028 1245 2095 pmuitentia
1279 2038 1333 2081 et
1374 2028 1473 2083 Dei
1531 2032 1769 2107 cognitio
1804 2035 2127 2102 acquiritur,
2158 2037 2327 2104 plurip

748 2115 956 2187 busque
999 2118 1219 2188 pietatis
1272 2122 1498 2176 occasio
1561 2122 1687 2188 fuit,
1734 2136 1898 2195 atque
1954 2127 2005 2180 in
2050 2130 2326 2198 prophetis

750 2210 959 2265 malitia
994 2220 1241 2265 vocatur.
1294 2213 1387 2267 Vel
1433 2216 1601 2269 etiam
1652 2217 1832 2272 aliter.
1880 2216 2054 2275 Causa
2109 2222 2233 2277 mali
2266 2223 2323 2277 in

752 2302 1089 2357 lasciviendo
1118 2315 1201 2358 est
1226 2307 1674 2375 concupiscentia
1698 2325 1713 2373 ;
1768 2310 1882 2379 ipsa
1911 2320 2323 2369 tamen‘concur

746 2394 1015 2465 piscentia
1045 2404 1129 2449 est
1154 2395 1383 2451 facultas
1410 2397 1536 2453 boni
1564 2398 1813 2457 effectrix
1866 2404 2081 2459 ratione
2104 2406 2322 2475 quidem

749 2489 1056 2553 utentibus,
1101 2498 1162 2542 ut
1196 2505 1295 2559 per
1320 2491 1491 2557 ipsam
1525 2506 1743 2551 sursum
1780 2496 1847 2549 ad
1893 2510 2081 2551 verum
2116 2500 2318 2555 bonum

746 2579 1006 2645 tendant;
1046 2580 1264 2638 ratione
1292 2596 1425 2637 vero
1444 2583 1701 2652 privatis,
1733 2595 1791 2641 ut
1820 2600 1907 2654 ea,
1934 2604 2055 2657 qua:
2104 2587 2170 2644 ad
2196 2606 2322 2660 pro—

747 2667 923 2740 priam
954 2686 1109 2726 suam
1134 2674 1610 2730 conservationem
1642 2676 1872 2743 faciunt,
1908 2688 2184 2749 appetant.
2210 2682 2323 2739 No-

745 2756 831 2811 vit
876 2761 1069 2830 itaque
1120 2763 1283 2827 Deus,
1334 2765 1453 2820 sive
1508 2767 1676 2821 etiam
1726 2772 2034 2837 cognoscit,
2095 2787 2161 2828 ac
2194 2773 2325 2830 facit

744 2853 909 2907 etiam
945 2853 1171 2917 malum,
1204 2868 1311 2909 non
1370 2869 1484 2925 qua
1542 2858 1768 2925 malum,
1807 2864 1900 2915 sed
1930 2877 2038 2931 qua
2076 2864 2318 2921 bonum:

746 2943 886 2997 nihil
911 2958 1045 3013 ergo
1087 2945 1255 2999 etiam
1297 2961 1396 3015 per
1429 2962 1488 3002 se
1534 2958 1621 3003 est
1670 2950 1913 3005 malum:
1954 2954 2153 3024 quippe
2179 2958 2321 3025 quod

727 3036 884 3089 nihil
938 3036 1138 3091 habeat
1190 3038 1359 3091 etiam
1414 3039 1566 3104 boni,
1631 3044 1779 3097 unde
1822 3045 1987 3101 etiam
2018 3074 2019 3077 η
2055 3048 2319 3103 malorum

747 3144 926 3183 causa:
950 3130 1182 3186 virtutes
1208 3142 1334 3187 sunt
1362 3133 1640 3190 beneﬂcae.
1668 3135 1820 3202 Quod
1853 3139 1897 3194 si
1934 3141 2132 3196 malum
2163 3152 2326 3199 teter—
2352 3148 2393 3207 C

747 3236 873 3273 num
899 3230 1001 3284 est,
1032 3230 1087 3276 et
1134 3233 1359 3293 potest,
1386 3234 1441 3279 et
1491 3227 1635 3297 agit;
1667 3230 1811 3283 unde
1836 3231 1884 3283 ei
1919 3230 2035 3287 haec
2052 3234 2079 3287 ?‘
2100 3233 2229 3289 num
2253 3252 2320 3293 ex

745 3310 1344 3381 bono‘lanediverso,
1388 3332 1512 3371 cum
1560 3327 1618 3372 et
1673 3320 1876 3375 bonum
1933 3324 2048 3379 hac
2104 3325 2320 3395 habeat,

744 3411 907 3457 erunt
937 3404 1052 3459 hac
1093 3405 1239 3461 bona
1292 3406 1359 3461 ex
1404 3409 1588 3481 maio?
1643 3419 1836 3468 verum
1898 3416 2321 3490 haudquaquam

745 3492 922 3562 decet,
958 3506 1017 3551 ut
1045 3498 1246 3553 bonum
1274 3515 1339 3554 ex
1380 3501 1521 3555 malo
1552 3502 1889 3573 perﬁciatur,
1918 3522 2050 3578 ergo
2076 3512 2179 3566 erit
2208 3513 2321 3583 pri-

750 3603 922 3644 mum.
966 3589 1166 3645 Verum
1206 3605 1275 3646 ex
1324 3592 1468 3647 bono
1496 3593 1639 3648 bona
1690 3595 1837 3662 data,
1886 3601 2085 3653 malum
2121 3604 2320 3658 bonum

746 3681 1347 3755 redderent,quomodo
1375 3700 1507 3755 ergo
1538 3698 1724 3743 manet
1753 3692 1931 3745 adhuc
1959 3695 2198 3750 malum?
2225 3680 2322 3753 Vel

742 3784 931 3850 certe;
973 3789 1079 3829 non
1108 3777 1187 3832 sic
1219 3791 1279 3832 se
1337 3794 1423 3833 res
1477 3780 1666 3844 habet,
1697 3781 1793 3835 sed
1826 3783 2044 3853 utrique
2100 3790 2315 3855 horum,

746 3878 855 3922 tam
890 3869 1029 3923 bono
1065 3885 1228 3940 quam
1279 3872 1423 3927 malo
1447 3914 1462 3940 ,
1518 3874 1634 3929 haec
1693 3888 1759 3928 ex
1809 3875 1911 3930 alia
1942 3894 2109 3935 causa
2140 3884 2322 3936 obtin-

748 3964 920 4034 gunt?
947 3964 1011 4019 Et
1046 3982 1167 4036 qua:
1201 3971 1418 4024 tandem
1479 3971 1596 4024 haec
1632 3971 1744 4026 sit?
1781 3982 1836 4027 et
1890 3976 1935 4030 si
1991 3979 2092 4044 sit,
2146 3980 2323 4049 quails

745 4055 862 4111 est?
900 4056 965 4112 Et
1000 4059 1218 4123 iterum,
1251 4060 1449 4113 ibidem
1484 4062 1603 4123 haec
1648 4063 1836 4118 eadem
1867 4080 1987 4135 quae
2015 4070 2103 4123 hic
2130 4071 2319 4125 dicen-

745 4157 854 4201 tur.
885 4148 1001 4201 Non
1033 4149 1214 4218 itaque
1234 4151 1447 4206 ’maium
1474 4168 1568 4221 per
1602 4168 1662 4207 se
1696 4150 2217 4212 exsistit.Ca:terum
2264 4161 2321 4214 id

743 4241 886 4310 quod
935 4256 997 4295 ex
1032 4252 1225 4295 natura
1277 4246 1547 4316 sequitur,
1584 4247 1869 4302 deﬁnitum
1924 4261 2040 4315 est;
2075 4242 2320 4306 deﬁnitio

746 4345 830 4388 est
859 4335 999 4389 ratio
1028 4336 1299 4391 essentias
1338 4335 1521 4392 rerum
1569 4338 1850 4407 explicans
1876 4380 1891 4405 ,
1924 4353 1978 4399 et
2008 4345 2152 4413 quod
2191 4338 2321 4415 quid

745 4428 817 4481 sit
855 4428 1155 4485 declarans.
1185 4428 1361 4485 Omne
1396 4433 1561 4503 igitur
1592 4436 1737 4505 quod
1788 4432 1871 4489 est
1902 4437 2196 4490 secnndum
2224 4450 2317 4495 na.-

746 4530 948 4583 turam,
974 4534 1041 4575 ex
1068 4522 1292 4577 deﬁnita
1324 4540 1487 4581 causa
1518 4537 1624 4594 est,
1669 4543 1765 4597 per
1786 4542 1951 4596 quam
2001 4528 2061 4581 iit
2094 4527 2147 4583 id
2171 4530 2315 4598 quod

745 4613 825 4665 iit.
856 4612 910 4666 Si
943 4614 1126 4684 itaqne
1162 4616 1363 4671 malum
1388 4633 1550 4680 causa
1580 4631 1732 4675 caret
1762 4622 1811 4690 (a
1838 4620 1988 4676 nullo
2017 4622 2158 4683 enim
2185 4638 2315 4692 pro-

744 4703 963 4759 ductum
996 4707 1126 4771 esti,
1166 4711 1360 4765 merito
1400 4726 1499 4766 nec
1522 4713 1807 4767 deﬁnitum
1848 4723 1948 4777 est,
2004 4728 2125 4768 cum
2163 4714 2310 4768 nulla

2434 556 2558 605 κατ’
2584 554 2765 625 ὀλίγον
2800 561 2893 611 καὶ
2945 562 3005 613 ἐν
3035 562 3213 634 χρόνῳ
3254 566 3307 618 αἰ
3356 566 3639 637 ἐλλείψεις,
3688 574 3811 624 κατ’
3837 573 4015 643 ὀλίγον

2432 646 2525 698 καὶ
2550 647 2611 699 ὲν
2648 646 2823 722 χρόνῳ
2872 652 2967 704 καὶ
3012 656 3044 724 ἡ
3093 656 3187 709 τοῦ
3228 658 3398 711 κακοῦ
3454 660 3891 732 παρυπόστασις.
3930 656 4013 719 "0

2431 737 2524 796 οὖν
2548 743 2765 814 πρῶτος
2805 747 3160 821 συλλογισμὸς
3187 752 3414 823 δυνάμει
3441 750 3534 807 δύο
3558 757 3714 819 εἰσὶν,
3746 758 3832 810 ὅτι
3868 777 3926 812 τε
3956 760 4013 813 τὸ

2432 834 2634 902 ἀγαθὸν
2656 835 2736 900 ὃν,
2768 840 2860 893 καὶ
2892 841 2971 893 ὅτι
3002 843 3063 895 τὸ
3092 841 3257 897 κακὸν
3302 845 3374 915 μὴ
3422 843 3481 900 ὂν
3526 851 4005 920 συμπεραίνοντες.

2431 928 2553 982 Εἰσί
2573 930 2627 983 δὲ
2666 932 2759 985 καὶ
2798 935 2845 986 οἱ
2905 933 2999 987 δύο
3026 936 3089 988 ἐκ
3143 936 3309 1007 μόνης
3351 938 3451 1007 τῆς
3497 939 3774 1003 ἐλάττονος
3812 945 4011 1014 προτά-

2434 1038 2591 1086 σεως,
2626 1022 2687 1077 τὸ
2718 1024 2921 1093 ἀγαθὸν
2971 1028 3035 1079 ὲκ
3090 1030 3219 1097 μιᾶς
3260 1028 3356 1100 τῆς
3401 1030 3672 1086 τῶννὸλων
3701 1035 3898 1105 ἀρχῆς,
3954 1037 4009 1089 τὸ

2430 1118 2603 1183 οὕτως
2630 1119 2752 1189 ἔχον
2778 1120 2858 1181 ὃν,
2886 1120 2947 1174 τὸ
2987 1122 3191 1190 ἀγαθὸν
3217 1123 3323 1196 ἄρα
3350 1122 3409 1178 ὃν
3429 1141 3442 1153 ’
3475 1126 3567 1178 καὶ
3595 1127 3775 1191 πάλιν,
3811 1130 3873 1182 τὸ
3921 1149 4009 1183 κα-

2430 1210 2524 1263 κὸν
2550 1212 2613 1263 ὲκ
2647 1212 2860 1265 πολλῶν
2902 1213 2995 1266 καὶ
3048 1214 3312 1283 ἀορίστων
3362 1215 3664 1286 ἐλλείψεων,
3719 1220 3778 1271 τὸ
3838 1220 4007 1285 οὓτως

2431 1300 2553 1371 ἕχον
2580 1303 2679 1355 οὐκ
2699 1301 2779 1364 ὃν,
2806 1301 2866 1354 τὸ
2888 1304 3055 1356 κακὸν
3084 1303 3199 1375 ἄρα
3224 1306 3323 1358 οὐκ
3351 1302 3430 1359 ὃν.
3470 1308 3576 1361 Καὶ
3618 1310 3684 1362 τά
3714 1310 4002 1380 λεγόμενα,

2431 1394 2584 1465 φησι,
2620 1396 2761 1448 κακά
2786 1391 2924 1449 οἶδεν
2953 1398 2980 1450 ὁ
3004 1397 3134 1461 Θεὸς
3150 1397 3225 1460 ὡς
3250 1399 3448 1467 ἀγαθὰ,
3472 1401 3615 1455 κακὰ
3658 1403 3831 1471 λέγων
3858 1405 4008 1458 πολέ-

2434 1507 2584 1560 μους,
2616 1489 2803 1554 νόσους
2832 1489 3204 1555 παιδευτικὰς,
3236 1493 3515 1557 θανάτους,
3548 1497 3640 1549 καί
3665 1496 3732 1548 τὰ
3758 1496 3999 1550 τοιαῦτα·

2430 1582 2739 1652 νομίζονται
2769 1582 2879 1653 γὰρ
2908 1576 3237 1654 ’ἡμῖνκακά⁴
3300 1586 3407 1639 εἰσὶ
3447 1588 3502 1640 δὲ
3530 1587 3785 1659 δυνάμεις
3810 1589 4003 1657 ἀγαθο-

2430 1674 2586 1729 ποιοῦ
2611 1675 2789 1738 αἰτίας
2812 1693 2824 1706 ο
2892 1678 2986 1729 καὶ
3014 1676 3122 1749 γάρ
3180 1678 3246 1730 δι’
3269 1678 3447 1731 αὐτῶν
3482 1680 3732 1749 μετάνοια
3760 1682 3855 1733 καὶ
3884 1683 4001 1734 ἐπί-

2430 1780 2633 1838 γνωσις
2670 1768 2803 1822 Θεοῦ
2833 1770 2925 1823 καὶ
2984 1770 3265 1834 εὐσεϐείας
3289 1768 3403 1834 τοῖς
3437 1768 3674 1825 πλείοσιν
3724 1774 3998 1841 ἐγένοντο·

2430 1863 2525 1916 καὶ
2557 1863 2616 1915 ὲν
2650 1863 2762 1926 τοῖς
2793 1864 3103 1937 προφήταις
3130 1866 3163 1933 ἡ
3202 1864 3368 1916 κακία
3414 1863 3647 1932 λέγεται.
3696 1863 3765 1917 Ἦ
3792 1867 3887 1917 καὶ
3915 1863 4001 1919 ἀλ-

2422 1953 2554 2018 λως.
2586 1953 2744 2007 Αἰτία
2770 1952 2863 2007 τοῦ
2898 1955 2953 2006 ἐν
2976 1953 3054 2025 τῷ
3086 1954 3420 2023 ἀσελγαίνειν
3480 1954 3703 2025 κακοῦή
3741 1956 4000 2026 ἐπιθυμία

2426 2047 2572 2099 ἐστίν
2597 2063 2610 2077 ο
2637 2046 2752 2099 ἀλλ’
2768 2045 2903 2119 αῦτη
2932 2047 2965 2117 ἡ
2990 2044 3254 2117 ἐπιθυμία
3282 2046 3509 2125 δύναμις
3527 2048 3849 2115 ἀγαθοποιός
3869 2048 3999 2109 ἐστι,

2424 2138 2663 2209 λογικοῖς
2699 2139 2796 2209 μὲν
2821 2138 2955 2208 πρὸς
2996 2138 3065 2191 τὸτ
3094 2139 3160 2193 δι’
3190 2136 3357 2211 αὐτῆς
3388 2140 3758 2193 ἀνατείνεσθαι
3789 2141 3925 2211 πρὸς
3944 2140 4001 2193 τὺ

2424 2231 2592 2295 ὅντως
2612 2231 2813 2299 ἀγαθόν
2834 2250 2846 2263 ·
2869 2230 3082 2301 ἀλόγοις
3108 2230 3163 2285 δὲ
3196 2232 3330 2304 πρὸς
3352 2232 3531 2305 ὄρεξιν
3553 2233 3660 2286 τῶν
3687 2233 3999 2303 ἐπιτηδείων

2424 2324 2525 2399 τῆς
2543 2326 2747 2395 οἰκείας
2772 2325 3056 2397 διαμονῆς.
3088 2324 3210 2380 υἷδε
3263 2327 3394 2396 γοῦν
3433 2330 3461 2380 ό
3514 2324 3664 2391 Θεὸς,
3718 2328 3883 2397 ἤγουν
3910 2328 4000 2379 καὶ

2424 2416 2682 2484 γινώσκει
2712 2418 2804 2472 καὶ
2832 2419 3125 2473 οἰκειοῦται
3154 2420 3214 2471 τὸ
3240 2417 3428 2482 κακὸν,
3456 2418 3552 2489 οὐχ
3643 2420 3832 2482 κακὸν,
3886 2419 3999 2471 ἀλλ’

2424 2500 2458 2579 ᾖ
2511 2502 2745 2574 ἀγαθόν’
2778 2505 2927 2560 οὐδὲν
2956 2508 3065 2579 ἀρα
3122 2511 3244 2563 καθ’
3282 2509 3440 2563 ἑαυτὸ
3482 2511 3594 2563 και
3617 2509 3675 2563 ὃν
3711 2510 3770 2563 τὸ
3802 2510 3997 2571 κακὸν,

2423 2600 2499 2662 ὼς
2532 2599 2694 2669 μηδὲν
2725 2598 2868 2670 ἔχειν
2902 2600 2995 2655 καὶ
3047 2601 3269 2671 ἀγαθὸν,
3331 2603 3464 2656 ὅπου
3496 2602 3587 2657 καὶ
3619 2603 3673 2656 ai
3702 2604 3867 2656 αἰτίαι
3892 2604 3999 2657 τῶν

2424 2692 2609 2744 κακῶν
2632 2692 2954 2761 ἀγαθοποιοί
2970 2695 3228 2766 δυνάμεις
3258 2695 3412 2748 εἰσίν.
3447 2694 3508 2748 Εἰ
3530 2695 3591 2748 τὸ
3614 2695 3780 2749 κακὸν
3810 2695 3996 2757 ἀΐδιον,

2424 2784 2516 2835 καί
2544 2782 2765 2838 δύναται
2818 2787 2912 2838 καὶ
2968 2788 3217 2858 πράττει.
3274 2785 3442 2839 Πόθεν
3510 2786 3679 2841 ταῦτα
3732 2786 3995 2857 τούτῳςῆ

2422 2874 2553 2942 γοῦν
2583 2879 2647 2929 ὲκ
2699 2877 2795 2930 τοῦ
2857 2868 3149 2951 ἀγαθοῦ,ἢ
3190 2880 3585 2952 ἀντιστρόφως,
3643 2882 3764 2934 ἐπεὶ
3798 2882 3889 2934 καί
3940 2879 3998 2932 τὸ

2423 2966 2625 3036 ἀγαθὸν
2646 2969 2818 3023 ταῦτα
2872 2970 3005 3041 ἔχει,
3044 2971 3195 3024 ἔσται
3240 2969 3414 3026 ταῦτα
3442 2972 3519 3042 τῷ
3555 2971 3743 3041 ἀγαθῷ
3789 2975 3855 3025 ὲκ
3906 2975 3997 3025 τοῦ

2424 3044 2629 3125 κακοῦ;
2666 3061 2801 3115 ἀλλά
2843 3054 2948 3134 μὴν
2975 3062 3135 3117 τοῦτο
3166 3064 3264 3115 οὐκ
3313 3063 3507 3133 εὐαγὲς
3568 3064 3628 3117 τὸ
3665 3063 3999 3121 τελειοῦσθαι

2427 3155 2488 3206 τὸ
2516 3155 2714 3222 ἀγαθὸν
2738 3157 2801 3209 ἐκ
2823 3154 2919 3209 τοῦ
2939 3154 3134 3219 κακοῦ,
3176 3155 3281 3227 ἄρα
3304 3156 3433 3223 γοῦν
3463 3155 3614 3209 ἔσται
3655 3156 3717 3209 τὺ
3762 3158 3997 3229 πρῶτον.

2440 3240 2596 3297 Ἀλλά
2633 3247 2736 3317 μὴν
2764 3245 2832 3298 τά
2870 3248 2934 3300 ὲκ
2953 3246 3047 3299 τοῦ
3073 3247 3275 3314 ἀγαθοῦ
3300 3247 3551 3318 διδόμενα
3575 3247 3749 3316 ἀγαθά
3777 3247 4000 3318 ἔμελλον

2426 3338 2822 3409 ἀγαθοποιῆσαι
2852 3337 2913 3399 τὸ
2945 3338 3143 3392 κακόν’
3198 3339 3315 3403 πῶς
3342 3340 3472 3408 γοῦν
3515 3334 3664 3410 μένει
3695 3341 3788 3393 καὶ
3840 3340 4002 3394 πάλιν

2425 3429 2626 3494 κακόν;
2678 3430 2749 3482 Ἢ
2777 3428 2908 3497 γοῦν
2938 3430 3039 3499 οὐχ
3067 3428 3260 3497 οὕτως,
3307 3430 3420 3483 ἀλλ’
3436 3430 3639 3501 ἀμφοῖν
3664 3430 3870 3484 τούτοιν
3906 3434 4001 3485 καὶ

2424 3522 2501 3593 τῷ
2558 3522 2746 3597 ἀγαθῷ
2799 3526 2893 3577 καὶ
2944 3524 3022 3594 τῷ
3074 3524 3229 3595 κακῷ
3267 3524 3437 3597 ταῦτα
3462 3524 3527 3589 ἐξ
3557 3525 3744 3603 ,ἄλλης
3782 3526 3988 3589 αἰτίας.

2425 3618 2535 3670 Καὶ
2566 3616 2648 3679 τίς
2678 3617 2795 3670 ποτ’
2824 3617 2889 3669 ἂν
2930 3616 3014 3689 εἴη
3047 3617 3181 3688 αὕτη
3202 3635 3215 3682 ;
3240 3617 3331 3670 καί
3360 3610 3408 3669 εἰ
3432 3616 3571 3681 ἔστι,
3609 3618 3819 3687 ποταπή
3847 3619 4000 3679 tam;

2426 3696 2535 3761 Καὶ
2566 3708 2725 3762 πάλιν
2741 3710 2936 3761 κὲκεῖσε
2965 3708 3137 3761 ταῦτα
3166 3708 3309 3780 ἀπερ
3338 3706 3430 3762 καὶ
3471 3706 3704 3762 ἐνταῦθα
3734 3707 4003 3779 ῥηθήσονο

2422 3817 2531 3853 ται.
2562 3801 2678 3854 Οὐκ
2718 3800 2825 3872 ἄρα
2859 3800 2919 3853 τὸ
2965 3799 3134 3854 κακὸν
3183 3799 3582 3872 αὐθύπαρκτον.
3632 3801 3771 3864 Ἔτι,
3806 3800 4002 3854 ἕπεται

2422 3892 2500 3963 τῷ
2534 3875 2679 3945 ’κατὰ
2710 3892 2869 3961 φύσιν
2905 3890 2967 3943 τὸ
3024 3886 3357 3962 ὡρισμένον
3404 3891 3528 3960 ὄρος
3556 3892 3664 3964 γάρ
3691 3893 3805 3943 ἐστι
3835 3883 3932 3944 καὶ
3972 3890 4001 3945 ὀ

2423 3984 2814 4056 ἐρμηνευτικὸς
2840 3981 2997 4051 λόγος
3030 3984 3129 4055 τῆς
3158 3984 3345 4047 οὐσίας
3374 3982 3483 4035 τῶν
3513 3982 3875 4055 πραγμάτων,
3903 3984 4003 4037 καὶ

2420 4075 2484 4151 τὸ,
2514 4076 2566 4129 τί
2598 4072 2665 4147 ἦν
2698 4064 2836 4130 εἶναι
2884 4076 3074 4147 δηλῶν.
3106 4074 3222 4129 Πᾶν
3256 4072 3346 4128 οὖν
3369 4076 3510 4129 κατά
3546 4076 3705 4145 φύσιν
3732 4075 3790 4142 ἐξ
3818 4074 4001 4138 αἰτίας

2422 4160 2567 4221 ἐστῗν
2590 4168 2923 4240 ὡρισμένης,
2956 4167 3023 4220 δι’
3065 4167 3129 4237 ἢν
3167 4165 3347 4220 αἰτίαν
3380 4167 3585 4236 γίνεται
3608 4167 3665 4220 τὸ
3693 4164 3998 4237 γινόμενον.

2420 4259 2484 4312 Εἰ
2506 4254 2600 4312 οῦν
2628 4254 2691 4310 τὸ
2718 4256 2886 4311 κακὸν
2907 4256 3143 4310 ἀναίτιόν
3176 4258 3321 4309 ἐστιν
3366 4257 3444 4328 (οὐ
3480 4256 3590 4327 γάρ
3624 4256 3711 4310 διά
3736 4270 3791 4310 τι
3825 4255 3998 4324 γέγο-

2420 4348 2564 4420 νεν),
2610 4348 2833 4411 εἰκότως
2876 4349 2969 4403 καὶ
3003 4349 3060 4400 ἐν
3109 4348 3375 4420 ἀοριστίᾳ,
3429 4346 3489 4401 οὐ
3521 4348 3630 4418 γάρ
3655 4348 3798 4401 ἐστιν
3826 4346 3998 4401 αὑτοῦ

2421 4440 2577 4510 λόγος
2603 4440 2663 4495 τὸ
2692 4441 2744 4493 τί
2799 4436 2866 4511 ἦν
2898 4435 3036 4493 εἶναι
3096 4439 3445 4511 ἑρμηνεύων⁸
3502 4439 3561 4503 ἐξ
3608 4440 3846 4508 ἀνάγκης
3882 4439 3999 4511 ἄρα

2420 4533 2541 4587 οὐδὲ
2572 4532 2713 4586 κατά
2737 4532 2900 4602 φύσιν
2924 4533 2988 4585 τὸ
3032 4532 3218 4585 κακόν.
3248 4532 3309 4587 Εἰ
3351 4525 3453 4605 γοῦν
3492 4529 3643 4602 παρά
3688 4532 3863 4601 φύσιν,
3895 4534 3999 4601 οὐχ

2419 4623 2609 4690 ἓξειὲν
2639 4627 2706 4695 τῇ
2748 4623 2907 4693 φύσει
2939 4623 3117 4693 λόγον,
3172 4623 3360 4694 ὥσπερ
3400 4622 3521 4675 οὐδὲ
3560 4624 3618 4676 ἐν
3655 4626 3718 4693 τῇ
3750 4622 3915 4693 τέχνῃ
3965 4627 3996 4694 ἡ

2417 4710 2671 4787 ἀτεχνία·
2705 4716 2813 4768 πᾶν
2837 4714 2894 4768 δὲ
2920 4715 2981 4768 τὸ
3007 4715 3082 4788 μὴ
3130 4714 3250 4785 ἕχον
3280 4715 3435 4783 λόγον
3486 4716 3543 4768 ὲν
3581 4718 3646 4786 τῇ
3672 4714 3824 4783 φύσει
3866 4714 3995 4768 οὔτε

745 4795 816 4849 sit
848 4797 965 4867 ejus
993 4799 1133 4853 ratio
1168 4815 1289 4870 qua:
1332 4804 1626 4865 essentiam
1664 4805 1951 4870 declaret;
2006 4805 2313 4861 necessario

2424 4810 2587 4874 ἐστὶν,
2618 4806 2739 4860 οὔτε
2758 4806 3103 4871 συνίσταται,
3154 4806 3287 4886 ἀλλά
3338 4811 3404 4878 τῇ
3463 4806 3691 4876 ἐλλείψει
3732 4806 3822 4859 τοῦ
3849 4808 3996 4862 κατὰ

747 4887 929 4960 itaque
968 4890 1167 4947 malum
1208 4898 1313 4947 non
1346 4904 1431 4948 est
1471 4895 1631 4955 etiam
1665 4894 1827 4969 423
1879 4896 2173 4971 secundum
2211 4912 2310 4950 na-

2417 4899 2576 4969 φύσιν
2605 4899 2667 4952 τὸ
2696 4898 2844 4971 παρὰ
2883 4899 3042 4969 φύσιν
3067 4898 3293 4967 γίνεται.
3332 4897 3336 4901 ’

747 4993 944 5040 turam.
976 4986 1033 5041 Si
1064 4990 1241 5041 autem
1274 4998 1358 5043 est
1404 4998 1595 5043 contra
1626 5003 1899 5051 naturam,
1957 5004 2060 5042 non
2104 4989 2325 5046 habebit
2377 4996 2541 5048 etiam
2601 4994 2654 5046 in
2709 4994 2903 5045 natura
2963 4991 3267 5056 rationein,
3327 4991 3470 5046 sicut
3525 5005 3625 5045 nec
3674 4990 3882 5045 inscitia
3942 4990 3993 5043 in

744 5068 1080 5145 arte;omne
1108 5067 1451 5151 autemquod
1493 5096 1600 5134 non
1646 5082 1809 5135 habet
1855 5080 2121 5135 rationem
2171 5082 2225 5135 in
2278 5094 2499 5147 natura,
2550 5099 2729 5155 neque
2779 5092 2882 5150 est,
2912 5097 3121 5162 neque
3170 5083 3439 5147 subsistit,
3489 5084 3583 5140 sed
3640 5082 3846 5137 defectu
3870 5082 3994 5151 ejus

745 5168 895 5243 quod
942 5169 1241 5225 secundum
1302 5179 1553 5227 naturam
1620 5178 1736 5259 est,
1818 5168 1910 5225 iit'
1955 5178 2147 5227 contra
2202 5184 2478 5229 naturam.

815 5260 1102 5329 Praeterea,
1139 5263 1318 5319 anima
1356 5263 1439 5317 vel
1468 5272 1661 5319 natura
1694 5263 1833 5318 mala
1860 5271 1965 5327 est,
1995 5265 2141 5318 sicut
2173 5265 2312 5335 ignis

748 5344 979 5421 calidus,
1003 5355 1089 5412 vel
1130 5355 1476 5426 operationes
1517 5356 1635 5427 ejus
1661 5352 1889 5431 prorstts
1922 5366 1975 5411 et
2003 5356 2315 5413 omnimode

747 5447 1075 5504 malte‘sunt.
1118 5447 1224 5504 Sed
1257 5463 1361 5506 non
1394 5449 1644 5519 primum,
1674 5464 1798 5503 nam
1844 5448 1897 5502 id
1931 5451 2077 5521 quod
2114 5450 2311 5506 bonum

746 5548 831 5592 cst
855 5553 960 5593 non
996 5538 1197 5599 laceret
1238 5540 1291 5594 id
1321 5538 1463 5610 quod
1500 5551 1696 5599 natura
1738 5542 1939 5595 malum
1982 5552 2103 5609 est;
2142 5556 2316 5611 neque

748 5631 1069 5699 secundum,
1095 5634 1239 5690 unde
1283 5632 1427 5687 enim
1453 5632 1719 5687 virtutes?
1747 5634 1990 5702 sequitur
2018 5648 2148 5704 ergo
2201 5650 2313 5709 ma-

746 5720 858 5779 lum
884 5738 986 5777 non
1020 5737 1143 5779 esse
1172 5723 1299 5794 quid
1330 5739 1507 5794 per'se
1535 5726 1858 5789 subsistens,
1889 5726 1981 5780 sed
2008 5726 2128 5801 boni
2162 5711 2309 5779 delc-

747 5820 1002 5876 ctiouent.
1035 5803 1133 5877 Hic
1160 5826 1300 5875 totus
1332 5833 1522 5879 sensus
1542 5829 1625 5875 cst
1652 5819 1931 5877 orationis.
1963 5817 2059 5875 llic
2087 5832 2307 5877 sanctus

2492 5268 2634 5333 Ἔτι,
2670 5270 2704 5339 ή
2738 5266 2882 5339 ψυχὴ
2913 5268 2946 5339 ἢ
2978 5268 3137 5339 φύσει
3171 5269 3334 5342 κακὴ,
3362 5268 3438 5334 ὼς
3467 5268 3529 5323 τὸ
3561 5268 3670 5341 πῦρ
3702 5266 3925 5339 θερμὸν,
3957 5267 3988 5337 ἢ

2417 5362 2474 5413 αἱ
2510 5358 2780 5431 ἐνέργειαι
2814 5361 2982 5431 αὐτῆς
3013 5362 3189 5433 πάντη
3224 5363 3317 5415 καὶ
3354 5362 3611 5425 όλοτελῶς
3644 5359 3825 5415 κακαί.
3844 5358 3991 5413 Ἀλλ’

2415 5450 2539 5503 οὔτε
2568 5450 2629 5503 τὸ
2659 5449 2893 5526 πρῶτον,
2926 5451 2986 5503 τὸ
3019 5450 3129 5521 γάρ
3162 5452 3365 5520 ἀγαθὸν
3398 5454 3499 5506 οὐκ
3522 5451 3710 5523 ἔμελλε
3749 5450 3987 5519 παράξαι

2418 5540 2578 5611 φύσει
2597 5542 2767 5595 κακόν
2785 5559 2797 5571 ·
2827 5539 2950 5594 οὔτε
2982 5542 3040 5595 τὺ
3067 5542 3337 5616 δεύτερον,
3362 5545 3524 5597 πόθεν
3551 5544 3659 5614 γὰρ
3681 5545 3733 5596 αἰ
3756 5542 3951 5613 ἀρεταί
3972 5557 3985 5604 ;

2418 5634 2674 5687 Λείπεται
2702 5634 2827 5705 ἄρα.
2866 5635 2948 5687 ὅτι
2981 5634 3365 5691 τοκακὺννοὺκ
3402 5636 3546 5689 ἐστιν
3585 5635 3983 5706 αὺθύπαρκτον.

2414 5726 2550 5780 ἀλλά
2579 5728 2672 5781 τοῦ
2693 5728 2899 5797 ἀγαθοῦ
2921 5729 3171 5798 ἔλλειψις.
3200 5724 3367 5794 Οὗτος
3387 5729 3506 5793 ὅλος
3538 5732 3565 5783 ό
3600 5729 3722 5793 νοῦς
3756 5727 3851 5781 τοῦ
3891 5729 3983 5798 ρη-

2417 5818 2527 5871 τοῦ.
2547 5821 2603 5873 ’0
2636 5820 2691 5872 δὲ
2716 5821 2866 5889 ἆγιος
2888 5824 3006 5875 κατ’
3037 5821 3299 5892 ἐρώτησιν
3333 5822 3423 5876 τὸν
3455 5822 3610 5889 λόγον
3641 5815 3981 5891 προαγαγὼν,
