4186 6308
230 311 337 366 809
800 308 890 364 DE
922 308 1176 367 DIVINIS
1207 309 1606 378 NOMINIBUS,
1643 311 1797 369 CAP.
1833 311 2002 370 IV.——
2035 311 2391 369 PARAPIIR.
2430 312 2905 370 PACIIYMER/E.
3372 323 3480 380 8l0

227 426 377 500 Ἀρα
410 430 443 499 ἠ
479 426 626 498 ψυχὴ
672 426 781 481 τῶν
824 427 1010 481 κακῶν
1048 427 1235 493 αίτίας
1271 429 1331 482 οὐ
1371 428 1511 482 κατά
1543 427 1810 499 διαίρεσιν
1838 433 1880 492 Α

1838 433 1883 492 Α
1915 435 2096 483 autem
2127 427 2253 482 dum
2287 427 2674 498 interrogando
2703 429 2957 499 proponit
2989 430 3314 500 orationem,
3343 435 3481 492 Num

224 523 325 593 τὴν
343 519 612 592 ἐρώτησιν
627 523 938 592 ἐποιήσατο,
968 521 1053 574 ἵνα
1074 517 1140 593 ἦν
1163 520 1225 574 τὺ
1254 521 1293 590 ἢ
1317 521 1692 586 διαζευκτικὸν
1723 525 1804 587 είς

1907 532 2035 587 ergo
2060 517 2239 571 anima
2274 517 2544 575 malorum
2574 534 2740 574 causa
2771 519 2879 574 sit?
2908 535 3012 574 non
3042 537 3137 591 per
3161 524 3480 583 divisionem

223 611 317 674 τδ,
359 614 427 666 ’Ἠ
451 609 643 681 ἀγαθὴ
669 612 783 680 μὲν
806 613 845 681 ἡ
872 612 1066 681 ψυχήή
1112 611 1226 666 ἀλλ’
1259 612 1418 677 εὐθὺς
1452 613 1642 684 ἐνέστη
1672 613 1806 686 πρὸς

1909 609 2286 680 interrogavit,
2323 609 2398 665 ita
2435 618 2496 664 ut
2528 611 2794 679 particula
2836 628 2906 666 an
2937 613 3262 686 disjunctlva
3295 618 3480 685 fuerit.

223 703 326 774 τὴν
355 701 644 774 ἐρώτησιν,
669 705 762 758 καὶ
793 703 1003 759 τέθεικε
1026 704 1088 758 τὸ
1111 703 1148 775 ἣ
1175 705 1581 778 διασαφητικδν,
1608 704 1801 776 λέγων’

1906 717 2028 757 cum
2071 701 2210 774 dixit
2242 717 2258 758 :
2292 701 2377 757 An
2406 701 2589 757 animo
2619 703 2833 774 quidem
2872 704 3048 772 bona;
3080 707 3176 763 sed
3216 708 3363 766 illico
3401 711 3489 766 In-

227 795 303 848 Ἦ
335 795 575 866 δηλονότι
621 795 797 868 ἀγαθὴ
840 796 939 868 μὲν
975 798 1008 869 ἡ
1043 796 1201 866 φύσις
1233 798 1331 869 τῆς
1363 797 1558 870 ψυχῆς,
1591 800 1711 864 ταῖς
1747 799 1806 853 δὲ

1907 792 2048 849 stitit
2073 791 2511 864 interrogationi,
2543 803 2600 848 et
2626 795 2809 863 posuit
2844 795 2976 852 illud
2997 815 3067 853 an
3095 799 3484 868 declamatorie,

223 887 529 960 ἐνεργείαις
568 888 698 942 ποτέ
745 888 844 959 μὲν
881 887 1061 953 καλῶς
1088 888 1220 960 ἔχει,
1252 890 1381 942 ποτὲ
1417 889 1471 944 δὲ
1510 889 1569 943 οὺ
1602 888 1801 955 καλῶς’

1907 895 1972 936 ac
1990 881 2037 938 si
2066 881 2274 937 diceret
2309 899 2325 937 :
2354 881 2438 936 An
2463 881 2682 938 scilicet
2712 884 2852 939 bona
2879 887 3099 956 quidem
3139 895 3334 944 natura
3368 895 3487 947 ani-

222 980 362 1051 ὅπερ
393 980 510 1034 ἐστὶ
534 979 596 1033 τὸ
619 979 961 1052 μεταϐλητὴν
985 976 1332 1051 αὑτὴνέἷναι.
1353 980 1477 1046 θεὶς
1497 981 1626 1051 γοῦν
1647 981 1806 1036 τοῦτο

1905 987 2026 1040 πίω,
2070 971 2166 1028 sed
2209 972 2265 1028 in
2310 973 2720 1044 operationibus
2769 975 2889 1032 suis
2933 977 3226 1048 aliquando
3263 984 3482 1052 quidem

219 1069 300 1135 ὡς
325 1070 542 1141 ἀληθὲς,
558 1071 651 1125 καὶ
684 1071 1047 1143 διασαφήσας,
1063 1071 1198 1144 πρὸς
1221 1070 1282 1125 τὸ
1311 1071 1526 1145 πρῶτον
1550 1071 1801 1146 μάχεται,

1904 1065 2066 1131 bene,
2109 1063 2400 1134 aliquando
2438 1079 2570 1121 vero
2599 1080 2758 1123 secus
2788 1082 2848 1123 se
2878 1069 3064 1137 habet,
3095 1075 3238 1142 quod
3266 1084 3368 1142 est,
3404 1077 3486 1146 ip-

220 1160 306 1215 eu
339 1161 398 1214 οὑ
440 1159 600 1232 φύσει
623 1161 788 1233 κακὴ,
825 1161 858 1232 ἢ
881 1160 1030 1216 αίτία
1052 1161 1240 1217 κακῶν
1267 1163 1489 1236 ἡψυχὴ.

1903 1171 2021 1211 sam
2055 1169 2177 1211 esse
2216 1154 2558 1212 variabilem.
2604 1157 2822 1215 Peneos
2855 1159 3038 1231 itaque
3071 1164 3174 1218 hoc
3222 1173 3480 1237 tanquam

1904 1263 2112 1316 verum,
2140 1247 2552 1320 explicansque,
2585 1248 2826 1320 primum
2858 1264 3154 1326 Oppugnat,
3189 1258 3334 1327 quod
3361 1260 3485 1316 ani-

1902 1359 1990 1399 ma
2017 1359 2126 1400 non
2156 1344 2226 1400 sit
2257 1352 2449 1400 natura
2480 1359 2579 1402 sua
2615 1345 2778 1414 mala,
2807 1346 2894 1402 vel
2921 1363 3086 1405 causa
3119 1351 3404 1408 malorum.

294 1417 540 1491 §XXXL
583 1419 722 1485 Ἔτι,
755 1417 834 1490 τῷ
876 1417 1064 1490 ἀγαθῷ
1093 1419 1154 1474 τὸ
1187 1421 1357 1475 κακὸν
1399 1421 1637 1477 ἐναντίον
1660 1439 1674 1454 ·
1707 1423 1803 1479 τοῦ

1972 1431 2000 1505 ς
2033 1431 2228 1490 XXXI.
2270 1433 2350 1488 Ad
2377 1433 2524 1500 haec,
2551 1435 2695 1490 bono
2734 1436 2934 1492 malum
2978 1447 3063 1494 est
3110 1441 3479 1508 contrarium,

215 1508 353 1578 γοῦν
384 1508 588 1579 ἀγαθοῦ
623 1510 793 1565 αἴτιον
826 1509 904 1576 ἐν,
935 1511 1030 1564 τοῦ
1063 1511 1119 1565 δὲ
1150 1511 1323 1566 κακοῦ
1349 1511 1536 1569 πολλά.
1565 1514 1806 1586 Σημείω-

1902 1524 2030 1579 boni
2064 1525 2247 1595 itaque
2287 1539 2450 1582 causa
2480 1543 2587 1582 una
2625 1538 2732 1594 est,
2777 1528 2903 1584 mali
2940 1545 3070 1583 vero
3103 1531 3310 1588 multm.
3342 1532 3479 1590 Nota

218 1617 312 1657 σαι
345 1603 423 1669 δέ,
456 1603 537 1656 ὅτι
569 1603 662 1657 ἐπὶ
690 1603 784 1657 τοῦ
818 1603 1020 1672 ἀγαθοῦ
1049 1603 1110 1657 τὸ
1139 1604 1313 1659 αἴτιον
1355 1605 1430 1677 μὴ
1481 1606 1641 1677 μόνον
1684 1607 1803 1661 ἐστὶ

1901 1630 2057 1689 vero,
2084 1632 2191 1673 non
2240 1617 2416 1674 solum
2458 1619 2512 1674 in
2555 1619 2700 1675 bono
2727 1633 2948 1676 musam
2980 1621 3304 1679 efficientem
3335 1642 3477 1697 prae-

215 1693 400 1764 λέγειν
432 1695 492 1749 τὺ
526 1695 827 1766 ποιητικὸν,
860 1695 995 1749 ἀλλά
1043 1697 1138 1750 καὶ⁵
1183 1696 1245 1749 τὸ
1278 1697 1498 1763 είδικὺν,
1536 1699 1629 1752 καὶ
1657 1699 1721 1752 τὸ
1748 1698 1802 1752 τί

1830 1786 1859 1790 λ
1901 1713 2097 1779 dicari,
2130 1729 2319 1769 verum
2369 1715 2538 1771 etiam
2585 1715 2898 1783 formalem,
2929 1725 2987 1772 et
3030 1719 3172 1787 quod
3219 1693 3351 1790 quid
3395 1733 3481 1780 est

212 1782 286 1860 ἦν
328 1782 487 1851 εἶναι,
522 1784 706 1850 καθὼς
753 1785 849 1841 καὶ
897 1785 1152 1857 ἀνωτέρω
1196 1785 1371 1856 ἔλεγε,
1407 1786 1543 1841 καθὸ
1583 1788 1799 1858 λέγεται
1830 1786 1865 1843 Β

1830 1786 1872 1843 Β
1900 1806 2026 1868 dici,
2059 1806 2204 1862 sicut
2240 1806 2410 1862 etiam
2440 1807 2695 1877 superius
2721 1782 2889 1877 dixit,
2915 1808 2970 1862 in
3004 1782 3269 1879 quantum
3310 1813 3474 1868 etiam

213 1881 312 1936 καὶ
357 1879 678 1956 ὡρισμένον.
714 1878 872 1933 Αίτια
903 1879 958 1933 δὲ
989 1880 1083 1933 τοῦ
1119 1878 1290 1935 κακοῦ
1321 1881 1444 1935 ἐπεὶ
1473 1881 1574 1935 οὐκ
1605 1881 1802 1953 ἔχομεν

1904 1896 2187 1952 definitum
2219 1897 2441 1954 dicitur.
2471 1897 2608 1954 Cum
2632 1908 2813 1955 autem
2841 1901 2968 1954 mali
2998 1878 3193 1958 causas
3218 1903 3477 1962 formales

213 1973 390 2026 εἰπεῖν
423 1971 597 2025 είδικά
622 1969 764 2042 (οὐδὲ
788 1970 898 2044 γάρ
928 1971 1045 2026 ἐστί
1074 1990 1128 2025 τι
1161 1971 1303 2026 κατά
1333 1972 1494 2042 φύσιν
1521 1972 1583 2026 τὸ
1609 1973 1798 2040 κακὸν,

1902 1987 2181 2059 assignare
2208 2004 2550 2058 nequeamus
2582 1989 2728 2060 (quia
2761 1990 2896 2046 nihil
2925 2001 3118 2046 natura
3151 2009 3248 2049 sua
3276 1996 3477 2054 malum

213 2062 294 2128 ὡς
343 2062 410 2118 ἀν
458 2063 554 2117 καὶ
601 2062 844 2135 ὀρισθείη
886 2064 982 2117 καὶ
1017 2062 1396 2136 είδοποιηθείη,
1433 2065 1526 2118 καὶ
1555 2063 1616 2118 τὺ
1646 2064 1700 2118 τί
1731 2061 1800 2137 ἦν

1901 2086 2002 2144 est,
2043 2080 2186 2136 unde
2224 2081 2437 2137 deliniri
2470 2084 2642 2153 possit
2668 2091 2721 2139 et
2751 2084 3087 2155 proprietate
3121 2087 3397 2159 insigniri,
3422 2099 3479 2146 et

211 2151 354 2210 εἶναι
391 2154 560 2227 ἐξεν)
593 2154 682 2208 διά
712 2152 870 2208 τοῦτο
902 2153 962 2205 οὑ
995 2152 1064 2206 τὰ
1099 2152 1294 2218 είδικά,
1326 2153 1464 2208 ἀλλά
1495 2153 1563 2208 τὰ
1599 2173 1799 2226 ποιητι-

1898 2169 2039 2244 quod
2075 2170 2205 2240 quid
2249 2179 2336 2227 est
2367 2151 2586 2243 habeat)
2625 2151 2829 2229 idcirco
2857 2151 2964 2229 non
2993 2174 3106 2229 vult
3130 2151 3313 2233 dicere
3342 2151 3473 2236 cau-

211 2248 286 2302 κά
335 2247 581 2318 βούλεται
628 2245 840 2315 λέγειν*
874 2244 1049 2299 ταῦτα
1092 2245 1150 2299 δέ
1199 2248 1336 2300 εἰσιν
1368 2246 1511 2319 ἀπερ
1543 2247 1798 2321 ἀνωτέρω

1897 2273 1989 2314 sas
2036 2259 2308 2325 formalcs.
2354 2263 2450 2318 sed
2482 2260 2809 2332 eﬂlcientes;
2850 2263 2935 2319 hae
2969 2279 3101 2321 vero
3140 2276 3290 2336 sunt,
3339 2285 3476 2339 quas

208 2338 474 2408 ἐλλείψεις
525 2336 755 2410 μερικάς
799 2336 925 2410 ἐφη.
960 2333 1094 2390 Εἶτα
1141 2336 1227 2390 ἴνα
1279 2339 1360 2410 μή
1399 2355 1483 2402 τις
1530 2339 1794 2414 ὑπολάϐῃ,

1895 2352 2146 2421 superius
2175 2355 2422 2410 defectus
2469 2354 2832 2425 particulares
2877 2358 3201 2415 nominavit.
3247 2333 3473 2430 Deinde,

207 2432 292 2486 δτι
323 2432 391 2486 τὰ
426 2431 681 2504 ποιητικά
711 2429 885 2485 ταῦτα
913 2428 1025 2485 τῶν
1058 2429 1244 2484 κακῶν
1273 2430 1531 2504 δυνάμεις
1563 2433 1670 2485 είσὶ
1701 2433 1795 2486 καὶ

1896 2453 1963 2494 ne
1987 2441 2454 2513 quisfsuspicetur,
2475 2442 2770 2501 efﬁcientes
2797 2445 2963 2502 hasce
2988 2449 3256 2505 malorum
3282 2428 3475 2510 causas

207 2526 362 2595 λόγοι
394 2525 487 2580 καὶ
517 2525 652 2596 είδη,
685 2524 809 2578 καθ’
841 2523 935 2588 οὓς
979 2522 1363 2594 είδοποιηθείη,
1400 2525 1583 2594 φησὶν,
1617 2526 1698 2580 ὅτι
1731 2526 1791 2579 οὑ

1893 2531 2151 2598 existere,
2182 2535 2413 2591 virtutes
2440 2537 2705 2608 quasdam
2761 2553 2827 2592 ac
2873 2540 3119 2598 rationes
3151 2552 3206 2597 et
3240 2542 3470 2612 formas,

204 2620 466 2690 δυνάμεις
511 2618 668 2682 εἰσιν,
705 2616 818 2671 ἀλλ’
851 2616 1123 2688 ἀδυναμία
1172 2617 1265 2671 καὶ
1316 2616 1461 2688 μίξις
1506 2616 1617 2669 τῶν
1665 2618 1790 2672 ἀνο-

1893 2625 2186 2680 secundum
2212 2643 2349 2696 quas
2382 2631 2524 2684 mala
2556 2631 2659 2687 ista
2693 2631 3080 2704 iusigniautur,
3108 2637 3329 2702 asserit,
3368 2654 3471 2694 non

210 2712 383 2783 μοίων
414 2709 783 2783 ἀσύμμετρος.
813 2709 1201 2781 Ἐλλείμματος
1239 2709 1348 2780 γὰρ
1392 2710 1791 2781 ἐπισυμϐἀντος

1891 2731 2012 2773 esse
2028 2718 2278 2786 virtutes,
2296 2723 2388 2778 sed
2409 2723 2784 2793 impotentiam
2802 2739 2857 2781 et
2874 2728 3229 2796 incongruam
3261 2732 3470 2786 mistio-

203 2804 284 2877 τῷ
317 2801 661 2877 ὑποκειμένῳ
692 2801 833 2857 κατά
864 2801 961 2874 τὴν
993 2799 1214 2872 ἀρετὴν,
1244 2800 1351 2854 ίδοῦ
1387 2800 1790 2870 παρυφίσταταί

1893 2826 2014 2866 nem
2045 2827 2228 2868 rerum
2253 2815 2768 2873 dissimilium.Cum
2797 2820 2939 2876 enim
2958 2821 3208 2890 subjecto
3228 2824 3472 2882 defectus

200 2913 290 2960 τις
327 2893 515 2959 κακία,
538 2894 634 2948 καὶ
667 2893 746 2946 ἐτι
780 2892 999 2958 πλείων,
1023 2892 1117 2946 καὶ
1149 2891 1226 2945 ἐτι
1259 2891 1477 2958 πλείων,
1511 2892 1603 2946 καὶ
1632 2892 1790 2946 τοῦτο

1890 2902 2088 2974 aliquis
2115 2907 2314 2962 accidit
2343 2910 2640 2965 secundum
2671 2911 3101 2978 virtutem,ecce
3130 2916 3309 2988 aliqua
3337 2933 3471 2974 exo-

199 2989 295 3042 ἐπ’
318 2987 564 3058 ἄπειρον,
587 2987 681 3042 καὶ
710 2985 773 3040 τὸ
803 2985 1064 3049 παντελὲς
1095 2986 1128 3057 ὴ
1163 2983 1328 3039 κακία
1358 2985 1458 3056 οὑχ
1490 2985 1599 3049 ἐξει
1632 2985 1782 3040 ποτέ.

1891 2995 2028 3049 ritur
2047 2996 2274 3064 malitia,
2290 3008 2346 3054 et
2360 3001 2537 3056 adhuc
2560 3000 2751 3071 major,
2769 3013 2823 3059 et
2837 3004 3012 3060 adhuc
3030 2983 3400 3080 major,-idque
3417 3011 3468 3067 iu

199 3081 403 3146 Καλῶς
428 3081 484 3135 δὲ
507 3079 737 3134 τέθειται
767 3079 829 3132 τὸ
843 3078 1237 3148 ἀσύμμετρος·
1268 3078 1301 3150 ἡ
1334 3078 1441 3150 γὰρ
1475 3078 1784 3150 σύμμετρος
1815 3149 1852 3166 Α

1815 3149 1853 3166 Α
1888 3086 2184 3153 infinitum,
2204 3102 2303 3144 nec
2319 3104 2558 3158 unquam
2578 3091 2781 3146 malitia
2803 3092 3026 3150 habebit
3056 3078 3465 3166 perfectionem.

201 3175 354 3248 μίξις
403 3174 513 3228 τῶν
569 3172 837 3245 ἀνομοίων
888 3149 1366 3242 είδοπεποιημένον
1413 3149 1468 3224 τί
1516 3149 1632 3225 ἐστι
1691 3149 1786 3226 καὶ
1812 3149 1854 3206 c

1814 3149 1854 3206 ε
1892 3178 2056 3232 Recte
2095 3193 2223 3234 vero
2260 3180 2468 3236 dicitur
2520 3181 2807 3257 immensa;
2878 3199 3004 3239 nam
3057 3149 3467 3256 proportionata

195 3264 528 3338 ὡρισμένον,
563 3264 658 3316 xui.
701 3261 788 3316 διά
817 3261 979 3315 τοῦτο
1010 3261 1148 3332 αὕτη
1179 3261 1237 3314 ού
1273 3261 1462 3328 κακὸν,
1499 3261 1611 3316 ἀλλ’
1645 3263 1784 3332 ἀγα-

1885 3271 2130 3341 quaedam
2161 3272 2506 3329 dissimilium
2537 3275 2848 3331 commistio
2877 3286 2960 3331 est
2987 3277 3118 3346 quid
3162 3280 3466 3349 proprieta-

197 3359 317 3422 θὺν,
353 3355 536 3420 καθὼς
570 3354 718 3408 ἐστιν
755 3353 880 3407 ίδεϊν
913 3353 1007 3407 ἐπὶ
1040 3352 1138 3424 τῆς
1173 3351 1406 3421 ὑγιείας,
1443 3355 1785 3425 συμμετρίας

1886 3365 2031 3419 tibus
2054 3364 2369 3435 insignitum
2403 3382 2466 3421 ac
2492 3365 2796 3435 definitum,
2821 3366 2987 3441 ω
3011 3377 3172 3440 atque
3199 3371 3335 3428 adeo
3361 3385 3465 3429 non

195 3451 370 3524 οὔσης
401 3450 510 3504 τῶν
541 3448 800 3503 ἐναντίων
827 3445 1013 3518 χυμῶν
1032 3462 1047 3475 ·
1079 3444 1173 3499 καὶ
1199 3445 1292 3500 ἐπὶ
1319 3445 1415 3518 τῆς
1447 3447 1784 3517 συμφωνίας,

1887 3453 2109 3521 malum,
2152 3457 2248 3511 sed
2290 3455 2530 3522 bonum;
2577 3459 3038 3527 quemadmodum
3077 3461 3267 3517 videre
3295 3462 3380 3518 est
3411 3465 3464 3519 in

195 3546 326 3615 ἥτις
360 3540 676 3613 πολυμιγῶν
719 3540 813 3594 καὶ
859 3540 983 3612 δίχα
1028 3537 1368 3612 φρονούντων
1400 3536 1594 3602 ἓνωσις
1626 3537 1784 3608 λέγε-

1887 3544 2142 3612 sanitate,
2171 3561 2292 3616 qius
2333 3547 2589 3603 consistit
2631 3549 2683 3602 in
2722 3550 3124 3606 contrariorum
3170 3554 3463 3611 humorum

193 3653 314 3701 ται,
347 3635 459 3688 τῶν
490 3633 621 3702 γοῦν
653 3633 792 3687 κατά
825 3632 984 3702 φύσιν
1015 3632 1103 3686 ἀεὶ
1133 3628 1392 3694 ὡσαύτως
1423 3630 1674 3701 ἐχόντων,
1709 3631 1784 3695 ὡς

1885 3640 2267 3708 proportione;
2319 3654 2383 3695 ac
2422 3641 2474 3698 in
2517 3643 2895 3713 congruentia,
2937 3659 3059 3715 quae
3097 3645 3300 3701 dicitur
3340 3650 3466 3705 unio

192 3725 519 3797 ὡρισμένων
553 3723 692 3778 κατὰ
739 3722 832 3777 τὸν
876 3723 978 3793 τῆς
1029 3721 1242 3792 φύσεως
1286 3721 1464 3775 αὑτῶν
1496 3721 1671 3791 λόγον.
1708 3723 1783 3777 Οὑ

1886 3731 2176 3786 multarum
2217 3746 2400 3786 rerum
2433 3733 2743 3799 mistarum,
2768 3744 2827 3790 et
2868 3736 2934 3790 ad
2969 3735 3182 3792 diversa
3212 3749 3464 3809 spectan-

193 3818 312 3890 γὰρ
344 3819 409 3870 ἐκ
440 3817 699 3887 γιγάρτου
734 3815 863 3869 ποτὲ
894 3814 1047 3869 ἐλαία
1077 3814 1430 3884 ἀναφύσεται,
1467 3813 1581 3869 ἀλλ’
1603 3813 1783 3884 ἀμπε-

1887 3825 2042 3889 tium,
2078 3839 2198 3893 quae
2225 3825 2483 3880 videlicet
2509 3827 2807 3881 secundum
2837 3838 3088 3885 naturam
3122 3845 3341 3900 semper
3373 3848 3462 3888 eo-

196 3912 310 3974 λος,
329 3907 438 3962 οὐδ’
458 3909 523 3962 ἐκ
542 3907 636 3960 τοῦ
662 3907 901 3978 πυρῆνος
929 3905 1192 3976 ἄμπελος,
1207 3904 1323 3958 ἀλλ’
1345 3904 1518 3960 ἐλαία.
1538 3904 1617 3959 Τά
1640 3907 1782 3962 κακά

1886 3915 2008 3969 dem
2039 3915 2196 3969 modo
2224 3930 2284 3969 se
2311 3915 2512 3969 habent
2533 3915 2674 3970 sicut
2700 3915 2936 3970 definitae
2959 3926 3104 3982 sunt,
3131 3932 3230 3987 pro
3255 3928 3465 3974 natura:

193 4001 432 4073 ἀόριστά
461 4002 588 4063 εἰσι,
620 3998 715 4053 καὶ
748 4000 804 4052 ἐν
839 3998 1017 4062 ἀλλοις
1049 3998 1144 4052 καὶ
1175 3997 1354 4061 ἄλλοις
1387 3998 1663 4070 ἀπείροιςο
1690 3999 1785 4053 καὶ

1884 4023 1997 4063 sua:
2023 4009 2253 4063 ratione.
2287 4008 2406 4064 Non
2435 4011 2581 4064 enim
2609 4024 2846 4080 unquam
2881 4024 2944 4065 ex
2975 4011 3134 4065 acino
3176 4010 3342 4078 oliva,
3369 4015 3463 4066 sed

192 4093 310 4147 τῶν
341 4092 526 4146 κακῶν
546 4092 689 4145 ἐστιν
710 4091 852 4162 ἀρχὴ
875 4092 969 4144 καὶ
990 4090 1142 4155 τέλος
1173 4089 1234 4143 τὸ
1265 4089 1488 4158 ἀγαθόν’
1507 4091 1601 4144 καὶ
1615 4090 1784 4146 κακὸν

1881 4099 2010 4153 vitis
2038 4097 2358 4168 pullulabit;
2398 4115 2500 4154 nec
2524 4114 2592 4154 ex
2625 4099 2864 4156 ossicqu
2887 4099 3044 4154 oliva:
3070 4101 3218 4166 vitis,
3245 4103 3338 4157 sed
3365 4102 3467 4158 oli-

193 4185 307 4257 γὰρ
356 4183 654 4253 ποιοῦντες,
687 4182 886 4252 ἀγαθὸν
934 4183 1108 4236 ποιεῖν
1141 4181 1434 4253 νομίζομεν
1458 4199 1470 4212 ·
1509 4182 1562 4235 εί
1589 4201 1642 4236 τι
1675 4182 1784 4256 γὰρ

1883 4203 1970 4243 va.
2014 4188 2150 4243 Mala
2195 4189 2477 4244 indelinita
2509 4198 2653 4254 sunt,
2679 4198 2843 4260 atque
2872 4191 2927 4245 in
2953 4191 3076 4246 aliis
3100 4201 3155 4246 et
3186 4192 3307 4246 aliis
3343 4193 3466 4248 inll-

194 4279 533 4348 πράττομεν,
568 4276 629 4330 τὸ
658 4275 860 4344 ἀγαθὸν
881 4274 1171 4337 ποθοῦντες
1216 4274 1557 4345 πράττομεν·
1595 4276 1644 4328 εί
1675 4274 1784 4345 γάρ

1885 4279 2033 4336 uitis.
2071 4279 2211 4347 Quin
2248 4279 2415 4335 etiam
2457 4282 2726 4336 malorum
2766 4281 3091 4352 principium
3133 4297 3195 4337 ac
3227 4284 3347 4338 linis
3380 4296 3463 4341 est

203 4369 588 4438 ἐδόκει-πάντη
620 4368 806 4431 κακδνν
832 4367 931 4420 οὐκ
962 4366 1028 4421 ειν
1047 4361 1114 4438 ἢν
1139 4365 1282 4437 ὁρμὴ
1304 4366 1398 4420 καὶ
1419 4366 1602 4436 ἔφεσις
1627 4368 1782 4439 ἡμῶν

1885 4371 2117 4436 bonum;
2170 4385 2295 4424 nam
2341 4371 2469 4426 dum
2512 4371 2713 4425 malum
2757 4371 3008 4437 facimus,
3041 4375 3239 4428 bonum
3285 4375 3463 4430 facere

193 4465 339 4536 πρὸς
373 4464 547 4515 ἐκεῖνο
568 4479 580 4492 ο
634 4461 722 4514 διὰ
763 4459 921 4514 τοῦτο
951 4460 1081 4529 γοῦν
1128 4460 1224 4530 οὑχ
1255 4461 1551 4513 ὑπόστασιν
1584 4462 1693 4532 ἔχει
1724 4462 1784 4517 τὸ
1816 4525 1846 4536 _.

1816 4525 1851 4536 ἰ
1887 4461 2251 4524 arbitramur;
2284 4460 2330 4513 si
2355 4461 2486 4530 quid
2522 4464 2665 4516 enim
2694 4460 2945 4527 facimus,
2977 4466 3172 4518 bonum
3201 4475 3463 4536 appeten-

192 4525 370 4609 κάκδν
394 4553 527 4625 πρὸς
548 4553 576 4606 ὃ
593 4553 801 4624 βλέπων
818 4567 901 4614 τις
918 4525 1045 4614 ἴσως
1074 4525 1264 4604 ἐποίει⁸
1285 4549 1396 4602 ἀλλ’
1411 4552 1459 4602 εί
1476 4551 1581 4621 ἀρα
1613 4525 1784 4624 παρυ-
1816 4525 1845 4580 ιῖ

1816 4525 1858 4580 1)
1891 4563 1968 4606 tes
1999 4551 2256 4617 facimus;
2285 4552 2331 4606 si
2357 4553 2503 4607 enim
2533 4555 2808 4610 videretur
2838 4556 3060 4610 omnino
3089 4556 3309 4618 malum.
3339 4559 3463 4613 nul-

191 4646 580 4710 πόστασιν,τοῦ
596 4645 801 4716 ἀγαθοῦ
816 4647 997 4710 ἐνεκα,
1017 4645 1110 4698 καὶ
1125 4644 1223 4715 οὑχ
1238 4642 1430 4696 ἑαυτοῦ
1444 4644 1777 4715 γιγνόμενον.

1890 4645 2058 4699 lns'in
2087 4643 2245 4700 nobis
2274 4647 2342 4701 ad
2375 4644 2503 4700 illud
2533 4656 2678 4703 esset
2703 4659 2881 4703 motus
2907 4658 2961 4703 et
2991 4649 3258 4718 appetitus
3283 4666 3298 4704 :
3325 4665 3453 4718 quo-

191 4743 347 4795 circa
423 4740 622 4794 malum
675 4755 780 4806 non
851 4740 1014 4794 habet
1062 4736 1510 4800 snbsistentiam,
1555 4738 1621 4789 ad
1665 4752 1827 4806 quam
1887 4737 2010 4805 quis
2058 4735 2200 4791 forte
2242 4746 2496 4806 spectans
2543 4747 2819 4809 operetur,
2868 4739 2964 4793 sed
3005 4738 3160 4810 quasi
3201 4741 3465 4808 quodam-

192 4835 363 4890 modo
389 4834 820 4897 subsistentiam,
851 4832 976 4886 dum
1007 4832 1133 4886 boni
1169 4840 1223 4885 et
1264 4847 1370 4885 non
1402 4831 1571 4899 ipsius
1601 4843 1765 4885 causa
1795 4831 1922 4901 quid
1958 4830 2038 4886 fit.

264 4928 293 4999 §
317 4927 536 4982 XXXII.
577 4925 667 4996 Τῷ
685 4923 839 4994 κακῷ
864 4924 926 4977 τὸ
946 4919 1083 4977 εἶναι
1107 4921 1245 4976 κατὰ
1271 4920 1613 4994 συμϐεϐηκός
1639 4922 1777 4987 ἐστι,

1955 4921 1984 4993 §
2022 4922 2239 4980 XXXII.
2280 4922 2423 4978 Malo
2458 4930 2633 4979 status
2675 4931 2762 4978 est
2796 4937 2895 4993 per
2935 4921 3211 4988 accidens,
3259 4929 3314 4976 et
3354 4938 3458 4978 non

189 5026 290 5082 xui.
337 5024 398 5077 ού
448 5020 566 5077 καθ’
603 5019 768 5073 αὑτό·
809 5018 930 5072 οὑδὲ
966 5017 1076 5090 γὰρ
1123 5017 1398 5088 ἐφιέμενοι
1441 5015 1537 5069 τοῦ
1579 5017 1773 5082 κακοῦ,

1882 5028 1978 5085 per
2011 5030 2070 5068 se
2103 5035 2118 5071 :
2161 5031 2336 5084 neque
2363 5016 2507 5070 enim
2555 5018 2858 5085 appetendo
2897 5014 3098 5068 malum
3141 5014 3375 5069 facimus
3408 5016 3458 5069 id

189 5117 462 5188 ποιοῦμεν
477 5116 512 5169 ὃ
540 5113 818 5183 ποιοῦμεν,
844 5111 960 5165 ἀλλ’
989 5109 1254 5181 ἐφιέμεθα
1289 5110 1385 5180 μὲν
1423 5107 1518 5162 τοῦ
1548 5097 1775 5178 ἀγαθοῦ,

1882 5105 2024 5174 quod
2069 5103 2328 5168 facimus,
2359 5105 2451 5160 sed
2486 5105 2790 5174 appetimus
2821 5105 3037 5172 quidem
3068 5104 3293 5165 bonum,
3329 5105 3459 5156 fat-i-

186 5211 405 5280 γίνεται
437 5207 494 5260 δὲ
524 5206 586 5259 τὸ
624 5206 790 5258 κακόν
811 5223 823 5235 ·
862 5203 1002 5258 ὥστε
1033 5203 1121 5257 διὰ
1172 5201 1234 5255 τὸ
1280 5200 1483 5269 ἀγαθὸν
1515 5200 1578 5252 τὸ
1609 5200 1776 5254 κακὸν

1882 5213 2003 5253 mus
2033 5208 2212 5251 autem
2246 5197 2481 5262 malum;
2514 5197 2653 5250 adeo
2675 5206 2734 5250 ut
2765 5205 2989 5266 propter
3019 5197 3218 5249 bonum
3255 5196 3455 5246 malum

185 5304 427 5374 γίνεται.
464 5298 792 5369 Θαυμασίως
838 5297 1018 5350 τοίνυν
1063 5295 1298 5349 δείκνυσι
1343 5293 1404 5345 τὸ
1446 5292 1614 5346 κακὸν
1645 5292 1776 5345 ἀνυ-

1883 5290 1998 5343 ﬁat.
2029 5290 2352 5343 Mirabiliter
2382 5291 2564 5358 itaque
2607 5289 2848 5344 ostendit
2887 5290 3087 5342 malum
3138 5302 3240 5341 non
3279 5286 3458 5340 subsi-

188 5395 483 5456 πόστατον,
545 5393 638 5445 καὶ
663 5391 914 5462 στέρησιν
938 5389 1068 5443 αὑτὸ
1099 5387 1207 5441 τῶν
1229 5389 1289 5440 ἐν
1312 5385 1461 5449 τάξει
1490 5385 1583 5438 καὶ
1613 5384 1770 5453 φύσει

1879 5394 2046 5448 Stere,
2077 5383 2205 5436 dum
2247 5391 2407 5436 vocat
2453 5381 2582 5436 illud
2617 5382 2979 5453 privationem
3014 5395 3196 5435 rerum
3234 5379 3458 5434 ordina-

184 5489 400 5557 λέγων’
429 5489 462 5556 ὴ
492 5485 548 5537 δὲ
582 5484 834 5555 στέρησις
858 5484 959 5537 οὑκ
986 5482 1148 5535 αὑτοῦ
1182 5481 1499 5544 ὑπόστασις,
1537 5477 1672 5532 ἀλλά
1711 5477 1773 5530 τὸ

1882 5483 2058 5526 tarum
2091 5489 2153 5528 ac
2181 5473 2549 5540 naturalium;
2581 5474 2818 5544 privatio
2850 5483 3031 5526 autem
3065 5486 3161 5542 per
3188 5485 3249 5525 se
3287 5472 3453 5523 lliilll-

185 5579 438 5649 πεφυκδς
467 5577 562 5633 καὶ
589 5575 875 5630 ἐπιϐάλλον
905 5577 1153 5645 παρεῖναι
1180 5574 1253 5644 μὴ
1284 5573 1453 5643 παρόν
1475 5590 1488 5603 ·
1529 5571 1650 5624 ὅθεν
1679 5572 1774 5624 καὶ

1881 5583 1965 5621 me
2012 5566 2279 5633 subsistit,
2311 5567 2404 5622 sed
2435 5582 2557 5620 cum
2589 5567 2814 5621 deberet
2848 5573 2904 5620 et
2942 5566 3188 5636 exigeret
3233 5562 3449 5618 adesse.

184 5669 764 5745 ἁμαρτίαν,τουτέστιν
782 5667 1031 5734 ἀτευξίαν
1044 5669 1138 5722 καὶ
1159 5667 1470 5720 ἀπόπτωσιν
1489 5664 1582 5717 τοῦ
1607 5681 1772 5734 προσ-

1881 5675 1984 5713 non
2032 5660 2186 5714 adest
2239 5677 2252 5715 :
2302 5661 2442 5715 unde
2489 5662 2653 5715 etiam
2695 5659 3055 5729 privationem
3086 5668 3243 5712 vocat
3273 5657 3454 5727 ἀμαρ-

185 5768 435 5839 ήκοντος,
471 5762 604 5818 αὑτὸ
641 5761 702 5814 τὸ
741 5761 841 5834 τῆς
883 5763 1185 5831 στερήσεως
1219 5759 1372 5812 καλεῖ
1396 5760 1486 5813 καὶ
1511 5759 1766 5821 ἄσκοπον,

1878 5753 2020 5817 τίαν,
2059 5753 2109 5808 id
2152 5765 2231 5809 εει
2274 5753 2672 5809 abcrrationem
2715 5765 2769 5809 ct
2813 5753 3018 5825 lapsum
3071 5766 3101 5803 a
3142 5753 3360 5816 decolo,
3397 5757 3451 5804 ct

506 5859 778 5917 Ρηιιοι..
837 5856 952 5915 Gn.
992 5853 1097 5915 ιιι.

2978 5845 3056 5906 26
