4186 6308
756 362 849 421 ειι
1931 354 1986 411 s.
2030 352 2323 411 moxvsu
2373 344 2830 407 aneomcrrtt:
3900 361 4008 413 δη

755 488 901 554 sropi
930 483 1361 546 frustrationem,
1409 496 1504 550 pro
1529 477 1676 551 jaetu
1715 492 1741 529 a
1787 491 1951 543 scopo
1982 474 2323 536 deﬁeclente,
2357 481 2397 535 Α

2357 481 2397 535 Α
2428 472 2547 523 ἀντὶ
2572 472 2665 523 τοῦ
2692 472 2839 541 παρά
2862 470 2953 523 τὸν
2980 471 3175 523 σκοπὸν
3214 470 3422 541 βάλλον,
3461 472 3527 529 ἐκ
3555 477 3865 543 μεταφορᾶς
3899 478 4010 530 τῶν

756 598 782 631 a
808 577 1173 646 jaculantibus
1208 575 1519 643 metaphora
1555 573 1858 637 desumpta.
1897 568 2052 621 Sicut
2078 568 2220 620 enim
2255 566 2327 619 illi

2430 562 2951 629 togeud‘nwv."ﬂsm
2961 580 2990 633 ρ
3009 562 3117 633 γὰρ
3144 564 3191 615 οἱ
3222 563 3324 629 ἔξω
3344 563 3437 616 τοῦ
3474 563 3675 617 σκοποῦ
3698 564 4010 630 τοξεύοντες

757 682 911 724 extra
960 684 1179 738 scopum
1203 668 1508 734 jacnlanles
1539 666 1795 717 aberrant
1831 677 1859 713 a
1890 662 2120 720 decoro;
2168 657 2245 709 sic
2276 663 2329 709 et

2430 654 2802 723 ἁμαρτάνουσι
2840 653 2933 705 τοῦ
2970 654 3363 724 προσήκοντος·
3403 654 3541 706 οὓτω
3580 656 3673 707 καὶ
3708 656 3888 726 ἡμεῖς,
3915 674 4010 708 του

760 779 855 817 nos
884 778 911 816 a
943 775 1105 828 scopo
1139 772 1187 813 et
1230 761 1421 811 ordine
1465 759 1803 815 aberrantes,
1837 752 2105 819 vergimus
2138 758 2331 817 prreter

2433 746 2633 800 σκοποῦ
2689 746 2779 799 καὶ
2828 746 2925 816 τῆς
2969 745 3175 811 τάξεως
3218 746 3699 816 ἀποτυγχάνοντες,
3732 750 4010 819 φερόμεθα

758 865 1003 906 naturam
1036 852 1101 905 ad
1140 841 1510 904 irrationalem
1551 857 1605 900 et
1641 842 2012 913 imperfectam
2061 851 2115 893 et
2154 854 2332 891 amen-

2432 844 2512 905 είς
2557 841 2653 911 τὴν
2694 839 2843 910 παρά
2877 841 3036 909 φύσιν
3074 842 3264 909 ἄλογον
3296 841 3388 893 καὶ
3429 841 3590 911 ἀτελῆ
3628 843 3723 894 καὶ
3760 840 4009 893 ἀνούσιον

759 953 862 997 tem
927 941 1309 1003 abolititinem;
1358 940 1497 991 unde
1541 935 1671 989 dicit
1722 936 1883 987 etiam
1944 930 2140 984 malum
2198 927 2327 981 nihil

2430 931 2764 1001 ἀνυπαρξίαν
2790 948 2803 960 ε
2838 932 2958 984 ὅθεν
2994 933 3086 984 καὶ
3113 934 3333 1003 μηδαμῆ
3374 933 3536 1003 μηδὲν
3570 932 3630 983 ὃν
3651 930 3799 999 λέγει
3828 932 3886 983 τὸ
3912 949 4012 983 κα·-

755 1035 980 1087 mnnino
1011 1035 1269 1087 existere.
1305 1029 1570 1083 Carterum
1599 1026 1862 1079 adversus
1886 1039 1977 1077 eos
2002 1022 2089 1091 qui
2124 1017 2328 1083 (ﬁcum,

2432 1024 2677 1077 κόν.¹Ἐτι
2710 1025 2843 1094 πρὸς
2869 1025 2993 1087 τοὺς
3030 1024 3305 1092 λέγοντας,
3324 1028 3404 1078 ὅτι
3432 1026 3649 1078 δύναταί
3674 1042 3725 1077 τι
3749 1024 3810 1076 τὸ
3838 1023 4011 1075 κακὸν

757 1129 953 1181 malum
988 1140 1085 1194 per
1117 1139 1175 1178 se
1213 1123 1414 1191 aliquid
1454 1136 1632 1189 posse,
1666 1119 1764 1179 ait,
1803 1118 2000 1171 malum
2037 1114 2192 1169 aliter
2224 1130 2329 1167 non

2432 1117 2553 1170 καθ’
2584 1117 2712 1170 αὐτὸ
2738 1120 2928 1183 ποιεῖν,
2963 1119 3094 1189 φησὶ
3125 1118 3324 1182 τοίνυν,
3346 1118 3510 1170 ὅτιτὸ
3540 1117 3706 1170 κακὸν
3741 1115 3914 1177 ἄλλως
3942 1115 4011 1166 οὐ

754 1221 1013 1282 existere,
1042 1233 1203 1286 quam
1238 1216 1290 1268 in
1322 1214 1679 1277 permistione
1723 1212 1875 1273 boni,
1921 1212 1973 1263 in
2002 1220 2205 1262 tantum
2239 1222 2332 1260 ac-

2434 1210 2855 1280 παρυφίσταται,
2888 1212 2936 1263 εἰ
2974 1211 3047 1281 μὴ
3082 1212 3138 1263 ἐν
3174 1214 3238 1281 τῇ
3274 1208 3367 1264 τοῦ
3407 1210 3607 1278 ἀγαθοῦ
3650 1208 3812 1280 μίξει,
3848 1209 4012 1260 τόσον

751 1314 958 1374 eidens,
996 1312 1047 1363 in
1090 1320 1349 1377 quantum
1382 1306 1563 1361 deﬁcit
1595 1308 1831 1367 bonum;
1859 1302 1998 1370 quod
2032 1302 2172 1355 enim
2206 1299 2329 1353 boni

2432 1302 2839 1372 ἐπισυμόαῖνον,
2862 1303 3089 1356 καθόσον
3112 1304 3171 1355 τὸ
3193 1303 3391 1371 ἀγαθὸν
3420 1302 3653 1354 ἐλλείπει
3672 1319 3684 1330 ·
3712 1301 3771 1353 τὸ
3798 1301 3852 1352 δὲ
3881 1301 4008 1353 πάν-

754 1420 976 1473 prorsus
1000 1418 1193 1471 expers
1218 1411 1321 1465 εει,
1350 1414 1526 1465 neque
1550 1406 1631 1451 est
1660 1396 1953 1466 quidquam
1984 1407 2159 1462 neque
2181 1392 2331 1461 quid-

2431 1412 2499 1465 τη
2538 1394 2762 1465 ἄμοιρον
2794 1395 2886 1448 τοῦ
2926 1394 3128 1463 ἀγαθοῦ
3175 1395 3294 1447 οὐτε
3328 1395 3386 1446 ὅν
3422 1397 3604 1457 ἐστιν,
3635 1393 3756 1446 οὐτε
3784 1392 4008 1445 δύναταί

753 1513 917 1565 quam
949 1505 1145 1565 potest.
1173 1496 1215 1552 A
1249 1493 1528 1549 contrario
1562 1492 1744 1559 itaque
1791 1497 2208 1558 argumentatur
2254 1486 2332 1539 di-

2432 1506 2503 1541 τι.
2524 1489 2617 1541 Ἐκ
2650 1488 2741 1540 τοῦ
2767 1488 3009 1542 ἐναντίου
3042 1486 3170 1556 γοῦν
3198 1489 3464 1557 ἐπιχειρεῖ
3495 1487 3665 1555 λέγων
3689 1504 3700 1514 ·
3730 1488 3848 1538 Ὅτι
3871 1488 3917 1537 εί
3945 1482 4011 1536 τδ

753 1604 882 1640 rens
913 1612 923 1641 ;
956 1588 1010 1639 Si
1040 1586 1239 1639 bonum
1273 1595 1356 1637 est
1387 1584 1437 1637 id
1466 1582 1606 1649 quod
1632 1587 1737 1646 est,
1768 1590 1819 1632 et
1849 1579 2229 1648 appetendum,
2279 1585 2333 1631 et

2435 1582 2636 1651 ἀγαθὸν
2683 1582 2742 1633 δν
2781 1584 2917 1645 ἐστι,
2955 1583 3047 1635 καὶ
3096 1581 3256 1654 βουλή
3306 1584 3442 1641 ἐστι,
3500 1580 3593 1633 καὶ
3629 1578 3864 1642 δύναται,
3912 1578 4011 1630 καὶ

754 1683 1011 1745 validum,
1053 1689 1106 1731 et
1144 1676 1363 1739 elﬁcax;
1405 1672 1630 1735 malum,
1674 1683 1858 1741 utpote
1893 1672 2119 1725 entitate
2155 1669 2334 1737 priva-

2435 1678 2594 1736 ποιεῖ,
2624 1672 2684 1725 τὸ
2728 1669 2896 1725 κακὸν
2947 1673 3039 1726 τοῦ
3090 1672 3241 1736 ὄντος
3283 1670 3662 1743 ἐστερημένον,
3702 1671 3876 1723 ταῦτα
3907 1671 4011 1739 οὐχ

756 1786 895 1835 tum,
940 1774 1053 1826 haec
1097 1771 1318 1824 minime
1365 1766 1603 1821 habebit.
1640 1765 1841 1820 Deinde
1870 1762 2067 1817 malum
2103 1777 2205 1815 non
2230 1774 2333 1830 per

2437 1765 2697 1831 ἐξει.⁹Έτι
2735 1765 2818 1817 ὅτι
2854 1762 2953 1816 οὐκ
2992 1764 3104 1816 ἐστι
3136 1764 3195 1817 τὸ
3223 1765 3389 1817 κακὸν
3426 1762 3545 1815 καθ’
3572 1762 3720 1825 αὐτὸ,
3755 1762 3911 1831 δῆλον
3941 1762 4013 1812 ἐκ

752 1882 811 1919 se
843 1867 1095 1927 existere,
1126 1871 1272 1930 patet
1303 1876 1368 1914 ει
1401 1874 1465 1914 eo
1497 1859 1637 1925 quod
1669 1872 1771 1910 non
1806 1859 1874 1910 sit
1902 1857 2040 1909 idem
2076 1855 2126 1907 in
2154 1853 2328 1908 omni-
2357 1861 2399 1915 B

2357 1861 2399 1915 B
2427 1857 2517 1911 τοῦ
2556 1857 2628 1927 μὴ
2664 1852 2801 1908 εἶναι
2825 1856 2971 1927 παρά
3003 1858 3136 1909 πᾶσι
3164 1856 3374 1919 ταύτὸν,
3401 1854 3532 1908 ἀλλά
3559 1856 3649 1907 καὶ
3678 1854 3801 1907 ἀλλο
3821 1856 3879 1905 ἐν
3906 1852 4010 1905 ἀλ-

756 1959 879 2019 lms,
912 1972 1097 2008 verum
1142 1956 1304 2007 etiam
1343 1951 1486 2004 aliud
1525 1952 1575 2003 in
1618 1949 1758 2009 aliis,
1791 1956 1951 2016 prout
1996 1949 2045 2000 in
2085 1961 2332 2013 unoquo-

2429 1945 2559 2009 λοις,
2593 1946 2771 2009 καθὼς
2795 1948 2851 1998 ὲν
2882 1944 3093 2017 ἑκάστῳ
3133 1949 3166 2017 ἡ
3199 1946 3292 1999 τοῦ
3333 1946 3535 2015 ἀγαθοῦ
3575 1945 3887 2008 ἀπόπτωσις
3920 1944 4012 2012 γί-

752 2068 858 2119 que
895 2049 1018 2101 boni
1062 2047 1242 2115 lapsus
1274 2043 1479 2097 existit.
1512 2043 1654 2095 Deus
1694 2050 1875 2094 autem
1923 2038 2330 2093 subordinatio-

2430 2057 2597 2092 νεται.
2637 2039 2769 2101 Θεὸς
2813 2039 2869 2091 δὲ
2898 2038 2995 2101 τάς
3032 2037 3324 2101 ὐποϐἁσεις
3354 2038 3462 2091 τῶν
3495 2040 3551 2091 ἐν
3584 2040 3649 2107 τῇ
3679 2037 4012 2107 δημιουργίᾳ

754 2158 850 2194 nes
872 2138 1108 2193 servavit
1137 2138 1187 2189 in
1218 2134 1379 2206 425
1407 2134 1713 2194 creatione;
1746 2130 2010 2199 siquidem
2042 2144 2211 2193 mens,
2239 2142 2328 2180 se-

2427 2130 2714 2184 ὃιὲσωσεν·
2749 2134 2775 2183 ὁ
2802 2134 2897 2202 μὲν
2926 2132 3035 2203 γὰρ
3071 2132 3215 2196 νοῦς,
3239 2133 3359 2185 καθ’
3398 2133 3456 2187 ὃν
3490 2130 3771 2182 οὐσίωνται
3793 2130 3840 2180 οἱ
3871 2128 4012 2180 θεῖοι

754 2235 987 2285 cundum
1020 2244 1181 2299 quam
1220 2225 1386 2279 divini
1424 2235 1477 2279 et
1522 2238 1753 2292 prorsus
1798 2217 2181 2274 immateriales
2220 2220 2331 2288 spi-

2430 2222 2567 2287 νόες,
2602 2224 2694 2277 καὶ
2729 2224 2904 2293 πάντη
2926 2224 3096 2288 ἀύλοι,
3132 2224 3399 2293 ἀνώτερος
3429 2224 3604 2293 ψυχῆς
3632 2224 3795 2285 ἐστιν,
3819 2222 3884 2273 ἐκ
3904 2220 4011 2290 τῆς

756 2326 891 2375 ritus
918 2318 1273 2373 substantiam
1322 2329 1472 2369 suam
1502 2314 1832 2373 sortiuntur,
1874 2323 1993 2363 enm
2034 2309 2209 2361 anima
2241 2324 2329 2362 su-

2430 2315 2795 2382 ἀγαθοειδείας
2824 2315 2916 2368 νῦν
2946 2316 3209 2387 κινηθεὶς,
3236 2316 3442 2386 δαίμων
3465 2315 3671 2385 ἀπέ6η’
3705 2316 3736 2384 ἡ
3762 2314 3815 2366 δὲ
3836 2312 4008 2383 ψυχὴν

753 2412 972 2464 ιιῖἰιιιὶοι·
998 2409 1093 2473 sit,
1126 2422 1153 2459 a
1192 2402 1604 2459 bonil‘ormitate
1634 2401 1912 2461 deﬁciens,
1949 2398 1999 2451 in
2034 2399 2327 2452 daemonem

2430 2406 2562 2459 καθὸ
2598 2407 2755 2477 νοερά
2787 2408 2878 2459 καὶ
2914 2406 3121 2478 λογικὴ,
3154 2407 3295 2460 κατά
3330 2407 3486 2474 λόγον
3518 2404 3831 2476 ἐνεργοῦσα,
3854 2404 4012 2475 μένει

754 2503 955 2567 evasit;
991 2504 1166 2553 anima
1200 2512 1346 2559 vero,
1376 2495 1427 2548 in
1454 2505 1714 2562 quantum
1743 2490 2049 2558 intelligens
2074 2505 2137 2544 ac
2165 2491 2329 2542 ratio—

2429 2500 2485 2551 ὲν
2518 2497 2595 2568 τῷ
2628 2500 2839 2570 οἰκείῳ·
2874 2499 3022 2571 παρά
3056 2500 3208 2569 λόγον
3243 2500 3299 2552 δὲ
3338 2500 3635 2569 κινηθεῖσα,
3672 2496 3812 2567 κακὴ
3856 2496 4010 2563 γίνε-

756 2596 934 2658 nalis,
984 2592 1280 2646 secundum
1327 2588 1593 2641 rationem
1640 2587 1847 2653 agendo
1902 2591 2087 2636 manet
2134 2584 2185 2636 in
2234 2596 2326 2636 sua

2426 2608 2550 2643 ται·
2588 2591 2656 2643 τά
2688 2592 2744 2645 δὲ
2780 2590 3023 2663 σώματα,
3061 2592 3211 2663 παρά
3246 2592 3405 2661 φύσιν
3439 2593 3744 2665 κινηθέντα,
3782 2592 3881 2644 οὐκ
3916 2590 4013 2663 Ep-

755 2689 1120 2758 pmprietate,
1174 2684 1271 2736 sed
1318 2682 1443 2735 dum
1497 2686 1746 2731 movetur
1791 2686 1976 2730 contra
2028 2670 2324 2734 rationem,

999 2696 1120 2749 ate,
1174 2684 1271 2736 sed
1318 2682 1443 2735 dum
1497 2686 1746 2731 movetur
1791 2686 1976 2730 contra
2028 2670 2324 2734 rationem,
2430 2685 2646 2754 ῥωνται,

756 2784 894 2837 mala
932 2783 1020 2845 ﬁt;
1053 2793 1279 2847 corpora
1306 2776 1537 2841 denique
1567 2774 1690 2827 dum
1719 2780 1907 2825 contra
1941 2780 2185 2823 naturam
2217 2784 2325 2822 mo-

754 2888 971 2940 ventur,
998 2872 1216 2925 minime
1248 2868 1446 2920 valent.

792 2966 853 3040 ’§
896 2962 1131 3019 XXXIII.
1174 2958 1444 3013 Praeterea
1487 2957 1527 3011 si
1574 2958 1624 3010 in
1652 2955 1862 3013 emteris
1892 2954 2050 3006 rebus
2081 2952 2329 3005 omnibus

2500 2962 2783 3033 §XXXIIL
2814 2963 2933 3017 Ἔτι
2960 2966 3005 3017 εί
3029 2964 3251 3035 πρόνοια
3273 2966 3366 3017 ἐπὶ
3384 2965 3514 3017 πᾶσι
3535 2965 3645 3027 τοῖς
3668 2962 3843 3027 ἄλλοις
3865 2963 4010 3027 ἐστὶ,

753 3071 835 3113 est
861 3056 1219 3126 providentia,
1250 3050 1445 3103 malum
1485 3048 1783 3102 secundum
1818 3062 1877 3100 se
1910 3063 2012 3100 non
2044 3055 2157 3109 est;
2192 3045 2329 3098 alias

2429 3051 2596 3107 κακὸν
2640 3055 2758 3107 καθ’
2790 3054 2920 3107 αὐτὸ
2960 3056 3059 3107 οὐκ
3100 3055 3279 3108 ἔστιν’
3312 3051 3377 3126 ἦν
3417 3054 3525 3123 γὰρ
3564 3052 3629 3107 ἂν
3654 3052 3744 3106 καὶ
3782 3052 4013 3123 πρόνοια

748 3153 895 3205 enim
940 3149 1104 3202 etiam
1145 3154 1288 3199 esset
1327 3143 1663 3212 providentia
1699 3140 1824 3194 mali
1863 3151 2112 3206 tanquam
2146 3137 2323 3203 entis;
2356 3200 2394 3216 Α

2361 3200 2394 3216 η
2428 3146 2520 3199 ἐπὶ
2552 3145 2629 3216 τῷ
2662 3145 2813 3215 κακῷ
2857 3145 2931 3207 ὼς
2976 3147 3113 3198 ὄντι·
3153 3145 3287 3199 ἀλλά
3325 3145 3427 3216 μὴν
3465 3145 3685 3215 πρόνοιά
3725 3147 3869 3197 ἐστιν
3914 3145 4014 3198 ἐπὶ

752 3244 847 3297 sed
888 3238 1223 3308 providentia
1261 3245 1344 3289 est
1387 3235 1440 3288 iu
1482 3234 1762 3297 omnibus;
1810 3232 2006 3285 malum
2047 3230 2211 3299 igitur
2242 3245 2323 3284 se-
2352 3200 2395 3258 Ο

2360 3200 2395 3258 c
2430 3240 2580 3291 πᾶσι·
2616 3238 2783 3290 κακὸν
2806 3237 2913 3308 ἀρα
2938 3238 3057 3289 καθ’
3080 3238 3210 3291 αὐτὸ
3240 3200 3338 3290 οὐκ
3512 3200 3628 3289 .Καὶ
3657 3238 3769 3289 ἔστι
3792 3238 4013 3308 πρῶτος

754 3334 993 3387 cumlqu
1031 3346 1089 3384 se
1130 3343 1231 3382 non
1270 3337 1371 3381 est.
1412 3328 1504 3379 last
1534 3335 1712 3378 autem
1746 3324 1954 3393 primus
1998 3323 2191 3376 modus
2220 3321 2331 3392 syl-

2429 3327 2624 3398 τρόπος
2676 3327 2785 3380 τῶν
2835 3327 3169 3379 ὑποθετικῶν
3206 3327 3594 3397 συλλογισμῶν,
3629 3331 3693 3397 τῇ
3730 3328 3869 3380 θέσει
3908 3331 4010 3382 τοῦ

755 3424 1108 3494 logismorum
1142 3418 1639 3488 hypotheticorum,
1675 3415 1936 3482 probabili
1962 3414 2332 3484 propositione

2432 3418 2730 3488 ἡγουμένου
2767 3419 3188 3483 κατασκευάζων
3215 3419 3273 3471 τὸ
3301 3419 3562 3487 ἑπόμενον
3588 3436 3599 3447 ·
3642 3421 3699 3471 ἐν
3736 3421 3862 3472 πᾶσι
3896 3422 4012 3492 γὰρ

752 3519 983 3587 probare
1011 3513 1285 3582 sequelam
1310 3530 1325 3576 ;
1368 3512 1419 3565 in
1448 3509 1703 3565 omnibus
1730 3508 1997 3577 siquidem
2029 3509 2186 3563 rebus
2217 3506 2331 3559 exi-

2430 3514 2540 3574 τοῖς
2564 3507 2711 3563 οὖσιν
2744 3513 2775 3581 ἡ
2811 3512 3035 3582 πρόνοιά
3077 3513 3212 3575 ἐστι,
3242 3511 3334 3563 καὶ
3364 3510 3513 3563 οὐδὲν
3556 3510 3663 3564 τῶν
3698 3510 3863 3564 ὄντων
3890 3513 4014 3565 όλο-

756 3612 850 3663 stit
888 3608 1246 3679 providentia,
1290 3614 1344 3659 et
1390 3604 1521 3658 nihil
1561 3617 1748 3656 eorum
1794 3616 1913 3670 qua:
1952 3609 2078 3655 sunt
2112 3600 2331 3653 omnino

2430 3602 2600 3665 τελῶς
2641 3603 2991 3673 ἀπρονόητον,
3024 3602 3185 3654 τοῦτο
3226 3602 3333 3671 γάρ
3366 3604 3503 3666 ἐστι,
3542 3602 3602 3656 τὸ
3644 3604 3866 3657 καθόλου
3910 3606 4011 3659 τοῦ

754 3716 950 3771 expers
977 3708 1058 3754 est
1084 3697 1462 3767 providentia,
1499 3695 1549 3749 id
1592 3704 1672 3748 est
1701 3692 2014 3746 omnimodo
2051 3692 2192 3745 bono
2220 3691 2332 3761 pri-

2432 3695 2635 3763 ἀγαθοῦ
2666 3695 2970 3765 ἐστέρηται.
3009 3694 3117 3747 Καὶ
3138 3694 3191 3747 τί
3213 3695 3353 3764 λέγω
3376 3695 3466 3748 ἐπὶ
3496 3698 3607 3759 τοῖς
3644 3698 3944 3767 γινομένοις
3972 3699 4010 3769 ἦ

758 3804 940 3847 vatum
970 3800 1073 3845 est.
1103 3788 1307 3856 Ecquid
1336 3788 1457 3841 dico
1494 3788 1545 3839 in
1593 3786 1749 3839 bonis
1777 3799 1894 3852 qua:
1928 3784 2057 3836 ﬁunt
2089 3783 2170 3837 vel
2218 3783 2330 3835 exi-

2431 3782 2578 3837 οὖσιν
2607 3786 2860 3853 ἀγαθοῖς;
2907 3784 3040 3837 ἀλλᾶ
3078 3786 3171 3838 καὶ
3218 3786 3397 3849 αὐτοῖς
3427 3788 3538 3850 τοῖς
3566 3786 3863 3856 γινομένοις
3903 3806 4011 3841 κα-

758 3886 947 3941 stunt?
974 3884 1101 3952 quin
1129 3891 1181 3935 et
1223 3881 1378 3933 malis
1407 3894 1525 3947 qua!
1558 3877 1694 3931 ﬁunt
1731 3876 2067 3945 providentia
2105 3876 2333 3944 benigne

2433 3879 2567 3939 κοῖς,
2604 3876 3051 3947 ἀγαθοπρεπῶςή
3082 3877 3304 3947 πρόνοια
3340 3877 3598 3949 κέκτηται
3640 3878 3772 3948 πρὸς
3800 3896 4014 3949 σωφρο-

757 3979 927 4030 utitur
977 3975 1041 4027 ad
1094 3973 1487 4027 correctionem
1518 3971 1632 4024 sive
1669 3984 1859 4023 eorum
1895 3968 1988 4036 qui
2014 3966 2101 4021 illa
2140 3978 2327 4033 agunt,

2434 3966 2637 4035 νισμὸν,
2665 3966 2695 4037 ἦ
2724 3967 2944 4019 ἐκείνων
2979 3966 3175 4031 αὐτῶν,
3214 3966 3244 4036 ἢ
3276 3966 3468 4028 ἄλλων,
3495 3966 3573 4019 διὸ
3613 3967 3795 4031 κακῶς
3823 3967 4013 4036 λέγου-

758 4072 872 4123 sive
922 4067 1184 4130 aliorum;
1234 4070 1487 4133 quocirca
1540 4060 1680 4114 male
1728 4059 1952 4121 dicunt,
1996 4059 2087 4128 qui
2132 4058 2330 4112 aiunt:

2435 4079 2518 4113 σιν
2562 4063 2610 4113 οἱ
2646 4061 2911 4129 λέγοντεςο
2965 4062 3063 4115 Διά
3099 4062 3149 4115 τί
3185 4063 3284 4114 οὐκ
3322 4061 3574 4133 ἐποίησεν
3614 4066 3755 4134 ἡμᾶς
3804 4067 3831 4117 ό
3876 4065 4012 4131 Θεὸς

759 4161 939 4226 Quare
962 4172 1069 4211 non
1104 4155 1231 4208 fecit
1266 4169 1361 4206 nos
1392 4153 1532 4206 Deus
1560 4152 1659 4214 sic,
1694 4160 1752 4203 ut
1784 4149 1866 4202 vel
1893 4151 2045 4203 inviti
2073 4167 2177 4204 non
2210 4164 2335 4219 pee-

2433 4150 2623 4216 οὐτως,
2644 4152 2750 4215 ἵνα,
2774 4153 2876 4205 κᾶν
2898 4152 3158 4223 θέλωμεν,
3186 4153 3258 4223 μὴ
3281 4154 3682 4225 ἀμαρτάνωμεν
3702 4154 3883 4216 ςτοῦτο
3899 4156 4011 4227 γάρ

759 4250 982 4305 cemus?
1037 4249 1139 4301 hoc
1187 4246 1330 4299 enim
1383 4244 1518 4297 nihil
1561 4242 1705 4295 aliud
1751 4253 1833 4297 est
1881 4260 2041 4312 quam
2088 4244 2268 4298 dicere
2316 4257 2329 4295 :

2433 4246 2583 4299 οὐδὲν
2624 4246 2807 4316 ἔτερόν
2848 4247 2993 4297 ἐστιν
3031 4246 3063 4315 ἢ
3102 4246 3309 4314 λέγειν’
3335 4246 3433 4299 Διά
3453 4246 3504 4298 τί
3531 4247 3603 4315 μὴ
3627 4247 3887 4316 ἀνοήτους
3914 4250 4014 4301 καὶ

760 4326 935 4409 Quare
983 4355 1087 4393 non
1143 4346 1389 4389 amentes
1440 4352 1540 4390 nos
1585 4347 1639 4422 et
1688 4336 2035 4390 irrationales
2080 4335 2239 4389 fecit?
2275 4336 2329 4390 Si

2434 4338 2658 4406 ἀλόγους
2686 4337 2831 4408 ἡμᾶς
2856 4336 3074 4407 ἐποίησε
3100 4355 3112 4403 ;
3138 4340 3209 4391 Τὸ
3232 4339 3339 4410 γὰρ
3362 4338 3419 4405 ἐξ
3445 4339 3687 4409 ἀνάγκης
3709 4341 3853 4409 ἡμᾶς
3877 4340 4010 4407 ἆγε-

761 4435 901 4488 enim
954 4430 1264 4485 necessario
1315 4429 1380 4481 ad
1433 4427 1690 4479 virtutem
1743 4427 2096 4491 doceremur,
2132 4442 2333 4495 nequa-

2438 4429 2560 4481 σθαι
2594 4430 2679 4481 ἐπ’
2702 4426 2899 4499 ἀρετὴν
2916 4428 3035 4482 οὐτε
3060 4429 3461 4500 αὐτοκράτορας
3484 4431 3628 4499 ἡμᾶς
3659 4430 3866 4483 ἐδείκνυ
3901 4430 4011 4483 τῶν

760 4539 920 4592 quam
946 4537 1047 4575 nos
1082 4519 1251 4573 nostri
1288 4534 1575 4585 rerumque
1616 4529 1923 4571 nostrarum
1966 4531 2239 4588 compotes
2270 4536 2333 4574 ac
2366 4540 2409 4593 ι)

2366 4540 2409 4593 D
2439 4522 2559 4575 καθ’
2583 4521 2828 4583 ἑαυτοὺς,
2852 4518 2972 4573 οὐτε
2993 4521 3087 4593 τὴν
3110 4521 3300 4591 νοεράν
3326 4523 3356 4591 ὴ
3364 4520 3481 4590 μῶν
3514 4520 3673 4589 φύσιν
3692 4515 3827 4573 εἶναι
3854 4538 4012 4574 συνε-

763 4622 1009 4679 potentes
1038 4609 1389 4669 declarasset,
1419 4619 1592 4673 neque
1627 4618 1875 4657 naturam
1914 4617 2154 4659 nostrain
2186 4607 2335 4660 intel-

2436 4612 2823 4683 χώρει.¹Ἀνελε
2846 4612 2974 4679 γοῦν
2996 4614 3026 4681 ἡ
3036 4612 3151 4683 μῶν
3188 4612 3247 4665 τὸ
3267 4612 3631 4679 αὐτεξούσιον,
3660 4616 3751 4667 καὶ
3783 4615 3913 4669 οὐτε
3936 4620 4014 4670 εἰ-

764 4706 1013 4773 ligentem
1044 4715 1164 4753 esse
1214 4699 1452 4751 sivisset.
1493 4696 1661 4750 Aufer
1705 4697 1847 4750 enim
1893 4696 2195 4751 libertatem
2238 4715 2334 4752 nu-

2437 4702 2545 4755 κὼν
2567 4702 2698 4753 θεοῦ
2723 4701 2972 4771 ἐσόμεθα,
2994 4700 3113 4753 οὐτε
3132 4702 3324 4772 ἕξομεν
3344 4703 3520 4773 ψυχὰς
3542 4704 3760 4771 λογικάς
3784 4706 3877 4759 καὶ
3898 4725 4014 4761 νοε-

764 4808 954 4854 strain,
988 4801 1040 4844 et
1074 4804 1246 4857 neque
1288 4785 1382 4839 Dei
1414 4787 1588 4853 imago
1616 4786 1839 4851 erimus,
1885 4803 1982 4840 nec
2016 4788 2333 4842 habebimus

2437 4794 2555 4863 ράς,
2582 4794 2673 4845 καὶ
2688 4793 2762 4862 τῷ
2782 4794 2893 4845 ὅντι
2919 4792 3251 4864 φθαρήσεται
3277 4797 3308 4865 ὴ
3333 4796 3493 4863 φύσις
3512 4796 3687 4866 ἡμῶν.
3712 4796 4012 4871 Αὐτοκινή-

764 4890 975 4939 animas
1002 4882 1291 4937 ratiooales
1327 4892 1380 4936 et
1410 4880 1792 4949 intelligentes.
1826 4890 1881 4932 et
1921 4891 2114 4933 natura
2143 4893 2330 4935 nostra

2433 4904 2540 4938 των
2564 4886 2641 4950 δὲ,
2656 4887 2773 4937 ἀντὶ
2789 4885 2883 4937 τοῦ
2905 4887 3261 4952 αὐτεξουσίων
3283 4888 3373 4940 καὶ
3394 4890 3807 4959 αὐτοκρατόρων
3824 4893 4010 4961 φησιν,

766 4981 976 5048 penitus
1020 4976 1279 5029 interibit.
1334 4974 1436 5025 Per
1474 4989 1533 5027 se
1566 4980 1692 5025 Vero
1726 4972 2001 5025 mobilium
2045 4973 2199 5036 dixit,
2236 4990 2333 5041 pro

2434 4978 2493 5029 οὐ
2518 4978 2586 5046 γὰ
2593 4995 2625 5049 ρ
2646 4978 2754 5030 τῶν
2775 4980 2997 5043 ἐαυτούς
3021 4979 3307 5033 κινούντων
3332 4982 3464 5051 πρὸς
3482 4982 3883 5053 ἀντιδιαστολὴν
3903 4984 4010 5036 τῶν

765 5074 915 5127 liberi
964 5070 1198 5129 arbitrii,
1257 5069 1448 5135 suique
1486 5066 1625 5134 juris
1674 5079 1739 5118 ac
1788 5068 2067 5135 potestatis
2101 5068 2335 5121 existen-

2436 5072 2705 5142 ἀκινήτων
2741 5072 2814 5134 ὡς
2848 5071 3085 5143 οἴκων,ἢ
3120 5074 3526 5143 ἐτεροκινήτων,
3550 5072 3624 5136 ὡς
3658 5072 3848 5127 λίθων·
3886 5078 4013 5145 πρὶ

768 5170 899 5218 tium
949 5179 1055 5217 non
1088 5173 1266 5213 autem
1298 5172 1397 5228 pro
1437 5174 1495 5212 se
1527 5158 1879 5220 moventium,
1927 5160 1991 5211 ad
2031 5161 2335 5213 distinctio-

2437 5163 2545 5231 γὰρ
2570 5162 2767 5231 ἀρετῆς
2787 5161 3179 5233 διαλεγόμενος,
3204 5165 3328 5227 τοὺς
3349 5165 3729 5234 αὐτοκινήτους
3751 5164 3825 5227 ὡς
3847 5166 4008 5217 αὐτε-

766 5274 889 5312 nem
925 5253 1302 5316 immobilium,
1338 5261 1396 5304 ut
1426 5253 1741 5314 demorum;
1777 5250 1857 5302 vel
1889 5251 1955 5301 ab
1999 5251 2119 5303 aliis
2161 5262 2335 5305 moto-

2438 5254 2679 5319 ξουσίους
2718 5254 3011 5322 παρέλαϐε.
3035 5255 3259 5323 Συνάγει
3293 5258 3397 5327 ἄρα
3420 5256 3684 5321 ἐντεῦθεν,
3702 5259 3783 5311 ότι
3813 5260 3913 5309 οὐκ
3951 5257 4007 5310 ὃν

767 5366 911 5412 rum,
952 5358 1008 5400 ut
1040 5347 1275 5415 lapidum
1358 5345 1633 5397 disserens
1662 5344 1803 5395 enim
1847 5345 1912 5395 de
1944 5342 2145 5395 virtute
2174 5342 2333 5394 αὐτο-

2442 5344 2501 5398 τὸ
2524 5347 2708 5407 κακὸν,
2733 5347 2823 5397 καὶ
2858 5349 2888 5417 ἡ
2922 5347 3133 5414 γένεσις
3160 5346 3321 5400 αὐτοῦ
3352 5349 3410 5401 οὐ
3448 5349 3586 5401 κατά
3607 5349 3853 5416 δύναμιν,
3876 5348 4009 5402 ἀλλὰ

765 5443 1036 5511 κινήτους,
1070 5453 1160 5492 seu
1189 5453 1282 5506 per
1312 5453 1370 5489 se
1400 5435 1646 5498 mobiles,
1679 5444 1929 5502 tanquam
1962 5434 2161 5488 liberos
2188 5450 2334 5489 acce-

1249 5453 1282 5489 :r
1312 5453 1370 5489 se
1400 5435 1646 5498 mobiles,
1679 5444 1929 5502 tanquam
1962 5434 2161 5488 liberos
2188 5450 2334 5489 acce-
2442 5437 2580 5489 κατὰ
2603 5436 2902 5491 ἀσθένειαν.

769 5536 860 5603 pit.
893 5534 1029 5586 Ilinc
1066 5534 1245 5599 itaque
1282 5528 1573 5589 concludit,
1623 5526 1822 5579 malum
1877 5541 1983 5579 non
2034 5541 2155 5580 esse
2204 5540 2319 5590 ens,
2366 5525 2645 5595 ipsumque
2695 5528 2837 5595 gigni
2882 5542 2985 5582 non
3030 5530 3320 5583 secundum
3354 5532 3626 5595 virtutem,
3681 5531 3776 5584 sed
3817 5544 4020 5583 secun-

768 5634 889 5684 dum
919 5626 1356 5679 imbecillitatem.

842 5720 868 5789 ᾗ
912 5718 1150 5770 XXXIV.
1193 5713 1255 5768 Et
1292 5714 1593 5769 immutatio
1628 5713 1953 5779 daemonum,
1991 5714 2057 5767 ab
2088 5712 2239 5767 initio
2270 5728 2334 5768 ex

2517 5710 2805 5784 §XXXIV.
2850 5710 2958 5763 Καὶ
2991 5712 3021 5780 ἡ
3058 5711 3337 5775 ἀλλοίωσις
3374 5713 3481 5765 τῶν
3522 5714 3786 5784 δαιμόνων
3820 5715 4018 5771 ἐκστοῦ

766 5814 910 5867 bono
948 5810 1319 5872 caisteutium,
1360 5808 1588 5879 sed,nou
1637 5821 1742 5875 qua
1776 5807 2063 5872 malorum,
2097 5806 2190 5861 sed
2231 5821 2335 5875 qua

2444 5805 2647 5874 ἀγαθοῦ
2669 5805 2833 5858 ὅντων
2859 5802 3113 5872 ἀρχῆθεν,
3139 5803 3252 5857 ἀλλ’
3276 5805 3371 5873 οὐχ
3453 5805 3658 5873 κακῶν,
3682 5800 3849 5877 ἀλλ’ᾖ
3872 5807 4010 5876 ἀτα-
