4176 6308
180 417 290 473 815

744 414 831 469 DE
866 413 1118 471 DIVINIS
1152 412 1549 481 NOMINIBUS,
1582 414 1737 471 CAP.
1771 412 1861 469 Ν.
1895 444 1964 456 -
2001 413 2347 493 PARAPHR.
2384 414 2849 473 PACHYMEIUE.

3312 422 3415 476 8H

181 535 293 589 Θῶν
326 532 420 586 καὶ
456 529 831 598 ἀγγελοειδῶν,
860 529 893 601 ἢ
931 530 1057 602 περὶ
1092 531 1189 601 τὴν
1226 532 1322 601 τῆς
1359 530 1755 599 άγγελοειδείας

1870 545 2118 585 sonorum
2151 539 2203 585 et
2234 529 2686 598 angeliformium,
2711 539 2805 584 aut
2829 530 3127 587 identltatls
3165 536 3418 604 angelicm

180 624 485 693 ταύτότητα
508 619 739 689 ἔλλειψις
766 621 857 674 καὶ¹
876 621 1126 675 ἀσθένειά
1148 620 1282 675 ἐστι.
1308 619 1463 690 Λέγω
1482 619 1537 673 δέ
1559 622 1641 674 ὅτι
1662 620 1755 673 καὶ

1870 623 2041 675 ὀι-ωας
2069 632 2153 677 est
2176 622 2403 678 defectio
2428 632 2482 676 ct
2506 623 2865 677 imbecillitas.
2894 624 3023 678 Dico
3050 635 3229 679 autem
3256 627 3417 681 etiam

181 711 329 771 οὗτοι
351 714 444 767 τοῦ
467 711 671 780 ἀγαθοῦ
690 711 949 781 ἐφίενται,
967 710 1099 765 καθὸ
1119 710 1211 764 τοῦ
1235 706 1390 775 εἶναι,
1409 710 1614 764 καὶτοῦ
1634 710 1750 780 ζῇν,

184 807 281 860 καὶ
300 805 392 860 τοῦ
416 808 553 858 νοεῖν
579 804 854 874 ἐφίενται·
886 805 980 858 καὶ
1016 803 1074 869 ἐξ
1112 805 1433 875 ἀποφάσεως
1471 804 1750 873 ἐπιχειρεῖ’

184 900 249 953 El
288 900 387 953 οὐκ
421 898 659 969 ἐφίενται
695 898 789 952 τοῦ
816 897 1040 967 ἀγαθοῦ,
1069 898 1310 967 ἐφίενται
1341 895 1434 949 τοῦ
1473 896 1547 968 μὴ
1580 897 1750 961 ὄντος·

185 993 281 1047 καὶ
318 993 475 1047 τοῦτο
514 993 697 1063 ἔφεσις
735 993 839 1046 οὐκ
872 992 1039 1055 ἐστιν,
1061 990 1284 1061 οὐδεμία
1316 986 1424 1063 γὰρ
1446 990 1629 1060 ἔφεσίς
1646 1006 1755 1043 τισι

182 1081 281 1135 τοῦ
326 1084 400 1155 μὴ
436 1081 592 1149 εἶναι,
616 1083 749 1139 ἀλλά
770 1085 1066 1157 φθαρῆναι·
1089 1083 1201 1137 ἀλλ’
1224 1082 1462 1155 ἁμαρτία
1482 1082 1639 1137 τοῦτο
1656 1082 1757 1153 τῆς

184 1175 357 1241 ὅντως
377 1176 634 1247 ἐφέσεως.

252 1269 286 1340 §
308 1267 522 1323 XXXV.
553 1269 768 1343 Ἐπειδὴ
789 1264 961 1334 εἶπεν,
982 1270 1063 1324 ὅτι
1082 1270 1143 1324 τὸ
1161 1268 1599 1326 κακδνάσθένειά
1618 1270 1754 1335 ἐστι,

185 1363 285 1414 καὶ
304 1362 535 1433 ἔλλειψις
553 1363 647 1417 τοῦ
670 1365 730 1418 ἐν
746 1362 959 1434 ἑκάστῳ
974 1362 1200 1432 ἀγαθοῦ,
1220 1364 1332 1416 ἔστι
1352 1362 1407 1415 δὲ
1428 1362 1485 1415 ἐν
1504 1361 1612 1416 τῶν
1631 1363 1760 1431 ἀγα-

185 1451 302 1507 θῶν
330 1454 423 1508 καὶ
458 1456 488 1525 ἡ
509 1455 617 1508 τῶν
638 1454 818 1509 καλῶν
834 1456 1053 1525 γνῶσις,
1077 1457 1170 1509 καὶ
1189 1454 1468 1509 ἀκολουθεῖ
1488 1446 1757 1518 ἐντεῦθεν,

184 1546 372 1599 πᾶσαν
391 1545 488 1617 τὴν
509 1546 596 1600 διά
620 1547 869 1619 πράξεως
903 1548 1173 1620 ἁμαρτίαν
1207 1548 1450 1616 γίνεσθαι
1484 1550 1542 1601 ἐν
1574 1548 1640 1617 τῇ
1674 1548 1761 1601 ἐλ-

184 1635 363 1706 λείψει
395 1638 493 1709 τῆς
527 1640 780 1711 τοιαύτης
803 1640 1083 1710 γνώσεωςο
1110 1638 1226 1703 πῶς
1246 1640 1356 1713 ἔχει
1376 1639 1459 1704 τὸ,
1491 1641 1627 1694 Οὐαὶ
1645 1641 1758 1703 τοῖς

186 1728 251 1781 ἐν
287 1726 483 1796 γνώσει
517 1731 913 1804 ἁμαρτάνουσιῑ
939 1730 1032 1786 καὶ
1051 1730 1131 1795 τὸ,
1161 1731 1215 1784 '0
1240 1730 1409 1798 εὶὸὼς
1439 1730 1504 1785 τὸ
1534 1734 1763 1801 θέλημα

187 1823 301 1877 τοῦ
332 1825 553 1892 Κυρίου
580 1825 791 1891 αὐτοῦ,
820 1824 919 1878 καὶ
935 1824 1020 1895 μὴ
1045 1823 1229 1878 ποιῶν
1252 1824 1419 1889 αὐτὸ,
1439 1823 1762 1893 δαρήσεται

1855 714 1955 768 bos
1975 712 2176 767 bonum
2208 715 2536 778 desiderare,
2568 712 2621 767 in
2650 723 2910 782 quantum
2933 724 2981 769 el
3014 730 3131 770 esse
3159 725 3214 771 et
3239 718 3417 773 vivere

1854 815 1909 859 et
1954 803 2251 875 intelligere
2302 805 2638 869 desiderant;
2669 814 2722 860 et
2762 820 2827 861 ex
2872 808 3176 863 assertione
3205 811 3418 864 conclu-

1856 897 1973 950 dit:
2014 895 2070 950 Si
2106 912 2212 950 non
2246 897 2561 953 desiderant
2602 901 2825 965 bonum,
2853 902 3168 957 desiderant
3199 904 3249 957 id
3276 904 3419 974 quod

1854 984 2019 1058 ἀπ
2058 1002 2165 1042 non
2195 997 2310 1052 est;
2344 997 2398 1042 et
2438 990 2539 1043 hoc
2578 1004 2681 1044 non
2714 1000 2796 1045 est
2822 992 3168 1056 desiderium,
3214 996 3418 1051 nullum

1856 1079 1999 1132 enim
2035 1078 2376 1149 quibuspiam
2417 1079 2739 1136 desiderium
2785 1091 2867 1138 est
2912 1099 3017 1139 non
3056 1088 3293 1154 essendi,
3325 1090 3421 1146 sed

1857 1173 2166 1242 corrumpi;
2195 1185 2250 1230 at
2279 1175 2379 1229 hoc
2408 1182 2493 1231 est
2519 1190 2672 1230 error
2700 1177 2815 1230 veri
2847 1178 3117 1234 desiderii.

1929 1263 1957 1337 §
1998 1265 2215 1321 XXXV.
2242 1267 2377 1323 Cum
2404 1268 2622 1333 dixerit,
2651 1268 2848 1323 malum
2873 1271 2927 1324 in
2962 1287 3281 1344 unoquoque
3302 1290 3423 1332 esse

1860 1354 2280 1411 imbecillitatem
2328 1368 2386 1412 et
2428 1358 2788 1414 defectionem
2836 1360 2983 1426 boni,
3015 1363 3277 1418 bonorum
3326 1383 3423 1418 mt-

1859 1455 1967 1502 tem
1997 1448 2371 1519 malorumque
2396 1450 2466 1505 sit
2492 1466 2597 1503 una
2626 1451 2885 1520 cognitio,
2915 1462 2969 1505 et
2996 1453 3119 1509 hinc
3142 1468 3420 1525 sequatur,

1860 1554 2021 1595 omne
2052 1536 2331 1608 peccatum
2358 1540 2584 1595 actionis
2612 1542 2727 1597 fieri
2756 1543 2965 1598 defectu
3003 1544 3305 1601 istiusmodi
3330 1564 3426 1604 co-

1861 1630 2151 1700 gnitionis;
2196 1632 2467 1699 quomodo
2504 1630 2763 1688 subsistet
2797 1634 2925 1688 illud
2965 1652 2978 1689 :
3022 1636 3113 1689 Va
3148 1640 3423 1703 peccanti-

1861 1721 1961 1775 bus
1987 1736 2111 1775 cum
2161 1721 2502 1789 cognitione!
2550 1733 2604 1776 et
2648 1717 2780 1777 illud
2828 1743 2841 1778 :
2882 1723 3064 1779 Sciens
3108 1727 3423 1781 voluntatem

1862 1810 2208 1873 Domini-sui,
2240 1820 2289 1863 et
2321 1827 2422 1864 non
2455 1811 2653 1881 faciens
2683 1830 2820 1881 eam,
2848 1815 3111 1884 vapulabit
3138 1817 3316 1871 multis
3343 1815 3406 1870 ’ἲ

187 1914 449 1982 πολλάς
472 1915 610 1969 ὥστε
633 1917 707 1988 μὴ
728 1917 1022 1988 γενομένης
1041 1917 1141 1987 τῆς
1157 1916 1251 1971 τοῦ
1273 1916 1437 1972 καλοῦ
1454 1916 1756 1987 ἐλλείψεως,

1870 1920 1971 1959 non
1994 1905 2111 1960 sine
2137 1902 2259 1957 boni
2287 1918 2380 1957 seu
2405 1906 2726 1975 cognitionis
2750 1906 2960 1963 defectu
2994 1917 3273 1976 peccatum
3309 1910 3424 1964 fieri

186 2008 434 2077 δηλονότι
474 2008 575 2079 τῆς
613 2008 940 2081 γνώσεως,ή
980 2010 1219 2081 ἁμαρτία
1252 2011 1461 2080 πέφυκε
1494 2010 1760 2080 γίνεσθαι.

187 2099 522 2171 θαυμασίως
548 2100 678 2171 γοῦν
699 2101 813 2155 λύει
845 2102 905 2155 τὸ
937 2102 1158 2173 ἄπορον,
1178 2105 1262 2156 ὅτι
1290 2098 1509 2157 κάκεῖσε
1534 2101 1764 2171 ἔλλειψίς

188 2209 277 2257 τις
297 2192 593 2257 ἀκολουθεῖ,
613 2192 705 2247 καὶ
721 2193 971 2247 ἀσθένεια
987 2208 1000 2223 ⁶
1024 2191 1305 2247 ἀσθενοῦσι
1336 2194 1444 2264 γὰρ
1470 2196 1707 2249 κάκεῖνοι
1730 2196 1763 2269 ἢ

189 2285 325 2357 περὶ
358 2285 457 2357 τὴν
493 2286 690 2349 πίστιν,
714 2286 789 2351 ὡς
823 2285 1107 2350 ἀκούοντες
1127 2287 1244 2357 μὲν,
1374 2286 1583 2358 ἔχοντες
1606 2288 1660 2341 δὲ
1681 2306 1768 2341 τε-

191 2373 345 2429 λείαν
384 2374 564 2428 πίστιν
600 2374 709 2428 τῶν
747 2376 1079 2447 λεγομένων·
1124 2377 1158 2449 ἢ
1201 2378 1326 2451 περὶ
1358 2378 1457 2451 τὴν
1492 2378 1769 2450 ἐνέργειαν

191 2466 336 2520 κατά
356 2467 455 2539 τὴν
478 2466 832 2540 παρατροπὴν
852 2468 953 2539 τῆς
974 2468 1226 2540 ὀρέξεως,
1247 2469 1368 2525 καθ’
1392 2471 1457 2542 ἣν
1492 2469 1561 2523 οὐ.
1586 2469 1768 2541 βούλε-

188 2557 287 2611 ταί
306 2575 387 2621 τις
410 2558 470 2612 τὸ
481 2556 704 2627 ἀγαθὸν,
727 2559 862 2613 ἀλλά
886 2559 946 2613 τὸ
964 2560 1151 2614 κακόνο
1176 2562 1399 2616 καθόλου
1421 2562 1528 2635 γὰρ
1546 2563 1574 2615 ό
1600 2562 1767 2616 ποιῶν

189 2653 257 2706 τὸ
296 2654 465 2707 κακον
493 2652 813 2722 δι’ἐλλειψιν
846 2656 987 2708 ποιεῖ
1006 2653 1183 2721 τοῦτο,
1207 2655 1239 2727 ἢ
1266 2656 1368 2727 τῆς
1390 2656 1640 2724 γνώσεως
1668 2657 1766 2728 τῆς

188 2744 450 2817 διδακτῆς
500 2745 776 2815 δηλονότι,
818 2744 884 2818 ῆν
928 2746 1021 2800 καὶ
1064 2746 1198 2819 λήθη
1252 2747 1505 2813 πολλάκις
1550 2748 1768 2803 δύναται

189 2837 546 2910 ἀμαυρῶσαι,
566 2840 631 2910 ῆν
655 2838 746 2900 καὶ
768 2838 1021 2911 ἀνωτέρω
1040 2839 1141 2911 ἔφη
1163 2839 1223 2905 ἐξ
1243 2841 1409 2913 ἀκοῆς
1429 2840 1736 2910 ἐγγίνεσθαι
1750 2857 1763 2870 ’

189 2926 227 2998 ἢ
252 2926 355 2996 τῆς
376 2926 609 2999 ἀλήστου
632 2926 903 2997 γνώσεως,
924 2928 1165 3000 δηλονότι
1185 2931 1283 3001 τῆς
1301 2933 1365 2984 ἐκ
1383 2930 1617 3003 φυσικῆς
1639 2933 1772 2986 θεω-

194 3016 345 3088 ρίας,
368 3017 401 3089 ἢ
425 3018 742 3091 ἐλλάμψεως
775 3012 1072 3085 ἀδιδάκτως
1109 3023 1568 3097 προσγινομένης³
1605 3023 1639 3095 ἢ
1671 3023 1772 3101 τῆς

191 3109 457 3177 πίστεως,
478 3112 553 3176 ὼς
581 3112 795 3167 ἀκούων
818 3113 938 3183 μὲν,
965 3114 1039 3186 μὴ
1070 3113 1209 3185 ἔχων
1241 3115 1297 3168 δὲ
1323 3115 1533 3171 τελείαν
1563 3116 1662 3187 τὴν
1683 3117 1773 3173 πί-

194 3220 319 3258 στιν
357 3204 491 3276 πρὸς
523 3204 591 3258 τὰ
627 3204 920 3278 λεγόμενα·
960 3206 993 3277 ἢ
1028 3207 1125 3278 τῆς
1166 3207 1421 3277 ἐφέσεως,
1460 3210 1541 3263 ὅτι
1585 3209 1771 3275 κακῶς

1865 2001 2055 2067 possit.
2094 1997 2325 2056 Mirabili
2378 2014 2509 2055 sane
2548 1999 2707 2053 modo
2757 1999 2980 2053 resolvit
3030 2004 3381 2066 quaestionem
3408 2043 3423 2063 ,

1865 2090 2008 2158 quod
2054 2090 2310 2155 nimirum
2340 2092 2428 2145 hic
2462 2092 2626 2145 etiam
2660 2091 2984 2145 interveniat
3018 2092 3247 2147 defectio
3277 2108 3425 2159 quite-

1865 2179 1987 2234 dam
2015 2190 2177 2249 atque
2212 2180 2592 2248 imbecillitas;
2622 2182 2878 2251 quoniam
2914 2180 2988 2237 illi
3026 2199 3241 2253 quoque
3282 2184 3430 2239 infir-

1865 2278 2083 2324 mantnr
2115 2268 2194 2322 vel
2219 2269 2362 2325 circa
2394 2271 2572 2336 ﬁdem,
2614 2272 2686 2325 ita
2719 2275 2778 2326 'ut
2817 2273 3062 2338 audiant,
3093 2275 3185 2329 sed
3219 2276 3284 2329 iis
3310 2291 3429 2344 qua:

1867 2361 2118 2414 dicuntur
2165 2359 2373 2431 ﬁrmam
2421 2360 2581 2417 ﬁdem
2626 2378 2729 2416 non
2776 2363 3100 2431 adhibeant;
3155 2366 3237 2420 vel
3279 2366 3427 2422 circa

1865 2452 2278 2521 operationem,
2326 2455 2623 2510 secundum
2665 2455 2919 2511 desiderii
2975 2459 3382 2526 perversitatem
3408 2500 3426 2525 ,

1867 2547 2011 2614 quod
2048 2545 2179 2602 velit
2215 2548 2336 2616 quis
2375 2564 2480 2603 non
2517 2548 2740 2613 bonum,
2770 2549 2860 2604 sed
2889 2549 3109 2617 malum;
3139 2553 3427 2607 universim

1868 2640 2014 2695 enim
2054 2641 2145 2711 qui
2197 2640 2327 2696 facit
2353 2642 2574 2708 malum,
2607 2653 2829 2714 propter
2853 2643 3125 2699 defectum
3167 2643 3218 2699 id
3266 2643 3427 2710 facit,

1869 2730 1953 2784 vel
1989 2730 2315 2801 cognitionis
2351 2731 2559 2788 scilicet
2591 2734 2930 2800 doctrinnlis,
2973 2749 3135 2805 quam
3164 2733 3249 2789 vel
3293 2734 3433 2789 obli-

1869 2824 1957 2878 vio
1982 2837 2356 2891 saepenumero
2378 2824 2693 2881 oblitterare
2723 2836 2921 2897 potest,
2950 2842 3115 2897 quam
3140 2827 3306 2883 etiam
3346 2841 3435 2882 su-

1870 2902 2051 2984 perius
2086 2915 2223 2971 dixit
2254 2931 2323 2971 ex
2362 2918 2549 2972 auditu
2589 2917 2929 2988 ingenerari;
2962 2918 3048 2974 vel
3093 2918 3309 2989 liquide
3336 2934 3432 2976 co-

1871 3006 2150 3077 gnitionis,
2175 3022 2297 3077 quas
2325 3008 2581 3064 nimirum
2612 3022 2680 3063 ex
2707 3009 2935 3064 naturali
2964 3010 3314 3066 meditatione
3342 3020 3437 3066 aut

1872 3104 2237 3160 illustratione
2274 3105 2392 3161 sine
2433 3106 2658 3161 doctore
2702 3106 2964 3172 inlueret;
2989 3107 3073 3163 vel
3106 3107 3252 3173 ﬁdei,
3277 3108 3351 3163 ita
3376 3112 3438 3163 ut

1872 3194 1994 3264 quis
2017 3195 2203 3250 audiat
2231 3196 2473 3266 quidem,
2505 3197 2599 3253 sed
2621 3212 2726 3253 non
2748 3199 2986 3268 perfecte
3011 3198 3199 3255 credat
3227 3215 3291 3254 ea
3317 3215 3441 3270 qua

193 3274 412 3367 ἐφίεται
451 3299 543 3353 καὶ
578 3274 880 3371 ἁμαρτάνει
918 3274 1044 3372 περὶ
1198 3274 1382 3371 ἔφεσιν
1404 3318 1417 3333 ο
1443 3303 1474 3375 ἢ
1498 3304 1596 3375 τῆς
1616 3307 1770 3377 ἐνερ-

1873 3287 2156 3355 dicuntur;
2191 3288 2273 3343 vel
2311 3289 2589 3356 desiderii,
2628 3298 2687 3345 ut
2727 3293 2943 3361 quando
2973 3292 3097 3362 quis
3126 3293 3268 3349 male
3297 3295 3439 3348 desi—

194 3392 357 3461 γείας
394 3390 486 3444 τοῦ
521 3391 749 3461 ἀγαθοῦ,
782 3391 857 3457 ὡς
895 3393 1212 3465 βουλόμενος
1252 3394 1350 3466 μὲν
1392 3397 1677 3468 ἐνεργῆσαι
1712 3396 1774 3450 τδ

193 3484 427 3555 ἀγαθὸν,
453 3484 870 3556 ἐμποδιζόμενος
901 3486 958 3539 δὲ
984 3487 1071 3540 διά
1092 3504 1143 3541 τι
1159 3504 1171 3517 ·
1198 3486 1433 3542 ὅθεν-καὶ
1454 3489 1561 3543 ἀπὸ
1584 3490 1772 3545 τούτου

195 3578 473 3640 εἰσϐάλλει
494 3564 716 3651 ἀπορίας
736 3580 947 3645 Καίτοι,
971 3580 1101 3651 φαίη
1117 3598 1198 3645 τις
1221 3581 1307 3646 ἂν,
1333 3584 1688 3652 συγγνωστὸν,
1712 3585 1772 3638 οὐ

193 3671 511 3742 τιμωρητδν
532 3673 564 3742 ἡ
584 3672 856 3727 ἀσθένεια.
876 3673 1011 3725 Ἀλλ’
1030 3674 1189 3737 εὐθὺς
1210 3675 1243 3746 ή
1268 3673 1437 3740 λύσις.
1464 3676 1525 3729 El
1556 3675 1653 3747 μὲν
1676 3677 1776 3731 οὐκ

193 3762 424 3833 εἴχομεν
458 3763 520 3816 τὸ
552 3758 833 3828 δύνασθαι,
852 3765 1029 3829 καλῶς
1050 3765 1114 3819 ἂν
1136 3762 1278 3837 εἶχεν
1299 3768 1328 3820 ό
1358 3767 1542 3836 λόγος’
1570 3769 1691 3821 ἐπεὶ
1720 3769 1776 3822 δέ

194 3856 266 3906 ἐκ
288 3852 384 3905 τοῦ
408 3852 610 3921 ἀγαθοῦ
636 3856 765 3925 ἡμῖν
786 3854 846 3906 τὸ
867 3853 1140 3919 δύνασθαι,
1166 3856 1265 3909 οὐκ
1288 3855 1567 3911 ἐπαινετὸν
1595 3859 1628 3927 ή
1649 3858 1779 3929 περὶ

193 3945 261 3998 τὸ
303 3944 506 4013 ἀγαθὸν
543 3945 983 4016 ἀμαρτία.“Αλλά
1016 3947 1185 4000 ταῦτα
1224 3948 1322 4020 μὲν
1359 3949 1415 4001 ἐν
1453 3948 1622 4020 ἑτέρῳ
1648 3965 1778 4017 συγ-

196 4040 493 4111 γράμματι
515 4039 853 4109 διελάδομεν,
876 4040 997 4093 καθ’
1020 4041 1086 4111 ἣν
1122 4042 1497 4113 πραγματείαν
1518 4043 1611 4095 καὶ
1632 4043 1779 4115 ἠγω-

195 4129 474 4200 νισάμεθα
512 4130 645 4200 πρὸς
673 4131 799 4194 τοὺς
823 4130 1171 4202 περὶτούτων
1196 4132 1536 4201 σοφιστικοὺς
1556 4132 1651 4185 καὶ
1672 4149 1777 4185 πα-

199 4224 485 4297 ράφρονας
526 4224 714 4293 λόγους
734 4241 746 4253 ·
774 4224 869 4277 νῦν
906 4225 962 4278 δέ
997 4226 1127 4297 ἡμῖν
1159 4224 1468 4296 ἀρκούντως
1497 4225 1558 4277 τὸ
1580 4225 1779 4293 ἀγαθὸν

200 4308 469 4379 ὕμνηται,
492 4307 567 4372 ὡς
591 4308 807 4362 πάντων
833 4308 941 4363 τῶν
975 4309 1191 4379 ἀγαθῶν
1214 4308 1401 4374 αῐτιον,
1426 4311 1517 4363 καὶ
1555 4309 1661 4363 τῶν
1682 4327 1783 4363 κα-

198 4400 321 4455 κῶν
340 4400 577 4453 ἀναίτιον
594 4384 607 4430 λ
630 4400 704 4464 ὼς
725 4400 1002 4466 εἰδοποιδν,
1027 4402 1119 4455 καὶ
1151 4402 1226 4466 ὼς
1260 4402 1431 4472 πέρας
1450 4401 1557 4455 τῶν
1575 4401 1741 4455 ὄντων
1761 4419 1775 4433 ·

198 4491 385 4562 πέρας
402 4490 460 4544 δέ
483 4492 541 4544 οὐ
566 4492 814 4561 φυσικὸν,
828 4492 969 4549 ἀλλὰ
991 4493 1377 4568 δημιουργικὸν
1398 4492 1477 4564 (τὸ
1496 4493 1605 4565 γὰρ
1624 4509 1781 4563 φυσι-

198 4582 302 4635 κδν
322 4582 500 4654 πέρας
520 4585 579 4637 ἐν
600 4581 677 4654 τῷ
697 4585 1085 4657 περατουμένῳ
1103 4586 1239 4651 ἐστὶ,
1263 4586 1337 4651 ὼς
1361 4586 1393 4658 ἡ
1418 4585 1617 4658 στιγμὴ
1633 4588 1691 4640 ἐν
1711 4586 1779 4657 τῇ
1815 4616 1858 4673 ο

197 4677 443 4746 γραμμῇ
525 4675 601 4740 ὡς
628 4676 720 4730 καὶ
739 4676 876 4732 αὐτά
893 4677 962 4731 τὰ
988 4678 1129 4732 κακὰ
1160 4677 1446 4747 ἀγαθῦνον,
1472 4678 1565 4733 καὶ
1582 4678 1661 4732 ὅτι
1680 4680 1781 4732 πᾶ-

202 4764 296 4819 σίν
317 4766 467 4820 ἐστιν
488 4766 699 4836 ἐφετὸν,
723 4768 817 4822 καὶ
835 4769 936 4824 ὅσα
956 4769 1091 4825 ἄλλα
1109 4770 1136 4823 ό
1157 4769 1313 4839 λόγος
1334 4767 1602 4836 ἀπέδειξε.

1874 3380 2029 3435 derat
2068 3390 2125 3435 et
2170 3394 2361 3453 peccat
2406 3385 2550 3441 circa
2590 3385 2953 3452 desiderium;
2988 3386 3073 3441 vel
3106 3386 3439 3455 operationis

1877 3472 2045 3536 bona,
2076 3471 2149 3526 ita
2176 3482 2236 3527 ut
2263 3473 2393 3529 velit
2434 3476 2651 3546 quidem
2696 3477 2895 3533 bonum
2932 3491 3112 3548 agere,
3154 3488 3213 3532 re
3258 3488 3439 3534 autem

1874 3564 2127 3635 quapiam
2170 3567 2553 3636 praepediatur,
2585 3569 2729 3624 unde
2770 3570 2935 3624 etiam
2969 3569 3097 3625 hinc
3136 3570 3312 3625 oritur
3348 3570 3440 3625 de-

1876 3659 2068 3715 fectus.
2095 3661 2255 3732 Atqui
2286 3663 2428 3718 dicet
2456 3662 2673 3734 aliquis,
2703 3662 3111 3720 condonandam
3140 3679 3261 3721 esse
3288 3664 3438 3719 lnflrc

1877 3754 2143 3818 mitatem,
2173 3763 2224 3808 et
2254 3755 2475 3811 minime
2504 3756 2851 3826 puniendam.
2882 3758 2962 3813 En
2992 3758 3043 3812 in
3074 3770 3323 3829 promptu
3353 3772 3416 3815 ιο

1877 3842 2027 3899 lutio.
2054 3844 2331 3913 Siquidem
2370 3845 2602 3902 facultas
2637 3862 2744 3902 non
2788 3858 3119 3918 suppeteret,
3150 3859 3297 3904 reete
3330 3850 3406 3904 uti

1875 3950 1980 4006 que
2024 3937 2077 3991 id
2122 3934 2427 4007 diceretur;
2476 3956 2597 3995 cum
2645 3952 2826 3997 autem
2874 3956 2943 3996 ex
2994 3941 3136 3996 bono
3178 3941 3331 3996 nobis
3371 3943 3442 3997 sit

1878 4044 2057 4099 posse,
2108 4046 2451 4102 nequaquam
2498 4033 2780 4091 laudabilis
2823 4042 2909 4090 est
2951 4034 3133 4104 lapsus
3171 4037 3317 4094 circa
3349 4037 3443 4089 bo-

1878 4140 2029 4180 num.
2057 4122 2254 4180 Verum
2287 4126 2403 4181 haec
2434 4126 2485 4181 in
2517 4134 2747 4182 tractatu
2774 4128 3005 4198 quodam
3036 4128 3143 4182 alio
3174 4127 3442 4197 explicui-

1879 4232 2020 4282 mus,
2056 4216 2108 4272 in
2148 4231 2255 4288 quo
2289 4226 2517 4273 tractatu
2556 4220 2917 4289 quorumdam
2947 4220 3219 4290 captiosas
3245 4229 3299 4275 et
3333 4230 3441 4275 sto-

1880 4305 2014 4360 lidas
2040 4308 2278 4363 rationes
2313 4309 2775 4379 impugnavimus;
2805 4308 2918 4377 jam
2950 4325 3080 4367 vero
3105 4324 3135 4364 a
3175 4311 3333 4365 nobis
3357 4326 3417 4367 se

1882 4399 1951 4453 tis
1989 4399 2263 4455 laudatum
2320 4410 2402 4455 est
2453 4402 2675 4469 bonum,
2728 4411 2786 4455 ut
2836 4418 3002 4459 causa
3055 4411 3138 4460 est
3180 4403 3443 4458 bonorum

1880 4490 2147 4555 omnium,
2185 4500 2240 4545 et
2275 4490 2476 4545 nullius
2512 4490 2671 4556 mali;
2701 4500 2759 4544 ut
2782 4500 2864 4546 est
2886 4506 3051 4547 causa
3092 4492 3280 4547 formae
3307 4492 3443 4545 etfa-

1883 4584 2023 4640 ctrix
2046 4599 2112 4639 ac
2142 4584 2265 4639 linis
2294 4597 2499 4649 rerum,
2532 4583 2657 4641 linis
2691 4594 2873 4639 autem
2898 4598 3007 4640 non
3038 4584 3323 4652 naturalis,
3349 4586 3447 4640 sed

1885 4674 2122 4732 elﬁciens
2152 4677 2441 4746 (terminus
2469 4676 2614 4731 enim
2648 4675 2910 4732 naturalis
2940 4685 3024 4731 est
3053 4677 3105 4731 in
3132 4677 3442 4737 terminato,

1885 4770 2025 4824 sicut
2053 4778 2310 4837 punctum
2336 4768 2389 4824 in
2427 4767 2626 4840 linea);
2653 4777 2713 4824 ut
2735 4769 2826 4839 qul
2856 4769 3020 4825 etiam
3051 4770 3274 4839 ipsamet
3306 4768 3446 4821 mala

196 4858 352 4914 bene
382 4860 577 4927 reddit,
597 4870 653 4916 et
673 4861 763 4927 qui
786 4864 1035 4921 omnibus
1064 4864 1133 4920 sit
1158 4862 1489 4933 expetendus
1515 4871 1571 4918 et
1596 4862 1859 4920 amandus
1914 4872 1969 4918 et
2013 4862 2336 4934 diligendus,
2389 4876 2443 4918 et
2476 4876 2812 4934 quicumque
2865 4862 2966 4916 alia
3011 4860 3186 4915 oratio
3228 4861 3450 4915 demon-

199 4955 427 5011 stravit.

316 5149 361 5175 ⁸
386 5140 524 5203 Luc.
558 5160 659 5203 xu.
690 5144 759 5203 47
