4186 6308
244 350 350 402 81⁸1

1328 344 1412 398 DE
1446 342 1693 399 DIVINIS
1723 342 2114 410 NOMINIBUS,
2147 342 2301 400 CAP.
2337 342 2400 396 ν.

3357 344 3464 401 818

240 460 401 532 ἡμῶν
437 458 831 529 ὲξυμνουμὲνας
868 457 1198 528 οεωνυμίας·
1245 457 1337 510 καὶ
1388 458 1484 529 τὴν
1529 459 1625 529 μὲν
1664 454 1797 511 εῖναι

1830 470 1875 524 Α
1904 458 2183 525 pientiam,
2234 471 2405 524 neque
2457 452 2651 508 multas
2695 469 2911 519 causas.
2953 463 3009 510 et
3039 454 3176 513 alias
3218 456 3449 511 aliorum

238 549 346 618 τῆς
392 546 681 611 παντελοῦς
735 545 828 599 τοῦ
887 547 1003 609 ἐνὸς
1051 545 1183 599 Θεοῦ
1234 546 1484 615 προνοίας
1544 548 1801 614 ὲκφαντι-

240 638 350 708 stipi
370 638 438 702 “,
461 636 557 701 τὰς
581 637 635 690 δὲ
678 636 785 689 τῶν
822 636 1156 706 ὁλικωτέρων
1193 635 1285 687 τοῦ
1312 634 1473 688 αὑτοῦ
1521 634 1611 687 καὶ
1651 650 1804 705 μερι-

240 730 516 802 κωτέριιη.

1905 548 2213 602 eilectrices
2239 546 2569 610 divinitates,
2598 546 2923 614 superiores,
2942 555 2996 602 et
3031 545 3333 611 inferiores,
3365 546 3459 598 scil

1906 640 2068 696 unius
2110 640 2203 694 Dei
2254 642 2532 695 universas
2568 639 2739 695 bonas
2770 638 3164 704 emanationes,
3197 646 3253 693 et
3282 638 3456 691 nomi-

1908 734 2164 788 nationes
2191 732 2283 787 Dei
2319 748 2348 786 a
2378 732 2529 787 nobis
2559 731 2833 797 laudatas;
2866 743 3027 803 atque
3053 748 3211 787 unam
3238 731 3453 801 quidem

237 837 387 886 esse,
426 836 546 889 qua:
576 831 738 876 totam
770 820 1160 892 providentiam
1207 821 1367 877 unius
1398 822 1488 879 Dei
1522 821 1791 888 declarat;
1830 823 1973 882 alias
2000 840 2147 889 vero,
2169 840 2290 895 qua
2320 824 2488 896 magis
2536 834 2589 879 et
2620 825 2798 880 minus
2850 824 3125 893 generales
3177 823 3461 893 providen-

237 918 349 970 tias
378 914 721 984 patefaciunt.

312 1197 505 1252 Καίτοι
527 1196 657 1267 φαίη
681 1216 763 1260 τις
786 1215 799 1228 °
855 1197 994 1255 ’AvO‘
1038 1198 1179 1259 ὅτου,
1211 1195 1304 1251 τοῦ
1345 1197 1495 1262 ὄντος
1532 1196 1628 1267 τὴν
1654 1196 1801 1269 ζωὴν

236 1287 335 1342 καὶ
376 1288 473 1358 τῆς
518 1284 661 1356 ζωῆς
688 1288 785 1357 τὴν
822 1289 1009 1358 σοφίαν
1046 1289 1557 1360 ὑπερεκτεινομὲνην
1580 1291 1647 1353 ⁸⁵,
1691 1290 1800 1342 τῶν

232 1380 410 1434 ὄντων
436 1380 531 1452 μὲν
555 1378 625 1431 τὰ
649 1379 846 1443 ζῶντα,
888 1380 995 1433 τῶν
1036 1380 1092 1434 δὲ
1134 1382 1235 1434 ὅσα
1266 1378 1331 1451 ζῇ
1373 1380 1443 1433 τὰ
1486 1380 1798 1450 αἰσθητικὰ,

234 1475 335 1528 καὶ
356 1473 559 1525 τούτων
584 1472 653 1524 τὰ
678 1471 889 1540 λογικὰ,
916 1474 1006 1525 καὶ
1030 1472 1136 1525 τῶν
1160 1472 1387 1539 λογικῶν
1414 1475 1460 1525 οί
1488 1472 1604 1536 νόες
1632 1473 1801 1542 ὑπερ-

233 1566 446 1636 έχουσι,
480 1564 573 1616 καὶ
599 1564 725 1633 περὶ
748 1562 877 1616 Θεόν
903 1564 1028 1628 εἰσι,
1058 1565 1151 1617 καὶ
1180 1563 1377 1633 μᾶλλον
1401 1563 1545 1633 αὐτῷ
1576 1564 1801 1636 πλησιά-

234 1656 427 1721 ζουσι;
455 1654 644 1707 Καίτοι
668 1652 770 1706 ἔδει
795 1652 861 1705 τὰ
884 1652 992 1705 τῶν
1032 1653 1288 1723 μειζόνων
1311 1654 1375 1706 ἐκ
1413 1655 1545 1708 Θεοῦ
1580 1656 1797 1727 δωρεῶν

1977 1191 2177 1247 Verum
2206 1190 2350 1248 dicet
2379 1188 2615 1258 aliquis:
2646 1187 2783 1244 Cum
2813 1204 2913 1244 ens
2958 1204 3121 1260 quam
3171 1191 3300 1257 vita,
3328 1193 3461 1248 vita-

1905 1302 2011 1356 que
2052 1300 2213 1354 quam
2240 1283 2505 1353 sapientia
2537 1282 2698 1336 latius
2734 1290 2936 1352 pateat,
2964 1296 3062 1338 cur
3090 1285 3307 1341 cutibus
3335 1271 3459 1354 qui—

1903 1375 2027 1429 dem
2069 1375 2329 1441 viventia,
2353 1374 2663 1429 viventibus
2690 1388 2821 1429 vero
2859 1374 3145 1440 scrisitiva,
3188 1385 3348 1445 atque
3380 1378 3461 1431 his

1905 1467 2212 1531 rationalia,
2240 1476 2295 1521 et
2330 1466 2687 1521 rationalibus
2721 1466 2823 1535 ipsi
2856 1467 3081 1535 spiritus
3110 1467 3460 1534 antecellunt,

1902 1567 1959 1613 et
2001 1560 2144 1613 circa
2186 1558 2353 1613 Deum
2384 1565 2692 1622 versantur,
2738 1556 2921 1627 illique
2951 1560 3123 1629 magis
3171 1559 3463 1629 appropin-

1902 1651 2106 1721 quant?
2132 1652 2294 1721 Atqui
2326 1650 2549 1705 decebat
2572 1665 2657 1716 ea,
2697 1666 2818 1719 quae
2856 1651 3061 1720 majora
3098 1651 3192 1705 Dei
3238 1666 3463 1705 munera

236 1747 533 1817 μετέχοντα
579 1748 671 1801 καὶ
713 1747 989 1819 κρείττονα
1029 1743 1163 1801 εἰναι
1186 1788 1201 1812 ,
1250 1749 1343 1801 καὶ
1388 1747 1495 1801 τῶν
1532 1748 1729 1802 λοιπῶν
1753 1750 1797 1781 ⁸⁸

1832 1722 2333 1812 Bparticipabant,
2390 1742 2606 1797 caeteris
2676 1756 2891 1811 quoque
2964 1752 3228 1812 prastare
3298 1752 3468 1823 atque.

232 1836 546 1907 ὑπερέχειν.
572 1836 709 1888 Ἀλλ’
740 1838 787 1889 εί
825 1836 924 1908 μὲν
959 1838 1179 1891 ἀνούσια
1215 1840 1307 1890 καὶ
1336 1838 1484 1901 ἄζωά
1507 1856 1591 1902 τις
1617 1839 1801 1892 ὑπετί-

231 1928 359 1981 θετο
400 1928 469 1982 τὰ
504 1928 683 1999 νοερὰ,
711 1929 890 1993 καλῶς
929 1930 994 1984 ἂν
1032 1926 1176 2001 εῖχεν
1216 1932 1243 1983 ὀ
1285 1930 1472 1999 λόγος·
1517 1932 1566 1984 sl
1612 1933 1669 1986 ἃ
1706 1934 1799 1986 καί

230 2021 373 2073 εἰσιν
405 2022 452 2071 οι
492 2013 635 2073 θεῖοι
659 2021 775 2084 νόες
817 2022 957 2093 ὑπὲρ
996 2021 1065 2075 τὰ
1105 2022 1264 2075 λοιπὰ
1301 2022 1461 2089 ὄντα,
1502 2025 1595 2077 καὶ
1637 2024 1800 2089 ζῶσιν

231 2108 378 2179 ὑπὲρ
419 2108 487 2162 τὰ
526 2109 661 2163 ἄλλα
698 2109 892 2174 ζῶντα,
938 2114 1029 2165 καὶ
1071 2112 1265 2175 νοοῦσι,
1307 2114 1400 2166 καὶ
1448 2114 1799 2183 γινώσκουσιν

230 2199 376 2269 ὑπὲρ
416 2200 661 2270 αἴσθησιν
693 2203 787 2255 καὶ
826 2202 999 2271 λόγον,
1038 2204 1130 2258 καὶ
1169 2203 1319 2275 παρὰ
1358 2207 1532 2261 πάντα
1568 2207 1636 2261 τὰ
1674 2208 1800 2262 ὄντα

227 2289 328 2343 τοῦ
357 2288 521 2343 καλοῦ
550 2293 641 2345 καὶ
667 2291 867 2360 ἀγαθοῦ
892 2293 1132 2363 ἐφίενται
1167 2295 1261 2348 καὶ
1289 2295 1621 2366 μετέχουσιν,
1650 2298 1800 2353 αὐτοὶ

233 2382 439 2451 μᾶλλον
483 2384 587 2436 είσι
626 2385 752 2456 περὶ
795 2385 1049 2455 τάγαθὸν,
1087 2389 1135 2441 οἰ
1212 2389 1485 2462 περισσῶς
1531 2392 1575 2424 ⁸⁷
1631 2392 1797 2447 αὐτοῦ

231 2474 575 2545 μετέχοντες,
604 2477 699 2531 καὶ
746 2479 960 2543 πλείους
984 2482 1077 2533 καὶ
1092 2483 1306 2553 μείζους
1328 2484 1387 2550 ἐξ
1408 2485 1569 2539 αὑτοῦ
1592 2485 1796 2558 δωρεὰς

227 2566 548 2636 εἰληφότες*
577 2567 763 2638 ῶσπερ
806 2572 897 2622 καὶ
922 2570 988 2623 τὰ
1027 2570 1215 2640 λογικὰ
1237 2574 1282 2603 ⁸⁸
1326 2574 1432 2626 τῶν
1470 2572 1797 2647 αἰσθητικῶν

228 2658 509 2729 ὑπερέχει,
536 2659 956 2715 πλεονεκτοῦντα
980 2667 1044 2734 τῇ
1071 2666 1351 2736 περισσεία
1380 2667 1474 2719 τοῦ
1500 2667 1677 2735 λόγου,
1706 2669 1797 2721 καὶ

227 2746 405 2799 ταῦτα
444 2750 511 2819 τῇ
555 2748 827 2820 αἰσθήσει,
874 2753 968 2804 καὶ
1016 2752 1150 2805 ἄλλα
1183 2757 1249 2824 τῇ
1294 2753 1429 2825 ζωῇ.
1477 2757 1585 2811 Καὶ
1627 2757 1793 2821 ἐστιν,

226 2837 306 2902 ὡς
336 2834 528 2911 οἴμαι,
574 2840 730 2894 τοῦτο
786 2842 1012 2915 ἀληθὲς,
1048 2846 1127 2899 ὅτι
1180 2846 1248 2900 τὰ
1306 2848 1501 2916 μᾶλλον
1541 2848 1634 2902 τοῦ
1678 2849 1793 2913 ea;

228 2931 325 2983 καὶ
406 2932 771 3005 ὰπειροδώρου
833 2935 967 2989 Θεοῦ
1042 2938 1330 3009 μετέχοντα
1392 2941 1588 3011 μᾶλλόν
1659 2944 1795 2995 εἰσιν

226 3022 385 3107 αὐτῷκ
429 3023 781 3097 πλησιαίτερα
813 3028 861 3060 ³⁸
929 3030 1022 3082 καὶ
1066 3029 1308 3103 θειότερα
1352 3031 1461 3086 τῶν
1503 3032 1791 3088 ἀπολειπο-

231 3116 429 3186 μένων.

1900 1835 2244 1892 αηιεωιιοτο.
2273 1833 2330 1888 ld
2358 1835 2546 1905 utique
2582 1843 2731 1889 recte
2766 1832 3059 1901 diceretur,
3103 1836 3152 1890 si
3200 1835 3324 1905 quis
3362 1850 3460 1905 po-

1901 1936 2053 1981 neret
2096 1940 2185 1982 res
2222 1925 2495 1993 spiritales
2520 1934 2578 1980 et
2615 1926 2846 1980 entitate
2874 1934 2931 1979 et
2956 1926 3069 1980 vita
3102 1940 3333 1995 carere;
3365 1941 3461 1982 ve-

1898 2034 2017 2072 rum
2060 2032 2183 2073 cum
2227 2016 2393 2073 divini
2459 2016 2683 2088 spiritus
2711 2017 2939 2073 entitate
2966 2031 3063 2071 sua
3105 2016 3324 2071 ceteris
3360 2031 3463 2072 en.-

1899 2111 2040 2165 tilius
2085 2109 2438 2177 antecellant,
2483 2109 2943 2179 excellentiusque
2988 2110 3176 2163 vivant
3210 2108 3334 2166 aliis
3374 2110 3461 2166 vi-

1896 2201 2171 2269 ventibus,
2209 2209 2265 2257 et
2306 2201 2613 2273 intelligant
2644 2211 3087 2272 cognoscantque
3136 2216 3298 2272 supra
3338 2217 3463 2258 sen-

1896 2307 2013 2349 sum
2042 2308 2107 2349 ac
2146 2293 2437 2358 rationem,
2460 2302 2517 2349 et
2554 2309 2665 2365 pra:
2693 2294 2903 2349 cunctis
2936 2287 3153 2349 entibus
3176 2293 3461 2364 pulchrum

1894 2395 1949 2439 et
1989 2385 2188 2439 bonum
2215 2392 2470 2455 appetant
2505 2383 2960 2453 participemque,
2988 2383 3091 2438 hoc
3120 2384 3308 2455 utique
3328 2384 3462 2439 vici—

1895 2477 2075 2532 niores
2118 2476 2260 2533 bono
2315 2486 2473 2541 sunt,
2516 2490 2624 2545 quo
2669 2474 2993 2531 luculentius
3036 2472 3166 2531 illud
3215 2477 3443 2546 partici-

1893 2577 2119 2639 pantes,
2166 2567 2347 2639 plures
2386 2566 2550 2622 etiam
2594 2576 2649 2622 et
2683 2568 2975 2636 ampliores
3026 2568 3095 2621 ab
3143 2568 3261 2627 ipso
3306 2567 3461 2622 dotes

1895 2670 2251 2733 acceperunt;
2290 2660 2431 2716 sicut
2460 2660 2623 2715 etiam
2659 2659 2942 2715 rationalia
2976 2659 3259 2716 sensitivis
3298 2671 3459 2715 ante-

1894 2757 2125 2825 cellunt,
2171 2772 2278 2829 quo
2313 2757 2547 2812 uberiori
2586 2756 2794 2810 ratione
2822 2754 3047 2825 pollent,
3087 2754 3163 2810 uti
3194 2764 3249 2811 et
3281 2756 3456 2810 sensi-

1894 2848 2001 2903 tiva
2038 2864 2220 2914 sensu,
2264 2859 2426 2918 atque
2470 2847 2575 2901 alia
2602 2848 2735 2901 vita.
2763 2846 2966 2917 Estque
3005 2848 3133 2911 hoc,
3161 2856 3220 2900 ut
3244 2846 3459 2915 opinor,

1894 2955 2107 3005 verum,
2151 2941 2262 3007 illa,
2308 2956 2429 3010 qua:
2461 2940 2622 2995 unius
2658 2939 2882 2994 inﬁnitis
2923 2940 3243 2994 muneribus
3284 2940 3460 2993 abun-

1896 3035 2074 3090 dantis
2106 3034 2196 3088 Dei
2226 3034 2395 3103 magis
2422 3032 2771 3103 participant,
2812 3032 3200 3102 propinquiora
3242 3046 3460 3101 quoque

1819 3095 1864 3158 θ
1896 3128 1997 3199 ipsi
2037 3095 2439 3197 divinioraque-
2462 3095 2697 3182 existere
2736 3095 2829 3181 iis-
2853 3095 2972 3194 qua:
3020 3095 3107 3180 bis
3156 3095 3319 3180 rebus
3362 3095 3457 3179 su-

1899 3224 2175 3283 perentur.

1775 3334 1803 3407 §
1833 3331 1941 3394 IV.

311 3460 541 3517 Έπείδὲ
580 3462 675 3517 καὶ
714 3465 840 3536 περὶ
870 3462 1077 3521 τούτων
1116 3465 1359 3537 εἴπομεν,
1388 3468 1519 3542 φέρε
1558 3469 1795 3540 τάγαθὸν

223 3552 302 3619 ὡς
342 3554 511 3619 ὅντως
552 3554 632 3620 δν,
673 3556 766 3609 καὶ
805 3557 914 3611 τῶν
970 3557 1135 3613 ὄντων
1192 3561 1444 3615 ἁπάντων
1495 3563 1797 3620 οὑσιοποιὸν

224 3647 643 3718 ἀνυμνήσωμεν.
694 3648 751 3702 '0
790 3646 865 3702 ὣν
902 3650 1024 3703 ὅλου
1066 3649 1160 3704 τοῦ
1200 3648 1336 3706 εἶναι
1388 3654 1527 3709 κατὰ
1568 3655 1793 3729 δύναμιν

224 3738 549 3809 ὑπεροόσιός
592 3742 739 3807 ἔστι,
781 3740 1071 3809 ὐποστάτις
1116 3746 1298 3811 αἰτία,
1342 3748 1436 3801 καὶ
1468 3748 1795 3822 δημιουργὸς

222 3829 400 3896 ὂντας,
424 3830 728 3903 ὑπάρξεως,
751 3834 1117 3903 ὑποστάσεως,
1141 3837 1345 3903 οὐσίας,
1375 3838 1587 3910 φύσεως
1604 3859 1618 3872 ·
1649 3842 1791 3916 ἁρχὴ

225 3924 323 3976 καὶ
360 3923 555 3995 μέτρον
580 3926 787 3981 αἰώνων
805 3945 820 3958 -
855 3929 948 3981 καὶ
972 3931 1176 4001 χρόνων
1199 3932 1418 4005 ὀντάτης
1441 3934 1508 4001 ⁸⁸,
1538 3938 1632 3991 καὶ
1657 3936 1790 3991 αἰὼν

222 4016 337 4071 τῶν
358 4017 527 4072 ὄντων
547 4037 559 4052 ι
575 4020 761 4091 χρόνος
786 4021 893 4076 τῶν
911 4024 1222 4095 γινομένων,
1241 4026 1301 4082 τὸ
1317 4021 1454 4083 εἶναι
1475 4031 1587 4095 τοῖς
1608 4032 1791 4085 ὁπωσ-

222 4107 323 4163 οῦν
363 4106 502 4175 οὗσι,
538 4111 750 4181 γένεσις
776 4116 887 4179 τοῖς
927 4116 1172 4172 ὁπωσοῦν
1208 4120 1525 4191 γινομένοις.
1565 4122 1660 4177 Ἐκ
1695 4121 1792 4177 τοῦ

221 4198 399 4263 ὄντος,
436 4198 590 4266 αἰὼν,
621 4204 714 4257 καὶ
753 4202 928 4270 οὐσία,
970 4208 1063 4261 καὶ
1090 4207 1168 4273 ὃν,
1202 4210 1293 4263 καὶ
1322 4208 1530 4280 χρόνος,
1566 4213 1662 4267 καὶ
1694 4214 1789 4284 γε·

1968 3474 2233 3541 Quoniam
2270 3489 2401 3531 vero
2425 3474 2592 3532 etiam
2615 3474 2683 3531 de
2710 3474 2795 3532 bis
2823 3474 3195 3543 disseruimus,
3226 3480 3454 3547 agedum

1895 3564 2178 3622 laudemus
2210 3566 2434 3631 bonum,
2461 3576 2718 3636 tanquam
2746 3582 2875 3623 vere
2902 3568 3166 3633 existens,
3191 3577 3245 3621 et
3275 3582 3452 3623 rerum

1895 3657 2136 3711 omnium
2180 3656 2511 3714 substantias
2559 3657 2815 3715 eﬂiciens.
2864 3659 2969 3728 Qui
3014 3670 3136 3724 est,
3185 3658 3456 3714 universa:

1893 3746 2144 3804 essentia:
2187 3747 2462 3817 possibilis
2503 3751 2940 3819 supernaturalis
2987 3766 3152 3806 causa
3202 3751 3455 3806 substan-

1896 3838 2042 3898 tialis
2066 3839 2275 3909 existit,
2301 3853 2357 3897 et
2390 3840 2617 3899 eﬂ'ector
2644 3843 2807 3910 entis,
2832 3844 3161 3909 existentia,
3184 3858 3454 3914 personae,

1894 3937 2233 4003 substantia,
2262 3944 2497 4003 naturai;
2545 3937 2870 4010 principium
2897 3946 2952 3994 et
2986 3953 3244 3994 mensura
3274 3954 3452 3993 saecu-

1895 4030 2102 4099 lorum,
2141 4038 2199 4087 et
2256 4040 2557 4102 tempon
2610 4032 2843 4099 entitas.
2886 4040 2943 4087 et
2985 4031 3191 4086 eutium
3245 4047 3460 4098 arvum,

1896 4130 2109 4194 tempus
2136 4136 2323 4180 eorum
2358 4136 2474 4191 qua:
2504 4120 2671 4189 ﬁunt,
2701 4119 2905 4179 esseiis
2933 4139 3052 4195 qua:
3079 4126 3458 4195 qumpomedo

1894 4218 2325 4287 sunt.generatio
2347 4216 2730 4287 quoquomodo
2760 4214 2978 4286 genitis.
3009 4214 3084 4270 Ex
3115 4230 3183 4270 eo
3210 4215 3303 4285 qui
3344 4224 3453 4280 est.

219 4304 393 4357 νεσις,
424 4291 519 4346 καὶ
553 4294 865 4367 γινόμενονθ
909 4298 979 4352 τὰ
1021 4300 1078 4353 ὲν
1108 4302 1219 4364 τοῖς
1251 4296 1401 4357 οὖσιν
1424 4304 1465 4335 ⁶¹
1500 4304 1649 4370 ὄντα,
1697 4308 1791 4361 καὶ

1822 4334 1868 4391 D
1892 4302 2059 4377 429
2086 4318 2283 4371 aevum,
2311 4315 2366 4359 et
2397 4306 2731 4369 substantia,
2773 4312 2827 4358 et
2867 4305 3180 4369 existentia,
3221 4312 3279 4359 et
3317 4313 3457 4360 tem-

222 4381 295 4435 τὰ
323 4382 573 4437 ὁπωσοῦν
614 4384 943 4458 ὑπάρχοντα,
984 4390 1077 4442 καὶ
1115 4389 1417 4459 ὑφεστῶτα.
1450 4394 1558 4449 Καὶ
1587 4396 1714 4468 γὰρ,
1758 4400 1789 4453 6

1822 4381 1858 4391 ’
1892 4413 2016 4469 pus,
2056 4408 2112 4453 et
2151 4400 2453 4469 generatio,
2495 4407 2551 4454 et
2596 4398 2742 4469 quod
2788 4397 3047 4467 gignitur.
3092 4398 3189 4453 Est
3231 4412 3295 4453 ea
3334 4415 3457 4469 qua:

219 4472 363 4537 Θεὸς
388 4472 449 4526 οὗ
478 4472 594 4539 πώς
612 4477 757 4530 ἐστιν
784 4477 883 4543 ὢν,
905 4479 1017 4533 ἀλλ’
1040 4481 1225 4547 ἁπλῶς
1251 4487 1343 4539 καὶ
1371 4486 1784 4559 ἀπεριορίστως,

378 4566 438 4618 ὲν
671 4566 733 4621 τὸ
755 4564 893 4623 εἶναι
929 4573 1261 4645 συνειληφὼς
1292 4576 1386 4631 καὶ
1412 4578 1751 4651 προειληφώς
1768 4598 1784 4613 ο

222 4650 305 4743 διο
348 4652 441 4705 καὶ
481 4649 729 4721 βασιλεὺς
766 4655 979 4726 λέγεται
1018 4662 1125 4714 τῶν
1162 4663 1389 4729 αἰώνων,
1428 4666 1502 4731 ὡς
1538 4670 1595 4723 ὲν
1622 4649 1787 4743 αὐτῷ

224 4741 321 4795 καὶ
347 4743 474 4814 περὶ
510 4744 672 4799 αὐτὸν
713 4748 913 4814 παντὸς
931 4750 1032 4808 ,τοῦ
1060 4748 1197 4807 εῖναι
1232 4756 1326 4809 καὶ
1356 4757 1506 4822 ὄντος
1534 4762 1626 4815 καὶ
1654 4741 1785 4831 ὑφεζ-

226 4832 489 4902 στηκάεος
511 4835 577 4899 ⁶’,
614 4837 708 4891 καὶ
749 4837 871 4893 οὔτε
907 4837 994 4914 ἦν,
1032 4844 1153 4899 οὔτε
1184 4847 1354 4912 ἔσται,
1388 4849 1509 4903 οὔτε
1552 4852 1786 4921 ἐγένετο,

220 4922 354 4976 οὕτε
378 4922 604 4991 γίνεται,
622 4927 744 4981 οὔτε
768 4933 1048 5002 γενήσεται
1066 4936 1129 5001 ⁸³,
1158 4938 1353 5007 μᾶλλον
1381 4940 1437 4992 δὲ
1464 4940 1585 4993 οὔτε
1610 4943 1755 4997 ἐστίν
1772 4960 1784 4971 ·

224 5014 344 5069 ἀλλ’
371 5015 529 5080 αὑτός
557 5020 671 5072 ἐστι
708 5020 781 5074 ντὺ
822 5018 957 5078 εἶναι
998 5028 1109 5091 τοῖς
1148 5024 1294 5082 οὖσι·
1330 5032 1423 5083 καὶ
1462 5032 1520 5084 οὐ
1563 5032 1631 5085 τὰ
1661 5034 1788 5090 ὄντα

225 5104 411 5173 μόνον,
452 5105 587 5159 ἀλλὰ
626 5109 718 5163 καὶ
761 5112 893 5167 αὐτὸ
925 5114 987 5168 τὸ
1038 5113 1174 5171 εἶναι
1218 5117 1325 5172 τῶν
1357 5119 1543 5187 ὄντων,
1588 5124 1654 5177 ὲκ
1694 5126 1787 5180 τοῦ

226 5198 566 5265 προαιωνίως
579 5200 746 5266 ὄντοςσ
764 5202 922 5269 αὐτὸς
942 5209 1049 5279 γάρ
1066 5210 1211 5263 ἐστιν
1230 5212 1259 5264 6
1277 5210 1408 5267 αἰὼν
1426 5214 1534 5269 τῶν
1552 5215 1781 5282 αἰώνων,

220 5291 253 5342 ὁ
280 5290 541 5363 ὑπάρχων
562 5295 667 5368 πρὸ
686 5297 794 5352 τῶν
816 5297 1044 5355 αἰώνων.

1892 4497 2041 4557 sunt,
2069 4490 2124 4545 in
2157 4490 2224 4546 iis
2248 4505 2368 4563 quae
2395 4499 2542 4556 sunt,
2566 4500 2621 4547 et
2647 4507 2768 4561 qua:
2798 4507 3122 4565 quocunque
3154 4494 3315 4550 modo
3338 4496 3455 4552 exi-

1894 4590 2073 4646 stunt,
2117 4590 2173 4637 et
2216 4597 2337 4651 qua:
2384 4596 2482 4653 per
2537 4597 2597 4638 se
2644 4584 2909 4639 existunt.
2957 4586 3101 4642 Deus
3149 4588 3295 4642 enim
3343 4604 3452 4650 non

1892 4674 2085 4743 quovis
2108 4676 2264 4729 modo
2288 4684 2372 4728 est
2396 4688 2513 4744 ens,
2544 4673 2640 4729 sed
2682 4676 3003 4745 simpliciter
3027 4686 3083 4733 et
3122 4678 3333 4734 inﬁnite
3367 4691 3452 4735 to—

1891 4774 2006 4821 tum
2047 4780 2171 4821 esse
2221 4767 2274 4821 iu
2320 4782 2379 4823 se
2422 4769 2627 4837 pariter
2668 4768 2983 4837 complexus
3020 4780 3074 4825 et
3108 4773 3451 4843 anticipans;

1890 4861 2239 4928 quamobrem
2265 4861 2426 4917 etiam
2456 4862 2571 4917 Rex
2604 4862 2920 4918 seculorum
2956 4864 3285 4930 nominatur,
3315 4876 3373 4919 ut
3400 4867 3452 4920 in

1889 4963 1998 5018 quo
2022 4959 2076 5005 et
2109 4965 2276 5019 penes
2308 4967 2467 5022 quem
2496 4952 2781 5022 cujuslibet
2806 4966 2927 5006 esse
2954 4962 3010 5007 et
3042 4953 3114 5007 sit
3138 4962 3193 5007 et
3216 4962 3452 5017 constet,

1889 5046 1946 5091 et
1970 5038 2023 5091 in
2046 5052 2153 5107 quo
2176 5051 2276 5093 nec
2300 5047 2441 5105 erat,
2471 5057 2569 5095 nec
2591 5042 2716 5107 erit,
2744 5055 2915 5111 neque
2937 5040 3137 5096 factum
3156 5052 3259 5107 est,
3276 5059 3454 5112 neque

1892 5129 1970 5194 lit,
2001 5146 2175 5201 neque
2202 5132 2309 5199 ﬂet,
2336 5134 2444 5188 imo
2468 5150 2566 5189 nec
2594 5144 2703 5199 est;
2732 5135 2826 5188 sed
2853 5136 2968 5204 ipse
2991 5143 3075 5190 est
3099 5150 3221 5191 esse
3250 5138 3446 5198 rebus;

1888 5229 1944 5273 et
1972 5237 2076 5275 non
2113 5232 2319 5279 tantum
2346 5239 2408 5278 ea
2443 5240 2561 5292 qua:
2592 5233 2739 5290 sunt,
2764 5225 2855 5279 sed
2889 5226 3064 5295 ipsum
3089 5241 3211 5282 esse
3239 5242 3449 5291 rerum,

1889 5325 1953 5364 ex
1994 5324 2307 5380 praeacterno
2330 5325 2488 5384 ente;
2526 5317 2643 5387 ipse
2679 5317 2823 5373 enim
2863 5326 2947 5373 est
2970 5333 3144 5374 aevum
3186 5334 3445 5385 severum,

1890 5404 2132 5461 existens
2157 5418 2280 5463 ante
2308 5424 2470 5465 omne
2493 5426 2689 5468 avum.

1491 5552 1723 5611 VARle
1760 5556 2163 5615 LECTIONES.

295 5676 347 5708 ⁸⁸
368 5678 781 5762 ὲκφαντορικήν)
893 5683 963 5762 _P.

1064 5687 1108 5759 ss
1126 5688 1647 5759 Ῠύπερεκτεινομένης
1670 5730 1681 5751 ,
1713 5691 1769 5743 S.
1797 5690 1857 5747 P.
1883 5692 1945 5747 Ι).

2051 5694 2097 5765 ξε
2126 5693 2234 5746 τῶν
2262 5693 2474 5763 λογίων,
2508 5695 2564 5749 S.
2599 5697 2691 5749 sed
2717 5696 2927 5765 vitiose.
2960 5696 3166 5765 opinor.
3274 5697 3317 5728 ⁸⁷
3350 5698 3444 5751 καὶ

228 5746 661 5835 ῠτρερπεριεσῶς.
691 5746 773 5835 3⁸
798 5754 864 5805 τὰ
893 5756 1154 5835 1mm.
1180 5746 1271 5812 δέ.
1345 5759 1389 5789 ³⁸
1418 5746 1773 5832 πλῖησιέστερι
1792 5800 1807 5826 ,
1938 5746 1941 5747 ν
1973 5765 2017 5796 ⁵⁸
2040 5746 2474 5835 ὀντοτήςΝἶειὶΊ
2510 5746 2563 5797 Ῑί
3204 5769 3246 5797 ⁸³
3279 5746 3441 5835 ὺφέἇέ

228 5820 413 5883 τιῖντος.
448 5820 453 5821 ⁷
492 5820 536 5851 ⁸³
555 5822 929 5896 γενηθήσεται,
970 5832 1037 5882 Μ.
