4186 6308
754 350 861 409 ειν

754 736 919 791 nihus
939 744 997 790 et
1023 736 1177 801 aevis,
1204 736 1377 805 ipsum
1405 750 1525 789 esse
1553 736 1621 790 ab
1645 748 1709 790 eo
1735 734 1826 802 qui
1858 732 2180 802 prasexstitit
2204 732 2324 788 exi-

752 839 919 884 stere.
960 826 1144 899 Atque
1185 842 1347 883 omne
1392 828 1613 898 quidem
1652 842 1826 883 sevum
1874 841 1939 881 ac
1993 834 2205 894 tempus
2253 840 2322 880 ex

751 921 893 991 Ipso,
920 920 1099 975 omnis
1123 935 1255 975 vero
1282 920 1381 974 aevi
1410 934 1474 974 ac
1499 921 1781 991 temporis,
1807 921 1994 989 reique
2028 918 2325 990 cujuslibet

750 1008 1081 1081 principium
1127 1022 1191 1062 ac
1222 1022 1388 1063 causa
1421 1010 1465 1062 is
1498 1016 1581 1063 est
1610 1009 1700 1078 qui
1737 1008 2066 1077 praeesistit;
2106 1016 2161 1062 et
2190 1024 2327 1064 cun-

751 1110 839 1154 cta
872 1099 1049 1169 ipsum
1089 1099 1436 1170 participant,
1476 1107 1532 1152 et
1566 1113 1594 1153 a
1641 1096 1789 1151 nullo
1826 1097 2033 1152 entium
2082 1098 2323 1163 recedit;

751 1204 807 1249 et
855 1192 970 1262 ipse
1000 1202 1085 1248 est
1114 1204 1243 1248 ante
1283 1194 1487 1255 omnia,
1520 1198 1573 1245 et
1603 1191 1857 1245 universa
1910 1191 1962 1245 in
1998 1190 2115 1260 ipso
2144 1190 2326 1245 consi-

749 1297 924 1354 stunt,
950 1296 1005 1341 et
1049 1286 1395 1355 simpliciter.
1424 1285 1468 1338 si
1498 1285 1627 1355 quid
1664 1285 2073 1354 quomodolibet
2115 1284 2324 1349 existit,

752 1377 808 1432 in
842 1378 959 1447 ipso
989 1386 1230 1447 praeeute
1262 1386 1371 1430 tum
1404 1384 1511 1439 est,
1542 1385 1653 1430 tum
1690 1376 2036 1445 intelligitur,
2070 1385 2183 1431 tum
2215 1378 2326 1430 sal-

751 1482 946 1538 vatur;
983 1480 1038 1526 et
1079 1480 1207 1525 ante
1250 1468 1387 1524 alias
1428 1470 1546 1537 ejus
1589 1470 2040 1539 participationes
2086 1485 2326 1541 prmsup-

752 1563 972 1631 ponitur
1002 1564 1177 1634 ipsum
1217 1578 1360 1628 esse,
1385 1570 1440 1616 et
1468 1572 1551 1617 est
1585 1565 1761 1632 ipsum
1804 1579 1899 1634 per
1926 1579 1984 1619 se
2018 1578 2144 1620 esse
2185 1565 2327 1620 anti-

751 1658 938 1728 quius,
961 1672 1124 1725 quam
1154 1669 1277 1710 esse
1308 1670 1404 1724 per
1446 1669 1505 1710 se
1535 1656 1699 1709 vitam
1721 1697 1737 1722 ,
1776 1665 1830 1711 et
1860 1672 1957 1725 per
2001 1671 2061 1711 se
2102 1656 2324 1725 sapien-

754 1752 909 1816 tiam,
934 1758 989 1803 et
1030 1764 1127 1820 per
1151 1764 1210 1804 se
1242 1748 1650 1805 similitudinem
1686 1748 1949 1814 divinam,
1980 1759 2035 1804 et
2071 1766 2329 1821 quaecun-

752 1857 860 1917 que
901 1843 1006 1900 alia
1050 1843 1447 1914 participantur
1485 1844 1553 1897 ab
1600 1842 1667 1899 iis
1698 1859 1819 1913 qua:
1859 1852 2009 1909 Sunt,
2053 1856 2179 1901 ante
2214 1860 2326 1901 0m-

753 1950 880 1993 nem
928 1935 1010 1990 sui
1077 1936 1553 2006 participationem
1615 1936 1950 2009 participant
2007 1953 2164 2004 esse;
2218 1938 2327 1995 imo

750 2042 882 2087 vero
909 2027 1073 2081 etiam
1122 2026 1237 2097 ipsa
1283 2027 1578 2083 secundum
1625 2043 1745 2097 quae
1794 2044 1925 2082 sunt
1958 2029 2165 2093 omnia,
2208 2042 2327 2097 qua:

751 2118 919 2175 abiis
946 2132 1066 2187 quae
1107 2126 1237 2172 sunt
1280 2118 1697 2189 participantur,
1747 2120 1922 2189 ipsum
1966 2135 2061 2190 per
2101 2135 2162 2176 se
2205 2135 2327 2177 esse

754 2210 1112 2281 participant;
1149 2220 1200 2265 et
1252 2210 1389 2266 nihil
1437 2220 1549 2277 est,
1593 2212 1747 2277 cuius
1781 2213 1955 2283 ipsum
1987 2228 2087 2282 per
2116 2228 2175 2269 se
2206 2228 2328 2270 esse

751 2320 860 2360 non
886 2304 958 2359 sit
984 2306 1217 2360 essentia
1247 2315 1301 2359 et
1345 2320 1541 2361 aevum.
1578 2305 1719 2361 Deus
1765 2305 1935 2375 igitur
1970 2322 2092 2362 cum
2135 2308 2225 2372 sit,
2271 2319 2328 2361 ul.

749 2409 1178 2456 consentaneum
1210 2410 1315 2466 est,
1359 2400 1610 2456 omnibus
1647 2401 1771 2455 aliis
1818 2402 1990 2473 magis
2034 2401 2329 2472 principia-

751 2490 843 2555 lis,
884 2491 954 2545 ab
996 2491 1308 2562 antiquiore
1352 2493 1496 2548 dono
1528 2508 1628 2548 suo
1675 2494 1929 2549 laudatur
1975 2502 2033 2548 ut
2079 2508 2208 2560 ens;
2254 2494 2331 2549 si-

752 2584 968 2653 quidem
1000 2584 1151 2652 prius
1193 2599 1313 2639 esse
1349 2593 1406 2640 et
1434 2585 1798 2642 excellentius
1840 2602 1960 2643 esse
2002 2603 2127 2643 cum
2171 2590 2327 2660 prius

754 2676 953 2733 habeat
980 2686 1035 2731 et
1060 2677 1417 2732 excellentius
1449 2677 1667 2743 habeat,
1702 2678 1853 2748 prius
1882 2678 2013 2734 fecit
2038 2694 2161 2735 esse
2184 2682 2329 2751 quod

752 2778 857 2833 est,
889 2770 1089 2840 ipsum,
1120 2770 1367 2839 inquam,
1392 2784 1489 2839 per
1518 2785 1579 2827 se
1605 2787 1747 2837 esse,
1772 2782 1824 2827 et
1848 2787 1943 2842 per
1973 2774 2147 2844 ipsum
2170 2789 2332 2830 omne

753 2856 899 2925 quod
957 2859 1457 2927 quomodocunque
1506 2868 1623 2925 est,
1666 2862 1900 2917 existere
1963 2862 2113 2919 fecit.
2165 2864 2329 2934 Atqui

752 2949 1021 3021 principia
1048 2964 1237 3005 eorum
1285 2950 1405 3021 qua?
1436 2962 1587 3019 sunt,
1614 2954 1796 3007 omnia
1826 2956 2155 3025 participant
2183 2950 2327 3022 esse,

752 3049 807 3096 et
837 3052 1056 3106 sunt,et
1074 3042 1335 3114 principia
1364 3054 1511 3109 sunt,
1540 3055 1595 3100 et
1620 3046 1853 3116 primum
1891 3058 2039 3113 sunt,
2064 3056 2117 3103 et
2146 3059 2332 3120 postea

754 3134 1024 3205 principia
1048 3143 1194 3189 sunt.
1218 3136 1279 3189 Et
1304 3136 1348 3190 si
1378 3136 1461 3193 vis
1483 3138 1807 3206 viventium,
1826 3151 2095 3211 quatenus
2118 3144 2329 3212 vivunt,

752 3227 1081 3296 principium
1096 3228 1275 3283 dicere
1294 3243 1391 3298 per
1411 3244 1469 3284 se
1490 3231 1674 3299 vitam;
1691 3241 1746 3287 et
1769 3233 2050 3302 similium,
2066 3244 2334 3304 quatenus

1922 351 1983 408 8.
2021 348 2320 409 DIONYSII
2354 349 2818 409 AREOPAGITE

2274 490 2412 565 εν.

828 640 1003 700 Altius
1045 640 1227 710 itaque
1274 648 1603 710 repetentes,
1648 638 1933 707 dicamus,
1983 639 2149 695 rebus
2196 652 2319 693 om-
2350 643 2397 700 Α

3905 356 4007 414 820

2504 624 2886 704 Ἀναλαϐόντες
2923 637 3017 695 οὖν
3059 640 3323 713 εἴπωμεν,
3347 642 3429 695 ὅτι
3457 642 3592 696 πᾶσι
3620 642 3733 706 τοῖς
3773 636 3892 696 οὖσι
3918 646 4011 699 καὶ

2425 735 2538 798 τοῖς
2579 733 2742 787 αἱῶσι
2772 734 2835 787 τὸ
2864 729 3005 788 εἶναι
3047 732 3200 805 παρὰ
3224 734 3317 787 τοῦ
3352 734 3608 806 προόντος
3635 734 3699 790 ⁸⁸.
3742 736 3853 791 Καὶ
3903 739 4011 801 πᾶς

2427 824 2529 894 μὲν
2556 822 2695 879 αἰὼν
2728 826 2823 878 καὶ
2848 824 3039 896 χρόνος
3068 823 3128 889 ἐξ
3151 822 3339 889 αὑτοῦ,
3369 825 3568 889 παντὸς
3602 825 3659 879 δὲ
3687 828 3782 880 καὶ
3810 828 4006 892 αἰῶνος

2426 919 2520 971 καὶ
2550 918 2765 989 χρόνου,
2794 920 2889 972 καὶ
2916 917 3117 982 παντὸς
3135 917 3383 972 ὁπωσοῦν
3406 917 3577 985 ὄντος,
3608 920 3636 972 ὁ
3663 919 3847 990 προὼν
3867 921 4011 993 ἀρχὴ

2425 1012 2519 1065 καὶ
2563 1012 2748 1066 αἰτία⁴
2790 1012 2885 1065 καὶ
2928 1012 3105 1065 πάντα
3152 1010 3316 1064 αὐτοῦ
3364 1011 3612 1083 μετέχει,
3661 1014 3755 1065 καὶ
3799 1013 4012 1077 οὐδενὸς

2425 1104 2534 1159 τῶν
2563 1105 2732 1159 ὄντων
2762 1104 3094 1159 ἀποστατεῖ·
3140 1106 3233 1158 καὶ
3272 1104 3433 1169 αὑτός
3466 1107 3583 1158 ἐστι
3624 1106 3728 1177 πρὸ
3773 1106 4010 1171 πάντων,

2426 1200 2519 1251 καὶ
2546 1196 2615 1251 τὰ
2645 1199 2820 1253 πάντα
2859 1198 2917 1252 ὲν
2946 1196 3093 1266 αὐτῷ
3122 1196 3417 1266 συνέστηκε
3445 1214 3457 1226 ·
3501 1198 3598 1249 καὶ
3635 1197 3839 1261 ἁπλῶς,
3867 1195 3922 1248 εῐ
3959 1212 4014 1248 τι

2425 1290 2670 1344 ὁπωσοῦν
2700 1292 2867 1356 ἐστιν,
2898 1292 2956 1343 ἐν
2991 1288 3069 1359 τῷ
3104 1288 3324 1360 προόντι
3352 1290 3446 1342 καὶ
3472 1288 3608 1353 ἐστι,
3654 1290 3745 1342 καὶ
3783 1287 4016 1363 ἐπινοεῖ-

2424 1400 2535 1446 ται,
2564 1384 2658 1437 καὶ
2702 1381 2959 1446 σώζεταιο
2992 1382 3086 1436 καὶ
3132 1382 3238 1453 πρὸ
3280 1381 3393 1435 τῶν
3425 1382 3598 1437 ἄλλων
3640 1380 3804 1435 αὑτοῦ
3852 1397 4016 1453 μετο-

2427 1478 2537 1548 χῶν
2564 1478 2609 1509 ⁸⁸
2650 1477 2710 1531 τὸ
2755 1474 2893 1531 εἶναι
2943 1477 3336 1549 προϐέϐληταιο
3380 1476 3475 1529 καὶ
3524 1475 3670 1528 ἔστιν
3714 1476 3843 1528 αὐτὸ
3890 1475 4014 1529 καθ’

2427 1567 2558 1622 αὐτὸ
2588 1567 2650 1621 τὸ
2692 1563 2832 1621 εἶναι
2864 1567 3235 1639 πρεσϐύτερον
3264 1565 3360 1620 τοῦ
3394 1566 3674 1636 αὐτοξωὴν
3714 1562 3872 1630 εἶναι,
3918 1568 4016 1619 καὶ

2426 1663 2753 1732 αὑτοσοφίαν
2782 1658 2940 1727 εἶναι,
2973 1662 3067 1715 καὶ
3098 1660 3524 1732 αὑτοομοιότητα
3554 1660 3705 1714 θείαν
3730 1654 3889 1723 εἶναι,
3918 1660 4017 1712 καὶ

2426 1755 2495 1809 τὰ
2526 1755 2660 1809 ἄλλα
2687 1756 2827 1808 ὅσων
2852 1753 2920 1807 τὰ
2959 1752 3086 1807 ὄντα
3116 1752 3428 1823 μετέχοντα,
3455 1749 3560 1820 πρὸ
3594 1751 3809 1804 πάντων
3834 1749 4017 1801 αὐτῶν

2426 1845 2519 1901 τοῦ
2574 1841 2711 1899 εἶναι
2764 1844 3009 1917 μετέχει·
3056 1843 3252 1914 μᾶλλον
3296 1843 3353 1896 δὲ
3401 1846 3494 1895 καὶ
3540 1840 3678 1894 αὐτὰ
3714 1840 3832 1893 καθ’
3874 1840 4019 1893 αὐτὰ

2429 1940 2624 2003 πάντα,
2658 1933 2732 1993 ὧν
2752 1937 2822 1992 τά
2854 1938 2983 1991 ὄντα
3021 1937 3256 2009 μετέχει,
3286 1936 3381 1989 τοῦ
3416 1935 3546 1989 αὐτὸ
3573 1933 3696 1988 καθ’
3721 1935 3852 1988 αὐτὸ
3869 1927 4016 1987 εἶναι

2432 2033 2679 2105 μετέχει·
2718 2033 2811 2086 καὶ
2852 2031 3003 2086 οὐδέν
3043 2033 3189 2083 ἐστιν
3224 2030 3303 2094 ὃν,
3330 2024 3388 2084 οὗ
3431 2030 3505 2101 μὴ
3544 2028 3690 2083 ἐστιν
3733 2030 3890 2082 οὐσία
3919 2030 4019 2082 καὶ

2428 2122 2560 2183 αἰὼν
2583 2124 2642 2177 τὸ
2678 2123 2808 2177 αὐτὸ
2838 2118 2995 2176 εἶναι.
3021 2122 3245 2176 Πάντων
3270 2116 3362 2173 οὖν
3390 2119 3612 2183 εἰκότως
3636 2120 3680 2151 ⁸⁸
3702 2119 3808 2172 τῶν
3839 2119 4020 2173 ἄλλων

2428 2214 2899 2287 ἀρχηγικώτερον,
2932 2214 3007 2277 ὼς
3030 2211 3125 2275 ὢν,
3162 2214 3191 2265 ὁ
3219 2211 3348 2275 Θεὸς
3400 2212 3464 2264 ὲκ
3502 2212 3599 2281 τῆς
3640 2211 4019 2283 πρεσϐυτέρας

2427 2304 2537 2362 τῶν
2566 2308 2739 2363 ἄλλων
2766 2305 2932 2359 αὑτοῦ
2963 2304 3181 2378 δωρεῶν
3223 2305 3475 2375 ὑμνεῖται
3496 2321 3508 2333 ο
3537 2305 3632 2355 καὶ
3668 2304 3776 2374 γὰρ
3803 2303 3862 2357 τὸ
3887 2321 4023 2375 προ-

2429 2405 2567 2457 εῖναι
2598 2403 2689 2455 καὶ
2734 2401 3013 2470 ὑπερεῖναι
3044 2398 3290 2470 προέχων
3321 2397 3414 2451 καὶ
3445 2396 3811 2467 ὑπερέχων,τδ
3849 2391 3999 2451 εἶναι

2431 2495 2538 2548 πᾶν
2564 2493 2630 2557 ⁸⁷,
2665 2491 2797 2545 αὑτό
2838 2509 2977 2562 φημι
3023 2488 3143 2543 καθ’
3187 2488 3319 2543 αὐτὸ
3384 2487 3445 2541 τὸ
3486 2483 4020 2559 εἶναιςπροῦπεστή-

2434 2605 2582 2651 σατο,
2627 2586 2721 2641 καὶ
2764 2583 2842 2655 τῷ
2890 2580 3028 2636 εἶναι
3069 2581 3216 2652 αὐτῷ
3250 2582 3357 2634 πᾶν
3392 2580 3453 2634 τὺ
3494 2578 3742 2632 ὁπωσοῦν
3782 2578 3842 2631 ὃν
3881 2580 4023 2632 ὑπε-

2435 2683 2684 2753 στήσατο.
2729 2680 2839 2732 Καὶ
2879 2678 3009 2747 γοῦν
3036 2677 3090 2729 αἱ
3120 2676 3283 2747 ἀρχα)⁴
3323 2674 3432 2727 τῶν
3478 2673 3644 2728 ὄντων
3686 2673 3879 2736 πᾶσαι,
3922 2671 4021 2726 τοῦ

2432 2766 2572 2825 εἶναι
2605 2771 2944 2843 μετέχουσαι,
2972 2770 3065 2823 καί
3090 2771 3217 2833 εἰσι,
3248 2768 3342 2821 κα)⁸
3380 2766 3544 2838 ἀρχαί
3571 2768 3699 2830 εἱσι,
3744 2768 3840 2819 καὶ
3868 2764 4025 2836 πρῶ-

2431 2866 2522 2920 τόν
2546 2867 2703 2931 εἰσιν,
2733 2864 2922 2917 ἔπειτα
2954 2863 3117 2934 ἀρχαί
3163 2864 3288 2916 εἰσι.
3312 2862 3422 2914 Καὶ
3450 2863 3499 2914 εἰ
3534 2860 3711 2931 βούλει
3737 2859 3846 2913 τῶν
3882 2858 4023 2924 ζῶν-

2432 2977 2561 3025 των,
2597 2958 2673 3023 ὡς
2710 2956 2947 3021 ζώντων,
2994 2957 3168 3028 ἀρχὴν
3213 2955 3376 3024 φάναι
3417 2953 3518 3023 τὴν
3568 2949 3883 3023 αὑτοζωήν·
3925 2952 4026 3004 καί

2432 3051 2543 3110 τῶν
2583 3050 2801 3123 ὁμοίων,
2830 3050 2905 3114 ὡς
2932 3049 3150 3120 ὁμοίων,
3177 3047 3277 3119 τὴν
3300 3045 3721 3117 αὑτοομοιότητα
3740 3062 3751 3074 ·
3790 3044 3887 3097 καὶ
3911 3044 4025 3098 τῶν

2435 3147 2748 3221 ἡνωμένων,
2776 3145 2851 3209 ὡς
2885 3143 3195 3215 ήνωμένων,
3236 3141 3333 3213 τὴν
3373 3140 3726 3196 αὑτοένωσιν·
3768 3140 3863 3192 καὶ
3908 3138 4025 3194 τῶν

2435 3240 2801 3311 τεταγμένων,
2829 3237 2904 3300 ὼς
2926 3236 3289 3305 τεταγμένων,
3319 3234 3418 3305 τὴν
3450 3232 3733 3297 αὐτόταξιν
3752 3249 3765 3262 ·
3790 3234 3885 3286 καὶ
3909 3232 4024 3284 τῶν

754 3319 956 3374 similia
980 3330 1126 3387 sunt,
1160 3336 1256 3392 per
1285 3338 1343 3377 se
1364 3323 1807 3392 similitudinem;
1846 3336 1897 3382 et
1930 3328 2326 3399 copulatorum,

2434 3336 2609 3395 ἄλλων
2647 3333 2747 3386 ὅσα
2787 3329 2939 3384 τοῦδε
2972 3327 3004 3399 ἥ
3049 3327 3225 3393 τοῦδε,
3264 3327 3297 3397 ἢ
3339 3327 3682 3399 ἀμφοτέρων,
3727 3326 3760 3396 ἢ
3805 3326 4025 3379 πολλῶν

752 3420 1023 3480 quatenus
1059 3414 1307 3484 copulata
1360 3428 1509 3482 sunt,
1555 3432 1650 3486 per
1694 3433 1755 3473 se
1807 3420 2240 3491 copulationem;
2273 3434 2328 3478 et

752 3502 1154 3569 ordinatorum,
1196 3513 1467 3575 quatenus
1509 3506 1760 3559 ordinata
1792 3517 1940 3574 sunt,
1973 3524 2069 3578 per
2092 3525 2151 3566 se
2181 3512 2329 3564 ordi-

759 3600 1066 3665 nationem;
1098 3610 1153 3655 et
1182 3600 1433 3655 similiter
1460 3600 1513 3655 in
1544 3600 1686 3664 aliis,
1725 3616 2064 3671 quaecunque
2090 3603 2197 3661 hoc
2236 3614 2329 3660 aut

757 3690 913 3756 illud,
952 3700 1046 3744 aut
1084 3703 1397 3762 utrumque,
1426 3699 1519 3744 aut
1561 3691 1727 3745 multa
1771 3691 1937 3764 430
1975 3695 2326 3767 participant,

758 3794 815 3840 et
847 3786 951 3840 hoc
979 3794 1073 3840 aut
1106 3785 1258 3851 illud,
1287 3786 1370 3841 vel
1397 3796 1688 3856 utrumque
1723 3796 1816 3840 aut
1848 3787 2015 3842 multa
2049 3800 2172 3844 sunt
2203 3805 2329 3859 par-

760 3882 1003 3953 ticipata,
1046 3884 1306 3952 reperies,
1352 3899 1451 3956 per
1478 3898 1538 3939 se
1576 3882 2046 3953 participationes,
2089 3886 2321 3954 primum

759 3974 1089 4044 participare
1129 3988 1272 4039 esse,
1312 3985 1368 4030 et
1410 3976 1488 4031 sic
1529 3977 1760 4045 primum
1808 3990 1927 4031 esse
1969 3979 2114 4045 quod
2160 3992 2320 4045 sunt,

2434 3424 2892 3503 μετέχοπα,τόδε
2937 3424 2972 3496 ἢ
3005 3425 3142 3489 τόδε,
3190 3423 3222 3495 ἢ
3264 3423 3549 3495 ἀμφότερα
3593 3422 3624 3494 ἢ
3668 3422 3838 3476 πολλά
3874 3425 4018 3485 ἐστι,

2430 3524 2530 3589 τὰς
2571 3518 2934 3592 αὐτομετοχὰς
2964 3518 3237 3590 εὑρήσεις,
3276 3514 3367 3569 τοῦ
3414 3510 3551 3568 εἶναι
3592 3515 3803 3586 πρῶτον
3846 3516 4020 3580 αὑτὰς

2436 3611 2786 3687 μετεχούσας,
2813 3612 2906 3664 καὶ
2949 3609 3025 3681 τῷ
3066 3608 3203 3663 εἶναι
3235 3607 3448 3680 πρῶτον
3480 3605 3777 3677 μενούσας·
3825 3606 4022 3658 ἔπειτα

2432 3705 2584 3761 τοῦδε
2629 3706 2661 3777 ἢ
2709 3704 2863 3757 τοῦδε
2918 3703 3090 3775 ἀρχὰς
3132 3701 3324 3765 οὔσας,
3365 3701 3457 3753 καὶ
3501 3698 3578 3770 τῷ
3633 3698 3879 3769 μετέχειν
3925 3696 4022 3752 τοῦ

2433 3794 2605 3863 εἶναι,
2650 3799 2743 3851 καί
2782 3795 2944 3861 οὔσας
2989 3796 3082 3849 καὶ
3125 3792 3507 3866 μετεχομένας.
3547 3792 3610 3844 El
3652 3792 3710 3843 δὲ
3735 3790 3910 3844 ταῦτα
3953 3792 4019 3862 τῇ

2437 3895 2633 3963 μετοχῇ
2674 3890 2765 3945 τοῦ
2814 3886 2951 3944 εἷναί
2990 3891 3124 3954 ἐστι,
3169 3886 3344 3956 πολλῷ
3376 3904 3437 3955 γε
3479 3887 3677 3958 μᾶλλον
3715 3884 3783 3939 τὰ
3834 3883 4021 3937 αὐτῶν

2432 3985 2743 4056 μετέχοντα.

759 4067 956 4123 deinde
1001 4070 1157 4138 hujus
1203 4078 1298 4123 aut
1343 4069 1490 4125 illius
1520 4069 1789 4139 principia
1848 4084 1987 4132 esse,
2042 4082 2095 4125 et
2139 4076 2516 4146 participando
2571 4094 2709 4142 esse,
2755 4078 2990 4132 existere
3049 4084 3105 4128 et
3158 4072 3493 4144 participari.
3553 4072 3608 4126 Si
3655 4080 3835 4124 autem
3898 4074 4019 4123 hac

760 4160 906 4227 (qua;
938 4161 1167 4216 aliorum
1232 4163 1498 4234 principia
1552 4168 1927 4235 numerantur)
1968 4183 2063 4236 per
2116 4172 2589 4242 participationem
2651 4174 2823 4244 ipsius
2874 4186 2997 4228 esse
3024 4169 3283 4233 existant,
3314 4166 3484 4223 multo
3527 4171 3701 4238 magis
3744 4180 3868 4236 quae
3900 4165 4016 4235 ipsa

760 4252 853 4307 illa
885 4253 1143 4323 principia
1174 4257 1521 4329 participant.

2308 4394 2335 4466 §
2374 4391 2475 4453 Vl.

837 4541 1077 4598 Primum
1103 4544 1265 4615 igitur
1290 4544 1489 4601 donum
1521 4561 1618 4618 per
1641 4562 1699 4603 se
1725 4543 1845 4605 esse
1880 4564 2001 4605 cum
2029 4568 2125 4623 per
2148 4568 2207 4608 se
2233 4554 2327 4609 illa

764 4648 1096 4704 supraquam
1123 4636 1335 4693 bonitas
1361 4638 1648 4710 producat,
1677 4641 1872 4698 merito
1914 4642 1981 4697 ab
2020 4644 2331 4714 antiquiore

762 4736 821 4781 et
846 4727 1020 4797 prima
1048 4731 1293 4785 omnium
1322 4731 1794 4802 participationum
1838 4734 2125 4803 laudatur;
2157 4749 2214 4795 et
2250 4752 2335 4795 est

764 4833 832 4878 ex
878 4822 991 4889 ipsa
1034 4833 1089 4876 et
1131 4822 1184 4877 in
1232 4825 1344 4887 ipsa
1388 4826 1560 4894 ipsum
1610 4842 1707 4896 per
1750 4842 1810 4882 se
1850 4842 1993 4893 esse,
2038 4840 2096 4885 et
2154 4849 2335 4889 rerum

768 4914 1059 4984 principia,
1098 4925 1153 4969 et
1185 4918 1369 4972 omnia
1396 4934 1735 4989 quacunque
1776 4932 1924 4986 sunt,
1965 4933 2020 4976 et
2057 4939 2176 4993 qua:
2206 4942 2338 4993 quo-

767 5005 1146 5073 modocunque
1186 5018 1344 5074 sunt;
1386 5010 1545 5078 idque
1582 5010 2053 5080 incomprehense,
2083 5026 2137 5069 et
2175 5032 2339 5085 copu-

765 5097 902 5162 late,
946 5107 1001 5151 et
1044 5098 1417 5169 singulariter.
1469 5100 1746 5169 Siquidem
1786 5104 1837 5157 in
1890 5106 2096 5158 unitate
2159 5107 2339 5161 omnis

768 5204 1031 5244 numerus
1062 5191 1409 5247 uniformiter
1454 5196 1800 5265 praeexstitit,
1848 5197 2122 5265 habetque
2154 5200 2336 5252 unitas

766 5282 824 5337 in
854 5284 1029 5351 seipsa
1072 5286 1424 5355 singulariter
1454 5301 1668 5342 Omnem
1712 5304 2031 5353 numerum;
2068 5302 2119 5343 et
2160 5291 2338 5345 omnis

769 5392 1030 5432 tuunerus
1056 5379 1107 5431 in
1138 5395 1301 5433 unum
1341 5380 1623 5449 copulatus
1646 5390 1830 5446 est,ct
1876 5384 1927 5435 in
1976 5383 2185 5437 unitate
2230 5394 2334 5457 est,

2508 4552 2737 4625 Πρώτην
2762 4546 2853 4606 οῦν
2888 4550 2985 4621 τὴν
3010 4549 3103 4603 τοῦ
3141 4548 3271 4602 αὐτὸ
3297 4542 3434 4601 εἶναι
3461 4545 3668 4619 δωρεὰν
3690 4547 3733 4577 ⁸⁸
3763 4546 3795 4617 ἡ
3828 4547 4021 4599 αὐτοῦ·

2439 4645 2819 4719 περαγαοότης
2860 4641 3285 4715 προϐαλλομένη,
3328 4642 3394 4712 τῇ
3435 4638 3777 4710 πρεσϐυτέρᾳ
3824 4637 4018 4710 πρώτῃ

2440 4739 2549 4792 τῶν
2595 4736 2835 4809 μετοχῶν
2868 4737 3134 4807 ὑμνεῖται,
3179 4735 3273 4787 καὶ
3311 4732 3457 4786 ἔστιν
3498 4731 3558 4795 ἐξ
3598 4731 3786 4801 αὐτῆς,
3828 4733 3923 4785 καὶ
3961 4734 4020 4785 ὲν

2443 4829 2600 4899 αὐτῇ,
2632 4828 2724 4880 καὶ⁴
2760 4825 2892 4880 αὐτὸ
2927 4824 2987 4878 τὸ
3034 4820 3205 4886 εἶναι,
3252 4824 3346 4876 καὶ
3383 4824 3439 4875 αἱ
3480 4823 3586 4875 τῶν
3629 4822 3795 4873 ὄντων
3827 4822 4017 4893 ἀρχαὶ,

2444 4922 2537 4975 καὶ
2565 4918 2634 4972 τὰ
2657 4920 2783 4971 ὄντα
2809 4919 3003 4982 πάντα,
3028 4916 3123 4969 καὶ
3157 4914 3227 4968 τὰ
3253 4912 3500 4967 ὁπωσοῦν
3525 4912 3602 4984 τῷ
3632 4909 3767 4965 εἶναι
3793 4913 4021 4985 διακρα-

2438 5012 2697 5083 τούμεναθ
2726 5012 2819 5065 καὶ
2846 5010 3001 5063 τοῦτο
3028 5008 3289 5079 ἀσχέτως,
3313 5008 3406 5059 καὶ
3432 5005 3643 5076 συνειλη
3654 5004 3894 5077 μμένως,
3925 5006 4018 5059 καὶ

2439 5106 2670 5169 ὲνιαίως.
2717 5104 2827 5156 Καὶ
2864 5102 2970 5171 γὰρ
3012 5105 3069 5155 ὲν
3114 5102 3297 5171 μονάδι
3345 5102 3450 5163 πᾶς
3496 5098 3726 5169 ἀριθμὸς
3772 5099 4018 5163 ὲνοειδῶς

2441 5196 2819 5266 προῦφέστηκε
2842 5196 2907 5257 ⁸⁸,
2938 5194 3030 5247 καὶ
3072 5192 3183 5263 ἔχει
3221 5193 3393 5246 πάντα
3424 5190 3708 5262 ἀριθμὸνή
3756 5189 3924 5260 μονὰς
3962 5190 4018 5241 ὲν

2440 5290 2602 5359 ἑαυτῇ
2639 5286 2908 5359 μοναχῶς·
2938 5288 3029 5338 καὶ
3049 5287 3153 5348 πᾶς
3170 5285 3397 5357 ἀριθμὸς
3413 5285 3613 5354 ἥνωται
3632 5282 3727 5352 μὲν
3756 5282 3813 5333 ἐν
3827 5284 3895 5353 τῇ
3926 5297 4018 5351 μο-

2441 5382 2585 5436 νάδι·
2621 5381 2740 5435 καθ’
2774 5381 2894 5434 ὅσον
2921 5379 2977 5432 δὲ
3005 5378 3102 5449 τῆς
3141 5377 3363 5447 μονάδος
3392 5376 3631 5447 πρόεισι,
3661 5373 3801 5429 κατὰ
3830 5371 4018 5427 τοσοῦ-

2048 5598 2281 5656 ΫΑΒΙᾹΞ
2318 5598 2721 5654 LECTIONES.

842 5766 889 5796 “
922 5763 1288 5833 προνοοῦντος,
1324 5765 1391 5819 Μ.
1422 5765 1509 5818 Sc.
1544 5766 1633 5817 τοῦ
1666 5767 1834 5828 hung.
1874 5760 2023 5815 Vien.
2077 5764 2119 5793 δῖ’
2152 5761 2481 5830 μετεχόντων
2509 5800 2519 5817 .
2562 5760 2625 5811 Μ.
2657 5758 2743 5812 Sc.
2787 5759 3040 5830 μετέχιιλν,

842 5836 1026 5882 αἰτίης.
1068 5836 1134 5882 Μ-
1169 5834 1255 5882 Ξιε.
1348 5838 1387 5865 ⁸⁷
1428 5837 1615 5882 πάντα-
1657 5837 1710 5882 S-
1807 5836 1845 5859 “
1883 5834 2113 5882 δωτκῶι.
2154 5834 2216 5882 Μ.
2255 5833 2342 5882 Sc.
2420 5834 2459 5864 δί’
2499 5832 2784 5882 ὑείτῖτῒϊῗ.
2825 5828 2879 5882 3.

1675 5837 1711 5891 5.
1807 5836 1845 5859 ⁸³
1883 5834 2114 5901 Sulmo»,
2154 5834 2216 5887 Μ,
2255 5828 2342 5887 δέ,
2420 5834 2459 5864 εει
2499 5832 2784 5903 πίττηκῆ
2825 5828 2879 5883 3.

769 5836 1027 5901 εἰκότως,
1068 5836 1135 5892 Μ.
1169 5834 1255 5891 Sc.
1348 5838 1387 5865 ⁸⁷
1428 5837 1616 5900 πάντα,
1657 5837 1711 5891 S.
1807 5836 1845 5859 “‘
1883 5834 2114 5901 διοριῶι,
2154 5834 2216 5887 Μ.
2255 5833 2342 5887 Sc.

3065 5760 3116 5813 ὃν
3157 5762 3214 5812 υ.
3296 5759 3338 5789 εδ
3374 5756 3431 5809 τὸ
3467 5753 3594 5809 αὐτὸ
3627 5748 3759 5808 εἶναι
3796 5750 4011 5805 πάντων
