4156 6312
183 349 288 401 8‘3!

1298 355 1384 409 DE
1421 357 1668 417 DIVINIS
1701 363 2091 428 NOMIMBES,
2129 363 2279 418 CAP.
2320 365 2378 423 ν.

3332 377 3437 432 82‘!

182 483 281 521 ταν
327 465 691 538 διακρίνεται,
742 470 836 522 καὶ
889 472 1233 542 πληθύνεται.
1284 477 1392 529 Καὶ
1439 480 1496 531 ὲν
1557 480 1746 552 κέν-τρο

1866 495 1919 538 et
1954 497 2159 553 quanto
2199 489 2408 556 longius
2435 487 2503 541 ab
2529 486 2738 542 unitate
2774 490 3037 558 procedit,
3085 502 3234 547 tanto
3266 498 3437 560 magis

186 557 361 609 πᾶσαι
413 560 467 610 αί
525 559 618 611 τοῦ
664 561 862 614 κύκλου
905 565 1159 635 γραμμαὶ
1204 566 1343 619 κατά
1389 568 1515 637 μίαν
1571 571 1763 626 ’ένωσιν

187 649 649 718 συνυφεστήκασι·
680 652 774 704 καὶ
804 651 979 716 πάσας
1018 653 1129 724 ἔχει
1152 657 1213 708 τὸ
1240 662 1462 727 σημεῖον
1493 661 1548 713 ἐν
1583 663 1760 734 ἑαυτῴ

182 737 287 800 τὰς
333 739 543 804 εὐθείας
593 743 833 808 ὲνοειδῶς
892 746 1170 816 ἡνωμένας
1212 750 1345 819 πρός
1390 768 1448 803 τε
1492 751 1760 824 ἀλλήλας,

182 829 442 900 καὶπρὸς
487 832 585 903 τὴν
635 834 761 904 μίαν
793 835 963 906 ἀρχὴν
1001 839 1094 907 ἀφ’
1122 834 1188 910 ἦς
1233 841 1524 912 προῆλθον,
1573 847 1664 898 καὶ
1704 850 1762 899 ἐν

181 919 331 988 αὐτῷ
378 920 474 988 μὲν
515 921 590 990 τῷ
628 923 833 995 κέντρῳ
873 927 1150 990 παντελῶς
1182 930 1448 998 ἦνωνταιο
1486 932 1658 1004 βραχῦ
1704 936 1761 989 δὲ

180 1009 348 1062 αὑτοῦ
375 1011 680 1078 διαστᾶσαι,
724 1014 895 1086 βραχὺ
923 1018 1017 1070 καὶ
1041 1018 1405 1090 διακρίνονται
1426 1041 1438 1052 ’
1475 1026 1673 1094 μᾶλλον
1702 1028 1758 1082 δὲ

179 1099 505 1165 ἀποστᾶσαι,
535 1105 758 1173 μᾶλλον·
789 1108 881 1160 καὶ
910 1109 1118 1173 ἀπλῶς,
1148 1111 1268 1164 καθ’
1299 1114 1419 1166 ὅσον
1443 1116 1520 1186 τῷ
1549 1118 1757 1190 κέντρῳ

179 1191 562 1264 πλησιαίτεραί
609 1199 800 1262 alat",
834 1199 974 1252 κατά
1017 1202 1270 1257 τοσοῦτον
1316 1206 1410 1259 καὶ
1465 1208 1611 1278 αὐτῴ
1662 1211 1756 1264 καὶ

178 1279 436 1351 ἀλλήλαις
464 1285 715 1353 ἥνωνται,
746 1290 839 1342 καὶ
865 1291 985 1342 καθ’
1015 1292 1137 1345 ὅσον
1175 1295 1358 1360 αὐτοῦ,
1390 1299 1530 1351 κατά
1568 1301 1756 1354 τοσοῦ-

177 1394 272 1429 τον
297 1379 388 1431 καὶ
416 1380 656 1451 ἀλλήλων
679 1383 1042 1456 διεστήκασιν.

1863 577 2122 630 dividitur
2162 588 2216 632 et
2259 577 2669 645 multiplicatur.
2721 579 2785 632 Et
2831 581 2881 633 in
2912 592 3104 635 centro
3135 599 3326 638 omnes
3369 586 3435 638 li-

1867 682 1979 719 nea:
2025 668 2211 720 circuli
2257 683 2363 721 una
2427 669 2771 736 copulatione
2834 673 2994 725 simul
3060 673 3333 740 existunt;
3383 689 3438 728 ct

1865 766 2122 824 punctum
2170 758 2332 813 habet
2374 776 2570 816 omnes
2628 773 2804 818 rectas
2867 763 3042 819 lineas
3090 766 3437 820 unilormitvr

1865 848 2145 916 copulatas
2203 852 2342 905 inter
2383 868 2466 918 se,
2513 863 2569 908 ct
2605 869 2728 908 cum
2773 871 2880 910 uno
2938 859 3207 926 principio
3254 874 3282 911 a
3331 874 3438 926 qun

1864 940 2137 1007 exierunt,
2163 951 2219 995 ct
2255 943 2309 996 in
2353 943 2468 1013 ipso
2493 955 2684 1000 centro
2724 948 2943 1000 omnino
2980 948 3239 1015 copulata:
3280 960 3435 1012 sunt;

1863 1038 1917 1084 et
1942 1046 2132 1100 parum
2158 1032 2225 1086 ab
2246 1049 2312 1088 eo
2339 1036 2604 1092 distantes
2651 1054 2842 1106 parum
2889 1039 3226 1104 dividuntur,
3267 1057 3439 1108 magis

1860 1131 2037 1173 autem
2061 1123 2327 1178 distantes
2355 1128 2559 1196 magis;
2597 1141 2672 1192 et,
2702 1137 2759 1181 ut
2785 1130 2956 1182 semel
2997 1132 3198 1195 dicam,
3231 1143 3439 1201 quanto

1858 1222 1984 1265 sunt
2019 1225 2205 1269 centro
2233 1220 2678 1288 propinquiorcs,
2711 1231 2862 1275 tanto
2910 1223 3081 1290 magis
3122 1238 3244 1277 cum
3288 1242 3356 1279 eo
3381 1235 3440 1279 et

1857 1306 1999 1358 inter
2068 1321 2127 1359 se
2181 1308 2532 1375 copulantur;
2598 1320 2650 1364 ct
2697 1319 2904 1380 quanto
2967 1315 3139 1382 magis
3178 1330 3207 1368 a
3248 1325 3438 1370 centro

1858 1395 2061 1450 distant
2080 1437 2096 1460 ,
2142 1407 2293 1453 tanto
2321 1401 2490 1470 magis
2511 1411 2564 1456 et
2600 1401 2743 1458 inter
2763 1418 2821 1458 se
2852 1405 3078 1459 distant.

1729 1573 1755 1639 ε
1790 1572 1923 1632 VII.

269 1727 420 1780 Ἀλλὰ
458 1731 549 1782 καὶ
576 1732 632 1783 ὲν
663 1735 728 1803 τῇ
759 1732 854 1804 ὅλῃ
876 1733 985 1787 τῶν
1012 1735 1149 1790 ὅλων
1167 1739 1324 1808 φύσει
1359 1742 1555 1807 πάντες
1581 1745 1628 1795 οἱ
1654 1744 1750 1813 τῆς

1929 1744 2036 1798 lmo
2060 1754 2108 1799 et
2150 1745 2203 1798 in
2230 1753 2339 1800 tota
2381 1755 2572 1799 natura
2610 1745 2851 1798 universi
2911 1753 3153 1819 rationes
3183 1761 3442 1802 umuscu-

175 1816 300 1869 καθ’
344 1819 570 1873 ἕκαστον
608 1823 650 1854 ⁷³
696 1822 911 1890 φύσεως
967 1827 1115 1897 λόγοι
1179 1831 1598 1902 συνειλημμένοι
1644 1834 1747 1886 εἰσὶ

1850 1837 2050 1905 jusque
2091 1847 2299 1893 natura:
2344 1856 2446 1892 una
2497 1838 2853 1908 copulatione
2893 1855 3003 1894 non
3053 1840 3281 1895 confusa
3321 1843 3437 1896 col-

175 1910 320 1963 κατά
349 1912 475 1981 μίαν
503 1914 808 1986 ἀσύγχυτον
833 1917 1045 1984 ἕνωσιν,
1074 1922 1167 1974 καὶ
1197 1924 1255 1975 ἐν
1281 1927 1346 1994 τῇ
1375 1924 1516 1995 ψυχῇ
1548 1943 1754 1994 μονοει-

172 1999 282 2062 δῶς
329 2003 383 2052 αί
431 2002 540 2054 τῶν
580 2003 721 2056 κατά
774 2006 940 2077 μέρος
1011 2011 1226 2062 πάντων
1262 2017 1613 2083 προνοητικαὶ
1658 2015 1751 2068 τοῦ

168 2089 297 2142 ὅλου
330 2091 579 2162 σώματος
621 2096 902 2168 δυνάμεις
935 2100 1087 2153 οὐδὲν
1120 2099 1210 2156 οὖν
1254 2105 1473 2170 ἄτοπον,
1515 2105 1573 2172 ἐξ
1610 2108 1753 2178 ἀμυ-

167 2183 315 2252 δρῶν
343 2186 563 2240 εἰκόνων
595 2189 687 2240 ὲπὶ
712 2191 771 2241 τὸ
797 2193 1011 2245 πάντων
1045 2194 1213 2248 αἴτιον
1241 2197 1562 2262 ἀναϐάντας,
1594 2202 1756 2271 ὑπερ-

168 2276 420 2344 κοσμίοις
449 2277 742 2350 ὀφθαλμοῖς
793 2281 1062 2355 θεωρῆσαι
1110 2288 1284 2341 πάντα
1317 2292 1374 2342 ἐν
1417 2289 1493 2361 τῷ
1539 2295 1754 2346 πάντων

167 2364 350 2436 αἰτίῳ,
394 2369 488 2420 καὶ
525 2368 594 2421 τά
626 2371 875 2443 ἀλλήλοις
903 2377 1136 2442 ἐναντία,
1172 2380 1455 2448 μονοειδῶς
1491 2383 1585 2434 καὶ
1614 2385 1753 2454 ἠνω-

169 2454 378 2523 μένως’
410 2459 550 2532 ἀρχὴ
593 2462 700 2533 γάρ
738 2465 855 2516 ἐστι
885 2465 992 2519 τῶν
1033 2467 1221 2533 ὄντων,
1259 2471 1352 2539 ἀφ’
1391 2471 1457 2541 ἧς
1489 2474 1583 2526 καὶ
1620 2473 1754 2526 αὐτὸ

131 2547 230 2600 -τὸ
260 2544 396 2601 εἶναι
417 2590 430 2614 ,
474 2552 567 2603 καὶ
600 2554 774 2606 πάντα
818 2554 886 2608 τὰ
924 2558 1170 2612 ὁπωσοῦν
1205 2561 1362 2628 ὄντα,
1402 2566 1548 2617 πᾶσα
1578 2567 1750 2638 ἀρχὴ,

165 2640 279 2691 πᾶν
318 2642 510 2712 πέρας,
543 2645 692 2697 πᾶσα
719 2643 851 2718 ζωὴ,
881 2648 1029 2700 πᾶσα
1055 2649 1340 2716 ἀθανασία,
1376 2656 1522 2706 πᾶσα
1567 2658 1749 2724 σοφία,

163 2734 319 2785 πᾶσα
355 2733 543 2800 τάξις,
591 2739 739 2789 πᾶσα
789 2740 1055 2810 ἁρμονία,
1108 2745 1255 2796 πᾶσα
1300 2744 1555 2816 δύναμις,
1604 2750 1750 2802 πᾶσα

165 2823 402 2893 φρουρὰ,
434 2827 582 2878 πᾶσα
612 2828 838 2898 ἵδρυσις,
884 2835 1030 2885 πᾶσα
1063 2833 1310 2908 διανομὴ,
1356 2840 1504 2892 πᾶσα
1546 2841 1748 2910 νόησις,

164 2914 280 2976 πᾶς
310 2914 484 2982 λόγος,
515 2919 661 2971 πᾶσα
690 2919 964 2992 αἴσθησις,
1004 2926 1153 2980 πᾶσα
1185 2926 1316 2993 ἕξις,
1349 2931 1495 2983 πᾶσα
1541 2934 1747 2998 στάσις,

164 3007 318 3059 πᾶσα
348 3009 580 3078 κίνησις,
629 3013 777 3066 πᾶσα
822 3013 1033 3080 ἓνωσις,
1081 3020 1229 3070 πᾶσα
1279 3022 1472 3091 κρᾶσις
1495 3024 1561 3086 ⁷³,
1602 3027 1749 3077 πᾶσα

162 3098 340 3167 φιλία,
365 3104 512 3155 πᾶσα
539 3105 846 3177 ἐφαρμογὴ,
870 3109 1018 3163 πᾶσα
1045 3109 1332 3182 διάκρισις,
1357 3117 1464 3178 πᾶς
1485 3117 1627 3187 ὄρος,
1655 3121 1748 3172 καὶ

1857 1927 2010 1980 lectae
2047 1936 2190 1989 sunt,
2218 1937 2271 1981 et
2312 1928 2363 1979 in
2403 1928 2584 1981 anima
2621 1929 2888 1998 copulata:
2926 1940 3053 1983 sunt
3093 1931 3443 1985 uniformitcr

1855 2020 2106 2083 virtutes,
2131 2035 2251 2088 quae
2282 2021 2537 2074 omnibus
2564 2020 2813 2090 partibus
2836 2024 3090 2089 corporis
3115 2023 3435 2092 provident;

1856 2127 1958 2165 non
1982 2122 2066 2166 est
2098 2112 2263 2180 igitur
2288 2110 2603 2173 absurdum,
2632 2128 2699 2166 ex
2729 2112 2916 2181 parvis
2942 2122 2994 2166 et
3035 2113 3263 2166 minutis
3300 2113 3441 2167 ima-

1855 2201 2070 2269 ginibus
2092 2210 2144 2254 et
2173 2200 2433 2268 exemplis
2454 2200 2518 2252 ad
2543 2216 2759 2253 causam
2786 2200 3031 2255 omnium
3057 2200 3434 2262 ascendentes,

1855 2291 2304 2360 supermundanis
2343 2292 2515 2346 oculis
2559 2291 2917 2360 contemplari
2957 2292 3141 2345 omnia
3189 2293 3248 2344 in
3272 2308 3434 2348 cauSa

1854 2381 2116 2447 omnium,
2134 2391 2188 2434 et
2212 2397 2330 2451 quae
2353 2393 2482 2436 sunt
2507 2384 2646 2436 inter
2669 2397 2729 2436 se
2753 2384 3053 2445 contraria,
3081 2381 3432 2438 uniformitcr

1853 2481 1906 2526 et
1929 2472 2204 2541 copulate;
2249 2473 2515 2540 siquidem
2556 2474 2886 2544 principium
2913 2485 2994 2529 est
3037 2492 3239 2540 rerum,
3268 2493 3296 2529 a
3326 2492 3434 2546 quo

1856 2574 1962 2618 tam
1995 2566 2282 2634 ipsummet
2326 2581 2464 2628 esse,
2511 2583 2676 2636 quam
2737 2567 2920 2622 omnia
2966 2583 3086 2637 quae
3124 2570 3427 2638 quomodo-

1853 2672 2066 2726 cunque
2105 2664 2252 2723 sunt,
2281 2672 2441 2712 onme
2467 2658 2819 2727 principium,
2860 2660 3042 2713 omnis
3086 2658 3232 2726 linis,
3257 2661 3434 2714 onmis

1853 2749 1983 2812 vita,
2025 2749 2202 2803 onmis
2247 2749 2651 2812 immortalitas,
2699 2750 2878 2804 omnis
2922 2750 3212 2819 sapientia,
3256 2751 3432 2810 omnis

1851 2843 2008 2904 ordo,
2049 2841 2228 2894 omnis
2286 2842 2663 2910 congruentia,
2708 2841 2885 2896 omnis
2930 2842 3211 2910 potentia,
3252 2843 3432 2898 omnis

1852 2928 2130 2991 custodia,
2183 2942 2344 2981 onme
2401 2932 2842 2994 ﬁrmamentum,
2886 2931 3064 2984 omnis
3099 2934 3430 3002 permansio,

1851 3021 2030 3074 omnis
2090 3021 2488 3091 intelligentia,
2532 3023 2712 3076 omnis
2778 3023 2941 3087 ratio,
2985 3026 3163 3079 omnis
3208 3039 3428 3090 sensus,

1849 3113 2028 3166 onmis
2069 3113 2305 3176 habitus,
2350 3116 2528 3168 omnis
2565 3125 2768 3178 status,
2797 3115 2974 3168 Omnis
3008 3125 3209 3181 motus,
3248 3118 3429 3175 omnis

160 3191 235 3243 τά
264 3192 397 3247 ἄλλα
425 3195 542 3261 ὅσα,
572 3195 648 3267 τῷ
675 3194 810 3252 εἶναι
845 3201 992 3268 ὄντα,
1023 3202 1091 3256 τὰ
1120 3204 1249 3258 ὅντα
1279 3208 1452 3261 πάντα
1482 3228 1747 3285 χαρακτη-

1851 3204 2000 3266 nnio,
2023 3205 2200 3259 omnis
2225 3204 2562 3274 complexus,
2590 3205 2766 3260 onmis
2788 3203 2947 3274 43],
2967 3206 3225 3270 amicitia,
3248 3206 3430 3260 omnis

164 3284 329 3353 ρίζει.

1849 3295 2232 3365 discrepantia,
2275 3299 2453 3352 omnis
2494 3299 2794 3365 distinctio,
2839 3298 3017 3352 omnis
3061 3300 3331 3366 delinitio,
3373 3312 3428 3354 et

1850 3396 2044 3440 caetera
2088 3404 2428 3459 quaecunque
2453 3390 2685 3444 cssendo
2709 3401 2834 3446 sunt
2856 3391 3026 3455 entia,
3053 3392 3302 3446 universa
3347 3393 3429 3445 iu-

1851 3493 2038 3549 Stgntt.

1681 3639 1707 3710 §
1746 3639 1916 3700 Vill.

236 3766 345 3819 Καὶ
387 3769 452 3820 ὲκ
492 3769 590 3839 τῆς
627 3772 858 3844 αὐτῆς⁷³
892 3777 1107 3831 πάντων
1137 3781 1313 3844 αίτίας
1349 3784 1403 3835 αἱ
1439 3785 1622 3854 νοηταὶ
1659 3787 1750 3838 καὶ

162 3860 347 3930 νοεραὶ
382 3861 490 3914 τῶν
514 3861 762 3918 θεοειδῶν
796 3868 1042 3937 ἀγγέλων
1071 3875 1271 3940 οὐσίαι,
1301 3876 1395 3929 καὶ
1425 3878 1478 3929 αἱ
1506 3877 1614 3929 τῶν
1649 3877 1750 3946 ψυ-

162 3951 295 4022 χῶν,
327 3955 418 4006 κα)⁹
449 3958 503 4008 αἱ
533 3958 626 4010 τοῦ
657 3963 856 4026 παντὸς
881 3963 1086 4033 κόσμου
1120 3967 1331 4036 φύσεις,
1357 3971 1541 4024 καὶτὰ
1566 3975 1749 4025 ὁπωσ-

160 4042 258 4095 οῦν
309 4044 341 4114 ἥ
385 4047 442 4098 ἐν
490 4049 695 4120 ἑτέροις
738 4053 1028 4125 ὑπάρχειν,
1068 4057 1101 4128 ἢ
1153 4060 1274 4112 κατ’
1318 4061 1558 4115 ἐπίνοιαν
1609 4057 1745 4116 εἶναι

159 4132 464 4205 λεγόμενα’
520 4143 613 4194 καὶ
652 4143 782 4210 γοῦν
831 4149 886 4199 αἱ
941 4149 1204 4218 πανάγιαι
1252 4153 1343 4205 καὶ
1379 4155 1746 4224 πρεσϐύταται

160 4223 422 4295 δυνάμεις
467 4229 633 4296 ὄντως
675 4231 861 4301 οὖσαι,
911 4241 1006 4292 καὶ
1051 4237 1161 4294 οἷον
1203 4244 1263 4296 ὲν
1309 4223 1602 4316 προθύροις
1640 4246 1740 4316 τῆς

162 4316 489 4387 ὑπερουσίου
527 4322 753 4392 Τριάδος
792 4326 1106 4399 ἱδρυμέναι,
1153 4332 1289 4402 πρὸς
1336 4335 1507 4405 αὐτῆς
1552 4338 1644 4389 καὶ
1683 4339 1740 4390 ὲν

161 4408 299 4478 αὐτῇ
323 4449 336 4471 ,
376 4412 467 4464 καὶ
494 4411 557 4465 τὸ
600 4411 771 4482 εῖναι,
823 4422 916 4474 καὶ
955 4421 1015 4475 τὸ
1053 4422 1301 4488 θεοειδῶς
1342 4423 1476 4481 εἶναι
1519 4428 1737 4498 ἔχουσι’

158 4501 258 4554 καὶ
299 4505 414 4572 μετ’
441 4507 652 4571 ὲκείνας
681 4512 735 4562 αἱ
775 4511 1064 4581 ὑφειμέναι
1093 4516 1153 4568 τὸ
1187 4516 1494 4590 ὑφειμένως
1513 4559 1527 4583 ,
1562 4522 1656 4575 καὶ
1684 4524 1739 4578 αἱ

160 4591 389 4663 ἔσχαται
429 4597 490 4649 τὸ
531 4600 807 4671 ἐσχάτως,
857 4604 933 4667 ὡς
978 4607 1115 4677 πρὸς
1151 4609 1412 4678 ἀγγέλους
1435 4651 1449 4673 ,
1490 4611 1565 4676 ὡς
1604 4615 1739 4685 πρὸς

159 4686 312 4755 ἡμᾶς
331 4687 388 4740 δὲ
407 4690 509 4742 ὑπε
519 4695 808 4764 ρκοσμίως.
826 4697 934 4750 Καὶ
949 4700 1002 4750 αἱ
1017 4699 1203 4771 ψυχαὶ,
1222 4704 1314 4755 καὶ
1329 4704 1396 4756 τά
1413 4705 1545 4759 ἄλλα
1562 4709 1738 4762 πάντα

160 4777 314 4844 ὄντα,
341 4782 479 4835 κατὰ
505 4785 594 4837 τὸν
611 4787 773 4839 αὑτὸν
794 4787 948 4858 λόγον
973 4793 1143 4846 καὶτὸ
1164 4790 1299 4848 εἶναι
1327 4799 1492 4852 καὶτὸ
1515 4795 1572 4853 εὖ
1599 4797 1736 4855 εἶναι

160 4871 276 4941 ἔχει
297 4913 311 4937 ,
343 4876 435 4927 καὶ
463 4875 575 4930 ἔστι
598 4880 691 4932 καὶ
716 4876 775 4934 εὖ
806 4883 967 4948 ἐστιν,
994 4884 1057 4937 ὲκ
1085 4885 1179 4938 τοῦ
1215 4889 1471 4958 προόντος
1496 4891 1560 4943 τὸ
1597 4888 1734 4946 εἶναι

161 4966 258 5017 καὶ
286 4965 347 5017 τὸ
379 4963 437 5019 εὖ
464 4963 600 5022 εἶναι
631 4970 845 5041 ἔχοντα,
879 4976 971 5027 καὶ
1005 4976 1064 5029 ὲν
1108 4977 1378 5048 αὐτῷίκαὶ
1402 4981 1529 5034 ὄντα
1555 4984 1648 5036 καὶ
1673 4979 1732 5037 εὖ

161 5055 294 5109 ὄντα
317 5098 330 5120 ,
363 5061 455 5112 καὶ
493 5061 555 5126 ἐξ
597 5064 760 5117 αὑτοῦ
804 5067 1114 5138 ἀρχόμενα,
1153 5073 1245 5125 καὶ
1275 5074 1332 5126 ὲν
1381 5075 1529 5145 αὐτῷ
1574 5093 1737 5147 φρου-

165 5150 435 5221 ρούμενα,
483 5157 573 5208 καί
614 5158 693 5220 είς
740 5159 900 5212 αὐτὸν
935 5164 1332 5234 περατούμενα.
1382 5168 1491 5221 Καὶ
1529 5170 1598 5222 τὰ
1638 5171 1736 5241 μὲν

166 5244 431 5314 πρεσϐεῖα
474 5247 567 5299 τοῦ
616 5245 752 5302 εἶναι
800 5253 950 5322 νέμει
987 5258 1109 5318 ταῖς
1145 5257 1446 5326 κρείττοσιν
1489 5261 1695 5326 οὐσίαις
1720 5301 1735 5326 ,

165 5333 228 5399 ἃς
263 5338 358 5389 καὶ
390 5339 612 5404 αίωνίας
647 5343 801 5395 καλεῖ
829 5345 894 5398 τὰ
925 5347 1078 5414 λόγια
1096 5365 1108 5376 ·
1137 5348 1198 5400 τὸ
1222 5349 1277 5402 δὲ
1307 5346 1441 5404 εἶναι
1471 5353 1600 5406 αὐτὸ
1628 5355 1735 5408 τῶν

166 5424 334 5478 ὄντων
360 5428 576 5482 πάντων
604 5432 854 5488 οὐδέποτε
889 5437 1269 5491 ἀπολείπεται·
1307 5443 1399 5493 καὶ
1424 5443 1553 5495 αὐτὸ
1585 5444 1642 5497 δὲ
1676 5445 1736 5497 τὸ

1927 3790 2102 3856 Atque
2125 3804 2189 3843 ex
2215 3790 2316 3844 hac
2339 3789 2452 3858 ipsa
2475 3789 2714 3843 omnium
2742 3805 2907 3845 causa
2933 3802 3058 3846 sunt
3078 3793 3424 3848 intellectiles

1854 3894 1916 3933 ac
1958 3877 2320 3951 intelligentes
2360 3882 2709 3936 deiformiutn
2741 3883 3056 3952 angelorum
3088 3885 3425 3937 animarum-

1853 3986 1957 4041 que
1985 3974 2261 4040 essentiat,
2281 3989 2346 4028 ac
2374 3975 2537 4028 totius
2563 3975 2744 4028 mundi
2769 3985 2998 4040 natnrze,
3017 3988 3070 4030 et
3089 3992 3424 4047 qumcunque

1852 4065 1937 4118 νει
1962 4065 2016 4120 in
2061 4065 2182 4119 aliis
2219 4067 2476 4130 existere,
2509 4067 2592 4119 vel
2635 4081 2731 4136 per
2773 4069 3157 4137 cogitationem
3193 4084 3312 4124 esse
3342 4071 3423 4125 di-

1848 4161 2079 4217 cuntur;
2110 4155 2342 4223 denique
2373 4155 2737 4210 sanctissima:
2773 4156 2877 4210 illa:
2922 4159 3421 4228 antiquissimaeque

1848 4245 2108 4310 virtutes,
2137 4260 2259 4315 quae
2291 4261 2432 4302 vera:
2477 4257 2604 4302 sunt
2644 4253 2914 4316 essentiae,
2944 4264 2997 4304 et
3020 4254 3416 4322 quodammodo

1848 4336 1900 4390 in
1928 4337 2047 4407 ipso
2072 4338 2339 4393 vestibulo
2377 4341 2853 4409 superessentialis
2896 4341 3180 4397 Trinitatis
3209 4347 3414 4398 consti-

1851 4437 1996 4496 tutzc,
2016 4431 2082 4485 ab
2101 4430 2215 4500 ipsa
2233 4446 2448 4501 quoque
2469 4443 2521 4486 et
2545 4433 2596 4486 in
2622 4434 2758 4502 ipsa,
2784 4442 2837 4486 et
2863 4444 2984 4502 post
3009 4449 3101 4489 eas
3128 4434 3418 4490 inferiores

1774 4561 1816 4615 θ
1848 4518 2118 4588 inferiori,
2152 4525 2592 4593 novissimmque,
2619 4525 2794 4594 quoad
2828 4526 3050 4594 angelos
3073 4528 3288 4596 quidem
3323 4544 3418 4580 no-

1844 4613 2087 4680 vissimo,
2117 4618 2292 4682 quoad
2325 4632 2424 4671 nos
2449 4629 2630 4671 autem
2651 4620 3078 4686 supermundiali
3105 4621 3274 4689 gradu
3304 4632 3414 4675 tum

1845 4719 1966 4760 esse
1993 4717 2102 4760 tum
2129 4708 2468 4763 deiformiter
2492 4725 2614 4764 esse
2643 4712 2912 4766 obtinent.
2948 4714 3157 4766 Animae
3181 4729 3414 4783 quoque,

1845 4802 2167 4863 cmteraaque
2189 4811 2378 4851 omnes
2409 4800 2691 4866 entitates,
2727 4802 3021 4854 secundum
3049 4806 3293 4858 eamdem
3321 4821 3413 4858 ra-

1846 4883 2068 4951 tionem,
2106 4896 2211 4941 tam
2241 4903 2361 4942 esse
2394 4904 2552 4957 quam
2601 4893 2738 4946 bene
2781 4907 2900 4946 esse
2937 4893 3162 4959 habent,
3203 4906 3257 4950 et
3287 4908 3414 4950 sunt

1841 4987 1895 5028 et
1918 4977 2053 5031 bene
2079 4988 2223 5044 sunt,
2257 4981 2380 5034 dum
2406 4982 2473 5035 ab
2508 4999 2572 5037 eo
2593 4985 2686 5054 qui
2719 4987 2870 5055 prius
2895 4997 2976 5041 est
2997 5003 3115 5040 cum
3149 5003 3267 5042 esse
3296 5003 3410 5041 tum

1839 5069 1975 5123 bene
2001 5087 2118 5126 esse
2144 5075 2408 5139 obtinent,
2435 5086 2490 5129 et
2523 5081 2576 5129 in
2607 5079 2722 5145 ipso
2754 5089 2806 5132 ct
2844 5089 2972 5132 sunt
2997 5091 3049 5134 ct
3077 5081 3212 5134 bene
3246 5091 3397 5143 sunt,

1839 5173 1892 5216 et
1920 5178 1986 5216 ex
2028 5165 2140 5231 ipso
2168 5166 2449 5234 incipiunt,
2475 5181 2527 5222 et
2554 5171 2602 5222 in
2636 5171 2750 5238 ipso
2782 5183 3202 5236 conservantur,
3247 5185 3302 5228 et
3333 5177 3400 5229 ad

1839 5257 2014 5324 ipsum
2059 5260 2434 5315 terminantur.
2465 5263 2542 5316 Ac
2577 5266 2782 5332 primas
2822 5264 3040 5333 quidem
3076 5269 3244 5335 ipsius
3287 5285 3406 5324 esse

1839 5349 2116 5404 distribuit
2143 5355 2614 5421 prscstantioribus
2655 5357 2760 5412 illis
2801 5360 3080 5417 cssentiis.
3117 5376 3252 5428 quas
3278 5363 3406 5414 mvi-

1842 5452 2023 5497 ternas
2059 5443 2354 5510 Scriptura:
2390 5458 2620 5514 vocant;
2661 5451 2836 5519 ipsum
2863 5460 3041 5505 autem
3075 5467 3194 5506 esse
3223 5468 3404 5506 rerum

1438 5620 1670 5676 V’ARl/E
1706 5623 2106 5680 LECTiONES.

236 5764 286 5798 "
329 5766 708 5839 πλησιώτεραι,
749 5771 802 5826 S.

916 5777 956 5806 ⁷¹
992 5778 1038 5828 οἱ
1081 5777 1242 5846 αὐτῆς
1278 5779 1396 5833 καθ’
1433 5781 1675 5846 ἕκαστον,
1717 5784 1776 5837 D.

1924 5788 1963 5815 τί
2001 5789 2192 5854 κρίσις,
2236 5785 2280 5839 Μ
2330 5786 2415 5841 Sc.

2531 5787 2574 5818 ⁷³
2609 5790 2698 5841 καὶ
2732 5792 2792 5842 ἐκ
2830 5791 3046 5862 ταύτης,
3088 5793 3150 5846 Μ.
