4156 6312
762 354 865 410 8‘15

1940 359 1994 413 ὃ.
2039 360 2333 419 ΒΙΟΝΥΒΙΙ
2372 365 2835 424 ΛΠΕΟΡΑΟΙΤᾹΞ

3919 369 4023 426 83!

762 474 1143 533 universarum
1191 489 1468 541 nunquam
1516 474 1735 541 deﬁcit;
1793 491 2164 535 verumtamen
2213 483 2339 537 illud

2446 482 2623 549 εἶναι,
2666 482 2867 540 ὲκῖτοῦ
2916 483 3207 555 προόντος·
3249 484 3344 537 καὶ
3378 484 3539 538 αὑτοῦ
3583 485 3699 538 ἐστι
3742 486 3801 538 τὸ
3850 487 4021 553 εἶναι,

763 565 939 631 ipsum
992 578 1113 617 esse
1158 574 1243 616 est
1296 580 1359 619 ex
1402 578 1467 618 eo
1495 565 1589 633 qui
1631 568 1780 635 prius
1820 578 1935 637 est;
1966 581 2015 625 et
2052 573 2221 640 ipsius
2259 582 2341 629 est

760 655 1022 717 essentia,
1051 664 1105 706 ct
1135 671 1240 706 non
1277 656 1390 725 ipse
1424 659 1707 725 essentiac;
1743 670 1797 713 et
1843 660 1893 714 in
1942 663 2058 731 ipso
2098 676 2178 717 est
2228 665 2342 719 exi-

759 751 979 812 stentia,
1008 763 1061 803 et
1091 766 1197 802 non
1230 752 1342 817 ipse
1370 768 1419 803 tn
1450 752 1741 805 existentia
1762 770 1803 818 ;,
1834 762 1997 823 atque
2029 756 2205 824 ipsum
2240 756 2337 811 ha-

760 837 848 893 hct
897 841 1207 901 existentia.
1258 852 1312 896 et
1360 859 1464 897 non
1521 844 1636 914 ipse
1669 844 1831 899 habet
1877 846 2255 913 existentiam;
2288 858 2340 901 et

762 934 876 1001 ipse
904 944 990 988 est
1025 935 1193 997 ipsius
1238 936 1545 991 existentia:
1574 948 1628 991 et
1660 954 1853 1001 aevum.
1893 949 1946 993 et
1991 941 2338 1011 principium,

757 1037 811 1079 et
844 1042 1116 1092 mensura,
1143 1036 1261 1081 eum
1311 1042 1435 1084 ante
1476 1032 1827 1085 existentiam
1872 1043 1926 1087 et
1967 1034 2108 1089 entis
2136 1045 2184 1087 et
2212 1036 2337 1095 :et'i.

759 1124 815 1168 et
838 1117 1082 1169 omnium
1118 1118 1560 1174 substantiﬁcum
1609 1120 1955 1191 principium,
2003 1132 2057 1178 et
2102 1123 2337 1177 medium

757 1216 811 1259 et
848 1206 972 1261 linis
990 1209 1213 1264 existat.
1254 1211 1580 1279 Atqueideo
1607 1212 1673 1267 ab
1713 1212 1958 1283 Eloquiis
2039 1216 2133 1285 qui
2213 1230 2339 1271 vere

757 1301 1062 1368 praeexistit
1093 1342 1107 1365 ,
1156 1308 1456 1357 secundum
1500 1305 1741 1359 omnium
1802 1320 1988 1361 eorum
2038 1321 2159 1376 qua:
2214 1319 2341 1364 sunt

758 1393 1151 1459 cogitationem
1206 1395 1623 1464 multiplicatur,
1658 1406 1713 1451 et
1756 1397 1808 1451 in
1854 1411 1919 1451 eo
1954 1398 2171 1467 proprie
2199 1400 2340 1455 cele-

758 1483 969 1551 bratur,
1000 1493 1143 1549 erat,
1186 1497 1239 1539 et
1272 1496 1376 1551 est,
1407 1495 1459 1539 et
1482 1487 1611 1553 erit,
1640 1488 1767 1541 item
1800 1489 2001 1542 factum
2034 1498 2136 1555 est,
2165 1501 2219 1546 et
2257 1492 2338 1559 fit,

756 1586 812 1630 et
838 1578 961 1643 liet;
1001 1578 1115 1633 hate
1138 1579 1281 1633 enim
1315 1579 1497 1633 omnia
1526 1578 1837 1649 significant
1862 1580 1928 1637 iis
1961 1581 2054 1652 qui
2085 1591 2141 1638 ut
2172 1583 2338 1638 Deum

758 1670 915 1725 decet
950 1666 1283 1743 intelligunt,
1317 1687 1440 1727 esse
1472 1687 1595 1727 eum
1629 1677 1925 1729 secundum
1960 1692 2173 1733 omnem
2197 1680 2342 1747 cogi-

759 1763 1021 1819 tationem
1080 1764 1638 1833 suprasuhstantiam,
1674 1776 1729 1819 et
1755 1781 1876 1821 esse
1900 1782 2121 1823 causam
2152 1784 2338 1825 eorum

756 1871 879 1925 qua:
910 1856 1086 1911 modis
1128 1858 1383 1912 omnibus
1414 1866 1557 1912 sunt.
1592 1858 1804 1913 Etenim
1835 1877 1939 1915 non
1977 1861 2080 1917 hoc
2120 1864 2339 1933 quidem
2372 1839 2415 1895 Β

757 1958 857 2010 est.
899 1947 1028 2003 illud
1072 1966 1200 2005 vero
1244 1966 1350 2005 non
1388 1964 1504 2016 est;
1552 1968 1651 2007 nec
1691 1953 1874 2023 aliquo
1906 1955 2125 2022 quidem
2179 1956 2342 2011 modo

756 2053 861 2109 cst,
909 2042 1091 2111 aliquo
1126 2058 1251 2097 vero
1285 2060 1390 2097 non
1427 2055 1538 2110 est;
1588 2046 1680 2099 sed
1718 2048 1898 2116 potius
1924 2051 2107 2102 omnia
2145 2059 2252 2112 est,
2284 2059 2342 2105 ut

754 2138 997 2190 omnium
1042 2148 1252 2201 auctor,
1301 2148 1356 2191 et
1398 2138 1449 2191 in
1497 2154 1555 2193 se
1600 2141 1779 2193 omnia
1836 2142 2124 2210 principia,
2153 2156 2341 2198 omnes

755 2233 999 2285 omnium
1041 2246 1218 2286 rerum
1260 2231 1677 2287 terminationes
1725 2233 2009 2288 continens
2052 2244 2109 2289 et
2149 2235 2343 2289 antici-

755 2342 923 2397 pans;
954 2336 1007 2379 et
1041 2340 1211 2395 supra
1244 2324 1427 2379 omnia
1458 2334 1562 2392 est,
1590 2334 1777 2397 utpote
1796 2337 1921 2382 ante
1942 2328 2123 2382 omnia
2157 2342 2345 2399 supra-

754 2419 1116 2475 essentialiter
1132 2435 1459 2491 supraquam
1483 2420 1749 2477 existens.
1767 2420 2136 2487 Quamobrem
2155 2421 2340 2476 omnia

755 2512 822 2565 de
858 2513 977 2581 ipso
999 2523 1053 2567 et
1083 2512 1244 2567 simul
1266 2513 1543 2577 dicuntur,
1579 2514 1821 2583 nihilque
1846 2524 1928 2569 est
1951 2515 2229 2579 omnium;
2256 2523 2342 2569 est

755 2601 935 2656 omnis
962 2602 1166 2674 figuras,
1202 2604 1381 2660 omnis
1406 2605 1568 2677 432
1601 2604 1811 2671 formae,
1850 2606 1969 2661 sine
1997 2605 2194 2671 forma,
2221 2607 2340 2663 sine

756 2694 1159 2763 pulchritudine
1184 2736 1199 2762 ,
1248 2698 1513 2769 principia
1550 2708 1607 2754 et
1644 2700 1823 2755 media
1862 2708 1917 2754 et
1971 2699 2111 2754 lines
2159 2715 2336 2754 rerum

758 2786 933 2843 solute
967 2798 1020 2841 et
1064 2790 1332 2845 abstracte
1364 2790 1417 2845 in
1450 2791 1629 2859 seipse
1674 2792 1971 2862 anticipata
2027 2793 2256 2855 habens.
2286 2802 2342 2848 et

756 2880 1011 2935 omnibus
1041 2896 1174 2950 pure
1204 2882 1432 2938 illueens
1452 2924 1467 2948 ,
1496 2884 1777 2953 largiendo
1808 2895 1865 2937 ut
1899 2885 2009 2939 sint
2040 2887 2338 2940 secundum

756 2985 979 3029 causam
1006 2990 1168 3029 unam
1205 2986 1261 3031 et
1282 2989 1613 3046 supraquam
1647 2978 1978 3049 cepulatam.
2009 2979 2065 3032 Si
2094 2980 2237 3035 enim
2261 2979 2339 3035 sol

758 3062 854 3121 ille
884 3076 1074 3121 noster
1109 3082 1291 3122 rerum
1327 3069 1608 3123 sensilium
1638 3070 1973 3125 substantias
2008 3084 2073 3125 ac
2108 3070 2343 3139 Qualita-

2443 581 2537 633 καὶ
2572 581 2671 634 οὐκ
2700 579 2862 643 αὐτὸς
2891 578 2984 631 τοῦ
3016 573 3188 630 εἶναι·
3222 578 3317 631 καὶ
3344 579 3401 632 ἐν
3430 578 3575 649 αὐτῴ
3607 581 3721 632 ἐστι
3758 580 3822 633 τὸ
3862 577 4019 644 εἶναι,

2443 674 2535 727 καὶ
2562 675 2663 727 οὐκ
2696 673 2857 734 αὐτὸς
2893 672 2950 724 ὲν
2988 670 3066 740 τῷ
3101 666 3270 723 εἶναι’
3302 670 3395 723 καὶ
3430 671 3589 725 αὑτὸν
3628 672 3739 742 ἔχει
3773 672 3835 725 τὸ
3862 670 4018 738 εἶναι,

2442 768 2536 821 καὶ
2567 768 2667 820 οὐκ
2695 766 2857 828 αὐτὸς
2888 765 3000 835 ἔχει
3025 762 3086 816 τὸ
3115 758 3286 817 εἶναι’
3311 764 3405 817 καὶ
3432 765 3589 829 αὐτός
3628 766 3742 819 ἐστι
3767 766 3863 819 τοῦ
3884 763 4021 820 εἶναι

2442 862 2534 914 καὶ
2574 862 2729 924 αἰὼν,
2762 860 2857 911 καὶ
2892 857 3055 929 ἀρχὴ,
3094 857 3187 909 καὶ
3226 856 3440 929 μέτρον,
3469 857 3574 931 πρὸ
3606 858 3789 922 οὐσίας
3818 859 3893 913 ὣν
3931 861 4023 913 καὶ

2441 951 2621 1016 ὄντος,
2672 952 2766 1006 καὶ
2816 949 3007 1013 αἰῶνος,
3037 988 3051 1013 ,
3104 948 3199 1002 καὶ
3247 949 3462 1003 πάντων
3504 950 3806 1015 οὑσιοποιὸς
3845 954 4018 1023 ἀρχὴ,

2440 1044 2534 1096 καὶ
2572 1043 2837 1115 μεσότης,
2874 1044 2967 1097 καὶ
3003 1045 3247 1115 τελευτή.
3282 1046 3393 1098 Καὶ
3426 1044 3513 1098 διὰ
3551 1043 3709 1098 τοῦτο
3744 1044 3882 1117 πρὶς
3914 1045 4021 1098 τῶν

2440 1136 2635 1205 λογίων
2662 1138 2690 1192 6
2729 1138 2898 1202 ὄντως
2937 1137 3117 1209 προὼν
3156 1138 3299 1193 κατὰ
3339 1138 3516 1193 πᾶσαν
3548 1137 3656 1191 τῶν
3690 1136 3861 1190 ὄντων
3900 1138 4020 1193 ὲπί-

2440 1244 2589 1279 νοιαν
2616 1225 3174 1294 πολλαπλασιάζεται,
3207 1227 3301 1282 καὶ
3333 1226 3391 1281 τὺ
3423 1222 3490 1299 ἦν
3522 1226 3607 1279 ἐπ’
3632 1225 3795 1280 αὐτοῦ
3818 1226 3884 1290 ⁷⁸,
3932 1228 4023 1279 καὶ

2440 1316 2500 1370 τὸ
2530 1318 2666 1381 ἔστι,
2700 1317 2793 1373 καὶ
2832 1317 2892 1371 τὸ
2932 1316 3084 1371 ἔσται
3112 1357 3127 1383 ,
3164 1318 3259 1371 καὶ
3296 1316 3357 1371 τὸ
3389 1318 3623 1387 ἐγένετο,
3664 1318 3755 1371 καὶ
3787 1318 4019 1386 γίνεται,

2440 1410 2533 1463 καὶ
2574 1410 2895 1481 γενήσεται,
2930 1409 3136 1482 κυρίως
3170 1410 3454 1481 ὐμνείται’
3484 1409 3656 1463 ταῦτα
3698 1409 3808 1481 γὰρ
3846 1411 4021 1464 πάντα

2439 1504 2551 1565 τοῖς
2582 1500 2897 1572 θεοπρεπῶς
2934 1500 3115 1554 νοοῦσι
3136 1502 3182 1534 ⁷⁸
3225 1500 3288 1554 τὸ
3325 1500 3464 1554 κατὰ
3501 1502 3681 1557 πᾶσαν
3711 1501 3871 1554 αὐτὸν
3904 1501 4022 1553 επί-

2440 1615 2586 1652 νοιαν
2626 1598 2960 1669 ὑπερουσίως
2987 1593 3128 1651 εἶναι
3150 1595 3439 1669 σημαίνει,
3472 1596 3565 1650 καὶ
3594 1593 3702 1649 τῶν
3738 1592 4022 1664 πανταχῶς

2439 1688 2608 1745 όντων
2656 1691 2849 1745 αἴτιον.
2905 1691 3017 1744 Καὶ
3061 1690 3172 1761 γὰρ
3201 1691 3261 1744 οὐ
3307 1689 3426 1743 τόδε
3477 1687 3575 1757 μὲν
3624 1688 3777 1751 ἔστι,
3814 1687 3933 1739 τόδε
3967 1687 4021 1740 δὲ

2440 1783 2541 1836 οὐκ
2574 1782 2746 1835 ἐστιν·
2783 1783 2905 1837 οὐδὲ
2941 1782 3020 1854 πῆ
3059 1782 3158 1854 μὲν
3181 1782 3333 1846 ἔστι,
3367 1780 3523 1851 πῆδὲ
3551 1780 3651 1833 οὐκ
3676 1780 3853 1833 ἐστιν·
3889 1778 4023 1833 ἀλλὰ

2444 1877 2619 1932 πάντα
2645 1877 2813 1942 ἐστὶν,
2852 1877 2927 1941 ὡς
2950 1878 3180 1933 ’πάντων
3208 1876 3381 1940 αῐτιος
3400 1918 3413 1941 ,
3442 1877 3536 1929 καὶ
3570 1878 3626 1929 ὲν
3663 1875 3809 1945 αὐτῷ
3846 1876 4021 1938 πάσας

2443 1967 2651 2039 ἀρχὰς,
2700 1967 2877 2021 πάντα
2924 1967 3401 2039 συμπεράσματα,
3448 1965 3663 2019 πάντων
3699 1966 3807 2018 τῶν
3853 1965 4021 2018 ὄντων

2445 2059 2682 2130 συνέχων
2703 2061 2749 2092 ⁷⁸
2786 2060 2878 2113 καὶ
2922 2058 3202 2129 προέχωνο
3251 2058 3344 2112 καὶ
3378 2057 3517 2128 ὑπὲρ
3553 2056 3620 2110 τὰ
3650 2057 3824 2111 πάντα
3853 2057 4019 2119 ἐστὶν,

2440 2151 2515 2216 ὡς
2550 2151 2655 2222 πρὸ
2690 2151 2905 2206 πάντων
2937 2150 3275 2223 ὑπερουσίως
3314 2148 3553 2220 ὑπερὼν.
3595 2148 3687 2202 Διὸ
3720 2148 3814 2202 καὶ
3845 2150 4021 2202 πάντα

2442 2243 2606 2297 αὑτοῦ
2650 2245 2746 2299 καὶ
2796 2245 2913 2315 ἅμα
2960 2244 3386 2315 κατηγορεῖται,
3422 2242 3516 2295 ita).
3556 2241 3707 2295 οὐδέν
3751 2242 3867 2293 ἐστι
3914 2241 4021 2293 τῶν

2441 2338 2660 2392 πάντων
2686 2339 2730 2370 ’⁷
2754 2355 2768 2368 ·
2806 2338 3125 2409 πάνσχημος
3144 2376 3160 2402 ,
3198 2335 3472 2399 πανείδεος
3492 2375 3507 2399 ,
3548 2336 3792 2407 ἄμορφος
3811 2374 3825 2395 ,
3856 2334 4025 2387 ἀκαλ-

2441 2429 2539 2500 λὴς
2562 2469 2577 2495 ,
2621 2429 2798 2502 ἀρχὰς
2827 2430 2921 2484 καὶ
2961 2429 3099 2501 μέσα
3129 2428 3225 2482 καὶ
3256 2428 3385 2499 τέλη
3437 2428 3543 2481 τῶν
3576 2428 3742 2480 ὅντων
3776 2427 4023 2495 ἀσχέτως

2442 2523 2537 2577 καὶ
2566 2522 2919 2594 ἐξῃρημένως
2955 2521 3013 2575 ὲν
3046 2520 3221 2591 ἑαυτῷ
3252 2520 3596 2592 προειληφὼς
3620 2559 3634 2583 ,
3665 2519 3757 2572 καὶ
3798 2520 3933 2571 πᾶσι
3964 2518 4024 2571 τὸ

2442 2611 2579 2670 εἶναι
2614 2614 2920 2686 κατάίμίαν
2952 2615 3043 2669 καὶ
3077 2614 3506 2687 ὑπερηνωμένην
3532 2611 3709 2666 αἰτίαν
3741 2611 4023 2682 άχράντιιις

2441 2708 2785 2778 ὲπιλάμπων.
2842 2707 2907 2760 Ei
2948 2705 3058 2776 γὰρ
3096 2707 3125 2759 6
3157 2707 3278 2760 καθ’
3311 2708 3459 2777 ἡμᾶς
3496 2704 3643 2775 ἥλιος
3676 2703 3774 2766 τὰς
3808 2703 3917 2755 τῶν
3940 2704 4024 2755 αί-

2443 2800 2656 2871 σθητῶν
2682 2800 2868 2863 οὐσίας
2892 2801 2985 2853 καὶ
3008 2800 3299 2871 ποιότητας
3318 2838 3332 2863 ,
3370 2799 3545 2851 καίτοι
3571 2795 3768 2859 πολλάς
3790 2794 3881 2848 καὶ
3910 2795 4025 2847 δια-

2442 2890 2641 2962 φόρους
2691 2890 2887 2956 οῠσας,
2933 2892 3082 2961 ὅμως
3133 2888 3294 2953 αὐτὸς
3338 2884 3417 2952 εἷς
3463 2886 3557 2951 ὢν,
3611 2887 3703 2940 καὶ
3753 2885 4024 2956 μονοειδὲς

2441 2983 2770 3054 ὲπιλάμπων
2805 2982 2955 3052 φῶς,
2993 2985 3207 3037 ἀνανεοῖ
3232 3022 3245 3049 ,
3278 2983 3373 3035 καὶ
3400 2980 3614 3052 τρέφει,
3644 2981 3738 3032 καὶ
3772 2980 4020 3049 φρουρεῖ,

2441 3076 2537 3129 καὶ
2562 3074 2758 3128 τελειοῖ
2775 3115 2790 3139 ,
2818 3076 2915 3128 καὶ
2939 3074 3205 3147 διακρίνει
3225 3114 3239 3139 ,
3274 3074 3368 3126 καὶ
3402 3074 3512 3125 ἑνοῖ
3535 3111 3549 3137 ,
3586 3071 3679 3123 καὶ
3701 3067 4021 3134 άναθάλπει,

760 3170 863 3225 tcs,
890 3159 1239 3228 quantumvis
1281 3160 1463 3215 multae
1501 3161 1611 3216 sint
1646 3176 1711 3215 ac
1745 3161 1997 3227 diversae,
2027 3162 2187 3217 simul
2225 3162 2336 3229 ille,

2442 3167 2536 3221 καὶ
2572 3166 2770 3238 γόνιμα
2814 3162 2954 3221 εἶναι
2998 3168 3175 3230 ποιεῖ,
3216 3166 3308 3219 καὶ
3344 3163 3531 3231 αὔξει,
3555 3164 3646 3216 καὶ
3674 3158 4020 3227 ἐξαλλάττει,

759 3266 884 3303 cum
911 3251 983 3305 sit
1003 3252 1216 3314 unicus,
1238 3264 1293 3306 et
1311 3253 1657 3308 uniformiter
1673 3251 1939 3307 diffundat
1956 3254 2133 3309 lumen
2154 3270 2337 3321 suum,

760 3359 953 3399 omnes
984 3353 1227 3409 renovat,
1263 3357 1317 3398 et
1364 3346 1556 3411 nutrit,
1588 3356 1645 3400 et
1674 3355 1876 3413 servat,
1914 3358 1969 3401 et
2002 3348 2252 3417 perlicit,
2286 3359 2341 3403 et

762 3438 1072 3508 distinguit,
1099 3449 1153 3494 et
1180 3441 1317 3505 unit,
1346 3451 1397 3494 et
1420 3438 1647 3501 refovet,
1679 3446 1733 3493 et
1756 3439 2028 3502 fecundat,
2057 3450 2110 3495 et
2154 3450 2338 3510 auget,

761 3536 818 3580 et
839 3528 1116 3594 immutat,
1133 3538 1187 3584 et
1211 3528 1411 3595 firmat,
1441 3539 1497 3583 et
1516 3529 1862 3598 producit,.et
1885 3532 2134 3599 suscitat,
2167 3540 2224 3590 et
2248 3547 2341 3588 ve-

762 3630 945 3691 getat;
984 3631 1037 3676 et
1066 3622 1345 3691 quodlibet
1387 3636 1454 3677 ex
1502 3622 1605 3687 iis,
1644 3623 1803 3677 modo
1848 3624 2046 3693 cuique
2093 3626 2339 3694 proprio,

765 3714 927 3768 unius
956 3715 1302 3783 ejusdemque
1337 3714 1469 3775 solis
1504 3716 1776 3785 particeps
1809 3718 2034 3782 existit,
2081 3726 2139 3773 et
2170 3718 2343 3788 pluri-

770 3822 983 3863 morum
1023 3822 1085 3862 se
1118 3808 1554 3879 participantium
1592 3824 1787 3864 causas
1814 3810 1897 3865 sol
1933 3811 2127 3866 unicus
2163 3813 2217 3865 in
2249 3827 2339 3867 se—

768 3898 889 3970 lpso
914 3899 1261 3955 uniformiter
1290 3902 1643 3971 anticipavit;
1675 3903 1875 3972 potiori
1909 3905 2101 3975 utique
2130 3906 2343 3962 ratione

765 3994 1171 4047 concedendum
1200 4001 1305 4061 est,
1346 3993 1397 4047 in
1435 3993 1719 4061 ipsiusmet
1753 3993 1885 4050 solis
1912 4009 1977 4050 ac
2012 4010 2191 4052 rerum
2225 4012 2344 4051 om-

766 4086 917 4140 nium
954 4100 1118 4140 causa
1145 4126 1162 4155 ,
1196 4087 1495 4142 secundum
1549 4087 1766 4142 unicam
1825 4088 2340 4158 supraessentialem

763 4179 1188 4247 copulationetn,
1222 4194 1400 4235 rerum
1426 4180 1668 4234 omnium
1700 4179 2032 4249 exemplaria
2059 4182 2344 4250 praeexsti-

766 4274 920 4333 tisse.
954 4274 1392 4344 quandoquidem
1447 4274 1561 4328 haec
1607 4272 1869 4342 ipsasmet
1913 4276 2182 4329 essentias
2214 4290 2342 4346 pro-

765 4364 927 4419 ducat
978 4367 1270 4420 secundum
1332 4380 1622 4421 excessum
1673 4368 1945 4421 essentia.
2002 4367 2342 4439 Exemplaria

762 4470 897 4511 vero
951 4458 1182 4513 dicimus
1232 4473 1352 4513 esse
1401 4461 1643 4515 rationes
1694 4460 1746 4515 in
1775 4461 1883 4515 Deo
1935 4462 2342 4519 Substantiﬁcas

2444 3257 2536 3310 καὶ
2579 3257 2844 3328 ἐνιδρύει,
2890 3258 2985 3311 καὶ
3028 3254 3256 3325 ἐκφύει,
3305 3253 3397 3307 καὶ¹
3442 3253 3722 3312 ἀνακινεῖ,
3762 3251 3854 3303 καὶ
3896 3250 4027 3313 ζωοί

2444 3347 2619 3400 πάντα
2639 3387 2653 3413 ,
2682 3345 2776 3400 καὶ
2800 3345 2908 3399 τῶν
2931 3346 3065 3400 ὅλων
3092 3346 3317 3399 ἕκαστον
3344 3342 3559 3405 οἰκείως
3580 3339 3754 3409 ἑαυτῷ
3780 3338 3873 3393 τοῦ
3894 3337 4025 3391 ταὺ-

2441 3438 2534 3491 τοῦ
2574 3440 2667 3493 καὶ
2687 3440 2803 3504 ἐνὸς
2821 3439 2968 3511 ἡλίου
3005 3437 3254 3509 μετέχει,
3284 3435 3497 3499 καὶτὰς
3520 3434 3628 3487 τῶν
3656 3431 3862 3485 πολλῶν
3891 3448 4021 3501 μετ-

2443 3531 2673 3602 εχόντων
2702 3534 2731 3585 6
2762 3526 2842 3595 εἷς
2877 3531 3025 3602 ἥλιος
3046 3529 3222 3593 αἰτίας
3250 3530 3305 3581 ὲν
3335 3526 3507 3596 ἑαυτῷ
3532 3524 3815 3597 μονοειδῶς
3836 3524 4023 3592 προεί-

2442 3623 2581 3695 ληφε
2602 3641 2613 3653 ·
2654 3622 2831 3694 πολλῷ
2858 3639 2923 3691 γε
2960 3620 3157 3693 μᾶλλον
3192 3620 3283 3673 ἐπὶ
3305 3619 3405 3689 τῆς
3440 3618 3533 3671 καὶ
3566 3615 3729 3671 αὐτοῦ
3765 3614 3856 3667 καὶ
3882 3616 4021 3667 πάν-

2442 3733 2550 3768 των
2596 3716 2772 3779 αίτίας
2792 3716 2858 3781 ⁷⁸,
2895 3715 3298 3786 προϋφεστάναι
3330 3712 3399 3765 τὰ
3433 3711 3609 3766 πάντα
3648 3709 3755 3763 τῶν
3786 3708 3956 3761 ὄντων
3977 3708 4020 3739 τ’

2443 3806 2891 3878 παραδείγματα,
2923 3805 3065 3859 κατὰ
3098 3804 3224 3876 μίαν
3249 3802 3569 3873 ὐπερούσιον
3591 3800 3782 3853 ἕνωσιν
3813 3815 4023 3869 συγχω-

2448 3895 2667 3966 ρητέον
2706 3896 2826 3949 ἐπεὶ
2860 3896 2953 3950 καὶ
2984 3896 3170 3960 οὐσίας
3212 3896 3448 3966 παράγει
3486 3893 3628 3947 κατὰ
3659 3892 3756 3963 τὴν
3795 3892 3902 3946 ἀπὸ
3934 3893 4021 3945 οὐ.

2445 3994 2566 4059 σίας
2601 3992 2843 4048 ἔκϐασιν.
2880 3994 3302 4066 Παραδείγματα
3330 3992 3386 4047 δέ
3425 4008 3601 4062 φαμεν
3632 3986 3769 4044 εἶναι
3801 3990 3928 4052 τοὺς
3965 3989 4018 4040 ὲν

2443 4094 2562 4166 Θεῷ
2594 4094 2701 4147 τῶν
2739 4094 2906 4149 ὄντων
2948 4094 3289 4158 οὑσιοποιοὺς
3337 4094 3430 4147 καὶ
3464 4090 3679 4154 ὲνιαίως
3697 4090 3741 4120 ⁸ο
3784 4093 4009 4163 προῦφε-

2445 4188 2654 4251 στῶτας
2687 4186 2875 4256 λόγους
2898 4227 2913 4255 ,
2948 4186 3040 4251 οὓς
3073 4189 3107 4259 ἡ
3138 4186 3381 4257 Θεολογία
3415 4184 3780 4259 προορισμοὺς
3826 4181 4017 4242 καλεῖ,

2444 4282 2537 4335 καὶ
2568 4280 2686 4335 θεῖα
2709 4282 2801 4334 καὶ
2823 4281 3004 4350 ἀγαθὰ
3036 4281 3344 4353 θελήματα,
3365 4280 3473 4333 τῶν
3506 4277 3673 4333 ὄντων
3696 4272 4019 4347 άφοριστικὰ

2444 4374 2539 4427 καὶ
2577 4374 2867 4447 ποιητικὰ,
2905 4374 3026 4428 καθ’
3050 4373 3142 4439 οὓς
3175 4376 3203 4426 ὁ
3235 4371 3555 4444 ὑπερούσιος
3583 4372 3650 4425 τά
3683 4370 3812 4424 ὄντα
3845 4369 4017 4422 πάντα

2444 4467 2540 4520 καὶ
2578 4465 2847 4539 προώρισε
2885 4467 2979 4520 καὶ
3017 4466 3355 4538 παρήγαγεν.

764 4565 947 4605 rerum
986 4562 1041 4607 et
1069 4552 1215 4606 unite
1242 4552 1669 4621 .przeexistentes
1695 4592 1710 4619 ,
1763 4568 1900 4623 quas
1944 4554 2160 4610 divmus
2212 4571 2391 4612 sermo
2435 4568 2596 4613 vocat
2650 4560 3130 4630 praxdeﬁnitiones,
3172 4567 3229 4615 et
3279 4557 3488 4615 divinas
3520 4566 3680 4625 atque
3713 4555 3885 4607 bonas
3930 4567 4016 4602 vo-

764 4643 1043 4706 luntates,
1091 4659 1273 4699 rerum
1320 4645 1656 4701 deiiuitrices
1703 4657 1754 4701 et
1814 4645 2149 4704 eﬂ'ectrices:
2205 4652 2498 4707 secundum
2546 4668 2683 4723 quas
2713 4654 2803 4723 qui
2877 4662 2961 4709 est
3005 4666 3167 4723 supra
3228 4649 3623 4713 substantiam.
3671 4649 3854 4703 οιιιιιίίι
3900 4662 4014 4717 qui”

765 4750 893 4792 sunt
925 4739 1284 4809 prmdelinivit
1318 4750 1374 4794 et
1403 4742 1680 4809 produxit.

2323 4857 2468 4931 §IX

839 5004 897 5056 Si
926 5013 1105 5058 autem
1140 5002 1251 5056 vult
1290 5001 1540 5058 Clemens
1588 4999 1975 5070 philosophus,
2027 5001 2095 5055 ad
2131 5001 2337 5072 aliquid

2516 5003 2579 5057 Εἰ
2614 5002 2671 5056 δὲ
2701 5002 2728 5055 6
2766 5000 3053 5070 φιλόσοφος
3090 4999 3231 5065 ἀξιοῖ
3260 4997 3491 5070 Κλήμης
3512 5038 3525 5063 ,
3551 5000 3644 5049 καὶ
3680 4997 3815 5067 πρός
3836 5015 3888 5050 τι
3911 5015 4009 5050 πα-

765 5093 873 5148 dici
921 5096 1253 5166 exemplaria
1290 5110 1409 5164 qua:
1453 5102 1580 5150 sunt
1625 5094 1680 5148 in
1732 5094 1895 5148 rebus
1926 5094 2341 5163 principaliora,

767 5188 1111 5256 progreditur
1137 5188 1379 5258 quidem,
1412 5204 1532 5243 eum
1567 5190 1645 5243 sic
1674 5188 1933 5257 loquitur,
1965 5206 2073 5243 non
2106 5204 2203 5259 per
2225 5204 2343 5261 pro-

767 5278 885 5347 pria
916 5289 971 5333 et
996 5280 1235 5348 perfecta
1268 5290 1324 5335 et
1355 5281 1621 5350 simplicia
1654 5282 1871 5336 nomina
1898 5300 1912 5349 ;
1947 5282 2038 5337 sed
2069 5282 2112 5335 si
2142 5296 2339 5336 conce-

766 5371 962 5425 damus
1004 5372 1169 5426 etiam
1220 5374 1325 5428 hoc
1374 5385 1521 5429 recte
1560 5376 1707 5443 dici,
1759 5386 1972 5445 oportet
2029 5373 2341 5429 meminisse

2451 5095 2785 5168 ραδείγματα
2833 5093 3119 5164 λέγεσθαι,
3160 5092 3230 5146 τὰ
3274 5092 3331 5144 ὲν
3370 5095 3480 5155 τοῖς
3518 5088 3665 5145 οὖσιν
3699 5091 3995 5163 άρχηγικώ-

2443 5205 2575 5257 τερα
2598 5226 2615 5252 ,
2648 5187 2859 5259 πρόεισι
2899 5185 2998 5258 μὲν
3032 5185 3092 5237 οὐ
3126 5184 3213 5237 διὰ
3243 5183 3446 5254 κυρίων
3485 5184 3578 5237 καὶ
3615 5182 3893 5235 παντελῶν
3923 5181 4006 5234 καὶ

2446 5279 2634 5334 ἁπλῶν
2663 5279 2937 5348 ὀνομάτων
2959 5279 2986 5332 6
3007 5276 3161 5347 λόγος
3192 5274 3342 5346 αὑτῷ
3363 5292 3376 5305 ο
3412 5273 3824 5346 συγχωροῦντας
3842 5275 3897 5328 δὲ
3921 5273 4009 5326 καὶ

2443 5372 2601 5425 τοῦτο
2630 5371 2803 5441 ὀρθῶς
2840 5371 3093 5441 λέγεσθαι
3116 5410 3131 5435 ,
3177 5369 3277 5440 τῆς
3311 5367 3583 5436 θεολογίας
3618 5364 4007 5439 μνημονευτέον

2049 5554 2276 5609 VARUS
2310 5551 2709 5609 LECTIONES.

889 5739 909 5769 ‘
943 5738 1124 5792 subdit
1158 5736 1194 5789 Ρ
1259 5738 1349 5790 καὶ
1382 5737 1441 5789 τὸ
1465 5732 1626 5789 εἶναι.
1719 5738 1764 5769 ⁷⁸
1801 5739 2048 5806 ὑμνοῦσι,
2088 5739 2143 5791 S.
2176 5738 2235 5789 D.

772 5823 825 5870 et
854 5810 1047 5875 αἴτιος,
1086 5808 1155 5862 Μ.
1197 5808 1286 5864 Sc.
1363 5810 1405 5841 7°
1444 5808 1656 5862 πάντων
1694 5810 1797 5862 τῶν
1824 5810 1991 5863 όντων
2026 5810 2079 5864 S.
2122 5810 2176 5864 P.
2218 5809 2276 5863 υ.

2335 5739 2378 5769 ⁷⁸
2415 5736 2667 5799 συνελών,
2707 5736 2772 5787 Μ.
2807 5735 2889 5788 Sc.

2369 5808 2413 5840 ’έθ
2449 5808 2698 5875 ἑνιαίους,
2738 5806 2792 5862 S.
2828 5806 2883 5861 ι».

3003 5736 3048 5769 ’⁷
3082 5738 3189 5793 τῶν
3220 5736 3399 5803 ὄντων⁵
3438 5733 3507 5789 Μ.
3538 5735 3629 5791 Sc.
3709 5736 3754 5768 ⁷⁸
3788 5734 3879 5790 ἐπὶ
3910 5734 4006 5806 γῆς
