4156 6312
171 387 287 447 8‘29
811 388 899 444 DE
934 389 1184 449 DIVINIS
1218 392 1613 451 NOMINIBUS.
1648 394 1800 452 CAP.
1838 395 1901 452 V.
1930 427 1996 438 -—
2022 395 2344 452 CORDERII
2378 396 2605 452 NOTAE.
3305 399 3409 457 830

179 506 497 586 ebritudine.
529 506 657 586 Sine
684 510 1091 586 pulchritudine
1123 514 1272 576 dicit,
1303 515 1428 584 quia
1462 517 1837 586 abipso't'acta
1883 524 1967 568 est
1992 515 2358 585 pulchritudo,
2394 517 2507 585 ipse
2551 532 2678 570 vero
2719 526 2800 570 est
2839 530 3003 585 supra
3050 518 3410 584 pulchritudi-

180 593 331 658 ῃςιιῑ.
361 579 727 658 Ᾱυοιυτὶιεξίεε
758 596 889 658 vero
917 582 1231 658 scripturas
1255 579 1385 639 sunt
1421 579 1583 641 lsaite
1618 602 1711 642 LIII
1742 606 1755 643 :
1800 579 2037 639 Vidimus
2066 603 2208 650 eum,
2236 596 2294 658 ret
2338 579 2441 640 non
2471 587 2693 641 habebat
2730 579 2974 658 speciem,
3016 579 3123 642 etc.
3180 588 3293 643 Hoc
3343 590 3412 643 de

180 647 404 728 Cbristo
429 650 724 703 secundum
751 647 1155 728 humanitatem
1182 656 1391 728 dictum
1415 668 1517 719 est,
1543 662 1686 724 quod
1717 658 1891 723 magis
1924 659 2097 710 adhuc
2128 647 2371 710 declarat
2393 659 2535 725 quod
2571 647 2850 728 sequitur;
2887 657 2975 711 sed
3006 659 3188 727 potius
3210 662 3407 727 species

178 719 298 786 ejus
322 719 638 802 inhonorata
657 733 705 774 et
728 720 1276 802 deﬁciensplusquant
1301 719 1354 802 in
1389 719 1626 802 omnibus
1661 728 1788 797 ﬁliis
1810 719 2121 792 ‘ltominum;
2149 730 2227 802 sic
2249 719 2661 802 etiim_est_aputl
2686 727 2848 802 LXX.
2879 719 3406 797 Delicieutem'dixit,

183 797 410 870 promer
439 792 785 870 mutationem
814 791 1015 846 coloris
1048 796 1311 870 naturalis
1344 791 1713 870 in_palloretii,
1747 814 1811 851 ex
1843 812 2056 870 ret-essu
2096 791 2295 870 caloris
2338 798 2402 850 ad
2434 791 2626 870 intima
2647 801 2911 870 sanguine
2932 813 2988 853 se
3016 791 3407 864 contralieeite,

181 868 241 942 et
276 859 560 942 superﬁcie
619 860 959 942 refrigerata,
1004 872 1062 914 ut
1098 863 1355 942 Leontius
1410 859 1709 938 Byzantius
1741 876 1822 921 nol

1763 869 1968 942 iotavit_
1994 868 2243 942 scribens
2270 879 2459 921 contra
2506 859 3010 942 ἈφΘαρτῦδρκήτας
3064 874 3155 939 qui
3186 859 3404 942 carnem

180 928 383 1010 Christi
430 928 848 1010 corruptibilem.
887 932 1055 1010 fuisse
1084 936 1376 1003 negabant,
1404 928 1467 991 ac
1500 940 1725 1007 proinde
1756 954 1863 1010 non
1896 938 2064 992 fuisse
2096 938 2146 991 iii
2198 954 2261 992 eo
2296 928 2591 1007 passmiies'
2621 928 2905 992 naturales
2952 928 3260 995 tradebant.
3301 941 3407 993 Sed

180 996 321 1083 nihil
348 996 620 1083 prohibet,
653 1002 790 1083 'qtll'lt
818 1001 1131 1083 de“C_hristo
1156 996 1374 1083 Quoque
1414 996 1705 1083 sec-uadum
1755 1009 2093 1083 divinitatem
2148 996 2485 1083 intelligatur
2515 1020 2646 1083 esse
2674 1011 2793 1063 sine
2840 1010 3265 1083 pulchritudine,
3316 1010 3407 1079 qui

178 1077 550 1153 era-tereator
568 1070 1014 1153 pulchritudinis,
1049 1089 1112 1126 ac
1136 1070 1368 1153 proinde
1395 1095 1498 1153 non
1536 1079 1763 1153 pulcher
1790 1080 1883 1133 sed
1914 1077 2199 1153 plusquam
2229 1070 2473 1153 pulcher,
2504 1080 2647 1147 quod
2680 1070 2901 1133 estesse
2934 1081 3051 1134 sine
3082 1070 3281 1153 specie.

255 1138 458 1219 ibidem
491 1148 638 1219 nota,
675 1143 1005 1219 exemplaria
1034 1138 1158 1197 esse
1191 1148 1426 1219 rationes
1468 1138 1659 1202 in'Deo
1685 1138 2087 1203 substanlilica's
2122 1138 2323 1219 rerum.
2360 1138 2534 1203 Docet'
2566 1161 2743 1201 autem
2768 1164 2882 1213 eas,
2912 1152 3094 1204 vocari
3114 1138 3409 1219 praedesti-

179 1212 555 1294 n'at‘ionesaet:
576 1212 754 1294 bonas
771 1213 1088 1294 divitiasque
1120 1214 1446 1294 voluntates,
1480 1234 1662 1294 rerum
1697 1219 2030 1294 delinitrices
2062 1229 2117 1273 et
2167 1218 2512 1284 ell‘ectrices;
2548 1221 2671 1287 quia
2702 1220 2800 1272 etsi
2842 1212 2971 1294 idem
3001 1212 3313 1294 secundum
3350 1234 3410 1274 so

176 1280 293 1330 sint
323 1280 375 1341 iii
412 1280 705 1357 intellectu,
741 1291 922 1357 tanien
948 1280 1224 1357 q‘uia__siue
1259 1286 1483 1354 imperio
1525 1290 1819 1343 voluntatis
1844 1290 1972 1343 nihil
2001 1301 2319 1357 aperanttir,
2361 1306 2458 1343 nec
2485 1280 2752 1343 exercent
2800 1288 3031 1344 ollieium
3081 1293 3234 1354 ideae,
3284 1294 3408 1344 ideo

177 1358 341 1427 vocat
376 1364 469 1403 eas
497 1350 667 1429 bonas
694 1352 1019 1429 voluntates.
1050 1353 1297 1429 Cletiieiis
1330 1350 1511 1411 autem
1563 1359 1961 1413 Alexandrinus
1995 1350 2090 1412 lib.
2134 1374 2165 1411 v
2233 1350 2556 1412 Stroniatum
2601 1362 2699 1413 sub
2739 1360 2931 1425 linem,
2972 1380 2990 1410 ι
3021 1350 3258 1415 Alterum
3280 1400 3296 1426 ,
3329 1361 3412 1414 iti-

178 1421 614 1499 qnit,_iiiundttt_i_i
649 1423 798 1475 novit
846 1423 1076 1499 barbara
1111 1425 1447 1499 philosophia
1480 1429 1583 1496 (sic
1633 1431 2000 1483 Christianam
2051 1429 2450 1497 philosophiam
2487 1430 2662 1499 vocnt)
2707 1421 3125 1495 intelligibilein,
3172 1421 3407 1483 alterum

176 1491 517 1571 sciisiliileiii,
541 1491 1131 1571 illum“archetypum,
1190 1491 1335 1571 hunc
1369 1491 1656 1571 iiiia'gineui
1701 1501 1816 1571 ejus
1848 1501 1937 1568 qui
1966 1491 2246 1566 exemplar
2269 1491 2493 1565 dicitur.
2539 1518 2556 1549 ι
2587 1491 3146 1571 ιΕῙεςιιιιίυίιμιυψιέ
3194 1501 3411 1557 Boetius

177 1555 259 1611 De
294 1562 650 1614 consolatione
682 1562 775 1616 lib.
808 1555 1075 1624 ttt,tu'e'tro
1101 1555 1153 1631 9,
1185 1566 1286 1621 hoc
1308 1555 1586 1638 exemplar
1617 1555 1879 1625 tlescribil
1908 1572 1991 1626 his
2021 1555 2201 1623 verbis
2229 1588 2244 1623 :

883 1740 956 1775 ._.
996 1740 1016 1775 .
1054 1741 1069 1757 .
1113 1744 1133 1775 ,ν
1177 1701 1251 1755 Tu
1290 1716 1477 1761 cuncta
1513 1722 1733 1775 superno

882 1771 1048 1846 ριιίῖίεΔ
1083 1774 1147 1825 ab
1181 1775 1440 1840 exemplo,
1478 1771 1754 1843 pulchrum
1794 1781 2173 1846 pitlclierrtinus
2213 1777 2320 1845 ipse

883 1842 1138 1896 Mundum
1171 1855 1336 1898 mente
1374 1842 1573 1912 gerens,
1606 1842 1869 1918 similique
1901 1850 1955 1902 in
1993 1842 2239 1918 imagine
2250 1849 2507 1917 formans.

253 1981 293 2035 Ε
322 1982 518 2050 quibus
556 1986 791 2043 constat,
812 1980 962 2034 ideas
986 1981 1199 2049 proprie
1227 1998 1281 2035 et
1314 1983 1613 2038 normaliter
1641 1999 1763 2039 esse
1794 1995 2092 2053 conceptus
2139 1983 2379 2051 divinos,
2413 1985 2608 2052 quibus
2648 1984 2791 2039 Deus
2829 2000 2915 2039 res
2939 1985 3187 2055 singulas
3213 1989 3409 2045 conci-

176 2056 280 2122 pit,
309 2054 452 2107 sicut
476 2059 883 2125 ea_s_cre_atui_'us
913 2061 1020 2125 est,
1059 2065 1150 2104 ant
1180 2067 1379 2125 creare,
1406 2062 1599 2120 potest.
1635 2055 2069 2125 Qtizeseuteiitia
2116 2057 2283 2109 etiam
2315 2067 2397 2109 est
2429 2056 2485 2107 S.
2513 2056 2792 2124 Augustini
2832 2058 2922 2110 lib.
2974 2054 3182 2110 LXXXIII
3254 2059 3410 2125 Quar-

174 2120 433 2199 stionum,
453 2122 616 2199 quati,
651 2122 736 2175 ubi
763 2123 837 2173 ait
855 2137 879 2199 _:
907 2139 924 2170 ι
948 2120 1083 2199 Sunt
1113 2138 1343 2188 namque
1370 2124 1501 2176 idea:
1526 2124 1867 2199 principales
1892 2125 2080 2179 formte
2102 2126 2369 2194 quaedam,
2394 2125 2473 2179 vel
2505 2120 2748 2199 rationes
2785 2142 2965 2180 rerum
2994 2128 3217 2181 stabiles
3241 2120 3408 2199 alque

177 2193 676 2264 inceniinutabiles,
710 2207 829 2264 qua:
854 2193 983 2264 ipsae
1034 2194 1276 2264 lorttiata:
1327 2209 1431 2245 non
1463 2204 1610 2258 sunt,
1639 2211 1702 2248 ac
1726 2210 1821 2263 per
1855 2197 1958 2249 hoc
1979 2193 2217 2264 aiteriite,
2246 2206 2297 2249 et
2342 2211 2553 2263 semper
2579 2196 2773 2264 eodem
2810 2199 2968 2251 modo
2998 2212 3058 2251 se
3112 2193 3403 2263 habentes,

177 2279 301 2333 quae
333 2264 385 2315 iii
420 2263 597 2336 divina
626 2260 983 2336 intelligentia
1012 2262 1361 2336 continentur
1381 2280 1395 2328 ;
1419 2282 1451 2336 Δι
1482 2274 1535 2316 et
1568 2260 1741 2328 addit,
1767 2260 2069 2320 secundum
2097 2282 2192 2336 eas
2223 2266 2403 2319 omnia
2433 2260 2614 2319 creata
2658 2262 2907 2336 formari.
2952 2268 3079 2332 Qua:
3117 2260 3411 2336 perfectis-

177 2337 315 2390 sime
352 2334 683 2403 conveniunt
710 2333 907 2403 divinis
936 2333 1311 2403 conceptibus,
1337 2334 1426 2402 qui
1455 2336 1670 2403 proprie
1687 2337 1887 2389 suntin
1912 2345 2090 2387 mente
2107 2334 2220 2400 Dei,
2240 2336 2537 2389 secundum
2554 2350 2689 2400 quos
2710 2334 2851 2389 Deus
2874 2337 3053 2403 omnia
3090 2333 3247 2396 facit:
3280 2340 3404 2403 quia

179 2419 271 2458 res
296 2418 485 2456 omnes
509 2401 639 2455 facit
665 2401 821 2465 tales,
850 2402 1043 2475 quales
1070 2417 1167 2475 per
1185 2417 1279 2456 eos
1304 2401 1596 2475 cenceptus
1618 2415 2087 2473 repressentantnr,
2115 2416 2168 2458 et
2191 2415 2413 2475 propter
2437 2422 2532 2459 nos
2554 2420 2637 2459 res
2653 2401 3309 2464 creattedicunturinDco
3331 2408 3408 2460 vi-

176 2490 327 2536 vere,
346 2486 418 2527 -ut
445 2488 586 2540 saepe
609 2480 840 2524 testatur
860 2469 922 2523 1).
940 2469 1271 2545 Augustinus
1295 2489 1308 2536 ;
1340 2469 1743 2545 (ιυὶίιίιίιιιὶι-ιίιη
1769 2484 2057 2544 conceptus
2084 2469 2204 2541 Dei,
2223 2469 2312 2545 qui
2340 2485 2594 2543 tanquam
2612 2488 2746 2527 Viva:
2773 2489 3153 2545 itiiagitieseas
3178 2478 3409 2530 exactis-

178 2548 316 2599 sime
347 2550 757 2615 repraesentant,
780 2550 941 2615 atque
966 2541 1041 2615 ita
1062 2542 1455 2615 quodammodo
1471 2544 1719 2597 videntur
1733 2560 1855 2599 esse
1880 2541 1965 2598 res
1990 2548 2140 2613 ipsat,
2157 2541 2280 2599 sunt
2298 2541 2665 2615 propricdicta
2688 2544 2862 2597 vitain
2889 2541 3016 2600 Deo.
3035 2544 3093 2597 Hi
3114 2555 3407 2614 conceptus

175 2616 366 2676 etiam,
393 2615 686 2667 secundum
706 2613 764 2664 υ.
786 2613 1142 2681 Augustinum
1173 2613 1573 2683 etDionysiuin,
1599 2614 1649 2667 iii
1677 2615 1783 2670 Deo
1806 2624 2032 2669 suntars
2062 2628 2115 2670 et
2140 2613 2317 2670 rerum
2349 2614 2666 2678 ell‘eotrices,
2689 2626 2953 2681 quatenus
2968 2616 3205 2682 dirigunt
3225 2613 3410 2669 volun-

181 2695 347 2740 tatein
374 2684 608 2754 divinam
633 2683 682 2733 in
706 2696 892 2754 reruni
913 2683 1223 2754 creatione;
1250 2695 1302 2737 et
1321 2685 1532 2738 ratione
1559 2688 1785 2737 istorum
1811 2700 1931 2738 con:
1949 2695 2165 2752 eptuum
2200 2688 2434 2738 mundus
2453 2685 2798 2754 iiitelligibilis
2818 2698 2898 2738 eet
2925 2685 2974 2736 iii
3006 2697 3182 2739 mente
3198 2685 3405 2743 divina.

252 2755 281 2825 §
307 2754 397 2807 IX.
429 2752 488 2807 Si
519 2761 693 2825 autem
723 2753 829 2805 vult
860 2752 1092 2825 Clemens
1121 2753 1476 2821 philosophus,
1503 2754 1571 2805 ad
1602 2755 1800 2823 aliquid
1829 2754 1933 2808 dici
1962 2756 2285 2824 exemplaria
2314 2771 2429 2824 qua:
2455 2763 2575 2807 sunt
2596 2752 2649 2807 in
2682 2753 2832 2807 rebus
2855 2755 3255 2824 principaliora,
3280 2771 3374 2825 pro
3402 2794 3405 2797 μ

174 2823 413 2898 greditur
435 2824 670 2898 quidem,
702 2838 818 2873 cum
846 2823 919 2874 sic
948 2823 1197 2898 loquitur,
1231 2840 1331 2898 non
1360 2839 1450 2892 per
1474 2827 1689 2893 propria
1711 2836 1761 2879 et
1788 2826 2017 2894 perfecta
2064 2823 2116 2879 et
2145 2823 2409 2894 simplicia
2441 2825 2673 2877 nomina.
2708 2825 2764 2878 ld
2811 2833 2918 2888 cst,
2951 2823 3045 2892 per
3072 2842 3129 2880 se
3167 2823 3314 2890 esse,
3340 2839 3396 2881 et

182 2895 281 2965 per
309 2912 367 2950 se
398 2896 525 2959 vita,
566 2906 620 2947 et
662 2908 757 2961 per
783 2908 840 2947 se
866 2895 1152 2960 sapientia,
1186 2904 1238 2946 et
1270 2896 1490 2958 similia,
1521 2911 1638 2963 qua:
1659 2906 1786 2948 sunt
1809 2898 2095 2965 principia,
2127 2907 2179 2948 et
2213 2912 2390 2950 causa:
2424 2911 2611 2949 eorum
2656 2911 2772 2962 quae
2796 2905 2943 2957 sunt,
2971 2911 3091 2965 qua:
3133 2898 3318 2949 vivunt
3349 2908 3408 2950 et

179 2980 301 3036 qua:
331 2965 597 3039 sapientia
626 2965 846 3039 praedita
871 2975 1018 3039 sunt,
1050 2980 1154 3015 non
1176 2975 1404 3039 possunt
1425 2966 1527 3018 dici
1555 2968 1775 3039 proprie
1800 2969 2159 3039 exemplaria;
2192 2968 2341 3034 quia,
2370 2980 2600 3039 quorum
2636 2966 2737 3018 ista
2769 2976 2898 3039 sunt
2926 2967 3218 3034 principia,
3244 2965 3409 3039 ωε

187 3033 296 3091 non
328 3037 464 3089 liutit
494 3043 550 3087 ut
576 3033 858 3105 imitentur
885 3034 974 3085 illa
1007 3036 1117 3101 ipsa
1139 3036 1423 3103 principia,
1458 3033 1710 3089 sedliuiit
1737 3046 1794 3089 ut
1823 3038 2109 3105 impleatur
2133 3038 2182 3089 iii
2210 3033 2293 3089 eis
2322 3033 2462 3104 quod
2490 3037 2667 3088 divina
2701 3038 2971 3103 sapientia
3005 3033 3404 3100 ordinavit—ftis

179 3117 289 3168 est,
318 3107 459 3175 quod
488 3114 609 3158 erat
644 3104 697 3155 iii
740 3104 857 3176 idea
892 3116 944 3157 et
972 3106 1271 3173 exemplari
1306 3106 1509 3160 divino.
1541 3106 1655 3160 Non
1708 3118 1833 3159 sunt
1872 3104 2039 3161 etiam
2095 3106 2333 3176 perlecta
2382 3106 2742 3171 exemplaria,
2776 3120 2897 3176 cum
2927 3107 3040 3173 ipsa
3070 3106 3192 3161 aliis
3222 3122 3402 3160 exem-

177 3177 427 3248 plaribus
454 3176 746 3248 indigeant.
770 3175 1352 3248 _Non_smit_siuipliCia,
1390 3178 1518 3245 quia
1545 3176 1707 3231 simul
1749 3192 1875 3231 sunt
1899 3179 1964 3229 ad
2000 3175 2281 3245 exemplar
2309 3178 2541 3229 formata
2578 3177 2720 3246 (qua:
2754 3175 2911 3245 vulgo
2937 3184 3198 3230 vocantur
3225 3194 3407 3232 exem-

177 3241 348 3318 iilata)
387 3245 735 3312 exemplaria.
768 3241 842 3318 lla
874 3246 1027 3318 divus
1055 3241 1308 3318 'l‘lioi_iias.

250 3321 330 3371 Ad
359 3318 532 3370 locum
561 3325 736 3367 autem
769 3316 938 3386 Exodi
966 3330 1108 3367 xxv:
1144 3314 1264 3367 Non
1299 3314 1521 3370 ostendit
1547 3316 1644 3371 illa
1670 3317 1785 3382 tibi,
1811 3326 1954 3381 nota,
1992 3318 2137 3371 illum
2171 3332 2274 3370 non
2301 3331 2421 3371 esse
2450 3317 2518 3371 ad
2552 3317 2772 3370 verbum
2807 3332 2834 3367 a
2866 3314 3122 3386 Dionysio
3150 3318 3402 3384 citatum,

178 3388 277 3444 sed
310 3389 873 3457 secuiidumsensmii.
909 3385 999 3437 Sic
1027 3388 1280 3437 nimirum
1312 3389 1596 3454 apostolici
1645 3388 1893 3457 discipuli
1922 3404 1950 3439 a
1975 3390 2178 3441 sanctis
2225 3388 2486 3454 ap0stolis
2533 3386 2839 3457 didicerunt
2882 3385 3056 3439 citare
3107 3388 3405 3455 aliquando

180 3461 546 3526 Scripturam,
581 3456 717 3526 sicut
749 3456 847 3521 ipsi
878 3458 1050 3509 sancti
1088 3457 1317 3523 apostoli
1355 3459 1625 3510 interdum
1656 3454 1884 3521 faciunt;
1924 3460 2002 3511 sic
2027 3459 2170 3511 enini
2199 3457 2276 3509 ait
2306 3459 2587 3525 Scriptura
2624 3474 2635 3508 :
2665 3454 2895 3523 Inspice,
2922 3466 2971 3509 et
3006 3457 3091 3524 fac
3117 3454 3403 3511 secundum

174 3524 442 3595 exeniplar
468 3526 604 3594 quod
637 3524 731 3577 tibi
762 3534 1107 3578 monstratum
1138 3536 1214 3577 est
1246 3528 1298 3577 in
1339 3538 1509 3580 monte
1534 3538 1579 3580 P.
1614 3530 1744 3582 Cum
1782 3532 1873 3588 ait,
1910 3526 2134 3596 Inspice,
2166 3536 2214 3581 et
2239 3527 2323 3595 [ac
2348 3524 2629 3579 secundum
2661 3528 2925 3594 exemplar
2956 3532 3096 3596 (sive
3125 3529 3401 3596 exempla-

180 3604 290 3664 ria,
320 3614 423 3651 non
451 3598 593 3650 enim
623 3597 723 3647 l'uit
754 3611 913 3647 unum
948 3607 1245 3663 exemplar,
1274 3601 1366 3649 sed
1408 3602 1595 3666 multa)
1622 3599 1716 3651 tibi
1745 3609 2011 3651 ostensum
2038 3600 2092 3650 in
2116 3607 2305 3659 monte,
2335 3599 2471 3651 satis
2501 3598 2649 3650 clare
2675 3597 2824 3659 dicit,
2853 3599 3065 3651 ostendi
3092 3601 3401 3666 exemplar,

177 3670 299 3726 sive
324 3668 675 3731 exemplaria,
713 3681 818 3718 non
859 3669 923 3737 ad
957 3667 1240 3720 colentium
1275 3669 1359 3719 illa
1385 3672 1510 3737 (hoc
1543 3672 1687 3721 enim
1718 3679 1837 3721 crat
1871 3671 1950 3721 ire
1985 3678 2105 3735 post
2135 3685 2223 3731 ea,
2257 3671 2436 3721 colere
2473 3669 2585 3730 illa,
2619 3679 2671 3719 et
2705 3671 2907 3721 habere
2937 3682 2998 3722 ea
3034 3684 3130 3735 pro
3158 3670 3282 3735 diis)
3309 3670 3403 3722 sed

181 3739 397 3797 Ostendi
428 3737 775 3803 exemplaria,
808 3736 872 3787 ad
896 3737 1207 3789 l'acictidu.ii
1238 3736 1533 3790 secundum
1560 3740 1645 3792 illa
1679 3755 1801 3807 qua:
1830 3737 2075 3793 facienda
2118 3746 2243 3791 sunt
2270 3739 2321 3790 in
2356 3738 2706 3791 tabernaculo
2738 3748 2790 3789 et
2819 3740 2961 3790 vasis
2982 3740 3119 3805 ejus,
3151 3749 3201 3790 et
3229 3745 3281 3790 in
3312 3755 3402 3792 sa-

177 3809 510 3870 cerdotibus,
547 3820 600 3859 et
622 3821 805 3857 eorum
838 3807 1146 3867 sacriﬁciis,
1176 3816 1228 3858 et
1260 3807 1312 3859 iti
1342 3809 1466 3862 aliis
1492 3821 1506 3859 :
1537 3807 1644 3861 Lex
1671 3812 1806 3863 enim
1838 3808 2078 3861 umbram
2115 3807 2335 3861 habebat
2361 3807 2661 3876 futurorum
2688 3807 2939 3860 bonorum
2973 3818 3022 3871 tt,
3050 3808 3255 3861 scilicet
3292 3812 3404 3877 Spl-

184 3881 484 3940 ritualiuin,
515 3892 635 3944 qua:
665 3878 881 3950 quidem
912 3886 1280 3950 ostensasunt
1319 3878 1485 3950 Moysi
1517 3880 1569 3930 in
1601 3884 1818 3950 spiritu,
1866 3894 2093 3948 quorum
2143 3880 2534 3950 exemplarium
2568 3878 2830 3950 imagines
2872 3890 3029 3950 erant
3056 3879 3239 3950 omnia
3284 3891 3404 3948 quae

179 3953 236 4005 in
278 3953 393 4018 lege
450 3949 685 4019 tiebaiit,
748 3945 890 3999 sicut
950 3945 1033 4019 ait
1132 3947 1272 4019 idem
1324 3945 1725 4018 Dionysius'in
1779 3945 2021 4003 extrema
2080 3950 2275 4019 pagina
2306 3945 2444 4016 cap.
2506 3948 2567 4019 ξ,
2626 3947 3014 4001 Eeclesiasticw
3071 3945 3399 4005 liierarcli'iar.

179 4016 553 4089 Quia‘igiinc
605 4018 854 4089 tjleinens
913 4018 1127 4070 videbat
1196 4016 1269 4071 τὰ
1334 4016 1499 4089 νοητὰ
1579 4021 1629 4073 id
1684 4030 1767 4074 est
1824 4016 2173 4089 spiritantia,
2236 4028 2454 4073 ostensa
2522 4016 2688 4087 Moysi
2764 4020 2943 4072 vocari
3010 4019 3062 4072 in
3122 4019 3401 4086 Scriptura

183 4087 353 4146 Exodi
385 4087 815 4159 mpabelypata
839 4101 957 4155 qua:
1013 4099 1147 4159 sunt
1181 4090 1248 4140 ad
1298 4087 1519 4158 aliquid,
1550 4091 1674 4158 quia
1726 4087 2037 4144 referuntur
2061 4097 2125 4143 ad
2163 4091 2425 4159 imagines
2462 4089 2761 4157 (exemplar
2795 4090 2939 4141 etiini
2974 4089 3169 4142 dicitur
3212 4091 3401 4157 imagi.

179 4166 289 4225 tiis,
314 4170 368 4215 et
396 4156 573 4228 iin'ago
607 4156 953 4227 exemplaris)
990 4158 1243 4211 similiter
1268 4156 1517 4214 Clemens
1548 4156 1668 4227 qua:
1698 4172 1827 4215 sunt
1864 4164 1914 4214 iu
1947 4165 2106 4214 rebus
2135 4156 2521 4230 principaliora
2555 4160 2886 4227 exemplaria
2917 4160 3023 4212 dici
3058 4160 3249 4230 voluit,
3281 4156 3402 4226 qua:

180 4235 251 4287 ad
283 4230 482 4298 aliquid
524 4230 853 4301 releruntur,
882 4234 948 4301 ad
981 4229 1069 4280 illa
1095 4230 1303 4283 scilicet
1330 4246 1561 4298 quorum
1600 4244 1730 4285 sunt
1758 4233 2045 4301 principia,
2069 4228 2148 4282 ut'
2170 4246 2348 4284 causa:
2370 4239 2434 4281 ad
2456 4228 2670 4293 eﬂecta,
2697 4239 2752 4301 et
2779 4230 2967 4301 ell'ecta
2999 4229 3066 4281 ad
3097 4244 3314 4281 causas.
3342 4232 3398 4284 Si

180 4321 265 4357 sic
288 4306 483 4368 accipit
510 4299 782 4363 Clemens,
816 4309 871 4349 ut
897 4299 1057 4366 plane
1082 4300 1357 4367 accepisse
1393 4302 1626 4365 videtur,
1658 4299 1805 4355 recte
1830 4304 2077 4370 accepit;
2108 4310 2161 4354 et
2190 4302 2267 4354 sic
2293 4302 2455 4353 etiam
2492 4302 2594 4353 ista
2630 4299 3035 4367 principaliora,
3071 4315 3190 4367 qua:
3213 4315 3393 4354 exciti--

179 4376 355 4444 plaria
385 4380 559 4437 \ocat,
580 4379 955 4444 creatasunt,
990 4372 1132 4423 sicut
1163 4372 1249 4424 illa
1286 4372 1586 4440 spiritualia
1629 4373 1961 4440 exemplaria
1998 4370 2408 4444 ostensahbioysi
2440 4370 2492 4421 iii
2524 4379 2728 4433 monte,
2761 4385 2865 4422 non
2889 4370 3107 4444 quidem
3141 4382 3395 4438 tanquam

178 4440 514 4511 exemplaria
556 4441 645 4509 illa
686 4440 885 4499 divitia,
922 4455 1040 4508 qua:
1070 4451 1197 4494 sunt
1225 4452 1464 4496 iiicreata
1503 4454 1557 4496 et
1590 4453 1817 4510 aeterna,
1871 4444 2164 4495 invisibilia
2206 4441 2301 4495 Dei
2332 4440 2398 4493 et
2434 4444 2729 4511 adoranda,
2767 4455 2888 4508 quae
2933 4451 3058 4492 sunt
3096 4441 3207 4509 ipse
3257 4444 3400 4494 Deus

179 4510 640 4581 simplicissimus,
682 4514 775 4565 sed
824 4520 1080 4579 tauquam
1111 4514 1442 4580 exemplaria
1491 4525 1697 4577 creata,
1734 4523 1788 4567 et
1834 4515 1998 4565 tuenti
2043 4514 2243 4581 Moysis
2279 4510 2538 4564 divinitus
2570 4510 2882 4573 inl'oi‘inata,
2914 4517 2975 4581 ut
3013 4512 3307 4564 secundum
3334 4524 3399 4563 ea

180 4580 405 4647 faceret,
439 4598 557 4652 quae
600 4588 780 4634 lacere
813 4581 953 4637 Deus
986 4581 1035 4636 ei
1068 4584 1439 4651 praeeipiebat,
1473 4598 1592 4652 qua:
1616 4592 1772 4637 erant
1796 4599 1972 4637 omnia
2006 4580 2273 4652 imagines
2307 4581 2544 4635 tenuiter
2566 4591 2621 4633 et
2651 4582 2882 4634 obscure
2915 4580 3251 4634 adumbrata:
3276 4581 3400 4633 illo-

178 4654 734 4719 runiexcniplarimn.
840 4714 883 4726 η

253 4727 360 4779 Alii
393 4714 535 4777 hunc
568 4729 742 4776 locum
774 4737 804 4775 a
838 4714 1093 4792 Uiouysio
1125 4723 1347 4776 citatum
1380 4739 1445 4777 ex
1486 4724 1906 4778 Deuteronomio
1945 4738 2065 4791 cap.
2104 4739 2131 4775 v
2180 4732 2450 4789 sumptum
2485 4736 2601 4774 esse
2638 4721 3074 4785 adnotaverunt;
3108 4720 3219 4792 sed,
3251 4720 3398 4774 nulla

182 4802 397 4851 ratione
427 4796 676 4864 quadrat.
702 4794 811 4862 Ego
838 4791 1224 4862 l’acn’yniereni
1254 4807 1471 4849 secutus
1500 4810 1639 4855 sum,
1672 4798 1764 4864 qui
1799 4800 1868 4847 ad
1916 4795 2064 4847 illum
2111 4796 2286 4848 locum
2330 4792 2495 4844 Exodi
2525 4806 2630 4864 xxv
2675 4792 2887 4864 retulit,
2924 4805 3088 4864 quem
3114 4791 3226 4844 dixi
3259 4793 3400 4864 cita-

184 4880 299 4920 tnm
328 4860 461 4920 esse'
480 4883 507 4917 a
542 4860 797 4933 Dionysio
819 4860 1113 4918 secundum
1140 4878 1379 4930 sensum,
1414 4866 1556 4919 sicut
1589 4860 1887 4933 aliquando
1910 4866 2086 4917 solent
2113 4863 2341 4932 apostoli
2372 4873 2427 4915 et
2460 4862 2630 4914 sancti
2672 4860 2886 4933 Patres.
2918 4862 3183 4914 similiter
3206 4863 3400 4915 citavit

180 4942 345 4989 etiam
377 4936 569 4988 ibidem
599 4931 879 5002 Dionysius
905 4933 1081 4986 locum
1111 4936 1278 5002 Epist.
1309 4942 1375 4989 ad
1408 4938 1565 4990 llom.
1592 4931 1708 5003 cap.
1738 4952 1771 4987 it
1796 4932 2121 4990 :lnvisibitia
2149 4931 2315 5003 ipsius
2348 4949 2379 4983 a
2406 4942 2646 4983 creatura
2675 4931 2874 4995 mundi,
2907 4946 2995 4998 per
3021 4946 3081 4981 ea
3108 4947 3222 5001 qua:
3254 4935 3399 5000 facta

181 5016 327 5069 sunt,
365 5005 649 5068 intellecta,
683 5005 1111 5073 conspiciuntur;
1150 5008 1359 5070 citavit,
1392 5010 1631 5075 inquam,
1659 5014 1798 5059 hunc
1826 5007 2000 5059 locum
2035 5010 2335 5059 secundum
2367 5016 2607 5068 sensum,
2636 5004 2725 5070 qui
2758 5012 2862 5065 est,
2900 5014 2956 5053 ut
2985 5006 3057 5053 ait
3088 5004 3397 5072 Dionysius,

186 5096 284 5146 per
342 5078 745 5147 proportionem
792 5076 1111 5147 Cognitionis
1156 5089 1534 5129 creaturarum
1582 5084 1775 5130 ιιιωιιςι
1829 5091 1948 5140 nos,
1991 5080 2169 5144 quoad
2210 5089 2519 5143 possumus,
2572 5075 2637 5125 ad
2683 5075 3118 5147 cognoscendum
3173 5089 3396 5147 causam

182 5144 451 5204 omnium.
478 5148 660 5214 Itaque
691 5160 810 5199 cum
842 5148 977 5198 dixit
1013 5161 1029 5198 :
1069 5145 1370 5200 Invisibilia
1403 5148 1565 5215 ipsius
1602 5158 1681 5215 (ut
1712 5149 1812 5199 hoc
1835 5149 2012 5199 obiter
2044 5151 2382 5213 observetur)
2408 5148 2619 5196 videtur
2648 5144 2803 5211 plane
2831 5144 3028 5195 Paulus
3063 5145 3398 5197 intellexisse

188 5234 281 5271 tiia
317 5236 367 5271 in
397 5218 507 5271 Deo
531 5216 862 5283 exemplaria
899 5227 1118 5278 aeterna,
1150 5234 1269 5285 quae
1311 5222 1439 5272 idea:
1474 5228 1755 5279 vocantur,
1800 5226 2095 5271 secundum
2128 5232 2262 5285 quas
2294 5218 2477 5268 omnia
2529 5229 2625 5281 per
2657 5225 2950 5266 essentiam
2980 5228 3152 5285 suiatii
3186 5216 3397 5282 simpli-

185 5290 466 5357 cis~itnam
491 5287 789 5357 cygnostit,
815 5296 870 5339 et
892 5288 1018 5339 l'ccit
1040 5284 1216 5357 omnia
1250 5296 1501 5357 tanquam
1536 5303 1631 5355 per
1665 5291 1985 5355 priiiCipiuin
2008 5300 2059 5340 ct
2086 5284 2306 5340 causam
2340 5287 2602 5350 Omnium,
2635 5296 2691 5337 et
2715 5294 2798 5336 est
2842 5284 3024 5336 omnia
3068 5293 3124 5334 ut
3153 5298 3396 5354 omnium

185 5355 373 5414 causa.
401 5359 475 5411 Ita
502 5355 801 5411 Tuirianus
829 5359 895 5409 ad
931 5356 1305 5425 Uyqarissioti,
1338 5355 1557 5412 dccadis
1591 5359 1645 5423 5,
1680 5374 1799 5425 cep.
1832 5364 1885 5410 4.

257 5434 288 5501 §
318 5430 381 5482 Χ.
417 5428 659 5484 Omnium
688 5423 1183 5501 lgllqupTlll‘Ct-ptu-m
1220 5440 1269 5480 et
1295 5431 1439 5496 finis,
1483 5441 1611 5491 εις..
1646 5423 1797 5498 atque
1834 5430 2070 5499 iit/initas
2113 5428 2281 5481 omnis
2311 5426 2612 5494 inﬁnitatis,
2656 5434 2758 5478 etc.
2787 5424 3019 5478 Sanctus
3042 5423 3281 5479 Thomas
3326 5424 3398 5477 ad

184 5500 220 5555 h
247 5499 329 5552 .itc
362 5501 573 5553 locum:
607 5517 625 5549 ι
656 5504 736 5551 Ab
764 5499 948 5566 ipsius,
983 5499 1183 5566 inquit,
1212 5507 1475 5553 iiiliiiitate
1508 5503 1877 5569 proliciscttur
1922 5517 2097 5555 omnis
2141 5501 2400 5564 intiiiitas,
2430 5510 2488 5553 et
2528 5506 2833 5569 terminatio
2881 5508 3130 5565 tanquam
3170 5510 3393 5569 acausa

188 5580 572 5639 exsuperante,
610 5583 662 5622 et
695 5565 990 5635 superlata,
1022 5565 1075 5623 et
1099 5572 1373 5624 ell'ectrice
1417 5565 1811 5641 oppesitornin,
1841 5576 1967 5640 quia
1999 5576 2051 5623 iii
2084 5589 2144 5625 se
2175 5574 2335 5623 habet
2364 5570 2567 5622 omnia.
2612 5587 2629 5617 i
2671 5565 2818 5641 Unde
2842 5583 3021 5620 nmina
3050 5581 3167 5635 quae
3191 5568 3253 5619 de
3285 5565 3394 5617 Deo

191 5655 571 5712 pia-meimur,
611 5650 835 5708 possunt
861 5644 924 5691 de
955 5645 1146 5694 eodem
1176 5642 1398 5712 negari;
1432 5639 1556 5711 quia
1610 5660 1715 5697 non
1756 5639 2082 5699 coii’veniuiit
2114 5644 2161 5699 ei
2198 5650 2258 5695 ut
2297 5642 2646 5696 inveniuntur
2696 5639 2749 5691 iii
2790 5641 2950 5694 rebus
2994 5640 3211 5703 cieatis,
3254 5650 3307 5692 et
3336 5643 3396 5689 ut

265 5813 290 5852 ι·
318 5802 461 5855 Exod
508 5819 631 5865 \xv,
665 5804 743 5856 ill.
822 5816 846 5854 't
883 5805 1013 5857 Ιίιιὺι
1084 5820 1137 5870 x,
1172 5822 1216 5858 ι.
