4186 6308
732 314 829 371 ΒἨ

1897 313 1955 369 S.
1990 310 2285 371 DlONYSll
2324 310 2807 369 AREOPAGITJE-

3861 316 3978 373 83!

735 428 1118 502 intelliguntur
1147 446 1175 502 a
1205 429 1361 485 nobis
1386 438 1442 486 et
1479 430 1879 499 signiﬁcantur.
1913 429 2067 485 Umle
2098 429 2223 502 licet
2266 428 2348 502 sit
2378 429 2699 498 principium
2729 438 2781 482 et
2822 429 2963 502 linis,
3003 428 3144 502 sicut
3174 427 3379 481 dictum
3402 436 3506 502 est,
3556 433 3737 502 tamen
3790 445 3975 497 neque

736 503 898 557 habet
923 497 1288 571 'principium,
1332 516 1505 570 neque
1533 497 1725 564 linem,
1776 516 1954 570 neque
2005 500 2261 562 medium,
2291 497 2448 571 sicut
2495 502 2546 553 iu
2592 504 2859 553 creaturis
2895 499 3292 571 intelligimus_:
3332 508 3386 571 et
3427 497 3560 571 licet
3608 498 3675 551 sit
3727 514 3971 571 praesens

734 567 986 626 omnibus
1030 580 1086 624 et
1110 567 1329 639 ubique,
1367 567 1632 639 nusquam
1668 582 1846 631 tamen
1866 567 1981 628 'est.
2024 585 2122 623 nec
2147 572 2199 622 in
2230 568 2338 622 ullo
2365 581 2449 623 est
2478 571 2619 623 sicut
2647 578 2924 623 creatura.
2956 567 3191 623 Sanctus
3235 567 3500 639 Maximus
3548 568 3599 621 in
3634 570 3886 639 centuria
3925 585 3961 634 I,

736 658 857 709 cap.
892 642 944 703 7,
977 642 1093 693 ait:
1133 660 1151 692 ι
1193 637 1364 695 (lmne
1399 637 1724 709 principium
1767 649 1821 695 et
1848 641 2082 694 medium
2115 649 2170 695 et
2212 639 2335 709 linis
2383 654 2488 709 non
2522 654 2908 709 usquequaque
2935 646 3151 709 negant,
3184 637 3312 708 quin
3346 639 3644 691 secundum
3694 637 3976 692 habitudi-

738 708 859 765 nem
894 712 1289 780 praedicentur;
1330 713 1468 764 Deus
1496 708 1674 765 autem
1706 712 1755 763 in
1783 711 2098 764 universmn
2126 708 2288 780 omni
2308 708 2623 763 habitudine
2653 709 2862 780 infinite
2888 720 2940 764 et
2979 708 3533 780 inlinitnmsuperior
3565 723 3684 780 cum
3718 709 3809 770 sit,
3838 723 3972 761 con—

736 777 1056 835 seutaiienni
1098 790 1203 842 est,
1236 789 1293 834 ut
1342 795 1511 850 neque
1557 781 1902 849 principium,
1943 796 2117 849 neque
2150 779 2410 840 medium,
2448 795 2623 849 neque
2666 780 2787 850 linis
2826 779 2929 842 sit;
2960 793 3139 846 neque
3184 777 3479 848 quidquam
3536 778 3759 831 omnino
3802 780 3970 832 habet

738 865 951 915 eorum,
989 850 1038 902 in

815 921 1013 973 Ibidem
1044 937 1057 974 :

1116 850 1274 903 uibus
1307 849 1493 903 natura
1522 852 1817 904 secumlum
1851 850 2245 911 habitudinem,
2283 850 2592 917 przedicatio
2623 851 2688 903 ad
2722 849 2926 918 aliquid
2956 850 3105 903 cerni
3132 856 3329 917 potest.

1144 930 1160 971 ι
1201 937 1359 988 neque
1408 921 1644 973 totaliter
1696 920 1800 989 ipsi
1828 920 2059 974 convenit
2110 916 2311 987 aliquid
2364 920 2681 973 wternaliter
2729 916 3084 985 existentium,
3133 926 3225 972 aut
3276 917 3630 986 temporaliter
3678 916 3976 989 subsisten-

740 990 1015 1052 tium,,etc.
1042 1007 1059 1039 ι
1087 990 1491 1051 Universaliter,
1522 990 1697 1060 inquit
1730 1001 1950 1044 sanctus
1974 990 2231 1050 Thomas,
2263 1003 2386 1060 nnn_
2404 993 2653 1060 convenit
2682 992 2728 1043 ei
2762 990 2963 1059 aliquid
2988 990 3055 1043 de
3087 1002 3314 1060 numero
3340 999 3739 1060 creaturarum,
3768 988 3861 1040 sed
3885 1003 3977 1060 se-

739 1070 962 1129 paratur
999 1075 1093 1127 per
1121 1062 1407 1126 quamdam
1442 1056 1790 1114 eminentiam
1818 1078 1833 1125 ;
1869 1079 1887 1111 ι
1929 1071 1983 1113 et
2013 1076 2204 1114 rursus
2236 1060 2307 1113 τ’(
2352 1058 2549 1129 Etiam,
2582 1060 2774 1129 inquit,
2802 1056 3088 1128 separatur
3110 1061 3177 1112 ab
3199 1058 3261 1112 iis
3287 1074 3409 1127 qua:
3435 1069 3559 1129 sunt
3584 1059 3635 1129 in
3668 1073 3784 1110 aavo
3823 1060 3877 1129 et
3919 1056 3974 1111 iu

744 1141 984 1195 tempore
1016 1145 1061 1199 p'
1088 1148 1111 1183 r
1139 1131 1426 1199 quamdam
1457 1131 1830 1185 eminentiam.
1866 1150 1885 1180 ι

1922 1132 2071 1196 Quod
2117 1132 2288 1198 igitur
2323 1128 2446 1183 alibi
2478 1127 2667 1184 etiam_
2690 1127 2916 1184 sanctus
2960 1130 3199 1184 Thomas
3225 1129 3359 1182 dixit
3391 1159 3404 1183 ,
3448 1127 3558 1181 haec
3589 1128 3685 1181 Dei
3727 1128 3975 1191 nomina,

743 1197 1170 1267 bonumapiens,
1197 1208 1249 1255 et
1281 1201 1506 1265 similia,
1540 1202 1849 1270 signiﬁcare
1874 1216 1995 1256 esse
2028 1197 2148 1255 haec
2172 1201 2226 1254 in
2279 1197 2389 1252 Deo
2435 1201 2761 1262 eminentcr,
2798 1216 2861 1253 ex
2908 1200 3184 1269 Dionysio,
3234 1214 3394 1269 quem
3429 1199 3830 1268 interpretatus
3863 1206 3977 1261 est,

742 1273 985 1337 Sumpsit.

1756 1490 1918 1563 437
1954 1490 2436 1549 PARAPHRASIS
2468 1489 2913 1547 PACHYMERE
2947 1492 3080 1563 (Mi.

815 1605 842 1676 §
886 1604 925 1658 l.
966 1604 1121 1659 Modo
1145 1602 1528 1657 transeundum
1567 1613 1649 1657 est
1680 1603 1745 1657 ad
1783 1603 2069 1658 essentiale
2109 1618 2301 1658 nomen

2479 1605 2505 1677 §
2532 1607 2572 1657 l.
2592 1605 2953 1657 Μετενεκτέον
2976 1603 3066 1655 τὸν
3088 1602 3241 1669 λόγον
3268 1602 3359 1655 ἐπὶ
3380 1600 3478 1673 τὴν
3499 1602 3663 1663 ὄντως
3699 1594 3864 1653 οὖσαν
3896 1602 3992 1654 οῦ-

738 1702 884 1754 ειιιὶδ
915 1713 1039 1752 vere
1079 1696 1383 1752 existentis.
1422 1694 1885 1760 Quemadmodum
1918 1695 2060 1749 enim
2090 1694 2307 1763 ἀγαθω-

741 1790 939 1860 νυμίαν
963 1798 1116 1842 νοοειι
1146 1800 1338 1841 nomen
1365 1785 1517 1849 boni,
1542 1785 1621 1838 sic
1636 1793 1691 1837 et
1712 1784 2096 1853 οὺσιωνυμίαν,
2116 1799 2310 1838 nomen

740 1879 907 1941 entis,
935 1878 1072 1933 sicut
1098 1875 1472 1946 ἀντωνυμίαν;
1506 1888 1602 1929 ens
1626 1884 1807 1928 autem
1832 1883 1885 1928 et
1913 1875 2147 1929 essentia
2178 1883 2305 1928 sunt

745 1971 909 2026 idem.
925 1972 1189 2025 Caeterum
1211 1978 1417 2023 tantum
1439 1968 1847 2022 admonebimus
1864 1968 2132 2022 sermonis
2152 1967 2311 2036 hujus

745 2078 967 2133 scopum
994 2078 1098 2117 non
1124 2075 1265 2128 esse,
1292 2061 1458 2131 ipsam
1487 2059 2000 2127 supraessentialem
2016 2062 2313 2114 essentiam

744 2166 1014 2223 quatenus
1042 2153 1517 2224 superessentialis
1546 2162 1649 2217 est,
1693 2152 1985 2221 explicare,
2034 2151 2127 2207 sed
2156 2165 2314 2219 expo-

744 2260 877 2299 η·ιέ
924 2245 1138 2315 quidem
1187 2245 1364 2299 omnis
1414 2244 1733 2298 substantia:
1793 2244 2142 2313 principium,
2187 2258 2315 2297 can-

742 2350 886 2403 sam,
922 2337 1241 2399 essentiam,
1278 2350 1381 2391 non
1415 2335 1470 2389 in
1521 2344 1781 2405 quantum
1823 2336 2119 2390 essentiam
2163 2349 2317 2404 supe-

750 2436 834 2483 rat
861 2429 1023 2497 (quod
1055 2429 1199 2481 enim
1250 2442 1409 2495 supra
1457 2428 1747 2482 essentiam
1787 2429 1995 2493 existit,
2048 2428 2317 2497 quomodo

747 2518 1041 2573 secundum
1071 2532 1129 2573 se
1158 2519 1417 2587 explicari
1450 2520 1707 2591 posset?)
1740 2520 1834 2575 sed
1874 2519 1927 2574 in
1954 2529 2216 2591 quantum
2248 2518 2315 2573 ab

748 2608 871 2662 aliis
891 2608 1106 2663 entibus
1131 2609 1198 2662 ab
1223 2610 1334 2677 ipsa
1362 2611 1643 2677 productis
1664 2611 1730 2664 ad
1761 2610 1933 2680 ipsam
1964 2611 2313 2665 adducimur:

750 2700 863 2769 ipsa
896 2700 1038 2753 enim
1070 2702 1365 2754 secundum
1398 2715 1457 2754 se
1491 2700 1779 2757 ineﬁ'abilis
1817 2703 2025 2764 existit,
2058 2711 2112 2756 et
2148 2703 2317 2771 ipsam

747 2792 1003 2846 unionem
1035 2793 1247 2845 excedit
1298 2807 1313 2854 ;
1365 2806 1463 2859 per
1514 2794 1768 2847 unionem
1824 2790 2130 2861 intelligens
2177 2791 2317 2845 entis

748 2885 1011 2938 unitatem
1071 2899 1135 2938 ac
1192 2884 1599 2947 deﬁnitionem,
1653 2883 1948 2937 secundum
2006 2897 2166 2952 quam
2220 2897 2318 2939 ens

2413 1697 2728 1768 σιωνυμίαν.
2768 1696 2855 1759 Ὠς
2890 1695 2998 1767 γὰρ
3036 1695 3423 1764 ἀγαθωνυμίαν
3462 1693 3609 1761 λέγει
3651 1690 3743 1745 τοῦ
3775 1691 3989 1759 ἀγαθοῦ

2410 1789 2723 1860 ὀνομασίαν,
2751 1786 2893 1840 οὕτω
2918 1787 3012 1841 καὶ
3045 1786 3410 1856 οὑσιωνυμίαν
3450 1784 3548 1855 τὴν
3572 1784 3665 1837 τοῦ
3691 1785 3846 1847 ὄντος
3865 1785 3993 1837 ὀνο-

2416 1880 2633 1951 μασίαν,
2663 1880 2821 1933 οἱονεὶ
2841 1878 3200 1949 ἀντωνυμίανο
3229 1878 3290 1930 τὸ
3316 1877 3373 1931 δὲ
3402 1875 3460 1930 ὃν
3486 1877 3579 1929 καὶ
3606 1878 3639 1947 ἡ
3664 1877 3824 1929 οὐσία
3854 1876 3991 1929 ταὺ-

2411 1974 2522 2027 τόν.
2562 1973 2991 2043 ’Υπομνήσωμεν
3010 1971 3067 2025 δὲ
3091 1970 3364 2035 τοσοῦτον,
3389 1970 3469 2024 δτι
3489 1970 3588 2022 οὐκ
3610 1969 3723 2023 ἐστι
3742 1968 3820 2039 τῷ
3842 1969 3995 2041 λόγῳ

2414 2063 2633 2127 σκοπὸς,
2663 2064 2830 2135 αὐτὴν
2872 2064 2970 2135 τὴν
3000 2062 3319 2134 ὺπερούσιον
3341 2061 3548 2125 οὐσίαν,
3638 2060 3994 2131 ὑπερούσιος,

2412 2155 2708 2225 ἐκφαίνειν·
2744 2154 2855 2209 ἀλλ’
2887 2154 3161 2223 ἐκφαίνειν
3200 2153 3298 2224 μὲν
3343 2152 3441 2222 τὴν
3471 2153 3650 2221 πάσης
3673 2151 3858 2214 οὐσίας
3874 2151 3997 2221 ,ἀρ-

2413 2244 2535 2315 χὴν,
2557 2246 2753 2311 αἰτίαν,
2782 2246 2988 2310 οὐσίαν,
3028 2246 3087 2298 οὐ
3124 2244 3257 2298 καθὸ
3295 2244 3352 2297 δὲ
3377 2245 3718 2315 ὑπερούσιον,
3757 2243 3838 2314 (τὸ
3873 2242 3993 2314 γὰρ

2414 2337 2552 2408 ὑπὲρ
2573 2338 2759 2391 οὐσίαν
2784 2337 2841 2391 ὃν
2865 2336 2979 2402 πῶς
3020 2337 3416 2407 ὲκφανθήσεται
3454 2339 3574 2391 κατ’
3618 2336 3814 2407 αὐτός)
3848 2335 3994 2391 ἀλλὰ

2414 2429 2548 2483 καθὸ
2576 2430 2683 2482 ἀπὸ
2715 2428 2822 2482 τῶν
2855 2429 3055 2500 ἑτέρως
3083 2428 3250 2481 ὄντων
3295 2430 3386 2483 καὶ
3430 2431 3559 2501 παρ’
3599 2430 3765 2499 αὐτῆς
3808 2445 3997 2499 παρα-

2415 2523 2647 2594 χθέντων
2672 2524 2751 2586 είς
2783 2522 2949 2592 αὐτὴν
2984 2521 3314 2593 ἀναγόμεθα.
3350 2521 3560 2595 Ἐκείνη
3597 2520 3706 2593 γὰρ
3733 2520 3853 2575 καθ’
3896 2521 4001 2575 αὑ-

2414 2616 2513 2686 τὴν
2539 2614 2869 2684 ἀνέκφαντός
2902 2615 3039 2678 ἐστι,
3066 2614 3161 2667 καὶ
3202 2613 3369 2686 αὐτὴν
3407 2614 3507 2685 τὴν
3545 2614 3738 2667 ἕνωσιν
3764 2612 4003 2684 ὑπεραί-

2421 2722 2585 2776 ρουσα
2604 2706 2794 2758 ἕνωσιν
2822 2702 2994 2773 λέγων
3019 2704 3079 2757 τὸ
3099 2702 3191 2757 τοῦ
3223 2704 3375 2769 ὄντος
3404 2706 3603 2758 ἑνιαῖον
3635 2706 3726 2757 καὶ
3752 2703 4003 2775 ὡρισμέ-

2416 2814 2524 2861 νον,
2556 2797 2687 2850 καθὸ
2719 2797 2776 2850 ὄν
2809 2798 2975 2850 ἐστιν.
3005 2796 3092 2860 Ὠς
3129 2796 3238 2869 γὰρ
3262 2796 3323 2850 τὸ
3353 2795 3425 2867 μὴ
3466 2795 3524 2849 ὃν
3556 2797 3653 2867 οὐχ
3678 2796 3755 2860 ἒν,
3792 2796 3907 2849 ἀλλ’
3932 2797 4002 2849 ὲκ

2418 2888 2626 2942 πολλῶν
2650 2890 2740 2942 καὶ
2754 2890 2992 2961 ἀπείρων
3009 2889 3296 2958 ἐλλείψεων
3314 2890 3796 2961 παρεισαγόμενονο
3820 2888 4001 2954 οὕτως

751 2982 854 3028 est.
884 2974 1347 3040 Quemadmodum
1378 2976 1520 3029 enim
1552 2975 1604 3028 id
1643 2975 1785 3043 quod
1815 2988 1919 3027 non
1954 2984 2061 3040 est,
2101 2989 2208 3029 non
2237 2983 2320 3029 est

2422 2981 2483 3033 τὸ
2512 2981 2592 3047 ὃν,
2632 2982 2710 3046 ἒν,
2765 2982 2897 3036 καθὸ
2939 2982 2997 3035 ὄν
3044 2983 3138 3036 καὶ
3168 2982 3494 3055 ὡρισμένον,
3537 2983 3678 3053 ὑπὲρ
3709 2983 3736 3035 ὅ
3770 2983 3919 3035 ἐστιν
3963 2983 4003 3053 ἠ

750 3078 940 3125 unum,
968 3065 1061 3117 scd
1093 3079 1156 3117 ex
1198 3064 1379 3119 nudtis
1402 3075 1565 3134 atque
1598 3064 1824 3118 inﬁnitis
1860 3065 2161 3119 defectibus
2194 3080 2323 3134 pro-

753 3156 995 3222 ductum,
1021 3158 1098 3211 sic
1126 3158 1290 3211 etiam
1325 3158 1375 3212 id
1398 3160 1539 3228 quod
1575 3167 1681 3223 est,
1710 3173 1880 3213 unum
1912 3167 2017 3223 est,
2053 3158 2106 3211 in
2143 3172 2318 3229 quan-

756 3257 868 3303 tum
908 3264 1005 3304 ens
1044 3260 1124 3305 est
1170 3267 1230 3305 ac
1280 3250 1597 3315 deﬁnitum;
1649 3265 1810 3320 supra
1842 3253 1986 3320 quod
2023 3249 2204 3305 existit
2237 3265 2323 3304 es-

754 3343 931 3397 sentia
977 3343 1063 3397 illa
1108 3344 1597 3414 supraessentialis,
1642 3359 1762 3414 quae
1793 3360 1959 3398 unum
1990 3345 2322 3412 nominatur,

759 3445 954 3488 non-ut
984 3435 1307 3503 principium
1355 3450 1728 3504 numerorum,
1775 3437 1870 3491 sed
1904 3436 2044 3505 quod
2069 3436 2324 3491 oiunihus

756 3525 1016 3590 emineat,
1048 3526 1316 3594 nullisque
1350 3528 1510 3581 rebus
1534 3542 1653 3596 quae
1682 3536 1804 3596 post
1831 3526 2004 3595 ipsum
2034 3537 2159 3581 sunt
2196 3544 2326 3583 con-

759 3618 1035 3673 nmnerari
1074 3622 1265 3688 possit,
1307 3620 1435 3689 quin
1483 3622 1649 3673 etiam
1708 3628 1929 3689 propter
1976 3619 2327 3688 compositio-

761 3711 847 3765 nis
896 3710 1220 3765 vacuitatem
1285 3723 1456 3779 atque
1516 3709 1944 3779 simplicitatem.
2001 3711 2228 3782 Itaque,
2278 3713 2323 3767 si

761 3801 929 3858 Deum
954 3818 1165 3872 quoque
1186 3818 1348 3857 unum
1382 3804 1605 3869 dixeris,
1637 3818 1742 3857 non
1779 3803 1880 3857 hoc
1905 3805 2198 3858 essentiam
2232 3804 2325 3860 Dei

760 3896 1085 3964 explicabit;
1111 3912 1232 3949 nam
1256 3897 1492 3951 essentia
1520 3895 1735 3965 proprie
1762 3896 1825 3949 de
1846 3896 1953 3949 Deo
1982 3910 2089 3949 non
2108 3896 2325 3963 dicitur,

760 3990 1019 4056 quoniam
1057 3986 1531 4056 superessentialis
1560 3996 1675 4053 est;
1708 3986 1961 4057 quocirca
1989 3988 2126 4041 hanc
2156 3986 2326 4056 ipsam

761 4086 1015 4139 unionem
1033 4084 1261 4140 extollit.
1281 4083 1739 4150 Quemadmodum
1760 4082 1923 4152 igitur
1939 4082 2003 4136 de
2020 4082 2160 4137 bono
2192 4082 2333 4135 dixi-

764 4192 906 4240 mus,
932 4176 1165 4231 divinam
1195 4178 1488 4230 bonitatem
1525 4189 1583 4229 se
1602 4173 1893 4228 extendere
1923 4182 1975 4228 et
1998 4174 2066 4227 ad
2110 4188 2171 4229 ea
2213 4188 2331 4244 quae

760 4274 984 4329 sunt,et
1013 4266 1078 4319 ad
1098 4279 1160 4319 ea
1191 4280 1310 4334 quae
1336 4280 1439 4318 non
1470 4273 1595 4319 sunt
1619 4264 1740 4334 (per
1767 4279 1829 4318 ea
1854 4263 2194 4334 scilicetquze
2223 4278 2327 4316 non

757 4367 910 4423 sunt,
941 4358 1264 4421 materialia,
1309 4359 1702 4428 materiamque
1738 4357 2112 4428 intelligenda)
2153 4361 2234 4411 vel
2260 4372 2323 4412 ea

756 4469 880 4525 qua:
936 4454 1127 4523 partim
1179 4451 1396 4521 quidem
1450 4464 1602 4517 sunt,
1638 4453 1835 4522 partim
1866 4465 1995 4506 vero
2025 4467 2129 4505 non
2176 4462 2325 4519 sunt,

760 4559 868 4599 non
906 4554 1081 4598 autem
1112 4559 1171 4596 ea
1206 4557 1323 4611 qua:
1348 4540 1535 4595 nullibi
1565 4554 1791 4610 usquam
1831 4546 1987 4593 sunt:
2028 4538 2110 4593 vel
2142 4540 2324 4603 tertio,

759 4646 819 4691 nt
843 4638 1042 4691 dictum
1071 4646 1151 4691 est
1198 4651 1228 4689 a
1265 4635 1324 4691 S.
1358 4634 1542 4699 Patre,
1573 4632 1714 4703 quod
1746 4631 1796 4685 id
1828 4631 1999 4701 ipsum
2029 4632 2171 4699 quod
2219 4646 2324 4685 non

752 4742 864 4797 est,
928 4728 1212 4797 pulchrum
1270 4726 1364 4790 sit,
1414 4723 1848 4794 quandoquidem
1894 4723 1947 4776 in
1994 4722 2105 4776 Deo
2150 4737 2246 4791 per
2274 4722 2325 4778 id

758 4823 903 4892 quod
954 4818 1405 4888 superessentiale
1454 4825 1556 4879 est,
1606 4814 2325 4880 consideretur.,Quemad-

758 4914 979 4970 modum
1010 4913 1172 4983 igitur
1211 4912 1262 4965 in
1312 4909 1563 4965 omnibus
1618 4908 1833 4962 bonitas
1873 4906 1967 4960 Dei
2008 4906 2233 4972 relucet,
2272 4914 2329 4960 et

762 5020 976 5061 rursum
1011 5004 1093 5059 his
1123 5004 1346 5067 eminet,
1392 5018 1553 5071 supra
1602 5016 1699 5055 ens
1754 5000 1995 5069 quidem,
2034 4999 2164 5070 quia
2216 5016 2325 5054 non

759 5110 850 5156 est
886 5099 1179 5170 quidquam
1244 5114 1430 5153 eorum
1495 5111 1613 5165 quae
1658 5103 1816 5159 sunt;
1870 5108 2029 5162 supra
2072 5108 2177 5147 non
2231 5107 2330 5149 ens

765 5210 917 5257 vero,
947 5194 1071 5264 quia
1119 5193 1376 5262 quidquid
1426 5190 1532 5245 tale
1562 5200 1645 5244 est
1694 5189 1989 5253 informat;
2045 5191 2125 5241 sic
2164 5186 2327 5241 etiam

761 5286 1056 5342 essentiale
1099 5285 1243 5339 eatis
1291 5300 1482 5339 nomen
1519 5283 1583 5335 ad
1633 5283 1814 5337 omnia
1860 5281 2173 5350 porrigitur,
2208 5294 2330 5334 cum

766 5383 1024 5437 omnibus
1063 5395 1185 5436 esse
1224 5380 1404 5444 donet,
1460 5386 1515 5431 et
1557 5390 1719 5445 supra
1758 5378 1869 5445 ipsa
1906 5377 2001 5439 sit,
2033 5377 2159 5445 quia
2198 5374 2332 5431 nihil

767 5484 857 5528 est
881 5489 1066 5528 eorum
1116 5487 1249 5541 quas
1270 5479 1413 5525 sunt.
1445 5469 1515 5523 At
1552 5468 1697 5522 enim
1728 5468 1856 5522 hinc
1884 5470 2152 5539 quispiam
2188 5484 2336 5537 qum-

768 5568 984 5631 siverit,
1036 5564 1313 5631 Quomodo
1354 5563 1406 5617 in
1440 5562 1581 5618 bono
1612 5562 1827 5631 quidem
1871 5562 2001 5617 dicit
2042 5562 2334 5617 bonitatem

2421 3071 2739 3144 ὑπερούσιος
2764 3072 2940 3134 οὐσία,
2963 3072 3083 3143 ἣτις
3104 3070 3420 3142 ὀνομάζεται
3437 3070 3514 3135 ἓν,
3538 3069 3724 3140 οὐχὼς
3747 3068 4003 3139 ἀριθμῶν

2421 3163 2584 3235 ἀρχὴ,
2619 3162 2753 3216 ἀλλὰ
2774 3162 2863 3215 διὰ
2888 3163 2948 3216 τὸ
2964 3163 3178 3217 πάντων
3199 3160 3517 3234 ἐξῃρῆσθαι,
3542 3161 3636 3215 καὶ
3660 3160 3810 3214 οὐδὲν
3838 3178 4007 3219 συνα-

2424 3254 2783 3326 ριθμούμενον
2812 3252 2958 3324 ἔχειν
2988 3253 3097 3307 τῶν
3134 3253 3251 3325 μετ’
3286 3253 3475 3324 αὐτὴν,
3504 3252 3679 3314 ἄλλως
3708 3251 3763 3303 δὲ
3788 3250 3884 3303 καὶ
3910 3249 4003 3303 διὰ

2423 3347 2481 3401 τὸ
2500 3346 2789 3401 ἀσύνθετον
2811 3347 2904 3400 καὶ
2932 3343 3155 3400 ἁπλοῦν.
3185 3344 3334 3409 Τέως
3358 3344 3435 3410 δὲ,
3464 3344 3557 3405 καὶ
3579 3343 3637 3397 ἓν
3660 3342 3727 3397 ἂν
3759 3342 3925 3414 εἴπῃς
3938 3342 4005 3396 τὸ

2423 3436 2595 3502 Θεῖον,
2620 3438 2679 3491 οὐ
2718 3436 2875 3490 τοῦτο
2907 3437 3199 3508 παρίστησι
3238 3436 3337 3507 τὴν
3380 3434 3563 3488 οὐσίαν
3587 3437 3683 3491 τοῦ
3715 3432 3871 3487 Θεοῦ·
3898 3450 4004 3485 κυ-

2429 3533 2557 3606 ρίως
2596 3531 2702 3602 γὰρ
2734 3530 2890 3583 οὐσία
2932 3530 3023 3582 ἐπὶ
3060 3528 3194 3582 Θεοῦ
3225 3529 3323 3582 οὐκ
3359 3526 3426 3581 ἂν
3468 3526 3695 3595 λέγοιτο,
3732 3525 3848 3579 ἐστι
3888 3523 4005 3595 γὰρ

2426 3623 2768 3694 ὑπερούσιος’
2800 3620 2889 3675 διὰ
2912 3621 3070 3675 τοῦτο
3098 3620 3383 3692 ὑπεραίρει
3421 3620 3513 3672 καὶ
3551 3618 3717 3690 αὐτὴν
3744 3618 3841 3689 τὴν
3868 3617 4007 3670 ἕνω-

2427 3730 2531 3767 σιν.
2580 3712 2665 3776 Ὠς
2692 3710 2820 3780 γοῦν
2850 3712 2943 3764 ἐπὶ
2971 3709 3065 3763 τοῦ
3113 3709 3317 3778 ἀγαθοῦ
3353 3710 3630 3780 ἐλέγομεν⁸
3672 3711 3752 3762 ὅτι
3800 3711 3833 3779 ἡ
3882 3709 4008 3762 θεία.

2425 3805 2695 3874 ἀγαθότης
2721 3803 2810 3856 καὶ
2832 3804 2911 3867 εἰς
2935 3802 3004 3856 τὰ
3034 3803 3182 3867 ὄντα,
3207 3802 3302 3857 καὶ
3336 3804 3415 3865 είς
3447 3802 3514 3853 τὰ
3552 3802 3649 3854 οὐκ
3668 3801 3793 3853 ὄντα
3820 3802 4004 3854 ἐκτεί-

2427 3911 2571 3949 νεται
2598 3892 2735 3964 (οὐκ
2765 3892 2892 3946 ὄντα
2914 3891 2969 3945 δὲ
2999 3892 3188 3963 ῥητέον
3212 3892 3281 3944 τὰ
3309 3890 3467 3945 ὑλικὰ
3496 3891 3588 3943 καὶ
3609 3890 3707 3960 τὴν
3734 3889 3884 3961 ὓλην·
3913 3892 3929 3958 )
3967 3890 4005 3962 ἢ

2379 4036 2381 4038 .
2426 3986 2495 4040 τὰ
2520 3986 2594 4058 πῆ
2632 3986 2728 4056 μὲν
2763 3985 2910 4049 ὄντα,
2949 3985 3022 4055 πῆ
3061 3984 3118 4038 δὲ
3148 3984 3249 4038 οὐκ
3292 3984 3441 4049 ὄντα,
3469 3984 3563 4037 καὶ
3588 3984 3684 4054 οὐχ
3714 3984 3900 4048 ἁπλῶς
3931 3985 4005 4039 τὰ

2432 4077 2651 4150 μηδαμῆ
2692 4076 2952 4149 μηδαμῶς
2974 4077 3118 4130 ὄντα’
3155 4077 3189 4148 ἦ
3228 4077 3433 4148 τρίτον,
3468 4076 3685 4130 κατὰτὸ
3713 4077 4007 4149 εἰρημένον

2430 4170 2577 4241 αὐτῷ
2602 4169 2679 4241 τῷ
2711 4169 2907 4242 Πατρι,
2946 4170 3025 4222 ὅτι
3050 4169 3142 4223 καὶ
3177 4169 3306 4222 αὐτὸ
3337 4169 3399 4222 τὸ
3429 4170 3503 4241 μὴ
3538 4169 3617 4234 ὃν,
3653 4169 3835 4235 καλὸν,
3874 4171 4006 4222 ὅταν

2432 4269 2489 4321 ὲν
2521 4266 2639 4337 Θεῷ
2663 4265 2747 4319 διὰ
2774 4265 2833 4318 τὸ
2854 4264 3170 4337 ὑπερούσιον
3194 4264 3483 4337 θεωρῆται.
3522 4265 3606 4328 Ὠς
3632 4263 3760 4333 γοῦν
3781 4265 3874 4318 ἐπὶ
3903 4267 4010 4319 πᾶ-

2436 4377 2521 4415 σιν
2550 4362 2583 4431 ἡ
2609 4358 2878 4430 ἀγαθότης
2899 4357 2992 4411 τοῦ
3014 4356 3148 4411 Θεοῦ
3165 4356 3364 4430 διήκει,
3383 4360 3475 4412 καὶ
3496 4358 3653 4412 πάλιν
3670 4358 3811 4428 ὑπὲρ
3830 4358 4010 4413 ταῦτά

2435 4453 2603 4516 ἐστιν,
2639 4451 2778 4522 ὑπὲρ
2820 4450 2880 4503 τὸ
2911 4448 2972 4503 ὃν
3017 4450 3137 4520 μὲν,
3182 4450 3265 4505 ὅτι
3291 4450 3391 4503 οὐκ
3429 4449 3542 4504 ἔστι
3575 4468 3626 4503 τι
3669 4450 3777 4503 τῶν
3813 4450 4004 4504 ὄντων·

2432 4543 2573 4616 ὑπὲρ
2609 4543 2670 4597 τὸ
2714 4544 2813 4597 οὒκ
2844 4542 2902 4595 ὃν
2936 4542 3015 4606 δὲ,
3049 4542 3129 4595 ὅτι
3154 4543 3247 4596 καὶ
3273 4542 3417 4596 ἅπαν
3453 4542 3691 4596 τοιοῦτον
3722 4543 4002 4597 είδοποιεῖ·

2428 4636 2601 4701 οῦτως
2634 4638 2725 4689 καὶ
2750 4638 2782 4706 ἡ
2809 4634 2903 4689 τοῦ
2930 4635 3081 4699 ὄντος
3108 4633 3442 4705 οὐσιωνυμία
3473 4636 3551 4699 εἰς
3576 4636 3749 4689 πάντα
3779 4634 3847 4688 τὰ
3873 4636 4008 4690 ὄντα

2435 4729 2755 4790 ἐκτείνεται,
2797 4729 2929 4781 πᾶσι
2976 4726 3037 4780 τὸ
3088 4722 3223 4779 εἶναι
3259 4724 3495 4789 διδοῦσα,
3538 4728 3629 4779 καὶ
3656 4727 3795 4799 ὑπὲρ
3831 4726 4010 4781 ταῦτά

2429 4820 2596 4884 ἐστιν,
2619 4818 2699 4873 ὅτι
2732 4817 2791 4871 οῦ
2820 4836 2871 4872 τι
2902 4818 3007 4872 τῶν
3050 4819 3219 4872 ὄντων
3250 4818 3417 4873 ζεστίν.
3468 4818 3602 4871 Ἀλλ’
3647 4821 3789 4874 εἰποι
3824 4837 3909 4882 τις
3941 4820 4008 4873 ἄν

2427 4912 2648 4985 ἀπορῶν
2671 4911 2921 4965 ἐνταῦθα’
2957 4910 3081 4975 Πῶς
3106 4912 3195 4965 ἐπὶ
3222 4912 3323 4983 μὲν
3357 4910 3451 4964 τοῦ
3486 4911 3691 4980 ἀγαθοῦ
3724 4911 3893 4979 λέγει,
3921 4913 4006 4965 ὅτι

2428 5006 2607 5077 διήκει
2631 5003 2953 5075 ὴάγαθότης
2971 5003 3063 5055 καὶ
3080 5004 3159 5067 είς
3183 5002 3251 5057 τά
3270 5003 3418 5068 ὄντα,
3440 5004 3533 5057 καλ⁵
3560 5005 3639 5068 είς
3660 5002 3728 5056 τὰ
3758 5004 3831 5075 μὴ
3852 5003 4004 5070 ὄψι-α,

2430 5098 2601 5153 ὲπὶδὲ
2631 5097 2725 5151 τοῦ
2758 5096 2908 5159 ὄντος
2937 5096 2996 5149 οὐ
3036 5094 3182 5163 λέγει
3222 5094 3401 5159 τοῦτο,
3444 5094 3576 5147 ἀλλά
3619 5094 3775 5165 μόνον
3829 5095 4008 5167 διήκει

2430 5192 2509 5257 είς
2532 5191 2602 5245 τὰ
2624 5191 2783 5253 ὄντας
2812 5188 2921 5242 Καὶ
2946 5176 3153 5259 ῥητέον,
3189 5188 3271 5240 ὃτι
3302 5187 3363 5239 τὸ
3388 5186 3487 5257 μὲν
3507 5185 3565 5239 ὃν
3598 5186 4001 5256 ἀγαθυνόμενον

2436 5286 2584 5356 μένει
2617 5283 2872 5345 πολλάκις
2899 5281 2971 5353 μὴ
2993 5282 3068 5333 ὄν·
3095 5281 3217 5333 ἐπεὶ
3248 5279 3357 5351 γὰρ
3396 5279 3469 5351 μὴ
3513 5280 3570 5333 ὃν
3603 5279 3819 5348 λέγεται
3846 5282 3940 5332 καὶ
3966 5284 4001 5352 ὴ

2434 5376 2555 5447 ῦλη,
2582 5376 2781 5444 ἀγαθὸν
2804 5374 3004 5438 δόξειεν
3028 5373 3094 5427 ἂν
3117 5374 3211 5427 καὶ
3234 5373 3265 5445 ἠ
3292 5372 3389 5444 ὕλη
3413 5376 3445 5444 ὴ
3474 5373 3611 5445 νόθῳ
3644 5372 3888 5444 λογισμῷ
3907 5391 4008 5428 κα·-

2433 5469 2904 5541 ταλαμῦανομένη,
2941 5470 3031 5522 καὶ
3052 5468 3173 5539 δίχα
3204 5468 3311 5521 τῶν
3340 5468 3497 5522 είδῶν
3527 5466 3810 5538 νοουμένη,
3830 5468 3879 5519 εί
3914 5467 4008 5521 καὶ

2442 5560 2515 5632 μὴ
2542 5560 2660 5614 καθ’
2687 5561 2853 5631 αὑτήν
2878 5562 3043 5626 ἐστιν,
3068 5560 3140 5625 ὼς
3162 5561 3225 5613 ὲκ
3242 5557 3375 5614 Θεοῦ
3402 5558 3758 5631 Μραχθείσα,
3784 5558 3879 5612 καὶ
3908 5557 4006 5630 μέ-

857 5745 966 5813 (ll)
1009 5743 1137 5797 Vide
1170 5743 1381 5798 Scholia
1414 5743 1468 5798 S.
1506 5743 1742 5810 ﬂaxiuti,
1772 5754 1897 5798 tum.
1925 5739 1990 5807 ll,
2017 5756 2113 5811 cap
2170 5740 2202 5796 5
2271 5741 2342 5795 De
2364 5738 2529 5799 divin.
2559 5738 2754 5793 nomin.
