4156 6312
202 350 315 405 853

771 348 862 405 DE
900 348 1153 408 DlVlNlS
1185 349 1581 419 NOMNBUS,
1620 353 1776 413 CAP.
1814 352 1878 413 V.
1914 386 1986 398 η
2016 352 2366 414 PAMPHR.
2401 356 2875 418 PACHYMEIUE-

3343 368 3453 427 834

201 484 289 519 νει
312 464 472 521 πάλιν
507 465 581 538 μὴ
613 465 694 519 ὅν.
720 463 983 540 restat;
1015 468 1152 534 ὄντι,
1178 470 1293 535 πῶς
1323 469 1576 555 εκταθείη
1600 469 1673 525 τὸ
1695 470 1754 525 ὃν

1878 471 2045 545 538
2079 475 2387 551 pertingere
2438 476 2506 531 ad
2555 491 2620 532 ea
2675 494 2797 549 qua
2834 488 2961 536 sunt
2999 488 3054 534 et
3103 496 3168 537 ea
3197 498 3317 553 qua:
3344 503 3451 545 non

201 559 303 614 καὶ
325 563 476 631 μενεῖ
499 560 573 632 μὴ
598 560 657 617 ὂν
696 562 879 625 πάλιν,
925 561 1086 615 τοῦτο
1124 563 1307 635 πάντη
1346 563 1453 617 τῶν
1486 562 1779 620 ἀδυνάτων.

218 652 498 723 Ἀσφαλῶς
520 653 650 722 γοῦν
679 652 858 728 τίθησι
882 654 1058 709 ταῦτα
1090 654 1120 707 ὀ
1142 654 1314 724 ἅγιος.
1356 654 1586 726 Ὁμοίως
1626 656 1721 709 καὶ
1745 657 1779 729 ἠ

199 746 306 818 τῆς
337 746 480 818 ζωῆς
522 745 784 818 ὀνομασία
828 746 923 802 τοῦ
961 746 1167 817 ἀγαθοῦ
1207 747 1343 801 Θεοῦ
1384 749 1465 813 είς
1504 748 1681 805 πάντα
1710 750 1780 804 τά

202 834 387 900 ζῶντα
418 839 739 906 ἐκτείνεται,
783 841 879 895 καὶ
910 840 1053 913 ὑπὲρ
1094 840 1269 896 ταῦτά
1301 839 1437 907 ἐστι,
1472 843 1563 896 καὶ
1597 843 1632 915 ἡ
1679 842 1780 913 τῆς

205 928 398 999 σοφίας
437 931 517 995 είς
556 932 735 987 πάντα
764 933 835 988 τὰ
864 934 1057 1003 λογικά
1102 935 1196 989 καί
1240 934 1423 1007 νοερὰ,
1458 936 1583 1001 τοὺς
1614 936 1780 1006 ἀγγά-

200 1020 329 1084 λους
354 1023 517 1094 φημὶ,
561 1027 653 1079 καὶ⁵
685 1025 995 1099 αἰσθητικά,
1017 1026 1261 1098 δηλονότι
1290 1026 1395 1092 ’τάς
1422 1028 1561 1100 μετά
1592 1027 1778 1099 σώμα-

199 1129 296 1178 τος
316 1114 493 1185 ψυχὰς
526 1117 844 1184 ἐκτείνεται,
873 1118 965 1172 καὶ
1001 1118 1143 1191 ὑπὲρ
1179 1119 1351 1174 ταῦτά
1392 1121 1529 1175 ἐστι.
1576 1122 1696 1194 Χρὴ
1718 1122 1777 1176 δὲ

198 1204 419 1270 ειδέναι,
446 1207 527 1260 ὃτι
556 1208 685 1262 ὃταν
710 1210 839 1282 περὶ
870 1209 1116 1279 ἀγγέλων
1140 1210 1235 1263 καὶ
1272 1210 1574 1282 ἀνθρώπων
1601 1213 1776 1283 μόνων

195 1296 353 1368 φησί,
380 1297 505 1363 τοὺς
533 1298 795 1369 ἀγγέλους
836 1300 1058 1373 νοητούς
1093 1319 1246 1374 φησι,
1282 1302 1381 1366 τάς
1412 1301 1469 1356 δὲ
1506 1304 1776 1377 ἡμετέρας

188 1387 374 1459 ψυχὰς
394 1392 603 1463 νοερά.ς⁹
632 1390 727 1445 νῦν
759 1389 818 1445 δὲ
843 1392 1030 1465 ιπειδὴ
1064 1394 1192 1466 περί
1230 1393 1364 1449 Θεοῦ
1392 1411 1557 1465 φησιν
1576 1434 1592 1461 ,
1624 1396 1775 1449 εἰκό-

186 1495 303 1546 τως
334 1482 424 1536 καὶ
449 1483 575 1547 τοὺς
598 1482 865 1552 ἀγγέλους
896 1484 1015 1556 μεθ’
1040 1484 1196 1557 ⁴ἡμῶν
1218 1484 1436 1557 νοερούς
1460 1504 1643 1559 φησιν,
1678 1487 1774 1542 ἀτε

187 1573 290 1627 καὶ
319 1574 513 1638 αὐτοὺς
557 1574 646 1629 διὰ
678 1575 774 1629 τοῦ
824 1580 964 1631 νοεῖν
1011 1576 1104 1631 τὸν
1135 1576 1271 1631 Θεὸν
1306 1579 1673 1650 τρεφομένους
1702 1581 1771 1653 τῇ

185 1667 405 1739 νοήσει,
441 1667 621 1732 καθὼς
652 1669 745 1723 καὶ
782 1672 839 1723 αἰ
870 1668 1209 1743 ἀνθρώπιναι
1240 1669 1431 1741 ψυχαί.
1471 1673 1773 1745 Δίσθητικὰ

182 1757 243 1812 δὲ
281 1760 491 1830 νοήσεις
524 1761 618 1813 καὶ
652 1760 722 1815 τά
752 1762 943 1832 ἀλογα,
980 1762 1056 1827 ὡς
1088 1762 1183 1816 καί
1224 1762 1363 1817 αὐτὰ
1385 1763 1533 1830 θείας
1579 1766 1771 1836 σοφίας

1883 576 2033 630 sunt.
2066 567 2120 623 in
2146 576 2273 624 ente
2298 576 2477 623 autem
2514 572 2613 625 hoc
2640 585 2746 627 non
2776 570 2927 637 dicit,
2961 570 3057 629 sed
3089 582 3296 632 tantum
3326 594 3451 647 per-

1884 658 2091 729 tingere
2137 662 2206 715 ad
2261 674 2325 715 ea
2367 675 2490 731 qua:
2540 663 3070 737 existuntIUtique
3126 670 3445 739 dicendum,

1880 762 1978 805 ens
2020 750 2241 821 quidem
2297 752 2497 808 bonum
2557 755 2759 810 factum
2814 771 3035 813 manere
3084 775 3453 832 saepenumero

1883 854 1991 896 non
2029 857 2157 908 ens;
2204 856 2331 897 cum
2384 845 2526 900 enim
2566 847 2791 902 materia
2828 862 3045 920 quoque
3093 868 3201 907 non
3234 867 3333 908 eus
3364 856 3450 907 di-

1880 940 2057 998 catur,
2091 932 2276 1005 utique
2306 936 2535 989 materia
2561 951 2775 1008 quoque
2804 938 3003 995 bonum
3050 940 3322 998 videbitur
3352 944 3451 998 im-

1876 1027 2095 1094 propria
2140 1027 2352 1082 ratione
2404 1038 2624 1100 accepta
2659 1038 2727 1085 et.
2757 1029 2876 1093 sine
2917 1031 3108 1089 formis
3150 1035 3445 1101 intellecta.

1881 1121 2093 1174 tametsi
2126 1134 2231 1175 non
2274 1135 2370 1190 per
2400 1138 2459 1178 se
2480 1122 2574 1189 sit,
2604 1124 2791 1191 utpote
2817 1140 2855 1181 ι
2880 1125 2988 1181 Deo
3024 1129 3308 1197 producta,
3334 1147 3451 1185 ma-

1880 1219 2115 1281 neatque
2139 1227 2354 1269 rursum
2385 1230 2488 1270 non
2518 1230 2638 1271 ens.
2685 1215 2964 1284 Quomodo
2997 1228 3175 1275 autem
3209 1235 3305 1277 ens
3337 1238 3449 1278 non

1875 1302 1987 1357 enti
2014 1304 2305 1361 coextentll
2337 1307 2529 1376 possit,
2580 1317 2636 1364 et
2676 1317 2892 1363 maneat
2931 1325 3141 1367 rursum
3180 1328 3285 1370 non
3320 1327 3445 1380 ens,

1878 1395 1982 1452 hoc
2014 1397 2207 1468 utique
2248 1397 2584 1470 impossibile
2620 1411 2721 1457 est.
2757 1401 2963 1459 Securo
2996 1405 3161 1475 igitur
3192 1409 3444 1477 proponit

1877 1485 1989 1541 hac
2019 1497 2260 1543 sanctus.
2302 1488 2565 1547 Similiter
2595 1492 2761 1547 etiam
2795 1509 2994 1550 nomen
3039 1494 3164 1550 vita:
3194 1494 3316 1552 boni
3347 1497 3443 1555 Dei

1876 1579 1941 1635 ad
1993 1582 2173 1635 omnia
2219 1582 2457 1638 viventia
2510 1587 2845 1655 extenditur,
2896 1597 2950 1641 et
2982 1602 3145 1660 supra
3180 1590 3293 1645 haec
3329 1599 3433 1657 est,

1875 1668 1953 1724 uti
1980 1678 2034 1725 et
2062 1672 2345 1741 sapientia
2377 1675 2444 1730 ad
2489 1676 2668 1731 omnia
2718 1678 3003 1734 rationalia
3041 1691 3095 1735 et
3140 1680 3441 1751 intelligen-

1876 1762 1970 1827 tla,
2011 1764 2233 1832 angelos
2265 1766 2484 1837 inquam
2520 1779 2576 1823 et
2605 1770 2845 1837 sensilia,
2897 1769 2951 1825 id
3002 1784 3086 1829 est
3126 1774 3191 1828 ad
3232 1774 3445 1843 animas

185 1852 505 1923 μετέχοντα,
539 1856 601 1908 ὲν
637 1858 759 1922 ταῖς
800 1858 1056 1927 φυσικαῖς
1093 1855 1272 1910 αὐτῶν
1303 1859 1520 1929 ὁρμαῖς,
1558 1859 1634 1923 ὡς
1676 1860 1757 1913 sui

1872 1869 2162 1925 curporeas
2192 1861 2522 1927 extenditur,
2554 1871 2609 1915 et
2640 1877 2802 1933 supra
2840 1865 2953 1919 Itaac
2982 1866 3202 1921 eminet.
3250 1866 3441 1921 Scien-

180 1922 281 1998 τοῦ
312 1946 570 2018 ἀράχνου,
593 1948 688 2002 καὶ
718 1922 825 2002 τοῦ
851 1946 1161 2021 μύρμηκος,
1187 1949 1280 2003 καὶ
1451 1922 1624 2005 ἀλλων
1639 1950 1757 2021 ἑφε-

1870 1922 1995 2004 dutn
2046 1965 2198 2019 vero,
2236 1956 2453 2023 quando
2499 1922 2566 2011 de
2607 1922 2814 2026 ang-clis
2859 1968 2915 2013 et
2962 1959 3269 2014 hominibus
3309 1960 3441 2015 solis

181 2032 286 2108 ξῆς
315 2039 590 2109 ἁπάντων.

1869 2041 2131 2112 loquitur,
2174 2044 2348 2114 ipsum
2392 2049 2614 2120 angelos
2668 2064 2865 2105 vocare
2914 2049 3299 2119 intelligibiles,
3334 2066 3438 2105 no-

192 2142 342 2188 stras
384 2144 533 2189 ‘vero
572 2134 787 2190 animas
851 2133 1253 2207 intelligentes;
1314 2150 1463 2189 nunc
1512 2146 1693 2191 autem
1760 2152 1883 2192 cum
1943 2137 2149 2194 deDeo
2181 2153 2363 2195 sermo
2406 2150 2510 2206 est,
2560 2143 2757 2198 merito
2812 2141 2973 2200 etiam
3040 2152 3145 2199 tant
3212 2144 3437 2216 angelos

176 2228 347 2293 quam
402 2246 501 2288 nos
564 2230 933 2303 intelligenles
976 2229 1291 2301 appellare,
1352 2230 1495 2299 quod
1562 2232 1725 2286 etiam
1770 2231 1871 2302 ipsi
1930 2231 2097 2285 Deum
2167 2232 2518 2305 intelligendo
2572 2235 2938 2292 intellectione
2993 2237 3249 2304 alantur,
3322 2254 3432 2293 non

175 2333 339 2373 secus
396 2334 461 2375 ac
503 2321 694 2374 animae
721 2320 990 2375 imitante.
1062 2319 1295 2375 Sensilia
1344 2335 1474 2375 vero
1503 2318 1779 2391 intelliges
1842 2324 2006 2379 etiam
2070 2324 2456 2396 irrationalia,
2531 2337 2590 2382 ut
2665 2342 2786 2398 quae
2824 2328 2986 2383 citam
3047 2329 3285 2385 divinam
3340 2346 3433 2385 sa-

176 2412 448 2480 pientiam
474 2412 804 2483 participent
856 2410 911 2465 in
960 2411 1074 2468 suis
1115 2410 1459 2467 naturalibus
1506 2412 1990 2482 propensionibus,
2023 2424 2081 2470 ut
2108 2414 2160 2471 in
2193 2429 2392 2471 aranea
2429 2425 2482 2473 et
2535 2416 2762 2472 formica
2798 2418 3116 2489 caeterisque
3187 2421 3435 2478 omnibus

254 2514 349 2559 tet.

254 2520 270 2559 ι
309 2520 349 2559 ι.

173 2520 371 2669 page".
390 2595 604 2661 Ταύτας
630 2597 875 2668 βούλεται
900 2595 928 2649 ὁ
952 2594 1109 2665 λόγος
1130 2595 1492 2667 ὑμνῆωιτάς
1510 2597 1610 2669 τῆς
1630 2613 1765 2669 προ-

173 2695 327 2758 νοίας
365 2694 761 2766 ὲκφαντορικάς
800 2693 895 2747 καὶ
941 2692 1374 2764 παραπατικάς,
1409 2693 1503 2746 καὶ
1538 2692 1764 2764 δηλωτι-

170 2787 282 2852 κάς
312 2786 635 2858 θεωνυμίας,
660 2786 783 2840 οὐδὲ
806 2786 915 2857 γὰρ
943 2786 1113 2857 αὐτὴν
1139 2786 1238 2857 τὴν
1260 2786 1401 2856 ὑπὲρ
1428 2786 1604 2839 πᾶσαν
1626 2786 1761 2854 ἀγα-

172 2880 378 2949 θότητα
412 2882 503 2932 καὶ
528 2879 757 2951 θεότητα
788 2877 937 2950 (θεοὶ
978 2878 1088 2950 γάρ
1127 2879 1220 2932 καὶ
1254 2880 1302 2931 οἰ
1332 2876 1553 2947 ἄγγελοι
1593 2879 1687 2932 καὶ
1710 2880 1758 2932 οἰ

168 2970 373 3055 δίκαιοι
395 2969 692 3042 ἄνθρωποι)
729 2970 831 3041 τὴν
854 2969 1144 3043 ἱδρυμένην
1165 2970 1223 3023 ὲν
1238 2970 1596 3042 ἀποκρύφοις,
1616 2970 1760 3025 κατὰ

164 3062 261 3129 τό,
312 3061 407 3115 Ἑν
426 3060 751 3130 ἀποκρύφῳ
771 3060 1124 3130 mean-(60¢
1154 3060 1247 3114 καὶ
1279 3060 1341 3113 τό
1358 3102 1374 3126 ,
1397 3062 1597 3115 Ἐθετο
1611 3063 1758 3116 σκό-

167 3170 279 3219 τος
308 3148 671 3220 daome
695 3151 903 3205 αὐτοῦ·
930 3150 1065 3205 ἀλλά
1094 3151 1190 3222 τὴν
1217 3152 1328 3205 τῶν
1350 3150 1568 3220 ἀγαθῶν
1584 3152 1757 3206 ἀπάν-

1860 3149 1927 3203 tia
1971 3157 2032 3215 ²;
2099 3158 2263 3215 atque
2325 3149 2455 3204 illud
2518 3166 2535 3208 :

166 3260 281 3299 των
312 3243 491 3296 αἰτίαν
530 3241 863 3313 ἀγαθάς-ητα,
903 3243 997 3296 καί
1039 3244 1100 3296 τὸ
1127 3242 1237 3297 τῶν
1270 3243 1439 3296 ὄντων
1475 3244 1647 3299 αἴτιον
1672 3243 1751 3310 ὃν,

166 3338 270 3391 καὶ
296 3337 394 3408 τὴν
429 3335 537 3389 τῶν
566 3333 784 3411 ζώντων
809 3336 989 3389 αἰτίαν
1016 3335 1180 3408 ζωὴν,
1212 3336 1307 3390 καὶ
1335 3336 1431 3407 τὴν
1480 3337 1754 3406 σοφοδότιν

169 3430 386 3499 σοφίαν*
413 3430 465 3483 τί
499 3412 695 3482 τούτου
715 3427 1001 3498 δηλοῦντος
1038 3429 1284 3485 ἐντεῦθεν
1304 3470 1319 3494 ,
1346 3431 1404 3482 ὲν
1429 3427 1506 3499 τῷ
1529 3428 1755 3499 συνάγε-

169 3525 299 3581 σθαι
324 3526 441 3596 ἅμα
466 3523 546 3594 τῷ
570 3522 797 3593 αἰτιατῷ
823 3522 884 3576 τὺ
913 3522 1106 3579 αἴτιον·
1146 3521 1206 3575 ἓν
1228 3521 1408 3592 δῆλον,
1447 3521 1512 3575 ἵν’
1539 3521 1754 3575 ἀποδει-

167 3616 328 3688 χθείη
357 3618 421 3669 ὲκ
441 3614 533 3669 τοῦ
555 3613 800 3675 αἰτιατοῦ
820 3613 881 3668 τὸ
904 3615 1097 3668 αἰτιονσ
1120 3613 1150 3685 ἢ
1177 3615 1269 3667 καὶ
1297 3612 1571 3679 ἀπόδειξις
1593 3613 1751 3683 λέγε-

164 3728 282 3774 ται,
312 3709 425 3764 ἀλλ’
449 3709 508 3762 ού
536 3707 633 3762 τοῦ
652 3708 823 3775 διότι,
850 3707 986 3761 ἀλλά
1014 3707 1109 3761 τοῦ
1129 3707 1237 3770 ὅτι,
1267 3706 1341 3772 ὡς
1357 3709 1481 3760 ὅταν
1496 3708 1754 3760 δεικνύω-

172 3820 275 3875 μεν
304 3802 403 3874 τὴν
440 3802 539 3873 τῆς
570 3800 798 3872 σελήνης
824 3799 1144 3871 ἀντίφραξιν
1184 3798 1271 3851 διὰ
1308 3799 1407 3869 τῆς
1434 3797 1745 3867 ἐκλείψεως.

169 3890 296 3946 ’θτι
326 3892 456 3962 γοῦν
483 3894 598 3945 ἐστι
624 3891 685 3945 τὸ
709 3891 864 3944 Θεῖον
888 3890 1113 3959 ἀγαθὸν,
1142 3892 1235 3943 καί
1262 3890 1341 3954 ὃν,
1368 3890 1461 3942 καὶ
1489 3888 1621 3961 ζωὴ,
1657 3888 1751 3941 καὶ

170 3984 355 4055 σοφία,
391 3983 730 4055 μανθάνομεν
757 3982 846 4036 aut
870 3982 980 4035 τῶν
1021 3981 1296 4041 αἰτιατῶν·
1340 3982 1406 4034 δι’
1434 3980 1461 4032 ὃ
1490 3981 1547 4033 δὲ
1578 3982 1752 4036 ταῦτά

166 4077 337 4139 ἔστιν,
381 4077 439 4129 οὐ
478 4074 836 4147 γινώσκομεν,
863 4074 1049 4146 ἐπειδὴ
1077 4074 1182 4145 πρὸ
1214 4074 1408 4146 μικροῦ
1452 4073 1597 4139 ἔδοξέ
1632 4093 1748 4140 πως

168 4168 435 4223 ὑπόϐασιν
461 4168 661 4237 λέγειν,
692 4168 755 4223 τὸ
794 4170 994 4238 ἀγαθὸν
1028 4168 1195 4223 εἰπὼν
1226 4168 1319 4221 τοῦ
1360 4169 1509 4232 ὄντος
1552 4168 1744 4223 αἴτιον.

165 4262 279 4315 Καὶ
306 4260 448 4315 οὓτω
468 4261 721 4331 καθεξῆς,
749 4262 839 4315 ἴνα
862 4260 934 4333 μὴ
964 4260 1265 4332 δράξωννταί
1303 4279 1447 4325 τινες
1490 4262 1745 4334 ἀφορμῆς

166 4352 465 4415 ἀσυνέτως,
497 4352 598 4405 οὐκ
644 4351 771 4405 ἄλλο
800 4352 966 4421 φησὶν
1010 4348 1150 4404 εἶναι
1187 4351 1247 4403 τὸ
1287 4350 1366 4416 ὃν,
1409 4352 1502 4404 καὶ
1528 4352 1654 4407 ἄλλο
1683 4350 1754 4404 τὸ

166 4445 391 4514 ἀγαθὸν,
424 4445 515 4498 καὶ
544 4444 777 4515 καθεξῆς
801 4444 987 4499 τᾶλλα·
1011 4446 1069 4499 ἒν
1102 4445 1210 4516 γὰρ
1234 4446 1343 4498 τῶν
1370 4448 1621 4502 ἁπάντων
1654 4446 1741 4500 αι’-

1940 2594 2057 2669 ιιι.
2097 2595 2207 2652 Has
2243 2595 2411 2667 igitur
2464 2594 2557 2653 Dei
2608 2598 3023 2665 nominationes,
3070 2614 3190 2670 qua:
3251 2604 3436 2671 proti-

1867 2689 2081 2745 dentias
2113 2688 2207 2745 Dei
2253 2690 2508 2759 aperiunt
2538 2698 2593 2745 et
2622 2701 2927 2761 proponunt
2963 2706 3027 2746 ac
3067 2693 3433 2762 manifestam,

1866 2781 2203 2850 propositum
2242 2790 2325 2835 est
2367 2782 2685 2849 praedicare,
2722 2798 2824 2836 non
2851 2798 2980 2837 vero
3018 2783 3161 2837 illam
3190 2800 3309 2853 qua:
3338 2802 3434 2841 sn-

1866 2889 1958 2939 pra
1998 2888 2211 2927 onmem
2246 2870 2541 2927 bunitatem
2591 2889 2657 2928 ac
2702 2874 2956 2930 deitatem
2988 2876 3135 2945 (nam
3169 2885 3221 2930 et
3252 2878 3433 2947 angeli

1868 2964 2221 3033 hominesque
2266 2962 2399 3033 justi
2451 2965 2531 3019 Dii
2584 2965 2944 3036 appellantur)
2992 2967 3046 3022 in
3098 2970 3435 3028 absconditis

1865 3058 2047 3111 sedem
2071 3056 2270 3126 posuit,
2294 3055 2450 3125 juxta
2488 3057 2617 3113 illud
2650 3077 2665 3113 :
2694 3057 2777 3122 :in
2814 3058 3119 3113 abscondito
3156 3072 3434 3128 tentpesta-

2599 3149 2785 3206 Posuit
2850 3152 3085 3207 tenebras
3152 3153 3431 3208 latibulum

1856 3258 2009 3295 suum
2050 3252 2112 3307 l;
2164 3242 2260 3297 sed
2311 3242 2604 3298 bonitatem
2655 3242 2800 3299 illam
2846 3258 2967 3312 quae
3006 3244 3268 3299 bonorum
3308 3260 3429 3302 oru-

1856 3335 2006 3389 nium
2051 3350 2343 3405 rerumque
2372 3350 2535 3391 causa
2566 3336 2771 3399 existit,
2804 3345 2858 3391 et
2885 3336 3050 3389 vitam
3090 3350 3211 3406 quae
3246 3336 3431 3391 viven-

1858 3426 1988 3479 tium
2021 3440 2185 3481 causa
2232 3435 2338 3491 est,
2388 3426 2819 3496 sapientiamque
2864 3425 3144 3493 sapientiae
3193 3424 3430 3497 largitri-

1853 3534 2003 3587 cem;
2050 3520 2193 3588 quod
2224 3518 2353 3573 hinc
2379 3518 2727 3572 manifestum
2762 3517 2841 3584 llt,
2884 3518 3010 3571 dum
3055 3532 3160 3570 una
3191 3533 3315 3573 cum
3344 3512 3429 3574 el-

1852 3612 1995 3668 l'ectu
2022 3627 2240 3668 causam
2266 3612 2563 3683 coniungit,
2605 3622 2661 3667 ut
2690 3612 2943 3667 nimirum
2975 3626 3039 3667 ex
3063 3612 3255 3669 elfectu
3283 3615 3426 3672 clare

1852 3721 2018 3762 causa
2053 3707 2493 3775 demonstretur;
2534 3707 2619 3761 vel
2650 3707 2811 3761 etiam
2850 3706 3245 3763 demonstratio
3289 3708 3420 3765 dici-

1849 3809 1938 3853 tur
1969 3814 2073 3853 non
2106 3798 2381 3868 particula:
2406 3798 2562 3878 διότι,
2596 3800 2689 3853 sed
2722 3799 2825 3863 ὅτι,
2861 3808 2922 3855 ut
2959 3800 3175 3871 quando
3203 3800 3425 3858 demon-

1849 3902 2089 3947 stramus
2118 3890 2257 3946 luna:
2286 3890 2687 3959 oppositionem
2732 3906 2827 3961 per
2854 3892 3120 3965 eclipsim.
3151 3893 3419 3960 Quoniam

1849 3984 2015 4053 igitur
2046 3983 2187 4038 Deus
2222 3982 2421 4038 bonum
2457 3992 2563 4047 est,
2596 3993 2650 4037 et
2694 3998 2813 4050 eus,
2864 3993 2919 4040 et
2953 3986 3079 4049 vita,
3110 3996 3166 4041 et
3206 3988 3423 4057 sapien-

1849 4076 1943 4142 tia,
1981 4075 2240 4132 discimus
2279 4090 2348 4132 οι
2376 4073 2628 4143 electis;
2656 4092 2755 4147 per
2783 4080 2931 4147 quod
2962 4089 3142 4133 autem
3182 4079 3295 4135 liazc
3322 4080 3418 4146 sit,

1848 4183 1953 4222 non
1993 4168 2397 4237 cognoscimus,
2444 4168 2643 4238 quippe
2683 4169 2776 4239 qui
2804 4169 2963 4239 paulo
3005 4179 3129 4225 ante
3156 4172 3305 4228 visus
3329 4183 3417 4227 est

1845 4260 2057 4325 dicere,
2085 4260 2287 4314 bonum
2319 4273 2441 4314 esse
2474 4257 2797 4328 sebjectum,
2821 4276 2946 4315 cuna
2974 4262 3110 4317 dixit
3152 4277 3275 4318 esse
3304 4262 3419 4333 eius

1843 4354 1986 4422 quod
2029 4364 2112 4407 est
2144 4365 2327 4407 causa.
2373 4348 2441 4404 Et
2476 4349 2549 4404 ita
2594 4350 2868 4423 deinceps,
2897 4366 2965 4408 ne
3000 4357 3093 4423 qui
3121 4355 3225 4409 hac
3250 4370 3414 4409 occa-

1843 4446 1993 4498 sione
2044 4444 2413 4512 imprudentes
2481 4447 2894 4515 deciperentur,
2957 4462 3061 4502 non
3116 4448 3213 4513 ait,
3268 4448 3416 4504 aliud

164 4556 300 4604 τιον,
337 4539 428 4591 καὶ
453 4540 511 4591 οὺ
546 4538 732 4593 πολλά·
761 4540 856 4593 καὶ
884 4539 982 4611 μία
1010 4540 1197 4613 θεότης
1224 4543 1257 4611 ή
1292 4542 1360 4594 τὰ
1400 4542 1573 4597 πάντα
1601 4558 1746 4615 παρ-

1857 4552 1970 4593 esse
1996 4537 2161 4610 5.39
2188 4554 2305 4605 ens,
2338 4550 2392 4593 et
2419 4537 2563 4593 aliud
2590 4537 2807 4605 bonum,
2838 4548 2893 4594 et
2932 4538 3010 4594 sic
3039 4538 3106 4593 de
3143 4540 3356 4596 caeteris
3392 4552 3414 4595 :

166 4631 393 4700 άγουσα.
439 4632 795 4686 Καθάπτεται
834 4631 893 4685 δὲ
939 4632 1185 4687 ἐντεῦθεν
1215 4633 1323 4686 τῶν
1344 4652 1402 4686 τε
1435 4637 1494 4687 ὲν
1520 4635 1743 4708 Ἕλλησι

168 4721 350 4792 σοφῶν
386 4724 477 4777 καὶ
518 4722 628 4776 τῶν
661 4723 771 4776 ἀπὸ
814 4723 1056 4795 Σίμωνος
1097 4725 1409 4795 αἰρετικῶν,
1456 4727 1506 4779 οἳ
1546 4743 1744 4798 κοσμο-

166 4816 354 4880 ποιούς
381 4834 508 4885 φασι
539 4817 714 4880 θεοὺς,
738 4816 857 4869 καθ’
884 4818 1009 4871 ὅσον
1041 4818 1411 4889 ὑποὸεὸήκασι
1432 4857 1446 4882 ,
1493 4818 1742 4873 τοσοῦτον

166 4910 352 4962 καὶτὰ
381 4909 743 4979 ἀσθενέστερα.
765 4909 872 4963 τῶν
902 4911 1215 4981 κτισμάτων
1240 4912 1608 4982 παράγοντας,
1637 4912 1741 4977 ἕως

167 5003 265 5056 καὶ
291 5004 391 5073 τῆς
417 5003 633 5055 πάντων
662 5003 1020 5074 ὑποστάθμης
1039 5044 1055 5068 ,
1094 5004 1193 5075 τῆς
1224 5002 1375 5073 ὗλης·
1412 5004 1504 5057 καὶ
1537 5004 1741 5076 ταύτης

167 5094 279 5166 γὰρ
315 5093 443 5147 ίδιον
488 5094 816 5166 δημιουργὸν
854 5094 1245 5149 ἀποδεδώκασι.
1297 5095 1515 5149 Τούτων
1562 5097 1743 5150 τοίνυν

165 5186 277 5239 τῶν
308 5185 403 5239 τοῦ
439 5186 553 5249 ἑνὸς
576 5186 713 5240 Θεοῦ
738 5186 1075 5257 θεωνυμιῶν,
1108 5189 1139 5258 ἡ
1170 5188 1268 5259 μὲν
1290 5187 1384 5240 τοῦ
1415 5188 1619 5255 ἀγαθοῦ
1643 5190 1737 5241 ὲκ-

169 5280 400 5349 φαντική
422 5281 536 5331 ἐστι
558 5281 657 5351 τῆς
688 5280 985 5344 παντελοῦς
1006 5280 1101 5334 τοῦ
1122 5280 1256 5333 Θεοῦ
1285 5280 1555 5352 προνοίας,
1587 5284 1642 5334 αἰ
1680 5282 1741 5335 δὲ

168 5369 352 5424 λοιπαὶ
379 5371 614 5441 μερικῶν
652 5371 915 5443 προνοιῶν
943 5372 1050 5425 είσι
1082 5373 1395 5443 δηλογτικαί,
1418 5376 1471 5425 αἰ
1508 5373 1605 5443 μὲν
1630 5374 1738 5427 ὀλι-

169 5464 443 5535 κωτέρων,
472 5466 527 5517 αἰ
556 5464 612 5516 δὲ
637 5466 1043 5537 μερικωτέρων·
1071 5468 1105 5535 ή
1135 5465 1243 5537 γὰρ
1280 5465 1376 5519 τοῦ
1404 5466 1606 5535 ἀγαθοῦ
1637 5466 1738 5539 τῆς

170 5556 462 5620 παντελοῦς
486 5557 758 5629 προνοίας,
794 5559 873 5611 ὅτι
914 5558 1091 5611 πάντα
1116 5559 1180 5611 δι’
1212 5559 1519 5630 ἀγαθότητα
1556 5562 1736 5632 παρή-

170 5650 271 5719 χθη
301 5650 393 5703 καί
412 5652 574 5703 εἰσιν·
606 5652 639 5722 ἡ
663 5649 720 5703 δὲ
742 5651 843 5721 τῆς
864 5650 1029 5723 ζωῆς,
1064 5654 1314 5724 μερικῆς,
1344 5653 1455 5706 ἀλλ’
1476 5654 1727 5709 ὁλικωτέο

316 5814 335 5840 ι’
366 5803 506 5858 Ρεςιί.
535 5820 696 5861 Lux.
727 5806 778 5858 8.
852 5815 871 5839 η
902 5803 1038 5859 Psal.
1078 5820 1211 5871 xvn,
1254 5805 1343 5858 l2.

1844 4647 1950 4685 una
1981 4632 2248 4702 siquidem
2280 4631 2521 4685 omnium
2542 4645 2731 4696 causa,
2758 4640 2811 4687 et
2837 4646 2945 4687 non
2984 4632 3195 4699 multae;
3227 4644 3283 4688 et
3306 4648 3412 4689 una

1842 4724 2019 4779 deitas
2061 4738 2181 4792 qua:
2228 4719 2480 4777 universa
2529 4722 2803 4790 produxit.
2865 4722 3189 4794 Perstringit
3228 4733 3411 4780 autem

1843 4816 1933 4870 hic
1986 4813 2297 4869 Graecorum
2363 4813 2660 4881 sapientes,
2712 4822 2768 4866 et
2829 4812 3115 4868 haereticos
3173 4814 3412 4869 Simonis

1840 4916 2163 4971 sectatores,
2196 4907 2285 4977 qui
2316 4914 2587 4967 asserunt,
2644 4908 2773 4961 deos
2822 4905 3006 4959 mundi
3052 4902 3410 4959 fabricatores

1841 5009 2044 5067 quanto
2081 4997 2367 5053 inferiores
2408 5009 2557 5064 sunt,
2614 5007 2768 5051 tanto
2820 5010 3036 5067 quoque
3082 4994 3409 5052 inﬁrmiores

1839 5092 2136 5160 producere
2171 5100 2471 5156 creaturas,
2516 5091 2679 5146 etiam
2715 5105 2883 5161 usque
2915 5089 2981 5143 ad
3011 5090 3253 5144 onmium
3282 5088 3406 5143 fun-

1838 5182 2151 5237 damentum
2203 5182 2279 5251 (id
2337 5185 2443 5251 est)
2489 5182 2805 5245 materiam;
2839 5196 2962 5235 nam
3008 5190 3062 5236 et
3092 5181 3218 5235 huic
3246 5195 3407 5251 pecu-

1838 5276 2027 5330 liarem
2088 5277 2432 5331 conditorem
2473 5276 2836 5345 assignarunt.
2883 5273 3027 5330 lnter
3070 5275 3185 5329 lateo
3222 5274 3405 5343 itaque

1838 5370 1996 5423 unius
2016 5369 2104 5423 Dei
2138 5370 2373 5433 numina,
2402 5384 2594 5424 nomen
2624 5370 2747 5423 boui
2779 5367 3113 5423 universales
3156 5366 3250 5421 Dei
3279 5383 3404 5436 pro-

1838 5458 2104 5514 videntias
2142 5460 2406 5526 declarat,
2445 5460 2649 5528 reliqua
2686 5471 2814 5512 vero
2866 5456 3224 5528 particulares
3276 5470 3402 5524 pro-

1837 5552 2102 5607 videntius
2124 5551 2501 5618 manifestam,
2543 5553 2645 5605 alia
2682 5550 2897 5620 quidem
2926 5548 3096 5619 magis
3118 5547 3404 5601 universa-

1837 5646 1935 5715 ‘cs,
1978 5648 2084 5703 alia
2138 5661 2264 5703 vero
2312 5644 2484 5716 magis
2527 5643 2916 5714 particulares;
2973 5641 3238 5724 siquidem
3272 5639 3399 5694 boni
