  <div class='ocr_page' id='page_1' title='image "/cluster/home/n/w/nwhite01/storage/ocr_20150623/3/pst.000003853313/427.png"; bbox 0 0 4186 6308; ppageno 0'>
   <div class='ocr_carea' id='block_1_1' title="bbox 757 389 2297 455">
    <p class='ocr_par' dir='ltr' id='par_1_1' title="bbox 757 390 2297 451">
     <span class='ocr_line' id='line_1_1' title="bbox 757 390 2297 451; baseline -0.003 -2"><span class='ocrx_word' id='word_1_1' title='bbox 757 390 861 449; x_wconf 71' lang='grc'><strong>833</strong></span> <span class='ocrx_word' id='word_1_2' title='bbox 1927 394 1985 451; x_wconf 82' lang='grc'><strong>8.</strong></span> <span class='ocrx_word' id='word_1_3' title='bbox 2022 391 2297 449; x_wconf 76' lang='grc' dir='ltr'><strong>ΒΙΟΝῩΞῘ</strong></span> 
     </span>
    </p>
   </div>
   <div class='ocr_carea' id='block_1_2' title="bbox 2400 389 4005 455">
    <p class='ocr_par' dir='ltr' id='par_1_2' title="bbox 2400 389 4005 455">
     <span class='ocr_line' id='line_1_2' title="bbox 2400 389 4005 455; baseline 0.006 -10"><span class='ocrx_word' id='word_1_4' title='bbox 2400 389 2805 450; x_wconf 68' lang='lat' dir='ltr'><strong>REOPAGlT/E</strong></span> <span class='ocrx_word' id='word_1_5' title='bbox 3898 400 4005 455; x_wconf 77' lang='lat'><strong>836</strong></span> 
     </span>
    </p>
   </div>
   <div class='ocr_carea' id='block_1_3' title="bbox 750 506 2297 586">
    <p class='ocr_par' dir='ltr' id='par_1_3' title="bbox 750 508 2297 578">
     <span class='ocr_line' id='line_1_3' title="bbox 750 508 2297 578; baseline 0.002 -20"><span class='ocrx_word' id='word_1_6' title='bbox 750 521 945 561; x_wconf 80' lang='lat' dir='ltr'><strong>nomen</strong></span> <span class='ocrx_word' id='word_1_7' title='bbox 972 508 1218 577; x_wconf 72' lang='lat' dir='ltr'><strong>designat</strong></span> <span class='ocrx_word' id='word_1_8' title='bbox 1245 510 1605 563; x_wconf 83' lang='lat' dir='ltr'><strong>universaicm</strong></span> <span class='ocrx_word' id='word_1_9' title='bbox 1636 509 1858 563; x_wconf 89' lang='lat' dir='ltr'><strong>omnino</strong></span> <span class='ocrx_word' id='word_1_10' title='bbox 1892 510 2297 578; x_wconf 68' lang='lat' dir='ltr'><strong>providentiam,</strong></span> 
     </span>
    </p>
   </div>
   <div class='ocr_carea' id='block_1_4' title="bbox 2400 506 4005 586">
    <p class='ocr_par' dir='ltr' id='par_1_4' title="bbox 2420 506 4005 586">
     <span class='ocr_line' id='line_1_4' title="bbox 2420 506 4005 586; baseline 0.004 -26"><span class='ocrx_word' id='word_1_11' title='bbox 2420 524 2535 578; x_wconf 83' lang='grc' dir='ltr'>ρας,</span> <span class='ocrx_word' id='word_1_12' title='bbox 2570 509 2630 561; x_wconf 84' lang='grc' dir='ltr'>οὐ</span> <span class='ocrx_word' id='word_1_13' title='bbox 2656 507 2766 579; x_wconf 86' lang='grc' dir='ltr'><strong>γὰρ</strong></span> <span class='ocrx_word' id='word_1_14' title='bbox 2796 510 2972 562; x_wconf 86' lang='grc' dir='ltr'>πάντα</span> <span class='ocrx_word' id='word_1_15' title='bbox 3008 506 3190 572; x_wconf 60' lang='grc' dir='ltr'>ζῶσιν</span> <span class='ocrx_word' id='word_1_16' title='bbox 3223 508 3335 579; x_wconf 71' lang='grc' dir='ltr'><strong>ἡδὶ</strong></span> <span class='ocrx_word' id='word_1_17' title='bbox 3364 510 3465 581; x_wconf 69' lang='grc' dir='ltr'>τῆς</span> <span class='ocrx_word' id='word_1_18' title='bbox 3492 516 3699 581; x_wconf 73' lang='grc' dir='ltr'>σοφίας,</span> <span class='ocrx_word' id='word_1_19' title='bbox 3730 521 3818 566; x_wconf 65' lang='lat' dir='ltr'><strong>est</strong></span> <span class='ocrx_word' id='word_1_20' title='bbox 3844 530 4005 586; x_wconf 86' lang='grc' dir='ltr'>μερι-</span> 
     </span>
    </p>
   </div>
   <div class='ocr_carea' id='block_1_5' title="bbox 748 599 2297 673">
    <p class='ocr_par' dir='ltr' id='par_1_5' title="bbox 748 602 2294 671">
     <span class='ocr_line' id='line_1_5' title="bbox 748 602 2294 671; baseline 0.004 -20"><span class='ocrx_word' id='word_1_21' title='bbox 748 602 1003 669; x_wconf 71' lang='grc' dir='ltr'>ψιοιιίιιιιι</span> <span class='ocrx_word' id='word_1_22' title='bbox 1036 604 1280 657; x_wconf 86' lang='lat' dir='ltr'><strong>universa</strong></span> <span class='ocrx_word' id='word_1_23' title='bbox 1323 616 1416 671; x_wconf 87' lang='lat' dir='ltr'><strong>per</strong></span> <span class='ocrx_word' id='word_1_24' title='bbox 1452 603 1745 655; x_wconf 77' lang='lat' dir='ltr'><strong>bonitatem</strong></span> <span class='ocrx_word' id='word_1_25' title='bbox 1778 602 2037 670; x_wconf 88' lang='lat' dir='ltr'><strong>producta</strong></span> <span class='ocrx_word' id='word_1_26' title='bbox 2087 612 2231 668; x_wconf 91' lang='lat' dir='ltr'><strong>sunt,</strong></span> <span class='ocrx_word' id='word_1_27' title='bbox 2266 618 2294 657; x_wconf 91' lang='lat' dir='ltr'><strong>e</strong></span> 
     </span>
    </p>
   </div>
   <div class='ocr_carea' id='block_1_6' title="bbox 2400 599 4004 673">
    <p class='ocr_par' dir='ltr' id='par_1_6' title="bbox 2422 599 4004 673">
     <span class='ocr_line' id='line_1_6' title="bbox 2422 599 4004 673; baseline 0.003 -20"><span class='ocrx_word' id='word_1_28' title='bbox 2422 600 2689 671; x_wconf 79' lang='grc' dir='ltr'>κωτέρας,</span> <span class='ocrx_word' id='word_1_29' title='bbox 2725 601 2846 654; x_wconf 78' lang='grc' dir='ltr'>οὐδὲ</span> <span class='ocrx_word' id='word_1_30' title='bbox 2878 599 2988 672; x_wconf 83' lang='grc' dir='ltr'>γὰρ</span> <span class='ocrx_word' id='word_1_31' title='bbox 3022 600 3199 654; x_wconf 84' lang='grc' dir='ltr'>πάντα</span> <span class='ocrx_word' id='word_1_32' title='bbox 3224 599 3294 653; x_wconf 83' lang='grc' dir='ltr'>τὰ</span> <span class='ocrx_word' id='word_1_33' title='bbox 3315 600 3494 666; x_wconf 81' lang='grc' dir='ltr'>ζῶντα</span> <span class='ocrx_word' id='word_1_34' title='bbox 3518 604 3674 673; x_wconf 78' lang='grc' dir='ltr'>σοφά.</span> <span class='ocrx_word' id='word_1_35' title='bbox 3711 602 4004 658; x_wconf 73' lang='grc' dir='ltr'>ὐλικωτᾶ-</span> 
     </span>
    </p>
   </div>
   <div class='ocr_carea' id='block_1_7' title="bbox 746 688 2297 769">
    <p class='ocr_par' dir='ltr' id='par_1_7' title="bbox 746 693 2297 763">
     <span class='ocr_line' id='line_1_7' title="bbox 746 693 2297 763; baseline 0.003 -19"><span class='ocrx_word' id='word_1_36' title='bbox 746 693 1017 757; x_wconf 78' lang='lat' dir='ltr'><strong>existunt;</strong></span> <span class='ocrx_word' id='word_1_37' title='bbox 1055 708 1248 747; x_wconf 87' lang='lat' dir='ltr'><strong>nomen</strong></span> <span class='ocrx_word' id='word_1_38' title='bbox 1293 709 1420 749; x_wconf 85' lang='lat' dir='ltr'><strong>vero</strong></span> <span class='ocrx_word' id='word_1_39' title='bbox 1464 695 1584 747; x_wconf 59' lang='lat' dir='ltr'><strong>vitae</strong></span> <span class='ocrx_word' id='word_1_40' title='bbox 1623 693 2003 763; x_wconf 84' lang='lat' dir='ltr'><strong>particularem</strong></span> <span class='ocrx_word' id='word_1_41' title='bbox 2029 694 2297 763; x_wconf 24' lang='lat' dir='ltr'><strong>provident</strong></span> 
     </span>
    </p>
   </div>
   <div class='ocr_carea' id='block_1_8' title="bbox 2400 688 4000 769">
    <p class='ocr_par' dir='ltr' id='par_1_8' title="bbox 2430 688 4000 769">
     <span class='ocr_line' id='line_1_8' title="bbox 2430 688 4000 769; baseline 0.003 -25"><span class='ocrx_word' id='word_1_42' title='bbox 2430 708 2526 763; x_wconf 88' lang='grc' dir='ltr'><strong>ρας</strong></span> <span class='ocrx_word' id='word_1_43' title='bbox 2547 690 2679 759; x_wconf 88' lang='grc' dir='ltr'>γοῦν</span> <span class='ocrx_word' id='word_1_44' title='bbox 2705 688 2836 762; x_wconf 86' lang='grc' dir='ltr'>φησι</span> <span class='ocrx_word' id='word_1_45' title='bbox 2860 692 2959 756; x_wconf 86' lang='grc' dir='ltr'>τὰς</span> <span class='ocrx_word' id='word_1_46' title='bbox 2988 692 3080 745; x_wconf 80' lang='grc' dir='ltr'><strong>ὲπὶ</strong></span> <span class='ocrx_word' id='word_1_47' title='bbox 3112 692 3373 753; x_wconf 84' lang='grc' dir='ltr'>πλειόνων</span> <span class='ocrx_word' id='word_1_48' title='bbox 3400 693 3796 769; x_wconf 75' lang='grc' dir='ltr'>θεωρουμένας·</span> <span class='ocrx_word' id='word_1_49' title='bbox 3829 699 3861 768; x_wconf 83' lang='grc' dir='ltr'><strong>ὴ</strong></span> <span class='ocrx_word' id='word_1_50' title='bbox 3892 696 4000 761; x_wconf 68' lang='lat' dir='ltr'><strong>{cui</strong></span> 
     </span>
    </p>
   </div>
   <div class='ocr_carea' id='block_1_9' title="bbox 746 784 2297 858">
    <p class='ocr_par' dir='ltr' id='par_1_9' title="bbox 746 786 2297 856">
     <span class='ocr_line' id='line_1_9' title="bbox 746 786 2297 856; baseline 0.001 -19"><span class='ocrx_word' id='word_1_51' title='bbox 746 786 875 838; x_wconf 77' lang='lat' dir='ltr'><strong>tiam</strong></span> <span class='ocrx_word' id='word_1_52' title='bbox 913 787 1172 851; x_wconf 81' lang='lat' dir='ltr'><strong>declarat,</strong></span> <span class='ocrx_word' id='word_1_53' title='bbox 1209 787 1300 840; x_wconf 90' lang='lat' dir='ltr'><strong>sed</strong></span> <span class='ocrx_word' id='word_1_54' title='bbox 1354 786 1767 856; x_wconf 87' lang='lat' dir='ltr'><strong>generaliorem,</strong></span> <span class='ocrx_word' id='word_1_55' title='bbox 1812 800 1916 839; x_wconf 76' lang='lat' dir='ltr'><strong>non</strong></span> <span class='ocrx_word' id='word_1_56' title='bbox 1957 786 2101 839; x_wconf 92' lang='lat' dir='ltr'><strong>enim</strong></span> <span class='ocrx_word' id='word_1_57' title='bbox 2141 786 2297 840; x_wconf 78' lang='lat' dir='ltr'><strong>omni:</strong></span> 
     </span>
    </p>
   </div>
   <div class='ocr_carea' id='block_1_10' title="bbox 2400 784 4006 858">
    <p class='ocr_par' dir='ltr' id='par_1_10' title="bbox 2425 784 4006 858">
     <span class='ocr_line' id='line_1_10' title="bbox 2425 784 4006 858; baseline 0.002 -21"><span class='ocrx_word' id='word_1_58' title='bbox 2425 784 2534 856; x_wconf 82' lang='grc' dir='ltr'><strong>γὰρ</strong></span> <span class='ocrx_word' id='word_1_59' title='bbox 2572 784 2761 855; x_wconf 85' lang='grc' dir='ltr'>φθάνει</span> <span class='ocrx_word' id='word_1_60' title='bbox 2803 786 2895 839; x_wconf 71' lang='grc' dir='ltr'><strong>καὶ</strong></span> <span class='ocrx_word' id='word_1_61' title='bbox 2933 786 3025 839; x_wconf 69' lang='grc' dir='ltr'><strong>ἐπὶ</strong></span> <span class='ocrx_word' id='word_1_62' title='bbox 3065 786 3267 855; x_wconf 84' lang='grc' dir='ltr'>φυτῶν,</span> <span class='ocrx_word' id='word_1_63' title='bbox 3302 788 3397 841; x_wconf 70' lang='grc' dir='ltr'><strong>καὶ</strong></span> <span class='ocrx_word' id='word_1_64' title='bbox 3423 786 3577 852; x_wconf 77' lang='grc' dir='ltr'>ζώων</span> <span class='ocrx_word' id='word_1_65' title='bbox 3613 788 3865 858; x_wconf 80' lang='grc' dir='ltr'><strong>λογικῶν,</strong></span> <span class='ocrx_word' id='word_1_66' title='bbox 3911 790 4006 843; x_wconf 77' lang='grc' dir='ltr'><strong>καὶ</strong></span> 
     </span>
    </p>
   </div>
   <div class='ocr_carea' id='block_1_11' title="bbox 744 877 2297 954">
    <p class='ocr_par' dir='ltr' id='par_1_11' title="bbox 744 878 2293 947">
     <span class='ocr_line' id='line_1_11' title="bbox 744 878 2293 947; baseline 0.001 -16"><span class='ocrx_word' id='word_1_67' title='bbox 744 878 954 941; x_wconf 85' lang='lat' dir='ltr'><strong>vivunt,</strong></span> <span class='ocrx_word' id='word_1_68' title='bbox 1000 878 1284 947; x_wconf 74' lang='lat' dir='ltr'><strong>sapientia:</strong></span> <span class='ocrx_word' id='word_1_69' title='bbox 1319 893 1447 932; x_wconf 85' lang='lat' dir='ltr'><strong>vero</strong></span> <span class='ocrx_word' id='word_1_70' title='bbox 1491 878 1669 932; x_wconf 88' lang='lat' dir='ltr'><strong>adhuc</strong></span> <span class='ocrx_word' id='word_1_71' title='bbox 1700 878 1867 947; x_wconf 84' lang='lat' dir='ltr'><strong>magis</strong></span> <span class='ocrx_word' id='word_1_72' title='bbox 1906 878 2293 947; x_wconf 88' lang='lat' dir='ltr'><strong>particularem</strong></span> 
     </span>
    </p>
   </div>
   <div class='ocr_carea' id='block_1_12' title="bbox 2400 877 3811 954">
    <p class='ocr_par' dir='ltr' id='par_1_12' title="bbox 2426 877 3811 954">
     <span class='ocr_line' id='line_1_12' title="bbox 2426 877 3811 954; baseline 0.004 -23"><span class='ocrx_word' id='word_1_73' title='bbox 2426 877 2653 946; x_wconf 81' lang='grc' dir='ltr'><strong>ἀλόγων·</strong></span> <span class='ocrx_word' id='word_1_74' title='bbox 2687 878 2844 949; x_wconf 83' lang='grc' dir='ltr'>σοφία</span> <span class='ocrx_word' id='word_1_75' title='bbox 2872 880 2928 933; x_wconf 81' lang='grc' dir='ltr'>δὲ</span> <span class='ocrx_word' id='word_1_76' title='bbox 2951 880 3045 933; x_wconf 77' lang='grc' dir='ltr'><strong>καὶ</strong></span> <span class='ocrx_word' id='word_1_77' title='bbox 3066 879 3244 948; x_wconf 82' lang='grc' dir='ltr'><strong>λόγος,</strong></span> <span class='ocrx_word' id='word_1_78' title='bbox 3278 878 3632 954; x_wconf 73' lang='grc' dir='ltr'>μερικάντεροί</span> <span class='ocrx_word' id='word_1_79' title='bbox 3654 883 3811 936; x_wconf 74' lang='lat' dir='ltr'><strong>slew.</strong></span> 
     </span>
    </p>
   </div>
   <div class='ocr_carea' id='block_1_13' title="bbox 744 971 4005 1044">
    <p class='ocr_par' dir='ltr' id='par_1_13' title="bbox 744 971 4005 1044">
     <span class='ocr_line' id='line_1_13' title="bbox 744 971 4005 1044; baseline 0.001 -18"><span class='ocrx_word' id='word_1_80' title='bbox 744 988 850 1027; x_wconf 91' lang='lat' dir='ltr'><strong>non</strong></span> <span class='ocrx_word' id='word_1_81' title='bbox 889 975 1033 1027; x_wconf 90' lang='lat' dir='ltr'><strong>enim</strong></span> <span class='ocrx_word' id='word_1_82' title='bbox 1075 974 1257 1028; x_wconf 88' lang='lat' dir='ltr'><strong>omnia</strong></span> <span class='ocrx_word' id='word_1_83' title='bbox 1286 988 1407 1043; x_wconf 68' lang='lat' dir='ltr'><strong>quae</strong></span> <span class='ocrx_word' id='word_1_84' title='bbox 1444 975 1632 1027; x_wconf 90' lang='lat' dir='ltr'><strong>vivunt</strong></span> <span class='ocrx_word' id='word_1_85' title='bbox 1660 974 1896 1043; x_wconf 87' lang='lat' dir='ltr'><strong>sapiunt.</strong></span> <span class='ocrx_word' id='word_1_86' title='bbox 1924 971 2310 1027; x_wconf 84' lang='lat' dir='ltr'><strong>Generaliores</strong></span> <span class='ocrx_word' id='word_1_87' title='bbox 2341 982 2522 1027; x_wconf 76' lang='lat' dir='ltr'><strong>autem</strong></span> <span class='ocrx_word' id='word_1_88' title='bbox 2555 982 2713 1026; x_wconf 82' lang='lat' dir='ltr'><strong>vocat</strong></span> <span class='ocrx_word' id='word_1_89' title='bbox 2746 988 2867 1037; x_wconf 89' lang='lat' dir='ltr'><strong>eas,</strong></span> <span class='ocrx_word' id='word_1_90' title='bbox 2928 987 3048 1043; x_wconf 72' lang='lat' dir='ltr'><strong>qua:</strong></span> <span class='ocrx_word' id='word_1_91' title='bbox 3101 974 3155 1028; x_wconf 90' lang='lat' dir='ltr'><strong>in</strong></span> <span class='ocrx_word' id='word_1_92' title='bbox 3204 974 3455 1044; x_wconf 82' lang='lat' dir='ltr'><strong>pluribus</strong></span> <span class='ocrx_word' id='word_1_93' title='bbox 3491 987 3823 1042; x_wconf 79' lang='lat' dir='ltr'><strong>cernuntur;</strong></span> <span class='ocrx_word' id='word_1_94' title='bbox 3890 978 4005 1031; x_wconf 78' lang='lat' dir='ltr'><strong>vita</strong></span> 
     </span>
    </p>
   </div>
   <div class='ocr_carea' id='block_1_14' title="bbox 742 1064 4007 1137">
    <p class='ocr_par' dir='ltr' id='par_1_14' title="bbox 742 1064 4007 1137">
     <span class='ocr_line' id='line_1_14' title="bbox 742 1064 4007 1137; baseline 0.001 -17"><span class='ocrx_word' id='word_1_95' title='bbox 742 1067 888 1121; x_wconf 89' lang='lat' dir='ltr'><strong>enim</strong></span> <span class='ocrx_word' id='word_1_96' title='bbox 918 1070 1162 1135; x_wconf 82' lang='lat' dir='ltr'><strong>pervenit</strong></span> <span class='ocrx_word' id='word_1_97' title='bbox 1190 1082 1362 1135; x_wconf 84' lang='lat' dir='ltr'><strong>usque</strong></span> <span class='ocrx_word' id='word_1_98' title='bbox 1392 1067 1458 1120; x_wconf 92' lang='lat' dir='ltr'><strong>ad</strong></span> <span class='ocrx_word' id='word_1_99' title='bbox 1502 1068 1737 1137; x_wconf 80' lang='lat' dir='ltr'><strong>plantas,</strong></span> <span class='ocrx_word' id='word_1_100' title='bbox 1770 1074 1824 1121; x_wconf 91' lang='lat' dir='ltr'><strong>et</strong></span> <span class='ocrx_word' id='word_1_101' title='bbox 1864 1065 2119 1120; x_wconf 81' lang='lat' dir='ltr'><strong>animalia</strong></span> <span class='ocrx_word' id='word_1_102' title='bbox 2173 1064 2461 1119; x_wconf 84' lang='lat' dir='ltr'><strong>rationalia</strong></span> <span class='ocrx_word' id='word_1_103' title='bbox 2504 1064 2839 1133; x_wconf 76' lang='lat' dir='ltr'><strong>rationisque</strong></span> <span class='ocrx_word' id='word_1_104' title='bbox 2905 1066 3180 1135; x_wconf 79' lang='lat' dir='ltr'><strong>expertia;</strong></span> <span class='ocrx_word' id='word_1_105' title='bbox 3240 1066 3510 1137; x_wconf 83' lang='lat' dir='ltr'><strong>sapientia</strong></span> <span class='ocrx_word' id='word_1_106' title='bbox 3564 1078 3744 1124; x_wconf 82' lang='lat' dir='ltr'><strong>autem</strong></span> <span class='ocrx_word' id='word_1_107' title='bbox 3802 1080 3856 1123; x_wconf 88' lang='lat' dir='ltr'><strong>et</strong></span> <span class='ocrx_word' id='word_1_108' title='bbox 3917 1085 4007 1123; x_wconf 84' lang='lat' dir='ltr'><strong>rn-</strong></span> 
     </span>
    </p>
   </div>
   <div class='ocr_carea' id='block_1_15' title="bbox 734 1140 1584 1226">
    <p class='ocr_par' dir='ltr' id='par_1_15' title="bbox 734 1140 1584 1226">
     <span class='ocr_line' id='line_1_15' title="bbox 734 1140 1584 1226; baseline 0.005 -18"><span class='ocrx_word' id='word_1_109' title='bbox 734 1140 821 1209; x_wconf 45' lang='lat' dir='ltr'><strong>‘tio</strong></span> <span class='ocrx_word' id='word_1_110' title='bbox 854 1168 979 1211; x_wconf 90' lang='lat' dir='ltr'><strong>sunt</strong></span> <span class='ocrx_word' id='word_1_111' title='bbox 1010 1156 1181 1226; x_wconf 87' lang='lat' dir='ltr'><strong>magis</strong></span> <span class='ocrx_word' id='word_1_112' title='bbox 1207 1156 1584 1225; x_wconf 86' lang='lat' dir='ltr'><strong>particulares.</strong></span> 
     </span>
    </p>
   </div>
   <div class='ocr_carea' id='block_1_16' title="bbox 813 1270 2311 1344">
    <p class='ocr_par' dir='ltr' id='par_1_16' title="bbox 813 1270 2311 1344">
     <span class='ocr_line' id='line_1_16' title="bbox 813 1270 2311 1344; baseline -0.001 -19"><span class='ocrx_word' id='word_1_113' title='bbox 813 1270 962 1344; x_wconf 77' lang='lat' dir='ltr'><strong>§&#39;lil.</strong></span> <span class='ocrx_word' id='word_1_114' title='bbox 1003 1270 1234 1326; x_wconf 83' lang='lat' dir='ltr'><strong>Dubium</strong></span> <span class='ocrx_word' id='word_1_115' title='bbox 1290 1271 1419 1327; x_wconf 87' lang='lat' dir='ltr'><strong>hinc</strong></span> <span class='ocrx_word' id='word_1_116' title='bbox 1462 1272 1737 1327; x_wconf 82' lang='lat' dir='ltr'><strong>resultans</strong></span> <span class='ocrx_word' id='word_1_117' title='bbox 1790 1270 1971 1337; x_wconf 87' lang='lat' dir='ltr'><strong>solvit,</strong></span> <span class='ocrx_word' id='word_1_118' title='bbox 2014 1285 2133 1335; x_wconf 90' lang='lat' dir='ltr'><strong>cur,</strong></span> <span class='ocrx_word' id='word_1_119' title='bbox 2188 1282 2311 1324; x_wconf 86' lang='lat' dir='ltr'><strong>cum</strong></span> 
     </span>
    </p>
   </div>
   <div class='ocr_carea' id='block_1_17' title="bbox 740 1361 2311 1431">
    <p class='ocr_par' dir='ltr' id='par_1_17' title="bbox 740 1361 2311 1431">
     <span class='ocr_line' id='line_1_17' title="bbox 740 1361 2311 1431; baseline 0 -16"><span class='ocrx_word' id='word_1_120' title='bbox 740 1377 936 1416; x_wconf 84' lang='lat' dir='ltr'><strong>nomen</strong></span> <span class='ocrx_word' id='word_1_121' title='bbox 978 1361 1149 1431; x_wconf 86' lang='lat' dir='ltr'><strong>ipsius</strong></span> <span class='ocrx_word' id='word_1_122' title='bbox 1182 1362 1343 1426; x_wconf 88' lang='lat' dir='ltr'><strong>entis,</strong></span> <span class='ocrx_word' id='word_1_123' title='bbox 1392 1376 1553 1431; x_wconf 83' lang='lat' dir='ltr'><strong>quam</strong></span> <span class='ocrx_word' id='word_1_124' title='bbox 1592 1365 1737 1428; x_wconf 71' lang='lat' dir='ltr'><strong>vitae,</strong></span> <span class='ocrx_word' id='word_1_125' title='bbox 1768 1371 1823 1417; x_wconf 90' lang='lat' dir='ltr'><strong>et</strong></span> <span class='ocrx_word' id='word_1_126' title='bbox 1852 1363 1995 1427; x_wconf 62' lang='lat' dir='ltr'><strong>vitae,</strong></span> <span class='ocrx_word' id='word_1_127' title='bbox 2030 1377 2191 1431; x_wconf 88' lang='lat' dir='ltr'><strong>quam</strong></span> <span class='ocrx_word' id='word_1_128' title='bbox 2219 1376 2311 1415; x_wconf 89' lang='lat' dir='ltr'><strong>sa-</strong></span> 
     </span>
    </p>
   </div>
   <div class='ocr_carea' id='block_1_18' title="bbox 740 1451 2313 1525">
    <p class='ocr_par' dir='ltr' id='par_1_18' title="bbox 740 1451 2313 1525">
     <span class='ocr_line' id='line_1_18' title="bbox 740 1451 2313 1525; baseline 0.001 -18"><span class='ocrx_word' id='word_1_129' title='bbox 740 1454 957 1523; x_wconf 73' lang='lat' dir='ltr'><strong>pientire</strong></span> <span class='ocrx_word' id='word_1_130' title='bbox 999 1451 1161 1508; x_wconf 87' lang='lat' dir='ltr'><strong>latins</strong></span> <span class='ocrx_word' id='word_1_131' title='bbox 1202 1462 1383 1525; x_wconf 83' lang='lat' dir='ltr'><strong>pateat</strong></span> <span class='ocrx_word' id='word_1_132' title='bbox 1412 1454 1700 1523; x_wconf 87' lang='lat' dir='ltr'><strong>(siquidem</strong></span> <span class='ocrx_word' id='word_1_133' title='bbox 1734 1469 1833 1509; x_wconf 90' lang='lat' dir='ltr'><strong>ens</strong></span> <span class='ocrx_word' id='word_1_134' title='bbox 1860 1464 1919 1509; x_wconf 90' lang='lat' dir='ltr'><strong>ut</strong></span> <span class='ocrx_word' id='word_1_135' title='bbox 1950 1454 2313 1509; x_wconf 83' lang='lat' dir='ltr'><strong>universalius</strong></span> 
     </span>
    </p>
   </div>
   <div class='ocr_carea' id='block_1_19' title="bbox 740 1545 2313 1618">
    <p class='ocr_par' dir='ltr' id='par_1_19' title="bbox 740 1545 2313 1618">
     <span class='ocr_line' id='line_1_19' title="bbox 740 1545 2313 1618; baseline 0.001 -20"><span class='ocrx_word' id='word_1_136' title='bbox 740 1545 795 1598; x_wconf 91' lang='lat' dir='ltr'><strong>in</strong></span> <span class='ocrx_word' id='word_1_137' title='bbox 826 1546 1076 1599; x_wconf 87' lang='lat' dir='ltr'><strong>omnibus</strong></span> <span class='ocrx_word' id='word_1_138' title='bbox 1126 1548 1413 1615; x_wconf 87' lang='lat' dir='ltr'><strong>reperitur,</strong></span> <span class='ocrx_word' id='word_1_139' title='bbox 1457 1548 1566 1600; x_wconf 85' lang='lat' dir='ltr'><strong>vita</strong></span> <span class='ocrx_word' id='word_1_140' title='bbox 1601 1561 1729 1601; x_wconf 87' lang='lat' dir='ltr'><strong>vero</strong></span> <span class='ocrx_word' id='word_1_141' title='bbox 1764 1556 1822 1601; x_wconf 91' lang='lat' dir='ltr'><strong>ut</strong></span> <span class='ocrx_word' id='word_1_142' title='bbox 1865 1548 2038 1615; x_wconf 85' lang='lat' dir='ltr'><strong>magis</strong></span> <span class='ocrx_word' id='word_1_143' title='bbox 2072 1548 2313 1618; x_wconf 86' lang='lat' dir='ltr'><strong>particu-</strong></span> 
     </span>
    </p>
   </div>
   <div class='ocr_carea' id='block_1_20' title="bbox 738 1637 2311 1710">
    <p class='ocr_par' dir='ltr' id='par_1_20' title="bbox 738 1637 2311 1710">
     <span class='ocr_line' id='line_1_20' title="bbox 738 1637 2311 1710; baseline 0.002 -19"><span class='ocrx_word' id='word_1_144' title='bbox 738 1637 872 1694; x_wconf 90' lang='lat' dir='ltr'><strong>laris</strong></span> <span class='ocrx_word' id='word_1_145' title='bbox 912 1639 965 1693; x_wconf 91' lang='lat' dir='ltr'><strong>in</strong></span> <span class='ocrx_word' id='word_1_146' title='bbox 1016 1639 1340 1708; x_wconf 83' lang='lat' dir='ltr'><strong>quibusdam</strong></span> <span class='ocrx_word' id='word_1_147' title='bbox 1364 1681 1379 1705; x_wconf 94' lang='lat'><strong>,</strong></span> <span class='ocrx_word' id='word_1_148' title='bbox 1412 1650 1465 1693; x_wconf 90' lang='lat' dir='ltr'><strong>et</strong></span> <span class='ocrx_word' id='word_1_149' title='bbox 1494 1641 1757 1710; x_wconf 87' lang='lat' dir='ltr'><strong>sapientia</strong></span> <span class='ocrx_word' id='word_1_150' title='bbox 1791 1640 1968 1694; x_wconf 88' lang='lat' dir='ltr'><strong>adhuc</strong></span> <span class='ocrx_word' id='word_1_151' title='bbox 2012 1640 2064 1695; x_wconf 91' lang='lat' dir='ltr'><strong>in</strong></span> <span class='ocrx_word' id='word_1_152' title='bbox 2094 1641 2311 1709; x_wconf 84' lang='lat' dir='ltr'><strong>paucio-</strong></span> 
     </span>
    </p>
   </div>
   <div class='ocr_carea' id='block_1_21' title="bbox 737 1717 2312 1804">
    <p class='ocr_par' dir='ltr' id='par_1_21' title="bbox 737 1717 2312 1804">
     <span class='ocr_line' id='line_1_21' title="bbox 737 1717 2312 1804; baseline -0.001 -17"><span class='ocrx_word' id='word_1_153' title='bbox 737 1733 910 1801; x_wconf 86' lang='lat' dir='ltr'><strong>ribus)</strong></span> <span class='ocrx_word' id='word_1_154' title='bbox 965 1748 1070 1787; x_wconf 92' lang='lat' dir='ltr'><strong>non</strong></span> <span class='ocrx_word' id='word_1_155' title='bbox 1109 1717 1287 1804; x_wconf 78' lang='lat' dir='ltr'><strong>magis</strong></span> <span class='ocrx_word' id='word_1_156' title='bbox 1335 1732 1629 1797; x_wconf 81' lang='lat' dir='ltr'><strong>excellant,</strong></span> <span class='ocrx_word' id='word_1_157' title='bbox 1662 1733 1881 1802; x_wconf 87' lang='lat' dir='ltr'><strong>Deoque</strong></span> <span class='ocrx_word' id='word_1_158' title='bbox 1917 1732 2179 1787; x_wconf 81' lang='lat' dir='ltr'><strong>viciniora</strong></span> <span class='ocrx_word' id='word_1_159' title='bbox 2203 1734 2312 1788; x_wconf 86' lang='lat' dir='ltr'><strong>sint</strong></span> 
     </span>
    </p>
   </div>
   <div class='ocr_carea' id='block_1_22' title="bbox 736 1822 2308 1893">
    <p class='ocr_par' dir='ltr' id='par_1_22' title="bbox 736 1822 2308 1893">
     <span class='ocr_line' id='line_1_22' title="bbox 736 1822 2308 1893; baseline 0 -17"><span class='ocrx_word' id='word_1_160' title='bbox 736 1838 858 1892; x_wconf 70' lang='lat' dir='ltr'><strong>quae</strong></span> <span class='ocrx_word' id='word_1_161' title='bbox 888 1822 1208 1891; x_wconf 83' lang='lat' dir='ltr'><strong>simpliciter</strong></span> <span class='ocrx_word' id='word_1_162' title='bbox 1237 1824 1496 1890; x_wconf 85' lang='lat' dir='ltr'><strong>existunt,</strong></span> <span class='ocrx_word' id='word_1_163' title='bbox 1527 1834 1582 1879; x_wconf 91' lang='lat' dir='ltr'><strong>et</strong></span> <span class='ocrx_word' id='word_1_164' title='bbox 1623 1825 1708 1878; x_wconf 87' lang='lat' dir='ltr'><strong>his</strong></span> <span class='ocrx_word' id='word_1_165' title='bbox 1737 1825 1918 1879; x_wconf 90' lang='lat' dir='ltr'><strong>minus</strong></span> <span class='ocrx_word' id='word_1_166' title='bbox 1948 1839 2069 1893; x_wconf 70' lang='lat' dir='ltr'><strong>quae</strong></span> <span class='ocrx_word' id='word_1_167' title='bbox 2098 1824 2308 1890; x_wconf 89' lang='lat' dir='ltr'><strong>vivunt,</strong></span> 
     </span>
    </p>
   </div>
   <div class='ocr_carea' id='block_1_23' title="bbox 734 1913 2310 1986">
    <p class='ocr_par' dir='ltr' id='par_1_23' title="bbox 734 1913 2310 1986">
     <span class='ocr_line' id='line_1_23' title="bbox 734 1913 2310 1986; baseline 0.002 -19"><span class='ocrx_word' id='word_1_168' title='bbox 734 1921 791 1967; x_wconf 88' lang='lat' dir='ltr'><strong>et</strong></span> <span class='ocrx_word' id='word_1_169' title='bbox 824 1913 908 1967; x_wconf 84' lang='lat' dir='ltr'><strong>liis</strong></span> <span class='ocrx_word' id='word_1_170' title='bbox 954 1914 1150 1970; x_wconf 87' lang='lat' dir='ltr'><strong>iterum</strong></span> <span class='ocrx_word' id='word_1_171' title='bbox 1204 1915 1384 1970; x_wconf 88' lang='lat' dir='ltr'><strong>minus</strong></span> <span class='ocrx_word' id='word_1_172' title='bbox 1415 1930 1501 1982; x_wconf 90' lang='lat' dir='ltr'><strong>ea,</strong></span> <span class='ocrx_word' id='word_1_173' title='bbox 1540 1932 1657 1985; x_wconf 69' lang='lat' dir='ltr'><strong>qua:</strong></span> <span class='ocrx_word' id='word_1_174' title='bbox 1689 1915 2031 1986; x_wconf 88' lang='lat' dir='ltr'><strong>intelligunt;</strong></span> <span class='ocrx_word' id='word_1_175' title='bbox 2084 1916 2175 1970; x_wconf 86' lang='lat' dir='ltr'><strong>sed</strong></span> <span class='ocrx_word' id='word_1_176' title='bbox 2216 1930 2310 1970; x_wconf 89' lang='lat' dir='ltr'><strong>or—</strong></span> 
     </span>
    </p>
   </div>
   <div class='ocr_carea' id='block_1_24' title="bbox 732 2003 2309 2078">
    <p class='ocr_par' dir='ltr' id='par_1_24' title="bbox 732 2003 2309 2078">
     <span class='ocr_line' id='line_1_24' title="bbox 732 2003 2309 2078; baseline 0.002 -22"><span class='ocrx_word' id='word_1_177' title='bbox 732 2003 859 2058; x_wconf 90' lang='lat' dir='ltr'><strong>dine</strong></span> <span class='ocrx_word' id='word_1_178' title='bbox 888 2004 1122 2070; x_wconf 88' lang='lat' dir='ltr'><strong>inverso,</strong></span> <span class='ocrx_word' id='word_1_179' title='bbox 1168 2006 1339 2076; x_wconf 86' lang='lat' dir='ltr'><strong>magis</strong></span> <span class='ocrx_word' id='word_1_180' title='bbox 1396 2006 1769 2076; x_wconf 78' lang='lat' dir='ltr'><strong>particularia,</strong></span> <span class='ocrx_word' id='word_1_181' title='bbox 1814 2017 1875 2061; x_wconf 87' lang='lat' dir='ltr'><strong>ut</strong></span> <span class='ocrx_word' id='word_1_182' title='bbox 1931 2007 2309 2078; x_wconf 77' lang='lat' dir='ltr'><strong>intelligentia,</strong></span> 
     </span>
    </p>
   </div>
   <div class='ocr_carea' id='block_1_25' title="bbox 2484 1260 4001 1336">
    <p class='ocr_par' dir='ltr' id='par_1_25' title="bbox 2484 1260 4001 1336">
     <span class='ocr_line' id='line_1_25' title="bbox 2484 1260 4001 1336; baseline 0.005 -19"><span class='ocrx_word' id='word_1_183' title='bbox 2484 1262 2511 1336; x_wconf 58' lang='grc' dir='ltr'>ᾗ</span> <span class='ocrx_word' id='word_1_184' title='bbox 2544 1265 2637 1318; x_wconf 84' lang='lat' dir='ltr'><strong>lii.</strong></span> <span class='ocrx_word' id='word_1_185' title='bbox 2685 1260 2962 1316; x_wconf 80' lang='grc' dir='ltr'><strong>Ἐντεῦθεν</strong></span> <span class='ocrx_word' id='word_1_186' title='bbox 2985 1260 3473 1333; x_wconf 68' lang='grc' dir='ltr'>ἑτι-ἀνακύπτουσαν</span> <span class='ocrx_word' id='word_1_187' title='bbox 3495 1263 3727 1336; x_wconf 78' lang='grc' dir='ltr'><strong>ἀπορίαν</strong></span> <span class='ocrx_word' id='word_1_188' title='bbox 3752 1267 3889 1336; x_wconf 84' lang='grc' dir='ltr'>λύει,</span> <span class='ocrx_word' id='word_1_189' title='bbox 3908 1270 4001 1326; x_wconf 80' lang='grc' dir='ltr'>διὰ</span> 
     </span>
    </p>
   </div>
   <div class='ocr_carea' id='block_1_26' title="bbox 2412 1353 4003 1436">
    <p class='ocr_par' dir='ltr' id='par_1_26' title="bbox 2412 1353 4003 1436">
     <span class='ocr_line' id='line_1_26' title="bbox 2412 1353 4003 1436; baseline 0.003 -27"><span class='ocrx_word' id='word_1_190' title='bbox 2412 1356 2487 1420; x_wconf 86' lang='grc' dir='ltr'><strong>τί,</strong></span> <span class='ocrx_word' id='word_1_191' title='bbox 2523 1354 2619 1408; x_wconf 87' lang='grc' dir='ltr'><strong>τοῦ</strong></span> <span class='ocrx_word' id='word_1_192' title='bbox 2647 1354 2911 1426; x_wconf 85' lang='grc' dir='ltr'>ὀνόματος</span> <span class='ocrx_word' id='word_1_193' title='bbox 2945 1353 3111 1407; x_wconf 82' lang='grc' dir='ltr'>αὑτοῦ</span> <span class='ocrx_word' id='word_1_194' title='bbox 3152 1354 3247 1407; x_wconf 90' lang='grc' dir='ltr'><strong>τοῦ</strong></span> <span class='ocrx_word' id='word_1_195' title='bbox 3286 1355 3439 1420; x_wconf 89' lang='grc' dir='ltr'>ὄντος</span> <span class='ocrx_word' id='word_1_196' title='bbox 3474 1357 3859 1429; x_wconf 82' lang='grc' dir='ltr'>ὑπεραίροντος</span> <span class='ocrx_word' id='word_1_197' title='bbox 3900 1364 4003 1436; x_wconf 75' lang='grc' dir='ltr'><strong>τὴν</strong></span> 
     </span>
    </p>
   </div>
   <div class='ocr_carea' id='block_1_27' title="bbox 2414 1441 4000 1521">
    <p class='ocr_par' dir='ltr' id='par_1_27' title="bbox 2414 1441 4000 1521">
     <span class='ocr_line' id='line_1_27' title="bbox 2414 1441 4000 1521; baseline 0.002 -19"><span class='ocrx_word' id='word_1_198' title='bbox 2414 1449 2578 1519; x_wconf 75' lang='grc' dir='ltr'>ζωὴν,</span> <span class='ocrx_word' id='word_1_199' title='bbox 2617 1447 2844 1518; x_wconf 70' lang='grc' dir='ltr'>καὶτῆς</span> <span class='ocrx_word' id='word_1_200' title='bbox 2875 1441 3020 1517; x_wconf 74' lang='grc' dir='ltr'>ζωῆς</span> <span class='ocrx_word' id='word_1_201' title='bbox 3065 1447 3471 1519; x_wconf 83' lang='grc' dir='ltr'>ὑπεραιρούσης</span> <span class='ocrx_word' id='word_1_202' title='bbox 3504 1448 3603 1520; x_wconf 78' lang='grc' dir='ltr'>τὴν</span> <span class='ocrx_word' id='word_1_203' title='bbox 3651 1453 3872 1521; x_wconf 81' lang='grc' dir='ltr'>σοφίαν,</span> <span class='ocrx_word' id='word_1_204' title='bbox 3912 1454 4000 1520; x_wconf 83' lang='grc' dir='ltr'><strong>(τὸ</strong></span> 
     </span>
    </p>
   </div>
   <div class='ocr_carea' id='block_1_28' title="bbox 2412 1539 4000 1617">
    <p class='ocr_par' dir='ltr' id='par_1_28' title="bbox 2412 1539 4000 1617">
     <span class='ocr_line' id='line_1_28' title="bbox 2412 1539 4000 1617; baseline 0.005 -25"><span class='ocrx_word' id='word_1_205' title='bbox 2412 1539 2521 1612; x_wconf 84' lang='grc' dir='ltr'><strong>γάρ</strong></span> <span class='ocrx_word' id='word_1_206' title='bbox 2544 1540 2602 1593; x_wconf 81' lang='grc' dir='ltr'>ὃν</span> <span class='ocrx_word' id='word_1_207' title='bbox 2627 1539 2959 1609; x_wconf 79' lang='grc' dir='ltr'>πλατύτερον</span> <span class='ocrx_word' id='word_1_208' title='bbox 2982 1540 3076 1592; x_wconf 78' lang='grc' dir='ltr'><strong>καὶ</strong></span> <span class='ocrx_word' id='word_1_209' title='bbox 3111 1540 3206 1592; x_wconf 69' lang='grc' dir='ltr'>ἐπὶ</span> <span class='ocrx_word' id='word_1_210' title='bbox 3239 1541 3426 1604; x_wconf 80' lang='grc' dir='ltr'>πᾶσιν,</span> <span class='ocrx_word' id='word_1_211' title='bbox 3450 1543 3483 1611; x_wconf 84' lang='grc' dir='ltr'>ἠ</span> <span class='ocrx_word' id='word_1_212' title='bbox 3522 1541 3578 1594; x_wconf 87' lang='grc' dir='ltr'>δὲ</span> <span class='ocrx_word' id='word_1_213' title='bbox 3616 1541 3728 1615; x_wconf 79' lang='grc' dir='ltr'><strong>ζωὴ</strong></span> <span class='ocrx_word' id='word_1_214' title='bbox 3766 1563 4000 1617; x_wconf 82' lang='grc' dir='ltr'>μερικω-</span> 
     </span>
    </p>
   </div>
   <div class='ocr_carea' id='block_1_29' title="bbox 2411 1628 3996 1707">
    <p class='ocr_par' dir='ltr' id='par_1_29' title="bbox 2411 1628 3996 1707">
     <span class='ocr_line' id='line_1_29' title="bbox 2411 1628 3996 1707; baseline 0.004 -22"><span class='ocrx_word' id='word_1_215' title='bbox 2411 1633 2546 1704; x_wconf 86' lang='grc' dir='ltr'>τέρα</span> <span class='ocrx_word' id='word_1_216' title='bbox 2580 1628 2672 1685; x_wconf 76' lang='grc' dir='ltr'><strong>καὶ</strong></span> <span class='ocrx_word' id='word_1_217' title='bbox 2696 1629 2797 1684; x_wconf 74' lang='grc' dir='ltr'><strong>ἐπὶ</strong></span> <span class='ocrx_word' id='word_1_218' title='bbox 2817 1647 2948 1694; x_wconf 88' lang='grc' dir='ltr'>τισι,</span> <span class='ocrx_word' id='word_1_219' title='bbox 2991 1632 3085 1684; x_wconf 79' lang='grc' dir='ltr'><strong>καὶ</strong></span> <span class='ocrx_word' id='word_1_220' title='bbox 3114 1628 3203 1684; x_wconf 74' lang='grc' dir='ltr'>’ἔτι</span> <span class='ocrx_word' id='word_1_221' title='bbox 3241 1632 3273 1703; x_wconf 77' lang='grc' dir='ltr'>ἡ</span> <span class='ocrx_word' id='word_1_222' title='bbox 3313 1631 3471 1701; x_wconf 85' lang='grc' dir='ltr'>σοφία</span> <span class='ocrx_word' id='word_1_223' title='bbox 3507 1635 3893 1707; x_wconf 86' lang='grc' dir='ltr'>μερικωτέρα)·</span> <span class='ocrx_word' id='word_1_224' title='bbox 3933 1639 3996 1691; x_wconf 82' lang='grc' dir='ltr'>οὐ</span> 
     </span>
    </p>
   </div>
   <div class='ocr_carea' id='block_1_30' title="bbox 2416 1712 3997 1796">
    <p class='ocr_par' dir='ltr' id='par_1_30' title="bbox 2416 1712 3997 1796">
     <span class='ocr_line' id='line_1_30' title="bbox 2416 1712 3997 1796; baseline 0.002 -18"><span class='ocrx_word' id='word_1_225' title='bbox 2416 1725 2614 1796; x_wconf 79' lang='grc' dir='ltr'>μᾶλλον</span> <span class='ocrx_word' id='word_1_226' title='bbox 2655 1723 3016 1795; x_wconf 77' lang='grc' dir='ltr'><strong>ὑπερέχουσι,</strong></span> <span class='ocrx_word' id='word_1_227' title='bbox 3069 1721 3164 1776; x_wconf 73' lang='grc' dir='ltr'>καὶ</span> <span class='ocrx_word' id='word_1_228' title='bbox 3204 1712 3331 1795; x_wconf 75' lang='grc' dir='ltr'>περὶ</span> <span class='ocrx_word' id='word_1_229' title='bbox 3371 1722 3504 1777; x_wconf 85' lang='grc' dir='ltr'>Θεόν</span> <span class='ocrx_word' id='word_1_230' title='bbox 3541 1726 3646 1777; x_wconf 90' lang='grc' dir='ltr'>είσι</span> <span class='ocrx_word' id='word_1_231' title='bbox 3688 1725 3758 1779; x_wconf 90' lang='grc' dir='ltr'><strong>τά</strong></span> <span class='ocrx_word' id='word_1_232' title='bbox 3806 1727 3997 1790; x_wconf 85' lang='grc' dir='ltr'>ἀπλῶς</span> 
     </span>
    </p>
   </div>
   <div class='ocr_carea' id='block_1_31' title="bbox 2412 1811 3995 1888">
    <p class='ocr_par' dir='ltr' id='par_1_31' title="bbox 2412 1811 3995 1888">
     <span class='ocr_line' id='line_1_31' title="bbox 2412 1811 3995 1888; baseline 0.001 -17"><span class='ocrx_word' id='word_1_233' title='bbox 2412 1817 2560 1883; x_wconf 85' lang='grc' dir='ltr'>ὄντα,</span> <span class='ocrx_word' id='word_1_234' title='bbox 2595 1818 2689 1871; x_wconf 72' lang='grc' dir='ltr'><strong>καὶ</strong></span> <span class='ocrx_word' id='word_1_235' title='bbox 2714 1811 2875 1888; x_wconf 86' lang='grc' dir='ltr'>ἦττον</span> <span class='ocrx_word' id='word_1_236' title='bbox 2907 1814 3111 1868; x_wconf 83' lang='grc' dir='ltr'>τούτων</span> <span class='ocrx_word' id='word_1_237' title='bbox 3141 1814 3211 1868; x_wconf 86' lang='grc' dir='ltr'><strong>τὰ</strong></span> <span class='ocrx_word' id='word_1_238' title='bbox 3249 1813 3445 1880; x_wconf 78' lang='grc' dir='ltr'>ζῶντα,</span> <span class='ocrx_word' id='word_1_239' title='bbox 3489 1816 3582 1868; x_wconf 83' lang='grc' dir='ltr'><strong>καὶ</strong></span> <span class='ocrx_word' id='word_1_240' title='bbox 3622 1816 3797 1869; x_wconf 83' lang='grc' dir='ltr'>αὐτῶν</span> <span class='ocrx_word' id='word_1_241' title='bbox 3832 1818 3995 1872; x_wconf 91' lang='grc' dir='ltr'>πάλιν</span> 
     </span>
    </p>
   </div>
   <div class='ocr_carea' id='block_1_32' title="bbox 2412 1903 3996 1983">
    <p class='ocr_par' dir='ltr' id='par_1_32' title="bbox 2412 1903 3996 1983">
     <span class='ocr_line' id='line_1_32' title="bbox 2412 1903 3996 1983; baseline 0 -20"><span class='ocrx_word' id='word_1_242' title='bbox 2412 1903 2575 1982; x_wconf 84' lang='grc' dir='ltr'>ἦττον</span> <span class='ocrx_word' id='word_1_243' title='bbox 2595 1909 2663 1963; x_wconf 87' lang='grc' dir='ltr'><strong>τά</strong></span> <span class='ocrx_word' id='word_1_244' title='bbox 2687 1909 2867 1980; x_wconf 85' lang='grc' dir='ltr'>νοερά·</span> <span class='ocrx_word' id='word_1_245' title='bbox 2893 1907 3007 1961; x_wconf 88' lang='grc' dir='ltr'>ἀλλ’</span> <span class='ocrx_word' id='word_1_246' title='bbox 3039 1907 3438 1979; x_wconf 86' lang='grc' dir='ltr'>ἀντέστραπται</span> <span class='ocrx_word' id='word_1_247' title='bbox 3470 1909 3503 1979; x_wconf 82' lang='grc' dir='ltr'><strong>ἠ</strong></span> <span class='ocrx_word' id='word_1_248' title='bbox 3528 1907 3701 1975; x_wconf 81' lang='grc' dir='ltr'><strong>τάξις,</strong></span> <span class='ocrx_word' id='word_1_249' title='bbox 3728 1912 3821 1963; x_wconf 77' lang='grc' dir='ltr'><strong>καὶ</strong></span> <span class='ocrx_word' id='word_1_250' title='bbox 3856 1912 3996 1983; x_wconf 78' lang='grc' dir='ltr'>μᾶλ-</span> 
     </span>
    </p>
   </div>
   <div class='ocr_carea' id='block_1_33' title="bbox 2412 1999 3998 2073">
    <p class='ocr_par' dir='ltr' id='par_1_33' title="bbox 2412 1999 3998 2073">
     <span class='ocr_line' id='line_1_33' title="bbox 2412 1999 3998 2073; baseline 0.003 -18"><span class='ocrx_word' id='word_1_251' title='bbox 2412 2003 2504 2057; x_wconf 86' lang='grc' dir='ltr'><strong>λον</strong></span> <span class='ocrx_word' id='word_1_252' title='bbox 2526 2002 2596 2056; x_wconf 83' lang='grc' dir='ltr'>τὰ</span> <span class='ocrx_word' id='word_1_253' title='bbox 2621 2001 2982 2073; x_wconf 73' lang='grc' dir='ltr'>μερικώτερα,</span> <span class='ocrx_word' id='word_1_254' title='bbox 3017 1999 3198 2071; x_wconf 84' lang='grc' dir='ltr'>νοερὰ,</span> <span class='ocrx_word' id='word_1_255' title='bbox 3238 2000 3365 2072; x_wconf 80' lang='grc' dir='ltr'>περὶ</span> <span class='ocrx_word' id='word_1_256' title='bbox 3388 2000 3520 2053; x_wconf 86' lang='grc' dir='ltr'>Θεόν</span> <span class='ocrx_word' id='word_1_257' title='bbox 3544 2002 3651 2054; x_wconf 82' lang='grc' dir='ltr'>είσι</span> <span class='ocrx_word' id='word_1_258' title='bbox 3669 2042 3684 2067; x_wconf 89' lang='grc'><strong>,</strong></span> <span class='ocrx_word' id='word_1_259' title='bbox 3714 2004 3807 2055; x_wconf 78' lang='grc' dir='ltr'><strong>καὶ</strong></span> <span class='ocrx_word' id='word_1_260' title='bbox 3833 2004 3998 2059; x_wconf 83' lang='grc' dir='ltr'>καθε-</span> 
     </span>
    </p>
   </div>
   <div class='ocr_carea' id='block_1_34' title="bbox 732 2091 2297 2169">
    <p class='ocr_par' dir='ltr' id='par_1_34' title="bbox 732 2095 2297 2169">
     <span class='ocr_line' id='line_1_34' title="bbox 732 2095 2297 2169; baseline 0.002 -19"><span class='ocrx_word' id='word_1_261' title='bbox 732 2096 877 2150; x_wconf 87' lang='lat' dir='ltr'><strong>circa</strong></span> <span class='ocrx_word' id='word_1_262' title='bbox 926 2095 1093 2150; x_wconf 88' lang='lat' dir='ltr'><strong>Deum</strong></span> <span class='ocrx_word' id='word_1_263' title='bbox 1155 2108 1305 2161; x_wconf 91' lang='lat' dir='ltr'><strong>sunt,</strong></span> <span class='ocrx_word' id='word_1_264' title='bbox 1354 2108 1409 2151; x_wconf 92' lang='lat' dir='ltr'><strong>et</strong></span> <span class='ocrx_word' id='word_1_265' title='bbox 1454 2098 1710 2168; x_wconf 87' lang='lat' dir='ltr'><strong>deinceps</strong></span> <span class='ocrx_word' id='word_1_266' title='bbox 1751 2108 2013 2169; x_wconf 89' lang='lat' dir='ltr'><strong>quantum</strong></span> <span class='ocrx_word' id='word_1_267' title='bbox 2046 2114 2297 2167; x_wconf 85' lang='lat' dir='ltr'><strong>superex-</strong></span> 
     </span>
    </p>
   </div>
   <div class='ocr_carea' id='block_1_35' title="bbox 2400 2091 3992 2169">
    <p class='ocr_par' dir='ltr' id='par_1_35' title="bbox 2411 2091 3992 2165">
     <span class='ocr_line' id='line_1_35' title="bbox 2411 2091 3992 2165; baseline -0.002 -17"><span class='ocrx_word' id='word_1_268' title='bbox 2411 2094 2505 2165; x_wconf 83' lang='grc' dir='ltr'><strong>ξῆς</strong></span> <span class='ocrx_word' id='word_1_269' title='bbox 2540 2095 2663 2147; x_wconf 85' lang='grc' dir='ltr'>ὅσον</span> <span class='ocrx_word' id='word_1_270' title='bbox 2702 2092 3195 2164; x_wconf 84' lang='grc' dir='ltr'>ὑπερεκτείνονται,</span> <span class='ocrx_word' id='word_1_271' title='bbox 3236 2092 3297 2145; x_wconf 84' lang='grc' dir='ltr'>τὸ</span> <span class='ocrx_word' id='word_1_272' title='bbox 3349 2091 3696 2165; x_wconf 78' lang='grc' dir='ltr'>πορρώτερον</span> <span class='ocrx_word' id='word_1_273' title='bbox 3744 2097 3807 2148; x_wconf 63' lang='lat' dir='ltr'><strong>ex</strong></span> <span class='ocrx_word' id='word_1_274' title='bbox 3850 2096 3992 2152; x_wconf 75' lang='grc' dir='ltr'>Θεοῦ</span> 
     </span>
    </p>
   </div>
   <div class='ocr_carea' id='block_1_36' title="bbox 732 2190 2306 2255">
    <p class='ocr_par' dir='ltr' id='par_1_36' title="bbox 732 2190 2306 2255">
     <span class='ocr_line' id='line_1_36' title="bbox 732 2190 2306 2255; baseline 0.003 -14"><span class='ocrx_word' id='word_1_275' title='bbox 732 2191 1066 2255; x_wconf 86' lang='lat' dir='ltr'><strong>panduntur,</strong></span> <span class='ocrx_word' id='word_1_276' title='bbox 1119 2198 1269 2243; x_wconf 83' lang='lat' dir='ltr'><strong>tanto</strong></span> <span class='ocrx_word' id='word_1_277' title='bbox 1316 2191 1581 2245; x_wconf 88' lang='lat' dir='ltr'><strong>remotius</strong></span> <span class='ocrx_word' id='word_1_278' title='bbox 1639 2207 1667 2244; x_wconf 91' lang='lat' dir='ltr'><strong>a</strong></span> <span class='ocrx_word' id='word_1_279' title='bbox 1730 2190 1838 2246; x_wconf 89' lang='lat' dir='ltr'><strong>Deo</strong></span> <span class='ocrx_word' id='word_1_280' title='bbox 1890 2193 2149 2246; x_wconf 88' lang='lat' dir='ltr'><strong>existunt.</strong></span> <span class='ocrx_word' id='word_1_281' title='bbox 2194 2191 2306 2246; x_wconf 82' lang='lat' dir='ltr'><strong>Ma-</strong></span> 
     </span>
    </p>
   </div>
   <div class='ocr_carea' id='block_1_37' title="bbox 725 2279 2306 2354">
    <p class='ocr_par' dir='ltr' id='par_1_37' title="bbox 725 2279 2306 2354">
     <span class='ocr_line' id='line_1_37' title="bbox 725 2279 2306 2354; baseline 0.003 -21"><span class='ocrx_word' id='word_1_282' title='bbox 725 2279 846 2349; x_wconf 84' lang='lat' dir='ltr'><strong>jora</strong></span> <span class='ocrx_word' id='word_1_283' title='bbox 896 2296 1026 2335; x_wconf 88' lang='lat' dir='ltr'><strong>vero</strong></span> <span class='ocrx_word' id='word_1_284' title='bbox 1062 2298 1287 2337; x_wconf 86' lang='lat' dir='ltr'><strong>munera</strong></span> <span class='ocrx_word' id='word_1_285' title='bbox 1328 2295 1484 2337; x_wconf 82' lang='lat' dir='ltr'><strong>vocat</strong></span> <span class='ocrx_word' id='word_1_286' title='bbox 1526 2300 1611 2347; x_wconf 87' lang='lat' dir='ltr'><strong>ea,</strong></span> <span class='ocrx_word' id='word_1_287' title='bbox 1665 2300 1784 2354; x_wconf 74' lang='lat' dir='ltr'><strong>qua:</strong></span> <span class='ocrx_word' id='word_1_288' title='bbox 1824 2302 1852 2339; x_wconf 92' lang='lat' dir='ltr'><strong>a</strong></span> <span class='ocrx_word' id='word_1_289' title='bbox 1896 2285 2144 2354; x_wconf 88' lang='lat' dir='ltr'><strong>pluribus</strong></span> <span class='ocrx_word' id='word_1_290' title='bbox 2176 2301 2306 2340; x_wconf 88' lang='lat' dir='ltr'><strong>cer-</strong></span> 
     </span>
    </p>
   </div>
   <div class='ocr_carea' id='block_1_38' title="bbox 732 2376 2305 2447">
    <p class='ocr_par' dir='ltr' id='par_1_38' title="bbox 732 2376 2305 2447">
     <span class='ocr_line' id='line_1_38' title="bbox 732 2376 2305 2447; baseline 0.003 -21"><span class='ocrx_word' id='word_1_291' title='bbox 732 2381 955 2439; x_wconf 86' lang='lat' dir='ltr'><strong>nuntur,</strong></span> <span class='ocrx_word' id='word_1_292' title='bbox 990 2384 1048 2429; x_wconf 91' lang='lat' dir='ltr'><strong>ut</strong></span> <span class='ocrx_word' id='word_1_293' title='bbox 1082 2390 1199 2441; x_wconf 89' lang='lat' dir='ltr'><strong>ens,</strong></span> <span class='ocrx_word' id='word_1_294' title='bbox 1231 2385 1285 2431; x_wconf 90' lang='lat' dir='ltr'><strong>et</strong></span> <span class='ocrx_word' id='word_1_295' title='bbox 1315 2378 1501 2430; x_wconf 87' lang='lat' dir='ltr'><strong>vitam.</strong></span> <span class='ocrx_word' id='word_1_296' title='bbox 1542 2376 1851 2447; x_wconf 84' lang='lat' dir='ltr'><strong>Respondet</strong></span> <span class='ocrx_word' id='word_1_297' title='bbox 1876 2379 2081 2447; x_wconf 86' lang='lat' dir='ltr'><strong>itaque,</strong></span> <span class='ocrx_word' id='word_1_298' title='bbox 2116 2387 2167 2432; x_wconf 91' lang='lat' dir='ltr'><strong>et</strong></span> <span class='ocrx_word' id='word_1_299' title='bbox 2196 2377 2305 2433; x_wconf 85' lang='lat' dir='ltr'><strong>sol-</strong></span> 
     </span>
    </p>
   </div>
   <div class='ocr_carea' id='block_1_39' title="bbox 727 2463 2305 2538">
    <p class='ocr_par' dir='ltr' id='par_1_39' title="bbox 727 2463 2305 2538">
     <span class='ocr_line' id='line_1_39' title="bbox 727 2463 2305 2538; baseline 0.006 -25"><span class='ocrx_word' id='word_1_300' title='bbox 727 2463 808 2516; x_wconf 86' lang='lat' dir='ltr'><strong>vit</strong></span> <span class='ocrx_word' id='word_1_301' title='bbox 835 2466 1189 2532; x_wconf 68' lang='lat' dir='ltr'><strong>quaestionem</strong></span> <span class='ocrx_word' id='word_1_302' title='bbox 1214 2466 1423 2529; x_wconf 88' lang='lat' dir='ltr'><strong>dicens,</strong></span> <span class='ocrx_word' id='word_1_303' title='bbox 1455 2468 1597 2536; x_wconf 90' lang='lat' dir='ltr'><strong>quod</strong></span> <span class='ocrx_word' id='word_1_304' title='bbox 1629 2469 1672 2521; x_wconf 89' lang='lat' dir='ltr'><strong>si</strong></span> <span class='ocrx_word' id='word_1_305' title='bbox 1700 2469 1920 2537; x_wconf 87' lang='lat' dir='ltr'><strong>quidem</strong></span> <span class='ocrx_word' id='word_1_306' title='bbox 1952 2483 2039 2534; x_wconf 89' lang='lat' dir='ltr'><strong>ea,</strong></span> <span class='ocrx_word' id='word_1_307' title='bbox 2070 2483 2190 2538; x_wconf 72' lang='lat' dir='ltr'><strong>quae</strong></span> <span class='ocrx_word' id='word_1_308' title='bbox 2222 2469 2305 2523; x_wconf 84' lang='lat' dir='ltr'><strong>in-</strong></span> 
     </span>
    </p>
   </div>
   <div class='ocr_carea' id='block_1_40' title="bbox 728 2555 2304 2631">
    <p class='ocr_par' dir='ltr' id='par_1_40' title="bbox 728 2555 2304 2631">
     <span class='ocr_line' id='line_1_40' title="bbox 728 2555 2304 2631; baseline 0.006 -25"><span class='ocrx_word' id='word_1_309' title='bbox 728 2555 997 2624; x_wconf 86' lang='lat' dir='ltr'><strong>telligunt,</strong></span> <span class='ocrx_word' id='word_1_310' title='bbox 1046 2557 1269 2611; x_wconf 88' lang='lat' dir='ltr'><strong>entitate</strong></span> <span class='ocrx_word' id='word_1_311' title='bbox 1317 2574 1381 2613; x_wconf 91' lang='lat' dir='ltr'><strong>ac</strong></span> <span class='ocrx_word' id='word_1_312' title='bbox 1429 2559 1539 2612; x_wconf 85' lang='lat' dir='ltr'><strong>vita</strong></span> <span class='ocrx_word' id='word_1_313' title='bbox 1571 2568 1845 2627; x_wconf 89' lang='lat' dir='ltr'><strong>carerent,</strong></span> <span class='ocrx_word' id='word_1_314' title='bbox 1890 2569 1944 2616; x_wconf 90' lang='lat' dir='ltr'><strong>et</strong></span> <span class='ocrx_word' id='word_1_315' title='bbox 1975 2576 2039 2615; x_wconf 89' lang='lat' dir='ltr'><strong>ea</strong></span> <span class='ocrx_word' id='word_1_316' title='bbox 2068 2575 2190 2631; x_wconf 72' lang='lat' dir='ltr'><strong>quae</strong></span> <span class='ocrx_word' id='word_1_317' title='bbox 2228 2565 2304 2615; x_wconf 85' lang='lat' dir='ltr'><strong>vi-</strong></span> 
     </span>
    </p>
   </div>
   <div class='ocr_carea' id='block_1_41' title="bbox 726 2646 2303 2714">
    <p class='ocr_par' dir='ltr' id='par_1_41' title="bbox 726 2646 2303 2714">
     <span class='ocr_line' id='line_1_41' title="bbox 726 2646 2303 2714; baseline 0.006 -17"><span class='ocrx_word' id='word_1_318' title='bbox 726 2655 862 2701; x_wconf 84' lang='lat' dir='ltr'><strong>vunt</strong></span> <span class='ocrx_word' id='word_1_319' title='bbox 899 2646 1152 2701; x_wconf 90' lang='lat' dir='ltr'><strong>similiter</strong></span> <span class='ocrx_word' id='word_1_320' title='bbox 1190 2648 1551 2703; x_wconf 85' lang='lat' dir='ltr'><strong>substantiam</strong></span> <span class='ocrx_word' id='word_1_321' title='bbox 1598 2666 1705 2705; x_wconf 90' lang='lat' dir='ltr'><strong>non</strong></span> <span class='ocrx_word' id='word_1_322' title='bbox 1739 2651 2026 2714; x_wconf 84' lang='lat' dir='ltr'><strong>haberent,</strong></span> <span class='ocrx_word' id='word_1_323' title='bbox 2064 2662 2214 2709; x_wconf 85' lang='lat' dir='ltr'><strong>recte</strong></span> <span class='ocrx_word' id='word_1_324' title='bbox 2245 2668 2303 2707; x_wconf 90' lang='lat' dir='ltr'><strong>se</strong></span> 
     </span>
    </p>
   </div>
   <div class='ocr_carea' id='block_1_42' title="bbox 728 2737 2303 2814">
    <p class='ocr_par' dir='ltr' id='par_1_42' title="bbox 728 2737 2303 2814">
     <span class='ocr_line' id='line_1_42' title="bbox 728 2737 2303 2814; baseline 0.002 -22"><span class='ocrx_word' id='word_1_325' title='bbox 728 2737 955 2799; x_wconf 80' lang='lat' dir='ltr'><strong>haberet</strong></span> <span class='ocrx_word' id='word_1_326' title='bbox 994 2738 1299 2804; x_wconf 82' lang='lat' dir='ltr'><strong>dubitatio;</strong></span> <span class='ocrx_word' id='word_1_327' title='bbox 1350 2755 1539 2794; x_wconf 87' lang='lat' dir='ltr'><strong>verum</strong></span> <span class='ocrx_word' id='word_1_328' title='bbox 1570 2756 1694 2795; x_wconf 85' lang='lat' dir='ltr'><strong>cum</strong></span> <span class='ocrx_word' id='word_1_329' title='bbox 1738 2756 1801 2796; x_wconf 80' lang='lat' dir='ltr'><strong>ea</strong></span> <span class='ocrx_word' id='word_1_330' title='bbox 1835 2756 1955 2812; x_wconf 60' lang='lat' dir='ltr'><strong>quae</strong></span> <span class='ocrx_word' id='word_1_331' title='bbox 1996 2742 2303 2814; x_wconf 89' lang='lat' dir='ltr'><strong>intelligunt</strong></span> 
     </span>
    </p>
   </div>
   <div class='ocr_carea' id='block_1_43' title="bbox 725 2829 2303 2905">
    <p class='ocr_par' dir='ltr' id='par_1_43' title="bbox 725 2829 2303 2905">
     <span class='ocr_line' id='line_1_43' title="bbox 725 2829 2303 2905; baseline 0.004 -23"><span class='ocrx_word' id='word_1_332' title='bbox 725 2829 890 2883; x_wconf 82' lang='lat' dir='ltr'><strong>etiam</strong></span> <span class='ocrx_word' id='word_1_333' title='bbox 915 2831 1176 2897; x_wconf 79' lang='lat' dir='ltr'><strong>existant,</strong></span> <span class='ocrx_word' id='word_1_334' title='bbox 1212 2840 1266 2884; x_wconf 90' lang='lat' dir='ltr'><strong>et</strong></span> <span class='ocrx_word' id='word_1_335' title='bbox 1306 2830 1493 2886; x_wconf 85' lang='lat' dir='ltr'><strong>vivant</strong></span> <span class='ocrx_word' id='word_1_336' title='bbox 1524 2836 1632 2887; x_wconf 86' lang='lat' dir='ltr'><strong>vita</strong></span> <span class='ocrx_word' id='word_1_337' title='bbox 1662 2834 1884 2904; x_wconf 90' lang='lat' dir='ltr'><strong>potiori,</strong></span> <span class='ocrx_word' id='word_1_338' title='bbox 1914 2844 1970 2889; x_wconf 91' lang='lat' dir='ltr'><strong>et</strong></span> <span class='ocrx_word' id='word_1_339' title='bbox 1994 2835 2303 2905; x_wconf 78' lang='lat' dir='ltr'><strong>intelligant</strong></span> 
     </span>
    </p>
   </div>
   <div class='ocr_carea' id='block_1_44' title="bbox 726 2923 2303 2994">
    <p class='ocr_par' dir='ltr' id='par_1_44' title="bbox 726 2923 2303 2994">
     <span class='ocr_line' id='line_1_44' title="bbox 726 2923 2303 2994; baseline 0.004 -21"><span class='ocrx_word' id='word_1_340' title='bbox 726 2936 893 2991; x_wconf 81' lang='lat' dir='ltr'><strong>supra</strong></span> <span class='ocrx_word' id='word_1_341' title='bbox 926 2935 1143 2976; x_wconf 89' lang='lat' dir='ltr'><strong>sensum</strong></span> <span class='ocrx_word' id='word_1_342' title='bbox 1184 2936 1245 2976; x_wconf 92' lang='lat' dir='ltr'><strong>ac</strong></span> <span class='ocrx_word' id='word_1_343' title='bbox 1294 2923 1592 2988; x_wconf 84' lang='lat' dir='ltr'><strong>rationem.</strong></span> <span class='ocrx_word' id='word_1_344' title='bbox 1626 2934 1679 2977; x_wconf 92' lang='lat' dir='ltr'><strong>et</strong></span> <span class='ocrx_word' id='word_1_345' title='bbox 1706 2938 1818 2994; x_wconf 67' lang='lat' dir='ltr'><strong>prae</strong></span> <span class='ocrx_word' id='word_1_346' title='bbox 1848 2926 2060 2981; x_wconf 88' lang='lat' dir='ltr'><strong>cunctis</strong></span> <span class='ocrx_word' id='word_1_347' title='bbox 2087 2927 2303 2981; x_wconf 89' lang='lat' dir='ltr'><strong>entihus</strong></span> 
     </span>
    </p>
   </div>
   <div class='ocr_carea' id='block_1_45' title="bbox 726 3012 2301 3084">
    <p class='ocr_par' dir='ltr' id='par_1_45' title="bbox 726 3012 2301 3084">
     <span class='ocr_line' id='line_1_45' title="bbox 726 3012 2301 3084; baseline 0.003 -18"><span class='ocrx_word' id='word_1_348' title='bbox 726 3014 1054 3083; x_wconf 80' lang='lat' dir='ltr'><strong>participem</strong></span> <span class='ocrx_word' id='word_1_349' title='bbox 1088 3014 1398 3079; x_wconf 89' lang='lat' dir='ltr'><strong>entitatem,</strong></span> <span class='ocrx_word' id='word_1_350' title='bbox 1447 3016 1548 3069; x_wconf 87' lang='lat' dir='ltr'><strong>iioc</strong></span> <span class='ocrx_word' id='word_1_351' title='bbox 1600 3015 1787 3084; x_wconf 92' lang='lat' dir='ltr'><strong>utique</strong></span> <span class='ocrx_word' id='word_1_352' title='bbox 1833 3016 1976 3072; x_wconf 83' lang='lat' dir='ltr'><strong>bono</strong></span> <span class='ocrx_word' id='word_1_353' title='bbox 2020 3016 2126 3073; x_wconf 89' lang='lat' dir='ltr'><strong>Deo</strong></span> <span class='ocrx_word' id='word_1_354' title='bbox 2162 3012 2301 3073; x_wconf 85' lang='lat' dir='ltr'><strong>vici-</strong></span> 
     </span>
    </p>
   </div>
   <div class='ocr_carea' id='block_1_46' title="bbox 726 3102 2298 3177">
    <p class='ocr_par' dir='ltr' id='par_1_46' title="bbox 726 3102 2298 3177">
     <span class='ocr_line' id='line_1_46' title="bbox 726 3102 2298 3177; baseline 0.005 -23"><span class='ocrx_word' id='word_1_355' title='bbox 726 3102 911 3158; x_wconf 83' lang='lat' dir='ltr'><strong>niores</strong></span> <span class='ocrx_word' id='word_1_356' title='bbox 939 3102 1200 3169; x_wconf 89' lang='lat' dir='ltr'><strong>existunt,</strong></span> <span class='ocrx_word' id='word_1_357' title='bbox 1242 3118 1347 3172; x_wconf 90' lang='lat' dir='ltr'><strong>quo</strong></span> <span class='ocrx_word' id='word_1_358' title='bbox 1394 3104 1722 3159; x_wconf 89' lang='lat' dir='ltr'><strong>luculentius</strong></span> <span class='ocrx_word' id='word_1_359' title='bbox 1755 3105 1931 3175; x_wconf 88' lang='lat' dir='ltr'><strong>ipsum</strong></span> <span class='ocrx_word' id='word_1_360' title='bbox 1965 3109 2298 3177; x_wconf 85' lang='lat' dir='ltr'><strong>participan-</strong></span> 
     </span>
    </p>
   </div>
   <div class='ocr_carea' id='block_1_47' title="bbox 724 3194 2298 3267">
    <p class='ocr_par' dir='ltr' id='par_1_47' title="bbox 724 3194 2298 3267">
     <span class='ocr_line' id='line_1_47' title="bbox 724 3194 2298 3267; baseline 0.005 -22"><span class='ocrx_word' id='word_1_361' title='bbox 724 3203 831 3259; x_wconf 90' lang='lat' dir='ltr'><strong>Ies,</strong></span> <span class='ocrx_word' id='word_1_362' title='bbox 864 3194 1045 3263; x_wconf 83' lang='lat' dir='ltr'><strong>plures</strong></span> <span class='ocrx_word' id='word_1_363' title='bbox 1067 3195 1226 3250; x_wconf 85' lang='lat' dir='ltr'><strong>etiam</strong></span> <span class='ocrx_word' id='word_1_364' title='bbox 1257 3196 1325 3247; x_wconf 84' lang='lat' dir='ltr'><strong>ali</strong></span> <span class='ocrx_word' id='word_1_365' title='bbox 1364 3196 1479 3263; x_wconf 90' lang='lat' dir='ltr'><strong>ipso</strong></span> <span class='ocrx_word' id='word_1_366' title='bbox 1503 3196 1657 3250; x_wconf 80' lang='lat' dir='ltr'><strong>dotes</strong></span> <span class='ocrx_word' id='word_1_367' title='bbox 1697 3208 2049 3267; x_wconf 86' lang='lat' dir='ltr'><strong>acceperunt,</strong></span> <span class='ocrx_word' id='word_1_368' title='bbox 2084 3200 2298 3254; x_wconf 89' lang='lat' dir='ltr'><strong>scilicet</strong></span> 
     </span>
    </p>
   </div>
   <div class='ocr_carea' id='block_1_48' title="bbox 2406 2183 3992 2259">
    <p class='ocr_par' dir='ltr' id='par_1_48' title="bbox 2406 2183 3992 2259">
     <span class='ocr_line' id='line_1_48' title="bbox 2406 2183 3992 2259; baseline 0.001 -19"><span class='ocrx_word' id='word_1_369' title='bbox 2406 2187 2606 2259; x_wconf 77' lang='grc' dir='ltr'>ἔχουσι.</span> <span class='ocrx_word' id='word_1_370' title='bbox 2651 2184 2921 2249; x_wconf 78' lang='grc' dir='ltr'>Μείζονας</span> <span class='ocrx_word' id='word_1_371' title='bbox 2953 2184 3010 2237; x_wconf 84' lang='grc' dir='ltr'>δὲ</span> <span class='ocrx_word' id='word_1_372' title='bbox 3046 2183 3254 2256; x_wconf 88' lang='grc' dir='ltr'>δωρεάς</span> <span class='ocrx_word' id='word_1_373' title='bbox 3293 2201 3426 2256; x_wconf 81' lang='grc' dir='ltr'>φησι</span> <span class='ocrx_word' id='word_1_374' title='bbox 3462 2183 3564 2248; x_wconf 84' lang='grc' dir='ltr'>τὰς</span> <span class='ocrx_word' id='word_1_375' title='bbox 3593 2184 3687 2237; x_wconf 70' lang='grc' dir='ltr'><strong>ἐπὶ</strong></span> <span class='ocrx_word' id='word_1_376' title='bbox 3728 2186 3992 2241; x_wconf 86' lang='grc' dir='ltr'>πλειόνων</span> 
     </span>
    </p>
   </div>
   <div class='ocr_carea' id='block_1_49' title="bbox 2406 2272 3995 2351">
    <p class='ocr_par' dir='ltr' id='par_1_49' title="bbox 2406 2272 3995 2351">
     <span class='ocr_line' id='line_1_49' title="bbox 2406 2272 3995 2351; baseline 0 -18"><span class='ocrx_word' id='word_1_377' title='bbox 2406 2277 2803 2351; x_wconf 78' lang='grc' dir='ltr'>θεωρουμένας,</span> <span class='ocrx_word' id='word_1_378' title='bbox 2835 2272 2945 2329; x_wconf 75' lang='grc' dir='ltr'>οἷον</span> <span class='ocrx_word' id='word_1_379' title='bbox 2973 2276 3034 2329; x_wconf 85' lang='grc' dir='ltr'>τὸ</span> <span class='ocrx_word' id='word_1_380' title='bbox 3070 2275 3128 2329; x_wconf 89' lang='grc' dir='ltr'><strong>ὄν</strong></span> <span class='ocrx_word' id='word_1_381' title='bbox 3157 2276 3249 2329; x_wconf 79' lang='grc' dir='ltr'><strong>καὶ</strong></span> <span class='ocrx_word' id='word_1_382' title='bbox 3282 2275 3379 2346; x_wconf 77' lang='grc' dir='ltr'>τὴν</span> <span class='ocrx_word' id='word_1_383' title='bbox 3406 2275 3569 2347; x_wconf 80' lang='grc' dir='ltr'>ζωήν.</span> <span class='ocrx_word' id='word_1_384' title='bbox 3613 2275 3995 2349; x_wconf 78' lang='grc' dir='ltr'>Ἀποχρίνεται</span> 
     </span>
    </p>
   </div>
   <div class='ocr_carea' id='block_1_50' title="bbox 2403 2367 3995 2440">
    <p class='ocr_par' dir='ltr' id='par_1_50' title="bbox 2403 2367 3995 2440">
     <span class='ocr_line' id='line_1_50' title="bbox 2403 2367 3995 2440; baseline -0.001 -16"><span class='ocrx_word' id='word_1_385' title='bbox 2403 2371 2581 2425; x_wconf 83' lang='grc' dir='ltr'>τοίνυν</span> <span class='ocrx_word' id='word_1_386' title='bbox 2615 2371 2709 2423; x_wconf 72' lang='grc' dir='ltr'>καὶ</span> <span class='ocrx_word' id='word_1_387' title='bbox 2738 2368 2853 2422; x_wconf 85' lang='grc' dir='ltr'>λύει</span> <span class='ocrx_word' id='word_1_388' title='bbox 2878 2368 2975 2439; x_wconf 82' lang='grc' dir='ltr'>τὴν</span> <span class='ocrx_word' id='word_1_389' title='bbox 2999 2368 3255 2440; x_wconf 79' lang='grc' dir='ltr'>ἀπορίαν,</span> <span class='ocrx_word' id='word_1_390' title='bbox 3284 2368 3477 2436; x_wconf 85' lang='grc' dir='ltr'>λέγων,</span> <span class='ocrx_word' id='word_1_391' title='bbox 3512 2367 3593 2421; x_wconf 86' lang='grc' dir='ltr'><strong>ὄτι</strong></span> <span class='ocrx_word' id='word_1_392' title='bbox 3618 2369 3667 2421; x_wconf 85' lang='grc' dir='ltr'><strong>εί</strong></span> <span class='ocrx_word' id='word_1_393' title='bbox 3702 2370 3799 2439; x_wconf 82' lang='grc' dir='ltr'>μὲν</span> <span class='ocrx_word' id='word_1_394' title='bbox 3832 2370 3995 2423; x_wconf 83' lang='grc' dir='ltr'>ἀνού-</span> 
     </span>
    </p>
   </div>
   <div class='ocr_carea' id='block_1_51' title="bbox 2407 2459 3992 2534">
    <p class='ocr_par' dir='ltr' id='par_1_51' title="bbox 2407 2459 3992 2534">
     <span class='ocr_line' id='line_1_51' title="bbox 2407 2459 3992 2534; baseline 0.001 -18"><span class='ocrx_word' id='word_1_395' title='bbox 2407 2481 2495 2516; x_wconf 89' lang='grc' dir='ltr'><strong>σια</strong></span> <span class='ocrx_word' id='word_1_396' title='bbox 2524 2459 2663 2534; x_wconf 79' lang='grc' dir='ltr'>ἦσαν</span> <span class='ocrx_word' id='word_1_397' title='bbox 2708 2461 2778 2515; x_wconf 91' lang='grc' dir='ltr'><strong>τά</strong></span> <span class='ocrx_word' id='word_1_398' title='bbox 2820 2460 2987 2532; x_wconf 81' lang='grc' dir='ltr'>νοερὰ</span> <span class='ocrx_word' id='word_1_399' title='bbox 3029 2460 3124 2513; x_wconf 75' lang='grc' dir='ltr'><strong>καὶ</strong></span> <span class='ocrx_word' id='word_1_400' title='bbox 3162 2460 3335 2525; x_wconf 78' lang='grc' dir='ltr'>άξωα,</span> <span class='ocrx_word' id='word_1_401' title='bbox 3374 2461 3467 2513; x_wconf 75' lang='grc' dir='ltr'><strong>καὶ</strong></span> <span class='ocrx_word' id='word_1_402' title='bbox 3506 2460 3669 2514; x_wconf 87' lang='grc' dir='ltr'>πάλιν</span> <span class='ocrx_word' id='word_1_403' title='bbox 3707 2460 3776 2514; x_wconf 88' lang='grc' dir='ltr'><strong>τά</strong></span> <span class='ocrx_word' id='word_1_404' title='bbox 3810 2462 3992 2526; x_wconf 78' lang='grc' dir='ltr'>ζῶντα</span> 
     </span>
    </p>
   </div>
   <div class='ocr_carea' id='block_1_52' title="bbox 2403 2547 3996 2624">
    <p class='ocr_par' dir='ltr' id='par_1_52' title="bbox 2403 2547 3996 2624">
     <span class='ocr_line' id='line_1_52' title="bbox 2403 2547 3996 2624; baseline 0.002 -17"><span class='ocrx_word' id='word_1_405' title='bbox 2403 2554 2667 2617; x_wconf 87' lang='grc' dir='ltr'>ἀνούσια,</span> <span class='ocrx_word' id='word_1_406' title='bbox 2718 2551 2897 2615; x_wconf 81' lang='grc' dir='ltr'>καλῶς</span> <span class='ocrx_word' id='word_1_407' title='bbox 2945 2550 3010 2605; x_wconf 83' lang='grc' dir='ltr'>ἂν</span> <span class='ocrx_word' id='word_1_408' title='bbox 3052 2547 3196 2622; x_wconf 79' lang='grc' dir='ltr'>εἶχεν</span> <span class='ocrx_word' id='word_1_409' title='bbox 3252 2554 3285 2623; x_wconf 80' lang='grc' dir='ltr'>ἡ</span> <span class='ocrx_word' id='word_1_410' title='bbox 3332 2552 3551 2622; x_wconf 85' lang='grc' dir='ltr'>ἀπορία·</span> <span class='ocrx_word' id='word_1_411' title='bbox 3600 2553 3784 2624; x_wconf 78' lang='grc' dir='ltr'>ἐπειδὴ</span> <span class='ocrx_word' id='word_1_412' title='bbox 3828 2554 3886 2607; x_wconf 77' lang='grc' dir='ltr'>δὲ</span> <span class='ocrx_word' id='word_1_413' title='bbox 3917 2556 3996 2610; x_wconf 78' lang='grc' dir='ltr'><strong>τὰ</strong></span> 
     </span>
    </p>
   </div>
   <div class='ocr_carea' id='block_1_53' title="bbox 2402 2642 3992 2717">
    <p class='ocr_par' dir='ltr' id='par_1_53' title="bbox 2402 2642 3992 2717">
     <span class='ocr_line' id='line_1_53' title="bbox 2402 2642 3992 2717; baseline 0.001 -20"><span class='ocrx_word' id='word_1_414' title='bbox 2402 2644 2562 2717; x_wconf 83' lang='grc' dir='ltr'>νοερά</span> <span class='ocrx_word' id='word_1_415' title='bbox 2600 2645 2695 2697; x_wconf 75' lang='grc' dir='ltr'><strong>καὶ</strong></span> <span class='ocrx_word' id='word_1_416' title='bbox 2733 2644 2862 2697; x_wconf 76' lang='grc' dir='ltr'>ὄντα</span> <span class='ocrx_word' id='word_1_417' title='bbox 2902 2643 3042 2707; x_wconf 70' lang='lat' dir='ltr'><strong>sici,</strong></span> <span class='ocrx_word' id='word_1_418' title='bbox 3080 2644 3175 2696; x_wconf 72' lang='grc' dir='ltr'><strong>καὶ</strong></span> <span class='ocrx_word' id='word_1_419' title='bbox 3198 2643 3353 2709; x_wconf 78' lang='grc' dir='ltr'>ζῶσι,</span> <span class='ocrx_word' id='word_1_420' title='bbox 3381 2645 3473 2697; x_wconf 78' lang='grc' dir='ltr'><strong>καὶ</strong></span> <span class='ocrx_word' id='word_1_421' title='bbox 3507 2642 3650 2715; x_wconf 78' lang='grc' dir='ltr'>ζωὴν</span> <span class='ocrx_word' id='word_1_422' title='bbox 3679 2644 3992 2715; x_wconf 82' lang='grc' dir='ltr'>κρείττονα,</span> 
     </span>
    </p>
   </div>
   <div class='ocr_carea' id='block_1_54' title="bbox 2403 2734 3995 2811">
    <p class='ocr_par' dir='ltr' id='par_1_54' title="bbox 2403 2734 3995 2811">
     <span class='ocr_line' id='line_1_54' title="bbox 2403 2734 3995 2811; baseline 0.001 -22"><span class='ocrx_word' id='word_1_423' title='bbox 2403 2737 2497 2789; x_wconf 79' lang='grc' dir='ltr'><strong>καὶ</strong></span> <span class='ocrx_word' id='word_1_424' title='bbox 2524 2735 2880 2805; x_wconf 82' lang='grc' dir='ltr'>γινώσκουσιν</span> <span class='ocrx_word' id='word_1_425' title='bbox 2919 2734 3058 2807; x_wconf 73' lang='grc' dir='ltr'>ὑπὲρ</span> <span class='ocrx_word' id='word_1_426' title='bbox 3082 2734 3337 2806; x_wconf 77' lang='grc' dir='ltr'>αἴσθησιν</span> <span class='ocrx_word' id='word_1_427' title='bbox 3360 2737 3454 2790; x_wconf 76' lang='grc' dir='ltr'><strong>καὶ</strong></span> <span class='ocrx_word' id='word_1_428' title='bbox 3489 2735 3645 2806; x_wconf 89' lang='grc' dir='ltr'>λόγον</span> <span class='ocrx_word' id='word_1_429' title='bbox 3668 2776 3682 2801; x_wconf 92' lang='grc'><strong>,</strong></span> <span class='ocrx_word' id='word_1_430' title='bbox 3710 2738 3802 2790; x_wconf 75' lang='grc' dir='ltr'>καὶ</span> <span class='ocrx_word' id='word_1_431' title='bbox 3834 2739 3995 2811; x_wconf 75' lang='grc' dir='ltr'>παρὰ</span> 
     </span>
    </p>
   </div>
   <div class='ocr_carea' id='block_1_55' title="bbox 2403 2825 3994 2899">
    <p class='ocr_par' dir='ltr' id='par_1_55' title="bbox 2403 2825 3994 2899">
     <span class='ocr_line' id='line_1_55' title="bbox 2403 2825 3994 2899; baseline 0.002 -18"><span class='ocrx_word' id='word_1_432' title='bbox 2403 2828 2579 2882; x_wconf 88' lang='grc' dir='ltr'>πάντα</span> <span class='ocrx_word' id='word_1_433' title='bbox 2609 2827 2674 2881; x_wconf 83' lang='grc' dir='ltr'><strong>τὰ</strong></span> <span class='ocrx_word' id='word_1_434' title='bbox 2690 2827 2828 2882; x_wconf 75' lang='grc' dir='ltr'>ὄντα</span> <span class='ocrx_word' id='word_1_435' title='bbox 2851 2825 2943 2880; x_wconf 90' lang='grc' dir='ltr'><strong>τοῦ</strong></span> <span class='ocrx_word' id='word_1_436' title='bbox 2966 2826 3117 2892; x_wconf 75' lang='grc' dir='ltr'>ὄντος</span> <span class='ocrx_word' id='word_1_437' title='bbox 3138 2828 3482 2899; x_wconf 77' lang='grc' dir='ltr'>μετέχουσιν,</span> <span class='ocrx_word' id='word_1_438' title='bbox 3513 2829 3667 2881; x_wconf 73' lang='grc' dir='ltr'>αὐτοὶ</span> <span class='ocrx_word' id='word_1_439' title='bbox 3700 2828 3893 2899; x_wconf 78' lang='grc' dir='ltr'>μᾶλλον</span> <span class='ocrx_word' id='word_1_440' title='bbox 3920 2830 3994 2884; x_wconf 76' lang='grc' dir='ltr'>ἂν</span> 
     </span>
    </p>
   </div>
   <div class='ocr_carea' id='block_1_56' title="bbox 2405 2919 3989 2993">
    <p class='ocr_par' dir='ltr' id='par_1_56' title="bbox 2405 2919 3989 2993">
     <span class='ocr_line' id='line_1_56' title="bbox 2405 2919 3989 2993; baseline 0.002 -18"><span class='ocrx_word' id='word_1_441' title='bbox 2405 2920 2762 2991; x_wconf 80' lang='grc' dir='ltr'>πλησιάζοιεν</span> <span class='ocrx_word' id='word_1_442' title='bbox 2780 2920 2858 2991; x_wconf 86' lang='grc' dir='ltr'>τῷ</span> <span class='ocrx_word' id='word_1_443' title='bbox 2886 2920 3072 2991; x_wconf 86' lang='grc' dir='ltr'>ἀγαθῷ</span> <span class='ocrx_word' id='word_1_444' title='bbox 3112 2919 3251 2991; x_wconf 81' lang='grc' dir='ltr'>Θεῷ,</span> <span class='ocrx_word' id='word_1_445' title='bbox 3283 2922 3333 2973; x_wconf 86' lang='grc' dir='ltr'>οἱ</span> <span class='ocrx_word' id='word_1_446' title='bbox 3377 2921 3792 2993; x_wconf 79' lang='grc' dir='ltr'>ὑπερπερισσῶς</span> <span class='ocrx_word' id='word_1_447' title='bbox 3814 2922 3989 2978; x_wconf 80' lang='grc' dir='ltr'>αὑτοῦ</span> 
     </span>
    </p>
   </div>
   <div class='ocr_carea' id='block_1_57' title="bbox 2403 3012 3992 3086">
    <p class='ocr_par' dir='ltr' id='par_1_57' title="bbox 2403 3012 3992 3086">
     <span class='ocr_line' id='line_1_57' title="bbox 2403 3012 3992 3086; baseline 0.003 -19"><span class='ocrx_word' id='word_1_448' title='bbox 2403 3014 2738 3086; x_wconf 81' lang='grc' dir='ltr'>μετέχοντες,</span> <span class='ocrx_word' id='word_1_449' title='bbox 2764 3014 2859 3067; x_wconf 79' lang='grc' dir='ltr'><strong>καὶ</strong></span> <span class='ocrx_word' id='word_1_450' title='bbox 2888 3012 3104 3077; x_wconf 87' lang='grc' dir='ltr'>πλείους</span> <span class='ocrx_word' id='word_1_451' title='bbox 3126 3012 3335 3085; x_wconf 82' lang='grc' dir='ltr'>δωρεάς</span> <span class='ocrx_word' id='word_1_452' title='bbox 3359 3012 3591 3085; x_wconf 75' lang='grc' dir='ltr'>ἔχοντες,</span> <span class='ocrx_word' id='word_1_453' title='bbox 3617 3012 3858 3084; x_wconf 75' lang='grc' dir='ltr'>δηλονότι</span> <span class='ocrx_word' id='word_1_454' title='bbox 3885 3016 3992 3071; x_wconf 77' lang='grc' dir='ltr'><strong>καὶ</strong></span> 
     </span>
    </p>
   </div>
   <div class='ocr_carea' id='block_1_58' title="bbox 2398 3090 3989 3176">
    <p class='ocr_par' dir='ltr' id='par_1_58' title="bbox 2398 3090 3989 3176">
     <span class='ocr_line' id='line_1_58' title="bbox 2398 3090 3989 3176; baseline 0.001 -15"><span class='ocrx_word' id='word_1_455' title='bbox 2398 3107 2461 3161; x_wconf 81' lang='grc' dir='ltr'>τὸ</span> <span class='ocrx_word' id='word_1_456' title='bbox 2476 3103 2634 3171; x_wconf 75' lang='grc' dir='ltr'>εἶναι,</span> <span class='ocrx_word' id='word_1_457' title='bbox 2651 3090 2743 3161; x_wconf 62' lang='lat' dir='ltr'><strong>ita).</strong></span> <span class='ocrx_word' id='word_1_458' title='bbox 2756 3104 2931 3176; x_wconf 52' lang='lat' dir='ltr'><strong>cbﬁﬁv</strong></span> <span class='ocrx_word' id='word_1_459' title='bbox 2947 3144 2962 3169; x_wconf 92' lang='lat'><strong>,</strong></span> <span class='ocrx_word' id='word_1_460' title='bbox 2981 3106 3151 3161; x_wconf 80' lang='grc' dir='ltr'>καὶτὸ</span> <span class='ocrx_word' id='word_1_461' title='bbox 3166 3105 3471 3175; x_wconf 73' lang='grc' dir='ltr'>γινώσκειν,</span> <span class='ocrx_word' id='word_1_462' title='bbox 3492 3106 3626 3161; x_wconf 79' lang='grc' dir='ltr'>ἀλλὰ</span> <span class='ocrx_word' id='word_1_463' title='bbox 3640 3107 3807 3160; x_wconf 75' lang='grc' dir='ltr'>καὶτὸ</span> <span class='ocrx_word' id='word_1_464' title='bbox 3820 3111 3989 3163; x_wconf 74' lang='grc' dir='ltr'>νοεῖν·</span> 
     </span>
    </p>
   </div>
   <div class='ocr_carea' id='block_1_59' title="bbox 2400 3198 3990 3271">
    <p class='ocr_par' dir='ltr' id='par_1_59' title="bbox 2400 3198 3990 3271">
     <span class='ocr_line' id='line_1_59' title="bbox 2400 3198 3990 3271; baseline -0.001 -17"><span class='ocrx_word' id='word_1_465' title='bbox 2400 3201 2561 3254; x_wconf 88' lang='grc' dir='ltr'>πάλιν</span> <span class='ocrx_word' id='word_1_466' title='bbox 2580 3201 2639 3253; x_wconf 75' lang='grc' dir='ltr'>δὲ</span> <span class='ocrx_word' id='word_1_467' title='bbox 2670 3198 2888 3271; x_wconf 79' lang='grc' dir='ltr'>μείζους</span> <span class='ocrx_word' id='word_1_468' title='bbox 2916 3198 3142 3268; x_wconf 77' lang='grc' dir='ltr'>δωρεὰς,</span> <span class='ocrx_word' id='word_1_469' title='bbox 3173 3200 3255 3251; x_wconf 85' lang='grc' dir='ltr'>ὅτι</span> <span class='ocrx_word' id='word_1_470' title='bbox 3273 3198 3444 3252; x_wconf 88' lang='grc' dir='ltr'>ταῦτα</span> <span class='ocrx_word' id='word_1_471' title='bbox 3460 3199 3635 3253; x_wconf 86' lang='grc' dir='ltr'>πάντα</span> <span class='ocrx_word' id='word_1_472' title='bbox 3656 3200 3990 3270; x_wconf 77' lang='grc' dir='ltr'>κρειττόνως</span> 
     </span>
    </p>
   </div>
   <div class='ocr_carea' id='block_1_60' title="bbox 722 3286 2297 3364">
    <p class='ocr_par' dir='ltr' id='par_1_60' title="bbox 722 3286 2297 3358">
     <span class='ocr_line' id='line_1_60' title="bbox 722 3286 2297 3358; baseline 0.004 -20"><span class='ocrx_word' id='word_1_473' title='bbox 722 3294 781 3338; x_wconf 90' lang='lat' dir='ltr'><strong>et</strong></span> <span class='ocrx_word' id='word_1_474' title='bbox 812 3286 1120 3350; x_wconf 83' lang='lat' dir='ltr'><strong>entitatem,</strong></span> <span class='ocrx_word' id='word_1_475' title='bbox 1159 3295 1212 3340; x_wconf 83' lang='lat' dir='ltr'><strong>et</strong></span> <span class='ocrx_word' id='word_1_476' title='bbox 1255 3287 1441 3350; x_wconf 86' lang='lat' dir='ltr'><strong>vitam,</strong></span> <span class='ocrx_word' id='word_1_477' title='bbox 1487 3296 1542 3341; x_wconf 91' lang='lat' dir='ltr'><strong>et</strong></span> <span class='ocrx_word' id='word_1_478' title='bbox 1575 3289 1962 3358; x_wconf 71' lang='lat' dir='ltr'><strong>cognitionem,</strong></span> <span class='ocrx_word' id='word_1_479' title='bbox 1998 3300 2053 3345; x_wconf 92' lang='lat' dir='ltr'><strong>et</strong></span> <span class='ocrx_word' id='word_1_480' title='bbox 2099 3292 2297 3346; x_wconf 82' lang='lat' dir='ltr'><strong>intelle-</strong></span> 
     </span>
    </p>
   </div>
   <div class='ocr_carea' id='block_1_61' title="bbox 2400 3286 3991 3364">
    <p class='ocr_par' dir='ltr' id='par_1_61' title="bbox 2400 3286 3991 3364">
     <span class='ocr_line' id='line_1_61' title="bbox 2400 3286 3991 3364; baseline 0.002 -19"><span class='ocrx_word' id='word_1_481' title='bbox 2400 3292 2614 3364; x_wconf 74' lang='grc' dir='ltr'>ἔχουσιν</span> <span class='ocrx_word' id='word_1_482' title='bbox 2642 3286 2787 3346; x_wconf 73' lang='grc' dir='ltr'>οὗτοι</span> <span class='ocrx_word' id='word_1_483' title='bbox 2816 3289 2966 3361; x_wconf 86' lang='grc' dir='ltr'>παρὰ</span> <span class='ocrx_word' id='word_1_484' title='bbox 2985 3290 3054 3344; x_wconf 83' lang='grc' dir='ltr'>τὰ</span> <span class='ocrx_word' id='word_1_485' title='bbox 3073 3290 3224 3346; x_wconf 76' lang='grc' dir='ltr'>άλλα³</span> <span class='ocrx_word' id='word_1_486' title='bbox 3256 3293 3349 3345; x_wconf 75' lang='grc' dir='ltr'><strong>καὶ</strong></span> <span class='ocrx_word' id='word_1_487' title='bbox 3377 3291 3525 3346; x_wconf 79' lang='grc' dir='ltr'>ἐστιν</span> <span class='ocrx_word' id='word_1_488' title='bbox 3552 3292 3767 3363; x_wconf 67' lang='grc' dir='ltr'>ἀληθὲς,</span> <span class='ocrx_word' id='word_1_489' title='bbox 3804 3295 3887 3347; x_wconf 87' lang='grc' dir='ltr'><strong>ὄτι</strong></span> <span class='ocrx_word' id='word_1_490' title='bbox 3914 3295 3991 3349; x_wconf 80' lang='grc' dir='ltr'>τὰ</span> 
     </span>
    </p>
   </div>
   <div class='ocr_carea' id='block_1_62' title="bbox 724 3378 2297 3456">
    <p class='ocr_par' dir='ltr' id='par_1_62' title="bbox 724 3378 2297 3451">
     <span class='ocr_line' id='line_1_62' title="bbox 724 3378 2297 3451; baseline 0.006 -21"><span class='ocrx_word' id='word_1_491' title='bbox 724 3387 913 3443; x_wconf 87' lang='lat' dir='ltr'><strong>ctum;</strong></span> <span class='ocrx_word' id='word_1_492' title='bbox 956 3392 1055 3432; x_wconf 89' lang='lat' dir='ltr'><strong>nec</strong></span> <span class='ocrx_word' id='word_1_493' title='bbox 1099 3393 1205 3432; x_wconf 91' lang='lat' dir='ltr'><strong>non</strong></span> <span class='ocrx_word' id='word_1_494' title='bbox 1250 3378 1413 3431; x_wconf 86' lang='lat' dir='ltr'><strong>etiam</strong></span> <span class='ocrx_word' id='word_1_495' title='bbox 1464 3380 1621 3436; x_wconf 87' lang='lat' dir='ltr'><strong>dotes</strong></span> <span class='ocrx_word' id='word_1_496' title='bbox 1661 3380 1968 3450; x_wconf 74' lang='lat' dir='ltr'><strong>ampliores,</strong></span> <span class='ocrx_word' id='word_1_497' title='bbox 2014 3384 2155 3451; x_wconf 90' lang='lat' dir='ltr'><strong>quod</strong></span> <span class='ocrx_word' id='word_1_498' title='bbox 2188 3385 2297 3441; x_wconf 71' lang='lat' dir='ltr'><strong>haec</strong></span> 
     </span>
    </p>
   </div>
   <div class='ocr_carea' id='block_1_63' title="bbox 2400 3378 3987 3456">
    <p class='ocr_par' dir='ltr' id='par_1_63' title="bbox 2408 3382 3987 3456">
     <span class='ocr_line' id='line_1_63' title="bbox 2408 3382 3987 3456; baseline 0.004 -21"><span class='ocrx_word' id='word_1_499' title='bbox 2408 3383 2604 3455; x_wconf 79' lang='grc' dir='ltr'>μᾶλλον</span> <span class='ocrx_word' id='word_1_500' title='bbox 2632 3383 2924 3454; x_wconf 85' lang='grc' dir='ltr'>μετέχοντα</span> <span class='ocrx_word' id='word_1_501' title='bbox 2941 3383 3035 3436; x_wconf 90' lang='grc' dir='ltr'><strong>τοῦ</strong></span> <span class='ocrx_word' id='word_1_502' title='bbox 3057 3382 3193 3437; x_wconf 84' lang='grc' dir='ltr'>Θεοῦ</span> <span class='ocrx_word' id='word_1_503' title='bbox 3219 3384 3417 3456; x_wconf 74' lang='grc' dir='ltr'>μᾶλλον</span> <span class='ocrx_word' id='word_1_504' title='bbox 3437 3384 3584 3456; x_wconf 82' lang='grc' dir='ltr'>αὐτῷ</span> <span class='ocrx_word' id='word_1_505' title='bbox 3601 3385 3987 3455; x_wconf 75' lang='grc' dir='ltr'>πλησιάζουσι.</span> 
     </span>
    </p>
   </div>
   <div class='ocr_carea' id='block_1_64' title="bbox 720 3469 2297 3551">
    <p class='ocr_par' dir='ltr' id='par_1_64' title="bbox 720 3469 2288 3543">
     <span class='ocr_line' id='line_1_64' title="bbox 720 3469 2288 3543; baseline 0.003 -18"><span class='ocrx_word' id='word_1_506' title='bbox 720 3469 901 3525; x_wconf 79' lang='lat' dir='ltr'><strong>omnia</strong></span> <span class='ocrx_word' id='word_1_507' title='bbox 948 3485 1063 3540; x_wconf 66' lang='lat' dir='ltr'><strong>pra:</strong></span> <span class='ocrx_word' id='word_1_508' title='bbox 1107 3472 1319 3526; x_wconf 59' lang='lat' dir='ltr'><strong>ceteris</strong></span> <span class='ocrx_word' id='word_1_509' title='bbox 1384 3473 1748 3540; x_wconf 75' lang='lat' dir='ltr'><strong>przestantiori</strong></span> <span class='ocrx_word' id='word_1_510' title='bbox 1816 3474 1978 3529; x_wconf 91' lang='lat' dir='ltr'><strong>modo</strong></span> <span class='ocrx_word' id='word_1_511' title='bbox 2024 3474 2288 3543; x_wconf 86' lang='lat' dir='ltr'><strong>habeant;</strong></span> 
     </span>
    </p>
   </div>
   <div class='ocr_carea' id='block_1_65' title="bbox 2400 3469 3993 3551">
    <p class='ocr_par' dir='ltr' id='par_1_65' title="bbox 2415 3475 3993 3551">
     <span class='ocr_line' id='line_1_65' title="bbox 2415 3475 3993 3551; baseline 0 -21"><span class='ocrx_word' id='word_1_512' title='bbox 2415 3476 2635 3548; x_wconf 82' lang='grc' dir='ltr'>Ἐπειδὴ</span> <span class='ocrx_word' id='word_1_513' title='bbox 2670 3476 2725 3529; x_wconf 81' lang='grc' dir='ltr'>δὲ</span> <span class='ocrx_word' id='word_1_514' title='bbox 2757 3476 2886 3546; x_wconf 61' lang='grc' dir='ltr'><strong>περ)¹</strong></span> <span class='ocrx_word' id='word_1_515' title='bbox 2914 3475 3118 3530; x_wconf 83' lang='grc' dir='ltr'>τούτων</span> <span class='ocrx_word' id='word_1_516' title='bbox 3148 3476 3395 3548; x_wconf 81' lang='grc' dir='ltr'>είπομεν,</span> <span class='ocrx_word' id='word_1_517' title='bbox 3437 3477 3591 3549; x_wconf 79' lang='grc' dir='ltr'>φέρε·</span> <span class='ocrx_word' id='word_1_518' title='bbox 3611 3478 3704 3532; x_wconf 75' lang='grc' dir='ltr'><strong>ἐπὶ</strong></span> <span class='ocrx_word' id='word_1_519' title='bbox 3730 3478 3821 3531; x_wconf 80' lang='grc' dir='ltr'>τὸν</span> <span class='ocrx_word' id='word_1_520' title='bbox 3848 3494 3993 3551; x_wconf 81' lang='grc' dir='ltr'>προ-</span> 
     </span>
    </p>
   </div>
   <div class='ocr_carea' id='block_1_66' title="bbox 720 3561 2297 3641">
    <p class='ocr_par' dir='ltr' id='par_1_66' title="bbox 720 3561 2292 3637">
     <span class='ocr_line' id='line_1_66' title="bbox 720 3561 2292 3637; baseline 0.005 -23"><span class='ocrx_word' id='word_1_521' title='bbox 720 3568 911 3631; x_wconf 81' lang='lat' dir='ltr'><strong>estque</strong></span> <span class='ocrx_word' id='word_1_522' title='bbox 943 3562 1045 3616; x_wconf 86' lang='lat' dir='ltr'><strong>hoc</strong></span> <span class='ocrx_word' id='word_1_523' title='bbox 1073 3576 1280 3627; x_wconf 89' lang='lat' dir='ltr'><strong>verum,</strong></span> <span class='ocrx_word' id='word_1_524' title='bbox 1313 3561 1475 3634; x_wconf 63' lang='grc'><strong>440</strong></span> <span class='ocrx_word' id='word_1_525' title='bbox 1505 3563 1591 3617; x_wconf 86' lang='lat' dir='ltr'><strong>illa</strong></span> <span class='ocrx_word' id='word_1_526' title='bbox 1620 3580 1740 3634; x_wconf 65' lang='lat' dir='ltr'><strong>quae</strong></span> <span class='ocrx_word' id='word_1_527' title='bbox 1771 3564 1937 3621; x_wconf 91' lang='lat' dir='ltr'><strong>Deum</strong></span> <span class='ocrx_word' id='word_1_528' title='bbox 1966 3566 2139 3635; x_wconf 86' lang='lat' dir='ltr'><strong>magis</strong></span> <span class='ocrx_word' id='word_1_529' title='bbox 2166 3582 2292 3637; x_wconf 84' lang='lat' dir='ltr'><strong>par-</strong></span> 
     </span>
    </p>
   </div>
   <div class='ocr_carea' id='block_1_67' title="bbox 2400 3561 3989 3641">
    <p class='ocr_par' dir='ltr' id='par_1_67' title="bbox 2400 3567 3989 3641">
     <span class='ocr_line' id='line_1_67' title="bbox 2400 3567 3989 3641; baseline 0 -18"><span class='ocrx_word' id='word_1_530' title='bbox 2400 3568 2645 3640; x_wconf 82' lang='grc' dir='ltr'>κείμενον</span> <span class='ocrx_word' id='word_1_531' title='bbox 2678 3567 2879 3622; x_wconf 84' lang='grc' dir='ltr'>σκοπὸν</span> <span class='ocrx_word' id='word_1_532' title='bbox 2911 3567 3184 3639; x_wconf 76' lang='grc' dir='ltr'>ἔλθωμεν,</span> <span class='ocrx_word' id='word_1_533' title='bbox 3219 3570 3313 3621; x_wconf 77' lang='grc' dir='ltr'><strong>καὶ</strong></span> <span class='ocrx_word' id='word_1_534' title='bbox 3346 3570 3475 3641; x_wconf 76' lang='grc' dir='ltr'>περὶ</span> <span class='ocrx_word' id='word_1_535' title='bbox 3502 3567 3596 3621; x_wconf 78' lang='grc' dir='ltr'><strong>τοῦ</strong></span> <span class='ocrx_word' id='word_1_536' title='bbox 3616 3567 3781 3633; x_wconf 84' lang='grc' dir='ltr'>ὄντως</span> <span class='ocrx_word' id='word_1_537' title='bbox 3808 3568 3989 3636; x_wconf 82' lang='grc' dir='ltr'>ὄντος,</span> 
     </span>
    </p>
   </div>
   <div class='ocr_carea' id='block_1_68' title="bbox 717 3648 2297 3733">
    <p class='ocr_par' dir='ltr' id='par_1_68' title="bbox 717 3648 2283 3725">
     <span class='ocr_line' id='line_1_68' title="bbox 717 3648 2283 3725; baseline 0.003 -16"><span class='ocrx_word' id='word_1_538' title='bbox 717 3648 949 3722; x_wconf 80' lang='lat' dir='ltr'><strong>ticipant</strong></span> <span class='ocrx_word' id='word_1_539' title='bbox 987 3651 1094 3721; x_wconf 87' lang='lat' dir='ltr'><strong>ipsi</strong></span> <span class='ocrx_word' id='word_1_540' title='bbox 1133 3666 1347 3721; x_wconf 89' lang='lat' dir='ltr'><strong>quoque</strong></span> <span class='ocrx_word' id='word_1_541' title='bbox 1376 3656 1617 3711; x_wconf 84' lang='lat' dir='ltr'><strong>existere</strong></span> <span class='ocrx_word' id='word_1_542' title='bbox 1661 3648 1973 3711; x_wconf 76' lang='lat' dir='ltr'><strong>viciniorés.</strong></span> <span class='ocrx_word' id='word_1_543' title='bbox 2017 3656 2283 3725; x_wconf 86' lang='lat' dir='ltr'><strong>Quoniam</strong></span> 
     </span>
    </p>
   </div>
   <div class='ocr_carea' id='block_1_69' title="bbox 2400 3648 3521 3733">
    <p class='ocr_par' dir='ltr' id='par_1_69' title="bbox 2400 3658 3521 3733">
     <span class='ocr_line' id='line_1_69' title="bbox 2400 3658 3521 3733; baseline 0.002 -18"><span class='ocrx_word' id='word_1_544' title='bbox 2400 3663 2486 3715; x_wconf 78' lang='grc' dir='ltr'><strong>καὶ</strong></span> <span class='ocrx_word' id='word_1_545' title='bbox 2508 3662 2621 3715; x_wconf 78' lang='grc' dir='ltr'>τῶν</span> <span class='ocrx_word' id='word_1_546' title='bbox 2640 3662 2808 3715; x_wconf 88' lang='grc' dir='ltr'>ὄντων</span> <span class='ocrx_word' id='word_1_547' title='bbox 2836 3661 3140 3715; x_wconf 80' lang='grc' dir='ltr'>οὒσιοποιοῦ</span> <span class='ocrx_word' id='word_1_548' title='bbox 3162 3658 3521 3733; x_wconf 75' lang='grc' dir='ltr'>διαλάϐωμεν.</span> 
     </span>
    </p>
   </div>
   <div class='ocr_carea' id='block_1_70' title="bbox 720 3745 3992 3824">
    <p class='ocr_par' dir='ltr' id='par_1_70' title="bbox 720 3745 3992 3824">
     <span class='ocr_line' id='line_1_70' title="bbox 720 3745 3992 3824; baseline 0.003 -24"><span class='ocrx_word' id='word_1_549' title='bbox 720 3756 899 3803; x_wconf 85' lang='lat' dir='ltr'><strong>autem</strong></span> <span class='ocrx_word' id='word_1_550' title='bbox 929 3745 995 3801; x_wconf 91' lang='lat' dir='ltr'><strong>de</strong></span> <span class='ocrx_word' id='word_1_551' title='bbox 1030 3747 1115 3801; x_wconf 90' lang='lat' dir='ltr'><strong>his</strong></span> <span class='ocrx_word' id='word_1_552' title='bbox 1153 3745 1529 3815; x_wconf 80' lang='lat' dir='ltr'><strong>disseruimus,</strong></span> <span class='ocrx_word' id='word_1_553' title='bbox 1576 3749 1804 3819; x_wconf 79' lang='lat' dir='ltr'><strong>agedum</strong></span> <span class='ocrx_word' id='word_1_554' title='bbox 1851 3750 1920 3806; x_wconf 81' lang='lat' dir='ltr'><strong>ad</strong></span> <span class='ocrx_word' id='word_1_555' title='bbox 1964 3752 2299 3817; x_wconf 87' lang='lat' dir='ltr'><strong>propositum</strong></span> <span class='ocrx_word' id='word_1_556' title='bbox 2344 3769 2565 3824; x_wconf 81' lang='lat' dir='ltr'><strong>scOpum</strong></span> <span class='ocrx_word' id='word_1_557' title='bbox 2610 3753 2916 3820; x_wconf 85' lang='lat' dir='ltr'><strong>veniamus,</strong></span> <span class='ocrx_word' id='word_1_558' title='bbox 2946 3762 3001 3808; x_wconf 89' lang='lat' dir='ltr'><strong>et</strong></span> <span class='ocrx_word' id='word_1_559' title='bbox 3051 3754 3119 3809; x_wconf 89' lang='lat' dir='ltr'><strong>de</strong></span> <span class='ocrx_word' id='word_1_560' title='bbox 3153 3761 3282 3810; x_wconf 89' lang='lat' dir='ltr'><strong>ente</strong></span> <span class='ocrx_word' id='word_1_561' title='bbox 3314 3768 3442 3811; x_wconf 88' lang='lat' dir='ltr'><strong>vere</strong></span> <span class='ocrx_word' id='word_1_562' title='bbox 3470 3755 3740 3812; x_wconf 81' lang='lat' dir='ltr'><strong>existente</strong></span> <span class='ocrx_word' id='word_1_563' title='bbox 3768 3764 3823 3811; x_wconf 90' lang='lat' dir='ltr'><strong>et</strong></span> <span class='ocrx_word' id='word_1_564' title='bbox 3885 3768 3992 3810; x_wconf 79' lang='lat' dir='ltr'><strong>en-</strong></span> 
     </span>
    </p>
   </div>
   <div class='ocr_carea' id='block_1_71' title="bbox 722 3838 1763 3904">
    <p class='ocr_par' dir='ltr' id='par_1_71' title="bbox 722 3838 1763 3904">
     <span class='ocr_line' id='line_1_71' title="bbox 722 3838 1763 3904; baseline 0.012 -12"><span class='ocrx_word' id='word_1_565' title='bbox 722 3838 937 3897; x_wconf 83' lang='lat' dir='ltr'><strong>titatum</strong></span> <span class='ocrx_word' id='word_1_566' title='bbox 965 3838 1239 3897; x_wconf 81' lang='lat' dir='ltr'><strong>ell‘ectrice</strong></span> <span class='ocrx_word' id='word_1_567' title='bbox 1272 3844 1436 3899; x_wconf 90' lang='lat' dir='ltr'><strong>verba</strong></span> <span class='ocrx_word' id='word_1_568' title='bbox 1472 3845 1763 3904; x_wconf 79' lang='lat' dir='ltr'><strong>faciamus.</strong></span> 
     </span>
    </p>
   </div>
   <div class='ocr_carea' id='block_1_72' title="bbox 793 3930 2291 4005">
    <p class='ocr_par' dir='ltr' id='par_1_72' title="bbox 793 3930 2291 4005">
     <span class='ocr_line' id='line_1_72' title="bbox 793 3930 2291 4005; baseline 0.007 -21"><span class='ocrx_word' id='word_1_569' title='bbox 793 3930 823 4003; x_wconf 59' lang='grc' dir='ltr'>ᾗ</span> <span class='ocrx_word' id='word_1_570' title='bbox 854 3931 943 3985; x_wconf 83' lang='grc' dir='ltr'><strong>ιν.</strong></span> <span class='ocrx_word' id='word_1_571' title='bbox 985 3933 1085 4001; x_wconf 84' lang='lat' dir='ltr'><strong>Qui</strong></span> <span class='ocrx_word' id='word_1_572' title='bbox 1116 3944 1222 4001; x_wconf 87' lang='lat' dir='ltr'><strong>est,</strong></span> <span class='ocrx_word' id='word_1_573' title='bbox 1268 3936 1321 3991; x_wconf 89' lang='lat' dir='ltr'><strong>id</strong></span> <span class='ocrx_word' id='word_1_574' title='bbox 1360 3946 1444 3992; x_wconf 86' lang='lat' dir='ltr'><strong>est</strong></span> <span class='ocrx_word' id='word_1_575' title='bbox 1482 3937 1644 4005; x_wconf 88' lang='lat' dir='ltr'><strong>Deus,</strong></span> <span class='ocrx_word' id='word_1_576' title='bbox 1677 3941 1973 3995; x_wconf 77' lang='lat' dir='ltr'><strong>secundum</strong></span> <span class='ocrx_word' id='word_1_577' title='bbox 2012 3940 2291 3996; x_wconf 89' lang='lat' dir='ltr'><strong>oraculum</strong></span> 
     </span>
    </p>
   </div>
   <div class='ocr_carea' id='block_1_73' title="bbox 720 4022 2293 4103">
    <p class='ocr_par' dir='ltr' id='par_1_73' title="bbox 720 4022 2293 4103">
     <span class='ocr_line' id='line_1_73' title="bbox 720 4022 2293 4103; baseline 0.006 -26"><span class='ocrx_word' id='word_1_578' title='bbox 720 4022 1039 4092; x_wconf 74' lang='lat' dir='ltr'><strong>Iosaicum,</strong></span> <span class='ocrx_word' id='word_1_579' title='bbox 1070 4034 1157 4081; x_wconf 90' lang='lat' dir='ltr'><strong>est</strong></span> <span class='ocrx_word' id='word_1_580' title='bbox 1195 4042 1359 4097; x_wconf 86' lang='lat' dir='ltr'><strong>supra</strong></span> <span class='ocrx_word' id='word_1_581' title='bbox 1392 4030 1682 4099; x_wconf 83' lang='lat' dir='ltr'><strong>ipsummet</strong></span> <span class='ocrx_word' id='word_1_582' title='bbox 1717 4046 1839 4090; x_wconf 84' lang='lat' dir='ltr'><strong>esse</strong></span> <span class='ocrx_word' id='word_1_583' title='bbox 1871 4033 2000 4103; x_wconf 90' lang='lat' dir='ltr'><strong>(hoc</strong></span> <span class='ocrx_word' id='word_1_584' title='bbox 2027 4034 2172 4087; x_wconf 88' lang='lat' dir='ltr'><strong>enim</strong></span> <span class='ocrx_word' id='word_1_585' title='bbox 2208 4040 2293 4087; x_wconf 81' lang='lat' dir='ltr'><strong>est</strong></span> 
     </span>
    </p>
   </div>
   <div class='ocr_carea' id='block_1_74' title="bbox 718 4120 2289 4191">
    <p class='ocr_par' dir='ltr' id='par_1_74' title="bbox 718 4120 2289 4191">
     <span class='ocr_line' id='line_1_74' title="bbox 718 4120 2289 4191; baseline 0.004 -20"><span class='ocrx_word' id='word_1_586' title='bbox 718 4133 880 4187; x_wconf 71' lang='lat' dir='ltr'><strong>supra</strong></span> <span class='ocrx_word' id='word_1_587' title='bbox 928 4120 1307 4191; x_wconf 75' lang='lat' dir='ltr'><strong>substantiam)</strong></span> <span class='ocrx_word' id='word_1_588' title='bbox 1368 4138 1527 4177; x_wconf 82' lang='lat' dir='ltr'><strong>causa</strong></span> <span class='ocrx_word' id='word_1_589' title='bbox 1580 4124 1821 4180; x_wconf 80' lang='lat' dir='ltr'><strong>eﬂiciens</strong></span> <span class='ocrx_word' id='word_1_590' title='bbox 1878 4123 2289 4189; x_wconf 88' lang='lat' dir='ltr'><strong>substantiam;</strong></span> 
     </span>
    </p>
   </div>
   <div class='ocr_carea' id='block_1_75' title="bbox 719 4209 2290 4289">
    <p class='ocr_par' dir='ltr' id='par_1_75' title="bbox 719 4209 2290 4289">
     <span class='ocr_line' id='line_1_75' title="bbox 719 4209 2290 4289; baseline 0.006 -27"><span class='ocrx_word' id='word_1_591' title='bbox 719 4209 919 4280; x_wconf 80' lang='lat' dir='ltr'><strong>quippe</strong></span> <span class='ocrx_word' id='word_1_592' title='bbox 957 4211 1362 4268; x_wconf 82' lang='lat' dir='ltr'><strong>subsistentiam</strong></span> <span class='ocrx_word' id='word_1_593' title='bbox 1388 4223 1442 4269; x_wconf 91' lang='lat' dir='ltr'><strong>et</strong></span> <span class='ocrx_word' id='word_1_594' title='bbox 1491 4215 1839 4271; x_wconf 85' lang='lat' dir='ltr'><strong>existentiam</strong></span> <span class='ocrx_word' id='word_1_595' title='bbox 1878 4218 2171 4289; x_wconf 73' lang='lat' dir='ltr'><strong>perficiens</strong></span> <span class='ocrx_word' id='word_1_596' title='bbox 2204 4225 2290 4271; x_wconf 85' lang='lat' dir='ltr'><strong>to-</strong></span> 
     </span>
    </p>
   </div>
   <div class='ocr_carea' id='block_1_76' title="bbox 720 4302 2291 4378">
    <p class='ocr_par' dir='ltr' id='par_1_76' title="bbox 720 4302 2291 4378">
     <span class='ocr_line' id='line_1_76' title="bbox 720 4302 2291 4378; baseline 0.006 -23"><span class='ocrx_word' id='word_1_597' title='bbox 720 4305 827 4355; x_wconf 84' lang='lat' dir='ltr'><strong>tius</strong></span> <span class='ocrx_word' id='word_1_598' title='bbox 850 4316 972 4357; x_wconf 86' lang='lat' dir='ltr'><strong>esse</strong></span> <span class='ocrx_word' id='word_1_599' title='bbox 998 4302 1281 4358; x_wconf 84' lang='lat' dir='ltr'><strong>collective</strong></span> <span class='ocrx_word' id='word_1_600' title='bbox 1306 4308 1503 4375; x_wconf 89' lang='lat' dir='ltr'><strong>sumpti</strong></span> <span class='ocrx_word' id='word_1_601' title='bbox 1528 4323 1543 4373; x_wconf 93' lang='lat'>;</span> <span class='ocrx_word' id='word_1_602' title='bbox 1575 4308 1706 4363; x_wconf 89' lang='lat' dir='ltr'><strong>nihil</strong></span> <span class='ocrx_word' id='word_1_603' title='bbox 1738 4310 1882 4365; x_wconf 91' lang='lat' dir='ltr'><strong>enim</strong></span> <span class='ocrx_word' id='word_1_604' title='bbox 1910 4321 1994 4365; x_wconf 88' lang='lat' dir='ltr'><strong>est</strong></span> <span class='ocrx_word' id='word_1_605' title='bbox 2023 4312 2076 4365; x_wconf 93' lang='lat' dir='ltr'><strong>in</strong></span> <span class='ocrx_word' id='word_1_606' title='bbox 2110 4311 2291 4378; x_wconf 83' lang='lat' dir='ltr'><strong>rebus,</strong></span> 
     </span>
    </p>
   </div>
   <div class='ocr_carea' id='block_1_77' title="bbox 717 4395 2295 4464">
    <p class='ocr_par' dir='ltr' id='par_1_77' title="bbox 717 4395 2295 4464">
     <span class='ocr_line' id='line_1_77' title="bbox 717 4395 2295 4464; baseline 0.007 -17"><span class='ocrx_word' id='word_1_607' title='bbox 717 4395 861 4464; x_wconf 91' lang='lat' dir='ltr'><strong>quod</strong></span> <span class='ocrx_word' id='word_1_608' title='bbox 891 4412 1000 4452; x_wconf 90' lang='lat' dir='ltr'><strong>non</strong></span> <span class='ocrx_word' id='word_1_609' title='bbox 1036 4397 1159 4453; x_wconf 88' lang='lat' dir='ltr'><strong>inde</strong></span> <span class='ocrx_word' id='word_1_610' title='bbox 1188 4412 1343 4453; x_wconf 88' lang='lat' dir='ltr'><strong>suum</strong></span> <span class='ocrx_word' id='word_1_611' title='bbox 1369 4414 1493 4455; x_wconf 84' lang='lat' dir='ltr'><strong>esse</strong></span> <span class='ocrx_word' id='word_1_612' title='bbox 1520 4402 1803 4459; x_wconf 88' lang='lat' dir='ltr'><strong>sortiatur.</strong></span> <span class='ocrx_word' id='word_1_613' title='bbox 1837 4402 2137 4460; x_wconf 79' lang='lat' dir='ltr'><strong>Secundum</strong></span> <span class='ocrx_word' id='word_1_614' title='bbox 2188 4409 2295 4460; x_wconf 80' lang='lat' dir='ltr'><strong>vir-</strong></span> 
     </span>
    </p>
   </div>
   <div class='ocr_carea' id='block_1_78' title="bbox 713 4494 2292 4570">
    <p class='ocr_par' dir='ltr' id='par_1_78' title="bbox 713 4494 2292 4570">
     <span class='ocr_line' id='line_1_78' title="bbox 713 4494 2292 4570; baseline 0.007 -28"><span class='ocrx_word' id='word_1_615' title='bbox 713 4496 875 4542; x_wconf 71' lang='lat' dir='ltr'><strong>tutem</strong></span> <span class='ocrx_word' id='word_1_616' title='bbox 906 4500 1087 4546; x_wconf 87' lang='lat' dir='ltr'><strong>autem</strong></span> <span class='ocrx_word' id='word_1_617' title='bbox 1132 4494 1291 4562; x_wconf 88' lang='lat' dir='ltr'><strong>dixit,</strong></span> <span class='ocrx_word' id='word_1_618' title='bbox 1324 4498 1580 4566; x_wconf 88' lang='lat' dir='ltr'><strong>quoniam</strong></span> <span class='ocrx_word' id='word_1_619' title='bbox 1620 4496 1729 4551; x_wconf 88' lang='lat' dir='ltr'><strong>alia</strong></span> <span class='ocrx_word' id='word_1_620' title='bbox 1776 4499 1993 4565; x_wconf 86' lang='lat' dir='ltr'><strong>quidem</strong></span> <span class='ocrx_word' id='word_1_621' title='bbox 2027 4501 2292 4570; x_wconf 85' lang='lat' dir='ltr'><strong>producta</strong></span> 
     </span>
    </p>
   </div>
   <div class='ocr_carea' id='block_1_79' title="bbox 715 4575 2293 4664">
    <p class='ocr_par' dir='ltr' id='par_1_79' title="bbox 715 4575 2293 4664">
     <span class='ocr_line' id='line_1_79' title="bbox 715 4575 2293 4664; baseline 0.008 -27"><span class='ocrx_word' id='word_1_622' title='bbox 715 4594 879 4650; x_wconf 82' lang='lat' dir='ltr'><strong>sunt,</strong></span> <span class='ocrx_word' id='word_1_623' title='bbox 935 4575 1040 4640; x_wconf 79' lang='lat' dir='ltr'><strong>alia</strong></span> <span class='ocrx_word' id='word_1_624' title='bbox 1098 4602 1228 4643; x_wconf 86' lang='lat' dir='ltr'><strong>vero</strong></span> <span class='ocrx_word' id='word_1_625' title='bbox 1281 4592 1675 4659; x_wconf 89' lang='lat' dir='ltr'><strong>producuntur.</strong></span> <span class='ocrx_word' id='word_1_626' title='bbox 1738 4592 1873 4647; x_wconf 89' lang='lat' dir='ltr'><strong>Cum</strong></span> <span class='ocrx_word' id='word_1_627' title='bbox 1921 4594 2105 4664; x_wconf 89' lang='lat' dir='ltr'><strong>itaque</strong></span> <span class='ocrx_word' id='word_1_628' title='bbox 2151 4595 2293 4649; x_wconf 88' lang='lat' dir='ltr'><strong>Deus</strong></span> 
     </span>
    </p>
   </div>
   <div class='ocr_carea' id='block_1_80' title="bbox 2472 3935 3993 4011">
    <p class='ocr_par' dir='ltr' id='par_1_80' title="bbox 2472 3935 3993 4011">
     <span class='ocr_line' id='line_1_80' title="bbox 2472 3935 3993 4011; baseline -0.001 -19"><span class='ocrx_word' id='word_1_629' title='bbox 2472 3939 2498 4011; x_wconf 83' lang='lat'><strong>§</strong></span> <span class='ocrx_word' id='word_1_630' title='bbox 2538 3940 2629 3993; x_wconf 85' lang='lat' dir='ltr'><strong>IV.</strong></span> <span class='ocrx_word' id='word_1_631' title='bbox 2674 3939 2732 3990; x_wconf 84' lang='lat'><strong>&#39;0</strong></span> <span class='ocrx_word' id='word_1_632' title='bbox 2758 3939 2852 4001; x_wconf 82' lang='grc' dir='ltr'>ὢν,</span> <span class='ocrx_word' id='word_1_633' title='bbox 2874 3942 2901 3990; x_wconf 87' lang='grc' dir='ltr'><strong>ό</strong></span> <span class='ocrx_word' id='word_1_634' title='bbox 2930 3937 3061 4000; x_wconf 82' lang='grc' dir='ltr'>Θεὸς</span> <span class='ocrx_word' id='word_1_635' title='bbox 3085 3935 3228 3990; x_wconf 76' lang='grc' dir='ltr'>κατά</span> <span class='ocrx_word' id='word_1_636' title='bbox 3257 3936 3349 3989; x_wconf 83' lang='grc' dir='ltr'>τὸν</span> <span class='ocrx_word' id='word_1_637' title='bbox 3379 3936 3515 4007; x_wconf 78' lang='grc' dir='ltr'>πρὸς</span> <span class='ocrx_word' id='word_1_638' title='bbox 3537 3936 3747 4007; x_wconf 81' lang='grc' dir='ltr'>Μωσῆν</span> <span class='ocrx_word' id='word_1_639' title='bbox 3766 3956 3993 4011; x_wconf 76' lang='grc' dir='ltr'>χρημα-</span> 
     </span>
    </p>
   </div>
   <div class='ocr_carea' id='block_1_81' title="bbox 2398 4026 3989 4104">
    <p class='ocr_par' dir='ltr' id='par_1_81' title="bbox 2398 4026 3989 4104">
     <span class='ocr_line' id='line_1_81' title="bbox 2398 4026 3989 4104; baseline 0.001 -19"><span class='ocrx_word' id='word_1_640' title='bbox 2398 4032 2612 4104; x_wconf 75' lang='grc' dir='ltr'>τισμὸν,</span> <span class='ocrx_word' id='word_1_641' title='bbox 2654 4030 2795 4102; x_wconf 80' lang='grc' dir='ltr'>ὑπὲρ</span> <span class='ocrx_word' id='word_1_642' title='bbox 2831 4026 2967 4083; x_wconf 77' lang='grc' dir='ltr'>εἶναι</span> <span class='ocrx_word' id='word_1_643' title='bbox 2996 4029 3076 4094; x_wconf 80' lang='grc' dir='ltr'>ὃν,</span> <span class='ocrx_word' id='word_1_644' title='bbox 3122 4028 3303 4100; x_wconf 82' lang='grc' dir='ltr'>(τοῦτο</span> <span class='ocrx_word' id='word_1_645' title='bbox 3330 4029 3443 4102; x_wconf 80' lang='grc' dir='ltr'><strong>γάρ</strong></span> <span class='ocrx_word' id='word_1_646' title='bbox 3473 4032 3589 4084; x_wconf 83' lang='grc' dir='ltr'>ὲστι</span> <span class='ocrx_word' id='word_1_647' title='bbox 3630 4031 3693 4083; x_wconf 84' lang='grc' dir='ltr'>τὸ</span> <span class='ocrx_word' id='word_1_648' title='bbox 3726 4034 3989 4101; x_wconf 78' lang='grc' dir='ltr'>ὑπερθύ-</span> 
     </span>
    </p>
   </div>
   <div class='ocr_carea' id='block_1_82' title="bbox 2399 4121 3987 4194">
    <p class='ocr_par' dir='ltr' id='par_1_82' title="bbox 2399 4121 3987 4194">
     <span class='ocr_line' id='line_1_82' title="bbox 2399 4121 3987 4194; baseline 0.003 -16"><span class='ocrx_word' id='word_1_649' title='bbox 2399 4123 2579 4194; x_wconf 85' lang='grc' dir='ltr'>σιος,)</span> <span class='ocrx_word' id='word_1_650' title='bbox 2609 4124 2757 4176; x_wconf 82' lang='grc' dir='ltr'>αἰτία</span> <span class='ocrx_word' id='word_1_651' title='bbox 2786 4122 3081 4185; x_wconf 79' lang='grc' dir='ltr'>ὑποστάτις</span> <span class='ocrx_word' id='word_1_652' title='bbox 3114 4121 3251 4175; x_wconf 77' lang='grc' dir='ltr'>ἐστί’</span> <span class='ocrx_word' id='word_1_653' title='bbox 3287 4121 3349 4177; x_wconf 84' lang='grc' dir='ltr'>τὸ</span> <span class='ocrx_word' id='word_1_654' title='bbox 3389 4122 3521 4191; x_wconf 90' lang='grc' dir='ltr'>γοῦν</span> <span class='ocrx_word' id='word_1_655' title='bbox 3563 4123 3644 4186; x_wconf 80' lang='grc' dir='ltr'><strong>είς</strong></span> <span class='ocrx_word' id='word_1_656' title='bbox 3686 4123 3987 4182; x_wconf 84' lang='grc' dir='ltr'>ὑπόστασιν</span> 
     </span>
    </p>
   </div>
   <div class='ocr_carea' id='block_1_83' title="bbox 2400 4204 3981 4291">
    <p class='ocr_par' dir='ltr' id='par_1_83' title="bbox 2400 4204 3981 4291">
     <span class='ocr_line' id='line_1_83' title="bbox 2400 4204 3981 4291; baseline -0.003 -21"><span class='ocrx_word' id='word_1_657' title='bbox 2400 4218 2493 4270; x_wconf 76' lang='grc' dir='ltr'><strong>καὶ</strong></span> <span class='ocrx_word' id='word_1_658' title='bbox 2540 4214 2771 4285; x_wconf 81' lang='grc' dir='ltr'>ὓπαρξιν</span> <span class='ocrx_word' id='word_1_659' title='bbox 2811 4212 3137 4269; x_wconf 84' lang='grc' dir='ltr'>συντελοῦσα</span> <span class='ocrx_word' id='word_1_660' title='bbox 3170 4204 3299 4267; x_wconf 21' lang='grc' dir='ltr'>κόλου</span> <span class='ocrx_word' id='word_1_661' title='bbox 3332 4212 3429 4268; x_wconf 79' lang='grc' dir='ltr'><strong>τοῦ</strong></span> <span class='ocrx_word' id='word_1_662' title='bbox 3474 4210 3614 4268; x_wconf 77' lang='grc' dir='ltr'>εἶναι</span> <span class='ocrx_word' id='word_1_663' title='bbox 3659 4216 3981 4291; x_wconf 71' lang='grc' dir='ltr'>συλλήϐδην·</span> 
     </span>
    </p>
   </div>
   <div class='ocr_carea' id='block_1_84' title="bbox 2399 4304 3987 4379">
    <p class='ocr_par' dir='ltr' id='par_1_84' title="bbox 2399 4304 3987 4379">
     <span class='ocr_line' id='line_1_84' title="bbox 2399 4304 3987 4379; baseline 0.004 -18"><span class='ocrx_word' id='word_1_664' title='bbox 2399 4309 2548 4361; x_wconf 79' lang='grc' dir='ltr'>οὐδὲν</span> <span class='ocrx_word' id='word_1_665' title='bbox 2563 4307 2672 4379; x_wconf 85' lang='grc' dir='ltr'>γὰρ</span> <span class='ocrx_word' id='word_1_666' title='bbox 2687 4307 2794 4359; x_wconf 84' lang='grc' dir='ltr'><strong>τῶν</strong></span> <span class='ocrx_word' id='word_1_667' title='bbox 2818 4306 3007 4371; x_wconf 88' lang='grc' dir='ltr'>ὄντων,</span> <span class='ocrx_word' id='word_1_668' title='bbox 3034 4306 3061 4359; x_wconf 84' lang='grc' dir='ltr'><strong>δ</strong></span> <span class='ocrx_word' id='word_1_669' title='bbox 3087 4304 3161 4377; x_wconf 85' lang='grc' dir='ltr'>μὴ</span> <span class='ocrx_word' id='word_1_670' title='bbox 3184 4305 3396 4360; x_wconf 81' lang='grc' dir='ltr'>ὲκείθεν</span> <span class='ocrx_word' id='word_1_671' title='bbox 3415 4305 3528 4377; x_wconf 79' lang='grc' dir='ltr'>ἔχει</span> <span class='ocrx_word' id='word_1_672' title='bbox 3550 4305 3611 4360; x_wconf 80' lang='grc' dir='ltr'>τὸ</span> <span class='ocrx_word' id='word_1_673' title='bbox 3630 4305 3789 4361; x_wconf 74' lang='grc' dir='ltr'>εἶναι.</span> <span class='ocrx_word' id='word_1_674' title='bbox 3814 4312 3987 4367; x_wconf 76' lang='grc' dir='ltr'>Κατὰ</span> 
     </span>
    </p>
   </div>
   <div class='ocr_carea' id='block_1_85' title="bbox 2399 4398 3985 4478">
    <p class='ocr_par' dir='ltr' id='par_1_85' title="bbox 2399 4398 3985 4478">
     <span class='ocr_line' id='line_1_85' title="bbox 2399 4398 3985 4478; baseline -0.002 -20"><span class='ocrx_word' id='word_1_675' title='bbox 2399 4402 2655 4471; x_wconf 75' lang='grc' dir='ltr'>δύναμιν</span> <span class='ocrx_word' id='word_1_676' title='bbox 2675 4401 2731 4454; x_wconf 86' lang='grc' dir='ltr'>δὲ</span> <span class='ocrx_word' id='word_1_677' title='bbox 2766 4398 2941 4466; x_wconf 77' lang='grc' dir='ltr'>εἶπεν,</span> <span class='ocrx_word' id='word_1_678' title='bbox 2961 4400 3042 4453; x_wconf 79' lang='grc' dir='ltr'>ὃτι</span> <span class='ocrx_word' id='word_1_679' title='bbox 3057 4399 3125 4453; x_wconf 90' lang='grc' dir='ltr'><strong>τά</strong></span> <span class='ocrx_word' id='word_1_680' title='bbox 3158 4400 3255 4471; x_wconf 87' lang='grc' dir='ltr'>μὲν</span> <span class='ocrx_word' id='word_1_681' title='bbox 3276 4399 3661 4471; x_wconf 84' lang='grc' dir='ltr'>παρήχθησαν,</span> <span class='ocrx_word' id='word_1_682' title='bbox 3677 4402 3744 4455; x_wconf 84' lang='grc' dir='ltr'>τὰ</span> <span class='ocrx_word' id='word_1_683' title='bbox 3763 4403 3820 4456; x_wconf 85' lang='grc' dir='ltr'>δὲ</span> <span class='ocrx_word' id='word_1_684' title='bbox 3836 4421 3985 4478; x_wconf 64' lang='grc' dir='ltr'>πεαρ-</span> 
     </span>
    </p>
   </div>
   <div class='ocr_carea' id='block_1_86' title="bbox 2400 4492 3983 4565">
    <p class='ocr_par' dir='ltr' id='par_1_86' title="bbox 2400 4492 3983 4565">
     <span class='ocr_line' id='line_1_86' title="bbox 2400 4492 3983 4565; baseline 0.002 -15"><span class='ocrx_word' id='word_1_685' title='bbox 2400 4496 2643 4565; x_wconf 81' lang='grc' dir='ltr'>άγονται.</span> <span class='ocrx_word' id='word_1_686' title='bbox 2688 4494 2841 4547; x_wconf 72' lang='grc' dir='ltr'>Ἐπεὶ</span> <span class='ocrx_word' id='word_1_687' title='bbox 2876 4493 3009 4562; x_wconf 92' lang='grc' dir='ltr'>γοῦν</span> <span class='ocrx_word' id='word_1_688' title='bbox 3048 4493 3109 4546; x_wconf 83' lang='grc' dir='ltr'>τὸ</span> <span class='ocrx_word' id='word_1_689' title='bbox 3152 4492 3311 4547; x_wconf 83' lang='grc' dir='ltr'>Θεῖον</span> <span class='ocrx_word' id='word_1_690' title='bbox 3338 4493 3483 4549; x_wconf 75' lang='grc' dir='ltr'>ἅπαν</span> <span class='ocrx_word' id='word_1_691' title='bbox 3507 4493 3568 4547; x_wconf 85' lang='grc' dir='ltr'>τὸ</span> <span class='ocrx_word' id='word_1_692' title='bbox 3591 4494 3731 4548; x_wconf 81' lang='grc' dir='ltr'>εἶναι</span> <span class='ocrx_word' id='word_1_693' title='bbox 3762 4498 3822 4549; x_wconf 85' lang='grc' dir='ltr'><strong>έν</strong></span> <span class='ocrx_word' id='word_1_694' title='bbox 3845 4498 3983 4553; x_wconf 70' lang='grc' dir='ltr'>ἑαυ-</span> 
     </span>
    </p>
   </div>
   <div class='ocr_carea' id='block_1_87' title="bbox 2396 4585 3981 4659">
    <p class='ocr_par' dir='ltr' id='par_1_87' title="bbox 2396 4585 3981 4659">
     <span class='ocr_line' id='line_1_87' title="bbox 2396 4585 3981 4659; baseline 0.002 -18"><span class='ocrx_word' id='word_1_695' title='bbox 2396 4589 2475 4659; x_wconf 84' lang='grc' dir='ltr'>τῷ</span> <span class='ocrx_word' id='word_1_696' title='bbox 2509 4587 2768 4641; x_wconf 73' lang='grc' dir='ltr'>ωλλαὸὸν</span> <span class='ocrx_word' id='word_1_697' title='bbox 2805 4586 2916 4657; x_wconf 74' lang='grc' dir='ltr'>ἔχει</span> <span class='ocrx_word' id='word_1_698' title='bbox 2936 4626 2950 4651; x_wconf 96' lang='grc'><strong>,</strong></span> <span class='ocrx_word' id='word_1_699' title='bbox 2981 4586 3076 4639; x_wconf 74' lang='grc' dir='ltr'><strong>καὶ</strong></span> <span class='ocrx_word' id='word_1_700' title='bbox 3101 4585 3212 4639; x_wconf 83' lang='grc' dir='ltr'><strong>τῶν</strong></span> <span class='ocrx_word' id='word_1_701' title='bbox 3228 4585 3398 4639; x_wconf 87' lang='grc' dir='ltr'>ὄντων</span> <span class='ocrx_word' id='word_1_702' title='bbox 3432 4586 3527 4639; x_wconf 77' lang='grc' dir='ltr'><strong>καὶ</strong></span> <span class='ocrx_word' id='word_1_703' title='bbox 3554 4586 3662 4639; x_wconf 83' lang='grc' dir='ltr'><strong>τῶν</strong></span> <span class='ocrx_word' id='word_1_704' title='bbox 3682 4589 3981 4658; x_wconf 75' lang='grc' dir='ltr'>ἐσομένων,</span> 
     </span>
    </p>
   </div>
   <div class='ocr_carea' id='block_1_88' title="bbox 714 4674 2297 4755">
    <p class='ocr_par' dir='ltr' id='par_1_88' title="bbox 714 4674 2284 4755">
     <span class='ocr_line' id='line_1_88' title="bbox 714 4674 2284 4755; baseline 0.008 -24"><span class='ocrx_word' id='word_1_705' title='bbox 714 4674 1027 4733; x_wconf 77' lang='lat' dir='ltr'><strong>universum</strong></span> <span class='ocrx_word' id='word_1_706' title='bbox 1060 4696 1185 4735; x_wconf 89' lang='lat' dir='ltr'><strong>esse</strong></span> <span class='ocrx_word' id='word_1_707' title='bbox 1224 4682 1279 4735; x_wconf 89' lang='lat' dir='ltr'><strong>in</strong></span> <span class='ocrx_word' id='word_1_708' title='bbox 1333 4698 1391 4739; x_wconf 87' lang='lat' dir='ltr'><strong>se</strong></span> <span class='ocrx_word' id='word_1_709' title='bbox 1435 4686 1553 4755; x_wconf 89' lang='lat' dir='ltr'><strong>ipso</strong></span> <span class='ocrx_word' id='word_1_710' title='bbox 1602 4687 1886 4742; x_wconf 73' lang='lat' dir='ltr'><strong>collectum</strong></span> <span class='ocrx_word' id='word_1_711' title='bbox 1927 4690 2143 4755; x_wconf 86' lang='lat' dir='ltr'><strong>habeat,</strong></span> <span class='ocrx_word' id='word_1_712' title='bbox 2179 4692 2284 4744; x_wconf 86' lang='lat' dir='ltr'><strong>tam</strong></span> 
     </span>
    </p>
   </div>
   <div class='ocr_carea' id='block_1_89' title="bbox 2400 4674 3983 4755">
    <p class='ocr_par' dir='ltr' id='par_1_89' title="bbox 2400 4677 3983 4753">
     <span class='ocr_line' id='line_1_89' title="bbox 2400 4677 3983 4753; baseline 0.001 -19"><span class='ocrx_word' id='word_1_713' title='bbox 2400 4682 2572 4753; x_wconf 76' lang='grc' dir='ltr'>τίθησι</span> <span class='ocrx_word' id='word_1_714' title='bbox 2603 4680 2663 4733; x_wconf 85' lang='grc' dir='ltr'>τὸ</span> <span class='ocrx_word' id='word_1_715' title='bbox 2701 4680 2851 4733; x_wconf 81' lang='grc' dir='ltr'>κατὰ</span> <span class='ocrx_word' id='word_1_716' title='bbox 2884 4677 3141 4747; x_wconf 77' lang='grc' dir='ltr'>δύναμιν</span> <span class='ocrx_word' id='word_1_717' title='bbox 3164 4677 3587 4750; x_wconf 63' lang='grc' dir='ltr'>περιλαμωνων</span> <span class='ocrx_word' id='word_1_718' title='bbox 3614 4679 3708 4732; x_wconf 68' lang='grc' dir='ltr'><strong>κα)⁵</strong></span> <span class='ocrx_word' id='word_1_719' title='bbox 3736 4680 3798 4732; x_wconf 88' lang='grc' dir='ltr'>τὸ</span> <span class='ocrx_word' id='word_1_720' title='bbox 3838 4678 3983 4741; x_wconf 76' lang='grc' dir='ltr'>εἶναι</span> 
     </span>
    </p>
   </div>
   <div class='ocr_carea' id='block_1_90' title="bbox 714 4776 2290 4851">
    <p class='ocr_par' dir='ltr' id='par_1_90' title="bbox 714 4776 2290 4851">
     <span class='ocr_line' id='line_1_90' title="bbox 714 4776 2290 4851; baseline 0.006 -24"><span class='ocrx_word' id='word_1_721' title='bbox 714 4785 905 4827; x_wconf 87' lang='lat' dir='ltr'><strong>eorum</strong></span> <span class='ocrx_word' id='word_1_722' title='bbox 941 4789 1062 4842; x_wconf 74' lang='lat' dir='ltr'><strong>qua:</strong></span> <span class='ocrx_word' id='word_1_723' title='bbox 1097 4776 1357 4835; x_wconf 84' lang='lat' dir='ltr'><strong>existunt.</strong></span> <span class='ocrx_word' id='word_1_724' title='bbox 1398 4794 1559 4847; x_wconf 81' lang='lat' dir='ltr'><strong>quam</strong></span> <span class='ocrx_word' id='word_1_725' title='bbox 1595 4796 1717 4848; x_wconf 69' lang='lat' dir='ltr'><strong>(line</strong></span> <span class='ocrx_word' id='word_1_726' title='bbox 1747 4781 1927 4835; x_wconf 80' lang='lat' dir='ltr'><strong>futura</strong></span> <span class='ocrx_word' id='word_1_727' title='bbox 1960 4792 2105 4849; x_wconf 86' lang='lat' dir='ltr'><strong>sunt,</strong></span> <span class='ocrx_word' id='word_1_728' title='bbox 2140 4783 2290 4851; x_wconf 90' lang='lat' dir='ltr'><strong>ponit</strong></span> 
     </span>
    </p>
   </div>
   <div class='ocr_carea' id='block_1_91' title="bbox 714 4858 2291 4939">
    <p class='ocr_par' dir='ltr' id='par_1_91' title="bbox 714 4858 2291 4939">
     <span class='ocr_line' id='line_1_91' title="bbox 714 4858 2291 4939; baseline 0.004 -21"><span class='ocrx_word' id='word_1_729' title='bbox 714 4858 844 4919; x_wconf 86' lang='lat' dir='ltr'><strong>illud</strong></span> <span class='ocrx_word' id='word_1_730' title='bbox 884 4866 1167 4919; x_wconf 72' lang='lat' dir='ltr'><strong>secundum</strong></span> <span class='ocrx_word' id='word_1_731' title='bbox 1204 4866 1449 4921; x_wconf 72' lang='lat' dir='ltr'><strong>virtutem</strong></span> <span class='ocrx_word' id='word_1_732' title='bbox 1485 4872 1957 4939; x_wconf 84' lang='lat' dir='ltr'><strong>comprehenderis</strong></span> <span class='ocrx_word' id='word_1_733' title='bbox 1984 4873 2150 4925; x_wconf 87' lang='lat' dir='ltr'><strong>etiam</strong></span> <span class='ocrx_word' id='word_1_734' title='bbox 2192 4888 2291 4925; x_wconf 90' lang='lat' dir='ltr'><strong>en-</strong></span> 
     </span>
    </p>
   </div>
   <div class='ocr_carea' id='block_1_92' title="bbox 713 4956 2290 5035">
    <p class='ocr_par' dir='ltr' id='par_1_92' title="bbox 713 4956 2290 5035">
     <span class='ocr_line' id='line_1_92' title="bbox 713 4956 2290 5035; baseline 0.005 -24"><span class='ocrx_word' id='word_1_735' title='bbox 713 4956 926 5011; x_wconf 87' lang='lat' dir='ltr'><strong>titatem</strong></span> <span class='ocrx_word' id='word_1_736' title='bbox 956 4957 1286 5035; x_wconf 80' lang='lat' dir='ltr'><strong>futurorum,</strong></span> <span class='ocrx_word' id='word_1_737' title='bbox 1313 4961 1442 5030; x_wconf 84' lang='lat' dir='ltr'><strong>quia</strong></span> <span class='ocrx_word' id='word_1_738' title='bbox 1477 4963 1529 5015; x_wconf 91' lang='lat' dir='ltr'><strong>in</strong></span> <span class='ocrx_word' id='word_1_739' title='bbox 1554 4976 1619 5017; x_wconf 90' lang='lat' dir='ltr'><strong>eo</strong></span> <span class='ocrx_word' id='word_1_740' title='bbox 1650 4964 1739 5029; x_wconf 92' lang='lat' dir='ltr'><strong>qui</strong></span> <span class='ocrx_word' id='word_1_741' title='bbox 1768 4979 1895 5019; x_wconf 86' lang='lat' dir='ltr'><strong>vere</strong></span> <span class='ocrx_word' id='word_1_742' title='bbox 1922 4974 2006 5019; x_wconf 87' lang='lat' dir='ltr'><strong>est</strong></span> <span class='ocrx_word' id='word_1_743' title='bbox 2028 4966 2290 5026; x_wconf 80' lang='lat' dir='ltr'><strong>existunt.</strong></span> 
     </span>
    </p>
   </div>
   <div class='ocr_carea' id='block_1_93' title="bbox 711 5047 2291 5127">
    <p class='ocr_par' dir='ltr' id='par_1_93' title="bbox 711 5047 2291 5127">
     <span class='ocr_line' id='line_1_93' title="bbox 711 5047 2291 5127; baseline 0.006 -27"><span class='ocrx_word' id='word_1_744' title='bbox 711 5047 796 5101; x_wconf 87' lang='lat' dir='ltr'><strong>vel</strong></span> <span class='ocrx_word' id='word_1_745' title='bbox 826 5053 1003 5117; x_wconf 86' lang='lat' dir='ltr'><strong>potius</strong></span> <span class='ocrx_word' id='word_1_746' title='bbox 1033 5052 1193 5106; x_wconf 85' lang='lat' dir='ltr'><strong>etiam</strong></span> <span class='ocrx_word' id='word_1_747' title='bbox 1235 5058 1615 5125; x_wconf 62' lang='lat' dir='ltr'><strong>prmexismnt.</strong></span> <span class='ocrx_word' id='word_1_748' title='bbox 1646 5057 1711 5111; x_wconf 85' lang='lat' dir='ltr'><strong>Et</strong></span> <span class='ocrx_word' id='word_1_749' title='bbox 1734 5057 1777 5111; x_wconf 89' lang='lat' dir='ltr'><strong>si</strong></span> <span class='ocrx_word' id='word_1_750' title='bbox 1804 5058 1948 5111; x_wconf 90' lang='lat' dir='ltr'><strong>enim</strong></span> <span class='ocrx_word' id='word_1_751' title='bbox 1977 5073 2099 5127; x_wconf 68' lang='lat' dir='ltr'><strong>quas</strong></span> <span class='ocrx_word' id='word_1_752' title='bbox 2120 5060 2291 5112; x_wconf 87' lang='lat' dir='ltr'><strong>exsti-</strong></span> 
     </span>
    </p>
   </div>
   <div class='ocr_carea' id='block_1_94' title="bbox 714 5140 2286 5217">
    <p class='ocr_par' dir='ltr' id='par_1_94' title="bbox 714 5140 2286 5217">
     <span class='ocr_line' id='line_1_94' title="bbox 714 5140 2286 5217; baseline 0.007 -25"><span class='ocrx_word' id='word_1_753' title='bbox 714 5142 835 5194; x_wconf 85' lang='lat' dir='ltr'><strong>titra</strong></span> <span class='ocrx_word' id='word_1_754' title='bbox 863 5151 989 5195; x_wconf 91' lang='lat' dir='ltr'><strong>sunt</strong></span> <span class='ocrx_word' id='word_1_755' title='bbox 1020 5140 1259 5198; x_wconf 78' lang='lat' dir='ltr'><strong>futurum</strong></span> <span class='ocrx_word' id='word_1_756' title='bbox 1305 5144 1567 5212; x_wconf 87' lang='lat' dir='ltr'><strong>habeant,</strong></span> <span class='ocrx_word' id='word_1_757' title='bbox 1602 5155 1781 5203; x_wconf 89' lang='lat' dir='ltr'><strong>tamen</strong></span> <span class='ocrx_word' id='word_1_758' title='bbox 1813 5151 1951 5217; x_wconf 91' lang='lat' dir='ltr'><strong>apud</strong></span> <span class='ocrx_word' id='word_1_759' title='bbox 1984 5159 2286 5206; x_wconf 86' lang='lat' dir='ltr'><strong>creatorem</strong></span> 
     </span>
    </p>
   </div>
   <div class='ocr_carea' id='block_1_95' title="bbox 712 5233 2287 5307">
    <p class='ocr_par' dir='ltr' id='par_1_95' title="bbox 712 5233 2287 5307">
     <span class='ocr_line' id='line_1_95' title="bbox 712 5233 2287 5307; baseline 0.005 -20"><span class='ocrx_word' id='word_1_760' title='bbox 712 5233 1085 5299; x_wconf 71' lang='lat' dir='ltr'><strong>pmexiiitunt,</strong></span> <span class='ocrx_word' id='word_1_761' title='bbox 1138 5236 1431 5291; x_wconf 81' lang='lat' dir='ltr'><strong>secundum</strong></span> <span class='ocrx_word' id='word_1_762' title='bbox 1463 5238 1515 5292; x_wconf 92' lang='lat' dir='ltr'><strong>id</strong></span> <span class='ocrx_word' id='word_1_763' title='bbox 1553 5239 1694 5307; x_wconf 85' lang='lat' dir='ltr'><strong>quod</strong></span> <span class='ocrx_word' id='word_1_764' title='bbox 1728 5254 1756 5292; x_wconf 86' lang='lat' dir='ltr'><strong>a</strong></span> <span class='ocrx_word' id='word_1_765' title='bbox 1801 5234 2037 5296; x_wconf 72' lang='lat' dir='ltr'><strong>Ieremia</strong></span> <span class='ocrx_word' id='word_1_766' title='bbox 2080 5240 2287 5295; x_wconf 90' lang='lat' dir='ltr'><strong>dictum</strong></span> 
     </span>
    </p>
   </div>
   <div class='ocr_carea' id='block_1_96' title="bbox 709 5324 2285 5389">
    <p class='ocr_par' dir='ltr' id='par_1_96' title="bbox 709 5324 2285 5389">
     <span class='ocr_line' id='line_1_96' title="bbox 709 5324 2285 5389; baseline 0.004 -11"><span class='ocrx_word' id='word_1_767' title='bbox 709 5333 827 5389; x_wconf 84' lang='lat' dir='ltr'><strong>est;</strong></span> <span class='ocrx_word' id='word_1_768' title='bbox 870 5324 942 5379; x_wconf 87' lang='lat' dir='ltr'><strong>ita</strong></span> <span class='ocrx_word' id='word_1_769' title='bbox 972 5334 1031 5379; x_wconf 93' lang='lat' dir='ltr'><strong>ut</strong></span> <span class='ocrx_word' id='word_1_770' title='bbox 1069 5325 1201 5380; x_wconf 89' lang='lat' dir='ltr'><strong>illud</strong></span> <span class='ocrx_word' id='word_1_771' title='bbox 1231 5330 1519 5385; x_wconf 74' lang='lat' dir='ltr'><strong>secundum</strong></span> <span class='ocrx_word' id='word_1_772' title='bbox 1562 5331 1804 5384; x_wconf 75' lang='lat' dir='ltr'><strong>virtutem</strong></span> <span class='ocrx_word' id='word_1_773' title='bbox 1836 5344 1941 5385; x_wconf 91' lang='lat' dir='ltr'><strong>non</strong></span> <span class='ocrx_word' id='word_1_774' title='bbox 1976 5333 2042 5388; x_wconf 86' lang='lat' dir='ltr'><strong>ad</strong></span> <span class='ocrx_word' id='word_1_775' title='bbox 2074 5343 2285 5387; x_wconf 88' lang='lat' dir='ltr'><strong>creato-</strong></span> 
     </span>
    </p>
   </div>
   <div class='ocr_carea' id='block_1_97' title="bbox 710 5417 2286 5499">
    <p class='ocr_par' dir='ltr' id='par_1_97' title="bbox 710 5417 2286 5499">
     <span class='ocr_line' id='line_1_97' title="bbox 710 5417 2286 5499; baseline 0.004 -29"><span class='ocrx_word' id='word_1_776' title='bbox 710 5430 827 5471; x_wconf 88' lang='lat' dir='ltr'><strong>rem</strong></span> <span class='ocrx_word' id='word_1_777' title='bbox 886 5417 1237 5474; x_wconf 81' lang='lat' dir='ltr'><strong>rel&#39;erendum</strong></span> <span class='ocrx_word' id='word_1_778' title='bbox 1284 5420 1379 5486; x_wconf 91' lang='lat' dir='ltr'><strong>sit,</strong></span> <span class='ocrx_word' id='word_1_779' title='bbox 1430 5422 1523 5475; x_wconf 89' lang='lat' dir='ltr'><strong>sed</strong></span> <span class='ocrx_word' id='word_1_780' title='bbox 1578 5422 1643 5475; x_wconf 81' lang='lat' dir='ltr'><strong>ad</strong></span> <span class='ocrx_word' id='word_1_781' title='bbox 1692 5430 1995 5476; x_wconf 87' lang='lat' dir='ltr'><strong>creaturas.</strong></span> <span class='ocrx_word' id='word_1_782' title='bbox 2039 5421 2189 5487; x_wconf 74' lang='lat' dir='ltr'><strong>Quod</strong></span> <span class='ocrx_word' id='word_1_783' title='bbox 2241 5422 2286 5499; x_wconf 83' lang='lat' dir='ltr'><strong>si</strong></span> 
     </span>
    </p>
   </div>
   <div class='ocr_carea' id='block_1_98' title="bbox 710 5509 2289 5591">
    <p class='ocr_par' dir='ltr' id='par_1_98' title="bbox 710 5509 2289 5591">
     <span class='ocr_line' id='line_1_98' title="bbox 710 5509 2289 5591; baseline 0.006 -30"><span class='ocrx_word' id='word_1_784' title='bbox 710 5509 878 5578; x_wconf 29' lang='lat' dir='ltr'><strong>aliam,</strong></span> <span class='ocrx_word' id='word_1_785' title='bbox 927 5512 1385 5591; x_wconf 84' lang='lat' dir='ltr'><strong>signiﬁcationem</strong></span> <span class='ocrx_word' id='word_1_786' title='bbox 1441 5513 1659 5569; x_wconf 88' lang='lat' dir='ltr'><strong>virtutis</strong></span> <span class='ocrx_word' id='word_1_787' title='bbox 1718 5515 1976 5585; x_wconf 90' lang='lat' dir='ltr'><strong>accipias,</strong></span> <span class='ocrx_word' id='word_1_788' title='bbox 2026 5516 2289 5585; x_wconf 52' lang='lat' dir='ltr'><strong>quemad-s</strong></span> 
     </span>
    </p>
   </div>
   <div class='ocr_carea' id='block_1_99' title="bbox 2386 4769 3981 4845">
    <p class='ocr_par' dir='ltr' id='par_1_99' title="bbox 2386 4769 3981 4845">
     <span class='ocr_line' id='line_1_99' title="bbox 2386 4769 3981 4845; baseline -0.001 -16"><span class='ocrx_word' id='word_1_789' title='bbox 2386 4775 2492 4829; x_wconf 82' lang='grc' dir='ltr'>τῶν</span> <span class='ocrx_word' id='word_1_790' title='bbox 2516 4774 2789 4845; x_wconf 72' lang='grc' dir='ltr'>ἐσομένων</span> <span class='ocrx_word' id='word_1_791' title='bbox 2807 4812 2822 4836; x_wconf 91' lang='grc'><strong>,</strong></span> <span class='ocrx_word' id='word_1_792' title='bbox 2847 4770 2927 4824; x_wconf 86' lang='grc' dir='ltr'>ὃτι</span> <span class='ocrx_word' id='word_1_793' title='bbox 2959 4773 3015 4825; x_wconf 84' lang='grc' dir='ltr'>ὲν</span> <span class='ocrx_word' id='word_1_794' title='bbox 3037 4770 3116 4843; x_wconf 83' lang='grc' dir='ltr'>τῷ</span> <span class='ocrx_word' id='word_1_795' title='bbox 3143 4769 3312 4834; x_wconf 87' lang='grc' dir='ltr'>ὄντως</span> <span class='ocrx_word' id='word_1_796' title='bbox 3342 4769 3455 4824; x_wconf 90' lang='grc' dir='ltr'>ὄντι</span> <span class='ocrx_word' id='word_1_797' title='bbox 3483 4771 3631 4824; x_wconf 70' lang='grc' dir='ltr'>ἐστὶν</span> <span class='ocrx_word' id='word_1_798' title='bbox 3650 4812 3663 4835; x_wconf 94' lang='grc'><strong>,</strong></span> <span class='ocrx_word' id='word_1_799' title='bbox 3702 4771 3735 4842; x_wconf 77' lang='grc' dir='ltr'>ἢ</span> <span class='ocrx_word' id='word_1_800' title='bbox 3772 4773 3981 4842; x_wconf 77' lang='grc' dir='ltr'>μᾶλλον</span> 
     </span>
    </p>
   </div>
   <div class='ocr_carea' id='block_1_100' title="bbox 2388 4862 3977 4938">
    <p class='ocr_par' dir='ltr' id='par_1_100' title="bbox 2388 4862 3977 4938">
     <span class='ocr_line' id='line_1_100' title="bbox 2388 4862 3977 4938; baseline 0.001 -17"><span class='ocrx_word' id='word_1_801' title='bbox 2388 4868 2481 4922; x_wconf 78' lang='grc' dir='ltr'><strong>καὶ</strong></span> <span class='ocrx_word' id='word_1_802' title='bbox 2509 4866 2785 4938; x_wconf 89' lang='grc' dir='ltr'>πρόεστιν.</span> <span class='ocrx_word' id='word_1_803' title='bbox 2814 4865 2909 4917; x_wconf 77' lang='grc' dir='ltr'>Ἂν</span> <span class='ocrx_word' id='word_1_804' title='bbox 2948 4864 3057 4936; x_wconf 85' lang='grc' dir='ltr'><strong>γὰρ</strong></span> <span class='ocrx_word' id='word_1_805' title='bbox 3113 4864 3209 4918; x_wconf 83' lang='grc' dir='ltr'><strong>καὶ</strong></span> <span class='ocrx_word' id='word_1_806' title='bbox 3253 4862 3321 4917; x_wconf 80' lang='grc' dir='ltr'>τὰ</span> <span class='ocrx_word' id='word_1_807' title='bbox 3379 4863 3613 4934; x_wconf 77' lang='grc' dir='ltr'>ἐσόμενα</span> <span class='ocrx_word' id='word_1_808' title='bbox 3658 4864 3721 4917; x_wconf 81' lang='grc' dir='ltr'>τὸ</span> <span class='ocrx_word' id='word_1_809' title='bbox 3780 4866 3977 4936; x_wconf 84' lang='grc' dir='ltr'>μέλλον</span> 
     </span>
    </p>
   </div>
   <div class='ocr_carea' id='block_1_101' title="bbox 2388 4955 3974 5031">
    <p class='ocr_par' dir='ltr' id='par_1_101' title="bbox 2388 4955 3974 5031">
     <span class='ocr_line' id='line_1_101' title="bbox 2388 4955 3974 5031; baseline -0.002 -17"><span class='ocrx_word' id='word_1_810' title='bbox 2388 4959 2600 5031; x_wconf 79' lang='grc' dir='ltr'>ἔχωσιν,</span> <span class='ocrx_word' id='word_1_811' title='bbox 2616 4958 2749 5013; x_wconf 76' lang='grc' dir='ltr'>ἀλλὰ</span> <span class='ocrx_word' id='word_1_812' title='bbox 2763 4956 3000 5029; x_wconf 86' lang='grc' dir='ltr'>παράτῷ</span> <span class='ocrx_word' id='word_1_813' title='bbox 3018 4955 3335 5029; x_wconf 79' lang='grc' dir='ltr'>δημιουργῷ</span> <span class='ocrx_word' id='word_1_814' title='bbox 3360 4955 3811 5027; x_wconf 82' lang='grc' dir='ltr'>προῦφίστανται,</span> <span class='ocrx_word' id='word_1_815' title='bbox 3837 4960 3974 5014; x_wconf 81' lang='grc' dir='ltr'>καθ-</span> 
     </span>
    </p>
   </div>
   <div class='ocr_carea' id='block_1_102' title="bbox 2389 5049 3979 5123">
    <p class='ocr_par' dir='ltr' id='par_1_102' title="bbox 2389 5049 3979 5123">
     <span class='ocr_line' id='line_1_102' title="bbox 2389 5049 3979 5123; baseline 0 -18"><span class='ocrx_word' id='word_1_816' title='bbox 2389 5052 2464 5115; x_wconf 82' lang='grc' dir='ltr'>ὼς</span> <span class='ocrx_word' id='word_1_817' title='bbox 2509 5051 2622 5123; x_wconf 79' lang='grc' dir='ltr'>ἔχει</span> <span class='ocrx_word' id='word_1_818' title='bbox 2667 5052 2761 5104; x_wconf 71' lang='grc' dir='ltr'><strong>καὶ</strong></span> <span class='ocrx_word' id='word_1_819' title='bbox 2791 5051 2851 5103; x_wconf 77' lang='grc' dir='ltr'>τὸ</span> <span class='ocrx_word' id='word_1_820' title='bbox 2896 5050 3025 5122; x_wconf 78' lang='grc' dir='ltr'>περὶ</span> <span class='ocrx_word' id='word_1_821' title='bbox 3056 5050 3151 5103; x_wconf 91' lang='grc' dir='ltr'><strong>τοῦ</strong></span> <span class='ocrx_word' id='word_1_822' title='bbox 3195 5051 3455 5123; x_wconf 85' lang='grc' dir='ltr'>Ἱερεμίου</span> <span class='ocrx_word' id='word_1_823' title='bbox 3487 5049 3797 5121; x_wconf 76' lang='grc' dir='ltr'>λεγόμενονο</span> <span class='ocrx_word' id='word_1_824' title='bbox 3835 5051 3979 5108; x_wconf 73' lang='grc' dir='ltr'>ὥστε</span> 
     </span>
    </p>
   </div>
   <div class='ocr_carea' id='block_1_103' title="bbox 2390 5143 3975 5218">
    <p class='ocr_par' dir='ltr' id='par_1_103' title="bbox 2390 5143 3975 5218">
     <span class='ocr_line' id='line_1_103' title="bbox 2390 5143 3975 5218; baseline -0.006 -18"><span class='ocrx_word' id='word_1_825' title='bbox 2390 5148 2450 5200; x_wconf 79' lang='grc' dir='ltr'>τὸ</span> <span class='ocrx_word' id='word_1_826' title='bbox 2474 5146 2623 5199; x_wconf 83' lang='grc' dir='ltr'>κατὰ</span> <span class='ocrx_word' id='word_1_827' title='bbox 2654 5143 2929 5213; x_wconf 80' lang='grc' dir='ltr'>δύναμιν,</span> <span class='ocrx_word' id='word_1_828' title='bbox 2969 5144 3029 5196; x_wconf 84' lang='grc' dir='ltr'>οὑ</span> <span class='ocrx_word' id='word_1_829' title='bbox 3068 5144 3206 5215; x_wconf 81' lang='grc' dir='ltr'>πρὸς</span> <span class='ocrx_word' id='word_1_830' title='bbox 3230 5144 3323 5198; x_wconf 85' lang='grc' dir='ltr'>τὸν</span> <span class='ocrx_word' id='word_1_831' title='bbox 3363 5144 3691 5215; x_wconf 61' lang='grc' dir='ltr'>δημιουργὸν</span> <span class='ocrx_word' id='word_1_832' title='bbox 3728 5147 3975 5218; x_wconf 64' lang='grc' dir='ltr'>χρήσεις,</span> 
     </span>
    </p>
   </div>
   <div class='ocr_carea' id='block_1_104' title="bbox 2394 5237 3979 5313">
    <p class='ocr_par' dir='ltr' id='par_1_104' title="bbox 2394 5237 3979 5313">
     <span class='ocr_line' id='line_1_104' title="bbox 2394 5237 3979 5313; baseline -0.002 -19"><span class='ocrx_word' id='word_1_833' title='bbox 2394 5239 2527 5294; x_wconf 84' lang='grc' dir='ltr'>ἀλλὰ</span> <span class='ocrx_word' id='word_1_834' title='bbox 2552 5238 2689 5310; x_wconf 85' lang='grc' dir='ltr'>πρὸς</span> <span class='ocrx_word' id='word_1_835' title='bbox 2708 5237 2777 5291; x_wconf 84' lang='grc' dir='ltr'><strong>τά</strong></span> <span class='ocrx_word' id='word_1_836' title='bbox 2800 5238 3294 5311; x_wconf 82' lang='grc' dir='ltr'>δημιουργούμενα.</span> <span class='ocrx_word' id='word_1_837' title='bbox 3328 5239 3392 5291; x_wconf 77' lang='grc' dir='ltr'><strong>Εἰ</strong></span> <span class='ocrx_word' id='word_1_838' title='bbox 3419 5238 3475 5292; x_wconf 78' lang='grc' dir='ltr'><strong>δέ</strong></span> <span class='ocrx_word' id='word_1_839' title='bbox 3506 5254 3570 5307; x_wconf 89' lang='grc' dir='ltr'><strong>γε</strong></span> <span class='ocrx_word' id='word_1_840' title='bbox 3598 5238 3657 5291; x_wconf 82' lang='grc' dir='ltr'>τὸ</span> <span class='ocrx_word' id='word_1_841' title='bbox 3677 5239 3861 5311; x_wconf 71' lang='grc' dir='ltr'>ἕτερον</span> <span class='ocrx_word' id='word_1_842' title='bbox 3880 5259 3979 5313; x_wconf 69' lang='grc' dir='ltr'>σης</span> 
     </span>
    </p>
   </div>
   <div class='ocr_carea' id='block_1_105' title="bbox 2396 5330 3974 5404">
    <p class='ocr_par' dir='ltr' id='par_1_105' title="bbox 2396 5330 3974 5404">
     <span class='ocr_line' id='line_1_105' title="bbox 2396 5330 3974 5404; baseline 0 -19"><span class='ocrx_word' id='word_1_843' title='bbox 2396 5332 2715 5404; x_wconf 83' lang='grc' dir='ltr'>μαινόμενον</span> <span class='ocrx_word' id='word_1_844' title='bbox 2748 5330 2849 5400; x_wconf 84' lang='grc' dir='ltr'>τῆς</span> <span class='ocrx_word' id='word_1_845' title='bbox 2880 5330 3165 5401; x_wconf 87' lang='grc' dir='ltr'>δυνάμεως</span> <span class='ocrx_word' id='word_1_846' title='bbox 3194 5330 3521 5402; x_wconf 76' lang='grc' dir='ltr'>λαμϐάνεις,</span> <span class='ocrx_word' id='word_1_847' title='bbox 3552 5330 3739 5403; x_wconf 78' lang='grc' dir='ltr'>ὥσπερ</span> <span class='ocrx_word' id='word_1_848' title='bbox 3772 5332 3974 5401; x_wconf 77' lang='grc' dir='ltr'>λέγεις,</span> 
     </span>
    </p>
   </div>
   <div class='ocr_carea' id='block_1_106' title="bbox 2392 5422 3973 5496">
    <p class='ocr_par' dir='ltr' id='par_1_106' title="bbox 2392 5422 3973 5496">
     <span class='ocr_line' id='line_1_106' title="bbox 2392 5422 3973 5496; baseline 0.001 -17"><span class='ocrx_word' id='word_1_849' title='bbox 2392 5425 2611 5479; x_wconf 85' lang='grc' dir='ltr'>δύναται</span> <span class='ocrx_word' id='word_1_850' title='bbox 2636 5424 2697 5477; x_wconf 85' lang='grc' dir='ltr'><strong>τδ</strong></span> <span class='ocrx_word' id='word_1_851' title='bbox 2728 5422 2839 5495; x_wconf 89' lang='grc' dir='ltr'><strong>πῦρ</strong></span> <span class='ocrx_word' id='word_1_852' title='bbox 2861 5423 3195 5495; x_wconf 85' lang='grc' dir='ltr'>θερμαίνειν,</span> <span class='ocrx_word' id='word_1_853' title='bbox 3217 5423 3376 5476; x_wconf 87' lang='grc' dir='ltr'>τοῦτο</span> <span class='ocrx_word' id='word_1_854' title='bbox 3402 5422 3496 5477; x_wconf 75' lang='grc' dir='ltr'><strong>ἐπὶ</strong></span> <span class='ocrx_word' id='word_1_855' title='bbox 3515 5424 3609 5477; x_wconf 87' lang='grc' dir='ltr'><strong>τοῦ</strong></span> <span class='ocrx_word' id='word_1_856' title='bbox 3636 5424 3973 5496; x_wconf 85' lang='grc' dir='ltr'>δημιουργοῦ</span> 
     </span>
    </p>
   </div>
   <div class='ocr_carea' id='block_1_107' title="bbox 2392 5500 3973 5590">
    <p class='ocr_par' dir='ltr' id='par_1_107' title="bbox 2392 5500 3973 5590">
     <span class='ocr_line' id='line_1_107' title="bbox 2392 5500 3973 5590; baseline 0.001 -17"><span class='ocrx_word' id='word_1_857' title='bbox 2392 5520 2578 5590; x_wconf 80' lang='grc' dir='ltr'>νοῆσαι</span> <span class='ocrx_word' id='word_1_858' title='bbox 2606 5519 2706 5571; x_wconf 82' lang='grc' dir='ltr'><strong>οὐκ</strong></span> <span class='ocrx_word' id='word_1_859' title='bbox 2736 5516 3050 5587; x_wconf 79' lang='grc' dir='ltr'>ἐπισφαλές.</span> <span class='ocrx_word' id='word_1_860' title='bbox 3085 5518 3239 5573; x_wconf 84' lang='grc' dir='ltr'>Ἐστι</span> <span class='ocrx_word' id='word_1_861' title='bbox 3262 5500 3391 5587; x_wconf 89' lang='grc' dir='ltr'>γοῦν</span> <span class='ocrx_word' id='word_1_862' title='bbox 3412 5518 3742 5589; x_wconf 80' lang='grc' dir='ltr'>δημιουργὸς</span> <span class='ocrx_word' id='word_1_863' title='bbox 3762 5520 3857 5573; x_wconf 87' lang='grc' dir='ltr'><strong>τοῦ</strong></span> <span class='ocrx_word' id='word_1_864' title='bbox 3878 5520 3973 5574; x_wconf 83' lang='grc' dir='ltr'>ὄν-</span> 
     </span>
    </p>
   </div>
   <div class='ocr_carea' id='block_1_108' title="bbox 710 5603 2297 5687">
    <p class='ocr_par' dir='ltr' id='par_1_108' title="bbox 710 5603 2290 5672">
     <span class='ocr_line' id='line_1_108' title="bbox 710 5603 2290 5672; baseline 0.003 -17"><span class='ocrx_word' id='word_1_865' title='bbox 710 5603 929 5657; x_wconf 81' lang='lat' dir='ltr'><strong>modum</strong></span> <span class='ocrx_word' id='word_1_866' title='bbox 954 5604 1114 5668; x_wconf 85' lang='lat' dir='ltr'><strong>dicis,</strong></span> <span class='ocrx_word' id='word_1_867' title='bbox 1154 5607 1333 5672; x_wconf 75' lang='lat' dir='ltr'><strong>ignem</strong></span> <span class='ocrx_word' id='word_1_868' title='bbox 1386 5607 1585 5662; x_wconf 84' lang='lat' dir='ltr'><strong>habere</strong></span> <span class='ocrx_word' id='word_1_869' title='bbox 1621 5608 1730 5661; x_wconf 83' lang='lat' dir='ltr'><strong>vim</strong></span> <span class='ocrx_word' id='word_1_870' title='bbox 1770 5606 2145 5670; x_wconf 79' lang='lat' dir='ltr'><strong>calefaciendi,</strong></span> <span class='ocrx_word' id='word_1_871' title='bbox 2188 5608 2290 5661; x_wconf 88' lang='lat' dir='ltr'><strong>lioc</strong></span> 
     </span>
    </p>
   </div>
   <div class='ocr_carea' id='block_1_109' title="bbox 2400 5603 3972 5687">
    <p class='ocr_par' dir='ltr' id='par_1_109' title="bbox 2400 5610 3972 5687">
     <span class='ocr_line' id='line_1_109' title="bbox 2400 5610 3972 5687; baseline 0.003 -23"><span class='ocrx_word' id='word_1_872' title='bbox 2400 5629 2501 5675; x_wconf 81' lang='grc' dir='ltr'>τος,</span> <span class='ocrx_word' id='word_1_873' title='bbox 2528 5613 2619 5665; x_wconf 76' lang='grc' dir='ltr'><strong>καὶ</strong></span> <span class='ocrx_word' id='word_1_874' title='bbox 2648 5610 2698 5663; x_wconf 88' lang='grc' dir='ltr'><strong>τί</strong></span> <span class='ocrx_word' id='word_1_875' title='bbox 2728 5610 2868 5678; x_wconf 86' lang='grc' dir='ltr'>λέγω</span> <span class='ocrx_word' id='word_1_876' title='bbox 2902 5611 3054 5673; x_wconf 88' lang='grc' dir='ltr'>ὄντος</span> <span class='ocrx_word' id='word_1_877' title='bbox 3082 5612 3408 5682; x_wconf 81' lang='grc' dir='ltr'>πράγματος</span> <span class='ocrx_word' id='word_1_878' title='bbox 3433 5612 3646 5682; x_wconf 52' lang='grc' dir='ltr'>λαὺτῆς</span> <span class='ocrx_word' id='word_1_879' title='bbox 3666 5613 3764 5683; x_wconf 81' lang='grc' dir='ltr'>τῆς</span> <span class='ocrx_word' id='word_1_880' title='bbox 3788 5614 3972 5687; x_wconf 77' lang='grc' dir='ltr'>ὑπάρ-</span> 
     </span>
    </p>
   </div>
   <div class='ocr_carea' id='block_1_110' title="bbox 709 5692 2285 5769">
    <p class='ocr_par' dir='ltr' id='par_1_110' title="bbox 709 5692 2285 5769">
     <span class='ocr_line' id='line_1_110' title="bbox 709 5692 2285 5769; baseline 0 -16"><span class='ocrx_word' id='word_1_881' title='bbox 709 5692 873 5753; x_wconf 77' lang='lat' dir='ltr'><strong>sensu</strong></span> <span class='ocrx_word' id='word_1_882' title='bbox 905 5700 972 5754; x_wconf 92' lang='lat' dir='ltr'><strong>de</strong></span> <span class='ocrx_word' id='word_1_883' title='bbox 1004 5710 1254 5755; x_wconf 88' lang='lat' dir='ltr'><strong>creatore</strong></span> <span class='ocrx_word' id='word_1_884' title='bbox 1301 5700 1527 5769; x_wconf 78' lang='lat' dir='ltr'><strong>intelligi</strong></span> <span class='ocrx_word' id='word_1_885' title='bbox 1604 5703 1884 5755; x_wconf 79' lang='lat' dir='ltr'><strong>commode</strong></span> <span class='ocrx_word' id='word_1_886' title='bbox 1938 5716 2044 5755; x_wconf 91' lang='lat' dir='ltr'><strong>non</strong></span> <span class='ocrx_word' id='word_1_887' title='bbox 2091 5708 2285 5769; x_wconf 74' lang='lat' dir='ltr'><strong>potest.</strong></span> 
     </span>
    </p>
   </div>
   <div class='ocr_carea' id='block_1_111' title="bbox 709 5791 2287 5863">
    <p class='ocr_par' dir='ltr' id='par_1_111' title="bbox 709 5791 2287 5863">
     <span class='ocr_line' id='line_1_111' title="bbox 709 5791 2287 5863; baseline -0.001 -17"><span class='ocrx_word' id='word_1_888' title='bbox 709 5792 805 5846; x_wconf 83' lang='lat' dir='ltr'><strong>Est</strong></span> <span class='ocrx_word' id='word_1_889' title='bbox 851 5793 1013 5861; x_wconf 88' lang='lat' dir='ltr'><strong>igitur</strong></span> <span class='ocrx_word' id='word_1_890' title='bbox 1064 5804 1279 5847; x_wconf 79' lang='lat' dir='ltr'><strong>creator</strong></span> <span class='ocrx_word' id='word_1_891' title='bbox 1308 5794 1573 5857; x_wconf 86' lang='lat' dir='ltr'><strong>entitatis,</strong></span> <span class='ocrx_word' id='word_1_892' title='bbox 1617 5804 1673 5847; x_wconf 85' lang='lat' dir='ltr'><strong>et</strong></span> <span class='ocrx_word' id='word_1_893' title='bbox 1715 5794 1842 5863; x_wconf 87' lang='lat' dir='ltr'><strong>quid</strong></span> <span class='ocrx_word' id='word_1_894' title='bbox 1876 5794 2003 5849; x_wconf 83' lang='lat' dir='ltr'><strong>dico</strong></span> <span class='ocrx_word' id='word_1_895' title='bbox 2040 5791 2287 5846; x_wconf 84' lang='lat' dir='ltr'><strong>entitatis</strong></span> 
     </span>
    </p>
   </div>
   <div class='ocr_carea' id='block_1_112' title="bbox 708 5885 2285 5956">
    <p class='ocr_par' dir='ltr' id='par_1_112' title="bbox 708 5885 2285 5956">
     <span class='ocr_line' id='line_1_112' title="bbox 708 5885 2285 5956; baseline -0.001 -16"><span class='ocrx_word' id='word_1_896' title='bbox 708 5885 821 5940; x_wconf 82' lang='lat' dir='ltr'><strong>rei?</strong></span> <span class='ocrx_word' id='word_1_897' title='bbox 877 5886 1118 5955; x_wconf 87' lang='lat' dir='ltr'><strong>quinimo</strong></span> <span class='ocrx_word' id='word_1_898' title='bbox 1173 5886 1453 5956; x_wconf 84' lang='lat' dir='ltr'><strong>ipsiusmct</strong></span> <span class='ocrx_word' id='word_1_899' title='bbox 1492 5888 1795 5943; x_wconf 76' lang='lat' dir='ltr'><strong>cxistcntia:</strong></span> <span class='ocrx_word' id='word_1_900' title='bbox 1839 5887 2079 5942; x_wconf 82' lang='lat' dir='ltr'><strong>entitatis</strong></span> <span class='ocrx_word' id='word_1_901' title='bbox 2107 5926 2121 5948; x_wconf 93' lang='lat'><strong>,</strong></span> <span class='ocrx_word' id='word_1_902' title='bbox 2156 5886 2285 5941; x_wconf 81' lang='lat' dir='ltr'><strong>suli-</strong></span> 
     </span>
    </p>
   </div>
   <div class='ocr_carea' id='block_1_113' title="bbox 2395 5702 3973 5776">
    <p class='ocr_par' dir='ltr' id='par_1_113' title="bbox 2395 5702 3973 5776">
     <span class='ocr_line' id='line_1_113' title="bbox 2395 5702 3973 5776; baseline -0.001 -20"><span class='ocrx_word' id='word_1_903' title='bbox 2395 5703 2526 5767; x_wconf 80' lang='grc' dir='ltr'>ξεως</span> <span class='ocrx_word' id='word_1_904' title='bbox 2561 5703 2653 5755; x_wconf 85' lang='grc' dir='ltr'><strong>τοῦ</strong></span> <span class='ocrx_word' id='word_1_905' title='bbox 2692 5702 2861 5766; x_wconf 86' lang='grc' dir='ltr'>ὄντος,</span> <span class='ocrx_word' id='word_1_906' title='bbox 2888 5704 2983 5774; x_wconf 85' lang='grc' dir='ltr'>τῆς</span> <span class='ocrx_word' id='word_1_907' title='bbox 3011 5704 3380 5768; x_wconf 81' lang='grc' dir='ltr'>ὑποστάσεως,</span> <span class='ocrx_word' id='word_1_908' title='bbox 3408 5705 3506 5774; x_wconf 81' lang='grc' dir='ltr'>τῆς</span> <span class='ocrx_word' id='word_1_909' title='bbox 3526 5703 3729 5768; x_wconf 77' lang='grc' dir='ltr'>οὐσίας,</span> <span class='ocrx_word' id='word_1_910' title='bbox 3749 5706 3848 5776; x_wconf 78' lang='grc' dir='ltr'>τῆς</span> <span class='ocrx_word' id='word_1_911' title='bbox 3868 5705 3973 5775; x_wconf 81' lang='grc' dir='ltr'><strong>φύ-</strong></span> 
     </span>
    </p>
   </div>
   <div class='ocr_carea' id='block_1_114' title="bbox 2398 5792 3970 5866">
    <p class='ocr_par' dir='ltr' id='par_1_114' title="bbox 2398 5792 3970 5866">
     <span class='ocr_line' id='line_1_114' title="bbox 2398 5792 3970 5866; baseline 0.003 -18"><span class='ocrx_word' id='word_1_912' title='bbox 2398 5813 2550 5858; x_wconf 80' lang='grc' dir='ltr'>σεως,</span> <span class='ocrx_word' id='word_1_913' title='bbox 2575 5794 2717 5865; x_wconf 79' lang='grc' dir='ltr'>ἀρχὴ</span> <span class='ocrx_word' id='word_1_914' title='bbox 2746 5795 2851 5847; x_wconf 83' lang='grc' dir='ltr'>τῶν</span> <span class='ocrx_word' id='word_1_915' title='bbox 2873 5793 3102 5858; x_wconf 80' lang='grc' dir='ltr'>αἰώνων,</span> <span class='ocrx_word' id='word_1_916' title='bbox 3121 5794 3196 5859; x_wconf 82' lang='grc' dir='ltr'>ὡς</span> <span class='ocrx_word' id='word_1_917' title='bbox 3226 5794 3551 5866; x_wconf 69' lang='grc' dir='ltr'>δημιουργὸς</span> <span class='ocrx_word' id='word_1_918' title='bbox 3580 5795 3778 5849; x_wconf 82' lang='grc' dir='ltr'>αὐτῶν·</span> <span class='ocrx_word' id='word_1_919' title='bbox 3807 5796 3876 5849; x_wconf 84' lang='grc' dir='ltr'><strong>δι’</strong></span> <span class='ocrx_word' id='word_1_920' title='bbox 3907 5792 3970 5853; x_wconf 74' lang='grc' dir='ltr'><strong>οὗ</strong></span> 
     </span>
    </p>
   </div>
   <div class='ocr_carea' id='block_1_115' title="bbox 2393 5885 3965 5961">
    <p class='ocr_par' dir='ltr' id='par_1_115' title="bbox 2393 5885 3965 5961">
     <span class='ocr_line' id='line_1_115' title="bbox 2393 5885 3965 5961; baseline 0.008 -24"><span class='ocrx_word' id='word_1_921' title='bbox 2393 5886 2500 5955; x_wconf 64' lang='grc' dir='ltr'>γὰρ</span> <span class='ocrx_word' id='word_1_922' title='bbox 2532 5889 2622 5940; x_wconf 76' lang='grc' dir='ltr'>καὶ</span> <span class='ocrx_word' id='word_1_923' title='bbox 2649 5886 2789 5953; x_wconf 82' lang='grc' dir='ltr'>τοὺς</span> <span class='ocrx_word' id='word_1_924' title='bbox 2817 5885 3034 5953; x_wconf 69' lang='grc' dir='ltr'>αἰῶνας</span> <span class='ocrx_word' id='word_1_925' title='bbox 3060 5887 3311 5955; x_wconf 80' lang='grc' dir='ltr'>ἐποίησε</span> <span class='ocrx_word' id='word_1_926' title='bbox 3329 5928 3342 5954; x_wconf 86' lang='grc'><strong>,</strong></span> <span class='ocrx_word' id='word_1_927' title='bbox 3364 5890 3525 5961; x_wconf 65' lang='grc' dir='ltr'>φησὶν</span> <span class='ocrx_word' id='word_1_928' title='bbox 3560 5891 3587 5943; x_wconf 85' lang='grc' dir='ltr'><strong>ὁ</strong></span> <span class='ocrx_word' id='word_1_929' title='bbox 3620 5888 3965 5957; x_wconf 72' lang='grc' dir='ltr'>Ἀπόστολος.</span> 
     </span>
    </p>
   </div>
  </div>
