4156 6312
211 331 315 384 837

773 328 858 382 DE
896 327 1148 386 DlVlNlS
1181 327 1576 392 NOMlNlBUS,
1614 326 1770 385 CAP.
1811 325 1883 380 V.
1922 358 1990 367 —
2022 325 2370 382 PARAI‘HR.
2409 327 2874 383 PACHYMERE.

3352 331 3457 386 833

220 449 470 519 Ὀνςὸτης
485 447 594 500 τῶν
623 446 843 519 χριενωνο
887 449 1166 503 ἔστωσαν
1201 450 1307 520 γὰρ
1341 451 1426 514 εἰς
1442 445 1678 516 σημεῖα,
1699 448 1782 499 καῖ

1898 445 2180 515 sistentizc,
2210 448 2483 511 essentiue,
2508 457 2736 514 natum,
2762 447 3085 517 principium
3115 448 3463 509 surculorum.

205 545 298 608 εἰς
324 538 822 611 ἑνιαυτοὺς,φησ“ιν
869 543 902 612 ή
942 541 1152 612 Γραφή·
1197 543 1225 594 6
1256 540 1365 610 γὰρ
1400 539 1586 610 χρόνος
1640 538 1787 609 ἡλίου

207 635 352 706 φορᾷ
378 633 673 704 μετρεῖται,
710 634 802 684 καὶ
833 633 970 702 ὅπερ
1000 635 1132 703 ἡμῖν
1166 633 1193 685 6
1228 632 1415 704 χρόνος
1445 631 1506 684 τὸ
1529 631 1789 702 πρότερον

207 727 304 781 καὶ
332 725 392 778 τὸ
417 725 819 794 ὓστερονέχων,
846 725 1003 776 τοῦτο
1024 728 1137 788 τοῖς
1164 725 1352 787 ἀϊδίοις
1381 722 1532 777 αἰών.
1567 724 1630 778 Ὃ
1660 720 1790 791 γοῦν

210 820 349 889 μήτε
385 814 452 888 ἦν
488 819 623 889 μήτε
666 817 852 880 ἔσται,
883 817 998 868 ἀλλ’
1043 817 1158 870 ἐστι
1204 817 1359 888 μόνον
1380 857 1393 881 ,
1426 814 1583 868 τοῦτο
1620 815 1789 878 ἑστὼς

206 911 330 982 ἔχον
356 911 415 963 τὸ
432 907 588 972 εἶναι,
622 909 699 978 τῷ
723 909 795 981 μὴ
823 909 1179 980 μεταϐάλλειν
1198 912 1278 972 εἰς
1300 908 1360 961 τὸ
1381 907 1553 972 ἔσται,
1579 907 1698 978 μηδ’
1720 902 1786 960 αῦ

207 1001 671 1074 μταὸεόληκέναι
701 1004 765 1054 ἐκ
808 1001 900 1054 τοῦ
933 997 1000 1073 ἦν
1037 1003 1122 1064 εἰς
1164 1001 1225 1054 τὸ
1269 1001 1383 1052 ἐστι
1407 1038 1420 1061 ,
1451 998 1605 1051 τοῦτό
1643 1000 1789 1051 ἐστιν

203 1096 359 1150 αἰών.
404 1094 500 1147 Διὰ
540 1094 697 1147 τοῦτο
734 1093 843 1165 γὰρ
887 1095 980 1146 καὶ
1021 1093 1153 1147 αἰὼν
1196 1093 1413 1150 λέγεται
1439 1090 1544 1144 τῶν
1571 1091 1789 1143 ὀντωνὸ

201 1187 359 1251 Θεὸς,
399 1187 474 1250 ὡς
516 1187 652 1258 μήτε
682 1186 857 1257 ἀρχὴν
886 1185 1044 1256 ἔχων,
1080 1186 1214 1255 μήτε
1241 1183 1410 1245 τέλος,
1440 1182 1573 1252 μήτε
1612 1181 1672 1233 τὸ
1698 1176 1785 1252 ἦν,

205 1281 346 1350 μήτε
373 1279 435 1332 τὸ
457 1279 628 1342 ἔσται,
652 1278 786 1331 ἀλλὰ
817 1278 973 1348 μόνον
993 1278 1054 1330 τὺ
1076 1277 1243 1330 ἀΐδιον
1267 1277 1360 1329 καὶ
1383 1274 1783 1346 ἀπεριόριστον’

203 1369 396 1441 χρόνος
425 1371 481 1424 δὲ
506 1370 612 1424 τῶν
634 1369 953 1441 γινομένων,
980 1370 1061 1422 ὅτι
1091 1369 1158 1422 τὰ
1180 1367 1431 1439 ὁρώμενα
1460 1367 1661 1430 εἰκόνες
1683 1367 1789 1419 εἰσί

200 1464 312 1515 τῶν
346 1464 592 1535 ἀοράτων
622 1463 716 1516 καὶ
746 1462 974 1534 νοητῶν.
1007 1462 1115 1515 Καὶ
1144 1462 1331 1534 ὥσπερ
1361 1461 1532 1515 αἰῶνα
1561 1461 1789 1531 λέγομεν

197 1554 303 1625 τὴν
350 1556 616 1627 ἄτρεπτον
653 1555 899 1626 ἐκείνην,
948 1555 1042 1608 καί
1079 1555 1213 1626 ὁμοῦ
1254 1557 1431 1608 πᾶσαν
1479 1555 1644 1625 ζωὴν,
1696 1553 1792 1606 καὶ

197 1647 407 1720 ἄπορον
436 1648 535 1719 ήδη
568 1648 661 1701 καὶ
681 1647 871 1717 ἀκλινῆ
906 1649 1110 1718 πάντη,
1145 1649 1236 1701 καὶ
1266 1649 1322 1700 ἐν
1343 1648 1422 1700 ἐνὶ
1443 1646 1536 1700 καὶ
1567 1645 1702 1717 πρὸς
1733 1644 1789 1698 ἓν

199 1741 469 1794 ἑστῶσανο
494 1740 638 1793 οὕτω
658 1741 751 1792 καὶ
775 1740 866 1794 τὸν
892 1741 1079 1811 χρόνον
1109 1741 1229 1792 τότε
1259 1737 1354 1810 μὲν
1385 1740 1441 1791 ἐν
1461 1736 1539 1808 τῷ
1559 1738 1646 1790 ἀεὶ
1673 1737 1786 1789 ὄντι

198 1827 575 1886 ἀναπαύεσθαι
621 1832 850 1904 λέγομεν
869 1796 1228 1902 ,Λέκφανῆναι
1256 1796 1331 1895 ὑὲ,
1360 1832 1444 1884 ὅτε
1488 1796 1653 1900 ἐχρῆν
1691 1829 1786 1882 καὶ
1817 1796 1858 1850 Β

196 1924 355 1995 ἥλιον
381 1925 709 1994 ὑποστῆσαι,
743 1924 838 1978 καὶ
886 1923 1088 1994 ὁρατήν
1126 1921 1286 1992 φύσιν
1329 1920 1631 1992 προελθεῖν.
1673 1920 1784 1991 Τὴν

195 2011 399 2080 οῦνέἰς
423 2016 491 2068 τὰ
523 2015 754 2086 αἰσθητὰ
776 2015 998 2087 πρόοδον
1026 2015 1123 2085 τῆς
1163 2016 1242 2077 εἰς
1261 2013 1321 2066 τὸ
1335 2013 1507 2066 ταῦτα
1527 2013 1785 2084 δημιουρ-

195 2111 320 2176 γεῖν
357 2109 690 2179 ἀγαθότητος
728 2107 822 2160 τοῦ
855 2105 989 2160 Θεοῦ
1033 2105 1189 2159 καλεῖ
1217 2106 1407 2176 χρόνον
1432 2105 1539 2158 τῶν
1569 2104 1785 2174 γινομέ-

197 2217 331 2265 νων,
361 2199 492 2253 ἀλλὰ
530 2201 622 2253 καὶ
664 2196 800 2253 εἶναι
831 2201 943 2262 τοῖς
974 2194 1112 2262 οὖσι,
1145 2199 1238 2251 καὶ
1265 2197 1477 2266 γένεσιν
1500 2197 1610 2249 τῶν
1640 2213 1785 2265 γινο-

200 2293 402 2363 μένων,
419 2293 500 2345 ὅτι
525 2292 583 2358 ἐξ
604 2291 766 2343 αὑτοῦ
785 2289 1114 2361 ἐκινήθησαν
1131 2291 1224 2342 καί
1240 2288 1551 2358 ὑπέστησαν
1569 2289 1784 2341 ἅπαντα

194 2385 270 2438 τὰ
290 2385 395 2438 ὑπὸ
414 2385 637 2453 ,γένεσιν
657 2383 803 2448 ὄντα,
832 2382 926 2435 καὶ
951 2382 1019 2435 τὰ
1041 2381 1144 2434 ὑπὸ
1165 2382 1350 2454 χρόνον
1370 2381 1646 2452 γινόμενα.
1688 2381 1783 2435 Ἐκ

193 2479 390 2531 τούτου
420 2477 513 2530 τοῦ
546 2476 874 2547 ὑπερουσίου
904 2475 1055 2538 ὄντος
1091 2476 1186 2528 καὶ
1225 2477 1253 2528 6
1287 2473 1422 2527 αἰὼν
1459 2473 1686 2543 ὑπέστη,
1722 2475 1784 2527 τὸ

195 2572 315 2632 τοῖς
363 2564 481 2622 οὖσι
521 2568 719 2638 δηλαδὴ
762 2565 1389 2638 συμπαρεκτεινόμενον·
1430 2566 1525 2619 καὶ
1559 2567 1592 2636 ὴ
1626 2565 1781 2618 οὐσία

193 2661 308 2714 τῶν
339 2660 524 2725 ὄντων,
557 2661 651 2713 καὶ
691 2659 752 2711 τὸ
789 2658 847 2711 ὃν
878 2659 1008 2711 αὑτὸ
1034 2658 1094 2712 τὺ
1122 2658 1263 2711 κατὰ
1286 2657 1384 2729 τὴν
1415 2656 1601 2710 οὐσίαν
1628 2656 1781 2726 λεγό-

200 2769 381 2822 μενον.
433 2751 618 2804 Ταῦτα
669 2751 778 2804 τῶν
811 2750 954 2821 ὑπὲρ
975 2751 1122 2821 ἡμᾶς
1161 2751 1254 2802 καὶ
1295 2750 1582 2819 θειοτέρων
1622 2747 1780 2803 δυνά-

200 2860 370 2914 μεων.
408 2844 517 2896 Καὶ
551 2839 704 2907 αὖθις
746 2842 814 2896 τὰ
843 2842 962 2895 καθ’
992 2844 1158 2912 ἡμᾶς,
1197 2842 1292 2894 καὶ
1340 2842 1369 2893 ὁ
1412 2840 1619 2911 χρόνος,
1669 2843 1780 2904 τοῖς

197 2933 308 2989 ὑπὸ
331 2936 540 3005 γένεσιν
574 2935 652 3006 τῷ
695 2935 946 3007 προτέρῳ
982 2936 1076 2988 καὶ
1114 2934 1192 3005 τῷ
1222 2934 1434 3006 ὑστέρῳ
1479 2933 1780 3004 μετρούμε-

195 3045 309 3092 νος,
335 3029 427 3082 καὶ
451 3029 482 3099 ή
505 3028 718 3096 γένεσις
745 3028 854 3080 τῶν
891 3028 996 3080 ὑπὸ
1022 3028 1235 3096 γένεσιν
1266 3027 1452 3092 ὄντων,
1481 3025 1575 3079 καὶ
1608 3025 1669 3079 τὸ
1694 3043 1779 3095 γι-

195 3119 460 3191 γνόμενον
505 3120 637 3174 αὐτὸ
664 3120 724 3173 τὸ
749 3119 888 3172 κατὰ
931 3119 1028 3189 τὴν
1078 3119 1291 3187 γένεσιν
1334 3117 1645 3188 λεγόμενον,
1688 3119 1781 3172 καὶ
1807 3132 1849 3190 c

193 3213 368 3266 τᾶλλα
398 3215 679 3276 πάντα,τά
695 3230 754 3265 τε
781 3215 839 3266 ὲν
865 3215 976 3276 τοῖς
1003 3207 1152 3265 οὖσιν
1180 3211 1310 3265 ὄντα
1328 3213 1438 3274 τοῖς
1462 3210 1776 3282 θειοτέροις,

195 3306 296 3359 καὶ
333 3305 404 3359 τὰ
445 3305 691 3359 ὁπωσοῦν
739 3305 1044 3374 ὑφεστῶτα,
1087 3303 1154 3358 τὰ
1203 3303 1325 3357 καθ’
1364 3304 1512 3374 ἡμᾶς
1558 3303 1776 3376 δηλαδή.

195 3398 386 3453 Πάντα
412 3399 469 3452 δὲ
496 3398 669 3451 ταῦτα
693 3397 874 3462 ποσῶς
904 3401 1052 3451 ἐστιν
1075 3395 1221 3451 ὄνταο
1258 3397 1378 3450 οὑδὲ
1407 3396 1519 3468 γὰρ
1539 3396 1598 3449 τὸ
1637 3396 1695 3450 ὃν
1721 3397 1781 3451 τὸ

194 3489 309 3543 τῶν
357 3491 602 3559 ἀγγέλων
633 3489 1027 3561 περιλαμϐάνει
1081 3490 1174 3543 καὶ
1213 3489 1274 3542 τὸ
1319 3488 1426 3541 τῶν
1456 3486 1777 3560 ἀνθρώπων,

196 3581 322 3634 ὀὺδὲ
367 3582 427 3634 τὸ
456 3581 661 3635 τούτων
709 3584 803 3634 καὶ
842 3581 901 3634 τὸ
935 3581 1043 3634 τῶν
1091 3581 1356 3650 ἀγγέλων,
1399 3580 1512 3633 ἀλλ’
1552 3581 1780 3634 ἕκαστόν

199 3675 350 3727 ἔστιν
392 3674 808 3739 ἰδιοῦπόστατον,
839 3675 934 3727 καὶ
967 3672 1360 3746 περιγραπτὸν,
1394 3673 1489 3726 καὶ
1509 3673 1589 3726 ὅτι
1619 3672 1655 3726 ἃ
1682 3673 1778 3744 μὲν

197 3765 376 3838 ἀρχὴν
410 3767 621 3838 ἔχοντα,
653 3767 803 3831 τέλος
833 3767 932 3820 οὑκ
955 3766 1188 3838 ἔχουσιν,
1220 3765 1255 3819 ἂ
1277 3765 1332 3818 δὲ
1362 3765 1455 3818 καὶ
1486 3765 1657 3836 ἀρχὴν
1685 3766 1778 3818 καὶ

197 3858 350 3922 τέλος
381 3859 614 3929 ἔχουσιν.
637 3857 805 3912 Ἐστι
830 3859 886 3913 δὲ
915 3859 950 3913 ἃ
973 3859 1068 3912 καί⁵
1104 3859 1275 3930 ἀρχὴν
1306 3858 1402 3928 μὲν
1439 3858 1537 3910 οὐκ
1576 3857 1774 3928 ἔχουσι,

196 3949 352 4020 τέλος
380 3949 433 4002 δὲ
463 3949 663 4021 έχουσι,
692 3949 874 4014 καθὼς
904 3952 997 4004 καὶ
1035 3952 1064 4005 6
1103 3951 1275 4022 μέγας
1297 3948 1649 4020 διαλαμϐάνει
1676 3949 1778 4001 Βα-

202 4042 417 4106 σίλειος,
445 4042 616 4111 λέγων
645 4044 772 4115 περὶ
803 4044 908 4096 τῶν
941 4043 1100 4097 θείων
1133 4043 1232 4114 τῆς
1264 4043 1520 4114 προνοίας
1555 4041 1647 4095 τοῦ
1688 4042 1778 4096 κό-

201 4151 338 4204 σμου
363 4134 684 4206 βουλήσεων,
716 4132 778 4189 αἳ
815 4136 877 4206 δὴ
905 4136 998 4188 xal.
1017 4135 1190 4204 ἀρχὴν
1219 4134 1317 4204 μὲν
1351 4135 1450 4186 οὑκ
1486 4133 1663 4203 ἔσχον,
1687 4133 1776 4185 τέ-

199 4226 292 4289 λος
329 4227 385 4280 δὲ
415 4227 570 4298 ἔσχον
609 4227 813 4280 τούτων
840 4226 1003 4290 τινὲς,
1058 4227 1149 4279 καί
1180 4243 1323 4288 τινες
1359 4225 1557 4292 ἕξουσι.
1595 4221 1777 4277 Ταῦτα

198 4317 331 4388 γοῦν
360 4319 534 4372 πάντα
571 4319 752 4382 ποσῶς
782 4319 929 4382 ὄντα,
964 4318 1120 4389 μόνον
1150 4317 1205 4370 δὲ
1234 4317 1294 4370 τὸ
1318 4317 1470 4370 Θεῖον
1508 4317 1567 4369 οὑ
1594 4317 1777 4381 ποσῶς

1898 544 2152 606 tanquam
2190 538 2437 592 conditor
2476 554 2687 600 eorum,
2729 554 2827 607 per
2851 554 2973 592 eum
3005 539 3147 592 enim
3180 540 3341 593 etiam
3368 558 3465 592 sm-

1891 629 2010 682 cula
2036 630 2181 697 fecit,
2213 639 2271 683 ut
2297 629 2474 699 inquit
2504 632 2792 699 Apostolus
2824 631 2865 681 τ.
2896 630 3104 683 Entitas
3140 641 3462 700 temporum.

1890 721 2156 790 siquidem
2189 732 2389 776 statuta
2433 734 2556 778 sunt
2591 725 2644 776 in
2686 724 2862 792 signa,
2889 733 2936 775 et
2977 724 3036 776 in
3069 740 3257 785 annos,
3298 733 3356 776 ut
3389 727 3466 777 ait

1891 814 2169 884 Scriptura
2201 822 2228 850 υ
2255 830 2269 880 ;
2322 816 2574 884 quoniam
2630 825 2845 883 tempus
2875 815 3004 869 solis
3035 831 3198 870 cursu
3242 833 3462 871 mensu-

1893 915 2079 971 ratur;
2126 915 2181 961 et
2241 906 2382 974 quod
2437 906 2591 960 nobis
2651 915 2864 974 tempus
2907 915 3012 971 εει,
3060 907 3201 974 quod
3230 908 3379 974 prius
3409 915 3463 960 et

1890 1001 2159 1071 posterius
2191 1001 2372 1063 habet,
2405 999 2507 1052 hoc
2539 999 2698 1052 rebus
2731 1000 3080 1068 sempiternis
3125 1011 3206 1054 est
3248 1003 3432 1056 aeterni

1891 1102 1990 1145 Ias.
2028 1091 2177 1158 Quod
2211 1091 2394 1160 itaque
2427 1105 2606 1160 neque
2635 1102 2773 1155 erat,
2800 1105 2980 1160 neque
3003 1090 3129 1157 erit,
3162 1092 3254 1145 sed
3289 1093 3460 1146 solum

1889 1195 1993 1249 est,
2023 1184 2226 1237 habens
2258 1183 2359 1237 hoc
2384 1198 2502 1238 esse
2533 1183 2857 1248 consistens,
2889 1198 2995 1236 non
3021 1183 3220 1236 mutari
3275 1183 3458 1250 inerit,

1890 1291 2069 1345 neque
2102 1275 2422 1329 transivisse
2461 1291 2526 1329 ex
2565 1286 2684 1329 erat
2727 1275 2779 1328 in
2835 1285 2944 1338 est,
2991 1275 3094 1329 hoc
3131 1284 3214 1328 est
3242 1277 3460 1330 aeterni-

1891 1375 1992 1420 tas.
2042 1366 2245 1421 Idcirco
2291 1366 2432 1419 enim
2488 1367 2648 1419 etiam
2694 1366 2976 1419 mternitas
3022 1367 3223 1420 dicitur
3277 1381 3458 1421 rerum

1890 1456 2052 1523 Deus,
2100 1458 2300 1527 quippe
2351 1472 2456 1511 non
2507 1457 2714 1511 habens
2761 1457 3108 1525 principium,
3166 1473 3340 1525 neque
3394 1458 3458 1512 li-

1890 1565 2037 1615 nem,
2076 1565 2249 1620 neque
2296 1559 2437 1616 erat,
2488 1565 2660 1619 neque
2709 1553 2835 1618 erit,
2868 1552 2961 1604 sed
2991 1550 3163 1605 solum
3189 1566 3309 1606 esse
3336 1565 3450 1620 per-

1888 1652 2106 1710 petuum
2165 1651 2221 1697 et
2267 1643 2829 1711 incircumscriptum‘;
2886 1652 3094 1712 tempus
3134 1654 3313 1697 autem
3372 1654 3459 1700 est

1888 1748 2073 1787 eorum
2113 1748 2232 1803 quae
2261 1733 2418 1797 ﬁunt,
2457 1735 2712 1802 quoniam
2761 1748 2824 1787 ea
2870 1748 2988 1802 quae
3030 1719 3282 1789 videntur
3319 1735 3455 1789 ima-

1887 1825 2040 1894 gines
2070 1835 2198 1878 sunt
2246 1840 2432 1878 eurum
2479 1839 2598 1892 qua:
2642 1840 2746 1877 non
2789 1823 3042 1878 videntur
3065 1835 3121 1879 et
3156 1825 3457 1893 intelligun-

1888 1926 1992 1972 tur.
2047 1917 2112 1970 Et
2153 1916 2294 1971 sicut
2338 1916 2701 1970 :eternitatem
2761 1916 2994 1971 dicimus
3065 1915 3458 1970 immutabilem

1886 2005 2034 2060 illam
2073 2008 2267 2071 vitam,
2318 2021 2437 2075 quae
2479 2015 2534 2060 et
2583 2006 2744 2060 simul
2781 2017 2890 2061 tota
2924 2006 3130 2068 exisut,
3164 2015 3219 2061 et
3252 2006 3456 2061 nullius

1885 2111 2120 2166 unquam
2166 2103 2308 2166 eget,
2355 2110 2455 2150 nec
2499 2097 2721 2148 omnino
2772 2095 2974 2164 delicit,
3033 2095 3192 2150 etin
3237 2108 3343 2151 uno
3388 2109 3458 2150 ac

1885 2197 2105 2258 propter
2130 2203 2294 2241 unum
2341 2186 2620 2250 consistit;
2652 2186 2731 2238 sic
2761 2187 2924 2238 etiam
2954 2196 3163 2254 tempus
3189 2194 3302 2240 tum
3333 2186 3455 2254 qui.

1885 2284 2004 2335 dem
2037 2279 2090 2332 in
2121 2294 2184 2334 eo
2210 2278 2350 2348 quod
2382 2292 2599 2345 semper
2625 2276 2784 2349 44],
2816 2287 2900 2332 est
2933 2279 3271 2346 requiescere
3316 2278 3452 2332 dici-

1885 2385 2025 2436 mus,
2059 2384 2321 2439 apparere
2363 2384 2513 2434 vero,
2553 2371 2769 2438 quando
2793 2370 3084 2437 Oportebat
3121 2385 3334 2438 quoque
3364 2385 3453 2424 so-

1885 2461 1987 2516 lem
2017 2463 2334 2527 subsistere,
2371 2470 2424 2515 et
2459 2461 2723 2514 visibilem
2772 2469 3024 2514 naturam
3063 2463 3300 2530 prodire.
3349 2461 3453 2516 Ita-

1883 2571 1989 2625 que
2029 2570 2372 2626 progressum
2413 2555 2610 2608 divina:
2661 2553 2919 2608 bonitatis
2957 2554 3024 2606 ad
3068 2554 3285 2608 sensilia
3321 2570 3452 2624 pro-

1881 2649 2159 2711 ducenda,
2231 2657 2389 2701 vocat
2447 2658 2658 2716 tempus
2709 2659 2891 2698 eorum
2947 2660 3065 2716 qua:
3122 2645 3272 2708 ﬁunt,
3319 2646 3454 2714 quin

1881 2740 2045 2794 etiam
2076 2755 2198 2795 esse
2229 2754 2406 2794 rerum
2437 2748 2490 2792 et
2517 2739 2927 2808 generationum
2957 2752 3075 2806 quze
3113 2739 3284 2804 lium;
3310 2753 3448 2806 quo-

1883 2835 2026 2887 niam
2076 2848 2141 2886 ex
2191 2831 2312 2898 ipso
2365 2840 2509 2884 mota
2550 2839 2694 2893 sunt,
2757 2838 2807 2882 et
2860 2828 3225 2883 substiterunt
3267 2831 3448 2884 omnia

1882 2939 2001 2993 qua:
2052 2923 2384 2994 generationi
2443 2923 2686 2992 subjecta
2740 2931 2892 2985 sunt,
2939 2929 2992 2976 et
3024 2937 3142 2990 quae
3183 2911 3280 2975 sub
3311 2930 3448 2977 tem-

1882 3030 2010 3084 pore
2047 3014 2203 3068 linnt.
2238 3013 2311 3066 Ex
2336 3013 2438 3067 hoc
2466 3012 2905 3082 superessentiali
2931 3021 3053 3066 eutc
3087 3012 3250 3066 etiam
3277 3027 3450 3067 aevum

1882 3106 2088 3167 existit,
2135 3102 2276 3172 quod
2315 3101 2573 3156 nimirum
2628 3101 2788 3154 rebus
2832 3099 3226 3165 coextendltur,
3269 3108 3324 3152 et
3365 3114 3452 3153 es-

1881 3198 2060 3254 sentia
2115 3210 2320 3258 rerum,
2368 3202 2423 3249 et
2475 3193 2764 3263 ipsummet
2811 3207 2930 3251 ens.
2976 3191 3117 3259 quod
3154 3191 3446 3245 secundum

1881 3291 2171 3346 essentiam
2218 3289 2442 3343 dicitur.
2489 3286 2612 3340 Haec
2640 3285 2818 3354 quoad
2846 3284 3153 3353 superiores
3182 3284 3341 3337 nobis
3364 3283 3448 3336 di-

1882 3382 2225 3449 vinioresque
2272 3380 2521 3435 virtutes.
2570 3377 2636 3430 Et
2676 3391 2893 3431 rursum
2952 3376 3126 3444 quoad
3184 3374 3445 3428 nostratis

1879 3488 2118 3543 quoque,
2151 3482 2361 3538 tempus
2388 3477 2472 3524 est
2511 3483 2607 3534 per
2634 3467 2782 3536 prius
2814 3477 2862 3521 et
2894 3465 3162 3534 posterius
3198 3466 3250 3517 in
3283 3463 3448 3518 rebus

1880 3566 2075 3636 genitis
2107 3573 2499 3627 mensuratum,
2525 3571 2579 3615 et
2615 3561 2892 3630 generatio
2921 3574 3106 3614 eorum
3137 3574 3255 3628 quae
3284 3573 3449 3627 gene-

1879 3653 2090 3722 rantur,
2122 3666 2176 3709 et
2207 3655 2257 3708 id
2290 3654 2461 3723 ipsum
2494 3651 2635 3722 quod
2675 3651 2914 3720 gignitur
2956 3649 3250 3704 secundum
3282 3664 3449 3716 gene-

1883 3747 2144 3802 rationem
2176 3744 2398 3811 dictum,
2448 3753 2754 3809 ceteraque
2784 3740 2966 3793 omnia
3015 3754 3132 3806 qua:
3184 3739 3235 3792 in
3282 3739 3444 3792 rebus

1880 3836 2234 3893 divinioribus
2286 3837 2559 3899 existunt,
2613 3846 2666 3887 et
2735 3847 2852 3900 qua:
2913 3844 3234 3899 quocunque
3286 3833 3444 3884 moto

1878 3932 2142 3994 existunt,
2176 3927 2388 3982 scilicet
2427 3927 2720 3982 secundum
2762 3939 2878 3976 nos.
2911 3923 3035 3978 Haec
3058 3933 3232 3976 autem
3262 3922 3442 3976 omnia

1878 4032 2004 4078 sunt
2030 4023 2208 4092 aliquo
2241 4020 2397 4074 modo
2433 4018 2575 4073 entia
2609 4036 2622 4072 :
2676 4031 2782 4070 non
2813 4015 2956 4070 enim
2985 4028 3107 4069 esse
3132 4012 3440 4082 angelorum

1876 4124 1930 4169 et
1957 4113 2232 4167 hominum
2285 4108 2773 4178 comprehendunt,
2807 4119 2980 4173 neque
3013 4104 3202 4158 horum
3243 4111 3299 4155 et
3346 4115 3440 4154 an-

1876 4207 2140 4275 gelorum,
2167 4202 2262 4257 sed
2292 4200 2572 4270 quodlibet
2617 4198 2778 4251 habet
2831 4195 3103 4264 propriam
3142 4193 3439 4248 subsisten-

1878 4301 2030 4362 tiam,
2095 4309 2323 4363 eamque
2374 4293 2697 4355 limitatam;
2756 4289 3010 4357 quoniam
3061 4285 3167 4338 alia
3218 4285 3434 4354 quidem

199 4376 350 4462 έστιν
377 4409 456 4472 ὃν,
490 4409 604 4461 ἀλλ’
648 4376 834 4473 ἁπλῶς
861 4376 974 4462 xui.
994 4409 1406 4481 ἀπεριορίστως·
1435 4407 1553 4461 ὅλον
1586 4408 1693 4479 γὰρ
1717 4376 1772 4461 ἐν

1881 4388 2198 4457 principium
2245 4386 2468 4446 habent,
2502 4381 2660 4434 ﬁnem
2695 4394 2799 4432 non
2846 4377 3076 4444 habent,
3099 4376 3197 4428 alia
3227 4392 3354 4430 vero
3384 4387 3429 4429 et

199 4499 379 4571 ἐαυτῷ
424 4499 681 4553 ωλλαὸὸν
710 4499 821 4570 ἔχει
852 4499 913 4552 τὸ
961 4496 1121 4563 εἶναι,
1158 4498 1279 4551 οὗτε
1311 4497 1612 4569 ἀρξάμενον
1650 4497 1772 4550 οὔτε

199 4593 559 4662 παυσόμενονο
587 4591 666 4644 διὸ
695 4593 787 4644 καὶ
811 4589 1059 4661 βασιλεὺς
1080 4590 1292 4658 λέγεται
1313 4591 1419 4642 τῶν
1447 4588 1675 4651 αἰώνων,
1697 4589 1772 4653 ὡς

200 4683 380 4737 πάντα
413 4683 582 4737 αἰῶνα
619 4684 712 4736 καὶ
736 4685 842 4736 πᾶν
865 4682 924 4735 ὃν
949 4682 1219 4754 περιέχον,
1244 4681 1340 4734 καὶ
1359 4681 1426 4734 τὰ
1453 4680 1549 4733 τοῦ
1583 4682 1769 4752 χρόνου

197 4773 463 4845 τμήματα
483 4814 498 4839 ,
535 4774 596 4826 τὸ
631 4769 718 4846 ἦν,
759 4773 819 4826 τὸ
862 4773 1034 4838 ἔσται,
1057 4772 1118 4825 τὸ
1144 4771 1413 4840 γενέσθαι,
1442 4771 1501 4823 τὸ
1527 4771 1770 4839 γίνεσθαι

199 4864 581 4934 διαπεφευγόςο
608 4865 779 4917 ταῦτα
811 4863 919 4935 γὰρ
946 4864 1054 4916 τῶν
1085 4862 1204 4916 καθ’
1231 4864 1380 4933 ἡμᾶς
1403 4862 1496 4915 καὶ
1523 4862 1621 4931 τῆς
1644 4864 1769 4932 ῥευ-

203 4954 332 5024 στῆς
355 4953 584 5023 φύσεως.
627 4956 744 5008 Ἔτι
772 4955 828 5008 δὲ
858 4953 977 5008 οὑδὲ
1002 4954 1062 5006 τὸ
1092 4953 1238 5006 ἔστιν
1271 4953 1403 5023 ἔχει,
1465 4953 1603 5023 ὑπὲρ
1641 4954 1771 5006 αὑτὸ

201 5043 311 5115 γάρ
328 5048 494 5110 ἐστιν,
521 5046 652 5098 αὑτό
680 5048 795 5099 ἐστι
820 5046 879 5098 τὸ
898 5048 1011 5109 τοῖς
1043 5041 1192 5098 οὖσιν
1224 5041 1381 5097 εἶναι·
1414 5044 1534 5097 οὑδὲ
1567 5045 1676 5116 γὰρ
1701 5045 1770 5098 τὰ

201 5134 330 5186 εντα
350 5134 506 5205 μόνον
521 5137 584 5188 ὲκ
611 5134 702 5188 τοῦ
729 5134 883 5198 Θεοῦ,
915 5132 1048 5186 ἀλλὰ
1074 5134 1168 5187 καὶ
1195 5133 1256 5186 τὸ
1279 5130 1415 5186 εἶναι
1443 5133 1550 5186 τῶν
1579 5133 1764 5187 ὄντων·

201 5224 364 5288 αὑτὸς
400 5225 507 5296 γάρ
537 5228 681 5279 ἐστιν
712 5226 741 5278 6
777 5224 1034 5295 ὑπάρχων
1071 5224 1176 5294 πρὸ
1215 5223 1320 5277 τῶν
1367 5221 1595 5288 αἰώνων,
1629 5223 1767 5277 κατὰ

202 5313 294 5366 τὸν
320 5304 499 5376 Δαυῒδ,
530 5312 558 5364 6
596 5311 729 5365 αἰὼν
766 5312 872 5365 τῶν
901 5311 1110 5365 αἰώνων
1130 5351 1146 5377 ,
1177 5312 1416 5383 δηλονότι
1457 5315 1485 5366 6
1514 5316 1767 5385 συνοχεὺς

203 5403 299 5474 τῆς
325 5398 493 5456 άιοίου
523 5404 929 5473 παρεκτάσεως,
961 5403 989 5455 6
1023 5403 1147 5474 ὅρος
1179 5403 1278 5472 τῆς
1297 5403 1516 5458 αἰωνίου
1539 5402 1703 5475 ζωῆς,
1737 5407 1766 5458 ὁ

205 5493 456 5546 ἐπέκεινα
488 5492 580 5544 τοῦ
609 5492 682 5564 μὴ
710 5492 1098 5557 ἐπιλείποντος.

1803 4470 1850 4528 D
1877 4479 2195 4547 principium
2226 4483 2280 4529 et
2326 4475 2482 4527 linem
2529 4471 2747 4526 habent.
2795 4468 2930 4523 Sunt
2969 4482 3101 4522 vero
3131 4467 3291 4521 etiam
3317 4483 3428 4535 qua:

1876 4570 2197 4640 principium
2237 4567 2451 4636 quidem
2501 4579 2606 4617 non
2639 4563 2859 4624 habent,
2890 4561 2983 4614 sed
3019 4559 3178 4612 ﬁnem
3215 4558 3434 4625 habent,

1875 4663 1948 4715 uti
1974 4661 2134 4716 etiam
2161 4659 2383 4728 Magnus
2421 4656 2648 4709 Basilius
2681 4653 2865 4712 tradit,
2893 4652 3116 4721 loquens
3139 4650 3204 4704 de
3234 4649 3431 4704 divinis

1875 4754 2020 4806 circa
2053 4751 2235 4804 mundi
2275 4745 2671 4818 providentiam
2707 4743 3078 4804 volitionibus,
3125 4753 3244 4807 qtae
3289 4737 3438 4807 prin-

1875 4846 2072 4916 cipium
2104 4844 2318 4914 quidem
2353 4855 2460 4895 non
2489 4840 2821 4898 habuerunt,
2871 4837 3030 4888 linem
3085 4849 3212 4886 vero
3243 4833 3436 4898 aliquae

1879 4942 2086 4995 illarum
2140 4939 2250 5009 jam
2304 4941 2650 5003 acceperunt,
2699 4931 2891 4998 aliqua:
2941 4928 3104 4981 etiam
3141 4926 3433 4979 habebunt.

1876 5031 2000 5086 llzec
2043 5030 2207 5100 igitur
2253 5026 2433 5082 omnia
2480 5035 2606 5080 sunt
2659 5021 2839 5090 aliquo
2886 5022 3045 5074 modo
3085 5017 3251 5081 entia,
3289 5016 3435 5070 solus

1875 5139 2051 5182 autem
2099 5126 2238 5180 Deus
2289 5139 2393 5178 non
2442 5132 2526 5176 est
2552 5121 2732 5189 aliquo
2763 5118 2923 5172 modo
2952 5132 3069 5182 ens,
3101 5115 3192 5170 sed
3224 5113 3436 5182 simpli-

1873 5225 2009 5278 citer
2036 5233 2090 5275 et
2117 5221 2425 5274 illimitate:
2475 5225 2644 5271 totum
2699 5214 2844 5268 enim
2902 5224 3023 5265 esse
3072 5210 3126 5262 in
3181 5220 3241 5261 se
3285 5220 3434 5260 com-

1873 5314 2063 5384 plexus
2105 5321 2208 5372 est,
2255 5324 2354 5364 nec
2393 5307 2660 5376 incipiens
2709 5318 2888 5373 neque
2929 5300 3216 5362 desinens;
3263 5308 3434 5365 quare

1871 5407 2032 5460 etiam
2079 5403 2275 5458 dicitur
2325 5401 2436 5455 Rex
2498 5398 2841 5463 saeculorum,
2888 5394 3086 5464 quippe
3123 5389 3214 5460 qui
3246 5388 3428 5445 omnia

1870 5494 2062 5550 saecula
2090 5504 2144 5547 et
2171 5509 2267 5547 ens
2295 5506 2453 5547 omne
2497 5488 2887 5558 complectitur,
2919 5493 2974 5538 et
3009 5491 3306 5551 temporum
3339 5477 3434 5532 de-

203 5599 459 5645 ctstones.
494 5594 635 5649 erat,
684 5585 811 5651 erit,
871 5585 1068 5640 factum
1120 5601 1239 5643 esse
1284 5603 1347 5644 ac
1386 5587 1525 5649 Lﬁeri
1573 5589 1941 5658 subterlugit;
2006 5585 2272 5656 siquidem
2337 5587 2447 5638 haec
2498 5583 2656 5639 rebus
2699 5577 3068 5641 nostratibus,
3118 5583 3431 5636 natumque

277 5740 297 5776 ι
335 5737 495 5793 Ilebr.
534 5753 572 5801 t,
601 5737 654 5790 2.
728 5749 753 5776 υ
780 5736 915 5792 Gen.
945 5753 981 5799 ι,
1019 5742 1103 5792 14.
