4156 6312
765 356 868 414 859
1937 353 1995 409 S.
2031 349 2327 410 DlONYSll
2359 349 2827 413 ABEOPAGszE
3918 358 4028 415 810

764 472 921 527 lium
948 469 1296 526 conveniunt.
1329 467 1467 537 Quin
1494 484 1562 525 ne
1588 469 1815 541 quidem
1841 469 2003 524 ltabet
2030 470 2206 539 ipsum
2234 477 2341 535 est,
2372 468 2636 540 quoniam
2669 485 2835 541 supra
2882 470 3057 537 ipsum
3089 480 3195 539 est,
3261 479 3314 527 et
3360 470 3594 542 ipsemet
3634 482 3719 527 est
3748 486 3869 529 esse
3939 490 4028 528 re-

763 570 897 630 bus;
929 580 1028 621 nec
1053 565 1198 620 enim
1227 563 1371 618 entia
1410 564 1586 619 solum
1612 579 1643 618 a
1675 562 1786 618 Deo
1834 572 1979 630 sunt,
2010 564 2105 618 sed
2152 563 2359 618 entium
2391 577 2608 632 quoque
2663 564 2777 633 ipsa
2832 565 3069 631 entitas;
3121 564 3237 633 ipse
3273 564 3434 626 enim~
3470 574 3554 621 est
3602 566 3844 621 existens
3897 580 4026 621 ante

760 659 1301 724 ecculmsccuudum
1335 656 1593 711 Davidem
1657 664 1707 720 '.
1748 657 2009 711 saeculum
2071 653 2418 720 saeculorum,
2475 655 2673 725 quippe
2720 656 3009 712 continens
3073 657 3464 730 sempiternam
3541 656 4019 729 coextensionem,

754 754 1027 807 terminus
1071 750 1197 804 vitat
1243 748 1616 819 sempiternae,
1660 751 1753 819 qui
1792 756 1876 803 est
1910 762 2076 819 supra
2111 748 2163 803 id
2195 746 2340 817 quod
2383 758 2487 798 non
2515 745 2718 801 deficit.

830 844 861 918 ς
904 845 967 900 ν.
1012 844 1184 900 Altius
1231 844 1418 915 itaque
1450 850 1779 912 repetentes
1836 842 2102 909 dicamus,
2167 840 2309 895 rebu:

2502 833 2529 907 ᾗ
2560 836 2618 892 ν.
2659 837 3040 905 Ἀναλαϐόντες
3065 834 3159 895 οῦν
3183 842 3445 913 εῐπωμεν,
3468 842 3550 896 ὅτι
3577 843 3707 896 πᾶσι
3727 843 3839 907 τοῖς
3867 837 4017 902 οὖσι,

755 940 1013 995 omnibus
1032 952 1086 995 et
1105 941 1236 997 atris
1272 939 1406 1009 ipsis
1436 953 1641 1005 rerum,
1679 941 1858 1008 ipsum
1888 951 2008 993 esse
2037 936 2105 991 ab
2148 950 2213 991 eo
2237 950 2309 1005 qu

2431 928 2525 980 καὶ
2548 931 2661 995 τοῖς
2684 929 2877 985 αίῶσιν
2898 932 3083 998 αὐτοῖς
3111 935 3234 990 καθ’
3258 934 3351 998 οὓς
3374 933 3441 988 τά
3468 934 3619 999 ὄντα,
3642 936 3703 989 τὸ
3724 930 3865 988 εἷναί
3896 937 4018 987 ἐστι

756 1032 1056 1102 ρτωσιίειὶι
1084 1018 1338 1092 existere.
1378 1027 1543 1101 ω
1569 1029 1661 1099 qui
1708 1031 1899 1085 horum
1952 1029 2193 1098 omnium
2246 1042 2306 1083 es

2429 1022 2581 1093 παρὰ
2627 1023 2723 1078 τοῦ
2783 1024 3055 1095 προόντος,
3106 1027 3199 1081 καὶ
3249 1028 3465 1082 πάντων
3510 1028 3712 1082 τούτων
3746 1031 3775 1082 6
3824 1027 4018 1101 προὼν

750 1122 1084 1193 principium
1114 1136 1179 1176 ac
1203 1136 1371 1177 causa
1400 1122 1779 1192 pmexistens,
1802 1122 2094 1194 omniaque
2126 1121 2179 1177 in
2210 1120 2309 1191 ipsi

2426 1115 2569 1187 ἁρχὴ
2594 1119 2687 1171 καὶ
2712 1116 2882 1185 αἰτία,
2914 1120 3009 1175 καὶ
3036 1120 3211 1175 πάντα
3249 1122 3307 1174 ὲν
3335 1120 3483 1191 αὐτῷ
3528 1122 3842 1193 συνέστηκε,
3873 1124 4015 1194 πρὸς

752 1218 1086 1279 consistunt,
1124 1229 1249 1269 cum
1272 1215 1345 1269 sit
1373 1226 1500 1270 ante
1528 1216 1630 1271 alia
1660 1233 1780 1287 quae
1801 1230 1923 1273 esse
1953 1216 2309 1287 participandt

2425 1208 2533 1262 τῶν
2579 1209 2754 1266 ἄλλων
2802 1212 2963 1277 αὐτὸς
3013 1213 3259 1285 μετοχῶν
3298 1213 3360 1266 τὸ
3407 1210 3541 1267 εἶναι
3592 1216 4012 1287 κεκληρωμένα.

750 1309 941 1365 sortita
973 1321 1120 1365 sunt.
1161 1310 1417 1380 Suppone
1433 1312 1583 1367 enim
1623 1310 1897 1366 hominem
1926 1327 1940 1365 :
1975 1310 2063 1365 hic
2091 1310 2309 1379 primun

2438 1300 2664 1357 ’Υπύθου
2690 1303 2799 1375 γὰρ
2822 1304 3107 1377 ἄνθρωπον
3129 1321 3143 1336 ο
3171 1304 3325 1370 οὗτος
3350 1304 3412 1358 τὸ
3434 1299 3572 1361 εἶναι
3610 1306 3821 1379 πρῶτον
3844 1310 4011 1381 ἔχων,

752 1402 920 1458 habet
950 1412 1008 1458 ut
1060 1403 1151 1468 sit,
1176 1402 1377 1459 deinde
1408 1405 1574 1459 habet
1622 1412 1682 1456 ut
1717 1404 1863 1458 vivat
1891 1412 1945 1459 et
2001 1404 2228 1470 sentiat,
2271 1412 2327 1459 et

750 1495 1133 1556 ratiocinetur:
1178 1505 1235 1552 et
1282 1505 1495 1554 mentea
1556 1496 1861 1554 invisibiles
1915 1498 2146 1569 primum
2201 1514 2325 1558 ease

750 1588 1166 1660 partieiparnqt,
1195 1596 1252 1642 et
1280 1587 1361 1643 sic
1390 1588 1557 1642 vitam
1580 1597 1636 1643 et
1667 1588 2009 1660 sapientiam.
2035 1588 2161 1645 litae
2192 1604 2324 1647 vero

747 1682 915 1738 etiam
971 1682 1268 1737 seettndum
1317 1684 1642 1753 conceptum
1682 1683 2115 1753 distinguuntur.
2168 1686 2324 1743 Sicut

749 1773 913 1845 igitur
941 1774 995 1827 in
1046 1775 1205 1829 nobis
1234 1775 1405 1846 prima
1464 1776 1687 1829 materia
1735 1775 2065 1847 concipitur,
2118 1792 2185 1832 ea
2213 1794 2321 1849 qua

746 1875 1083 1929 constamus,
1110 1869 1188 1923 slc
1230 1869 1398 1922 etiam
1431 1869 1484 1922 in
1524 1870 1797 1925 mentibus
1852 1870 2205 1939 incerporeis,
2236 1871 2321 1925 in-

745 1968 863 2014 star
894 1961 1157 2027 materiae,
1212 1963 1521 2032 concipitur
1573 1963 1862 2033 ipsummet
1908 1964 2197 2031 cujuslibet
2244 1965 2317 2020 rei

746 2064 865 2107 esse
894 2063 990 2119 per
1037 2050 1163 2106 vita:
1194 2054 1452 2122 speciem,
1482 2062 1536 2108 et
1561 2063 1834 2123 quatenus
1856 2054 1921 2107 ad
1951 2054 2117 2108 vitam
2150 2065 2204 2108 et
2224 2069 2317 2109 sa-

743 2139 1001 2209 pientiam
1050 2150 1106 2195 et
1138 2143 1205 2195 ad
1233 2142 1476 2197 divinam
1521 2144 1937 2199 similitudinem
1984 2146 2319 2200 substantia-

745 2240 859 2285 tunt
884 2241 990 2286 est.
1026 2231 1234 2287 Idcirco
1267 2233 1421 2301 dicit,
1450 2236 1595 2303 quod
1632 2234 1804 2303 ipsum
1842 2250 1937 2305 per
1978 2250 2037 2289 se
2074 2251 2193 2290 esse
2245 2236 2318 2292 sit

745 2325 1024 2394 antiquius
1050 2340 1213 2395 quam
1245 2339 1367 2381 esse
1401 2340 1497 2395 per
1522 2340 1583 2403 se
1609 2327 1774 2381 vitam
1805 2338 1861 2383 et
1899 2345 1995 2399 per
2019 2344 2078 2383 se
2100 2328 2316 2398 sapien~

746 2415 908 2478 tiam;
940 2432 1047 2472 non
1072 2418 1215 2486 quod
1262 2419 1316 2473 in
1352 2418 1463 2474 Deo
1506 2419 1578 2476 sit
1611 2418 1915 2475 istiusmodi
1954 2420 2171 2487 divisio,
2204 2424 2319 2479 sive

742 2506 1091 2577 simpliciter,
1121 2510 1241 2565 sive
1291 2525 1388 2579 per
1419 2521 1772 2581 conceptum,
1801 2514 1970 2580 absit;
2004 2514 2096 2571 sed
2124 2516 2189 2570 ab
2215 2518 2317 2572 hoc

743 2599 1122 2671 intelliguntur
1142 2601 1257 2657 haec
1286 2602 1338 2657 in
1363 2602 1430 2657 iis
1456 2604 1706 2659 omnibus
1730 2621 1848 2676 quae
1865 2623 1960 2677 per
1981 2609 2314 2665 creationem

742 2691 1003 2747 existunt.
1058 2688 1251 2748 Merito
1275 2694 1440 2764 igitur
1481 2711 1591 2765 pra:
1628 2700 1842 2753 czeteris
1876 2714 1996 2769 quae
2034 2702 2317 2759 existendo

744 2782 916 2839 Deum
984 2786 1332 2856 participant,
1387 2786 1529 2843 Deus
1591 2789 1819 2859 ipsemet
1876 2794 2314 2864 antiquissimum

744 2874 917 2940 ipsius
970 2877 1111 2931 cutis
1142 2878 1470 2949 principium
1523 2879 1866 2951 intelligitur.
1903 2870 2081 2951 Quare
2114 2902 2233 2956 qua:
2257 2891 2312 2944 in

740 2967 953 3023 eﬂectis
1008 2979 1135 3023 sunt
1177 2969 1405 3025 ascribit
1434 2987 1639 3039 causae,
1674 2974 1903 3045 ideoque
1938 2994 2061 3033 cum
2093 2979 2195 3035 hac
2232 2982 2314 3035 di-

739 3064 925 3117 ctione
950 3065 1106 3133 ponit
1137 3078 1198 3119 ea
1230 3080 1351 3134 qua:
1377 3066 1532 3135 ponit
1569 3076 1828 3137 tanquam
1857 3071 1922 3125 de
1972 3071 2078 3125 Deo
2117 3074 2257 3128 dicta
2294 3090 2310 3128 :

736 3153 886 3209 sicut
914 3155 1083 3209 etiam
1140 3156 1310 3225 ipsam
1369 3169 1467 3226 per
1506 3170 1565 3211 se
1616 3158 2023 3214 similitudinem
2057 3175 2161 3231 qua
2202 3162 2312 3220 Deo

739 3241 1115 3296 assituilantur
1149 3253 1364 3299 mentes
1400 3244 1501 3313 ipsi
1528 3245 1743 3312 vicinae,
1779 3249 1907 3317 quin
1939 3252 2119 3317 potius
2147 3250 2310 3307 etiam

737 3346 801 3386 ea
834 3348 956 3403 qua:
988 3335 1313 3405 participant
1342 3351 1408 3391 ea
1470 3352 1591 3407 qua:
1622 3350 1768 3403 sunt,
1804 3349 2031 3409 utesse,
2081 3345 2310 3409 moveri,

739 3427 1074 3493 ratiocinari,
1109 3437 1165 3483 et
1197 3430 1422 3485 similia.
1456 3434 1635 3501 Atque
1660 3434 1796 3498 haec,
1821 3434 1875 3489 in
1898 3444 2159 3505 quantum
2180 3447 2308 3494 sunt

2422 1395 2523 1467 ἢδη
2553 1395 2665 1468 ἔχει
2708 1398 2887 1452 καὶτὸ
2936 1399 3059 1470 ζῇν,
3097 1399 3190 1453 καὶ
3214 1399 3274 1452 τὸ
3300 1398 3671 1465 αἰσθάνεσθαι,
3700 1403 3789 1454 καὶ
3828 1403 3893 1455 τὸ
3920 1403 4009 1456 λο-

2421 1485 2672 1556 γίζεσθαι
2694 1503 2709 1520 ⁵
2738 1487 2835 1543 καὶ
2860 1490 2908 1543 oi
2936 1488 3157 1561 ἀόρατοι
3184 1490 3304 1555 νόες
3344 1489 3549 1562 πρῶτοι
3584 1492 3678 1547 τοῦ
3703 1489 3838 1548 εἶναι
3870 1513 4008 1567 μετ-

2420 1578 2596 1650 έσχον,
2624 1580 2720 1635 καὶ
2744 1580 2887 1635 οὔτω
2903 1581 3049 1653 ζωῆς
3076 1584 3169 1637 καὶ
3194 1583 3407 1653 σοφίας.
3434 1584 3616 1639 Ταῦτα
3645 1586 3702 1640 δὲ
3743 1589 3835 1641 καὶ
3881 1591 4007 1642 κατ’

2419 1671 2660 1727 tm
2688 1673 3019 1745 μερίζονται.
3053 1674 3263 1747 Ὠσπερ
3288 1675 3419 1745 γοῦν
3457 1678 3542 1746 ἐφ’
3570 1676 3725 1748 ἡμῶν
3753 1678 3947 1751 πρώτη
3972 1681 4005 1750 ἡ

2420 1762 2518 1836 ὕλη
2544 1765 2841 1819 ἐπινοεῖται
2869 1766 2962 1837 ἀφ’
2984 1762 3053 1839 ἧς
3076 1768 3266 1838 ἐσμεν,
3294 1766 3466 1834 οὕτως
3514 1770 3606 1823 hri.
3632 1770 3739 1823 τῶν
3778 1771 4006 1836 ἀσωμά-

2416 1872 2526 1910 των
2550 1856 2709 1921 νοῶν,
2738 1859 2899 1911 οἱονεὶ
2922 1857 3020 1930 ῦλη
3048 1862 3250 1913 νοεῖται
3297 1861 3429 1915 αὐτὸ
3470 1861 3531 1915 τὸ
3554 1859 3613 1915 ὃν
3657 1862 3889 1916 ἑκάστου
3917 1863 4003 1917 διά

2418 1945 2564 2019 ζωῆς
2586 1944 2745 2013 ἅδος,
2776 1951 2870 2003 atat
2898 1950 3029 2005 καθὸ
3054 1952 3312 2007 οὐσίωται
3339 1955 3419 2018 είς
3446 1951 3612 2025 ζωὴν,
3641 1955 3735 2007 καὶ
3785 1954 3999 2023 σοφίαν,

2416 2041 2510 2094 καὶ
2532 2041 2631 2112 τὴν
2657 2042 2793 2113 πρὸς
2818 2044 2880 2097 τὸ
2902 2044 3058 2098 Θετον
3084 2045 3397 2118 ὁμοιότητα.
3422 2046 3521 2101 Διὰ
3542 2045 3698 2100 τοῦτο
3722 2046 3892 2115 λέγει,
3921 2049 4000 2101 ὅτι

2420 2132 2513 2185 καὶ
2536 2134 2655 2186 κατ’
2682 2134 2813 2188 αὐτὸ
2838 2137 2899 2189 τὸ
2924 2133 3063 2191 εἶναι
3093 2139 3458 2209 πρεσϐύτερόν
3485 2142 3597 2193 ἐστι
3623 2141 3684 2192 τὸ
3718 2140 4002 2211 αὑτοζωὴν

2420 2219 2670 2279 εἶναικαὶ
2692 2227 3043 2297 αὐτοσοφίαν,
3071 2231 3170 2303 οὐχ
3193 2233 3273 2285 ὅτι
3299 2234 3394 2286 ἐπὶ
3421 2232 3555 2286 Θεοῦ
3581 2236 3607 2286 6
3628 2233 3869 2297 τοιοῦτός
3888 2235 4001 2287 ἐστι

2421 2317 2713 2387 μερισμὸς,
2743 2318 2775 2390 ἢ
2802 2320 3063 2392 ἁπλῶς,ἢ
3090 2324 3209 2375 κατ’
3234 2324 3494 2388 ἐπίνοιαν,
3523 2323 3720 2392 ἄπαγε,
3753 2323 3870 2376 ἀλλ’
3898 2324 4002 2377 ἀπὸ

2416 2409 2630 2477 τούτου,
2659 2412 2751 2465 ἐπὶ
2783 2412 2890 2465 τῶν
2918 2414 2977 2479 ἐξ
3004 2415 3167 2469 αὑτοῦ
3195 2416 3600 2488 δημιουργικῶς
3648 2417 4001 2471 ὑποστάντων

2418 2498 2694 2567 ἁπάντων,
2717 2504 2889 2557 ταῦτα
2918 2506 3182 2561 νοοῦνται.
3214 2508 3451 2572 Εἰκότως
3478 2503 3570 2562 οὖν
3618 2509 3725 2579 πρὸ
3754 2509 3861 2562 τῶν
3912 2511 4000 2565 άλ-

2419 2589 2526 2645 λων
2550 2586 2625 2649 ὧν
2659 2596 2875 2667 μετέχει
2897 2596 2965 2651 τὰ
3011 2598 3140 2651 ὄντα
3190 2598 3284 2652 τοῦ
3311 2598 3468 2663 Θεοῦ,
3518 2602 3871 2675 πρεσϐυτέρα
3918 2621 3998 2668 τις

2417 2686 2559 2759 ἁρχὴ
2603 2690 2635 2759 ἡ
2679 2688 2773 2743 τοῦ
2801 2686 2938 2744 εἶναι
2967 2693 3262 2746 ἐπινοεῖται
3299 2693 3462 2757 αὐτὸς
3505 2694 3531 2745 6
3579 2694 3727 2757 Θεὸς.
3760 2696 3840 2747 Τὰ
3870 2696 3999 2764 γοῦν

2414 2782 2528 2843 1τοῖς
2552 2784 2816 2847 αίτιατοῖς
2844 2783 3055 2837 ὲπινοοιε
3067 2802 3202 2856 μενα
3228 2785 3305 2856 τῷ
3333 2787 3491 2857 αἰτίῳ
3536 2787 3863 2857 προσάπτει,
3911 2790 3996 2843 διὰ

2414 2869 2574 2924 τοῦτο
2598 2872 2691 2925 καὶ
2722 2874 2858 2944 μετὰ
2884 2874 2983 2945 τῆς
3006 2876 3175 2946 αὐτῆς
3198 2875 3394 2943 λέξεως
3418 2877 3631 2948 τίθησιν
3660 2879 3760 2931 ὅσα
3781 2880 3996 2953 τίθησιν

2415 2963 2491 3027 ὡς
2516 2964 2607 3017 ent
2629 2964 2763 3017 Θεοῦ
2791 2965 3057 3038 λεγόμενα
3079 2985 3093 2998 ·
3119 2967 3267 3022 ὥσπε
3277 2987 3306 3041 ρ
3332 2970 3425 3023 καὶ
3447 2969 3545 3041 τὴν
3572 2972 3996 3044 αὑτοομοιὰτητα

2416 3054 2536 3109 καθ’
2562 3055 2628 3126 ἢν
2661 3056 2753 3128 τῷ
2768 3057 2885 3127 Θεῷ
2913 3059 3223 3129 ὁμοιοῦνται
3260 3063 3306 3115 oi
3339 3065 3621 3133 προσεχεῖς
3667 3064 3816 3133 αὐτῷ
3852 3066 3992 3131 vdae,

2417 3148 2615 3220 μᾶλλον
2655 3149 2709 3202 δὲ
2743 3150 2837 3203 καὶ
2886 3150 3077 3215 ταῦτα,
3114 3148 3188 3205 ὧν
3221 3152 3287 3206 τὰ
3332 3154 3460 3207 ὄντα
3494 3155 3732 3226 μετέχει,
3763 3158 3825 3210 τὸ
3853 3154 3994 3213 εἶναι

2410 3238 2628 3311 δηλαδὴ,
2659 3240 2720 3293 τὸ
2744 3242 3032 3305 κινεῖσθαι,
3056 3242 3117 3295 τὸ
3136 3241 3466 3312 λογίζεσθαι,
3501 3247 3593 3298 καὶ
3635 3247 3702 3299 τὰ
3744 3249 3990 3303 τοιαῦτα.

2410 3336 2521 3390 Καὶ
2545 3336 2736 3402 ταῦτα,
2780 3337 2915 3390 καθό
2943 3340 3049 3391 εἱσι
3074 3337 3167 3391 καὶ
3193 3337 3467 3407 φαίνονται
3508 3341 3567 3392 ὲν
3597 3342 3709 3404 τοῖς
3763 3337 3905 3403 οὖσι,
3934 3342 3990 3395 τὸ

2410 3427 2540 3480 αὐτὸ
2570 3422 2709 3481 εἶναι
2748 3426 2983 3498 μετέχει,
3012 3428 3085 3492 ὠς
3133 3427 3191 3493 ἐξ
3234 3428 3443 3481 ἐκείνου
3497 3428 3591 3482 καὶ
3627 3428 3766 3483 αὐτὰ
3813 3427 3985 3484 εἶναι·

736 3524 793 3571 ct
822 3510 1090 3586 apparent
1122 3521 1174 3574 in
1211 3521 1393 3587 rebus,
1456 3523 1631 3592 ipsum
1684 3540 1803 3580 esse
1849 3528 2197 3597 participant,
2234 3530 2305 3584 ita

2411 3519 2502 3572 καὶ
2524 3516 2677 3571 οὐδέν
2701 3520 2848 3571 ἐστιν
2888 3517 2968 3582 ὃν,
3013 3518 3117 3571 κᾶν
3162 3518 3540 3580 ὲνυπόστατυν,
3586 3519 3689 3571 κᾶν
3735 3522 3795 3573 ὲν
3847 3521 3989 3592 ἄλλῳ

738 3617 800 3663 ιιι
834 3624 897 3664 ex
929 3624 996 3664 eo
1022 3612 1187 3666 etiam
1221 3612 1338 3682 ipsa
1388 3615 1534 3683 sint;
1572 3625 1628 3671 et
1657 3617 1861 3673 nullum
1890 3630 1974 3674 est
1997 3636 2115 3686 ens,
2140 3637 2309 3691 quan-

734 3703 937 3757 tumvis
971 3703 1295 3771 subsistens,
1338 3706 1421 3761 vel
1454 3709 1508 3762 in
1551 3707 1722 3765 altero
1751 3712 2153 3768 consideratum
2207 3716 2309 3786 (si-

734 3795 955 3865 quidem
981 3807 1142 3852 ettam
1168 3800 1311 3853 entia
1339 3814 1435 3870 per
1464 3800 1717 3857 accidens
1744 3814 1875 3859 sunt
1900 3819 2025 3874 qua:
2053 3806 2106 3861 in
2134 3806 2307 3863 altero

733 3889 1179 3961 considerantur)
1210 3892 1368 3961 cujus
1392 3895 1629 3948 essentia
1657 3910 1763 3950 non
1802 3899 1874 3951 sit
1897 3898 2184 3967 ipsummet
2212 3915 2307 3969 per

733 3996 794 4036 se
816 3996 937 4038 esse
968 3982 1084 4038 Dei.
1108 3984 1333 4041 Cazteris
1360 3988 1628 4051 omnibus,
1651 3990 1781 4057 vita,
1816 3991 2059 4061 inquam,
2085 3995 2306 4063 sapien-

734 4073 833 4143 tia,
870 4076 1136 4143 bonitate,
1188 4077 1552 4147 antiquiorem
1595 4080 1801 4137 habens
1861 4082 2001 4137 Deus
2058 4086 2127 4138 ab
2187 4087 2305 4156 ipso

730 4186 859 4227 esse
892 4172 1387 4231 denoutinationem
1412 4188 1575 4244 quam
1600 4176 1703 4231 sibi
1736 4176 1837 4245 ipsi
1872 4177 2038 4243 dedit,
2071 4178 2299 4234 dicens:

732 4260 847 4333 Ego
884 4278 996 4316 sum
1031 4264 1121 4334 qui
1140 4280 1257 4319 sum
1286 4278 1348 4331 ll;
1387 4267 1618 4335 primum
1659 4267 1905 4322 laudatur
1951 4268 2018 4322 ab
2067 4284 2131 4325 eo
2161 4270 2303 4339 quod

731 4356 841 4412 sint
876 4372 986 4423 res,
1016 4358 1157 4427 quod
1192 4358 1297 4413 hoc
1340 4359 1410 4414 sit
1466 4359 1906 4428 antiquissimum
1936 4361 2050 4430 ejus
2080 4365 2299 4418 donum.

732 4450 978 4505 Diximus
1008 4452 1173 4516 enim,
1208 4467 1335 4507 esse
1360 4453 1584 4522 quidem
1616 4454 1731 4519 Dei,
1760 4454 1901 4523 quod
1925 4456 2199 4524 antiquius
2220 4469 2304 4513 est

730 4543 869 4611 vita,
918 4546 1217 4614 sapientia,
1262 4544 1531 4609 bonitate,
1586 4547 2133 4618 ittcomprebensibile
2184 4552 2303 4605 exi-

730 4646 894 4693 stere.
923 4638 1001 4692 Ex
1034 4654 1097 4693 eo
1122 4652 1301 4693 autem
1330 4643 1473 4709 quod
1503 4642 1613 4695 sint
1655 4642 1861 4706 omnia,
1898 4644 2298 4711 concludimus,

732 4740 990 4800 tanquam
1024 4748 1089 4787 ex
1118 4733 1352 4801 effectis,
1392 4750 1607 4788 causam
1658 4751 1783 4789 esse
1835 4736 2027 4802 Deum,
2056 4739 2299 4808 quinimo

733 4826 1108 4893 prazcxistere,
1140 4839 1194 4879 et
1220 4827 1647 4895 superexistere.
1675 4827 1791 4884 Nisi
1812 4832 1955 4885 enim
1985 4830 2300 4901 prwexiste-

2414 3609 2804 3681 Θεωρούμενον,
2838 3610 2987 3680 (ὄντα
3013 3610 3121 3681 γὰρ
3140 3610 3231 3663 καὶ
3260 3608 3327 3662 τὰ
3348 3608 3729 3680 συμϐεϐηκότα
3752 3610 3897 3681 ἅπερ
3932 3614 3987 3664 ὲν

2408 3705 2551 3777 ἄλλῳ
2568 3706 2895 3777 θεωροῦνται
2986 3702 3049 3777 οῦ
3075 3704 3151 3779 μὴ
3174 3706 3319 3759 ἐστιν
3344 3706 3568 3768 ὅντωσις
3591 3706 3721 3759 αὐτὸ
3738 3706 3803 3778 δὴ
3814 3708 3876 3759 τὸ
3895 3708 3985 3761 τοῦ

2408 3796 2541 3849 Θεοῦ
2558 3798 3078 3851 αὑτοεῖναι.Πάντων
3095 3796 3204 3850 τῶν
3222 3797 3414 3862 ἄλλων,
3432 3797 3531 3866 τῆς
3546 3797 3689 3865 ζωῆς
3707 3816 3871 3869 φημι,
3890 3800 3983 3868 τῆς

2409 3889 2621 3957 σοφίας,
2657 3888 2755 3959 τῆς
2785 3887 3138 3958 ἁγαθότητος,
3167 3885 3619 3958 ἀρχηγικωτέραν
3647 3886 3785 3956 ἔχων
3807 3888 3834 3938 6
3856 3886 3981 3951 Θεὸς

2404 3979 2504 4051 τὴν
2560 3979 2649 4033 τοῦ
2697 3978 2836 4032 εἶναι
2885 3978 3203 4051 ὀνομασίαν,
3244 3980 3309 4050 ἢν
3354 3978 3528 4049 ἑαυτῷ
3585 3977 3736 4030 ἔθετο
3794 3976 3979 4041 είπὼν,

2420 4071 2557 4141 Ἐγώ
2585 4068 2700 4143 εἶμι
2736 4073 2764 4124 6
2809 4070 2904 4137 ὢν,
2949 4068 3180 4143 πρώτως
3212 4072 3461 4141 ὑμνεῖται
3491 4070 3556 4123 ἐκ
3602 4070 3697 4123 τοῦ
3749 4066 3886 4123 εἶναι
3916 4070 3979 4123 tit

2410 4166 2561 4231 ὄντα,
2598 4167 2735 4237 ὅπερ
2757 4166 2874 4218 ἐστὶ
2898 4166 2993 4219 καὶ
3016 4163 3381 4236 πρεσϐύτερον
3403 4162 3512 4216 τῶν
3548 4162 3711 4215 αὑτοῦ
3743 4162 3973 4235 δωρεῶν.

2404 4259 2645 4329 Εἴπομεν
2673 4258 2911 4329 γὰρ,ὄτι
2943 4257 3003 4310 τὸ
3040 4257 3139 4327 μὲν
3176 4252 3313 4309 εἶναι
3350 4254 3441 4309 τοῦ
3490 4254 3650 4319 Θεοῦ,
3678 4254 3706 4307 ὃ
3761 4255 3975 4324 ἀρχηγι-

2404 4348 2642 4422 κὼτερον
2697 4350 2776 4402 ἔνι
2842 4348 2978 4418 πρὸς
3031 4347 3129 4419 τὴν
3190 4346 3357 4419 ζωὴν,
3412 4346 3549 4414 πρὸς
3604 4346 3701 4417 τὴν
3766 4345 3970 4413 σοφίαν,

2404 4451 2539 4521 πρὸς
2583 4450 2682 4521 τὴν
2735 4450 3066 4521 ὰγαθότητα,
3115 4448 3491 4519 ἀκατανόητὸνν
3530 4450 3697 4501 ἐστιν.
3767 4450 3858 4501 Ἐκ
3918 4447 3970 4500 δὲ

2399 4542 2493 4595 τοῦ
2548 4538 2687 4597 εἶναι
2726 4544 2793 4596 τὰ
2854 4543 3031 4595 πάντα
3078 4542 3399 4612 συνάγομεν.
3462 4540 3538 4605 ὡς
3584 4541 3641 4607 ἐξ
3698 4540 3966 4601 αἱτιατῶν,

2398 4643 2461 4699 τὸ
2491 4646 2662 4699 αἴτιον
2695 4648 2776 4699 ὅτι
2808 4646 2925 4699 ἔστι
2954 4645 3103 4709 Θεὸς,
3136 4644 3268 4697 ἀλλὰ
3298 4644 3391 4697 καὶ
3430 4644 3655 4714 πρόεστι
3694 4643 3789 4695 καί
3812 4642 3965 4711 ὑπέρ-

2400 4752 2571 4791 εστιν.
2616 4739 2680 4791 Ei
2722 4737 2795 4808 μὴ
2838 4737 2946 4809 γὰρ
2988 4737 3181 4809 προῆν,
3213 4736 3314 4788 οὐκ
3350 4735 3414 4788 ἂν
3462 4734 3661 4803 ὑφίστα
3692 4734 3759 4785 τὰ
3808 4734 3962 4785 ὅντα·

2401 4834 2449 4883 εἰ
2486 4831 2542 4884 δὲ
2583 4831 2681 4901 οὐχ
2703 4830 2931 4901 ὑπερῆν,
2964 4830 3064 4883 οὐκ
3102 4830 3167 4883 ἂν
3208 4827 3433 4900 τοιαύτῃ
3483 4826 3706 4895 δυνάμει
3757 4824 3963 4895 ἐχρῆτο.

732 4926 837 4981 ret,
866 4920 1087 4972 minime
1117 4920 1485 4974 subsisterent
1515 4919 1605 4973 illa
1636 4935 1759 4990 qua:
1784 4933 1940 4989 sunt,
1966 4924 2010 4978 si
2043 4938 2169 4980 vero
2190 4939 2297 4978 non

2410 4919 2617 4987 Οὗτοςὸ
2666 4923 2797 4987 Θεὸς
2840 4924 2898 4977 ἐν
2942 4921 3090 4992 αὑτῷ
3116 4920 3193 4991 τῷ
3220 4916 3358 4974 εἶναι
3387 4918 3465 4990 τῷ
3520 4917 3837 4989 προορισμῷ
3877 4917 3965 4985 τῆς

730 5011 1181 5078 δυβετελὶειρι-ει,
1255 5014 1679 5082 haudquaquam
1747 5014 1837 5070 ta'ti
1905 5016 2107 5071 virtute
2168 5030 2299 5071 usus

731 5100 945 5157 fuisset.
980 5103 1077 5158 Hic
1106 5103 1246 5159 Deus
1280 5103 1334 5159 in
1371 5107 1803 5175 praedelinitione
1825 5108 1997 5179 ipsius
2028 5122 2149 5162 esse
2180 5124 2299 5177 pro.

732 5200 863 5271 prie
887 5201 1217 5272 cognitionis
1250 5203 1546 5258 universim
1584 5204 1769 5258 omnia
1794 5204 2096 5258 subsistere
2127 5203 2256 5256 fecit
2282 5220 2295 5257 :

728 5298 1025 5353 secundum
1051 5300 1285 5371 primum
1311 5300 1453 5353 enim
1484 5308 1807 5367 conceptum
1842 5314 1994 5355 mens
2020 5298 2181 5371 M3
2206 5314 2298 5368 ap-

731 5393 1019 5461 prehendit
1071 5392 1248 5462 ipsum
1298 5407 1424 5449 esse
1448 5403 1508 5447 et
1532 5393 1613 5447 sic
1646 5392 1831 5463 aliquo
1859 5393 2019 5447 modo
2067 5409 2153 5446 res
2177 5406 2298 5447 esse

728 5487 987 5556 concipit.
1027 5486 1214 5556 Itaque
1240 5486 1562 5556 simpliciter
1591 5502 1737 5553 esse,
1775 5501 1880 5539 non
1926 5486 2109 5555 aliquo
2140 5486 2297 5540 modo

728 5591 849 5633 esse
910 5580 1237 5647 signiﬁcavit
1280 5598 1403 5634 cum
1450 5580 1605 5646 dixit,
1668 5594 1765 5650 per
1810 5594 1868 5634 se
1914 5594 2063 5644 esse;
2119 5580 2194 5634 uti
2243 5588 2297 5634 et

727 5668 1007 5741 deinceps,
1040 5688 1159 5727 cum
1207 5674 1377 5743 ipsam
1409 5686 1506 5741 per
1537 5687 1594 5726 se
1626 5672 1816 5736 vitam,
1872 5671 2041 5743 ipsam
2094 5686 2189 5744 per
2236 5685 2297 5727 se

794 5836 815 5861 ν
859 5832 999 5889 Psal.
1036 5849 1225 5899 Lxxnl,
1258 5834 1341 5888 l2.
1425 5847 1450 5873 ι
1484 5832 1653 5889 Exod.
1685 5846 1766 5897 III,
1820 5831 1903 5886 H.

2402 5017 2607 5079 οἰκείας
2645 5014 2898 5084 γνώσεως
2945 5014 3397 5085 προῦπεστήσατο
3438 5012 3499 5064 τὸ
3540 5012 3678 5072 ὅλως
3725 5004 3865 5061 εἶναι
3905 5008 3963 5059 τὰ

2404 5110 2579 5164 πάντα
2598 5126 2611 5139 θ
2650 5109 2798 5179 αὐτῷ
2822 5110 2930 5179 γὰρ
2951 5107 3028 5178 τῷ
3063 5103 3219 5169 εἶναι,
3247 5108 3387 5159 κατὰ
3418 5104 3641 5175 πρώτην
3675 5100 3964 5173 προσϐολὴν

2402 5202 2679 5257 ἐπιϐάλλει
2701 5203 2731 5255 6
2764 5202 2907 5265 νοῦς,
2938 5196 3036 5254 εἷθ’
3064 5200 3236 5263 οὕτως
3264 5199 3323 5252 τὸ
3353 5196 3600 5251 ὁπωσοῦν
3654 5194 3792 5249 αὐτὰ
3838 5190 3962 5247 εἶναι

2402 5297 2612 5368 Θεωρεῐ.
2650 5296 2724 5349 Τὸ
2743 5292 2835 5349 οὖν
2866 5294 3053 5357 ἁπλῶς
3082 5292 3241 5356 εἶναι,
3271 5291 3330 5344 οὐ
3362 5292 3424 5344 τὸ
3455 5290 3572 5353 πῶς
3619 5284 3758 5341 εἶναι
3782 5287 3960 5359 ἐδήλω-

2399 5405 2509 5450 σεν,
2543 5386 2714 5440 εἰπὼν
2753 5385 2873 5439 καθ’
2904 5386 3029 5439 αὐτὸ
3077 5380 3212 5437 εἶναι
3239 5399 3252 5412 ·
3314 5381 3503 5452 ὥσπερ
3556 5380 3649 5433 xui.
3703 5379 3830 5449 ἑξῆς
3874 5377 3959 5447 τὴν

2396 5478 2671 5550 αὑτοζωὴν
2727 5482 2827 5551 τὴν
2874 5477 3320 5549 αὐτοομοιότητα,
3372 5474 3464 5528 καὶ
3511 5472 3577 5526 τὰ
3637 5472 3733 5523 σὺν
3792 5471 3958 5532 αὐτοῖς

2397 5571 2583 5636 εἰπὼν,
2610 5572 2669 5623 τὸ
2697 5571 2832 5635 ὅλως
2854 5565 2990 5625 εἶναι
3016 5570 3160 5641 ζωὴν
3196 5570 3298 5631 ,καὶ
3322 5567 3505 5630 άπλῶς
3528 5565 3589 5618 τὸ
3618 5564 3736 5636 ζῇν,
3769 5564 3883 5635 οὐχὶ
3903 5561 3957 5632 δὴ

2396 5674 2493 5743 τὴν
2534 5671 2740 5727 τοιάνδε
2789 5671 2935 5743 ζωὴν
2978 5673 3325 5742 εἰσηγήσατο.
3385 5668 3595 5739 Ὥσπερ
3625 5666 3801 5722 τοίνυν
3829 5664 3956 5733 λόγῳ
