4156 6312
192 463 291 521 διι

765 455 850 512 DE
887 454 1142 512 DIVINIS
1174 451 1573 518 NOMINIBUS,
1608 445 1763 508 CAP.
1804 450 1846 506 γ
1905 481 1975 492 -
2008 448 2358 505 PARAPHR.
2396 447 2868 508 PACHYMERE.

3329 451 3436 506 86‘!

191 579 300 634 τινὶ
325 575 419 631 ἐπὶ
439 574 548 628 τῶν
568 572 689 630 καθ’
719 574 865 646 ἡμᾶς
885 575 1204 642 ποιοτήτων,
1235 571 1402 640 ῆγουν
1438 568 1536 640 τῆς
1577 566 1762 621 λευκό-

1867 564 2278 620 similitudinem
2308 572 2365 620 et
2411 574 2611 624 cetera
2652 564 2810 629 dixit,
2840 563 3064 619 omnino
3091 563 3259 618 vitam
3282 578 3432 634 esse,

189 687 374 742 τητος,
409 668 512 739 τῆς
555 665 834 738 μελανίας,
866 663 1036 750 οἱονεὶ
1058 662 1272 734 πρῶτόν
1319 679 1439 716 τινα
1489 659 1766 715 αὑτοποιό-

189 778 331 834 τητα
364 759 614 831 νοοῦμεν,
647 758 814 828 ῆγουν
838 754 1156 827 λευκότητα,
1187 754 1349 826 ἦν’δὴ
1371 752 1768 826 συμὸαίνουσαν

188 855 306 918 eoi;
335 854 734 924 ὑποκειμένοις,
764 851 860 904 καὶ
890 847 1174 920 φαίνεσθαι
1227 849 1322 902 καὶ
1368 848 1534 918 δρᾷνο
1573 842 1686 899 οἷον
1733 847 1766 916 ἡ

189 943 616 1019 αὑτοασώματος
644 943 927 1013 λευκότης,
968 939 1326 1011 ἐπιγενομένη
1381 938 1617 1010 σώματι,
1649 927 1774 992 λευα.

189 1037 368 1090 καίνει
393 1036 573 1101 τοῦτο,
603 1025 745 1091 οὕτω
774 1052 863 1107 μοι
898 1034 1036 1102 νόει,
1054 1032 1192 1104 πλὴν
1212 1031 1511 1101 ἀναλόγως,
1543 1031 1638 1087 καὶ
1676 1033 1772 1086 ἐπὶ

188 1126 300 1180 τῶν
339 1127 560 1199 δωρεῶν
587 1128 698 1180 τῶν
745 1125 924 1190 ὑείων,
972 1125 1072 1196 τῆς
1101 1125 1267 1196 ζωῆς,
1298 1124 1400 1194 τῆς
1448 1123 1659 1194 σοφίας,
1702 1124 1768 1188 ἃς

188 1217 448 1274 ἐκάλεσεν
471 1215 645 1288 ἀρχὰς
671 1214 788 1271 τῶν.
807 1209 995 1294 ὄντων.
1030 1215 1142 1286 Τῆς
1181 1215 1453 1287 ημετέρας
1480 1214 1589 1286 γὰρ
1623 1213 1768 1285 ζωῆς

189 1305 336 1380 ἁρχὴ
369 1309 466 1363 καὶ
487 1307 817 1380 δημιουργὸς
920 1304 1189 1377 αὐτοζωὴ,
1225 1306 1318 1360 καὶ
1363 1305 1462 1376 τῆς
1495 1302 1686 1373 σοφίας
1733 1307 1766 1377 ἠ

187 1401 506 1471 αὑτοσοερία.
538 1396 706 1456 Αὗται
726 1396 819 1454 οὖν
852 1399 1067 1472 πρῶτον
1092 1393 1766 1462 ἐπινοοῦνταιηοῦσαι,ιεῐθ’

185 1497 364 1562 οὕτως
387 1497 495 1551 είσὶ
515 1497 610 1552 καὶ⁵
636 1497 802 1568 ἀρχαὶ
829 1494 936 1549 τῶν
976 1494 1213 1560 ζώντων,
1244 1496 1278 1566 ἡ
1300 1493 1547 1565 αὑτοξωὴ
1569 1496 1602 1566 ἡ
1624 1494 1764 1558 θεία,

187 1590 358 1661 φημὶ,
376 1591 482 1643 ,καὶ
514 1590 572 1647 ὲν
600 1588 678 1659 τῷ
705 1583 822 1658 Θεῷ
843 1587 977 1658 ζωή.
1014 1581 1205 1660 Τίθησι
1229 1587 1291 1645 ’δὲ
1319 1587 1381 1640 τὸ
1417 1587 1497 1652 ὡς
1518 1583 1763 1650 ζώντων,

183 1680 272 1733 ὅτι
300 1679 458 1750 πάλιν
483 1680 559 1743 ὡς
581 1679 748 1742 ὄντων
777 1677 838 1730 τὸ
865 1677 995 1731 αὐτὸ
1025 1676 1084 1730 δν
1105 1695 1117 1707 ο
1143 1677 1238 1746 καὶ¹
1263 1675 1340 1741 ὡς
1371 1675 1548 1744 σοφῶν
1574 1674 1765 1738 ὄντων,

186 1773 223 1841 ἡ
255 1772 551 1841 αὐτοσοφία
569 1771 712 1842 ἀρχή
737 1771 875 1832 ἐστι,
893 1769 988 1822 καὶ
1016 1767 1127 1821 τῶν
1143 1768 1366 1840 ὁμοίων.
1395 1765 1636 1836 Εἴπομεν
1657 1765 1768 1838 γὰρ

1869 665 1927 712 et
1959 655 2282 724 simpliciter
2307 656 2518 723 vivere,
2577 647 3082 727 nequaquamv'ero
3133 655 3436 716 istiusmodi

1875 747 2037 801 vitam
2067 747 2382 818 explicavit.
2413 741 2567 802 Sicut
2600 745 2767 819 igitur
2788 739 2968 816 aliqua
2991 748 3205 802 ratione
3234 746 3288 801 in
3304 762 3440 817 qua-

1869 839 2114 908 litatibus
2142 823 2578 904 nostratibus-xv.
2607 856 2660 910 ε.
2690 837 2962 910 albedine,
2993 839 3296 910 nigredine,
3327 840 3420 907 pri-

1871 919 2016 986 mum
2049 933 2212 1001 .quasi
2274 947 2470 1004 perae
2509 921 2837 1001 qualitatem
2887 929 3126 1000 aliquam
3185 930 3435 1001 concipi-

1871 1039 2011 1090 mus,
2056 1017 2344 1094 ipsammet
2389 1023 2606 1095 scilicet
2665 1023 2974 1078 albcdinem
3027 1036 3127 1093 per
3183 1011 3438 1078 accidens

1870 1113 2128 1184 subjectis
2157 1115 2568 1182 advenientem,
2613 1123 2670 1169 et
2693 1111 2975 1185 apparere,
3017 1122 3071 1168 et
3091 1114 3344 1184 operari;
3377 1108 3438 1168 ut

1869 1220 1992 1262 cum
2021 1205 2212 1262 albedo
2232 1220 2333 1276 per
2370 1221 2429 1262 se
2458 1207 2782 1278 incorporea
2806 1206 2852 1240 ⁸⁸
2889 1208 3105 1276 corpori
3137 1207 3436 1262 adveniens

1871 1297 2000 1353 illud
2058 1283 2293 1364 dealbat,
2339 1301 2410 1353 ita
2469 1300 2694 1370 concipe
2753 1300 2887 1378 haec,
2930 1300 3034 1359 sed.
3081 1299 3437 1370 proportione

1872 1391 2530 1459 munerumdivinorum,
2571 1393 2716 1457 vitae,
2761 1378 3063 1475 sapientim,
3093 1391 3214 1461 (ιιιαέ
3255 1407 3436 1446 rerum

1869 1483 2137 1554 principia
2188 1483 2499 1554 appellavit.
2543 1481 2758 1539 Nostra:
2777 1485 2924 1546 enim
2956 1483 3077 1538 vitae
3106 1478 3447 1560 principium.

1870 1585 1922 1632 et
1963 1583 2153 1632 auctor
2188 1563 2429 1648 estiipsa
2471 1593 2566 1647 per
2604 1592 2664 1633 se
2705 1575 2838 1643 vita,
2877 1589 2934 1632 et
2987 1577 3270 1646 sapientia:
3322 1577 3437 1648 ipsa

1873 1683 1969 1739 per
2022 1686 2081 1726 se
2119 1672 2410 1741 sapientia.
2443 1670 2570 1727 Haec
2605 1670 2792 1742 itaque
2845 1672 3078 1742 primum
3120 1671 3436 1739 concipiun-

1871 1763 2277 1834 tur-exsistere,
2312 1779 2377 1819 ac
2409 1764 2604 1820 deinde
2643 1764 2723 1819 sic
2759 1763 3028 1820 exsistere
3048 1763 3311 1835 principia
3353 1764 3435 1816 vi-

185 1870 282 1921 καὶ
323 1868 534 1939 πρώην,
567 1868 648 1920 ὅτι
673 1867 996 1938 ὁμοιότητας
1023 1863 1172 1933 λέγει
1209 1864 1332 1918 καθ’
1356 1864 1422 1928 ἃς
1451 1862 1762 1934 μετέχουσιν

1870 1857 2306 1926 venturum-ipsa,
2349 1846 2590 1926 inquam,
2620 1857 2802 1911 divina
2845 1871 2942 1926 per
2970 1872 3028 1912 se
3061 1857 3192 1923 vita,
3223 1865 3277 1910 et
3315 1871 3438 1927 qua:

183 1961 236 2014 οί
259 1921 392 2014 θεῖοι
554 1958 650 2012 τοῦ
671 1921 1072 2016 ὁεοῦλνἸζούτων
1098 1921 1202 2011 ὀὖν
1240 1955 1350 2010 τῶν
1379 1921 1762 2028 όνμοίωνῇάιρχὴ

1869 1952 1920 2004 in
1986 1952 2117 2021 Deo,
2170 1921 2253 2005 eSt
2321 1921 2451 2003 mal
2509 1952 2744 2020 Apponit
2798 1921 2981 2006 autem
3047 1921 3302 2023 quatenus
3335 1921 3437 2004 ὐἰ-

185 2053 220 2123 ὴ
267 2052 670 2123 αύτοομοιότης,
711 2051 778 2123 ἢν
823 2051 946 2105 καθ’
980 2050 1138 2103 ἑαυτὸ
1165 2048 1226 2102 τὸ
1256 2047 1409 2102 Θετον
1452 2047 1642 2118 αὐχεῖ·
1669 2045 1762 2099 καὶ

1866 2052 2019 2110 sunt,
2078 2045 2219 2099 sicut
2278 2044 2441 2098 etiam
2511 2058 2608 2098 ens
2674 2058 2769 2112 per
2834 2059 2913 2108 se,
2977 2054 3432 2121 quatenuspsunt,

180 2143 295 2196 τῶν
352 2144 667 2216 ἡνωμένων,
728 2143 966 2215 δηλονότι
1025 2141 1132 2194 τῶν
1194 2139 1639 2213 περιωρισμένων
1694 2140 1760 2210 τῇ

1866 2146 1920 2192 et
1959 2145 2232 2207 quatenus
2274 2137 2518 2206 sapiunt,
2575 2137 2692 2206 ipsa
2732 2152 2826 2206 per
2873 2150 2931 2192 se
2987 2136 3249 2206 sapientia
3290 2138 3436 2208 prin-

184 2232 363 2303 οίκείᾳ
402 2233 587 2303 φύσει,
635 2235 728 2288 καὶ
773 2235 847 2306 μὴ
900 2232 1344 2305 ἐσκεδασμένων·
1370 2233 1606 2286 ἕκαστον
1654 2230 1764 2301 γὰρ

184 2321 298 2392 τῶν
323 2322 494 2377 ὄντων
543 2326 685 2379 κατὰ
716 2342 838 2379 τινα
864 2324 1061 2378 ἐνιαίον
1085 2321 1444 2395 περιορισμὸν
1467 2319 1560 2374 καὶ
1585 2317 1762 2389 ἑαυτῷ

182 2417 462 2488 ἡνωμένον
497 2418 827 2472 συνίσταται.
861 2413 1222 2477 Τούτωνηοῦν
1251 2416 1413 2470 πάλιν
1452 2416 1593 2487 ἁρχὴ
1626 2418 1659 2487 ἡ
1705 2417 1762 2468 ἐν

179 2509 262 2580 τῷ
291 2506 409 2579 Θεῷ
435 2509 756 2580 αὑτοενότης
775 2526 788 2538 ⁸
818 2511 912 2564 καὶ
950 2510 1058 2563 τῶν
1086 2500 1258 2565 ἄλλων
1291 2511 1390 2564 ὅσα
1425 2509 1582 2581 ῆτῆς
1617 2507 1762 2581 ζωῆς

184 2596 558 2671 μετέχοντα,ἥ
587 2601 686 2670 τῆς
719 2599 991 2667 γνώσεως,
1025 2601 1058 2671 ἢ
1090 2601 1182 2654 καὶ
1210 2599 1552 2672 ἀμφοτέρων,
1585 2597 1762 2663 ζῶντά

179 2695 343 2758 εἰσιν,
376 2694 410 2764 ἢ
445 2693 604 2768 σοφὰ,
632 2695 664 2766 ἢ
692 2696 784 2749 καὶ
803 2695 1107 2768 ἀμφότερα,
1133 2694 1166 2766 ἢ
1188 2696 1282 2748 καὶ
1312 2692 1554 2758 πλείονα,
1575 2693 1608 2765 ἢ
1632 2692 1762 2762 γοῦν

180 2787 279 2838 καὶ
317 2784 466 2851 ὄντα,
492 2787 585 2841 καὶ
613 2785 875 2848 ἀθάνατα,
911 2787 1006 2840 καὶ
1027 2786 1210 2856 νοερὰ,
1240 2787 1316 2849 ὡς
1352 2787 1443 2840 ἐπὶ
1472 2787 1578 2839 τῶν
1603 2785 1761 2838 Θείων

179 2876 430 2946 ἀγγέλων
454 2894 467 2906 ·
500 2877 701 2931 τούτων
743 2873 834 2931 οὖν
866 2879 1116 2943 ἁπάντων
1141 2877 1240 2943 τὰς
1267 2877 1632 2949 αὑτομετοχὰς
1668 2879 1759 2931 εὑ-

187 2966 401 3037 ρήσεις.
428 2967 670 3039 δηλονότι
693 2969 791 3040 τὴν
809 2991 812 2993 λ
831 2967 1128 3040 αὐτοζωὴν,
1153 2969 1250 3041 τὴν
1281 2969 1627 3038 αὑτοσοφίαν,
1668 2971 1761 3024 καὶ

176 3058 251 3112 τὰ
279 3058 462 3123 λοιπὰ,
488 3058 584 3112 τοῦ
614 3054 752 3113 εἶναι
781 3061 1132 3132 μετεχούσας,
1175 3063 1269 3115 καὶ
1301 3063 1364 3125 ἐν,
1395 3062 1473 3133 τῷ
1503 3058 1638 3116 εἶναι
1666 3067 1762 3133 μεὲ

178 3151 410 3214 νούσας·
446 3151 581 3205 καθὸ
630 3139 738 3224 γὰρ
783 3149 938 3207 αὗται
988 3153 1082 3206 τοῦ
1121 3150 1259 3207 εἶναι
1311 3155 1615 3225 μετέχουσι,
1669 3157 1761 3209 καί

178 3243 312 3305 εισι,
343 3241 481 3294 κατὰ
508 3242 666 3295 τοῦτο
689 3245 781 3298 καὶ
805 3244 954 3316 παρὰ
981 3245 1089 3298 τῶν
1111 3244 1285 3301 ἄλλων
1319 3245 1653 3315 μετέχονται.

1869 2229 2073 2297 cipium
2131 2228 2368 2294 exsistit,
2400 2237 2454 2282 et
2492 2227 2571 2282 sic
2634 2224 2702 2280 de
2745 2227 3032 2281 similibus.
3082 2224 3236 2281 Prius
3289 2238 3433 2282 enim

1867 2321 2214 2385 dicebamus,
2284 2321 2459 2389 ipsum
2518 2318 2900 2374 similitudines
2970 2331 3181 2382 vocare,
3242 2332 3436 2372 secun-

1868 2413 1996 2467 dum
2047 2427 2184 2480 quas
2225 2412 2423 2468 divina:
2469 2422 2674 2466 mentes
2727 2411 2892 2465 Deum
2931 2411 3277 2480 participant.
3324 2407 3433 2461 lla-

1841 2508 1984 2558 'rum
2052 2503 2236 2574 itaque
2304 2496 3100 2574 Similittnbnumprincipium
3167 2513 3250 2558 cst
3320 2505 3432 2569 ipsa

1865 2613 1961 2667 per
1990 2613 2049 2653 se
2070 2599 2384 2665 similitudo,
2412 2599 2478 2652 de
2503 2612 2606 2666 qua
2632 2597 2743 2666 ipse
2769 2611 2866 2666 per
2889 2610 2948 2650 se
2969 2596 3108 2651 Deus
3129 2595 3430 2665 gloriatur;

1864 2692 1944 2750 uti
1971 2703 2022 2749 et
2045 2708 2226 2748 rerum
2273 2693 2570 2757 unitarum,
2614 2692 2665 2748 id
2708 2702 2792 2746 est
2833 2700 3028 2744 natura
3060 2705 3156 2745 sua
3184 2690 3435 2745 deﬁnita-

1864 2801 2008 2852 rum,
2032 2795 2084 2838 et
2111 2784 2597 2855 nondispersarum
2628 2802 2640 2838 :
2665 2782 2916 2854 quaelibet
2940 2783 3085 2836 enim
3118 2797 3223 2848 res,
3247 2798 3432 2838 secun-

1864 2877 1990 2931 dum
2025 2893 2186 2930 unam
2220 2876 2456 2946 aliquam
2477 2875 2872 2938 deﬁnitionem,
2906 2876 3006 2930 sibi
3047 2889 3259 2944 quoque
3286 2875 3434 2929 unita

1863 2977 2099 3026 constat.
2131 2969 2334 3022 Horum
2376 2968 2541 3038 igitur
2570 2969 2768 3022 iterum
2803 2968 3125 3038 principium
3172 2967 3284 3036 ipsa
3313 2964 3437 3038 quae

1866 3066 1917 3117 in
1972 3063 2085 3117 Deo
2113 3072 2196 3121 est
2227 3077 2323 3131 per
2350 3076 2408 3116 se
2458 3061 2668 3124 unitas;
2705 3071 2818 3116 tum
2863 3071 2918 3116 et
2945 3069 3268 3120 cancrorum
3291 3076 3438 3130 qua:-

1864 3169 2078 3224 cunque
2109 3156 2190 3209 vel
2229 3155 2419 3220 vitam,
2449 3154 2534 3208 vel
2565 3154 2840 3218 notitiam,
2869 3155 2950 3208 vel
2982 3164 3286 3223 utrumque
3313 3169 3438 3224 pau-

1868 3245 2139 3315 ticipando
2163 3247 2374 3310 vivunt,
2407 3245 2488 3298 vel
2524 3245 2760 3314 sapiunt,
2792 3246 2874 3300 vel
2905 3255 3136 3314 utraque
3166 3254 3259 3297 aut
3281 3245 3439 3314 plura

179 3333 411 3399 habent,
445 3325 686 3402 quinimo
719 3337 800 3392 vel
841 3339 984 3392 entia
1016 3348 1160 3405 sunt,
1190 3338 1273 3392 vel
1327 3339 1674 3400 immortalia.
1725 3340 1809 3393 vel
1849 3339 2224 3408 intelligentia,
2259 3349 2315 3393 ut
2350 3341 2402 3394 in
2449 3340 2644 3396 divini!
2686 3340 2892 3412 angelis
2943 3338 3176 3404 accidit;
3220 3337 3436 3403 horum,

177 3427 431 3497 inquam.
463 3430 704 3487 omnium
750 3445 849 3499 per
899 3446 958 3485 se
1010 3431 1453 3502 participationes
1499 3431 1758 3501 reperies,
1789 3432 1998 3488 scilicet
2028 3432 2196 3501 ipsam
2231 3446 2326 3501 per
2354 3446 2412 3487 se
2443 3433 2632 3495 vitam,
2663 3447 2761 3502 per
2782 3447 2839 3486 se
2867 3432 3214 3502 sapientiam,
3245 3441 3299 3485 et
3331 3445 3436 3485 cae-

181 3536 302 3581 tera
337 3527 629 3596 ipsunnnet
682 3541 802 3581 esse
842 3526 1173 3595 participare
1221 3535 1273 3580 et
1318 3527 1373 3580 in
1424 3540 1546 3580 esse
1612 3541 1968 3595 permanere;
2035 3528 2089 3581 in
2154 3536 2418 3595 quantum
2464 3527 2610 3581 enim
2654 3541 2775 3582 esse
2831 3526 3158 3595 participant
3197 3536 3254 3581 ct
3287 3537 3436 3592 sunt,

179 3621 238 3676 in
281 3628 493 3674 tantum
531 3619 696 3671 etiam
735 3619 802 3671 ab
831 3617 954 3672 aliis
981 3617 1402 3686 participantur.

255 3708 283 3781 ᾗ
313 3709 396 3764 Vl.
426 3709 490 3762 Εἰ
533 3708 592 3763 δὲ
649 3709 833 3761 ἐκεῖνα
859 3707 926 3761 τὰ
955 3707 1198 3779 μείζονα,
1230 3709 1372 3780 ἅπερ
1415 3708 1595 3779 ἔχουσι
1639 3709 1759 3762 καθ’

1939 3704 1966 3776 §
2003 3704 2083 3759 Vl.
2117 3703 2173 3759 Si
2197 3715 2379 3758 autem
2414 3704 2501 3759 illa
2553 3705 2782 3776 majora,
2815 3723 2936 3776 qua:
2980 3708 3182 3764 habent
3214 3726 3438 3781 quoque

177 3803 413 3860 ἕκαστον
447 3803 540 3856 καὶ
588 3802 649 3855 τὺ
691 3801 844 3863 αὑτὸ,
886 3802 944 3854 ἐν
971 3804 1038 3873 τῇ
1073 3804 1272 3872 μετοχῇ
1306 3799 1400 3853 τοῦ
1436 3801 1588 3864 δντος
1631 3802 1758 3864 είσὶ,

179 3897 337 3966 πόσῳ
362 3913 426 3964 γε
461 3895 658 3968 μᾶλλον
683 3895 856 3949 ταῦτα
877 3893 940 3966 δὴ
962 3894 1029 3948 τὰ
1051 3895 1279 3955 ἐκείνων
1306 3895 1597 3965 μετέχοντα
1621 3897 1764 3946 ποιεῖ

176 3988 244 4042 τὸ
271 3983 429 4053 εἶναι,
458 3989 636 4054 ζῶντα
655 3987 837 4059 τυχὸν,
862 3988 895 4058 ἢ
921 3987 1080 4056 σοφὰ,
1104 3989 1160 4040 ὲν
1179 3990 1245 4058 τῇ
1271 3985 1492 4041 ἐκείνων
1525 3989 1722 4057 μετοχῇ
1745 4003 1758 4015 ·

179 4084 278 4137 καὶ
319 4083 380 4135 ού
413 4080 618 4153 (καθὼς
650 4080 987 4151 ὑπολήψαιτό
1044 4096 1129 4144 τις
1177 4079 1490 4151 ἀσυνέτως)
1536 4080 1620 4132 ὅτι
1669 4079 1763 4148 ἀφ’

179 4175 413 4238 ἑαυτῶν,
445 4175 538 4227 καὶ
556 4171 617 4226 οὑ
649 4171 788 4226 κατὰ
817 4171 1047 4243 μετοχὴν
1080 4171 1288 4243 ἑτέρου,
1314 4169 1485 4224 ταῦτα
1510 4171 1720 4241 ἔχουσιν
1746 4187 1759 4234 ;

183 4265 343 4317 Ἐστι
365 4265 420 4317 δὲ
448 4265 508 4316 τὸ
537 4264 868 4334 ἐπιχείρημα
895 4259 1328 4333 δραστικώτατον
1353 4263 1416 4314 ἐκ
1455 4259 1549 4313 τοῦ
1583 4257 1764 4330 μείζο-

178 4371 292 4417 νος.
322 4352 553 4425 Πρὼτην
579 4354 756 4406 τοίνυν
799 4353 898 4424 τὴν
927 4352 1021 4406 τοῦ
1072 4348 1212 4405 εἶναι
1248 4352 1455 4424 δωρεὰν
1499 4355 1615 4414 τοῖς
1642 4347 1761 4405 οὖσι

180 4445 560 4517 παρεχόμενος
588 4443 782 4508 όΘεὺς,
807 4446 871 4496 ὲκ
893 4443 1096 4512 ταύτης
1121 4443 1216 4497 καὶ
1240 4441 1468 4513 πρώτως
1492 4445 1758 4513 ὑμνεῖται,

181 4538 281 4590 καὶ
310 4536 454 4590 ἐστιν
477 4537 534 4603 ἐξ
559 4535 729 4605 αὐτῆς
773 4535 866 4594 καὶ
896 4535 1027 4587 αὐτὸ
1051 4533 1110 4588 τὸ
1139 4532 1276 4588 εἶναι
1307 4536 1543 4597 πάντων,
1587 4537 1680 4588 καὶ
1705 4539 1761 4588 ὲν

180 4631 322 4700 αὑτῇ
373 4629 771 4700 συνειλημμένα
799 4627 1215 4699 διακρατοῦνται
1246 4627 1387 4680 κατὰ
1433 4627 1610 4698 ἁπλῆν
1639 4645 1763 4682 τινα

181 4723 278 4775 καὶ
310 4721 661 4792 περιεκτικὴν
688 4720 797 4773 τῶν
826 4720 960 4773 ὅλων
988 4720 1164 4773 αἰτίαν
1190 4720 1285 4773 καὶ
1308 4719 1532 4791 ἄσχετον
1553 4738 1564 4749 ·
1587 4721 1762 4774 οὐδενὶ

178 4815 295 4887 γὰρ
331 4813 528 4883 λόγῳῆ
557 4815 806 4884 νοήματι,
839 4811 871 4882 ἢ
902 4813 1184 4882 πράγματι
1219 4811 1334 4882 ἔχει
1363 4804 1424 4864 τὸ
1470 4812 1624 4864 Θεῖον
1663 4813 1761 4884 τὴν

183 4907 324 4978 πρὸς
355 4904 422 4956 τὰ
455 4901 581 4956 ὄντα
613 4903 796 4972 σχέσιν
839 4919 899 4954 τε
949 4904 1041 4955 καὶ
1092 4904 1394 4956 κοινωνίαν.
1425 4904 1504 4956 Τὰ
1536 4904 1592 4956 δὲ
1635 4905 1762 4974 ἑξῆς

183 4997 605 5070 παραδείγματα
635 4995 958 5075 πιστευτικά
997 4998 1101 5048 είσι
1149 4996 1243 5048 τοῦ
1286 4992 1424 5050 εἶναι
1478 4997 1655 5051 πάντα
1697 5000 1763 5050 ἐκ

1867 3798 2075 3866 singula
2121 3811 2218 3864 per
2244 3812 2326 3862 se,
2361 3799 2646 3852 cntitatem
2676 3800 3025 3869 participem,
3070 3812 3276 3871 quanto
3321 3815 3436 3859 ma-

1865 3893 1949 3973 gis
1978 3893 2094 3947 huic
2133 3907 2253 3961 qua:
2286 3892 2505 3947 illorum
2534 3895 2822 3964 participia
2874 3905 3023 3961 sunt,
3078 3896 3207 3952 facit
3259 3901 3433 3968 ipsum

1864 3972 1986 4040 esse
2025 3972 2287 4047 viventia,
2319 3999 2372 4037 v.
2404 4000 2484 4054 3.,
2525 3985 2609 4039 vel
2638 3987 2924 4056 sapientia,
2956 4003 3055 4057 per
3099 3989 3182 4042 sui
3215 3992 3438 4059 partici-

1865 4079 2182 4146 pationem;
2217 4087 2270 4131 et
2295 4092 2402 4130 non
2427 4080 2515 4148 '(ut
2563 4077 2835 4147 quispiam
2880 4080 3128 4148 imperite
3172 4084 3434 4150 suspicari

1865 4171 2068 4239 posset)
2100 4185 2199 4238 per
2248 4185 2308 4224 se
2349 4179 2398 4224 et
2434 4169 2552 4225 sine
2586 4172 2816 4226 alterius
2862 4173 3282 4242 participatione
3325 4177 3440 4231 haec

1866 4261 2108 4316 habent?
2150 4262 2244 4315 Est
2284 4269 2464 4315 autem
2507 4264 2607 4316 boc
2648 4275 3028 4333 argumentum
3068 4263 3232 4338 ω
3256 4268 3438 4322 οαίειιι

1864 4351 2144 4406 etssimum
2179 4369 2208 4406 a
2258 4353 2469 4423 majori.
2502 4353 2636 4407 Cum
2686 4355 2870 4423 itaque
2900 4358 3040 4411 Deus
3071 4362 3300 4424 primum
3335 4363 3434 4415 hoc

1865 4446 2063 4497 donum
2127 4448 2287 4500 rebus
2334 4446 2619 4514 largiatur,
2652 4460 2719 4498 ex
2775 4447 2890 4515 ipso
2940 4436 3154 4516 qucque
3199 4455 3434 4520 primum

1871 4536 2144 4602 laudatur,
2172 4549 2225 4589 et
2248 4538 2465 4592 exsistit
2496 4551 2561 4589 ex
2590 4538 2727 4607 ipso,
2755 4538 3050 4606 ipsummet
3071 4552 3290 4597 estesse
3320 4561 3436 4598 om.

1867 4630 2036 4691 nium,
2061 4638 2116 4681 et
2147 4630 2198 4681 in
2226 4630 2342 4700 ipso
2387 4630 2615 4685 collecta
2656 4631 3006 4685 continentur
3030 4636 3207 4687 omnia
3241 4651 3432 4691 secun-

1865 4723 1990 4776 dum
2025 4723 2326 4790 simplicem
2355 4723 2592 4792 aliquam
2641 4733 2697 4777 et
2724 4727 3232 4794 compreitensivam
3262 4739 3318 4784 et
3351 4732 3433 4784 in-

1865 4816 2308 4884 eomprebensam
2366 4817 2752 4870 universorum
2795 4827 3013 4873 causam
3043 4838 3056 4875 :
3090 4821 3236 4874 nulla
3288 4824 3455 4877 enim.

1867 4905 2101 4969 ratione,
2154 4905 2235 4958 vel
2282 4915 2573 4974 conceptu.
2609 4907 2691 4960 vel
2748 4922 2805 4960 re
2861 4911 3296 4965 communionem
3349 4914 3432 4966 vel

1877 4998 2284 5066 proportionem
2313 4999 2476 5052 habet
2508 4999 2648 5053 Deus
2681 5015 2802 5054 cum
2838 5003 2998 5056 rebus
3017 5003 3432 5060 exsistantibus.

178 5091 279 5146 τοῦ
325 5089 480 5150 Θεοῦ,
531 5089 606 5152 ὡς
649 5089 821 5142 αἰτίου
868 5089 966 5158 τῆς
1011 5088 1215 5142 τούτων
1259 5090 1562 5161 ὑπάρξεως,
1600 5091 1759 5144 ἄλλου

1869 5091 2126 5160 Exempla
2174 5101 2357 5145 autem
2405 5106 2525 5160 quze
2570 5103 2874 5162 sequuntur
2904 5095 3061 5149 ﬁdem
3101 5095 3325 5162 faciunt,
3370 5115 3430 5154 ea

181 5181 338 5254 παρὰ
380 5180 549 5234 ταῦτα
587 5180 940 5250 ὑπάρχοντος,
994 5181 1088 5233 καὶ
1129 5183 1188 5233 ὲν
1240 5180 1386 5251 αύτῷ
1440 5183 1762 5236 συνεστάναι

183 5275 329 5345 ἄλλῳ
352 5273 502 5344 παρὰ
530 5273 703 5325 ταῦτα
728 5273 1054 5343 ὑπάρχοντι·
1089 5276 1122 5344 ἡ
1151 5274 1259 5345 γὰρ
1287 5273 1474 5344 μονὰς,
1507 5274 1582 5338 ὼς
1612 5274 1760 5326 αίτία

181 5363 454 5437 ἀριθμῶν,
481 5363 746 5428 ένοειδῶς,
772 5366 832 5417 ού
857 5364 1263 5435 ποικιλλομένη,
1289 5367 1320 5436 ἢ
1345 5365 1520 5429 ἄλλως
1547 5365 1641 5418 καὶ
1665 5365 1759 5418 ἄλ-

179 5466 293 5524 λως
326 5457 610 5529 νοουμένην
639 5454 765 5520 τοὺς
808 5458 1014 5520 πάντας
1058 5457 1403 5530 περιείληφεν
1447 5459 1714 5530 ἀριθμούς
1741 5479 1753 5490 ·

186 5551 279 5605 καὶ
293 5550 355 5602 τὸ
393 5550 554 5620 μέσον
577 5548 672 5601 τοῦ
703 5545 900 5602 κύκλου
933 5549 1154 5618 κέντρον
1180 5551 1394 5614 ἁπάσας
1414 5550 1512 5613 τὰς
1536 5552 1642 5604 ἀπὸ
1655 5550 1756 5620 τῆς

183 5641 538 5715 περιφερείας
582 5641 794 5706 εὐθείας
838 5641 1079 5712 περιέχει
1114 5642 1377 5706 ὲνοειδῶς,
1412 5644 1504 5696 καὶ
1550 5642 1754 5707 ἁπλῶς,

1867 5203 1988 5256 quae
2034 5195 2159 5240 sunt
2217 5187 2398 5241 omnia
2442 5202 2506 5240 ex
2535 5186 2642 5241 Deo
2660 5189 2954 5254 exsistere,
2987 5200 3240 5257 tanquam
3271 5205 3430 5247 causa

1870 5296 2060 5335 eorum
2099 5281 2454 5346 exsistenlize,
2483 5297 2610 5334 Clllli
2641 5281 2886 5337 diversus
2912 5285 2982 5336 sit
3013 5284 3080 5337 ab
3129 5285 3264 5349 illis,
3293 5298 3346 5340 et
3378 5289 3430 5339 in

1871 5376 1988 5442 ipso
2012 5373 2316 5426 consistant
2343 5373 2557 5427 diverso
2581 5374 2648 5427 ab
2680 5372 2785 5427 illis
2809 5374 3130 5439 exsistente;
3165 5376 3431 5444 siquidem

1866 5475 2064 5531 unitas,
2114 5478 2367 5535 tanquant
2425 5479 2588 5519 causa
2638 5480 3013 5530 numerorum,
3068 5465 3431 5534 uniformiter,

1863 5559 2280 5628 haudquaquam
2313 5557 2610 5627 variegata,
2643 5557 2726 5611 vel
2777 5557 2936 5610 aliter
2963 5567 3127 5627 atque
3152 5557 3310 5611 aliter
3347 5559 3435 5612 in»

1864 5651 2093 5716 tellecta,
2129 5651 2415 5705 universos
2466 5663 2724 5704 numeros
2773 5648 3179 5719 ςοιιιιιιει-ιίιιιι·;
3216 5659 3270 5702 et
3319 5663 3432 5703 mo-

1459 5790 1686 5845 νΑΙῖΙᾹΞ
1723 5789 2014 5847 LECTION
2023 5789 2126 5846 ES.

288 5910 353 5941 "'
383 5906 531 5959 Max.
565 5920 841 5975 corporea.

365 6003 637 6063 ωηερε..
686 5999 798 6058 Gn.
839 5999 943 6057 lli.
