4156 6312
740 397 849 456 8ιὸ

1911 393 1969 451 S.
2017 391 2318 451 DlONYSll
2350 389 2814 451 AREOPAGITIE

3882 393 3986 447 8M

742 513 890 567 dium
915 508 1103 569 circuli
1131 518 1378 566 centrum
1401 522 1592 565 omnes
1613 522 1645 564 a
1666 507 2108 567 circumferentia
2136 508 2311 564 lineas

2424 510 2507 563 καὶ
2535 508 2739 580 ὁμοίως
2759 526 2771 539 '
2798 508 3001 579 ἀμερὲς
3024 507 3132 580 γάρ
3154 508 3269 563 ἐστι
3294 506 3357 562 τὸ
3398 509 3642 581 σημεῖον,
3689 507 3833 563 ὥστε
3869 510 3988 572 πῶς

743 609 922 658 rectas
959 600 1306 655 uniformiter
1330 608 1387 655 et
1413 598 1645 668 simplicl
1682 597 1955 668 similique
1987 598 2145 654 modo
2174 614 2309 653 con-

739 696 908 759 tinet;
935 702 1191 764 punctum
1220 692 1365 749 enim
1392 699 1547 748 caret
1581 689 1848 761 partibus,
1883 690 2154 761 quomodo
2179 704 2309 761 ergo

741 788 902 843 aliter
927 797 1092 855 atque
1133 784 1493 842 aliter'lineas
1531 794 1711 841 rectas
1743 783 1915 855 possit
1953 785 2311 854 comprehen-

740 880 1167 939 dereibiirabili
1199 889 1379 936 autem
1419 879 1581 936 modo
1631 878 1811 948 posuit
1858 876 2163 946 exemplum
2206 876 2310 932 hoc

743 978 811 1031 de
857 976 1086 1043 circulo,
1119 984 1177 1029 ut
1223 974 1502 1038 ostendat,
1548 973 1819 1042 quomodo
1856 968 2201 1026 uniformiter
2256 971 2311 1024 in

743 1070 855 1125 Deo
902 1069 1147 1124 universa
1205 1068 1485 1134 uniantur,
1525 1075 1580 1119 et
1609 1065 1876 1135 quomodo
1932 1078 2051 1134 quae
2106 1062 2311 1117 distant

746 1164 1172 1232 distinguantur,
1202 1171 1258 1217 et
1316 1162 1370 1215 in
1421 1169 1681 1230 quantum
1737 1160 1956 1219 distant,
1994 1157 2047 1211 in
2098 1165 2309 1211 tantum

742 1255 907 1309 etiam
941 1252 1290 1320 dissipentur.
1317 1252 1395 1305 Ad
1428 1253 1561 1313 haec,
1603 1251 1767 1305 etiam
1810 1251 1864 1304 in
1913 1260 2127 1314 natura,
2158 1263 2313 1303 crea-

744 1347 879 1401 trice
902 1345 1306 1413 universorum,
1336 1358 1523 1398 omnes
1554 1345 1928 1412 cujuscunque
1978 1352 2185 1395 natura:
2224 1356 2313 1395 ra-

745 1443 919 1495 tiones
969 1437 1172 1507 absque
1222 1436 1542 1491 confusione
1586 1434 1826 1491 collectae
1884 1443 2030 1499 sunt,
2064 1435 2205 1489 sicut
2256 1435 2310 1489 in

743 1533 925 1584 anima
953 1529 1299 1582 uniformiter
1340 1526 1603 1597 copulatae
1647 1537 1773 1581 sunt
1804 1528 2042 1595 provida:
2080 1528 2315 1582 virtutes

742 1621 882 1689 ejus,
916 1622 1168 1675 videlicet
1193 1620 1451 1689 nutritiva
1484 1634 1589 1688 qua
1623 1620 1816 1684 nutrit,
1845 1620 2060 1673 auctrix
2090 1634 2191 1689 qua
2218 1635 2317 1673 au-

744 1724 834 1786 get
866 1715 915 1768 id
952 1714 1095 1782 quod
1140 1724 1324 1783 aptum
1362 1722 1444 1766 est
1486 1712 1853 1782 generationi,
1907 1714 2161 1768 sensitiva
2208 1728 2312 1782 qua

742 1815 937 1878 prteesl
991 1805 1258 1867 sensibus.
1297 1805 1577 1873 opinativa
1628 1818 1733 1872 qua
1790 1804 2052 1858 discernit
2089 1818 2149 1856 ea
2195 1816 2315 1871 qua:

2411 600 2585 666 ἄλλως
2608 602 2702 656 καὶ
2731 599 2905 665 ἄλλως
2931 600 3031 666 τάς
3064 600 3278 664 εὐθείας
3324 600 3715 674 περιλήψεταις
3764 600 3989 671 Θαυμα-

2410 694 2541 759 σίως
2567 695 2624 749 δὲ
2649 694 2860 750 τέθεικε
2885 694 2947 749 τὸ
2977 694 3223 767 περὶτοῦ
3250 694 3448 749 κύκλου
3479 696 3838 767 παράδειγμα,
3868 694 3990 757 πιᾶ

2412 785 2654 840 ἑνοῦνται
2687 786 2746 840 έν
2766 786 2845 858 τῷ
2874 785 2992 858 Θεῷ
3019 786 3234 851 ἐνιαίως
3265 787 3334 841 τὰ
3364 787 3561 853 πάντα,
3589 788 3685 842 καὶ
3727 787 3841 852 πῶς
3872 788 3988 840 δια-

2411 877 2687 952 κρίνονται
2708 881 3073 953 ἀφιστάμενα,
3098 881 3193 935 καὶ
3218 880 3339 935 καθ’
3363 882 3487 936 ὅσον
3521 882 3868 951 ἀφίστανται,
3896 881 3991 933 καὶ

2410 970 2502 1024 τὸν
2558 971 2862 1042 σκεδασμὸν
2909 971 3274 1043 λαμὸάνοντα.
3347 973 3470 1025 Ἔτι
3533 972 3627 1026 καὶ
3670 974 3726 1027 ὲν
3769 975 3832 1043 τῇ
3896 973 3989 1041 δη·

2416 1068 2706 1139 μιουργικῇ
2761 1065 2868 1117 τῶν
2916 1065 3055 1119 ὅλων
3110 1063 3288 1133 φύσει,
3335 1066 3533 1130 πάντες
3594 1067 3644 1119 οἰ
3694 1066 3792 1136 τῆς
3864 1065 3991 1118 καθ’

2414 1159 2641 1213 ἕκαστον
2676 1157 2888 1227 φύσεως
2930 1157 3077 1226 λόγοι
3129 1154 3542 1227 συνειλημμένοι
3590 1156 3725 1210 εἰσὶν
3749 1155 3994 1227 ἀσυγχὺ-

2412 1270 2541 1316 τως,
2592 1250 2781 1323 ὥσπερ
2834 1251 2928 1304 καὶ
2969 1252 3028 1304 ὲν
3079 1253 3145 1322 τῇ
3194 1251 3337 1322 ψυχῇ
3403 1249 3689 1322 μονοειδῶς
3738 1252 3793 1303 αἰ
3862 1268 3993 1321 προ-

2413 1344 2659 1416 νοητικαὶ
2696 1343 2954 1415 δυνάμεις
3000 1344 3190 1415 αὑτῆς,
3224 1345 3259 1415 ή
3301 1342 3564 1414 θρεπτική
3591 1341 3823 1412 δηλονότι
3867 1343 3991 1395 καθ’

2414 1437 2480 1509 ἢν
2502 1436 2709 1507 τρέφει,
2751 1437 2783 1507 ή
2816 1435 3082 1507 αὐξητικὴ
3110 1434 3232 1489 καθ’
3261 1436 3325 1506 ἣν
3348 1434 3500 1499 αὔξει
3538 1435 3598 1487 τὸ
3625 1434 3757 1505 πρὸς
3780 1434 3839 1486 τὸ
3863 1450 3992 1501 γεν-

2416 1531 2513 1599 νᾷν
2545 1528 2867 1600 ἐπιτήδειον,
2895 1531 2929 1599 ή
2973 1526 3261 1599 αἰσθητικὴ
3287 1526 3404 1580 καθ’
3433 1528 3500 1599 ἢν
3549 1526 3821 1578 ἐπιστατεί
3872 1528 3993 1589 ταῖς

2415 1620 2751 1693 αἰσθήσεσιν,
2781 1622 2815 1693 ἡ
2844 1620 3130 1693 δοξαστικὴ
3164 1621 3286 1676 καθ’
3321 1621 3388 1692 ἢν
3430 1620 3603 1692 κρίνει
3640 1618 3705 1672 τὰ
3735 1618 3991 1688 αἰσθητὰ,

2418 1717 2450 1787 ἡ
2502 1715 2837 1786 φανταστικὴ
2890 1714 3013 1770 καθ’
3052 1715 3118 1786 ἦν
3167 1714 3235 1769 τὰ
3279 1713 3509 1784 αἰσθητά
3568 1710 3918 1781 φαντάζεται,
3960 1712 3992 1781 ἡ

2417 1804 2673 1876 ὀρεκτικὴ
2699 1805 2822 1859 καθ’
2860 1804 2929 1873 ήν
2956 1803 3229 1875 ὀρέγεται,
3272 1803 3366 1856 καὶ
3403 1802 3635 1874 καθεξῆς
3685 1804 3741 1853 αἰ
3774 1800 3989 1853 λοιπαί·

746 1902 1074 1963 sentiuntur,
1119 1897 1470 1966 imaginativa
1525 1910 1629 1964 qua
1653 1895 1930 1951 sensibilia
1963 1896 2311 1965 imaginatur,

2424 1897 2558 1951 οὕτω
2588 1896 2681 1951 καὶ
2707 1899 2755 1950 οἰ
2780 1897 3161 1969 δημιουργικοί
3187 1897 3334 1965 λόγοι
3360 1896 3416 1948 ὲν
3442 1893 3519 1965 τῷ
3544 1892 3879 1965 δημιουργῷ,
3905 1893 3995 1944 καὶ

746 1992 1039 2062 appetitiva
1070 2006 1173 2060 qua
1208 1989 1433 2058 appetit,
1461 1998 1517 2044 et
1546 1990 1625 2043 sic
1656 1990 1723 2042 de
1751 1988 1963 2044 caneris
1988 2006 2001 2042 :
2025 1989 2105 2041 sic
2150 1990 2312 2043 etiam

748 2083 972 2138 creandi
1026 2086 1267 2135 rationes
1330 2094 1520 2135 omnes
1579 2080 1898 2149 speciesque
1956 2080 2198 2158 omnium
2264 2080 2317 2133 in

748 2186 996 2232 creatore
1042 2183 1189 2238 sunt,
1239 2180 1564 2241 manentque
1599 2173 1910 2235 inconlusae,
1946 2180 2318 2224 verumtamen

755 2271 810 2326 in
861 2271 977 2339 ipso
1016 2276 1165 2332 Sunt,
1224 2282 1329 2321 non
1388 2275 1641 2335 tanquam
1689 2265 1742 2319 in
1794 2265 2137 2335 loco(neque
2173 2262 2318 2316 enim

750 2367 865 2436 ipse
891 2366 940 2418 in
964 2364 1085 2419 loco
1107 2373 1209 2428 est,
1243 2377 1340 2417 nec
1365 2376 1483 2430 quae
1512 2361 1566 2414 in
1591 2361 1756 2429 ipso),
1782 2360 1875 2414 sed
1906 2359 2071 2412 habet
2101 2357 2189 2412 illa
2208 2358 2318 2412 sic-

750 2470 809 2515 ut
837 2460 1069 2528 seipsum
1098 2459 1278 2520 habet,
1306 2455 1558 2510 omnibus
1586 2454 1801 2518 quidem
1843 2452 2001 2507 simul
2051 2452 2321 2506 exsistet]-

751 2554 915 2616 tibus,
955 2552 1223 2607 distinctis
1276 2560 1455 2605 autem
1502 2550 1555 2603 in
1605 2558 1759 2618 parte
1810 2546 2209 2601 indivisibiliter
2249 2545 2316 2601 “.

748 2646 1003 2715 Acceptis
1029 2643 1292 2714 exemplis
1314 2660 1342 2697 a
1369 2657 1601 2698 numero
1628 2650 1683 2697 et
1724 2650 1939 2704 centro,
1968 2640 2067 2702 ait,
2095 2639 2323 2692 minime

752 2726 1049 2794 absurdum
1081 2752 1225 2803 esse,
1258 2750 1323 2790 ex
1357 2734 1630 2790 similibus
1668 2733 1998 2802 imaginibus
2026 2734 2093 2786 ad
2133 2746 2321 2785 eorum

749 2847 870 2902 quze
904 2832 1048 2886 dicta
1102 2840 1227 2885 sunt
1284 2830 1501 2884 culmen
1557 2828 1877 2888 ascendere.
1928 2812 2087 2879 modo
2129 2839 2317 2894 super-

750 2924 1049 2980 mundanos
1075 2922 1263 2977 oculos
1294 2921 1665 2976 adhibeamus.
1690 2918 1937 2973 Diximus
1953 2918 2121 2979 enim,
2141 2915 2321 2969 omnia

751 3017 805 3070 in
838 3029 1001 3068 causa
1033 3012 1184 3068 unite
1214 3021 1470 3081 tanquam
1507 3010 1558 3063 in
1594 3009 1803 3064 unitate
1836 3022 2092 3063 numeros
2112 3022 2320 3069 omnes,

751 3117 809 3161 et
838 3106 1129 3171 collectim,
1163 3116 1415 3173 tauquam
1454 3104 1509 3157 in
1544 3113 1733 3157 centro
1764 3102 1938 3157 lineas
1980 3109 2179 3168 rectas,
2204 3115 2326 3170 quae

752 3216 781 3255 a
810 3198 1253 3255 circumferentia
1288 3197 1582 3261 ducuntur,
1611 3195 1898 3249 contineri.

823 3287 988 3365 §Vll.
1014 3289 1209 3346 Omnia
1240 3288 1405 3358 igitur
1426 3300 1759 3356 quaecunque
1784 3286 1999 3341 essendi
2016 3284 2180 3358 M5
2207 3301 2326 3358 gra-

752 3385 880 3439 dum
900 3382 1235 3445 sortiuntur,
1266 3379 1567 3449 insigniunt
1601 3378 1687 3433 illa
1718 3393 1837 3448 qua:
1862 3388 2018 3442 sunt;
2045 3379 2149 3431 nisi
2177 3379 2322 3430 enim

751 3484 895 3529 esset
924 3473 1055 3538 vita,
1092 3486 1435 3540 nequaquam
1465 3470 1803 3533 viveremus;
1838 3470 1940 3523 nisi
1976 3478 2122 3524 esset
2144 3476 2327 3522 custo-

751 3568 865 3631 dia,
900 3579 1243 3635 nequaquam
1301 3562 1733 3627 cusmdiremur;
1777 3561 1877 3615 nisi
1933 3568 2081 3615 esset
2128 3570 2324 3625 motus,

754 3672 1098 3728 nequaquam
1132 3669 1499 3711 moverentur.
1525 3652 1715 3709 Omnia
1746 3653 1945 3722 itaque,
1978 3651 2159 3705 omnia
2182 3664 2326 3719 quae-

760 3767 974 3821 cunque
1013 3749 1229 3804 essendi
1284 3751 1509 3818 gradum
1567 3746 1835 3812 obtinent,
1884 3744 2182 3814 insignium.
2236 3742 2325 3797 illa

753 3861 875 3916 quae
913 3852 1058 3899 sunt.
1091 3841 1231 3896 Dicit
1263 3849 1443 3894 autem
1476 3841 1565 3893 illa
1605 3853 1726 3909 quae
1764 3847 1909 3903 sunt,
1936 3852 2040 3892 non
2072 3838 2325 3891 substan-

756 3941 884 4002 tias,
916 3938 1009 3991 sed
1051 3933 1403 4005 (accidentia)
1445 3932 1662 4001 quatit:
1722 3929 2043 3985 substantiis
2093 3943 2327 3983 cernun-

757 4039 869 4093 tur,
911 4038 1074 4095 atque
1113 4025 1274 4079 etiam
1311 4037 1379 4078 ex
1411 4023 1517 4078 Deo
1558 4030 1717 4085 sunt;
1770 4022 1887 4076 haec
1938 4030 2117 4075 autem
2173 4032 2325 4073 extra

753 4133 954 4191 corpus
989 4118 1292 4173 consistere
1320 4125 1613 4184 nequeunt.
1654 4129 1827 4183 eaque
1852 4114 2017 4169 etiam
2046 4126 2145 4181 per
2177 4111 2327 4181 cogi-

760 4215 1019 4268 tationem
1061 4219 1284 4264 snnctus
1320 4206 1484 4261 Pater
1525 4207 1725 4263 divisit.

835 4305 864 4379 ς
915 4304 1047 4358 \‘lll.
1109 4304 1286 4372 Atque
1352 4316 1419 4354 ex
1472 4301 1575 4354 hac
1641 4299 1885 4353 omnium
1939 4313 2102 4355 causa
2162 4300 2325 4354 etiam

759 4399 1104 4455 iutellectiles
1158 4396 1335 4466 quoad
1404 4410 1543 4457 nos,
1606 4401 1662 4446 et
1728 4393 2092 4463 intelligentes
2143 4394 2327 4461 quoad

758 4495 967 4556 Deum,
1044 4489 1272 4543 virtutes
1346 4487 1685 4549 subsistunt,
1752 4483 1826 4537 uti
1899 4493 1955 4536 et
2034 4482 2228 4536 anima:
2275 4492 2329 4536 et

2419 1989 2489 2042 τά
2528 1989 2644 2060 εἴδη
2678 1990 2916 2052 πάντων,
2947 1989 3037 2042 καί
3069 1990 3265 2052 πάντες
3292 1988 3399 2041 εἰσί
3424 1988 3519 2041 καὶ
3565 1984 3862 2056 ἀσύγχυτοι
3904 1986 3971 2055 μέ

2422 2098 2592 2145 νουσι,
2624 2080 2763 2152 πλὴν
2794 2082 2851 2133 ὲν
2881 2079 3029 2151 αὑτῷ
3056 2083 3193 2134 εἰσιν
3216 2082 3313 2153 οὐχ
3340 2079 3414 2143 ὠς
3440 2080 3498 2132 ὲν
3523 2078 3691 2149 τόπῳ,
3721 2076 3867 2147 (οὒτε
3890 2077 3993 2147 γὰρ

2421 2175 2581 2238 αὐτὸς
2610 2176 2667 2228 ὲν
2694 2174 2863 2246 τόπῳ,
2897 2173 3021 2228 οὔτε
3046 2174 3114 2228 τά
3147 2179 3206 2228 ἐν
3232 2174 3380 2245 αὑτῷ
3399 2174 3437 2246 ’)
3461 2172 3573 2226 ἀλλ’
3602 2171 3713 2242 ἔχει
3744 2168 3888 2221 αὑτά
3922 2168 3995 2229 ὡς

2422 2270 2611 2321 ἑαυτὸν
2643 2268 2776 2340 ἔχει,
2807 2270 3023 2323 πάντων
3050 2268 3147 2341 μὲν
3177 2268 3311 2340 ὁμοῦ
3339 2266 3526 2328 όντων,
3568 2261 3994 2335 διακεκριμένων

2453 2359 2479 2410 ὲ
2507 2360 2563 2411 ὲν
2596 2358 2674 2428 τῷ
2709 2359 2864 2430 μέρει
2896 2359 3138 2432 ἀμερῶς.
3168 2356 3363 2411 Λαϐὼν
3388 2356 3494 2409 ἀπὸ
3518 2354 3611 2408 τοῦ
3646 2352 3886 2425 ἀριθμοῦ
3908 2354 3997 2403 καὶ

2420 2452 2515 2506 τοῦ
2546 2453 2771 2525 κέντρου
2811 2450 2880 2505 τὰ
2908 2452 3344 2523 παραδείγματα,
3374 2448 3556 2519 φησὶν,
3598 2445 3681 2498 ὅτι
3727 2444 3830 2497 οὑκ
3856 2442 3995 2495 ἔστιν

2422 2546 2617 2599 ἄτοπον
2641 2547 2706 2597 ὲκ
2729 2542 2982 2597 τοιούτων
3009 2544 3232 2596 εἰκόνων
3254 2541 3344 2593 ἐπὶ
3366 2539 3428 2592 τὸ
3466 2536 3597 2607 ὕψος
3636 2534 3747 2589 τῶν
3777 2533 3996 2603 λεγομέ-

2424 2655 2527 2690 νων
2567 2636 2897 2700 ἀναόαίνειν,
2956 2636 3116 2707 μόνον
3165 2636 3214 2687 εἰ
3260 2631 3555 2702 ὀφθαλμοῖς
3607 2626 3997 2697 ὑπερκοσμίοις

2425 2728 2702 2801 χρώμεθα.
2735 2728 2974 2800 Εἴπομεν
2998 2727 3127 2797 γὰρ,
3152 2726 3234 2779 ὅτι
3287 2725 3464 2779 πάντα
3504 2724 3561 2775 ἐν
3591 2720 3670 2791 τῷ
3719 2720 3880 2790 αἰτίῳ
3910 2735 3999 2789 μο-

2425 2821 2660 2885 νοειδῶς,
2682 2822 2758 2886 ὡς
2777 2821 2835 2874 ὲν
2857 2823 2921 2891 τῇ
2950 2820 3136 2890 μονάδι
3160 2819 3207 2871 οἰ
3225 2816 3449 2890 ἀριθμοὶ
3473 2815 3730 2876 ἅπαντες,
3755 2812 3849 2865 καί
3877 2813 3999 2880 ἡνω-

2428 2912 2623 2982 μένως,
2649 2912 2723 2977 ὠς
2746 2913 2804 2964 ὲν
2828 2910 2905 2982 τῷ
2930 2911 3137 2982 κέντρῳ
3164 2910 3219 2964 αἰ
3249 2908 3355 2962 ἀπὸ
3382 2906 3480 2975 τῆς
3526 2904 3884 2975 περιφερείας
3912 2902 3997 2953 εὑ-

2427 3006 2587 3059 θεῖαι.

2496 3301 2523 3374 §
2555 3301 2669 3355 Vll.
2700 3299 2882 3353 Πάντα
2908 3292 3021 3360 οὑν,
3049 3296 3149 3350 ὅσα
3173 3295 3230 3347 ὲν
3271 3292 3350 3364 τῷ
3375 3286 3509 3346 εἶναι
3538 3290 3685 3354 ὄντα,
3727 3304 3999 3359 χαρακτη-

2431 3394 2565 3466 ρίζει
2587 3391 2653 3445 τά
2680 3390 2807 3444 ὅντα
2826 3407 2838 3419 ·
2875 3391 2922 3442 εἰ
2948 3388 3056 3459 γὰρ
3088 3387 3160 3457 μὴ
3199 3382 3266 3457 ἦν
3291 3382 3425 3455 ζωὴ,
3452 3383 3551 3436 οὑκ
3592 3382 3658 3436 ἂν
3685 3380 3931 3451 ἐζῶμεν·
3956 3382 4000 3432 εἰ

2430 3487 2503 3557 μὴ
2532 3481 2599 3556 ἦν
2640 3480 2871 3555 φρουρὰ,
2904 3480 3003 3535 οὑκ
3026 3480 3090 3532 ἂν
3119 3475 3531 3548 ἐφρουρούμεθα
3549 3491 3563 3503 θ
3588 3476 3637 3527 εἰ
3663 3472 3738 3544 μὴ
3770 3468 3837 3543 ἦν
3858 3472 4001 3541 κίνη·

2430 3589 2532 3637 σις,
2562 3573 2661 3624 οὑκ
2685 3573 2750 3625 ἂν
2777 3567 3124 3639 ὲκινοὺμεθα.
3156 3568 3342 3621 Πάντα
3393 3564 3543 3634 γοῦν,
3596 3565 3775 3617 πάντα
3812 3564 3911 3615 ὅσα
3948 3564 4001 3613 ὲν

2425 3663 2503 3733 τῷ
2529 3658 2666 3715 εἷναι
2686 3664 2839 3726 ὄντα,
2871 3659 2938 3713 τὰ
2966 3659 3094 3712 ὄντα
3126 3656 3599 3730 χαρακτηρίζουσι.
3637 3655 3806 3707 Ὄντα
3830 3653 3885 3706 δὲ
3916 3652 3999 3704 λέ-

2426 3772 2513 3823 γει
2536 3755 2595 3807 οὑ
2626 3753 2726 3817 τὰς
2751 3751 2961 3815 οὐσίας,
2987 3748 3123 3803 ἀλλά
3159 3748 3227 3801 τὰ
3257 3750 3316 3802 ὲν
3362 3750 3480 3809 ταῖς
3510 3745 3719 3809 οὐσίαις
3766 3743 3997 3815 θεωρού-

2431 3865 2565 3919 μενα
2596 3848 2659 3899 ἐκ
2702 3844 2796 3898 τοῦ
2820 3842 2954 3897 Θεοῦ
2984 3845 3089 3897 εἰσι
3112 3858 3125 3872 ·
3166 3840 3339 3894 ταῦτα
3377 3840 3434 3893 δὲ
3458 3838 3612 3903 ἐκτὸς
3654 3837 3918 3909 σωμάτων
3945 3836 3998 3887 οὐ

2427 3942 2648 3995 δύναται
2679 3938 3047 4002 συνίστασθαι,
3100 3935 3262 3988 διεῖλε
3313 3934 3369 3989 δὲ
3410 3933 3561 4004 ὁμῶς
3595 3931 3733 3985 αὐτὰ
3768 3933 3795 3984 ό
3817 3930 3997 3999 Πατὴρ

2430 4032 2550 4084 κατ’
2578 4031 2841 4089 ἐπίνοιαν.

2504 4300 2531 4373 §
2572 4297 2705 4351 Vlll.
2733 4295 2843 4349 Kal.
2870 4296 2934 4347 ὲκ
2960 4296 3058 4366 τῆς
3098 4295 3273 4357 αἰτίας
3313 4290 3421 4345 τῶν
3468 4290 3684 4344 πάντων
3725 4292 3779 4343 αἰ
3826 4290 4001 4360 von-.11

2431 4394 2505 4458 ὡς
2530 4392 2665 4463 πρὸς
2692 4390 2860 4461 ἡμᾶς,
2886 4388 2979 4441 καὶ
3004 4388 3187 4458 νοεραί
3211 4386 3286 4449 ὠς
3323 4382 3459 4454 πρὸς
3484 4382 3573 4435 τὸν
3601 4381 3733 4435 Θεὸν
3757 4382 4000 4451 δυνάμεις

2433 4486 2766 4557 ὑπέστησαν,
2817 4482 2910 4534 καὶ
2956 4481 3011 4534 αἰ
3053 4479 3240 4550 ψυχαὶ,
3288 4477 3383 4530 καί⁵
3418 4476 3487 4528 τὰ
3534 4474 3791 4546 σώματα,
3827 4474 3918 4527 καὶ
3938 4472 4001 4523 τὰ

758 4598 1009 4653 corpora,
1058 4591 1112 4637 et
1154 4596 1275 4651 qua:
1315 4581 1694 4651 quoquomudo
1745 4578 1797 4632 in
1849 4577 1971 4632 aliis
2019 4576 2321 4639 exsistunt,

2435 4574 2684 4630 ὁπωσοῦν
2721 4573 2753 4643 ἢ
2782 4575 2837 4625 ὲν
2863 4571 3070 4643 ἑτέροις
3098 4565 3431 4642 ὑπάρχοντα,
3463 4568 3537 4632 ὼς
3560 4567 3777 4639 χρῶμα,
3806 4567 3998 4638 σχῆμα,

760 4689 818 4731 ιιι
859 4678 1033 4740 color,
1088 4674 1285 4740 forma,
1316 4673 1575 4742 qualitas,
1613 4672 1829 4740 aliaque
1867 4685 1986 4739 quae
2028 4670 2173 4725 circa
2209 4684 2331 4723 cor-

761 4788 861 4843 pus
916 4779 1251 4833 cernuntur,
1316 4766 1399 4822 vel
1461 4781 1559 4837 per
1624 4768 2012 4836 cogitationem
2069 4778 2191 4819 esse
2246 4762 2331 4815 di-

760 4876 987 4928 cuntur,
1048 4871 1108 4917 ut
1161 4860 1481 4925 intellectio,
1524 4872 1736 4923 sensus,
1769 4862 1946 4925 ratio,
1999 4868 2057 4914 et
2106 4857 2327 4915 similia.

761 4959 857 5014 llla
922 4956 1107 5023 utique
1149 4955 1216 5008 ab
1271 4952 1355 5007 liis
1399 4951 1658 5015 secernit,
1717 4951 1970 5019 quoniam
2016 4950 2143 5015 illa,
2192 4960 2333 5004 tam-

761 5050 865 5106 etsi
908 5048 960 5103 in
1006 5046 1126 5101 aliis
1188 5046 1529 5107 subsistant,
1580 5053 1760 5097 tamen
1811 5042 1995 5098 sensui
2034 5042 2335 5111 subjiciun-

767 5155 888 5209 tur;
945 5142 1061 5195 hzec
1133 5149 1312 5194 autem
1374 5150 1713 5205 nequaquam
1777 5139 1957 5190 sensui
2022 5135 2334 5205 subiacent,

766 5237 860 5292 sed
892 5250 992 5305 per
1030 5233 1201 5288 solam
1243 5231 1631 5302 cogitationem
1687 5238 2110 5299 c0gnoscuntur.
2147 5228 2337 5297 Itaque

765 5330 997 5383 virtutes
1052 5327 1155 5381 illae
1205 5325 1416 5389 beatze,
1470 5334 1583 5378 tam
1630 5323 1815 5393 prima:
1842 5339 2002 5393 quam
2046 5330 2336 5392 sequentes

764 5430 819 5477 et
886 5420 1092 5474 ultimae
1153 5418 1331 5487 quoad
1405 5417 1559 5481 illas,
1615 5431 1725 5471 non
1768 5418 1947 5487 quoad
2015 5432 2152 5483 nos;
2212 5432 2333 5470 nam

767 5514 941 5582 quoad
1012 5528 1111 5568 nos
1168 5527 1358 5567 omnes
1416 5509 1887 5581 supcrmundiales
1940 5523 2105 5577 sunt,
2173 5511 2335 5564 etiam

768 5618 1089 5676 postrcuue;
1134 5617 1188 5661 et
1236 5606 1576 5675 principatus
1624 5614 1679 5663 et
1708 5606 1891 5662 omnia
1930 5622 1997 5663 ex
2042 5605 2153 5659 Deo
2194 5613 2249 5659 ct
2280 5604 2333 5657 in

2438 4666 2756 4739 πηλικότης,
2802 4665 2895 4717 καὶ
2935 4661 3101 4717 τᾶλλα
3137 4661 3205 4713 τὰ
3243 4660 3367 4730 περί
3405 4660 3466 4712 τὸ
3492 4659 3649 4729 σῶμα
3673 4656 3941 4730 ὁρώμενα,
3970 4656 3998 4724 ἢ

2438 4764 2559 4817 κατ’
2599 4760 2839 4814 ἐπίνοιαν
2882 4753 3021 4811 εἶναι
3060 4756 3341 4826 λεγόμενα,
3370 4749 3479 4806 οἷον
3514 4753 3710 4823 νόημα,
3742 4752 3999 4821 αἴσθησις,

2437 4855 2591 4923 λόγος
2618 4893 2632 4917 ,
2684 4854 2777 4906 καὶ
2820 4849 2889 4902 τά
2933 4846 3172 4901 τοιαῦτα.
3221 4844 3459 4917 Χωρίζει
3500 4842 3628 4913 γοῦν
3678 4843 3862 4895 ἐκεῖνα
3908 4842 4001 4893 ἀπὸ

2437 4950 2661 5011 τούτων,
2688 4949 2769 5000 ὅτι
2800 4947 3000 5006 ἐκεῖνα,
3027 4944 3076 4995 εἰ
3102 4942 3195 4995 καὶ
3220 4941 3278 4992 ὲν
3302 4939 3507 5011 ἑτέροις
3534 4938 3874 5007 ὑφίστανται,
3899 4934 4002 4986 ἀλλ’

2438 5041 2529 5100 οὑν
2573 5042 2819 5113 αἰσθήσει
2859 5038 3204 5092 ὑπόκεινταιο
3250 5032 3423 5087 ταῦτα
3453 5032 3509 5086 δὲ
3556 5031 3653 5101 οὑχ
3702 5030 4001 5083 ὑπόκεινται

2438 5137 2707 5209 αἰσθήσει,
2738 5131 2872 5185 ἀλλὰ
2897 5128 3015 5183 κατ’
3043 5127 3283 5181 ἐπίνοιαν
3310 5125 3477 5195 μόνην
3503 5120 3876 5191 γινώσκονται.
3904 5119 4003 5171 Καὶ

2437 5228 2567 5298 γοῦν
2617 5230 2671 5280 αἰ
2727 5226 2990 5297 μακάριαι
3038 5220 3315 5288 δυνάμεις,
3362 5216 3457 5269 καί⁸
3483 5214 3538 5267 αἰ
3578 5212 3793 5284 πρῶται
3822 5211 3912 5265 καὶ
3951 5211 4001 5261 αἰ

2443 5320 2559 5392 μετ’
2592 5316 2778 5381 αὑτὰς,
2820 5318 2914 5369 καὶ
2961 5314 3015 5368 αἱ
3066 5313 3290 5381 ἔσχαται
3333 5307 3469 5380 πρὸς
3510 5306 3746 5369 ὲκείνας,
3782 5304 3841 5356 οὑ
3878 5302 4001 5372 πρὸς

2440 5415 2605 5486 ἡμᾶς·
2631 5412 2765 5481 πρὸς
2789 5410 2896 5482 γὰρ
2917 5409 3063 5478 ἡμᾶς
3079 5402 3436 5476 ὑπερκόσμιοί
3459 5402 3562 5453 εἰσι
3585 5400 3678 5453 καὶ
3692 5401 3748 5452 αἰ
3772 5397 3997 5467 ἕσχαται’

2442 5508 2535 5562 καὶ
2561 5508 2616 5561 αἱ
2648 5506 2813 5577 ἀρχαὶ
2848 5503 2941 5555 καὶ
2966 5501 3141 5555 πάντα
3168 5500 3231 5551 ὲκ
3257 5495 3349 5550 τοῦ
3373 5494 3508 5547 Θεοῦ
3554 5494 3648 5544 καὶ
3689 5494 3746 5544 ὲν
3783 5489 3859 5559 τῷ
3895 5486 4001 5556 Θεῷ

2440 5604 2579 5655 εἰσι·
2631 5575 2724 5653 καὶ
2774 5598 2846 5669 μὴ
2902 5596 3058 5666 μόνον
3104 5593 3165 5645 τὸ
3210 5586 3368 5653 εἶναι,
3397 5585 3651 5644 ἀλλὰκαὶ
3683 5582 3744 5636 τὸ
3780 5577 3838 5636 εὖ
3878 5575 3997 5633 εἶναι

2038 5747 2271 5803 V'ARIXE
2308 5744 2652 5803 LECTIONE
2668 5744 2725 5803 S.

836 5870 882 5898 “
920 5865 1070 5922 Max.
1112 5867 1165 5922 in
1213 5864 1550 5923 indivisibili.
