4186 6308
215 415 325 472 845

788 412 877 469 DE
909 411 1164 470 DIVINIS
1194 411 1592 478 NOMINIBUS,
1625 410 1777 469 CAP.
1819 408 1882 464 ν.
1925 439 1996 452 -
2033 410 2382 466 PARAPHR.
2427 411 2898 468 PACHYMERIE.

3371 415 3476 471 Βίϐ

214 533 422 603 εχουσι.
449 530 563 583 Καὶ
587 529 655 584 τὰ
698 529 797 602 μὲν
821 530 1084 601 πρεσϐεῖα
1123 528 1220 582 τοῦ
1262 523 1423 591 εῖναι,
1467 525 1710 598 δηλονότι
1752 525 1804 578 τὸ

1915 525 2023 580 Deo
2051 536 2209 590 sum;
2249 535 2303 581 et
2335 541 2439 581 non
2477 536 2687 582 tantum
2721 531 2790 583 ab
2821 543 2886 583 eo
2928 536 2987 582 ut
3021 529 3159 593 sint,
3196 530 3289 585 sed
3314 534 3474 587 etiam

215 622 570 694 ὑψηλότερον,
611 623 641 674 ὅ
678 623 794 674 ἔστι
834 621 894 674 τὸ
917 620 1202 685 ἀθανάτως
1239 617 1401 684 εἶναι,
1445 622 1568 684 ταῖς
1592 623 1807 690 νοηταῖς

213 714 466 786 ἐδωρήθη
511 714 827 785 δυνάμεσιν,
874 713 941 777 ἃς
992 715 1086 766 καὶ
1139 713 1364 776 αίωνίας
1412 712 1692 775 ἐκάλεσεν,
1732 712 1809 775 ὡς

212 804 414 868 αἰῶνος
445 804 798 876 μετεχούσας*
826 807 860 876 ἡ
884 804 944 858 δὲ
983 803 1142 858 τοῦτο
1179 803 1414 873 λέγουσα
1449 803 1639 875 Γραφή
1666 805 1802 856 ἐστι’

219 897 302 951 Τὰ
331 897 442 967 γὰρ
478 897 832 967 βλεπόμενα
866 898 1233 965 πρόσκαιρα·
1273 897 1344 951 τὰ
1371 895 1441 950 δὲ
1464 896 1550 966 μὴ
1575 898 1804 962 ,βλεπό-

205 1003 370 1058 μενα
403 987 630 1041 αἰώνια.
662 987 801 1040 Αὐτὸ
839 987 895 1041 δὲ
923 987 983 1040 τὸ
1008 983 1144 1041 εἶναι
1172 984 1426 1042 οὐδέποτε
1453 989 1806 1042 ἀπολείπεται

207 1079 325 1130 τῶν
371 1078 540 1130 ὄντων
559 1093 573 1106 ο
627 1078 715 1130 ὅτε
757 1076 867 1148 γὰρ
909 1078 1196 1132 ἀπολείπει
1215 1079 1277 1132 τὸ
1301 1075 1460 1145 εἶναι,
1486 1081 1584 1135 ούκ
1606 1081 1720 1135 ἔστι
1746 1082 1808 1134 τὸ

208 1170 296 1222 ὅν.
339 1169 452 1222 Καὶ
489 1169 620 1223 αύτὺ
657 1170 788 1240 γοῦν
811 1169 873 1223 τὸ
899 1165 1038 1224 εἶναι
1063 1173 1129 1224 ὲκ
1151 1171 1245 1224 τοῦ
1273 1172 1548 1243 προόντος,
1592 1172 1672 1226 διὸ
1713 1174 1807 1227 καὶ

211 1264 274 1315 ὲν
296 1263 375 1334 τῷ
414 1263 534 1334 Θεῷ
573 1265 692 1317 ἐστι
716 1264 777 1317 τὸ
801 1259 962 1328 εῖναι,
990 1263 1066 1328 ὡς
1091 1264 1149 1317 ἐν
1173 1266 1266 1318 καὶ
1311 1265 1442 1318 αὐτὸ
1466 1266 1574 1318 τῶν
1599 1265 1807 1338 ἐτέρων

211 1353 382 1409 θείων
409 1356 566 1410 εἰδῶν
616 1358 710 1411 καὶ
737 1358 994 1429 νοήσεων,
1019 1359 1117 1430 τῆς
1144 1359 1310 1429 ζωῆς,
1336 1360 1433 1431 τῆς
1463 1361 1653 1428 σοφίας
1673 1402 1687 1426 ,
1713 1362 1808 1417 καὶ

207 1448 325 1500 τῶν
367 1448 643 1503 τοιούτων.
686 1450 758 1502 Οὐ
803 1449 908 1521 μὴν
947 1450 1004 1503 δὲ
1049 1453 1077 1504 ὁ
1115 1450 1247 1515 Θεὸς
1281 1452 1338 1505 ὲν
1369 1451 1449 1522 τῷ
1471 1449 1649 1506 εἶναι*
1699 1455 1807 1526 πρὸ

210 1540 327 1612 γὰρ
353 1539 448 1594 τοῦ
475 1536 614 1594 εἷναί
659 1543 805 1594 ἐστιν
833 1540 1020 1612 (αύτοῦ
1045 1542 1153 1612 γάρ
1179 1543 1295 1595 ἐστι
1319 1543 1381 1596 τὸ
1408 1539 1567 1607 εἶναι,
1612 1543 1688 1609 ὼς
1711 1548 1805 1598 καὶ

211 1632 248 1702 ἡ
296 1631 436 1702 ζωὴ,
487 1633 582 1686 καὶ
619 1633 680 1685 τὸ
707 1633 841 1702 φῶς,
872 1635 963 1687 καὶ
985 1633 1084 1686 ούκ
1120 1633 1278 1697 αὐτὸς
1309 1635 1403 1688 τοῦ
1441 1631 1622 1706 εἷναι).
1661 1636 1724 1689 Τί
1749 1637 1804 1689 δέ

211 1724 354 1784 ἐστι,
403 1723 496 1774 καὶ
538 1722 696 1776 αὑτὸν
741 1722 852 1792 ἔχει
880 1721 941 1775 τὸ
966 1718 1126 1784 εἶναι,
1162 1723 1256 1776 καὶ
1279 1725 1380 1778 οὐκ
1403 1724 1563 1788 αὐτὸς
1587 1727 1762 1779 ἐκεῖνο
1787 1743 1801 1791 ;

209 1809 246 1881 ἦ
278 1811 402 1863 ἐπεὶ
429 1810 566 1880 μετά
591 1811 696 1864 τῶν
722 1811 894 1864 ἀλλων
933 1812 1346 1882 σημαινομένων
1396 1811 1490 1865 τοῦ
1531 1814 1693 1882 ἔχειν
1729 1813 1806 1867 λέ-

209 1921 376 1974 γεται
418 1905 560 1976 ἔχειν
611 1907 702 1959 καὶ
740 1906 799 1959 τὺ
846 1905 966 1958 καθ’
1007 1905 1118 1971 ἕξιν
1145 1906 1365 1977 προσὸν,
1393 1906 1468 1971 ὡς
1495 1906 1635 1978 ἔχειν
1662 1907 1805 1976 λεγόο

215 1997 362 2067 μεθα
389 1996 615 2050 ὅντωσιν
659 2000 751 2051 καὶ
783 1998 928 2070 ζωὴν
953 2039 966 2061 ,
991 1990 1065 2051 ὧν
1091 1999 1217 2052 ἀνευ
1242 1997 1364 2052 οὔτε
1388 1993 1528 2070 ἦμεν
1555 1999 1620 2052 ἂν
1637 2039 1650 2064 ,
1680 1998 1803 2052 οὔτε

208 2087 438 2160 εἴχομεν
465 2106 478 2119 ·
525 2089 682 2143 τοῦτο
725 2090 786 2143 τὸ
828 2091 1222 2163 σημαινόμενόν
1249 2093 1394 2145 ἐστιν
1420 2091 1671 2146 ἐνταῦθα.
1701 2094 1806 2146 Αύ-

207 2183 304 2235 τὺν
332 2181 464 2250 γοῦν
489 2183 580 2235 τὸν
604 2183 736 2236 Θεὸν
763 2182 876 2253 ἔχει
911 2183 971 2236 τὸ
996 2179 1133 2236 εἶναι
1154 2224 1167 2247 ,
1211 2183 1298 2237 ἵνα
1327 2187 1527 2256 συστῇ,
1570 2185 1656 2238 ἵνα
1695 2185 1806 2238 δει-

209 2272 340 2343 χθῇ,
369 2273 468 2326 οὐκ
506 2273 666 2336 αὐτὸς
688 2275 863 2327 ὲκεῖνο
889 2275 968 2338 εἰς
993 2274 1202 2329 οίκείαν
1227 2273 1476 2346 ὕπαρξιν·
1512 2275 1671 2340 αὐτὸς
1697 2277 1806 2347 γάρ

208 2361 334 2415 ἐστι
368 2364 459 2416 καὶ
489 2361 582 2416 τοῦ
628 2359 764 2418 εἶναι
791 2364 948 2428 αἰὼν,
988 2366 1082 2418 καὶ
1119 2365 1283 2438 ἀρχὴ,
1329 2368 1423 2420 καὶ
1455 2366 1674 2438 μέτρον,
1711 2369 1805 2420 καὶ

210 2455 438 2507 πάντων
465 2453 628 2524 ἀρχὴ,
673 2456 767 2508 καὶ
817 2456 1070 2528 μεσότης,
1108 2457 1202 2510 καὶ
1232 2456 1484 2529 τελευτή·
1513 2459 1664 2532 πάσῃ
1697 2459 1805 2530 γὰρ

208 2545 442 2616 ἐπιϐολῇ
473 2546 567 2598 τοῦ
601 2545 692 2599 νοῦ
738 2548 1168 2618 προῦπαντῶσαν
1191 2549 1434 2622 εὑρίσκει
1457 2567 1540 2614 τις
1557 2551 1642 2618 ἐφ’
1670 2544 1713 2618 ᾦ
1739 2551 1805 2605 ἂν

209 2637 310 2690 καὶ
344 2637 603 2704 σκέψαιτο
632 2637 724 2690 τοῦ
768 2639 940 2691 αἰτίου
980 2640 1080 2711 τὴν
1127 2640 1354 2703 ἔννοιαν,
1388 2641 1552 2712 ῆγουν
1589 2640 1683 2694 τοῦ
1720 2641 1807 2712 δη.

213 2746 341 2798 μιου
349 2727 500 2799 ργοῦ.
522 2729 594 2781 Tb
612 2724 704 2782 οὖν
720 2729 1350 2791 πολλαπλασιάζεσθαι
1365 2731 1515 2801 δηλοῖ
1535 2732 1594 2784 τὸ
1617 2731 1673 2784 ὲν
1692 2734 1805 2796 τοῖς

210 2820 436 2883 πολλοῖς
465 2821 634 2875 αἴτιον
671 2823 762 2874 τὸν
789 2823 950 2876 αὑτὸν
979 2822 1318 2893 Θεωρεῖσθαι,
1353 2825 1447 2878 καὶ
1471 2824 1555 2892 ἐφ’
1575 2825 1655 2877 ἑνὶ
1680 2825 1807 2877 πάν-

209 2928 324 2964 των
357 2911 572 2983 ἑκάστῳ
600 2914 790 2977 ὁσάκις
827 2931 911 2978 τις
934 2915 1232 2979 ἐπιϐάλλοι,
1267 2917 1359 2969 καὶ
1380 2917 1568 2980 ὁσάκις
1596 2916 1714 2979 ῐδοι,
1742 2917 1808 2969 τὸ

212 3005 453 3075 πρᾶγμα
504 3006 895 3078 σκοπούμενος,
945 3009 1036 3061 τὸν
1081 3009 1212 3064 Θεὸν
1262 3010 1348 3063 ἀεὶ
1397 3009 1805 3081 ἀναλογίζεσθαι

210 3095 427 3149 αι’-τιον·
486 3098 626 3151 κατὰ
673 3099 830 3153 τοῦτο
859 3101 966 3173 γὰρ
1006 3101 1146 3155 κατά
1189 3105 1366 3156 πᾶσαν
1407 3105 1646 3158 ἐπίνοιαν
1686 3106 1807 3157 πολ-

210 3187 664 3254 λαπλασιάζεται,
713 3193 804 3245 καὶ
854 3192 995 3264 ἀρχὴ
1039 3196 1131 3248 καὶ
1180 3196 1410 3267 μεσότης
1450 3197 1543 3252 καὶ
1580 3197 1802 3270 τελευτή
1833 3219 1875 3278 (ς

211 3283 357 3333 ἐστι.
394 3281 467 3333 Tb
513 3278 664 3336 Θεῑον
708 3283 831 3337 οὔτε
875 3285 936 3338 τὸ
964 3283 1052 3357 ἦν,
1082 3285 1206 3340 οὔτε
1242 3288 1304 3341 τὸ
1332 3289 1482 3343 ἔσται
1523 3289 1634 3362 ἔχει
1667 3291 1806 3344 κατὰ

210 3371 308 3425 τὸν
336 3371 499 3427 πολὺν
533 3374 591 3426 ὲν
619 3374 865 3448 θεολογίᾳ
895 3378 1212 3451 Γρηγόριον.
1255 3380 1391 3434 Ἀλλ’
1424 3382 1541 3435 οὐδὲ
1571 3383 1631 3436 τὸ
1661 3383 1807 3436 ἐστὶν

212 3465 306 3518 ἐπ’
342 3465 506 3520 αὐτοῦ
545 3467 998 3539 κυριολεκτεῖται,
1033 3471 1174 3524 κατὰ
1205 3471 1390 3524 τοῦτον
1433 3471 1494 3543 δὴ
1529 3473 1621 3525 τὸν
1667 3472 1808 3526 Θεῖον

213 3559 494 3613 Διονύσιον
518 3577 532 3590 ·
575 3561 636 3613 τὸ
671 3562 779 3635 γὰρ
803 3563 976 3616 ἐστίν
1001 3563 1205 3617 ἔννοιαν
1233 3565 1575 3636 παρεισάγει,
1608 3567 1688 3619 δτι
1723 3584 1810 3637 με·

215 3652 368 3722 τέχει
397 3653 490 3706 τοῦ
517 3648 655 3706 εἶναι
673 3671 686 3684 ⁸
721 3655 748 3707 ό
787 3654 844 3707 δὲ
869 3653 1001 3718 Θεὸς
1025 3655 1084 3708 οὒ
1123 3656 1336 3726 μετέχει
1365 3655 1458 3708 τοῦ
1486 3651 1623 3708 εἶναι
1646 3697 1660 3718 ,
1693 3642 1805 3708 ἀλλ’

216 3745 354 3798 αὐτὸ
376 3743 436 3796 τὸ
464 3740 602 3798 εἶναι
641 3744 856 3816 μετέχει
892 3745 986 3798 τοῦ
1016 3745 1170 3810 Θεοῦ,
1207 3747 1301 3801 καὶ
1323 3748 1379 3800 ὲν
1417 3745 1495 3818 τῷ
1523 3746 1641 3818 Θεῷ
1665 3748 1803 3814 ἐστι,

217 3835 404 3898 καθὼς
435 3839 526 3890 καὶ
561 3838 817 3909 ἀνωτέρω
857 3838 1136 3910 ἐλέγομεν.
1186 3839 1310 3903 Πῶς
1349 3834 1442 3894 οῦν
1471 3839 1703 3894 ἐνταῦθα
1735 3842 1806 3893 τί·

217 3928 376 3999 Θησιν
401 3930 429 3980 ὀ
455 3928 608 3997 ἅγιος
633 3967 647 3990 ,
682 3931 762 3981 ὅτι
785 3930 877 3982 καὶ
901 3930 960 3983 τὸ
984 3926 1071 4000 ἦν,
1111 3931 1205 3984 καὶ
1231 3930 1292 3983 τὸ
1314 3930 1488 3995 ἔσται,
1521 3931 1613 3984 καὶ
1640 3931 1806 3986 τᾶλλα

216 4021 252 4075 ἆ
273 4021 339 4091 δή
360 4020 496 4073 εἰσιν
531 4019 773 4074 ἀνοίκεια
802 4019 894 4074 τοῦ
919 4021 1073 4087 Θεοῦ,
1107 4023 1201 4076 ἐπὶ
1230 4021 1365 4076 Θεοῦ
1394 4025 1600 4096 κυρίως
1631 4025 1805 4094 ὑμνεῖ-

216 4130 340 4178 ται;
362 4113 530 4177 Αὐτὸς
553 4115 582 4166 ὁ
613 4115 784 4182 ἀγιος,
808 4111 949 4168 λύων
974 4115 1070 4186 τὴν
1097 4114 1350 4187 ἀπορίαν,
1378 4117 1560 4187 φησὶν,
1587 4117 1666 4170 ὃτι
1689 4115 1804 4170 Oto-

217 4202 445 4274 πρεπῶς
465 4204 709 4256 νοοῦνται
723 4203 896 4259 ταῦτα
916 4206 1007 4258 ἐπὶ
1024 4205 1178 4259 Θεοῦ·
1197 4207 1368 4260 ταῦτα
1388 4207 1496 4280 γὰρ
1516 4208 1690 4262 πάντα
1711 4209 1804 4261 καὶ

215 4294 474 4365 ἀλλότριά
495 4297 598 4347 είσι
617 4295 708 4349 τοῦ
735 4296 890 4360 Θεοῦ,
910 4297 1003 4350 καὶ
1027 4297 1186 4351 πάλιν
1208 4300 1266 4352 ὲν
1285 4299 1362 4370 τῷ
1383 4298 1500 4371 Θεῷ
1521 4299 1644 4364 εἰσι,
1669 4301 1803 4354 καοὸ

213 4383 313 4438 τοῦ
341 4381 479 4438 εἶναι
515 4386 884 4458 μετειλήφασι.
921 4387 1078 4442 Κατὰ
1111 4388 1220 4460 γὰρ
1257 4390 1355 4462 τὴν
1389 4391 1482 4445 τοῦ
1515 4392 1688 4445 αἰτίου
1719 4391 1802 4445 ἐν-

213 4491 368 4529 νοιαν
392 4476 571 4528 πάντα
590 4475 682 4530 τοῦ
705 4475 839 4529 Θεοῦ
871 4476 1136 4546 λέγονται,
1158 4481 1252 4533 καὶ⁹
1269 4481 1354 4533 ἐπ’
1372 4480 1536 4534 αὑτοῦ
1558 4481 1797 4535 νοοῦνται

1911 625 1974 670 ut
2013 616 2152 672 bene
2197 617 2327 684 sint,
2375 619 2595 673 habent.
2632 623 2813 690 Atque
2840 637 3064 677 munera
3091 623 3307 689 quidem
3337 625 3479 678 anti-

1910 707 2127 778 quiora.
2173 723 2226 762 ν.
2262 725 2315 780 g.
2345 709 2635 764 sublimius
2663 725 2784 766 esse
2809 751 2826 777 ,
2862 727 2956 768 seu
2989 713 3297 768 immortale
3333 730 3477 776 esse,

1911 799 2320 856 intellectiiibus
2362 802 2671 857 'virtulibus
2728 818 2988 859 concessa
3042 814 3188 867 sunt,
3238 821 3375 875 quas
3425 818 3478 861 et

1907 899 2146 948 eternas
2174 892 2485 963 appellavit,
2510 903 2570 948 ut
2601 909 2720 964 quae
2741 896 3068 965 participant
3092 898 3478 961 aeternitatem,

1908 995 2031 1036 cum
2061 989 2118 1037 et
2146 982 2426 1052 Scriptura
2455 984 2642 1041 dicat:
2677 986 2818 1040 Nam
2848 1003 2965 1058 qua:
3003 988 3246 1043 videntur
3283 999 3482 1058 tempe.-

1908 1085 2072 1124 ranea
2099 1081 2255 1138 sunt;
2275 1088 2396 1142 qua
2420 1090 2540 1129 vero
2569 1091 2674 1129 non
2705 1075 2968 1142 videntur,
2994 1088 3189 1133 azterna
3224 1086 3274 1133 7.
3300 1080 3477 1150 ipsum

1907 1177 2080 1234 porro
2119 1179 2240 1220 esse
2286 1179 2468 1222 rerum
2516 1182 2790 1237 nunquam
2827 1170 3048 1237 deﬁcit;
3099 1173 3315 1242 quando
3333 1173 3478 1229 enim

1908 1255 2092 1311 deilcit
2129 1255 2306 1326 ipsum
2339 1273 2490 1324 esse,
2525 1259 2638 1330 jam
2678 1277 2784 1318 non
2831 1272 2914 1317 est
2941 1277 3063 1320 eris.
3094 1263 3478 1322 Verumtamen

1909 1345 2038 1402 illud
2057 1349 2228 1418 ipsum
2248 1364 2365 1405 esse
2382 1361 2466 1406 est
2480 1367 2546 1407 ex
2565 1368 2628 1409 eo
2641 1354 2730 1423 qui
2750 1354 2898 1426 prius
2915 1365 3020 1415 est.
3043 1357 3296 1425 quocirca
3312 1360 3478 1414 etiam

1909 1447 2232 1495 camerarum
2258 1439 2558 1498 formarum
2583 1446 2890 1500 divinarum
2914 1447 3476 1519 etintelligentiarum,

1909 1529 2054 1593 vitae,
2078 1529 2380 1599 sapientiae,
2411 1543 2467 1587 et
2495 1533 2751 1588 similium
2784 1550 2902 1590 esse
2925 1535 2979 1590 in
3013 1535 3123 1592 Deo
3148 1538 3276 1606 quid
3311 1555 3479 1594 unum

1909 1629 1964 1674 et
2012 1620 2154 1674 idem
2206 1634 2312 1678 est.
2346 1622 2700 1695 Nequaquam
2743 1635 2921 1681 tamen
2974 1626 3116 1682 Deus
3154 1637 3236 1682 est
3277 1629 3328 1682 in
3365 1630 3480 1698 ipsa

1915 1711 2270 1778 exsisteutia;
2305 1729 2429 1768 nam
2461 1717 2674 1772 exsistit
2702 1728 2830 1774 ante
2888 1720 3060 1788 ipsam
3108 1721 3478 1776 exsistcntiam

1915 1803 2196 1871 (quoniam
2221 1806 2389 1876 ipsius
2420 1809 2860 1877 estexsistentia,
2889 1811 2966 1867 uti
2997 1813 3159 1868 etiam
3188 1815 3294 1868 vita
3318 1822 3372 1868 et
3398 1813 3481 1868 lu-

1907 1907 2054 1958 men,
2083 1902 2139 1948 et
2177 1910 2284 1950 non
2331 1897 2445 1966 ipse
2472 1907 2556 1955 est
2582 1901 2961 1972 exsistentie).
2995 1903 3134 1970 Quid
3170 1911 3352 1960 autem
3373 1904 3477 1960 sibi

1917 1984 2053 2051 vult,
2100 1987 2243 2056 quod
2297 1988 2471 2057 ipsum
2519 1989 2718 2046 habeat
2759 1991 3187 2062 exsistentia,et
3227 2010 3332 2049 nou
3365 1995 3480 2066 ipse

1917 2077 2330 2133 exsistentiam?
2381 2081 2482 2136 nisi
2534 2094 2912 2153 cum,preter
2948 2085 3087 2141 alias
3128 2087 3282 2142 istius
3329 2089 3480 2143 verbi

1907 2167 2102 2223 habere
2155 2171 2612 2240 signiﬁcationes,
2673 2177 2875 2231 dicitur
2924 2177 3126 2247 aliquid
3176 2179 3376 2236 habere
3426 2183 3480 2235 id

1907 2262 2049 2331 quod
2093 2261 2144 2317 ei
2191 2264 2495 2319 secundum
2545 2266 2790 2322 habitum
2833 2268 3020 2331 adest;
3077 2270 3219 2324 sicut
3249 2271 3481 2326 dicimur

1907 2352 2109 2409 habere
2146 2357 2432 2412 entitatem
2476 2365 2532 2413 et
2573 2358 2761 2425 vitam,
2801 2361 2919 2417 sine
2956 2363 3154 2433 quibus
3190 2378 3289 2418 nec
3329 2379 3479 2421 esse-

1907 2458 2026 2500 mus
2043 2445 2283 2515 quidem,
2317 2463 2416 2503 nec
2444 2448 2737 2520 quidquam
2771 2452 3134 2508 haberemus:
3173 2454 3273 2509 hoc
3296 2465 3478 2510 autem

1913 2535 2003 2590 hic
2024 2538 2381 2609 signiﬁcatur.
2408 2540 2526 2612 ipsa
2553 2541 2733 2612 itaque
2757 2544 3073 2599 exsisteutia
3101 2544 3268 2600 Deum
3295 2547 3477 2612 liabet,

1919 2625 2086 2701 m
2126 2639 2185 2684 ut
2220 2631 2481 2688 subsistat
2512 2643 2571 2689 et
2604 2644 2885 2704 appareat,
2930 2651 3034 2692 non
3078 2638 3192 2707 ipse
3217 2638 3360 2694 illam
3380 2639 3479 2694 lia-

1909 2719 2004 2777 bet
2027 2732 2082 2776 ut
2100 2723 2351 2791 exsistat;
2373 2740 2496 2780 nam
2516 2725 2741 2795 ipsemet
2768 2741 2938 2781 aevum
2957 2739 3039 2784 est
3052 2731 3404 2798 exsistentiaa,
3424 2741 3481 2784 ct

1909 2810 2262 2881 principium,
2295 2820 2350 2868 et
2379 2829 2662 2880 mensura,
2701 2825 2755 2870 et
2791 2831 2972 2871 rermn
3002 2818 3244 2873 omnium
3275 2822 3480 2889 princi-

1909 2902 2058 2974 pium
2080 2942 2098 2969 ,
2137 2914 2192 2959 et
2241 2905 2500 2970 medium,
2544 2915 2598 2962 et
2621 2906 2767 2961 ﬁnis.
2798 2909 3069 2977 Quidquid
3103 2910 3245 2964 enim
3271 2913 3478 2983 cogite-

1913 3005 2024 3062 tur,
2049 3004 2105 3050 et
2134 2995 2200 3050 ad
2228 3011 2614 3068 quamcunque
2655 3014 2766 3054 rem
2791 3002 2912 3070 quis
2941 3011 3178 3056 mentem
3205 3002 3478 3068 intendat,

1911 3088 2151 3144 inveniet
2192 3089 2244 3143 in
2283 3105 2344 3144 ea
2376 3091 2649 3146 notionem
2682 3107 2881 3160 causa),
2917 3095 2970 3149 id
2995 3103 3077 3150 est
3097 3095 3337 3151 auctoris
3360 3098 3477 3152 Dei.

1911 3178 2025 3236 Hoc
2066 3182 2230 3253 igitur
2279 3192 2364 3238 est
2413 3184 2788 3253 multiplicari,
2827 3187 2978 3241 cerni
3022 3202 3145 3243 eum
3190 3190 3243 3243 in
3293 3190 3479 3245 multis

1911 3287 2156 3338 causam,
2188 3284 2244 3328 et
2270 3274 2322 3328 in
2357 3275 2654 3344 quamlibet
2680 3291 2866 3331 earum
2900 3279 3327 3350 quotiescunque
3355 3283 3481 3351 quis

1914 3365 2178 3431 intendat,
2201 3375 2258 3421 et
2285 3380 2400 3421 rem
2425 3366 2592 3436 ipsam
2615 3369 2945 3437 speculetur,
2965 3385 3178 3440 semper
3204 3373 3256 3426 in
3289 3386 3353 3427 ea
3388 3387 3479 3427 re-

1910 3458 2082 3527 periet
2119 3457 2393 3514 notionem
2441 3461 2681 3515 auctoris
2711 3460 2840 3528 Dei;
2882 3462 3040 3533 juxta
3079 3465 3179 3518 hoc
3213 3464 3358 3519 enim
3389 3481 3479 3522 se-

1911 3552 2148 3606 cundum
2176 3567 2394 3608 omnem
2417 3554 2800 3624 cogitationem
2825 3557 3220 3628 multiplicatur
3243 3598 3260 3626 ,
3289 3569 3480 3629 estque

1909 3645 2256 3714 principium,
2282 3656 2336 3700 et
2357 3647 2679 3714 mediuzn,et
2701 3649 2842 3704 tinis.
2871 3651 3008 3706 Deus
3033 3667 3206 3721 neque
3229 3661 3478 3718 erat,ne-

1908 3746 2015 3800 que
2037 3734 2144 3786 erit
2167 3733 2351 3799 habet,
2373 3738 2670 3790 secundum
2692 3735 3012 3808 Gregorium
3043 3741 3300 3796 eximium
3324 3743 3476 3797 thro-

1910 3824 2118 3896 logum.
2149 3824 2255 3880 Sed
2287 3841 2465 3898 neque
2484 3835 2564 3883 est
2585 3829 2649 3882 de
2669 3830 2786 3900 ipso
2811 3836 3025 3900 proprie
3043 3833 3262 3900 dicitur,
3280 3848 3478 3891 secun-

1908 3916 2036 3971 dum
2053 3917 2196 3972 hunc
2220 3918 2282 3973 D.
2298 3918 2633 3990 Dionysium,
2651 3925 2902 3990 quoniam
2929 3924 3148 3978 verbum
3171 3938 3244 3979 es!
3257 3941 3475 3983 sensum

1906 4010 2120 4080 ingerit,
2135 4025 2200 4067 ac
2214 4011 2259 4066 si
2281 4012 2566 4082 participet
2591 4015 2960 4068 exsistentiam
2979 4033 2993 4081 ;
3015 4016 3154 4072 Deus
3172 4027 3477 4076 autemnon

1904 4104 2196 4175 participat
2220 4107 2615 4173 exsistentiam,
2648 4109 2740 4163 sed
2771 4108 2999 4177 ipsamet
3032 4111 3346 4165 exsistentia
3379 4113 3476 4169 Dei

1905 4196 2173 4266 particeps
2201 4206 2303 4264 est,
2321 4207 2375 4251 et
2394 4197 2445 4252 in
2479 4197 2588 4253 Deo
2617 4199 2848 4264 exsistit,
2866 4202 3006 4255 sicut
3032 4203 3194 4255 etiam
3225 4205 3476 4272 superius

1904 4286 2157 4344 diximus.
2178 4289 2457 4355 Quomodo
2475 4303 2603 4360 ergo
2618 4291 2936 4346 hicsanctus
2950 4294 3044 4357 ait,
3062 4295 3314 4363 quoniam
3331 4307 3472 4364 erat,

1902 4387 1956 4433 et
1978 4379 2103 4446 erit,
2123 4387 2177 4434 et
2190 4389 2380 4435 caetera
2397 4396 2516 4450 quae
2539 4381 2760 4437 minime
2779 4385 2992 4453 prapria
3011 4384 3264 4451 sunt-Dei,
3285 4388 3349 4441 de
3362 4387 3475 4442 Deo

1901 4473 2119 4542 proprie
2142 4473 2535 4541 praedicantur?
2558 4473 2787 4544 lpsemet
2817 4487 3036 4531 sanctus
3066 4479 3206 4532 hanc
3223 4480 3474 4548 quaestio-

213 4568 578 4637 t'amspouoiwg'
609 4567 671 4620 τὸ
702 4569 812 4642 γὰρ
847 4571 1266 4642 κατηγορεῖσθαι
1301 4572 1440 4627 κατὰ
1479 4572 1796 4643 φιλοσόφους

1905 4578 2024 4618 nem
2040 4563 2252 4620 solvens
2265 4568 2360 4631 ait,
2379 4566 2478 4621 ista
2492 4567 2558 4623 de
2571 4568 2680 4622 Deo
2692 4567 2796 4623 dici
2809 4578 3079 4638 quatenus
3103 4570 3268 4626 Deum
3295 4572 3469 4630 decet.

211 4657 375 4713 τοῦτο
393 4657 560 4728 δηλοῖ.
580 4659 665 4722 Ὦς
682 4661 810 4728 γοῦν
833 4662 1048 4716 πάντων
1064 4661 1255 4729 αίτιος,
1291 4666 1386 4718 καὶ
1411 4663 1506 4718 τοῦ
1537 4665 1669 4729 ἑστι,
1704 4667 1798 4720 καὶ

212 4745 314 4800 τοῦ
333 4742 420 4817 ἦν,
440 4749 638 4802 καὶτοῦ
654 4749 917 4817 γίνεσθαι,
936 4752 1138 4806 καὶτοῦ
1160 4753 1332 4819 ἔσται,
1347 4757 1404 4808 ὲν
1420 4754 1595 4826 ἑαυτῷ
1619 4756 1796 4810 πάντα

216 4839 453 4909 συνέχει·
475 4839 612 4910 πλὴν
633 4843 748 4911 ἄμα
764 4842 938 4895 πάντα
961 4844 1053 4895 καὶ
1073 4844 1132 4896 τὸ
1147 4840 1232 4915 ἦν,
1251 4847 1418 4899 καὶτὸ
1433 4847 1604 4911 ἔσται,
1623 4849 1715 4901 καὶ
1737 4848 1796 4902 τὺ

214 4928 388 4992 ἔστιν,
423 4930 560 5001 ὅπερ
581 4930 637 4984 ὲν
666 4929 770 4983 τίνι
796 4929 939 5001 ἄλλῳ
968 4930 1290 5003 λεχθήσεται
1316 4933 1562 4999 πώποτε;
1587 4936 1695 4988 Καὶ
1720 4926 1794 5008 μὴ

217 5020 381 5092 μόνον
404 5021 472 5074 τὰ
509 5021 874 5091 καταφατικὰ,
915 5023 1050 5078 ἀλλὰ
1088 5025 1182 5078 καὶ¹
1210 5025 1279 5080 ea
1307 5026 1640 5095 ἀποφατικὰ,
1665 5029 1798 5099 μᾶλ-

213 5111 311 5164 λον
361 5111 417 5165 δὲ
471 5113 564 5166 καὶ
607 5115 662 5167 ai
701 5116 982 5187 στερήσεις
1027 5115 1115 5170 ἐπ’
1171 5117 1334 5171 αὑτοῦ
1374 5117 1644 5189 λέγονται,
1705 5123 1799 5175 καὶ

213 5201 393 5256 ταῦτα
430 5203 567 5276 ἅμα,
611 5205 686 5270 ὠς
727 5201 863 5260 εἶναι
898 5209 992 5261 τὸν
1037 5208 1198 5263 αὑτὸν
1237 5193 1331 5263 καὶ
1362 5211 1678 5284 πάνσχημον
1706 5214 1801 5267 καὶ

210 5296 484 5365 ἄμορφον,
529 5298 623 5350 καὶ
658 5299 936 5352 πανείδεον
975 5301 1070 5353 καὶ
1101 5300 1346 5373 ἀκαλλῆ·
1389 5305 1572 5356 ἐκεῖνα
1612 5304 1701 5358 διὰ
1737 5307 1800 5358 τὸ

209 5385 390 5440 αἴτιον
428 5381 566 5440 εἷναι
592 5387 698 5442 τῶν
739 5389 1029 5462 σχημάτων
1052 5393 1145 5446 καὶ
1175 5392 1283 5446 τῶν
1311 5393 1463 5447 εἰδῶν
1505 5396 1756 5450 ἁπάντων
1779 5416 1792 5429 ·

209 5474 391 5529 ταῦτα
416 5475 503 5530 διὰ
525 5476 586 5531 τὸ
615 5479 754 5550 ὑπὲρ
793 5482 968 5535 πάντα
991 5483 1164 5537 ταῦτα
1192 5478 1330 5537 εἶναι
1351 5523 1367 5548 ,
1399 5485 1537 5538 κατὰ
1565 5486 1628 5539 τὸ
1654 5487 1792 5559 ὑπὲρ

211 5568 558 5638 ἀσωματίαν,
604 5573 696 5624 καὶ
725 5572 866 5644 ὑπὲρ
904 5573 1096 5628 ἀῦλίαν
1123 5576 1368 5648 ἄμορφον
1402 5577 1495 5629 καὶ
1533 5577 1788 5645 ἀνείδεον,

209 5660 316 5724 τὶς
344 5661 517 5734 ἀρχὰς
536 5703 551 5728 ,
595 5665 686 5718 καὶ
707 5665 775 5718 τά
808 5667 956 5739 τέλη,
981 5669 1074 5722 καὶ
1101 5668 1168 5722 τά
1200 5670 1340 5741 μέσα
1364 5669 1471 5722 τῶν
1499 5670 1664 5724 ὄντων
1694 5689 1790 5725 πε-

213 5750 612 5822 ριλαμϐάνοντα
631 5771 643 5783 ·
685 5754 908 5826 οὐδεμία
939 5757 1047 5827 γὰρ
1081 5759 1219 5830 ἀρχή
1249 5761 1414 5824 ἐστιν,
1440 5758 1577 5828 ὑπὲρ
1601 5759 1665 5829 ἢν
1689 5761 1787 5814 ούκ

364 5935 391 5976 7
416 5929 454 5982 ΙΙ
485 5928 610 5986 Cor.
648 5946 717 5998 Iv,
741 5931 826 5984 18.

1903 4653 2029 4709 Haec
2060 4655 2203 4710 enim
2226 4656 2404 4710 omnia
2431 4657 2594 4712 etiam
2624 4657 2797 4713 aliena
2825 4669 2950 4715 sunt
2978 4675 3006 4714 a
3031 4659 3162 4727 Deo,
3191 4673 3246 4717 et
3275 4663 3471 4720 iterum

1902 4747 1957 4802 in
1989 4746 2100 4804 Deo
2129 4757 2274 4818 sunt,
2298 4761 2565 4820 quatenus
2587 4753 2911 4821 participant
2939 4767 3075 4809 esse.
3106 4754 3297 4810 Omnia
3325 4756 3470 4810 enim

1903 4839 2194 4894 secundum
2223 4855 2441 4894 causam
2472 4842 2725 4896 dicuntur
2751 4843 2817 4898 de
2848 4845 2975 4907 Deo.
3009 4856 3062 4899 et
3091 4845 3232 4900 ineo
3272 4846 3474 4901 intelli-

1903 4937 2102 4998 guntur
2123 4930 2749 5000 suprasubstantialiter;
2781 4934 2881 4990 hoc
2910 4937 3052 4990 enim
3088 4937 3158 4990 ita
3186 4938 3471 5005 praedicari

1905 5021 2202 5076 secundum
2254 5022 2624 5093 philosophos,
2653 5025 2909 5080 declarat.
2945 5027 3014 5083 Ut
3053 5042 3183 5098 ergo
3228 5030 3470 5084 omnium

1905 5126 2063 5167 causa
2091 5122 2194 5181 est,
2224 5115 2386 5169 etiam
2411 5125 2511 5179 est,
2549 5127 2604 5172 et
2643 5127 2780 5183 erat,
2813 5128 2869 5173 et
2896 5120 3034 5188 ﬁeri,
3080 5131 3134 5174 et
3162 5123 3284 5187 erit,
3328 5123 3382 5178 in
3411 5139 3472 5179 se

1900 5204 2079 5260 omnia
2105 5206 2378 5270 continet;
2410 5223 2596 5263 verum
2620 5209 2777 5264 simul
2806 5212 2985 5266 omnia
3014 5222 3069 5266 et
3095 5223 3236 5278 erat,
3260 5224 3316 5272 et
3340 5217 3467 5285 erit,

1901 5309 2080 5364 etest,
2122 5299 2266 5369 quod
2298 5301 2364 5356 de
2397 5301 2545 5357 nullo
2574 5302 2680 5358 alio
2713 5303 2924 5358 dicetur
2952 5321 3208 5374 unquam.
3262 5307 3326 5362 Et
3358 5325 3470 5365 non

1901 5391 2072 5446 solum
2123 5390 2524 5460 aﬂirmationes,
2565 5409 2750 5449 verum
2787 5395 2950 5450 etiam
2989 5397 3325 5467 negationes,
3353 5416 3469 5454 ma-

1898 5483 1979 5553 gis
2000 5490 2179 5537 autem
2212 5483 2541 5553 privationcs
2577 5485 2642 5537 de
2687 5485 2799 5553 ipso
2824 5486 3095 5550 dicuntur,
3137 5495 3303 5556 atque
3351 5488 3468 5542 hinc

1897 5573 2079 5642 simul,
2126 5573 2272 5629 velut
2318 5575 2492 5643 ipsum
2545 5589 2666 5629 esse
2717 5575 2894 5630 oumis
2941 5575 3128 5631 forma:
3160 5587 3217 5631 et
3261 5578 3468 5647 absque

1896 5664 2088 5735 forma,
2127 5675 2183 5721 et
2222 5666 2400 5720 omnis
2439 5665 2620 5738 ﬁgurae
2662 5677 2715 5722 et
2749 5668 2867 5723 sine
2909 5668 3075 5740 ﬁgura
3101 5684 3193 5725 seu
3221 5670 3463 5739 pulchri-

1896 5758 2078 5814 tudine
2122 5776 2135 5812 :
2176 5756 2263 5814 illa
2291 5759 2528 5829 quidem,
2557 5761 2681 5829 quia
2721 5775 2877 5816 causa
2929 5770 3010 5817 est
3064 5762 3360 5818 formarum
3407 5770 3460 5816 et
