4186 6308
728 405 833 460 867

1885 404 1944 460 S.
1982 403 2278 461 DlONYSlI
2314 403 2772 461 AREOPAGITAS

3864 404 3979 460 848

726 519 1015 589 ﬁgurarum
1045 519 1314 582 omnium;
1355 523 1469 574 lucc
1503 533 1647 586 vero,
1676 521 1798 590 quia
1828 536 1988 590 supra
2019 537 2079 574 ea
2121 520 2293 575 omnia

2406 522 2519 575 ἔστι
2546 521 2678 585 Θεὸς
2699 520 2939 591 ἀσχέτως
2965 537 3058 574 και
3080 520 3452 592 ἐξῃρημένως·
3484 522 3576 574 καὶ
3614 518 3764 574 οὐδὲν
3801 520 3979 584 τέλος.

721 613 826 668 est,
869 613 919 660 et
960 621 1122 674 supra
1164 606 1558 674 incorporeum,
1605 618 1660 662 et
1709 619 1872 678 supra
1927 611 2300 666 irnmaterialt-

726 706 893 751 tatem
927 697 1098 752 forma
1143 698 1430 768 specieque
1467 713 1680 765 carens,
1717 703 1981 771 principia
2005 714 2058 757 et
2088 705 2221 759 ﬁnes
2248 718 2300 758 t'l

724 791 901 844 media
937 804 1116 844 rerum
1150 791 1602 860 circumplectens
1636 812 1649 847 :
1686 793 1887 846 nullum
1919 795 2062 849 enim
2094 797 2300 864 princi-

724 886 870 952 pium
919 892 1022 948 est,
1054 898 1214 951 supra
1258 884 1399 954 quod
1441 900 1546 938 non
1580 886 1649 939 sit
1685 885 1825 941 Deus
1857 888 2302 957 incontprehense

722 983 779 1029 et
807 984 1083 1042 exempte;
1111 985 1162 1028 et
1193 974 1368 1028 nullus
1395 974 1532 1038 linis,
1557 985 1676 1044 post
1705 991 1862 1045 quem
1887 993 1991 1032 non
2023 980 2094 1035 sit
2119 980 2257 1033 Deus
2284 993 2297 1041 ;

724 1073 780 1120 et
825 1065 1026 1120 nullum
1067 1067 1337 1133 medium,
1387 1067 1440 1120 in
1474 1083 1581 1137 quo
1609 1083 1714 1123 non
1744 1070 1817 1124 sit
1852 1067 2019 1135 Deus,
2055 1071 2206 1139 juxta
2238 1073 2300 1126 il—

723 1155 813 1211 lutl
850 1175 863 1210 :
898 1158 1006 1227 Ego
1037 1158 1431 1226 Densprimus.
1470 1170 1523 1213 et
1559 1174 1660 1229 ego
1695 1162 1988 1230 posthaec;
2022 1173 2072 1218 et
2106 1173 2302 1232 praeter

725 1262 810 1304 me
834 1266 940 1304 non
971 1260 1052 1306 est
1074 1253 1213 1306 alius
1238 1262 1259 1288 ε
1282 1269 1295 1317 ;
1322 1252 1421 1307 hoc
1439 1253 1580 1307 enim
1613 1263 1696 1308 est
1719 1255 2063 1325 principium,
2081 1267 2133 1310 et
2154 1258 2295 1324 finis,

722 1355 778 1399 et
824 1346 1081 1406 medium,
1113 1345 1298 1414 utique
1346 1347 1639 1400 secundum
1692 1363 1851 1400 unan:
1876 1358 1930 1402 et
1972 1364 2297 1419 supraquant

724 1438 925 1491 unitatn
962 1437 1123 1508 447
1155 1452 1392 1491 causam.
1445 1437 1598 1492 Licet
1650 1442 1793 1493 enim
1820 1441 1972 1494 multi
2021 1442 2129 1494 sint
2169 1442 2298 1495 ell‘e-

722 1539 846 1582 ctus
872 1541 925 1583 ct
955 1544 1175 1582 munera
1219 1528 1448 1592 inﬁnita,
1485 1540 1663 1583 tamen
1703 1547 1861 1599 supra
1885 1548 2098 1586 omnem
2140 1534 2296 1587 unio—

723 1636 844 1674 nem
878 1622 1039 1674 hahet
1091 1635 1250 1674 unum
1301 1621 1429 1673 illud
1479 1637 1673 1685 causa,
1717 1639 1836 1692 qua:
1883 1624 2088 1693 liquido
2125 1627 2299 1678 omni-

721 1711 822 1765 bus
882 1713 1064 1766 illucet
1105 1726 1253 1766 more
1299 1713 1428 1766 solis
1478 1712 1635 1780 hujus
1681 1715 1954 1769 sensibilis
2003 1738 2015 1771 :
2060 1717 2104 1769 si
2155 1719 2297 1769 enim

724 1805 846 1869 hic,
884 1820 1005 1865 enm
1027 1820 1093 1859 ex
1119 1804 1229 1858 Deo
1261 1803 1535 1865 subsistat,
1594 1806 1789 1864 multas
1852 1808 2182 1862 substantias
2234 1825 2296 1863 ac

733 1899 982 1952 diversas
1013 1897 1303 1965 qualitates
1327 1913 1467 1950 unus
1505 1899 1768 1952 exsiStens
1794 1897 2136 1953 uniformiter
2171 1901 2291 1955 illu-

725 1990 915 2053 minet,
967 2001 1042 2054 et,
1078 1989 1468 2043 illmuinatimte
1511 2007 1611 2042 una
1647 2001 1697 2044 et
1737 1988 1884 2043 unita
1919 2003 2291 2058 permanente,

722 2083 950 2136 diversae
1005 2083 1133 2134 [iam
1179 2082 1552 2150 Operatinnes;
1603 2091 1804 2150 quanto
1868 2081 2036 2152 magis
2086 2083 2135 2135 in
2185 2083 2292 2136 Deo

721 2174 843 2242 quis
881 2173 1008 2227 illttd
1042 2173 1324 2243 intelligat,
1354 2176 1442 2244 qui
1475 2186 1579 2226 tam
1610 2175 1752 2227 illius
1778 2188 1938 2242 quam
1974 2183 2288 2229 exterarum

722 2282 898 2319 rerum
935 2267 1182 2322 conditor
1209 2268 1553 2322 exsistit?Et
1577 2269 1620 2321 si
1654 2265 1732 2320 sol
1765 2277 2032 2320 tantorum
2067 2283 2288 2336 operum

720 2372 782 2410 ac
851 2359 1150 2412 motionum
1211 2374 1406 2412 causas
1478 2357 1820 2414 uniformiter
1880 2361 2286 2430 praeaeceperit.

719 2447 871 2501 unite
907 2457 1051 2503 totus
1095 2451 1350 2504 omnibus
1392 2449 1686 2519 all‘ulgens,
1722 2449 2009 2518 unicuique
2048 2465 2289 2506 commo-

719 2544 819 2595 dus
851 2540 1135 2609 inventus;
1162 2552 1363 2612 quanto
1394 2543 1561 2611 magis
1591 2545 1729 2611 apttd
1762 2544 2073 2598 Creatorem
2101 2560 2287 2599 exem—

718 2635 885 2702 plaria
935 2649 1114 2689 rerum
1166 2638 1406 2690 omnium
1437 2637 1700 2690 exsistere
1749 2637 2159 2691 concedamus?
2212 2639 2288 2692 Ac

717 2727 869 2781 Plato
905 2727 1118 2796 quidem
1151 2727 1298 2782 ideas
1326 2738 1379 2782 et
1425 2729 1754 2797 exemplaria
1796 2729 1956 2782 nimis
1997 2729 2086 2781 vili
2119 2739 2171 2781 et
2205 2730 2288 2782 in-

715 2818 874 2887 digna
917 2817 1009 2870 Dei
1041 2819 1254 2873 ratione
1283 2819 1526 2888 accepit;
1565 2820 1653 2871 hic
1683 2819 1845 2872 Pater
1880 2832 2008 2871 vero
2039 2820 2136 2872 hac
2171 2823 2288 2889 qui-

719 2909 844 2962 dem
875 2924 1003 2963 voee
1027 2926 1155 2964 usus
1183 2920 1263 2963 est
1288 2950 1302 2973 ,
1336 2912 1428 2964 sed
1473 2925 1688 2964 sensum
1719 2910 1833 2980 ejus
1866 2912 1951 2978 pie
1979 2909 2286 2979 explicavit,

716 3002 926 3065 dicens,
956 3003 1280 3070 exemplaria
1322 3017 1440 3056 esse
1472 3002 1710 3057 rationes
1738 3003 2193 3072 prmexsistcntes,
2227 3017 2286 3054 ac

713 3093 923 3147 divinas
947 3093 1250 3148 voluntates
1276 3108 1396 3164 qua:
1421 3094 1687 3148 definiunt
1711 3109 1775 3148 ac
1804 3092 2007 3147 faciunt
2037 3095 2287 3148 universa

714 3184 856 3250 (sola
891 3185 1035 3238 enim
1067 3184 1207 3253 (Dei)
1253 3184 1532 3238 voluntate
1574 3184 1754 3236 omnia
1794 3184 2119 3253 consistunt)
2151 3200 2288 3256 quas
2314 3215 2359 3270 ε

715 3285 770 3329 et
800 3275 1266 3343 prtedeﬁnitiones
1305 3291 1398 3330 seu
1436 3275 1937 3343 praedestinatioues
1970 3277 2125 3331 divus
2153 3278 2293 3331 Pau-

715 3367 800 3421 lus
827 3368 1083 3435 appellat,
1119 3366 1308 3422 dieens
1343 3385 1356 3421 :
1391 3367 1536 3433 Quos
1561 3378 1734 3421 autem
1766 3371 2174 3437 praedestinavit,
2199 3373 2292 3426 Iw:

712 3471 758 3511 et
801 3459 1001 3512 vocavit
1039 3469 1100 3523 ες
1132 3468 1186 3512 et
1216 3458 1344 3512 alibi
1377 3475 1390 3511 :
1435 3457 1538 3524 Qui
1576 3459 1962 3526 pra'deslinavit
2007 3477 2097 3512 uos
2125 3462 2180 3513 in
2212 3478 2294 3515 vo-

713 3555 914 3606 luntate
946 3571 1040 3606 sua
1070 3551 1120 3604 δ.
1151 3552 1304 3618 Quod
1342 3560 1522 3607 autem
1556 3553 1720 3606 etiam
1764 3554 2094 3608 substantias
2119 3556 2290 3608 addu-

712 3657 800 3697 cat
847 3647 1143 3699 secundum
1213 3647 1576 3713 egressionem
1627 3661 1656 3697 a
1715 3645 2051 3708 substantia,
2111 3646 2292 3700 istius-

713 3737 856 3791 modi
916 3738 1183 3792 rationem
1238 3739 1420 3793 habet.
1479 3739 1698 3792 Dixerat
1753 3739 1803 3792 in
1851 3739 1958 3792 Deo
2001 3753 2120 3792 esse
2176 3755 2290 3792 om-

714 3831 859 3884 nium
913 3844 1093 3884 rerum
1143 3831 1515 3900 exemplaria;
1559 3831 1755 3886 deinde
1813 3847 1876 3884 ae
1922 3831 1964 3884 si
2008 3832 2129 3901 quis
2160 3831 2291 3885 alia-

715 3939 832 3976 rum
872 3912 1090 3990 quidem
1133 3939 1313 3977 rerum
1353 3921 1588 3980 rationes
1623 3923 1674 3977 in
1709 3923 1818 3978 Deo
1858 3939 1979 3978 esse
2011 3925 2172 3986 dicat,
2203 3935 2287 3977 ut-

711 4027 840 4086 pttta
889 4015 1353 4084 providentiarum
1411 4031 1475 4070 ac
1531 4031 1855 4080 munerum,
1909 4025 2286 4082 motuumque,

710 4111 855 4163 sicut
904 4107 1199 4178 apostolica
1231 4107 1373 4163 dicta
1409 4109 1666 4175 tradunt;
1712 4105 1782 4162 ita
1827 4120 1884 4162 ut
1918 4108 2042 4162 hinc
2069 4109 2284 4178 quidem

711 4203 1079 4271 probabiliter
1115 4200 1422 4271 colligatur,
1475 4201 1986 4270 prtedestinationes
2040 4200 2284 4253 ministe-

712 4292 777 4345 rii
809 4305 861 4345 ct
891 4292 1228 4361 apostolatus
1271 4290 1618 4358 rationesque
1661 4291 1851 4344 horum
1895 4303 2020 4344 esse
2066 4288 2118 4342 in
2155 4287 2282 4348 Deo,

710 4383 950 4448 ipsarum
997 4391 1174 4433 autem
1221 4395 1575 4449 personarqu
1619 4379 1948 4449 exemplaria
2000 4393 2103 4432 non
2141 4392 2282 4432 esse.

710 4475 789 4527 Ac
832 4473 874 4528 si
925 4471 1045 4541 quis
1092 4473 1270 4542 itaque
1328 4473 1631 4527 istiusmodi
1680 4472 1946 4541 opinionis
2006 4469 2182 4531 foret,
2230 4479 2284 4522 et

2408 611 2526 683 μεθ’
2549 610 2579 664 6
2603 611 2702 664 οὐκ
2735 609 2848 663 ἔστι
2877 609 3006 673 Θεός
3026 627 3038 640 ·
3073 612 3166 664 καὶ
3187 611 3338 664 οὐδὲν
3367 611 3549 682 μέσον,
3579 612 3639 664 ἐν
3664 605 3708 679 ᾧ
3730 611 3830 664 οὐκ
3858 611 3982 665 ἐστι

2401 702 2550 766 Θεὸς,
2601 700 2739 755 κατὰ
2777 700 2867 754 τό·
2910 699 3050 768 Ἐγὼ
3078 700 3211 764 Θεὸς
3249 701 3493 773 πρῶτος,
3543 702 3636 755 καὶ
3681 703 3791 771 ἐγὼ
3838 702 3980 772 μετὰ

2400 793 2589 856 ταῦτα,
2635 795 2728 846 καὶ
2771 792 2908 863 πλὴν
2938 791 3071 861 ἐμοῦ
3108 793 3207 845 οὐκ
3243 793 3355 846 ἐστι
3378 810 3392 823 ·
3436 792 3593 846 τοῦτο
3620 794 3727 864 γάρ
3755 795 3906 847 ἐστιν
3943 797 3980 865 ἡ

2403 882 2562 954 ἀρχὴ,
2606 883 2668 934 τὸ
2706 881 2875 945 τέλος,
2918 881 3013 935 καὶ
3048 882 3106 934 τὸ
3150 881 3332 952 μέσον,
3373 882 3513 936 κατά
3540 882 3667 952 γοῦν
3716 882 3845 954 μίαν
3883 885 3982 937 καὶ

2404 973 2829 1044 ὑπερηνωμένην
2858 973 3056 1027 αἰτίαν.
3090 969 3168 1026 Ἐἰ
3203 975 3310 1044 γὰρ
3339 975 3505 1030 πολλὰ
3534 974 3598 1028 τὰ
3622 975 3836 1029 αἱτιατά
3877 975 3980 1028 καὶ

2401 1067 2454 1118 αἱ
2503 1067 2702 1119 δωρεαὶ
2750 1065 2986 1133 ἄπειροι,
3042 1065 3174 1119 ἀλλὰ
3225 1069 3319 1120 καὶ
3377 1068 3517 1139 ὑπὲρ
3565 1069 3745 1121 πᾶσαν
3768 1068 3981 1135 ,ἕνωσιν

2400 1155 2511 1226 ἔχει
2544 1157 2604 1209 τὸ
2641 1157 2837 1211 ἐνιαῖον
2876 1155 2937 1208 τὸ
2970 1155 3160 1220 αἴτιον,
3196 1158 3478 1229 ἀχράντως
3516 1161 3628 1222 τοῖς
3658 1160 3821 1212 πᾶσιν
3855 1161 3984 1210 ἐπι-

2400 1248 2637 1319 λάμπει,
2676 1249 2830 1319 δὶκην
2867 1247 2963 1303 τοῦ
2992 1249 3262 1321 αἰσθητοῦ
3303 1250 3493 1302 τούτου
3530 1249 3680 1320 ἡλίου
3723 1268 3736 1280 ³
3781 1253 3829 1304 εἰ
3864 1250 3984 1321 γὰρ

2399 1334 2551 1404 οὗτος
2573 1343 2600 1394 6
2629 1344 2692 1395 ἐκ
2723 1340 2818 1393 τοῦ
2848 1341 2981 1394 Θεοῦ
3007 1340 3244 1404 ὑποστάς
3277 1340 3474 1404 πολλὰς
3498 1341 3682 1404 οὐσίας
3716 1343 3807 1394 καὶ
3852 1341 3982 1394 δια-

2399 1433 2597 1502 φόρους
2637 1433 2924 1504 ποιότητας
2965 1427 3044 1496 εἷς
3080 1431 3154 1485 ῶν
3193 1433 3477 1504 μονοειδῶς
3517 1433 3834 1504 ἐπιλάμπει,
3883 1434 3984 1486 καὶ

2401 1525 2664 1595 μενούσης
2691 1527 2817 1596 μιᾶς
2842 1526 2932 1579 καὶ
2965 1526 3170 1589 ὲνιαίας
3202 1526 3300 1597 τῆς
3322 1526 3593 1596 λάμψεως,
3617 1526 3857 1598 διάφοροι
3887 1528 3981 1596 γί-

2399 1633 2574 1690 νονται
2616 1617 2670 1668 αἱ
2703 1617 3003 1688 ἐνέργειαι·
3048 1618 3224 1689 πολλῷ
3271 1636 3333 1687 γε
3381 1618 3577 1690 μᾶλλον
3608 1621 3699 1673 ἐπὶ
3745 1620 3878 1677 Θεοῦ
3919 1622 3984 1675 τὸ

2397 1708 2633 1762 τοιοῦτον
2677 1711 2884 1782 νοήσειέ
2916 1728 2999 1774 τις
3020 1711 3112 1764 τοῦ
3137 1711 3358 1782 ποιητοῦ
3391 1714 3484 1765 καὶ
3521 1711 3706 1778 αὐτοῦ,
3746 1714 3984 1767 καὶτῶν

2399 1799 2570 1852 ἄλλων
2605 1801 2877 1856 ἁπάντων.
2905 1801 3014 1853 Καὶ
3039 1803 3086 1853 εί
3110 1804 3137 1854 6
3163 1800 3309 1871 ἥλιος
3341 1801 3439 1865 τάς
3463 1801 3639 1866 αἰτίας
3668 1802 3775 1854 τῶν
3795 1802 3982 1856 τοσού-

2396 1908 2502 1943 των
2545 1890 2832 1962 ἐνεργειῶν
2866 1893 2958 1945 καὶ
2995 1893 3259 1962 κινήσεων
3299 1893 3580 1962 μονοειδῶς
3622 1895 3976 1965 προείληφεν,

2395 1985 2607 2047 ἑνιαίως
2638 1985 2756 2049 ὅλος
2779 1986 2978 2039 ἅπασιν
3009 1985 3350 2055 ἐπιλάμπων,
3380 1988 3474 2038 καὶ
3495 1989 3705 2059 ἑκάστῳ
3727 1988 3980 2058 εὑρισκό-

2397 2090 2555 2141 μενος
2605 2074 2926 2145 πρόσφορος
2974 2074 3151 2145 πολλῷ
3197 2093 3259 2144 γε
3303 2076 3497 2146 μᾶλλον
3550 2080 3978 2149 συγχωρήσομεν

2393 2163 2528 2219 εἶναι
2571 2168 2719 2238 παρὰ
2741 2168 2818 2239 τῷ
2846 2168 3160 2240 δημιουργῷ
3187 2170 3252 2222 τὰ
3279 2171 3386 2222 τῶν
3418 2170 3583 2223 ὄντων
3621 2172 3836 2224 πάντων
3864 2189 3977 2224 πα-

2398 2257 2750 2328 ραδείγματα.
2789 2260 2899 2312 Καὶ
2922 2261 2949 2311 6
2984 2259 3079 2329 μὲν
3102 2259 3322 2313 Πλάτων
3350 2259 3448 2323 τάς
3481 2261 3623 2323 ίδέας
3651 2261 3740 2313 καὶ
3771 2259 3840 2313 τά
3870 2278 3971 2315 πα-

2393 2349 2726 2420 ραδείγματα
2766 2351 3036 2414 ταπεινῶς
3081 2353 3174 2403 καὶ
3220 2350 3450 2418 ἀναξίως
3495 2350 3627 2405 Θεοῦ
3681 2351 3933 2421 ἐξείληφε
3961 2369 3974 2380 ·

2391 2441 2418 2492 6
2456 2441 2512 2493 δὲ
2567 2442 2745 2513 πατὴρ
2779 2445 2843 2513 τῇ
2889 2443 2982 2513 μὲν
3017 2442 3158 2509 λέξει
3185 2434 3494 2515 ἐχρήσατο,
3534 2444 3630 2514 τὴν
3666 2443 3721 2496 δὲ
3764 2444 3980 2497 ἔννοιαν

2391 2532 2627 2596 εὐσεϐῶς
2655 2533 2956 2606 ἐξηγήσατο
2975 2573 2988 2597 ,
3018 2535 3430 2605 παραδείγματα
3459 2536 3632 2604 λέγων
3657 2538 3782 2599 τοὺς
3807 2541 3982 2606 προῦ-

2392 2625 2666 2691 φεστῶτας
2707 2625 2915 2694 λόγους,
2965 2631 3058 2681 καὶ
3100 2628 3166 2680 τὰ
3201 2628 3525 2698 ἀφοριστικὰ
3565 2628 3822 2698 ποιητικὰ
3856 2628 3982 2683 θεῖα

2392 2717 2690 2787 θελήματα.
2726 2718 2895 2789 (μόνῳ
2934 2720 3042 2792 γὰρ
3085 2720 3160 2790 τῷ
3193 2720 3474 2790 βούλεσθαι
3521 2722 3588 2774 τὰ
3625 2722 3801 2775 πάντα
3850 2721 3980 2774 ὑπέο

2394 2814 2634 2882 στησεν·)
2683 2812 2775 2876 οὒς
2802 2816 2895 2866 καὶ
2923 2815 3288 2886 προορισμούς
3316 2815 3344 2866 6
3367 2814 3507 2878 θεῖος
3536 2813 3742 2877 Παῦλος
3768 2831 3934 2883 φησιν
3962 2832 3974 2846 ·

2395 2903 2511 2969 Οὓς
2547 2904 2614 2958 δὲ
2652 2905 2965 2973 προώρισε,
3011 2907 3202 2977 λέγων,
3251 2909 3498 2972 τούτους
3538 2907 3634 2959 καί
3676 2907 3936 2960 ἐκάλεσε
3959 2925 3973 2937 ·

2392 2998 2484 3049 καὶ
2513 2997 2736 3069 ἑτέρωθι
2755 3015 2766 3027 ·
2804 2993 3134 3067 Προορίσας
3167 3001 3323 3070 ἡμᾶς
3356 2999 3425 3052 ἐν
3450 2999 3528 3063 τῷ
3558 2999 3842 3068 θελήματι
3869 3001 3979 3053 a6-

2393 3088 2517 3141 τοῦ.
2559 3089 2631 3141 Τὸ
2665 3089 2739 3153 δὲ,
2785 3092 2906 3144 ἐπεὶ
2955 3094 3046 3144 καὶ
3076 3092 3259 3155 οὐσίας
3302 3093 3534 3163 παράγει
3566 3091 3701 3144 κατὰ
3726 3092 3822 3160 τὴν
3867 3091 3980 3143 άπὸ

2391 3181 2580 3244 οὐσίας
2609 3181 2851 3245 ἑκϐασιν,
2891 3184 3131 3236 τοιοῦτόν
3172 3202 3291 3236 τινα
3321 3183 3430 3253 ἔχει
3460 3183 3632 3250 λόγον.
3666 3182 3856 3246 Εἶπεν,
3891 3183 3977 3236 ὅτι

2397 3275 2612 3329 πάντων
2668 3275 2775 3329 τῶν
2819 3276 2988 3328 ὄντων
3037 3276 3104 3328 τά
3143 3275 3557 3346 παραδείγματα
3610 3277 3666 3327 ἐν
3712 3274 3790 3344 τῷ
3855 3275 3978 3345 Θεῷ

2396 3369 2573 3429 ἐστιν,
2621 3361 2739 3423 εἷτα
2769 3366 3005 3437 ὡσπερεί
3038 3383 3182 3429 τινος
3218 3366 3325 3418 τῶν
3360 3364 3535 3417 ἄλλων
3577 3366 3672 3434 μὲν
3717 3366 3844 3428 τοὺς
3887 3365 3974 3418 λό-

2393 3473 2522 3525 γους
2540 3457 2770 3520 διδόντος
2794 3453 2933 3510 εἷναι
2956 3460 3012 3511 ἐν
3035 3457 3111 3528 τῷ
3132 3456 3268 3526 Θεῷ,
3291 3456 3530 3528 δηλονότι
3551 3456 3657 3509 τῶν
3682 3457 3974 3527 προνοιῶν,

2391 3549 2498 3600 τῶν
2521 3547 2755 3620 δωρεῶν,
2783 3550 2891 3602 τῶν
2922 3551 3207 3620 κινήσεων,
3235 3548 3414 3612 καθὼς
3437 3549 3529 3602 καὶ
3543 3549 3609 3602 τά
3638 3550 3974 3604 άποστολικὰ

2394 3643 2531 3714 ῥητά
2572 3644 2816 3713 έχουσινο
2872 3643 2947 3706 ὡς
2994 3641 3319 3710 συνάγεσθαι
3360 3641 3488 3705 ἴσως
3533 3641 3801 3705 ἐντεῦθεν,
3847 3646 3976 3708 τοὺς

2395 3735 2493 3806 μὲν
2540 3737 2906 3807 πρωρισμούς
2939 3736 3036 3806 τῆς
3070 3733 3342 3797 διακονίας
3380 3735 3474 3787 καὶ
3511 3734 3611 3804 τῆς
3643 3736 3970 3806 ἀποστολῆς,

2392 3829 2486 3881 καὶ
2522 3829 2648 3892 τοὺς
2685 3828 2873 3896 λόγους
2902 3831 3106 3880 τούτων
3141 3822 3278 3880 εἶναι
3323 3828 3380 3880 ἐν
3409 3827 3486 3896 τῷ
3516 3826 3654 3897 Θεῷ,
3699 3827 3881 3879 αὐτῶν
3914 3829 3975 3882 δὲ

2389 3919 2497 3973 τῶν
2523 3918 2826 3991 προσώπων
2857 3920 2925 3972 τὰ
2973 3918 3386 3990 παραδείγματα
3424 3918 3497 3989 μὴ
3527 3914 3663 3972 εἶναι
3685 3937 3697 3948 ·
3729 3920 3974 3990 ὡσπερεί

2388 4030 2531 4076 τινος
2549 4012 2674 4075 γοῦν
2695 4013 2941 4084 οἰομένου
2962 4011 3184 4065 τοιαῦτα
3209 4011 3301 4064 καὶ
3327 4011 3647 4082 χωρίζοντος
3668 4011 3777 4063 τῶν
3798 4029 3967 4082 προσ-

2389 4104 2553 4156 ώπων
2591 4104 2689 4166 τὰς
2715 4102 3006 4174 ἐνεργείας,
3041 4103 3173 4171 φησὶ
3203 4101 3483 4158 συνιστῶν,
3525 4101 3605 4152 ὅτι
3665 4102 3758 4153 καὶ
3789 4101 3971 4153 αὐτᾷν

2388 4197 2509 4250 καθ’
2539 4197 2669 4248 αὐτὸ
2693 4196 2799 4248 τῶν
2832 4194 3135 4266 προσώπων
3164 4193 3288 4256 τοὺς
3320 4193 3508 4261 λόγους
3531 4193 3641 4263 ἔχει
3682 4193 3812 4264 παρ’
3839 4194 3968 4245 ἐαυ-

2385 4285 2463 4356 τῷ
2499 4289 2526 4340 6
2565 4285 2914 4356 δημιουργὸς,
2960 4282 3080 4334 ἐπεὶ
3121 4282 3213 4333 καὶ
3243 4281 3431 4343 οὐσίας
3469 4283 3726 4350 παράγει.
3760 4282 3968 4352 Σκέψαι

2385 4375 2493 4447 γὰρ
2530 4376 2636 4428 ἀπὸ
2677 4375 2784 4427 τῶν
2831 4373 2949 4426 καθ’
2998 4374 3144 4443 ἡμᾶς
3182 4370 3488 4443 τεχνητῶν,
3524 4373 3602 4424 ὅτι
3640 4375 3800 4443 ἡμεῖς
3841 4373 3964 4442 μὲν,

2387 4471 2507 4521 ἐπεὶ
2559 4467 2656 4519 οὐκ
2701 4464 2887 4527 οὐσίας
2929 4465 3270 4534 παράγομεν,
3314 4461 3430 4515 οὐδὲ
3467 4465 3592 4525 τοὺς
3634 4461 3823 4531 λόγους
3859 4463 3968 4515 τῶν

709 4584 736 4618 a
795 4567 1044 4636 personis
1109 4567 1352 4620 actiones
1402 4574 1719 4634 separaret,
1778 4565 2011 4630 asserit,
2071 4573 2288 4617 creato-

2393 4561 2583 4615 οὐσιῶν
2612 4561 2761 4631 ’παρ’
2805 4561 3012 4621 ἐαυτοῖς
3060 4558 3285 4627 ἔχομεν·
3323 4553 3488 4619 ἕξεων
3528 4556 3583 4608 δὲ
3623 4557 3715 4609 καὶ
3769 4556 3967 4627 τέχνης

711 4677 820 4715 rem
872 4662 1228 4730 ipsarummet
1263 4675 1624 4727 personarum
1657 4673 1870 4726 quoque
1922 4658 2157 4711 rationes
2189 4671 2282 4726 pe-

711 4769 805 4809 nes
842 4769 899 4808 se
952 4754 1156 4807 habere
1184 4800 1197 4816 ,
1239 4768 1359 4806 cum
1402 4753 1563 4804 etiam
1620 4751 1949 4805 substantias
1997 4750 2277 4817 producat.

711 4844 988 4913 Siquidem
1036 4843 1085 4896 id
1133 4843 1428 4897 observare
1470 4842 1599 4894 licet
1643 4842 1694 4894 in
1739 4841 1900 4894 rebus
1949 4839 2283 4893 nostratibus

709 4949 826 4993 arte
869 4937 1045 5002 factis,
1087 4937 1345 5007 quoniam
1399 4951 1494 4990 nos
1522 4936 1739 5004 quidem
1786 4950 1907 4988 cum
1949 4932 2280 4988 substantias

2389 4655 2577 4722 λόγους
2619 4653 2768 4704 οὐδὲν
2812 4649 3006 4704 κωλύει
3045 4649 3188 4718 ἔχειν
3231 4650 3394 4718 ἡμᾶς,
3429 4648 3547 4700 καθ’
3586 4646 3678 4711 οὓς
3707 4648 3966 4701 ἀποτελε-

2388 4748 2538 4817 σθείη
2577 4746 2636 4798 τὸ
2667 4745 2943 4816 τεχνητόν.
2990 4744 3047 4794 Ὁ
3075 4741 3130 4794 δὲ
3159 4741 3290 4804 Θεὸς
3310 4782 3323 4804 ,
3355 4743 3478 4794 ἐπεὶ
3515 4742 3606 4793 καὶ
3631 4740 3837 4793 τούτων
3868 4742 3967 4794 κά-

2386 4837 2576 4890 κείνων
2617 4831 2979 4905 παραγωγεύς
3020 4833 3186 4893 ἐστιν,
3231 4829 3453 4890 εἰκότως
3477 4827 3700 4898 ἔχεικαὶ
3725 4826 3966 4896 ἀμφοτέ-

2388 4946 2495 5001 ρων
2532 4929 2656 4990 τούς
2683 4926 2893 4993 λόγους,
2920 4924 3011 4975 καὶ
3033 4923 3141 4975 τῶν
3172 4922 3370 4975 οὐσιῶν
3394 4922 3484 4973 καὶ
3510 4920 3616 4974 τῶν
3643 4919 3828 4985 ἕξεων.

709 5047 814 5086 non
848 5032 1226 5100 producamus,
1286 5029 1716 5084 substantiamm
1767 5043 1981 5098 quoque
2033 5027 2275 5080 rationts
2320 5023 2459 5092 apud
2513 5037 2612 5076 nos
2657 5019 2883 5073 minime
2931 5016 3223 5078 habemus;
3256 5014 3634 5067 habitudinunt
3699 5021 3881 5063 autem
3908 5022 3966 5066 et

709 5127 842 5179 artis
873 5127 1110 5178 rationes
1129 5123 1327 5177 habere
1352 5136 1448 5174 nos
1469 5120 1600 5173 nihil
1628 5127 1790 5182 vetat,
1843 5117 2139 5172 secundum
2168 5129 2303 5184 quas
2328 5129 2413 5168 res
2444 5123 2563 5167 arte
2596 5112 2735 5165 facta
2765 5107 3092 5162 absolvatur.
3153 5107 3292 5161 Deus
3336 5120 3491 5167 vero,
3550 5121 3669 5159 cum
3705 5112 3816 5159 tam
3847 5105 3965 5159 haec

707 5236 869 5291 quam
903 5219 987 5270 illa
1032 5218 1329 5287 producat,
1362 5216 1556 5269 merito
1598 5214 1760 5288 habet
1795 5221 2148 5280 utrorumque
2187 5211 2447 5272 rationes,
2488 5218 2594 5259 lant
2633 5205 3056 5259 substantiarutn
3094 5217 3253 5271 quam
3296 5201 3598 5255 habituum.

779 5313 808 5386 ᾗ
873 5312 963 5366 IX.
1033 5310 1282 5364 Clemens
1339 5316 1518 5362 autem
1571 5306 1922 5376 philosophus
1970 5304 2120 5357 urbis
2168 5301 2276 5354 Ro-

711 5389 884 5462 mana:
941 5404 1271 5472 episcopus,
1340 5412 1397 5453 ut
1458 5401 1674 5470 quidam
1737 5399 2062 5466 interpretes
2108 5395 2276 5466 448

709 5499 890 5560 aiunt,
925 5493 1240 5563 opinionem
1271 5491 1560 5560 quamdam
1611 5497 1832 5543 secutus
1874 5496 1978 5550 est,
2007 5502 2125 5554 qua:
2158 5498 2275 5536 tra-

708 5591 804 5653 dit,
835 5588 997 5642 etiaut
1029 5587 1082 5640 in
1116 5591 1465 5655 generatione
1492 5599 1671 5637 rerum
1701 5580 1979 5635 sensilium
2013 5580 2272 5648 quasdam

707 5698 827 5736 esse
871 5695 1066 5734 causas
1109 5677 1456 5749 principales.
1491 5674 1954 5742 Quemadmodum
2009 5671 2188 5740 itaque
2220 5671 2270 5724 in

784 5834 805 5861 τ
828 5823 994 5890 Apoc.
1026 5819 1271 5882 “11,13.
1352 5831 1376 5858 ει
1405 5817 1560 5873 Rom.
1597 5831 1712 5880 rm,
1750 5813 1838 5870 50.

1919 5814 1946 5853 b
1973 5811 2173 5882 Ephes.
2200 5827 2236 5876 ι,
2269 5809 2320 5864 5.

2456 5299 2483 5370 §
2521 5297 2610 5350 IX.
2660 5298 2716 5350 '0
2754 5296 2932 5366 μέντοι
2957 5294 3239 5363 φιλόσοφος
3267 5293 3498 5364 Κλήμης
3522 5294 3550 5344 6
3586 5292 3802 5363 Ῥώμης
3836 5295 3960 5348 ἐπί-

2385 5409 2603 5454 σκοπος,
2648 5389 2722 5452 ὥς
2753 5389 2880 5457 φασί
2906 5405 3048 5451 τινες
3079 5386 3429 5457 ἐξηγούμενοι
3450 5425 3464 5448 ,
3497 5383 3622 5458 δόξῃ
3660 5387 3768 5437 τινὶ
3793 5404 3961 5456 κατη-

2383 5482 2673 5552 κολούθησε
2712 5480 2962 5553 λεγούσῃ,
3005 5480 3098 5532 καὶ
3140 5482 3198 5531 ἐν
3231 5481 3295 5549 τῇ
3322 5478 3531 5546 γενέσει
3554 5479 3660 5530 τῶν
3684 5477 3961 5549 αἰσθητῶν

2383 5572 2520 5629 εἷναί
2557 5591 2708 5636 τινας
2737 5571 2968 5644 ἀρχικὰς
3005 5570 3207 5634 αἰτίας.
3245 5570 3330 5633 Ὠς
3367 5567 3495 5638 γοῦν
3529 5570 3588 5622 ὲν
3612 5571 3724 5633 τοῖς
3749 5572 3961 5640 νοητοῖς

2384 5668 2496 5720 ἔστι
2531 5667 2708 5736 λέγειν
2741 5666 2838 5728 τὰς
2865 5666 3078 5735 νοήσεις
3112 5662 3208 5726 τὰς
3246 5664 3428 5727 θείας,
3460 5662 3646 5731 λόγους
3696 5662 3962 5734 ἀρχικοὺς
