4186 6308
232 385 348 443 839

813 390 899 445 DE
934 391 1190 448 DIVI-N18
1225 393 1621 458 NOMINIBUS,
1655 395 1807 452 CAP.
1847 395 1910 453 ν.
1946 428 2016 439 -
2049 396 2398 453 PARAPHR.
2437 399 2904 457 PACHYMEIUE.

3371 407 3476 464 850

230 503 338 557 καὶ
378 504 812 575 παραδείγματα,
864 509 1031 572 οὕτως
1065 514 1122 563 ὲν
1157 517 1265 575 τοῖς
1309 513 1581 582 αἰσθητοῖς
1625 513 1796 581 ἔλεγεπ.

1913 514 2314 569 intellectilibus
2359 515 2483 570 licet
2529 518 2740 581 dicere,
2778 519 2989 572 divinas
3032 521 3279 574 notiones
3311 522 3475 575 ratio-

228 587 380 643 εἶναί
411 608 530 644 τινα
562 594 975 667 ἀρχηγικώτερα
1000 599 1428 670 παραδείγματα,
1456 601 1547 654 τοῦ
1571 603 1666 672 μὲν
1693 601 1810 654 eve-

226 681 333 734 λου
355 685 512 753 τυχὸν
540 688 709 756 πυρὸς
731 687 790 738 τὸ
813 689 1047 760 αἰθέριον
1073 731 1085 752 ,
1137 691 1245 744 τῶν
1270 693 1324 746 δὲ
1350 694 1663 765 πηγιμαίων
1686 695 1810 748 ὑδά-

226 790 346 827 των
377 776 445 828 τὰ
486 771 848 847 ὑπερουράνια
876 779 1056 844 ὕδατα,
1096 782 1248 836 ἆτινα
1277 784 1539 855 ἁῡλότερά
1562 784 1676 849 πῶς
1705 789 1809 838 εἰσι

225 866 347 920 τῶν
383 868 706 938 ὑφειμένων,
747 873 876 939 παρ’
900 872 1022 924 ὅσον
1049 874 1075 924 6
1102 875 1196 943 μὲν
1222 876 1384 948 αἰθὴρ
1412 878 1572 941 αὐτὸς
1604 881 1660 931 ὲν
1683 881 1807 931 ἐαυ-

224 957 316 1027 τῷ
359 960 527 1012 καίων
568 961 876 1030 ὑφίσταται,
925 963 991 1016 τὰ
1037 966 1092 1018 δὲ
1141 967 1395 1038 ὑπεράνω
1431 969 1537 1020 τῶν
1569 972 1807 1042 οὐρανῶν

226 1048 406 1103 ὕδατα
439 1051 558 1122 δίχα
588 1054 680 1106 τοῦ
720 1056 1079 1126 προσήκοντος
1133 1063 1480 1131 περιορισμοῦ
1524 1050 1809 1131 συσφίγγε-

218 1157 325 1194 ται
368 1145 460 1196 καὶ
485 1145 788 1216 συνέχεται·
823 1151 914 1202 καὶ
959 1150 1154 1218 μᾶλλον
1198 1153 1287 1203 ἐπὶ
1327 1154 1690 1224 σφαιροειδοῦς
1718 1156 1810 1208 καὶ

222 1233 529 1305 ὀλισθηρᾶς
568 1237 695 1290 ὄντα
735 1239 967 1307 φύσεως,
1013 1242 1178 1312 ἄμφω
1223 1244 1276 1297 δὲ
1316 1251 1696 1317 συγκρατεῐται
1732 1248 1809 1318 τῷ

221 1325 609 1400 δημιουργικῷ
658 1331 748 1383 καί⁸
788 1331 916 1403 θείῳ
964 1333 1248 1406 Θελήματι.
1291 1337 1387 1390 Διὰ
1431 1338 1587 1391 τοῦτο
1621 1339 1674 1391 δὲ
1718 1341 1810 1393 καὶ

223 1417 372 1488 πρός
397 1436 449 1471 τι
476 1421 894 1492 παραδείγματά
926 1442 1056 1496 φησι
1081 1444 1092 1456 ο
1124 1428 1258 1498 πρὸς
1292 1429 1401 1499 γὰρ
1422 1431 1592 1484 ταῦτα
1627 1433 1808 1485 ἐκεῖνα

221 1509 671 1581 παραδείγματα,
709 1516 801 1566 καὶ
829 1517 926 1585 οὐχ
954 1517 1137 1582 ἁπλῶς
1161 1521 1393 1591 ἁρκτικὰ
1417 1521 1583 1586 αἴτια,
1615 1523 1690 1586 ὡς
1717 1519 1807 1576 οῦ-

220 1599 322 1661 τός
348 1617 480 1671 φησι
502 1643 514 1664 ,
546 1603 613 1655 τὰ
653 1603 916 1676 θεαρχικὰ
939 1608 1235 1680 θελήματα.
1274 1612 1451 1665 Ἄλλοι
1475 1614 1530 1666 δὲ
1550 1614 1618 1668 τὰ
1643 1613 1806 1685 νοητὰ

219 1688 340 1742 τῶν
377 1689 668 1762 αἰσθητῶν,
693 1695 784 1748 καὶ
825 1697 1026 1750 τούτων
1062 1700 1219 1754 πάλιν
1253 1701 1320 1754 τὰ
1366 1702 1663 1774 ὑψηλότερα
1701 1706 1806 1758 τῶν

221 1781 549 1846 κατωτάτω,
587 1785 1000 1856 παραδείγματα
1027 1789 1203 1856 λέγειν
1226 1793 1316 1843 τὸν
1343 1793 1483 1864 ἱερὸν
1508 1794 1803 1867 ὲκλαὸὁμε-

1913 621 2008 661 nes
2040 621 2162 662 esse
2202 609 2526 678 principales
2553 623 2605 665 et
2660 613 3010 682 exemplaria.
3053 614 3130 669 sic
3170 615 3220 668 in
3262 617 3475 669 sensili-

1911 697 2009 752 bus
2057 697 2195 752 dixit
2239 714 2360 754 esse
2391 703 2639 768 quadam
2683 705 3086 774 principaliora'
3117 707 3472 774 exemplaria,

1912 802 1962 839 ν.
1994 804 2048 858 g.
2103 791 2243 860 ignis
2275 792 2574 848 materialis
2617 795 2850 863 qualitas
2901 797 3147 860 :etheria,
3189 807 3244 850 et
3295 799 3473 852 founta-

1911 880 2040 934 lium
2090 897 2350 952 aquarum
2397 886 2815 952 superccelesles
2856 903 3031 957 aquai.
3069 904 3188 958 quae
3216 891 3478 960 quodam-

1913 975 2074 1027 modo
2143 976 2310 1043 magis
2357 977 2741 1032 immateriales
2797 990 2921 1034 sunt
2990 982 3375 1049 inferioribus,
3422 985 3476 1037 in

1910 1075 2170 1130 quantum
2223 1065 2392 1119 aether
2438 1068 2653 1135 quidem
2703 1065 2814 1136 ipse
2843 1069 2894 1123 in
2923 1071 3101 1138 seipso
3127 1075 3324 1128 ardens
3353 1076 3477 1128 sub-

1911 1154 2085 1218 sistit,
2141 1171 2295 1225 aqua:
2340 1173 2468 1212 vero
2512 1161 2929 1227 supercwlesles
2977 1164 3095 1217 sine
3132 1165 3475 1222 circumscri-

1911 1246 2092 1313 ptione
2124 1248 2478 1303 conveniente
2509 1254 2961 1322 constringuntur
2992 1271 3054 1309 ac
3091 1259 3473 1320 continentur;

1909 1337 2038 1404 quin
2088 1339 2264 1406 potius
2298 1357 2418 1393 cum
2450 1343 2772 1400 orliienlaris
2814 1361 2874 1399 ac
2903 1345 3058 1401 ﬂuxa:
3097 1359 3306 1403 natura:
3342 1351 3473 1424 sint,

1912 1441 2142 1499 utraque
2180 1433 2476 1489 conditoris
2507 1451 2569 1490 ac
2598 1438 2780 1491 divina
2808 1440 3082 1495 voluntate
3106 1443 3478 1501 continentur.

1909 1518 2175 1585 Quocirca
2205 1524 2370 1578 etiam
2400 1527 2465 1578 ad
2507 1528 2709 1597 aliquid
2758 1532 3089 1600 exemplaria
3137 1548 3264 1588 esse
3303 1536 3472 1592 dicit;

1909 1613 1973 1666 ad
2028 1613 2140 1668 huic
2186 1615 2299 1684 ipsa
2333 1621 2476 1672 enim
2513 1623 2869 1689 exemplaria,
2915 1635 2966 1679 et
3011 1642 3115 1678 non
3162 1628 3478 1696 simpliciter

1907 1719 2102 1760 causas
2141 1709 2492 1777 principales.
2533 1723 2590 1766 ut
2639 1713 2726 1768 hic
2755 1715 2853 1781 ait,
2886 1717 3081 1771 divime
3122 1727 3245 1772 sunt
3288 1719 3478 1774 volun-

1911 1808 2066 1851 tates.
2122 1799 2223 1852 Alii
2284 1815 2411 1855 vero
2452 1803 2786 1859 intellectilia
2844 1808 3146 1873 sensilium,
3193 1820 3248 1864 et
3282 1810 3475 1863 lmrum

220 1887 310 1925 νοι
337 1873 655 1944 Κλήμεντα,
690 1880 769 1941 εἰς
792 1881 1084 1951 σαφήνειαν
1109 1883 1208 1953 τῆς
1249 1885 1501 1956 τοιαύτης
1525 1887 1678 1958 δόξης
1714 1888 1796 1939 καὶ

1909 1893 2099 1944 iterum
2144 1895 2463 1949 sublimiora
2506 1897 2824 1952 inferiorum
2864 1902 3190 1970 exemplaria
3227 1902 3474 1956 Clemen-

217 1962 469 2015 τοιοῦτόν
504 1982 557 2017 τι
599 1969 955 2038 παράγουσιν.
1000 1973 1228 2027 ’Υπόθου
1273 1977 1380 2048 γὰρ
1408 1979 1686 2050 γραμμὴν,
1736 1975 1801 2051 ἦς

218 2053 288 2105 τὸ
319 2054 418 2123 μὲν
445 2055 557 2110 ἄνω
584 2058 749 2130 ’μέρος
774 2061 1102 2117 ἀποδιδόσθω
1128 2069 1240 2130 τοῖς
1273 2071 1480 2137 νοητοῖς
1498 2109 1512 2132 ,
1542 2070 1602 2121 τὸ
1625 2071 1679 2122 δὲ
1707 2074 1801 2125 κὰ-

218 2164 303 2200 τω
348 2153 462 2213 τοῖς
500 2153 776 2224 αἰσθητοῖς
797 2172 810 2185 ’
867 2160 952 2210 καὶ
989 2160 1190 2214 τούτων
1214 2163 1274 2215 τὸ
1305 2165 1402 2233 μὲν
1430 2166 1799 2236 ἀρχηγικωτὲ-

222 2258 367 2311 ροις,
399 2245 541 2316 ἅπερ
572 2249 676 2300 εἰσὶ
713 2249 778 2301 τὰ
817 2250 960 2313 ἰδίως
985 2254 1147 2322 νοητὰ
1173 2295 1187 2318 ,
1218 2257 1277 2309 τὸ
1305 2258 1515 2325 πρῶτον
1542 2261 1634 2312 καὶ
1659 2261 1798 2313 ἀνώ-

213 2350 387 2388 τατον
430 2337 612 2408 μέρος,
645 2343 758 2403 τοῖς
792 2341 849 2393 δὲ
891 2345 954 2395 ὲκ
990 2343 1103 2397 τῶν·
1130 2348 1331 2417 νοητῶν
1358 2351 1417 2402 τὸ
1457 2352 1572 2421 μετ’
1604 2355 1797 2416 ἐκεῖνο,

217 2416 326 2474 εἶθ’
358 2423 517 2487 οῦτω,
551 2427 673 2480 καθ’
702 2429 965 2484 ὑπόὸασιν
992 2434 1090 2504 τῆς
1113 2416 1373 2508 γραμμῆς
1399 2416 1468 2492 τά
1496 2441 1646 2494 ἄλλα.
1683 2447 1798 2495 Δεῖ-

217 2514 310 2581 ξαι
351 2517 460 2588 γὰρ
487 2517 626 2572 θέλει
665 2523 697 2590 ἠ
731 2525 950 2596 τοιαύτη
980 2526 1103 2592 δόξα
1127 2566 1141 2590 ,
1179 2529 1249 2598 μὴ
1279 2531 1376 2603 τῆς
1399 2531 1552 2598 ἀξίας
1578 2534 1678 2603 τῆς
1701 2539 1797 2590 a6—

213 2607 322 2676 τῆς
366 2604 502 2662 εἶναι
545 2611 611 2664 τὰ
652 2615 846 2678 πάντα,
891 2616 1085 2682 ἀλλ’ὲξ
1112 2619 1353 2692 ἀλλήλων
1383 2622 1498 2678 ἔνια
1520 2627 1795 2698 γινόμενα,

213 2697 334 2756 οἷον
382 2704 448 2757 τὰ
499 2708 760 2778 ὑφειμένα
807 2713 919 2786 εἴδη
955 2717 1064 2770 τῶν
1110 2711 1426 2775 καθολικῶν.
1478 2724 1587 2776 Καὶ
1628 2725 1800 2782 ταῦτα

220 2797 326 2866 μέν
356 2817 496 2865 τινες
519 2821 532 2833 ο
564 2805 623 2859 τὸ
651 2806 706 2859 δὲ
743 2807 882 2871 ὅλον,
913 2806 1084 2881 οἶμαι,
1108 2815 1182 2877 ὡς
1208 2816 1273 2868 ἂν
1295 2818 1402 2870 τῶν
1427 2818 1599 2890 λόγων
1629 2844 1795 2879 κατα-

219 2893 594 2964 στοχάσωμαι,
623 2897 780 2952 τοῦτό
809 2901 954 2955 ἐστιν
975 2920 987 2931 ⁸
1026 2905 1144 2957 ’Ὁτι
1171 2909 1355 2980 ἐπειδὴ
1382 2913 1489 2964 τῶν
1505 2918 1708 2986 νοητῶν
1727 2921 1796 2974 τὰ

215 2983 464 3052 παρόντα
501 2985 761 3056 λέγουσιν,
800 2993 876 3056 ὡς
915 2997 943 3047 6
989 2996 1161 3064 μέγας
1200 3001 1513 3069 Ἀπόστολος
1547 2983 1663 3062 εἰπε
1703 3013 1795 3065 τοῦ

215 3073 390 3142 νόμου
447 3077 623 3141 σκιὰν,
676 3076 829 3146 οὗτος
875 3084 932 3150 ἐξ
966 3087 1337 3160 ἀντιστρόφου·
1367 3096 1549 3148 ἐκεῖνα
1594 3100 1795 3155 τούτων

213 3165 448 3220 ἐκάλεσε
475 3171 901 3244 παραδείγματα.
938 3177 1034 3231 Διὰ
1066 3181 1220 3234 τοῦτο
1249 3183 1356 3257 γὰρ
1381 3182 1500 3241 εἶπε
1531 3191 1622 3244 καὶ
1656 3196 1790 3265 πρός
1817 3217 1857 3272 (ς

211 3276 268 3314 τι
309 3263 346 3330 ἡ
385 3262 546 3317 εἰκὼν
573 3266 705 3335 πρὸς
727 3269 787 3322 τὸ
815 3273 1178 3344 παράδειγμα,
1224 3280 1315 3332 καὶ
1350 3281 1411 3333 τὸ
1451 3262 1790 3359 παράδειγμα

213 3353 364 3423 πρὸς
387 3355 483 3427 τὴν
514 3358 715 3416 εἰκόνα.
746 3363 881 3433 Φησί
909 3366 1086 3419 τοίνυν
1115 3370 1143 3421 6
1175 3370 1379 3443 Πατὴρ,
1406 3374 1507 3439 ὅτι,
1531 3353 1581 3430 εἰ
1607 3353 1784 3433 κάέὲῖ-

213 3463 313 3509 νας
350 3447 414 3500 τὰ
450 3451 613 3523 νοητὰ
661 3454 767 3506 τῶν
805 3457 1077 3528 αἰσθητῶν
1102 3463 1325 3517 ἐκάλεσε
1354 3468 1790 3542 παραδείγματα,

215 3537 355 3606 (ὅρα
374 3539 502 3609 γὰρ,
537 3544 688 3614 φησί,
720 3545 993 3615 ποιήσεις
1017 3552 1165 3605 κατὰ
1196 3553 1302 3606 τὸν
1329 3559 1519 3612 τύπον
1547 3537 1652 3614 te}
1673 3563 1790 3617 δει-

211 3628 440 3698 χθέντα
459 3636 600 3704 σοι’)
641 3635 756 3689 ἀλλ’
781 3633 871 3691 οὖν
897 3641 995 3694 οὐκ
1021 3643 1126 3696 εἰσὶ
1141 3646 1361 3701 τοιαῦτα
1384 3652 1792 3725 παραδείγματα

206 3718 282 3772 τὰ
317 3721 479 3791 νοητὰ
517 3726 718 3786 ἐκεῖνα,
758 3725 897 3780 ὥστε
939 3731 1029 3783 καὶ
1064 3738 1410 3807 προσκυνητὰ
1437 3735 1595 3807 εἶναι,
1619 3744 1693 3807 ὼς
1725 3745 1791 3797 τὰ

208 3811 341 3865 θεῖα
365 3813 662 3886 θελήματα,
693 3820 826 3874 ἀλλὰ
850 3824 1075 3879 κάκεῖνα
1102 3832 1223 3901 ποιή
1235 3831 1378 3900 ματά
1400 3835 1525 3896 εἰσι,
1557 3837 1648 3888 καί
1677 3836 1792 3906 έχο-

209 3922 320 3975 μεν
365 3907 578 3961 ἀκούειν
607 3912 699 3964 καὶ
742 3916 866 3985 περὶ
916 3917 1111 3982 αὐτῶν,
1146 3921 1326 3987 καθὼς
1347 3926 1374 3976 6
1403 3927 1641 3998 Μωῡσῆς
1666 3933 1790 4002 περί

203 3997 325 4050 τῶν
363 4000 634 4072 αἰσθητῶν
659 3999 810 4058 εἶπεν
844 4007 918 4071 ὡς
944 4011 1050 4062 ἀπὸ
1078 4011 1170 4066 τοῦ
1199 4015 1353 4069 Θεοῖν
1400 4018 1471 4071 Οὐ
1503 4023 1790 4092 παρέδειξα

208 4107 297 4146 σοι
340 4093 475 4146 αὐτὰ
513 4094 606 4148 τοῦ
640 4099 958 4171 πορεύεσθαι
988 4106 1161 4159 ὀπίσω
1189 4109 1401 4174 αὐτῶν,
1440 4112 1552 4165 ἀλλ’
1593 4116 1676 4169 ἵνα
1704 4119 1788 4171 διὰ

204 4181 418 4237 τούτων
456 4187 591 4257 πρὸς
615 4189 674 4242 τὸ
701 4191 866 4257 ὅντως
904 4196 962 4249 ὃν
1001 4200 1095 4251 καὶ
1131 4200 1222 4253 τὸν
1259 4204 1484 4274 ποιητὴν
1514 4208 1789 4281 ἀναγώμε-

204 4273 304 4327 θα.
341 4274 555 4350 Ἐπειδή
572 4298 713 4345 τινες
726 4283 834 4336 τῶν
850 4286 1113 4358 Ἑλλήνων
1133 4292 1231 4356 τὰς
1253 4295 1393 4357 ἰδέας
1413 4300 1586 4353 καὶτὰ
1605 4321 1780 4375 παρα-

203 4367 478 4439 δείγματα
495 4374 828 4430 ἐνυπόστατα
875 4379 1098 4451 ἔφησαν,
1142 4386 1360 4453 τούτους
1391 4392 1784 4464 ἀποῤῥαπίζων

205 4459 412 4529 φησίν⁶
447 4463 507 4515 ΕΞ
552 4465 659 4536 γὰρ
705 4468 778 4539 μὴ
825 4471 1007 4535 ἁπλῶς
1044 4479 1137 4528 καί
1176 4479 1390 4546 ἐνιαίως
1416 4480 1523 4538 εἶεν
1565 4490 1618 4540 αἱ
1647 4490 1780 4542 ἰδέαι

202 4553 425 4623 νοήσεις
447 4556 618 4629 ὑπερη
630 4559 1066 4631 πλωμέναιοῦσαι
1087 4570 1178 4622 τοῦ
1202 4573 1664 4647 ὑπερηπλωμένου
1687 4586 1779 4634 καὶ
1816 4563 1857 4616 D

203 4641 636 4714 ὑπερηνωμένου
680 4650 812 4702 Θεοῦ
833 4692 847 4715 ,
895 4654 1144 4721 σύνθετος
1172 4660 1237 4712 ἂν
1275 4661 1359 4732 εἴη
1378 4667 1405 4717 6
1428 4665 1557 4730 Θεὸς
1587 4671 1650 4721 ἐκ
1679 4688 1784 4723 πα-

207 4734 569 4808 ραδείγματος
589 4743 679 4794 καὶ
695 4745 904 4808 ἑαυτοῦ,
920 4749 1053 4819 ὅπερ
1072 4751 1290 4824 διπλόην
1306 4756 1551 4830 ὠνόμασε
1571 4781 1582 4791 ·
1609 4766 1784 4818 πάντα

202 4823 306 4881 οὖν
341 4830 627 4885 ἀναθετέον
654 4837 716 4905 τῇ
746 4837 932 4910 πρώτῃ
961 4843 1128 4913 αἰτίᾳ.
1175 4823 1309 4900 Ἀλλ’
1342 4823 1438 4915 οὐ,
1470 4853 1601 4907 διάει
1633 4875 1785 4927 μερι-

202 4921 285 4974 κὰ
323 4923 418 4974 καὶ
458 4923 780 4996 ὲτερόχρονα
807 4930 875 4983 τὰ
911 4936 1122 4988 αἰτιατᾶ
1144 4979 1157 5000 ,
1196 4940 1293 5010 ἤδη
1323 4944 1654 5016 ὑπονοητέον
1694 4953 1786 5003 καὶ

204 5015 513 5085 μερισμούς
564 5035 714 5084 τινας
771 5023 1217 5095 ἰδιοῦποστάτους,
1261 5033 1292 5102 ἢ
1337 5035 1440 5106 μὴν
1482 5038 1622 5103 ἰδίως
1671 5046 1781 5095 ἐπι-

203 5113 530 5180 νοουμένους
566 5117 657 5169 ἐπὶ
693 5117 826 5171 Θεοῦ
850 5139 862 5150 ι
895 5122 1028 5176 ἀλλὰ
1071 5127 1167 5195 μία
1208 5131 1322 5181 ἐστὶ
1353 5133 1441 5183 καί
1481 5132 1616 5203 αῦτη
1658 5133 1779 5207 ἐξῃ-

206 5203 422 5272 ρημένη
452 5208 651 5270 παντὸς
675 5211 872 5265 ἑνιαίου
897 5216 928 5283 ἡ
960 5216 1150 5281 ἓνωσις
1175 5237 1186 5248 °
1219 5223 1355 5275 κατὰ
1394 5224 1518 5293 μίαν
1546 5227 1653 5297 γὰρ
1687 5231 1780 5281 καὶ

201 5297 308 5365 τὴν
355 5296 525 5368 αὐτὴν
582 5299 678 5370 οὐχ
718 5304 904 5368 ἁπλῶς
943 5309 1218 5382 ἁπλότητα
1247 5355 1260 5376 ,
1307 5315 1419 5368 ἀλλ’
1475 5296 1778 5391 ὑπερϐολὴν

199 5388 525 5458 ἁπλότητος,
568 5392 740 5447 πάντα
774 5399 831 5450 ὲν
863 5401 1022 5472 ἑαυτῇ
1056 5403 1127 5474 μὴ
1154 5408 1310 5474 μόνον
1351 5411 1607 5481 περιέχει,
1643 5388 1776 5466 ἀλλὰ

200 5482 300 5535 καὶ
331 5483 551 5552 προέχει
590 5494 1028 5562 προωρισμένως,
1057 5496 1331 5572 ἀρξαμένη
1354 5503 1453 5572 τῆς
1474 5506 1775 5560 οὐσιοποιοῦ

200 5573 460 5643 προόδου,
503 5575 596 5626 καὶ
630 5584 965 5655 παραγωγῆς
1007 5586 1115 5638 τῶν
1161 5592 1489 5659 κτισμάτων,
1535 5595 1643 5648 ἀπὸ
1685 5599 1779 5651 τοῦ

203 5663 344 5720 εἶναι
381 5667 579 5736 ἑαυτῆς
610 5686 622 5697 ·
665 5671 852 5743 ῶσπερ
893 5678 983 5729 καὶ
1023 5680 1191 5750 αὐτῆς
1224 5680 1484 5743 ζωοποιοῦ
1525 5688 1630 5740 ἀπὸ
1681 5690 1778 5759 τῆς

336 5853 501 5908 Exod.
532 5871 655 5918 xxv,
692 5858 776 5909 .ill.

1906 1993 2012 2038 tem
2061 1986 2240 2039 dicere
2292 1989 2690 2054 existimantes,
2741 1991 2808 2044 ad
2854 1992 3158 2046 istiusmodi
3203 1995 3475 2062 Opinionis

1902 2075 2340 2145 explicationem,
2365 2080 2492 2148 quid
2511 2081 2688 2137 simile
2723 2082 3022 2137 adducunt.
3045 2084 3300 2154 Supponc
3327 2087 3469 2140 enim

1903 2164 2100 2219 lineam
2130 2167 2281 2233 cujus
2311 2170 2561 2238 superior
2593 2173 2810 2241 quidem
2867 2191 2995 2244 pars
3040 2178 3164 2231 data
3189 2178 3253 2231 sit
3316 2179 3474 2232 rebus

1903 2263 2323 2330 intellectilibus,
2376 2267 2600 2322 inferior
2648 2284 2774 2323 vero
2825 2273 3147 2338 sensilibus;
3195 2285 3356 2344 atque
3409 2277 3474 2328 iis

1900 2355 2113 2423 quidem
2153 2374 2272 2426 qua;
2306 2359 2447 2413 inter
2488 2360 2600 2414 haec
2631 2363 2937 2429 primatum
2961 2374 3162 2428 tenent,
3201 2382 3320 2435 qua:
3349 2381 3476 2421 sunt

1902 2447 2118 2516 proprie
2171 2450 2548 2520 intelligibilia,
2604 2454 2835 2520 primam
2883 2468 2945 2507 ac
2977 2459 3316 2522 superiorem
3351 2474 3473 2527 par-

1905 2548 2008 2591 tem
2065 2541 2363 2612 obtigisse,
2436 2543 2844 2600 inlellectilibus
2892 2556 3074 2602 autem
3126 2550 3475 2604 inferioribus

1903 2629 2239 2696 inferiorem,
2280 2644 2334 2687 et
2373 2635 2440 2686 ita
2475 2637 2708 2699 caeteris,
2743 2639 3038 2693 secundum
3067 2641 3222 2694 linea:
3245 2641 3472 2703 descen-

1900 2738 2037 2776 sum.
2077 2725 2352 2792 Siquidem
2380 2727 2500 2783 lelis
2538 2730 2722 2798 Opinio
2756 2731 2868 2784 vult
2908 2732 3105 2788 docere
3141 2736 3324 2788 omnia
3369 2751 3471 2789 non

1897 2830 2021 2896 esse
2057 2817 2298 2885 ejusdem
2346 2819 2626 2890 dignitatis
2653 2863 2666 2885 ,
2700 2823 2792 2877 sed
2826 2826 3069 2892 qua-dam
3101 2842 3165 2880 ex
3197 2842 3254 2881 se
3287 2839 3474 2880 mutuo

1899 2907 2224 2976 dependere,
2266 2911 2409 2965 velut
2456 2911 2729 2980 subjectus
2770 2918 2977 2984 species
3025 2920 3091 2971 ab
3140 2919 3470 2972 universali-

1897 3001 2019 3055 bus.
2051 3001 2115 3055 Et
2147 3003 2261 3056 lucc
2296 3005 2513 3074 quidem
2563 3007 2866 3077 aliquormn
2910 3020 2987 3062 est
3039 3004 3309 3064 sententia
3346 3033 3356 3065 :
3389 3021 3469 3066 to—

1899 3101 1984 3147 tus
2023 3108 2171 3160 vero,
2215 3108 2478 3164 quantum
2513 3113 2578 3151 ex
2612 3099 2787 3152 verbis
2821 3102 2956 3168 ipsis
2995 3103 3245 3171 conjieio,
3280 3118 3472 3157 sensus

1897 3187 1984 3240 hic
2020 3196 2103 3239 est
2139 3204 2152 3239 :
2200 3189 2343 3257 quod
2378 3204 2498 3241 cum
2546 3192 2832 3258 praesentia
2890 3192 3072 3245 dicant
3116 3209 3236 3247 esse
3287 3211 3469 3247 rerum

1899 3279 2249 3347 spiritalium,
2290 3281 2428 3334 sicut
2484 3298 2709 3350 magnus
2754 3284 3042 3351 Apostolus
3089 3302 3151 3338 ea
3196 3301 3317 3355 qua:
3345 3296 3472 3338 sunt

1897 3370 2032 3439 legis
2064 3373 2310 3424 umbram
2345 3372 2672 3440 appellavit,
2710 3373 2778 3425 ita
2816 3374 2908 3428 bie
2941 3373 3027 3428 illa
3071 3373 3154 3429 bis
3191 3391 3471 3443 opponens

1897 3465 2224 3532 exemplaria
2260 3467 2492 3520 vocavit.
2549 3466 2758 3521 Idcirco
2810 3466 2954 3520 enim
3010 3467 3150 3520 dixit
3195 3467 3358 3518 etiam
3401 3470 3466 3520 ad

1896 3555 2123 3625 aliquid,
2161 3556 2341 3627 imago
2372 3558 2623 3612 videlicet
2659 3560 2726 3613 ad
2760 3558 3074 3625 exemplar,
3108 3568 3160 3610 et
3190 3559 3470 3625 exemplar

1896 3649 1963 3702 ad
2002 3650 2313 3718 imaginem.
2349 3650 2439 3705 Ait
2478 3653 2657 3720 itaque
2698 3652 2786 3704 llic
2829 3650 3007 3713 Pater,
3050 3653 3192 3720 quod
3227 3653 3269 3705 si
3301 3653 3465 3705 etiam

1896 3741 1983 3795 ille
2015 3743 2345 3797 iutelleetilia
2386 3744 2668 3798 seusilimn
2711 3745 3038 3815 exemplaria
3081 3747 3294 3799 vocavit
3333 3747 3468 3818 (vide

1893 3837 2052 3900 enim,
2097 3837 2304 3904 inquit,
2349 3837 2516 3906 facias
2552 3840 2838 3890 secundant
2881 3839 3145 3906 exemplar
3188 3843 3328 3908 quod
3374 3841 3468 3893 tibi

1894 3939 2241 3982 monstratum
2295 3941 2369 3982 est
2406 3931 2489 3998 ε),
2553 3932 2736 3996 utique
2800 3946 2904 3984 non
2967 3942 3094 3984 sunt
3157 3931 3462 3985 istiusmodi

1892 4022 2222 4090 exemplaria
2260 4023 2599 4078 intellectilia
2641 4024 2724 4075 illa
2759 4064 2774 4087 ,
2821 4011 2940 4094 qum
2985 4025 3148 4078 etiam
3189 4026 3462 4078 adoranda

1891 4118 2002 4170 sint
2037 4125 2096 4171 ut
2131 4119 2327 4172 divina:
2355 4117 2686 4180 voluntates,
2725 4133 2909 4170 verum
2930 4118 3017 4172 illa
3045 4133 3255 4188 quoque
3280 4129 3461 4172 creata

1891 4222 2051 4276 sunt,
2088 4211 2259 4279 deque
2296 4210 2359 4263 iis
2398 4210 2647 4263 audimus
2683 4211 2734 4263 id
2768 4211 2910 4279 quod
2947 4209 3157 4281 Moyses
3192 4212 3257 4263 de
3291 4212 3465 4263 sensi-

1891 4304 2029 4359 libus
2064 4302 2156 4356 Dei
2193 4303 2412 4355 nomine
2460 4301 2597 4354 dixit
2633 4319 2646 4353 :
2683 4300 2797 4354 Non
2853 4302 3067 4355 ostendi
3104 4299 3355 4376 tibibaa:
3405 4311 3462 4353 ut

1889 4397 2127 4452 ambules
2163 4388 2305 4464 post'
2330 4408 2391 4448 ea
2424 4430 2438 4454 ,
2484 4395 2576 4448 sed
2614 4405 2671 4448 ut
2706 4411 2798 4462 per
2830 4395 2943 4448 bace
2977 4398 3044 4447 ad
3082 4395 3130 4447 id
3165 4397 3306 4464 quod
3339 4412 3461 4447 vero.

1888 4501 1969 4543 est
2024 4501 2077 4543 et
2123 4467 2445 4543 creatorem
2484 4488 2835 4540 adducamur.
2881 4486 3050 4558 M9
3096 4489 3227 4540 Cum
3290 4489 3454 4555 aliqui

1888 4582 2117 4650 gentiles
2151 4581 2427 4642 dixerint,
2481 4578 2628 4631 ideas
2678 4592 2798 4631 esse
2846 4581 3174 4646 exemplaria
3213 4596 3331 4648 qum
3366 4597 3458 4647 per

1889 4691 1945 4728 se
1979 4673 2316 4736 subsistunt,
2379 4674 2476 4725 bos
2528 4671 2765 4724 refutans
2800 4670 2923 4722 ait:
2966 4671 3076 4725 Nisi
3127 4672 3272 4724 enim
3325 4675 3439 4726 idea

1891 4765 1970 4817 bu:
2035 4764 2281 4818 notiones
2353 4773 2533 4817 essent
2593 4762 2916 4830 simpliciter
2963 4777 3017 4815 et
3067 4763 3216 4814 unite
3266 4779 3443 4829 super-

1888 4870 2158 4922 expausw,
2207 4854 2674 4923 supereminenter
2717 4862 2773 4906 et
2805 4869 3132 4922 supraquam
3169 4857 3302 4908 uniti
3340 4856 3454 4918 Dei,

1891 4946 2078 5011 utique
2116 4946 2253 4997 Deus
2289 4943 2624 5012 compositus
2658 4955 2802 4996 esset
2833 4959 2900 4997 ex
2948 4946 3242 5013 exemplari
3280 4958 3333 5000 et
3368 4966 3455 5001 se-

1890 5039 2029 5107 ipso,
2080 5040 2222 5106 quod
2271 5040 2638 5109 duplicitatem
2687 5041 3012 5108 appellavit;
3061 5041 3241 5095 omnia
3293 5044 3455 5111 igitur

1890 5136 2075 5205 prima:
2122 5149 2297 5187 causa:
2346 5133 2666 5187 ascribenda
2715 5143 2859 5186 sunt.
2912 5133 3016 5187 Sed
3071 5149 3264 5202 neque,
3313 5138 3453 5204 quod

1888 5228 2148 5296 partiales
2182 5238 2236 5280 et
2270 5226 2471 5280 diversi
2523 5226 2782 5292 temporis
2816 5225 2924 5278 sint
2958 5224 3179 5280 elIectus
3204 5271 3216 5292 ,
3268 5230 3452 5281 statim

1887 5321 2270 5390 suspicandum
2324 5331 2404 5375 est
2427 5362 2440 5384 ,
2475 5336 2596 5374 esse
2632 5321 2927 5376 divisiones
2960 5322 3217 5391 quasdam
3265 5338 3363 5390 per
3397 5339 3454 5376 se

1887 5416 2246 5469 subsistentes
2274 5457 2287 5477 ,
2326 5419 2403 5466 vel
2441 5425 2594 5468 certe
2631 5416 2846 5484 proprie
2882 5416 3182 5471 intellectas
3216 5418 3268 5469 iu
3307 5417 3448 5480 Deo;

1885 5509 1979 5562 sed
2016 5508 2170 5560 unica
2208 5516 2287 5560 est
2335 5508 2631 5576 eademque
2680 5508 2930 5562 eminens
2973 5511 3236 5563 universae
3272 5511 3445 5561 unita-

1885 5601 1954 5654 tis
2005 5601 2168 5662 unio;
2219 5616 2338 5653 nam
2389 5600 2687 5653 secundum
2737 5617 2894 5654 uuam
2948 5611 3002 5655 et
3049 5604 3291 5655 eamdem
3342 5618 3446 5654 non

1883 5694 2202 5762 simpliciter
2234 5693 2635 5761 simplicitatem
2660 5733 2672 5755 .
2727 5697 2818 5748 sed
2855 5696 3202 5748 eminentiam
3240 5695 3446 5764 simpli—
