4156 6312
212 306 321 363 855

785 315 874 370 DE
910 315 1162 376 DlVlNlS
1193 316 1596 383 NOMINIBUS,
1634 318 1785 376 CAP.
1824 319 1890 373 V.
1935 350 2003 359 —
2035 315 2381 374 PARAPHR.
2418 316 2888 375 PACHYMERE.

3367 315 3473 374 εει

213 424 439 500 προέχει
474 430 554 495 ὡς
602 431 794 499 αἴτιος,
838 436 932 489 καί
972 436 1278 510 ὑπέστησεν
1315 439 1389 504 ὼς
1421 436 1669 510 ποιητὴς,
1702 439 1796 493 καὶ

1901 437 2048 492 enim
2083 437 2380 493 secundum
2415 437 2659 493 habitum
2687 446 2744 494 et
2784 434 3169 507 privationem,
3216 433 3477 506 lnteiiigi-
3518 400 3523 405 θ

212 520 408 595 παρὼν
430 522 629 594 ὁμοίως
650 527 763 589 τοῖς
782 528 915 579 πᾶσι
932 529 1027 583 καὶ
1056 529 1351 601 πανταχοῦ·
1384 532 1480 585 καί⁸
1503 532 1596 586 ἐπὶ
1619 530 1796 584 πάντα

212 612 431 684 πρόεισι
463 615 528 684 τῇ
560 617 866 687 συστατικῇ
908 616 1153 690 προνοίᾳ,
1185 619 1280 673 καὶ
1306 617 1393 689 ἐφ’
1426 618 1618 673 ἑαυτοῦ
1648 616 1797 689 μένει

210 702 292 768 ὡς
316 704 458 775 ὑπὲρ
491 705 669 762 πάντα
698 705 774 760 ὢν
798 707 892 761 xui
920 707 1143 779 μηδενὸς
1165 709 1437 782 δεόμενος.
1468 710 1579 765 Καὶ
1609 705 1798 774 ἑστώς

211 796 336 850 δστι
371 795 452 866 τῷ
488 794 629 852 κατὰ
663 798 828 870 μηδὲν
868 799 1006 865 ὅλως
1046 803 1104 854 ὲν
1134 802 1283 874 αὑτῷ
1322 802 1466 875 ῐχνος
1498 799 1798 875 μεταϐολῆς

213 884 558 959 θεωρεῖσθαι·
582 890 677 942 καὶ
699 891 1050 961 κινούμενος
1082 892 1245 947 πάλιν
1267 895 1327 947 ἐν
1354 892 1432 965 τῷ
1460 892 1703 965 συνέχειν
1731 890 1800 945 τά

215 976 350 1032 οντα
379 980 474 1033 καὶ
503 984 847 1053 συγκρατεῖν.
880 984 992 1037 Καὶ
1030 980 1185 1050 αὖθις
1225 986 1286 1039 οὑ
1323 986 1497 1041 ταῦτά
1523 988 1692 1051 ἐστιν,
1715 986 1799 1039 ὅτι

212 1072 357 1142 ὑπὲρ
375 1071 566 1127 ταῦτα·
591 1074 803 1146 κίνησις
828 1076 937 1147 γὰρ
967 1077 1159 1149 ἀτελὴς
1184 1078 1436 1150 ἐνέργειά
1453 1081 1591 1134 ἐστι·
1612 1080 1799 1143 στάσις

210 1162 273 1216 δὲ
301 1164 335 1234 ἠ
370 1164 718 1219 παντάπασιν
745 1167 1020 1240 ἀκινησία·
1048 1170 1189 1241 ἥτις,
1220 1170 1269 1224 εἰ
1300 1169 1435 1243 μετὰ
1463 1170 1563 1242 τὴν
1586 1170 1801 1242 κίνησιν

208 1252 446 1320 γένοιτο,
474 1254 679 1327 ἠρεμία
718 1254 785 1311 ἂν
808 1257 1056 1332 κληθείη.
1091 1261 1165 1314 Τὸ
1188 1261 1359 1314 κακοῦ
1386 1256 1524 1315 εἶναι
1550 1259 1611 1315 τὸ
1645 1260 1799 1314 Θεῖον

212 1347 359 1421 ὑπερ
384 1349 486 1421 τὴν
524 1349 687 1421 ἀτελῆ
713 1351 1017 1423 ἐνέργειαν,
1050 1353 1290 1427 εὔδηλον·
1330 1357 1411 1410 ὅτι
1450 1358 1507 1412 δὲ
1541 1359 1634 1413 καὶ
1661 1359 1800 1432 ὑπὲρ

210 1440 396 1493 πᾶσαν
424 1441 729 1512 ἀκινησίαν,
758 1443 914 1513 δῆλον
944 1445 1009 1498 ἐκ
1027 1446 1121 1500 τοῦ
1148 1446 1217 1501 τὰ
1249 1448 1423 1503 πάντα
1452 1448 1598 1521 ἔχειν
1626 1449 1800 1524 ὓπερ-

210 1532 420 1604 οχικῶς
443 1573 461 1597 ,
490 1534 585 1588 καὶ
629 1536 689 1588 ού
722 1534 905 1600 καθώς
939 1538 1043 1591 εἰσι
1076 1538 1170 1591 καὶ
1195 1537 1457 1594 νοοῦνται.
1482 1541 1545 1594 Εἰ
1574 1539 1682 1613 γὰρ
1706 1542 1802 1596 καὶ

211 1624 339 1681 λίαν
369 1627 585 1699 συνᾴδει
616 1628 708 1682 ἐπὶ
728 1627 862 1681 Θεοῦ
888 1628 948 1682 τὸ
983 1631 1329 1685 παντάπασιν
1368 1632 1644 1706 ἀκίνητον,
1667 1634 1802 1689 ἀλλὰ

214 1718 317 1771 καὶ
339 1717 496 1772 τοῦτο
522 1719 860 1792 ὑπεροχικῶς
896 1722 1010 1775 ἐστί
1038 1739 1096 1777 τε
1115 1724 1209 1777 καὶ
1245 1726 1445 1780 νοεῖται
1468 1728 1526 1780 ὲν
1556 1726 1635 1799 τῷ
1662 1727 1797 1799 Θεῷ.

215 1810 334 1865 οὐκ
360 1810 416 1865 ἔν
447 1829 552 1866 τινι
588 1813 697 1867 τῶν
733 1813 901 1867 όντων
937 1814 1097 1870 πάλιν
1140 1818 1257 1871 ἐστὶ
1299 1818 1388 1872 διὰ
1419 1819 1481 1873 τὸ
1531 1820 1592 1874 ἐν
1630 1823 1798 1875 πᾶσιν

213 1901 463 1973 ἄσχετον·
494 1904 645 1959 οὐδὲν
668 1908 936 1979 προσήκει
977 1907 1151 1980 τούτῳ
1183 1908 1293 1964 τῶν
1318 1910 1571 1978 αἰωνίων,
1596 1913 1678 1966 ὅτι
1703 1913 1797 1967 καὶ

213 1992 329 2047 τῶν
349 1994 559 2050 αἰώνων
584 2000 812 2071 ποιητής
836 2003 1003 2055 ἐστιν·
1044 2001 1193 2056 οὐδὲν
1222 2002 1332 2057 τῶν
1355 2003 1459 2058 ὑπὸ
1487 2005 1697 2076 χρόνον,
1714 2006 1796 2059 ὅτι

215 2086 315 2139 καὶ
344 2087 548 2159 χρόνων
575 2092 822 2163 ποιητής.
861 2092 1064 2147 Αἰώνια
1088 2094 1143 2148 δὲ
1176 2094 1324 2164 λέγει
1353 2094 1453 2161 τὰς
1484 2098 1676 2171 νοερὰς
1705 2100 1797 2153 δυ-

217 2178 414 2250 νάμεις
434 2180 509 2246 ὡς
534 2181 727 2248 αἰῶνος
758 2185 1111 2257 μετεχούσας,
1140 2188 1235 2242 καὶ
1250 2187 1337 2242 διὰ
1364 2188 1426 2243 τὸ
1455 2190 1553 2261 τῆς
1577 2191 1683 2264 πρὸ
1704 2192 1797 2246 τοῦ

218 2270 413 2342 χρόνου
451 2272 667 2343 φύσεως
703 2277 955 2346 γενέσθαι
988 2280 1176 2345 αὐτάς·
1215 2280 1405 2352 χρόνος
1432 2282 1540 2353 γὰρ
1568 2283 1674 2337 ἀπὸ
1697 2285 1799 2355 τῆς

218 2364 450 2437 ούρανοῦ
482 2370 577 2422 καὶ
614 2370 718 2442 γῆς
748 2372 1021 2444 ποιήσεως
1043 2374 1378 2446 ἀριθμεῖται.
1415 2377 1489 2432 Τὸ
1514 2378 1571 2431 δὲ
1590 2418 1605 2443 ,
1635 2378 1799 2433 Ούδὲν

220 2460 489 2531 προσήκει
512 2462 707 2536 τούτῳ,
744 2465 863 2520 κατ’
896 2465 1084 2520 οὐσίαν
1110 2467 1318 2538 νόησον,
1351 2469 1446 2523 καὶ
1466 2470 1525 2523 ού
1557 2470 1678 2523 κατ’
1704 2469 1799 2525 άλ-

220 2546 322 2622 λην
356 2551 479 2605 τινὰ
519 2552 747 2621 ἔννοιαν,
779 2550 889 2610 οἷον
915 2556 1315 2631 κυϐερνήσεως,
1342 2562 1437 2617 καὶ
1467 2562 1797 2629 συστάσεως,

220 2644 319 2698 καὶ
370 2643 479 2699 τῶν
521 2648 796 2703 τοιούτων.
845 2650 1155 2723 Σημείωσαι
1209 2652 1266 2707 δὲ
1298 2654 1566 2720 ἐντεῦθεν,
1613 2656 1695 2710 ὅτι
1739 2655 1802 2710 τὺ

221 2732 456 2805 ἄναρχον
484 2738 577 2789 καὶ
604 2735 838 2802 αἰώνιον,
868 2738 928 2791 ού
970 2739 1075 2811 μὴν
1115 2739 1172 2792 δὲ
1203 2742 1311 2794 πᾶν
1347 2740 1413 2794 τὸ
1448 2739 1665 2796 αἰώνιον
1706 2742 1802 2796 καὶ

221 2823 478 2896 ἄναρχον.
518 2827 795 2882 Αύτοαιὼν
829 2830 887 2884 δὲ
915 2829 977 2884 τὸ
1006 2829 1161 2884 Θεῖον
1180 2870 1196 2897 ,
1230 2832 1314 2885 ὅτι
1341 2830 1401 2885 τὸ
1439 2828 1579 2886 εῐναι
1610 2832 1801 2887 τούτου

222 2918 302 2989 μὴ
332 2918 495 2990 μόνον
531 2921 709 2994 χρόνῳ
744 2924 805 2977 οὐ
843 2927 1142 2997 μετρεῖται,
1180 2925 1296 2979 ἀλλ’
1329 2925 1436 2980 οὐδ’
1478 2927 1656 2993 αἰῶνι,
1686 2927 1801 2982 ἀλλ’

220 3010 356 3065 αὑτό
384 3012 532 3067 ἐστιν
576 3012 753 3085 ἑαυτῷ
792 3014 945 3069 αἰών.
984 3016 1177 3089 Μὲτρα
1222 3017 1279 3071 δὲ
1321 3017 1431 3072 τῶν
1469 3017 1641 3073 ὄντων
1674 3020 1802 3084 τοὺς

219 3105 427 3171 αἰῶνας
444 3107 555 3161 τῶν
590 3108 798 3182 νοητῶν
817 3150 833 3175 ,
868 3110 962 3164 καὶ
986 3111 1111 3175 τοὺς
1140 3110 1362 3183 χρόνους
1383 3110 1493 3166 τῶν
1528 3112 1802 3184 αἰσθητῶν

219 3215 379 3270 φησι·
398 3198 466 3253 τὰ
488 3199 595 3273 γὰρ
613 3200 779 3273 νοητὰ
812 3202 887 3267 ὡς
905 3203 1010 3256 ὑπὸ
1035 3203 1232 3276 μέτρου
1255 3202 1353 3257 τοῦ
1371 3204 1565 3269 αἰῶνος
1590 3206 1803 3279 μετρεῦ

217 3306 335 3355 ται,
362 3291 411 3344 εἰ
440 3294 533 3345 καὶ
558 3292 862 3364 ὁμωνύμως
892 3294 968 3365 τῷ
1000 3294 1281 3367 μετροῦντι
1306 3294 1461 3350 αἰῶνι
1487 3296 1581 3349 καὶ
1612 3296 1679 3350 τὰ
1716 3314 1805 3368 με·

219 3382 495 3452 τρούμενα
524 3381 791 3451 λέγονται.
816 3383 1024 3449 Αἰῶνες
1046 3382 1161 3457 γὰρ¹
1179 3384 1424 3455 λέγονται
1447 3387 1542 3439 καὶ
1568 3386 1617 3439 οἰ
1640 3386 1805 3456 ἄγγε-

221 3472 327 3526 λοι.
359 3474 514 3528 Οὕτω
535 3477 630 3529 καὶ
658 3476 752 3530 ἐπὶ
775 3476 883 3530 τῶν
913 3477 1205 3549 αἰσθητῶν·
1230 3478 1301 3531 τὰ
1324 3479 1433 3551 γὰρ
1465 3480 1803 3551 μετρούμενα

221 3560 305 3632 τῷ
346 3563 521 3635 χρόνῳ
563 3564 867 3637 ὁμωνύμως
905 3566 1084 3638 χρόνοι
1112 3567 1379 3637 λέγονται,
1416 3569 1492 3633 ὡς
1521 3570 1555 3641 ἡ
1589 3570 1803 3641 κίνησις

222 3655 335 3709 τῶν
366 3657 612 3731 ἀστέρων
640 3661 735 3715 καὶ
766 3660 859 3714 τοῦ
885 3661 1055 3732 ἡλίου,
1082 3662 1177 3715 καὶ
1209 3664 1258 3717 οἰ
1294 3662 1415 3733 βίοι·
1448 3663 1825 3737 μετρούμενοι·

223 3746 337 3819 γὰρ
365 3749 470 3802 ὑπὸ
505 3751 694 3822 χρόνου
713 3792 728 3816 ,
774 3752 953 3825 χρόνοι
982 3752 1248 3821 λέγονται·
1280 3758 1309 3809 ὁ
1345 3756 1453 3827 γὰρ
1482 3756 1670 3829 χρόνος
1700 3750 1801 3820 εἷς·

223 3837 297 3891 τὰ
322 3839 378 3891 δὲ
424 3842 671 3913 μετρικοὶ
695 3842 894 3914 χρόνοι,
932 3840 1008 3906 ῶς
1038 3840 1143 3895 ύπὸ
1164 3843 1263 3915 τῆς
1288 3847 1416 3915 μιᾶς
1445 3846 1804 3917 παρατάσεως

222 3926 322 3979 τοῦ
364 3929 483 3994 ἑνὸς
529 3931 719 4002 χρόνου
767 3933 1129 4006 μετρούμενα.
1176 3934 1361 3989 Πάντα
1389 3930 1481 3989 οὖν
1532 3934 1705 3990 ταῦτα
1734 3936 1803 3990 δι’

226 4018 416 4084 αὑτοῦ,
443 4022 535 4075 καί
569 4022 664 4077 ἀπ’
699 4025 885 4091 αὑτοῦ,
909 4025 1004 4079 καὶ
1026 4027 1085 4079 ὲν
1107 4024 1255 4096 αὐτῷ
1275 4028 1441 4082 ἐστιν.

1903 539 1989 583 tur
2014 538 2194 584 autem
2224 543 2320 600 per
2346 527 2761 583 aliirmationem
2800 535 2856 582 et
2891 525 3255 597 negationem.
3291 523 3476 580 inlini-

1901 635 2016 679 tum
2049 636 2285 692 namque
2309 622 2512 677 dicitur
2540 621 2591 675 id
2629 621 2775 692 quod
2804 634 2910 675 non
2949 619 3116 674 habet
3143 618 3329 683 linem,
3362 632 3472 672 non

1899 714 2041 784 quod
2073 715 2345 785 privatum
2390 724 2475 769 est
2506 714 2646 779 line;
2684 713 2825 769 Deus
2853 710 3119 783 siquidem
3164 710 3216 766 in
3256 726 3364 765 uno
3417 709 3469 764 id

1899 817 1985 863 est
2013 806 2189 873 unite,
2231 815 2291 862 ut
2330 820 2476 877 saepe
2503 806 2705 861 dictum
2754 814 2860 871 est,
2892 803 3073 859 omnia
3106 812 3161 857 et
3193 800 3476 873 praehabet

1900 909 1960 955 ιιι
1981 914 2166 964 causa,
2211 908 2265 955 et
2304 899 2604 955 subsistere
2637 897 2765 953 facit
2811 906 2870 951 ut
2912 896 3182 959 conditor,
3214 903 3378 963 atque
3399 893 3476 947 si—

1902 991 2103 1048 militer
2128 991 2380 1047 omnibus
2406 999 2462 1047 et
2492 990 2692 1059 ubique
2723 1002 2963 1060 praesens
2987 995 3091 1049 est,
3120 995 3174 1041 et
3200 986 3267 1041 ad
3289 984 3471 1041 omnia

1901 1098 1963 1140 se
2013 1082 2261 1140 extendit
2306 1080 2711 1138 conservatrice
2768 1079 3142 1151 providentia,
3192 1077 3245 1132 in
3293 1075 3474 1146 seipse

1903 1184 2087 1232 manet
2118 1185 2370 1245 tanquam
2405 1189 2571 1245 supra
2613 1174 2795 1229 omnia
2846 1175 3145 1235 exsisteus.
3174 1179 3229 1227 et
3275 1168 3473 1226 nullius

1903 1282 2088 1336 egens.
2131 1266 2197 1323 Et
2223 1278 2369 1321 uani
2416 1265 2635 1328 dicitur,
2673 1264 2800 1333 quia
2848 1265 2901 1319 in
2943 1278 3009 1318 eo
3060 1261 3263 1317 nullum
3306 1258 3475 1315 vesti~

1903 1360 2051 1430 gium
2100 1358 2419 1413 mutationis
2460 1356 2732 1422 cernitur;
2774 1364 2829 1410 et
2884 1370 3097 1410 rursum
3139 1370 3195 1407 se
3238 1368 3471 1414 movens,

1902 1451 2027 1521 quia
2062 1465 2149 1505 res
2178 1449 2421 1505 continet
2462 1460 2627 1519 atque
2653 1455 2965 1505 conservat.
2998 1445 3065 1501 Et
3110 1460 3329 1500 rursum
3363 1459 3472 1498 non

1905 1542 2018 1597 inec
2043 1551 2147 1609 est,
2174 1542 2268 1597 sed
2297 1556 2458 1612 supra
2484 1540 2633 1597 inec:
2674 1540 2843 1596 motio
2881 1540 3047 1606 enim,
3090 1547 3172 1595 est
3201 1537 3346 1592 actio
3376 1537 3477 1592 im-

1906 1633 2191 1704 perfecta;
2242 1633 2403 1689 statio
2445 1647 2576 1688 vero
2622 1642 2706 1689 est
2742 1632 3056 1688 omnimoda
3090 1630 3470 1694 immobilitas’;

1905 1742 2025 1797 quae
2051 1726 2099 1781 si
2124 1734 2247 1794 post
2276 1735 2482 1791 motum
2532 1726 2650 1793 fiat,
2692 1726 2852 1795 quies
2895 1724 3277 1796 appellabitur.
3305 1722 3473 1779 Deum

1830 1806 1871 1863 Β
1900 1826 2081 1870 autem
2133 1815 2257 1870 ιιιοίἰ
2296 1814 2577 1886 plusquam
2620 1816 2992 1887 imperfectam
3029 1814 3300 1870 actionem
3332 1828 3471 1881 esse,

1900 1908 2108 1963 clarum
2139 1917 2255 1976 est;
2277 1910 2418 1979 quod
2445 1922 2575 1963 vero
2601 1908 2764 1963 etiam
2808 1907 2881 1963 sit
2922 1921 3085 1976 supra
3127 1904 3475 1960 immobiiita-

1901 2007 2030 2064 tem,
2056 1997 2263 2053 clarum
2295 2007 2379 2052 est
2410 2014 2473 2053 ex
2507 2012 2573 2053 eo
2618 1996 2760 2067 quod
2794 1997 2977 2053 omnia
3007 1997 3206 2051 habeat
3230 1997 3476 2050 eminen-

1902 2100 2003 2161 ter,
2032 2100 2087 2148 et
2115 2108 2224 2149 non
2251 2091 2392 2147 sicut
2413 2106 2503 2147 res
2523 2101 2651 2147 sunt
2670 2102 2724 2148 et
2748 2090 3136 2162 intelliguntur.
3169 2088 3280 2148 Etsi
3320 2088 3469 2144 enim

1902 2184 2010 2240 Deo
2039 2185 2194 2241 valde
2222 2199 2467 2241 consona
2507 2183 2581 2240 sit
2617 2184 2931 2241 omnimoda
2980 2182 3354 2250 immobilitas,
3390 2191 3471 2240 nt-

1902 2287 2082 2330 tamen
2114 2291 2176 2331 ea
2214 2277 2329 2347 ipsa
2364 2275 2671 2331 eininenter
2698 2283 2781 2331 est
2811 2283 2866 2330 et
2908 2272 3227 2346 intelligitur
3260 2274 3313 2330 in
3344 2276 3472 2331 Deo.

1899 2366 2136 2423 Rursum
2165 2384 2269 2424 non
2305 2379 2389 2425 est
2429 2369 2489 2425 in
2516 2368 2624 2424 ullo
2668 2383 2855 2424 eorum
2905 2383 3025 2437 qua:
3068 2377 3216 2433 sunt,
3250 2366 3377 2437 quia
3420 2366 3471 2420 iu

1898 2455 2059 2531 45],
2110 2459 2364 2515 omnibus
2423 2456 2992 2530 incomprehensibilis
3053 2458 3301 2525 exsistit;
3337 2456 3473 2513 nihil

1902 2568 2081 2608 rerum
2124 2552 2506 2608 :eviternarum
2562 2551 2639 2607 illi
2709 2552 2987 2619 convenit,
3047 2551 3173 2621 quia
3231 2565 3473 2607 avorum

1901 2656 2115 2713 quoque
2147 2644 2397 2699 conditor
2424 2643 2668 2711 exsistit;
2698 2641 2831 2697 nihil
2858 2656 3041 2697 rerum
3071 2640 3472 2713 temporalium,

1901 2738 2030 2805 quia
2102 2746 2409 2806 temporum
2460 2750 2679 2806 quoque
2729 2744 2947 2790 creator
3004 2744 3127 2800 est;
3185 2734 3474 2789 mviternas

1902 2838 2082 2884 autem
2116 2837 2272 2883 vocat
2307 2828 2535 2882 virtutes
2573 2827 2852 2883 intellectu
2887 2825 3161 2896 praeditas,
3213 2826 3472 2897 quoniam

1901 2920 1998 2975 aevi
2040 2920 2333 2991 participes
2370 2920 2663 2987 exsistunt,
2708 2931 2762 2975 et
2799 2921 2929 2990 quia
2972 2928 3163 2973 natura
3207 2920 3467 2987 temporis

1903 3014 2113 3084 priores
2174 3021 2330 3079 sunt;
2382 3013 2641 3083 quoniam
2696 3021 2911 3083 tempus
2949 3026 2980 3066 a
3036 3010 3157 3067 caeli
3210 3021 3475 3080 lermquo

1904 3106 2183 3161 creatione
2217 3116 2581 3177 computatur.
2627 3107 2779 3175 Quod
2811 3118 2992 3161 autent
3036 3106 3137 3177 ipsi
3171 3105 3305 3161 ηἰίιὶι
3338 3120 3475 3161 con.

1905 3198 2109 3261 veniat,
2143 3196 2381 3268 intellige
2413 3200 2712 3254 secundum
2744 3198 3124 3262 substantiam,
3164 3204 3221 3252 et
3262 3211 3367 3251 non
3394 3211 3479 3250 se-

1905 3290 2141 3343 cundum
2176 3289 2338 3344 aliam
2377 3290 2687 3359 quampiam
2730 3289 3164 3361 intelligentiam,
3212 3303 3262 3341 v.
3294 3304 3348 3358 ς.
3378 3303 3476 3359 ειε-

1906 3383 2243 3439 bernationis
2300 3398 2365 3437 ac
2431 3385 2876 3451 constitutionis,
2965 3393 3132 3453 atque
3192 3382 3473 3438 similium.

1906 3479 2041 3533 Nota
2079 3490 2207 3531 vero
2239 3476 2385 3537 hinc.
2424 3477 2477 3532 id
2524 3478 2666 3545 quod
2708 3477 2978 3547 principio
3028 3484 3204 3539 caret,
3256 3488 3475 3544 quoque

1905 3574 2165 3619 aeternum
2221 3579 2364 3629 esse,
2406 3580 2510 3619 non
2567 3574 2745 3620 tamen
2800 3580 2961 3621 onme
3020 3563 3163 3634 quod
3210 3573 3474 3618 aeternum

1906 3665 2010 3723 est,
2042 3658 2309 3730 principio
2334 3671 2542 3712 carere.
2568 3655 2719 3711 Deus
2742 3664 2920 3711 autem
2944 3666 3026 3710 est
3058 3656 3285 3726 ipsamet
3318 3662 3479 3708 mter-

1907 3750 2069 3813 nitas,
2106 3752 2366 3819 quoniam
2402 3747 2520 3818 ejus
2554 3764 2675 3805 esse
2717 3764 2823 3803 non
2874 3748 3049 3804 solum
3086 3758 3328 3816 tempore
3368 3760 3475 3802 non

1908 3854 2282 3909 mensuratur,
2312 3844 2407 3899 sed
2437 3858 2613 3913 neque
2641 3842 2963 3905 aeternitate,
2996 3840 3088 3895 sed
3116 3848 3201 3895 est
3248 3840 3477 3909 ipsamet

1906 3936 2203 3992 aeternitas.
2261 3937 2353 3992 Ait
2400 3946 2579 3992 autem
2611 3934 2807 3993 saecula
2847 3932 3289 4004 intelligibiiium,
3340 3941 3478 3986 tem-

1907 4044 2039 4100 pora
2075 4045 2207 4087 vero
2253 4030 2537 4087 sensilium
2580 4043 2867 4085 mensuras
2905 4042 3056 4093 esse;
3090 4027 3356 4099 siquidem
3392 4024 3477 4080 in-

230 4113 530 4179 tellectilia,
592 4126 846 4187 tanquam
901 4136 1174 4177 mensura:
1222 4122 1504 4193 subjecta,
1560 4122 1759 4178 saeculo
1816 4134 2226 4192 mensurantur,
2297 4126 2400 4181 etsi
2452 4126 2640 4182 eodem
2687 4124 2928 4189 nomine,
2972 4136 3094 4192 quae
3148 4132 3475 4176 mensuran»

229 4216 345 4274 tur,
389 4217 445 4263 et
484 4208 627 4277 quod
682 4220 983 4279 mensurat,
1042 4211 1362 4269 aﬂiciantur.
1417 4213 1611 4284 Angeli
1657 4214 1803 4270 enim
1862 4216 2031 4272 etiam
2080 4218 2279 4273 saecula
2316 4218 2675 4289 appellantur.
2725 4218 2800 4273 ita
2828 4217 2992 4272 etiam
3022 4217 3073 4271 in
3126 4214 3427 4272 sensilibus
3458 4257 3471 4269 .

226 4316 352 4371 quae
380 4302 522 4356 enim
585 4312 830 4375 tempore
894 4317 1297 4373 mensurantur,
1358 4306 1549 4362 eodem
1610 4321 1735 4361 cum
1782 4317 2027 4379 tempore
2079 4311 2295 4367 nomine
2341 4312 2703 4382 appellantur,
2764 4317 2824 4365 ut
2876 4318 3055 4365 motus
3096 4318 3368 4364 astrorum
3418 4316 3476 4362 et

227 4392 382 4457 solis,
420 4404 475 4449 et
516 4405 703 4452 aetates
741 4398 863 4453 vitae
908 4415 923 4452 :
980 4408 1222 4471 tempore
1274 4400 1420 4455 enim
1482 4410 1812 4456 mensuram
1869 4412 2114 4474 tempora
2161 4405 2435 4471 dicuntur,
2489 4405 2757 4477 siquidem
2803 4412 3017 4475 tempus
3077 4418 3283 4469 unum;
3317 4416 3471 4460 men-

228 4487 432 4542 suralia
471 4503 599 4543 vero
646 4498 888 4559 tempora
926 4502 1075 4557 sunt,
1119 4507 1240 4563 quae
1300 4494 1462 4549 unius
1507 4495 1665 4565 hujus
1708 4497 1966 4567 temporis
2022 4501 2343 4556 extensione
2406 4508 2814 4557 mensurantur.
2887 4497 3013 4554 Haec
3060 4496 3245 4569 itaque
3288 4496 3471 4552 οηιιιίι

229 4594 330 4652 per
352 4580 547 4650 ipsum,
582 4590 636 4638 et
661 4583 729 4638 ab
755 4581 893 4653 ipso,
924 4593 977 4639 et
1008 4585 1060 4639 in
1093 4585 1211 4653 ipso
1241 4595 1389 4641 sunt.
