4186 6308
283 308 388 365 861

871 311 958 366 DE
991 311 1245 370 DIVINIS
1276 312 1674 380 NOMINIBUS,
1708 311 1827 372 (ΖΔΕ

1936 314 1978 371 ι.
2011 315 2445 377 —PARAPHR.
2483 318 2955 385 PACHYMEIUE.

3416 337 3521 394 803

281 431 497 495 καὶτοῦ
523 442 621 512 τῆς
650 441 795 514 ζωῆς
840 443 1226 516 δημιουργικοῦ
1278 445 1434 514 λόγου
1467 449 1614 502 αίτία
1642 447 1788 501 ἐστὶν
1821 465 1827 476 ⁴

1959 449 2298 518 producitur,
2328 467 2489 507 causa
2535 449 2755 505 exsistit
2795 450 2979 505 divina
3029 452 3158 507 vita.
3185 452 3308 511 Haec
3338 467 3517 512 autem

279 531 406 584 Oeta
429 530 563 603 ζωή.
588 531 774 586 Ταῦτα
795 534 849 587 δὲ
876 534 1012 588 κατά
1036 535 1145 590 τῶν
1173 537 1576 608 πρεσϐευόντων
1608 537 1749 602 ίδέας
1769 538 1858 591 αὐ-

277 622 653 686 θυποστάτους
675 624 772 676 καὶ
800 624 1095 690 ωναῖδίους
1127 625 1204 697 τῷ
1241 627 1556 700 δημιουργῷ
1586 627 1853 698 λέγονται.

290 711 391 768 Ἐκ
421 714 623 785 ταύτης
664 715 764 785 τῆς
806 716 1022 770 αἰωνίου
1063 717 1207 789 ζωῆς
1251 719 1306 771 ai
1341 718 1554 787 λογικαὶ
1596 717 1763 789 ψυχαὶ
1794 718 1855 771 τὸ

273 812 586 885 ἀνώλεθρον
620 813 821 884 έχουσι,
849 812 918 866 τά
937 813 1106 884 ἄλογα
1127 813 1240 879 ζῶα
1269 814 1444 870 πάντα
1473 814 1626 881 ζῶσι,
1661 815 1755 870 καὶ
1781 815 1851 870 τά

272 905 424 974 φυτά
454 905 515 960 τὸ
545 905 642 978 ζῇν
677 906 858 977 έχουσι
895 906 1034 961 κατά
1067 906 1294 979 ἔσχατον
1321 908 1610 979 ἀπήχημα,
1631 907 1708 972 ὡς
1735 907 1852 962 ἑλέ-

269 1015 449 1069 γομεν
488 1000 770 1072 πρότερον.
807 1001 871 1054 Αί
907 999 1037 1070 γοῦν
1070 1001 1204 1066 ζωαὶ
1235 1000 1343 1054 τῶν
1385 1000 1593 1070 ἀλόγων
1622 999 1849 1054 καὶτῶν

270 1091 463 1159 φυτῶν
506 1093 606 1146 οὐκ
638 1094 745 1146 sici.
777 1092 934 1158 θεῖαι,
963 1093 1097 1147 ἀλλά
1131 1092 1226 1146 τοῦ
1269 1093 1454 1148 ἐνύλου
1483 1092 1653 1165 πυρός
1672 1109 1732 1145 τε
1756 1093 1850 1147 καὶ

270 1187 606 1258 πνεύματος.
635 1189 743 1260 Τὴν
767 1189 822 1242 δὲ
849 1188 1197 1261 ἀνθρωπίνην
1241 1188 1383 1260 ζωὴν
1429 1187 1650 1259 πνεῦμά
1684 1203 1848 1257 φησιν

266 1279 300 1331 6
322 1276 510 1341 Δαυῖδ,
547 1277 718 1346 λέγων
745 1295 758 1309 ο
818 1277 1191 1344 Ἀντανελεῐς
1233 1277 1299 1332 τὸ
1349 1278 1585 1346 πνεῦμα
1627 1275 1845 1343 αὐτῶν,

266 1367 373 1421 καὶ
429 1369 787 1437 ὲκλείψουσι
804 1384 818 1396 ·
868 1369 963 1421 καὶ
1005 1368 1184 1422 πάλιν⁶
1258 1366 1716 1432 Ἐξαποστελεῒς
1768 1365 1831 1419 τὸ

262 1459 509 1529 πνεῦμά
526 1476 663 1524 σου,
691 1459 788 1513 καὶ
823 1458 1268 1526 κτισθήσονται,
1292 1458 1532 1530 δηλονότι
1561 1461 1640 1523 είς
1665 1458 1845 1512 παλιν-

262 1549 440 1614 ζωῐαν
477 1551 572 1604 καὶ
612 1549 982 1617 ἐξανάστασιν.
1021 1551 1094 1602 Τὸ
1107 1550 1216 1622 γάρ
1241 1549 1721 1619 ἁνταναιρεῖσθαι
1750 1551 1844 1604 ἐπὶ

260 1640 359 1694 τοῦ
392 1643 744 1711 κεχωρίσθαι
764 1641 996 1707 τέθεικε,
1036 1640 1264 1705 δεικνὺς,
1288 1642 1371 1695 ὅτι
1402 1644 1498 1697 καὶ
1521 1642 1649 1714 παρ’
1675 1641 1838 1695 αὐτοῦ

259 1732 506 1806 ἀρχῆθεν
528 1731 755 1802 ὲδόθητὺ
773 1731 987 1803 πνεῦμα
1006 1749 1018 1762 ·
1050 1731 1328 1786 ἀσθενεῖν
1355 1733 1412 1785 δὲ
1437 1734 1570 1804 πρὸς
1598 1732 1658 1785 τὸ
1687 1731 1841 1804 μετέ-

1962 543 2258 598 secundum
2289 542 2629 611 antiquiores
2673 541 2931 596 dicuntur
2977 544 3106 599 idea:
3138 561 3233 613 per
3256 564 3314 601 se
3339 550 3517 607 subsi-

1957 640 2164 687 stentes
2193 642 2248 688 et
2280 633 2513 687 creatori
2547 641 2858 687 coaeternce.
2905 631 2982 686 Ex
3020 634 3122 689 hac
3166 649 3368 693 acterna
3406 642 3516 697 vita

1959 723 2154 777 anima-
2181 720 2473 776 rationales
2504 721 3076 790 incorruptibilitatem
3106 725 3325 791 habent,
3360 730 3514 784 bruta

1956 813 2137 871 omnia
2163 813 2372 877 vivunt,
2413 821 2469 868 et
2515 810 2711 882 planta:
2735 850 2751 876 ,
2793 814 2935 882 quod
2969 813 3158 869 ultimo
3199 818 3321 872 vita:
3347 821 3515 889 gradu

1956 907 2246 986 gaudeant,
2293 906 2434 960 sicut
2461 915 2618 958 antea
2667 904 2923 960 diximus.
2963 903 3096 961 Vitae
3128 909 3308 978 itaque
3333 912 3515 966 bruto-

1955 1011 2073 1049 rum
2105 1011 2168 1050 ac
2195 995 2501 1066 plantarum
2551 1012 2656 1050 non
2702 1009 2830 1052 sunt
2860 998 3074 1061 divinae,
3108 1002 3201 1054 sed
3229 1001 3368 1070 ignis
3401 1019 3515 1056 ma-

1951 1082 2155 1142 torialis
2180 1103 2242 1142 ac
2265 1087 2510 1157 Spiritus.
2561 1087 2864 1144 Humanam
2909 1101 3088 1145 autem
3137 1093 3305 1146 vitam
3349 1105 3507 1149 vocat

1953 1179 2119 1256 David
2151 1180 2425 1248 spiritum,
2453 1182 2640 1236 dicens
2671 1200 2684 1235 :
2725 1180 2942 1250 Auferet
2963 1184 3202 1250 spiritum
3229 1201 3430 1249 eorum,
3465 1200 3512 1242 et

1949 1273 2186 1340 deﬁcient
2209 1274 2236 1312 ε
2261 1289 2282 1336 ;
2313 1281 2365 1327 et
2389 1291 2405 1331 :
2433 1271 2654 1327 Emitte:
2683 1272 2924 1342 spiritum
2954 1284 3120 1340 tuum,
3164 1287 3209 1331 et
3251 1281 3513 1333 creaban-

1947 1374 2038 1416 tur
2060 1363 2106 1427 ιι,
2139 1363 2388 1418 videlicet
2431 1365 2483 1417 in
2529 1366 2943 1420 resuscitatione
2986 1382 3049 1421 ac
3089 1370 3509 1425 resurrectione.

1949 1454 2162 1522 Auferri
2190 1466 2372 1510 autem
2408 1455 2589 1526 posuit
2637 1472 2737 1526 pro
2781 1458 3044 1528 separari,
3097 1459 3400 1526 declarans,
3442 1466 3512 1516 ah

1947 1549 2103 1602 luilio
2131 1565 2345 1619 quoque
2373 1551 2620 1620 spiritum
2649 1549 2814 1604 fuisse
2836 1551 3020 1604 datum
3054 1568 3069 1617 ;
3097 1550 3358 1618 inﬁrmari
3383 1569 3512 1609 vero

1946 1641 2079 1694 dicit
2120 1640 2175 1695 in
2213 1638 2384 1708 hujus
2433 1645 2556 1695 vita:
2596 1642 3026 1711 participatione,
3070 1646 3195 1713 quia
3226 1661 3331 1699 non
3366 1645 3507 1699 timui

1942 1743 2076 1793 suae,
2128 1743 2228 1784 nec
2269 1744 2300 1783 a
2352 1731 2547 1799 scipsis
2593 1732 2756 1784 vitam
2815 1731 3036 1798 habent,
3076 1736 3169 1790 sed
3228 1735 3443 1791 insitam
3477 1751 3508 1789 a

401 1797 525 1892 ⁷τῆς
568 1797 714 1892 Coiﬁ;
759 1797 962 1895 ταύτης
1011 1823 1162 1894 φησὶ,
1209 1821 1297 1876 διὰ
1323 1823 1384 1876 τὸ
1411 1797 1493 1896 μὴ.
1517 1797 1726 1876 οἴκοθεν
1747 1820 1840 1875 καὶ
1871 1797 1914 1856 Β
1944 1821 2072 1878 Deo.

257 1915 398 1986 παρ’
413 1913 620 1967 ἑαυτῶν
636 1911 723 1982 ἔχε
731 1929 776 1965 ιν
787 1912 886 1982 τὴν
911 1911 1074 1982 ζωὴν,
1089 1910 1201 1965 ἀλλ’
1220 1912 1462 1983 ὲπακτὴν
1489 1913 1552 1965 ὲκ
1567 1911 1661 1964 τοῦ
1678 1911 1834 1968 Θεοῦ.

331 2007 362 2080 §
400 2009 466 2061 II.
510 2007 630 2059 Ὅτι
655 2005 784 2074 γοῦν
811 2005 910 2074 τὴν
935 2003 1078 2075 ζωὴν
1122 2004 1367 2076 ὲπακτὴν
1412 2004 1645 2076 ἔχουσιν,
1680 2004 1840 2058 ἀσθε-

253 2097 454 2151 νοῦντα
476 2097 610 2168 πρὸς
641 2096 740 2164 τὴν
773 2095 1005 2166 μετοχὴν
1033 2094 1221 2164 αὐτῆς,
1253 2094 1561 2150 ἐκλείπουσι
1579 2112 1594 2126 ⁸
1621 2095 1716 2149 καὶ
1741 2096 1839 2151 πά-

253 2191 344 2244 λιν
387 2189 845 2260 ὲπιστρεφόμενα,
889 2189 1052 2242 πάλιν
1086 2189 1372 2254 ζωοῦνται.
1403 2189 1648 2262 Τοίνυνή
1677 2190 1836 2243 αὑτο-

255 2282 394 2354 ζωὴ,
418 2283 580 2346 αὐτὸς
610 2285 640 2336 ὁ
665 2282 1053 2353 δημιουργικὸς
1083 2284 1176 2337 καὶ
1214 2283 1710 2354 παραδειγματικδς
1733 2283 1834 2352 τῆς

252 2375 405 2445 ζωῆς
428 2374 602 2444 λόγος,
636 2375 664 2426 ὁ
693 2377 752 2428 ὲν
779 2373 857 2445 τῷ
892 2373 1008 2445 Θεῷ
1032 2375 1197 2439 ἀΐδιος
1235 2375 1330 2440 ὢν,
1367 2375 1620 2445 δωρεῖται
1647 2375 1833 2448 ἁπάσῃ

252 2467 370 2537 ζωῇ
400 2466 462 2519 τὸ
484 2460 643 2530 εἶναι,
672 2465 765 2518 καὶ
788 2467 854 2537 τῇ
888 2465 1097 2530 ἁπλῶς,
1124 2466 1218 2519 καὶ
1243 2467 1310 2537 τῇ
1354 2464 1475 2520 καθ’
1504 2464 1711 2520 ἕκαστα
1749 2465 1830 2520 oi-

249 2558 420 2627 κιίως
453 2559 669 2635 ἑκάστῳ
713 2557 822 2612 τῶν
871 2557 1116 2628 ζώνιων·
1159 2563 1252 2615 καὶ
1291 2564 1405 2625 τοῖς
1440 2561 1536 2632 μὲν
1582 2560 1830 2630 ἀγγέλοις

248 2654 399 2725 ζωὴν
436 2653 616 2708 δίδωσι
655 2653 754 2726 τὴν
800 2653 961 2707 ἀῦλον
1003 2654 1098 2707 καὶ
1145 2653 1387 2724 θεοειδῖγ
1433 2653 1542 2706 ὅλοι
1587 2653 1694 2725 γάρ
1725 2656 1829 2707 είσι

247 2745 391 2811 ζωαὶ
435 2745 684 2810 ὲνούσιοι,
729 2746 817 2800 ἀεὶ
854 2746 949 2800 καὶ
984 2743 1396 2816 ἀπαρεγκλίτως
1442 2744 1748 2815 κινούμενοι
1771 2747 1829 2799 ὲν

242 2835 331 2907 τῷ
368 2834 487 2907 ζῇν.
525 2834 926 2907 Ὑπερεκτείνει
951 2834 1006 2888 δὲ
1027 2835 1126 2905 τὴν
1149 2835 1403 2907 τοιαύτην
1421 2834 1562 2905 ζωὴν
1600 2833 1664 2888 δι’
1698 2837 1829 2905 ἀγα-

243 2925 454 2996 θότητα
473 2925 906 2996 (ἀμεταμέλητα
934 2929 1044 2995 γὰρ
1060 2927 1132 2978 τά
1153 2925 1280 2979 θεῖα
1305 2927 1642 2994 χαρίσματα
1666 2927 1703 2995 ’)
1733 2927 1827 2979 καὶ

239 3012 342 3084 τῷ⁹
360 3013 620 3086 δαιμονίῳ
647 3014 796 3085 φύλῳ
816 3032 828 3044 ·
861 3016 953 3068 καὶ
978 3018 1010 3085 ἡ
1035 3014 1146 3086 ζωὴ
1167 3014 1276 3084 γὰρ
1297 3013 1406 3068 τῶν
1426 3014 1696 3085 δαιμόνων
1729 3017 1825 3068 καὶ

241 3109 385 3177 παρ’
408 3107 576 3177 αὐτῆς
621 3107 847 3179 ὑπέστη,
881 3108 976 3160 καὶ
1007 3107 1136 3178 παρ’
1184 3107 1354 3180 αὐτῆς
1395 3107 1675 3177 συνέχεται
1722 3107 1824 3178 τῆς
1853 3137 1894 3195 C

239 3195 549 3266 αὖτοζωῆς.
577 3199 840 3268 Δωρεῖται
887 3199 979 3251 καὶ¹
1007 3200 1119 3262 τοῖς
1142 3197 1446 3270 ἀνθρώποις
1469 3200 1589 3261 ταῖς
1621 3197 1826 3268 συμμί-

242 3304 400 3351 κτοις
437 3287 637 3358 ψυχαῖς
695 3287 832 3359 μετά
883 3287 1135 3358 σώματος
1167 3288 1266 3357 τὴν
1301 3287 1614 3358 ἀγγελοειδῆ
1656 3285 1822 3358 ζωὴν,

242 3381 392 3453 πλὴν
433 3383 509 3446 ὼς
549 3383 756 3436 ἔνεστιο
806 3382 970 3454 μέσον
1017 3381 1128 3452 γὰρ
1169 3383 1267 3453 τῆς
1297 3383 1528 3454 φυσικῆς
1557 3382 1702 3454 ζωῆς
1731 3381 1826 3436 καὶ

239 3471 349 3541 τῆς
365 3473 658 3543 ἀγγελικῆς
679 3473 829 3535 ὄντες
852 3475 1036 3543 ἡμεῖς,
1068 3473 1166 3543 τὴν
1206 3473 1376 3545 ῥοπὴν
1414 3475 1503 3527 ἐπ’
1541 3475 1826 3547 ἀμφότερα

242 3564 370 3618 κατ’
410 3564 858 3632 αὑτεξουσιότητα
896 3565 1119 3636 ἔχομεν’
1151 3565 1184 3637 ἢ
1213 3564 1408 3636 μᾶλλον
1447 3568 1641 3631 εἰπεῖν,
1686 3567 1824 3640 πρὸς

238 3658 348 3729 τὴν
373 3655 666 3728 ἀγγελικὴν
701 3655 990 3727 ταχθέντες
1021 3655 1184 3728 ζωὴν,
1226 3657 1281 3710 ετ
1320 3675 1421 3711 που
1464 3661 1529 3729 τῇ
1565 3659 1823 3731 προαιρέ-

244 3767 332 3804 σει
374 3751 466 3804 καὶ
511 3749 982 3821 παρεγκλίνοιμεν,
1029 3749 1359 3820 ὑπερϐλύσει
1415 3751 1822 3823 φιλανθρωπίας

243 3840 390 3910 πρὸς
411 3841 472 3893 τὸ
501 3841 559 3906 ἐξ
581 3841 754 3912 ἀρχῆς
780 3839 1195 3910 ἀνακαλούμεθα
1221 3841 1312 3893 καὶ
1343 3842 1782 3913 ὲπιστρεφόμεθα
1803 3860 1817 3876 ο

240 3931 342 3984 καὶ
382 3931 442 3983 τὸ
499 3931 969 4002 θαυμαστότερον,
1014 3929 1166 3994 ὅλους
1203 3932 1352 4001 ἡμᾶς
1393 3931 1531 3984 κατά
1573 3931 1821 4003 σώματος

239 4021 384 4094 πρὸς
410 4022 508 4095 τὴν
538 4020 835 4093 ἀνώλεθρον
861 4022 1008 4092 ζωὴν
1038 4021 1426 4091 ἐπαγγέλλεται
1461 4024 1783 4096 μεταθήσειν
1801 4065 1816 4078 .

239 4116 563 4188 Πρᾶγματῇ
590 4115 801 4185 ἀνοήτῳ
839 4115 936 4186 μὲν
963 4115 1087 4188 δόξῃ
1119 4113 1228 4168 τῶν
1265 4115 1552 4187 Ἑλλήνων,
1596 4116 1819 4189 (ταύτην

237 4206 354 4279 γάρ
390 4205 723 4278 παλαιότητα
759 4223 939 4277 φησιν,
968 4205 1043 4270 ὼς
1084 4205 1274 4278 μωρὰν
1302 4209 1394 4260 καὶ
1434 4207 1640 4279 σαθρὰν
1659 4208 1695 4277 ·)
1725 4208 1818 4261 καὶ

238 4297 647 4368 πιστευόμενον,
691 4298 817 4361 ἴσως
847 4298 922 4361 ὡς
967 4297 1115 4367 παρά
1155 4297 1315 4365 φύσιν
1356 4297 1578 4350 δοκοῦνο
1620 4301 1816 4355 ἐκεῖνοι

235 4388 351 4459 γὰρ
373 4389 523 4459 παρά
555 4387 714 4455 φύσιν
741 4387 988 4457 λέγουσιν
1008 4386 1230 4459 εἶναιτῇ
1261 4388 1361 4460 ὕλῃ
1384 4389 1444 4442 τὸ
1479 4390 1815 4444 ἀπαθανατί-

2010 1999 2037 2071 §
2073 1999 2135 2054 il.
2176 1998 2316 2065 Quia
2359 1999 2543 2070 itaque
2590 2001 2754 2055 vitam
2787 2001 3002 2057 insitam
3034 2004 3254 2070 habent,
3289 2005 3412 2058 dum
3438 2008 3503 2061 ad

1936 2092 2054 2163 ejus
2089 2092 2554 2162 participationem
2587 2091 2952 2158 iuiirmantur,
2982 2095 3262 2162 deﬁciunt,
3293 2107 3349 2152 et
3376 2098 3503 2152 dum

1937 2200 2153 2239 rursum
2182 2194 2600 2250 convertuntur,
2658 2199 2873 2239 rursum
2920 2187 3284 2243 viviticantur.
3323 2189 3507 2258 Itaque

1936 2290 2034 2345 per
2065 2290 2124 2329 se
2153 2277 2266 2329 vita
2301 2285 2383 2330 est
2408 2277 2723 2332 conditricis
2751 2290 2912 2348 atque
2938 2280 3262 2348 exemplaris
3281 2282 3401 2335 vitae
3424 2297 3508 2336 ra-.

1935 2366 2029 2430 tio,
2055 2383 2174 2437 qua:
2200 2367 2252 2420 iu
2284 2369 2389 2422 Deo
2410 2379 2611 2421 mterna
2647 2371 2937 2435 exsistens,
2971 2372 3155 2426 tribuit
3179 2386 3300 2426 esse
3343 2375 3486 2426 omni

1934 2460 2074 2528 vitae,
2119 2468 2227 2516 tam
2257 2458 2378 2516 vita:
2407 2459 2727 2532 simpliciter
2756 2476 2918 2533 quam
2950 2461 3169 2518 cuilibet
3203 2461 3498 2516 viventium

1932 2552 1985 2606 in
2005 2554 2324 2622 particulari
2356 2572 2371 2622 ;
2398 2566 2561 2625 atque
2588 2556 2796 2626 angelis
2824 2557 3038 2626 quidem
3077 2553 3169 2611 dat
3194 2551 3360 2611 vitam
3391 2553 3498 2610 int-

1933 2645 2268 2701 tmterialem
2327 2663 2392 2702 ac
2453 2647 2773 2704 deiiormem
2804 2667 2818 2712 ;
2853 2649 2948 2703 toti
2999 2649 3143 2704 enim
3197 2656 3327 2703 sunt
3371 2649 3496 2703 vita:

1934 2736 2344 2802 substantiales,
2377 2752 2498 2807 quas
2529 2739 2760 2793 vivendo
2805 2753 3022 2809 semper
3043 2747 3098 2794 et
3130 2739 3498 2794 indesinenter

1931 2837 2232 2881 moventur.
2269 2828 2350 2882 Ad
2393 2829 2562 2898 ipsam
2592 2843 2806 2898 quoque
2837 2831 3049 2884 turbam
3091 2831 3478 2886 daemoniacam

1931 2919 2236 2976 iniiIISHIOdi
2265 2922 2426 2975 vitam
2459 2937 2554 2990 per
2594 2922 2891 2976 bonitatem
2929 2923 3174 2977 extendit
3233 2925 3368 2995 (sine
3388 2941 3495 2993 pae-

1927 3012 2148 3064 nitentia
2187 3015 2327 3065 enim
2353 3027 2473 3066 sunt
2518 3014 2657 3066 dona
2701 3013 2795 3066 Dei
2832 3015 2850 3054 ί
2881 3018 2922 3083 );
2951 3015 3218 3083 siquidem
3253 3018 3360 3069 vita
3385 3018 3494 3071 dae-

1928 3116 2144 3154 monum
2179 3103 2247 3154 ab
2277 3101 2504 3170 ipsumet
2552 3120 2646 3172 per
2693 3120 2752 3158 se
2791 3106 2896 3158 vita
2922 3121 3136 3174 quoque
3181 3108 3395 3161 exsistit
3423 3123 3487 3163 ac

1930 3195 2265 3250 continetur.
2293 3197 2431 3263 Quin
2460 3208 2514 3251 et
2544 3198 2872 3262 hominibus,
2899 3215 3129 3267 quorum
3158 3200 3351 3253 anima:
3377 3217 3493 3255 cor-

1927 3287 2153 3356 poribus
2203 3289 2501 3343 conimista:
2549 3299 2696 3356 sunt,
2740 3293 3146 3359 augeliiormem
3191 3292 3354 3346 vitam
3392 3293 3492 3347 :ri-

1926 3377 2064 3441 buit,
2089 3390 2351 3449 quantum
2382 3378 2592 3434 scilicet
2623 3383 2708 3434 fas
2739 3390 2861 3446 est;
2898 3398 2996 3437 nos
3021 3383 3190 3448 enim,
3220 3399 3340 3438 cum
3373 3400 3488 3439 me-

1926 3470 2001 3525 dii
2031 3471 2204 3524 siiuus
2237 3473 2376 3524 inter
2409 3471 2710 3540 angelicam
2762 3473 2926 3526 vitam
2952 3488 3016 3528 ac
3047 3476 3368 3538 naturalem,
3404 3492 3489 3530 se-

1925 3564 2163 3617 cundum
2190 3563 2415 3617 liberum
2448 3563 2735 3620 arbitrium
2781 3564 3042 3619 habemus
3073 3567 3486 3635 propensionem

1926 3656 1994 3708 ad
2028 3665 2360 3721 utramque;
2395 3654 2509 3708 sive
2555 3654 2749 3708 melius
2780 3655 3036 3720 dicendo,
3072 3657 3137 3710 ad
3191 3658 3487 3725 angelicam

1925 3746 2093 3798 vitam
2144 3743 2458 3812 compositi,
2497 3744 2670 3798 sicubi
2717 3759 2815 3814 per
2870 3745 3172 3800 libertatem
3195 3749 3359 3801 etiam
3388 3750 3485 3803 ὀο-

1923 3836 2212 3902 ﬂectimus,
2265 3835 2768 3905 superabundautia
2816 3838 3167 3909 benignitatis
3212 3841 3278 3894 ad
3302 3841 3484 3910 pristi-

1922 3944 2049 3982 num
2073 3939 2272 3983 statum
2325 3942 2643 3984 revocamur
2678 3938 2839 3998 atque
2877 3931 3240 3986 convertimur
3271 3947 3287 3999 ;
3315 3933 3487 4000 quod-

1920 4035 2026 4091 que
2050 4021 2222 4090 iungis
2252 4020 2558 4074 mirandum
2590 4029 2694 4087 est,
2725 4024 2890 4076 etiam
2947 4022 3242 4077 secundum
3287 4037 3483 4090 corpus

1918 4113 1986 4167 ad
2037 4112 2504 4182 incorruptibiicm
2559 4114 2722 4168 vitam
2800 4129 2898 4169 nos
2956 4113 3305 4168 traducturos
3356 4129 3482 4182 pro-

1919 4206 2110 4261 mittit.
2159 4205 2290 4272 Qua:
2332 4221 2417 4260 res
2457 4203 2624 4277 456
2685 4207 2890 4260 insana!
2941 4207 3159 4276 quidem
3199 4206 3478 4277 gentilium

1917 4299 2156 4368 opinioni
2187 4297 2369 4370 (quam
2410 4307 2732 4354 vetustatem
2770 4297 3024 4368 appellat,
3053 4299 3247 4367 quippe
3277 4299 3477 4354 fatuam

1913 4400 1970 4445 et
2003 4391 2265 4466 putidam)
2293 4391 2460 4445 etiam
2505 4391 2709 4445 credita
2759 4393 2959 4464 merito
2990 4392 3138 4460 quasi
3169 4402 3358 4445 contra
3383 4407 3480 4446 ητις

235 4481 428 4545 ζεσθαι
451 4499 463 4511 ο
492 4480 592 4552 ῦλη
613 4481 722 4552 γὰρ
750 4477 903 4544 οὖσα,
938 4482 1032 4534 καὶ
1060 4480 1198 4534 κατὰ
1239 4481 1398 4549 φύσιν
1432 4481 1628 4552 ἔχουσα
1662 4483 1722 4535 τὸ
1751 4485 1810 4536 ὲν

1942 4499 2092 4537 uram
2121 4483 2407 4546 videatur;
2438 4481 2510 4535 illi
2558 4483 2703 4535 enim
2736 4482 2909 4547 aiunt,
2958 4497 3078 4536 esse
3101 4492 3290 4536 coiitra
3319 4491 3476 4535 natu-

233 4573 400 4642 ἑαυτῇ
431 4570 781 4642 μεταϐάλλειν
808 4570 876 4623 τά
899 4571 1032 4640 εἴδη,
1071 4571 1187 4636 πῶς
1222 4575 1374 4642 μενεῖ
1401 4575 1459 4625 ἐν
1481 4574 1626 4644 αὐτῷ
1655 4575 1808 4628 ἐσαεὶ

231 4663 607 4736 ἀμετάϐλητος
640 4665 733 4717 καὶ
765 4663 1052 4733 ἀκίνητος;
1107 4665 1331 4719 Ἐκεῖνοι
1369 4667 1518 4735 γοῦν,
1548 4670 1614 4738 τῇ
1647 4667 1806 4734 φύσει

231 4752 670 4817 ἀκολουθοῦντες,
700 4754 922 4817 εἰκότως
948 4754 1091 4808 ἆπαν
1119 4755 1266 4819 ξένον
1293 4756 1391 4826 τῆς
1421 4756 1633 4828 φύσεως
1655 4760 1806 4830 παρά

230 4844 396 4914 φύσιν
439 4845 591 4913 φασὶ,
632 4847 725 4899 καὶ
765 4847 838 4917 μὴ
873 4841 983 4900 οἷόν
1003 4865 1061 4899 τε
1095 4847 1345 4914 γενέσθαι
1371 4847 1620 4903 πώποτε·
1646 4853 1806 4922 ἡμεῖς

227 4931 312 4996 δὲ,
347 4933 482 5003 πρὸς
510 4932 600 4984 τὸν
629 4932 761 4986 Θεὸν
789 4935 1204 5000 ἀποϐλέποντες,
1233 4936 1324 4990 τὸν
1350 4939 1414 4990 ἐκ
1435 4937 1529 4992 τοῦ
1556 4940 1629 5012 μὴ
1650 4940 1802 5006 ὖντος

227 5025 299 5079 τά
325 5026 501 5079 πάντα
535 5025 676 5098 λόγῳ
721 5027 866 5097 μόνῳ
895 5029 988 5081 καὶ
1019 5027 1278 5100 θελήματι
1306 5031 1708 5104 ὑποστήσαντα,
1739 5035 1803 5088 τὸ

227 5116 420 5172 δοκοῦν
449 5117 678 5182 ἐκείνοις
707 5117 858 5190 παρὰ
879 5119 1039 5187 φύσιν
1069 5119 1210 5175 θεῖον
1245 5124 1340 5176 καὶ
1360 5124 1499 5194 ὑπὲρ
1522 5124 1683 5194 φύσιν
1709 5126 1806 5180 λέ-

223 5226 420 5280 γομεν,
443 5213 534 5264 καὶ
556 5209 777 5266 δυνατὸν
796 5212 1068 5280 γενέσθαι,
1093 5213 1227 5267 Θεοῦ
1249 5214 1508 5280 θέλοντος.
1532 5217 1665 5271 Θεοῦ
1691 5220 1799 5292 γὰρ

228 5301 549 5373 βουλομένου
573 5303 634 5356 τὸ
652 5304 901 5372 γενέσθαι
924 5323 976 5358 τι
1002 5305 1169 5371 ξένον,
1194 5307 1254 5361 οὐ
1283 5307 1510 5380 λέγομεν
1538 5311 1686 5383 παρά
1707 5312 1799 5380 φύ-

225 5411 312 5448 σιν
335 5410 348 5424 ’
384 5392 604 5467 βία’γάρ
633 5397 748 5448 ἐστι
772 5397 928 5450 τοῦτο
952 5397 1047 5468 τῆς
1072 5397 1304 5466 φύσεως,
1332 5403 1423 5454 καὶ
1457 5403 1576 5473 οὐχὶ
1606 5403 1797 5458 σύστα-

223 5503 311 5551 σις
331 5485 566 5555 φύσεως,
605 5487 716 5540 ἀλλ’
746 5489 1016 5554 ἀσθένεια,
1049 5489 1187 5544 ὥστε
1228 5495 1524 5562 πεφυκέναι
1553 5499 1646 5550 καὶ
1686 5497 1791 5552 πά-

219 5578 304 5632 λιν
331 5579 424 5633 ὲπὶ
446 5579 508 5632 τὸ
533 5578 671 5633 κατὰ
702 5580 861 5650 φύσιν
890 5583 1152 5654 χωρῆσαι,
1181 5584 1336 5639 εἵπου
1379 5587 1476 5657 τῆς
1507 5589 1626 5659 βίας
1649 5591 1784 5661 ἀφε-

298 5767 321 5805 8
346 5763 491 5821 Psal.
543 5777 632 5815 cm
657 5800 670 5827 ,
709 5764 798 5821 ‘29.

901 5767 928 5808 ιι
959 5767 1113 5836 Ibid,
1146 5771 1233 5827 50.
1333 5773 1348 5814 ί
1380 5769 1538 5828 Rom.
1575 5789 1649 5839 χι,
1684 5773 1773 5829 29.

1910 4591 2026 4628 ram
2057 4583 2114 4627 ut
2137 4574 2360 4627 materia
2396 4573 2490 4626 iiat
2535 4572 2899 4639 immortalis;
2933 4588 3054 4626 nam
3090 4583 3216 4628 dum
3245 4585 3328 4628 est
3355 4592 3473 4628 ma-

1910 4668 2068 4734 teria,
2103 4669 2266 4720 etiam
2296 4667 2593 4720 secundum
2618 4676 2863 4720 naturam
2891 4681 3042 4720 suam
3069 4666 3228 4721 habet
3255 4676 3311 4722 ut
3336 4668 3388 4721 in
3415 4684 3474 4723 se

1906 4759 2114 4816 formas
2171 4768 2519 4821 transmutel,
2569 4759 2840 4827 quomodo
2891 4773 3024 4828 ergo
3075 4758 3126 4811 iu
3179 4771 3238 4812 se
3262 4772 3474 4826 semper

1908 4852 2264 4907 iuuuutnbilis
2295 4860 2350 4905 et
2381 4849 2676 4905 immobilis
2727 4865 2947 4906 manere
2999 4849 3172 4919 possit
3201 4849 3224 4901 ’ἔ
3257 4849 3335 4903 illi
3369 4849 3472 4905 ita-

1904 4961 2010 5018 que
2039 4929 2289 5000 uaturain
2325 4955 2638 5013 sequentes,
2662 4943 3045 4999 verosimiliter
3077 4943 3284 5007 dicunt,
3309 4958 3468 4997 omne

1903 5042 1956 5097 id
1979 5041 2121 5110 quod
2147 5049 2358 5094 natura:
2392 5039 2734 5110 peregrinum
2763 5051 2825 5092 ac
2849 5053 3046 5092 novum
3069 5038 3287 5100 accidit,
3326 5052 3462 5090 cou-

1904 5143 1986 5188 tra
2043 5142 2291 5187 naturam
2342 5147 2481 5196 esse,
2533 5143 2587 5187 et
2638 5132 2756 5186 ﬁeri
2793 5147 3068 5200 nunquam
3126 5145 3284 5200 posse
3316 5147 3330 5184 :
3362 5143 3464 5182 nos

1901 5241 2032 5280 vero
2056 5226 2121 5279 ad
2159 5226 2327 5280 Deum
2372 5232 2700 5294 spectantes,
2741 5224 2832 5293 qui
2879 5223 3061 5279 omnia
3089 5239 3156 5278 ex
3187 5222 3352 5276 nihilo
3383 5223 3463 5276 vel

1903 5319 2068 5372 verbo
2093 5318 2209 5373 solo
2231 5334 2295 5372 ac
2321 5317 2594 5372 voluntate
2625 5331 2719 5371 sua
2748 5316 3048 5370 consistere
3068 5315 3218 5380 fecit,
3251 5313 3303 5367 id
3321 5315 3463 5382 quod

1901 5409 2040 5478 ipsis
2072 5418 2260 5462 contra
2312 5417 2559 5462 naturam
2602 5405 2845 5469 videtur,
2895 5405 2945 5459 id
2997 5420 3096 5459 nos
3142 5405 3379 5457 divinum
3403 5410 3458 5454 et

1897 5516 2062 5571 supra
2092 5510 2343 5555 naturam
2365 5514 2487 5555 esse
2533 5500 2788 5564 dicimus,
2818 5507 2892 5563 et,
2937 5497 3147 5552 volente
3178 5497 3307 5561 Deo,
3339 5493 3456 5548 ﬁeri

1894 5606 2069 5660 posse.
2108 5593 2216 5650 Deo
2244 5593 2389 5648 enim
2415 5591 2628 5649 volente
2675 5590 2950 5660 quidpiam
2997 5586 3336 5660 peregrinum
3360 5598 3456 5638 seu
