4156 6312
188 383 306 440 8ῧ5

1247 377 1333 430 DE
1370 375 1622 432 DIVINIS
1661 375 2055 444 NOMIN'IBUS,
2091 377 2245 434 CAP.
2290 378 2402 434 VII.

3353 385 3460 443 866

187 500 342 568 ζωῆς
369 500 462 553 καὶ
489 499 582 554 ἐπὶ
611 494 822 558 πολλοῖς
863 493 1068 563 ἑτέροις
1105 491 1234 563 παρ’
1282 493 1450 564 αὐτῆς
1484 493 1696 562 χέεται”
1734 495 1762 563 ἡ

1875 492 2213 563 simplexque
2235 506 2340 550 esu
2377 494 2574 550 nullius
2604 495 2803 567 indiga,
2821 498 3062 566 quinimo
3086 503 3412 572 superplena
3437 522 3454 571 ;

183 589 485 655 ώτόζωος,
529 589 622 642 καὶ
650 585 949 658 ὑπέρζωος,
983 584 1016 654 ὴ
1045 580 1324 647 ζωοποιὺς,
1355 583 1388 654 ἢ
1425 586 1571 648 ὅπως
1601 584 1774 649 ἄλλως

183 679 553 753 ἀνθρωπικῶς
593 678 658 732 ἂν
690 677 919 749 ὑμνήσοι
959 691 1041 738 τις
1079 673 1177 746 τὴν
1217 674 1518 744 ἄφθεγκτον
1557 677 1772 748 ἐκείνην

183 775 286 829 καὶ
314 773 465 828 θείαν
500 771 672 844 ζωήν..

1879 602 1986 642 non
2028 590 2172 643 enim
2219 591 2355 645 satis
2397 602 2477 646 est
2520 592 2586 646 de
2621 608 2682 646 ca
2724 594 2904 649 dicere
2940 596 3083 663 quod
3126 613 3231 650 non
3266 599 3337 652 sit.
3377 599 3459 654 in-

1877 680 2024 748 diga,
2059 683 2153 736 sed
2181 683 2507 749 addendum,
2537 701 2656 737 eam
2690 700 2809 738 esse
2847 702 3174 756 supraquatn
3219 690 3454 759 plenam,

1877 770 1928 825 in
1959 783 2223 842 quantum
2261 775 2383 829 vitae
2417 775 2612 830 bonum
2659 777 2728 830 ab
2765 780 2863 831 hac
2906 779 2957 830 in
3001 780 3168 834 nmlta
3209 781 3313 835 alia
3349 783 3456 837 dif-

180 866 456 932 funditur,
485 877 544 920 Ill.
574 880 696 935 quat
734 874 815 921 est
844 864 1021 932 seipsa
1057 864 1266 923 vivens.
1298 873 1353 918 et
1382 863 1758 930 supervivens,
1800 873 1855 918 et
1902 865 2206 930 vivilicans,
2245 866 2327 922 vel
2372 882 2692 937 quocunque
2720 869 2824 923 alio
2853 875 3011 925 modo
3056 873 3294 928 humano
3320 875 3455 930 inef-

183 960 410 1016 taltilem
457 961 602 1015 illam
650 960 999 1030 divinamque
1033 960 1199 1013 vitam
1241 958 1463 1013 laudare
1500 959 1624 1028 quis
1661 959 1851 1021 possit.

560 1275 1202 1362 ΚΕΦΑΛΑΙΟΝ
1278 1279 1381 1360 Z'.

251 1410 390 1478 Περὶ
419 1414 657 1482 σοφίας,
692 1415 824 1479 νοῦ,
852 1417 1056 1482 λόγου.
1090 1416 1391 1484 ἀληθείας,
1423 1417 1698 1482 πίστεως.

2209 1285 2375 1358 458
2412 1281 2789 1372 CAPUT
2844 1288 3061 1374 νη.

2005 1417 2079 1470 De
2113 1419 2398 1483 sapientia,
2431 1430 2620 1482 mente,
2652 1421 2873 1481 ratione,
2905 1422 3146 1484 veritate,
3180 1421 3304 1488 ﬁde.

1487 1565 1817 1622 SYNOPSIS
1849 1565 2144 1622 CAPITIS.

176 1701 223 1756 Ι.
257 1699 435 1766 Docet,
467 1706 780 1770 sapientiam
821 1705 912 1756 Dei
944 1721 1055 1758 esse
1081 1721 1246 1758 omnis
1277 1706 1546 1766 sapientia:
1575 1705 1880 1757 creatricem
1905 1744 1918 1764 .
1950 1721 2213 1771 supraque
2245 1720 2448 1756 omnem
2484 1704 2795 1768 sapientiam
2834 1707 3083 1756 exsistere
3118 1703 3450 1772 investiga!”-

260 1771 360 1850 lem
391 1783 436 1826 et
467 1775 1074 1850 incomprehensibilem;
1110 1793 1271 1844 neque
1295 1776 1581 1850 set-mitium
1606 1784 1846 1850 nostram
1876 1775 2277 1850 intelligentiam
2303 1775 2782 1850 metiendam‘esse.
2820 1773 2879 1828 II.
2913 1773 2996 1826 Ex
3025 1791 3084 1850 ea
3117 1772 3211 1825 Dei
3234 1771 3445 1850 sapien-

257 1843 335 1914 tia
364 1845 489 1896 dicit
527 1846 741 1912 angelos
774 1846 984 1905 habere,
1019 1843 1156 1914 quod
1186 1843 1292 1898 sint
1342 1845 1698 1906 intellectiles,
1733 1854 1780 1895 et
1825 1845 2061 1896 homines
2103 1847 2242 1909 quod
2275 1846 2377 1896 sint
2420 1843 2733 1904 rationales,
2771 1854 2818 1895 et
2865 1861 2945 1895 res
2988 1844 3109 1896 alia?
3149 1846 3442 1899 sensibiles.

259 1910 459 1974 Quwrit
487 1910 716 1980 insuper,
747 1919 1005 1980 quomodo
1031 1910 1180 1968 'Deus
1218 1919 1394 1968 omnia
1431 1915 1574 1968 novit
1611 1917 1723 1966 sine
1754 1914 1872 1993 Iull'a
1914 1916 2233 1993 actione;_et
2267 1914 2738 1993 quont‘odonomnia
2769 1916 3130 1993 cognoscendo
3170 1916 3441 1993 anticipet,

260 1990 308 2053 et
343 1984 394 2035 in
428 1985 593 2048 seipso
624 2000 716 2050 per
745 1986 831 2036 sui
873 1987 1115 2038 notitiam
1142 1993 1461 2050 cognoscat;
1498 1994 1547 2036 et
1590 1985 1763 2053 angeli
1799 2000 2002 2053 quoque
2045 1986 2258 2035 sensilia
2297 1983 2670 2035 intellectiliter
2697 1983 3011 2050 percipiant.
3057 1985 3140 2036 ΙΙΙ.
3174 1983 3441 2048 Ostendit,

259 2049 448 2116 Deum,
485 2062 540 2105 ut
579 2049 631 2105 in
673 2071 725 2105 se
760 2063 856 2115 est,
892 2057 1036 2108 nobis
1068 2049 1302 2123 ignotum
1337 2072 1469 2114 esse.
1499 2049 1840 2123 eamdemque
1879 2055 2019 2106 nasci
2059 2055 2252 2119 partim
2277 2070 2374 2123 per
2415 2049 2716 2114 notionem,
2756 2054 2947 2117 partim
2982 2056 3094 2104 sine
3128 2058 3356 2116 natione,
3397 2068 3442 2106 et

255 2123 397 2174 [mur
429 2123 666 2175 notitiam
696 2141 806 2176 esse
830 2124 923 2176 illa
954 2121 1260 2178 diviniorem
1288 2141 1349 2177 ac
1382 2127 1648 2179 veriorem.
1682 2121 1769 2179 Ν.
1801 2125 2074 2189 Quomodo
2105 2123 2241 2176 Deus
2276 2122 2500 2176 Verbum
2530 2125 2620 2184 sit,
2644 2126 2780 2182 quod
2817 2131 2895 2175 est
2927 2125 3150 2192 simplex
3176 2133 3366 2176 veritas
3394 2135 3442 2176 et

255 2193 382 2258 ﬁdei
415 2193 839 2258 fundamentum.

1751 2328 1844 2404 ιι

251 2479 389 2548 Φέρε
421 2477 496 2540 δὲ,
529 2477 578 2528 εἰ
609 2476 776 2540 δοκεῖ,
806 2475 903 2546 τὴν
932 2475 1138 2547 ἀγαθὴν
1170 2493 1262 2529 και
1293 2477 1516 2530 αἰωνιαν
1544 2479 1566 2504 ⁵
1598 2473 1762 2545 ζωὴν.

1939 2473 2053 2542 Age
2085 2486 2272 2541 porro,
2310 2472 2505 2538 ipsam,
2549 2470 2592 2524 si
2633 2471 2830 2539 placet,
2869 2489 3047 2526 veram
3078 2485 3444 2546 attenta-nque

173 2572 277 2626 καὶ
319 2570 392 2633 ὼς
434 2569 620 2640 σοφὴν,
665 2571 757 2621 καὶ
790 2569 865 2632 ὡς
900 2569 1222 2638 αὑτοσοφίαν
1263 2569 1538 2640 ὑμνῶμεν,
1571 2569 1766 2639 μᾶλλον

171 2663 236 2716 δὲ
287 2661 362 2723 ὡς
403 2661 582 2731 πάσης
624 2660 812 2730 σοφίας
862 2661 1245 2732 ὑποστατικὴν,
1285 2662 1378 2715 καὶ
1407 2661 1546 2732 ὑπὲρ
1586 2663 1764 2716 πᾶσαν

179 2755 376 2822 σοφίαν
407 2754 498 2805 καὶ
540 2751 750 2804 σύνεσιν
781 2752 1106 2822 ὑπεροῦσαν.
1137 2754 1210 2806 Οὑ
1247 2754 1356 2824 γάρ
1395 2753 1551 2824 μόνον
1578 2754 1604 2804 ὸ
1634 2753 1766 2815 Θεὸς

176 2844 541 2916 ὑπερπλήρης
568 2846 683 2897 ἐστὶ
713 2843 922 2913 σοφίας,
948 2846 1042 2899 καὶ
1064 2847 1162 2916 τῆς
1190 2847 1454 2910 συνέσεως
1476 2845 1638 2899 αὑτοῦ
1665 2847 1764 2899 οὑκ

177 2936 329 2988 ἔστιν
367 2934 615 3005 ἀριθμὸς,
649 2933 783 2986 ἀλλὰ
836 2935 929 2986 καὶ
946 2933 1138 2998 παντὸς
1172 2933 1350 3001 λόγου,
1389 2934 1481 2986 καὶ
1522 2932 1634 2995 νοῦ,
1673 2932 1765 2985 καὶ

178 3028 372 3094 σοφίας
413 3026 781 3097 ὑπερίδρυται.
829 3028 938 3080 Καὶ
973 3027 1130 3079 τοῦτο
1175 3024 1464 3095 ὑπερφυῶς
1507 3025 1763 3094 ἐννοήσας

189 3121 222 3171 ὀ
251 3117 388 3181 θεῖος
417 3118 581 3180 ὄντως
616 3118 770 3188 ἀνὴρ,
804 3120 832 3171 ὁ
887 3117 1063 3181 κοινὸς
1100 3117 1260 3187 ἡμῶν
1289 3117 1382 3170 καὶ
1412 3116 1504 3168 τοῦ
1530 3117 1764 3187 καθηγε-

189 3210 353 3281 μόνος
395 3209 562 3280 ἥλιος,
611 3209 679 3262 Τὸ
709 3209 908 3279 μωρὸν
941 3209 1043 3263 τοῦ
1067 3211 1212 3264 Θεοῦ
1260 3208 1600 3277 σοφώτερον
1645 3209 1763 3262 τῶν

174 3299 524 3366 ἀνθρώπων,
546 3300 729 3370 φησιν,
758 3301 817 3352 οὑ
848 3301 1005 3370 μόνον
1026 3301 1108 3353 ὅτι
1138 3301 1285 3354 πᾶσα
1309 3301 1621 3371 ἀνθρωπίνη
1650 3301 1762 3356 διά-

178 3407 299 3444 νοια
354 3390 528 3461 πλάνη
569 3392 651 3455 τίς
685 3395 834 3456 ἐστι,
884 3392 1173 3464 κρινομένη
1221 3393 1354 3462 πρὸς
1402 3392 1462 3462 το
1506 3393 1760 3465 σταθερὸν

177 3483 277 3535 καὶ
308 3482 529 3551 μόνιμον
565 3482 585 3512 ⁸
634 3481 741 3534 τῶν
779 3481 937 3535 θείων
978 3483 1070 3534 καὶ
1116 3482 1464 3536 τελειοτάτων
1490 3484 1755 3554 νοήσεωνο

177 3573 295 3627 ἀλλ’
324 3573 407 3625 ὅτι
436 3574 527 3626 καὶ
563 3573 790 3644 σύνηθές
819 3577 935 3626 ὲστι
963 3577 1076 3638 τοῖς
1107 3573 1393 3644 θεολόγοις,
1435 3577 1759 3630 ἀντιπεπον-

177 3663 350 3724 θότως
407 3664 498 3715 ἐπὶ
555 3662 690 3716 Θεοῦ
749 3663 816 3716 τὰ
881 3663 978 3733 τῆς
1041 3665 1343 3734 στερήσεως
1398 3664 1755 3732 ἀποφάσκειν.

179 3752 337 3804 Οὕτω
362 3754 453 3804 καὶ
485 3752 714 3822 ἀόρατόν
753 3771 884 3822 φησι
913 3754 981 3806 τὰ
1010 3754 1178 3822 Λόγια
1205 3753 1266 3808 τὸ
1312 3755 1568 3825 παμφαὲς
1607 3755 1721 3824 φῶς
1740 3770 1754 3784 ⁸

1871 2563 2060 2625 vitam,
2087 2562 2274 2624 etiam,
2307 2569 2360 2613 ut
2394 2562 2713 2630 sapientem,
2768 2564 3051 2632 ipsamque
3119 2568 3441 2634 sapientiam

1867 2655 2221 2718 celebremus,
2288 2655 2394 2707 imo
2454 2669 2577 2707 vero
2631 2664 2881 2723 tanquam
2929 2658 3105 2711 omnis
3162 2662 3444 2727 sapientia:

1867 2747 2312 2815 procreatricem,
2347 2761 2622 2815 supraque
2657 2761 2873 2801 Omnem
2909 2749 3232 2817 sapientiam
3268 2763 3322 2804 et
3359 2755 3442 2806 iu-

1869 2839 2217 2908 telligentiam
2269 2838 2622 2890 eminentem.
2681 2837 2794 2890 Non
2850 2839 2994 2892 enim
3047 2843 3184 2895 Deus
3235 2852 3440 2896 tantum

1867 2935 2192 2997 supraquatn
2225 2928 2414 2996 plenus
2446 2929 2707 2997 sapientia
2733 2931 2962 2992 exsistit,
2989 2941 3041 2985 et
3075 2932 3444 3003 intelligentia:

1865 3019 1979 3087 ejus
2015 3034 2118 3072 non
2157 3030 2240 3074 est
2277 3035 2558 3082 numerus,
2591 3021 2683 3074 sed
2719 3035 2884 3089 supra
2927 3037 3143 3094 omnem
3177 3027 3439 3079 rationem

1868 3120 1919 3164 et
1958 3121 2192 3164 mentem
2227 3121 2278 3164 et
2312 3111 2632 3178 sapientiam
2685 3111 3002 3168 collocatur.
3059 3116 3218 3183 quue
3252 3131 3440 3185 super-

1839 3203 2190 3256 .naturaliter
2224 3203 2534 3270 intelligens
2562 3203 2647 3255 vir
2679 3203 2835 3272 plane
2865 3205 3099 3272 divinus,
3135 3209 3442 3262 communis

1865 3293 1952 3348 ille
1990 3302 2175 3346 noster
2206 3295 2484 3362 nostrique
2511 3294 2860 3361 praeceptoris
2895 3295 2996 3360 sol,
3026 3294 3203 3360 Quod,
3242 3297 3438 3366 inquit,

1863 3386 2080 3438 stultum
2113 3397 2186 3438 est
2229 3385 2344 3448 Dei,
2382 3386 2670 3451 sapientius
2707 3395 2782 3438 est
2809 3387 3105 3440 hominibus
3133 3386 3178 3450 κ,
3214 3404 3317 3442 non
3348 3405 3438 3443 so-

1864 3477 1970 3528 lum
2016 3477 2158 3544 quod
2199 3476 2376 3530 omnis
2428 3477 2661 3529 humana
2714 3477 2967 3546 cogitatio
3019 3492 3174 3531 error
3215 3480 3437 3540 quidam

1861 3569 1950 3631 sit,
1985 3568 2030 3622 si
2064 3583 2186 3622 cum
2223 3568 2528 3621 divinarum
2567 3567 3207 3637 absolutissimarumque
3237 3570 3440 3624 intelli-

1861 3660 2166 3729 gentiarum
2196 3659 2456 3713 ﬁrmitate
2487 3659 2884 3728 stabilitathue
2926 3674 3300 3729 comparetur;
3349 3679 3439 3718 ve-

1863 3769 1978 3806 rum
2009 3754 2172 3806 etiam
2199 3753 2325 3820 quia
2365 3753 2604 3806 solemne
2634 3763 2718 3808 est
2741 3755 3028 3823 theologis,
3064 3767 3120 3808 ut
3147 3757 3197 3808 in
3232 3757 3342 3811 Deo
3372 3773 3436 3812 ea

181 3847 278 3898 atat
301 3846 390 3897 τὸν
425 3845 795 3917 πολυύμνητον
836 3848 932 3900 καὶ
990 3846 1356 3918 πολυώνυμον,
1394 3847 1630 3919 ἄρρητον
1664 3849 1758 3901 καὶ

1863 3859 1978 3911 qua:
2013 3853 2146 3898 sunt
2188 3844 2505 3913 privatiouis
2561 3845 2840 3898 contrario
2887 3859 3046 3899 sensu
3093 3846 3296 3899 dicant.
3345 3847 3439 3902 Sic

180 3933 495 4005 ἀνώνυμον-ο
532 3938 624 3989 καὶ
671 3939 761 3990 τὸν
803 3940 936 3992 πᾶσι
984 3939 1224 4010 παρόντα
1279 3941 1372 3994 καὶ
1439 3943 1504 3994 ὲκ
1542 3942 1756 3996 πάντων

178 4028 582 4097 εὑρισκόμενον,
615 4029 997 4099 ἀκατάληπτον
1025 4031 1117 4084 καὶ
1136 4031 1552 4103 ἀνεξιχνίαστον.
1573 4034 1758 4105 Τούτῳ

178 4119 245 4190 δὴ
285 4118 360 4189 τῷ
395 4121 580 4190 τρόπῳ
615 4123 709 4174 καὶ
759 4122 854 4175 νῦν
891 4124 919 4175 ὁ
967 4123 1108 4186 θεῖος
1169 4125 1485 4188 Ἀπόστολος
1520 4125 1757 4195 ὑμνῆσαι

178 4205 395 4276 λέγεται
430 4210 637 4279 μωρίαν
669 4209 824 4276 Θεοῦ,
849 4211 909 4264 τὸ
935 4215 1253 4284 φαινόμενον
1301 4218 1359 4268 ὲν
1396 4216 1530 4287 αὑτῇ
1576 4217 1757 4286 παρά-

179 4301 336 4368 λογον
372 4302 464 4354 καὶ
503 4301 720 4366 ἄτοπον,
766 4307 845 4367 εἰς
890 4305 987 4375 τὴν
1030 4306 1264 4377 ἄρρητον
1310 4309 1404 4361 καὶ
1453 4311 1558 4381 πρὸ
1601 4310 1756 4380 λόγου

183 4391 380 4455 παντὸς
433 4393 722 4462 ἀναγαγὼν
765 4395 1039 4467 ἀλήθειαν.
1086 4399 1264 4462 Ἀλλὰ,
1307 4401 1442 4472 ὅπερ
1483 4405 1540 4454 ὲν
1581 4403 1759 4469 ἄλλοις

182 4483 336 4552 ἔφην,
365 4486 578 4549 οἰκείως
603 4489 734 4556 ἡμῖν
761 4487 828 4540 τὰ
868 4489 1008 4560 ὑπὲρ
1042 4492 1189 4561 ἡμᾶς
1223 4494 1754 4564 παραλαμϐάνοντες,

185 4579 273 4629 καὶ
298 4576 376 4646 τῷ
407 4577 685 4649 συντρόφῳ
709 4578 815 4631 τῶν
857 4580 1159 4653 αἰσθήσεων
1201 4585 1560 4656 ὲνειλούμενοι
1593 4590 1632 4653 ⁸,
1666 4591 1759 4643 καί

182 4669 292 4730 τοῖς
325 4660 444 4720 καθ’
475 4669 619 4739 ἡμᾶς
659 4669 724 4722 τά
769 4670 886 4722 θεῖα
916 4673 1367 4741 παραϐάλλοντες,
1403 4679 1754 4749 άπατώμεθα,

185 4759 322 4812 κατὰ
358 4760 420 4812 τὺ
453 4761 769 4830 φαινόμενον
812 4764 904 4815 τὸν
935 4764 1075 4818 θεῖον
1123 4768 1214 4820 καὶ
1251 4769 1558 4840 ἀπόρρητον
1604 4773 1758 4841 λόγον

187 4850 638 4922 μεταδιώκοντες·
691 4853 808 4906 δέον
863 4855 1059 4909 ειδέναι
1105 4859 1196 4911 τὸν
1245 4859 1365 4913 καθ’
1419 4863 1563 4932 ἡμᾶς
1612 4865 1754 4930 νοῦν,

185 4944 325 5013 ἔχειν
353 4943 452 5014 τὴν
479 4944 576 5013 μὲν
608 4944 834 5026 δύναμιν
859 4948 938 5010 εἰς
971 4948 1032 5000 τὸ
1070 4952 1228 5014 νοεῖν,
1260 4951 1325 5004 δι’
1372 4947 1437 5024 ἦς
1479 4955 1546 5006 τὰ
1594 4956 1758 5026 νοητὰ

186 5035 391 5106 βλέπει,
421 5035 522 5106 τὴν
547 5035 602 5088 δὲ
629 5036 818 5089 ἕνωσιν
847 5038 1242 5111 ὑπεραίρουσαν
1271 5044 1368 5114 τὴν
1399 5044 1490 5097 τοῦ
1530 5046 1620 5099 νοῦ
1655 5048 1758 5116 φύ-

187 5145 267 5181 σιν
301 5129 341 5190 ⁷,
377 5126 444 5180 δι’
483 5123 550 5196 ἦς
588 5129 910 5183 συνάπτεται
959 5133 1093 5202 πρὸς
1141 5133 1208 5185 τὰ
1245 5136 1499 5190 ἐπέκεινα
1544 5139 1753 5193 ἑαυτοῦ.

1864 3929 2034 3990 lucem
2063 3934 2558 4004 splendidissimatn
2585 3935 2881 4004 Scriptura:
2917 3946 3116 3989 vocant
3139 3939 3437 4005 inaspecta-

1861 4033 2021 4087 Itilem
2052 4042 2157 4096 ret
2193 4034 2282 4102 qui
2342 4032 2508 4085 multa
2565 4032 2782 4085 laudum
2827 4032 3057 4102 insignia
3114 4033 3436 4102 nominaque

1862 4125 2044 4189 habet,
2076 4126 2264 4179 dicunt
2301 4122 2621 4178 ineﬂ'abilem
2660 4133 2713 4178 et
2751 4123 3236 4189 inuominabiiem;
3273 4134 3437 4194 atque

1859 4230 1985 4271 eum
2016 4219 2104 4286 Qui
2130 4217 2384 4269 omnibus
2417 4230 2655 4283 praesens
2693 4224 2777 4268 est
2812 4225 2866 4270 et
2898 4231 2962 4270 ex
2994 4217 3249 4271 omnibus
3287 4215 3437 4270 inve-

1863 4309 2030 4370 nitur,
2078 4317 2274 4361 vocant
2319 4308 2831 4376 incomprcltensum
2878 4316 2933 4360 et
2979 4307 3429 4375 investigabilem.

1861 4399 1972 4454 lloc
2001 4398 2164 4467 igitur
2197 4398 2356 4451 modo
2385 4399 2682 4451 etiamnum
2727 4397 2944 4452 divinus
2984 4399 3269 4468 Apostolus
3300 4401 3435 4453 stul-

1861 4491 2035 4544 titiam
2092 4490 2183 4544 Dei
2233 4489 2461 4544 laudare
2508 4490 2729 4553 dicitur,
2778 4490 2902 4542 dun:
2954 4489 3006 4543 id
3064 4491 3204 4558 quod
3259 4492 3312 4544 in
3369 4507 3434 4546 ea

1862 4580 2060 4634 rationi
2091 4579 2428 4634 contrarium
2461 4587 2515 4632 et
2554 4580 2847 4632 absurdum
2887 4579 3122 4644 videtur,
3155 4584 3222 4634 ad
3251 4581 3435 4634 inclia-

1861 4674 2020 4728 bilem
2052 4673 2310 4742 omnique
2361 4672 2573 4726 ratione
2619 4672 2879 4740 potiorem
2927 4672 3207 4724 veritatem
3245 4673 3431 4726 refert.

1865 4764 2063 4820 Verum
2093 4765 2174 4834 (ut
2196 4761 2342 4817 ‘alilti
2370 4763 2580 4831 dixi)_si
2625 4777 2774 4816 more
2817 4771 3005 4815 nostro
3035 4779 3096 4818 ea
3127 4779 3243 4831 qua;
3265 4780 3430 4833 supra

1860 4873 1960 4913 nos
1999 4868 2124 4911 sunt
2168 4856 2521 4924 accipiamus.
2563 4853 3028 4922 fatniliaribusque
3068 4857 3221 4909 nobis
3257 4859 3430 4912 sensi-

1860 4951 1960 5004 bos
1991 4949 2377 5009 inlnereamus,
2413 4957 2574 5014 atque
2619 4947 2798 4998 divina
2849 4963 2972 4999 cum
3027 4949 3188 5000 rebus
3230 4953 3430 5006 nostris

1860 5042 2227 5104 conferamus,
2261 5040 2519 5104 fallimur,
2557 5039 2599 5093 si
2631 5043 2924 5094 secundum
2963 5044 3010 5095 id
3055 5045 3196 5112 quod
3228 5045 3430 5101 deforis

1862 5143 2085 5205 apparet
2114 5133 2353 5186 divinum
2385 5130 2591 5185 Numen
2620 5141 2671 5186 et
2700 5148 2952 5187 arcanam
2990 5135 3132 5188 illam
3165 5140 3428 5193 rationem

183 5218 339 5273 Κατὰ
367 5217 568 5289 ταύτην
591 5214 682 5272 οὖν
709 5219 778 5272 τὰ
803 5220 918 5272 θεῖα
950 5224 1182 5292 νοητέον,
1205 5225 1263 5276 οὐ
1307 5226 1426 5279 καθ’
1449 5230 1613 5298 ἡμᾶς,
1639 5229 1752 5282 ἀλλ’

1863 5226 2024 5299 459
2077 5225 2400 5285 metiamur;
2453 5239 2575 5278 cum
2629 5225 2773 5278 scire
2830 5226 3149 5281 debeamus.
3197 5243 3428 5286 'uentetn

182 5317 333 5378 ὅλους
381 5316 600 5378 ἑαυτοὺς
647 5314 782 5368 ὅλων
845 5318 1052 5371 ἑαυτῶν
1116 5317 1495 5390 ἐξισταμένους
1557 5322 1598 5385 ⁸,
1659 5325 1752 5376 καὶ

276 5454 300 5493 ι
338 5453 352 5506 I
378 5452 500 5507 Cor.
529 5469 567 5516 I,
590 5453 681 5507 25.

1857 5319 2075 5390 quidem
2113 5327 2351 5372 nostram
2387 5316 2589 5384 pollere
2620 5317 2668 5371 vi
2696 5318 3048 5390 intelligendi,
3077 5338 3181 5391 qua
3222 5341 3303 5378 res
3343 5327 3429 5378 in-

1446 5567 1680 5622 VARUE
1715 5566 2117 5624 LECTIONES.

251 5731 273 5753 ⁸
305 5724 478 5810 άληθῆ
513 5725 606 5812 καὶ
637 5723 907 5812 αίὼνᾝδ.
930 5726 1007 5810 Ρ..
1065 5727 1087 5807 ξ
1120 5726 1712 5812 πρρςῆτὺὲέὸαιονικαὶ
1749 5727 1990 5812 Eoi/1pm,
2028 5727 2087 5784 S.
2126 5729 2183 5783 Ρ.
2265 5733 2284 5763 ⁸
2319 5731 2700 5802 ὲνιλλοὺμενοι,
2738 5731 2794 5785 Ρ.
2821 5735 2878 5788 υ.

735 5797 757 5828 ⁸
790 5796 924 5852 ὅλων
953 5796 1148 5860 αὑτῶν,
1174 5796 1228 5849 S.
1253 5797 1308 5851 P.
1347 5796 1732 5866 ἐξισταμένων,
1769 5797 1824 5851 S.
1862 5796 1983 5852 Sar.

183 5799 256 5851 Il.
288 5797 387 5866 τήν
417 5811 476 5849 τε
501 5835 516 5863 ,
552 5794 642 5851 Sc.

2959 5736 2977 5764 ⁷
3011 5734 3109 5805 τὴν
3152 5735 3204 5788 δὲ
3242 5755 3421 5804 φυσιν.
