4186 6308
688 405 788 462 86⁸1

1854 394 1913 451 S.
1951 390 2254 450 DIONYSH
2285 389 2755 448 AREOPAGITE

3847 391 3955 447 868

690 514 967 571 tellectiles
1007 520 1347 574 contueatur,
1396 518 1575 564 tamen
1624 507 1785 562 istam
1835 509 2116 571 unionem,
2166 519 2270 573 qua

2377 501 2531 566 ὅλους
2561 501 2696 555 Θεοῦ
2741 501 3120 573 γιγνομένους·
3173 502 3419 572 κρεῖττον
3461 500 3568 573 γάρ
3605 497 3745 556 εἶναι
3785 504 3922 557 θεοῦ
3946 543 3960 563 ,

693 610 853 662 rcbus
883 622 943 662 se
984 606 1357 675 superioribus
1396 600 1767 670 coniungitur,
1809 610 2060 653 naturam
2098 597 2269 667 ipsius

691 699 847 765 longe
879 712 1159 765 superare.
1189 694 1495 750 Secundum
1536 694 1678 747 hanc
1711 692 1897 761 itaque
1934 689 2115 742 divina
2145 694 2273 742 sunt

692 789 1058 859 intelligenda,
1102 802 1209 840 non
1259 799 1405 838 more
1462 794 1669 845 nostro,
1728 782 1821 835 sed
1862 789 2130 848 quatenus
2170 793 2269 833 nos

691 882 789 946 ipsi
830 891 969 933 totos
1006 894 1035 930 a
1073 880 1232 931 nobis
1286 879 1411 929 totis
1471 874 1808 936 abdicamus,
1848 882 1900 926 et
1953 874 2048 925 toti
2086 880 2268 923 trans-

692 974 831 1025 imus
876 972 926 1023 in
978 969 1184 1031 Deum;
1237 967 1501 1035 siquidem
1554 964 1713 1033 longe
1763 972 1983 1032 praastat
2031 976 2129 1016 nos
2174 959 2268 1013 Dei

690 1081 810 1119 esse
849 1079 1006 1131 quam
1044 1074 1291 1125 nostros;
1325 1060 1400 1112 sic
1432 1058 1578 1111 enim
1614 1058 1792 1111 divina
1824 1054 1981 1108 nobis
2013 1053 2126 1107 dari
2169 1066 2266 1122 po-

689 1161 894 1217 terunt,
928 1154 972 1206 si
1004 1168 1122 1205 cum
1157 1153 1264 1205 Deo
1306 1150 1567 1203 fuerimus
1600 1148 1892 1213 conjuncti.
1922 1144 2069 1199 Hanc
2104 1144 2267 1213 igitur

694 1246 918 1298 rationis
947 1254 1226 1313 expertem
1259 1252 1310 1295 et
1340 1253 1613 1295 amentem
1638 1252 1798 1307 atque
1828 1238 2027 1291 fatuam
2052 1238 2268 1306 sapien-

691 1338 819 1389 tiam
874 1337 1145 1403 superlate
1196 1334 1501 1393 laudantes.
1552 1334 1820 1396 dicamus,
1855 1330 2033 1384 omnis
2073 1329 2271 1391 mentis

690 1435 745 1479 et
794 1428 1054 1485 rationis.
1110 1425 1397 1493 omnisque
1450 1423 1729 1490 sapientia:
1785 1430 1840 1474 ct
1905 1418 2271 1488 intelligentia:

691 1535 910 1575 causam
966 1536 1125 1583 esse;
1186 1528 1238 1571 et
1301 1518 1472 1586 ipsius
1509 1532 1627 1570 esse
1669 1529 1831 1568 omne
1878 1513 2188 1575 consilium,
2218 1520 2273 1563 et

2369 596 2465 648 καὶ
2496 593 2571 668 μὴ
2602 594 2810 647 ἑαυτῶν
2837 595 2890 626 ⁸·
2922 593 3063 647 οὕτω
3094 594 3203 665 γὰρ
3231 594 3385 647 ἔσται
3414 594 3483 647 τὰ
3518 594 3636 647 θεῖα
3679 595 3807 648 δοτὰ
3846 599 3963 659 rei;

2373 685 2509 757 μετὰ
2539 685 2673 738 Θεοῦ
2700 684 3002 756 γινομένοις
3028 687 3089 738 ¹⁰.
3126 685 3343 757 Ταύτην
3380 682 3473 740 οὖν
3512 686 3609 757 τὴν
3639 686 3832 756 ἄλογον
3866 690 3964 741 καὶ

2369 774 2530 829 ἄνουν
2560 775 2653 828 καὶ
2678 775 2868 846 μωρὰν
2909 776 3099 845 σοφίαν
3147 776 3487 847 ὑπεροχικῶς
3532 778 3847 849 ὑμνοῦντες,
3882 782 3965 833 εῖ-

2368 881 2582 936 πωμεν,
2618 867 2699 918 ὅτι
2734 865 2929 929 παντός
2969 868 3084 919 ἐστι
3128 866 3240 929 νοῦ,
3289 867 3381 920 καὶ
3423 866 3602 936 λόγου,
3649 871 3742 922 καὶ
3778 872 3963 940 πάσης

2369 957 2577 1024 σοφίας,
2624 956 2719 1009 καὶ
2772 955 3037 1018 συνέσεως
3080 955 3259 1008 αἰτία⁸
3306 958 3401 1011 καὶ
3441 957 3610 1028 αὐτῆς
3651 960 3767 1011 ἐστι
3811 960 3968 1012 πᾶσα

2367 1050 2552 1120 βουλὴ,
2583 1051 2677 1102 καὶ
2703 1048 2833 1119 παρ’
2866 1048 3034 1119 αὐτῆς
3059 1051 3206 1101 πᾶσα
3237 1050 3439 1117 γνῶσις
3463 1051 3557 1103 καὶ
3588 1048 3823 1114 σύνεσις,
3867 1055 3968 1105 καὶ

2366 1151 2427 1201 ἐν
2461 1142 2601 1213 αὐτῇ
2634 1143 2833 1205 πάντες
2860 1143 2906 1193 οί
2941 1141 3201 1212 θησαυροὶ
3227 1140 3327 1211 τῆς
3360 1141 3550 1211 σοφίας
3575 1142 3669 1195 καὶ
3696 1142 3795 1212 τῆς
3825 1140 3969 1210 γνὼ-

2367 1235 2502 1297 σεώς
2533 1236 2668 1287 εἰσιν
2693 1234 3017 1303 ἀπόκρυφοι.
3065 1234 3175 1286 Καὶ
3220 1232 3330 1305 γὰρ
3383 1232 3666 1304 ἑπομένως
3701 1236 3815 1297 τοῖς
3852 1232 3962 1305 ήδη

2366 1328 2780 1399 προειρημένοις
2824 1327 3202 1399 ή¹ύπέρσοφος
3244 1324 3337 1383 καὶ
3374 1328 3646 1397 πάνσοφος
3681 1328 3825 1381 αίτία
3866 1329 3969 1381 καὶ

2365 1421 2464 1489 τῆς
2498 1418 2823 1486 αὑτοσοφίας
2862 1421 2956 1473 καὶ
2996 1419 3095 1489 τῆς
3140 1419 3267 1489 ὅλης
3315 1420 3407 1472 καὶ
3444 1421 3540 1491 τῆς
3571 1420 3692 1474 καθ’
3730 1421 3967 1474 ἕκαστόν

2371 1513 2517 1564 ἐστιν
2548 1511 2861 1575 ύποστάτις.

690 1614 758 1665 ab
805 1628 866 1667 ea
920 1627 1133 1665 omnem
1192 1610 1477 1664 scientiam
1526 1617 1578 1660 ct
1633 1606 2052 1675 intelligentiam
2108 1603 2403 1672 proﬁcisci,
2443 1605 2579 1658 etin
2637 1619 2698 1656 ea
2754 1618 2945 1658 omnes
3005 1605 3289 1658 thesauros
3327 1602 3611 1672 sapientia:
3672 1612 3728 1656 et
3785 1602 3967 1657 scien-

692 1702 777 1753 tiae
831 1702 1181 1754 absconditos
1241 1714 1358 1753 esse
1413 1697 1454 1751 ι.
1508 1697 1719 1750 Etenim
1770 1689 2157 1750 convenienter
2205 1693 2271 1745 iis
2300 1708 2420 1762 qua!
2456 1704 2612 1746 antea
2653 1694 2794 1748 dicta
2830 1703 2977 1758 sunt,
3018 1708 3181 1748 causa
3244 1709 3568 1764 supraquam
3620 1694 3839 1764 sapiens
3902 1707 3964 1752 et

690 1794 867 1847 omnia
904 1795 1103 1857 sciens,
1130 1806 1225 1861 per
1278 1807 1334 1845 se
1382 1789 1659 1859 sapientia:
1696 1798 1750 1841 et
1786 1789 1951 1842 totius
1984 1786 2264 1856 sapientiae
2293 1785 2619 1839 universalis
2654 1795 2707 1839 et
2734 1786 3029 1858 singularis
3052 1785 3297 1841 effectrix

2243 1944 2270 2016 ς
2314 1943 2396 2003 lI.

765 2094 793 2166 §
824 2095 883 2148 ll.
922 2094 998 2147 Ex
1033 2109 1093 2149 ea
1131 2094 1475 2149 intellectiles
1508 2110 1567 2148 ac
1598 2092 1959 2163 lntclligentes
1989 2088 2268 2160 angelica—
2302 2095 2342 2149 Β

694 2204 811 2240 rum
846 2189 1104 2240 mentium
1148 2187 1377 2240 virtutes
1426 2187 1703 2255 simplices
1740 2201 1801 2238 ac
1837 2186 2025 2238 beatas
2071 2181 2273 2236 habent

694 2279 1109 2347 iutelligentias,
1164 2278 1290 2330 dum
1354 2293 1459 2329 non
1511 2277 1752 2330 dividuis
1802 2284 1894 2328 aut
1940 2290 1969 2327 e
2014 2273 2270 2335 dividuis,

692 2367 776 2421 vel
826 2368 1078 2420 sensibus
1126 2365 1210 2419 vel
1260 2366 1469 2419 diilnsis
1524 2366 1847 2429 rationibus,
1900 2362 2272 2418 ratiocinando

693 2462 929 2515 divinam
956 2460 1211 2527 colligunt
1234 2459 1536 2523 scientiam,
1573 2473 1671 2512 nec
1703 2458 1890 2512 iisdem
1912 2456 2273 2511 communiter

695 2554 995 2617 adhaerent,
1029 2554 1121 2607 sed
1148 2554 1215 2605 ab
1238 2554 1383 2606 omni
1412 2552 1635 2606 materia
1664 2550 2079 2621 pluralitateque
2101 2564 2270 2619 purae,

694 2646 947 2713 spiritali,
1001 2660 1028 2696 a
1085 2644 1310 2696 materia
1356 2653 1569 2697 secreto
1612 2653 1773 2710 atque
1819 2642 2073 2695 uniformi
2113 2642 2272 2695 modo

694 2752 757 2789 ca
795 2732 1034 2800 capiunt,
1073 2747 1192 2797 qua:
1222 2731 1274 2784 in
1302 2732 1498 2785 divinis
1530 2732 1751 2802 intelligi
1794 2741 2053 2801 possunt;
2083 2742 2273 2799 estque

698 2827 803 2881 illis
850 2827 930 2879 vis
974 2824 1234 2893 spiritalis
1290 2838 1452 2896 atque
1500 2828 1747 2895 operatio
1798 2825 2168 2894 impermista,
2219 2835 2274 2879 et

699 2916 1045 2973 immaculata
1082 2918 1314 2985 puritate
1349 2917 1720 2987 resplendeus,
1762 2924 1816 2970 et
1860 2916 2158 2986 conspicax
2188 2916 2272 2970 di-

697 3012 941 3063 vinarum
977 3007 1475 3077 intelligentiarum,
1516 3025 1635 3077 qua:
1678 3010 1963 3063 divisionis
2000 3024 2065 3062 ac
2096 3020 2273 3063 male-

695 3103 790 3155 riae
823 3102 1091 3172 carentia,
1128 3116 1225 3155 nec
1258 3116 1363 3153 non
1402 3099 1652 3155 deiformi
1684 3100 1891 3153 unitate
1936 3100 2002 3153 ad
2037 3100 2272 3153 divinam

695 3202 750 3246 et
774 3194 1056 3263 plusquam
1100 3196 1396 3263 sapientem
1431 3201 1664 3245 mentem
1699 3206 1761 3247 ac
1793 3192 2083 3256 rationem,
2105 3206 2273 3259 quan-

701 3296 809 3338 tum
839 3286 953 3339 tit-ri
990 3296 1186 3355 potest,
1220 3302 1315 3354 per
1362 3284 1598 3343 divinant
1651 3284 1973 3347 sapientiam
2021 3284 2275 3338 eﬂorma-

698 3388 805 3431 tur.
843 3378 978 3431 llinc
1017 3378 1185 3430 etiam
1234 3377 1428 3430 anima:
1477 3378 1836 3430 ratiocinandi
1867 3377 1973 3431 vim
2006 3378 2269 3445 obtinent,

697 3486 815 3537 qua:
844 3470 969 3523 dum
1011 3485 1106 3537 per
1138 3471 1416 3539 digressus
1466 3470 1727 3537 quosdam
1769 3478 1822 3522 et
1863 3480 1957 3536 per
2015 3470 2274 3540 ambages

700 3577 879 3616 rerum
938 3562 1266 3629 investigant
1320 3562 1627 3625 veritatem,
1672 3573 1897 3632 propter
1946 3563 2174 3618 divisam
2221 3572 2276 3619 et

697 3653 1011 3707 omnilidam
1063 3651 1378 3704 varietatem
1438 3666 1540 3705 non
1594 3669 1783 3720 parum
1839 3656 1907 3709 ab
1953 3655 2121 3710 unitis
2170 3656 2278 3710 illis

701 3743 971 3797 mentibus
1020 3742 1313 3806 deﬁciunt;
1376 3744 1469 3796 sed
1525 3744 1611 3795 ubi
1652 3746 1867 3799 demum
1920 3763 1951 3801 e
2000 3748 2181 3803 multis
2222 3749 2275 3801 in

699 3854 864 3891 ttnum
914 3853 1033 3893 sese
1094 3827 1394 3907 colligunt,
1446 3840 1718 3907 angelicas
1768 3839 1968 3904 etiam,
2015 3849 2275 3907 quantum

700 3930 917 3999 quidem
956 3929 1242 3983 animabus
1286 3930 1557 3999 congruit,
1599 3929 1979 3999 intelligentias
2009 3932 2275 3985 :emulan-

702 4031 808 4075 tur.
829 4020 967 4087 Quin
999 4034 1052 4073 et
1086 4035 1278 4075 sensus
1313 4021 1457 4088 ipsos
1482 4022 1523 4074 si
1546 4022 1667 4091 quis
1686 4023 1963 4091 sapientia:
1987 4024 2276 4091 quemdam

703 4114 918 4168 sibilum
960 4128 1076 4167 esse
1104 4113 1327 4179 dixerit,
1363 4129 1700 4183 nequaquam
1738 4130 1766 4168 a
1797 4130 1924 4170 vero
1958 4116 2274 4172 aberrabit:

704 4222 823 4259 nam
855 4214 909 4260 et
942 4206 1246 4259 daanionum
1282 4221 1498 4276 quoque
1534 4223 1703 4271 mens,
1733 4208 1783 4261 in
1826 4218 2087 4276 quantum
2126 4225 2278 4264 mens

702 4308 807 4362 est,
839 4312 901 4351 ex
938 4298 1049 4366 ipsa
1079 4308 1189 4363 est;
1215 4298 1268 4352 in
1301 4308 1563 4368 quantum
1608 4315 1734 4354 vero
1780 4316 1966 4357 amens
1990 4313 2095 4370 est,
2136 4314 2191 4358 et
2226 4305 2279 4359 id

705 4390 848 4456 quod
886 4390 1093 4459 appetit
1124 4406 1223 4444 nec
1245 4392 1366 4453 scit,
1393 4407 1489 4446 nec
1514 4392 1627 4446 vult
1652 4395 1890 4463 assequi,
1917 4396 2099 4451 verius
2128 4410 2156 4449 a
2190 4412 2279 4451 sa-

706 4481 902 4548 pientia
923 4481 1153 4535 defectio
1175 4483 1277 4535 dici
1296 4483 1471 4537 debet.
1500 4484 1604 4539 Sed
1629 4486 1793 4557 460
1815 4488 2073 4554 quoniam
2097 4488 2276 4543 divina

705 4572 970 4641 sapientia
1026 4572 1303 4641 ipsiusmet
1347 4575 1659 4644 sapientiae,
1708 4588 1870 4646 atque
1902 4578 2078 4634 omnis
2114 4579 2276 4633 etiam

707 4664 924 4727 tuentis,
954 4666 1177 4719 rationis
1220 4682 1281 4719 ac
1314 4682 1507 4721 sensus
1543 4669 1887 4737 principium,
1920 4680 1973 4724 et
2012 4686 2197 4739 causa,
2226 4678 2281 4725 ct

2456 2089 2542 2156 Ἐξ
2586 2089 2755 2161 αὐτῆς
2807 2088 2860 2142 αἱ
2909 2088 3099 2159 νοηταὶ
3139 2088 3233 2141 καὶ
3278 2087 3462 2159 νοεραὶ
3501 2086 3609 2138 τῶν
3650 2085 3967 2155 ἁγγελικῦν

2374 2187 2509 2239 νοῶν
2534 2188 2789 2256 δυνάμεις
2833 2186 2933 2250 τὰς
2975 2184 3149 2248 ἁπλᾶς
3188 2185 3281 2237 καὶ
3310 2184 3584 2254 μακαρίας
3625 2182 3804 2253 ἔχουσι
3833 2183 3967 2253 νοή-

2376 2298 2507 2345 σεις,
2559 2281 2657 2333 οὐκ
2702 2284 2761 2333 ὲν
2810 2278 3169 2350 μεριστοῖς,ἣ
3217 2278 3323 2330 ἀπὸ
3372 2275 3721 2348 μεριστῶν,ἢ
3764 2275 3967 2345 αἰσθή-

2376 2389 2531 2437 σεων,
2586 2371 2620 2442 ἦ
2679 2371 2850 2441 λόγων
2894 2368 3197 2436 διεξοδικῶν
3227 2372 3265 2401 ¹¹
3299 2353 3622 2438 συνάγουσαι
3667 2370 3765 2438 τὴν
3804 2367 3965 2423 θείαν

2372 2462 2570 2531 γνῶσιν
2590 2498 2605 2525 ,
2632 2462 2751 2514 οὐδὲ
2780 2462 2883 2513 ὑπό
2911 2479 3054 2525 τινος
3078 2459 3257 2513 κοινοῦ
3290 2460 3424 2531 πρὸς
3452 2458 3619 2512 ταῦτα
3653 2475 3961 2529 συμπεριε-

2374 2557 2618 2627 χόμεναι,
2678 2555 2878 2618 παντὸς
2934 2555 2990 2607 δὲ
3050 2552 3233 2607 ύλικοῦ
3288 2554 3382 2606 καὶ
3430 2552 3663 2623 πλήθους
3706 2554 3748 2583 ¹²
3789 2552 3965 2605 καθα-

2376 2647 2650 2721 ρεύουσαι,
2680 2647 2899 2718 νοερῶς,
2937 2646 3134 2709 άῢλως,
3176 2645 3419 2709 ὲνοειδῶς
3445 2646 3509 2708 ¹³,
3539 2645 3608 2697 τὰ
3644 2644 3808 2715 νοητὰ
3846 2646 3965 2698 τῶν

2376 2740 2533 2792 θείων
2558 2738 2761 2791 νοοῦσι·
2798 2738 2892 2791 καὶ
2930 2737 3072 2790 ἐστιν
3102 2737 3289 2798 αὑταῖς
3330 2737 3364 2805 ἡ
3401 2732 3811 2805 νοερὰτδύναμις
3854 2736 3960 2787 καὶ

2373 2830 2643 2898 ἐνέργεια,
2674 2832 2738 2900 τῇ
2771 2830 2961 2900 ἀμιγεῖ
3000 2830 3093 2881 καὶ
3134 2828 3386 2897 ἀχράντῳ
3424 2826 3753 2895 καθαρότητι
3790 2843 3962 2896 κατη-

2373 2922 2694 2993 γλαῖσμένη,
2736 2922 2829 2974 καὶ
2872 2920 3164 2991 συνοπτικὴ
3204 2920 3311 2972 τῶν
3347 2919 3504 2972 θείων
3539 2919 3772 2989 νοήσεων
3816 2919 3961 2987 ἀμε-

2378 3015 2515 3086 ρείᾳ,
2574 3015 2667 3067 καί¹
2709 3012 2887 3083 άῦλίᾳ,
2934 3013 3027 3065 καὶ
3073 3011 3150 3081 τῷ
3196 3010 3444 3073 θεοειδῶς
3492 3010 3572 3062 ἑνὶ
3613 3011 3655 3040 ¹⁸
3684 3009 3817 3080 πρὸς
3865 3009 3961 3062 τὸν

2376 3108 2516 3160 θεῖον
2552 3108 2594 3137 ιδ
2624 3105 2928 3177 ὑπέρσοφον
2968 3104 3062 3157 καὶ
3095 3102 3239 3168 νοῦν,
3270 3104 3363 3156 καὶ
3391 3102 3566 3170 λόγον,
3600 3102 3675 3165 ὡς
3713 3100 3958 3169 ἐφικτὸν,

2375 3198 2793 3268 ἀποτυπουμένη
2838 3196 2924 3249 διὰ
2970 3196 3068 3266 τὴν
3106 3196 3253 3249 θείαν
3292 3196 3501 3264 σοφίαν.
3540 3194 3648 3247 Καὶ
3691 3194 3861 3263 ψυχαὶ
3899 3193 3964 3244 τὸ

2374 3290 2798 3362 λογικὸννὲχουσι
2844 3288 3150 3355 διεξοδικῶς
3194 3288 3291 3358 μὲν
3330 3288 3425 3339 καὶ
3470 3286 3653 3356 κύκλῳ
3688 3287 3815 3356 περὶ
3859 3287 3965 3357 τὴν

2376 3384 2483 3437 τῶν
2516 3382 2681 3434 ὄντων
2714 3380 2969 3451 ἀλήθειαν
3004 3377 3514 3450 περιπορευόμεναι,
3553 3378 3647 3430 καὶ
3678 3376 3754 3447 τῷ
3804 3395 3962 3449 μερι-

2379 3474 2487 3545 στῷ
2510 3475 2603 3527 καὶ
2645 3473 2721 3544 τῷ
2752 3471 3072 3540 παντοδαπῷ
3100 3472 3143 3501 ¹⁶
3172 3472 3269 3541 τῆς
3297 3470 3566 3534 ποικιλίας
3598 3470 3964 3540 ἀπολειπόμε-

2377 3583 2465 3618 ναι
2496 3564 2605 3617 τῶν
2635 3562 2847 3616 ὲνιαίων
2878 3563 3011 3615 νοῶν
3039 3561 3080 3592 ³⁷
3100 3578 3114 3591 ’
3144 3562 3287 3633 τῇδὲ
3309 3561 3416 3613 τῶν
3449 3560 3655 3613 πολλῶν
3688 3562 3766 3623 είς
3804 3560 3865 3612 τὸ
3904 3560 3966 3614 ἓν

2380 3655 2658 3721 συνελίξει,
2690 3656 2783 3708 καὶ
2828 3654 2935 3707 τῶν
2967 3653 3265 3722 ίσαγγέλων
3295 3654 3551 3723 νοήσεων,
3580 3654 3662 3721 ἐφ’
3692 3653 3816 3704 ὅσον
3859 3651 3965 3721 ψυ-

2379 3751 2499 3820 χαῖς
2525 3751 2723 3801 οἰκεῖον
2757 3748 2847 3801 καὶ
2888 3747 3129 3816 ἐφικτὸν,
3174 3746 3510 3817 ἀξιούμεναι.
3549 3746 3706 3798 Ἀλλὰ
3742 3746 3962 3809 καὶτὰς

2378 3845 2657 3916 αίσθήσεις
2704 3842 2893 3905 αὑτὰς,
2945 3842 3044 3894 οὐκ
3078 3840 3141 3893 ἄν
3185 3858 3268 3904 τις
3304 3841 3536 3912 ἁμάρτοι
3589 3840 3814 3904 σκοποῦ,
3859 3841 3965 3910 τῆς

2381 3937 2571 4006 σοφίας
2610 3937 2877 4005 ἀπήχημα
2904 3935 3107 4004 φήσας·
3144 3933 3319 3985 καίτοι
3353 3934 3446 3985 καὶ
3472 3934 3498 3985 ό
3520 3933 3791 4001 δαιμόνιος
3813 3932 3959 3995 νοῦς,

2381 4024 2414 4103 ᾖ
2442 4028 2563 4091 νοῦς
2590 4029 2652 4093 ¹⁸,
2679 4028 2737 4092 ἐξ
2766 4026 2935 4095 αὐτῆς
2961 4027 3074 4077 ἐστι
3094 4040 3105 4053 ·
3133 4024 3252 4077 καθ’
3277 4026 3399 4076 ὅσον
3428 4024 3485 4076 δὲ
3513 4024 3633 4087 νοῦς
3656 4026 3803 4077 ἐστιν
3830 4024 3962 4094 ἠλο..

2379 4121 2857 4191 γημένος,τυχεῖν,
2882 4112 2941 4171 οῦ
2958 4116 3185 4185 ἐφίεται,
3222 4116 3293 4187 μὴ
3322 4114 3493 4178 είδὼς,
3536 4116 3673 4185 μήτε
3703 4114 3964 4185 βουλόμε-

2379 4232 2487 4279 νος,
2520 4212 2788 4266 ἔκπτωσιν
2820 4210 3005 4278 σοφίας
3036 4208 3364 4279 κυριώτερον
3408 4207 3567 4259 αὑτὸν
3600 4209 3955 4279 προσρητέον.

2394 4307 2531 4360 Ἀλλ’
2559 4308 2639 4358 ὅτι
2669 4306 2763 4374 μὲν
2794 4302 2983 4371 σοφίας
3012 4302 3179 4371 αὐτῆς
3220 4302 3312 4353 καὶ
3344 4300 3542 4371 πάσης,
3575 4301 3667 4352 καὶ
3697 4300 3790 4351 νοῦ
3830 4318 3965 4353 παν-

2380 4400 2490 4461 τὸς,
2522 4399 2616 4452 καὶ
2644 4397 2825 4465 λόγου,
2855 4396 2948 4449 καὶ
2998 4393 3301 4463 αἰσθήσεως
3351 4392 3530 4463 πάσης
3557 4393 3590 4461 ἡ
3621 4392 3738 4444 θεία
3768 4392 3954 4462 σοφία,

2381 4492 2476 4545 καὶ
2492 4489 2655 4563 ἀρχὴ,
2682 4489 2774 4541 καὶ
2799 4486 2966 4547 αἰτία,
3000 4486 3093 4538 καὶ
3116 4484 3407 4547 ύποστάτις
3436 4486 3497 4548 ¹⁹,
3526 4486 3619 4537 καὶ
3654 4483 3959 4549 τελείωσις,

2380 4588 2473 4639 καὶ
2516 4582 2745 4655 φρουρὰ,
2788 4581 2880 4634 καὶ
2932 4580 3124 4650 πέρας,
3176 4578 3417 4649 εἴρηται·
3476 4578 3590 4641 πῶς
3630 4578 3684 4630 δὲ
3730 4579 3889 4647 αὐτὸς
3929 4582 3963 4633 ὁ

2378 4674 2508 4738 Θεὸς
2559 4675 2587 4726 ὁ
2625 4672 2927 4743 ὑπέρσοφος
2969 4668 3145 4737 σοφία,
3191 4669 3283 4721 καὶ
3324 4668 3466 4731 νοῦς,
3512 4670 3605 4722 καὶ
3648 4668 3823 4737 λόγος,
3866 4672 3964 4723 καὶ

707 4757 1066 4823 procreatrix,
1103 4765 1156 4809 et
1188 4756 1469 4824 perfectio,
1498 4771 1554 4813 et
1578 4762 1848 4827 custodia,
1875 4771 1928 4816 et
1966 4763 2274 4816 terminatio

2380 4765 2577 4835 γνῶσις
2609 4766 2655 4796 ’θ
2687 4765 2965 4835 ύμνεῖται;
2995 4761 3109 4823 πῶς
3153 4760 3261 4831 γὰρ
3287 4762 3469 4831 νοήσει
3497 4778 3547 4812 τι
3579 4760 3687 4813 τῶν
3726 4762 3959 4832 νοητῶν,

708 4847 847 4900 dicta
894 4859 1011 4910 est;
1073 4848 1344 4915 quomodo
1400 4866 1529 4919 ergo
1587 4852 1727 4907 Deus
1778 4852 1891 4921 ipse
1943 4868 2275 4923 supraquatn

708 4943 921 5011 sapiens
951 4941 1240 5009 sapientia,
1275 4952 1329 4993 et
1372 4958 1544 5007 ruens,
1580 4955 1632 4999 et
1681 4946 1929 5012 verbum,
1951 4957 2003 5001 et
2038 4950 2276 5016 cognitio

710 5034 1070 5102 prwtlicatur?
1102 5037 1371 5102 quomoilo
1395 5034 1537 5088 enim
1579 5035 1837 5106 intelligat
1864 5039 2155 5107 quidquam
2192 5042 2274 5095 in-

711 5126 1077 5193 tellectilium,
1119 5128 1162 5180 si
1206 5142 1309 5181 non
1351 5128 1548 5181 habeat
1587 5130 1879 5198 spiritalem
1924 5134 2145 5189 actum?
2194 5136 2275 5190 vel

856 5284 873 5324 ι
906 5287 1113 5343 Coloss.
1142 5300 1199 5352 tt,
1230 5287 1282 5341 3.

2379 4860 2478 4911 οὐκ
2503 4858 2640 4928 ἔχων
2678 4856 2867 4926 νοερὰς
2912 4853 3221 4923 ὲνεργείας;
3249 4852 3282 4922 ἢ
3313 4853 3427 4915 πῶς
3462 4852 3725 4921 γνώσεται
3764 4856 3833 4907 τὰ
3875 4857 3964 4907 al-

2384 4952 2588 5022 σθητὰ,
2643 4951 2820 5019 πάσης
2873 4945 3175 5017 αἰσθήσεως
3243 4945 3705 5016 ύπεριδρυμένος;
3764 4948 3962 5002 Καίτοι

2383 5045 2558 5096 πάντα
2584 5041 2741 5095 αὑτὸν
2772 5039 2964 5093 εἰδέναι
3012 5038 3145 5109 φησὶ
3188 5035 3255 5089 τὰ
3297 5037 3482 5105 Λόγια,
3521 5041 3613 5092 καί
3660 5040 3811 5091 οὐδὲν
3845 5041 3964 5093 δια-

2385 5138 2601 5205 φεύγειν
2620 5135 2717 5207 τὴν
2738 5132 2887 5187 θείαν
2908 5132 3105 5202 γνῶσιν
3123 5147 3135 5159 ’
3167 5128 3322 5193 ἀλλὰ,
3357 5130 3493 5199 ὅπερ
3519 5130 3653 5203 ἔφην
3676 5132 3962 5198 πολλάκις,

1986 5443 2223 5501 VARUE
2257 5443 2655 5503 LECTIONES.

784 5584 804 5614 ⁹
838 5583 932 5655 καί.
974 5583 1106 5655 μέλη
1142 5582 1339 5643 αὐτῶν,
1380 5583 1447 5637 Μ.
1490 5583 1577 5655 Sf.
1658 5586 1700 5616 ¹⁰
1735 5584 2068 5655 γενομένοις,
2106 5584 2166 5639 Ρ.
2188 5584 2243 5639 S.

717 5728 758 5757 ¹⁶
793 5725 886 5777 καὶ
928 5725 1035 5796 τῶν
1090 5725 1357 5796 μεριστῶν
1419 5728 1508 5778 καὶ
1554 5726 1932 5791 παντοδαπῶν,
1989 5726 2043 5781 S.
2070 5727 2128 5781 ι».

711 5798 760 5828 ’⁸
794 5798 884 5847 καὶ
916 5794 1181 5861 γνώστης,
1218 5794 1350 5849 S.P.
1378 5797 1468 5851 Sc.
1489 5797 1602 5850 Sar.

2326 5586 2365 5617 “
2392 5582 2722 5649 διεξοδικῶς,
2758 5582 2818 5637 Ρ.

716 5656 804 5707 Sc.
846 5654 938 5707 καὶ
969 5652 1144 5717 ἀΰλῶς
1166 5697 1178 5719 ,
1214 5655 1309 5707 καὶ
1340 5652 1615 5718 ἐνοειδῶς,
1653 5656 1712 5709 Ρ.
1747 5652 1841 5707 καὶ
1868 5652 2080 5725 ’νοητῶς
2100 5696 2112 5717 ,
2149 5657 2324 5719 ἀΰλως
2345 5697 2358 5719 ,
2397 5656 2454 5709 S.

2210 5730 2249 5758 ¹⁷
2286 5728 2519 5790 ἐννοιῶν,
2578 5726 2634 5780 S.

2898 5582 2940 5613 η
2973 5583 3197 5647 πάθους,
3234 5582 3277 5615 ¹³
3312 5582 3586 5650 καθαρῶς,
3631 5586 3813 5650 άῦλως
3835 5628 3847 5650 ,
3884 5588 3965 5647 Μ.

2559 5603 2722 5647 ιικως,
2761 5603 2818 5637 r.
2900 5603 2940 5613 ··
2973 5603 3197 5647 παυους.
3236 5603 3277 5615 ··
3312 5603 3451 5637 καυα
3493 5604 3586 5649 ως,
3631 5603 3847 5650 αυλως,
3884 5603 3965 5647 Μ,

2559 5656 2609 5733 ίξ
2650 5655 2854 5733 ἑνιαίῳ,
2893 5653 2956 5733 Ρ;
2990 5654 3112 5733 8³])
3162 5656 3211 5733 ’ξ
3240 5657 3396 5733 πρὸςΔ
3422 5603 3490 5733 τις
3514 5659 3697 5733 νοερόν
3722 5699 3735 5719 ,

2719 5726 2759 5756 ¹⁸
2794 5727 2840 5777 εί
2873 5724 3013 5791 νοῦς,
3054 5724 3122 5779 Μ.
3181 5724 3292 5781 δι’(
3356 5728 3399 5758 ¹⁹
3433 5724 3748 5792 ὑπόστασις,
3786 5730 3840 5782 S.
3864 5729 3968 5786 Sc.
