4156 6312
165 411 276 471 889

1230 405 1318 462 DE
1351 403 1604 462 DIVINIS
1635 402 2037 470 NOMINIBUS,
2070 401 2222 461 CAP.
2258 399 2374 458 VII.
2475 415 2479 420 ‘

3348 395 3453 458 870

166 528 240 584 τὶ
267 527 386 582 θεῖα
410 525 726 599 Θεοπρεπῶς
762 522 1002 598 νοητέον.
1033 525 1107 580 Τὸ
1147 525 1256 597 γὰρ
1298 525 1458 581 ἄνουν
1485 525 1579 577 καὶ
1611 521 1763 576 ἀναί-

1876 522 2137 592 quomodo
2180 521 2443 592 percipiat
2491 517 2735 581 sensilia,
2765 517 2813 571 si
2861 532 3024 587 supra
3068 532 3290 574 sensum
3331 535 3454 574 om-

167 619 373 690 σθητον
402 620 521 674 καθ’
564 620 859 691 ὑπεροχὴν,
892 619 951 672 οὐ
985 619 1104 672 κατ’
1146 617 1380 687 ἔλλειψιν
1420 619 1514 671 ἑπὶ
1551 614 1686 669 Θεοῦ
1717 616 1762 647 ⁸⁸

165 711 434 767 τακτέον·
464 711 654 784 ὥσπερ
688 713 784 766 καὶ
823 712 886 766 τὸ
923 711 1120 780 ἄλογον
1152 711 1477 783 ἁνατίθεμεν
1504 709 1581 781 τῷ
1626 709 1768 778 ὑπὲρ

148 807 349 875 λόγον,
381 805 474 859 καί⁵
501 805 600 876 τὴν
640 803 888 859 ἀτέλειαν
933 804 1013 875 τῷ
1062 803 1418 876 direpta-.12!“
1447 803 1543 857 καὶ
1574 819 1770 874 προτε-

128 896 158 924 ’
165 896 333 969 λείῳ·
367 895 462 951 καὶ
507 897 599 950 τὸν
643 897 825 969 ἀναφῆ
864 896 958 951 καί
1001 895 1230 969 ἀόρατον
1264 895 1463 966 γνόφον
1505 894 1584 966 τῷ
1630 894 1770 965 φωτὶ

162 986 247 1058 τῷ
289 986 588 1058 ἀπροσίτῳ,
638 986 762 1040 καθ’
811 986 1084 1059 ὑπεροχὴν
1124 986 1217 1040 τοῦ
1261 985 1458 1058 ὁρατοῦ
1491 987 1540 1018 ³³
1569 987 1764 1056 φωτός.

167 1079 337 1133 Ὥστε
367 1081 394 1132 ὁ
424 1078 564 1142 θεῖος
592 1078 718 1143 νοῦς
745 1080 924 1134 πάντα
967 1079 1180 1151 συνέχει
1219 1081 1285 1150 τῇ
1314 1079 1533 1132 πάντων
1566 1078 1768 1151 ἑξῃρη-

168 1168 312 1240 μένῃ
343 1168 560 1238 γνώσει,
603 1170 744 1224 κατὰ
791 1170 891 1242 τὴν
920 1171 1138 1225 πάντων
1170 1170 1346 1224 αἰτίαν
1375 1173 1432 1224 ἑν
1470 1170 1646 1241 ἑαυτῴ
1673 1171 1768 1242 τὴν

162 1261 389 1315 πάντων
410 1260 614 1332 εῐδησιν
657 1261 1030 1334 προειληφὼς,
1070 1262 1202 1335 πρὶν
1231 1260 1492 1332 ἀγγέλους
1519 1261 1770 1330 γενέσθαι

165 1348 337 1414 εἰδὼς
386 1352 480 1404 καὶ
524 1353 789 1424 παράγων
827 1353 1111 1422 ἀγγέλους,
1162 1353 1258 1406 καὶ
1307 1352 1482 1406 πάντα
1518 1350 1587 1404 τά
1635 1349 1770 1406 ἀλλα

165 1442 384 1496 ἔνδοθεν
433 1444 525 1497 καὶ
578 1444 674 1497 ἀπ’
714 1444 905 1514 αὐτῆς,
949 1443 1016 1496 ἵν’
1054 1442 1227 1507 οὓτως
1271 1442 1432 1506 είπω,
1457 1443 1558 1513 τῆς
1593 1441 1769 1513 ἀρχῆς

166 1529 350 1596 εἰδὼς,
378 1534 470 1586 καὶ
491 1533 570 1596 εἰς
613 1532 801 1586 οὐσίαν
828 1534 975 1602 ἄγων
995 1549 1008 1562 ·
1044 1533 1136 1586 καί
1173 1533 1331 1586 τοῦτο
1356 1527 1506 1603 οἶμαι
1538 1533 1769 1602 παραδι-

165 1622 320 1678 δόναι
352 1625 414 1677 τὸ
442 1625 655 1694 Λόγιον,
687 1625 887 1679 ὁπόταν
940 1625 1126 1695 φησὶν,
1169 1625 1228 1679 Ὁ
1273 1624 1428 1688 εἰδὼς
1480 1623 1546 1677 τά
1591 1624 1769 1678 πάντα

169 1716 305 1786 πρὶν
332 1715 600 1782 γενέσεως
627 1714 832 1768 αὐτῶν.
863 1714 936 1769 Οὐ
966 1715 1076 1786 γὰρ
1104 1717 1168 1769 ἑκ
1198 1713 1304 1768 τῶν
1338 1714 1505 1768 ὄντων
1531 1712 1600 1765 τὰ
1639 1713 1767 1765 ὄντα

171 1803 482 1874 μανθάνων,
513 1799 650 1857 οἶδεν
688 1806 716 1857 ὁ
748 1803 888 1868 θεῖος
915 1802 1060 1868 νοῦς,
1087 1803 1200 1857 ἀλλ’
1243 1803 1303 1868 ἐξ
1346 1802 1531 1866 αὑτοῦ,
1562 1803 1657 1856 καὶ
1707 1805 1765 1854 ἑν

1875 629 1997 669 nem
2038 614 2108 668 sit
2140 609 2473 668 collocatus?
2526 608 2676 679 atqui
2726 607 2952 677 Eloquia
3009 609 3230 661 tradunt
3277 607 3448 662 Deum

1869 707 2050 762 omnia
2096 720 2281 770 nosse,
2332 704 2575 772 nihilque
2617 702 2853 757 divinam
2901 699 3141 770 ell‘ugcre
3183 701 3421 767 cognitio

1870 813 2024 864 nem;
2070 813 2294 863 verum,
2339 806 2398 851 ut
2441 809 2814 863 saepenumero
2863 793 3012 856 dixi,
3059 793 3238 846 divina
3295 800 3450 860 prout

1869 889 1980 946 Deo
2018 897 2334 960 competunt
2383 885 2695 955 accipienda
2743 893 2890 939 sunt.
2935 885 3068 940 Nam
3115 885 3347 937 amentia
3399 896 3453 938 et

1869 982 2228 1048 insensilitas,
2265 995 2363 1051 per
2400 995 2710 1043 excessum,
2750 994 2852 1032 non
2898 993 2992 1047 per
3037 976 3305 1031 delectum
3344 976 3454 1030 Deo

1873 1075 2220 1136 tribuuntur;
2256 1072 2397 1126 sicut
2438 1072 2600 1126 etiam
2647 1071 2874 1124 rationis
2917 1069 3215 1121 carentiam
3263 1068 3310 1120 ei
3360 1067 3452 1135 qui

1869 1183 2030 1239 supra
2065 1167 2330 1220 rationem
2367 1173 2453 1218 est
2483 1163 2852 1223 attribuimus,
2895 1172 2949 1214 et
2989 1159 3452 1228 imperfectioncm

1869 1276 2197 1332 supraquam
2230 1258 2475 1329 perfecto
2511 1273 2574 1311 ac
2616 1255 3012 1326 praepcrfecto;
3054 1265 3109 1307 et
3138 1253 3452 1322 caliginem,

1869 1367 1987 1422 quae
2020 1359 2216 1406 tactum
2257 1349 2538 1417 visumque
2561 1345 2752 1416 fugiat,
2780 1346 2886 1398 luci
2925 1346 3216 1398 inaccessae
3243 1359 3455 1397 accom-

1877 1444 2181 1505 modamus,
2217 1440 2514 1496 secundum
2549 1441 2691 1508 quod
2722 1438 2942 1494 excellit
2974 1438 3146 1490 lucem
3180 1436 3453 1504 spectabi-

1869 1537 1994 1593 lem.
2021 1534 2209 1605 ltaque
2236 1548 2388 1588 mens
2413 1532 2593 1586 divina
2621 1529 3033 1600 comprehendit
3063 1528 3243 1581 omnia
3261 1526 3456 1595 cogni-

1871 1632 2015 1686 tione
2053 1631 2287 1698 quadam
2316 1624 2610 1688 eminenti,
2648 1638 2753 1692 qua
2811 1623 3108 1677 secundum
3167 1619 3455 1688 ipsammet

1866 1722 2107 1776 omnium
2152 1733 2371 1774 causam
2401 1715 2455 1770 in
2484 1732 2543 1771 se
2565 1716 2805 1771 omnium
2847 1713 3214 1784 cognitionem
3260 1709 3456 1764 antici-

1867 1823 1977 1885 pat,
2010 1814 2330 1883 priusquam
2373 1809 2548 1881 angeli
2597 1809 2790 1863 ﬁerent
2831 1820 3166 1875 cognoscens
3210 1803 3454 1876 angelos,

167 1896 349 1967 αὐτῷ,
385 1896 504 1949 κατ’
541 1895 721 1949 αἰτίαν
748 1895 847 1968 τὴν
893 1897 1108 1950 πάντων
1137 1894 1362 1966 εἴδησιν,
1411 1897 1506 1948 καὶ
1541 1895 1762 1973 γνῶσιν,

1876 1923 2073 1978 eosque
2123 1921 2346 1973 creans,
2379 1913 2684 1971 carteraque
2729 1901 2910 1953 omnia
2943 1898 3091 1952 intus
3129 1906 3182 1950 et
3220 1895 3287 1948 ab
3318 1896 3455 1963 ipso.

167 1986 269 2040 καὶ
301 1987 490 2039 οὐσίαν
530 1985 751 2058 προέχει
805 1987 900 2041 καὶ
934 1986 1385 2058 προσυνείληφεν,
1425 1988 1484 2039 οὐ
1514 1988 1650 2040 ’κατ’
1689 2027 1694 2035 .
1726 1989 1770 2040 ἰ-

166 2076 299 2130 δέαν
327 2077 577 2140 ἑκάστοις
617 2076 942 2143 ἐπιϐάλλων,
985 2077 1118 2131 ἀλλά
1148 2078 1293 2131 κατὰ
1325 2077 1453 2138 μίαν
1471 2077 1569 2148 τῆς
1592 2077 1769 2141 αἰτίας

169 2169 441 2240 περιοχὴν
486 2169 556 2222 τὰ
594 2170 772 2224 πάντα
815 2170 967 2234 εἰδὼς
1003 2171 1096 2224 καὶ
1146 2170 1414 2242 συνέχων·
1459 2171 1646 2241 ὥσπερ
1677 2171 1772 2225 καὶ

163 2261 236 2317 τὸ
267 2259 381 2329 φῶς
417 2262 538 2315 κατ’
559 2261 738 2315 αἰτίαν
765 2264 822 2315 ὲν
846 2261 1024 2333 ἑαυτῷ
1047 2262 1144 2333 τὴν
1174 2262 1378 2334 εἴδησιν
1408 2259 1504 2315 τοῦ
1547 2262 1770 2325 σκότους

171 2350 505 2422 προείληφεν
528 2352 594 2416 ’⁸,
619 2353 719 2405 οὐκ
750 2352 970 2407 ἄλλοθεν
997 2353 1152 2417 είδὼς
1173 2354 1234 2407 τὸ
1268 2354 1456 2417 σκότος
1487 2354 1519 2425 ἢ
1546 2354 1652 2407 ἀπὸ
1675 2352 1769 2406 τοῦ

171 2438 374 2506 φωτός.
413 2440 639 2512 Ἐαυτὴν
663 2433 753 2494 οὗν
781 2441 814 2512 ἡ
847 2441 967 2496 θεία
1017 2441 1176 2512 σοφία
1215 2442 1576 2512 γινώσκουσα,
1629 2441 1770 2512 γνώ-

171 2546 332 2583 σεται
367 2532 410 2562 ³⁵
439 2532 635 2596 πάντα,
675 2532 854 2599 άΰλως
891 2533 960 2587 τά
1003 2533 1184 2601 ὑλικὰ,
1219 2536 1313 2589 καὶ
1356 2535 1665 2606 άμερίστως
1702 2535 1771 2589 τὰ

175 2627 436 2699 μεριστὰ,
464 2629 558 2681 καὶ
583 2629 651 2682 τά
679 2629 849 2683 πολλά
871 2631 1108 2696 ἑνιαίως,
1128 2630 1276 2702 αὐτῷ
1298 2630 1376 2700 τῷ
1398 2631 1478 2684 ἑνὶ
1497 2631 1566 2684 τά
1594 2631 1770 2684 πάντα

172 2718 274 2770 καὶ
315 2717 656 2787 γινώσκουσα
697 2722 791 2774 καὶ
835 2723 1191 2795 παράγουσασ
1246 2723 1340 2777 καὶ
1390 2724 1499 2795 γὰρ
1538 2725 1586 2776 εἰ
1631 2725 1771 2776 κατά

176 2809 314 2881 μίαν
345 2811 521 2864 αἰτίαν
555 2812 584 2864 ό
623 2811 754 2877 Θεὸς
784 2815 919 2867 πᾶσι
953 2816 1064 2878 τοῖς
1105 2810 1224 2868 οῦσι
1253 2814 1346 2868 τοῦ
1385 2810 1523 2868 εἶναι
1559 2815 1771 2885 μεταδί-

170 2901 333 2965 δωσι,
365 2903 506 2956 κατά
545 2903 646 2975 τὴν
693 2905 867 2976 αὐτὴν
920 2906 1106 2978 ἑνικὴν
1143 2907 1321 2961 αἰτίαν
1346 2907 1548 2960 οίσεται
1596 2907 1773 2960 πάντα

171 2994 256 3058 ὡς
280 2993 338 3062 ἑξ
364 2995 557 3049 ἑαυτοῦ
583 2996 729 3079 ζοντα,
765 2998 860 3051 καὶ
889 2999 945 3051 ἑν
984 2999 1160 3069 ἑαυτῷ
1193 3000 1239 3032 ³⁸
1293 2999 1762 3071 προῦφεστηκότα,

173 3086 279 3139 καὶ
312 3087 412 3140 οὐκ
457 3089 522 3140 ἑκ
572 3087 680 3141 τῶν
719 3087 889 3143 ὄντων
920 3089 1146 3161 λήψεται
1187 3091 1290 3163 τὴν
1334 3089 1512 3144 αὐτῶν
1548 3089 1769 3158 γνῶσιν,

175 3176 322 3231 ἀλλά
350 3178 445 3232 καὶ
469 3179 650 3243 αὐτοῖς
678 3180 929 3247 ἑκάστοις
962 3182 1070 3235 τῶν
1095 3182 1293 3246 αὐτῶν,
1331 3183 1426 3235 καὶ
1463 3181 1640 3246 ἄλλοις
1673 3182 1772 3252 τῆς

1873 2012 1929 2054 ιιι
1967 2001 2036 2055 ita
2073 2000 2270 2063 dicam,
2320 1995 2543 2050 exordio
2596 2007 2851 2055 noscens,
2880 2001 2934 2045 et
2975 1991 3026 2043 in
3077 2005 3257 2044 rerum
3301 1999 3459 2041 natu-

1875 2108 1988 2147 rain
2023 2090 2338 2160 proferens;
2378 2088 2540 2156 idque
2592 2086 2832 2138 arbitror
2880 2081 3219 2150 Scripturam
3250 2077 3458 2148 signiﬁ-

1871 2201 2018 2250 care,
2049 2199 2169 2238 cum
2207 2181 2315 2235 ait:
2351 2180 2451 2246 Qui
2483 2178 2634 2234 novit
2669 2175 2848 2230 omnia
2878 2174 3194 2242 priusquam
3238 2171 3454 2223 liantm.

1873 2275 1988 2330 Non
2014 2275 2157 2327 enim
2191 2288 2258 2326 ex
2296 2272 2458 2325 rebus
2487 2270 2619 2339 ipsis
2651 2283 2740 2323 res
2781 2266 3021 2326 discens,
3056 2262 3206 2316 novit
3236 2276 3330 2314 eas
3371 2259 3454 2312 di-

1871 2369 1996 2420 vina
2024 2379 2194 2428 mens,
2237 2365 2330 2418 sed
2382 2378 2446 2416 ex
2486 2362 2661 2430 seipsa
2712 2367 2765 2412 et
2816 2357 2867 2412 in
2916 2358 3116 2424 seipsa,
3160 2353 3454 2408 secundum

1872 2448 2090 2514 causam
2131 2457 2371 2510 omnium
2412 2454 2717 2516 scientiam,
2753 2462 2809 2504 et
2852 2448 3152 2510 notionem,
3189 2456 3242 2498 et
3268 2459 3458 2498 essen-

1872 2553 2006 2606 tiam
2032 2550 2327 2621 prazbabet,
2371 2557 2424 2602 et
2465 2556 2591 2600 ante
2618 2542 3054 2613 comprehcndit,
3081 2555 3184 2592 non
3226 2536 3458 2605 singulis

1872 2643 2168 2699 secundum
2196 2640 2456 2710 cujusque
2501 2637 2736 2706 speciem
2789 2633 3096 2698 intendens,
3134 2631 3226 2686 sed
3257 2645 3455 2682 secun-

1872 2735 1998 2788 dum
2031 2734 2246 2787 unicam
2281 2745 2456 2785 causa:
2498 2727 2926 2797 complexionem
2953 2733 3146 2777 cuncta
3193 2721 3371 2776 sciens
3403 2726 3459 2772 et

1873 2826 2192 2889 continens;
2223 2824 2362 2878 sicut
2393 2832 2447 2875 et
2476 2821 2565 2874 lux
2615 2821 2912 2872 secundum
2943 2830 3163 2869 causam
3210 2815 3459 2866 tenebra-

1875 2935 1992 2974 rum
2021 2919 2290 2972 notionem
2319 2914 2602 2982 anticipat,
2637 2927 2741 2965 non
2778 2909 2998 2963 aliunde
3032 2921 3196 2976 quam
3237 2921 3302 2959 ex
3334 2904 3455 2958 luce

1876 3012 2130 3066 tenebras
2160 3022 2412 3064 noscens.
2453 3004 2701 3074 Seipsam
2749 3003 2914 3070 igitur
2961 3001 3140 3054 divina
3190 2997 3456 3066 sapientia

1876 3116 2130 3164 noscens,
2183 3099 2318 3153 sciet
2357 3097 2573 3161 omnia;
2611 3094 2915 3149 materialia
2960 3093 3078 3147 sine
3117 3091 3366 3152 materia,
3407 3097 3461 3142 et

1877 3191 2105 3245 indivise
2139 3187 2455 3251 divisibilia,
2480 3197 2534 3239 et
2564 3185 2722 3237 unice
2762 3183 2950 3242 multa,
2995 3181 3110 3249 ipso
3145 3195 3249 3232 uno
3275 3178 3460 3231 omnia

173 3269 358 3325 ἄλλων
379 3270 631 3340 γνώσεως
661 3273 813 3329 ἔσται
836 3276 1090 3347 χορηγός.
1119 3276 1233 3330 Οὐκ
1262 3275 1371 3347 ἄρα
1424 3276 1452 3329 ὁ
1483 3275 1615 3339 Θεὸς
1645 3276 1771 3330 ἰδίαν

1883 3294 1936 3338 et
1980 3296 2318 3352 cegnoscens
2377 3289 2430 3334 et
2480 3279 2821 3349 produccus;
2883 3290 3005 3326 nam
3059 3273 3103 3326 si
3160 3272 3460 3326 secundum

176 3360 298 3432 ἔχει
325 3363 426 3435 τὴν
475 3363 670 3418 ἑαυτοῦ
717 3366 938 3435 γνῶσιν,
989 3367 1182 3439 ἑτέραν
1227 3368 1284 3421 δὲ
1321 3367 1421 3438 τὴν
1467 3371 1618 3441 κοινῇ
1639 3371 1683 3402 ⁸⁷
1706 3369 1775 3424 τά

176 3454 313 3508 ὖντα
337 3455 518 3509 πάντα
546 3457 1022 3529 συλλαμϐάνουσαν
1039 3476 1054 3490 ο
1083 3459 1217 3532 αὑτὴ
1240 3459 1348 3532 γάρ
1370 3460 1564 3533 ἑαυτὴν
1588 3463 1621 3533 ἡ
1642 3461 1776 3515 πάν-

176 3562 294 3600 των
335 3547 483 3601 αἰτία
519 3549 880 3618 γινώσκουσα,
915 3552 1075 3624 σχολῇ
1102 3569 1206 3605 που
1239 3553 1307 3607 τά
1337 3554 1432 3607 ἀπ’
1461 3554 1652 3624 αὐτῆς,
1684 3555 1776 3608 καὶ

180 3632 262 3692 ὦν
301 3641 448 3693 ἑστιν
484 3642 651 3706 αἰτία,
691 3643 966 3716 ἀγνοήσει.
1003 3644 1186 3716 Ταύτῃ
1227 3644 1356 3714 γοῦν
1386 3646 1432 3679 ’⁸
1463 3647 1491 3698 ό
1538 3645 1670 3711 Θεὸς
1705 3645 1775 3700 τά

180 3731 315 3787 ὄντα
339 3732 618 3803 γινώσκει,
658 3736 720 3790 οὐ
749 3741 815 3809 τῇ
851 3739 1130 3813 ἐπιστήμῃ
1160 3739 1268 3792 τῶν
1302 3738 1488 3804 ὄντων,
1523 3740 1660 3794 ἀλλά
1707 3743 1774 3813 τῇ

183 3825 382 3878 ἑαυτοῦ
402 3841 416 3856 ⁸
459 3827 551 3879 καὶ
592 3826 700 3900 γὰρ
735 3829 829 3882 καί
863 3829 988 3894 τοὺς
1021 3829 1281 3900 ἀγγέλους
1310 3831 1506 3885 εἰδέναι
1544 3831 1677 3903 φησί
1710 3831 1779 3884 τά

182 3916 358 3987 Λόγια
397 3917 466 3971 τά
502 3920 593 3973 ἐπὶ
617 3922 716 3992 τῆς
759 3921 883 3992 γῆς,
928 3922 987 3975 οὐ
1034 3925 1157 3976 κατ’
1190 3923 1468 3994 αίσϐήσεις
1521 3924 1659 3977 αὑτά
1697 3941 1780 3992 γι-

185 4003 513 4074 νώσκοντας,
549 4009 784 4081 αἰσθητά
818 4028 883 4080 γε
914 4011 1060 4078 ὅντα,
1093 4010 1213 4066 κατ’
1245 4013 1450 4067 οἰκείαν
1476 4013 1533 4068 δὲ
1553 4012 1648 4067 τοῦ
1669 4013 1780 4067 θεο-

184 4098 362 4164 ειδοῦς
383 4099 473 4154 νοῦ
495 4100 722 4172 δύναμιν
745 4102 840 4156 καὶ
865 4103 1043 4173 φύσιν.

1881 3393 2044 3433 unam
2068 3388 2289 3430 causam
2331 3372 2468 3426 Deus
2524 3371 2777 3424 omnibus
2819 3381 2937 3421 esse
2973 3365 3234 3433 impertit,
3261 3379 3458 3417 secun-

1883 3472 2006 3524 dum
2033 3467 2280 3523 eamdem
2310 3464 2524 3519 unicam
2557 3479 2773 3517 causam
2812 3463 2947 3515 sciet
2976 3459 3156 3512 omnia
3203 3467 3460 3527 tanquam

1880 3578 1947 3618 ex
1976 3577 2035 3616 se
2058 3558 2397 3623 exsistemia,
2421 3566 2474 3610 et
2497 3556 2548 3608 in
2571 3555 2749 3621 seipso
2779 3564 2904 3606 ante
2931 3550 3381 3620 pracexsistentia,
3407 3556 3463 3599 et

1883 3667 1991 3706 non
2021 3665 2084 3705 ex
2114 3651 2277 3703 rebus
2311 3661 2491 3700 rerum
2523 3645 2755 3712 accipiet
2799 3643 3096 3704 notionem,
3125 3640 3218 3692 sed
3247 3648 3301 3691 et
3330 3638 3460 3706 ipsis

1884 3739 2116 3810 singulis
2158 3739 2396 3808 ipsarum
2435 3735 2660 3803 aliisque
2702 3733 2928 3785 aliarum
2976 3730 3223 3784 notitiam
3262 3728 3460 3794 largie-

1889 3844 1997 3888 tur.
2043 3829 2158 3885 Non
2204 3830 2368 3884 habet
2404 3829 2588 3896 itaque
2626 3827 2762 3880 Deus
2805 3822 3132 3893 peculiarem
3177 3819 3462 3874 scientiam

1888 3925 1995 3988 sui,
2023 3924 2183 3977 aliam
2207 3937 2336 3977 vero
2359 3933 2699 3975 communem
2751 3933 2837 3971 res
2878 3929 3066 3969 omnes
3099 3912 3463 3982 complecten-

1891 4028 2019 4082 tem;
2056 4019 2168 4086 ipsa
2200 4015 2342 4070 enim
2368 4014 2609 4068 omnium
2646 4026 2807 4064 causa
2843 4010 3076 4078 seipsam
3108 4020 3458 4076 cognoscens,

1885 4106 2033 4160 nullo
2057 4103 2217 4176 46],
2247 4103 2404 4156 modo
2432 4116 2494 4154 ea
2529 4117 2648 4169 quae
2685 4102 2752 4155 ab
2783 4102 2920 4169 ipsa,
2959 4106 3013 4152 et
3041 4112 3271 4166 quorum
3301 4109 3462 4149 causa

184 4224 293 4281 est,
326 4217 613 4288 ignorabit.
649 4219 760 4275 Hac
789 4222 949 4291 igitur
986 4223 1127 4279 Deus
1175 4241 1262 4281 res
1317 4241 1678 4298 cognoscens,
1708 4241 1812 4281 non
1852 4224 2080 4280 scientia
2134 4238 2338 4290 rerum,
2398 4223 2489 4276 sed
2538 4221 2764 4275 scientia
2801 4219 3058 4289 suiipsius
3097 4218 3237 4286 ipsas
3280 4217 3459 4280 novit;

184 4309 390 4363 etenim
421 4311 642 4381 angelos
682 4329 896 4384 quoque
941 4315 1219 4388 Scriptura
1253 4329 1484 4375 testatur
1517 4335 1579 4375 ea
1626 4321 1769 4376 scire
1801 4334 1922 4389 quia
1969 4318 2020 4371 in
2067 4326 2210 4370 terra
2264 4324 2413 4382 sunt,
2441 4330 2547 4368 non
2589 4313 2888 4368 secundum
2914 4328 3104 4368 sensus
3143 4311 3230 4365 illa
3259 4328 3464 4382 cogno-

186 4412 408 4459 scentes
441 4419 563 4475 quae
613 4407 891 4463 sensibilia
949 4418 1100 4475 sunt,
1126 4409 1220 4465 sed
1258 4411 1556 4468 secundum
1602 4411 1860 4465 virtutem
1893 4423 1958 4462 ac
1982 4417 2231 4461 naturam
2255 4405 2453 4462 mentis
2477 4402 2780 4461 deiformis.

1740 4569 1768 4644 ς
1807 4566 1920 4628 m.

274 4707 473 4761 Ἐπὶ»δὲ
495 4725 702 4773 τουτοις
731 4708 964 4780 ζητῆσαι
989 4711 1114 4782 χρὴ,
1135 4712 1252 4777 πῶς
1273 4713 1432 4784 ἡμεῖς
1455 4713 1587 4767 Θεὸν
1608 4712 1772 4783 γινώ-

189 4815 412 4870 σκομεν,
431 4799 551 4852 οὐδὲ
565 4799 774 4872 νοητὸν,
796 4802 916 4854 οὐδὲ
934 4802 1208 4875 αἰσθητὸν,
1227 4804 1348 4858 οὐδέ
1361 4823 1414 4858 τι
1428 4805 1653 4859 καθόλου
1667 4805 1774 4859 τῶν

185 4891 358 4946 ὄντων
370 4893 413 4923 ⁸⁸
425 4891 573 4946 ὄντα.
589 4895 680 4964 Μή
688 4911 815 4947 ποτε
829 4890 921 4949 οῦν
937 4896 1134 4968 ἀληθὲς
1146 4899 1340 4965 εἰπεῖν,
1356 4900 1436 4954 ὅτι
1462 4900 1594 4954 Θεὸν
1614 4899 1777 4971 γινώ-

189 5001 393 5056 σκομεν
413 4987 512 5040 οὐκ
531 4988 594 5041 ἑκ
605 4988 706 5057 τῆς
723 4988 884 5041 αὐτοῦ
901 4989 944 5021 ³ο
958 4989 1190 5059 φύσεως,
1210 4991 1504 5063 (ἄγνωστον
1527 4994 1635 5067 γὰρ
1658 4993 1785 5048 τοῦ-

185 5093 273 5140 το,
297 5077 389 5130 καὶ
410 5079 585 5132 πάντα
607 5078 764 5150 λόγον
783 5081 876 5134 καὶ
901 5082 1024 5135 νοῦν
1047 5083 1345 5157 ὑπεραῖρον
1368 5085 1420 5159 ⁸)
1447 5085 1560 5140 ἀλλ’
1587 5089 1652 5141 ἑκ
1673 5088 1772 5159 τῆς

189 5167 408 5222 πάντων
438 5167 548 5222 τῶν
571 5169 740 5224 ὄντων
764 5171 1080 5240 διατάξεως,
1104 5175 1180 5239 ὡς
1201 5176 1259 5241 ἑξ
1279 5177 1442 5231 αὐτοῦ
1471 5177 1772 5251 προεεσληο

189 5251 382 5322 μένης,
415 5253 509 5307 καὶ
534 5254 749 5318 εἰκόνας
780 5255 931 5320 τινάς
962 5259 1054 5311 καὶ
1092 5261 1412 5333 ὁμοιώματα
1457 5262 1566 5316 τῶν
1611 5262 1772 5318 Θείων

186 5342 356 5398 αὑτοῦ
391 5346 848 5418 παραδειγμάτων
872 5351 1123 5424 ἐχούσης,
1160 5358 1240 5420 εἰς
1261 5355 1324 5410 τὸ
1345 5356 1603 5411 ἐπέκεινα
1634 5353 1772 5413 πάν-

262 5471 301 5499 ω
339 5461 474 5520 Dan.
517 5475 637 5529 xm,
672 5462 762 5518 42.

1953 4712 2220 4767 Praeterea
2274 4711 2623 4781 quaerendum
2677 4719 2782 4775 est,
2838 4712 3113 4780 quomodo
3154 4726 3250 4765 nos
3284 4711 3451 4766 Deum

1883 4822 2296 4877 cognoscamus,
2331 4808 2422 4877 qui
2449 4821 2630 4873 neque
2656 4821 2820 4860 sensu
2853 4806 3146 4874 percipitur
3178 4821 3275 4860 nec
3300 4806 3461 4861 intel-

1885 4899 2127 4972 ligentia,
2159 4910 2215 4954 et
2244 4900 2379 4953 nibil
2402 4900 2629 4954 omnino
2649 4907 2821 4952 estex
2853 4898 2916 4951 iis
2941 4913 3060 4967 qua:
3083 4906 3227 4951 sunt.
3252 4898 3330 4951 An
3353 4915 3456 4953 non

1885 4993 2064 5062 potius
2103 5005 2231 5045 vere
2270 4990 2506 5053 dicatur,
2552 4989 2701 5056 quod
2737 4990 2903 5041 Deum
2949 5003 3051 5039 non
3083 4990 3460 5054 cognoscimus

1882 5099 1947 5138 ex
1978 5090 2172 5139 natura
2206 5081 2324 5151 ejus
2352 5080 2428 5151 (id
2457 5080 2600 5135 enim
2629 5080 2771 5147 quod
2811 5087 3003 5133 natura
3038 5079 3154 5148 ejus
3185 5091 3266 5133 est
3309 5081 3459 5133 inco-

1880 5175 2087 5244 gnitum
2115 5182 2225 5238 est,
2245 5183 2299 5228 et
2319 5187 2534 5229 omnem
2557 5171 2821 5225 rationem
2841 5186 2905 5225 ac
2929 5181 3167 5225 mentem
3189 5188 3403 5240 Supera:
3417 5179 3456 5239 ),

1879 5268 1974 5323 sed
2001 5283 2069 5322 ex
2097 5267 2293 5322 ordine
2317 5264 2562 5320 omnium
2592 5281 2797 5332 rerum,
2821 5275 3076 5333 tauquam
3106 5266 3174 5319 ab
3203 5266 3321 5334 ipso
3344 5281 3460 5334 pro-

1880 5361 2080 5431 posito,
2114 5371 2171 5415 et
2194 5360 2462 5430 imagines
2490 5359 2750 5431 quasdam
2775 5372 2839 5412 ac
2862 5358 3246 5413 similitudines
3276 5375 3460 5413 exem-

1480 5619 1717 5677 VARle
1759 5619 2165 5682 LECTIONES.

263 5796 305 5827 "
344 5797 435 5849 ἐπὶ
465 5795 559 5850 τοῦ
581 5791 737 5851 Θεοῦ.
829 5801 874 5885 ξ’
902 5799 1260 5887 ῦπερτελείῳ,
1301 5799 1359 5854 S.
1437 5800 1482 5831 ’³
1515 5799 1610 5854 τοῦ
1640 5815 1748 5856 non
1777 5801 1941 5857 habet
1971 5801 2028 5857 S.
2066 5804 2321 5871 ἀοράτου,
2357 5805 2426 5860 Μ.
2467 5806 2556 5861 Sc.
2630 5809 2676 5841 "‘
2699 5807 2894 5892 παρείλ

264 5886 301 5934 ι,
339 5867 408 5922 Μ.
446 5867 535 5925 Sc.
615 5869 660 5900 ‘“
693 5871 752 5923 ἑν
790 5886 956 5941 αυτῳ,
993 5872 1050 5929 δ.
1103 5874 1162 5924 Ρ.
1260 5874 1302 5906 ³⁷
1333 5873 1516 5942 κοινήν
1539 5912 1554 5939 ,
1592 5872 1650 5930 S.
1676 5871 1735 5926 P.
1817 5875 1860 5907 ’³
1883 5873 2056 5948 ταύτῃ
2090 5875 2207 5944 οὖν,
2247 5877 2306 5931 Ρ.
2414 5880 2458 5911 ³⁸
2492 5879 2600 5933 τῶν
2631 5897 2858 5948 νοητων,

1893 5905 2014 5928 suus
2027 5905 2056 5949 υ
2090 5905 2207 5944 υυν,
2247 5905 2279 5931 ιν
2294 5918 2306 5930 .

186 5885 301 5934 ται,
339 5867 408 5922 Μ.
446 5867 535 5925 Sc.
615 5869 660 5900 ‘“
693 5871 752 5923 ἑν
790 5870 956 5941 αὐτῷ,
993 5867 1050 5929 S.
1103 5874 1162 5924 Ρ.
1213 5867 1222 5873 ⁷
1260 5874 1302 5906 ³⁷
1333 5873 1554 5942 κοινήν,
1592 5872 1650 5930 S.
1676 5871 1735 5926 P.

2936 5827 3050 5879 φεν.
3130 5811 3174 5841 ’⁸
3196 5826 3462 5878 γινώσκε-

2415 5848 2426 5860 .
2467 5825 2558 5890 ac;
2631 5825 2676 5841 ι’
2699 5825 3050 5936 παρειλὲφεν.
3131 5825 3173 5841 ὐ
3196 5826 3450 5878 γινώσκε-

2414 5880 2458 5911 ³⁸
2492 5896 2600 5933 τιιιν
2631 5897 2858 5948 νοητων,
2944 5921 2956 5934 .
3059 5881 3104 5914 ³ο
3139 5881 3354 5950 ἑαυτοῦ,
3391 5881 3450 5935 Ρ.
