4186 6308
741 423 842 480 871
1923 423 1980 480 S.
2017 422 2220 481 DIONY
2232 423 2315 481 Sil
2349 423 2810 482 AREOPAGITE
3887 431 3995 488 8ἷῖ

741 535 1487 607 plariumejusdivinorumin
1512 549 1572 591 se
1593 535 1846 599 habente,
1883 537 1950 591 ad
1979 551 2311 607 cognosccn-
2337 541 2386 598 Α

2340 541 2386 598 Α
2411 553 2520 590 των
2563 535 2670 606 ὁδῷ
2695 537 2786 590 καὶ
2813 534 2965 600 τάξει
2989 553 3128 590 κατα
3158 536 3385 609 δύναμιν
3420 538 3640 609 ἀνειμεν
3670 538 3729 592 ὲν
3766 542 3835 611 τῇ
3866 543 3993 596 πάν-

741 631 869 684 dum
916 630 1043 684 illud
1088 643 1357 684 summum
1407 628 1607 682 bonum
1639 636 1696 683 et
1741 628 1983 683 omnium
2039 629 2306 684 bonorum

2407 643 2514 680 των
2565 626 2850 697 ἀφαιρέσει
2884 628 2976 680 καὶ
3021 628 3282 700 ὑπεροχῇ,
3314 630 3408 682 καὶ
3445 631 3498 683 ὲν
3540 632 3606 700 τῇ
3645 630 3862 692 πάντων
3907 634 3994 685 αι-

743 722 928 783 ιἸιιεηι,
955 722 1041 775 via
1077 731 1132 775 et
1161 720 1351 774 ordine
1391 735 1490 788 pro
1525 720 1729 772 viribus
1756 712 2100 774 ascendimus
2127 719 2179 772 in
2209 719 2307 774 ab-

2405 717 2516 790 τίᾳ.
2557 717 2648 778 Διὸ
2680 717 2772 771 καὶ
2796 720 2855 772 ὲν
2888 719 3053 770 πᾶσιν
3086 719 3282 783 ἀθεὺς
3320 719 3664 788 γινώσκεται,
3691 721 3786 773 καὶ
3817 721 3993 793 χωρὶς

726 813 941 868 latione
983 821 1039 866 et
1079 812 1132 866 in
1173 810 1540 880 superlatione
1570 811 1839 876 omnium,
1889 819 1944 864 et
1982 811 2035 864 in
2060 811 2302 874 omnium

2407 808 2648 862 πάντων·
2675 809 2766 862 καὶ
2799 808 2888 862 διά
2914 808 3166 877 γνώσεως
3193 812 3222 864 6
3250 810 3382 875 Θεὸς
3401 809 3744 880 γινώσκεται,
3770 815 3867 866 καὶ
3896 813 3991 868 διὰ

739 920 923 959 causa.
951 903 1217 970 Quocirca
1264 903 1403 957 Deus
1452 903 1503 956 itt
1533 901 1784 958 omnibus
1827 901 2196 971 cognoscitur,
2250 911 2302 956 et

2405 900 2697 968 ἀγνωσίας,
2733 905 2828 955 καὶ
2863 903 3008 956 ἐστιν
3030 901 3193 955 αὑτοῦ
3223 903 3315 956 καὶ⁸
3340 903 3539 973 νάησις,
3568 904 3660 957 καὶ
3682 903 3859 972 λόγος,
3891 904 3989 961 καὶ

737 996 1028 1065 separatim
1075 994 1143 1048 ab
1180 995 1464 1058 omnibus;
1505 1003 1559 1048 et
1601 1009 1697 1064 per
1747 994 2112 1063 cognitionem
2163 993 2295 1047 Deus

2404 996 2700 1066 ἐπιστήμη,
2752 997 2846 1050 καὶ
2881 997 3087 1068 ἐπαφὴ,
3131 997 3225 1050 καὶ
3264 995 3534 1068 αἴσθησις,
3574 996 3667 1050 καὶ
3703 997 3856 1063 δόξα,
3890 999 3989 1050 καὶ

735 1087 1079 1157 cognoscitur
1125 1102 1188 1140 ac
1226 1101 1323 1155 per
1355 1087 1788 1155 ignorationem;
1824 1094 1880 1141 et
1899 1095 1983 1140 est
2011 1087 2078 1140 de
2106 1100 2170 1140 eo
2207 1101 2288 1140 co-

2403 1088 2688 1156 φαντασία.
2719 1090 2814 1142 καὶ
2857 1090 3045 1161 ὄνομα,
3095 1089 3189 1143 καὶ
3217 1090 3285 1143 τά
3323 1091 3458 1145 ἄλλα
3503 1091 3696 1150 πάντα,
3734 1093 3828 1144 καὶ
3849 1092 3985 1144 οὔτε

732 1181 926 1251 gnitio,
958 1180 1121 1243 ratio,
1163 1189 1217 1232 et
1266 1178 1517 1240 scientia,
1574 1189 1628 1232 et
1661 1187 1864 1242 tactus,
1919 1189 1970 1233 et
2003 1194 2220 1244 sensus,
2248 1193 2294 1232 et

2403 1182 2622 1241 νοεῖται,
2654 1178 2777 1232 οὔτε
2807 1177 3185 1249 λέγεται,οὖτε
3214 1182 3536 1252 ὀνομάζεται
3559 1199 3573 1212 ·
3607 1182 3700 1235 καὶ
3730 1183 3831 1235 οὐκ
3865 1182 3986 1236 ἐστι

730 1273 936 1343 opinio,
969 1281 1022 1326 et
1051 1271 1400 1341 cogitatio,et
1425 1283 1641 1333 nomen,
1670 1281 1722 1324 et
1752 1271 1854 1323 alia
1885 1271 2100 1335 omnia;
2124 1280 2178 1324 et
2210 1285 2300 1324 ne-

2400 1291 2452 1326 τι
2483 1273 2589 1327 τῶν
2608 1275 2797 1336 ὅντων,
2820 1276 2940 1328 οὐδὲ
2960 1276 3016 1329 ἐν
3037 1294 3139 1331 τινι
3160 1275 3268 1331 τών
3288 1276 3457 1330 ὄντων
3485 1276 3846 1345 γινώσκεται·
3886 1279 3985 1332 καὶ

731 1376 835 1429 que
871 1360 1214 1429 intelligitur,
1247 1375 1444 1429 neque
1483 1359 1702 1424 dicitur,
1754 1375 1927 1429 neque
1958 1361 2292 1426 nominatur;

2401 1365 2458 1421 ὲν
2482 1367 2611 1418 πᾶσι
2633 1367 2808 1420 πάντα
2829 1369 2963 1433 ἐστὶ,
2987 1370 3081 1422 καὶ
3102 1371 3160 1422 ὲν
3174 1369 3347 1422 οὐδενὶ
3367 1369 3536 1433 οὐδὲν,
3558 1371 3651 1423 καὶ
3673 1373 3737 1423 ὲκ
3759 1371 3982 1425 πάντων

728 1467 828 1508 nec
857 1463 939 1506 est
975 1452 1176 1520 aliquid
1211 1467 1395 1507 eorum
1436 1467 1554 1520 quae
1592 1460 1737 1516 sunt,
1775 1467 1874 1506 nec
1905 1453 1958 1506 in
1985 1452 2165 1522 aliquo
2203 1468 2298 1507 eo-

2401 1458 2533 1509 πᾶσι
2559 1456 2900 1526 γινώσκεται,
2932 1459 3025 1512 καὶ
3047 1459 3105 1526 ἐξ
3125 1460 3334 1523 οὐδενὸς
3363 1461 3535 1513 οὐδενί
3560 1477 3572 1489 ·
3599 1460 3821 1532 καὶγὰρ
3842 1459 3983 1513 ταῦ-

729 1558 847 1596 rum
891 1558 1008 1609 quae
1055 1552 1185 1596 sunt
1240 1543 1618 1612 cognoscitur;
1678 1552 1733 1596 et
1766 1545 1815 1596 in
1841 1544 2093 1598 omnibus
2116 1547 2297 1598 omnia

2397 1565 2466 1601 τα
2494 1549 2667 1620 ὀρθῶς
2693 1551 2821 1620 περὶ
2841 1551 2978 1603 Θεοῦ
2999 1550 3249 1622 λέγομεν,
3281 1551 3374 1603 καὶ
3399 1553 3463 1604 ἐκ
3483 1551 3591 1604 τῶν
3611 1551 3780 1604 όντων
3801 1551 3985 1604 ἀπάν-

725 1646 842 1701 est,
870 1647 925 1690 et
949 1635 1082 1689 nihil
1114 1637 1168 1688 in
1194 1635 1332 1700 ullo;
1376 1645 1430 1688 et
1455 1652 1518 1690 ex
1549 1634 1800 1690 omnibus
1834 1638 1902 1688 ab
1929 1636 2182 1691 omnibus
2209 1649 2296 1690 co-

2397 1654 2505 1691 των
2538 1641 2790 1709 ὑμνεῖται
2834 1641 2974 1694 κατά
3015 1641 3113 1713 τὴν
3153 1643 3368 1695 πάντων
3400 1641 3684 1709 ἀναλογίαν
3722 1635 3797 1695 ὧν
3827 1644 3983 1694 ἐστιν

725 1729 1030 1795 gnoscitur,
1064 1736 1170 1782 eta
1197 1727 1343 1782 nullo
1377 1743 1442 1781 ex
1479 1726 1586 1781 ulla
1618 1743 1677 1781 re
1711 1745 1725 1781 :
1755 1729 1938 1796 utique
1968 1728 2032 1781 de
2064 1729 2170 1782 Deo
2196 1729 2297 1783 ista

2398 1730 2586 1794 αἴτιος.
2620 1732 2727 1784 Καὶ
2761 1731 2905 1784 ἔστιν
2942 1727 3096 1796 αὖθις
3133 1734 3163 1804 ἡ
3199 1733 3444 1804 θειοτάτη
3469 1733 3561 1786 τοῦ
3584 1732 3718 1785 Θεοῦ
3749 1732 3977 1801 γνῶσις,

724 1832 872 1896 recte
897 1821 1158 1880 dicimus;
1204 1825 1260 1876 et
1305 1823 1370 1874 ex
1420 1822 1673 1876 omnibus
1703 1836 1918 1890 quoque
1963 1825 2124 1876 rebus
2152 1822 2296 1876 cele-
2326 1889 2363 1898 _

2326 1889 2363 1898 __
2398 1823 2429 1890 ἠ
2469 1823 2535 1874 δι’
2568 1824 2840 1891 ἀγνωσίας
2889 1823 3288 1898 γινωσκομένη,
3337 1824 3474 1876 κατὰ
3531 1823 3628 1894 τὴν
3679 1823 3817 1892 ὑπὲρ
3846 1820 3977 1873 νοῦν

724 1914 935 1975 bratur,
965 1913 1263 1967 secundum
1295 1911 1536 1966 omnium
1573 1927 1805 1981 quorum
1850 1913 1966 1980 ipse
2024 1928 2184 1968 causa
2214 1922 2297 1967 est
2326 1889 2366 1942 Β

2326 1889 2366 1942 Β
2403 1913 2615 1977 ἕνωσιν,
2661 1916 2787 1967 ὅταν
2825 1916 2852 1967 ό
2879 1915 3000 1979 νοῦς
3025 1955 3038 1977 ,
3074 1914 3183 1966 τῶν
3223 1915 3391 1967 ὄντων
3449 1914 3665 1967 πάντων
3703 1914 3971 1975 ἀποστάς,

723 2007 1151 2075 proportionem.
1176 2003 1274 2058 Est
1295 2006 1422 2059 item
1445 2005 1786 2058 divinissima
1812 2003 1902 2057 Dei
1935 2003 2149 2069 notitia,
2174 2021 2294 2074 quae

2397 2006 2584 2060 ἔπειτα
2636 2009 2729 2061 καὶ
2765 2006 2950 2061 ἑαυτὸν
3000 2006 3177 2074 ἀφεὶς,
3231 2007 3402 2076 ένωθῇ
3462 2009 3582 2069 ταῖς
3629 2003 3975 2076 ὑπερφαέσιν

724 2113 820 2165 per
847 2099 1200 2153 nescientiam
1227 2099 1511 2167 accipitur,
1535 2097 1829 2150 secundum
1861 2096 2029 2157 illam,
2055 2112 2176 2165 qua:
2203 2113 2293 2151 su-

2397 2097 2635 2162 ἀκτῖσιν,
2664 2098 2874 2150 ἐκεῖθεν
2904 2099 2996 2150 καὶ
3018 2099 3134 2150 ἐκεῖ
3161 2097 3236 2166 τῷ
3263 2097 3661 2168 ἀνεξερευνήτῳ
3693 2096 3844 2166 βάθει
3870 2095 3974 2165 τῆς

724 2190 1186 2257 praintellectum
1211 2197 1312 2253 est,
1332 2189 1612 2251 unionem,
1632 2187 1850 2264 quando
1868 2203 2041 2252 mens,
2071 2203 2101 2240 a
2132 2187 2291 2241 rebus

2396 2190 2584 2258 σοφίας
2607 2191 3114 2261 καταλαμπόμενος.
3139 2188 3328 2241 Καίτοι
3352 2188 3445 2241 καὶ
3476 2191 3539 2242 ὲκ
3574 2189 3808 2251 πάντων,
3830 2187 3975 2255 ὅπερ

720 2279 976 2334 omnibus
997 2281 1279 2343 recedens,
1308 2294 1374 2332 ac
1397 2281 1612 2333 demum
1633 2279 1978 2347 semetipsam
2007 2279 2289 2340 deserens,

2395 2282 2550 2352 ἔφην,
2587 2281 2753 2352 αὐτὴν
2794 2282 3092 2349 γνωστέον·
3129 2281 3263 2352 αὕτη
3305 2283 3413 2352 γάρ
3446 2283 3559 2332 ἐστι
3596 2279 3734 2331 κατὰ
3773 2277 3836 2329 τὸ
3867 2275 3974 2329 Λό-

720 2369 951 2440 desuper
977 2367 1304 2442 fulgentibus
1329 2371 1517 2425 radiis
1546 2371 1752 2435 unitnr,
1797 2371 1992 2440 quibus
2015 2369 2066 2423 in
2091 2370 2182 2424 illo
2206 2370 2286 2422 in-

2393 2389 2509 2440 γιον
2545 2373 2578 2443 ἡ
2609 2372 2824 2424 πάντων
2862 2370 3133 2442 ποιητικὴ,
3168 2372 3261 2423 κ.άί
3291 2371 3377 2422 ἀεὶ
3425 2371 3601 2422 πάντα
3629 2366 3961 2438 ἁρμόζουσα.

717 2462 1002 2516 scrutabili
1038 2463 1316 2532 sapientiae
1339 2462 1606 2532 profundo
1635 2463 2002 2516 collustratUr.
2033 2462 2284 2515 Attamen

2394 2464 2611 2533 καὶτῆς
2639 2464 2832 2516 ἀλύτου
2872 2463 2979 2516 τῶν
3018 2464 3236 2516 πάντων
3281 2463 3600 2534 ἐφαρμογῆς
3636 2461 3728 2514 καὶ
3757 2457 3969 2523 τάξεως

717 2551 800 2617 (ιιι
820 2551 1027 2617 dixi)ex
1056 2553 1120 2606 iis
1141 2569 1350 2622 quoque
1377 2554 1627 2610 omnibus
1655 2565 1740 2608 est
1762 2553 2125 2621 agnoscenda,
2151 2568 2288 2622 quo-

2393 2556 2562 2620 αἰτία,
2611 2558 2705 2609 καὶ
2755 2558 2841 2609 ἀεὶ
2893 2556 2959 2608 τά
3001 2555 3128 2626 τέλη
3167 2556 3274 2608 τῶν
3311 2555 3589 2626 προτέρων
3625 2554 3970 2606 συνάπτουσα

717 2648 859 2698 niam
886 2644 1021 2714 ipsa,
1051 2648 1348 2700 secundum
1377 2645 1737 2714 Scripturam,
1775 2653 1861 2698 est
1890 2643 2130 2698 omnium
2155 2643 2286 2697 eﬂ'e-

2390 2651 2510 2711 ταίς
2547 2649 2738 2720 ἀρχαῖς
2772 2647 2881 2700 τῶν
2906 2647 3169 2718 δευτέρων
3214 2647 3304 2700 καὶ
3332 2647 3428 2716 τὴν
3466 2646 3590 2716 μίαν
3626 2644 3720 2698 τοῦ
3762 2643 3970 2707 παντὸς

714 2734 856 2789 ctrix
880 2744 934 2798 ιι,
957 2752 1186 2805 quaeque
1212 2751 1426 2807 semper
1448 2747 1566 2791 erat
1589 2723 2132 2802 cuncta‘contponens
2155 2749 2200 2800 °,
2233 2744 2288 2790 et

1884 2748 2132 2802 ttponens
2155 2749 2200 2800 °,
2233 2744 2288 2790 et
2395 2736 2692 2807 σύμπνοιαν
2719 2737 2811 2789 καὶ
2836 2736 3097 2806 ἁρμονίαν
3125 2732 3537 2804 καλλιεργοῦσα.

717 2825 1104 2880 indissolubilis
1167 2811 1347 2881 rerum
1409 2828 1651 2881 omnium
1726 2826 2082 2885 connexionis
2137 2827 2461 2896 ordinisque
2517 2843 2728 2890 causa,
2803 2841 3123 2895 semperque
3180 2826 3316 2879 lines
3365 2823 3783 2893 praecedentium
3837 2835 3968 2878 cum

715 2918 996 2989 principiis
1024 2921 1366 2988 sequentium
1406 2918 1703 2983 coanectit,
1747 2919 2078 2986 unicamque
2116 2918 2284 2974 totius
2308 2919 2551 2974 universi
2578 2919 2926 2973 concordiam
2973 2927 3026 2972 et
3055 2915 3465 2972 consonantiam
3501 2915 3818 2969 concinnat.

2262 3035 2291 3109 δ
2335 3033 2443 3094 ιν.

787 3154 931 3208 Deus
967 3153 1129 3208 etiam
1163 3155 1303 3208 ratio
1327 3155 1648 3224 prazdicatur
1671 3170 1700 3208 a
1731 3153 2047 3224 Scripturis,
2073 3171 2176 3208 non
2202 3169 2288 3210 so-
2314 3160 2356 3218 C

2314 3160 2356 3218 C
2463 3154 2632 3223 Λόγος
2659 3154 2715 3206 δὲ
2738 3155 2766 3207 6
2793 3153 2924 3217 Θεὸς
2957 3155 3203 3223 ὑμνεῖται
3243 3153 3378 3223 πρὸς
3400 3153 3508 3210 τῶν
3542 3151 3700 3222 ἱερῶν
3726 3152 3965 3220 Λογίων,

714 3245 823 3300 lunt
848 3246 972 3318 quia
1005 3246 1234 3300 rationis
1261 3245 1424 3316 462
1457 3256 1511 3300 ει
1551 3246 1746 3300 mentis
1781 3256 1835 3300 et
1865 3246 2143 3314 sapientia:
2174 3247 2286 3302 lar-

2386 3247 2445 3298 οὐ
2483 3251 2642 3317 μόνον
2674 3248 2755 3300 ὃτι
2778 3246 2870 3299 καὶ
2906 3247 3063 3314 λόγου
3091 3247 3183 3298 καὶ
3206 3245 3296 3298 νοῦ
3319 3246 3410 3297 καὶ
3437 3245 3621 3312 σοφίας
3654 3244 3773 3296 ἐστὶ
3795 3262 3965 3315 χορη-

718 3323 984 3408 gitorest,
1011 3339 1104 3391 sed
1135 3338 1264 3405 quia
1289 3353 1481 3391 causas
1511 3340 1750 3392 omnium
1774 3339 1828 3391 iit
1857 3354 1915 3394 se
1941 3340 2054 3408 ipso
2073 3339 2138 3369 ’θ’
2172 3340 2286 3393 uni-

2385 3337 2500 3406 γὸς,
2537 3337 2650 3390 ἀλλ’
2679 3339 2761 3390 ὅτι
2797 3337 3009 3399 καὶτὰς
3036 3338 3252 3389 πάντων
3281 3335 3460 3399 αἰτίας
3498 3338 3556 3387 ὲν
3589 3335 3768 3405 έαυτῷ
3802 3355 3964 3407 μονο-

713 3430 966 3488 Ῑυτιιιὶιει
997 3433 1339 3500 anticipavit,
1385 3441 1440 3486 et
1468 3432 1596 3500 quia
1628 3447 1723 3501 per
1745 3433 1932 3486 omnia
1967 3443 2132 3497 meat,
2161 3447 2284 3501 per-

2384 3428 2541 3493 ειδῶς
2582 3429 2900 3500 προείληφε,
2942 3429 3036 3482 καὶ
3075 3428 3156 3480 ὅτι
3185 3427 3271 3480 διά
3298 3429 3512 3480 πάντων
3535 3429 3700 3497 χωρεί
3728 3428 3956 3482 διικνού-

714 3527 943 3589 vadens,
970 3534 1026 3577 ut
1054 3525 1129 3578 ait
1152 3524 1432 3592 Scriptura
1464 3534 1511 3586 P,
1537 3537 1707 3593 usque
1726 3523 1796 3577 ad
1825 3521 1983 3577 linem
2004 3522 2279 3577 omnium:

2386 3522 2664 3594 μενος,’ώς
2704 3521 2772 3574 τά
2805 3522 2975 3589 Λόγιά
2997 3537 3181 3590 φησιν,
3207 3520 3333 3590 ἀχρι
3359 3518 3452 3571 τοῦ
3484 3520 3698 3573 πάντων
3735 3520 3925 3585 τέλους
3943 3541 3957 3553 ·

709 3628 765 3672 ει
798 3618 1163 3686 potissimum,
1208 3616 1332 3684 quia
1363 3617 1504 3669 ratio
1541 3615 1633 3668 Dei
1679 3629 1842 3684 supra
1888 3630 2103 3669 onmem
2143 3614 2280 3668 sitn-

2383 3619 2475 3672 καὶ
2526 3618 2632 3689 πρό
2669 3635 2731 3686 γε
2778 3609 3003 3678 τούτων,
3058 3617 3141 3668 ὅτι
3175 3614 3684 3684 πάσηςάπλάτητος
3733 3617 3763 3667 6
3817 3615 3961 3678 θεῖος

710 3707 1000 3775 plicitatent
1039 3707 1264 3776 simplex
1292 3710 1400 3769 est,
1428 3717 1482 3760 et
1504 3707 1572 3760 ab
1596 3705 1852 3759 omnibus
1879 3721 2039 3774 supra
2074 3707 2278 3770 omnia,

2382 3711 2770 3782 ὑπερήπλωται
2810 3709 2985 3775 λόγος,
3037 3706 3128 3759 καὶ
3171 3708 3385 3758 πάντων
3424 3706 3570 3758 ἐστὶν
3604 3705 3744 3776 ὑπὲρ
3781 3709 3958 3760 πάντα

708 3811 871 3864 supra
904 3798 1264 3852 substantiam
1291 3797 1556 3850 absoluta.
1596 3795 1754 3850 Ratio
1791 3799 1906 3850 lucc
1938 3798 2166 3864 simplex
2195 3807 2281 3852 est

2383 3803 2523 3856 κατά
2575 3804 2636 3854 τὸ
2664 3800 3000 3872 ,ὑπερούσιον
3041 3799 3454 3869 ἀπολελυμένος.
3507 3796 3672 3862 Οὗτος
3724 3803 3752 3852 6
3800 3799 3958 3867 λόγος

708 3900 774 3938 ac
804 3900 932 3940 vere
963 3888 1238 3942 exsistens
1275 3890 1497 3952 veritas,
1531 3888 1679 3941 circa
1704 3901 1884 3955 quam,
1923 3894 1978 3940 ut
2006 3903 2196 3958 puram
2224 3899 2279 3943 et

2379 3895 2544 3957 ἐστὶν,
2569 3896 2603 3964 ὴ
2626 3893 2771 3961 ἁπλῆ
2795 3893 2886 3944 καὶ
2909 3891 3077 3953 ὄντως
3097 3887 3230 3942 οὖσα
3253 3888 3494 3958 ἀλήθεια,
3511 3891 3636 3960 περὶ
3656 3889 3832 3959 ἢν,ώς
3857 3908 3958 3942 κα-

710 3976 1052 4031 infallibilem
1114 3978 1494 4032 universorum
1547 3979 1844 4050 notionem,
1906 3979 2038 4034 fides
2096 3979 2275 4034 divina

2377 3987 2549 4058 θαράν
2581 3988 2673 4040 καὶ
2721 3985 2932 4054 ἀπλανῆ
2977 3983 3082 4036 τῶν
3116 3983 3250 4035 ὅλων
3293 3983 3511 4050 γνῶσιν,
3545 3984 3578 4050 ἡ
3620 3982 3737 4035 θεία
3772 3983 3956 4048 πίστις

706 4077 974 4132 versatur,
1015 4084 1134 4137 quae
1161 4077 1244 4122 est
1283 4079 1544 4124 constans
1577 4071 1816 4124 ﬁdelium
1871 4069 2273 4124 ﬁrmamentum

2375 4081 2540 4142 ἐστὶν,
2592 4081 2624 4150 ὴ
2671 4079 2894 4149 μόνιμος
2940 4077 3046 4128 τῶν
3087 4075 3535 4144 πεπιστευμένων
3567 4075 3610 4106 ³¹
3642 4075 3869 4146 ἵδρυσις,
3917 4077 3955 4148 ἠ

706 4159 938 4212 fundatis
973 4158 1088 4213 illos
1132 4160 1182 4212 itt
1210 4161 1461 4224 veritate,
1503 4170 1665 4228 atque
1709 4161 1761 4214 in
1797 4163 1928 4230 ipsis
1961 4163 2272 4229 veritatem,

2375 4173 2592 4235 τούτους
2628 4171 2941 4242 ὲνιδρύουσα
2967 4174 3030 4241 τῇ
3060 4170 3285 4242 ἀληθείᾳ
3306 4212 3319 4234 ,
3350 4172 3442 4224 καὶ
3475 4171 3657 4233 αὐτοῖς
3687 4172 3783 4241 τὴν
3823 4171 3955 4244 ἀλή-

706 4253 832 4305 dum
896 4251 1280 4306 indissuasibili
1330 4252 1616 4308 identitate
1671 4254 1970 4321 simplicem
2031 4256 2273 4310 veritatis

2375 4265 2543 4329 θειαν,
2569 4263 2951 4334 ἀμεταπείστῳ
2987 4263 3292 4332 ταυτότητι,
3335 4262 3432 4332 τὴν
3465 4260 3642 4332 ἁπλῆν
3687 4261 3788 4330 τῆς
3821 4263 3953 4334 ἀλη-

707 4343 1081 4411 c0gnitionent
1136 4343 1336 4397 habent
1375 4358 1554 4398 rerum
1613 4345 2030 4398 credendarum.
2065 4344 2200 4399 Nam
2225 4349 2270 4402 si

2374 4353 2522 4417 θείας
2566 4355 2766 4423 γνῶσιν
2807 4357 3039 4425 ἐχόντων
3084 4354 3193 4407 τῶν
3229 4354 3628 4424 πεπεισμένων.
3678 4355 3739 4406 El
3772 4354 3882 4426 γὰρ
3915 4357 3947 4426 ἡ

703 4434 947 4503 cognitio
969 4449 1053 4488 res
1077 4438 1326 4502 cognitas
1350 4453 1469 4490 cum
1488 4440 1943 4507 cognoscentibus
1969 4441 2106 4503 unit,
2129 4441 2271 4510 iguo—
2301 4503 2337 4515 ἡ

2301 4503 2337 4515 λ
2373 4446 2570 4514 γνῶσις
2597 4446 2827 4515 ἑνωτικὴ
2849 4445 2957 4497 τῶν
2982 4444 3295 4512 ἐγνωκότων
3317 4445 3411 4498 καὶ
3441 4444 3814 4514 ἐγνωσμένων,
3840 4445 3872 4513 ἡ
3894 4445 3951 4497 δὲ

704 4529 846 4580 ratio
877 4542 1004 4582 vero
1025 4529 1295 4597 ignoranti
1328 4544 1494 4583 causa
1527 4540 1610 4585 est
1633 4541 1692 4584 ut
1713 4547 1926 4600 semper
1956 4540 2144 4594 mutet,
2179 4543 2266 4586 at-
2300 4503 2344 4558 θ

2300 4503 2344 4558 D
2376 4539 2564 4606 ἄγνοια
2605 4503 2901 4607 μεταϐολῆς
2917 4537 2999 4589 ἀεὶ
3021 4538 3113 4590 καὶ
3134 4537 3232 4606 τῆς
3267 4536 3324 4601 ἐξ
3345 4536 3535 4588 ἑαυτοῦ
3571 4535 3645 4605 τῷ
3669 4535 3950 4603 ἀγνοοῦντι

700 4633 807 4687 que
838 4634 867 4672 a
906 4619 1088 4687 seipso
1128 4620 1418 4689 discrepet,
1449 4637 1572 4676 eum
1593 4624 1685 4692 qui
1716 4624 1892 4678 credit
1933 4625 1986 4679 in
2015 4625 2266 4689 veritate,

2372 4628 2686 4699 διαιρέσεως
2722 4629 2886 4684 αίτία.
2911 4627 2999 4679 τὸν
3038 4630 3095 4679 ὲν
3133 4627 3356 4698 ἀληθείᾳ
3386 4626 3767 4689 πιστεύσαντα,
3807 4626 3949 4679 κατά

697 4711 848 4779 juxta
883 4710 1244 4780 Seripturam,
1271 4713 1401 4766 nihil
1445 4730 1474 4766 a
1504 4730 1628 4768 vero
1659 4715 1781 4770 ﬁdei
1812 4715 2162 4772 fundamento
2186 4721 2265 4771 tli~

2373 4721 2461 4772 τὸν
2487 4721 2627 4790 ἱερὸν
2655 4719 2844 4787 Λόγον,
2873 4719 3023 4771 οὐδὲν
3050 4720 3366 4789 ἀποκινήσει
3403 4719 3502 4788 τῆς
3525 4719 3664 4771 κατὰ
3691 4718 3792 4788 τὴν
3819 4718 3951 4790 ἀλη-

703 4802 966 4864 movcbit,
1021 4803 1073 4856 in
1123 4819 1232 4872 quo
1289 4806 1652 4859 constantiam
1713 4806 1938 4860 habebit
1981 4809 2268 4863 immobilis

2375 4808 2442 4879 θῆ
2464 4826 2642 4862 πιστιν
2670 4824 2873 4870 εστιας,
2912 4808 2996 4874 ἐφ’
3027 4801 3150 4879 ἶγτὸ
3183 4806 3406 4876 μόνιμον
3428 4805 3538 4869 ἕξει
3567 4805 3666 4874 τῆς
3690 4805 3947 4875 ἀκινήτου

701 4899 757 4944 ει
809 4893 1158 4948 immutabilis
1207 4894 1530 4951 identitatis.
1594 4897 1772 4976 Probe
1820 4914 2054 4969 namque
2115 4902 2266 4954 novit

2373 4901 2464 4952 mi.
2485 4899 2821 4970 ἀμεταϐόλοιι
2844 4898 3187 4968 ταυτότητος.
3223 4893 3294 4949 Εὖ
3325 4897 3433 4966 γὰρ
3466 4893 3604 4949 οἶδεν
3633 4898 3660 4948 6
3695 4896 3830 4965 πρὸς
3846 4895 3948 4966 τὴν

677 4984 949 5054 ,qnisquis
971 4986 1156 5042 unitus
1204 4998 1290 5041 est
1340 4988 1583 5053 veritati,
1638 4983 1799 5059 quant
1866 4991 2003 5046 bene
2060 5008 2120 5047 se
2171 4993 2265 5046 lia.

2368 4992 2621 5063 ἀλήθειαν
2656 4992 2894 5055 ἐνωθεὶς,
2929 4991 3009 5041 ὃτι
3047 4986 3104 5043 εὖ
3149 4990 3278 5058 ἔχει,
3321 4987 3423 5040 κᾶν
3452 4989 3499 5038 οἱ
3536 4985 3719 5037 πολλοὶ
3764 4985 3948 5037 νουθε-

702 5081 848 5146 beat,
889 5081 1137 5147 quamvis
1189 5095 1313 5134 eum
1373 5081 1528 5138 multi
1580 5097 1637 5136 ut
1668 5093 1936 5138 amentem
1995 5076 2258 5155 arguant;

2367 5085 2508 5136 τοῖεν
2536 5085 2717 5146 αὐτὴν,
2743 5083 2817 5146 ώς
2849 5082 3177 5153 ἐξεστηκότα
3200 5097 3212 5109 ο
3245 5079 3496 5131 λανθάνει
3525 5078 3642 5146 μὲν,
3671 5075 3747 5138 ὼς
3776 5076 3942 5140 εἰκὸς,

702 5171 836 5224 latet
882 5171 1026 5224 cnim
1073 5170 1210 5236 illos,
1244 5170 1320 5224 uti
1367 5185 1466 5240 par
1497 5180 1612 5239 est,
1662 5186 1784 5226 eum
1829 5187 1926 5241 per
1955 5187 2093 5229 vera:
2137 5174 2260 5228 ﬁdei

2369 5176 2562 5240 αὐτοὺς
2586 5178 2650 5230 ὲκ
2675 5175 2878 5245 πλάνης
2899 5177 2962 5244 τῇ
2993 5171 3218 5243 ἀληθείᾳ
3256 5172 3342 5225 διά
3378 5172 3475 5240 τῆς
3508 5169 3676 5230 ὅντως
3707 5170 3945 5231 πίστειικς

684 5265 986 5317 veritatem
1036 5281 1100 5318 ex
1144 5281 1329 5320 errore
1374 5266 1712 5331 excessisse;
1759 5266 1872 5333 ipse
1915 5276 2094 5321 autent
2135 5282 2264 5321 vcre

2369 5266 2692 5338 ἐξεστηκὼς·
2733 5267 2890 5328 αὐτὸς
2910 5266 2964 5317 δὲ
2999 5263 3208 5333 ἀληθῶς
3229 5258 3368 5314 οἶδεν
3401 5259 3610 5322 ἑαυτὸν,
3637 5259 3735 5328 οὐχ
3768 5260 3816 5325 (ὃ
3842 5275 3943 5326 φα-

703 5354 946 5422 novitse,
973 5369 1075 5409 non
1107 5356 1188 5426 (ut
1215 5357 1288 5410 illi
1314 5355 1643 5423 fabulantur)
1665 5357 1921 5421 insanire,
1948 5358 2041 5412 sed
2070 5357 2139 5414 ab
2169 5358 2249 5411 itt-

2368 5375 2452 5410 σιν
2494 5358 2536 5388 ³³
2571 5356 2788 5414 ἐκεῖνοι)
2827 5354 3144 5426 μαινόμενον
3179 5353 3243 5416 ³³,
3280 5351 3413 5406 ἀλλά
3450 5351 3546 5420 τῆς
3578 5349 3814 5402 ἀστάτου
3851 5345 3943 5400 καὶ

769 5487 979 5544 uProv.
1014 5506 1134 5546 vm.
1215 5500 1239 5527 ο
1262 5492 1388 5561 Sap.
1423 5508 1516 5548 vn.
1596 5504 1621 5543 ι)
1650 5492 1780 5563 Sap.
1814 5507 1931 5546 vm.

1974 5645 2208 5700 VARUE
2250 5645 2652 5702 LECTIONES.

771 5846 836 5878 ³⁰’
873 5847 924 5902 id
949 5857 1054 5914 est,
1089 5847 1198 5903 sine
1229 5848 1338 5902 ulla
1364 5850 1751 5914 compositione.
1822 5851 1862 5884 ³¹
1899 5849 2298 5921 πεπεισμένων,
2322 5850 2374 5904 S.
2406 5849 2466 5902 Ι).
2551 5850 2684 5914 ηὼς
2720 5867 2902 5919 φασιν,
2939 5847 2979 5903 Ρ
3075 5847 3118 5878 ³³
3155 5846 3462 5918 μαινόμενοι
3522 5849 3580 5902 S.
