4186 6308
159 394 268 458 επ
704 395 795 453 DE
832 394 1082 454 DIVIle
1119 394 1516 461 NOMINIBUS,
1549 396 1706 453 CAP.
1748 395 1860 452 νη.
1902 426 1971 436 -
2005 391 2351 451 PARAPIIR.
2383 390 2851 453 PACHYMERJE.

1214 529 1700 586 PABAPHRASIS
1735 527 2188 586 PACHYMERIE
2231 528 2370 602 (45).

3306 398 3412 458 878

236 673 264 746 ᾗ
294 674 340 728 ῐ.
368 663 631 736 Εἰπόντες
649 672 778 744 περὶ
803 670 1032 742 ἀγαθοῦ,
1057 670 1184 743 περί
1208 669 1381 735 ὖντος,
1408 664 1732 742 περνζωῆς,

1907 669 1936 742 §
1963 650 2002 724 ιί.
2025 667 2288 738 Quoniam
2317 663 2552 724 diximus
2574 667 2641 724 de
2663 667 2895 735 hono,de
2917 669 3136 737 ente,de
3159 669 3417 742 vita,age,

161 760 320 838 φέρε,
351 763 520 837 αὐτὴν
558 765 656 837 τὴν
690 757 899 835 ἀγαθὴν
943 762 1040 818 καὶ
1070 758 1294 817 αἰωνίαν
1323 759 1468 834 ζωὴν
1489 760 1580 815 τὸν
1601 753 1732 814 Θεὸν

1847 767 2120 833 ἱρεσηιιπιει
2137 763 2328 817 bonam
2351 766 2406 815 et
2428 768 2683 816 aeternam
2703 760 2867 815 vitam
2891 759 3056 816 Deum
3083 761 3421 819 celebremus

162 856 426 930 ὑμνῶμεν
451 857 545 911 καί⁵
579 856 656 921 ὡς
712 853 902 928 σοφήν.
941 851 1183 925 Ἐφθασε
1235 853 1345 928 γὰρ
1400 855 1595 920 εἰπεῖν,
1653 853 1738 909 ὅτι

1847 854 2004 908 etiam
2047 862 2105 907 ut
2167 850 2488 920 sapientem.
2542 844 2713 906 Antea
2756 850 2906 906 enim
2959 851 3195 918 dixerat,
3256 869 3416 920 nnsa

161 951 273 1007 ἀπὸ
308 949 418 1004 τῶν
468 948 593 1004 καθ’
622 949 768 1020 ἡμᾶς
803 948 1107 1020 συνάγομεν
1127 946 1197 1002 τὰ
1235 942 1373 1019 ὑπὲρ
1412 946 1593 1018 ήμᾶς⁶
1645 945 1739 1000 “διὰ

1847 947 2003 1000 rebus
2057 944 2259 1001 nostris
2281 959 2343 1000 ea
2370 953 2490 1014 qua!
2513 958 2676 1013 supra
2700 960 2800 1000 nos
2821 955 2950 1000 sunt
2999 945 3254 1017 colligere
3277 961 3295 1011 ;
3328 947 3415 1002 ld-

162 1042 331 1097 τοῦτο
367 1041 424 1095 δὲ
477 1040 952 1112 ὲπιδιορθούμενος
1005 1039 1204 1096 ὡσανεί
1254 1056 1403 1112 φησι’
1441 1036 1656 1093 Μᾶλλον
1684 1035 1742 1091 δὲ

160 1132 242 1198 ὡς
268 1133 452 1201 πάσης
500 1132 710 1202 σοφίας,
755 1133 856 1203 τῆς
897 1135 955 1186 ὲν
986 1132 1236 1202 ἀγγέλοις
1284 1128 1503 1202 δηλαδὴ,
1547 1130 1650 1202 τῆς
1685 1131 1743 1183 ὲν

161 1222 498 1296 ἀνθρώποις,
531 1224 709 1278 αἰτίαν
739 1225 836 1278 καὶ
867 1224 1008 1296 ὑπὲρ
1045 1227 1224 1279 πᾶσαν
1252 1223 1447 1291 σοφίαν
1490 1220 1585 1278 καὶ
1618 1220 1742 1274 σῦν-

162 1313 320 1368 θεσιν
349 1314 689 1386 ὑπεροῦσανο
720 1314 1104 1386 ἀσυλλόγιστον
1138 1314 1247 1387 γὰρ
1298 1314 1392 1369 καί
1422 1313 1665 1386 ἀπρεπὲς
1684 1309 1746 1364 τὸ

163 1407 454 1478 ποιητικόν
486 1424 630 1470 τινος
667 1401 1088 1472 εἶναιτοιοῦτον,
1109 1400 1220 1460 οἷον
1249 1407 1310 1460 τὸ
1358 1405 1590 1486 ποίημα.
1652 1400 1747 1459 Ἐκ

164 1501 300 1572 γοῦν
329 1501 428 1571 τῆς
465 1499 586 1554 καθ’
617 1501 764 1572 ἡμᾶς
791 1497 1002 1569 σοφίας,
1056 1497 1397 1572 ὐπεροχικῶς
1447 1500 1546 1571 τὴν
1598 1495 1756 1551 θείαν-

166 1591 365 1660 σοφίαν
381 1589 772 1662 κατανοοῦμεν,
799 1589 875 1654 ὡς
911 1592 976 1644 ἐκ
1004 1589 1112 1644 τῶν
1133 1587 1387 1644 αἰτιατῶν
1422 1589 1521 1660 τὴν
1542 1583 1745 1650 αἰτίαν,

164 1681 266 1737 καὶ
284 1673 384 1752 οὺχ
419 1680 604 1746 ἁπλῶς
651 1683 847 1747 αἰτίαν,
891 1681 1024 1736 ἀλλὰ
1072 1683 1168 1736 καὶ
1211 1679 1495 1754 ποιητικὴν
1527 1676 1747 1735 ἀίτίαν.

166 1775 246 1827 Οὐ
272 1773 384 1845 γὰρ
415 1773 769 1846 ὑπερπλήρης
802 1772 959 1845 μόνον
1001 1774 1118 1828 ἐστί
1144 1772 1242 1845 τῆς
1265 1771 1454 1841 σοφίας
1477 1770 1616 1838 κατὰ
1648 1771 1748 1852 τὴν

166 1863 412 1935 Γραφὴν,
434 1863 530 1916 καὶ
544 1863 652 1932 τῆς
665 1863 969 1930 συνέσεως
983 1863 1168 1918 αὑτοῦ
1185 1864 1293 1918 οὐκ
1307 1862 1476 1917 ἔστιν
1488 1862 1749 1932 ἀριθμὸς,

166 1955 310 2009 ἀλλὰ
338 1957 432 2010 καὶ
457 1950 710 2010 ἐπέκεινα
749 1957 927 2027 πάσης
956 1950 1313 2026 σοφίαςὲστί.
1346 1955 1516 2010 Τοῦτο
1551 1957 1750 2026 νοήσας

1844 1029 2270 1109 circu,quasisc
2292 1037 2731 1110 corrigens,ait:
2761 1037 2900 1106 Quin
2931 1038 3132 1108 potius,
3150 1049 3413 1110 tanquam

1845 1129 2022 1184 omnis
2063 1131 2339 1206 sapientiae
2370 1145 2490 1201 quae
2525 1130 2739 1186 scilicet
2768 1130 2820 1184 in
2853 1130 3062 1200 angelis
3100 1141 3156 1186 et
3182 1131 3418 1188 homini-

1847 1223 1952 1278 bus
1973 1229 2058 1278 est
2084 1216 2304 1285 causam
2327 1231 2382 1278 et
2409 1237 2572 1292 supra
2601 1235 2815 1278 omnem
2837 1221 3162 1291 sapientiam
3181 1234 3236 1280 et
3264 1240 3420 1281 com-

1847 1315 2169 1384 positionem
2190 1309 2520 1369 eminentem
2540 1327 2568 1380 ‘;
2628 1308 2772 1369 nulla
2804 1317 2949 1370 enim
3011 1317 3225 1372 ratione
3277 1331 3415 1372 con-

1849 1406 2162 1477 grueutiavc
2191 1397 2553 1472 concluditur,
2585 1420 2806 1460 causam
2833 1401 3138 1464 eliectivam
3182 1409 3417 1480 alicujus

1849 1493 2079 1548 similem
2107 1507 2226 1548 esse
2277 1488 2513 1549 effectui.
2567 1492 2645 1548 Ex
2678 1505 2865 1552 nostra
2913 1495 3097 1566 itaque
3150 1498 3417 1570 sapientia

1851 1586 2086 1643 divinam
2119 1587 2441 1653 sapientiam
2474 1603 2569 1658 per
2590 1599 2873 1646 exeessnm
2905 1586 3276 1662 intelligimus,
3308 1594 3421 1648 sic-

1853 1689 1912 1734 ut
1937 1689 2004 1735 ex“
2034 1677 2240 1736 eﬂ‘ectis
2289 1695 2532 1744 causam,
2566 1691 2620 1735 ct
2671 1697 2777 1756 non
2809 1682 3142 1753 vsimpliciter
3167 1699 3412 1748 causam,

1853 1773 1947 1827 sed
1979 1762 2195 1827 causam
2225 1769 2567 1828 elﬁcientem.
2625 1771 2741 1828 Non
2788 1773 2933 1829 enim
2962 1771 3228 1832 duntaxat
3253 1791 3430 1846 supra-

1855 1879 2016 1934 quam
2039 1861 2228 1932 plenus
2248 1873 2331 1919 est
2353 1863 2640 1935 sapientia,
2671 1863 2826 1932 juxta
2851 1861 3207 1936 Scripturam,
3235 1879 3289 1925 et
3329 1870 3417 1924 in-

1858 1954 2151 2025 telligentia
2175 1949 2289 2024 ejus
2313 1969 2416 2008 non
2433 1965 2512 2009 est
2530 1971 2773 2010 numerus
2787 1967 2834 2025 ι’,
2861 1972 3046 2014 verum
3069 1961 3230 2016 etiam
3252 1978 3418 2034 supra

169 2049 270 2105 καὶ
301 2049 331 2100 ό
373 2040 550 2120 μέγας
577 2048 808 2114 Παῦλος,
834 2049 862 2102 ὁ
885 2047 1059 2114 κοινὸς
1089 2048 1221 2120 ἐμοῦ
1252 2062 1312 2102 τε
1340 2046 1540 2102 καὶτοῦ
1574 2047 1744 2120 καθη-

1847 2059 2057 2100 omnem
2097 2044 2413 2107 sapientiam
2474 2043 2685 2100 existit.
2732 2045 2845 2102 Hoc
2899 2046 3207 2122 intelligens
3242 2031 3417 2110 etiam

167 2139 406 2210 γεμόνος
447 2140 705 2211 Ἱεροοέου
737 2139 905 2212 ἥλιος,
945 2141 1016 2193 Τὸ
1060 2138 1263 2209 μωρὸν
1297 2138 1403 2193 τοῦ
1439 2138 1606 2204 Θεοῦ,
1644 2154 1749 2192 σο-

168 2230 440 2302 φώτερον
469 2225 588 2286 τῶν
615 2230 938 2301 ἀνθρώπων
973 2232 1171 2302 ἔφησεν
1199 2225 1359 2297 εἶναι,
1390 2232 1450 2284 οὑ
1482 2227 1640 2302 μόνον
1666 2228 1747 2284 ὅτι

170 2318 574 2390 συγκρινομένη
603 2319 636 2388 ἠ
674 2316 915 2389 ἡμετέρα
940 2315 1140 2386 γνῶσις
1168 2316 1303 2387 πρὸς
1324 2314 1422 2386 τὴν
1461 2316 1609 2370 θείαν
1656 2311 1750 2370 καὶ

168 2407 414 2479 ἀπλανῆ,
439 2408 612 2480 πλάνη
642 2406 930 2477 λογίζεται,
961 2406 1075 2460 ἀλλ’
1099 2408 1181 2460 ὅτι
1211 2407 1305 2460 καὶ
1346 2404 1466 2472 ἔθος
1491 2405 1603 2471 τοῖς
1631 2406 1750 2460 θεο-

171 2500 378 2572 λόγοις,
403 2501 542 2555 κατά
560 2511 683 2554 τινα
699 2499 1059 2554 νάντιπάθειαν
1087 2498 1196 2552 τῶν
1221 2499 1524 2572 ἡμετέρων,
1560 2501 1624 2552 ὲκ
1649 2498 1751 2570 τῆς

172 2595 482 2665 στερήσεως
510 2588 846 2662 ἀποφάσκειν
864 2590 934 2644 τὰ
955 2589 1205 2653 Θεία,τῶν
1234 2590 1517 2663 ἡμετέρων
1551 2591 1750 2663 μᾶλλον

173 2686 242 2739 ὲκ
266 2683 377 2737 τῶν
406 2683 571 2751 ἕξεων
610 2684 1025 2755 ὀνομαζομένων
1045 2697 1063 2715 ο
1110 2680 1251 2735 οὕτω
1291 2681 1401 2754 γὰρ
1427 2681 1676 2754 δηλοῦται
1715 2684 1769 2754 ὴ⁴

174 2775 302 2831 θεία
333 2776 597 2849 ὑπεροχή.
626 2776 798 2830 Τοῦτο
816 2776 909 2831 καὶ
936 2775 1160 2848 δύναμιν
1183 2775 1513 2848 ὑπεροχικῆς
1540 2777 1752 2845 ἀποφά-

177 2885 320 2933 σεως
344 2870 404 2922 ὲν
425 2868 596 2940 ἑτέρῳ
622 2868 878 2942 εἴρηκενθ
910 2869 1096 2941 ἐπειδὴ
1125 2868 1235 2940 γὰρ
1263 2870 1413 2922 πᾶσα
1440 2867 1554 2932 ἕξις
1583 2870 1752 2942 ὑπερ-

172 2960 382 3035 οχικῶς
407 2960 721 3016 ἐλαττοῦται
772 2962 911 3034 πρὸς
949 2960 1018 3015 τὰ
1053 2962 1241 3015 ’ἐκεῖσε
1261 2999 1276 3023 ,
1304 2959 1391 3014 διὰ
1418 2959 1574 3014 τοῦτο
1608 2946 1754 3017 ἀντι-ί

178 3053 433 3126 στρόφως
487 3048 622 3124 πρὸς
661 3051 730 3106 τὰ
779 3051 1025 3124 ἡμέτερα
1067 3051 1128 3118 ὲξ
1182 3052 1506 3122 ἀποφάσεως
1562 3055 1747 3108 ἐκεῖνα

174 3144 449 3214 λέγονται.
500 3143 655 3196 Οῦτω
696 3143 793 3197 καὶ
843 3142 1072 3197 κένωσιν
1105 3142 1322 3213 λέγουσι
1347 3143 1446 3215 τὴν
1471 3144 1566 3199 τοῦ
1615 3144 1750 3199 Θεοῦ

179 3235 614 3308 δνανθρώπησιν,
645 3235 817 3289 καίτοι
845 3234 1026 3307 πλήρη
1043 3235 1444 3306 τυγχάνουσαν,
1473 3235 1671 3307 μᾶλλον
1694 3238 1751 3292 δὲ

180 3326 509 3399 ὕπερπλήρη
541 3327 634 3380 καὶ
660 3326 867 3395 σοφίας,
892 3326 1297 3398 καὶδυνάμεως,
1323 3329 1416 3381 καὶ
1447 3328 1716 3400 σωτηρίας
1733 3346 1747 3360 ·

179 3418 322 3474 ἀλλὰ
352 3419 445 3472 καὶ
492 3419 770 3472 ἀσθένειαν
815 3417 950 3472 Θεοῦ
975 3419 1038 3472 τὸ
1065 3418 1153 3472 διὰ
1199 3419 1431 3492 σταυροῦ
1474 3420 1753 3492 τρόπαιον.

181 3511 386 3566 Τοῦτον
427 3507 520 3565 οὖν
564 3509 656 3564 τὸν
680 3510 878 3583 τρόπον
906 3510 1001 3565 καὶ
1044 3512 1253 3583 μωρίαν
1269 3511 1403 3564 Θεοῦ
1437 3510 1535 3582 τὴν
1578 3512 1756 3565 πᾶσαν

187 3605 377 3675 σοφίαν
395 3604 496 3658 καὶ
511 3604 703 3679 ὲπιστή
713 3619 820 3675 μην
838 3603 1236 3677 ὑπεραίρουσαν
1254 3603 1507 3657 ἐκάλεσεν
1531 3605 1559 3657 ό
1601 3604 1754 3660 Ἀπό-

189 3695 394 3760 στολος,
448 3694 510 3747 τὸ
560 3693 880 3766 φαινόμενον
911 3696 1216 3767 παράλογον
1246 3696 1340 3750 καὶ
1368 3694 1565 3752 ἄτοπον
1605 3698 1753 3769 ἡμῖν,

183 3786 425 3859 δηλονότι
461 3784 580 3848 πῶς
605 3784 738 3850 Θεὸς
767 3787 826 3839 ὲν
853 3787 1018 3857 σαρκί
1039 3785 1112 3858 ,ἢ
1159 3786 1278 3850 πῶς
1336 3789 1660 3860 σωματικῶς
1698 3791 1758 3843 ὲν

184 3878 263 3951 τῷ
287 3877 503 3950 σταυρῷ
530 3877 813 3943 πέπονθεν,
861 3878 1150 3948 ἀναγαγὼν
1177 3882 1256 3945 είς
1279 3880 1377 3953 τὴν
1407 3882 1547 3955 ὑπὲρ
1579 3882 1758 3938 πάντα

185 3971 340 4041 λόγον
388 3969 641 4042 ἀλήθειαν
663 3986 677 4000 ·
714 3967 890 4038 λόγοις
921 3973 1030 4043 γὰρ
1057 3971 1156 4025 οὐκ
1184 3971 1250 4026 ἂν
1285 3969 1664 4046 ὲξομαλισθείη
1689 3975 1757 4028 δι’

179 4064 458 4136 αἰσθητῶν
481 4060 800 4127 ἀποδείξεων
824 4062 884 4116 τὸ
915 4065 1226 4136 μυστήριον,
1258 4064 1319 4120 οὐ
1343 4066 1756 4139 προηγουμένης

185 4156 286 4228 τῆς
333 4155 586 4218 πίστεως.
629 4151 808 4215 Ἀλλὰ,
851 4153 990 4226 ὅπερ
1035 4156 1131 4210 καὶ
1155 4158 1214 4211 ιν
1245 4155 1425 4222 ἄλλοις
1454 4157 1609 4230 ἔφην,
1665 4155 1757 4211 θέ-

186 4249 371 4312 λοντες
398 4249 613 4314 οἰκείως
641 4250 771 4320 ἡμῖν
794 4248 864 4304 τὰ
895 4249 1036 4322 ὑπὲρ
1072 4251 1221 4322 ἡμᾶς
1259 4251 1621 4324 ἐκλαμϐάνειν
1667 4255 1759 4323 ἐγ-

189 4338 590 4412 καλινδούμενοι
617 4343 737 4405 ταῖς
768 4340 1083 4413 συντρόφοις
1109 4335 1443 4415 αἰσθήσεσιν,
1461 4344 1758 4418 ἀπατώμε-

189 4433 258 4488 θα
276 4449 290 4463 '
342 4431 461 4486 δέον
486 4431 702 4495 εἰδέναι,
733 4433 815 4486 ὅτι
838 4433 868 4484 ό
906 4433 1028 4487 καθ’
1052 4434 1198 4506 ἡμᾶς
1225 4432 1350 4499 νοῦς
1379 4434 1491 4509 ἔχει
1537 4437 1635 4508 μὲν
1664 4439 1759 4494 καί

185 4525 415 4596 δύναμιν
436 4526 516 4588 εἰς
558 4524 620 4578 τὺ
670 4527 808 4579 νοεῖν
855 4523 924 4578 τὰ
975 4525 1162 4597 νοητὰ,
1207 4526 1409 4598 (νοερδς
1447 4527 1556 4599 γάρ
1611 4531 1759 4584 ἐστιν

187 4616 390 4682 ἁπλαῖς
436 4633 578 4671 τισιν
644 4614 920 4681 ἐπιϐολαῖς
991 4616 1085 4671 καὶ
1129 4602 1536 4683 ἀναποδείκτοις
1555 4617 1594 4689 ο)
1639 4619 1756 4673 ἀλλ’

1849 2150 2076 2206 magnus
2103 2133 2325 2199 Paulus,
2352 2135 2658 2190 communis
2689 2136 2779 2191 ille
2833 2152 2992 2194 meus
3015 2139 3228 2209 meique
3281 2157 3420 2212 prae-

1845 2227 2083 2297 ceptoris
2107 2226 2384 2282 ilierotliei
2417 2227 2519 2291 sol,
2549 2225 2689 2297 quod
2716 2227 2933 2302 stultum
2957 2241 3032 2285 est
3068 2229 3165 2286 Dei
3202 2234 3421 2302 sapien-

1846 2319 1950 2373 tius
1981 2333 2100 2374 esse
2141 2314 2281 2374 dixit
2319 2306 2616 2375 hominibus
2653 2328 2676 2360 ³
2704 2326 2832 2378 non
2867 2321 3040 2377 solum
3065 2324 3206 2393 quod
3234 2335 3421 2382 nostra

1847 2410 2093 2474 scientia,
2121 2424 2242 2464 cunt
2284 2409 2466 2464 divina
2513 2410 2606 2466 illa
2668 2426 2787 2481 qua:
2837 2428 3026 2469 errare
3071 2429 3178 2470 non
3236 2425 3418 2486 potest

1847 2512 2181 2570 comparata,
2223 2517 2381 2557 error
2409 2513 2708 2573 reputetur,
2739 2519 2929 2560 verum
2976 2506 3141 2562 etiam
3175 2509 3298 2578 quia
3329 2523 3420 2566 so-

1847 2597 2023 2650 lemne
2039 2604 2121 2649 est
2140 2595 2422 2665 theologis,
2450 2611 2546 2666 per
2568 2598 2856 2666 quamdam
2876 2612 3076 2674 .rcrum
3101 2611 3413 2658 nostrarum

1849 2685 2186 2741 aversiouem
2211 2701 2278 2740 ex
2315 2686 2618 2755 privatione
2653 2701 2741 2742 res
2789 2688 3004 2745 divinas
3047 2704 3144 2760 per
3175 2692 3418 2762 negatio-

1851 2791 1948 2832 nes
1979 2773 2322 2840 eﬂerrc,cum
2368 2790 2454 2832 res
2479 2785 2678 2832 nostra:
2705 2777 2888 2847 potius
2919 2790 2986 2833 ex
3016 2777 3295 2836 habilibus
3321 2795 3422 2838 no-

1849 2869 2162 2923 minentur:
2202 2869 2283 2924 sic
2304 2867 2448 2924 enim
2471 2869 2652 2924 divina
2699 2868 3022 2933 excellentia
3095 2871 3421 2931 manifesta-

1850 2967 1958 3012 tur.
1989 2959 2101 3014 lloc
2137 2959 2303 3015 etiam
2334 2961 2442 3015 alio
2471 2960 2589 3016 loco
2619 2961 2832 3017 vocavit
2861 2961 2968 3017 vim
2994 2965 3287 3033 quamdam
3318 2979 3416 3020 su-

1851 3046 2262 3120 perescellentis
2292 3051 2596 3120 negationis
2631 3067 2646 3118 ;
2679 3067 2802 3106 nam
2843 3067 2966 3108 cum
3001 3054 3178 3110 omnis
3201 3054 3421 3112 habitus

1851 3157 1947 3213 per
1967 3156 2246 3197 excessum
2285 3141 2642 3196 imminuatur
2668 3151 2919 3212 respectu
2953 3157 3145 3200 eorum
3175 3160 3295 3216 quas
3341 3146 3418 3204 ibi

1851 3241 1997 3297 sunt,
2034 3233 2235 3289 idcirco
2257 3235 2324 3289 ad
2352 3234 2744 3303 oppositionem
2771 3236 3092 3292 nostratium
3121 3237 3208 3293 illa
3239 3254 3305 3294 ex
3324 3255 3422 3296 ne-

1855 3325 2073 3394 gatione
2101 3324 2376 3380 dicuntur.
2432 3324 2527 3381 Sic
2564 3327 2726 3382 etiam
2748 3328 3180 3386 exinanitioncm
3220 3341 3422 3387 vocant

1859 3416 1951 3471 Dei
1986 3417 2434 3483 incarnationem,
2460 3419 2673 3491 tametsi
2723 3419 2878 3489 plena
2893 3419 3090 3488 luerit,
3122 3423 3229 3498 imo
3255 3422 3424 3498 ἥδε

1855 3519 2182 3576 supraquam
2251 3505 2432 3575 plena,
2472 3516 2577 3561 tam
2609 3509 2897 3576 sapientia,
2928 3525 3090 3581 quam
3131 3513 3328 3571 virtute
3355 3533 3423 3573 ac

1855 3597 2068 3663 salute;
2102 3595 2403 3668 quinetiam
2465 3599 2558 3654 Dei
2611 3599 3010 3668 inﬁrmitatem,
3066 3605 3254 3661 crucis
3302 3616 3421 3665 tro-

1854 3696 2027 3757 pteum
2103 3699 2320 3744 vocant.
2373 3689 2484 3744 llnc
2509 3689 2675 3762 igitur
2705 3695 2864 3748 modo
2918 3695 3084 3753 etiam
3130 3699 3418 3758 stultitiam

1854 3779 1972 3844 Dei,
2001 3793 2216 3839 omnem
2261 3778 2584 3862 sapientiam
2625 3790 2681 3837 et
2723 3784 3008 3846 scientiam
3062 3793 3420 3848 excedentem

1853 3869 2142 3943 Apostolus
2156 3870 2465 3944 appellavit,
2481 3871 2531 3928 id
2585 3873 2730 3944 quod
2757 3877 2926 3954 nobis
2947 3948 2950 3954 ι
2973 3879 3172 3937 rationi
3199 3893 3411 3938 contra-

1857 3963 1994 4018 rium
2018 3973 2073 4018 ct
2103 3963 2364 4019 absonum
2397 3964 2712 4034 videbatur;
2744 3951 2953 4026 scilicet
2979 3974 3254 4044 quomodp
3277 3969 3421 4032 Deus

1855 4057 1911 4112 in
1938 4069 2124 4120 carne,
2164 4055 2248 4112 vel
2275 4058 2543 4126 quomodo
2577 4063 2936 4130 corporaliter
2966 4066 3021 4120 in
3044 4081 3205 4124 cruce
3225 4083 3421 4140 passus

1856 4147 1947 4214 sit,
1998 4147 2272 4205 adducens
2295 4147 2363 4204 ad
2391 4151 2715 4220 veritatem,
2763 4171 2885 4227 qua
2935 4171 3152 4218 omnem
3195 4173 3423 4233 supcrat

1858 4241 2158 4304 rationem;
2191 4241 2514 4311 mysterium
2543 4243 2687 4299 enim
2734 4245 2838 4315 lioc
2877 4248 3162 4304 sensilium
3190 4253 3421 4307 demon-

1857 4331 2182 4387 strationum
2214 4333 2513 4389 rationibus
2548 4350 2656 4390 nou
2685 4338 3088 4407 explanabitur,
3131 4340 3236 4397 nisi
3282 4341 3420 4399 ilch

1857 4426 2147 4493 praecedat.
2163 4425 2271 4481 Sed
2294 4427 2436 4496 quod
2451 4428 2616 4493 etiam
2635 4426 2762 4484 alibi
2779 4429 2938 4496 dixit,
2958 4432 3003 4486 si
3018 4429 3249 4491 velimus
3268 4449 3423 4492 more

1860 4526 2044 4573 nostro
2070 4533 2132 4574 ea
2156 4535 2279 4590 qua:
2306 4534 2470 4588 supra
2487 4534 2588 4576 nos
2619 4532 2746 4577 sunt
2773 4517 3421 4593 accipechamiliaribus

1832 4609 2107 4666 'sensibus
2132 4609 2704 4683 iuvoluti,decipimur;
2723 4629 2844 4670 cum
2863 4616 3008 4673 scire
3027 4627 3297 4690 Oporteat,
3320 4635 3424 4676 no-

188 4709 374 4764 ἐκεῖνα
397 4708 467 4762 τὰ
497 4707 684 4779 νοητὰ,
722 4706 790 4760 τὰ
813 4709 879 4779 τῇ
909 4706 1136 4780 δύναμει
1158 4708 1258 4780 τῆς
1301 4707 1540 4781 νοήσεως
1584 4711 1749 4767 αὑτοῦ

1858 4715 2034 4761 stt-um
2057 4701 2401 4763 intellectum
2437 4705 2648 4763 habere
2683 4705 2902 4778 quidem
2946 4701 3061 4766 'vim
3089 4711 3422 4784 intelligendi

189 4800 544 4872 ἐπικείμενα*
589 4801 703 4863 τοῖς
743 4797 800 4852 δὲ
839 4797 1130 4864 ἐπέκεινα,
1169 4797 1271 4860 οὐκ
1310 4799 1376 4866 ἂν
1412 4788 1752 4857 ἐπιϐαλεῖται

189 4890 392 4956 ποσῶς,
441 4892 491 4945 εἰ
544 4889 618 4962 μὴ
644 4888 786 4943 κατά
815 4905 935 4942 τινα
971 4888 1162 4944 ἕνωσιν
1224 4890 1645 4965 ὑπεραίρουσαν,
1696 4885 1770 4951 ἐνί

187 4982 269 5056 τῷ
293 4983 507 5036 πάντων
526 4981 780 5052 ἐκστῆναι
814 4979 923 5033 τῶν
943 4979 1212 5052 αἰσθητῶν
1231 4997 1291 5034 τε
1317 4982 1410 5036 καὶ
1437 4983 1662 5060 νοητῶν,
1675 4984 1759 5040 ἔτι

188 5076 247 5131 δὲ
281 5072 376 5129 καὶ
401 5072 502 5142 τῆς
528 5071 732 5136 οἰκείας
756 5071 1038 5142 κινήσεως,
1057 5068 1310 5126 εἷθόὔτω
1334 5073 1435 5144 τῆς
1461 5073 1757 5146 θείαςγνὼ-

191 5182 332 5229 σεως
345 5162 538 5219 ἄκτῐνά
554 5177 675 5217 τινα
688 5161 956 5229 δέξασθαι.
977 5163 1204 5237 Ἕνωσιν
1223 5153 1280 5217 δέ
1308 5181 1470 5236 φησιν
1495 5166 1555 5220 οὐ
1572 5165 1668 5239 τὴν
1681 5167 1758 5234 ὡς

191 5257 261 5313 ἄν
274 5272 356 5320 τις
368 5254 510 5308 εἰποι
527 5252 670 5325 μίξιν
687 5254 779 5307 καὶ
790 5254 1050 5326 συναφὴν,
1063 5254 1091 5308 δ
1100 5254 1165 5326 δὴ
1177 5255 1269 5308 καὶ
1280 5255 1410 5310 αὐτὸ
1418 5255 1653 5327 λέγεται,
1668 5275 1765 5314 κα-

193 5346 304 5412 θὼς
317 5347 412 5402 καὶ
427 5344 633 5417 προϊὼν
641 5343 785 5414 λέγει
796 5346 825 5398 ό
840 5344 1010 5414 ἅγιος·
1032 5349 1216 5400 Ὀταν
1229 5350 1262 5400 o'
1272 5348 1416 5415 νοῦς
1429 5349 1624 5418 ἐνωθῇ
1635 5349 1762 5418 ταῖς

189 5438 550 5508 ὑπὲρλφύσιν
571 5435 825 5491 animi"
845 5433 959 5489 ἀλλ’
975 5429 1157 5508 ἐπειδὴ
1169 5435 1225 5490 ἀί
1241 5439 1448 5511 νοήσεις
1459 5441 1665 5496 κατεῖπε
1673 5442 1762 5515 ραί

191 5533 300 5587 εἰσι
313 5528 410 5584 τοῦ
425 5527 684 5591 νοοῦντος·
705 5526 798 5581 καὶ
815 5527 1113 5600 σκεδασμὸς
1139 5529 1360 5594 εἰκότως
1387 5531 1481 5585 καὶ
1498 5533 1761 5605 μερισμὸς

187 5621 293 5692 τῆς
315 5619 563 5691 ἑνότητος
577 5617 670 5672 τοῦ
685 5615 776 5672 νοῦ
788 5616 1014 5688 γίνεται,
1027 5617 1117 5672 ὅτε
1131 5622 1242 5674 νοεῖ
1256 5636 1330 5674 τι·
1347 5621 1436 5676 ὅτε
1450 5621 1504 5677 δὲ
1529 5623 1614 5693 ἐφ’
1635 5625 1762 5680 ἑαυ-

269 5767 292 5797 !
323 5757 412 5814 Ps.
436 5773 616 5826 chvt,
644 5759 700 5847 5,
787 5769 810 5798 ι
845 5756 864 5814 l
897 5757 1021 5818 Cor.
1057 5775 1098 5824 ι.
1130 5757 1219 5816 25.

1860 4816 1950 4857 res
1973 4803 2316 4860 intellectiles
2338 4811 2356 4874 (
2381 4804 2650 4876 siquidem
2683 4805 3041 4881 simplicibus
3095 4806 3423 4876 quibusdam

1862 4895 2214 4964 conceptibus
2245 4904 2302 4951 et
2329 4897 2900 4970 in‘denmnstrabilibus
2928 4895 3198 4969 intelligit)
3229 4913 3423 4966 verum

1863 4983 1982 5039 illas
2002 5000 2098 5040 res
2125 4984 2469 5042 lutcllectiles
2506 5003 2632 5065 qua:
2680 4988 2780 5044 sub
2810 4986 3150 5058 intelligendi
3180 4987 3301 5058 ejus
3336 4990 3422 5045 fa-

1862 5075 2119 5132 cultatem
2161 5079 2403 5151 cadunt;
2432 5093 2520 5135 res
2574 5090 2754 5136 autem
2793 5082 3104 5153 superiores
3145 5097 3424 5153 nunquam

1862 5167 2252 5238 appreliendet,
2284 5169 2388 5226 nisi
2427 5186 2533 5242 per.
2551 5172 2876 5237 eminentem
2924 5175 3212 5245 quamdam
3265 5175 3424 5238 unio-

1866 5274 1988 5314 nem
2039 5262 2258 5316 sensilia
2297 5256 2734 5336 intellectiliaque
2769 5275 2966 5321 cuncta
3009 5275 3172 5338 atque
3203 5267 3426 5338 insuper

1864 5359 2067 5406 motum
2099 5353 2372 5424 proprium
2415 5357 2664 5422 excedat,
2687 5368 2851 5428 atque
2893 5358 2968 5412 ita
2992 5358 3204 5414 radium
3234 5373 3426 5429 queui-

1862 5445 1983 5499 dam
2015 5445 2212 5501 divina:
2263 5436 2588 5519 cognitionis
2617 5450 2868 5520 accipiat.
2926 5449 3192 5507 Unionem
3241 5459 3422 5506 autem

1862 5551 1994 5604 non,
2018 5539 2177 5595 utita
2211 5541 2333 5609 quis
2361 5540 2531 5608 dicat,
2563 5543 2872 5600 mistionem
2903 5552 2960 5600 et
2992 5554 3306 5602 contactum
3329 5558 3425 5600 vo-

1860 5639 1973 5697 cat,
2003 5633 2146 5703 quod
2172 5633 2358 5709 utique
2378 5635 2543 5692 etiam
2566 5635 2786 5707 dicitur,
2816 5649 2874 5694 ut
2907 5652 3028 5694 cum
3049 5637 3104 5693 in
3131 5651 3424 5710 progressu

266 5872 381 5944 (ιδ)
419 5868 554 5930 Vide
611 5869 826 5928 Scholia
873 5868 930 5927 $.-
961 5869 1204 5942 Maximi,
1236 5880 1366 5931 tom.
1397 5873 1439 5932 ll
1468 5889 1584 5948 cap.
1619 5873 1649 5931 7
1680 5873 1757 5933 De
1786 5873 1946 5932 divin.
1971 5890 2109 5932 nam.
