4156 6312
784 364 889 422 879

1955 366 2013 422 S.
2054 366 2353 423 DlONYSIl
2386 366 2855 424 AREOPAGITIE

3933 368 4038 424 880

782 480 872 535 hic
926 488 1161 536 sanctus
1204 481 1327 536 ait:
1385 481 1611 546 Quando
1669 497 1814 538 mens
1866 485 2346 552 supernaturalibus

2458 484 2552 537 τοῦ
2579 483 2751 554 μένει,
2781 481 2993 555 ἀμερὴς
3022 484 3298 552 φαίνεται·
3326 481 3414 537 διὰ
3463 470 3619 537 τοῦτο
3638 483 3837 536 ἕνωσιν
3894 482 4041 550 λέγει

779 574 944 628 radiis
968 575 1117 628 unita
1152 572 1335 643 fuerit,
1384 575 1479 629 sed
1508 574 1761 642 quoniam
1779 576 2173 632 intellectiones
2211 579 2349 635 infe-

780 667 953 721 riores
990 676 1113 721 sunt
1144 665 1497 736 intelligente,
1525 674 1581 721 et
1606 667 1820 735 quando
1865 667 2067 737 aliquid
2098 669 2353 739 intelligi-

782 764 902 821 tur,
935 756 1321 811 veroslmiliter
1379 758 1543 811 etiam
1592 756 1783 813 divisio
1837 759 2084 829 quaedam
2136 762 2349 819 unionis

781 847 947 916 ipsius
995 849 1189 903 mentis
1227 848 1409 904 existit
1442 865 1455 913 ;
1499 850 1623 903 dum
1659 864 1787 905 vero
1834 851 1887 905 in
1912 864 1970 905 se
1995 852 2112 920 ipso
2139 863 2343 920 manet,

780 940 1040 995 intlivisus
1080 950 1351 1011 apparet:
1383 941 1586 997 idcirco
1640 942 1891 997 unionem
1938 954 2097 999 vocat
2149 956 2347 1001 statum

780 1028 927 1083 illum
958 1045 1116 1099 quem
1167 1034 1462 1086 secundum
1517 1048 1583 1088 se
1632 1034 1813 1087 unitus
1857 1033 2036 1102 habet,
2069 1036 2350 1106 arqualiter

2453 576 2554 647 τὴν
2582 575 2725 630 κατὰ
2775 576 2837 629 τὸ
2868 578 3067 629 ἐνιαῖον
3097 576 3286 629 ἑαυτοῦ
3323 575 3547 647 ἵδρυσιν,
3590 575 3891 647 προσϐαλεῖ
3934 576 4045 647 γὰρ

2457 669 2589 733 ἴσως
2630 671 2695 739 τῇ
2725 669 2853 740 περὶ
2895 667 3030 721 Θεοῦ
3082 654 3304 739 θεωρία,
3342 669 3401 721 οὑ
3434 666 3729 739 μερισθεὶς,
3772 668 3833 721 οὐ
3887 684 4043 737 κινη-

2454 762 2586 827 θεὶς,
2632 763 2693 816 οὐ
2742 763 2960 833 νοήσας,
3024 761 3138 814 ἀλλ’
3162 761 3297 825 ὅλως
3340 762 3479 815 κατά
3518 777 3636 814 τινα
3658 760 3878 831 άτρεμῆ
3925 761 4043 815 ἀκι-

2455 855 2645 926 νησίαν
2677 857 2734 908 ὲν
2791 854 2868 925 τῷ
2922 853 3088 917 ὅλους,
3127 852 3375 922 γίνεσθαι
3429 855 3577 923 ἡμᾶς
3621 851 3713 905 τοῦ
3765 851 3912 907 Θεοῦ
3959 854 4048 907 καὶ

2458 946 2533 1018 μὴ
2598 946 2802 1001 ἑαυτῶν
2830 963 2843 978 ο
2907 946 3048 1000 οὕτω
3089 945 3197 1017 γὰρ
3247 946 3345 1017 τὴν
3386 945 3533 999 θείαν
3592 945 3791 998 άκτίνά
3828 964 3925 1010 τις
3969 945 4045 999 δί-

2458 1040 2625 1105 ξεται.

778 1120 921 1173 enim
942 1135 999 1174 se
1021 1121 1253 1190 applicat
1278 1121 1471 1176 divina:
1500 1123 1941 1192 contemplationi
1975 1124 2260 1196 indivisus,
2290 1128 2565 1195 immotus,
2592 1144 2697 1184 non
2720 1127 3045 1199 intelligens,
3074 1128 3165 1183 sed
3196 1128 3730 1199 integre,secundum
3754 1131 4047 1199 quamdam

778 1212 1727 1282 intreutulamimmobilitatem,dum
1758 1218 1852 1272 toti
1885 1220 2042 1276 limus
2067 1221 2187 1280 Dei.
2222 1231 2398 1277 etnon
2418 1224 2626 1288 nostri;
2672 1223 2750 1277 sic
2794 1227 2935 1277 enim
2992 1222 3234 1275 divinum
3296 1223 3502 1276 radium
3549 1222 3745 1291 aliquis
3793 1223 4044 1292 accipiet.

851 1304 880 1377 ᾗ
912 1304 975 1359 ll.
1004 1306 1150 1359 lianc
1188 1306 1370 1376 itaque
1413 1310 1755 1379 sapientiam,
1804 1327 1924 1378 quae
1952 1328 2058 1368 non
2115 1314 2359 1369 admittit

778 1398 1041 1451 rationem
1077 1397 1522 1467 interpretantem
1548 1442 1563 1467 ,
1596 1416 1693 1455 nec
1725 1402 2055 1458 intellectum
2111 1419 2357 1474 compre-

780 1488 1127 1554 hendentem,
1151 1504 1251 1545 nec
1271 1490 1591 1560 sapientiam
1641 1497 2013 1551 enuntiantem
2038 1497 2168 1569 (hoc
2192 1511 2355 1553 sensu

776 1578 919 1632 enim
951 1587 1108 1633 vocat
1152 1579 1550 1646 irrationalem,
1589 1593 1647 1639 et
1711 1596 1979 1642 amentem
2026 1604 2091 1643 ac
2126 1588 2349 1644 stultam

778 1685 887 1726 non
943 1686 1039 1740 per
1076 1671 1439 1741 affectionem,
1467 1676 1562 1731 sed
1624 1692 1719 1745 per
1775 1686 2117 1749 negationem
2148 1690 2202 1736 et
2256 1697 2352 1752 per

778 1779 1069 1821 excessum
1095 1806 1111 1831 ,
1138 1782 1244 1821 non
1295 1777 1515 1836 propter
1560 1768 1882 1840 defectum),
1914 1787 2009 1841 per
2065 1787 2354 1828 excessum

778 1857 945 1928 igitur
967 1857 1113 1913 hanc
1148 1859 1427 1914 laudantes
1473 1861 1726 1925 dicimus,
1752 1864 1929 1917 omnis
1962 1866 2159 1920 mentis
2190 1878 2243 1920 et
2271 1882 2357 1920 ra-

2539 1314 2566 1386 §
2596 1316 2660 1367 II.
2689 1314 2905 1385 Ταύτην
2931 1314 3059 1382 γοῦν
3089 1313 3185 1384 τὴν
3218 1314 3429 1383 σοφίαν,
3479 1314 3577 1385 τὴν
3602 1314 3675 1385 μὴ
3736 1316 4046 1381 πεφυκυῖαν

2463 1406 2714 1472 δέξασθαι
2744 1404 2898 1475 λόγον
2938 1405 3349 1476 ἑρμηνευτικὸν,
3392 1404 3572 1475 ἦνοῦν
3614 1404 4045 1475 καταληπτικὺν,

2466 1497 2498 1568 ἦ
2532 1496 2725 1566 σοφίαν
2755 1495 3145 1567 ἐξαγγελτικήν
3174 1512 3186 1526 ·
3221 1495 3381 1566 (οὕτω
3410 1495 3518 1566 γάρ
3564 1494 3711 1564 λέγει
3733 1494 3795 1547 τὸ
3831 1495 4043 1563 ἄλογον,

2461 1589 2557 1641 καὶ
2581 1587 2739 1640 ἄνουν
2764 1628 2778 1651 ,
2810 1586 2904 1640 καὶ
2929 1587 3130 1657 μωρὸν,
3180 1588 3238 1639 οὐ
3270 1586 3406 1639 κατὰ
3432 1586 3684 1649 διάθεσιν,
3718 1586 3861 1641 ἀλλὰ
3911 1587 4047 1640 κατὰ

2457 1679 2844 1747 ἀπόφασιν,καὶ
2861 1676 3001 1731 κατὰ
3019 1676 3312 1748 ὑπεροχὴν,
3334 1678 3393 1729 οὐ
3410 1677 3547 1730 κατὰ
3564 1677 3799 1746 ἔλλειψιν
3821 1680 3864 1747 ·)
3884 1678 4048 1748 ὑπερ-

2461 1770 2657 1841 οχικῶς
2704 1766 2796 1823 οὖν
2822 1769 3026 1841 ταύτην
3065 1769 3376 1840 ὑμνοῦντες,
3417 1770 3666 1841 λέγομεν,
3713 1771 3797 1823 ὃτι
3844 1771 4045 1834 παντός

2460 1865 2577 1915 ὲστι
2606 1864 2699 1915 καὶ
2733 1862 2889 1931 λόγου
2920 1863 3013 1915 καὶ
3037 1863 3128 1915 νοῦ
3168 1863 3262 1916 καὶ
3318 1862 3497 1933 πάσης
3530 1862 3723 1931 σοφίας
3753 1863 3927 1925 αἰτία,
3954 1863 4047 1915 καὶ

781 1954 940 2009 tionis
960 1946 1245 2025 omnisque
1264 1957 1549 2027 sapientia:
1565 1972 1783 2013 causam
1808 1960 2066 2021 existere,
2096 1972 2151 2013 et
2183 1958 2346 2027 ipsius

2457 1958 2623 2028 αὐτῆς
2650 1960 2762 2009 ἐστι
2793 1958 2940 2009 πᾶσα
2975 1956 3136 2027 βουλὴ
3174 1957 3267 2009 καὶ
3320 1955 3551 2021 σύνεσις,
3586 1955 3725 2008 κατὰ
3769 1956 3852 2009 τό·
3899 1956 4043 2025 Ἑμὴ

777 2061 897 2101 esse
940 2032 1100 2101 omne
1128 2048 1410 2103 consilium
1436 2058 1490 2103 et
1519 2050 1829 2117 scientiam,
1848 2049 2002 2118 juxta
2026 2050 2155 2105 illud
2183 2068 2197 2103 :
2232 2049 2353 2105 Mea

778 2149 855 2195 est
888 2137 1132 2204 scientia,
1165 2158 1337 2195 meum
1368 2143 1491 2197 item
1536 2145 1813 2197 consilium
1841 2154 1889 2198 et
1922 2146 2177 2199 securitas
2208 2146 2269 2208 ¹;
2301 2156 2358 2199 et

778 2230 830 2282 in
857 2229 965 2296 ipsa
985 2223 1160 2283 omnes
1195 2230 1427 2284 thesauri
1462 2232 1733 2301 sapientiae
1752 2231 1913 2303 467
1944 2242 2065 2287 sunt
2092 2241 2141 2287 et
2174 2236 2356 2303 cogni-

778 2319 934 2372 tionis
960 2316 1256 2372 absconditi
1281 2331 1342 2384 ιι,
1394 2320 1692 2374 secundum
1722 2336 1973 2389 magnum
2007 2320 2350 2391 Apostolum.

778 2408 991 2463 Etenim
1028 2411 1171 2465 sicut
1211 2420 1410 2465 atterna
1449 2412 1746 2481 divinaque
1794 2414 1905 2468 vita
1958 2414 2354 2485 suppeditatrix

779 2501 921 2554 dicta
949 2511 1031 2555 est
1054 2504 1217 2556 etiam
1246 2501 1415 2572 ipsius
1438 2518 1533 2572 per
1567 2520 1625 2559 se
1656 2507 1795 2569 vitae,
1832 2517 1887 2560 et
1918 2516 2239 2561 eaaterarum
2272 2505 2353 2559 vl-

781 2603 955 2645 tarum
984 2593 1251 2659 omnium,
1292 2595 1369 2649 sic
1420 2596 1604 2664 utique
1652 2599 1817 2652 etiam
1867 2597 2236 2666 omnisapiens
2266 2612 2353 2651 sa-

778 2684 972 2749 pientia
1031 2686 1195 2755 ipsius
1225 2702 1441 2757 quoque
1471 2704 1566 2757 per
1590 2704 1647 2743 se
1696 2690 1977 2758 sapientia:
2023 2705 2213 2754 causa,
2245 2690 2353 2744 sci-

780 2775 907 2828 licet
934 2790 1032 2843 per
1064 2791 1122 2830 se
1151 2778 1266 2831 sive
1299 2779 1349 2831 in
1388 2793 1467 2842 se,
1497 2779 1722 2833 rationis
1762 2782 2041 2850 sapientia:
2068 2782 2352 2836 creatricis

777 2868 1061 2933 omnisque
1097 2870 1376 2938 sapientiae
1406 2869 1647 2924 ell'ectrix
1675 2873 1881 2937 existit,
1933 2887 1999 2927 ex
2038 2888 2145 2939 qua
2181 2872 2352 2928 intel-

780 2956 1041 3013 lectiOnes
1069 2959 1269 3014 habent
1294 2961 1635 3015 intellectiles
1656 2970 1709 3014 et
1729 2961 2087 3030 intelligentes
2119 2963 2349 3017 virtutes

2457 2048 2729 2112 σύνεσις,
2752 2043 2863 2115 ἐμὴ
2886 2044 3167 2113 δὲβουλὴ
3205 2045 3301 2099 καί
3330 2044 3659 2114 ἀσφάλειαο
3694 2046 3789 2098 καὶ
3816 2047 3879 2098 ὲν
3905 2047 4041 2117 αὐτῇ

2458 2135 2680 2202 πάντες
2727 2139 2781 2189 οι
2852 2133 3141 2204 θησαυροὶ
3200 2134 3309 2203 τῆς
3371 2137 3588 2206 σοφίας
3629 2136 3770 2199 εἰσὶ,
3802 2136 4043 2205 καὶτῆς

2456 2227 2731 2295 γνώσεως
2766 2227 3121 2295 ἀπόκρυφοι,
3173 2228 3311 2280 κατὰ
3350 2228 3439 2281 τὸν
3482 2228 3654 2298 μέγαν
3696 2227 4039 2281 Ἀπόστολον.

2456 2319 2566 2370 Καὶ
2581 2321 2689 2389 γὰρ
2720 2318 2907 2391 ῶσπερ
2928 2323 2960 2391 ή
2983 2320 3173 2374 αἰωνία
3202 2322 3295 2375 καὶ
3319 2320 3437 2374 θεία
3461 2321 3573 2393 ζωή
3595 2321 3896 2385 ὑποστάτις
3921 2321 4041 2375 ἐλέ-

2456 2426 2583 2478 γετο
2623 2410 2717 2464 καὶ
2752 2411 2921 2479 αὐτῆς
2964 2411 3063 2481 τῆς
3090 2412 3365 2483 αὑτοζωῆς
3422 2412 3514 2463 καὶ
3544 2410 3649 2463 τῶν
3670 2411 3875 2481 ἐτέρων
3895 2413 4039 2464 άπα-

2458 2503 2566 2556 σῶν
2587 2502 2759 2569 ζωῶν,
2791 2503 2931 2556 οὕτω
2949 2504 3014 2575 δὴ
3038 2506 3131 2558 καὶ
3158 2508 3189 2575 ή
3215 2504 3486 2572 πάνσοφος
3517 2503 3676 2571 σοφία
3695 2544 3709 2567 ,
3741 2504 3893 2556 αίτία
3923 2504 4041 2557 ἐστὶ

2455 2596 2548 2648 καὶ
2584 2596 2681 2665 τῆς
2710 2580 3052 2664 αὖτοσοφίας,
3085 2596 3327 2669 δηλονότι
3362 2595 3425 2648 δι’
3460 2593 3672 2658 ἑαυτοῦ,
3728 2596 3897 2665 ήγουν
3943 2596 4039 2649 τοῦ

2456 2690 2512 2739 ὲν
2536 2687 2684 2757 αὐτῷ
2710 2687 3097 2758 δημιουργικοῦ
3122 2688 3277 2755 λόγου
3303 2688 3398 2758 τῆς
3426 2687 3635 2756 σοφίας,
3670 2686 3765 2740 καὶ
3815 2688 4038 2757 ἁπάσης

2456 2781 2647 2849 σοφίας
2678 2782 2989 2847 ὑποστάτις,
3017 2782 3075 2847 ἐξ
3101 2777 3165 2851 ἦς
3192 2780 3371 2851 ἔχουσι
3397 2780 3494 2843 τὰς
3518 2782 3731 2850 νοήσεις
3757 2784 3812 2833 αἱ
3843 2780 4037 2851 νοηταί

2453 2899 2511 2934 τε
2542 2883 2635 2936 καὶ
2658 2883 2842 2953 νοεραὶ
2865 2882 2973 2936 τῶν
2994 2884 3239 2951 ἀγγέλων
3267 2881 3541 2953 δυνάμεις.
3594 2882 3797 2951 Νοεραὶ
3827 2884 3885 2934 αἱ
3930 2882 4034 2949 ὑφ·

2454 2975 2666 3044 ειμέναι
2698 2974 2806 3027 τῶν
2832 2975 2971 3044 ὑπὲρ
3000 2974 3189 3038 αὑτὰς,
3223 2975 3314 3026 καὶ
3356 2976 3526 3027 πᾶσαι
3552 2972 3684 3025 θεοῦ
3708 2990 3721 3002 ·
3756 2974 3945 3043 νοηταὶ
3979 2974 4035 3024 αἱ

777 3050 1115 3118 angelorum.
1171 3050 1535 3121 Intclligentes
1581 3062 1709 3107 sunt
1762 3050 2049 3107 inferiores
2095 3062 2345 3120 respectu

2451 3068 2703 3140 ὑπεράνω
2729 3069 2861 3139 πρὸς
2877 3067 2974 3131 τὰς
3000 3068 3296 3139 ὑφειμένας
3314 3109 3328 3130 ,
3369 3069 3462 3121 καὶ
3493 3069 3661 3119 πᾶσαι
3687 3067 3822 3136 πρὸς
3850 3068 3996 3135 ἡμᾶς
4017 3084 4029 3095 ’

777 3143 1220 3211 superiorum,et
1267 3159 1457 3198 omnes
1516 3154 1763 3212 respectu
1824 3144 1913 3198 Dei
1948 3161 1960 3196 :
2000 3144 2346 3200 iutellectlles

777 3242 899 3285 sunt
938 3233 1247 3300 superiores
1281 3243 1531 3302 respectu
1566 3232 1910 3298 inferiorum,
1950 3243 2002 3287 et
2034 3248 2223 3289 omnes
2253 3251 2346 3291 re-

777 3328 961 3389 spectu
993 3322 1165 3374 nostri
1194 3340 1207 3386 ;
1239 3336 1336 3375 nos
1355 3322 1498 3376 enim
1531 3322 1795 3375 duntaxat
1824 3338 2012 3377 sumus
2040 3322 2345 3394 intelligen-

778 3420 880 3473 tes,
910 3410 1035 3480 quia
1084 3426 1187 3465 non
1246 3412 1503 3465 habemus
1544 3410 1704 3465 aliam
1757 3412 2164 3483 intelligentiam
2207 3413 2346 3468 infe-

779 3503 973 3556 riorem
1007 3516 1104 3570 per
1132 3517 1292 3572 quam
1326 3503 1983 3573 intelligamur,siquidem
2017 3503 2346 3573 anima,qua

779 3611 875 3649 nos
901 3596 1166 3663 sequitur,
1204 3595 1536 3650 irrationalis
1562 3606 1645 3650 est
1674 3606 1730 3650 et
1765 3595 1961 3649 mentis
1990 3609 2209 3664 expers.
2235 3593 2345 3648 Ha-

778 3690 909 3742 bent
951 3687 1135 3756 itaque
1159 3688 1412 3743 cmlestes
1437 3687 1676 3744 Virtutes
1712 3688 2115 3743 intellectiones
2155 3702 2262 3742 non
2292 3688 2343 3742 in

778 3783 1153 3847 divisibilibus,
1188 3800 1284 3837 nos
1334 3793 1511 3840 autem
1566 3786 1619 3838 iu
1667 3785 2029 3839 divisibilibus
2086 3800 2345 3841 sensuum

780 3877 1175 3930 instrumentis.
1220 3866 1378 3932 Aliud
1432 3880 1577 3932 enim
1603 3879 1838 3948 auditus,
1893 3887 1947 3932 et
1973 3878 2119 3933 aliud
2173 3880 2343 3943 visus,

778 3976 831 4021 et
874 3968 951 4022 sic
986 3969 1050 4024 de
1085 3969 1230 4024 aliis.
1265 3971 1326 4024 Et
1352 3972 1418 4027 ab
1450 3972 1531 4026 his
1554 3972 1912 4027 divisibilibus
1942 3973 2233 4028 sensilibus
2272 3988 2350 4027 re-

781 4074 897 4112 rum
952 4061 1316 4131 cognitionem
1380 4063 1686 4134 recipimus,
1744 4072 1837 4119 aut
1884 4064 1939 4118 in
1995 4063 2348 4121 divisibilihus

775 4150 989 4220 quidem
1021 4166 1088 4205 es
1133 4162 1284 4221 parte
1305 4153 1747 4223 cogitationibus,
1782 4157 1877 4211 sed
1913 4171 1942 4210 a
1980 4156 2345 4212 divisibilibus

777 4242 1077 4311 disciplinis
1132 4258 1227 4297 seu
1278 4243 1582 4300 intellectus
1617 4246 1886 4317 objectis;
1921 4248 2024 4303 hoc
2051 4249 2194 4304 enim
2222 4257 2306 4303 est
2329 4281 2344 4307 9

774 4349 868 4400 per
888 4334 1261 4402 divagationes.
1309 4335 1425 4392 Non
1456 4339 1597 4394 enim
1631 4339 1792 4394 simul
1824 4340 2138 4411 disciplinas
2169 4344 2348 4414 perci-

2452 3163 2609 3232 ἡμεῖς
2630 3160 2737 3231 γάρ
2756 3162 2927 3232 νοερο)¹
2952 3160 3107 3231 μόνον
3131 3160 3315 3229 ὲσμὲψ
3351 3160 3468 3212 οὐδὲ
3497 3158 3606 3230 γάρ
3622 3158 3817 3228 ἔχομεν
3835 3156 4032 3226 ἑτέραν

2451 3254 2604 3325 ἡμῶν
2652 3254 2965 3325 κατωτέραν
3014 3254 3220 3325 νόησιν,
3258 3254 3325 3306 δι’
3380 3247 3446 3323 ἦς
3487 3251 3552 3304 ἂν
3602 3250 3955 3319 νοηθείημεν·
3997 3251 4032 3319 ή

2449 3346 2640 3415 ἄλογος
2688 3346 2797 3417 γὰρ
2829 3348 2923 3399 καὶ
2972 3348 3003 3416 ἡ
3047 3345 3207 3409 ἄνους
3236 3344 3381 3416 ψυχὴ
3421 3343 3540 3397 καθ’
3590 3345 3757 3414 ἡμᾶς.
3805 3343 4031 3412 Ἔχουσι

2448 3434 2576 3501 γοῦν
2604 3437 2657 3487 αί
2692 3435 2933 3505 οὐράνιαι
2956 3434 3210 3505 δυνάμεις
3255 3436 3353 3498 τὰς
3383 3436 3597 3505 νοήσεις
3635 3432 3734 3486 οὐκ
3778 3436 3836 3485 ὲν
3868 3449 4027 3503 μερι-

2453 3526 2629 3585 στοῖς·
2662 3526 2822 3594 ἡμεῖς
2875 3524 2984 3595 γάρ
3041 3526 3098 3575 ἐν
3144 3527 3417 3595 μεριστοῖς
3457 3527 3569 3585 τοῖς
3614 3523 4024 3593 αἰσθητηρίοις·

2451 3615 2576 3668 ἄλλο
2602 3614 2709 3687 γὰρ
2734 3614 2887 3686 ἀκοὴ,
2912 3617 3003 3667 καὶ
3033 3616 3222 3686 ἕτερον
3245 3615 3384 3685 ὄψις,
3419 3616 3512 3669 καὶ
3541 3614 3609 3667 τὰ
3637 3614 3774 3668 ἄλλα
3802 3615 4027 3685 ὁμοίως.

2450 3708 2557 3759 Καὶ
2597 3708 2705 3760 ἀπὸ
2753 3710 3022 3779 μεριστῶν
3072 3710 3178 3763 τῶν
3230 3710 3349 3761 κατ’
3398 3706 3536 3761 αὑτά
3585 3706 3885 3777 αἰσθητῶν,
3925 3709 4027 3780 τὴν

2448 3800 2555 3852 τῶν
2584 3800 2719 3853 ὅλων
2748 3801 2945 3870 γνῶσιν
2966 3801 3485 3872 ἀναλαμϐάνομεν,ἢ
3511 3803 3568 3853 ὲν
3596 3803 3872 3871 μεριστοίς
3900 3802 4023 3870 μὲν,

2448 3894 2557 3955 τοῖς
2583 3891 2721 3945 κατά
2752 3893 2914 3964 μέρος
2960 3893 3241 3963 νοήμασιν,
3297 3892 3405 3944 ἀπὸ
3455 3891 3723 3962 μεριστῶν
3780 3891 3856 3953 δὲ,
3911 3891 4023 3943 τῶν

2452 3985 2737 4056 μαθήσεων
2768 3986 2884 4055 ήτοι
2910 3985 3014 4037 τῶν
3030 3984 3348 4055 νοουμένωνο
3365 3982 3521 4036 τοῦτο
3542 3983 3648 4054 γάρ
3667 3985 3782 4036 ἐστι
3798 3983 3860 4035 τὸ
3877 3982 4023 4045 διεξ-

2449 4077 2682 4131 οδικῶν.
2727 4078 2836 4147 Οὐχ
2866 4078 2980 4147 ἅμα
3000 4077 3106 4148 γὰρ
3128 4078 3225 4141 τὰς
3264 4077 3525 4148 μαθήσεις
3552 4076 3916 4147 λαμϐάνομεν,
3936 4077 4020 4129 ἁλ-

2449 4170 2515 4223 λὰ
2547 4170 2720 4240 χρόνῳ
2746 4170 2837 4222 καὶ
2867 4170 3156 4240 μεριστῶς,
3181 4170 3247 4221 Αἱ
3276 4168 3331 4221 δὲ
3356 4168 3537 4239 νοεραὶ
3562 4167 3769 4235 φύσεις,
3787 4170 4015 4221 ἀκοινω-

2449 4264 2621 4334 νήτως
2640 4264 2775 4333 πρὸς
2792 4262 2858 4315 τὰ
2878 4262 3103 4316 τοιαῦτα
3121 4262 3297 4315 πάντα
3313 4261 3550 4332 ἔχουσαι,
3566 4262 3741 4331 ἑνιαίᾳ
3758 4263 3851 4314 καὶ
3874 4262 4013 4330 ἁπλῇ

2448 4355 2539 4426 νοή
2549 4372 2627 4407 σει
2654 4356 2749 4425 τῆς
2765 4354 3017 4426 ἀληθείας
3034 4354 3129 4425 τὴν
3147 4354 3345 4422 γνῶσιν
3362 4352 3841 4423 ἐπιλαμϐάνονται.
3870 4354 3940 4406 Τὸ
3960 4352 4012 4405 δὲ

776 4426 971 4495 pimus,
1002 4426 1098 4479 sed
1125 4435 1386 4498 tempore,
1436 4446 1499 4485 ac
1534 4431 1779 4489 divisim.
1825 4433 2186 4503 lntelligentes
2218 4449 2345 4489 vero

2451 4445 2551 4497 ὑπό
2571 4463 2711 4509 τινος
2749 4444 2947 4507 κοινοῦ,
2978 4443 3213 4497 τοιοῦτόν
3257 4446 3405 4496 ἐστιν
3426 4460 3438 4472 ·
3468 4445 3523 4497 αί
3560 4443 3689 4515 παρ’
3720 4445 3849 4513 ήμίν
3876 4444 4011 4510 γνὼ-

779 4526 1002 4581 natura:,
1051 4517 1253 4571 nullam
1286 4519 1341 4574 in
1374 4519 1455 4575 bis
1502 4523 1753 4576 otnnihus
1790 4524 2341 4580 communicationem

778 4608 1062 4673 habentes.
1089 4623 1191 4662 una
1213 4610 1550 4682 simplicique
1572 4614 1947 4670 intellectioue
1978 4617 2227 4673 veritatis
2251 4632 2343 4673 co-

776 4699 1015 4769 gnitione
1039 4701 1397 4758 illustrantur.
1422 4705 1554 4759 Illud
1608 4717 1810 4774 autem,
1859 4709 1959 4764 sub
1980 4709 2160 4779 aliquo
2192 4726 2339 4766 com—

779 4794 927 4848 muni
982 4805 1067 4849 est
1118 4796 1431 4863 ejusmodi:
1488 4806 1684 4853 nostrae
1726 4803 2125 4871 cognitionesa
2178 4806 2339 4860 rebus

775 4887 961 4943 divisis
990 4888 1231 4945 collectae
1254 4906 1538 4946 commune
1592 4892 1720 4961 quid
1772 4897 2122 4962 abstrahunt,
2187 4900 2338 4953 etab

774 4977 888 5043 illo,
953 4989 1206 5049 tauquam
1249 4984 1599 5053 praecognita,
1660 4985 1801 5040 aliud
1858 4988 1910 5041 in
1964 4989 2332 5057 cognitionem

772 5070 1091 5125 adducitur:
1125 5074 1377 5141 quoniam
1398 5074 1642 5144 ipsatmet
1668 5078 1828 5133 etiam
1857 5080 2183 5139 immediatte
2211 5095 2337 5149 pro-

773 5161 1067 5243 positiones
1112 5177 1174 5218 ac
1222 5164 1409 5233 prima:
1458 5167 1689 5235 species,
1734 5183 1841 5223 non
1898 5170 2059 5225 aliter
2114 5173 2336 5227 omnino

773 5255 933 5309 etiam
975 5257 1041 5311 ad
1068 5256 1579 5317 demonstrationem
1641 5264 1967 5330 conducent,
2020 5266 2124 5322 nisi
2167 5267 2331 5323 etiam

772 5350 899 5418 ipsa:
932 5366 997 5405 ex
1020 5352 1309 5409 sensilibus
1335 5353 1803 5427 divisibilibusque
1830 5361 2065 5416 motibus
2090 5360 2156 5417 ad
2180 5377 2336 5419 com-2

770 5458 932 5498 Illllne
974 5444 1251 5515 quidpiam
1291 5445 1495 5501 fuerint
1532 5458 1819 5506 revocataz.
1879 5450 2034 5507 Sicut
2079 5454 2225 5509 enim
2274 5455 2330 5511 in

769 5536 930 5602 bello,
952 5537 1078 5591 dum
1105 5535 1164 5593 lit
1193 5537 1338 5609 fuga,
1361 5539 1573 5595 sistitur
1608 5556 1770 5611 unus,
1791 5553 1847 5599 et
1876 5555 1997 5615 post
2022 5560 2142 5603 eum
2166 5546 2328 5614 alter,

768 5638 823 5683 et
851 5629 1063 5697 tertius,
1106 5640 1160 5686 et
1198 5630 1279 5687 sic
1315 5631 1382 5686 de
1416 5632 1654 5700 caeteris,
1693 5644 1748 5689 et
1778 5635 1859 5692 sic
1914 5637 2054 5697 forte
2081 5638 2318 5699 victores

899 5808 1060 5865 Prov.
1100 5823 1213 5876 \‘lll,
1250 5808 1337 5864 li.
1423 5821 1451 5851 ιι
1486 5810 1694 5869 Coloss.
1730 5828 1789 5881 ιι,
1826 5812 1875 5866 5.

2450 4556 2559 4603 σεις
2605 4540 2711 4592 ἀπὸ
2737 4537 2973 4609 μερικῶν
3002 4537 3379 4607 συναγόμεναι,
3425 4536 3601 4589 κοινόν
3643 4553 3696 4588 τι
3750 4534 4012 4587 ἀποκαθι-

2449 4631 2631 4695 στῶσι,
2660 4633 2753 4684 καὶ
2774 4631 2866 4684 ἀπ’
2882 4630 3110 4693 ἐκείνου,
3134 4628 3208 4692 ὼς
3238 4626 3797 4700 προσγινωσκομένου,
3834 4627 4010 4695 ἕτερον

2447 4726 2524 4787 είς
2574 4723 2773 4791 γνῶσιν
2800 4722 3089 4789 συνάγεται
3114 4736 3126 4750 ο
3159 4720 3253 4774 καὶ
3291 4718 3399 4791 γὰρ
3424 4719 3517 4770 καὶ
3553 4717 3713 4769 αὑταὶ
3742 4718 3796 4769 αἱ
3826 4716 4009 4786 ipsum

2446 4812 2753 4885 προτάσεις,
2768 4813 2859 4865 καὶ
2874 4810 3190 4882 άρχοειδεῖς,
3205 4810 3305 4861 οὐκ
3322 4807 3491 4870 άλλως
3510 4805 3687 4871 ἕξουσι
3708 4806 3767 4858 τὸ
3785 4804 4007 4857 καθόλου

2446 4908 2539 4959 καὶ
2575 4905 2634 4958 τὸ
2674 4908 2751 4967 είς
2779 4902 3046 4967 ἀπόδειξιν
3079 4900 3447 4972 εὔχρηστον,εί
3502 4897 3576 4970 μή
3618 4898 3710 4950 καὶ
3751 4892 3910 4951 αὗται
3954 4895 4007 4959 ἐξ

2442 4996 2708 5069 αἰσθητῶν
2742 4996 2833 5048 καὶ
2883 4992 3121 5065 μερικῶν
3156 4993 3419 5062 κινήσεων
3452 4988 3531 5053 είς
3583 5006 3635 5041 τι
3664 4987 3841 5040 κοινὸν
3874 5004 4005 5057 συμ-

2442 5085 2837 5158 περιληφθεῖεν.
2874 5086 2959 5147 Ὡς
2984 5082 3091 5153 γὰρ
3108 5085 3164 5135 ἐν
3192 5080 3432 5151 πολέμῳ,
3466 5079 3672 5151 τροπῆς
3692 5078 4000 5147 γενομένης,

2442 5173 2519 5244 εἷς
2546 5178 2695 5249 ἔστη,
2742 5176 2835 5230 καὶ
2893 5172 3193 5245 μετάὺτοῦ
3231 5172 3500 5243 δεύτερος,
3538 5169 3631 5223 καὶ
3659 5168 3842 5239 τρίτος
3866 5208 3879 5228 ,
3917 5168 4005 5220 καί

2444 5270 2696 5341 καθεξῆς,
2726 5270 2819 5323 καὶ
2838 5268 3007 5332 οὕτως
3032 5268 3160 5332 ἴσως
3196 5264 3581 5338 ἐπικρατοῦσιν
3607 5262 3653 5314 ol
3675 5261 3812 5323 τέως
3836 5276 4004 5328 παρα-

2440 5361 2767 5426 πεπονθότες
2792 5378 2805 5391 ·
2852 5361 2946 5414 καὶ
2996 5361 3087 5413 ἐπὶ
3122 5360 3220 5431 τῆς
3268 5357 3451 5426 κοινῆς
3505 5354 3756 5425 γνώσεως
3812 5350 4003 5423 μερικὰ

2440 5454 2531 5511 καὶ
2555 5451 2787 5522 αἰσθητὰ
2817 5452 3158 5521 συναγόμενα
3194 5450 3254 5503 τὸ
3278 5449 3453 5503 κοινὸν
3485 5445 3720 5501 ποιοῦσι.
3778 5442 3865 5512 Τῷ
3896 5441 4002 5512 γάρ

2438 5547 2662 5611 πολλοὺς
2701 5546 2955 5611 πολλάκις
2989 5546 3157 5617 ὁποίῳ
3175 5545 3239 5619 δή
3262 5562 3366 5599 τινι
3393 5545 3525 5614 πυρὶ
3560 5540 3873 5611 πλησιάσαι,
3914 5537 4002 5588 καὶ

2429 5638 2817 5711 θερμανθῆναι,
2859 5640 2893 5710 ή
2930 5638 3193 5710 καθολικὴ
3215 5636 3503 5706 ἐπεγένετο
3539 5625 3758 5704 γνῶσις,
3784 5632 3864 5684 ὅτι
3897 5629 4002 5681 πᾶν
