4156 6312
183 409 291 468 88!

752 407 844 463 DE
879 409 1131 467 DlVlNIS
1162 410 1557 480 NOMINIBUS,
1590 414 1744 470 CAP.
1780 413 1894 472 "ll.
1925 445 1997 456 —
2020 415 2365 472 PARAPHR.
2391 415 2858 476 PACHYMERIE.

3313 420 3420 478 882

172 524 292 597 πῦρ
307 524 681 599 θερμαίνεισέξ
694 521 755 582 οὗ
772 526 954 582 κοινοῦ
977 530 1449 602 συμπεριεχομένη
1464 532 1498 604 ἠ
1515 531 1742 604 ἡμετέρα

1858 533 2094 588 evadunt
2123 534 2215 604 qui
2247 546 2376 590 ante
2410 534 2864 600 succumbebaut;
2898 534 3228 591 similiterin
3276 551 3418 592 com-

168 618 406 682 διάνοια,
438 618 623 691 ἕτερον
649 620 908 690 μανθάνει
921 620 988 674 δι’
1018 621 1357 694 αὐτοῦ,ὃπερ
1371 623 1579 685 ἐπὶτῶν
1590 623 1751 693 ἀγγέ-

168 706 286 763 λων
301 709 400 762 οὐκ
432 707 597 763 ἔστιν’
616 707 749 763 ἀλλὰ
775 709 975 774 παντὸς
989 708 1197 775 ὐλικοῦ,
1217 710 1456 782 δηλονότι
1470 710 1747 783 αἰσθητοῦ,

167 801 273 855 καὶ
301 799 537 872 πλήθους
567 801 808 874 μερικῶν
837 819 998 858 τινων
1035 802 1288 872 γνὼσεων
1322 803 1746 876 καθαρεύοντες,

167 888 424 953 ὲνοειδῶς
438 889 539 960 οὐχ
561 889 773 944 ἅπαντα
790 888 858 944 τὰ
875 891 993 946 θεῖα
1006 891 1236 957 νοοῦσιν,
1268 892 1381 947 ἀλλ’
1396 894 1497 948 ὅσα
1513 894 1748 948 νοεῖσθαι

165 976 386 1042 τούτοις
412 978 708 1047 πεφύκασι,
730 979 816 1033 διὰ
848 980 946 1052 τὴν
976 981 1084 1034 ἀπὺ
1117 981 1254 1035 Θεοῦ
1285 983 1422 1053 πρὸς
1445 983 1645 1046 αὐτοὺς
1672 982 1751 1036 Ελ-

166 1064 402 1138 λαμψιν,
430 1061 575 1141 ᾗτινι
595 1070 688 1123 καί
712 1070 1182 1140 καταγλατζονται,
1209 1073 1453 1145 καὶπρὸς
1471 1073 1534 1126 τὸ
1553 1075 1750 1128 ὲνιαῖον

163 1157 592 1216 ἀνατυποῦνταιο
622 1159 782 1216 τοῦτο
798 1161 907 1233 γάρ
937 1164 1082 1218 ἐστιν
1101 1163 1281 1217 αὐτῶν
1297 1164 1358 1217 τὸ
1372 1164 1622 1228 θεοειδές.
1651 1164 1751 1220 Διά

164 1249 378 1320 ταύτην
399 1250 496 1322 τὴν
521 1251 670 1306 θείαν
694 1254 882 1322 σοφίαν
897 1254 992 1309 καὶ
1006 1258 1060 1308 αἰ
1075 1254 1243 1326 ψυχαὶ
1269 1256 1329 1309 τὺ
1350 1256 1567 1326 λογικὸν
1594 1256 1747 1328 ἔχου-

166 1355 251 1393 σι.
302 1341 402 1394 Διά
431 1341 558 1395 τίδὲ
583 1343 642 1396 οὐ
670 1344 731 1396 τὸ
764 1345 976 1414 νοερὸν
1006 1343 1159 1399 εἶπεν
1177 1386 1192 1411 ,
1225 1346 1361 1401 ἀλλά
1394 1347 1455 1401 τὸ
1483 1349 1747 1418 λογικὸν,

166 1431 204 1502 ἢ
254 1432 410 1503 δῆλον
441 1435 506 1486 ὲκ
541 1433 635 1486 τοῦ
669 1434 1083 1500 πλεονάζοντοςο
1143 1437 1319 1492 πάντα
1356 1438 1465 1511 γὰρ
1498 1439 1566 1494 τὰ
1621 1442 1749 1512 τῇδε

163 1523 274 1576 ὅσα
299 1523 504 1577 οἴδασιν
535 1528 589 1581 αἰ
643 1525 812 1597 ψυχαὶ
852 1527 1157 1595 διεξοδικῶς
1195 1529 1262 1582 δι’
1294 1531 1638 1597 ἀποδείξεων,
1670 1533 1749 1586 ἔτι

163 1613 230 1667 δὲ
282 1616 376 1668 καὶ
404 1615 491 1669 διὰ
535 1617 775 1689 μερικῶν
803 1619 1106 1690 αἰσθήσεων
1127 1621 1328 1676 οἴδασι.
1379 1624 1459 1677 Τὰ
1481 1624 1537 1678 δὲ
1585 1625 1749 1696 νοητὰ

163 1707 286 1758 νοεῖ
324 1705 523 1777 ἡψυχὴ
545 1708 603 1760 οὑ
637 1708 771 1762 καθὸ
811 1709 955 1782 ψυχὴ
1003 1710 1157 1779 λόγον
1199 1713 1416 1784 ἔχουσα,
1449 1715 1585 1770 ἀλλά
1615 1716 1750 1770 καθὸ

163 1795 298 1860 νοῦς
319 1815 332 1827 ⁸
383 1799 502 1852 τότε
542 1798 650 1872 γὰρ
675 1797 815 1855 οἶδεν
841 1805 870 1856 6
914 1803 1036 1867 νοῦς
1067 1804 1135 1857 τὰ
1160 1805 1345 1876 νοητὰ,
1375 1809 1464 1860 ὅτε
1490 1809 1562 1880 μὴ
1589 1809 1748 1879 μόνον

163 1887 283 1941 τῶν
308 1889 598 1960 αἰσθητῶν,
623 1891 756 1945 ἀλλὰ
805 1894 897 1946 καὶ
939 1895 1036 1965 τῆς
1081 1893 1260 1966 ψυχῆς
1289 1897 1382 1950 καὶ
1428 1897 1619 1950 ἑαυτοῦ
1643 1897 1750 1961 ἐξί-
1780 1886 1821 1940 Β

165 1998 384 2036 σταται.
419 1984 590 2037 Τοῦτο
631 1984 782 2056 δηλοί
814 1987 908 2040 καὶ
931 1987 959 2038 6
988 1987 1128 2050 θεῖος
1166 1987 1503 2052 Ἀπόστολος,
1547 1989 1608 2042 Ὃ
1633 1993 1750 2058 ψυ-

161 2073 340 2139 χικὸς
377 2073 706 2141 ἄνθρωπος,
733 2076 926 2146 λέγων,
965 2081 1036 2132 οὑ
1070 2078 1304 2148 δέχεται
1330 2080 1409 2133 τὰ
1423 2081 1528 2135 τοῦ
1566 2083 1747 2136 πνεύ-

153 2178 372 2231 ματος.
438 2163 839 2219 Ἀπολείπονται
879 2163 972 2220 οὖν
1002 2171 1057 2223 αἰ
1086 2168 1253 2240 ψυχαὶ
1280 2170 1388 2224 τῶν
1423 2172 1636 2226 ὲνιαίων
1655 2175 1748 2227 καί.

159 2252 475 2322 ἅγγελικῶν
500 2255 635 2310 νοιῖιν
674 2255 753 2327 τῷ
815 2259 1042 2331 ποικίλῳ
1092 2261 1185 2314 καί
1221 2261 1461 2332 μεριστῷ
1482 2264 1580 2333 τῆς
1610 2281 1747 2318 παν-

157 2344 434 2409 τοδαποῦς
458 2346 728 2415 γνώσεως.
768 2345 922 2415 Εἶτα,
952 2351 1138 2424 ἐπειδὴ
1167 2355 1223 2405 αἰ
1260 2353 1401 2406 κατά
1443 2353 1543 2417 τὰς
1570 2355 1745 2426 ψυχὰς

158 2435 421 2505 γνώσεις,
451 2438 538 2492 διὰ
561 2438 717 2508 λόγου
741 2441 1042 2512 γινόμεναι,
1073 2445 1154 2507 εἰς
1175 2445 1236 2498 τὸ
1263 2444 1319 2498 ἓν
1349 2446 1744 2505 συνελίττονται

161 2527 349 2598 (τοῦτο
369 2529 478 2600 γάρ
510 2532 625 2584 ἐστι
653 2532 747 2585 καὶ
799 2532 859 2585 τὸ
895 2537 1007 2588 καθ
1028 2535 1040 2554 ’
1068 2535 1213 2589 αὐτὸ
1253 2539 1347 2590 καὶ
1376 2537 1436 2589 τὸ
1482 2541 1744 2594 καθόλου

159 2618 280 2687 τῆς
318 2621 682 2688 ἀποδείξεως
702 2624 741 2696 ·)
771 2624 1044 2690 ἀξιοῦνται
1076 2629 1170 2681 καί
1190 2631 1245 2681 αἰ
1268 2629 1438 2701 ψυχαὶ
1456 2631 1564 2685 τῶν
1594 2634 1745 2702 ἰσαγ-

159 2708 361 2778 γέλων.
428 2710 526 2764 Διά
593 2713 749 2767 τοῦτο
774 2755 790 2779 ,
837 2715 1026 2788 νόησαι
1077 2714 1267 2772 δὲ’καὶ
1305 2719 1543 2784 ὲνιαίως,
1574 2721 1649 2786 ὡς
1677 2721 1744 2775 ἂν

160 2799 313 2853 είποι
359 2816 462 2867 τις,
496 2803 736 2858 νοοῦσιν⁶
771 2806 804 2876 ἢ
832 2808 926 2860 καὶ
967 2807 1160 2873 ἄλλως,
1208 2811 1297 2862 ὅτε
1331 2811 1403 2882 μὴ
1431 2811 1516 2865 διὰ
1561 2812 1740 2881 λόγου,

160 2891 304 2946 ἀλλὰ
330 2894 396 2946 δι’
411 2895 669 2950 ἐπιπόνου
705 2897 800 2952 καὶ
823 2901 940 2952 κατ’
969 2900 1166 2972 ἀρετὴν
1194 2901 1379 2968 ἕξεως,
1403 2903 1430 2955 ὂ
1451 2904 1542 2957 καὶ
1571 2908 1744 2975 κρεῖτ-

159 3001 280 3046 τον,
321 2987 400 3046 εἰς
447 2986 506 3039 τὸ
535 2989 735 3041 ἐνιαίον
789 2990 888 3060 τῆς
918 2991 1169 3060 γνώσεως
1224 2993 1514 3063 φθάνουσι⁸
1562 2996 1745 3066 καθὼς

161 3073 314 3128 ἔστιν
334 3076 459 3130 ἰδεῖν
478 3080 535 3130 ὲν
560 3082 670 3143 τοῖς
687 3081 940 3150 μεγάλοις
962 3082 1056 3135 καὶ
1091 3082 1253 3147 θείοις
1270 3087 1537 3157 πατράσιν
1565 3089 1597 3158 ἡ
1606 3086 1740 3157 μῶν,

157 3170 279 3229 τοῖς
307 3167 379 3238 μὴ
404 3169 511 3222 ἀπὸ
542 3170 852 3242 μαθήσεως,
879 3173 993 3226 ἀλλ’
1023 3173 1130 3227 ἀπὸ
1157 3175 1524 3247 καθαρότητος
1552 3177 1651 3249 τῆς
1674 3179 1741 3232 δι’

160 3258 386 3330 ἀρετὴν,
418 3264 498 3326 εἰς
544 3263 784 3332 μεγάλας
834 3264 1066 3336 θεωρίας
1107 3266 1342 3332 ἐλθοῦσι,
1391 3273 1484 3323 καὶ
1514 3276 1742 3340 γνώσεις

160 3349 495 3423 θειοτέραςῆ
531 3354 671 3406 κατά
697 3355 1001 3427 ἄνθρωπον.
1036 3357 1155 3412 Ἔτι
1184 3361 1282 3412 οὐκ
1306 3359 1371 3414 ἂν
1409 3363 1628 3436 ἁμάρτῃ
1658 3381 1742 3428 τις

160 3442 260 3495 καὶ
309 3443 437 3513 περὶ
473 3444 580 3498 τῶν
625 3446 929 3518 αἰσθήσεων
959 3450 1395 3522 ἀποφηνάμενος,
1443 3455 1523 3508 ὅτι
1554 3455 1740 3508 τελευ-

156 3532 613 3620 ταῖονᾉάπήχημα
652 3537 752 3606 τῆς
779 3537 928 3602 θείας
959 3540 1151 3608 σοφίας
1205 3543 1344 3595 εἰσίν
1365 3561 1376 3573 ·
1422 3544 1604 3615 ἔχουσι
1631 3548 1740 3620 γὰρ

161 3623 260 3675 καὶ
281 3618 437 3677 αὗται
481 3624 592 3689 ἕξιν
633 3627 754 3680 τινὰ
798 3629 1188 3703 ἀντιληπτικὴν
1217 3633 1327 3691 τῶν
1370 3618 1740 3707 ὑποκειμένων

161 3715 260 3767 καὶ
292 3717 614 3788 γνωστικὴν,
647 3720 696 3771 εἰ
736 3721 830 3773 καί
863 3724 1192 3792 σωματικῶν
1242 3727 1630 3799 αἰσθητηρίων,
1669 3730 1738 3782 δι’

161 3799 240 3859 ὧν
270 3807 368 3877 τῆς
400 3807 576 3879 ψυχῆς
601 3809 944 3881 παρακύψαι,
974 3814 1263 3868 ἐνδέονται.
1304 3820 1362 3869 Oi
1384 3817 1440 3869 δὲ
1464 3818 1735 3889 δαίμονες,

160 3898 298 3951 καθὸ
337 3898 459 3953 νοῦν
488 3899 582 3952 καὶ
614 3901 768 3954 αὐτοὶ
802 3901 1034 3973 ἔχουσιν,
1058 3908 1122 3959 ὲκ
1149 3907 1250 3977 τῆς
1275 3909 1466 3978 σοφίας
1483 3908 1577 3962 τοῦ
1601 3910 1735 3964 Θεοῦ

159 3989 349 4042 τοῦτον
375 3990 663 4062 κέκτηνται
683 4009 694 4022 ·
737 3993 1100 4066 ἀλογήσαντες
1118 3997 1193 4062 δὲ,
1229 4001 1321 4052 καὶ
1354 3999 1428 4070 μὴ
1458 4000 1738 4071 μείναντες

158 4080 298 4152 ὅπερ
321 4076 482 4152 ἦσαν,
506 4081 777 4136 ἔκπτωσιν
795 4085 986 4155 σοφίας
1011 4087 1210 4158 μᾶλλον
1236 4089 1554 4159 ὑπέμειναν.
1590 4090 1738 4160 Ἐφί-

160 4187 281 4223 εται
309 4171 408 4241 μὲν
431 4171 539 4242 γὰρ
570 4172 629 4237 ἐξ
654 4172 878 4241 ἀλογίας
901 4176 996 4229 καὶ
1019 4176 1160 4230 θέλει
1185 4179 1245 4230 τὸ
1267 4179 1470 4232 ἰσόθεον
1495 4181 1522 4232 ὁ
1549 4181 1738 4253 δαιμό-

160 4275 272 4322 νιος
301 4259 443 4324 νοῦς,
465 4263 565 4315 οὐκ
600 4258 705 4315 οἶδε
731 4264 788 4317 δὲ
813 4266 960 4329 ὅπως
988 4267 1177 4321 τούτου
1221 4272 1404 4340 τυχεῖν
1426 4270 1650 4336 ἔνεστιν,
1673 4274 1734 4326 οὐ

160 4347 341 4417 φύσει,
361 4350 546 4405 παθὼν
559 4352 655 4424 τὴν
671 4353 908 4423 ἄγνοιαν,
927 4356 1040 4410 ἀλλ’
1058 4359 1316 4423 ἑκουσίως
1331 4361 1389 4413 τὸ
1406 4362 1556 4434 παρὰ
1577 4361 1735 4431 φύσιν

159 4439 314 4510 αἰρού
322 4457 499 4510 μενος.
525 4444 684 4497 Ὥστε
701 4448 793 4500 καὶ
813 4448 933 4500 ἐπεὶ
948 4448 1115 4520 ὴλογη
1124 4449 1282 4521 μένος
1300 4453 1444 4504 ἐστὶν
1461 4453 1489 4505 6
1505 4452 1612 4505 τῶν
1628 4454 1737 4506 δαι-

1852 624 1998 678 muni
2050 625 2401 695 cognitione,
2456 626 2749 682 divisibilia
2810 620 3138 696 sensiliaqtue
3190 625 3416 682 collec'a

1850 732 2138 775 commune
2183 721 2311 786 quid
2368 719 2598 775 iaciunt.
2680 718 2815 774 Nam
2853 735 2918 776 ex
2961 735 3026 776 eo
3068 722 3215 790 quod
3263 719 3415 774 multi

1849 809 2164 882 frequenter
2182 811 2249 865 ad
2282 810 2459 881 ignem
2495 810 2727 881 aliquem
2781 814 3107 868 accedentes
3165 811 3415 867 calefacti

1849 903 1976 970 sint,
1999 902 2276 958 communi
2313 903 2504 959 notitia
2537 913 2822 973 acceptum
2847 907 2975 968 est,
2999 918 3212 959 omnem
3237 903 3415 975 ignem

1849 996 2168 1058 calefacere,
2201 1011 2309 1067 qua
2362 995 2635 1053 communi
2670 996 2863 1052 notitia
2917 995 3211 1051 informata
3264 1011 3418 1053 mens

1850 1097 2063 1152 nostra,
2079 1099 2149 1140 ex
2171 1100 2234 1140 ea
2261 1086 2539 1157 quidpiam
2566 1084 2710 1148 aliud
2732 1084 2930 1151 discit;
2955 1085 3101 1155 quod
3130 1101 3236 1141 non
3256 1085 3419 1141 habet

1849 1183 2026 1240 locum
2067 1184 2120 1239 ln
2161 1183 2366 1253 angelis
2399 1205 2412 1240 :
2442 1184 2540 1240 sed
2589 1185 2657 1241 ab
2700 1185 2849 1239 omni
2888 1184 3183 1252 materiali,
3220 1185 3278 1240 Μ
3331 1194 3418 1241 est

1850 1279 2089 1336 sensibili
2128 1267 2485 1334 dlvisibilium
2536 1279 2819 1335 notionum
2876 1278 3223 1335 multitudine
3271 1280 3420 1350 puri,

1851 1376 2195 1431 uniformiter
2247 1390 2335 1430 res
2374 1373 2608 1437 divinas,
2633 1370 2923 1444 mnon
2957 1385 3147 1430 omnes
3176 1371 3415 1442 quidem,

1849 1469 1942 1524 sed
1971 1484 2107 1539 quas
2135 1481 2230 1523 eos
2259 1482 2416 1523 nosse
2447 1465 2530 1521 las
2557 1473 2661 1531 est,
2692 1480 2789 1533 per
2815 1464 3056 1519 divinam
3092 1464 3419 1520 illustratio-

1852 1573 1974 1614 nem
2003 1558 2332 1630 intelligunt,
2384 1575 2491 1630 qua
2541 1555 2885 1612 illustrantur
2940 1565 2996 1611 et
3029 1559 3097 1613 ad
3147 1556 3419 1612 unitatem

1851 1651 2241 1707 informantur:
2263 1651 2314 1706 in
2341 1653 2441 1708 hac
2459 1653 2602 1708 enim
2625 1653 2725 1706 sita
2745 1661 2826 1707 est
2843 1665 3031 1706 eorum
3053 1641 3418 1706 deiformitas.

1852 1742 1956 1797 Per
1979 1744 2119 1797 hanc
2138 1759 2355 1813 quoque
2385 1743 2624 1798 divinam
2664 1742 2984 1810 sapientiam
3026 1741 3190 1796 etiam
3224 1741 3422 1795 anima:

1851 1844 2206 1900 ratiocinandi
2230 1845 2339 1898 vim
2363 1844 2633 1899 obtinent.
2683 1844 2794 1900 Cur
2821 1853 3005 1898 autem
3057 1858 3164 1897 non
3209 1842 3417 1915 νοερόν,

1849 1953 1943 1992 seu
1965 1937 2312 2008 intelligendi,
2341 1937 2434 1992 sed
2457 1933 2694 2005 λογικόν,
2720 1934 2772 1988 id
2805 1942 2885 1988 est
2928 1934 3283 1988 ratiocinandi
3311 1933 3417 1987 vim

1849 2029 2070 2094 dixerit,
2094 2044 2160 2084 ex
2207 2029 2506 2083 abundanti
2559 2025 2904 2082 manifestum
2935 2026 3026 2091 lit;
3058 2025 3238 2080 omnia
3271 2026 3418 2082 enim

1847 2136 1967 2192 qua:
1992 2120 2079 2177 hic
2105 2122 2302 2176 animae
2345 2130 2565 2187 norunt,
2602 2135 2701 2191 per
2725 2118 2877 2174 fusas
2926 2119 3167 2172 rationes
3215 2131 3278 2171 ac
3323 2116 3420 2171 de-

1848 2214 2291 2279 monstratioues,
2318 2214 2564 2283 quinimo
2589 2211 2754 2266 etiam
2777 2225 2878 2279 per
2913 2210 3251 2264 sensationes
3272 2208 3416 2262 divi-

1849 2306 2035 2361 sibiles
2068 2305 2390 2375 percipiunt.
2448 2303 2790 2360 lntellectilia
2821 2316 2950 2358 vero
2999 2305 3182 2355 anima
3226 2299 3422 2355 intelli-

1847 2396 1946 2466 git,
1975 2411 2082 2450 non
2125 2397 2178 2450 in
2227 2405 2491 2467 quantum
2522 2397 2702 2449 anima
2735 2395 2998 2448 rationem
3027 2393 3216 2456 habet,
3240 2393 3333 2447 sed
3363 2393 3416 2449 in

1848 2496 2108 2558 quantum
2147 2504 2302 2543 mens
2331 2497 2416 2543 est
2441 2502 2539 2542 seu
2596 2485 2904 2541 intellectus
2939 2502 2954 2539 :
2990 2498 3124 2540 tunc
3148 2485 3296 2539 enim
3336 2485 3420 2537 iu-

1851 2579 2043 2650 telligit
2095 2593 2249 2634 mens
2301 2579 2689 2649 intelligibilia,
2719 2581 2939 2651 quando
2984 2587 3039 2633 et
3075 2577 3312 2632 animam
3363 2585 3420 2630 et

1847 2673 2196 2740 semetipsam
2229 2672 2453 2727 deserit.
2513 2670 2629 2728 Hoc
2660 2673 2935 2743 signiﬁcat
2961 2686 3178 2740 quoque
3206 2670 3418 2724 divinus

1846 2770 2136 2840 Apostolus
2181 2769 2367 2825 dicens
2397 2787 2411 2824 :
2446 2769 2706 2824 Animalia
2739 2771 2889 2826 homo
2927 2789 3029 2827 non
3050 2775 3186 2842 capit
3214 2789 3274 2825 ea
3301 2786 3422 2841 quor

1846 2871 1967 2917 sunt
2004 2863 2220 2932 spiritus
2244 2873 2291 2917 ν.
2360 2863 2628 2919 Deﬁciunt
2667 2865 2850 2937 itaque
2906 2865 3101 2920 animae
3153 2863 3222 2918 ab
3256 2865 3421 2918 unitis

1848 2959 1953 3015 illis
1985 2970 2040 3014 et
2071 2959 2333 3030 angelicis
2366 2959 2638 3015 mentibus
2670 2959 2932 3013 varietate
2957 2967 3012 3013 et
3039 2952 3420 3011 divisibilitate

1847 3051 2150 3123 omnigenae
2175 3050 2525 3121 cognitionis.
2559 3052 2769 3106 Deinde
2794 3066 2915 3105 cum
2944 3064 3021 3104 ea
3051 3048 3420 3118 cognitiones,

1850 3155 1973 3209 quae
2004 3142 2300 3195 secundum
2333 3142 2546 3196 animas
2603 3140 2761 3206 ﬁunt,
2794 3141 2845 3194 in
2895 3155 3060 3194 unum
3099 3139 3415 3208 conglome-

1771 3220 1812 3278 (ἶ
1848 3241 2037 3287 rantur
2062 3233 2189 3303 (hoc
2217 3233 2366 3287 enim
2392 3242 2475 3287 est
2500 3233 2662 3287 etiam
2690 3234 2979 3286 secundum
3003 3248 3058 3286 se
3082 3239 3137 3286 et
3167 3230 3421 3296 uniuersa:

1845 3324 2336 3381 demonstrationis)
2367 3326 2564 3380 anima:
2591 3338 2805 3394 quoque
2828 3323 3041 3392 angelis
3070 3324 3415 3392 aequiparan-

1844 3425 1952 3472 tur.
2001 3416 2208 3472 Idcirco
2244 3415 2527 3472 considera
2557 3417 2722 3471 etiam
2751 3425 2809 3469 ut
2857 3415 3040 3480 unite,
3090 3422 3148 3468 ut
3189 3415 3260 3468 ita
3297 3413 3420 3482 quis

1844 3507 2064 3573 dixerit,
2093 3506 2395 3577 intelligant
2423 3523 2440 3563 :
2474 3508 2692 3575 quando
2730 3505 2982 3560 videlicet
3027 3503 3160 3558 alias
3190 3519 3294 3558 non
3323 3518 3420 3573 per

1843 3599 2131 3664 rationem,
2173 3598 2266 3654 sed
2290 3614 2390 3669 per
2415 3599 2640 3654 arduum
2670 3599 2966 3667 virtutique
2986 3611 3281 3665 congruum
3306 3595 3412 3648 lia-

1842 3691 2037 3756 hilum,
2083 3693 2229 3761 quod
2256 3693 2444 3763 utique
2468 3692 2814 3763 przestautius
2862 3700 2965 3755 est,
2998 3690 3062 3743 ad
3090 3689 3418 3759 cognitionis

1843 3783 2109 3840 unitatem
2136 3783 2477 3854 pertingunt;
2534 3783 2675 3838 sicut
2704 3782 2888 3836 videre
2937 3781 3065 3834 licet
3095 3780 3148 3833 iu
3195 3779 3409 3847 magnis

1842 3890 1907 3930 ac
1941 3876 2138 3931 divinis
2195 3873 2447 3930 Patribus
2505 3874 2729 3939 nostris,
2777 3873 2870 3943 qui
2933 3888 3038 3926 non
3081 3871 3408 3936 eruditione,

1842 3967 1936 4022 sed
1970 3969 2227 4037 puritate,
2261 3980 2358 4038 per
2397 3967 2656 4022 virtutem
2708 3966 2776 4020 ad
2811 3979 3035 4034 magnas
3081 3963 3414 4032 contempla.

1841 4061 2015 4117 tiones
2061 4060 2481 4129 divinioresque,
2528 4073 2647 4128 quae
2683 4059 2976 4113 humanum
3010 4066 3224 4126 captum
3249 4070 3411 4125 supe-

1839 4165 1982 4216 rent,
2009 4152 2344 4225 cognitiones
2385 4160 2769 4222 pervenerunt.
2811 4150 2895 4204 Ad
2925 4149 3038 4203 haec
3065 4162 3406 4216 nequaquam

1841 4245 2133 4311 aberrabit,
2166 4245 2258 4314 qui
2289 4259 2485 4300 sensus
2507 4258 2722 4313 quoque
2751 4244 2900 4313 ipsos
2920 4249 3225 4295 extremum
3248 4239 3409 4308 quasi

1839 4341 2125 4410 quamdam
2152 4339 2344 4394 divinae
2381 4337 2657 4407 sapientia:
2686 4334 3052 4412 resonantiam
3082 4331 3403 4402 appellarit:

1839 4447 1964 4486 nam
1987 4442 2041 4487 et
2068 4432 2168 4502 ipsi
2196 4431 2394 4486 habent
2414 4429 2658 4483 habitum
2686 4426 2995 4497 quemdam,
3019 4438 3125 4494 quo
3159 4421 3250 4478 illa
3287 4437 3409 4492 qua:

163 4531 360 4601 μονίων
379 4535 520 4597 νοῦς,
543 4535 602 4589 οὐ
622 4539 802 4606 σοφὸς,
820 4538 954 4591 ἀλλὰ
977 4541 1166 4610 σοφίας
1183 4542 1553 4608 ὲκπεπτωκὼς
1580 4546 1741 4618 ῥηθή-

1844 4527 1910 4582 iis
1941 4525 2305 4596 subjiciuntur
2327 4523 2597 4593 recipiant
2618 4530 2673 4576 et
2699 4524 3054 4589 cognoscant,
3089 4530 3404 4586 quanquam

161 4642 333 4679 σεται.
377 4625 512 4679 Ἀλλ’
532 4629 614 4682 ὅτι
647 4627 801 4700 μὲνὴ
831 4630 950 4683 θεία
981 4633 1140 4702 σοφία
1173 4635 1372 4698 παντὸς
1406 4636 1498 4690 νοῦ
1534 4639 1628 4690 καὶ
1649 4637 1735 4690 λό-

157 4736 276 4787 γου,
306 4719 399 4770 καί
440 4719 618 4789 πάσης
645 4721 945 4792 αἰσθήσεως
971 4723 1261 4789 ὑποστάτις
1284 4727 1400 4780 ἐστὶ
1456 4729 1549 4780 καὶ
1590 4729 1736 4782 αἰτία

155 4813 403 4883 είρηται,
450 4811 567 4876 πῶς
607 4814 664 4866 δὲ
689 4815 851 4880 αὐτὸς
897 4817 926 4877 6
969 4817 1275 4888 ὑπέρσοφος
1328 4820 1459 4884 Θεὸς
1513 4827 1622 4876 νοεῖ
1664 4824 1733 4876 τὰ

164 4903 339 4975 ιοοητὰ,
368 4903 402 4975 ἦ
429 4902 498 4957 τὰ
527 4906 760 4978 αἰσθητά
783 4947 797 4970 ,
831 4909 963 4979 μηδὲ
1007 4912 1198 4983 νοεράς
1245 4912 1382 4983 ἔχων
1429 4915 1730 4984 ἐνεργείας,

164 4997 250 5050 -ιαὶ
279 4996 458 5067 πάσης
491 4998 792 5080 αἰσθήσεως
821 5003 1276 5075 ὑπεριδρυμένος;
1299 5006 1491 5058 Καίτοι
1513 5008 1643 5076 φασί
1662 5009 1731 5062 τὰ

157 5087 273 5140 θεῖα
309 5089 403 5141 καὶ
432 5090 549 5161 ἱερά
577 5092 884 5160 Εὑαγγέλια
909 5135 922 5157 ,
951 5097 1128 5162 Κύριε
1148 5135 1162 5159 ,
1201 5096 1282 5150 σὺ
1308 5097 1503 5151 πάντα
1541 5099 1726 5166 οἶδας.

169 5179 385 5251 Ῥητέον
408 5178 520 5246 οῦν,
546 5184 682 5254 ὅπερ
714 5183 848 5256 ἔφην
871 5185 1146 5251 πολλάκις,
1170 5189 1249 5242 ὅτι
1273 5188 1340 5241 τὰ
1367 5188 1507 5242 κατὰ
1534 5191 1732 5261 στέρη-

158 5289 240 5325 σιν
259 5272 523 5346 λεγόμενα
545 5278 636 5330 ἐπὶ
677 5278 832 5342 Θεοῦ,
892 5280 984 5333 καί⁹
1035 5281 1103 5334 τὰ
1146 5284 1363 5335 ἐναντία
1389 5283 1730 5355 ὑπεροχικῶς

157 5362 420 5428 νοοῦνται,
446 5367 506 5418 τὸ
539 5365 750 5434 ἄλογον,
782 5367 842 5420 τὸ
877 5369 1056 5433 ἄνουν,
1089 5370 1148 5421 τὸ
1173 5371 1378 5438 ἀναφὲς
1398 5411 1411 5434 ,
1464 5371 1524 5422 τὸ
1563 5369 1730 5440 ἀόρα-

156 5473 280 5518 τον,
330 5455 472 5510 ὥστε
522 5459 551 5511 6
601 5458 742 5522 θεῖος
799 5459 923 5523 νοῦς
954 5461 1133 5515 πάντα
1175 5463 1408 5532 συνέχει,
1438 5462 1581 5514 κατά
1608 5478 1729 5514 τινα

157 5546 496 5619 ἐξῃρημένην
530 5550 731 5618 γνῶσιν
763 5551 1103 5624 προειληφὼς
1137 5554 1233 5626 τὴν
1261 5556 1475 5608 πάντων
1504 5553 1727 5624 εἴδησιν,

156 5639 232 5703 ὡς
260 5640 429 5705 αἴτιος
453 5643 688 5707 πάντων,
721 5646 815 5698 καὶ
846 5647 1020 5701 πάντα
1049 5647 1202 5712 εἰδὼς
1234 5647 1462 5712 ἔνδοθεν,
1505 5647 1598 5702 καὶ
1623 5648 1723 5700 οὐκ

238 5833 264 5862 ν
297 5825 314 5881 l
349 5825 475 5882 Cor.
516 5843 575 5898 ιι,
613 5829 702 5887 il.

1842 4619 2120 4689 corporeis
2153 4618 2530 4673 instrumentis
2558 4613 2834 4670 sensitivis
2871 4627 3006 4680 opus
3036 4612 3290 4674 habeant,
3311 4625 3409 4678 per

1841 4728 1958 4782 qua:
2003 4713 2180 4764 anima
2209 4710 2521 4780 prospiciat.
2569 4710 2850 4762 Daemones
2874 4720 3023 4768 vero,
3054 4703 3105 4756 in
3137 4713 3402 4773 quantum

1836 4816 1892 4859 et
1924 4805 2024 4874 ipsi
2077 4813 2310 4857 mentem
2346 4803 2662 4866 habent,“
2703 4798 2886 4853 divina
2945 4795 3209 4865 sapientia
3262 4809 3408 4849 eam-

1839 4916 1959 4956 uem
1991 4905 2408 4967 compararunt;
2452 4911 2480 4948 a
2515 4895 2723 4948 ratione
2752 4904 2932 4948 autem
2996 4891 3196 4954 aversi,
3232 4903 3409 4956 neque

1839 4995 1891 5049 id
1940 4993 2082 5063 quod
2133 5001 2290 5046 erant
2351 4999 2752 5060 permanentes,
2782 4981 3185 5055 prolapsionem
3252 4996 3281 5034 a
3313 4996 3404 5034 sa-

1833 5084 2036 5156 pientia
2069 5084 2248 5154 potius
2273 5083 2662 5136 sustinuerunt.
2706 5079 2984 5148 Siquidem
3025 5090 3176 5128 meus
3202 5073 3405 5126 dzemo-

1834 5177 1987 5231 uiaca
2025 5190 2094 5230 ex
2144 5174 2554 5231 irrationalitate
2608 5170 2777 5226 ambit
2838 5172 2891 5222 et
2953 5165 3169 5221 aﬂ‘ectat
3225 5179 3406 5231 aequa-

1832 5272 2041 5325 litatem
2097 5268 2220 5332 Dei,
2274 5267 2369 5322 sed
2436 5265 2608 5320 nescit
2659 5261 2929 5334 quomodo
2998 5275 3116 5313 eam
3181 5256 3401 5325 assequi

1837 5363 2041 5433 possit;
2072 5374 2176 5415 non
2208 5359 2354 5429 quod
2394 5368 2586 5411 natura
2628 5355 2881 5424 ignorans
2921 5349 3012 5414 sit,
3057 5350 3151 5403 sed
3205 5345 3402 5401 voluu~

1843 5454 1977 5509 tarie
2015 5455 2066 5508 id
2120 5453 2262 5523 quod
2306 5460 2494 5506 contra
2543 5458 2793 5502 naturam
2837 5454 2921 5500 est
2963 5443 3152 5512 eligat.
3228 5438 3400 5503 Unde,

1837 5548 1890 5602 in
1941 5555 2202 5617 quantum
2246 5558 2399 5599 mens
2454 5542 2759 5596 daemonum
2820 5554 2850 5592 a
2912 5535 3123 5590 ratione
3180 5530 3394 5592 deﬁcit,

1831 5655 2171 5712 nequaquam
2210 5640 2428 5710 sapiens
2453 5679 2468 5706 ,
2521 5636 2620 5692 sed
2659 5650 2688 5688 a
2730 5632 2992 5704 sapientia
3019 5627 3282 5686 defecisse
3319 5624 3404 5680 die
