4186 6308
794 374 902 433 885

1954 378 2010 434 S.
2053 376 2350 434 DIONYSII
2384 374 2844 431 AREOPAGITE

3906 382 4014 438 884

794 497 972 543 cetur.
1002 485 1165 559 669
1193 489 1298 543 Sed
1334 489 1586 558 quoniam
1623 490 1805 545 divina
1845 489 2123 561 Sapientia
2167 494 2341 547 omnis
2370 548 2372 554 λ

2446 490 2500 557 ἐξ
2523 489 2704 553 ἄλλων
2733 490 2765 561 ἢ
2795 490 2882 543 διά
2906 507 3049 554 τινος
3076 491 3238 562 ἄλλης
3262 493 3715 565 προῢπαρχοὺσης
3732 494 4007 563 γνώσεως

792 578 994 632 mentis
1022 588 1077 633 et
1110 580 1334 635 rationis
1361 581 1644 651 omnisque
1672 597 1867 638 sensus
1889 583 2130 639 etl‘ectrix
2162 592 2342 651 etest,

792 676 848 721 et
875 682 1039 722 causa
1071 670 1290 734 dicitur,
1319 671 1587 741 quomodo
1616 673 1839 742 ipsemet
1877 690 2202 745 supraquam
2252 689 2341 730 sa-

793 761 951 829 piens
987 762 1129 816 Deus
1160 762 1413 833 intelligit
1464 764 1821 835 intelligibilia
1874 766 2187 831 sensiliave,
2222 781 2344 822 cum

792 866 971 922 neque
1011 852 1371 923 intelligentes
1410 855 1607 911 habeat
1640 860 1986 926 Operationes
2014 897 2029 922 ,
2074 869 2127 915 et
2179 874 2341 928 supra

791 958 1010 998 omnem
1045 959 1261 999 sensum
1292 946 1362 1000 sit
1387 947 1728 1002 collocatus?
1755 951 2007 1005 Attamen
2036 950 2217 1004 divina
2244 966 2339 1005 sa-

792 1046 990 1101 craque
1014 1033 1299 1103 Evangelia
1329 1034 1547 1090 dicunt:
1574 1035 1809 1104 Domine,
1834 1048 1890 1091 tu
1910 1040 2085 1093 omnia
2116 1040 2250 1093 nosti
2271 1040 2341 1093 ν’.

792 1123 1090 1178 Dicendum
1116 1126 1320 1194 itaque,
1357 1126 1499 1196 quod
1530 1127 1637 1181 dixi
1665 1130 1879 1197 saepius,
1930 1129 2070 1198 quod
2099 1144 2219 1199 quae
2248 1145 2345 1199 per

790 1215 1152 1285 privationem
1183 1219 1248 1271 de
1280 1217 1387 1273 Deo
1416 1219 1694 1285 dicuntur,
1717 1228 1770 1273 et
1794 1222 2090 1285 contraria,
2122 1235 2217 1290 per
2249 1236 2344 1275 ex-

790 1306 1096 1361 cellentiam
1122 1307 1510 1379 intelligantur,
1548 1321 1606 1365 ut
1638 1311 1968 1378 irrationale,
2019 1327 2227 1377 amens,
2261 1313 2343 1366 in-

792 1398 996 1464 tactile,
1032 1399 1319 1467 invisibile,
1364 1402 1437 1455 ita
1472 1410 1529 1455 ut
1554 1403 1735 1457 divina
1780 1420 1931 1459 mens
1954 1405 2132 1459 omnia
2168 1405 2342 1460 conti-

790 1500 940 1554 neat,
974 1490 1269 1544 secundum
1300 1493 1628 1549 eminentem
1658 1496 1945 1564 quamdam
1976 1497 2341 1566 cognitionem

790 1581 1035 1636 omnium
1063 1584 1311 1637 notitiam
1343 1585 1709 1654 anticipando,
1744 1597 1999 1657 tanquam
2030 1603 2193 1642 causa
2225 1603 2344 1643 om-

791 1672 941 1725 nium
966 1674 1263 1743 omniaque
1292 1674 1597 1731 intrinsece
1626 1692 1878 1743 noscens,
1905 1688 1957 1733 et
1982 1693 2085 1733 non
2120 1694 2184 1733 ex
2213 1678 2339 1746 alio,

790 1778 969 1833 neque
995 1779 1092 1835 per
1135 1766 1367 1835 aliquam
1397 1769 1559 1823 aliam
1588 1772 2053 1839 praeexsistentem
2079 1772 2345 1841 cognitio-

792 1871 947 1919 nem;
980 1856 1120 1911 etab
1143 1860 1261 1928 ipso
1289 1859 1441 1914 initio
1468 1875 1721 1923 noscens,
1756 1876 1861 1916 non
1882 1861 1947 1914 ab
1977 1861 2131 1915 initio
2166 1876 2346 1916 rerum
2379 1838 2420 1892 Β

790 1948 1196 2015 productarum,
1228 1950 1320 2004 sed
1371 1951 1439 2005 ab
1478 1952 1769 2007 universali
1816 1953 1972 2006 initio
2024 1952 2167 2017 Deo;
2201 1952 2346 2022 quod

789 2056 911 2094 cum
942 2055 1047 2094 non
1082 2042 1218 2096 satis
1248 2045 1533 2097 commode
1560 2044 1609 2096 in
1642 2045 1746 2097 Deo
1775 2044 1945 2113 accipi
1985 2048 2154 2113 possit
2184 2044 2344 2113 (quo-

789 2130 937 2184 niam
969 2130 1110 2185 Deus
1133 2130 1249 2185 sine
1280 2131 1436 2185 initio
1473 2140 1579 2195 est,
1620 2140 1675 2185 et
1704 2132 1988 2202 plusquam
2014 2134 2130 2186 sine
2160 2132 2341 2202 initio)

715 2206 722 2213 ’
790 2222 1036 2278 correxit
1063 2222 1193 2277 illud
1229 2223 1506 2278 addendo:
1536 2222 1604 2279 Ut
1636 2224 1708 2277 ita
1736 2224 1933 2278 dicam.
1968 2223 2133 2278 Recte
2182 2224 2348 2291 igitur

790 2315 955 2368 etiam
990 2329 1220 2384 magnus
1248 2314 1478 2369 Basilius
1516 2315 1611 2381 ait,
1638 2316 1881 2385 quaedam
1922 2330 2045 2370 esse
2084 2330 2201 2383 quae
2224 2314 2345 2384 qui-

790 2406 910 2460 dem
936 2406 1201 2475 principio
1232 2415 1442 2470 carent,
1477 2407 1569 2460 sed
1602 2407 1761 2462 linem
1800 2405 2018 2471 habent,
2060 2416 2117 2460 ut
2154 2407 2346 2461 divinae

792 2496 897 2551 illae
924 2498 1216 2552 creationis
1246 2498 1725 2568 cogitationes;ab
1756 2498 1911 2553 initio
1952 2499 2120 2562 enim,
2176 2509 2233 2551 ut
2269 2499 2345 2552 ita

791 2588 994 2651 dicam,
1021 2591 1162 2658 apud
1196 2590 1506 2645 Creatorem
1537 2590 1691 2646 fuere
1744 2592 1979 2644 rationes
2026 2591 2342 2645 creationis.

788 2678 922 2734 Nam
971 2680 1171 2734 idcirco
1215 2680 1461 2734 dicitur:
1502 2680 1603 2747 Qui
1637 2682 1771 2733 nosti
1819 2681 1995 2733 omnia
2042 2682 2345 2749 priusquam

786 2769 918 2838 ﬁant
937 2774 1045 2835 "';
1073 2785 1301 2838 quorum
1324 2769 1585 2838 originem
1610 2772 1776 2831 novit,
1808 2786 1911 2823 non
1936 2770 2073 2838 quod
2097 2784 2160 2823 ex
2188 2770 2252 2823 iis
2270 2770 2347 2823 di-

792 2868 912 2913 Lcat
936 2860 1119 2929 qualia
1147 2862 1276 2925 sint,
1314 2861 1389 2913 uti
1424 2860 1725 2915 declaravit
1755 2860 1973 2916 dicens:
2019 2860 2131 2914 Non
2162 2875 2225 2913 ex
2262 2875 2347 2913 re-

788 2949 890 3003 bus
916 2949 1050 3017 ipsis
1078 2966 1165 3005 res
1193 2953 1428 3016 discens,
1462 2968 1635 3021 neque
1664 2952 1890 3023 singulis
1919 2954 2215 3007 secundum
2246 2969 2343 3007 cu-

784 3044 981 3110 jusque
1007 3042 1246 3109 speciem
1298 3042 1625 3108 intendcns,
1685 3046 1779 3097 sed
1824 3054 2079 3112 tanquam
2131 3053 2344 3097 creator

2450 582 2539 634 καὶ
2569 583 2661 634 ἀπ’
2691 581 2862 651 αὑτῆς
2894 582 2994 652 τῆς
3021 583 3195 654 ἀρχῆς
3224 584 3379 648 εἰδὼς
3399 626 3413 649 ,
3442 586 3500 639 οὑ
3546 586 3645 656 τῆς
3681 587 3855 658 ἀρχῆς
3902 588 4017 639 τῶν

2448 674 2855 745 παραχθέντων,
2881 674 3013 727 ἀλλά
3036 677 3133 746 τῆς
3160 677 3453 747 ηθολικῆς
3487 679 3660 749 ἀρχῆς
3698 679 3792 732 τοῦ
3832 679 3972 732 Θεοῦ
3997 697 4013 713 -

2446 766 2603 836 ὅπερ,
2647 767 2769 819 ὲπεὶ
2805 768 2904 820 οὑκ
2960 767 3153 836 εὑαγές
3199 770 3314 822 ἐστι
3370 770 3664 841 λαμϐάνειν
3706 772 3800 825 ἐπὶ
3852 772 4013 838 Θεοῦ,

2448 856 2709 927 (ἄναρχος
2736 856 2844 928 γὰρ
2872 858 2966 911 καί⁵
2996 859 3370 931 ὑπεράναρχος
3396 863 3425 915 ό
3458 861 3630 932 Θεός.)
3669 863 3889 917 ἐκόλασε
3926 863 4017 916 διὰ

2444 947 2560 1012 τοῦ,
2587 947 2877 1002 Ἰνέτπω.
2912 945 3279 1019 Καλῶς’γοῦν
3309 954 3402 1005 καὶ
3440 954 3468 1005 ὁ
3517 953 3689 1023 μέγας
3740 954 4018 1017 Βασίλειος

2444 1037 2672 1107 τίθησιν,
2694 1038 2778 1091 ὅτι
2794 1040 2899 1092 εἰσί
2917 1056 3057 1103 τινα,
3076 1039 3286 1112 ἀναρχα
3305 1042 3422 1113 μὲν,
3442 1042 3695 1114 τελευτὴν
3718 1044 3773 1096 δὲ
3799 1045 4014 1113 ἔχοντα¹

2445 1126 2613 1194 λέγων
2638 1126 2736 1189 τὰς
2762 1126 2908 1191 θείας
2928 1129 3028 1198 τῆς
3052 1128 3411 1199 δημιουργίας
3432 1132 3643 1201 νοήσεις
3661 1148 3675 1161 ·
3710 1132 3805 1185 ἀπ’
3836 1132 4017 1203 ἀρχῆς

2444 1218 2571 1287 γάρ,
2596 1216 2660 1268 ἵν’
2692 1216 2863 1280 οὑτως
2890 1217 3059 1281 είπω,
3112 1218 3259 1288 παρὰ
3297 1217 3373 1289 τῷ
3402 1218 3712 1290 δημιουργῷ
3759 1221 3809 1271 οἱ
3861 1219 4016 1286 λόγοι

2444 1308 2542 1376 τῆς
2566 1308 2812 1371 κτίσεως.
2840 1306 2938 1361 Διὰ
2960 1309 3117 1361 τοῦτο
3141 1308 3248 1379 γάρ
3274 1309 3487 1377 λέγεται
3515 1310 3608 1363 καὶ
3627 1310 3705 1362 τόο
3763 1310 3823 1362 '0
3843 1308 4020 1375 εἰδὼς

2444 1397 2637 1449 πάντα
2652 1397 2790 1466 πρὶν
2804 1399 3091 1466 γενέσεως
3110 1398 3331 1453 αὐτῶν·
3359 1393 3433 1453 ὧν
3445 1399 3540 1470 τὴν
3565 1399 3799 1468 γένεσιν,
3827 1401 3928 1451 οὑκ
3953 1402 4020 1454 ἐκ

2444 1487 2535 1541 τοῦ
2560 1488 2991 1557 καταμανθάνειν
3014 1489 3153 1541 αὑτά
3176 1490 3333 1543 ὁποῖά
3359 1491 3479 1543 τινά
3503 1492 3637 1543 εἰσιν
3669 1490 3779 1560 ἔχει
3799 1506 3812 1519 ·
3858 1489 4020 1543 τοῦτο

2445 1579 2550 1649 γὰρ
2565 1579 2847 1651 ἐδήλωσεν,
2864 1579 3049 1645 εἰπών,
3072 1582 3180 1635 οὐκ
3194 1581 3261 1635 ἐκ
3284 1579 3399 1634 τῶν
3411 1581 3599 1635 ὄντων
3614 1582 3685 1635 τὰ
3708 1581 3851 1633 om
3865 1597 4021 1649 μαν-

2444 1670 2656 1733 θάνων,
2674 1671 2766 1723 καὶ
2787 1670 2865 1735 τὺ,
2892 1672 2963 1725 οὺ
2992 1672 3114 1724 κατ’
3149 1671 3313 1725 ἰδέαν
3350 1671 3626 1739 ἑκάστοις
3655 1673 4015 1739 ἐπιϐάλλων,

2444 1761 2556 1813 ἀλλ’
2575 1761 2647 1825 ὡς
2674 1762 2898 1833 ποιητὴς
2924 1763 3123 1816 τούτων
3148 1762 3243 1834 τὴν
3259 1763 3460 1833 εἴδησιν
3480 1763 3587 1815 τῶν
3608 1764 3822 1817 οἰκείων
3839 1764 4019 1835 ἔργων

2450 1854 2690 1926 προέχει,
2722 1853 2876 1917 εἰδὼς
2899 1856 3045 1918 ὅπως
3068 1855 3207 1908 αὑτὰ
3242 1858 3336 1907 καὶ
3370 1857 3455 1923 ἐφ’
3489 1852 3568 1919 οἷς
3604 1856 3835 1926 παράξει
3879 1856 4019 1927 πρὸς

2450 1945 2677 2012 γένεσιν.
2726 1939 2824 1998 Ὧν
2866 1947 2898 2016 ή
2936 1946 3259 2017 παρατροπὴ
3282 1948 3430 2017 καὶὴ
3472 1946 3704 2017 ἔλλειψις
3728 1987 3742 2010 ,
3791 1943 3957 2016 ἦγουν
3984 1951 4019 2020 ἡ

2448 2035 2711 2105 ἀποτυχία
2740 2036 2832 2088 καὶ
2857 2038 2889 2106 ή
2918 2036 3204 2107 ἀδυναμία,
3230 2038 3289 2090 τὸ
3312 2037 3476 2090 κακὸν
3501 2039 3727 2105 εἰσάγει,
3772 2042 3837 2108 τῇ
3891 2055 4020 2091 στε-

2452 2127 2713 2197 ρήσειτοῦ
2734 2128 2871 2182 κατά
2900 2128 3059 2197 φύσιν
3098 2128 3155 2181 τὸ
3198 2128 3346 2201 παρά
3394 2130 3552 2198 φύσιν
3593 2129 3840 2183 ποιοῦσα.
3873 2129 4022 2199 Πρὸς

2447 2219 2606 2273 τοῦτο
2629 2220 2735 2291 γὰρ
2768 2221 2825 2273 τὸ
2863 2220 2955 2273 τοῦ
2990 2221 3166 2289 φωτὸς
3209 2222 3529 2292 παρήγαγεν
3574 2223 3875 2291 ὑπόδειγμα
3901 2239 3914 2251 ’
3950 2224 4021 2292 τῇ

2447 2311 2554 2381 γὰρ
2587 2310 2773 2363 τούτου
2807 2312 3058 2381 στερήσει
3103 2311 3161 2362 τὸ
3190 2310 3377 2374 σκότος
3427 2311 3829 2379 παρυφίσταται
3858 2348 3873 2375 ,
3926 2313 4033 2365 και

2447 2401 2624 2454 αἰτίαν
2651 2400 2760 2471 ἔχει
2782 2400 2878 2471 τὴν
2906 2401 3170 2452 ἀπουσίαν
3192 2401 3289 2471 τῆς
3320 2400 3411 2453 τοῦ
3441 2402 3617 2470 φωτὸς
3644 2401 3879 2471 φύσεως,
3916 2402 4025 2456 ὦσ-

2448 2510 2551 2564 περ
2587 2492 2807 2546 καὶτῶν
2848 2494 3152 2563 στερήσεων
3190 2495 3245 2545 αί
3295 2493 3435 2559 ἕξεις
3480 2492 3842 2566 ἀρχικώτεραι
3887 2513 4024 2563 τυγ-

2448 2591 2683 2661 χάνουσι,
2702 2593 2811 2655 καὶ,
2842 2592 2916 2654 ὡς
2947 2591 3009 2643 ἄν
3045 2608 3127 2656 τις
3164 2589 3326 2655 εἴποι,
3353 2589 3539 2643 αἰτίαι.
3566 2589 3769 2659 Μηδεὶς
3799 2588 3931 2656 γοῦν
3953 2590 4023 2641 ὲκ

2445 2686 2646 2739 τούτων
2680 2688 2810 2756 πρὸς
2846 2688 3073 2750 ἀτόπους
3100 2686 3385 2753 ἐπαγέσθω
3410 2687 3635 2748 ἐννοίας,
3659 2685 3798 2737 ὥστε
3837 2684 4024 2752 λέγειν

2448 2783 2540 2834 καὶ
2562 2782 2672 2834 τῶν
2707 2782 2891 2835 κακῶν
2928 2784 2984 2835 ὲν
3036 2779 3211 2848 ἑαυτῴ
3264 2780 3380 2831 κατ’
3406 2777 3583 2831 αἰτίαν
3630 2777 3881 2847 προέχειν
3927 2776 4025 2827 τὸν

2446 2874 2597 2937 Θεὸν,
2623 2876 2785 2944 ἠγουν
2804 2874 2978 2926 αἴτιον
3004 2874 3177 2927 αὑτῶν
3202 2875 3263 2925 ἐκ
3294 2871 3480 2924 τούτου
3508 2869 3829 2939 συνάγεσθαι
3856 2868 4026 2921 αὑτὸν

2446 2964 2616 3019 εἶναι’
2641 2966 2739 3036 ἤδη
2780 2966 2887 3035 γὰρ
2917 2965 3079 3028 ἔδειξε
3115 2966 3247 3035 μήτε
3277 2964 3356 3025 ὃν,
3389 2964 3521 3033 μήτε
3548 2965 3605 3023 έν
3642 2964 3751 3023 τοῖς
3790 2956 3909 3012 οὖσι
3957 2962 4027 3013 τὸ

2448 3060 2631 3111 κακόν.
2658 3057 2825 3110 Τοῦτο
2876 3058 2932 3109 δὲ
2977 3057 3123 3127 δηλοῖ
3155 3056 3247 3107 καὶ
3290 3056 3348 3108 τὸ
3390 3054 3757 3124 παράδειγμα.
3805 3052 4025 3122 ’Ὠσπερ

787 3148 1006 3187 suorum
1084 3148 1309 3204 aperum
1370 3134 1645 3205 prazhabet
1699 3135 2100 3205 cognitionem,
2166 3135 2343 3189 sciens

2447 3150 2555 3221 γάρ
2586 3149 2718 3211 εἴτις
2747 3148 2997 3200 ὑπόθοιτο
3021 3148 3081 3199 τὸ
3117 3147 3229 3215 φῶς
3278 3145 3431 3198 τοῦτο
3479 3144 3539 3196 τὸ
3585 3142 3775 3213 ὁρατὸν
3807 3141 4023 3193 »ἔννουν

788 3226 1009 3294 quando
1036 3236 1091 3280 et
1114 3226 1313 3295 quibus
1339 3228 1511 3281 modis
1541 3228 1630 3281 illa
1666 3228 1736 3281 sit
1764 3228 2152 3295 producturus.
2202 3226 2345 3292 Qun-

793 3332 912 3371 rum
936 3320 1214 3386 perversio
1242 3328 1295 3371 et
1319 3317 1567 3381 defectio,
1604 3319 1722 3373 sive
1774 3318 2055 3370 lrustralio
2080 3326 2134 3374 et
2173 3318 2346 3384 impo-

790 3408 989 3471 tentia,
1022 3409 1218 3463 malum
1270 3409 1589 3473 introducit,
1621 3410 1921 3480 privatione
1948 3410 2063 3477 ejus
2085 3413 2227 3478 quod
2261 3426 2346 3465 se-

791 3510 1028 3562 cundum
1062 3521 1311 3563 naturam
1344 3520 1449 3571 est,
1481 3509 1529 3562 id
1569 3510 1710 3577 quod
1747 3519 1935 3564 contra
1987 3520 2235 3564 naturam
2266 3519 2348 3565 est

788 3604 1163 3659 introducens.
1190 3603 1268 3657 Ad
1295 3603 1395 3658 hoc
1433 3607 1575 3658 enim
1605 3603 1737 3656 lucis
1784 3603 2087 3670 exemplum
2142 3604 2339 3665 attulit;

791 3712 917 3749 nam
942 3693 1100 3762 hujus
1136 3693 1440 3763 privatione
1465 3694 1699 3749 tenebrae
1721 3695 2013 3757 exsistunt,
2039 3704 2091 3747 et
2123 3708 2345 3746 causam

791 3786 994 3844 habent
1016 3785 1313 3840 absentiam
1347 3796 1555 3843 natura:
1581 3786 1739 3849 lucis.
1766 3787 1906 3842 sicut
1942 3786 2104 3840 etiam
2130 3785 2345 3839 habitus

788 3877 1209 3947 principaliores
1238 3893 1362 3931 sunt
1400 3878 1814 3947 privationibus,
1867 3886 1959 3939 et,
2012 3887 2071 3931 ut
2120 3878 2190 3930 ita
2226 3877 2346 3945 quis

789 3964 956 4037 dicat,
985 3985 1179 4026 causae.
1223 3968 1391 4024 Nemo
1416 3971 1595 4039 itaque
1637 3986 1701 4025 ex
1733 3970 1815 4024 his
1846 3971 1912 4024 ad
1945 3979 2052 4022 tam
2083 3971 2347 4024 absurdus

790 4061 1091 4115 sententias
1114 4059 1431 4125 abducatur,
1472 4060 1735 4123 utdieat,
1764 4062 1929 4113 etiam
1982 4059 2243 4113 malorum
2294 4061 2345 4112 in

790 4151 970 4219 seipso
994 4164 1212 4204 causam
1248 4152 1447 4207 habere
1473 4149 1660 4216 Deum,
1690 4150 1802 4204 sive
1827 4151 2000 4218 ipsum
2051 4165 2171 4204 esse
2222 4164 2349 4203 cau-

791 4256 908 4296 sam
937 4259 1035 4298 cur
1060 4244 1174 4298 hare
1196 4244 1593 4313 producantur;
1613 4240 1727 4309 jam
1763 4244 1969 4312 pridem
1992 4244 2138 4297 enim
2168 4252 2348 4297 osten-

714 4346 715 4349 “
792 4344 892 4406 dit,
923 4357 1095 4411 neque
1122 4358 1219 4397 ens
1243 4381 1257 4406 ,
1286 4356 1458 4409 neque
1508 4341 1562 4395 in
1621 4343 1781 4396 rebus
1815 4356 1937 4397 esse
1971 4344 2192 4398 malum.
2236 4340 2348 4395 Hoc

792 4450 923 4489 vero
946 4436 1113 4489 etiam
1144 4436 1386 4490 declarat
1424 4436 1752 4505 exemplum.
1779 4436 1931 4491 Sicut
1963 4437 2107 4490 enim
2149 4436 2193 4491 si
2227 4438 2347 4507 quis

793 4526 966 4580 lucem
992 4527 1134 4582 hanc
1163 4528 1427 4582 visibilem
1462 4528 1658 4581 mentis
1687 4542 1747 4581 ac
1780 4529 2008 4582 rationis
2045 4538 2347 4596 compotem

794 4631 1097 4689 supponat;
1130 4620 1321 4675 deinde
1353 4637 1604 4692 rogemus
1632 4620 1827 4690 ipsam,
1870 4635 1936 4673 an
1982 4622 2231 4674 tenebras
2262 4636 2352 4673 co-

796 4721 1041 4781 gnoscat,
1068 4712 1180 4780 ipsa
1208 4723 1389 4766 autem
1414 4728 1469 4767 se
1494 4728 1652 4767 nosse
1678 4714 1842 4776 dicat,
1872 4713 2033 4767 etiam
2062 4720 2350 4779 antequam

796 4804 1035 4857 tenebrae
1060 4803 1223 4875 570
1244 4812 1457 4868 essent;
1500 4818 1681 4868 nosse,
1709 4803 1952 4872 inquam,
1993 4818 2097 4855 non
2129 4818 2228 4871 per
2257 4802 2353 4854 ali-

795 4911 960 4964 quam
988 4896 1378 4964 experientiam
1412 4894 1719 4965 (quomodo
1761 4895 1906 4949 enim
1958 4894 2045 4947 lux
2100 4894 2353 4947 tenebras

796 4989 997 5043 sciret?
1026 5004 1144 5042 nam
1166 4989 1209 5043 si
1230 4989 1318 5041 lux
1342 4988 1435 5052 sit,
1464 5003 1567 5041 non
1594 4996 1749 5041 erunt
1769 4987 2048 5054 tenebrw),
2083 4990 2175 5041 sed
2196 5000 2353 5039 nosse

796 5084 943 5139 dicat
970 5081 1225 5136 tenebras
1260 5082 1313 5135 in
1354 5090 1616 5150 quantum
1651 5078 1740 5131 lux
1768 5090 1885 5144 est;
1914 5081 2143 5149 ideoque
2178 5078 2348 5144 novit,

792 5175 936 5244 quod
993 5174 1039 5227 si
1082 5174 1356 5243 pmprium
1405 5173 1581 5225 lumen
1618 5172 1971 5235 contraxerit,
2006 5187 2165 5225 nemo
2204 5172 2354 5224 vide-

792 5270 889 5323 bit.
931 5267 1005 5321 Ita
1030 5266 1196 5321 etiam
1243 5267 1382 5319 Deus
1423 5280 1520 5334 per
1555 5280 1775 5318 causam
1809 5267 2047 5318 omnium
2090 5265 2140 5317 in
2178 5280 2235 5317 se
2260 5280 2351 5318 co—

794 5361 1093 5429 gnitionem
1128 5359 1311 5423 habet,
1350 5374 1451 5411 non
1482 5360 1623 5425 quod
1680 5357 2013 5423 experientia
2050 5372 2167 5411 eam
2204 5366 2353 5409 eom-

794 5451 1070 5522 paraverit
1100 5451 1247 5518 (tum
1280 5450 1423 5506 enim
1454 5448 1593 5505 Deus
1633 5446 1939 5517 cognitione
1981 5448 2243 5515 posterior
2272 5447 2353 5499 in-

794 5545 1127 5613 veniretur),
1163 5550 1257 5595 aut
1286 5543 1338 5595 in
1366 5541 1545 5611 aliquo
1579 5551 1819 5610 tempore
1867 5556 1991 5617 non
2019 5540 2347 5608 cognoverit.

797 5635 937 5688 Nota
969 5644 1169 5699 autem,
1196 5633 1449 5688 tenebras
1476 5648 1592 5687 esse
1623 5632 1873 5686 effectum
1907 5631 1997 5699 qui
2044 5647 2107 5683 cx
2142 5630 2348 5685 defectu

911 5815 955 5847 ν’
996 5804 1016 5858 1
1045 5804 1286 5869 10811.11,
1312 5807 1395 5863 ΞΟ.
1438 5814 1507 5847 ’⁸⁸
1540 5808 1742 5867 Daniel.
1786 5822 1903 5873 xm,
1934 5804 2016 5858 Η..

2448 3236 2582 3291 εἶναι
2604 3240 2693 3291 καὶ
2716 3238 2949 3305 λογικὸν,
2978 3232 3091 3288 εἶτα
3124 3234 3421 3305 πυθοίμεθα
3444 3232 3627 3296 αὑτοῦ,
3667 3235 3713 3284 εί
3752 3231 4019 3299 γινώσκει

2445 3334 2504 3385 τὸ
2528 3333 2735 3395 σκότος,
2774 3332 2833 3382 τὸ
2854 3331 2909 3382 δὲ
2938 3330 3078 3382 εἴποι
3102 3326 3387 3395 γινώσκειν
3412 3327 3503 3377 καὶ
3535 3326 3663 3394 πρὶν
3692 3324 3913 3393 γένηται
3954 3324 4023 3375 τὸ

2448 3425 2632 3487 σκότος
2653 3441 2665 3453 ’
2690 3422 2973 3491 γινώσκειν
2998 3422 3053 3473 δὲ
3080 3421 3137 3471 οὑ
3167 3418 3305 3471 κατά
3326 3435 3444 3470 τινα
3476 3420 3687 3486 πεῖραν,
3736 3415 3874 3485 (πῶς
3903 3414 4022 3486 γὰρ

2449 3516 2544 3568 ίδοι
2569 3516 2755 3578 σκότος
2775 3516 2830 3566 τὸ
2858 3514 3005 3583 φῶς;
3040 3516 3086 3565 εἰ
3106 3512 3211 3583 γὰρ
3249 3509 3361 3578 φῶς
3382 3551 3394 3573 ν
3439 3510 3537 3561 οὒκ
3568 3510 3718 3561 ἔσται
3762 3508 3951 3569 σκότος
3974 3510 4020 3576 ”)

2448 3610 2582 3662 ἀλλά
2606 3607 2892 3676 γινώσκειν
2918 3605 3061 3658 εἴποι
3102 3606 3158 3656 τὸ
3192 3604 3378 3665 σκότος
3427 3602 3561 3655 καθὸ
3600 3601 3745 3668 φῶς·
3798 3600 3879 3651 διὸ
3918 3600 4022 3652 καὶ

2447 3698 2607 3765 οἶδεν,
2632 3702 2732 3761 ὅτι,
2759 3700 2852 3752 ἐὰν
2879 3697 3128 3768 συστείλῃ
3148 3696 3207 3747 τὸ
3228 3698 3423 3747 οίκεῖον
3447 3696 3579 3762 φῶς,
3604 3694 3775 3755 οὐδεὶς
3798 3691 4016 3759 ὄψεται.

2449 3792 2605 3847 Οὑτω
2643 3794 2735 3845 καὶ
2755 3794 2781 3845 ὁ
2807 3791 2935 3853 Θεὸς
2959 3790 3077 3841 κατ’
3104 3787 3280 3839 αἰτίαν
3305 3788 3363 3838 έν
3406 3784 3584 3853 ἑαυτῷ
3623 3784 3719 3854 τὴν
3757 3784 4023 3835 ἀπάντων

2448 3886 2650 3955 εἴδησιν
2695 3885 2839 3954 ἔχει,
2893 3884 2951 3934 οὑ
3000 3884 3065 3951 τῇ
3111 3879 3276 3948 πείρᾳ
3298 3877 3501 3947 ταύτην
3535 3876 3971 3943 ὲπικτησάμενος
4000 3914 4016 3937 ,

2450 3978 2601 4048 (ἐπεὶ
2637 3974 2882 4048 εὑρεθείη
2913 3976 2975 4028 ἂν
3009 3973 3460 4044 μεταγενέστερος
3507 3973 3534 4023 ό
3572 3964 3702 4032 Θεὸς
3731 3969 3828 4035 τῆς
3868 3967 4018 4035 γνώ-

2452 4088 2586 4133 σεως
2608 4071 2655 4137 ,)
2687 4069 2719 4138 ἢ
2750 4068 2887 4121 κατά
2920 4084 3039 4119 τινα
3077 4066 3262 4136 χρόνον
3324 4063 3396 4133 μὴ
3436 4060 3733 4130 γινώσκων.
3777 4059 4018 4130 Σημειοῦ

2447 4162 2503 4215 δὲ
2531 4160 2591 4212 τὸ
2625 4158 2860 4212 αἰτιατὸν
2886 4154 3020 4208 εἶναι
3048 4155 3106 4208 τὸ
3139 4154 3321 4215 σκότος
3358 4153 3416 4216 ἐξ
3454 4151 3739 4219 ἐλλείψεως
3776 4150 3868 4201 τοῦ
3896 4166 4017 4217 φω-

2448 4254 2569 4316 τὸς,
2604 4254 2739 4321 ὅπερ
2779 4249 2897 4301 ἐστὶ
2934 4247 3073 4301 κατά
3120 4245 3454 4315 Μανιχαίων.
3522 4241 3796 4295 Ἐντεῦθεν
3847 4257 4018 4293 κατα-

2452 4344 2722 4406 σκευάζει,
2754 4343 2835 4394 ὅτι
2866 4340 3004 4392 κατά
3033 4339 3157 4409 μίαν
3185 4339 3276 4389 καὶ
3297 4337 3394 4407 τὴν
3424 4334 3590 4405 αὑτὴν
3616 4334 3811 4401 γνῶσιν
3841 4332 4019 4396 όΘεὸς

2452 4432 2556 4489 οἶδε
2589 4436 2681 4488 καὶ
2706 4433 2896 4486 ἑαυτὸν
2933 4432 3026 4483 καὶ
3059 4432 3125 4482 τὰ
3161 4430 3358 4491 πάντα,
3390 4427 3475 4479 διὰ
3508 4426 3664 4479 τοῦτο
3711 4426 3803 4477 καὶ
3836 4423 4017 4486 άΰλως

2453 4530 2519 4582 τὰ
2554 4528 2732 4591 ὑλικά,
2765 4527 2858 4580 καὶ
2881 4525 2948 4577 τὰ
2981 4522 3207 4595 μεριστά
3234 4521 3543 4591 ἀμερίστως
3564 4559 3577 4581 ,
3617 4519 3709 4572 καὶ
3748 4516 3814 4568 τά
3844 4516 4016 4568 πολλά

2455 4620 2667 4682 ένιαίως
2692 4636 2703 4649 υ
2746 4618 2903 4681 άῡλος
2925 4616 3030 4686 γὰρ
3058 4615 3151 4667 καὶ
3194 4613 3486 4682 ἀμέριστος
3532 4611 3625 4663 καὶ
3665 4609 3871 4671 ὲνιαία,
3921 4608 4018 4660 καὶ

2452 4712 2618 4781 ἁπλῆ,
2649 4714 2681 4781 ἡ
2714 4710 2911 4779 γνῶσις
2944 4711 2975 4779 ἡ
3004 4708 3140 4760 θεία.
3180 4705 3351 4775 Εἴπερ
3402 4701 3659 4771 ἐλέγομεν
3705 4702 3786 4753 ὅτι
3834 4702 3890 4751 ὲν
3935 4698 4017 4767 τῷ

2454 4804 2551 4868 ἑνὶ,
2589 4802 2827 4871 δηλονότι
2853 4802 2909 4855 έν
2931 4803 2996 4870 τῇ
3050 4800 3145 4869 μιᾷ
3168 4797 3258 4850 καὶ
3288 4796 3431 4865 ἁπλῇ
3454 4794 3814 4864 δημιουργικῇ
3855 4791 4017 4842 δυνά-

2458 4914 2545 4966 μει
2576 4894 2847 4963 ὑπέστησε
2871 4891 2939 4945 τὰ
2967 4890 3219 4959 διάφορα,
3251 4886 3388 4938 οὑτω
3415 4885 3507 4937 καὶ
3527 4886 3584 4936 ὲν
3614 4884 3711 4945 ἐνὶ,
3759 4883 3925 4951 ἤγουν
3958 4882 4017 4933 ὲν

2455 4989 2627 5058 ένιαίᾳ
2651 4989 2741 5039 καὶ
2774 4987 2914 5057 ἀπλῇ
2946 4983 3161 5053 γνώσει,
3189 4981 3255 5033 τὰ
3298 4980 3526 5049 διάφορα
3566 4975 3818 5044 γινώσκει
3839 4992 3851 5003 ο
3877 4971 4017 5026 ἀλλά

2455 5083 2547 5134 καὶ
2570 5079 2801 5152 χορηγός
2831 5081 2944 5130 ἐστι
2978 5076 3156 5146 πάσης
3185 5072 3459 5141 γνώσεως,
3494 5069 3613 5123 καθ’
3651 5069 3716 5138 ἢν
3747 5066 4017 5134 γνώσεταί

2452 5191 2533 5235 τις
2560 5173 2651 5225 καὶ
2678 5170 2882 5231 ἑαυτὸν,
2916 5169 3007 5220 καὶ
3035 5166 3103 5219 τὰ
3128 5165 3277 5218 ἄλλα,
3311 5164 3423 5214 Οὑκ
3456 5160 3561 5231 ἄρα
3583 5160 3611 5210 ὁ
3633 5157 3763 5219 Θεὸς
3786 5156 3904 5208 κατ’
3922 5155 4019 5209 ἄλο

2452 5264 2547 5334 λην
2576 5264 2670 5334 μὲν
2696 5261 2893 5329 γνῶσιν
2922 5256 3182 5327 γνώσεται
3229 5254 3416 5306 ἑαυτὸν
3437 5292 3450 5315 ,
3495 5249 3611 5304 κατ’
3638 5249 3801 5319 ἀλλην
3842 5246 3898 5298 δὲ
3944 5247 4015 5298 τά

2452 5356 2642 5424 δημιου
2652 5354 2750 5424 ργή
2761 5368 2919 5421 ματα.
2939 5350 3000 5401 Εί
3019 5348 3146 5416 γοῦν
3168 5346 3304 5415 αὑτὴ
3326 5347 3357 5415 ἡ
3384 5342 3529 5396 αἰτία
3550 5341 3783 5399 πάντων,
3815 5336 4017 5407 ἑαυτὴν

2453 5447 2545 5498 καὶ
2571 5446 2663 5513 ἀφ’
2690 5441 2886 5511 ἑαυτῆς
2908 5438 3179 5508 γινώσκει,
3212 5436 3360 5506 πόσῳ
3390 5452 3450 5503 γε
3479 5432 3671 5504 μᾶλλον
3696 5430 3765 5482 τὰ
3800 5429 3894 5480 ἀπ’
3917 5427 4018 5479 αὑ-

2452 5539 2547 5607 τῆς
2577 5536 2879 5607 είδήσεται;
2916 5531 3048 5584 ἀλλὰ
3077 5533 3145 5601 τῇ
3182 5528 3393 5591 ἑαυτοῦ,
3429 5528 3520 5580 καὶ
3542 5525 3599 5577 οὑ
3621 5525 3685 5593 τῇ
3708 5521 3815 5574 τῶν
3842 5519 4016 5572 ὄντων

2454 5627 2748 5699 ἐπιστήμη.
2792 5626 3084 5697 Ἐπιχειρεϊ
3107 5621 3233 5691 γοῦν
3267 5624 3329 5676 ὲκ
3358 5620 3449 5673 τοῦ
3474 5618 3776 5682 ἐλάττονος,
3802 5614 3883 5669 ὅτι
3919 5611 4017 5669 καὶ
