4186 6308
189 388 296 446 885

751 383 842 439 DE
875 381 1129 439 DlVlNlS
1163 376 1562 442 NOMINIBUS,
1601 374 1760 433 CAP.
1795 373 1906 430 Vl].
1947 401 2013 416 -ι
2053 369 2398 428 PARAPHB.
2430 365 2897 426 PACHYMERE.

3324 365 3429 422 880

185 510 236 561 oi
261 505 480 574 ἄγγελοι
499 503 672 559 οἴδασι
693 502 761 555 τά
788 501 1041 572 αἰσθητὰ,
1070 500 1130 553 οὐ
1161 499 1228 554 δι’
1252 498 1552 568 αἰσθήσεως
1579 495 1742 548 αὐτοῖς

1867 493 2000 547 lucis
2038 492 2272 553 exsistit,
2330 486 2472 557 quod
2511 493 2595 540 est
2654 491 2850 538 contra
2893 479 3221 536 Mantcbmos
3289 478 3427 535 llinc

198 596 650 668 προσϐάλλοντες,
685 593 819 648 ἀλλά
862 594 951 646 διὰ.
983 593 1263 663 δυνάμεως
1298 586 1767 654 ὲπαναῦεῆηκυίας

184 690 585 754 ἐπιϐάλλοντες.
623 689 680 754 '_0
701 688 808 760 γὰρ
826 689 918 741 ἐπὶ
953 687 1047 739 τοῦ
1064 685 1269 739 Γεδεὼν
1297 686 1376 748 είς
1431 682 1527 754 τὴν
1566 681 1755 735 θυσίαν

183 783 464 840 έκόἀλλων
486 785 550 835 ὲκ
578 781 678 852 τῆς
696 781 898 851 πέτρας
921 778 1030 850 πῦρ
1060 780 1159 832 οὐκ
1179 778 1428 848 αἰσθήσει
1463 773 1603 829 οἶδεν
1622 816 1636 838 ,
1672 777 1755 828 ὅτι

183 875 480 929 καυστικὸν
507 875 568 928 τὸ
592 876 722 946 πῦρ,
768 874 844 937 ὼς
875 875 1034 944 ἡμεῖς
1055 913 1070 937 ,
1108 871 1221 925 ἀλλ’
1257 869 1511 940 ἀνωτέρω
1548 867 1753 939 τρόπῳ,

183 967 277 1018 καὶ
317 965 460 1019 κατὰ
499 965 597 1037 τὴν
636 965 839 1034 θεοειδῆ
892 962 1054 1017 αὑτοῦ
1111 962 1358 1033 δύναμιν.
1416 961 1478 1012 El
1533 958 1661 1028 γοῦν
1707 961 1754 1010 οἱ

180 1055 405 1124 ἄγγελοι
425 1055 746 1126 κρειττόνως
761 1055 794 1126 ἢ
817 1055 936 1108 κατ’
960 1053 1211 1124 αἴσθησιν
1226 1053 1400 1106 οἴδασι
1415 1050 1484 1104 τά
1497 1047 1751 1120 αἰσθητὰ,

182 1146 335 1218 πόσῳ
379 1147 575 1218 μᾶλλον
611 1149 640 1201 ὁ
677 1146 808 1210 Θεὸς
829 1145 1007 1211 ἀΰλως
1028 1144 1096 1198 τά
1128 1144 1320 1209 ἕνυλα;

1866 585 2082 653 probat,
2113 579 2410 634 secundum
2453 591 2615 630 unam
2662 573 3017 640 eamdemque
3060 570 3425 639 cognitionem

1864 677 2032 730 Deum
2063 687 2221 728 nosse
2247 679 2303 725 et
2331 669 2571 728 seipsum
2599 676 2654 721 et
2672 664 2880 728 omnia,
2906 672 3068 732 atque
3101 663 3236 717 adeo
3262 662 3424 716 etiam

1863 762 2298 821 immaterialiter
2325 757 2660 819 materialia,
2696 763 2750 810 et
2779 752 2949 808 divisa
2992 753 3245 815 indivise,
3285 752 3427 806 mul-

1859 867 2021 926 taque
2045 856 2223 920 unite;
2267 853 2536 920 siquidem
2563 846 2972 912 immaterialis,
3019 855 3074 901 et
3125 845 3424 907 individua,

1852 961 1908 1007 et
1944 953 2117 1015 unita',
2140 959 2193 1003 et
2213 946 2441 1016 simplex
2473 951 2557 999 est
2580 941 2772 998 notitia
2800 942 2914 995 Dei.
2945 939 3080 995 Cum
3107 939 3424 998 dixerimus.

1853 1044 2025 1098 Deum
2057 1047 2113 1097 in
2155 1056 2283 1106 uno,
2330 1036 2540 1092 scilicet
2571 1035 2625 1090 in
2660 1050 2764 1088 una
2823 1032 3164 1102 simplicique
3203 1029 3424 1084 creandi

1853 1135 2113 1192 facultate
2142 1173 2160 1198 ,
2190 1132 2406 1186 diversa
2428 1126 2757 1192 condidisse,
2780 1126 2860 1180 sic
2882 1124 3013 1179 etin
3045 1138 3175 1188 uno,
3214 1123 3327 1176 sive
3369 1121 3423 1174 in

183 1215 681 1311 una'simplicique
740 1241 1096 1312 cognitione,
1157 1238 1370 1294 diversa
1424 1230 2021 1308 cegnoscit;quinimo
2045 1224 2463 1294 etiamlargitor
2529 1227 2613 1276 est
2673 1218 2855 1312 omnis
2919 1215 3270 1312 cognlt‘imliS.
3328 1228 3425 1280 Ρθι·

179 1351 347 1405 quam
375 1309 571 1402 aliquis
592 1309 652 1390 et
673 1348 730 1389 se
752 1309 934 1386 et'alia
958 1329 1256 1401 cognoscit.
1282 1328 1399 1384 Non
1431 1343 1560 1398 ergo
1591 1327 1733 1381 Deus
1771 1322 2069 1378 secundum
2132 1317 2293 1372 aliam
2339 1315 2558 1384 quidem
2621 1310 2989 1382 cognitionem
3034 1309 3275 1378 seipsum
3331 1325 3425 1363 co-

179 1404 433 1497 gnoscet,
470 1427 771 1481 secundum
797 1424 958 1479 aliam
977 1440 1106 1481 vero
1135 1433 1434 1482 creaturas.
1481 1422 1617 1478 Cum
1652 1420 1840 1487 itaque
1861 1418 1972 1486 ipsa
2000 1413 2241 1470 omnium
2292 1426 2457 1467 causa
2491 1408 2731 1478 seipsam
2797 1405 2965 1460 etiam
3016 1421 3046 1458 a
3109 1404 3288 1471 seipsa
3327 1419 3422 1457 co-

175 1527 429 1590 gnoscat,
459 1528 668 1589 quanto
699 1519 874 1591 magis
904 1528 1198 1590 cognoscet
1261 1534 1325 1574 ea
1387 1531 1505 1586 quae
1546 1529 1574 1568 a
1607 1527 1667 1568 se
1731 1508 2098 1581 promanant?
2154 1513 2534 1561 verumtamen
2585 1501 2668 1556 sui
2700 1499 2891 1570 ipsius,
2948 1506 3001 1552 et
3033 1512 3140 1551 non
3197 1498 3423 1551 scientia

176 1625 374 1665 eorum
405 1624 527 1679 quae
572 1621 718 1664 sunt.
770 1609 936 1664 Infert
977 1611 1145 1680 igitur
1187 1627 1217 1664 a
1248 1612 1478 1680 miuori_,
1530 1605 1750 1677 angelos
1778 1604 1940 1658 etiam
1973 1601 2118 1655 scire
2180 1596 2485 1662 sensibilis,
2539 1609 2648 1649 non
2720 1607 2820 1663 per
2862 1606 3056 1647 sensus
3096 1591 3202 1644 illis
3257 1591 3425 1644 inlue-

179 1702 372 1764 rcndo,
395 1701 488 1756 sed
524 1716 622 1769 per
649 1702 905 1757 virtutem
936 1704 1440 1770 transcendentem,
1496 1703 1561 1756 iis
1611 1695 1968 1755 attendendo.
2035 1691 2138 1759 Qui
2190 1691 2335 1745 enim
2375 1703 2557 1742 coram
2623 1685 2879 1741 Gedeonc
2914 1684 3093 1754 ignem
3144 1683 3216 1736 iu'
3255 1685 3428 1738 sacri.

180 1791 365 1845 licium
391 1808 455 1846 ex
487 1801 639 1862 petra
671 1792 943 1860 ejiciebat,
976 1809 1081 1848 non
1106 1797 1352 1866 percepit
1386 1809 1512 1849 eum
1562 1808 1747 1856 sensu,
1782 1788 1922 1842 sicut
1962 1799 2084 1847 nos,
2128 1783 2304 1850 ignem
2337 1781 2685 1842 comburere,
2719 1776 2812 1830 sed
2877 1774 3179 1829 sublimiori
3243 1774 3424 1833 modo,

173 1893 235 1937 et
279 1884 576 1938 secundum
594 1885 913 1941 deiformetn
943 1901 1095 1941 suam
1133 1888 1414 1942 virtutem.
1462 1886 1520 1942 Si
1564 1887 1749 1953 itaque
1784 1878 1959 1950 angeli
1986 1874 2245 1947 nobiliori
2274 1873 2432 1928 modo
2468 1885 2632 1941 quam
2671 1869 2966 1925 secundum
3009 1881 3230 1921 sensum
3297 1881 3424 1918 sen-

177 1977 302 2030 silia
332 1988 689 2046 cognoscant,
717 1989 921 2049 quanto
946 1981 1118 2049 magis
1151 1981 1294 2036 Deus
1316 1977 1754 2035 immaterialiler
1793 1967 2142 2026 materialia?

249 2071 277 2141 ᾗ
318 2072 409 2123 lli.
464 2072 585 2124 Ἐπὶ
614 2072 820 2136 τούτοις
843 2075 1069 2147 ἀπορεῖ,
1119 2075 1234 2139 πῶς
1270 2077 1432 2143 ἡμεῖς
1476 2074 1565 2127 τὸν
1617 2071 1742 2124 Θεὸν

1919 2063 1947 2134 §
1989 2060 2076 2117 lll.
2096 2059 2173 2115 Ad
2197 2061 2313 2116 haec
2336 2058 2547 2129 quterit,
2569 2055 2842 2126 quomodo
2862 2054 3109 2109 dicamur
3140 2068 3238 2107 nos
3263 2067 3425 2107 nosse

172 2159 466 2229 γινώσκειν
489 2161 778 2233 λεγόμεθα,
806 2167 898 2218 καὶ
922 2166 1058 2238 ὑπὲρ
1080 2166 1146 2219 τὰ
1179 2167 1363 2237 νοητὰ,
1394 2167 1487 2220 καὶ
1513 2164 1650 2234 ὑπὲρ
1681 2160 1750 2213 τὰ

171 2253 412 2324 αἰσθητὰ
437 2254 778 2326 ὑπεροχικῶς
804 2257 951 2312 ὄντα.
999 2260 1216 2330 Ἀληθὲς
1242 2261 1370 2329 γοῦν
1397 2261 1562 2327 λέγει,
1584 2259 1748 2326 ὅτιτῇ

171 2349 342 2403 αὐτοῦ
365 2346 522 2417 φύσει
547 2348 819 2415 ἄγνωστός
853 2351 1000 2404 ἐστιν
1025 2353 1052 2404 ὁ
1091 2351 1255 2416 Θεὸς,
1290 2352 1400 2405 ἀλλ’
1443 2353 1475 2421 ἡ
1512 2350 1617 2402 τῶν
1653 2349 1750 2417 δης

174 2441 610 2513 μιουργημάτων
640 2441 888 2512 καλλονή,
919 2442 1010 2494 τὸν
1049 2445 1429 2516 γενεσιουργὸν
1450 2485 1462 2508 ,
1500 2442 1749 2496 τουτέστι

168 2531 267 2586 τὸν
306 2533 366 2584 έν
388 2531 598 2600 γενέσει
619 2533 866 2602 ποιητὴν,
889 2532 1078 2603 μηνύει
1099 2550 1112 2562 ”
1139 2536 1172 2604 ἡ
1187 2534 1295 2606 γὰρ
1314 2535 1421 2587 τῶν
1439 2536 1750 2605 κτισμάτων

167 2624 418 2690 διάταξις
448 2624 654 2688 εἰκόνες
676 2625 818 2687 τινὲς
842 2626 936 2678 καὶ
963 2625 1280 2697 ὁμοιώματα
1318 2627 1423 2680 τῶν
1448 2629 1506 2680 ἐν
1529 2627 1603 2698 τῷ
1632 2627 1750 2698 Θεῷ

172 2715 637 2786 παραδειγμάτων
669 2717 761 2768 καὶ
799 2716 1203 2788 δημιουργικῶν
1244 2717 1417 2786 λόγων
1462 2720 1586 2780 εἰσὶ,
1627 2719 1748 2771 καθ’

170 2805 268 2872 οὓς
291 2805 507 2860 ἅπαντα
539 2809 595 2859 ὲν
633 2806 778 2878 αὐτῷ
815 2807 942 2860 ὄντα
994 2809 1348 2879 παρήχθησαν
1370 2850 1383 2874 ,
1424 2807 1605 2872 καθὼς
1657 2811 1750 2862 καὶ

167 2899 230 2948 ὲν
268 2899 338 2966 τῇ
389 2896 750 2966 Ἀποκαλύψει
780 2897 872 2950 τοῦ
905 2898 1151 2966 θεολόγον
1201 2899 1439 2951 Ἰωάννου
1471 2901 1560 2952 καὶ
1589 2900 1748 2968 εὐαγ-

169 2987 424 3055 γελιστοῦ
446 2987 682 3056 λέγεται,
705 2989 785 3042 ὅτι
808 2988 875 3041 τὰ
909 2990 1087 3042 πάντα
1124 2985 1263 3059 ἦσαν
1304 2991 1397 3041 καὶ
1428 2990 1710 3058 γεγόνασιν
1730 3007 1742 3019 ·

167 3075 317 3150 ἦσαν
350 3079 461 3152 γὰρ
480 3080 547 3133 τὰ
574 3081 681 3134 τῶν
712 3081 1023 3152 κτισμάτων
1051 3081 1486 3152 παραδείγματα,
1505 3075 1577 3134 ὧν
1602 3081 1745 3134 εἰκό-

166 3189 263 3236 νες
316 3172 384 3226 τὰ
425 3173 524 3242 τῆς
572 3173 800 3237 κτίσεως
832 3173 1264 3244 ἀποτελέσματα.
1311 3175 1396 3226 Ἑν
1428 3175 1560 3225 πᾶσι
1618 3173 1745 3241 γοῦν

169 3263 437 3334 κτίσμασι
463 3264 595 3329 Θεὸς
616 3264 963 3333 γινώσκεται,
994 3265 1068 3329 ώς
1094 3267 1120 3317 ὁ
1147 3266 1396 3338 τεχνίτης
1418 3269 1475 3318 ὲν
1507 3269 1619 3329 τοῖς
1657 3284 1748 3318 τε-

168 3359 424 3428 χητοῖρ
479 3356 656 3427 πάντη
708 3357 770 3429 δὴ
811 3357 1214 3430 κεχωρισμένος
1253 3360 1373 3411 κατ’
1414 3359 1600 3411 οὐσίαν
1637 3359 1744 3412 τῶν

169 3452 426 3505 πάντων·
467 3452 777 3515 κάντεῦθεν,
811 3453 1084 3520 ἄγνωστος
1122 3452 1216 3516 ὢν,
1258 3455 1322 3507 ὲκ
1359 3454 1456 3523 τῆς
1493 3452 1743 3524 τοιαύτης

166 3545 448 3614 ἀγνωσίας
495 3544 853 3614 γινώσκεται’
903 3544 1037 3598 ἀλλὰ
1076 3547 1169 3599 καὶ
1221 3546 1308 3599 διὰ
1341 3546 1449 3598 τῶν
1489 3547 1743 3600 ἐναντίων

166 3634 523 3703 γινώσκεται,
561 3637 656 3689 καλ⁵
691 3637 778 3690 διὰ
815 3636 924 3689 τῶν
963 3636 1162 3690 θέσεων
1201 3638 1295 3690 xa'i.
1332 3637 1418 3690 διά
1457 3637 1564 3690 τῶν
1588 3639 1745 3706 ἀφαι-

171 3729 382 3798 ρέσεων
419 3727 651 3797 λέγεται.
693 3730 755 3782 Ei
781 3728 890 3800 γὰρ
929 3730 1020 3783 καὶ
1060 3729 1248 3801 πρώην
1289 3729 1488 3799 ἔλεγεν,
1531 3731 1612 3783 ὅτι
1653 3733 1743 3784 ἐπὶ

165 3819 309 3873 Θεοῦ
347 3817 469 3873 οὔτε
507 3821 690 3890 ὲπαςρή
739 3823 906 3883 ἐστιν,
948 3820 1069 3873 οὔτε
1105 3821 1319 3890 νόησις,
1375 3821 1498 3874 οὕτε
1548 3821 1701 3890 λόγος
1727 3864 1740 3887 ,

162 3911 299 3965 οὔτε
349 3928 402 3963 τι
445 3911 601 3964 ἄλλο’
639 3910 752 3964 ἀλλ’
785 3908 898 3974 οὖν,
938 3913 1025 3964 ὅτε
1069 3912 1236 3965 ταῦτα
1286 3912 1353 3965 τὰ
1394 3912 1579 3966 θετικά
1623 3914 1741 3966 θεο-

165 4003 358 4076 πρεπῆ
382 4003 624 4074 νοοῦμεν,
649 4005 742 4056 καὶ
763 4004 925 4056 αὐτοῦ
963 4005 1135 4058 ταῦτα
1172 4006 1420 4076 λέγομεν,
1463 4009 1554 4060 καὶ
1571 4008 1668 4059 οὐκ
1684 4007 1743 4071 ἐξ

164 4094 330 4167 ήμῶν
362 4099 440 4159 εἰς
477 4097 703 4159 ἐκεῖνον,
728 4093 910 4166 χώραν
948 4096 1130 4166 ἔχουσι
1185 4097 1457 4163 λέγεσθαι.
1513 4099 1574 4150 Ἠ
1613 4097 1742 4166 γοῦν

164 4184 356 4254 ἐπαφὴ
378 4185 472 4254 μὲν
489 4185 643 4255 ἡμῶν
661 4185 794 4255 πρὸς
809 4186 867 4237 τὸ
882 4185 1031 4237 Θεῖον
1052 4186 1150 4239 οὐκ
1188 4186 1352 4250 ἐστιν,
1375 4186 1555 4257 ἐπαφὴ
1577 4187 1631 4239 δὲ
1647 4187 1743 4239 αὑ-

165 4275 266 4329 τοῦ
285 4277 471 4330 ἑαυτοῦ
493 4275 833 4346 λεχθήσεται,
853 4277 1040 4349 ῶσπερ
1062 4278 1126 4349 δὴ
1141 4279 1235 4331 καὶ
1254 4277 1450 4345 γνῶσις
1499 4279 1590 4329 καὶ
1620 4279 1743 4349 νόη-

166 4387 257 4433 σις
278 4386 290 4398 ·
337 4370 392 4422 αἱ
419 4368 464 4421 δ’
482 4370 782 4438 ἀποφάσεις
812 4372 895 4438 ἐφ’
920 4371 1052 4440 ἡμῖν
1087 4369 1466 4441 ταχθήσονται,
1499 4371 1577 4422 ὅτι
1605 4370 1743 4442 ὑπὲρ

163 4460 343 4514 ταῦτα
365 4461 542 4515 πάντα
556 4462 616 4513 τὸ
637 4461 797 4524 θεῖον,
818 4462 910 4514 καὶ
926 4463 1023 4532 οὐχ
1046 4457 1154 4515 οἷόν
1170 4479 1227 4514 τε
1248 4462 1352 4514 ἀπὸ
1371 4461 1572 4517 τούτων
1589 4480 1744 4516 κατα-

163 4551 233 4604 λα
241 4551 411 4622 μῦάνε
420 4551 541 4604 σθαι
561 4551 864 4623 παρ’ἠμῶν.
883 4551 978 4605 Διά
997 4551 1152 4605 τοῦτο
1171 4554 1338 4607 καὶέκ
1355 4553 1568 4606 πάντων
1587 4554 1743 4625 ἡμῶν

162 4637 418 4705 ὑμνεῖται
439 4636 580 4691 κατά
596 4637 691 4709 τὴν
711 4639 999 4706 ἀναλογίαν
1015 4641 1248 4704 πάντων,
1281 4643 1344 4693 ὲκ
1365 4641 1472 4694 τῶν
1483 4642 1648 4696 ὄντων
1670 4643 1743 4707 ὼς

1859 2157 2045 2217 Deum,
2072 2163 2123 2207 et
2154 2168 2217 2208 ea
2250 2168 2370 2222 qua!
2403 2150 2738 2206 intellectilia
2787 2148 3117 2216 sensiliaque
3163 2155 3425 2216 superant

1853 2247 2173 2301 eminenter.
2208 2244 2403 2298 Verum
2451 2243 2640 2313 utique
2687 2241 2839 2304 dicit,
2872 2240 3040 2293 Deum
3096 2248 3285 2293 natura
3327 2255 3421 2293 sua

1854 2339 2092 2408 ignotum
2122 2334 2510 2400 exsistere,sed
2540 2343 2915 2387 creaturarum
2942 2331 3419 2399 pulchritudinem,

1853 2428 2220 2497 generationis
2252 2436 2552 2487 auctorem,
2581 2425 2632 2478 id
2659 2434 2745 2476 est
2783 2438 2973 2478 eorum
3004 2438 3126 2491 qua:
3155 2423 3421 2492 producta

1854 2526 2016 2582 sunt,
2077 2516 2462 2579 conditorem,
2523 2515 2852 2577 ostendere;
2918 2513 3182 2582 siquidem
3243 2529 3420 2568 rerum

1852 2607 2562 2676 creatarumdispositioncs
2606 2615 2733 2660 sunt
2776 2606 3040 2674 imagines
3072 2607 3318 2675 quedam
3359 2623 3423 2660 ac

1851 2701 2236 2755 similitudines
2265 2715 2454 2753 eorum
2485 2712 2608 2766 qua:
2639 2698 2692 2751 in
2719 2697 2830 2751 Deo
2855 2705 2979 2750 sunt
3006 2697 3419 2766 exemplarium,

1851 2812 1914 2850 ac
1947 2796 2166 2850 creandi
2226 2794 2523 2856 rationum,
2559 2793 2857 2847 secundum
2896 2807 3033 2859 quas
3083 2793 3264 2845 omnia
3300 2808 3424 2861 qua:

1851 2885 2096 2940 existunt
2145 2884 2197 2935 in
2243 2884 2358 2951 ipso
2383 2886 2646 2951 producta
2704 2893 2861 2948 sunt;
2901 2883 3226 2955 sicutﬁ'jl
3257 2885 3419 2938 etiam

1851 2977 1904 3030 in
1934 2975 2252 3045 Apocalypsi
2282 2973 2509 3028 Joannis
2541 2973 2772 3044 tbeol0gi
2807 2985 2860 3027 et
2902 2977 3254 3046 evangelista:
3288 2991 3422 3029 nar-

1851 3078 2027 3132 ratur,
2061 3068 2206 3135 quod
2238 3067 2417 3121 omnia
2471 3078 2630 3122 erant
2687 3077 2740 3122 et
2787 3066 3039 3132 fuerunt;
3085 3059 3211 3140 quia
3264 3078 3421 3124 erant

1849 3161 2177 3230 exemplaria
2202 3177 2384 3216 rerum
2403 3173 2731 3225 creatarum,
2757 3175 2984 3235 thrum
3009 3153 3268 3230 imagines
3294 3172 3421 3216 sunt

1851 3267 2113 3310 creatura:
2141 3256 2523 3326 perfectiones.
2569 3254 2627 3308 in
2687 3247 2954 3313 omnibus
2985 3270 3112 3324 ergo
3153 3258 3421 3310 creaturis

1851 3349 1988 3404 Deus
2008 3348 2378 3419 cognoscitur.
2401 3347 2541 3402 sicut
2566 3348 2760 3400 artifex
2786 3362 2853 3402 ex
2879 3348 3048 3401 rebus
3071 3356 3186 3402 arte
3222 3347 3378 3402 factis
3401 3395 3413 3413 ,

1848 3442 2138 3496 secundum
2168 3440 2526 3495 substantiam
2561 3454 2689 3493 vero
2716 3441 2782 3494 ab
2805 3440 3056 3494 omnibus
3086 3441 3308 3494 omnino
3339 3457 3420 3494 se-

1847 3542 2102 3604 gregatus
2124 3542 2237 3588 est:
2269 3541 2434 3601 atque
2457 3548 2579 3587 cum
2610 3533 2738 3588 hinc
2770 3534 2843 3587 sit
2878 3536 3112 3602 ignotus,
3137 3548 3203 3588 ex
3233 3534 3417 3589 istius-

1847 3627 1988 3680 modi
2032 3625 2370 3696 ignoratione
2411 3625 2786 3695 dignoscitur;
2820 3626 3068 3695 quinimo
3095 3641 3162 3679 ex
3196 3635 3414 3680 contra-

1849 3718 1945 3772 riis
1964 3719 2330 3787 cognoscitur,
2360 3717 2665 3786 diciturque
2685 3728 2793 3772 tam
2819 3734 2914 3788 per
2927 3719 3230 3786 positiones
3247 3732 3411 3786 quam

1846 3824 1943 3878 per
1970 3809 2567 3874 ablationes.'Quamvis
2599 3811 2742 3863 enim
2769 3822 2926 3865 antea
2955 3811 3157 3864 dixerit
3186 3813 3252 3865 de
3281 3811 3413 3872 Deo.

1832 3916 2020 3970 neque
2052 3909 2256 3953 tactum
2293 3913 2439 3963 esse,
2467 3915 2645 3967 neque
2680 3902 2988 3961 notL-mem,
3024 3915 3198 3970 neque
3241 3903 3412 3956 ratio-

1847 4008 1989 4055 nem,
2018 4005 2189 4059 neque
2212 3991 2507 4061 quidquam
2537 3993 2717 4058 aliud;
2763 4004 3136 4047 verumtamen
3196 3994 3416 4063 quando

1847 4084 1958 4138 haec
1991 4083 2221 4152 positiva
2244 4084 2587 4137 convenienti
2632 4085 2789 4139 modo
2827 4085 3201 4155 intelligimus,
3245 4087 3411 4140 etiam

1846 4175 1957 4229 haec
1993 4177 2156 4243 ipsius
2179 4191 2297 4229 esse
2330 4175 2588 4237 dicimus,
2623 4187 2678 4229 et
2709 4190 2813 4229 non
2849 4191 2913 4230 ex
2943 4177 3103 4231 nobis
3142 4179 3208 4232 ad
3236 4177 3408 4247 ipsum

1848 4267 2132 4321 transferri
2166 4278 2411 4336 possunt.
2466 4267 2650 4338 Itaque
2681 4277 2858 4321 tactus
2889 4269 3111 4338 quidem
3147 4271 3305 4324 nobis
3343 4272 3408 4324 ad

1848 4362 2014 4414 Deum
2047 4376 2150 4415 non
2207 4370 2314 4426 est,
2341 4363 2435 4417 sed
2470 4372 2646 4417 tactus
2679 4362 2847 4428 ipsius
2878 4364 2943 4416 ad
2993 4365 3230 4433 seipsum
3263 4367 3412 4422 dice-

1847 4465 1954 4520 tur,
2014 4456 2155 4509 sicut
2217 4457 2382 4509 etiam
2436 4457 2676 4525 cognitio
2728 4457 3021 4525 notioque;
3088 4459 3411 4528 negationes

1843 4561 1972 4601 vero
1993 4545 2409 4600 etiaminnobis
2448 4555 2745 4616 ponentur,
2774 4547 3035 4616 quoniam
3084 4563 3248 4618 supra
3289 4566 3410 4604 om-

1846 4639 1932 4692 nia
1961 4637 2060 4690 ista
2095 4636 2236 4692 Deus
2276 4648 2394 4701 est;
2427 4648 2610 4692 etnon
2645 4647 2824 4706 potest
2848 4653 2911 4691 ex
2954 4640 3038 4693 his
3080 4655 3108 4692 a
3137 4641 3290 4694 nobis
3327 4641 3410 4695 in.

160 4729 265 4792 ῶν,
298 4730 363 4781 ἐκ
390 4729 496 4781 τῶν
519 4728 731 4794 ζώντων
760 4731 833 4793 ὡς
867 4731 994 4794 ζῶν,
1032 4734 1096 4786 ὲκ
1126 4733 1234 4786 τῶν
1261 4735 1437 4804 σοφῶν
1458 4736 1533 4798 ὡς
1557 4737 1735 4804 σοφία.

1849 4729 2032 4799 telligi.
2060 4727 2268 4783 Idcirco
2294 4733 2458 4783 etiam
2488 4744 2557 4783 ex
2580 4730 2831 4784 omnibus
2862 4745 2891 4783 a
2921 4733 3077 4787 nobis
3101 4732 3410 4788 celebratur

160 4822 277 4876 Kal.
302 4821 462 4875 πάλιν
493 4824 684 4894 ἐστὶνὴ
708 4823 955 4892 θειοτάτη
975 4825 1066 4877 τοῦ
1085 4826 1217 4878 Θεοῦ
1238 4827 1456 4893 γνῶσις,
1479 4828 1548 4881 δι’
1564 4829 1738 4896 ἀγνω-

161 4911 288 4976 σίας
310 4913 684 4984 γινωσκομένη
703 4914 842 4967 κατά
861 4913 956 4985 τὴν
973 4915 1245 4986 ὑπὲρνοῦν
1264 4917 1452 4970 ’ένωσιν
1471 4919 1563 4971 καὶ
1579 4919 1736 4996 συντά-

160 5020 345 5073 φειαν,
386 5004 568 5069 καθὼς
606 4998 853 5078 ἐπιφέρει
877 5047 890 5070 ,
954 5009 1102 5073 ὅταν,
1145 5008 1336 5076 λέγων,
1377 5011 1404 5061 ὁ
1442 5010 1564 5074 νοῦς
1602 5012 1736 5064 ἀπο-

162 5094 296 5157 στάς
330 5093 441 5146 τῶν
474 5094 641 5147 ὄντων
663 5097 755 5148 καὶ
773 5097 960 5150 ἑαυτὸν
999 5098 1176 5167 ἀφεὶς,
1218 5098 1389 5170 ένωθῇ
1431 5103 1546 5163 ταῖς
1575 5102 1736 5173 ὑπερ-

159 5183 359 5255 φαέσιν
411 5183 664 5249 ἀκτῖσιν,
728 5186 1133 5259 ὲλλαμπὸμενος
1204 5189 1281 5260 τῷ
1331 5191 1733 5264 ἀνεξερευνήτῳ

159 5273 351 5345 βάθειο
391 5273 600 5327 ἐκεῖθεν
640 5277 732 5328 καὶ
768 5279 883 5330 ἐκεῖ
918 5277 1156 5348 δηλονότι
1193 5280 1362 5344 οὕτως
1408 5284 1432 5353 ἡ
1473 5282 1732 5356 ἕλλαμψις

157 5369 406 5436 γίνεται,
444 5367 534 5420 ὅτε
578 5369 750 5439 μένων
785 5372 935 5434 ἐκεῖ,
976 5371 1156 5425 πάντα
1193 5374 1286 5426 καὶ
1323 5375 1511 5428 ἑαυτὸν
1550 5378 1728 5446 ἀφεὶς,

157 5460 368 5514 ἐκεῖθεν
407 5459 756 5536 ὲλλάμπεται.
810 5463 1022 5534 Ἂφίησι
1059 5466 1115 5518 δὲ
1153 5468 1180 5518 ὁ
1219 5466 1342 5531 νοῦς
1377 5469 1729 5533 ἑαυτὸν,ὃταν

157 5553 381 5626 ἀργήσῃ
423 5553 699 5617 παντελῶς
747 5555 845 5625 τῆς
881 5546 1085 5621 οἰκείας
1125 5559 1420 5629 κινήσεως,
1464 5564 1556 5614 καὶ
1592 5561 1730 5626 ὅλως

157 5647 484 5718 ἁκινητήσῃ,
515 5647 680 5717 μηδὲν
713 5647 837 5701 ἴδιον
858 5651 1053 5704 ἑαυτοῦ
1086 5651 1242 5722 ἔχων,
1276 5655 1408 5724 μηδὲ
1446 5655 1607 5707 αὑτοῦ
1633 5657 1728 5720 ὢν,

293 5739 434 5802 ὅλως
469 5739 568 5809 τῆς
608 5739 755 5805 θείας
793 5741 1006 5812 ἐκείνης
1051 5747 1424 5818 κρυφιότητος,
1464 5747 1528 5816 ἢν
1567 5748 1728 5801 ἀλλα-

157 5829 250 5901 χοῦ
293 5829 390 5885 καὶ
428 5830 682 5905 ὲνδότητα
721 5827 857 5888 εἷπε.
899 5835 1087 5890 Καίτοι
1111 5853 1171 5908 γε
1215 5838 1333 5892 κατ’
1364 5834 1518 5894 ἄλλον
1552 5837 1726 5910 λόγον,

1847 4822 2142 4876 secundum
2171 4821 2416 4876 omnium
2449 4822 2876 4890 proportionem,
2931 4837 2996 4876 ex
3029 4825 3246 4880 entibus
3286 4836 3407 4879 lan-

1843 4930 2006 4982 quam
2027 4930 2142 4978 ens,
2167 4929 2234 4967 ex
2255 4913 2566 4969 viventibus
2586 4925 2839 4985 tauquam
2866 4916 3075 4979 vivens,
3098 4931 3163 4971 ex
3188 4920 3410 4986 sapien-

1844 5007 1986 5061 tibus
2017 5016 2273 5076 tanquam
2325 5007 2616 5075 sapientia.
2685 5008 2750 5061 Et
2791 5023 3007 5062 rursum
3045 5021 3129 5064 est
3184 5011 3410 5065 divinis-

1841 5103 1976 5156 sima
2003 5102 2093 5154 Dei
2119 5099 2376 5171 cognitio,
2405 5115 2528 5168 qua:
2560 5115 2660 5170 per
2691 5101 3091 5171 ignorationem
3122 5104 3407 5172 cognosci-

1844 5202 1932 5246 tur
1953 5195 2245 5248 secundum
2279 5194 2739 5262 supramentalem
2774 5194 3031 5250 unionem
3078 5205 3241 5264 atque
3274 5213 3408 5250 con-

1831 5284 2190 5350 junctionem,
2231 5283 2374 5338 sicut
2414 5282 2577 5338 infert
2610 5285 2846 5352 quando,
2877 5285 3147 5354 inquiens,
3183 5300 3336 5340 mens
3375 5303 3404 5341 a

1843 5377 2002 5431 rebus
2034 5377 2309 5441 recedens,
2343 5385 2398 5431 et
2431 5378 2780 5446 semetipsam
2835 5377 3116 5447 deserens,
3171 5381 3405 5449 desuper

1842 5467 2173 5537 fulgentibus
2206 5469 2371 5523 radiis
2394 5469 2604 5532 unitur,
2631 5468 2829 5538 quibus
2857 5470 2909 5524 in
2941 5470 3031 5524 illo
3056 5471 3403 5526 inscrutabili

1837 5559 2002 5612 fundo
2023 5557 2415 5622 collustratur;
2448 5559 2571 5612 inde
2598 5559 2852 5615 videlicet
2882 5569 2935 5613 et
2977 5561 3047 5615 ibi
3077 5561 3155 5616 sic
3184 5562 3242 5616 fit
3275 5563 3401 5617 illu-

1837 5651 2050 5716 stratio,
2081 5652 2296 5718 quando
2324 5650 2395 5703 ibi
2430 5666 2676 5713 manens,
2705 5653 2886 5706 omnia
2912 5661 2967 5707 et
2989 5655 3220 5723 seipsam
3247 5654 3404 5710 dese-

1840 5760 1987 5808 rens,
2055 5743 2176 5798 inde
2225 5743 2550 5798 illustratur.
2607 5744 2756 5800 Mens
2805 5756 2986 5802 autem
3052 5743 3399 5818 setnetipsam

1840 5837 2086 5907 deserit,
2141 5837 2356 5908 quando
2397 5852 2620 5908 prorsus
2645 5849 2823 5896 cessat
2864 5843 2929 5896 ab
2980 5842 3126 5898 omni
3183 5841 3403 5911 proprio
