4156 6312
788 339 895 397 887

1987 345 2045 404 S.
2091 345 2387 407 DIONYSH
2423 350 2885 411 AiiEOPAGI‘TAI

3924 377 4029 432 883

785 470 955 526 motu,
981 458 1311 530 omninoque
1351 457 1645 518 immobilis
1689 470 1793 530 est,
1831 463 1967 519 nihil
2026 466 2234 522 habens
2267 468 2353 523 sui

2459 470 2699 542 δηλονότι
2727 475 2789 528 τὸ
2817 477 2915 548 τῆς
2941 480 3229 551 ποιήσεως,
3251 481 3326 548 ὥς
3366 484 3650 560 ἐλέγομεν,
3694 493 3766 546 -ὲκ
3806 493 4030 550 πάντων

785 554 1083 623 proprium,
1116 565 1302 623 neque
1329 553 1414 609 sui
1445 569 1666 626 compos
1690 557 1978 620 exsistens,
2005 559 2100 614 sed
2128 561 2349 630 penitus

782 653 870 698 est
898 640 1065 698 divini
1099 645 1246 699 illius
1274 646 1480 711 arcani,
1528 649 1674 718 quod
1710 647 1878 705 etiam
1906 648 2034 704 alibi
2071 649 2351 706 interiori.

787 744 956 789 tatem
1009 736 1327 806 appellavit.
1382 738 1748 795 Nihilominus
1805 741 1972 796 etiam
2044 742 2342 802 secundum

785 829 948 883 aliam
982 830 1268 898 rationem,
1297 831 1547 909 videlicet
1592 832 1828 888 lictionis
1855 868 1871 897 ,
1911 842 1971 887 ut
2003 833 2344 902 dicebamus,

783 935 850 974 ex
882 921 1137 976 omnibus
1159 924 1512 992 cognoscitur
1556 937 1665 980 non
1695 925 1868 979 solum
1920 934 1983 980 ut
2029 941 2192 982 causa
2227 941 2349 995 pro-

784 1013 1072 1073 dut-tionis.
1102 1027 1290 1070 verum
1313 1016 1476 1070 etiam
1500 1017 1902 1085 conjttnetionis
1951 1031 2162 1082 eorum,
2185 1029 2348 1088 atque

782 1117 997 1174 semper
1021 1105 1112 1160 llnl
1165 1108 1410 1176 priorum
1448 1106 1788 1177 sequentium
1834 1109 2098 1179 principia
2150 1122 2350 1164 conne-

781 1204 949 1254 ctetts.
969 1215 984 1264 ;
1004 1209 1014 1218 ··
1037 1199 1242 1252 nullum
1274 1201 1418 1254 enim
1447 1201 1686 1254 medium
1717 1212 1896 1256 rerum
1921 1209 2232 1258 creatarum
2260 1216 2349 1258 va-

781 1301 965 1354 cuum,
993 1290 1050 1345 in
1083 1305 1192 1360 quo
1228 1307 1333 1348 non
1369 1292 1441 1347 sit
1489 1292 1670 1361 aliqua
1710 1302 2000 1358 creatura;
2030 1293 2344 1347 universum

781 1380 928 1434 enim
957 1381 1120 1436 rebus
1147 1381 1362 1451 plenum
1386 1396 1491 1438 est.
1520 1384 1740 1439 Etiamsi
1792 1399 1972 1440 aerem
1999 1383 2228 1450 dixeris,
2269 1392 2349 1436 ta-

781 1485 993 1529 menet
1025 1476 1138 1544 ipse
1163 1484 1414 1531 creatura
1447 1477 1666 1543 existit;
1701 1477 2000 1533 secundum
2034 1478 2134 1531 hoc
2178 1475 2344 1529 etiam

2458 563 2821 656 γινώσκεται,
2867 569 2941 642 μὴ
2985 572 3143 642 μόνον
3182 574 3259 639 ὡς
3307 575 3476 643 αἴτιος
3511 581 3613 652 τῆς
3653 588 4026 656 παραγωγῆς,

2453 655 2589 710 ἀλλά
2614 656 2710 710 καὶ
2733 658 2834 729 τῆς
2864 663 3157 732 συναφείας
3179 667 3377 734 αὐτῶν,
3409 671 3501 723 καὶ
3525 673 3702 745 ἀεὶτῷ
3739 655 3893 730 τέλει
3921 655 4029 732 τῶν

2455 746 2735 837 προτέρων
2767 749 2868 814 τὰς
2887 751 2995 805 τῶν
3021 753 3289 826 δευτέρων
3320 761 3599 816 συνάπτων
3621 765 3800 837 ἀρχάς
3818 784 3833 798 ·
3879 770 4029 825 οὐδὲν

2453 836 2563 908 γὰρ
2591 838 2756 908 μέσον
2777 842 2890 896 τῶν
2938 850 3251 919 κτισμάτων
3279 851 3469 920 κενὸν,
3513 857 3570 910 ὲν
3592 851 3638 925 ᾧ
3667 836 3767 916 οὔκ
3817 861 3940 916 ἔστι
3980 882 4029 918 τι

2451 928 2869 1004 δημιούργημα·
2925 936 3131 1010 πλῆρες
3179 940 3287 1012 γάρ
3316 945 3461 997 ἐστιν
3509 947 3654 1002 ἅπαν
3695 951 3806 1005 τῶν
3837 952 4026 1010 Mm».

2453 1021 2572 1075 Κᾶν
2601 1022 2693 1076 τὸν
2723 1025 2861 1097 ἀέρα
2884 1026 3080 1094 εἴποις,
3119 1032 3213 1084 καὶ
3260 1032 3423 1097 αὐτὸς
3451 1035 3843 1112 δημιούργημά
3880 1046 4025 1097 ἐστι·

2453 1113 2595 1168 κατά
2627 1116 2787 1171 τοῦτο
2831 1121 2922 1173 καὶ
2963 1121 3237 1192 σύμπνοια
3284 1126 3376 1180 ἐπὶ
3403 1127 3496 1182 τοῦ
3538 1132 3733 1196 παντὸς
3784 1135 4028 1205 λέγεται,

2453 1209 2615 1262 οἱονεὶ
2641 1212 2973 1278 συμπάθεια.
3019 1215 3105 1278 Ὦς
3124 1215 3254 1284 γοῦν
3284 1217 3377 1270 ἐπὶ
3396 1215 3489 1272 τοῦ
3518 1217 3654 1283 ζώου
3683 1224 3731 1293 ἦ.
3754 1223 3821 1276 σύ
3830 1229 4032 1296 μπνοιά

2451 1299 2620 1363 ἐστιν,
2663 1301 2798 1371 ὁμοῦ
2851 1303 3118 1357 πνεόντων
3139 1304 3246 1358 τῶν
3284 1304 3498 1371 ζώντων
3540 1311 3795 1368 ἁπάντων
3831 1317 4029 1387 μελῶν,

2450 1389 2620 1455 οὕτως
2643 1394 2736 1446 ἐπὶ
2763 1394 2963 1460 παντὸς
2994 1397 3320 1468 συμπάθεια.

783 1567 1120 1636 conspiratio
1164 1569 1216 1622 in
1265 1569 1523 1623 universo
1573 1569 1778 1624 dicitur
1832 1569 1990 1639 quasi
2037 1566 2342 1622 consensio.
2369 1562 2520 1618 Sicut
2555 1564 2738 1636 itaque
2771 1569 2822 1620 in
2852 1557 3073 1627 animali
3103 1574 3432 1643 conSpiratio
3493 1584 3613 1643 est,
3672 1593 3797 1634 cum
3871 1580 4026 1639 simul

781 1661 904 1716 viva
934 1662 1116 1715 omnia
1151 1663 1390 1718 membra
1418 1663 1658 1732 spirant,
1706 1664 1784 1717 sic
1827 1663 1990 1736 472
2022 1673 2077 1717 et
2100 1663 2152 1716 in
2194 1661 2444 1716 universo
2473 1660 2764 1715 consensio
2788 1662 3028 1718 exsistit.

851 1755 881 1826 ﬁ
914 1756 1003 1811 IV.
1035 1755 1199 1812 Modo
1220 1756 1353 1811 dicit
1386 1759 1574 1842 etiam,
1600 1759 1876 1826 quomodo
1915 1757 2056 1811 Deus
2107 1754 2344 1809 Verbum

783 1865 878 1905 seu
908 1851 1046 1904 ratio
1065 1852 1391 1916 celebretur,
1421 1866 1526 1910 non
1552 1853 1726 1906 solum
1779 1851 1967 1920 utique
2007 1850 2159 1920 juxta
2207 1861 2347 1917 prae-
2374 1883 2376 1886 μ

2522 1749 2549 1822 §
2594 1750 2679 1808 IV.
2725 1752 2862 1824 Ἤδη
2891 1753 3037 1822 λέγει
3071 1758 3164 1810 καὶ
3205 1757 3323 1823 πῶς
3359 1758 3514 1828 λόγος
3551 1761 3799 1832 ὑμνεῖται
3835 1765 3865 1817 ό
3899 1765 4026 1830 Θεὸς

2452 1841 2511 1894 οὐ
2553 1840 2711 1910 μόνον
2744 1842 2920 1897 τοίνυν
2953 1844 3094 1898 κατά
3144 1846 3210 1903 τὰ
3243 1851 3608 1920 προειρημένα
3631 1891 3645 1916 ,
3695 1855 3779 1906 ὅτι
3815 1857 3884 1907 ὲκ
3920 1857 4028 1909 τῶν

785 1943 948 2009 dicta,
976 1944 1236 2011 quoniam
1267 1959 1332 2000 ex
1362 1944 1569 2002 effectis
1593 1955 1851 2016 tanquam
1876 1962 2042 2002 causa
2068 1949 2349 2018 cognosci-

2454 1933 2713 1986 αίτιατῶν
2731 1934 2808 1998 ὡς
2841 1935 3012 2000 αἴτιος
3029 1936 3355 2005 γινώσκεται
3374 1978 3405 2005 ,,
3428 1941 3447 2010 (
3463 1942 3621 2005 αὐτὸς
3658 1944 3766 2014 γάρ
3818 1948 3972 1998 ἐστιν
4002 1949 4028 1999 ὁ

785 2041 877 2088 tur
901 2035 918 2101 (
943 2034 1056 2104 ipse
1084 2035 1228 2090 enim
1259 2037 1436 2091 omnis
1466 2037 1697 2093 rationis
1733 2047 1788 2093 et
1807 2037 2092 2108 sapientia:
2122 2037 2348 2109 largitor

782 2123 942 2192 est);
984 2126 1078 2180 sed
1131 2127 1256 2196 quia
1315 2141 1510 2182 causas
1557 2130 2014 2184 rerumomnium
2047 2130 2098 2183 in
2143 2145 2204 2184 se
2231 2131 2350 2198 ipso

782 2216 977 2272 habet:
1024 2218 1264 2274 rationes
1292 2219 1441 2273 enim
1473 2220 1653 2275 omnis
1694 2231 1902 2275 naturze
1947 2221 2000 2276 in
2061 2221 2176 2289 ipso
2225 2230 2352 2276 sunt

784 2317 1039 2378 tanquam
1073 2311 1124 2363 in
1158 2325 1320 2366 causa
1353 2312 1532 2366 omnis
1558 2313 1892 2380 ereationis;
1933 2313 2064 2368 idea:
2110 2328 2347 2382 namque

783 2410 839 2454 et
869 2403 1200 2471 exemplaria
1227 2418 1336 2458 non
1359 2403 1464 2458 alia
1499 2404 1552 2458 in
1579 2403 1712 2469 alio,
1743 2406 1838 2458 sed
1867 2420 1990 2459 cum
2021 2414 2238 2463 ceterae
2266 2421 2353 2458 ra-

784 2494 964 2550 tiones
993 2495 1123 2558 sint,
1176 2495 1228 2550 in
1278 2497 1394 2566 ipso
1446 2496 1739 2553 exsistunt.
1768 2498 1909 2552 Dicit
1943 2505 2123 2553 autem
2179 2499 2351 2568 ipsum

782 2581 1048 2650 Verbum,
1086 2587 1413 2656 quodetiam
1443 2601 1541 2656 per
1578 2589 1760 2644 omnia
1803 2591 1925 2645 sine
1957 2589 2353 2659 impedimento
2392 2637 2397 2642 .

780 2685 1048 2746 permeet,
1079 2677 1376 2746 omniaque
1401 2679 1562 2733 etiam
1592 2693 1767 2747 usque
1793 2680 1860 2734 ad
1890 2689 2135 2735 extrema
2161 2692 2354 2751 perva-

785 2766 879 2822 dat
905 2803 922 2830 ,
961 2767 1038 2821 uti
1083 2768 1248 2821 etiam
1295 2768 1362 2821 ad
1396 2768 1655 2824 Hebreos
1683 2768 1760 2822 ait
1795 2769 2083 2837 Apostolus
2123 2786 2139 2826 :
2193 2769 2352 2825 Vivus

780 2859 925 2914 enim
951 2874 1120 2914 sermo
1141 2870 1190 2914 et
1213 2861 1397 2930 efﬁcax
1425 2868 1475 2927 ι,
1510 2874 1567 2916 et
1593 2876 1712 2932 quae
1750 2871 2072 2931 sequuntur.
2103 2862 2180 2916 Ac
2211 2878 2351 2931 pric-

785 2951 1001 3014 sertim,
1033 2950 1156 3020 quia
1189 2966 1354 3022 supra
1385 2965 1603 3007 omnem
1656 2953 2060 3023 simplicitatem
2110 2955 2351 3022 simplex

782 3051 891 3106 est,
918 3051 974 3097 et
1001 3041 1072 3096 ab
1100 3044 1249 3098 omni
1287 3043 1519 3098 materia
1552 3043 1801 3106 liberum.
1829 3054 2040 3114 sumpta
2092 3048 2353 3101 similitu-

782 3133 911 3188 dine
936 3149 1006 3189 εχ
1030 3136 1196 3192 vcrl-o
1253 3145 1565 3191 nostrarum
1618 3138 2048 3208 cogitationum;
2097 3141 2351 3209 quoniam

783 3216 1013 3280 verbum
1040 3239 1255 3298 quoque
1282 3237 1530 3283 nostrum
1564 3231 1780 3298 quando
1810 3244 1916 3283 non
1961 3231 2243 3297 scribitur,
2285 3233 2354 3288 ab

2449 2027 2681 2099 χορηγὸς
2698 2028 2899 2091 παντὸς
2924 2029 3081 2097 λόγου
3105 2031 3196 2084 καὶ
3218 2031 3397 2101 πάσης
3418 2033 3631 2101 σοφίας·
3650 2035 3667 2104 )
3685 2035 3802 2088 ἀλλ’
3831 2037 3914 2088 ὅτι
3938 2038 4026 2090 καὶ

2448 2114 2550 2181 τὰς
2573 2115 2682 2170 τῶν
2704 2117 2871 2171 ὄντων
2900 2120 3152 2173 ἁπάντων
3180 2122 3358 2186 αῑτίας
3381 2127 3439 2175 εν
3459 2123 3633 2194 ἐαυτῷ
3661 2124 3770 2196 ἔχει
3792 2143 3806 2156 ·
3845 2128 3894 2179 οἱ
3920 2125 4026 2194 γάρ

2451 2207 2665 2277 φύσεως
2697 2209 2917 2281 ἁπάσης
2938 2211 3082 2279 λόγοι
3107 2215 3167 2266 ἐν
3198 2213 3346 2285 αὐτῷ
3369 2216 3504 2268 εἰσιν
3525 2214 3600 2280 ὡς
3643 2217 3800 2287 αἰτίῳ
3848 2218 4024 2286 πάσης

2450 2305 2835 2377 δημιουργίας·
2863 2306 2924 2358 αῖ
2955 2323 3015 2359 τε
3038 2306 3148 2378 γὰρ
3182 2308 3312 2362 ίδέαι
3339 2309 3432 2362 καὶ
3478 2309 3544 2363 τὰ
3587 2300 4020 2381 παραδείγματα,

2451 2397 2549 2466 οὐχ
2576 2395 2739 2466 ἕτερα
2777 2397 2903 2451 ὄντα
2919 2401 2978 2452 ἐν
3002 2400 3189 2471 ἑτέρῳ,
3223 2400 3355 2454 ἀλλά
3383 2403 3604 2473 νοήσεις
3643 2404 3810 2457 ἀΐδιαι
3845 2400 4018 2468 οὖσαι,

2454 2489 2510 2540 ὲν
2539 2487 2687 2559 αὐτῷ
2718 2492 2841 2544 εἰσι.
2871 2491 3034 2559 Λέγει
3061 2493 3118 2546 δὲ
3144 2493 3304 2548 αὑτὸν
3330 2493 3507 2562 λόγον,
3531 2496 3620 2547 καὶ
3648 2495 3723 2558 ὠς
3756 2495 3844 2548 διὰ
3892 2498 4021 2550 πάν-

2453 2598 2558 2634 των
2577 2581 2852 2652 χωροῦντα
2873 2583 3186 2651 ἀκωλύτως,
3213 2586 3306 2639 καὶ
3329 2585 3504 2638 πάντα
3529 2587 3806 2658 περιιόντα
3867 2589 4022 2659 μέχρι

2453 2670 2666 2724 καὶτῶν
2687 2665 2950 2745 ἐσχάτων,
2981 2674 3056 2738 ὡς
3085 2677 3176 2728 καὶ
3199 2679 3254 2729 ὲν
3282 2679 3347 2747 τῇ
3373 2677 3509 2748 πρὸς
3546 2678 3825 2749 Ἐϐραίους
3863 2680 4022 2749 φησιν

2452 2765 2482 2817 ὁ
2523 2763 2838 2828 Ἀπόστολος
2863 2782 2875 2794 ·
2905 2764 3034 2819 Ζῶν
3057 2767 3167 2836 γὰρ
3199 2770 3231 2821 ό
3258 2769 3437 2839 λόγιος
3467 2770 3562 2823 καί
3604 2770 3856 2838 ἐνεργὴς
3878 2810 3893 2832 ,
3936 2771 4024 2823 καὶ

2454 2856 2521 2911 τὰ
2559 2856 2702 2927 ἑξῆς.
2733 2857 2842 2910 Καὶ
2870 2857 2975 2929 πρὸ
3002 2857 3224 2924 τούτων,
3253 2861 3330 2916 ὃτι
3355 2862 3532 2931 πάσης
3549 2862 3847 2932 ἁπλότητος
3866 2863 4029 2933 ὑπερ.

2454 2949 2721 3019 ήπλωται,
2785 2950 2879 3006 καὶ
2918 2950 3097 3021 πάσης
3127 2950 3258 3020 ὕλης
3288 2951 3632 3017 ἁπολέλυται,
3661 2955 3724 3004 ἐκ
3764 2952 3859 3005 τοῦ
3900 2953 4025 3023 παρ’

2456 3042 2587 3112 ημῖν
2609 3040 2764 3110 λόγου
2787 3042 3212 3114 λαμϐανομένων
3236 3043 3344 3099 τῶν
3371 3045 3587 3097 ἐννοιῶν
3608 3062 3619 3076 ·
3655 3045 3768 3097 ἀλλ’
3809 3046 3890 3097 ὅτι
3933 3047 4027 3114 μὲν

2455 3135 2787 3206 ὸπαρ’ήμῖν
2815 3134 2991 3203 λόγος.
3047 3136 3136 3189 ὅτε
3187 3136 3261 3207 μὴ
3312 3137 3620 3206 γράφεται,
3677 3136 3856 3205 πάσης
3897 3135 4026 3204 ὕλης

2457 3223 2849 3298 ἀπολελυμένος
2879 3227 3015 3290 ἐστὶ,
3049 3224 3225 3295 δῆλον.
3250 3224 3376 3286 Πῶς
3404 3224 3460 3276 δὲ
3483 3225 3573 3276 καὶ
3600 3223 3822 3288 ἁπλοῦς,
3854 3225 4026 3276 καίτοι

781 3312 933 3366 omni
966 3316 1192 3370 materia
1223 3315 1452 3370 liberum
1481 3331 1605 3373 esse
1635 3327 1873 3374 constat.
1910 3319 2193 3397 Quomodp
2227 3337 2353 3378 vero

2455 3335 2519 3388 γε
2549 3317 2691 3371 εἴποι
2714 3335 2817 3382 τις,
2846 3318 2927 3371 ὅτι
2955 3321 3017 3371 ὲκ
3045 3317 3324 3387 στοιχείων
3365 3319 3456 3370 καὶ
3480 3316 3754 3370 συλλαϐῶν
3806 3317 4023 3384 σύγκειο

782 3404 949 3459 etiam
965 3405 1214 3475 simplex,
1243 3407 1431 3476 utique
1454 3408 1599 3463 dicet
1623 3408 1849 3479 aliquis,
1875 3424 1997 3464 cum
2015 3426 2080 3465 ex
2113 3413 2354 3467 elemen-

785 3497 858 3552 tis
885 3507 942 3551 et
974 3498 1195 3568 syllabis
1216 3502 1466 3556 constet?
1503 3501 1699 3557 Verum
1722 3518 1832 3558 non
1861 3505 2095 3559 dicimus
2125 3507 2350 3560 verbum

785 3591 930 3655 Quod
965 3588 1267 3659 profertur,
1315 3596 1410 3665 sed
1441 3596 1667 3650 verbum
1703 3596 2000 3662 internum,
2049 3600 2352 3651 secundum

781 3683 928 3749 quod
958 3683 1121 3736 etiam
1148 3685 1445 3740 rationales
1495 3687 1746 3741 dicimur.
1791 3688 1892 3742 Hic
1938 3689 2081 3744 Dens
2120 3690 2352 3745 Verbum

783 3788 912 3826 cum
944 3774 1014 3827 sit
1045 3775 1160 3844 ipsa
1193 3765 1407 3845 quoque
1446 3780 1668 3845 veritas,
1710 3782 1906 3835 merito
1961 3781 2124 3835 etiam
2159 3789 2239 3835 est
2273 3783 2356 3836 in-

785 3864 1028 3923 l'allibilis
1069 3869 1311 3922 omnium
1358 3871 1626 3940 cognitio.
1661 3873 1802 3938 Quid
1837 3875 1909 3927 sit
1943 3882 2120 3927 autem
2167 3876 2356 3943 cogni-

785 3956 884 4021 tio,
915 3959 1105 4012 statim
1133 3958 1415 4032 aubjungit
1441 3961 1660 4022 dicens:
1687 3957 1882 4017 Divina
1921 3963 2073 4028 fides,
2110 3979 2231 4034 qua:
2271 3973 2356 4019 est

785 4061 1044 4107 constans
1075 4051 1315 4108 ﬁdelium
1365 4055 1809 4122 ﬁrmamentum,
1861 4055 2098 4112 l'undans
2147 4056 2269 4112 illos
2297 4057 2352 4111 in

785 4143 1043 4208 veritate,
1074 4153 1240 4214 atque
1270 4146 1325 4200 in
1353 4147 1486 4221 ipsis
1510 4149 1826 4214 veritatem,
1858 4148 1929 4203 ita
1967 4157 2029 4204 ut
2048 4149 2181 4206 ﬁdes
2211 4149 2358 4204 veri-

787 4235 918 4288 tatis
954 4236 1083 4305 quid
1116 4251 1280 4294 unum
1335 4239 1431 4292 liat
1457 4254 1581 4295 cum
1613 4242 2001 4308 credentibus;
2056 4255 2162 4297 non
2195 4257 2356 4297 secus

786 4342 857 4380 ae
889 4326 944 4381 in
972 4328 1092 4398 igne
1119 4327 1324 4392 ferrum
1357 4332 1486 4400 quid
1510 4347 1677 4387 unum
1702 4334 1762 4387 lit
1789 4350 1909 4388 cum
1935 4349 2020 4397 eo.
2053 4336 2356 4404 eademque

785 4428 1048 4485 operatur
1074 4435 1196 4489 qua:
1223 4422 1383 4492 ignis.
1411 4423 1618 4480 Idcirco
1647 4435 1753 4479 tam
1780 4425 1914 4480 ﬁdes
1939 4440 2103 4494 quam
2127 4428 2356 4482 credeno

788 4519 871 4564 tcs
903 4511 1120 4579 operari
1159 4511 1389 4567 dicitur:
1438 4514 1708 4583 siquidem
1733 4517 2025 4571 credentes
2051 4517 2353 4584 simplicem

787 4603 1082 4671 quamdam
1137 4606 1506 4674 cognitionem
1562 4608 1766 4664 habent
1817 4609 2039 4665 minime
2095 4610 2350 4675 divisam,

789 4692 1124 4760 minimeque
1153 4694 1370 4750 dubiam
1395 4713 1410 4762 ;
1432 4699 1686 4765 quoniam
1723 4700 1963 4770 cognitio
1996 4713 2082 4754 res
2111 4700 2355 4770 cegnitas

789 4796 912 4835 cum
943 4788 1400 4854 cognoscentibus
1430 4790 1569 4854 unit,
1613 4790 1889 4857 ignoratio
1922 4807 2050 4845 vero
2077 4791 2355 4861 ignoranti

790 4873 1016 4929 exsistit
1052 4889 1216 4929 caiisa
1246 4877 1562 4944 divisionis;
1605 4881 1874 4949 siquidem
1906 4881 2164 4951 ignorans
2204 4897 2356 4936 men-

796 4974 902 5024 tem
936 4967 1098 5024 habet
1118 4968 1545 5036 inconstantem,
1570 4981 1627 5026 et
1662 4973 1716 5027 in
1744 4975 1908 5028 multa
1940 4975 2190 5028 divisam.
2223 4975 2354 5026 bium

792 5058 979 5128 itaque
1003 5061 1096 5129 qui
1127 5063 1300 5117 credit
1322 5066 1374 5118 in
1413 5065 1672 5130 veritate,
1699 5066 1834 5119 nihil
1861 5085 1890 5120 a
1920 5066 2043 5120 ﬁdei
2079 5066 2356 5120 domicilio

791 5169 856 5208 ac
881 5154 1238 5211 fundamento
1268 5157 1584 5216 dimovebit.
1625 5158 1726 5225 Qui
1763 5159 1978 5228 itaque,
2007 5159 2162 5228 juxta
2213 5160 2357 5227 Apo-

791 5246 988 5300 stolum
1012 5256 1075 5313 γ,
1105 5247 1159 5301 in
1193 5249 1428 5304 tenebris
1450 5249 1765 5320 ignorantia:
1781 5250 1998 5305 exsistit
2026 5266 2214 5306 errore
2238 5252 2356 5317 ipso

791 5339 1086 5405 ﬂuctuans,
1113 5341 1495 5398 circumfertur
1517 5344 1666 5398 omini
1696 5355 1856 5399 vento
1882 5344 2135 5412 nequitia:
2180 5342 2357 5396 homi-

795 5450 951 5499 num,
982 5435 1122 5490 sicut
1145 5435 1220 5490 illi
1252 5432 1342 5504 qui
1367 5436 1418 5489 in
1449 5436 1581 5489 mari
1611 5445 1933 5505 tempestate
1958 5436 2252 5504 agitantur,
2302 5444 2358 5488 et

791 5528 1112 5582 existimant
1133 5527 1425 5584 Gnosticos
1459 5529 1736 5594 insanire;
1767 5531 1910 5585 sicut
1941 5530 2106 5585 etiam
2162 5528 2353 5582 Festus

793 5621 961 5678 Paulo
987 5622 1266 5678 veritatem
1283 5622 1603 5692 prmdicanti
1631 5621 1835 5677 aiebat:
1852 5620 2089 5686 lnaum'a,
2114 5617 2282 5673 Paule
2303 5630 2344 5674 ι.

867 5802 894 5836 κ
926 5796 1085 5854 licbt'.
1121 5814 1192 5865 l“,
1231 5797 1313 5855 l2.
1396 5808 1419 5848 δ’
1453 5799 1646 5868 Ephcs.
1677 5815 1746 5868 tv,
1786 5799 1863 5854 li.

1946 5808 1966 5837 ι
2001 5798 2118 5854 Act.
2157 5812 2298 5860 xm",
2329 5795 2416 5849 “li.

2453 3425 2577 3472 ταις
2632 3407 2770 3462 Ἀλλ’
2792 3409 2850 3460 οὐ
2894 3408 3123 3478 λέγομεν
3145 3408 3234 3462 τὸν
3269 3407 3623 3480 προφορικδν,
3648 3405 3781 3460 ἀλλὰ
3805 3407 3895 3459 τὸν
3943 3408 4023 3458 ἐν*

2454 3501 2731 3566 διάθετον,
2783 3501 2903 3554 καθ⁹
2940 3501 2998 3554 ὃν
3054 3501 3148 3554 καὶ
3199 3501 3404 3568 λογικοὶ
3453 3500 3742 3570 λεγόμεθα.
3798 3493 4018 3560 Οὗτοςό

2455 3592 2585 3655 Θεὸς
2608 3593 2835 3664 λόγος,ή
2863 3594 3002 3664 αὐτὴ
3025 3595 3117 3646 καὶ
3133 3592 3208 3663 τῷ
3235 3593 3346 3646 ὄντι
3371 3588 3505 3646 οὖσα
3533 3592 3777 3663 ἀλήθεια,
3806 3591 4019 3652 εἰκότως

2456 3683 2574 3740 ἐστὶ
2601 3688 2695 3741 καὶ
2724 3685 2965 3757 ἀπλανὴς
2985 3685 3094 3744 τῶν
3127 3686 3263 3738 ὅλων
3285 3686 3508 3754 γνῶσις.
3543 3685 3606 3736 Τί
3633 3683 3688 3738 δέ
3730 3687 3846 3737 εστι
3884 3683 4018 3751 γνῶ-

2458 3797 2560 3843 σις,
2592 3778 2752 3842 εὐθὺς
2781 3779 3155 3842 ὲπισυνάπτει,
3193 3778 3478 3839 διδάσκων,
3527 3777 3588 3831 Ἠ
3618 3776 3737 3828 θεία
3763 3776 3957 3838 πίστις,
3985 3779 4012 3844 η

2458 3870 2682 3940 μόνιμος
2705 3869 2813 3922 τῶν
2843 3869 3219 3938 πεπεισμένων
3247 3868 3471 3939 ἵδρυσις,
3502 3869 3534 3938 ἡ
3558 3867 3871 3937 ὲνιδρύουσα
3899 3867 4015 3928 τοὺς

2456 3959 2805 4021 πιστεύοντας
2835 3962 2901 4030 τῇ
2934 3960 3180 4030 ἀληθείᾳ,
3210 3959 3304 4012 xui.
3339 3957 3435 4030 τὴν
3475 3957 3732 4029 ἀλήθειαν
3775 3959 3885 4020 τοῖς
3933 3973 4014 4007 πι-

2457 4050 2859 4118 στεύουσιν,γώς
2897 4050 3142 4119 γίνεσθαι
3161 4049 3391 4113 ταύτοὺς
3427 4049 3525 4119 τήν
3552 4065 3613 4100 τε
3641 4048 3741 4116 τῆς
3772 4046 4014 4116 ἀληθείας

2456 4142 2636 4195 πίστιν
2654 4141 2746 4196 καὶ
2775 4142 2901 4204 τοὺς
2927 4141 3279 4204 πιστεύοντας
3299 4157 3313 4170 ο
3332 4141 3519 4211 ὥσπερ
3543 4138 3652 4210 γὰρ
3671 4143 3699 4192 ὁ
3722 4141 3778 4192 ἐν
3793 4138 3869 4208 τῷ
3892 4137 4012 4209 πυρὶ

2459 4234 2672 4307 σίδηρος
2693 4233 2892 4297 ταύτὸς
2922 4232 2998 4302 τῷ
3039 4234 3169 4304 πυρὶ
3195 4233 3422 4302 γίνεται,
3447 4234 3538 4285 καὶ
3575 4233 3789 4302 ἐνεργεῖ
3827 4232 3924 4284 ὅσα
3959 4232 4012 4281 τὸ

2456 4329 2583 4400 πῦρ.
2622 4328 2720 4382 Διὰ
2742 4326 2902 4379 τοῦτο
2918 4325 3133 4394 λέγεται
3159 4327 3250 4380 καὶ
3287 4325 3384 4396 τὴν
3417 4324 3596 4379 πίστιν
3638 4326 3877 4395 ἐνεργεῖν
3927 4323 4012 4374 καὶ

2453 4429 2578 4491 τοὺς
2607 4426 2990 4489 πιστεύοντας·
3047 4428 3095 4478 oi
3137 4423 3245 4495 γὰρ
3293 4422 3644 4493 πεπεισμένοι
3682 4421 3856 4491 ἁπλῆν
3902 4437 4010 4472 τινα

2455 4518 2655 4586 γνῶσιν
2685 4516 2886 4587 ἔχουσι,
2916 4518 3008 4570 καὶ
3032 4518 3093 4575 οὐ
3122 4515 3455 4592 διῃρημένην
3482 4530 3539 4568 τε
3569 4515 3660 4566 καὶ
3705 4512 4008 4584 ἀμφίϐολον,

2458 4610 2538 4661 ὅτι
2570 4609 2602 4678 ή
2638 4607 2859 4675 γνῶσις,
2894 4608 2963 4665 τά
2987 4624 3046 4660 τε
3088 4606 3434 4675 γινώσκοντα
3474 4604 3568 4656 καὶ
3605 4602 3673 4655 τὰ
3714 4603 4010 4672 ἐγνωσμένα

2463 4702 2588 4764 ἑνοῖ,
2614 4703 2646 4772 ἡ
2672 4700 2727 4753 δὲ
2746 4700 2946 4767 ἄγνοια
2969 4698 3283 4768 διαιρέσεως
3308 4695 3455 4750 αἰτία
3475 4695 3551 4770 τῷ
3567 4693 3842 4762 ἀγνοοῦντι
3879 4693 4006 4760 γίνε-

2459 4809 2580 4846 ται·
2620 4793 2649 4844 ὁ
2680 4791 2789 4862 γὰρ
2815 4791 3020 4858 ἀγνοῶν
3063 4789 3175 4863 ἔχει
3226 4789 3287 4841 τὸ
3329 4787 3428 4857 τῆς
3473 4786 3696 4856 γνώμης
3746 4784 4005 4854 ἀνίδρυτον

2462 4885 2555 4938 καὶ
2587 4886 2664 4946 είς
2690 4883 2856 4936 πολλὰ
2889 4881 3259 4954 μεριζόμενον.
3289 4880 3390 4931 Τὸν
3412 4878 3541 4947 γοῦν
3567 4881 3624 4931 ὲν
3665 4876 3886 4948 ἀληθείᾳ
3925 4892 4003 4926 πι-

2464 4975 2718 5028 στεύοντα
2737 4976 2889 5027 οὐδὲν
2912 4976 3229 5044 ἁποκινήσει
3252 4973 3349 5042 τῆς
3376 4971 3515 5026 κατὰ
3531 4971 3626 5042 τὴν
3644 4970 3820 5023 πίστιν
3841 4969 4004 5031 ἑστίας

2461 5084 2520 5119 τε
2552 5068 2646 5120 καὶ
2675 5067 2949 5137 ἱδρύσεως.
2994 5066 3049 5118 'O
3083 5066 3180 5136 μὲν
3209 5060 3298 5117 οὖν
3321 5063 3460 5118 κατά
3481 5065 3571 5118 τὸν
3620 5063 3926 5116 Ἀπόστολον
3954 5065 4002 5115 ἐν

2457 5159 2534 5230 τῶ
2559 5159 2734 5228 σκότῳ
2762 5159 2859 5228 τῆς
2889 5155 3111 5224 ἀγνοίας
3132 5155 3225 5220 ὢν,
3271 5155 3377 5207 ὑπὸ
3419 5155 3520 5224 τῆς
3570 5153 3776 5222 πλάνης
3818 5153 3999 5221 ταύτης

2461 5245 2834 5315 σαλευόμενος,
2865 5243 3218 5314 περιφέρεται
3245 5243 3406 5296 παντὶ
3452 5241 3636 5311 ἀνέμῳ
3669 5242 3766 5311 τῆς
3791 5242 3893 5294 τῶν
3917 5244 3997 5294 ἀν-

2459 5339 2689 5410 θρώπων
2714 5339 2953 5401 κυϐείας,
2978 5337 3166 5408 ὥσπερ
3192 5338 3240 5390 οἱ
3272 5339 3332 5388 ἐν
3367 5335 3591 5403 πελάγει
3629 5335 4000 5403 κλυδωνιζόμε-

2459 5453 2557 5498 νοι,
2583 5435 2676 5488 καὶ
2696 5433 2903 5503 νομίζει
2947 5433 3143 5502 μᾶλλον
3178 5430 3302 5492 τοὺς
3336 5430 3376 5482 Γ
3377 5430 3669 5492 νωστικοὺς
3715 5427 3996 5498 μαίνεσθαι,

2462 5528 2535 5591 ὡς
2573 5528 2666 5579 καὶ
2686 5528 2712 5578 ὁ
2733 5526 2940 5597 Φῆστός
2971 5542 3101 5595 φησι
3127 5523 3201 5593 τῷ
3218 5521 3413 5592 Παύλῳ
3431 5539 3497 5592 κη
3508 5520 3747 5591 ρύττοντι
3774 5519 3870 5588 τὴν
3889 5518 3998 5585 ἀλή-

2462 5623 2627 5676 θειαν·
2655 5620 2871 5688 Μαίνῃ,
2895 5618 3112 5673 Παῦλε.
3159 5617 3215 5669 ὐ
3251 5614 3306 5667 δὲ
3344 5613 3638 5682 γνωστικὸς
3671 5612 3763 5666 καὶ
3793 5609 3868 5680 τῷ
3904 5609 3997 5663 ὄντι
