4186 6308
226 400 336 460 889

1255 400 1342 455 DE
1380 396 1631 455 DIVINIS
1669 397 2067 464 NOMINIBUS,
2107 398 2259 455 CAP.
2293 396 2429 453 VIII.

3379 393 3485 448 890

226 518 576 592 Χριστιανὸς,
603 518 697 574 ἀτε
719 520 783 589 τῇ
811 517 1037 591 ἀληθείᾳ
1063 519 1223 588 γνοὺς
1253 518 1344 572 τὸν
1379 516 1644 588 Χριστὸν,
1707 516 1794 572 ml

1905 515 2252 572 Christianus
2278 522 2460 568 autem
2487 525 2614 566 vere
2649 510 2945 581 gnosticus,
2965 518 3150 581 utpote
3167 525 3295 566 vere
3322 509 3474 574 Chri-

223 612 298 666 δι’
333 610 499 668 αὑτοῦ
529 611 628 681 τὴν
673 610 1001 678 Θεογνωσίαν
1045 611 1405 682 κτησάμενος,
1461 608 1558 683 τὴν
1598 610 1794 664 ἑνιαίαν

1900 619 2056 665 stum
2094 619 2452 677 cognoscens,
2480 612 2536 658 et
2563 601 2726 675 473
2755 619 2852 673 per
2885 603 3059 672 ipsum
3088 602 3182 658 Dei
3214 603 3481 673 cognitio-

224 703 375 774 λιγω
404 707 504 777 τῆς
534 705 792 776 ἀληθείας
836 702 1059 773 γνῶσιν.
1115 703 1352 758 Ἑνιαίαν
1397 702 1508 776 γὰρ
1549 703 1649 776 τὴν
1681 703 1804 759 καθ’

222 798 378 869 ἡμᾶς
411 796 592 854 πίστιν
622 793 1018 866 molucam-dic
1050 793 1228 864 ἀπλῆν
1259 811 1320 847 τε
1354 795 1448 849 καὶ
1478 794 1806 868 ἀπλανῆτὴν

219 889 321 942 τοῦ
354 889 524 952 ὅντως
555 886 787 956 ἀληθοῦς
802 886 1152 958 κηρύγματος
1168 884 1396 955 ἔχουσαν
1414 887 1633 956 γνῶσιν.
1667 889 1806 954 Ἑξέ-

223 977 534 1050 στηκετμὲν
578 976 657 1047 τῷ
690 977 908 1046 κόσμῳ,
960 975 1034 1046 μὴ
1075 973 1150 1028 ὢν
1199 977 1257 1027 ὲν
1297 978 1364 1046 τῇ
1413 980 1648 1048 κοσμικῇ
1694 977 1803 1034 τῶν

219 1069 472 1123 ἀπίστων
503 1068 696 1144 γνώμῃ
727 1085 788 1120 τε
820 1069 914 1124 καὶ
963 1067 1159 1140 πλάνῃ,
1217 1067 1408 1120 ἑαυτὸν
1454 1069 1512 1122 δὲ
1545 1067 1802 1137 γινώσκει

220 1159 496 1228 νήφοντα,
539 1160 632 1212 καὶ
675 1158 1090 1230 ἀπηλλαγμένον
1134 1158 1236 1228 τῆς
1269 1157 1638 1222 πολυπλανοῦς
1670 1160 1801 1212 ἀπι-

219 1249 409 1313 στίαςο
445 1250 526 1304 διὸ
556 1251 649 1304 καὶ
682 1251 805 1304 καθ’
839 1250 1075 1322 ἑκάστην
1109 1250 1322 1321 ἡμέραν
1364 1250 1802 1321 ἀποθνήσκουσιν

221 1344 369 1415 ὑπὲρ
399 1343 498 1414 τῆς
530 1343 805 1414 ἀληθείας,
841 1345 900 1396 οὐ
928 1344 1086 1414 μόνον
1119 1344 1212 1396 καὶ
1248 1342 1409 1414 μέχρι
1442 1341 1671 1396 θανάτου
1693 1361 1809 1397 κιν-

212 1434 534 1499 δυνεύοντες
566 1437 820 1491 ἑκάστοτε
853 1434 941 1489 διὰ
986 1434 1082 1505 τὴν
1111 1433 1367 1504 ἀλήθειαν
1386 1473 1400 1497 ,
1445 1433 1579 1486 ἀλλά
1613 1436 1706 1487 καὶ
1736 1438 1802 1506 τῇ

217 1528 468 1598 ἀγνωσία
497 1527 852 1591 τελευτῶντες
887 1528 1219 1597 πάντοτε,τῇ
1253 1525 1309 1578 δὲ
1342 1523 1539 1594 γνώσει
1573 1522 1796 1589 ζῶντες,

214 1619 317 1672 καὶ
351 1619 675 1690 Χριστιανοὶ·
703 1635 878 1689 μαρτυ
888 1617 980 1689 ροὺ
989 1634 1156 1696 μενοι.

555 1865 1200 1951 ΚΕΦΑΛΑΙΟΝ
1274 1866 1398 1949 Η’.

211 2004 360 2072 Περὶ
406 2003 729 2073 δυνάμεως,
755 2005 1159 2071 δικαιοσύνης,
1209 2010 1522 2071 σωτηρίας,
1561 2004 1786 2058 ἀπολυ-

435 2073 724 2142 τρώσεως,
749 2076 818 2129 ἐν
839 2074 884 2140 ᾧ
906 2076 1002 2130 καὶ
1027 2077 1158 2143 περὶ
1191 2075 1564 2142 ἀνισότητος.

1914 715 2059 766 nem,
2092 713 2279 763 unam,
2319 698 2570 766 inquam,
2601 697 2848 750 veritatis
2887 694 3256 764 cognitionem
3307 697 3486 764 possi-

1911 793 2065 847 dens.
2102 788 2275 846 Unam
2301 797 2484 843 autem
2513 787 2730 844 vocavit
2763 787 2920 842 iidem
2970 797 3236 850 nostram,
3293 797 3486 856 utpote

1910 878 2214 950 simplicem
2241 889 2298 932 et
2322 875 2660 932 inlallibilem
2685 891 2828 930 verae
2853 876 3262 944 praedicationis
3291 875 3475 946 cogni-

1913 972 2114 1026 tionem
2170 969 2481 1025 habentem.
2534 967 2629 1023 Est
2657 967 2876 1037 quidem
2910 979 3066 1022 extra
3088 968 3352 1021 mundum
3389 983 3479 1037 po-

1911 1065 2042 1128 sita,
2067 1079 2192 1119 cum
2225 1061 2449 1116 minimc
2477 1070 2728 1119 versetur
2755 1061 2808 1114 in
2855 1061 3130 1114 mundana
3175 1060 3477 1116 intldeliuut

1910 1155 2140 1211 scientia
2189 1163 2245 1209 et
2291 1167 2508 1218 errore,
2559 1152 2798 1226 seipsum
2832 1163 3012 1218 autem
3067 1154 3347 1223 cognoscit
3390 1169 3480 1208 so-

1910 1247 2114 1311 brium,
2147 1255 2202 1302 et
2232 1259 2262 1299 a
2295 1245 2588 1314 multivago
2626 1245 2948 1299 inﬁdelitate
2979 1246 3300 1306 liberatum;
3330 1246 3485 1300 ideo-

1910 1355 2014 1412 que
2047 1339 2294 1410 quotidie
2338 1354 2434 1407 pro
2466 1339 2697 1392 veritate
2745 1339 3074 1402 moriuntur.
3125 1356 3231 1395 non
3270 1350 3481 1393 tantum

1910 1443 2082 1496 usque
2106 1430 2174 1485 ad
2204 1441 2455 1494 mortem,
2491 1429 2544 1486 in
2584 1430 2703 1486 dies
2733 1440 2961 1500 propter
2993 1431 3282 1486 veritatem
3333 1432 3480 1502 peric

1907 1521 2185 1587 clitantes,
2211 1524 2307 1578 sed
2337 1524 2500 1577 etiam
2547 1538 2766 1591 semper
2802 1518 3123 1593 ignorantiae
3146 1525 3469 1587 morientes,

1902 1612 2199 1680 cognitioni
2247 1627 2374 1666 vero
2404 1615 2672 1676 viventes,
2702 1625 2756 1669 et
2784 1613 3080 1668 Christiani
3111 1613 3471 1682 comprobati.

2332 1869 2714 1959 CAPUT
2786 1871 3069 1957 VIII.

1897 2003 1971 2058 De
1995 2001 2506 2072 potentia,.justitia,
2543 2003 2735 2063 salute,
2765 2007 3119 2072 redemptione
3143 2022 3164 2071 ;
3199 2005 3288 2058 ubi
3315 2004 3476 2058 etiam

2445 2075 2519 2128 de.
2551 2073 2930 2144 intt'qttalitute.

1527 2227 1862 2284 SYNOPSIS
1901 2225 2196 2283 CAPITIS.

213 2343 253 2397 I.
294 2340 453 2414 Petit,
479 2345 736 2413 quomodo
770 2343 929 2407 Deus,
955 2346 1045 2412 qui
1069 2355 1142 2399 est
1168 2361 1329 2410 supra
1360 2359 1563 2396 omnem
1597 2345 1840 2397 virtutem
1877 2360 1940 2396 ac
1981 2354 2311 2414 potestatem,
2357 2345 2511 2398 etiam
2555 2345 2720 2397 uirtus
2749 2362 2840 2398 seu
2888 2353 3120 2414 potestas
3154 2344 3474 2414 appelletur.

289 2413 354 2466 II.
384 2410 546 2476 Dicit,
587 2414 751 2466 Deum
781 2410 1023 2468 uirtutem
1071 2432 1159 2468 seu
1185 2423 1492 2484 potestatem
1529 2415 1844 2479 nuncupari,
1878 2430 1944 2466 ea:
1978 2431 2038 2465 eo
2074 2413 2214 2480 quod
2249 2415 2697 2484 omnipotenssit,
2725 2427 2773 2467 et
2805 2410 2976 2468 omnis
3008 2410 3304 2468 virtutisne
3329 2428 3477 2484 pote-

283 2484 444 2536 statis
473 2494 678 2536 auctor.
711 2486 794 2540 Ill.
825 2485 1090 2551 Ostendit,
1115 2482 1376 2554 quomodo
1399 2485 1579 2554 divina
1601 2484 1980 2554 omnipotentiu
2013 2496 2200 2537 cuncta
2235 2487 2502 2550 pervadat.
2532 2483 2618 2536 IV.
2649 2482 2803 2537 [lane
2828 2486 3028 2553 angelis
3053 2502 3257 2538 omnem
3292 2482 3389 2539 tum
3416 2505 3481 2541 ac

285 2561 615 2620 potestatem,
641 2571 746 2623 qua
776 2555 990 2620 pollent,
1028 2553 1304 2620 impertiri.
1337 2554 1398 2609 V.
1430 2553 1686 2609 Similiter
1706 2553 1960 2615 homines,
1990 2554 2267 2615 animalia,
2296 2567 2585 2620 cwteraque
2617 2556 2791 2607 omnia
2819 2559 3164 2608 corrobornre
3179 2569 3224 2607 et
3252 2558 3305 2607 in
3332 2567 3477 2610 statu

284 2639 383 2676 suo
414 2639 736 2679 conservare.
767 2625 851 2680 Vl.
874 2625 1228 2688 Demonstrat,
1247 2641 1464 2679 summa:
1491 2640 1600 2677 esse
1619 2625 1882 2690 polentiw,
1901 2627 2040 2692 quod
2065 2623 2203 2675 Deus
2226 2625 2554 2692 semetipsum
2578 2640 2765 2692 negare
2785 2642 2887 2677 non
2908 2627 3098 2692 possit.
3127 2623 3234 2692 νυ.
3270 2624 3477 2692 Tradit,

285 2693 427 2764 unde
455 2692 590 2764 Deus
617 2695 776 2764 etiam
793 2695 1006 2764 justitia
1033 2687 1324 2762 appelletur
1363 2695 1578 2764 ejusque
1605 2687 1794 2747 munus
1822 2687 2048 2763 expleat.
2081 2692 2213 2748 VIII.
2243 2691 2353 2748 Cur
2382 2695 2519 2747 Deus
2555 2687 2817 2763 relinquat
2851 2687 3033 2749 initae
3058 2687 3254 2749 mutulo
3272 2687 3479 2753 sanctos

280 2763 461 2832 afﬂigi.
493 2761 582 2815 IX.
617 2761 768 2818 Unde
792 2761 932 2819 Deus
958 2761 1118 2820 etiam
1147 2767 1294 2820 salus
1321 2761 1651 2835 nuncupetur
1690 2781 1751 2816 ac
1783 2761 2094 2832 redemptio.

1779 2900 1902 2976 ει.

297 3040 434 3092 Ἀλλ’
465 3039 651 3111 ἐπειδὴ
685 3039 783 3109 τὴν
837 3037 985 3092 Θείαν
1017 3038 1320 3111 ἀληθότητα
1355 3041 1448 3095 καὶ
1483 3040 1789 3111 ὑπέρσοφον

1974 3036 2081 3090 Sed
2117 3051 2239 3090 cum
2274 3036 2512 3089 divinam
2557 3035 2848 3092 veritatem
2894 3052 2958 3093 ac
3008 3051 3338 3108 supraquam
3389 3055 3479 3095 sa-

206 3132 409 3201 σοφίαν
451 3131 545 3184 καὶ
583 3129 658 3194 ὡς
703 3129 928 3200 δύναμιν
964 3128 1190 3198 ὑμνοῦσι
1224 3136 1318 3183 καὶ
1343 3131 1418 3194 ὡς
1446 3129 1790 3200 δικαιοσύνην

1900 3129 2131 3200 pientem
2177 3130 2521 3197 sapientiam,
2549 3138 2610 3183 ut
2649 3133 2950 3199 potentiam
2986 3148 3204 3202 quoque
3238 3144 3289 3189 et
3314 3131 3478 3202 justi?-

202 3229 258 3281 οἱ
289 3224 545 3293 θεολόγοι,
570 3225 664 3276 καὶ
697 3223 966 3294 σωτηρίαν
991 3222 1156 3293 αὐτὴν
1179 3221 1510 3277 ἀποκαλοῦσι
1540 3223 1633 3274 καὶ
1659 3223 1790 3274 ἀπο-

206 3318 500 3388 λύτρωσιν,
553 3317 684 3387 φέρε
729 3315 820 3368 καὶ
841 3314 1070 3379 ταύτας,
1110 3315 1184 3378 ὼς
1234 3315 1451 3384 ἐφικτὸν
1500 3316 1650 3386 ἡμῖν,
1691 3314 1791 3378 τὰς

200 3409 521 3479 οεωνυμίας
541 3407 952 3478 ἀναπτύξωμεν.
985 3409 1094 3461 Καὶ
1131 3409 1211 3461 ὅτι
1252 3408 1348 3484 μὲν
1373 3411 1405 3478 ἡ
1435 3407 1660 3479 Θεαρχία
1689 3407 1792 3460 πά-

207 3519 315 3573 σης
347 3499 622 3571 ἐξῄρηται,
655 3501 748 3552 καὶ
773 3499 1027 3570 ὑπερέχει
1055 3499 1155 3569 τῆς
1177 3499 1322 3562 ὅπως
1357 3500 1484 3551 ποτὲ
1504 3499 1598 3551 καὶ
1627 3497 1792 3568 οὔσης

206 3591 310 3646 καὶ
338 3589 724 3660 ὲπινοουμένης
770 3589 1068 3660 δυνάμεως,
1115 3589 1215 3641 οὐκ
1256 3584 1405 3659 οἶμαί
1444 3606 1564 3641 τινα
1595 3588 1703 3641 τῶν
1735 3590 1790 3640 ὲν

205 3687 328 3744 τοῖς
376 3683 539 3745 θείοις
569 3681 768 3750 λογίοις
807 3681 1258 3752 ὲντεθραμμένων
1303 3684 1516 3750 ἀγνοεῖν
1541 3698 1554 3712 ·
1597 3681 1794 3734 πολλα-

205 3776 312 3851 χοῦ
345 3775 454 3845 γὰρ
480 3777 512 3845 ἡ
541 3772 786 3840 Θεολογία
815 3774 907 3825 καὶ
928 3772 1026 3842 τὴν
1059 3773 1283 3843 κυρείαν
1309 3773 1468 3843 αὐτῇ,
1495 3773 1588 3824 καὶ
1612 3771 1790 3825 αὐτῶν

205 3865 324 3921 τῶν
367 3867 768 3937 ὑπερουρανίων
805 3865 1098 3934 δυνάμεων
1121 3865 1450 3935 ἀφορίζουσα
1496 3865 1790 3934 παραδέδο-

205 3974 303 4012 ται
337 3958 398 4009 ⁸⁵.
433 3957 556 4022 Πῶς
600 3954 691 4010 οὖν
734 3958 902 4028 αὐτὴν
938 3957 987 4008 ol
1028 3956 1265 4025 Θεολόγοι
1311 3957 1404 4010 καὶ
1444 3956 1518 4018 ὡς
1567 3957 1790 4027 δύναμιν

209 4053 466 4122 ὑμνοῦσι,
506 4053 603 4124 τὴν
644 4054 821 4123 πάσης
869 4053 1210 4124 ἐξῃρημένην
1254 4053 1561 4122 δυνάμεως
1601 4053 1633 4124 ἢ
1674 4053 1792 4116 πῶς

205 4144 300 4201 ἐπ’
332 4145 468 4214 αὐτῇ
499 4143 597 4216 τὴν
627 4143 1046 4216 δυναμωνυμίαν
1079 4144 1401 4215 ὲκλάὅοιμεν
1436 4146 1515 4196 ³⁵ε

1901 3226 2029 3278 tiam
2083 3221 2320 3292 theologi
2372 3221 2703 3287 collaudem,
2739 3238 2839 3278 nec
2885 3239 2993 3278 non
3050 3227 3224 3294 ipsam
3261 3238 3478 3293 quoque

1899 3317 2127 3369 salutem
2175 3329 2238 3368 ac
2287 3315 2717 3383 redemptionem
2765 3329 2995 3381 vocent;
3034 3321 3262 3386 agedum
3311 3318 3474 3372 etiam

1900 3407 2014 3461 haec
2070 3405 2165 3460 Dei
2220 3406 2461 3469 nomina,
2515 3407 2698 3476 quoad
2756 3409 3050 3476 possimus,
3103 3408 3474 3464 enucleemus.

1899 3495 2052 3564 Quod
2101 3497 2240 3550 Deus
2290 3496 2536 3565 quidem,
2584 3497 2949 3552 deiiicationis
3000 3498 3274 3566 princeps,
3314 3499 3475 3567 Supra

1897 3603 2114 3642 onmem
2165 3588 2465 3656 potentiam
2515 3588 2748 3653 feratur,
2789 3598 2844 3642 et
2889 3605 3104 3644 onmem
3151 3591 3474 3659 potentiam,

1898 3681 2388 3749 quomodocunque
2419 3690 2504 3735 est
2536 3690 2592 3736 et
2620 3682 2986 3751 excogitatur,
3020 3693 3332 3752 exsuperet,
3366 3700 3474 3737 non

1898 3784 2031 3838 puto
2062 3773 2225 3826 ulhun
2259 3789 2322 3826 ex
2357 3773 2424 3826 iis
2457 3774 2636 3842 quiin
2669 3776 2972 3846 Scripturis
3005 3776 3202 3831 divinis
3229 3776 3323 3829 alti
3351 3787 3477 3830 sunt

1899 3874 1954 3917 et
1978 3864 2215 3926 educati,
2241 3865 2534 3933 ignorare;
2569 3863 2750 3919 multis
2781 3868 2924 3920 enim
2951 3867 3004 3920 in
3027 3867 3161 3921 locis
3192 3868 3475 3936 Scriptura

1898 3963 1952 4008 et
1999 3955 2424 4010 dominationem
2477 3957 2648 4025 ipsam
2681 3970 2806 4011 esse
2853 3958 3019 4012 tradit
3062 3970 3109 4022 δ,
3145 3968 3197 4012 et
3243 3961 3310 4012 ab
3345 3960 3478 4026 ipsis

1897 4045 2382 4116 supr-accelestibus
2418 4047 2678 4117 potentiis
2713 4060 2935 4118 separat
2970 4050 3018 4104 δ.
3058 4050 3338 4116 Quomodo
3370 4051 3476 4121 igi-

1902 4149 1992 4192 tut'
2022 4139 2253 4208 theologi
2286 4148 2539 4206 tanquam
2570 4140 2864 4208 potentiam
2898 4139 3141 4206 laudant,
3169 4157 3290 4211 qua:
3318 4151 3473 4195 extra

1890 4247 2109 4286 onmem
2148 4233 2446 4301 potentiam
2494 4233 2670 4302 posita
2706 4232 2824 4288 est?
2854 4245 2948 4287 aut
2993 4234 3265 4303 quomodo
3310 4233 3364 4287 in
3410 4229 3474 4288 ea

1890 4339 2084 4378 nomen
2130 4324 2383 4394 potentia:
2417 4325 2799 4396 accipiemus?

1770 4480 1798 4551 §
1844 4477 1924 4537 II.

281 4597 525 4668 Δέγομεν
565 4595 743 4649 τοίνυν
789 4595 856 4658 ³⁸,
892 4595 972 4647 ὅτι
1015 4593 1243 4666 δύναμίς
1282 4595 1430 4649 ἐστιν
1462 4599 1490 4650 ὁ
1533 4597 1685 4662 Θεὸς,
1713 4599 1790 4661 ὡς

206 4693 392 4744 πᾶσαν
422 4688 648 4758 δύναμιν
677 4689 734 4741 ὲν
760 4687 934 4758 ἐαυτῷ
966 4688 1208 4758 προέχων
1237 4690 1329 4740 καὶ
1361 4689 1663 4760 ὑπερέχων,
1697 4694 1790 4744 καὶ

200 4785 285 4849 ὡς
317 4783 498 4851 πάσης
530 4780 807 4850 δυνάμεως
840 4780 1027 4844 αἴτιος,
1061 4781 1151 4832 καὶ
1183 4780 1358 4832 πάντα
1387 4780 1528 4834 κατά
1563 4782 1790 4854 δύναμιν

203 4875 429 4929 ἀκλιτον
447 4875 538 4927 καὶ
565 4873 939 4944 ἀπεριόριστον
970 4873 1252 4941 παράγων,
1285 4875 1378 4925 καὶ
1409 4875 1485 4937 ὡς
1508 4875 1670 4927 αὑτοῦ
1694 4876 1788 4927 τοῦ

204 4963 350 5020 εἶναι
385 4965 632 5036 δύναμιν,
667 4965 699 5035 ἢ
733 4966 831 5036 τὴν
855 4965 980 5037 ὃλην
1023 4966 1055 5035 ἢ
1085 4968 1185 5038 τὴν
1215 4969 1333 5022 καθ’
1362 4971 1590 5024 ἕκαστον
1620 4969 1788 5033 αἴτιος

201 5057 284 5111 ὥν
302 5074 318 5088 ⁸
351 5058 444 5110 καὶ
473 5055 548 5119 ὡς
564 5055 1090 5127 ἀπειροδύναμος,οὑ
1125 5059 1282 5129 μόνον
1311 5060 1388 5130 τῷ
1417 5062 1594 5112 πᾶσαν
1627 5058 1786 5112 δύνα-

205 5165 308 5221 μιν
341 5149 632 5218 παράγειν,
667 5147 802 5200 ἀλλά
833 5148 928 5205 καὶ
958 5148 1036 5219 τῷ
1072 5151 1210 5222 ὑπὲρ
1241 5153 1419 5204 πᾶσαν
1451 5153 1544 5204 καὶ
1572 5152 1669 5223 τὴν
1704 5152 1793 5204 αὑ-

202 5239 502 5311 τοδύναμιν
526 5237 682 5307 εἶναι,
712 5245 804 5295 καὶ
827 5244 903 5313 τῷ
930 5243 1348 5314 ὑπερδύνασθαι,
1377 5247 1469 5298 καὶ
1501 5247 1792 5316 ἀπειράκις

203 5334 475 5406 ἀπείρους
507 5333 614 5386 τῶν
644 5335 817 5388 οὐσῶν
856 5336 1135 5407 δυνάμεων
1173 5339 1364 5408 ἑτέρας
1409 5342 1788 5409 παραγαγεῖν·

205 5426 308 5481 καὶ
337 5425 416 5496 τῷ
449 5424 523 5496 μὴ
551 5427 615 5479 ἀν
649 5444 777 5480 ποτε
809 5428 1097 5499 δυνηθῆναι
1131 5430 1230 5492 τὰς
1271 5430 1528 5502 ἀπείρους
1569 5437 1659 5483 καὶ
1707 5433 1793 5485 ἐπ’

312 5594 335 5621 ι
373 5580 414 5635 ll
451 5581 597 5637 Petr.
639 5598 695 5637 tt.
775 5584 801 5624 1)
837 5583 980 5638 Psal.
1019 5601 1176 5640 unt.

1965 4599 2206 4657 Dicimus
2231 4601 2417 4672 igitur,
2445 4602 2614 4658 Deum
2644 4618 2765 4658 esse
2787 4601 3112 4672 potentiam,
3141 4611 3199 4658 ut
3221 4605 3311 4674 qui
3348 4621 3485 4678 pra:-

1898 4694 2058 4748 hahet
2085 4696 2136 4749 in
2163 4712 2221 4751 se
2243 4706 2297 4750 et
2319 4710 2482 4764 supra
2513 4711 2673 4764 quant
2701 4696 3104 4752 habetomnem
3143 4697 3352 4766 p0tenti
3371 4715 3480 4764 ant;

1896 4786 2058 4859 474
2092 4800 2145 4843 et
2179 4798 2235 4843 ut
2264 4790 2441 4842 onmis
2472 4790 2725 4858 potentiae
2757 4801 2971 4856 auctor,
3005 4799 3060 4846 et
3092 4799 3150 4844 ut
3184 4790 3365 4844 omnia
3404 4783 3487 4845 in-

1894 4882 2115 4936 ﬂexibili
2150 4891 2204 4936 et
2251 4883 2724 4952 incircumscripta
2780 4885 3021 4953 potentia
3059 4885 3390 4954 producens,
3429 4896 3486 4938 et

1894 4983 1954 5024 ut
2003 4982 2192 5025 auctor
2234 4973 2406 5043 ipsius
2459 4986 2581 5028 esse
2636 4975 2937 5044 potentite,
2993 4983 3098 5028 tam
3149 4973 3476 5027 universalis

1893 5081 2053 5134 quam
2098 5065 2363 5137 cujusque
2406 5066 2787 5137 particularis;
2822 5076 2877 5122 et
2926 5077 2985 5120 ut
3028 5066 3474 5134 infiniti—potens,

1901 5172 2005 5208 non
2031 5155 2201 5211 solum
2229 5171 2443 5210 onmem
2471 5157 2765 5224 potentiam
2794 5158 3168 5226 producendo,
3187 5157 3281 5210 sed
3308 5156 3473 5208 etiam

1900 5263 2061 5316 supra
2113 5264 2325 5303 onmem
2377 5251 2694 5318 potentiam,
2745 5259 2798 5304 et
2839 5264 3002 5319 supra
3055 5251 3229 5318 ipsam
3276 5262 3377 5316 per
3412 5261 3475 5301 se

1902 5342 2194 5409 potentiam
2227 5342 2570 5410 exsistendo;
2600 5344 2817 5412 etquod
2850 5343 3081 5412 desuper
3113 5341 3282 5411 possit
3314 5341 3474 5393 innu-

1903 5434 2251 5488 met'ahililer'
2280 5433 2520 5491 inﬁnitas
2568 5434 2702 5492 alias
2730 5436 2998 5505 potentias
3043 5433 3378 5506 producere;
3417 5441 3472 5486 et

1493 5701 1722 5756 νᾹῐῖΙᾸΞ
1763 5699 2168 5756 LECTIONES.

299 5813 340 5850 "'
357 5816 722 5888 παραδέδωκε,
764 5822 817 5877 S.
858 5820 917 5876 Ρ.
992 5822 1388 5892 ’δὲκλάἥωμεν.
1429 5822 1482 5879 S.
1508 5822 1567 5877 Ρ.
1646 5824 1686 5856 ³⁸
1721 5821 1966 5892 λέγωμεν
2001 5823 2196 5892 τοίνυν,
2319 5821 2378 5876 Ρ.
