4186 6308
251 373 367 432 8θὸ

1312 369 1398 425 DE
1442 368 1695 425 DlVlNlS
1731 369 2129 438 NOMINIBUS,
2157 371 2309 426 CAP.
2351 369 2487 428 Vill.

3391 367 3496 424 80‘

245 484 556 556 ἀδιαίρετον
597 481 891 547 ἀποσώζει,
938 481 1036 538 καὶ
1080 481 1177 553 τὴν
1220 482 1397 553 ψυχῆς
1449 483 1543 536 καὶ
1581 482 1812 555 σώματος

1933 485 2076 538 inter
2097 499 2157 540 se
2181 483 2592 556 congruentiam
2621 492 2783 555 atque
2817 484 3135 556 temperiem
3156 481 3494 540 inconl‘usam

250 576 499 632 σύνδεσιν
529 575 761 645 συνέχει,
791 574 884 628 καὶ
925 573 1024 638 τὰς
1050 573 1160 627 τῶν
1190 575 1373 643 φυτῶν
1402 573 1698 646 θρεπτικάς
1734 583 1830 629 καὶ

246 668 552 740 αὑξητικάς
588 667 842 738 δυνάμεις
868 667 1114 720 ἀνακινεῖ
1136 683 1150 698 ·
1185 666 1281 720 καὶ
1305 666 1587 738 διακρατεῐ
1610 666 1708 730 τάς
1735 668 1826 721 ού-

247 759 464 824 σιώδεις
481 760 588 813 τῶν
615 758 750 813 ὅλων
773 759 1049 829 δυνάμεις,
1083 759 1178 812 καὶ
1205 760 1302 831 τὴν
1323 757 1419 812 τοῦ
1448 759 1648 823 παντὸς
1678 759 1829 814 ἀδιά-

242 851 408 904 λυτον
441 849 606 922 μονὴν
646 850 690 883 ⁸⁸
722 850 1104 920 ἀσφαλίζεται,
1138 851 1231 904 καὶ
1267 851 1366 923 τὴν
1417 851 1610 906 θέωσιν
1658 854 1828 926 αὐτὴν

241 942 517 1014 δωρεῖται,
545 941 868 1014 δύναμινέίς
893 942 1050 996 τοῦτο
1076 945 1187 1007 τοῖς
1207 942 1580 1015 ἐκθεουμένοις
1609 945 1654 977 ⁸⁸
1684 962 1826 1018 παρ-

242 1033 447 1104 ἱχουσα
473 1051 487 1064 ·
551 1036 644 1087 καὶ
681 1033 815 1098 ὅλως
858 1035 1010 1088 οὐδέν
1051 1036 1166 1089 ἐστι
1211 1035 1434 1089 καθόλου
1481 1036 1588 1090 τῶν
1633 1035 1819 1104 ὄντων,

240 1125 344 1197 τὴν
393 1125 840 1198 παγκρατορικὴν
873 1127 918 1158 ⁸⁸
967 1127 1270 1197 ἀσφάλειαν
1307 1127 1401 1182 καὶ
1434 1128 1691 1199 περιοχὴν
1721 1128 1823 1199 τῆς

242 1214 400 1279 θείας
424 1217 703 1288 δυνάμεως
731 1218 1104 1289 ἀφῃρημένον.
1140 1219 1212 1271 Τὸ
1254 1218 1362 1290 γάρ
1395 1217 1621 1272 καθόλου
1659 1220 1822 1292 μηδε-

245 1309 380 1379 μίαν
402 1307 626 1380 δύναμιν
648 1309 766 1381 ἔχον
794 1308 916 1362 οὑτε
939 1311 1107 1376 ἐστὶν,
1131 1309 1252 1365 οὔτε
1281 1313 1332 1365 τί
1363 1313 1530 1378 ἐστιν,
1560 1311 1681 1366 οὔτε
1700 1313 1818 1367 ἐστί

239 1418 328 1467 τις
358 1403 522 1457 αὑτοῦ
544 1401 821 1466 παντελῶς
846 1402 1012 1466 θέσις.

1931 584 1987 632 et
2011 575 2300 630 indivisam
2329 584 2531 642 servat,
2553 583 2716 645 atque
2744 575 2938 629 animae
2954 588 3012 629 et
3031 575 3277 644 corporis
3299 590 3496 630 nexum

1934 666 2200 730 continet.
2247 666 2609 736 stirpiumque
2660 665 2886 722 altrices
2929 666 3314 737 auctricesqne
3354 669 3500 722 vires

1932 757 2196 819 suscitat;
2231 769 2332 811 nec
2361 771 2467 810 non
2492 756 2815 812 essentiales
2842 770 3022 812 rerum
3057 758 3297 812 omnium
3326 757 3496 813 facul-

1933 858 2071 904 tates
2096 858 2152 905 et
2187 847 2615 904 indissolubilem
2653 849 2817 904 totius
2852 849 3090 904 universi
3128 858 3306 904 tuetur
3337 866 3496 904 man-

1931 939 2163 1007 sionem,
2193 940 2324 1011 quin
2353 951 2406 996 et
2438 941 2612 1012 ipsam
2656 956 2875 1010 quoque
2914 942 3308 996 deiﬁcationem
3355 957 3495 1012 prae-

1925 1042 2050 1097 stat,
2077 1042 2133 1087 et
2154 1033 2384 1088 virtutes
2410 1035 2477 1088 ad
2504 1049 2622 1088 eam
2658 1033 2948 1102 requisitas
2983 1033 3052 1090 iis
3087 1034 3177 1104 qui
3208 1034 3496 1090 deiﬁcandi

1925 1132 2054 1178 sunt
2083 1126 2320 1195 prabet;
2354 1125 2590 1195 denique
2621 1124 2753 1179 nihil
2780 1134 2863 1180 est
2899 1127 2952 1180 in
2993 1126 3328 1192 universum,
3355 1126 3496 1196 quod

1925 1215 2321 1285 omnipotentis
2352 1215 2518 1270 tutela
2549 1226 2605 1270 et
2629 1217 3048 1272 conversatione
3081 1217 3278 1272 divina:
3305 1227 3496 1287 poten-

1928 1306 2016 1361 tia:
2046 1307 2313 1376 privatum
2343 1308 2436 1362 sit.
2461 1306 2613 1373 Quod
2641 1308 2783 1362 enim
2820 1309 3075 1364 universe
3105 1307 3304 1363 nullam
3330 1307 3495 1363 habet

1924 1409 2276 1470 potestatem,
2327 1415 2426 1454 nec
2474 1410 2582 1464 est,
2621 1416 2722 1456 nec
2767 1402 3060 1471 quidquam
3116 1411 3220 1469 est,
3263 1416 3363 1456 nec
3411 1409 3496 1456 est

1926 1493 2169 1548 funditus
2200 1493 2343 1549 ullus
2377 1493 2493 1562 ejus
2521 1496 2680 1549 situs.

1785 1647 1812 1720 §
1857 1644 1962 1705 v1.

311 1781 506 1834 Καίτοι
545 1781 708 1851 φησιν
756 1778 992 1851 Ἐλύμας
1021 1779 1050 1832 ό
1088 1777 1278 1850 μάγος·
1309 1780 1372 1832 Ei
1408 1781 1812 1853 παντοδύναμὸς

1987 1784 2192 1853 Atqui,
2239 1785 2414 1853 inquit
2470 1784 2687 1871 Elymas
2753 1803 2945 1858 magus
2987 1811 2998 1844 :

236 1871 392 1924 ἐστιν
418 1875 447 1924 ό
477 1872 630 1935 Θεὸς,
661 1872 779 1934 πῶς
815 1870 1033 1939 λέγεταί
1055 1887 1108 1923 τι
1147 1870 1219 1942 μὴ
1245 1870 1500 1926 δύνασθαι
1535 1874 1670 1946 πρὸς
1718 1874 1814 1927 τοῦ

235 1960 370 2014 καθ’
413 1961 557 2031 ὑμᾶς
592 1959 872 2028 θεολόγου;
906 1959 1236 2030 Λοιδορείται
1268 1959 1323 2012 δὲ
1358 1961 1436 2032 τῷ
1468 1962 1596 2032 θείῳ
1624 1961 1817 2032 Παύλῳ

229 2053 507 2121 φήσαντι,
547 2053 620 2124 μὴ
652 2053 903 2108 δύνασθαι
942 2056 1033 2109 τὸν
1061 2056 1192 2108 Θεὸν
1231 2055 1420 2108 ἐαυτὸν
1455 2054 1813 2126 ἀρνήσασθαι.

227 2143 468 2216 Προθεὶς
494 2146 540 2177 ⁸⁸
570 2146 625 2198 δὲ
651 2147 826 2212 τούτο,
858 2150 977 2202 λίαν
1007 2149 1226 2221 ὀρρωδῶ
1266 2149 1340 2220 μὴ
1392 2150 1482 2201 καὶ
1511 2149 1693 2212 ἀνοίας
1721 2151 1818 2217 ὀφ-

225 2237 386 2309 λήσω
411 2236 642 2304 γέλωτα,
678 2240 881 2293 παίδων
923 2239 1230 2311 ἀθυρὸντων
1271 2241 1674 2311 οἰκοδομήματα
1723 2244 1816 2294 καὶ

226 2327 334 2380 ἐπὶ
358 2326 582 2398 ψάμμου
613 2330 705 2382 καὶ
735 2329 936 2400 ἀσθενῆ
967 2331 1253 2384 καταλύειν
1283 2331 1328 2364 ⁸⁸
1371 2331 1680 2402 ἐπιχειρῶν,
1721 2335 1814 2386 καὶ

224 2418 427 2490 ὥσπερ
482 2421 625 2484 τινὸς
691 2422 980 2492 ἀνεφίκτου
1043 2424 1249 2477 σκοποῦ
1310 2424 1813 2494 καταστοχάζεσθαι

227 2511 481 2564 σπεύδων
510 2512 608 2582 τῆς
641 2515 767 2584 περὶ
793 2514 980 2567 τούτου
1012 2515 1326 2586 θεολογικῆς
1354 2515 1588 2579 διανοίας
1612 2535 1624 2546 ·
1651 2518 1685 2588 ή
1706 2516 1814 2588 γάρ

225 2603 430 2656 ἐαυτοῦ
462 2605 688 2675 ἄρνησις
715 2605 985 2670 ἔκπτωσις
1010 2606 1268 2677 ἀληθείας
1297 2608 1442 2661 ἐστίν
1478 2624 1492 2638 ⁸
1526 2611 1558 2679 ἡ
1593 2609 1649 2661 δὲ
1678 2609 1811 2680 ἀλή-

225 2693 355 2747 θεια
385 2694 441 2747 δν
472 2697 607 2757 ἐστι,
639 2696 734 2749 καὶ
767 2699 800 2768 ἡ
832 2698 930 2769 τῆς
956 2699 1209 2770 ἀληθείας
1244 2699 1513 2763 ἔκπτωσις
1541 2700 1633 2752 τοῦ
1663 2700 1812 2765 δντος

226 2786 526 2850 ἔκπτωσις.
555 2789 617 2840 El
637 2788 813 2841 τοίνυν
841 2793 873 2860 ὴ
909 2790 1129 2860 ἀλήθεια
1162 2792 1218 2845 δν
1245 2793 1464 2862 ὲστιν,ή
1587 2791 1812 2863 ἄρνησις

222 2879 334 2951 τῆς
359 2879 615 2951 ἀληθείας
645 2880 738 2934 τοῦ
766 2882 918 2945 όντος
943 2883 1212 2948 ἔκπτωσις
1233 2925 1246 2949 ,
1310 2885 1392 2938 ἐκ·
1413 2882 1509 2937 τοῦ
1542 2883 1693 2947 ὄντος
1720 2886 1811 2937 ὲκ-

224 2975 421 3024 πεσεῖν
450 2972 478 3024 ὸ
506 2973 638 3036 Θεὸς
664 2975 725 3026 οὑ
755 2974 997 3037 δύναται,
1029 2977 1122 3030 καὶ
1146 2977 1205 3029 τὸ
1237 2977 1311 3047 μὴ
1343 2973 1481 3030 εἶναι
1511 2978 1611 3029 οὑκ
1641 2976 1806 3040 ἔστιν,

223 3063 313 3126 ὡς
342 3063 407 3116 άν
435 3081 518 3127 τις
562 3065 716 3136 φαίη,
749 3067 809 3119 τὸ
859 3067 932 3139 μὴ
965 3067 1220 3120 δύνασθαι
1251 3070 1311 3121 ού
1353 3068 1594 3130 δύναται,
1625 3069 1719 3121 καὶ
1747 3068 1807 3120 τὸ

3049 1789 3106 1844 Si
3152 1790 3494 1859 omnipotens

1920 1884 2003 1929 est
2033 1874 2194 1941 Deus,
2231 1876 2502 1943 quomodo
2547 1894 2577 1930 a
2624 1877 2873 1946 theologo
2918 1891 3100 1934 vestro
3141 1880 3344 1950 aliquid
3380 1895 3488 1933 non

1920 1981 2076 2035 posse
2108 1967 2342 2021 dicitur?
2391 1967 2669 2022 lnsimulat
2720 1981 2900 2024 autem
2951 1971 3194 2025 divinum
3241 1971 3490 2034 Paulum,

1919 2057 2208 2119 dicentem,
2243 2073 2350 2111 non
2400 2073 2562 2127 posse
2609 2059 2775 2114 Deum
2822 2061 3172 2130 semetipsum
3211 2077 3412 2131 negare
3440 2074 3490 2117 ο.

1918 2145 2033 2201 lloc
2061 2157 2240 2201 autem
2267 2149 2392 2203 dum
2419 2164 2683 2219 propono,
2712 2151 3065 2207 vehementer
3101 2163 3302 2218 metuo,
3340 2169 3406 2208 ne
3431 2169 3490 2209 ut

1917 2253 2107 2293 amens
2138 2239 2348 2302 videar,
2381 2240 2478 2310 qui
2511 2241 2809 2297 ludentium
2844 2257 3138 2312 puerorum
3183 2253 3490 2303 structuras

1915 2344 2210 2385 arenaceas
2261 2340 2316 2385 et
2359 2331 2606 2388 inﬁrmas
2647 2342 2896 2388 evertere
2937 2335 3159 2401 moliar,
3212 2345 3372 2405 atque
3421 2338 3490 2391 ad

1916 2420 2076 2490 hujus
2121 2420 2222 2476 loci
2261 2437 2508 2492 scopum,
2554 2433 2815 2494 tanquam
2857 2425 2950 2494 qui
2992 2426 3182 2496 attingi
3233 2438 3488 2496 nequeat,

1914 2510 2068 2579 quasi
2095 2509 2427 2566 coliitnando
2450 2514 2701 2568 connitar
2725 2530 2944 2570 sensum
2977 2516 3094 2586 ejus
3127 2516 3488 2587 theologicutn

1913 2601 2179 2671 attingere
2206 2603 2474 2673 siquidem
2496 2605 2579 2658 sui
2615 2606 2780 2673 ipsius
2805 2609 3041 2676 negatio,
3073 2618 3160 2663 est
3193 2624 3224 2663 a
3255 2610 3486 2664 veritate

1913 2691 2222 2761 prolapsio;
2261 2695 2463 2748 veritus
2494 2706 2675 2750 autem
2706 2707 2793 2751 est
2836 2697 2888 2751 id
2915 2700 3060 2768 quod
3097 2709 3216 2765 est;
3249 2709 3304 2754 et
3333 2718 3361 2754 a
3395 2715 3490 2755 ve-

1912 2784 2073 2838 ritatc
2105 2782 2363 2851 deiectio,
2387 2800 2471 2841 est
2499 2786 2566 2842 ab
2588 2789 2800 2843 essendi
2831 2799 2978 2844 statu
3014 2791 3262 2847 dimotio.
3297 2792 3352 2847 Si
3387 2792 3488 2847 ita-

1911 2890 2016 2944 que
2046 2878 2248 2932 vcritas
2271 2886 2355 2932 est
2388 2879 2438 2933 id
2465 2881 2606 2947 quod
2629 2889 2733 2946 est,
2761 2882 2975 2951 negatio
3002 2891 3181 2936 autem
3215 2885 3486 2948 veritatis,

1911 2973 1994 3018 est
2031 2965 2098 3017 ab
2124 2966 2339 3021 essendi
2363 2977 2508 3022 statu
2547 2969 2847 3038 prolapsio,
2874 2972 3060 3039 utique
3089 2972 3303 3026 essendi
3339 2984 3485 3027 statu

1911 3054 2165 3110 frustrari
2203 3057 2344 3113 Deus
2380 3061 2589 3128 nequit,
2621 3075 2795 3128 neque
2821 3072 2997 3130 potest
3029 3079 3134 3118 non
3162 3078 3321 3129 esse;
3352 3079 3417 3118 ac
3439 3065 3485 3118 si

227 3153 312 3225 μὴ
356 3154 552 3208 εἰδέναι
590 3157 730 3210 κατά
777 3159 1028 3229 στέρησιν
1056 3159 1154 3212 οὑκ
1195 3155 1351 3212 οἶδεν.
1386 3161 1560 3230 Ὅπερ
1591 3160 1618 3212 ὁ
1649 3160 1812 3229 σοφὸς

1914 3149 2036 3216 quis
2064 3147 2232 3214 dicat,
2266 3166 2372 3204 non
2408 3160 2585 3220 potest
2625 3167 2728 3206 non
2763 3167 2944 3220 posse,
2975 3163 3030 3208 et
3066 3155 3280 3209 nescire
3312 3157 3488 3228 nescit

223 3249 334 3302 οὑκ
362 3249 641 3319 ἐννοήσας,
674 3255 918 3321 μιμεῖται
948 3253 1074 3313 τοὺς
1095 3251 1210 3303 τῶν
1246 3250 1492 3322 ἀθλητῶν
1535 3251 1811 3323 ἀπειρονί-

224 3357 355 3405 κας,
386 3341 455 3404 οἳ,
481 3341 738 3405 πολλάκις
781 3343 1024 3406 ἀσθενεῖς
1072 3339 1208 3396 εἶναι
1238 3346 1365 3407 τοὺς
1409 3343 1812 3412 ἀνταγωνιστάς

225 3431 575 3502 ὑποθέμενοι,
605 3433 743 3487 κατά
775 3434 836 3487 τὸ
865 3435 1053 3488 δοκοῦν
1101 3436 1330 3498 ἑαυτοῖς,
1358 3437 1452 3488 καὶ
1481 3435 1617 3507 πρὸς
1646 3436 1810 3489 ἀπόν-

221 3522 460 3586 τας⁸’⁶⁸⁸
488 3525 682 3588 αὐτοὺς
711 3525 969 3598 ἀνδρείως
995 3527 1549 3598 σ>ιιαι.ι.αχοῦντ·ες,κα“ι¹
1562 3528 1652 3580 τὸν
1672 3529 1809 3600 ἀέρα

219 3615 496 3679 διακένοις
543 3615 776 3688 πληγαῖς
827 3619 1106 3690 εὐθαρσῶς
1150 3619 1560 3682 καταπαίοντες,
1607 3619 1808 3673 οἴονται

219 3706 338 3762 τῶν
368 3708 673 3763 ἀντιπάλων
703 3709 881 3764 αὑτῶν
919 3714 1339 3784 κεκρατηκέναι,
1375 3713 1467 3764 καὶ
1499 3711 1806 3784 ἀνακηρύτ-

219 3816 418 3853 τουσιν
452 3802 697 3866 ἐαυτοὺς,
739 3801 862 3856 οὔτε
907 3804 1104 3868 εἰδότες
1143 3805 1242 3873 τὴν
1293 3805 1513 3858 ἐκείνων
1556 3804 1801 3875 δύναμιν.

235 3893 428 3963 Ἦμείς
442 3894 497 3948 δὲ
523 3894 895 3964 τοῦὋεολόγου
923 3897 1060 3950 κατὰ
1077 3898 1136 3950 τὸ
1154 3897 1372 3968 ἐφικτὸν
1403 3896 1802 3967 στοχαζόμενοι,

217 3985 318 4039 ’τὸν
368 3988 741 4060 ύπερδύναμον
785 3990 829 4021 ⁸⁸
863 3991 994 4044 Θεὸν
1038 3991 1333 4062 ύμνοῦμεν,
1363 3992 1437 4054 ὡς
1479 3990 1806 4044 παντοδύνα-

226 4092 351 4148 μον,
375 4079 451 4142 ὡς
474 4081 738 4151 μακάριον
765 4081 858 4134 καὶ
889 4083 1044 4153 μόνον
1069 4083 1356 4154 δυνάστην,
1380 4083 1452 4146 ὡς
1481 4082 1806 4146 δεσπόζοντα

223 4171 288 4221 ἐν
313 4172 380 4240 τῇ
400 4169 682 4243 δυναστείᾳ
713 4173 878 4226 αὑτοῦ
907 4174 1000 4227 τοῦ
1033 4175 1243 4239 αἰῶνος,
1267 4177 1342 4238 ὡς
1371 4177 1489 4228 κατ’
1523 4174 1670 4228 οὐδὲν
1700 4175 1807 4228 τῶν

222 4260 396 4314 ὃντων
429 4263 818 4319 ἐκπεπτωκότα
837 4283 850 4296 ⁸
891 4267 1088 4337 μᾶλλον
1115 4267 1170 4320 δὲ
1203 4268 1296 4320 καὶ
1327 4267 1682 4338 ὑπερέχοντα,
1713 4269 1808 4320 καὶ

225 4353 527 4423 προέχοντα
570 4357 746 4409 πάντα
773 4357 842 4410 τά
872 4359 998 4412 ὄντα
1027 4359 1166 4411 κατά
1190 4359 1416 4430 δύναμιν
1448 4360 1795 4430 ὑπερούσιον,

226 4445 325 4496 καὶ
359 4447 491 4498 πᾶσι
523 4451 635 4510 τοῖς
672 4444 788 4502 οὖσι
817 4450 877 4501 τὸ
923 4450 1176 4503 δύνασθαι
1209 4447 1366 4514 εἷναι,
1402 4451 1494 4504 καὶ
1521 4451 1637 4504 τόδε
1667 4448 1804 4506 εἶναι

225 4536 370 4590 κατά
417 4541 729 4609 περιουσίαν
774 4542 1218 4614 ὑπερϐαλλούσης
1266 4543 1550 4614 δυνάμεως
1581 4543 1800 4614 ἀφθόνῳ

223 4629 383 4701 χύσει
416 4632 461 4662 ⁵⁰
491 4632 692 4705 δεδωρη
704 4635 884 4705 μένον.

1911 3255 2007 3308 per
2045 3241 2432 3309 privationem.
2478 3241 2590 3297 lloc
2632 3246 2850 3312 sapiens
2888 3246 2976 3300 ille
3008 3262 3114 3300 non
3154 3247 3484 3317 intelligens,

1913 3332 2146 3387 athletas
2174 3334 2456 3401 imperitos
2477 3334 2745 3399 imitatur,
2778 3337 2869 3406 qui
2908 3354 3284 3406 saepenumero
3317 3341 3485 3396 imbe-

1910 3425 2064 3480 cdles
2098 3425 2200 3479 sibi
2237 3425 2584 3481 adversarios
2617 3439 2946 3497 proponunt,
2987 3440 3041 3486 et
3070 3431 3199 3485 dum
3233 3432 3485 3487 videntur

1912 3517 2012 3571 sibi
2038 3532 2157 3572 cum
2188 3518 2506 3573 absentibus
2531 3519 2636 3575 illis
2661 3520 2872 3577 iortiter
2897 3523 2947 3577 in
2979 3525 3170 3577 umbra
3197 3524 3481 3590 dimicare,

1913 3620 2200 3674 aeretnque
2228 3609 2404 3663 cassis
2439 3608 2635 3664 ictibus
2671 3623 2988 3665 constanter
3030 3614 3253 3680 l'eriunt,
3279 3617 3476 3670 existi-

1914 3710 2064 3752 mant
2085 3715 2142 3754 se
2170 3701 2316 3770 ipsos
2358 3703 2702 3759 adversarios
2737 3721 2865 3759 suos
2909 3722 3220 3775 superasse,
3254 3724 3484 3779 seseque

1904 3795 2018 3862 jam
2060 3795 2299 3848 victores
2327 3793 2604 3863 jactitant,
2636 3811 2756 3851 cum
2804 3798 2971 3851 robur
3015 3813 3206 3852 eorum
3241 3800 3480 3852 nondum

1912 3887 2149 3942 habeant
2192 3886 2554 3957 exploratum.
2587 3886 2694 3943 Nos
2727 3898 2908 3942 autem
2950 3889 3014 3943 ad
3061 3891 3393 3961 theologum,
3423 3891 3477 3944 in

1907 3989 2169 4048 quantum
2194 3978 2312 4033 ﬁeri
2343 3988 2541 4049 potest,
2567 3980 2895 4037 collimando
2923 3982 3292 4036 collaudamus
3311 3983 3478 4036 Deum

1908 4080 2297 4142 praepotentem
2342 4084 2400 4126 ut
2430 4073 2879 4142 omnipotentem,
2910 4085 2966 4128 ut
3009 4076 3243 4139 beatum,
3279 4076 3480 4130 solum—

1907 4180 2012 4234 que
2068 4173 2368 4232 potentem,
2417 4172 2604 4234 utpote
2659 4167 2752 4235 qui
2814 4167 3100 4234 potestatis
3149 4166 3314 4238 476
3365 4183 3476 4221 sua:

1907 4258 2213 4326 principatu
2260 4257 2479 4326 ipsimet
2510 4259 2803 4313 :eternitati
2855 4260 3182 4319 dominetur.
3221 4260 3476 4327 nullaque

1908 4363 2145 4418 unquam
2198 4363 2254 4402 re
2303 4347 2634 4413 frustratus;
2688 4349 2954 4418 quinimo,
3004 4359 3061 4404 ut
3105 4350 3195 4420 qui
3245 4353 3477 4418 desuper

1911 4440 2105 4494 habeat
2140 4450 2193 4495 et
2233 4441 2546 4510 prmhabeat
2581 4443 2766 4495 omnia
2799 4456 2920 4511 qua:
2959 4441 3255 4496 secundum
3285 4452 3474 4511 poten-

1909 4533 2039 4586 tiam
2072 4549 2224 4588 suatn
2255 4535 2764 4602 supraessentiaiem
2791 4534 3084 4599 exsistunt,
3111 4535 3474 4602 omnibusque

1908 4627 2087 4689 rebus,
2120 4635 2225 4678 tant
2258 4635 2316 4678 ut
2346 4639 2467 4679 esse
2498 4626 2705 4694 possint
2731 4641 2890 4694 quam
2925 4636 2983 4679 ut
3010 4626 3138 4690 sint,
3171 4628 3468 4679 secundum

1907 4716 2234 4770 afﬂuentiam
2280 4717 2782 4786 superabundantis
2819 4719 3104 4788 potestatis
3133 4717 3351 4787 copiosa
3384 4715 3471 4771 lu-

1908 4809 2061 4863 sione
2095 4808 2260 4878 largia
2275 4818 2382 4871 tur.

1778 4968 1805 5040 ς
1847 4962 1984 5024 vn.

290 5101 618 5174 Δικαιοσύνη
639 5103 695 5156 δέ
727 5097 881 5166 αὖθις
901 5104 929 5154 ό
962 5103 1112 5168 Θεὸς,
1144 5103 1219 5168 ὡς
1241 5105 1372 5157 πᾶσι
1399 5103 1466 5157 τά
1491 5105 1608 5156 κατ’
1639 5101 1798 5169 ἀξίαν

219 5197 514 5266 ἀπονέμων
558 5198 825 5267 ὑμνεῖται,
855 5198 948 5251 καὶ
977 5198 1289 5268 εύμετρίαν,
1333 5199 1426 5250 κα)⁸
1465 5197 1675 5261 κάλλος,
1704 5201 1798 5252 καὶ

215 5286 494 5353 εὐταξίαν,
530 5289 624 5341 καὶ
654 5290 1030 5362 διακόσμησιν,
1066 5293 1154 5344 καὶ
1191 5291 1368 5354 πάσας
1407 5290 1665 5361 διανομὰς
1706 5293 1800 5345 κει)⁸

371 5457 392 5484 ε
431 5444 473 5500 ll
510 5445 650 5499 Tim.
691 5463 749 5508 ll,
789 5449 873 5502 l3.

1974 5109 2016 5162 Α
2069 5108 2277 5178 iustitia
2322 5117 2500 5162 autem
2557 5124 2746 5164 rursus
2802 5109 3051 5163 laudatur
3102 5110 3273 5173 Deus.
3328 5114 3466 5180 quod

1903 5201 2177 5265 munibus,
2225 5210 2284 5253 ut
2323 5202 2542 5268 dignum
2578 5209 2698 5268 est,
2743 5201 2945 5254 tribuat
2982 5211 3034 5256 ct
3078 5215 3469 5271 congruentem

1906 5295 2147 5359 modum,
2182 5304 2230 5347 et
2265 5293 2735 5361 pulchritudinem,
2768 5305 2821 5350 et
2850 5294 3296 5366 compositionem
3322 5297 3468 5352 ordi-

1501 5577 1729 5635 VARIA'J
1764 5578 2172 5638 LECTIONES.

291 5722 341 5796 ’ξ
356 5720 662 5796 ερδιάλυτον
700 5724 883 5796 μονήν,
924 5723 1005 5796 Ρ,
1038 5726 1106 5796 λ⁸³
1139 5725 1250 5788 τοῖς
1283 5722 1610 5792 θεουμένοις.
1646 5723 1704 5779 S.

217 5787 345 5828 ⁸²ο⁸³
379 5792 643 5859 ἅπαντας.
700 5787 710 5796 ’
745 5796 783 5828 ⁸³
820 5787 958 5868 ὑπὲρ
993 5787 1338 5868 δύναμιν,.5.
1375 5787 1424 5826 δσ
1455 5797 1667 5867 χρήσει.

1789 5725 1830 5759 ⁸⁸
1869 5725 2396 5800 παντοκράτορικήν.

2503 5727 2543 5762 ³⁸
2584 5727 2859 5802 προσθείς.
2972 5727 3016 5762 ⁸⁸
3053 5726 3361 5796 κιιτόιλυσιι⁸
3400 5725 3462 5784 ὃ.
