4186 6308
733 384 843 445 893

1895 395 1960 460 'S.
2005 395 2306 451 DIONYSH
2341 393 2805 452 AREOI‘AGITA‘)

3878 393 3989 452 896

732 506 820 560 nis
849 512 904 558 et
930 496 1374 575 dispositionem;
1403 518 1458 564 et
1485 510 1738 569 omnibus
1764 513 2074 585 dispertiat,
2103 515 2292 580 etsin-

2413 512 2595 578 τάξεις
2618 514 2892 587 ἀφορίζων
2918 515 3133 587 ἑκάστῳ
3163 514 3302 570 κατά
3333 514 3425 569 τὸν
3447 512 3613 576 δντινς
3638 511 3766 567 ὅντα
3785 510 3988 566 δικαιό-

731 595 872 671 gnlis
895 597 1118 651 ordines
1143 600 1466 667 praestitnat,
1495 607 1790 661 secundum
1820 618 2005 661 veram
2037 606 2307 675 etgjustis-

731 669 924 740 simam
967 687 1467 757 praescriptionem:
1510 705 1564 748 et
1591 695 1843 749 omnibus
1891 709 2003 750 sure
2041 671 2305 768 cujusque

730 775 963 830 actionis
998 785 1189 831 auctor
1215 780 1306 834 sit.
1336 781 1524 838 Omnia
1556 784 1701 840 enim
1735 785 1918 841 divina
1960 785 2177 856 justitia
2212 803 2304 843 or-

730 866 910 927 clinat.
930 876 985 919 et
1001 866 1352 937 determinat,
1373 875 1663 946 omniaque
1689 875 1757 931 ab
1779 877 2020 932 omnium
2051 880 2304 937 mistione

729 966 785 1008 ct
813 957 1135 1014 confusione
1174 960 1344 1016 libera
1388 978 1634 1031 servans,
1679 969 1876 1037 cuique
1920 971 2299 1026 convenientia

731 1048 890 1102 rebus
936 1048 1189 1113 omnibus
1232 1053 1464 1122 tribuit,
1513 1069 1673 1127 prout
1723 1059 1987 1129 cujusque
2045 1064 2302 1132 congruit

729 1137 1004 1205 dignitati.
1035 1140 1248 1197 Etenim
1282 1145 1325 1199 si
1357 1146 1469 1201 haec
1511 1150 1941 1214 recte'dicimus,
1973 1151 2008 1206 ii
2041 1154 2131 1222 qui
2163 1154 2301 1209 divi-

727 1245 851 1282 nam
879 1231 1147 1300 justitiam
1176 1237 1525 1306 cavillantur,
1559 1243 1685 1298 dum
1721 1245 1946 1299 minime
1985 1247 2296 1316 advertunt,

727 1328 880 1374 Suam
931 1324 1031 1393 ipsi
1083 1326 1402 1396 injustitiam
1456 1334 1750 1390 manifesto
1795 1337 2094 1402 damnant;
2148 1342 2299 1396 aiunt

725 1413 899 1482 enim,
941 1419 1261 1476 mortalibus
1289 1423 1483 1478 debere
1517 1424 1699 1481 inesse
1731 1427 2218 1500 immortalitatem,
2245 1444 2300 1489 et

728 1502 888 1559 rebus
934 1507 1264 1576 imperfectis
1301 1512 1710 1582 perfectionem,
1743 1520 1916 1588 iisque
1953 1538 2074 1592 quae
2102 1523 2297 1591 seipsis

727 1607 1016 1650 moventur
1045 1600 1261 1656 aliunde
1296 1614 1493 1657 motam
1533 1612 1933 1678 necessitatem,
1964 1629 2026 1667 ac
2065 1615 2298 1669 mutabi—

726 1676 864 1732 libus
897 1681 1255 1756 identitatem,
1291 1699 1340 1744 et
1378 1692 1732 1752 itnbecillibus
1781 1676 2094 1767 perﬁciendi
2140 1715 2278 1772 pote-

720 1779 940 1841 statem,
981 1777 1109 1834 item
1139 1793 1201 1834 ea
1240 1796 1360 1850 qua:
1400 1794 1749 1854 temporanea
1793 1802 1920 1845 sunt
1953 1807 2072 1856 esse
2103 1808 2296 1862 perpe-

723 1877 840 1932 tua,
888 1879 942 1922 et
989 1871 1346 1929 immutabilia
1390 1892 1510 1946 qum
1553 1895 1584 1934 a
1645 1891 1842 1938 natura
1899 1897 2207 1950 moventur,
2239 1897 2294 1940 et
2329 1859 2368 1916 Β

722 1969 1110 2030 temporaneas
1138 1968 1447 2036 voluptates
1473 1981 1734 2027 mternum
1772 1976 2092 2044 perdurare,
2128 1988 2293 2046 atque

721 2051 976 2107 universe
1027 2052 1116 2108 illa
1166 2070 1286 2124 qua:
1338 2058 1572 2114 aliorum
1633 2062 1757 2117 aliis
1806 2065 2134 2118 attrilmunt.
2189 2063 2296 2119 Sed

720 2142 999 2199 sciendum
1043 2156 1148 2213 est,
1183 2149 1420 2204 divinam
1467 2149 1733 2222 justitiam
1781 2155 1886 2211 boc
1935 2157 2054 2226 ipso
2099 2171 2292 2211 revera

718 2245 906 2286 Veram
939 2251 1057 2291 esse
1092 2238 1380 2305 justitiam,
1411 2243 1557 2311 quod
1599 2247 1859 2300 omnibus
1889 2262 2010 2316 qua:
2039 2262 2136 2301 sua
2169 2258 2294 2302 sunt

720 2325 926 2381 tribuat
973 2345 1070 2397 pro
1101 2331 1296 2386 merito
1326 2333 1682 2404 singulorum,
1720 2347 1884 2408 atque
1917 2350 2169 2392 naturam
2201 2355 2291 2393 cu-

713 2413 909 2487 jusque
941 2419 992 2472 in
1021 2421 1214 2476 ordine
1247 2425 1471 2492 proprio
1503 2427 1861 2497 potentiaque
1889 2428 2184 2482 custodiat.

2406 621 2570 658 τατον
2597 607 2744 677 ὅρον,
2780 607 2882 661 καὶ·
2912 609 3050 660 πᾶσι
3077 607 3178 680 τῆς
3205 605 3384 661 αὐτῶν
3427 604 3672 660 ἑκάστων
3708 603 3988 673 αὐτοπρα-

2405 698 2533 765 γίας
2559 697 2730 761 αἴτιος
2756 697 2852 753 ὢν.
2875 698 3059 753 Πάντα
3085 685 3196 773 γάρ
3215 702 3250 770 η
3279 698 3402 754 θεία
3429 696 3746 768 δικαιοσύνη
3775 696 3984 758 τάττει.

2403 790 2499 843 καὶ
2526 781 2786 860 ὀροθετεῖ,
2804 791 2898 844 καὶ
2921 791 3096 848 πάντα
3114 791 3223 846 ἀπὸ
3253 793 3468 847 πάντων
3494 790 3666 862 ἀμιγῆ
3688 790 3783 844 καὶ
3806 788 3989 858 ἀσύμ-

2408 898 2586 953 φυρτα
2611 880 2971 949 διασώζουσα,
3001 884 3070 937 τά
3099 883 3315 954 ἑκάστῳ
3339 884 3680 956 προσήκοντα
3711 884 3848 936 πᾶσι
3871 884 3988 945 τοῖς

2403 968 2523 1027 οὖσι
2556 973 2809 1046 δωρεῖται
2839 975 2979 1028 κατὰ
3009 975 3107 1047 τῆν
3141 975 3355 1047 ἑκάστῳ
3397 975 3504 1030 τῶν
3547 976 3715 1029 ὄντων
3759 973 3987 1027 ἐπιϐάλ-

2403 1064 2598 1119 λουσαν
2642 1066 2818 1131 ἀξίαν.
2868 1067 2978 1121 Καὶ
3025 1070 3076 1121 εἰ
3114 1066 3285 1122 ταῦτα
3326 1067 3500 1139 ὀρθῶς
3543 1084 3742 1138 φαμεν,
3772 1067 3889 1119 ὅσοι
3916 1069 3985 1136 τῇ

2403 1156 2522 1229 θείᾳ.
2543 1157 2997 1230 διαλοιὼροῦνται
3035 1159 3372 1233 δικαιοσύνῃ.
3389 1159 3736 1213 λανθάνουσιν
3773 1157 3987 1211 ἑαυτῶν

2401 1250 2620 1303 ἀδικίαν
2648 1252 2856 1323 ἐναργῆ
2885 1250 3390 1325 καταψηφιζόμενοι
3408 1269 3421 1283 °
3453 1251 3588 1321 φασὶ
3613 1251 3722 1324 γάρ
3748 1251 3986 1319 ὀφείλειν

2401 1343 2601 1402 ἐνεῖναι
2633 1345 2678 1376 σι
2707 1347 2821 1408 τοῖς
2860 1344 3074 1417 θνητοῖς
3108 1344 3207 1417 τὴν
3240 1343 3560 1407 ἀθανασίαν,
3591 1344 3683 1397 καὶ
3714 1345 3827 1406 τοῖς
3855 1343 3984 1394 ἀτε-

2401 1433 2516 1487 λέσι
2542 1434 2604 1488 τὸ
2633 1435 2855 1499 τέλειον,
2883 1436 3112 1499 καὶτοῖς
3145 1437 3517 1507 αύτοκινήτοις
3547 1437 3647 1504 τὴν
3675 1436 3988 1507 ἑτεροκίνη-

2399 1543 2489 1579 τον
2519 1527 2564 1558 ⁸¹
2593 1526 2858 1598 ἀνάγκην,
2894 1529 2990 1581 καὶ
3025 1531 3137 1592 τοῖς
3178 1528 3486 1592 ἀλλοιωτοῖς
3523 1528 3620 1598 τὴν
3657 1528 3983 1598 ταύτότητα,

2399 1619 2494 1670 καὶ
2533 1617 2603 1671 τά
2642 1618 3026 1690 τελειοδύναμα
3068 1623 3181 1683 τοῖς
3213 1619 3484 1682 ἀσθενέσι,
3521 1619 3613 1672 καὶ
3658 1619 3801 1672 ἀΐδια
3843 1615 3985 1673 εἶναι

2400 1707 2468 1761 τὰ
2510 1710 2763 1781 ἐγχρονα,
2796 1712 2890 1764 καὶ
2930 1711 3237 1782 ἀμετάϐολα
3280 1710 3349 1762 τά
3390 1710 3548 1780 φύσει
3594 1710 3639 1742 ⁸³
3666 1709 3983 1780 κινούμενα,

2398 1800 2494 1853 καὶ
2532 1801 2630 1864 τὰς
2663 1802 2981 1872 ἐπικαίρους
3020 1802 3214 1874 ήδονάς
3243 1803 3468 1865 αἱωνίας
3503 1803 3570 1864 ⁸³,
3607 1803 3702 1855 καὶ
3741 1802 3879 1865 ὅλως
3913 1800 3983 1855 τὰ

2399 1892 2570 1944 ἄλλων
2597 1892 2776 1956 ἄλλοις
2805 1893 3135 1946 ἀποδιδόασι.
3186 1894 3315 1947 Δέον
3346 1894 3564 1955 είδέναι,
3602 1894 3697 1965 τὴν
3728 1893 3878 1946 θείαν
3905 1893 3986 1946 δι-

2401 1983 2689 2056 καιοσύνην
2727 1985 2785 2037 ἐν
2817 1983 2991 2057 τούτῳ
3027 1985 3194 2049 ὅντως
3225 1981 3389 2038 οὖσαν
3412 1985 3584 2058 ἀληθῆ
3610 1985 3981 2057 δικαιοσύνην,

2401 2075 2481 2126 ὅτι
2513 2077 2675 2128 πᾶσιν
2718 2077 2981 2148 ἀπονέμει
3011 2077 3078 2130 τά
3112 2079 3284 2130 οἰκεῖα
3319 2077 3457 2130 κατά
3485 2077 3582 2149 τὴν
3613 2079 3846 2136 ἑκάστου
3875 2076 3984 2130 τῶν

2399 2164 2566 2218 ὄντων
2607 2165 2780 2232 ἀξίαν,
2817 2170 2910 2221 καὶ
2938 2168 3034 2240 τὴν
3068 2171 3297 2223 ἑκάστου
3332 2169 3491 2240 φύσιν
3519 2171 3611 2223 ἐπὶ
3637 2171 3735 2242 τῆς
3772 2171 3980 2234 οἰκείας

2399 2256 2650 2321 διασώζει
2682 2257 2886 2324 τάξεως
2913 2262 3006 2314 καὶ
3028 2261 3328 2332 δυνάμεως.

2272 2573 2300 2646 §
2342 2567 2514 2630 Vili.

783 2700 854 2756 At
898 2702 1098 2758 dixerit
1146 2705 1342 2774 aliquis
1381 2723 1398 2762 :
1443 2708 1560 2766 Non
1615 2720 1697 2766 est
1736 2710 1996 2782 iustitiae,
2057 2718 2287 2788 permit-

715 2799 830 2846 tere
880 2793 1024 2850 viros
1073 2807 1291 2853 sanctos
1344 2802 1550 2856 auxilio
1593 2804 1885 2861 destitutos
1943 2823 1973 2861 a
2028 2809 2285 2878 pessimis

712 2884 1028 2956 quibusque
1062 2891 1394 2947 conculcari.
1417 2884 1521 2950 Cui.
1561 2899 2021 2967 respondendum,
2067 2903 2209 2979 quod
2239 2903 2285 2957 si

714 2976 932 3042 quidem
968 2978 1070 3047 illi,
1103 2995 1241 3051 quos
1269 2985 1510 3054 appellas
1542 2998 1782 3055 sanctos,
1813 2999 2028 3046 terrena
2048 2976 2286 3063 "diligunt

710 3078 833 3132 quae
858 3067 926 3121 ab
957 3073 1294 3139 amatoribus
1329 3089 1513 3131 rerum
1545 3079 1909 3134 materialium
1945 3084 2283 3149 ambiuntur,

2476 2713 2614 2767 Ἀλλ’
2647 2713 2788 2766 εἴποι
2823 2714 2886 2768 ἄν
2917 2731 3000 2778 τις
3026 2732 3038 2744 ·
3075 2715 3190 2768 Ούκ
3224 2714 3340 2767 ἔστι
3381 2715 3746 2788 δικαιοσύνης,
3780 2717 3982 2790 ἄνδρας

2391 2807 2570 2869 ὁσίους
2582 2806 2676 2877 ὲᾷν
2688 2804 3040 2878 ἀϐοηθήτους,
3056 2806 3158 2860 ὑπὸ
3171 2807 3278 2859 τῶν
3296 2807 3510 2877 φαύλων
3522 2807 3953 2880 ἐκτρυχομένους
3965 2851 3978 2864 .

2395 2898 2540 2969 Πρὸς
2568 2897 2626 2951 ὃν
2652 2896 2862 2967 ῥητέον,
2895 2898 2970 2961 ὡς
2996 2899 3044 2950 εἰ
3074 2900 3171 2968 μὲν
3199 2899 3484 2967 ἀγαπῶσιν
3511 2899 3604 2955 οὓς
3645 2902 3751 2971 φὴς
3772 2903 3979 2967 ὁσίους,

2389 2989 2457 3041 τὰ
2495 2989 2588 3041 ἐπὶ
2616 2988 2719 3058 γῆς
2746 2989 2851 3041 ὑπὸ
2886 2989 2993 3043 τῶν
3024 2989 3308 3060 προσύλων
3343 2991 3668 3061 ζηλούμενα,
3703 2993 3799 3045 τοῦ
3830 2993 3982 3048 θείου

2391 3081 2606 3144 πάντως
2650 3080 3072 3134 ἐκπετπώκασιν
3113 3081 3332 3153 ἔρωτος.
3385 3083 3496 3136 Καὶ
3547 3085 3646 3136 ούκ
3685 3079 3781 3137 οἷδ’
3825 3081 3982 3152 ὅπως

713 3158 795 3212 τοι
823 3160 922 3214 boc
947 3159 1063 3228 ipso
1082 3161 1193 3230 jam
1222 3181 1250 3219 a
1276 3167 1462 3223 divino
1487 3185 1676 3225 amore
1698 3173 1917 3241 penitus
1939 3176 2281 3232 exciderunt.

2390 3171 2522 3223 ὅσιοι
2564 3171 2810 3242 κληθεῖεν
2851 3172 2952 3237 ἂν,
2988 3173 3300 3237 ἀδικοῦντες
3340 3173 3407 3227 τά
3439 3174 3606 3238 ὄντως
3635 3177 3836 3247 ἐραστά
3879 3181 3984 3232 καὶ.

712 3248 901 3318 Neque
947 3267 1079 3307 sane
1126 3257 1392 3327 intelligo,
1423 3277 1657 3331 quanam
1703 3267 1915 3322 ratione
1953 3270 2128 3324 sancti
2177 3270 2284 3325 dici

711 3345 941 3414 possint,
974 3351 1067 3415 qui
1117 3361 1208 3404 res
1233 3367 1356 3406 vere
1386 3357 1644 3412 amandas
1672 3367 1728 3411 et
1768 3359 1977 3416 divinas
2004 3374 2287 3421 contume—

711 3437 797 3490 liis
819 3437 1077 3503 aiIiciunt,
1107 3443 1229 3494 dum
1255 3460 1349 3499 cas
1381 3447 1544 3504 rebus
1579 3450 1849 3522 fugiendis
1878 3465 1933 3509 et
1960 3457 2284 3510 abominan—

708 3528 814 3594 dis,
847 3545 983 3599 quas
1024 3533 1232 3588 nefarie
1282 3535 1645 3606 insectantur,
1699 3545 1922 3600 minime
1969 3546 2278 3614 prwferunt.

711 3620 806 3675 Sin
851 3631 1028 3677 autem
1061 3640 1125 3678 ea
1170 3641 1290 3693 quae
1335 3644 1460 3683 vere
1498 3644 1629 3686 sunt
1673 3647 1940 3700 amarent,
1983 3639 2281 3707 gauderent

709 3710 921 3780 utique,
949 3715 1093 3782 quod
1137 3717 1245 3770 v0ti
1290 3730 1569 3788 compotes
1607 3723 1721 3779 fieri
1765 3727 1995 3796 possint.
2029 3727 2280 3797 Nunquid

709 3810 837 3856 tunc
889 3806 1058 3874 magis
1101 3807 1166 3861 ad
1217 3812 1493 3880 angelicas
1534 3815 1767 3872 virtutes
1809 3819 2109 3885 accedunt,
2157 3835 2277 3874 cum

709 3907 889 3948 rerum
923 3896 1230 3952 divinarum
1271 3903 1471 3970 studio,
1507 3917 1766 3975 quantum
1815 3920 2060 3978 possunt,
2093 3926 2123 3964 a
2161 3927 2276 3965 ma-

708 3984 974 4039 terialium
1006 3987 1169 4059 477
1200 3990 1482 4049 affectione
1511 3999 1791 4067 recedunt,
1823 4010 1877 4054 et
1903 4002 1969 4054 ad
2018 4002 2120 4056 hoc
2147 4003 2281 4055 viri-

705 4073 832 4127 liter
871 4091 1199 4133 exercentur
1240 4083 1494 4152 periculis
1525 4103 1646 4156 qnaa
1696 4092 1906 4145 honesti
1954 4107 2119 4147 causa
2149 4093 2278 4148 sub-

703 4167 866 4220 eunt?
903 4169 1085 4238 Itaque
1131 4175 1231 4229 boe
1281 4193 1404 4233 vere
1433 4180 1538 4234 dici
1571 4191 1769 4249 potest,
1803 4185 1996 4240 divinae
2040 4185 2269 4253 justitizn

706 4258 879 4326 magis
926 4274 1246 4330 congruere,
1284 4277 1343 4321 ut
1387 4285 1666 4338 nunquam
1713 4273 1954 4341 patiatur
1984 4276 2276 4343 proboruut

705 4351 950 4406 virorum
983 4357 1136 4412 virile
1169 4361 1336 4414 robur
1363 4379 1543 4417 rerum
1573 4367 1938 4420 ntaterialium
1972 4368 2279 4439 largitioni-

703 4438 804 4495 bus
828 4447 1078 4498 enervari
1107 4458 1268 4518 atque
1291 4454 1553 4518 emolliri;
1596 4457 1726 4525 quin
1756 4459 1959 4525 potius,
1995 4459 2040 4512 si
2066 4438 2193 4527 quis
2222 4460 2276 4514 id

2389 3261 2526 3325 θεῖα,
2556 3265 2667 3326 τοῖς
2688 3261 2998 3336 ἀζηλώτοις
3043 3266 3136 3318 καὶ
3181 3266 3502 3336 ἀνεράστοις
3531 3267 3626 3321 ὑπ’
3668 3267 3845 3320 αὐτῶν
3872 3269 3984 3322 οὐκ

2386 3356 2598 3420 εὐαγῶς
2640 3356 3202 3428 παρευδοκιμούμενα.
3250 3358 3316 3410 Εἰ
3344 3357 3403 3410 δὲ
3444 3358 3553 3410 τῶν
3595 3359 3763 3422 ὅντως
3804 3359 3984 3414 ὄντων

2384 3449 2570 3519 ἐρῶσι,
2586 3448 2970 3520 εὐφραίνεσθαι
2992 3449 3096 3520 χρὴ
3116 3449 3240 3511 τοὺς
3261 3449 3418 3502 τινῶν
3441 3450 3782 3519 ἐφιεμένους,
3808 3448 3982 3517 ἡνίκα

2381 3539 2490 3592 τῶν
2538 3541 2744 3610 ἐφετῶν
2793 3540 3153 3610 τυγχάνωσιν.
3189 3541 3261 3593 Ἢ
3292 3542 3412 3611 οὐχὶ
3439 3542 3559 3594 τότε
3595 3543 3794 3613 μᾶλλον
3835 3545 3973 3616 πλη-

2385 3631 2626 3696 σιάζουσι
2670 3635 2791 3695 ταῖς
2822 3632 3138 3701 ἀγγελικαῖς
3170 3634 3412 3704 ἀρεταῖς,
3442 3636 3592 3697 ὅταν,
3619 3636 3694 3698 ὡς
3723 3636 3978 3704 δυνατὸν,

2382 3724 2565 3793 ἐφέσει
2606 3725 2716 3778 τῶν
2746 3724 2904 3779 θείων
2935 3724 3257 3795 ἀναχωρῶσι
3297 3727 3394 3796 τῆς
3422 3726 3528 3780 τῶν
3567 3727 3762 3781 ύλικῶν
3794 3746 3978 3798 προσ-

2382 3815 2628 3882 παθείας,
2654 3817 3117 3888 ἐγγυμναζὸμενοι
3161 3816 3300 3889 πρὸς
3337 3817 3497 3871 τοῦτο
3522 3818 3640 3871 λίαν
3679 3819 3975 3889 ἀνδρικῶς,

2382 3911 2438 3962 ἐν
2469 3913 2589 3974 ταῖς
2621 3910 2762 3979 ὑπὲρ
2806 3910 2901 3963 τοῦ
2937 3909 3100 3963 καλοῦ
3132 3910 3515 3983 περιστάσεσιν
3541 3929 3554 3975 ;
3585 3912 3741 3964 Ὥστε
3768 3912 3980 3983 ἀληθὲς

2382 4003 2574 4066 εἰπεῖν,
2603 4003 2685 4055 ὅτι
2717 4003 2875 4056 τοῦτο
2913 4003 3112 4072 μᾶλλόν
3142 4005 3260 4057 ἐστι
3301 4004 3401 4076 τῆς
3433 4003 3583 4069 θείας
3622 4004 3978 4075 δικαιοσύνης

2383 4095 2533 4158 ῐδιον,
2565 4095 2628 4148 τὺ
2660 4096 2734 4167 μὴ
2772 4095 2985 4164 θέλγειν
3016 4097 3109 4150 καὶ
3141 4096 3430 4151 ἀπολλύειν
3460 4098 3568 4149 τῶν
3599 4098 3834 4168 ἀρίστων
3865 4099 3976 4169 τὴν

2381 4187 2718 4258 ἁρῤενότητα
2747 4192 2866 4252 ταῖς
2894 4187 3001 4242 τῶν
3028 4188 3226 4243 ὑλικῶν
3257 4189 3522 4243 διαδόσεσι
3545 4191 3616 4253 ⁵⁸,
3645 4190 3798 4260 μηδὲ,
3827 4189 3977 4255 εἴτις

2380 4279 2683 4351 ἐπιχειροίη
2734 4279 2892 4333 τοῦτο
2936 4284 3128 4343 ποιεῖν,
3176 4283 3269 4351 ἐᾷν
3315 4281 3665 4352 ἀϐοηθήτους,
3701 4281 3814 4333 ἀλλ’
3856 4283 3965 4335 ενι-

2379 4370 2560 4441 δρύειν
2599 4371 2794 4435 αὐτοὺς
2825 4373 2882 4424 ἐν
2913 4374 2979 4442 τῇ
3013 4371 3149 4442 καλῇ
3186 4373 3277 4425 καὶ
3306 4364 3599 4443 ἀμειλίκτῳ
3630 4373 3835 4436 στάσει,
3868 4375 3975 4427 καί

2381 4461 2673 4533 ἀπονέμειν
2696 4465 2879 4527 αὐτοῖς
2901 4464 3160 4528 τοιούτοις
3183 4461 3302 4518 οὖσι
3327 4464 3395 4517 τὰ
3422 4467 3542 4519 κατ’
3571 4464 3743 4530 ἀξίαν.

703 4540 1014 4605 tentaverit,
1045 4543 1235 4600 divinis
1267 4550 1486 4605 auxiliis
1519 4552 1765 4609 sulfultos
1793 4555 1844 4606 in
1877 4555 2138 4625 praeclaro
2172 4557 2264 4612 illo
2302 4567 2356 4613 et
2381 4560 2706 4616 inconcusso
2731 4569 2878 4616 statu
2927 4560 3182 4622 solidare.
3217 4574 3318 4615 nec
3380 4575 3489 4613 non
3547 4571 3972 4628 perseverantes

701 4639 800 4695 pro
827 4632 1035 4688 meritis
1067 4641 1431 4696 remunerari.

2253 4786 2281 4858 §
2334 4784 2446 4843 ιχ.

776 4906 894 4963 llaec
928 4912 1086 4964 etiam
1127 4913 1309 4969 divina
1335 4916 1544 4985 justitia
1582 4930 1836 4990 tanquam
1875 4923 2116 4978 omnium
2157 4943 2247 4982 sa-
2281 4928 2292 4986 l

2421 4927 2565 4997 Αὕτη
2595 4927 2722 4994 γοῦν
2745 4928 2777 4997 ἡ
2803 4926 2921 4978 θεία
2943 4924 3255 4995 δικαιοσύνη
3290 4928 3382 4979 καὶ
3414 4929 3649 4998 σωτηρία
3679 4928 3786 4981 τῶν
3819 4929 3969 4986 ὅλων

701 4998 782 5053 lus
821 5001 1148 5068 celebratur,
1197 5007 1340 5071 quod
1396 5010 1670 5077 propriam
1725 5013 1991 5080 cujusque
2033 5016 2108 5068 rei
2162 5034 2263 5086 pu-

700 5105 818 5144 ram
862 5092 930 5144 ab
977 5092 1101 5146 aliis
1145 5096 1444 5152 essentiam
1487 5101 1844 5170 ordinemque
1885 5118 2175 5161 conservet
2200 5125 2265 5164 ac

701 5190 934 5249 tueatur,
1001 5201 1099 5240 nec
1154 5203 1264 5242 non
1309 5205 1438 5244 vera
1504 5207 1666 5246 causa
1721 5194 1812 5259 sit,
1873 5206 1932 5250 ut
1992 5199 2263 5255 actionem

696 5289 926 5344 quaeque
951 5292 1109 5334 suam
1153 5282 1403 5336 universa
1445 5295 1865 5353 prosequantur.
1901 5289 1956 5342 Si
1988 5290 2111 5360 quis
2139 5307 2269 5346 vero

697 5367 929 5423 salutem
948 5369 1152 5438 laudet,
1175 5383 1444 5443 quatenus
1463 5391 1490 5429 a
1509 5378 1671 5433 rebus
1685 5378 2048 5438 deterioribus
2069 5396 2265 5440 cuncta

2371 5018 2637 5087 ὑμνεῖται,
2672 5018 2769 5087 τὴν
2817 5017 2954 5070 ἰδίαν
2999 5017 3228 5068 ἑκάστου
3278 5019 3372 5070 καὶ
3414 5019 3660 5088 καθαρὰν
3700 5021 3805 5073 ἀπὸ
3846 5023 3969 5075 τῶν

2370 5111 2544 5164 ἄλλων
2584 5114 2629 5143 ⁵⁸
2669 5111 2854 5165 οὐσίαν
2894 5111 2987 5163 καὶ
3037 5110 3191 5176 τάξιν
3219 5109 3579 5175 ἀποσώζουσα
3625 5112 3715 5164 καὶ
3756 5112 3972 5180 φυλάτ-

2368 5222 2555 5267 τουσα,
2595 5205 2687 5257 καὶ
2725 5203 2871 5256 αἰτία
2926 5203 3182 5274 καθαρῶς
3220 5199 3356 5257 οὖσα
3396 5204 3494 5273 τῆς
3545 5205 3603 5256 ἐν
3649 5207 3760 5268 τοῖς
3815 5206 3968 5272 ὅλοις

2375 5294 2733 5364 ίδοπραγίας.
2778 5297 2841 5347 Εἰ
2867 5294 2923 5346 δέ
2950 5312 3031 5358 τις
3066 5293 3162 5363 τὴν
3208 5295 3481 5366 σωτηρίαν
3520 5296 3732 5366 ύμνοίη,
3768 5299 3866 5350 καὶ
3887 5299 3970 5360 ὡς

2375 5388 2440 5438 ὲκ
2492 5388 2597 5439 τῶν
2638 5386 2897 5457 χειρόνων
2939 5385 3006 5437 τὰ
3043 5384 3141 5438 ὅλα
3196 5386 3477 5450 σωστικώς
3527 5388 3969 5460 ἀναρπάζουσαν

1996 5539 2231 5597 VARI/EI
2258 5543 2640 5600 LECTIONES

769 5685 812 5718 "
853 5689 980 5772 φησὶ
1014 5689 1122 5761 γὰρ
1160 5688 1396 5756 ὀφείλειν
1430 5687 1681 5772 εἶναιηβ.

696 5755 746 5791 ⁸⁵
767 5755 1035 5825 αἰωνίους,
1075 5755 1134 5816 ι).
1207 5755 1255 5794 ⁵⁸
1292 5765 1411 5825 ταῖς
1443 5764 1548 5816 τῶν
1583 5764 1780 5819 ὑλικῶν
1813 5764 2008 5831 δόσεσι,
2050 5768 2201 5834 5.1).,

1901 5695 1944 5724 δ’
1983 5696 2075 5748 καὶ
2110 5699 2506 5772 έτερεκινήτςις
2549 5703 2646 5775 τὴν
2682 5702 3048 5775 αὐτοκίνητον,
3086 5701 3147 5760 D.

2280 5774 2323 5804 5‘3
2357 5771 2509 5826 ὅλων.

3243 5703 3288 5736 b3
3323 5696 3458 5756 εἶναι
3490 5701 3556 5756 τὰ
3592 5703 3773 5776 φύσει,
3812 5708 3873 5762 S.
3900 5710 3962 5766 Ρ.
