4186 6308
224 395 327 451 897

926 390 1015 447 DE
1052 389 1303 447 DlVlNlS
1334 390 1732 457 NOMINIBUS,
1765 388 1919 446 CAP.
1964 390 2102 447 Vill.
2138 422 2208 433 ——
2234 391 2555 447 CORDERII
2581 391 2812 450 ΝΟΤᾸΞ.

3373 400 3481 457 898

226 511 443 575 πάντως
481 526 586 564 που
626 509 719 563 καὶ
747 504 935 561 τοῦτον
959 507 1236 581 ὴμεῖςτδν
1274 508 1517 579 ὑμνῳδὸν
1548 507 1648 577 τῆς
1676 524 1805 560 παν-

1911 507 2204 562 salubriter
2221 506 2483 575 defendit,
2505 509 2649 564 hunc
2667 524 2765 564 nos
2794 517 3052 579 tanquam
3078 512 3477 582 omnigenaesa-

225 604 466 676 τοδαπῆς
505 603 778 677 σωτηρίας
828 600 1222 673 ἀποδεξόμεθα,
1252 600 1348 656 καὶ
1380 600 1583 672 ταύτην
1612 601 1668 655 δὲ
1709 599 1802 653 καὶ

228 699 451 772 πρώτην
484 698 755 772 σωτηρίαν
791 698 898 752 τῶν
942 698 1079 751 ὅλων
1130 695 1429 767 ἀξιώσομεν
1474 694 1634 749 αὑτὸν
1686 693 1803 766 όρί-

236 793 446 858 ζισθαι,
502 793 601 864 τὴν
657 791 835 844 πάντα
900 789 984 857 ἐφ’
1042 787 1247 842 ἑαυτῶν
1300 786 1650 859 ἀμετάϐλητα
1710 788 1803 842 καὶ

229 886 571 940 ἀστασίαστα
597 884 690 937 καὶ
726 883 938 953 ἀρῤεπῆ
970 880 1106 951 πρὸς
1127 880 1195 934 τά
1224 881 1391 952 χείρω
1414 879 1799 945 διασώζουσαν,

230 975 327 1028 καὶ
357 976 531 1029 πάντα
568 972 926 1046 φρουροῦσαν,
966 972 1154 1043 ἄμαχα
1190 971 1284 1024 καὶ
1327 969 1643 1041 ἀπολέμητα
1691 972 1805 1034 τοῖς

232 1067 440 1120 ἑαυτῶν
485 1066 688 1119 ἕκαστα
733 1064 911 1134 λόγοις
964 1062 1421 1133 διακοσμούμενα,
1476 1062 1570 1115 καὶ
1625 1063 1804 1115 πᾶσαν

232 1158 523 1229 ἀνισότητα
542 1157 635 1211 καὶ
661 1156 1142 1228 ἀλλοτριοπραγίαν
1164 1156 1227 1208 ὲκ
1252 1154 1358 1208 τῶν
1386 1152 1520 1207 ὅλων
1542 1150 1809 1224 ἐξορίζου-

235 1267 358 1313 σαν,
387 1251 479 1305 καὶ
507 1250 605 1313 τὰς
631 1247 920 1317 ἀναλογίας
956 1247 1185 1300 ἑκάστου
1215 1246 1634 1300 συνιστάνουσαν
1672 1248 1807 1316 ἀμε-

232 1341 548 1406 ταπτώτους
564 1343 643 1405 είς
662 1340 729 1394 τὰ
750 1340 986 1401 ἐναντία,
1018 1339 1112 1392 καὶ
1134 1339 1613 1410 ἀμεταχωρήτους.
1656 1337 1807 1390 Ἐπεὶ

231 1432 333 1487 καὶ
359 1432 558 1503 ταύτην
588 1432 686 1502 τὴν
714 1430 983 1501 σωτηρίαν
1021 1430 1120 1482 οὐκ
1158 1429 1263 1482 ἀπὸ
1288 1427 1488 1481 σκοποῦ
1510 1428 1553 1459 ⁸⁷
1595 1444 1679 1492 τις
1706 1428 1802 1498 ύμ-

232 1525 388 1594 νήσοι
441 1524 539 1593 τῆς
573 1523 723 1594 ἱερᾶς
768 1519 1066 1589 θεολογίας,
1097 1520 1172 1584 ὡς
1220 1520 1395 1574 πάντα
1444 1518 1513 1572 τά
1556 1519 1684 1572 ὅντα
1741 1521 1806 1591 τῇ

235 1619 477 1687 σωστικῇ
490 1615 596 1668 τῶν
608 1613 859 1668 ἁπάντων
879 1612 1194 1683 ἀγαθότητι,
1209 1612 1304 1683 τῆς
1315 1610 1421 1665 τῶν
1436 1612 1549 1665 οίκε
1559 1611 1649 1665 ίων
1675 1612 1811 1679 ἀγα-

1906 596 2426 665 lutislandatorem,
2450 600 2802 655 admittemus
2843 610 3220 673 petentesque,
3248 616 3306 660 ut
3330 605 3475 661 illam

1904 691 2138 761 primam
2182 692 2425 761 omnium
2463 691 2694 748 salutem
2742 700 2966 761 statuat,
3001 711 3121 764 qua:
3171 698 3356 753 omnia
3396 699 3477 754 sic

1904 780 2186 836 immutata
2217 790 2272 838 et
2303 783 2627 840 inconcussa
2659 794 2863 851 servat,
2889 795 2947 839 ut
2975 787 3027 841 in
3060 789 3304 843 deterius
3336 804 3479 844 nun-

1905 888 2068 943 quam
2096 884 2356 943 vergant;
2381 884 2437 930 et
2469 876 2831 947 inexpugnata
2856 878 3164 949 invictaque
3188 881 3301 935 suis
3325 895 3479 951 quaa-

1906 978 2010 1031 que
2038 963 2344 1019 rationibus
2372 966 2628 1022 distincta
2669 968 2925 1032 custodit,
2955 984 3171 1025 amnem
3231 972 3479 1044 inatqua-

1923 1056 2134 1112 litatem
2162 1066 2216 1111 et
2244 1057 2475 1112 alienam
2501 1060 2765 1114 actionem
2793 1061 2860 1114 ab
2880 1061 3148 1118 universis
3171 1064 3481 1129 elimiuans,

1920 1157 2085 1218 atque
2113 1150 2403 1220 cujuslibet
2438 1154 2810 1222 prOportiones
2853 1154 2926 1207 ita
2958 1157 3305 1226 conlirmans,
3339 1168 3397 1213 ut
3429 1160 3480 1213 in

1913 1244 2247 1297 contrarium
2274 1258 2449 1312 neque
2476 1245 2673 1298 mutari
2706 1247 2917 1315 possint
2957 1261 3133 1317 neque
3164 1248 3473 1304 transferri.

1909 1336 2047 1403 Quin
2081 1345 2133 1389 et
2169 1335 2308 1391 hanc
2357 1337 2585 1392 salutem
2645 1353 3017 1409 nequaquam,
3064 1350 3263 1409 printer
3312 1356 3483 1396 saeue

1907 1427 2190 1499 theologite
2217 1430 2553 1499 propositum
2589 1431 2814 1487 l’audare
2842 1434 2964 1503 quis
2994 1433 3186 1503 possit,
3222 1445 3478 1503 tanquam

1910 1535 2033 1589 qua:
2070 1534 2158 1574 res
2184 1508 2397 1582 omnes,
2430 1530 2591 1589 prout
2620 1521 2888 1592 cujusque
2923 1522 2999 1577 rei
3034 1538 3155 1592 quae
3193 1533 3486 1577 servantur

1911 1618 2107 1662 natura
2131 1607 2259 1674 fert,
2291 1624 2320 1663 a
2351 1610 2617 1668 bonorum
2649 1614 3199 1669 suorunfamissione
3240 1614 3436 1669 liberet
3466 1628 3484 1668 :

233 1708 347 1764 θῶν
370 1708 740 1769 ἀποπτωσεως
779 1703 1273 1775 ἀπολυτρουμένην,
1314 1702 1433 1756 καθ’
1466 1703 1590 1757 ὅσον
1624 1704 1656 1775 ἡ
1684 1702 1809 1757 ἐκά-

1912 1700 2056 1753 unde
2085 1699 2320 1771 theologi
2348 1716 2567 1771 quoque
2616 1703 2761 1758 illam
2802 1715 2999 1759 vocant
3034 1707 3487 1774 redemptionem,

234 1815 366 1854 στου
390 1798 498 1851 τῶν
525 1796 841 1867 σωζομένων
869 1796 1174 1865 ἐπιδέχεται
1208 1794 1369 1863 φύσις
1388 1811 1401 1825 ·
1429 1793 1509 1848 διὸ
1538 1795 1631 1847 καὶ
1676 1794 1809 1847 ἀπο-

1915 1792 1969 1845 in
1994 1802 2392 1862 qnantumnon
2424 1796 2554 1851 sinit
2587 1812 2648 1850 ca
2677 1812 2797 1867 qua:
2832 1812 2961 1853 vero
3008 1808 3134 1854 sunt
3173 1799 3227 1853 in
3259 1801 3483 1855 nihilum

231 1888 504 1963 λύτρωσιν
548 1888 715 1958 αὐτὴν
749 1886 1101 1959 ὀνομάζουσιν
1140 1888 1189 1940 οἱ
1240 1886 1501 1954 θεολόγοι,
1546 1888 1640 1940 καὶ
1690 1885 1809 1941 καθ1

1916 1888 2108 1955 relabi,
2138 1899 2192 1944 et
2238 1889 2282 1945 si
2311 1890 2441 1953 quid
2484 1902 2767 1959 peccaturo
2798 1891 2888 1958 sit,
2925 1906 2988 1946 ac
3019 1900 3220 1961 prmter
3239 1892 3485 1947 ordinem

231 1984 363 2038 ὅσον
392 1982 490 2035 οὐκ
526 1981 593 2052 ὲᾷ
623 1981 691 2033 τὰ
716 1980 885 2043 ὅντως
912 1978 1039 2033 ὄντα
1067 1979 1203 2050 πρὸς
1240 1979 1301 2031 τὸ
1344 1978 1417 2049 μὴ
1449 1973 1584 2031 εἶναι
1623 1979 1809 2031 διαπε-

1911 1989 2172 2046 erratum,
2199 1995 2266 2035 ex
2310 1996 2420 2051 quo
2473 1982 2742 2036 bonorum
2774 1995 2995 2036 suorum
3052 1982 3272 2051 aliquod
3314 1983 3488 2036 detri-

236 2075 375 2136 σεῖν,
408 2072 499 2126 καὶ
536 2070 656 2124 καθ’
686 2070 807 2123 ὅσον
849 2072 897 2123 εί
924 2069 1017 2122 καί
1043 2086 1095 2121 τι
1122 2068 1257 2139 πρὸς
1278 2069 1339 2121 τὸ
1366 2067 1679 2140 πλημμελὲς
1718 2068 1809 2122 καὶ

232 2164 472 2219 ἄτακτον
520 2163 877 2235 ἀποσφαλείη,
920 2164 1012 2217 καὶ
1057 2163 1277 2233 μείωσιν
1319 2180 1441 2218 τινα
1500 2163 1660 2218 πάθοι
1711 2163 1810 2235 τῆς

233 2259 353 2313 τῶν
375 2259 584 2313 οἰκείων
619 2260 836 2328 ἀγαθῶν
882 2258 1237 2330 τελειότητος,
1270 2258 1363 2311 καὶ
1398 2256 1559 2309 τοῦτο
1583 2255 1676 2309 τοῦ
1707 2256 1812 2310 πά-

234 2352 389 2415 θους,
421 2353 513 2406 καὶ
540 2353 637 2423 τῆς
668 2352 973 2421 ἀδρανείας,
1002 2351 1096 2404 καὶ
1132 2349 1233 2420 τῆς
1272 2350 1578 2421 στερήσεως
1607 2348 1809 2401 ἀπολυ-

232 2445 482 2517 τροῦται,
507 2445 783 2516 πληροῦσα
803 2443 864 2497 τὸ
893 2443 1087 2506 ἐνδεὲς,
1125 2444 1218 2496 καὶ
1252 2441 1531 2514 πατρικῶς
1564 2440 1660 2512 τὴν
1685 2441 1810 2497 ἀτο-

235 2537 365 2595 νίαν
400 2537 751 2607 ύπερείδουσα
772 2537 838 2600 ⁵⁸,
865 2537 959 2589 καὶ
988 2536 1259 2588 ἀνιστῶσα
1296 2533 1389 2586 τοῦ
1432 2531 1602 2586 κακοῦ
1625 2549 1637 2562 ο
1680 2530 1814 2601 μᾶλ-

235 2627 335 2680 λον
362 2628 419 2680 δὲ
444 2627 643 2681 ἑστῶσα
669 2627 727 2681 ὲν
754 2626 833 2696 τῷ
876 2623 1045 2695 καλῷ,
1088 2624 1183 2676 καὶ
1208 2623 1269 2675 τὸ
1304 2622 1571 2692 ύπεκρυὲν
1613 2619 1812 2688 ἀγαθὸν

236 2714 650 2786 ἀναπληροῦσα,
680 2716 773 2768 καὶ
804 2714 1095 2776 τάττουσα,
1126 2714 1219 2765 καὶ¹
1259 2711 1537 2783 κοσμοῦσα
1562 2710 1659 2782 τὴν
1692 2711 1815 2763 ἀτα-

239 2801 366 2867 ξίαν
392 2804 575 2866 αὔτοῦ,
603 2804 696 2856 καὶ
719 2802 1013 2873 ἀκοσμίαν,
1034 2802 1126 2854 καὶ
1144 2800 1436 2872 ὁλόκληρον
1458 2799 1812 2861 ἀποτελοῦσα,

1912 2080 2151 2126 mentum
2181 2087 2340 2141 passa
2371 2073 2463 2140 sit,
2491 2072 2756 2141 perfectio
2801 2072 2946 2127 illico
2977 2089 3191 2142 quoque
3215 2073 3486 2141 jacturam

1911 2162 2057 2217 illam
2082 2174 2138 2218 et
2164 2164 2593 2220 imbecillitatem
2653 2166 3120 2235 privationemqne
3152 2167 3401 2228 ressrcit,
3434 2166 3487 2220 id

1912 2257 2055 2327 quod
2088 2257 2239 2313 deest
2268 2258 2545 2329 supplens,
2593 2274 2657 2313 ac
2688 2269 2913 2328 paterae
2972 2261 3349 2315 remissionem
3390 2260 3488 2314 do-

1912 2362 2072 2416 nans,
2105 2357 2160 2403 et
2184 2362 2216 2403 e
2249 2350 2391 2403 malo
2426 2352 2661 2419 erigens,
2692 2352 2800 2404 imo
2828 2352 3008 2420 potius
3035 2351 3089 2404 in
3138 2352 3283 2405 bono
3317 2350 3492 2406 collo-

1913 2454 2064 2505 cans,
2091 2450 2253 2510 atque
2297 2443 2500 2497 bonum
2546 2445 2689 2511 quod
2732 2440 3013 2498 eﬂlnxerat
3048 2443 3490 2513 adimplens,or-

1913 2532 2218 2602 dinansque
2263 2542 2320 2590 et
2357 2548 2631 2588 exornans
2682 2534 2733 2589 id
2777 2534 2917 2603 quod
2961 2534 3336 2591 inordinatum
3366 2544 3490 2589 erat

1912 2631 1969 2677 et
1998 2608 2268 2690 dili‘orme,
2306 2625 2377 2678 ita
2416 2634 2473 2678 ut
2528 2626 2857 2695 redintegret
2886 2627 3110 2680 omnino
3160 2635 3215 2680 et
3245 2627 3312 2680 ab
3342 2628 3489 2684 omni

1916 2712 2037 2769 labe
2069 2715 2284 2772 liberet.
2312 2714 2423 2770 lloc
2448 2716 2667 2786 quidem
2709 2717 2775 2770 de
2800 2717 2882 2770 bis
2905 2715 3111 2769 dictum
3140 2730 3202 2770 ac
3229 2716 3296 2772 de
3329 2715 3492 2785 justi-

1917 2807 1991 2861 tia
2042 2821 2162 2875 quae
2198 2809 2440 2861 omnium
2470 2808 2840 2876 aequalitatem
2870 2808 3149 2863 dimetitur
3177 2819 3233 2865 et
3277 2808 3493 2876 definit,

238 2895 342 2949 καὶ
364 2896 577 2948 πάντων
606 2894 914 2948 ἀπολύουσα
934 2894 1042 2945 τῶν
1066 2892 1273 2962 λελωϐη
1282 2894 1473 2963 μένων.
1526 2890 1670 2944 Αλλά
1688 2890 1815 2961 περὶ

242 2985 348 3057 μὲν
376 2985 580 3037 τούτων
612 2985 855 3057 καὶπερὶ
880 2983 1223 3055 δικαιοσύνης
1260 2984 1493 3055 εἴρηται,
1530 2982 1651 3035 καθ’
1688 2982 1755 3050 ἠν
1783 2984 1815 3052 ἡ

240 3078 462 3133 πάντων
487 3079 665 3169 ἰσότης
685 3079 961 3150 μετρεῖται
976 3077 1071 3129 καὶ
1085 3077 1343 3148 ὁρίζεται,
1367 3076 1459 3129 καὶ
1481 3078 1625 3128 πᾶσα
1643 3074 1819 3127 ἀνισό-

239 3188 366 3241 της,
397 3172 429 3240 ή
459 3170 596 3223 κατά
627 3170 879 3241 στέρησιν
910 3170 1009 3240 τῆς
1037 3172 1094 3222 ὲν
1122 3170 1305 3234 αὐτοῖς
1343 3169 1593 3231 ἑκάστοις
1641 3169 1809 3236 ἰσότη-

1924 3186 2172 3247 pretetur
2221 3175 2584 3242 diﬂ‘erentias,
2630 3177 2833 3247 quibus
2877 3192 2964 3231 res
2994 3192 3186 3232 omnes
3239 3178 3385 3234 inter
3434 3192 3497 3234 se

240 3280 357 3326 τος,
381 3263 678 3334 ὲξορίζεται
703 3264 769 3294 ⁸ο·
793 3263 894 3334 τὴν
924 3262 1031 3334 γὰρ
1059 3262 1348 3332 ἀνισότητα
1378 3260 1537 3322 εἴτις
1582 3259 1809 3313 ὲκλάϐοιι

1927 3271 2355 3338 distinguantur,
2390 3270 2549 3339 hujus
2577 3272 2741 3325 etiam
2775 3280 2962 3325 custos
3021 3280 3074 3324 et
3121 3272 3492 3327 conservatrix

238 3354 345 3418 τὰς
393 3356 451 3407 ἐν
495 3354 574 3425 τῷ
617 3354 724 3424 ὅλῳ
764 3353 873 3407 τῶν
912 3353 1047 3406 ὅλων
1079 3353 1213 3424 πρὸς
1264 3352 1359 3405 ὅλα
1399 3350 1679 3421 διαφορὰς,
1730 3350 1809 3403 καί

1925 3363 2274 3433 estjustitia;
2301 3378 2422 3417 cum
2457 3364 2637 3417 omnia
2666 3364 2718 3417 in
2748 3365 3001 3418 omnibus
3020 3361 3190 3435 478
3229 3366 3492 3434 perntista

239 3443 515 3515 ταύτηςή
561 3444 870 3515 δικαιοσύνη
936 3443 1292 3515 φρουρητικὴ,
1348 3442 1421 3514 μὴ
1470 3442 1809 3513 συγχωροῦσα

1927 3454 2185 3510 confundi
2230 3455 2453 3509 minime
2490 3455 2749 3523 patiatur,
2782 3459 2874 3510 sed
2904 3471 2968 3511 ea
3007 3473 3127 3524 qua:
3156 3466 3283 3511 sunt
3313 3457 3496 3512 omnia

242 3540 496 3611 συμμιγῆ
522 3541 589 3593 τὰ
611 3540 705 3595 ὅλα
729 3542 785 3593 ὲν
809 3540 951 3603 ὅλοις
968 3541 1231 3611 γενόμενα
1256 3541 1698 3613 διαταραχθῆναι,
1727 3560 1809 3611 φυ-

1928 3547 2196 3603 custodiat
2224 3546 2521 3601 secundum
2552 3561 2703 3601 suam
2736 3562 2967 3618 qumque
3016 3546 3271 3618 speciem,
3306 3549 3358 3602 in
3388 3563 3493 3618 qua

240 3632 509 3688 λάττουσα
531 3633 588 3685 δὲ
616 3632 685 3685 τὰ
710 3633 838 3687 όντα
871 3636 1045 3688 πάντα
1094 3635 1213 3688 κατ’
1243 3630 1379 3699 εἶδος
1416 3635 1663 3701 ἕκαστον,
1696 3637 1753 3689 ὲν

1931 3656 2053 3696 esse
2083 3640 2307 3696 debent.

242 3726 474 3779 ἕκαστον
499 3721 637 3779 εἶναι
662 3726 706 3757 ⁸⁸
730 3725 963 3796 πέφυκε.

1916 2911 2245 2967 omnemque
2278 2897 2730 2968 intequalitatem,
2777 2913 2900 2968 quas
2959 2900 3262 2955 secundum
3309 2902 3497 2971 priva-

1920 2989 2122 3045 tionem
2153 2989 2479 3059 :equalitatis
2530 2990 2869 3060 singulorum
2916 2991 3173 3054 sumitur,
3221 2992 3494 3046 extermi-

1920 3093 2011 3137 nat
2040 3099 2054 3137 :
2083 3083 2508 3152 inatqualitatem
2539 3084 2683 3139 enim
2737 3084 2783 3138 si
2827 3086 2955 3154 quis
2984 3085 3217 3153 accipiat
3241 3096 3297 3140 et
3327 3086 3496 3141 inter-

1406 3970 1941 4029 ADNOTATIONES
1978 3967 2329 4026 CORDERII.

328 4082 420 4151 §l.
449 4082 631 4138 Multis
647 4082 780 4138 enim
798 4084 851 4137 in
870 4084 995 4139 locis
1017 4084 1433 4153 Scriptura,elc.
1455 4081 1618 4139 Notat
1654 4087 1874 4141 Lessius
1904 4086 1997 4141 lib.
2048 4102 2081 4140 v
2138 4087 2209 4139 οε
2240 4082 2646 4154 perfectionibus
2691 4082 2883 4154 divinis
2912 4122 2926 4145 ,
2972 4096 3097 4152 cap.
3126 4086 3172 4147 Ι,
3208 4083 3491 4154 plusquam

245 4156 608 4225 Septuaginta
639 4156 771 4209 locis
805 4155 985 4208 vocari
1011 4165 1438 4223 omnipotentem.
1470 4158 1609 4211 Idem
1638 4159 1823 4212 nmltis
1850 4158 1973 4211 aliis
2003 4156 2136 4211 locis
2161 4153 2363 4210 diserte
2396 4155 2682 4225 asseritur,
2716 4153 2993 4225 ut__llatth.
3015 4169 3073 4225 ιι
3107 4170 3120 4205 :
3147 4154 3299 4225 Apud
3325 4153 3491 4208 Deum

250 4222 436 4281 omnia
464 4222 735 4293 possibilia
765 4235 921 4287 sunt;
963 4226 1128 4279 Marc.
1156 4222 1191 4279 Χ
1216 4242 1227 4276 :
1251 4224 1444 4280 Omnia
1468 4228 1739 4295 possibilia
1772 4238 1890 4281 sunt
1920 4228 2059 4294 apud
2086 4227 2273 4288 Deum,
2304 4236 2445 4287 etc.;
2481 4222 2613 4277 Luc.
2641 4240 2676 4277 tt
2713 4242 2725 4277 :
2755 4222 2977 4295 Noiiest
3004 4224 3323 4295 impossibile
3352 4236 3491 4291 apud

250 4297 420 4368 Deum
454 4312 603 4368 omne
635 4298 867 4368 verbum.
897 4295 1034 4349 Hinc
1068 4296 1128 4368 in
1155 4296 1432 4366 Symbolo,
1468 4293 1723 4366 tanquam
1767 4293 2095 4368 praecipuum
2140 4296 2271 4368 ﬁdei
2326 4296 2757 4368 fundamentum,
2792 4293 3016 4347 articulo
3047 4296 3225 4368 primo
3252 4294 3449 4348 dicitur
3479 4313 3491 4348 :

245 4367 424 4420 Credo
458 4366 512 4437 in
550 4367 712 4419 Deum
745 4364 958 4419 Patrem
991 4364 1414 4437 omnipotentem,
1444 4364 1730 4435 etc.,_quia
1767 4364 2044 4437 praecipua
2084 4367 2357 4436 religionis
2407 4376 2603 4421 nostra:
2651 4366 2899 4437 dogmata
2945 4378 3009 4417 eo
3053 4364 3319 4437 nituntur,
3356 4380 3407 4437 v.
3441 4383 3494 4433 κ.

244 4440 447 4506 dogma
479 4436 545 4490 de
580 4437 855 4490 creatione
883 4435 1088 4507 mundi,
1122 4430 1469 4507 deejusdem
1499 4430 1912 4493 conservatione
1944 4430 2006 4492 ἐι
2033 4430 2447 4507 gubernatione,
2482 4430 2797 4506 mysterium
2830 4430 3247 4500 lucarttationis,
3281 4430 3496 4489 Eucha-

245 4505 448 4571 tistiai,
483 4507 926 4568 resurrectionis,
960 4505 1181 4569 visionis
1207 4505 1487 4571 beatiﬁcaa,
1519 4518 1574 4562 et
1595 4509 1813 4563 similia.

323 4574 627 4649 Notandum
664 4578 792 4629 item
819 4592 885 4628 ex
910 4576 1097 4649 eodem
1142 4574 1351 4641 Lessio,
1376 4579 1513 4645 apud
1546 4590 1791 4632 sanctum
1842 4578 2155 4649 Dionysium
2190 4594 2311 4633 esse
2344 4578 2447 4631 duo
2475 4576 2690 4649 nomina
2734 4575 2931 4649 quibus
2976 4572 3276 4649 explicatur
3306 4574 3489 4649 divina

326 4647 515 4706 tentia,
538 4660 732 4719 nempe
759 4645 1163 4719 παντοδύναμος
1188 4654 1241 4699 et
1277 4649 1701 4719 παντρκράτωρ;
1726 4665 1809 4717 qu:

1914 4645 1995 4701 tsi'
2017 4650 2306 4718 aliquando
2338 4664 2435 4717 pro
2468 4648 2654 4719 eodem
2688 4645 3134 4719 accipiantur,_et
3186 4646 3493 4714 signiﬁcent

247 4714 400 4772 idem
453 4716 594 4784 quod
631 4714 977 4789 omnipotens,
1013 4714 1189 4769 tamen
1236 4720 1376 4785 apud
1405 4714 1716 4789 Dionysium
1745 4714 2057 4788 significant
2095 4714 2417 4789 diversa,’et
2444 4718 2674 4771 diversis
2720 4714 2901 4771 verbis
2956 4714 3304 4789 explicanda,
3348 4719 3490 4784 quod

244 4788 602 4853 interpretes,
632 4788 720 4855 qui
757 4801 821 4857 ett
854 4786 1042 4842 Gnaeo
1066 4796 1367 4849 verterunt,
1396 4804 1499 4843 non
1536 4786 1785 4843 videntur
1807 4786 2129 4843 advel-tisse.
2165 4788 2573 4857 Παντοδύναμος
2610 4789 2828 4857 proprie
2878 4789 3010 4840 verti
3060 4787 3493 4857 debetromm'po-

244 4872 393 4921 iens,
418 4859 483 4908 de
510 4872 617 4931 quo
651 4859 760 4924 agit
788 4855 1078 4931 Qionysius
1109 4858 1211 4931 hoc
1241 4859 1449 4931 capite;
1480 4860 1873 4931 παντοκράτωρ
1912 4874 2041 4913 vero
2067 4863 2409 4921 omnitenens,
2449 4855 2505 4912 ut
2538 4866 2685 4931 patet
2712 4855 2793 4931 lex
2843 4857 3080 4931 Dionysii
3126 4856 3493 4931 declaratione

245 4943 417 4996 quant
465 4927 624 4980 habet
648 4942 768 4994 cap.
814 4926 880 4995 Χ,
916 4926 1003 4981 tibi
1038 4928 1151 4994 agit
1182 4927 1247 4981 de
1276 4928 1377 4981 hoc
1406 4932 1644 4984 nomine.
1679 4926 1772 4985 Εει
1803 4926 1983 4982 autem
2037 4931 2181 4983 inter
2210 4932 2322 4984 Inee
2354 4926 2571 4985 nomina
2628 4929 2805 4981 divina
2857 4929 2969 4981 haec
3013 4927 3316 4991 distinctio,
3348 4930 3491 4995 quod

243 4998 397 5071 Dens
425 4997 635 5071 dicatur
660 5001 1005 5071 oonnipotens,
1046 4998 1235 5071 Graece
1268 4998 1690 5071 παντοδύναμος,
1718 5000 1843 5071 quia
1870 5002 1988 5071 ipse
2027 5011 2107 5054 est
2140 5010 2330 5053 auctor
2356 5000 2535 5054 omnis
2562 4999 2836 5069 potentia),
2867 5009 2920 5051 et
2961 4998 3137 5071 omnis
3161 4999 3396 5071 potentia
3431 5014 3494 5051 ac

244 5070 407 5138 vigor
430 5068 519 5135 qui
548 5080 631 5139 est
656 5070 709 5121 in
744 5072 908 5139 rebus
932 5070 1157 5139 creatis,
1183 5068 1250 5139 ab
1280 5070 1397 5136 ipso
1426 5079 1526 5123 est.
1558 5068 1832 5132 Secundo,
1867 5068 1983 5139 ipse
2027 5073 2207 5123 omnia
2237 5079 2435 5139 potest,
2466 5080 2520 5121 et
2548 5068 2641 5123 sua
2666 5070 2905 5137 potentia
2936 5070 3115 5122 omnia
3140 5068 3412 5135 produxit,
3438 5078 3495 5122 et

244 5138 501 5210 aliasine
527 5138 654 5210 line,
684 5140 795 5194 imo
820 5138 1080 5194 inlinities
1103 5138 1313 5197 inliuite
1337 5141 1441 5210 luti
1470 5142 1571 5196 hoc
1587 5143 1766 5210 capite
1792 5138 1924 5194 dicit
1960 5138 2266 5210 Dionysius)
2291 5149 2467 5209 potest
2494 5140 2814 5207 producere.
2846 5139 2995 5197 Unde
3016 5148 3321 5210 vocanteum
3342 5138 3495 5192 ἀπειν

244 5206 570 5281 ροδύναμον,
598 5208 649 5261 id
682 5219 762 5264 est
790 5207 1531 5281 inﬁniti-potentsut.ADicitur
1552 5206 1733 5265 atttetn
1760 5228 1809 5264 or

1911 5206 2114 5275 tenens,
2129 5227 2220 5265 seu
2251 5206 2669 5281 παντοκράτωρ,
2696 5210 2821 5280 quia
2847 5210 3026 5266 omnia
3056 5208 3319 5278 producta
3348 5224 3485 5262 con-

245 5278 394 5333 tinet
419 5278 472 5332 et
494 5281 839 5351 constringit,
884 5280 1193 5351 nepossint
1230 5278 1507 5345 dimnere;
1540 5293 1591 5335 et
1620 5282 1803 5335 mundi
1840 5292 2023 5349 partes
2054 5283 2297 5335 continet
2326 5283 2376 5335 in
2413 5278 2516 5334 suo
2545 5278 2738 5336 ordine
2759 5289 2814 5335 et
2845 5282 2976 5351 situ,
3002 5294 3067 5333 ne
3091 5281 3266 5351 possit
3298 5294 3488 5333 earum

240 5352 387 5403 ordo
427 5359 481 5403 et
519 5347 787 5409 connexio
808 5347 1052 5407 dissolvi.
1088 5347 1277 5417 Itaque
1325 5350 1523 5407 dicitur
1552 5347 1901 5423 omnipotens,
1940 5360 2197 5420 tanquam
2230 5352 2473 5407 «initium
2501 5360 2753 5418 creator;
2796 5350 3121 5407 omnitencm
3176 5347 3325 5414 vero,
3366 5361 3493 5405 tau-

240 5436 413 5492 quam
441 5422 685 5492 omnium
702 5432 1074 5476 conservator.

318 5492 351 5563 ᾗ
380 5491 439 5545 ll.
465 5490 702 5546 Dicimus
736 5494 896 5563 igitur
931 5492 1099 5547 Deum
1136 5509 1245 5549 esse
1268 5494 1573 5561 potentiam,
1602 5505 1657 5549 ut
1696 5492 1785 5565 qui
1823 5493 2113 5563 prtelmbet,
2147 5506 2254 5550 etc.
2300 5492 2379 5550 Ex
2412 5493 2499 5549 bis
2525 5492 2729 5565 (inquit
2750 5491 3177 5565 Cyparissiotus,
3211 5491 3416 5551 decade
3436 5491 3495 5559 5,

1474 5718 1706 5774 VARIAS
1765 5714 2167 5773 LECTIONES.

318 5875 366 5909 ⁸⁷
393 5875 494 5930 οὐκ
535 5876 640 5934 ἄπο
674 5880 893 5950 σκοποῦ,
931 5879 991 5935 D.
1089 5882 1133 5913 ³⁸
1168 5880 1520 5953 ὑπεριδοῦσα,
1558 5883 1617 5938 S.
1712 5882 1755 5915 "
1791 5880 2051 5952 ὁρίζεται,
2091 5876 2147 5939 3,.
2256 5878 2299 5909 (θ
2332 5875 2393 5929 τὸ
2428 5864 2584 5941 εἶναι.
2622 5878 2676 5933 S.
