4176 6314
735 366 841 422 899
1885 363 1943 418 S.
1984 359 2278 415 DIONYSII
2315 356 2775 415 AREOPAGlT.E
3864 359 3971 416 900

739 499 859 552 cap.
891 480 980 546 Vl)
1002 485 1173 552 patet,
1196 477 1356 552 quod
1377 478 1616 547 potentia
1644 475 1736 531 Dei
1764 474 2323 552 potentiteeifectrir,
2353 491 2471 545 qua:
2500 491 2722 552 omnem
2747 484 3039 552 exsuperat
3070 475 3407 552 potentiam,
3439 490 3559 545 qum
3598 486 3683 529 est
3712 491 3876 530 unum
3912 487 3971 531 et

738 546 1064 621 snpraquam
1091 546 1419 621 substantia,
1450 564 1569 613 qua:
1591 563 1805 621 omnem
1839 547 2221 621 potentianrin
2268 561 2327 599 se
2386 548 2679 615 praehahet,
2726 556 2780 621 et
2825 546 3162 621 suprahabet
3207 546 3323 621 haec
3366 559 3581 601 onmem
3622 554 3969 621 potestatem,

742 616 851 676 tam
885 616 1191 691 generalem
1233 634 1391 686 quam
1417 617 1832 691 particul_are_tn,_
1860 625 1914 669 et
1950 616 2296 691 ipsanrillam
2336 632 2433 691 per
2466 633 2525 671 se
2551 618 2850 691 potentiam
2892 616 3223 691 cogitatione
3256 617 3611 691 abstractam,
3652 633 3717 672 ex
3762 618 3827 670 iis
3851 633 3974 686 qua:

741 709 845 747 non
875 686 1020 752 sunt,
1051 692 1350 743 secundum
1377 704 1529 742 suam
1576 686 1924 740 inﬂexibilem
1948 696 2003 739 et
2039 688 2562 752 incircumscriptam
2596 688 2911 752 potentiam.
2944 686 3216 752 producit,
3253 696 3301 740 et
3339 687 3471 741 facit
3500 690 3795 752 exsistere;
3826 698 3879 740 et
3903 701 3972 741 ex

738 765 853 831 ipsa
905 758 1247 814 emanatione
1317 773 1437 827 qua:
1493 759 1545 812 in
1600 758 1854 810 universo
1912 758 2180 821 cernitur,
2224 756 2465 826 suppetit.
2507 755 2663 811 nobis
2707 757 2939 811 facultas
2983 755 3152 809 Deum
3214 758 3389 827 ipsum
3447 762 3742 826 potentiam
3790 758 3971 811 nomi-

738 832 922 887 nandi.

810 901 837 972 §
870 901 950 957 Ill.
996 900 1123 954 ch
1154 901 1315 969 igitur
1339 901 1569 972 potentia
1600 898 1694 953 Dei
1721 898 2149 972 inﬁniti-potens,
2180 897 2233 972 in
2271 897 2446 972 omnia
2486 913 2603 972 qua:
2632 905 2778 972 sunt,
2813 905 2976 959 meat,
3000 904 3108 972 etc.
3155 897 3228 972 Ex
3278 897 3362 972 his
3391 896 3592 966 (inquit
3642 897 3837 951 ibidem
3865 897 3975 969 Cy-

737 966 1081 1043 pariSsiotus)
1109 966 1283 1043 potest
1309 971 1431 1036 quis
1466 972 1744 1043 percipere
1782 967 2151 1043 preprietates
2175 967 2329 1043 ejus.‘
2354 968 2610 1021 Cernitur
2632 968 2779 1021 enim
2817 966 3270 1043 quemadmodum
3317 968 3369 1021 in
3397 982 3749 1043 _qu:ec_un_qne
3776 966 3975 1043 perva-

738 1038 837 1103 ilit,
862 1052 917 1095 et
940 1044 981 1094 si
1012 1038 1201 1093 fas’est
1226 1041 1430 1103 dicere,
1468 1041 1642 1108 ipsum
1683 1056 1821 1103 esse,
1856 1050 1911 1092 et
1939 1039 2081 1105 quod
2108 1048 2191 1091 est
2240 1038 2555 1091 universum
2588 1051 2727 1102 esse,
2772 1039 2915 1106 quod
2964 1046 3035 1108 nt
3076 1039 3169 1100 sit,
3200 1039 3497 1104 potentiam
3558 1039 3719 1092 habet
3761 1039 3828 1092 ab
3858 1039 3975 1108 ipsa

740 1112 979 1182 potentia
1013 1126 1134 1178 qua;
1155 1125 1316 1182 supra
1359 1107 1716 1182 substantiam
1743 1120 1842 1163 est.
1887 1108 2053 1182 igitur
2083 1118 2137 1162 et
2176 1122 2464 1182 esseopus
2496 1117 2580 1161 est
2612 1108 2903 1182 potentia;
2947 1107 3039 1161 sed
3078 1123 3181 1160 non
3228 1108 3401 1175 ipsum
3446 1122 3570 1182 esse
3598 1109 3847 1182 potentia
3881 1107 3976 1164 est

742 1178 928 1236 verum
961 1191 1216 1249 tanquam
1248 1181 1298 1232 in
1334 1180 1575 1247 subjecto
1606 1189 1689 1233 est
1716 1180 1977 1247 potentia.
2014 1178 2278 1232 Prwterea
2307 1179 2446 1231 inest
2486 1178 2793 1244 proprietas
2825 1192 3151 1299 snpraquam
3201 1192 3388 1245 posse;
3436 1178 3698 1245 siquidem
3728 1182 3975 1246 potentia

742 1267 1069 1299 snnraouam
1104 1262 1293 1299 nolens
1331 1252 1445 1299 Dei-
1492 1250 1603 1299 nui-
1636 1262 2062 1299 estsnoranuam
2105 1246 2435 1299 substantia.
2468 1247 2661 1299 indidit
2694 1247 2848 1299 nobis
2878 1246 3005 1299 intel
3031 1258 3205 1299 ectum
3251 1247 3587 1299 nossibilem.
3628 1258 3686 1299 ut
3724 1250 3813 1299 uni
3850 1264 3975 1299 eum

742 1246 1293 1320 snpraquampotens
1331 1246 1446 1316 Dei,
1492 1250 1604 1318 qui,
1636 1246 2062 1318 estsupraquam
2103 1246 2661 1320 substantia,indidit
2694 1247 2848 1301 nobis
2878 1246 3205 1320 intellectum
3251 1247 3587 1320 possibilem,
3628 1258 3686 1301 ut
3724 1250 3813 1316 qui
3850 1264 3975 1303 eum

738 1316 1072 1393 prodtir‘itet
1105 1316 2023 1393 creavit,sitsupraquam‘potens
2049 1318 2112 1393 ad
2142 1318 2556 1393 producendum
2582 1318 2715 1371 alias
2736 1318 3026 1393 potentias,
3059 1316 3305 1371 diversas
3345 1317 3500 1393 abiis
3530 1332 3647 1387 qua:
3680 1321 3980 1393 sunt,inll-

739 1387 1359 1455 ititeinﬁnitas,etquod
1382 1390 1602 1443 ἱιιίίηίιεε
1636 1387 1889 1455 potentiae
1918 1388 1972 1442 in
2003 1389 2270 1441 inlinitum
2298 1388 2589 1456 productae,
2610 1390 2943 1442 creationem
2984 1402 3309 1457 snpraquam
3354 1387 3615 1441 inﬁnitam
3650 1390 3979 1457 potentiﬁca:

746 1466 998 1531 potentiae
1021 1460 1136 1527 ejus
1177 1461 1467 1513 retundere
1506 1474 1775 1531 nunquam
1809 1467 2052 1531 possunt.
2084 1458 2151 1531 _Si
2196 1458 2376 1531 igitur
2403 1459 2645 1531 potentia
2689 1468 2904 1531 ostensa
2934 1471 3038 1510 non
3083 1458 3307 1531 haberet
3337 1461 3626 1531 potentiam
3654 1460 3752 1512 has
3782 1468 3977 1527 poten-

743 1527 842 1584 iias
885 1531 1173 1599 ret-ipiendi
1217 1545 1487 1598 ininquam
1514 1530 1851 1596 promitteret
1879 1528 2187 1599 Dionysius,
2228 1528 2469 1581 intinitas
2496 1527 2616 1581 illas
2642 1528 2931 1598 potentias.
2960 1542 2988 1579 a
3022 1528 3333 1596 potentilica
3375 1528 3615 1595 potentia
3656 1532 3976 1597 productas,

742 1617 847 1655 non
893 1616 1051 1669 posse
1077 1602 1344 1653 actionem
1376 1601 1492 1667 ejus
1519 1600 1763 1653 obtusam
1803 1598 2044 1651 reddere.
2080 1598 2260 1664 Quare
2297 1598 2478 1652 evenit
2508 1608 2563 1652 ut
2604 1600 2844 1668 potentia
2877 1598 3017 1651 bono
3040 1600 3467 1668 appropinquet;
3496 1600 3621 1666 quia
3653 1599 3794 1653 sicut
3834 1600 3976 1654 nihil

741 1681 825 1725 cst
860 1686 1055 1738 expers
1095 1670 1374 1731 bonitatis,
1420 1672 1491 1721 ita
1535 1684 1708 1738 neque
1759 1670 2063 1738 potestatis.

812 1741 840 1811 §
879 1736 966 1794 IV.
999 1741 1157 1808 Atqui
1205 1740 1371 1811 inquit
1417 1736 1665 1811 Elymus,
1701 1736 1804 1793 etc.
1842 1737 2071 1811 Pulchre
2112 1737 2347 1792 ostendit
2378 1748 2580 1811 contra
2622 1736 2887 1811 Elymam,
2922 1738 3085 1792 Deum
3124 1738 3360 1807 seipsum
3396 1753 3499 1811 non
3544 1751 3700 1805 posse
3745 1754 3973 1809 negare,

740 1807 847 1864 non
872 1826 1027 1880 posse
1056 1807 1277 1880 mentiri
1306 1820 1360 1863 et
1388 1807 1603 1871 similia,
1638 1824 1743 1862 non
1767 1822 1888 1880 esse
1918 1808 2270 1880 impotentiae,
2300 1810 2396 1880 sed
2430 1808 2656 1880 inlinitze
2685 1810 2940 1880 potentia:
2968 1821 3368 1879 argumentum.
3406 1807 3491 1862 Uti
3524 1823 3737 1876 quoque
3776 1807 3979 1877 probat

742 1877 1139 1945 ’l‘licodoretus,
1173 1879 1384 1947 dialogo
1416 1880 1577 1933 tertio
1616 1890 1799 1932 contra
1841 1877 2079 1931 llwreses
2109 1891 2127 1929 :
2173 1897 2191 1929 ι
2231 1879 2417 1941 Multa,
2462 1879 2662 1946 inquit,
2697 1879 2821 1931 talia
2857 1877 3199 1947 reperiuntur
3234 1880 3595 1946 impossibilia
3624 1894 3761 1947 esse
3787 1882 3978 1935 omni-

740 1953 943 2021 potenti
982 1951 1121 2014 l)eo;
1156 1946 1338 2002 verum
1382 1950 1572 2021 horum
1606 1950 1883 2021 quidpiam
1934 1964 2037 2001 non
2063 1963 2241 2017 posse,
2274 1948 2513 2021 inﬁnita:
2562 1950 2819 2021 potentia:
2856 1946 3069 2021 signum
3117 1958 3220 2021 est,
3255 1964 3383 2021 non_
3404 1946 3810 2021 imbecillitatis
3839 1951 3980 2005 indi-

742 2017 920 2085 cium;
952 2034 1109 2089 posse
1137 2035 1284 2081 vero,
1320 2019 1504 2088 utique
1546 2017 1897 2089 impotentia,
1936 2035 2042 2071 non
2076 2019 2353 2086 potentiae.
2389 2019 2671 2084 Quomodo
2708 2019 2811 2071 hoc
2849 2017 3291 2089 diCo‘lquoniam
3344 2017 3508 2089 479
3553 2022 3981 2089 unumquodque

745 2088 1074 2147 corunrDei
1120 2089 1427 2143 ﬁrmitatem
1474 2088 2075 2156 tmmutabilitatetnque
2100 2089 2451 2157 deprmdicat.
2496 2089 2722 2152 Bonum,
2748 2091 2892 2142 enim
2935 2088 3133 2141 malum
3169 2088 3285 2141 ﬁeri
3314 2088 3421 2141 non
3467 2104 3646 2157 posse,
3674 2088 3980 2157 superemi-

743 2164 983 2216 ncntiam
1021 2162 1243 2214 denotat
1291 2160 1586 2224 bonitatis;
1619 2169 1673 2212 ct
1710 2160 1939 2228 justum,
1969 2174 2241 2227 nunquam
2270 2172 2426 2228 posse
2470 2158 2584 2213 ﬁeri
2645 2159 2925 2225 injustam,
2963 2174 3063 2213 nec
3102 2174 3352 2212 veracem
3400 2161 3735 2224 mendacem,
3767 2163 3868 2213 hoc
3919 2160 3980 2215 in

741 2234 972 2285 veritate
997 2240 1162 2297 atque
1182 2230 1392 2298 justitia
1426 2230 1780 2283 stabilitatem
1810 2227 2247 2298 soliditatemque
2270 2227 2627 2282 demonstrat.
2659 2227 2922 2282 Similiter
2945 2229 3032 2299 lux
3061 2244 3184 2281 vera
3224 2243 3329 2280 non
3357 2238 3535 2299 potest
3571 2232 3978 2296 tenebrescere,

741 2318 842 2356 nec
877 2305 921 2355 is
948 2301 1039 2368 qui
1070 2309 1152 2353 est
1193 2315 1296 2351 non
1323 2314 1480 2365 esse;
1513 2299 1780 2353 sulliciens
1810 2299 1954 2351 enim
2006 2299 2167 2352 habet
2193 2312 2335 2363 esse,
2377 2307 2541 2365 atque
2592 2299 2947 2353 immutabilis
2982 2298 3073 2352 lux
3125 2298 3367 2354 exsistit.
3402 2299 3490 2353 Sic
3517 2313 3570 2353 et
3612 2299 3717 2352 alia
3773 2310 3981 2354 cuncta

739 2373 1109 2442 perlustrans,
1134 2369 1259 2423 illud
1292 2386 1392 2422 non
1436 2385 1581 2442 posse
1610 2370 1921 2442 comperies
1940 2384 2208 2421 summam
2248 2368 2912 2442 potentiamsignilicare.
2945 2368 3019 2442 lla
3059 2383 3278 2442 quoque
3306 2372 3357 2421 in
3389 2371 3497 2423 Deo
3530 2368 3791 2442 taliagnon
3821 2386 3981 2442 posse

743 2437 960 2495 divinus
1002 2441 1290 2507 Apostolus
1306 2450 1359 2492 et
1395 2440 1658 2494 intellexit
1689 2451 1742 2493 et
1772 2440 1974 2509 posuit,
2015 2453 2401 2505 nonnunquam
2437 2437 2656 2506 quidem
2698 2439 2883 2509 dicens
2918 2455 2931 2491 :
2976 2437 3309 2509 Imposstbile
3339 2454 3416 2493 est
3472 2440 3683 2491 mentiri
3720 2437 3880 2492 Deum
3905 2438 3980 2505 4;

745 2529 851 2566 non
882 2506 1152 2565 inﬁrmum
1194 2510 1323 2563 illud
1368 2510 1729 2578 impossibile,
1762 2506 1856 2563 sed
1888 2509 2040 2560 valde
2060 2518 2259 2576 potens
2287 2517 2578 2562 oStendens
2605 2508 2735 2563 alibi
2760 2522 2889 2563 vero
2917 2510 3160 2562 scribens
3194 2525 3208 2561 :
3238 2506 3447 2579 Negare
3485 2512 3709 2577 seipsum
3752 2527 3851 2562 non
3875 2526 3983 2576 po-

738 2592 837 2635 test
885 2598 927 2637 ε.
973 2584 1180 2634 ltursus
1238 2594 1366 2648 ergo
1397 2580 1524 2632 illud
1569 2596 1671 2633 non
1701 2588 1868 2647 potest
1916 2579 2139 2632 inlinitte
2169 2588 2253 2631 est
2282 2580 2770 2632 demonstrativum
2801 2580 3072 2647 potentiae.
3106 2579 3345 2632 Tametsi
3373 2582 3537 2643 enim,
3570 2581 3764 2647 ittquit,
3782 2594 3983 2633 omnes

741 2653 990 2707 homines
1038 2651 1208 2718 ipsum
1242 2659 1521 2719 negarent,
1552 2650 1665 2719 ipse
1694 2651 1832 2703 Deus
1856 2654 1961 2709 est,
1982 2659 2035 2701 et
2059 2665 2088 2701 a
2110 2650 2325 2718 propria
2354 2664 2459 2719 non
2485 2650 2685 2702 excidit
2703 2661 2926 2714 natura;
2948 2666 3070 2703 nam
3094 2650 3503 2719 incorruptibile
3532 2651 3695 2702 habet
3722 2664 3867 2712 esse,
3890 2650 3981 2703 uti

739 2722 1010 2790 signiﬁcat
1051 2721 1177 2773 illud
1205 2735 1217 2769 :
1246 2718 1453 2789 Negare
1480 2718 1706 2788 seipsum
1745 2736 1849 2773 non
1879 2730 2067 2787 potest.
2087 2718 2526 2790 ltedundantiam
2557 2720 2717 2785 igitur
2742 2719 2949 2790 indicat
2979 2720 3232 2788 potentia:
3270 2718 3357 2773 illa
3394 2722 3443 2773 in
3468 2721 3704 2773 deterius
3732 2734 3985 2773 commu-

742 2788 963 2845 taiionis
1010 2788 1343 2859 impotentia.
1382 2790 1491 2842 Hoc
1535 2791 1692 2842 modo
1729 2793 1894 2843 multa
1944 2790 2051 2844 Deo
2097 2799 2222 2843 sunt
2251 2788 2630 2858 impossibilia,
2671 2802 2725 2844 et
2763 2788 2978 2858 quidem
3026 2800 3103 2843 tot
3147 2799 3431 2861 tantaque,
3482 2800 3613 2859 quot
3658 2798 3982 2858 quantaque

742 2872 870 2916 sunt
912 2862 1105 2915 divina:
1158 2868 1364 2914 natura:
1395 2865 1691 2913 contraria.

811 2933 915 3002 5v.
936 2931 1205 3001 Ajustitia
1222 2940 1393 2983 autent
1416 2930 1871 3002 rursuswlaudatur
1891 2928 2049 2991 Deus,
2069 2940 2174 2985 etc.
2196 2928 2310 2984 Non
2329 2929 2469 2997 quod
2494 2929 2607 2998 ipse
2624 2930 2695 2985 sit
2716 2930 3187 3000 cognitusjustitia
3208 2931 3333 3002 (hoc
3349 2931 3516 2993 enim,
3538 2930 3710 3000 inquit
3726 2928 3989 3002 Cyparis-

741 3000 912 3056 sio'tus
936 3016 1092 3070 snpra
1114 3001 1332 3063 citatus,
1360 3014 1533 3069 neque
1550 3000 1703 3054 elfari
1732 3017 1906 3069 neque
1926 3002 2226 3069 intelligere
2252 3015 2562 3067 possumus,
2582 3002 2717 3054 sicut
2742 3002 3130 3070 magnitudinis
3154 3000 3269 3069 ejus
3298 3020 3402 3056 non
3425 3014 3505 3054 est
3532 3006 3675 3066 linis,
3692 3011 3746 3053 et
3764 3001 3987 3056 intelle-

738 3084 859 3126 ctus
887 3073 1003 3139 ejus
1036 3088 1139 3125 non
1168 3079 1248 3124 est
1276 3071 1577 3139 numerus),
1609 3072 1701 3124 sed
1730 3071 2076 3140 cognoscitur
2095 3072 2305 3139 justitia
2330 3086 2397 3124 ex
2434 3070 2646 3137 justitia
2669 3088 2829 3139 quam
2858 3074 3110 3140 produxrt
3142 3075 3193 3126 in
3231 3075 3405 3135 nobis,
3437 3088 3720 3141 imponens
3747 3072 3987 3141 singulis

742 3144 901 3197 rebus
926 3144 1165 3196 ordinem
1184 3151 1237 3194 et
1260 3142 1704 3209 descriptionem,
1727 3156 1781 3195 et
1802 3151 1997 3194 caatera
2017 3142 2197 3195 omnis
2223 3142 2447 3209 justitim
2474 3145 2735 3209 poodera.
2753 3141 2969 3197 .lustitia
2996 3145 3139 3196 enim
3166 3145 3279 3205 Dei,
3299 3160 3421 3212 qua:
3445 3144 3587 3212 justa
3612 3158 3715 3205 εει,
3735 3152 3787 3197 et
3811 3142 3989 3207 justi-

740 3216 847 3267 tias
865 3214 1057 3283 diligit,
1077 3212 1499 3279 uniuscujusque
1517 3227 1703 3266 eorum
1734 3226 1853 3279 quae
1872 3222 1998 3283 sunt
2016 3213 2260 3266 ordinem
2281 3212 2489 3277 delinit,
2506 3222 2559 3264 et
2576 3213 2846 3279 producit,
2863 3223 2916 3266 et
2930 3216 3081 3281 ponit
3097 3216 3387 3268 secundum
3409 3216 3682 3281 propriam
3705 3214 3987 3283 actionem

738 3294 796 3338 et
842 3282 1137 3338 secundum
1177 3297 1506 3349 snpraquam
1540 3284 1803 3335 inﬁnitam
1843 3282 2107 3349 justitiam
2146 3297 2321 3344 suam,
2356 3284 2644 3350 unicuique
2669 3283 2891 3349 iustitia:
2920 3290 2987 3337 ab
3022 3287 3136 3353 ipso
3169 3287 3442 3352 producta:
3472 3289 3725 3337 virtutem
3760 3282 3985 3347 indidit,

744 3354 1061 3408 reddentem
1086 3354 1345 3406 omnibus
1386 3367 1482 3420 pro
1518 3353 1778 3421 dignitate
1822 3353 1901 3406 vel
1933 3354 2207 3421 propriam
2237 3354 2502 3419 actionem
2538 3355 2770 3420 partium
2826 3355 3041 3417 animm,
3070 3356 3149 3408 vel
3201 3356 3630 3408 inediOcritatem
3667 3355 3807 3406 inter
3849 3354 3983 3422 plus

743 3436 799 3478 et
832 3426 1030 3489 minus,
1057 3425 1137 3475 vel
1167 3422 1460 3490 appetitum
1494 3426 1817 3476 tribuentem
1860 3426 2244 3491 aequalitatem,
2292 3424 2374 3475 vel
2420 3437 2609 3476 rursus
2643 3424 2887 3477 habitum
2920 3426 3335 3493 prospicientem
3379 3426 3529 3478 utilia
3565 3428 3613 3478 in
3657 3440 3983 3491 commune,

738 3493 820 3546 vel
846 3496 1130 3548 scientiam
1166 3507 1352 3546 eorum
1382 3507 1502 3561 qua:
1535 3504 1659 3545 sunt
1704 3496 2007 3556 tribuenda,
2038 3505 2093 3547 et
2118 3507 2239 3561 qua:
2281 3507 2388 3546 non
2418 3493 2725 3558 tribuenda,
2758 3495 2839 3547 vel
2873 3508 3157 3558 neutrum;
3198 3506 3254 3547 et
3285 3507 3343 3548 nt
3390 3497 3560 3549 semel
3592 3496 3793 3559 dicam,
3837 3494 3989 3548 nihil

739 3564 959 3631 reliquit
992 3565 1107 3617 sine
1136 3565 1338 3616 honore
1360 3563 1587 3632 justitia:
1612 3580 1643 3615 a
1674 3579 1730 3617 se
1753 3565 2047 3633 productae,
2080 3567 2208 3631 quin
2240 3564 2423 3631 potius
2450 3562 2643 3618 Omnes
2675 3564 2902 3634 capillos
2931 3566 3124 3634 capitis
3158 3567 3329 3619 nostri
3379 3576 3650 3627 numerat,
3682 3573 3739 3617 et
3776 3580 3985 3633 passe-

743 3649 860 3688 rem
889 3634 1120 3688 duorum
1152 3634 1359 3705 assium
1436 3649 1541 3705 non
1568 3634 1696 3687 sinit
1736 3634 1975 3705 incidere
2019 3637 2072 3688 in
2104 3636 2355 3702 laquequ
2380 3635 2499 3687 sine
2526 3634 2825 3703 justissima
2864 3636 3137 3691 voluntate
3175 3641 3401 3705 suaf;et
3424 3636 3717 3705 injustitias
3761 3649 3987 3690 notitras

738 3719 869 3777 qua;
894 3706 1169 3765 dicuntur,
1205 3704 1482 3763 convincit
1505 3718 1625 3777 esse
1664 3704 2041 3777 aberrationes
2077 3715 2389 3759 nostrorum
2423 3707 2839 3762 desrderiorutn.
2866 3708 3102 3761 Cunctos
3131 3722 3261 3762 vero
3295 3708 3505 3777 justitta
3551 3723 3645 3761 sua
3687 3706 3901 3775 implet,
3926 3717 3988 3760 et

740 3770 1101 3847 nihileorum
1142 3788 1260 3847 qua:
1292 3782 1442 3837 sunt,
1480 3776 1552 3847 _in_
1574 3770 1629 3828 re
1658 3776 1766 3827 ulla
1792 3775 1939 3847 justa
1967 3776 2082 3845 ejus
2115 3778 2287 3829 salute
2307 3783 2365 3827 et
2393 3780 2809 3832 conservatione
2838 3777 3106 3847 privatum
3150 3793 3264 3844 est;
3295 3770 3450 3831 'unde
3478 3778 3682 3832 videtur
3714 3770 3845 3828 mth
3879 3770 3987 3829 va—

740 3844 853 3915 lere
880 3846 1005 3896 illud
1041 3844 1444 3913 pervulgatum:
1478 3844 1734 3913 lujuriam
1769 3844 2006 3913 quidem
2040 3847 2218 3901 lacere
2245 3860 2459 3909 omnes,
2501 3848 2632 3900 nulli
2684 3862 2810 3902 vero
2838 3844 3107 3915 iniuriam
3140 3853 3276 3906 lieri.
3316 3850 3541 3915 Qualem
3576 3859 3755 3901 autem
3788 3862 3984 3914 aequa-

740 3913 944 3968 lrtatem
972 3924 1026 3968 et
1059 3914 1297 3968 debitum
1322 3915 1534 3983 justitia
1574 3916 1846 3983 respiciat,
1876 3926 1931 3969 et
1960 3920 2234 3984 quomodo
2262 3921 2377 3971 haec
2410 3919 2462 3971 in
2492 3918 2600 3971 Deo
2630 3919 2809 3974 locum
2849 3913 3101 3985 habeant,
3157 3922 3278 3975 vide
3318 3913 3371 3975 in
3415 3920 3604 3974 Lessio
3636 3920 3729 3973 lib.
3766 3913 3871 3971 sui
3904 3920 3985 3972 Ds

740 3985 1145 4054 perfectionibus
1180 3986 1394 4053 divinis,
1422 4001 1542 4056 cap.
1576 3988 1601 4040 1
1662 3998 1715 4041 et
1739 4001 1897 4056 scilq.

2326 4130 2395 4145 -

1794 4237 2278 4300 PARAPHRASIS
2312 4243 2760 4301 PACHYMERAS
2792 4245 2921 4314 (ιι).

815 4377 844 4451 §
870 4376 911 4431 ι.
935 4376 1201 4433 Caeterum
1226 4389 1347 4429 cum
1381 4374 1611 4445 theologi
1642 4373 1809 4430 Deum
1857 4392 2187 4448 snpraquam
2212 4396 2299 4435 sa—
2328 4389 2379 4447 Α

2335 4389 2379 4447 Α
2474 4384 2501 4455 §
2545 4384 2586 4435 Ι.
2630 4383 2767 4435 Ἀλλ’
2808 4383 2994 4455 ἐπειδὴ
3042 4382 3140 4454 τὴν
3186 4384 3488 4453 ὑπέρσοφον
3541 4384 3843 4458 ἁληοότητα
3886 4388 3984 4446 τὸν

741 4475 976 4543 pientetn
1002 4472 1309 4533 veritatem,
1344 4469 1505 4521 etiam
1543 4470 1796 4522 virtutem
1834 4483 1932 4523 seu
1983 4472 2299 4541 potentiam,

741 4576 795 4621 ct
824 4564 1089 4635 justitiam
1144 4574 1198 4617 et
1250 4563 1477 4616 salutem
1510 4572 1567 4616 et
1618 4562 2041 4631 redemptionem
2085 4576 2301 4629 vocent,

744 4675 840 4727 age
865 4659 1027 4713 etiam
1059 4658 1173 4712 htcc
1210 4656 1387 4710 divina
1420 4655 1636 4710 nomina
1679 4656 2031 4726 explicemus,
2065 4673 2305 4729 prmsupo

745 4751 941 4821 posito,
979 4750 1143 4803 Deum
1178 4750 1295 4804 sine
1334 4751 1742 4820 comparatione
1771 4752 2035 4806 excedere
2086 4768 2300 4805 onmem

745 4839 1063 4909 potentiam,
1104 4853 1223 4907 qua:
1267 4839 1350 4892 vel
1396 4850 1481 4894 cst
1517 4839 1598 4892 vel
1627 4842 1923 4909 excogitari
1952 4850 2147 4911 potest.
2185 4842 2300 4897 Non

747 4930 903 4994 dixit,
948 4934 1321 5002 intellectilem,
1364 4946 1489 4983 nam
1512 4943 1566 4984 et
1594 4932 1853 5001 angelica:
1881 4933 2116 4989 virtutes
2148 4934 2307 4989 intel-

746 5024 955 5080 lectiles
980 5025 1273 5091 exsistunt,
1310 5024 1505 5094 quibus
1556 5025 1721 5079 Deum
1768 5040 1889 5083 esse
1936 5028 2301 5098 superiorem,

748 5116 1088 5173 manifestum
1124 5126 1239 5181 est;
1268 5120 1361 5172 sed
1396 5117 1732 5188 simpliciter,
1764 5120 2207 5191 excogitabilem,
2240 5134 2307 5175 ac

748 5210 793 5265 si
821 5209 963 5264 dicat
996 5226 1007 5262 :
1040 5208 1483 5279 Qualemcunque
1512 5213 1634 5281 quis
1672 5214 1967 5284 potentiam
1993 5214 2307 5283 excogitare

749 5304 941 5373 possit,
973 5301 1115 5357 Deus
1148 5311 1325 5356 tanien
1359 5302 1528 5373 ipsam
1560 5303 1680 5359 sine
1716 5307 2124 5375 comparatione
2150 5320 2310 5361 exce-

748 5395 858 5461 dit;
891 5393 1153 5465 siquidem
1199 5396 1495 5466 Scrlptura:
1534 5411 1752 5466 quoque
1802 5397 1973 5452 Deum
2020 5398 2305 5453 Dominum

750 5487 1008 5543 virtutum
1039 5502 1134 5544 seu
1173 5497 1502 5559 potestatum
1532 5501 1749 5557 vocant,
1796 5489 1949 5559 juxta
1980 5491 2107 5546 illud
2141 5504 2157 5545 :
2194 5490 2305 5544 Do-

888 5625 916 5664 ⁴
950 5625 1113 5681 llebr.
1150 5642 1224 5694 vr,
1261 5626 1346 5682 l8.
1450 5628 1472 5657 °
1505 5625 1547 5681 ll
1580 5625 1723 5685 Tim.
1762 5644 1825 5696 tt,
1861 5628 1948 5684 15.

2408 4476 2539 4530 Θεὸν
2576 4479 2669 4530 καὶ
2707 4478 2955 4548 δύναμιν,
2990 4477 3085 4531 καὶ
3130 4477 3494 4549 δικαιοσύνην,
3537 4483 3629 4533 καὶ
3680 4484 3982 4554 σωτηρίαν,

2408 4570 2501 4623 καὶ
2526 4569 2893 4639 ἀπολύτρωσιν
2923 4568 3174 4622 καλοῦσιν
3212 4572 3259 4622 οἱ
3296 4570 3551 4639 θεολόγοι,
3577 4572 3705 4643 φέρε
3732 4576 3824 4626 καὶ
3847 4576 3987 4629 tavi-

2408 4682 2505 4727 τας
2556 4664 2654 4725 τὰς
2691 4662 2994 4733 θεωνυμιας
3024 4662 3439 4735 ἀναπτύξωμεν,
3490 4668 3985 4738 προῦποκειμένου,

2407 4758 2488 4809 ὅτι
2521 4756 2863 4826 ἀσυγκρίτως
2891 4755 3145 4827 ὑπερέχει
3175 4756 3236 4808 τὸ
3261 4758 3414 4811 θεῖον
3445 4759 3621 4829 πάσης
3670 4761 3763 4813 καὶ
3811 4761 3987 4836 οὔσης

2410 4847 2504 4899 καὶ
2526 4848 2910 4917 ὲπινοουμένης
2931 4847 3230 4919 δυνάμεως.
3259 4848 3369 4901 Οὐκ
3398 4845 3515 4901 εἷπε
3540 4850 3594 4903 δὲ
3621 4852 3985 4924 νοουμένης,

2410 4942 2487 5012 (αἱ
2515 4940 2622 5011 γὰρ
2659 4939 2945 5007 ἀγγελικαὶ
2971 4939 3228 5012 δυνάμεις
3260 4941 3543 5012 νοούμεναί
3588 4946 3745 5009 εἰσιν,
3791 4940 3867 5001 ὦν
3898 4950 3987 5003 ὅτι

2412 5030 2663 5103 ὑπερέχει
2683 5032 2744 5083 τὸ
2759 5030 2929 5094 Θεῖον,
2951 5031 3108 5101 δῆλον
3186 5032 3299 5085 ἀλλ’
3324 5032 3507 5097 ἁπλῶς
3541 5035 3986 5112 Ἑπινοουμένης,

2412 5124 2487 5187 ὡς
2513 5124 2576 5176 ἂν
2604 5125 2650 5177 εἰ
2667 5123 2850 5193 ἔλεγεν
2870 5140 2881 5152 ”
2919 5125 3038 5176 Ὀτι
3063 5124 3166 5179 κᾶν
3181 5126 3297 5178 οἵαν
3323 5143 3406 5190 τις
3422 5127 3669 5201 δυνηθείη
3694 5130 3987 5205 ἐπινοῆσαι

2412 5216 2658 5288 δύναμιν,
2691 5219 2782 5270 καὶ
2819 5216 2985 5287 αὐτῆς
3028 5217 3368 5289 ὰσυγκρίτως
3400 5220 3653 5293 ὑπερέχει
3693 5222 3753 5276 τὸ
3790 5225 3985 5281 Θεῖον·

2413 5313 2467 5363 αἱ
2514 5311 2620 5382 γὰρ
2669 5311 2879 5382 Γραφαὶ
2928 5312 3019 5364 καὶ
3056 5311 3259 5382 Κύριον
3288 5312 3396 5365 τῶν
3433 5314 3712 5385 δυνάμεων
3760 5317 3989 5388 λέγουσι

2412 5400 2502 5453 τὸν
2547 5400 2698 5466 Θεὸν,
2747 5402 2839 5454 καὶ
2879 5402 2958 5465 τὸ,
3006 5405 3219 5471 Κύριος
3264 5404 3381 5459 τῶν
3426 5406 3751 5478 δυνάμεων,
3796 5414 3991 5483 αὐτός

2409 5494 2579 5546 ἐστιν
2604 5496 2635 5547 ό
2651 5493 2949 5561 βασιλεὺς
2976 5494 3083 5564 τῆς
3107 5494 3310 5565 δόξης,
3352 5500 3465 5566 καὶ,
3499 5501 3713 5570 Κύριος
3735 5501 3855 5558 τῶν
3879 5504 3992 5562 δυ-

2056 5628 2074 5667 ι
2113 5628 2303 5686 Matth.
2342 5645 2397 5697 κ,
2434 5628 2523 5687 29.

820 5784 934 5852 (Η)
967 5782 1096 5841 Vide
1123 5782 1339 5841 Scholia
1365 5784 1421 5841 S.
1454 5784 1690 5842 Maximi.
1722 5796 1851 5843 tom.
1883 5785 1943 5855 ll,
1983 5802 2100 5861 cap.
2132 5786 2164 5843 8
2214 5786 2289 5845 De
2326 5787 2513 5843 divinis
2553 5790 2872 5847 nominibus.
