4156 6312
165 344 319 402 901

775 343 865 399 DE
902 342 1154 400 DIVINIS
1178 345 1573 408 NOMINIBUS,
1611 343 1766 400 CAP.
1811 341 1948 398 VIII.
1989 373 2056 383 —
2095 341 2438 397 PARAPIIR.
2484 341 2960 400 PACHYMERJE.

3382 348 3490 406 909

161 467 462 536 rapam
511 463 634 534 μεθ’
687 461 876 530 ἡμῶν,
924 459 1303 528 ἁντιλήπτωρ
1361 459 1530 530 ἡμῶν
1578 464 1610 514 ό
1662 459 1782 524 seu

1911 458 2084 510 minus
2130 459 2380 510 virtutum
2411 456 2518 523 ipse
2539 466 2612 510 est
2648 454 2755 510 Rea:
2783 458 2968 527 gloria:
2995 460 3021 499 ⁸
3044 475 3066 524 ;
3093 467 3186 514 et:
3223 459 3479 519 Dominus

184 553 456 612 Ἰακώϐ.

288 670 420 742 ςιι.
457 666 582 732 Πῶς
627 661 720 722 οῦν
760 666 861 740 τὴν
917 665 1096 736 πάσης
1141 665 1483 739 ὲξῃρημένην
1520 665 1799 736 δυνάμεως

172 759 452 832 δύναμιν
481 760 850 837 ὀνομάσομεν;
890 758 1134 829 Λέγομεν
1155 799 1170 823 ,
1201 760 1281 812 ὅτι
1322 758 1546 829 δύναμις
1585 758 1798 826 λέγεται

171 855 216 906 ὀ
263 852 434 916 Θεὸς,
476 852 572 905 κα)⁸
611 849 688 913 ὡς
729 849 974 920 προέχων
1008 850 1101 903 καὶ
1140 851 1410 922 περιέχων
1446 850 1662 904 ἃπασαν
1707 847 1798 902 δύ·-

173 960 276 998 να
288 962 406 1016 μιν,
440 945 532 998 καὶ
558 944 633 1007 ὡς
663 942 832 1007 αῐτιος
857 944 1036 1012 πάσης
1062 943 1363 1013 δυνάμεως,
1404 943 1494 995 καὶ
1513 942 1588 1006 ὡς
1623 941 1798 1012 παρά-

175 1050 336 1103 γων
365 1037 538 1089 πάντα
568 1035 684 1088 ἐστὶ
727 1032 864 1087 κατὰ
914 1033 1139 1103 δύναμιν
1163 1033 1377 1087 άκλιτον
1400 1051 1412 1064 ·
1450 1034 1509 1086 ού
1545 1033 1653 1105 γὰρ
1685 1033 1798 1086 κλι-

176 1129 442 1198 νόμενος
480 1129 559 1190 εἰς
607 1126 833 1197 δύναμιν
871 1126 1210 1196 δημιουργεῖ,
1258 1125 1370 1179 ἀλλ’
1405 1125 1656 1195 ἀκίνητος
1703 1124 1799 1176 καὶ

179 1221 507 1291 ἄκαμπτος
529 1218 789 1290 ὑπάρχων
812 1219 904 1272 ἐπὶ
924 1218 1022 1288 τῆς
1055 1218 1189 1282 ιδίας
1233 1217 1411 1288 ἰσχύος
1439 1217 1675 1288 παράγει
1693 1233 1706 1245 ο
1735 1216 1793 1268 ού

181 1314 330 1384 γὰρ
355 1313 591 1366 κλίνεται
645 1311 719 1374 ὼς
772 1311 998 1382 δυναμοϊ
1042 1311 1100 1365 έν
1139 1327 1265 1363 τινι.
1300 1311 1371 1362 Ἦ
1396 1307 1640 1361 ἄκλιτον
1668 1309 1792 1378 ἔφη,

184 1407 461 1460 τουτέστι
485 1407 584 1476 τῆς
611 1405 814 1468 οἰκείας
836 1405 1136 1478 ἀκρότητος
1163 1403 1234 1474 μὴ
1260 1402 1673 1465 ὑποκατιοῦσαν,
1702 1403 1795 1456 καὶ

187 1497 292 1562 ὡς
319 1497 482 1552 αὑτοῦ
508 1497 601 1552 τοῦ
627 1492 766 1549 εἶναι
795 1496 1021 1568 δύναμιν
1050 1495 1221 1560 αἴτιός
1249 1497 1384 1557 ἐστι,
1415 1496 1508 1548 καὶ
1534 1496 1615 1548 ὅτι
1645 1496 1797 1548 ἀπει-

195 1590 538 1662 ροδύναμος,
573 1590 645 1660 μὴ
684 1589 842 1661 μόνον
861 1591 918 1642 ὲν
943 1587 1020 1658 τῷ
1048 1588 1312 1656 παράγειν
1343 1591 1521 1641 πᾶσαν
1546 1587 1790 1656 δύναμιν,

190 1672 352 1735 ἄλλά
380 1683 472 1734 καὶ
500 1680 578 1751 τῷ
608 1680 750 1751 ὑπὲρ
799 1680 978 1732 πᾶσαν
1020 1673 1156 1730 εἶναι
1185 1680 1278 1732 καὶ
1320 1678 1486 1749 αὐτὴν
1514 1677 1611 1748 τὴν
1640 1678 1795 1728 αύτο-

1901 553 2151 604 virlutum
2193 551 2482 614 nobiscum,
2524 562 2800 620 susceptor
2845 561 3024 606 noster
3069 551 3213 608 Deus
3245 554 3412 610 Iacob
3435 557 3485 612 ι.

1976 662 2098 734 εἴη.
2141 662 2421 731 Quomodo
2451 663 2620 732 igitur
2648 665 2943 734 potentiam
2984 665 3052 722 ab
3096 668 3242 722 omni
3276 680 3475 739 poten-

1903 754 1977 808 tia
2032 765 2285 826 exempta
2347 755 2782 810 uominabimus‘!
2835 756 3100 826 Dicimus,
3151 759 3319 814 Deum
3378 761 3482 817 dici

1906 843 2159 900 virtutem
2212 861 2305 900 seu
2370 856 2718 914 potestatem,
2772 857 3027 918 tanquam
3076 851 3483 918 praeliabentem

1908 937 2074 1008 480
2129 948 2182 992 et
2225 939 2592 994 continentem
2637 955 2851 995 omnem
2899 942 3219 1010 potentiam,
3272 956 3334 1010 et.
3367 954 3486 998 tau-

1910 1044 2072 1095 quam
2146 1043 2366 1082 causam
2442 1031 2621 1086 omnis
2691 1031 2986 1099 potentiae.
3060 1041 3114 1086 ct
3179 1034 3480 1102 producen-

1904 1129 2012 1173 tcm
2076 1122 2260 1174 omnia
2318 1123 2618 1176 secundum
2685 1122 3117 1178 indeclinabilem
3188 1127 3478 1194 virtutem;

1901 1227 2006 1266 non
2061 1213 2207 1266 enim
2254 1214 2320 1267 ad
2362 1215 2618 1267 virtutem
2679 1213 2975 1268 inclinatus
3013 1225 3185 1282 creat,
3226 1217 3320 1271 sed
3372 1218 3480 1272 im-

1899 1303 2115 1359 mobilis
2162 1313 2215 1358 et
2257 1303 2564 1359 inﬂexibilis
2594 1305 2867 1360 exsistcns
2905 1308 2958 1360 in
3013 1311 3227 1379 propria
3275 1312 3478 1368 virtute

1899 1395 2182 1465 producit;
2213 1412 2318 1450 non
2360 1396 2505 1450 enim
2556 1397 2854 1452 inclinatur
2897 1401 3052 1468 quasi
3081 1413 3274 1471 potens
3303 1405 3377 1460 sit
3421 1406 3475 1460 in

1898 1489 2100 1557 aliquo.
2136 1487 2230 1543 Vel
2266 1488 2482 1542 άκλιτον
2523 1489 2678 1555 dixit,
2723 1491 2774 1546 id
2815 1504 2899 1548 est
2937 1509 2964 1545 a
2995 1495 3218 1563 proprio
3257 1495 3476 1568 fastigio

1900 1581 2123 1635 minime
2154 1583 2598 1645 descendentem,
2625 1593 2677 1636 et
2710 1585 2861 1652 quasi
2898 1585 3184 1653 ipsinsmet
3215 1603 3336 1642 esse
3361 1590 3472 1644 vir-

1899 1672 2035 1727 tutis
2073 1687 2333 1738 causam;
2367 1674 2618 1742 quodque
2648 1677 2719 1729 sit
2773 1675 2996 1729 infinitae
3042 1680 3321 1747 potentizc,
3365 1695 3473 1735 non

189 1775 460 1844 δύναμιν,
509 1775 602 1826 τὸν
637 1772 1138 1845 παραδειγματικόν
1182 1789 1322 1842 φημι
1371 1771 1469 1840 τῆς
1513 1771 1782 1840 δυνάμεως

1897 1762 2070 1816 solum
2119 1764 2170 1816 in
2224 1764 2423 1818 virtute
2461 1765 2624 1818 nmni'
2669 1768 3032 1834 producenda,
3077 1783 3264 1822 verum
3300 1772 3469 1824 etiam

187 1865 369 1935 λόγον
393 1882 406 1896 ⁸
439 1867 532 1920 καὶ
567 1868 625 1918 ὲν
670 1865 750 1936 τῷ
777 1865 1172 1938 ύπερδύνασθαι
1204 1863 1494 1934 ἀπειράκις
1533 1862 1790 1933 ἀπείρους

189 1959 467 2030 δυνάμεις
488 1960 757 2031 παράγειν
780 1976 793 1988 ·
822 1961 914 2012 καί
940 1975 1067 2011 ποτε
1098 1957 1172 2028 μὴ
1186 1955 1636 2026 ἀπαμϐλυνθῆναι
1657 1955 1790 2026 πρὸς

189 2049 311 2121 τὴν
335 2049 444 2103 τῶν
471 2049 713 2121 ἀπείρων
737 2049 1019 2120 δυνάμεων
1049 2047 1288 2118 ποίησιν,
1317 2047 1410 2099 καὶ
1444 2045 1526 2098 ὃτι
1552 2044 1792 2114 ἄφθεγκ-

192 2159 301 2194 τον
325 2143 417 2195 καὶ
435 2141 785 2214 ἀνεπινόητον
813 2140 874 2194 τὸ
900 2139 1162 2212 ὑπερέχον
1185 2139 1282 2210 τῆς
1303 2137 1464 2191 αὐτοῦ
1483 2138 1784 2208 δυνάμεως.

198 2233 389 2303 ’Ὅπερ
429 2232 543 2295 πῶς
573 2231 641 2285 ἂν
672 2227 740 2303 ἦν
792 2232 1116 2301 ἄφθεγκτον,
1147 2229 1303 2302 εἴπερ
1335 2228 1408 2300 μὴ
1452 2225 1596 2300 εἶχεν
1636 2231 1787 2301 ἰσχὺν

197 2326 289 2388 εἰς
314 2323 385 2396 ,τὸ
413 2323 486 2396 μὴ
513 2322 892 2377 κατανοεῖσθαι
923 2323 1073 2394 παρά
1093 2339 1256 2384 τινος,
1285 2320 1318 2391 ἢ
1347 2320 1435 2375 διὰ
1472 2321 1787 2392 περιουσίαν

195 2415 302 2469 τοῦ
348 2415 573 2470 δυνατοῦ
599 2416 693 2468 καὶ
716 2414 814 2486 τὴν
843 2414 1126 2467 ἀσθένειαν
1164 2413 1425 2483 δυναμοῖ;
1479 2411 1786 2466 ’Δσθὲνειαν

193 2503 260 2556 δὲ
300 2503 454 2556 καλεῖ
477 2503 545 2556 τά
571 2501 732 2556 ύλικά
756 2501 926 2556 ταῦτα
958 2502 1052 2555 καὶ
1078 2501 1330 2572 περίγεια
1356 2502 1602 2573 σώματα,
1631 2503 1786 2556 ἅτινα

198 2592 301 2646 καὶ
353 2591 557 2663 ἔσχατα
603 2593 946 2663 ἀπηχήματά
983 2609 1116 2663 φησι
1152 2591 1240 2645 διά
1285 2592 1344 2645 τὸ
1381 2590 1640 2663 ἀμυδρῶς
1691 2592 1786 2645 καὶ

199 2681 351 2738 κατὰ
380 2683 476 2754 τὴν
515 2682 722 2736 οἰκείαν
767 2683 1179 2753 ἐπιτηδειότητα
1211 2684 1456 2754 μετέχειν
1485 2683 1585 2754 τῆς
1629 2683 1787 2736 δυνά-

199 2791 352 2845 μεως
385 2774 476 2829 τοῦ
515 2774 671 2840 Θεοῦ,
721 2776 796 2838 ῶς
836 2775 945 2846 ἔχει
985 2776 1074 2827 ἐπὶ
1115 2775 1222 2827 τῶν
1282 2775 1545 2846 ἐμπίδων,
1590 2773 1782 2844 μυιῶν,

194 2864 426 2918 καὶτῶν
452 2865 626 2918 ἀλλων
663 2865 763 2917 ὅσα
789 2867 846 2918 ὲν
891 2868 1004 2929 τοῖς
1042 2866 1265 2929 οἰκείοις
1295 2866 1540 2937 κέντροις
1572 2865 1785 2936 ἰσχύου-

197 2973 306 3009 σιν.
330 2957 494 3009 Ὅθεν
527 2957 620 3009 καὶ
655 2957 734 3026 τῷ
771 2957 924 3027 Ἰωήλ
951 2974 1112 3028 φησιν
1139 2959 1167 3010 ὁ
1192 2957 1322 3020 Θεὸς
1346 2957 1472 3028 περὶ
1505 2957 1604 3028 τῆς
1627 2958 1784 3028 ἀκρί-

192 3049 307 3112 δος,
349 3052 441 3102 καὶ
474 3051 568 3102 τοῦ
597 3050 847 3121 βρούχου,
893 3052 986 3103 καὶ
1018 3051 1116 3121 τῆς
1144 3051 1388 3122 κάμπης,
1443 3049 1512 3105 Ἡ
1531 3049 1782 3119 δύναμίς

1895 1855 2040 1923 quod
2079 1855 2150 1908 sit
2177 1871 2340 1925 supra
2371 1871 2588 1912 Omnem
2616 1859 2780 1911 etiam
2822 1859 3108 1926 ipsammet
3153 1875 3248 1929 per
3273 1877 3332 1916 se
3362 1864 3474 1918 vir-

1898 1955 2094 2014 tutem,
2124 1947 2515 2018 exemplarem,
2556 1950 2796 2018 inquam,
2825 1950 3049 2005 virtutis
3095 1952 3392 2018 rationem;
3420 1965 3474 2010 ct

1893 2040 2038 2107 quod
2071 2048 2268 2109 potens
2292 2040 2360 2093 sit
2383 2039 2670 2109 plusquam
2693 2039 2953 2095 inﬁnities
2973 2041 3216 2096 inlinitas
3241 2045 3471 2100 virtutes

1895 2132 2214 2198 producere.
2256 2140 2312 2185 et
2344 2146 2621 2200 nunquam
2673 2131 2755 2186 vis
2807 2130 2925 2200 ejus
2959 2132 3009 2185 in
3054 2132 3284 2187 infinitis
3302 2139 3470 2190 etiam

1893 2221 2192 2275 virtutibus
2222 2224 2473 2280 creandis
2500 2223 2670 2277 valeat
2698 2223 2962 2291 hebetari,
2982 2234 3036 2277 et
3063 2228 3206 2295 quod
3237 2223 3468 2296 inexpli-

1888 2313 2084 2367 cabilts
2116 2322 2170 2381 et
2200 2314 2632 2384 inexcogitabilis
2675 2317 2747 2370 sit
2776 2317 2995 2371 virtutis
3031 2318 3152 2386 ejus
3192 2320 3469 2374 excellen-

1892 2406 1985 2458 tia.
2026 2405 2096 2459 At
2126 2407 2397 2476 quomodo
2446 2408 2517 2462 sit
2563 2407 2983 2477 inexplicabilis,
3031 2410 3300 2479 siquidem
3359 2397 3465 2468 nun

1889 2498 2074 2554 habuit
2109 2499 2368 2555 virtutem
2409 2508 2468 2554 ut
2495 2514 2599 2553 non
2631 2501 3015 2571 conciperetur
3039 2503 3106 2556 ab
3128 2503 3338 2576 aliquo,
3363 2506 3465 2562 nisi

1887 2603 1987 2658 per
2014 2590 2272 2660 potentia:
2309 2591 2702 2646 abundantiam
2727 2604 2782 2648 et
2807 2593 3205 2650 imbecillitatis
3237 2597 3464 2651 robora-

1890 2682 2128 2738 tioaem?
2177 2680 2612 2738 Imbecillitatem
2675 2693 2860 2740 autem
2928 2697 3091 2741 vocat
3156 2689 3465 2744 malerialia

1888 2775 2002 2828 haec
2021 2782 2076 2827 et
2116 2784 2332 2828 terrena
2364 2790 2614 2843 corpora,
2657 2791 2777 2845 qua:
2815 2778 2981 2831 etiam
3013 2790 3259 2834 extrema
3298 2779 3468 2835 vcsti-

1887 2871 1972 2940 gia
2005 2869 2158 2933 dicit,
2200 2871 2342 2938 quod
2376 2870 2600 2925 remisse
2645 2880 2700 2923 et
2741 2885 2838 2940 pro
2873 2882 3033 2942 captu
3081 2888 3180 2928 suo
3222 2873 3462 2930 divinam

1885 2961 2142 3016 virtutem
2177 2963 2537 3032 participent;
2589 2973 2648 3016 ut
2674 2979 2732 3018 se
2771 2979 2858 3018 res
2897 2965 3062 3020 habet
3100 2965 3154 3020 in
3190 2967 3464 3023 culicibus

1887 3061 1944 3107 et
1971 3054 2194 3119 muscis,
2235 3063 2288 3107 et
2316 3053 2603 3118 similibus,
2636 3069 2756 3124 qua:
2790 3055 3027 3112 Stimulis
3065 3056 3181 3112 suis
3232 3059 3460 3127 pollent.

185 3160 313 3211 μου
344 3145 381 3211 ἡ
403 3144 656 3213 μεγάλη.
685 3145 805 3196 Ὅτι
832 3143 887 3196 δὲ
925 3145 1018 3196 καὶ
1047 3144 1139 3196 ἐπὶ
1166 3144 1376 3208 τούτοις
1413 3147 1526 3208 τοῖς
1563 3144 1782 3198 ἀσθενέ-

1885 3143 2040 3201 Unde
2066 3147 2226 3200 etiam
2259 3146 2399 3201 Deus
2441 3148 2492 3202 in
2519 3146 2669 3203 Jocle
2723 3149 2789 3204 de
2830 3149 3038 3204 locusta
3071 3159 3127 3205 et
3165 3151 3374 3206 bruclm
3408 3162 3463 3207 et

193 3255 285 3290 σιν
311 3239 343 3308 ἡ
371 3237 599 3307 δύναμις
629 3237 722 3290 τοῦ
746 3236 879 3290 Θεοῦ
917 3237 1126 3306 φθάνει,
1169 3237 1246 3290 tos
1274 3236 1344 3290 τά
1381 3237 1501 3291 κατ’
1531 3236 1779 3308 αἴσθησιν

189 3328 416 3392 δυνατὰ,
457 3329 516 3381 τό
544 3346 603 3381 τε
641 3330 838 3400 ὁρατὸν
873 3327 1008 3398 φῶς,
1037 3330 1131 3381 καὶ⁹
1171 3330 1298 3392 τοὺς
1343 3329 1641 3394 ἀκουστοὺς
1680 3328 1778 3391 ψό-

191 3435 361 3488 φουςο
400 3419 469 3472 τά
521 3421 633 3491 γὰρ
667 3419 895 3490 λαμπρὰ
930 3419 1038 3472 τῶν
1084 3417 1277 3489 φώτων
1336 3420 1495 3491 μέχρι
1535 3422 1630 3475 καὶ
1670 3422 1778 3477 τῶν

193 3509 439 3562 ἀσθενῶν
500 3510 793 3581 ὀφθαλμῶν
832 3511 1045 3580 φθάνει,
1106 3512 1198 3564 καὶ
1237 3512 1283 3564 οἰ
1341 3513 1565 3581 μεγάλοι
1615 3514 1777 3584 ψόφοι

195 3599 358 3670 μέχρι
398 3603 621 3654 καὶτῶν
646 3603 887 3656 ἀσθενῶν
918 3603 1097 3656 ἀκοῶν
1132 3604 1450 3658 εἰσδύονται.
1490 3602 1626 3657 Οὔτε
1667 3605 1776 3676 γάρ

189 3693 258 3746 τὸ
284 3695 396 3762 φῶς
448 3698 506 3749 ὲν
547 3697 626 3768 τῷ
671 3697 802 3770 λίθῳ
835 3699 1048 3768 λέγεται
1103 3697 1343 3768 φθάνειν,
1383 3697 1506 3752 οὔτε
1543 3702 1571 3753 ὁ
1607 3699 1776 3769 ψόφος

193 3789 501 3844 εἰσδύεσθαι
524 3809 536 3821 ο
571 3791 683 3844 ἀλλ’
715 3794 774 3844 ὲν
801 3795 912 3857 τοῖς
953 3793 1248 3862 πεφυκόσιν
1291 3793 1422 3864 ὁρᾷν
1467 3792 1500 3863 ἦ
1535 3793 1772 3858 ἀκούειν,

194 3879 299 3933 κᾶν
337 3881 576 3945 ἀσθενῶς
616 3881 800 3951 ἔχωσι.

265 4169 408 4242 5111.
454 4170 608 4225 Κατά
631 4155 828 4223 ’τοῦτον
873 4171 965 4224 τὸν
1015 4171 1171 4240 λόγον
1205 4173 1284 4237 εἰς
1320 4172 1496 4227 πάντα
1541 4170 1608 4226 τά
1644 4173 1771 4226 δντα

193 4264 430 4335 χωρήσει
465 4266 498 4334 ἡ
537 4262 762 4334 δύναμις
788 4264 882 4318 τοῦ
923 4264 1080 4329 Θεοῦ,
1110 4266 1192 4318 ὅτι
1220 4267 1395 4318 πάντα
1434 4263 1656 4318 δεκτικά
1683 4265 1770 4317 δυ-

193 4355 406 4425 νάμεώς
429 4358 583 4420 εἰσιν,
614 4355 646 4425 ἢ
688 4359 878 4428 νοερᾶς
910 4359 1002 4410 καὶ
1027 4357 1340 4430 ἀγγελικῆς,
1370 4358 1400 4430 ἢ
1429 4356 1650 4427 λογικῆς
1676 4359 1769 4410 καὶ

193 4447 556 4518 ἀνθρωπίνης,
597 4447 630 4518 ἢ
669 4449 988 4520 αἰσθητικῆς
1026 4449 1132 4502 τῶν
1176 4451 1406 4518 ἀλόγων,
1449 4450 1481 4520 ἢ
1531 4450 1767 4519 ζωτικῆς

191 4537 298 4590 τῶν
337 4538 538 4607 φυτῶν,
582 4538 614 4608 ἢ
653 4538 942 4603 ούσιιῦδους
977 4541 1168 4611 ἐτέρας
1215 4541 1322 4594 τῶν
1368 4540 1538 4596 ἄλλων
1590 4542 1763 4595 ἀπάν-
1794 4523 1838 4580 D

189 4647 316 4693 των,
357 4631 489 4684 καθὸ
525 4632 614 4685 τὸν
657 4633 752 4702 μὲν
803 4632 1085 4703 ἀδάμαντα
1126 4633 1353 4705 δύναμιν
1403 4633 1546 4704 ἔχειν
1586 4633 1766 4704 φαμὲν

190 4723 281 4775 τοῦ
319 4723 392 4794 μὴ
426 4723 740 4794 τέμνεσθαι,
773 4725 864 4778 τὸν
901 4725 946 4778 δ’
971 4725 1109 4796 ἀέρα
1139 4726 1438 4797 ἀδυναμίαν
1485 4725 1578 4779 τοῦ
1601 4725 1764 4780 αὐτοῦ

190 4815 395 4868 τούτου.
434 4817 540 4869 Καὶ
571 4817 702 4870 αὐτὸ
744 4817 799 4870 δὲ
834 4817 954 4871 καθ’
979 4818 1111 4871 αὐτὸ
1130 4819 1190 4872 τὸ
1211 4818 1439 4890 δύναμιν
1480 4813 1616 4872 εἶναι
1665 4819 1763 4872 καὶ

191 4908 344 4962 τοῦτο
381 4909 529 4981 παρὰ
558 4909 662 4980 τῆς
696 4910 845 4974 θείας
885 4912 1002 4964 ἐστὶ
1039 4912 1338 4984 δυνάμεως.

260 5122 396 5193 ειν.
451 5123 546 5176 Ἐκ
591 5123 687 5194 τῆς
728 5122 983 5193 τοιαύτης
1023 5122 1455 5194 ἀπειροδυνάμου
1483 5123 1760 5194 δυνάμεως

190 5217 243 5270 αἰ
269 5215 553 5284 ἀγγελικαὶ
589 5215 847 5286 δυνάμεις
888 5216 1015 5279 εἰσὶ,
1046 5217 1138 5269 καὶ
1171 5216 1230 5269 τὸ
1255 5211 1395 5270 εἷναι
1433 5217 1761 5287 ἀμετακινή-

189 5329 292 5375 τως
350 5311 552 5382 έχουσι,
601 5311 695 5364 καὶ
755 5311 921 5363 τᾶλλα
962 5310 1172 5363 πάντα·
1211 5310 1351 5382 αύτὴ
1397 5309 1504 5380 γάρ
1539 5310 1684 5361 ὲστιν

189 5406 396 5474 δφιεϊσα
425 5403 605 5468 αὐτοῖς
642 5404 701 5457 τὸ
739 5403 1015 5467 δύνασθαι,
1059 5405 1150 5456 καὶ
1176 5398 1333 5466 εἶναι,
1382 5403 1474 5456 καὶ
1512 5401 1758 5470 ἐφίεσθαι

192 5496 359 5548 εἰσαεὶ
396 5495 488 5548 τοῦ
546 5491 719 5548 εἰναιο
769 5495 904 5565 αύτὴ
957 5494 1103 5547 ἐστιν
1159 5497 1192 5566 ἡ
1237 5493 1608 5565 ὲνδυναμοῦσα
1664 5493 1760 5547 καὶ

189 5587 316 5642 αὐτὸ
353 5587 473 5642 καθ’
499 5589 632 5641 αὐτο
667 5587 727 5642 τὸ
762 5587 1043 5652 δύνασθαι,
1073 5589 1152 5652 εἰς
1181 5590 1240 5643 τὸ
1277 5587 1522 5658 ἐφίεσθαι
1549 5585 1642 5641 τοῦ
1668 5586 1758 5639 ἀεὶ

187 5680 461 5736 δύνασθαι.

257 5855 280 5895 σ
312 5851 432 5906 Psa'
492 5869 644 5918 mn,
686 5853 766 5908 10.
869 5850 894 5890 ιι
929 5851 1071 5909 Psal.
1111 5868 1209 5907 xu
1245 5851 1298 5907 8.

1403 5865 1418 5892 ι
1468 5850 1606 5923 Jocl,
1644 5867 1702 5919 n,
1738 5855 1828 5911 25.

1882 3253 2047 3293 eruca
2071 3240 2228 3304 dicit,
2251 3237 2534 3292 Fortitudo
2553 3256 2669 3293 mea
2690 3258 2882 3312 magna
2910 3243 2952 3295 ί.
2976 3241 3125 3308 Quod
3148 3257 3277 3299 vero
3291 3246 3459 3298 etiam

1882 3333 1949 3385 ad
2006 3333 2118 3387 hinc
2151 3330 2362 3385 infirma
2406 3347 2577 3401 usque
2625 3333 2716 3386 Dei
2761 3334 2938 3387 virtus
2991 3334 3292 3403 pertingat,
3338 3335 3461 3389 vide

1882 3440 2002 3495 quae
2051 3427 2353 3479 secundum
2417 3438 2634 3478 sensum
2677 3425 2919 3491 potentia
2978 3435 3128 3490 sunt,
3166 3437 3223 3480 ut
3275 3429 3457 3484 lumen

1879 3517 2217 3586 aspectabile
2247 3526 2300 3570 et
2331 3517 2576 3585 ingentes
2625 3516 2885 3585 strepitus
2916 3533 2931 3570 :
2979 3518 3247 3586 siquidem
3278 3519 3458 3588 splen-

1879 3610 2158 3664 didissima
2209 3608 2410 3662 lumina
2449 3622 2626 3676 usque
2655 3611 2721 3660 ad
2749 3609 2998 3664 inﬁrmos
3021 3625 3236 3679 quoque
3266 3611 3455 3665 oculos

1877 3703 2219 3773 pertiugunt,
2249 3709 2307 3754 et
2345 3700 2594 3769 ingentes
2632 3698 2879 3769 fragores
2913 3701 3212 3758 imbecilles
3240 3718 3455 3774 quoque

1875 3794 2129 3848 audiendi
2175 3790 2467 3848 facultates
2515 3801 2828 3862 penetrant.
2887 3791 3003 3846 Non
3051 3796 3196 3848 enim
3249 3795 3338 3849 lux
3387 3795 3453 3848 ad

1875 3883 2109 3953 lapidein
2151 3883 2459 3953 pertingere
2508 3882 2730 3947 dicitur,
2769 3898 2944 3952 neque
2991 3884 3145 3938 illum
3189 3887 3453 3955 strepitus

1875 3975 2047 4042 subit,
2086 3975 2181 4028 sed
2211 3973 2298 4028 illa
2335 3989 2455 4044 qua:
2480 3974 2630 4030 visus
2658 3975 2981 4044 auditusque
3031 3976 3254 4044 capacia
3305 3987 3435 4032 sunt

1873 4065 2000 4123 licet
2036 4068 2327 4123 imbecilla.

1947 4182 1975 4254 ς
2015 4182 2102 4237 111.
2149 4181 2456 4239 Secundum
2514 4184 2655 4240 lianc
2697 4184 2962 4240 rationem
3004 4183 3070 4238 ad
3123 4201 3212 4241 res
3254 4201 3450 4242 omnes

1872 4277 1966 4333 Dei
1994 4279 2166 4334 virtus
2197 4287 2362 4340 meat.
2395 4279 2652 4346 quoniam
2699 4277 2882 4330 omnia
2916 4278 3137 4332 virtutis
3174 4285 3299 4331 sunt
3355 4295 3449 4332 ca-

1869 4370 2048 4440 pacia,
2079 4369 2200 4426 sive
2243 4369 2509 4441 spiritalis
2538 4381 2594 4424 et
2615 4371 2893 4441 angelicae,
2921 4369 3035 4424 sive
3073 4369 3358 4425 rationalis
3391 4380 3448 4424 et

1872 4461 2145 4530 humanm,
2208 4461 2326 4517 sive
2386 4461 2600 4516 sensilis
2667 4464 2978 4527 brutorum,
3041 4461 3158 4516 sive
3215 4461 3447 4517 viventis

1869 4556 2202 4625 plantarum,
2259 4555 2373 4610 sive
2415 4555 2638 4610 alterius
2682 4553 3057 4611 substantialis
3121 4566 3446 4612 exterarum

1870 4663 2050 4703 rerum
2102 4647 2380 4711 omnium;
2422 4646 2576 4715 juxta
2629 4647 2775 4717 quod
2835 4646 3053 4716 quidem
3102 4647 3444 4701 adamantem

1871 4741 2099 4796 dicimus
2147 4740 2350 4794 habere
2403 4739 2542 4794 lianc
2573 4741 2852 4806 virtutem,
2879 4747 2934 4791 ut
2971 4737 3143 4793 secari
3184 4748 3442 4809 nequeat,

1869 4849 2054 4889 aerem
2087 4849 2218 4888 vero
2247 4834 2406 4904 hujus
2442 4834 2612 4905 ipsius
2653 4833 3055 4902 impotentiam.
3090 4833 3230 4900 Quin
3280 4840 3335 4886 et
3390 4833 3442 4887 Id

1869 4929 2045 4998 ipsum
2077 4928 2377 4984 secundum
2410 4941 2470 4982 se
2501 4928 2761 4983 virtutem
2787 4940 2932 4992 esse,
2975 4925 3143 4981 etiam
3182 4941 3212 4980 a
3242 4926 3442 4982 virtute

1868 5016 2049 5071 divina
2075 5018 2306 5072 exsistit.

1943 5134 1970 5207 ε
2010 5134 2096 5190 ιν.
2141 5133 2220 5189 Ex
2263 5133 2359 5189 tali
2419 5133 2614 5189 intiniti
2661 5143 2883 5206 potente
2933 5135 3135 5191 virtute
3175 5136 3441 5207 angelica:

1865 5227 2096 5282 virtutes
2113 5228 2408 5294 exsistunt,
2430 5236 2484 5282 et
2499 5235 2702 5280 statum
2727 5228 3119 5282 immutabilem
3133 5239 3448 5299 cazteraque

1865 5323 2046 5376 omnia
2067 5321 2267 5377 habent
2287 5339 2302 5387 ;
2324 5321 2438 5376 haec
2462 5321 2606 5375 enim
2632 5320 2698 5374 iis
2721 5321 2908 5375 tribuit
2932 5331 2983 5376 et
3007 5334 3186 5390 posse,
3210 5331 3434 5386 etesse,

1863 5424 1917 5470 et
1935 5425 2193 5484 appetere
2213 5427 2433 5484 semper
2453 5427 2605 5478 esse;
2628 5412 2740 5466 lucc
2763 5409 2923 5482 481
2953 5423 3036 5466 est
3058 5427 3179 5474 qua:
3207 5411 3272 5467 iis
3295 5413 3437 5468 vires

1859 5510 2210 5580 suppeditat,
2244 5520 2300 5567 ut
2345 5510 2578 5583 idipsum
2630 5524 2788 5582 posse
2841 5508 3154 5564 desiderare
3219 5524 3435 5578 semper

1860 5602 2089 5672 possint.
