4156 6312
751 357 857 414 905

1953 358 2007 412 S.
2047 356 2345 414 DIONYSH
2378 356 2466 411 AR
2476 357 2837 413 EOPAGITE

3910 360 4023 417 θοι

798 477 853 554 ης
881 476 945 533 ν.
977 475 1147 531 Porro
1175 474 1536 532 indeiicientis
1578 476 1739 529 istius
1776 476 2069 545 potestatis
2101 490 2309 529 muner:

2507 473 2534 545 ᾗ
2574 474 2639 529 V.
2700 475 2921 546 Πρόεισι
2971 474 3026 528 δὲ
3077 474 3137 528 τὸ
3201 474 3549 530 ἀνέκλειπτον
3598 476 3696 549 τῆς
3748 479 4021 549 τοιαύτης

759 568 814 623 in
849 568 1096 622 homines
1120 583 1337 638 quoque
1364 569 1669 632 dimanant,
1704 569 1830 622 etin
1861 568 2138 634 animalia,
2166 579 2221 623 et
2269 569 2322 624 in

753 657 989 728 plantas,
1039 666 1318 727 totamque
1372 670 1622 714 naturam
1676 658 1943 713 universi.
1992 658 2322 715 Corroborat

748 752 893 807 enim
936 748 1024 803 illa
1053 765 1170 818 quae
1200 751 1350 805 unita
1382 760 1533 814 sunt,
1584 760 1766 820 partes
1797 768 1848 807 ν».
1895 768 1948 822 g.
2000 752 2168 808 totius
2196 768 2321 807 cor-

747 844 920 915 poris,
951 844 1034 898 vel
1059 845 1225 899 etiam
1252 844 1542 909 elementa,
1578 860 1699 915 quae
1749 846 1970 914 quidem
2019 850 2318 901 secundum

748 937 1068 1006 aliquasibi
1120 949 1310 1006 mutuo
1344 940 1775 1007 communicant,
1810 941 2108 995 secundum
2140 940 2318 1009 aliqua

750 1044 881 1081 vero
921 1028 1429 1099 discrepontquoad
1475 1033 1637 1087 talem
1697 1034 2157 1088 communionem.
2184 1033 2319 1087 Cor-

746 1121 971 1173 rohorat
1009 1121 1174 1175 etiam
1226 1137 1347 1190 qum
1391 1123 1647 1179 distincta
1703 1133 1851 1188 sunt,
1905 1136 1965 1179 ut
2020 1128 2316 1181 secundum

742 1224 899 1262 suam
941 1214 1197 1280 quodque
1254 1214 1519 1267 rationem
1586 1217 1976 1283 impermistum
2033 1222 2314 1276 consistat.

741 1300 1093 1357 Ctnu'autem
1136 1304 1415 1373 quodlibet
1450 1307 1645 1361 habeat
1672 1309 1917 1363 ordinem
1946 1319 1999 1363 et
2044 1312 2313 1379 propriam

744 1390 1123 1459 directionem,
1149 1396 1259 1449 hac
1291 1399 1454 1452 etiam
1484 1401 1725 1463 roborat,
1757 1402 1886 1456 utin
1915 1404 2136 1472 proprio
2166 1419 2313 1472 qna:-

744 1498 851 1551 que
888 1486 1081 1540 ordine
1131 1501 1539 1544 conserventur.
1596 1492 1928 1548 Corroborat
1974 1499 2137 1550 etiam
2179 1498 2315 1551 vitas

743 1576 1081 1633 immortales
1111 1582 1479 1650 angelicarum
1518 1584 1809 1650 unitatum,
1843 1587 2053 1641 scilicet
2102 1588 2312 1658 simpli-

742 1670 885 1724 clum
942 1684 1298 1739 naturarum,
1375 1686 1431 1729 ut
1502 1677 1838 1735 inviolabiles
1903 1692 2312 1736 conserventur.

742 1759 1044 1817 Conservat
1076 1764 1496 1827 etiattt,ordittes
1517 1768 1769 1823 cmlest‘es
1797 1770 2181 1825 intmutabiles.
2215 1770 2315 1824 Vc-

2424 566 2703 637 δυνάμεως
2738 568 2834 620 καὶ
2870 568 2948 629 είς
2987 565 3325 638 ἀνθρώπους,
3365 569 3459 621 καὶ
3509 567 3643 632 ζῶα,
3700 570 3799 622 καὶ
3834 572 4018 639 φυτὰ,

2425 661 2515 712 καὶ
2554 658 2655 730 τὴν
2694 659 2805 712 τῶν
2858 658 2995 711 ὅλων
3055 658 3233 728 φύσιν.
3287 662 3520 731 Δυναμοῖ
3572 661 3751 715 τοίνυν
3803 663 3912 716 καὶ
3952 665 4022 715 τὰ

2421 749 2697 821 ἡνωμένα,
2736 748 2806 802 τά
2846 748 2985 820 μέρη
3022 748 3181 822 τυχὸν
3219 750 3312 803 τοῦ
3332 750 3452 804 ὅλου
3478 751 3723 822 σώματος
3749 754 3783 823 ἦ
3806 756 3913 808 καὶ
3950 755 4021 806 τὰ

2424 838 2737 909 στοιχεῖα,ἀ
2773 840 2915 893 κατά
2931 857 3051 894 τινα
3075 841 3175 911 μὲν
3207 839 3455 912 ἀλλήλοις
3487 842 3821 905 κοινωνοῦσι,
3862 846 4019 900 κατὰ

2419 946 2540 983 τινα
2575 931 2631 984 δὲ
2674 930 2986 1002 διαφέρουσι
3042 934 3183 1004 Ιπρὸς
3234 932 3334 1003 τὴν
3383 934 3634 1004 τοιαύτην
3688 939 4014 991 κοινωνίαν.

2418 1024 2657 1093 Δυναμοῖ
2685 1025 2777 1076 καὶ
2814 1024 2882 1077 τά
2918 1025 3313 1097 διακεκριμένα
3352 1027 3432 1089 είς
3466 1027 3527 1079 τὸ
3562 1023 3697 1081 εἶναι
3720 1030 3868 1084 κατά
3906 1032 4013 1093 τὸν

2418 1119 2617 1170 οἰκεῖον
2655 1116 2813 1185 λόγον
2867 1118 3093 1172 ἕκαστον
3149 1118 3517 1189 ἀσύμφυρτον.
3572 1120 3720 1174 Ἐπεὶ
3760 1122 3818 1175 δὲ
3877 1124 4011 1176 ἔκα-

2420 1224 2542 1261 στον
2581 1208 2692 1279 ἔχει
2747 1210 2901 1277 τάξιν
2958 1212 3057 1264 καὶ
3110 1211 3360 1264 εὐθεσίαν
3417 1212 3568 1275 ἰδίαν,
3622 1214 3851 1284 δυναμοῖ
3915 1218 4014 1269 καὶ

2416 1300 2587 1354 ταῦτα
2624 1304 2702 1366 είς
2738 1302 2799 1354 τὸ
2832 1302 3190 1367 διασώζεσθαι
3251 1305 3331 1369 είς
3368 1303 3464 1375 τὴν
3516 1305 3718 1359 οἰκείαν
3769 1306 4012 1359 ἕκαστον

2416 1396 2588 1463 τάξιν.
2631 1401 2869 1468 Δυναμοῖ
2910 1398 3002 1451 καὶ
3060 1397 3158 1461 τὰς
3216 1398 3514 1460 ἀθανάτους
3551 1397 3693 1463 ζωὰς
3751 1400 3861 1452 τῶν
3904 1401 4010 1468 ἀγ-

2416 1489 2650 1558 γελικῶν
2690 1490 2913 1554 ὲνάδων,
2978 1489 3218 1560 δηλονότι
3268 1490 3378 1542 τῶν
3430 1491 3701 1543 ἀπλοϊκῶν
3757 1491 4006 1559 φύσεων,

2416 1585 2496 1645 είς
2543 1583 2602 1634 τὸ
2642 1581 3007 1651 φυλάττεσθαι
3050 1582 3470 1655 ἀδιαλωϐήτους.
3506 1582 3760 1637 Φυλάττει
3782 1584 4008 1647 καὶτὰς

2415 1674 2670 1745 οὐρανίας
2722 1673 2926 1741 τάξεις,
2984 1672 3388 1737 ἀναλλοιώτους.
3430 1675 3573 1747 Πλὴν
3630 1675 3701 1747 μὴ
3757 1677 3905 1729 κατὰ
3944 1677 4007 1730 τὸ

2418 1768 2604 1830 ἀῖδίως
2644 1762 2784 1819 εἶναι
2823 1768 3022 1841 νοήσῃς
3060 1768 3117 1821 τὸ
3156 1766 3527 1833 ἀναλλοίωτον,
3568 1768 3699 1821 ἀλλά
3736 1769 3883 1822 κατά
3903 1770 4007 1839 τὴν

744 1868 865 1907 rum
930 1854 1395 1927 noliintulligcre
1473 1859 1965 1914 immutabilitalem
2019 1862 2309 1916 secundum

2418 1859 2829 1931 ἀπαραλλαξίαν
2862 1858 2964 1929 τῆς
3001 1859 3095 1913 τοῦ
3134 1860 3332 1923 παντὸς
3374 1861 3597 1927 τάξεως.
3638 1862 3790 1914 Ποιεῖ
3821 1862 3881 1915 δὲ
3907 1863 4005 1914 καὶ

746 1964 871 2004 esse
897 1946 1310 2019 sempiternum,
1341 1954 1435 2007 sed
1486 1956 1783 2008 secundum
1818 1955 2312 2012 inmutabilitatem

743 2043 954 2097 ordinis
990 2045 1255 2105 universi.
1290 2045 1431 2111 Quin
1470 2054 1525 2099 et
1571 2050 1784 2111 smcnla,
1819 2057 1875 2100 ut
1924 2062 2043 2103 esse
2081 2050 2310 2118 possint,

742 2134 1026 2207 indulget;
1064 2148 1240 2207 potest
1270 2141 1416 2193 enim
1476 2139 1639 2194 rebus
1675 2142 2019 2209 sempiternis
2046 2152 2313 2213 tempora-

740 2224 845 2280 lem
882 2229 1033 2297 quasi
1088 2238 1289 2283 motum
1328 2231 1615 2299 quemdam
1666 2233 2007 2303 spatiumque
2058 2243 2314 2289 coexten-

739 2316 891 2373 dere.
924 2317 1257 2375 Corroborat
1285 2337 1411 2376 vero
1448 2323 1611 2377 etiam
1649 2333 2027 2392 temporaneos
2057 2328 2311 2395 progres-

737 2426 854 2479 sus,
894 2423 1166 2467 astrorum
1222 2414 1433 2470 scilicet
1480 2418 1766 2483 motiones,
1820 2433 1940 2486 quae
1994 2418 2309 2488 in'quodam

739 2505 1002 2572 temporis
1030 2520 1256 2559 numero
1286 2522 1383 2574 per
1414 2510 1697 2563 duodecim
1730 2511 1995 2565 dictarum
2025 2500 2309 2567 demornm

737 2594 911 2663 spatia
942 2595 1148 2649 sensim
1180 2611 1484 2653 moventur.
1535 2601 2051 2657 Corroboratetiam
2098 2604 2312 2659 revolu-

737 2684 942 2747 tiones,‘
977 2701 1096 2755 quae
1128 2687 1195 2741 ab
1227 2688 1408 2758 aliquo
1436 2700 1633 2758 puncto
1671 2693 1738 2746 ad
1770 2694 1910 2746 idem
1939 2704 2311 2763 punctnmtre-

735 2791 982 2838 currunt.
1003 2780 1333 2839 Corroborat
1360 2795 1594 2854 quatuor
1624 2786 1912 2853 elementa,
1941 2789 2006 2841 ad
2035 2789 2308 2858 proprium

733 2871 987 2947 quodque
1005 2874 1247 2928 ordinem
1276 2886 1488 2931 natura:
1513 2878 1897 2947 constringens
1921 2894 1985 2933 ac
2000 2879 2307 2937 continens.

734 2961 1067 3019 Corroborat
1125 2966 1369 3020 viviﬁcos
1421 2978 1577 3021 terra?
1636 2979 1845 3036 partus,
1870 2971 2185 3025 corroborat
2218 2987 2311 3025 ue-

735 3068 865 3109 xnm
897 3055 1093 3110 animae
1119 3072 1242 3111 cum
1278 3073 1523 3127 corpore,
1570 3060 1802 3114 suscitat
1839 3061 2069 3117 virtutes
2101 3067 2309 3117 anima-

737 3136 815 3201 les
860 3147 928 3219 ad
984 3147 1226 3216 plantam
1283 3164 1657 3219 sa'penumcro
1708 3152 1991 3206 fovendam
2020 3162 2072 3206 et
2106 3170 2308 3225 augen-

2416 1950 2507 2003 τὸν
2547 1951 2717 2004 αίῶνα
2764 1951 3053 2006 δύνασθαιο
3103 1952 3478 2023 δύναταιιγάρ
3496 1954 3556 2006 τὸ
3592 1954 4005 2024 συμπαρεκτεὶ-

2416 2043 2600 2097 νεσθαι
2627 2046 2741 2108 τοῖς
2777 2045 2966 2109 ἀϊδίοις
3009 2040 3117 2098 οἷόν
3151 2063 3205 2097 τι
3240 2046 3484 2116 χρονικὸν
3516 2045 3716 2116 κίνημα
3755 2046 3848 2099 καὶ
3876 2046 4001 2100 διά-

2418 2150 2620 2205 στημα.
2660 2138 2900 2207 Δυναμοῖ
2935 2137 2991 2190 δὲ
3027 2137 3122 2192 καὶ
3156 2137 3254 2202 τὰς
3296 2137 3550 2208 χρονικάς
3587 2138 3858 2206 προόδους,
3895 2138 4001 2202 τὰς

2413 2228 2521 2281 τῶν
2550 2229 2795 2299 ἀστέρων
2858 2228 3055 2301 δηλαδὴ
3109 2231 3375 2302 κινήσεις,
3430 2231 3522 2284 ὲπί
3583 2248 3704 2284 τινα
3760 2230 3997 2302 ἀριθμὸν

2416 2319 2611 2390 χρόνου,
2658 2319 2985 2390 διερπούσας
3040 2320 3107 2373 τά
3168 2322 3233 2373 ιϐ’
3288 2321 3398 2373 τῶν
3466 2320 3767 2391 λεγομένων
3821 2321 3998 2375 οἴκων

2413 2412 2777 2483 διαστήματα.
2817 2414 3056 2483 Δυναμοῖ
3094 2412 3186 2465 καί⁵
3230 2412 3331 2476 τάς
3380 2413 3867 2477 ἀποκαταστάσεις,
3890 2413 3995 2477 τὰς

2413 2503 2521 2557 ἀπὸ
2559 2504 2785 2575 σημείου
2821 2500 2967 2568 τινὸς
3006 2503 3099 2558 ἐπὶ
3135 2504 3196 2557 τὸ
3230 2505 3363 2558 αὐτὸ
3411 2509 3630 2576 σημεῖον
3693 2505 3995 2577 ὲπανωδρο-

2416 2596 2541 2668 μάς.
2589 2599 2827 2668 Δυναμοῖ
2874 2597 2943 2651 τὰ
2971 2598 3210 2669 τέσσαρα
3248 2600 3508 2668 στοιχεῖα,
3546 2599 3625 2662 είς
3651 2597 3748 2669 τὴν
3776 2596 3993 2651 οἰκείαν

2412 2687 2641 2740 ἕκαστον
2677 2686 2828 2751 τάξιν
2846 2688 2943 2758 τῆς
2985 2686 3201 2757 φύσεως
3236 2687 3551 2755 συσφίγγων
3588 2685 3681 2739 καὶ
3726 2683 3987 2754 συνέχων.

2410 2778 2647 2847 Δυναμοῖ
2702 2776 2802 2840 τὰς
2855 2776 3152 2845 ζωογόνους
3186 2776 3383 2840 ὠδῖνας
3419 2775 3691 2847 τῆςκγῆς.
3750 2775 3993 2844 Δυναμοῖ

2410 2871 2511 2941 τὴν
2554 2869 2797 2923 σύνδεσιν
2847 2869 2947 2939 τῆς
2982 2868 3159 2941 ψυχῆς
3214 2870 3351 2941 μετά
3406 2869 3675 2940 σώματος,
3743 2867 3992 2923 ἀνακινεῖ

2410 2961 2509 3025 τὰς
2546 2961 2782 3032 ψυχικὰς
2821 2961 3077 3032 δυνάμεις
3124 2962 3204 3024 εἰς
3242 2961 3301 3014 τὸ
3341 2960 3598 3023 πολλάκις
3633 2960 3848 3032 τρέφειν
3894 2961 3990 3013 καὶ

2412 3051 2597 3116 αὔξειν
2633 3052 2694 3105 τὸ
2728 3052 2916 3121 φυτὸν,
2957 3052 3050 3105 καὶ
3091 3052 3172 3115 είς
3217 3051 3348 3104 αὐτὸ
3394 3052 3550 3104 τοῦτο
3583 3050 3990 3104 ἐπανακυκλού-

2414 3146 2559 3209 σθαι,
2589 3145 2874 3216 διακρατεῖ
2911 3144 3011 3209 τὰς
3058 3144 3337 3207 οὺσιὼδεις
3372 3142 3644 3213 δυνάμεις,
3688 3142 3855 3197 καὶτὸ
3879 3145 3987 3197 πᾶν

736 3237 884 3299 dam.
918 3246 972 3293 et
1003 3242 1056 3292 in
1091 3240 1142 3294 id
1176 3240 1352 3310 ipsum
1412 3243 1739 3298 revolvendo
1787 3246 2103 3301 essentiales
2158 3249 2304 3302 vires

2412 3234 2786 3304 ἀσφαλίζεται,
2836 3235 2929 3288 καὶ
2971 3235 3140 3306 αὐτὴν
3186 3234 3285 3305 τὴν
3327 3235 3434 3286 τῶν
3478 3233 3700 3286 δικαίων
3732 3233 3984 3304 δωρεῖται

734 3328 1063 3393 conﬁrmat,
1116 3342 1170 3387 et
1226 3332 1516 3402 ipsamntet
1579 3331 1851 3402 jusfurum
1912 3338 2307 3394 dedicationem

734 3420 1019 3490 eiargitur,
1053 3424 1304 3477 virtutem
1361 3426 1493 3493 ipsis
1522 3428 1587 3481 ad
1647 3426 1747 3481 hoc
1777 3429 2041 3497 przebens.
2071 3430 2137 3484 Et
2191 3424 2339 3485 uni-'

732 3512 973 3574 versim,
1050 3511 1177 3565 nihil
1224 3524 1310 3566 est
1372 3514 1424 3567 in
1481 3530 1659 3570 rerum
1743 3529 1956 3583 natura,
2010 3520 2151 3588 quod
2202 3536 2306 3574 non

734 3603 1124 3672 omnipotentis
1193 3605 1496 3675 divinmque
1567 3610 1780 3664 virtutis
1830 3614 2103 3682 particeps
2155 3615 2304 3668 exsi-

734 3702 863 3748 stat.

806 3785 944 3856 §Vl.
972 3786 1083 3843 Etsi
1114 3789 1451 3845 contradicat
1510 3790 1563 3845 in
1609 3792 1761 3847 Actis
1806 3794 2021 3865 Elymas
2074 3812 2303 3868 magus,

735 3876 963 3931 dicens:
1029 3879 1085 3933 Si
1121 3882 1465 3948 omnipotens
1496 3882 1661 3949 Dens,
1713 3890 1983 3955 quomodo
2034 3904 2063 3942 ιι
2127 3902 2308 3946 testio

736 3970 1015 4037 theOIOgo,
1068 3970 1236 4025 Paulo
1304 3974 1594 4039 videlicet,
1687 3980 1887 4033 dicitur
1944 3981 2151 4050 aliquid
2200 4001 2304 4039 non

733 4076 891 4130 posse
942 4062 1009 4115 l“l
1058 4062 1356 4117 Cavillatur
1406 4077 1585 4119 autem
1643 4070 1816 4136 ipsum
1858 4072 2145 4137 dicentem,
2200 4090 2303 4129 non

736 4168 892 4222 posse
929 4152 1097 4208 Deum
1142 4156 1491 4223 semetipsum
1528 4175 1743 4229 negare.
1802 4162 1937 4215 Dum
1964 4175 2142 4218 autem
2204 4166 2305 4221 hoc

736 4250 1389 4316 propono,'vebementer
1422 4265 1629 4320 metuo,
1686 4272 1754 4311 ne
1801 4260 1989 4313 videar
2013 4277 2304 4330 puerorum

735 4350 1066 4394 structuram
1100 4358 1421 4399 areuaceam
1458 4358 1513 4403 et
1566 4349 1835 4403 inllrmam
1880 4367 2214 4429 oppugnare,
2252 4368 2306 4410 et

736 4433 803 4487 ad
833 4434 995 4501 hujus
1025 4434 1122 4487 loci
1154 4452 1395 4499 sensum,
1440 4446 1696 4508 tanquam
1745 4444 1809 4494 ad
1846 4460 2068 4513 scapum
2094 4448 2184 4515 qui
2222 4458 2301 4501 at-

736 4527 868 4594 tingi
900 4538 1169 4595 nequeat,
1224 4531 1522 4588 collimarc.
1576 4534 1704 4586 Dico
1752 4545 1932 4588 autem
1986 4537 2150 4592 Deum
2189 4555 2306 4593 esse

2410 3328 2625 3389 θέωσιν,
2681 3327 2908 3397 δύναμιν
2943 3328 3153 3391 τούτοις
3196 3330 3276 3391 είς
3306 3326 3464 3379 τοῦτο
3509 3326 3836 3398 παρέχουσα.
3875 3326 3986 3379 Καὶ

2410 3419 2666 3481 καθόλου,
2722 3418 2873 3471 οὐδὲν
2917 3419 3024 3472 τῶν
3060 3418 3229 3472 ὄντων
3266 3419 3434 3482 ἐστὶν,
3487 3417 3622 3489 ὅπερ
3667 3419 3725 3471 ού
3772 3418 3984 3490 μετέχει

2408 3512 2506 3583 τῆς
2542 3512 3044 3583 παντοκρατορικῆς
3093 3512 3186 3565 καὶ
3208 3510 3358 3574 θείας
3375 3510 3675 3582 δυνάμεως.

2479 3795 2505 3867 ς
2548 3795 2631 3851 Vl.
2678 3795 2869 3849 Καίτοι
2896 3795 3162 3865 ὲπαπορεῖ
3209 3795 3237 3845 6
3278 3795 3334 3845 ὲν
3369 3796 3489 3856 ταῖς
3526 3793 3794 3865 Πράξεσιν
3832 3793 3985 3847 Ἐλύ-

2411 3908 2516 3959 μας
2554 3890 2581 3941 6
2618 3890 2808 3959 μάγος,
2846 3889 3049 3957 λέγων·
3082 3889 3145 3942 Εἰ
3184 3885 3586 3956 παντοδύναμος
3620 3888 3647 3939 6
3685 3885 3836 3949 Θεὸς,
3863 3887 3985 3950 πῶς

2409 3980 2558 4051 παρὰ
2599 3980 2692 4033 τοῦ
2731 3980 2850 4033 καθ’
2890 3980 3034 4049 ὑμᾶς
3090 3979 3359 4047 θεολόγου,
3404 3977 3615 4030 Παύλου
3658 3977 3872 4047 δηλαδὴ,
3896 3976 3985 4030 λέ-

2406 4091 2561 4143 γεται
2610 4073 2663 4125 τὶ
2729 4073 2802 4143 μὴ
2856 4071 3153 4135 δύνασθαι;
3198 4063 3240 4136 ᾧ
3294 4069 3357 4140 δὴ
3408 4068 3501 4120 καὶ
3542 4067 3853 4138 λοιδορεῖται
3900 4071 3983 4121 εί-

2409 4166 2583 4232 πόντι,
2628 4165 2700 4237 μὴ
2740 4164 2995 4218 δύνασθαι
3030 4164 3122 4216 τὸν
3177 4162 3308 4216 Θεὸν
3355 4162 3541 4214 ἑαυτὸν
3619 4160 3978 4231 ἀρνήσασθαι.

2420 4258 2560 4327 Ἐγὼ
2601 4258 2659 4312 δὲ
2714 4257 2967 4328 προσθεὶς
3019 4256 3195 4316 τοῦτο,
3255 4254 3372 4306 λίαν
3414 4252 3676 4322 φοϐοῦμαι
3722 4250 3795 4321 μὴ
3843 4250 3983 4317 δόξω

2406 4348 2767 4419 διαμάχεσθαι
2823 4346 2957 4416 πρὸς
3018 4344 3374 4416 μειρακιῶδες
3441 4344 3533 4397 καὶ
3600 4342 3820 4405 ἀσθενὲς
3885 4342 3982 4395 ἐπὶ

2406 4441 2632 4511 ψάμμου
2702 4438 3056 4507 οἰκοδόμημα,
3098 4436 3191 4489 καὶ
3230 4430 3723 4503 καταστοχάζεσθαι
3778 4430 3981 4484 ὡσανεί

2407 4550 2549 4596 τινος
2591 4532 2880 4599 ἀνεφίκτου
2919 4527 3119 4582 σκοποῦ
3166 4527 3264 4596 τῆς
3315 4525 3439 4597 περὶ
3473 4523 3663 4576 τούτου
3717 4521 3977 4585 διανοίας.

734 4619 1022 4672 veritatem
1054 4637 1067 4671 :
1100 4622 1300 4675 veritas
1344 4634 1523 4675 autem
1554 4641 1650 4677 ens
1678 4636 1781 4686 est,
1814 4629 2150 4682 mendacium
2178 4646 2304 4685 vero

2412 4627 2553 4697 Φημὶ
2584 4625 2660 4689 δὲ,
2707 4625 2787 4677 ὃτι
2825 4624 2853 4676 6
2901 4622 3031 4684 Θεὸς
3070 4619 3294 4690 ἀλήθειά
3343 4619 3519 4669 ἐστιν·
3560 4617 3592 4685 ἡ
3654 4613 3711 4664 δὲ
3754 4612 3979 4682 ἀλήθεια

732 4707 896 4781 482
960 4726 1133 4780 neque
1211 4716 1619 4769 consistentiam
1691 4734 1791 4772 nec
1861 4719 2143 4774 entitatem
2212 4723 2308 4777 ha-

734 4805 845 4857 bet.
932 4805 988 4858 Si
1082 4806 1266 4874 itaque
1333 4808 1533 4862 veritas
1627 4821 1853 4879 negaret
1917 4816 2305 4884 semetipsam,

735 4898 1119 4951 succumberet
1195 4900 1499 4965 mendacio,
1560 4911 1618 4954 et
1670 4903 1729 4956 id
1780 4905 1921 4971 quod
1966 4915 2047 4958 est
2094 4916 2149 4961 et
2207 4922 2305 4961 ex-

734 4987 882 5041 sistit
931 4989 1151 5043 minime
1203 5002 1367 5045 esset.
1405 4991 1544 5060 Ergo
1587 4993 1711 5046 illud
1748 5011 1851 5048 non
1905 5011 2064 5065 posse
2101 4998 2151 5053 in
2197 4999 2307 5055 Deo

734 5081 1230 5144 constitutum..est
1254 5083 1467 5153 signum
1530 5084 1755 5140 inﬁnita:
1804 5088 2305 5160 virtutis;perinde

732 5174 880 5229 Onim
919 5182 1002 5225 est
1032 5187 1098 5229 ac
1154 5175 1196 5227 si
1247 5175 1545 5242 diceretur,
1575 5176 1739 5230 Deum
1803 5194 1906 5233 non
1939 5194 2097 5250 posse
2124 5181 2305 5238 facere

722 5280 781 5319 se
796 5264 973 5332 ipsum
1006 5279 1112 5318 non
1135 5280 1255 5320 esse
1289 5268 1478 5322 Deum.
1509 5268 1971 5337 Quemadmodum
2005 5273 2148 5327 enim
2188 5274 2300 5343 lux,

722 5358 773 5411 in
810 5366 1072 5424 quantum
1100 5356 1188 5413 lux
1222 5368 1321 5422 est,
1378 5377 1483 5415 non
1514 5373 1696 5431 potest
1747 5379 1867 5420 esse
1919 5367 2153 5421 tenebrae
2180 5384 2192 5421 :
2224 5369 2303 5423 sic

723 5457 777 5501 et
814 5450 928 5504 hoc
952 5448 1290 5518 impossibile
1318 5462 1402 5504 est
1440 5451 1565 5517 Deo,
1612 5465 1831 5525 pr0ptor
1862 5459 2302 5527 superabundan-

728 5549 835 5592 tem
877 5539 1184 5595 veritatem.
1242 5540 1399 5595 Sicut
1456 5544 1620 5614 igitur
1653 5547 1795 5602 Deus
1829 5565 2101 5618 nunquam
2140 5552 2300 5609 scivit

727 5634 1033 5699 inscitiam,
1064 5635 1207 5690 sicut
1243 5652 1343 5692 nec
1380 5641 1529 5694 novit
1563 5642 1700 5713 ignis
1729 5660 1832 5700 non
1861 5645 2295 5714 calefactionem,

725 5727 805 5785 sic
846 5744 1021 5797 neque
1069 5740 1245 5799 potest
1297 5749 1401 5788 non
1435 5750 1631 5806 posse;
1669 5741 1809 5808 quod
1840 5742 2054 5813 sapiens
2084 5739 2170 5798 ille
2202 5755 2299 5812 per

875 5847 902 5887 Ιι
934 5845 975 5903 ιι
1011 5846 1149 5905 Tim.
1186 5866 1248 5920 ιι,
1290 5852 1373 5908 ili.

2408 4720 2467 4771 ὃν
2507 4720 2643 4781 ἐστι,
2684 4717 2744 4768 τὸ
2779 4714 3043 4785 δὲψεῦδος
3077 4712 3440 4767 ἀνυπόστατον
3476 4708 3569 4761 καὶ
3628 4706 3699 4778 μὴ
3736 4706 3813 4757 ὸν.
3849 4704 3978 4759 Ἐάν

2408 4806 2498 4863 οὖν
2536 4810 2839 4880 ἀρνήσηται
2887 4807 3085 4879 ἑαυτὴν
3131 4807 3165 4875 ἡ
3201 4802 3447 4874 ἀλήθεια,
3486 4801 3563 4870 τῷ
3600 4799 3780 4869 ψεύδει
3816 4814 3975 4867 περι-

2409 4906 2674 4955 πεσεῖται.
2713 4901 2807 4953 καὶ
2846 4900 2906 4952 τὸ
2941 4898 2999 4951 ὸν
3045 4900 3137 4951 καὶ
3164 4897 3221 4950 ὃν
3262 4894 3336 4966 μὴ
3372 4894 3428 4947 ὃν
3465 4892 3633 4946 ἔσται.
3672 4890 3746 4942 Τὸ
3781 4884 3872 4941 οὖν
3900 4888 3974 4960 μὴ

2405 4993 2663 5047 δύνασθαι
2724 4994 2817 5045 ἐπὶ
2854 4992 2987 5045 Θεοῦ
3048 4990 3396 5059 ταττόμενον,
3442 4984 3647 5053 ἀφάτου
3698 4981 3973 5050 δυνάμεώς

2407 5091 2521 5140 ἐστι
2565 5089 2816 5158 σημεῖον·
2859 5088 3041 5157 ὅμοιον
3069 5085 3176 5156 γάρ
3225 5084 3373 5135 ἐστιν
3407 5081 3601 5137 εἰπεῖν,
3640 5081 3722 5133 ὅτι
3769 5075 3827 5127 οὐ
3880 5074 3971 5127 δύ-

2405 5195 2558 5232 ναται
2603 5181 2631 5231 6
2662 5176 2793 5239 Θεὸς
2843 5176 3060 5246 ποιῆσαι
3099 5172 3286 5228 ἑαυτὸν
3327 5170 3399 5243 μὴ
3419 5167 3555 5224 εἶναι
3590 5169 3737 5223 Θεόν.
3769 5168 3973 5237 Ὠσπερ

2405 5271 2513 5341 γὰρ
2568 5269 2628 5322 τὸ
2668 5268 2801 5339 φῶς,
2848 5267 2981 5321 καθὸ
3031 5265 3165 5334 φῶς,
3213 5265 3274 5317 ού
3312 5263 3529 5317 δύναται
3576 5261 3760 5321 σκότος
3812 5252 3969 5317 εἶναι,

2404 5362 2545 5416 οὕτω
2570 5363 2667 5416 καὶ
2714 5360 2871 5414 τοῦτο
2908 5359 3166 5413 ἀδύνατον
3205 5356 3280 5427 τῷ
3312 5355 3428 5426 Θεῷ
3474 5353 3559 5407 διὰ
3600 5354 3699 5423 τὴν
3735 5349 3970 5419 ἀνυπέρ-

2406 5457 2596 5528 6λητον
2638 5456 2911 5528 ἀλήθειαν.
2965 5454 3175 5523 Ὥσπερ
3236 5446 3326 5513 οὖν
3370 5448 3469 5502 οὐκ
3510 5442 3650 5499 οἶδεν
3683 5446 3711 5496 6
3745 5443 3872 5505 Θεὸς
3912 5443 3971 5493 τὸ

2406 5552 2479 5623 μὴ
2534 5551 2729 5603 εἰδέναι
2794 5546 3034 5609 πώποτε,
3097 5544 3172 5608 ὡς
3213 5544 3275 5596 τὸ
3343 5542 3453 5612 πῦρ
3504 5539 3602 5592 οὐκ
3654 5532 3758 5590 οίδε
3800 5534 3857 5587 τὸ
3898 5536 3969 5606 μὴ

2403 5644 2732 5717 θερμαίνειν,
2785 5642 2955 5704 οὕτως
3012 5639 3132 5691 οὐδὲ
3172 5637 3389 5690 δύναται
3444 5635 3504 5688 τὸ
3554 5633 3627 5705 μὴ
3681 5628 3966 5684 δύνασθαι’

2399 5738 2535 5808 ὅπερ
2572 5739 2599 5790 6
2640 5735 2799 5806 σοφὸς
2844 5734 2963 5789 κατ’
2987 5731 3269 5804 εἰρωνείαν
3306 5727 3540 5798 Ἐλύμας
3574 5725 3673 5778 οὐκ
3694 5724 3966 5793 ἐννοήσας,
