  <div class='ocr_page' id='page_1' title='image "/cluster/home/n/w/nwhite01/storage/ocr_20150623/3/pst.000003853313/462.png"; bbox 0 0 4176 6314; ppageno 0'>
   <div class='ocr_carea' id='block_1_1' title="bbox 226 344 333 401">
    <p class='ocr_par' dir='ltr' id='par_1_1' title="bbox 226 344 333 401">
     <span class='ocr_line' id='line_1_1' title="bbox 226 344 333 401; baseline 0 -1"><span class='ocrx_word' id='word_1_1' title='bbox 226 344 333 401; x_wconf 72' lang='lat'><strong>905</strong></span> 
     </span>
    </p>
   </div>
   <div class='ocr_carea' id='block_1_2' title="bbox 788 330 1773 402">
    <p class='ocr_par' dir='ltr' id='par_1_2' title="bbox 788 333 1767 402">
     <span class='ocr_line' id='line_1_2' title="bbox 788 333 1767 402; baseline -0.006 -9"><span class='ocrx_word' id='word_1_2' title='bbox 788 340 874 395; x_wconf 89' lang='lat' dir='ltr'><strong>DE</strong></span> <span class='ocrx_word' id='word_1_3' title='bbox 911 339 1157 394; x_wconf 75' lang='lat' dir='ltr'><strong>DIVINIS</strong></span> <span class='ocrx_word' id='word_1_4' title='bbox 1184 337 1575 402; x_wconf 77' lang='lat' dir='ltr'><strong>NOMINIBUS,</strong></span> <span class='ocrx_word' id='word_1_5' title='bbox 1617 333 1767 391; x_wconf 71' lang='lat' dir='ltr'><strong>CAP.</strong></span> 
     </span>
    </p>
   </div>
   <div class='ocr_carea' id='block_1_3' title="bbox 1804 330 2911 402">
    <p class='ocr_par' dir='ltr' id='par_1_3' title="bbox 1806 330 2911 391">
     <span class='ocr_line' id='line_1_3' title="bbox 1806 330 2911 391; baseline 0.003 -3"><span class='ocrx_word' id='word_1_6' title='bbox 1806 331 1938 388; x_wconf 78' lang='lat' dir='ltr'><strong>VIII.</strong></span> <span class='ocrx_word' id='word_1_7' title='bbox 1964 361 2032 374; x_wconf 88' lang='lat'><strong>—-</strong></span> <span class='ocrx_word' id='word_1_8' title='bbox 2069 332 2408 389; x_wconf 75' lang='lat' dir='ltr'><strong>PARAPHR.</strong></span> <span class='ocrx_word' id='word_1_9' title='bbox 2448 330 2911 391; x_wconf 72' lang='grc' dir='ltr'><strong>ΡΑΟΗΥΜΕΒᾹΞ.</strong></span> 
     </span>
    </p>
   </div>
   <div class='ocr_carea' id='block_1_4' title="bbox 3343 345 3446 402">
    <p class='ocr_par' dir='ltr' id='par_1_4' title="bbox 3343 345 3446 402">
     <span class='ocr_line' id='line_1_4' title="bbox 3343 345 3446 402; baseline -0.029 0"><span class='ocrx_word' id='word_1_10' title='bbox 3343 345 3446 402; x_wconf 75' lang='grc'><strong>906</strong></span> 
     </span>
    </p>
   </div>
   <div class='ocr_carea' id='block_1_5' title="bbox 232 447 1773 533">
    <p class='ocr_par' dir='ltr' id='par_1_5' title="bbox 232 451 1773 533">
     <span class='ocr_line' id='line_1_5' title="bbox 232 451 1773 533; baseline -0.008 -18"><span class='ocrx_word' id='word_1_11' title='bbox 232 464 479 533; x_wconf 74' lang='grc' dir='ltr'><strong>μιμεῖται</strong></span> <span class='ocrx_word' id='word_1_12' title='bbox 514 459 620 510; x_wconf 90' lang='grc' dir='ltr'><strong>τῶν</strong></span> <span class='ocrx_word' id='word_1_13' title='bbox 645 457 887 528; x_wconf 78' lang='grc' dir='ltr'><strong>ἀθλητῶν</strong></span> <span class='ocrx_word' id='word_1_14' title='bbox 923 457 1048 519; x_wconf 79' lang='grc' dir='ltr'><strong>τούς</strong></span> <span class='ocrx_word' id='word_1_15' title='bbox 1098 456 1231 526; x_wconf 84' lang='grc' dir='ltr'><strong>μηδέ</strong></span> <span class='ocrx_word' id='word_1_16' title='bbox 1267 454 1363 525; x_wconf 74' lang='grc' dir='ltr'><strong>τὴν</strong></span> <span class='ocrx_word' id='word_1_17' title='bbox 1397 454 1554 524; x_wconf 78' lang='grc' dir='ltr'>νίκην</span> <span class='ocrx_word' id='word_1_18' title='bbox 1587 451 1773 511; x_wconf 66' lang='grc' dir='ltr'>εἰδότας</span> 
     </span>
    </p>
   </div>
   <div class='ocr_carea' id='block_1_6' title="bbox 1804 447 3447 533">
    <p class='ocr_par' dir='ltr' id='par_1_6' title="bbox 1821 447 3447 528">
     <span class='ocr_line' id='line_1_6' title="bbox 1821 447 3447 528; baseline 0.009 -30"><span class='ocrx_word' id='word_1_19' title='bbox 1821 451 1864 510; x_wconf 71' lang='grc' dir='ltr'>Α</span> <span class='ocrx_word' id='word_1_20' title='bbox 1894 447 2122 500; x_wconf 77' lang='lat' dir='ltr'><strong>ironiam</strong></span> <span class='ocrx_word' id='word_1_21' title='bbox 2176 448 2388 518; x_wconf 86' lang='lat' dir='ltr'><strong>Elymas</strong></span> <span class='ocrx_word' id='word_1_22' title='bbox 2423 449 2546 502; x_wconf 90' lang='lat' dir='ltr'><strong>dum</strong></span> <span class='ocrx_word' id='word_1_23' title='bbox 2597 464 2700 503; x_wconf 91' lang='lat' dir='ltr'><strong>non</strong></span> <span class='ocrx_word' id='word_1_24' title='bbox 2732 451 2998 522; x_wconf 77' lang='lat' dir='ltr'><strong>intelligit,</strong></span> <span class='ocrx_word' id='word_1_25' title='bbox 3030 454 3272 512; x_wconf 72' lang='lat' dir='ltr'><strong>imitatur</strong></span> <span class='ocrx_word' id='word_1_26' title='bbox 3293 461 3447 528; x_wconf 76' lang='lat' dir='ltr'><strong>pugi-</strong></span> 
     </span>
    </p>
   </div>
   <div class='ocr_carea' id='block_1_7' title="bbox 229 543 1792 620">
    <p class='ocr_par' dir='ltr' id='par_1_7' title="bbox 229 543 1792 620">
     <span class='ocr_line' id='line_1_7' title="bbox 229 543 1792 620; baseline -0.006 -15"><span class='ocrx_word' id='word_1_27' title='bbox 229 552 348 616; x_wconf 77' lang='grc' dir='ltr'><strong>πῶς</strong></span> <span class='ocrx_word' id='word_1_28' title='bbox 368 551 602 620; x_wconf 89' lang='grc' dir='ltr'>γίνεται·</span> <span class='ocrx_word' id='word_1_29' title='bbox 646 551 836 612; x_wconf 81' lang='grc' dir='ltr'>οἵτινες</span> <span class='ocrx_word' id='word_1_30' title='bbox 880 548 1020 602; x_wconf 82' lang='grc' dir='ltr'>κατὰ</span> <span class='ocrx_word' id='word_1_31' title='bbox 1061 547 1121 600; x_wconf 84' lang='grc' dir='ltr'><strong>τὸ</strong></span> <span class='ocrx_word' id='word_1_32' title='bbox 1169 543 1356 600; x_wconf 78' lang='grc' dir='ltr'><strong>δοκοῦν</strong></span> <span class='ocrx_word' id='word_1_33' title='bbox 1392 546 1601 608; x_wconf 82' lang='grc' dir='ltr'>ἑαυτοῖς</span> <span class='ocrx_word' id='word_1_34' title='bbox 1641 560 1792 596; x_wconf 74' lang='grc' dir='ltr'>σκιαο</span> 
     </span>
    </p>
   </div>
   <div class='ocr_carea' id='block_1_8' title="bbox 231 634 1790 713">
    <p class='ocr_par' dir='ltr' id='par_1_8' title="bbox 231 634 1790 713">
     <span class='ocr_line' id='line_1_8' title="bbox 231 634 1790 713; baseline -0.006 -18"><span class='ocrx_word' id='word_1_35' title='bbox 231 641 490 713; x_wconf 66' lang='grc' dir='ltr'>μχοῦσιν</span> <span class='ocrx_word' id='word_1_36' title='bbox 530 641 774 694; x_wconf 85' lang='grc' dir='ltr'>ἀπόντων</span> <span class='ocrx_word' id='word_1_37' title='bbox 831 640 938 692; x_wconf 87' lang='grc' dir='ltr'><strong>τῶν</strong></span> <span class='ocrx_word' id='word_1_38' title='bbox 987 637 1415 706; x_wconf 84' lang='grc' dir='ltr'><strong>ἀνταγωνιστῶν,</strong></span> <span class='ocrx_word' id='word_1_39' title='bbox 1465 637 1558 689; x_wconf 72' lang='grc' dir='ltr'>καὶ</span> <span class='ocrx_word' id='word_1_40' title='bbox 1593 634 1790 688; x_wconf 76' lang='grc' dir='ltr'>οἴονται</span> 
     </span>
    </p>
   </div>
   <div class='ocr_carea' id='block_1_9' title="bbox 225 729 1790 805">
    <p class='ocr_par' dir='ltr' id='par_1_9' title="bbox 225 729 1790 805">
     <span class='ocr_line' id='line_1_9' title="bbox 225 729 1790 805; baseline -0.004 -18"><span class='ocrx_word' id='word_1_41' title='bbox 225 736 343 790; x_wconf 81' lang='grc' dir='ltr'><strong>τῶν</strong></span> <span class='ocrx_word' id='word_1_42' title='bbox 376 734 680 790; x_wconf 83' lang='grc' dir='ltr'><strong>ἀντιπάλων</strong></span> <span class='ocrx_word' id='word_1_43' title='bbox 709 736 950 805; x_wconf 79' lang='grc' dir='ltr'>κρατεῖν,</span> <span class='ocrx_word' id='word_1_44' title='bbox 981 732 1053 804; x_wconf 85' lang='grc' dir='ltr'><strong>μὴ</strong></span> <span class='ocrx_word' id='word_1_45' title='bbox 1093 732 1291 796; x_wconf 78' lang='grc' dir='ltr'>εἰδότες</span> <span class='ocrx_word' id='word_1_46' title='bbox 1317 730 1414 802; x_wconf 80' lang='grc' dir='ltr'><strong>τὴν</strong></span> <span class='ocrx_word' id='word_1_47' title='bbox 1460 730 1680 784; x_wconf 75' lang='grc' dir='ltr'>ἐκείνων</span> <span class='ocrx_word' id='word_1_48' title='bbox 1699 729 1790 782; x_wconf 89' lang='grc' dir='ltr'>δύ-</span> 
     </span>
    </p>
   </div>
   <div class='ocr_carea' id='block_1_10' title="bbox 226 823 1791 897">
    <p class='ocr_par' dir='ltr' id='par_1_10' title="bbox 226 823 1791 897">
     <span class='ocr_line' id='line_1_10' title="bbox 226 823 1791 897; baseline -0.002 -17"><span class='ocrx_word' id='word_1_49' title='bbox 226 844 413 897; x_wconf 84' lang='grc' dir='ltr'>ναμιν.</span> <span class='ocrx_word' id='word_1_50' title='bbox 462 828 652 897; x_wconf 83' lang='grc' dir='ltr'>Ἡμεῖς</span> <span class='ocrx_word' id='word_1_51' title='bbox 707 826 784 890; x_wconf 81' lang='grc' dir='ltr'><strong>δὲ,</strong></span> <span class='ocrx_word' id='word_1_52' title='bbox 839 823 1358 896; x_wconf 74' lang='grc' dir='ltr'>καταστοχαζόμενοι</span> <span class='ocrx_word' id='word_1_53' title='bbox 1410 827 1506 897; x_wconf 77' lang='grc' dir='ltr'><strong>τῆς</strong></span> <span class='ocrx_word' id='word_1_54' title='bbox 1557 824 1791 889; x_wconf 82' lang='grc' dir='ltr'>διανοίας</span> 
     </span>
    </p>
   </div>
   <div class='ocr_carea' id='block_1_11' title="bbox 226 915 1790 988">
    <p class='ocr_par' dir='ltr' id='par_1_11' title="bbox 226 915 1790 988">
     <span class='ocr_line' id='line_1_11' title="bbox 226 915 1790 988; baseline -0.002 -17"><span class='ocrx_word' id='word_1_55' title='bbox 226 917 322 971; x_wconf 79' lang='grc' dir='ltr'>τοῦ</span> <span class='ocrx_word' id='word_1_56' title='bbox 358 918 502 970; x_wconf 87' lang='grc' dir='ltr'>θείου</span> <span class='ocrx_word' id='word_1_57' title='bbox 540 917 774 980; x_wconf 80' lang='grc' dir='ltr'><strong>Παύλου,</strong></span> <span class='ocrx_word' id='word_1_58' title='bbox 815 916 1088 986; x_wconf 83' lang='grc' dir='ltr'>ὐμνοῦμεν</span> <span class='ocrx_word' id='word_1_59' title='bbox 1122 915 1211 969; x_wconf 78' lang='grc' dir='ltr'><strong>τὸν</strong></span> <span class='ocrx_word' id='word_1_60' title='bbox 1247 916 1377 970; x_wconf 85' lang='grc' dir='ltr'>Θεὸν</span> <span class='ocrx_word' id='word_1_61' title='bbox 1411 917 1485 980; x_wconf 86' lang='grc' dir='ltr'>ὡς</span> <span class='ocrx_word' id='word_1_62' title='bbox 1526 918 1790 988; x_wconf 85' lang='grc' dir='ltr'>μακάριον</span> 
     </span>
    </p>
   </div>
   <div class='ocr_carea' id='block_1_12' title="bbox 225 1004 1791 1079">
    <p class='ocr_par' dir='ltr' id='par_1_12' title="bbox 225 1004 1791 1079">
     <span class='ocr_line' id='line_1_12' title="bbox 225 1004 1791 1079; baseline 0.001 -17"><span class='ocrx_word' id='word_1_63' title='bbox 225 1009 324 1062; x_wconf 77' lang='grc' dir='ltr'>καὶ</span> <span class='ocrx_word' id='word_1_64' title='bbox 363 1009 521 1079; x_wconf 84' lang='grc' dir='ltr'>μόνον</span> <span class='ocrx_word' id='word_1_65' title='bbox 556 1008 838 1078; x_wconf 77' lang='grc' dir='ltr'>δυνάστην,</span> <span class='ocrx_word' id='word_1_66' title='bbox 894 1007 968 1071; x_wconf 84' lang='grc' dir='ltr'>ὡς</span> <span class='ocrx_word' id='word_1_67' title='bbox 1003 1007 1323 1072; x_wconf 73' lang='grc' dir='ltr'>δεσπόζοντα</span> <span class='ocrx_word' id='word_1_68' title='bbox 1357 1009 1450 1063; x_wconf 81' lang='grc' dir='ltr'><strong>τοῦ</strong></span> <span class='ocrx_word' id='word_1_69' title='bbox 1487 1011 1696 1075; x_wconf 76' lang='grc' dir='ltr'>αἰῶνος,</span> <span class='ocrx_word' id='word_1_70' title='bbox 1716 1004 1791 1075; x_wconf 84' lang='grc' dir='ltr'><strong>ὡς</strong></span> 
     </span>
    </p>
   </div>
   <div class='ocr_carea' id='block_1_13' title="bbox 229 1098 1788 1172">
    <p class='ocr_par' dir='ltr' id='par_1_13' title="bbox 229 1098 1788 1172">
     <span class='ocr_line' id='line_1_13' title="bbox 229 1098 1788 1172; baseline 0.001 -18"><span class='ocrx_word' id='word_1_71' title='bbox 229 1100 356 1154; x_wconf 72' lang='grc' dir='ltr'>κατ’</span> <span class='ocrx_word' id='word_1_72' title='bbox 377 1099 527 1153; x_wconf 83' lang='grc' dir='ltr'>οὐδὲν</span> <span class='ocrx_word' id='word_1_73' title='bbox 565 1098 952 1152; x_wconf 76' lang='grc' dir='ltr'>ἐκπεπτωκότα</span> <span class='ocrx_word' id='word_1_74' title='bbox 986 1098 1093 1152; x_wconf 84' lang='grc' dir='ltr'><strong>τῶν</strong></span> <span class='ocrx_word' id='word_1_75' title='bbox 1130 1099 1317 1166; x_wconf 74' lang='grc' dir='ltr'>ὄντων,</span> <span class='ocrx_word' id='word_1_76' title='bbox 1358 1101 1425 1172; x_wconf 83' lang='grc' dir='ltr'>(εί</span> <span class='ocrx_word' id='word_1_77' title='bbox 1461 1101 1568 1172; x_wconf 79' lang='grc' dir='ltr'><strong>γάρ</strong></span> <span class='ocrx_word' id='word_1_78' title='bbox 1603 1101 1663 1155; x_wconf 77' lang='grc' dir='ltr'><strong>τὸ</strong></span> <span class='ocrx_word' id='word_1_79' title='bbox 1697 1102 1788 1156; x_wconf 87' lang='grc' dir='ltr'>δύ-</span> 
     </span>
    </p>
   </div>
   <div class='ocr_carea' id='block_1_14' title="bbox 224 1192 1789 1260">
    <p class='ocr_par' dir='ltr' id='par_1_14' title="bbox 224 1192 1789 1260">
     <span class='ocr_line' id='line_1_14' title="bbox 224 1192 1789 1260; baseline -0.001 -10"><span class='ocrx_word' id='word_1_80' title='bbox 224 1197 420 1250; x_wconf 87' lang='grc' dir='ltr'>νασθαι</span> <span class='ocrx_word' id='word_1_81' title='bbox 459 1198 593 1250; x_wconf 82' lang='grc' dir='ltr'>πᾶσι</span> <span class='ocrx_word' id='word_1_82' title='bbox 629 1199 739 1260; x_wconf 83' lang='grc' dir='ltr'>τοῖς</span> <span class='ocrx_word' id='word_1_83' title='bbox 793 1192 937 1249; x_wconf 83' lang='grc' dir='ltr'>οὖσιν</span> <span class='ocrx_word' id='word_1_84' title='bbox 990 1196 1183 1259; x_wconf 72' lang='grc' dir='ltr'>ἔνεστι,</span> <span class='ocrx_word' id='word_1_85' title='bbox 1241 1198 1454 1260; x_wconf 90' lang='grc' dir='ltr'>πάντως</span> <span class='ocrx_word' id='word_1_86' title='bbox 1491 1199 1518 1250; x_wconf 93' lang='lat'><strong>6</strong></span> <span class='ocrx_word' id='word_1_87' title='bbox 1566 1194 1704 1249; x_wconf 88' lang='grc' dir='ltr'>κατά</span> <span class='ocrx_word' id='word_1_88' title='bbox 1737 1212 1789 1248; x_wconf 88' lang='grc' dir='ltr'><strong>τι</strong></span> 
     </span>
    </p>
   </div>
   <div class='ocr_carea' id='block_1_15' title="bbox 226 1287 1786 1362">
    <p class='ocr_par' dir='ltr' id='par_1_15' title="bbox 226 1287 1786 1362">
     <span class='ocr_line' id='line_1_15' title="bbox 226 1287 1786 1362; baseline 0 -20"><span class='ocrx_word' id='word_1_89' title='bbox 226 1290 304 1361; x_wconf 84' lang='grc' dir='ltr'>μὴ</span> <span class='ocrx_word' id='word_1_90' title='bbox 343 1290 653 1360; x_wconf 87' lang='grc' dir='ltr'>δυνάμενος,</span> <span class='ocrx_word' id='word_1_91' title='bbox 692 1293 738 1342; x_wconf 83' lang='grc' dir='ltr'><strong>εί</strong></span> <span class='ocrx_word' id='word_1_92' title='bbox 763 1289 834 1360; x_wconf 82' lang='grc' dir='ltr'><strong>μὴ</strong></span> <span class='ocrx_word' id='word_1_93' title='bbox 854 1290 1088 1354; x_wconf 78' lang='grc' dir='ltr'>εὐσεϐῶς</span> <span class='ocrx_word' id='word_1_94' title='bbox 1121 1290 1180 1343; x_wconf 83' lang='grc' dir='ltr'>τὸ</span> <span class='ocrx_word' id='word_1_95' title='bbox 1218 1289 1376 1362; x_wconf 76' lang='grc' dir='ltr'>ῥητὸν</span> <span class='ocrx_word' id='word_1_96' title='bbox 1412 1287 1786 1359; x_wconf 60' lang='grc' dir='ltr'>ἐπιλαϐοίμεθα,</span> 
     </span>
    </p>
   </div>
   <div class='ocr_carea' id='block_1_16' title="bbox 223 1375 1789 1454">
    <p class='ocr_par' dir='ltr' id='par_1_16' title="bbox 223 1375 1789 1454">
     <span class='ocr_line' id='line_1_16' title="bbox 223 1375 1789 1454; baseline 0.001 -22"><span class='ocrx_word' id='word_1_97' title='bbox 223 1381 542 1433; x_wconf 77' lang='grc' dir='ltr'>ἐκπεσεῖται</span> <span class='ocrx_word' id='word_1_98' title='bbox 599 1381 740 1434; x_wconf 90' lang='grc' dir='ltr'>κατά</span> <span class='ocrx_word' id='word_1_99' title='bbox 775 1398 826 1433; x_wconf 93' lang='grc' dir='ltr'><strong>τι</strong></span> <span class='ocrx_word' id='word_1_100' title='bbox 864 1380 955 1434; x_wconf 81' lang='grc' dir='ltr'>τοῦ</span> <span class='ocrx_word' id='word_1_101' title='bbox 993 1381 1163 1444; x_wconf 74' lang='grc' dir='ltr'>ὄντος,</span> <span class='ocrx_word' id='word_1_102' title='bbox 1204 1375 1238 1454; x_wconf 77' lang='grc' dir='ltr'><strong>ᾖ</strong></span> <span class='ocrx_word' id='word_1_103' title='bbox 1279 1398 1439 1451; x_wconf 84' lang='grc' dir='ltr'>φησιν</span> <span class='ocrx_word' id='word_1_104' title='bbox 1471 1381 1500 1433; x_wconf 97' lang='lat'><strong>6</strong></span> <span class='ocrx_word' id='word_1_105' title='bbox 1536 1381 1789 1444; x_wconf 87' lang='grc' dir='ltr'>ἀσύνετος</span> 
     </span>
    </p>
   </div>
   <div class='ocr_carea' id='block_1_17' title="bbox 235 1471 1788 1544">
    <p class='ocr_par' dir='ltr' id='par_1_17' title="bbox 235 1471 1788 1544">
     <span class='ocr_line' id='line_1_17' title="bbox 235 1471 1788 1544; baseline 0.001 -19"><span class='ocrx_word' id='word_1_106' title='bbox 235 1471 548 1544; x_wconf 71' lang='grc' dir='ltr'>Ἐλύμαςο)</span> <span class='ocrx_word' id='word_1_107' title='bbox 590 1472 784 1543; x_wconf 84' lang='grc' dir='ltr'>μᾶλλον</span> <span class='ocrx_word' id='word_1_108' title='bbox 819 1473 873 1526; x_wconf 85' lang='grc' dir='ltr'>δὲ</span> <span class='ocrx_word' id='word_1_109' title='bbox 915 1474 987 1544; x_wconf 84' lang='grc' dir='ltr'>μὴ</span> <span class='ocrx_word' id='word_1_110' title='bbox 1043 1473 1198 1543; x_wconf 82' lang='grc' dir='ltr'>μόνον</span> <span class='ocrx_word' id='word_1_111' title='bbox 1251 1474 1348 1527; x_wconf 88' lang='grc' dir='ltr'><strong>οὐκ</strong></span> <span class='ocrx_word' id='word_1_112' title='bbox 1401 1474 1788 1527; x_wconf 78' lang='grc' dir='ltr'>ἐκπεπτωκότα</span> 
     </span>
    </p>
   </div>
   <div class='ocr_carea' id='block_1_18' title="bbox 218 1561 1787 1634">
    <p class='ocr_par' dir='ltr' id='par_1_18' title="bbox 218 1561 1787 1634">
     <span class='ocr_line' id='line_1_18' title="bbox 218 1561 1787 1634; baseline 0.002 -21"><span class='ocrx_word' id='word_1_113' title='bbox 218 1561 332 1614; x_wconf 87' lang='grc' dir='ltr'><strong>τῶν</strong></span> <span class='ocrx_word' id='word_1_114' title='bbox 384 1561 569 1626; x_wconf 75' lang='grc' dir='ltr'>ὄντων,</span> <span class='ocrx_word' id='word_1_115' title='bbox 627 1561 760 1614; x_wconf 87' lang='grc' dir='ltr'><strong>ἀλλά</strong></span> <span class='ocrx_word' id='word_1_116' title='bbox 816 1563 909 1615; x_wconf 70' lang='grc' dir='ltr'>καὶ</span> <span class='ocrx_word' id='word_1_117' title='bbox 963 1563 1258 1633; x_wconf 80' lang='grc' dir='ltr'>προέχοντα</span> <span class='ocrx_word' id='word_1_118' title='bbox 1314 1563 1407 1616; x_wconf 69' lang='grc' dir='ltr'>καὶ</span> <span class='ocrx_word' id='word_1_119' title='bbox 1457 1562 1787 1634; x_wconf 82' lang='grc' dir='ltr'>ὑπερέχοντα</span> 
     </span>
    </p>
   </div>
   <div class='ocr_carea' id='block_1_19' title="bbox 219 1651 1786 1725">
    <p class='ocr_par' dir='ltr' id='par_1_19' title="bbox 219 1651 1786 1725">
     <span class='ocr_line' id='line_1_19' title="bbox 219 1651 1786 1725; baseline 0.001 -21"><span class='ocrx_word' id='word_1_120' title='bbox 219 1651 364 1704; x_wconf 86' lang='grc' dir='ltr'><strong>κατά</strong></span> <span class='ocrx_word' id='word_1_121' title='bbox 419 1651 640 1722; x_wconf 86' lang='grc' dir='ltr'>δύναμιν</span> <span class='ocrx_word' id='word_1_122' title='bbox 697 1651 1035 1723; x_wconf 85' lang='grc' dir='ltr'>ὐπερούσιον,</span> <span class='ocrx_word' id='word_1_123' title='bbox 1093 1655 1185 1705; x_wconf 74' lang='grc' dir='ltr'>καὶ</span> <span class='ocrx_word' id='word_1_124' title='bbox 1237 1652 1601 1725; x_wconf 83' lang='grc' dir='ltr'>δεδωρημένον</span> <span class='ocrx_word' id='word_1_125' title='bbox 1655 1655 1786 1706; x_wconf 81' lang='grc' dir='ltr'>πᾶσι</span> 
     </span>
    </p>
   </div>
   <div class='ocr_carea' id='block_1_20' title="bbox 213 1737 1785 1807">
    <p class='ocr_par' dir='ltr' id='par_1_20' title="bbox 213 1737 1785 1807">
     <span class='ocr_line' id='line_1_20' title="bbox 213 1737 1785 1807; baseline 0.001 -13"><span class='ocrx_word' id='word_1_126' title='bbox 213 1743 334 1804; x_wconf 83' lang='grc' dir='ltr'>τοῖς</span> <span class='ocrx_word' id='word_1_127' title='bbox 368 1737 485 1795; x_wconf 82' lang='grc' dir='ltr'>οὖσι</span> <span class='ocrx_word' id='word_1_128' title='bbox 523 1743 614 1795; x_wconf 70' lang='grc' dir='ltr'><strong>καὶ</strong></span> <span class='ocrx_word' id='word_1_129' title='bbox 650 1742 711 1795; x_wconf 85' lang='grc' dir='ltr'><strong>τὸ</strong></span> <span class='ocrx_word' id='word_1_130' title='bbox 761 1742 1013 1797; x_wconf 87' lang='grc' dir='ltr'>δύνασθαι</span> <span class='ocrx_word' id='word_1_131' title='bbox 1051 1738 1210 1807; x_wconf 78' lang='grc' dir='ltr'>εἶναι,</span> <span class='ocrx_word' id='word_1_132' title='bbox 1251 1744 1344 1796; x_wconf 74' lang='grc' dir='ltr'><strong>καὶ</strong></span> <span class='ocrx_word' id='word_1_133' title='bbox 1394 1744 1454 1795; x_wconf 79' lang='grc' dir='ltr'><strong>τὸ</strong></span> <span class='ocrx_word' id='word_1_134' title='bbox 1493 1742 1608 1796; x_wconf 85' lang='grc' dir='ltr'>τόδε</span> <span class='ocrx_word' id='word_1_135' title='bbox 1648 1739 1785 1796; x_wconf 75' lang='grc' dir='ltr'>εἶναι</span> 
     </span>
    </p>
   </div>
   <div class='ocr_carea' id='block_1_21' title="bbox 212 1832 1498 1906">
    <p class='ocr_par' dir='ltr' id='par_1_21' title="bbox 212 1832 1498 1906">
     <span class='ocr_line' id='line_1_21' title="bbox 212 1832 1498 1906; baseline 0.002 -20"><span class='ocrx_word' id='word_1_136' title='bbox 212 1832 362 1886; x_wconf 75' lang='grc' dir='ltr'>κατὰ</span> <span class='ocrx_word' id='word_1_137' title='bbox 399 1835 707 1906; x_wconf 79' lang='grc' dir='ltr'>περιουσίαν</span> <span class='ocrx_word' id='word_1_138' title='bbox 747 1835 1182 1906; x_wconf 77' lang='grc' dir='ltr'>ὑπερϐαλλούσης</span> <span class='ocrx_word' id='word_1_139' title='bbox 1201 1835 1498 1906; x_wconf 82' lang='grc' dir='ltr'>δυνάμεως.</span> 
     </span>
    </p>
   </div>
   <div class='ocr_carea' id='block_1_22' title="bbox 292 2069 1785 2156">
    <p class='ocr_par' dir='ltr' id='par_1_22' title="bbox 292 2069 1785 2156">
     <span class='ocr_line' id='line_1_22' title="bbox 292 2069 1785 2156; baseline 0.005 -34"><span class='ocrx_word' id='word_1_140' title='bbox 292 2069 322 2140; x_wconf 77' lang='lat'>§</span> <span class='ocrx_word' id='word_1_141' title='bbox 361 2070 467 2124; x_wconf 82' lang='lat' dir='ltr'><strong>VII.</strong></span> <span class='ocrx_word' id='word_1_142' title='bbox 511 2071 669 2139; x_wconf 78' lang='grc' dir='ltr'>Ὄρος</span> <span class='ocrx_word' id='word_1_143' title='bbox 719 2072 1062 2144; x_wconf 77' lang='grc' dir='ltr'>δικαιοσύνης</span> <span class='ocrx_word' id='word_1_144' title='bbox 1099 2076 1263 2141; x_wconf 75' lang='grc' dir='ltr'>ἐστὶν,</span> <span class='ocrx_word' id='word_1_145' title='bbox 1318 2081 1484 2154; x_wconf 83' lang='grc' dir='ltr'>ἀρετὴ</span> <span class='ocrx_word' id='word_1_146' title='bbox 1531 2082 1785 2156; x_wconf 87' lang='grc' dir='ltr'>διανεμη-</span> 
     </span>
    </p>
   </div>
   <div class='ocr_carea' id='block_1_23' title="bbox 211 2162 1790 2249">
    <p class='ocr_par' dir='ltr' id='par_1_23' title="bbox 211 2162 1790 2249">
     <span class='ocr_line' id='line_1_23' title="bbox 211 2162 1790 2249; baseline 0.025 -52"><span class='ocrx_word' id='word_1_147' title='bbox 211 2163 345 2232; x_wconf 62' lang='grc' dir='ltr'><strong>τικὴ</strong></span> <span class='ocrx_word' id='word_1_148' title='bbox 379 2162 474 2216; x_wconf 71' lang='grc' dir='ltr'><strong>τοῦ</strong></span> <span class='ocrx_word' id='word_1_149' title='bbox 512 2165 630 2217; x_wconf 79' lang='grc' dir='ltr'>κατ’</span> <span class='ocrx_word' id='word_1_150' title='bbox 651 2163 826 2229; x_wconf 77' lang='grc' dir='ltr'>ἀξίαν,</span> <span class='ocrx_word' id='word_1_151' title='bbox 886 2165 918 2235; x_wconf 84' lang='grc' dir='ltr'>ἢ</span> <span class='ocrx_word' id='word_1_152' title='bbox 980 2166 1285 2240; x_wconf 84' lang='grc' dir='ltr'>ὶδιοπραγία</span> <span class='ocrx_word' id='word_1_153' title='bbox 1338 2172 1445 2225; x_wconf 92' lang='grc' dir='ltr'><strong>τῶν</strong></span> <span class='ocrx_word' id='word_1_154' title='bbox 1482 2175 1580 2246; x_wconf 82' lang='grc' dir='ltr'>τῆς</span> <span class='ocrx_word' id='word_1_155' title='bbox 1613 2177 1790 2249; x_wconf 71' lang='grc' dir='ltr'>ψυχῆς</span> 
     </span>
    </p>
   </div>
   <div class='ocr_carea' id='block_1_24' title="bbox 213 2255 1784 2339">
    <p class='ocr_par' dir='ltr' id='par_1_24' title="bbox 213 2255 1784 2339">
     <span class='ocr_line' id='line_1_24' title="bbox 213 2255 1784 2339; baseline 0.022 -42"><span class='ocrx_word' id='word_1_156' title='bbox 213 2255 440 2325; x_wconf 77' lang='grc' dir='ltr'>νοερῶν,</span> <span class='ocrx_word' id='word_1_157' title='bbox 500 2257 532 2326; x_wconf 80' lang='grc' dir='ltr'>ἢ</span> <span class='ocrx_word' id='word_1_158' title='bbox 591 2259 819 2329; x_wconf 67' lang='grc' dir='ltr'>μεσότης</span> <span class='ocrx_word' id='word_1_159' title='bbox 875 2261 1181 2328; x_wconf 79' lang='grc' dir='ltr'>πλεονεξίας</span> <span class='ocrx_word' id='word_1_160' title='bbox 1234 2265 1328 2317; x_wconf 79' lang='grc' dir='ltr'><strong>καὶ</strong></span> <span class='ocrx_word' id='word_1_161' title='bbox 1384 2268 1701 2336; x_wconf 77' lang='grc' dir='ltr'>μειονεξίας,</span> <span class='ocrx_word' id='word_1_162' title='bbox 1751 2269 1784 2339; x_wconf 76' lang='grc' dir='ltr'>ἢ</span> 
     </span>
    </p>
   </div>
   <div class='ocr_carea' id='block_1_25' title="bbox 210 2345 1785 2424">
    <p class='ocr_par' dir='ltr' id='par_1_25' title="bbox 210 2345 1785 2424">
     <span class='ocr_line' id='line_1_25' title="bbox 210 2345 1785 2424; baseline 0.01 -27"><span class='ocrx_word' id='word_1_163' title='bbox 210 2345 332 2409; x_wconf 74' lang='grc' dir='ltr'>ἕξις</span> <span class='ocrx_word' id='word_1_164' title='bbox 372 2347 743 2421; x_wconf 79' lang='grc' dir='ltr'>ἀπονεμητικὴ</span> <span class='ocrx_word' id='word_1_165' title='bbox 787 2351 1051 2422; x_wconf 86' lang='grc' dir='ltr'>ίσότητος.</span> <span class='ocrx_word' id='word_1_166' title='bbox 1094 2355 1237 2424; x_wconf 82' lang='grc' dir='ltr'>Πρὸς</span> <span class='ocrx_word' id='word_1_167' title='bbox 1295 2355 1421 2423; x_wconf 77' lang='grc' dir='ltr'>γοῦν</span> <span class='ocrx_word' id='word_1_168' title='bbox 1455 2359 1576 2420; x_wconf 85' lang='grc' dir='ltr'><strong>τούς</strong></span> <span class='ocrx_word' id='word_1_169' title='bbox 1610 2360 1785 2412; x_wconf 85' lang='grc' dir='ltr'>τοιού-</span> 
     </span>
    </p>
   </div>
   <div class='ocr_carea' id='block_1_26' title="bbox 216 2435 1788 2514">
    <p class='ocr_par' dir='ltr' id='par_1_26' title="bbox 216 2435 1788 2514">
     <span class='ocr_line' id='line_1_26' title="bbox 216 2435 1788 2514; baseline 0.012 -31"><span class='ocrx_word' id='word_1_170' title='bbox 216 2447 344 2494; x_wconf 84' lang='grc' dir='ltr'>τους</span> <span class='ocrx_word' id='word_1_171' title='bbox 380 2435 536 2504; x_wconf 83' lang='grc' dir='ltr'>ὄρους</span> <span class='ocrx_word' id='word_1_172' title='bbox 576 2437 752 2500; x_wconf 76' lang='grc' dir='ltr'>καλῶς</span> <span class='ocrx_word' id='word_1_173' title='bbox 806 2440 1135 2494; x_wconf 80' lang='grc' dir='ltr'>ἀναπτύσσει</span> <span class='ocrx_word' id='word_1_174' title='bbox 1191 2443 1289 2514; x_wconf 79' lang='grc' dir='ltr'>τὴν</span> <span class='ocrx_word' id='word_1_175' title='bbox 1343 2443 1491 2499; x_wconf 84' lang='grc' dir='ltr'>θείαν</span> <span class='ocrx_word' id='word_1_176' title='bbox 1524 2447 1788 2501; x_wconf 88' lang='grc' dir='ltr'>δικαιοσύ-</span> 
     </span>
    </p>
   </div>
   <div class='ocr_carea' id='block_1_27' title="bbox 215 2521 1787 2605">
    <p class='ocr_par' dir='ltr' id='par_1_27' title="bbox 215 2521 1787 2605">
     <span class='ocr_line' id='line_1_27' title="bbox 215 2521 1787 2605; baseline 0.015 -35"><span class='ocrx_word' id='word_1_177' title='bbox 215 2535 335 2586; x_wconf 72' lang='grc' dir='ltr'>νην.</span> <span class='ocrx_word' id='word_1_178' title='bbox 373 2521 470 2574; x_wconf 89' lang='grc' dir='ltr'>Διά</span> <span class='ocrx_word' id='word_1_179' title='bbox 505 2523 662 2576; x_wconf 77' lang='grc' dir='ltr'>τοῦτο</span> <span class='ocrx_word' id='word_1_180' title='bbox 693 2526 800 2596; x_wconf 83' lang='grc' dir='ltr'><strong>γὰρ</strong></span> <span class='ocrx_word' id='word_1_181' title='bbox 851 2529 878 2578; x_wconf 88' lang='grc' dir='ltr'>ὁ</span> <span class='ocrx_word' id='word_1_182' title='bbox 931 2528 1062 2591; x_wconf 84' lang='grc' dir='ltr'>Θεὸς</span> <span class='ocrx_word' id='word_1_183' title='bbox 1094 2530 1400 2605; x_wconf 80' lang='grc' dir='ltr'>δικαιοσύνη</span> <span class='ocrx_word' id='word_1_184' title='bbox 1442 2535 1675 2604; x_wconf 88' lang='grc' dir='ltr'>λέγεται,</span> <span class='ocrx_word' id='word_1_185' title='bbox 1711 2540 1787 2604; x_wconf 87' lang='grc' dir='ltr'><strong>ὡς</strong></span> 
     </span>
    </p>
   </div>
   <div class='ocr_carea' id='block_1_28' title="bbox 209 2614 1786 2690">
    <p class='ocr_par' dir='ltr' id='par_1_28' title="bbox 209 2614 1786 2690">
     <span class='ocr_line' id='line_1_28' title="bbox 209 2614 1786 2690; baseline 0.015 -27"><span class='ocrx_word' id='word_1_186' title='bbox 209 2614 350 2665; x_wconf 78' lang='grc' dir='ltr'>πᾶσι</span> <span class='ocrx_word' id='word_1_187' title='bbox 389 2615 508 2668; x_wconf 86' lang='grc' dir='ltr'>κατ’</span> <span class='ocrx_word' id='word_1_188' title='bbox 530 2617 684 2681; x_wconf 80' lang='grc' dir='ltr'>ἀξίαν</span> <span class='ocrx_word' id='word_1_189' title='bbox 721 2620 1004 2690; x_wconf 81' lang='grc' dir='ltr'>ἀπονέμων</span> <span class='ocrx_word' id='word_1_190' title='bbox 1045 2622 1256 2677; x_wconf 75' lang='grc' dir='ltr'>ἅπαντα</span> <span class='ocrx_word' id='word_1_191' title='bbox 1291 2628 1428 2680; x_wconf 79' lang='grc' dir='ltr'>κατὰ</span> <span class='ocrx_word' id='word_1_192' title='bbox 1467 2629 1555 2680; x_wconf 81' lang='grc' dir='ltr'><strong>τὸν</strong></span> <span class='ocrx_word' id='word_1_193' title='bbox 1592 2633 1786 2685; x_wconf 69' lang='grc' dir='ltr'>οἰκεῖον</span> 
     </span>
    </p>
   </div>
   <div class='ocr_carea' id='block_1_29' title="bbox 209 2702 1787 2792">
    <p class='ocr_par' dir='ltr' id='par_1_29' title="bbox 209 2702 1787 2792">
     <span class='ocr_line' id='line_1_29' title="bbox 209 2702 1787 2792; baseline 0.013 -37"><span class='ocrx_word' id='word_1_194' title='bbox 209 2702 446 2756; x_wconf 77' lang='grc' dir='ltr'>ἑκάστου</span> <span class='ocrx_word' id='word_1_195' title='bbox 484 2705 581 2775; x_wconf 78' lang='grc' dir='ltr'>τῆς</span> <span class='ocrx_word' id='word_1_196' title='bbox 617 2707 828 2775; x_wconf 83' lang='grc' dir='ltr'>φύσεως</span> <span class='ocrx_word' id='word_1_197' title='bbox 883 2711 1026 2781; x_wconf 79' lang='grc' dir='ltr'>ὅρον,</span> <span class='ocrx_word' id='word_1_198' title='bbox 1084 2714 1178 2765; x_wconf 74' lang='grc' dir='ltr'>καὶ</span> <span class='ocrx_word' id='word_1_199' title='bbox 1228 2714 1302 2778; x_wconf 81' lang='grc' dir='ltr'>ὡς</span> <span class='ocrx_word' id='word_1_200' title='bbox 1352 2717 1521 2782; x_wconf 78' lang='grc' dir='ltr'>αἴτιος</span> <span class='ocrx_word' id='word_1_201' title='bbox 1560 2720 1635 2773; x_wconf 84' lang='grc' dir='ltr'><strong>ῶν</strong></span> <span class='ocrx_word' id='word_1_202' title='bbox 1686 2722 1787 2792; x_wconf 84' lang='grc' dir='ltr'>τῆς</span> 
     </span>
    </p>
   </div>
   <div class='ocr_carea' id='block_1_30' title="bbox 207 2794 1784 2885">
    <p class='ocr_par' dir='ltr' id='par_1_30' title="bbox 207 2794 1784 2885">
     <span class='ocr_line' id='line_1_30' title="bbox 207 2794 1784 2885; baseline 0.015 -42"><span class='ocrx_word' id='word_1_203' title='bbox 207 2794 586 2865; x_wconf 73' lang='grc' dir='ltr'>αὐτοπραγίας</span> <span class='ocrx_word' id='word_1_204' title='bbox 618 2799 842 2853; x_wconf 77' lang='grc' dir='ltr'>ἑκάστου</span> <span class='ocrx_word' id='word_1_205' title='bbox 863 2820 875 2831; x_wconf 89' lang='grc'><strong>·</strong></span> <span class='ocrx_word' id='word_1_206' title='bbox 916 2803 1090 2860; x_wconf 83' lang='grc' dir='ltr'>πάντα</span> <span class='ocrx_word' id='word_1_207' title='bbox 1123 2807 1230 2877; x_wconf 77' lang='grc' dir='ltr'>γὰρ</span> <span class='ocrx_word' id='word_1_208' title='bbox 1264 2809 1296 2878; x_wconf 83' lang='grc' dir='ltr'>ὴ</span> <span class='ocrx_word' id='word_1_209' title='bbox 1337 2809 1454 2861; x_wconf 86' lang='grc' dir='ltr'>θεία</span> <span class='ocrx_word' id='word_1_210' title='bbox 1477 2811 1784 2885; x_wconf 86' lang='grc' dir='ltr'>δικαιοσύνη</span> 
     </span>
    </p>
   </div>
   <div class='ocr_carea' id='block_1_31' title="bbox 207 2883 1788 2960">
    <p class='ocr_par' dir='ltr' id='par_1_31' title="bbox 207 2883 1788 2960">
     <span class='ocr_line' id='line_1_31' title="bbox 207 2883 1788 2960; baseline 0.016 -27"><span class='ocrx_word' id='word_1_211' title='bbox 207 2883 398 2936; x_wconf 79' lang='grc' dir='ltr'>τάττει</span> <span class='ocrx_word' id='word_1_212' title='bbox 434 2886 552 2938; x_wconf 79' lang='grc' dir='ltr'>κατ’</span> <span class='ocrx_word' id='word_1_213' title='bbox 574 2886 727 2951; x_wconf 79' lang='grc' dir='ltr'>ἀξίαν</span> <span class='ocrx_word' id='word_1_214' title='bbox 778 2891 1028 2948; x_wconf 80' lang='grc' dir='ltr'>ἑκάστου.</span> <span class='ocrx_word' id='word_1_215' title='bbox 1107 2897 1339 2952; x_wconf 82' lang='grc' dir='ltr'>Ἀδικίαν</span> <span class='ocrx_word' id='word_1_216' title='bbox 1377 2901 1551 2955; x_wconf 88' lang='grc' dir='ltr'>τοίνυν</span> <span class='ocrx_word' id='word_1_217' title='bbox 1601 2903 1788 2960; x_wconf 80' lang='grc' dir='ltr'>λαλοῦ-</span> 
     </span>
    </p>
   </div>
   <div class='ocr_carea' id='block_1_32' title="bbox 207 2977 1786 3064">
    <p class='ocr_par' dir='ltr' id='par_1_32' title="bbox 207 2977 1786 3064">
     <span class='ocr_line' id='line_1_32' title="bbox 207 2977 1786 3064; baseline 0.017 -40"><span class='ocrx_word' id='word_1_218' title='bbox 207 2991 322 3035; x_wconf 85' lang='grc' dir='ltr'>σιν,</span> <span class='ocrx_word' id='word_1_219' title='bbox 361 2977 408 3027; x_wconf 89' lang='grc' dir='ltr'><strong>οί</strong></span> <span class='ocrx_word' id='word_1_220' title='bbox 441 2977 539 3046; x_wconf 83' lang='grc' dir='ltr'><strong>τῆς</strong></span> <span class='ocrx_word' id='word_1_221' title='bbox 576 2979 723 3044; x_wconf 85' lang='grc' dir='ltr'>θείας</span> <span class='ocrx_word' id='word_1_222' title='bbox 764 2980 1106 3058; x_wconf 83' lang='grc' dir='ltr'>δικαιοσύνης</span> <span class='ocrx_word' id='word_1_223' title='bbox 1141 2990 1656 3064; x_wconf 72' lang='grc' dir='ltr'>καταψηφιζόμενοι,</span> <span class='ocrx_word' id='word_1_224' title='bbox 1693 3000 1786 3053; x_wconf 71' lang='grc' dir='ltr'>καὶ</span> 
     </span>
    </p>
   </div>
   <div class='ocr_carea' id='block_1_33' title="bbox 205 3064 1782 3154">
    <p class='ocr_par' dir='ltr' id='par_1_33' title="bbox 205 3064 1782 3154">
     <span class='ocr_line' id='line_1_33' title="bbox 205 3064 1782 3154; baseline 0.018 -39"><span class='ocrx_word' id='word_1_225' title='bbox 205 3064 480 3132; x_wconf 74' lang='grc' dir='ltr'>λέγοντες,</span> <span class='ocrx_word' id='word_1_226' title='bbox 518 3069 747 3137; x_wconf 70' lang='grc' dir='ltr'>ὀφείλειν</span> <span class='ocrx_word' id='word_1_227' title='bbox 784 3070 920 3127; x_wconf 70' lang='grc' dir='ltr'>εἶναι</span> <span class='ocrx_word' id='word_1_228' title='bbox 958 3080 1067 3140; x_wconf 85' lang='grc' dir='ltr'>τοῖς</span> <span class='ocrx_word' id='word_1_229' title='bbox 1105 3079 1314 3150; x_wconf 85' lang='grc' dir='ltr'>θνητοῖς</span> <span class='ocrx_word' id='word_1_230' title='bbox 1350 3083 1445 3154; x_wconf 83' lang='grc' dir='ltr'>τὴν</span> <span class='ocrx_word' id='word_1_231' title='bbox 1465 3086 1782 3154; x_wconf 83' lang='grc' dir='ltr'>ἀθανασίαν,</span> 
     </span>
    </p>
   </div>
   <div class='ocr_carea' id='block_1_34' title="bbox 1896 537 3442 615">
    <p class='ocr_par' dir='ltr' id='par_1_34' title="bbox 1896 537 3442 615">
     <span class='ocr_line' id='line_1_34' title="bbox 1896 537 3442 615; baseline 0.006 -26"><span class='ocrx_word' id='word_1_232' title='bbox 1896 538 1993 600; x_wconf 88' lang='lat' dir='ltr'><strong>les,</strong></span> <span class='ocrx_word' id='word_1_233' title='bbox 2026 537 2113 606; x_wconf 88' lang='lat' dir='ltr'><strong>qui</strong></span> <span class='ocrx_word' id='word_1_234' title='bbox 2151 551 2325 606; x_wconf 78' lang='lat' dir='ltr'><strong>neque</strong></span> <span class='ocrx_word' id='word_1_235' title='bbox 2354 537 2635 591; x_wconf 83' lang='lat' dir='ltr'><strong>victoriam</strong></span> <span class='ocrx_word' id='word_1_236' title='bbox 2683 550 2879 593; x_wconf 80' lang='lat' dir='ltr'><strong>norunt</strong></span> <span class='ocrx_word' id='word_1_237' title='bbox 2929 546 3199 610; x_wconf 88' lang='lat' dir='ltr'><strong>quomodo</strong></span> <span class='ocrx_word' id='word_1_238' title='bbox 3223 560 3442 615; x_wconf 90' lang='lat' dir='ltr'><strong>compa-</strong></span> 
     </span>
    </p>
   </div>
   <div class='ocr_carea' id='block_1_35' title="bbox 1898 628 3445 697">
    <p class='ocr_par' dir='ltr' id='par_1_35' title="bbox 1898 628 3445 697">
     <span class='ocr_line' id='line_1_35' title="bbox 1898 628 3445 697; baseline 0.007 -16"><span class='ocrx_word' id='word_1_239' title='bbox 1898 637 2046 682; x_wconf 87' lang='lat' dir='ltr'><strong>retur</strong></span> <span class='ocrx_word' id='word_1_240' title='bbox 2073 646 2084 680; x_wconf 90' lang='lat'>:</span> <span class='ocrx_word' id='word_1_241' title='bbox 2123 629 2212 697; x_wconf 91' lang='lat' dir='ltr'><strong>qui</strong></span> <span class='ocrx_word' id='word_1_242' title='bbox 2244 629 2491 681; x_wconf 90' lang='lat' dir='ltr'><strong>videntur</strong></span> <span class='ocrx_word' id='word_1_243' title='bbox 2514 628 2616 682; x_wconf 86' lang='lat' dir='ltr'><strong>sibi</strong></span> <span class='ocrx_word' id='word_1_244' title='bbox 2661 630 2711 682; x_wconf 92' lang='lat' dir='ltr'><strong>in</strong></span> <span class='ocrx_word' id='word_1_245' title='bbox 2764 633 2951 686; x_wconf 90' lang='lat' dir='ltr'><strong>umbra</strong></span> <span class='ocrx_word' id='word_1_246' title='bbox 2983 650 3102 688; x_wconf 91' lang='lat' dir='ltr'><strong>cum</strong></span> <span class='ocrx_word' id='word_1_247' title='bbox 3131 636 3445 692; x_wconf 82' lang='lat' dir='ltr'><strong>absentibus</strong></span> 
     </span>
    </p>
   </div>
   <div class='ocr_carea' id='block_1_36' title="bbox 1894 721 3444 796">
    <p class='ocr_par' dir='ltr' id='par_1_36' title="bbox 1894 721 3444 796">
     <span class='ocr_line' id='line_1_36' title="bbox 1894 721 3444 796; baseline 0.006 -20"><span class='ocrx_word' id='word_1_248' title='bbox 1894 721 2220 776; x_wconf 87' lang='lat' dir='ltr'><strong>adversariis</strong></span> <span class='ocrx_word' id='word_1_249' title='bbox 2269 731 2607 786; x_wconf 88' lang='lat' dir='ltr'><strong>concertare,</strong></span> <span class='ocrx_word' id='word_1_250' title='bbox 2650 723 3066 796; x_wconf 77' lang='lat' dir='ltr'><strong>existimantque</strong></span> <span class='ocrx_word' id='word_1_251' title='bbox 3114 745 3173 786; x_wconf 87' lang='lat' dir='ltr'><strong>se</strong></span> <span class='ocrx_word' id='word_1_252' title='bbox 3203 731 3324 786; x_wconf 88' lang='lat' dir='ltr'><strong>illos</strong></span> <span class='ocrx_word' id='word_1_253' title='bbox 3353 746 3444 788; x_wconf 88' lang='lat' dir='ltr'><strong>su-</strong></span> 
     </span>
    </p>
   </div>
   <div class='ocr_carea' id='block_1_37' title="bbox 1894 811 3442 892">
    <p class='ocr_par' dir='ltr' id='par_1_37' title="bbox 1894 811 3442 892">
     <span class='ocr_line' id='line_1_37' title="bbox 1894 811 3442 892; baseline 0.009 -29"><span class='ocrx_word' id='word_1_254' title='bbox 1894 826 2104 880; x_wconf 88' lang='lat' dir='ltr'><strong>perare,</strong></span> <span class='ocrx_word' id='word_1_255' title='bbox 2140 827 2260 865; x_wconf 89' lang='lat' dir='ltr'><strong>cum</strong></span> <span class='ocrx_word' id='word_1_256' title='bbox 2313 811 2564 864; x_wconf 85' lang='lat' dir='ltr'><strong>virtutem</strong></span> <span class='ocrx_word' id='word_1_257' title='bbox 2608 827 2790 866; x_wconf 87' lang='lat' dir='ltr'><strong>eorum</strong></span> <span class='ocrx_word' id='word_1_258' title='bbox 2845 830 2948 870; x_wconf 92' lang='lat' dir='ltr'><strong>non</strong></span> <span class='ocrx_word' id='word_1_259' title='bbox 3000 819 3232 876; x_wconf 85' lang='lat' dir='ltr'><strong>habeant</strong></span> <span class='ocrx_word' id='word_1_260' title='bbox 3255 823 3442 892; x_wconf 76' lang='lat' dir='ltr'><strong>explo-</strong></span> 
     </span>
    </p>
   </div>
   <div class='ocr_carea' id='block_1_38' title="bbox 1893 901 3441 968">
    <p class='ocr_par' dir='ltr' id='par_1_38' title="bbox 1893 901 3441 968">
     <span class='ocr_line' id='line_1_38' title="bbox 1893 901 3441 968; baseline 0.008 -13"><span class='ocrx_word' id='word_1_261' title='bbox 1893 914 2084 956; x_wconf 89' lang='lat' dir='ltr'><strong>ratam.</strong></span> <span class='ocrx_word' id='word_1_262' title='bbox 2123 901 2228 956; x_wconf 82' lang='lat' dir='ltr'><strong>Nos</strong></span> <span class='ocrx_word' id='word_1_263' title='bbox 2255 913 2456 968; x_wconf 88' lang='lat' dir='ltr'><strong>autem,</strong></span> <span class='ocrx_word' id='word_1_264' title='bbox 2493 905 2555 958; x_wconf 86' lang='lat' dir='ltr'><strong>ad</strong></span> <span class='ocrx_word' id='word_1_265' title='bbox 2579 905 2684 959; x_wconf 90' lang='lat' dir='ltr'><strong>divi</strong></span> <span class='ocrx_word' id='word_1_266' title='bbox 2727 904 2874 961; x_wconf 82' lang='lat' dir='ltr'><strong>Pauli</strong></span> <span class='ocrx_word' id='word_1_267' title='bbox 2907 923 3121 964; x_wconf 78' lang='lat' dir='ltr'><strong>sensum</strong></span> <span class='ocrx_word' id='word_1_268' title='bbox 3153 912 3441 968; x_wconf 81' lang='lat' dir='ltr'><strong>colliman-</strong></span> 
     </span>
    </p>
   </div>
   <div class='ocr_carea' id='block_1_39' title="bbox 1893 991 3440 1072">
    <p class='ocr_par' dir='ltr' id='par_1_39' title="bbox 1893 991 3440 1072">
     <span class='ocr_line' id='line_1_39' title="bbox 1893 991 3440 1072; baseline 0.007 -26"><span class='ocrx_word' id='word_1_269' title='bbox 1893 1003 1995 1056; x_wconf 91' lang='lat' dir='ltr'><strong>tes,</strong></span> <span class='ocrx_word' id='word_1_270' title='bbox 2030 991 2402 1046; x_wconf 74' lang='lat' dir='ltr'><strong>collaudamus</strong></span> <span class='ocrx_word' id='word_1_271' title='bbox 2434 994 2602 1048; x_wconf 90' lang='lat' dir='ltr'><strong>Deum</strong></span> <span class='ocrx_word' id='word_1_272' title='bbox 2635 1002 2886 1064; x_wconf 83' lang='lat' dir='ltr'><strong>tanquam</strong></span> <span class='ocrx_word' id='word_1_273' title='bbox 2917 998 3130 1053; x_wconf 89' lang='lat' dir='ltr'><strong>beatum</strong></span> <span class='ocrx_word' id='word_1_274' title='bbox 3162 1000 3440 1072; x_wconf 86' lang='lat' dir='ltr'><strong>solumque</strong></span> 
     </span>
    </p>
   </div>
   <div class='ocr_carea' id='block_1_40' title="bbox 1892 1082 3438 1158">
    <p class='ocr_par' dir='ltr' id='par_1_40' title="bbox 1892 1082 3438 1158">
     <span class='ocr_line' id='line_1_40' title="bbox 1892 1082 3438 1158; baseline 0.007 -20"><span class='ocrx_word' id='word_1_275' title='bbox 1892 1094 2193 1152; x_wconf 85' lang='lat' dir='ltr'><strong>potentem,</strong></span> <span class='ocrx_word' id='word_1_276' title='bbox 2221 1095 2404 1153; x_wconf 91' lang='lat' dir='ltr'><strong>utpote</strong></span> <span class='ocrx_word' id='word_1_277' title='bbox 2434 1085 2799 1141; x_wconf 83' lang='lat' dir='ltr'><strong>dominantem</strong></span> <span class='ocrx_word' id='word_1_278' title='bbox 2854 1091 3168 1158; x_wconf 64' lang='lat' dir='ltr'><strong>aeternitati,</strong></span> <span class='ocrx_word' id='word_1_279' title='bbox 3195 1082 3248 1147; x_wconf 84' lang='lat' dir='ltr'><strong>et</strong></span> <span class='ocrx_word' id='word_1_280' title='bbox 3294 1095 3438 1150; x_wconf 82' lang='lat' dir='ltr'><strong>nulla</strong></span> 
     </span>
    </p>
   </div>
   <div class='ocr_carea' id='block_1_41' title="bbox 1892 1175 3440 1252">
    <p class='ocr_par' dir='ltr' id='par_1_41' title="bbox 1892 1175 3440 1252">
     <span class='ocr_line' id='line_1_41' title="bbox 1892 1175 3440 1252; baseline 0.008 -25"><span class='ocrx_word' id='word_1_281' title='bbox 1892 1190 2125 1244; x_wconf 85' lang='lat' dir='ltr'><strong>unquam</strong></span> <span class='ocrx_word' id='word_1_282' title='bbox 2159 1176 2384 1229; x_wconf 90' lang='lat' dir='ltr'><strong>entitate</strong></span> <span class='ocrx_word' id='word_1_283' title='bbox 2434 1175 2749 1230; x_wconf 85' lang='lat' dir='ltr'><strong>lrustratum</strong></span> <span class='ocrx_word' id='word_1_284' title='bbox 2795 1178 2862 1247; x_wconf 92' lang='lat' dir='ltr'><strong>(si</strong></span> <span class='ocrx_word' id='word_1_285' title='bbox 2915 1183 3059 1234; x_wconf 92' lang='lat' dir='ltr'><strong>enim</strong></span> <span class='ocrx_word' id='word_1_286' title='bbox 3089 1187 3322 1252; x_wconf 88' lang='lat' dir='ltr'><strong>potentia</strong></span> <span class='ocrx_word' id='word_1_287' title='bbox 3349 1199 3440 1240; x_wconf 85' lang='lat' dir='ltr'><strong>re-</strong></span> 
     </span>
    </p>
   </div>
   <div class='ocr_carea' id='block_1_42' title="bbox 1889 1265 3440 1345">
    <p class='ocr_par' dir='ltr' id='par_1_42' title="bbox 1889 1265 3440 1345">
     <span class='ocr_line' id='line_1_42' title="bbox 1889 1265 3440 1345; baseline 0.01 -27"><span class='ocrx_word' id='word_1_288' title='bbox 1889 1266 1989 1319; x_wconf 90' lang='lat' dir='ltr'><strong>bus</strong></span> <span class='ocrx_word' id='word_1_289' title='bbox 2012 1265 2153 1320; x_wconf 90' lang='lat' dir='ltr'><strong>inest</strong></span> <span class='ocrx_word' id='word_1_290' title='bbox 2175 1267 2449 1331; x_wconf 86' lang='lat' dir='ltr'><strong>omnibus,</strong></span> <span class='ocrx_word' id='word_1_291' title='bbox 2481 1268 2703 1322; x_wconf 91' lang='lat' dir='ltr'><strong>omnino</strong></span> <span class='ocrx_word' id='word_1_292' title='bbox 2757 1270 2802 1324; x_wconf 90' lang='lat' dir='ltr'><strong>is</strong></span> <span class='ocrx_word' id='word_1_293' title='bbox 2833 1273 2922 1341; x_wconf 90' lang='lat' dir='ltr'><strong>qui</strong></span> <span class='ocrx_word' id='word_1_294' title='bbox 2971 1275 3261 1329; x_wconf 90' lang='lat' dir='ltr'><strong>secundum</strong></span> <span class='ocrx_word' id='word_1_295' title='bbox 3311 1277 3440 1345; x_wconf 86' lang='lat' dir='ltr'><strong>quid</strong></span> 
     </span>
    </p>
   </div>
   <div class='ocr_carea' id='block_1_43' title="bbox 1894 1357 3440 1441">
    <p class='ocr_par' dir='ltr' id='par_1_43' title="bbox 1894 1357 3440 1441">
     <span class='ocr_line' id='line_1_43' title="bbox 1894 1357 3440 1441; baseline 0.01 -31"><span class='ocrx_word' id='word_1_296' title='bbox 1894 1357 2155 1428; x_wconf 90' lang='lat' dir='ltr'><strong>impotens</strong></span> <span class='ocrx_word' id='word_1_297' title='bbox 2202 1370 2302 1424; x_wconf 91' lang='lat' dir='ltr'><strong>est,</strong></span> <span class='ocrx_word' id='word_1_298' title='bbox 2336 1361 2435 1417; x_wconf 89' lang='lat' dir='ltr'><strong>nisi</strong></span> <span class='ocrx_word' id='word_1_299' title='bbox 2473 1361 2559 1431; x_wconf 88' lang='lat' dir='ltr'><strong>pie</strong></span> <span class='ocrx_word' id='word_1_300' title='bbox 2610 1360 2809 1418; x_wconf 89' lang='lat' dir='ltr'><strong>dictum</strong></span> <span class='ocrx_word' id='word_1_301' title='bbox 2864 1368 2965 1424; x_wconf 89' lang='lat' dir='ltr'><strong>hoc</strong></span> <span class='ocrx_word' id='word_1_302' title='bbox 2996 1368 3440 1441; x_wconf 83' lang='lat' dir='ltr'><strong>interpretemur,</strong></span> 
     </span>
    </p>
   </div>
   <div class='ocr_carea' id='block_1_44' title="bbox 1890 1453 3438 1533">
    <p class='ocr_par' dir='ltr' id='par_1_44' title="bbox 1890 1453 3438 1533">
     <span class='ocr_line' id='line_1_44' title="bbox 1890 1453 3438 1533; baseline 0.01 -29"><span class='ocrx_word' id='word_1_303' title='bbox 1890 1453 2185 1506; x_wconf 87' lang='lat' dir='ltr'><strong>secundum</strong></span> <span class='ocrx_word' id='word_1_304' title='bbox 2218 1454 2347 1522; x_wconf 90' lang='lat' dir='ltr'><strong>quid</strong></span> <span class='ocrx_word' id='word_1_305' title='bbox 2399 1456 2464 1511; x_wconf 87' lang='lat' dir='ltr'><strong>ab</strong></span> <span class='ocrx_word' id='word_1_306' title='bbox 2493 1461 2719 1516; x_wconf 87' lang='lat' dir='ltr'><strong>entitate</strong></span> <span class='ocrx_word' id='word_1_307' title='bbox 2765 1462 3011 1528; x_wconf 87' lang='lat' dir='ltr'><strong>descivit,</strong></span> <span class='ocrx_word' id='word_1_308' title='bbox 3042 1473 3100 1516; x_wconf 93' lang='lat' dir='ltr'><strong>ut</strong></span> <span class='ocrx_word' id='word_1_309' title='bbox 3127 1464 3438 1533; x_wconf 82' lang='lat' dir='ltr'><strong>imprudens</strong></span> 
     </span>
    </p>
   </div>
   <div class='ocr_carea' id='block_1_45' title="bbox 1890 1546 3436 1627">
    <p class='ocr_par' dir='ltr' id='par_1_45' title="bbox 1890 1546 3436 1627">
     <span class='ocr_line' id='line_1_45' title="bbox 1890 1546 3436 1627; baseline 0.009 -27"><span class='ocrx_word' id='word_1_310' title='bbox 1890 1546 2103 1617; x_wconf 85' lang='lat' dir='ltr'><strong>Elymas</strong></span> <span class='ocrx_word' id='word_1_311' title='bbox 2133 1547 2333 1620; x_wconf 37' lang='lat' dir='ltr'><strong>tradit),</strong></span> <span class='ocrx_word' id='word_1_312' title='bbox 2364 1550 2495 1619; x_wconf 89' lang='lat' dir='ltr'><strong>quin</strong></span> <span class='ocrx_word' id='word_1_313' title='bbox 2523 1553 2700 1620; x_wconf 89' lang='lat' dir='ltr'><strong>potius</strong></span> <span class='ocrx_word' id='word_1_314' title='bbox 2725 1569 2827 1608; x_wconf 92' lang='lat' dir='ltr'><strong>non</strong></span> <span class='ocrx_word' id='word_1_315' title='bbox 2854 1555 3027 1611; x_wconf 90' lang='lat' dir='ltr'><strong>solum</strong></span> <span class='ocrx_word' id='word_1_316' title='bbox 3061 1567 3312 1627; x_wconf 90' lang='lat' dir='ltr'><strong>tanquam</strong></span> <span class='ocrx_word' id='word_1_317' title='bbox 3345 1576 3436 1614; x_wconf 41' lang='lat' dir='ltr'><strong>see</strong></span> 
     </span>
    </p>
   </div>
   <div class='ocr_carea' id='block_1_46' title="bbox 1888 1640 3440 1721">
    <p class='ocr_par' dir='ltr' id='par_1_46' title="bbox 1888 1640 3440 1721">
     <span class='ocr_line' id='line_1_46' title="bbox 1888 1640 3440 1721; baseline 0.01 -30"><span class='ocrx_word' id='word_1_318' title='bbox 1888 1640 2120 1692; x_wconf 87' lang='lat' dir='ltr'><strong>cundum</strong></span> <span class='ocrx_word' id='word_1_319' title='bbox 2155 1654 2266 1695; x_wconf 89' lang='lat' dir='ltr'><strong>rem</strong></span> <span class='ocrx_word' id='word_1_320' title='bbox 2297 1642 2492 1695; x_wconf 86' lang='lat' dir='ltr'><strong>nullam</strong></span> <span class='ocrx_word' id='word_1_321' title='bbox 2524 1644 2880 1718; x_wconf 75' lang='lat' dir='ltr'><strong>deﬁcientem,</strong></span> <span class='ocrx_word' id='word_1_322' title='bbox 2914 1649 3007 1703; x_wconf 87' lang='lat' dir='ltr'><strong>sed</strong></span> <span class='ocrx_word' id='word_1_323' title='bbox 3032 1649 3194 1704; x_wconf 90' lang='lat' dir='ltr'><strong>etiam</strong></span> <span class='ocrx_word' id='word_1_324' title='bbox 3223 1661 3278 1706; x_wconf 89' lang='lat' dir='ltr'><strong>ut</strong></span> <span class='ocrx_word' id='word_1_325' title='bbox 3306 1667 3440 1721; x_wconf 65' lang='lat' dir='ltr'><strong>prae-</strong></span> 
     </span>
    </p>
   </div>
   <div class='ocr_carea' id='block_1_47' title="bbox 1888 1729 3435 1805">
    <p class='ocr_par' dir='ltr' id='par_1_47' title="bbox 1888 1729 3435 1805">
     <span class='ocr_line' id='line_1_47' title="bbox 1888 1729 3435 1805; baseline 0.009 -21"><span class='ocrx_word' id='word_1_326' title='bbox 1888 1729 2172 1786; x_wconf 87' lang='lat' dir='ltr'><strong>babentem</strong></span> <span class='ocrx_word' id='word_1_327' title='bbox 2202 1749 2264 1787; x_wconf 89' lang='lat' dir='ltr'><strong>ac</strong></span> <span class='ocrx_word' id='word_1_328' title='bbox 2300 1734 2531 1805; x_wconf 87' lang='lat' dir='ltr'><strong>desuper</strong></span> <span class='ocrx_word' id='word_1_329' title='bbox 2583 1737 2866 1794; x_wconf 81' lang='lat' dir='ltr'><strong>habentem</strong></span> <span class='ocrx_word' id='word_1_330' title='bbox 2916 1743 3094 1796; x_wconf 88' lang='lat' dir='ltr'><strong>omnia</strong></span> <span class='ocrx_word' id='word_1_331' title='bbox 3141 1745 3435 1798; x_wconf 86' lang='lat' dir='ltr'><strong>secundum</strong></span> 
     </span>
    </p>
   </div>
   <div class='ocr_carea' id='block_1_48' title="bbox 1813 1822 3439 1896">
    <p class='ocr_par' dir='ltr' id='par_1_48' title="bbox 1813 1822 3439 1896">
     <span class='ocr_line' id='line_1_48' title="bbox 1813 1822 3439 1896; baseline 0.008 -18"><span class='ocrx_word' id='word_1_332' title='bbox 1813 1823 1855 1878; x_wconf 86' lang='grc' dir='ltr'><strong>Β</strong></span> <span class='ocrx_word' id='word_1_333' title='bbox 1887 1822 2138 1877; x_wconf 87' lang='lat' dir='ltr'><strong>virtutem</strong></span> <span class='ocrx_word' id='word_1_334' title='bbox 2169 1828 2695 1896; x_wconf 88' lang='lat' dir='ltr'><strong>supcressentialem,</strong></span> <span class='ocrx_word' id='word_1_335' title='bbox 2750 1841 2806 1886; x_wconf 90' lang='lat' dir='ltr'><strong>et</strong></span> <span class='ocrx_word' id='word_1_336' title='bbox 2853 1833 3014 1889; x_wconf 79' lang='lat' dir='ltr'><strong>rebus</strong></span> <span class='ocrx_word' id='word_1_337' title='bbox 3056 1836 3308 1891; x_wconf 83' lang='lat' dir='ltr'><strong>omnibus</strong></span> <span class='ocrx_word' id='word_1_338' title='bbox 3331 1837 3439 1890; x_wconf 87' lang='lat' dir='ltr'><strong>lar-</strong></span> 
     </span>
    </p>
   </div>
   <div class='ocr_carea' id='block_1_49' title="bbox 1885 1912 3440 1992">
    <p class='ocr_par' dir='ltr' id='par_1_49' title="bbox 1885 1912 3440 1992">
     <span class='ocr_line' id='line_1_49' title="bbox 1885 1912 3440 1992; baseline 0.013 -28"><span class='ocrx_word' id='word_1_339' title='bbox 1885 1912 2123 1981; x_wconf 75' lang='lat' dir='ltr'><strong>gientem</strong></span> <span class='ocrx_word' id='word_1_340' title='bbox 2158 1923 2266 1968; x_wconf 89' lang='lat' dir='ltr'><strong>tam</strong></span> <span class='ocrx_word' id='word_1_341' title='bbox 2294 1925 2495 1973; x_wconf 85' lang='lat' dir='ltr'><strong>utesse</strong></span> <span class='ocrx_word' id='word_1_342' title='bbox 2543 1921 2770 1988; x_wconf 84' lang='lat' dir='ltr'><strong>possint,</strong></span> <span class='ocrx_word' id='word_1_343' title='bbox 2805 1937 2962 1992; x_wconf 87' lang='lat' dir='ltr'><strong>quam</strong></span> <span class='ocrx_word' id='word_1_344' title='bbox 3010 1936 3066 1979; x_wconf 92' lang='lat' dir='ltr'><strong>ut</strong></span> <span class='ocrx_word' id='word_1_345' title='bbox 3115 1927 3222 1980; x_wconf 84' lang='lat' dir='ltr'><strong>sint</strong></span> <span class='ocrx_word' id='word_1_346' title='bbox 3248 1943 3440 1983; x_wconf 86' lang='lat' dir='ltr'><strong>secun-</strong></span> 
     </span>
    </p>
   </div>
   <div class='ocr_carea' id='block_1_50' title="bbox 1883 2004 3151 2082">
    <p class='ocr_par' dir='ltr' id='par_1_50' title="bbox 1883 2004 3151 2082">
     <span class='ocr_line' id='line_1_50' title="bbox 1883 2004 3151 2082; baseline 0.013 -26"><span class='ocrx_word' id='word_1_347' title='bbox 1883 2005 2008 2057; x_wconf 92' lang='lat' dir='ltr'><strong>dum</strong></span> <span class='ocrx_word' id='word_1_348' title='bbox 2042 2004 2365 2059; x_wconf 78' lang='lat' dir='ltr'><strong>aﬂluentiam</strong></span> <span class='ocrx_word' id='word_1_349' title='bbox 2393 2009 2614 2066; x_wconf 90' lang='lat' dir='ltr'><strong>virtutis</strong></span> <span class='ocrx_word' id='word_1_350' title='bbox 2645 2017 3151 2082; x_wconf 87' lang='lat' dir='ltr'><strong>superabundautis.</strong></span> 
     </span>
    </p>
   </div>
   <div class='ocr_carea' id='block_1_51' title="bbox 1952 2093 3438 2179">
    <p class='ocr_par' dir='ltr' id='par_1_51' title="bbox 1952 2093 3438 2179">
     <span class='ocr_line' id='line_1_51' title="bbox 1952 2093 3438 2179; baseline 0.013 -33"><span class='ocrx_word' id='word_1_351' title='bbox 1952 2093 2110 2164; x_wconf 57' lang='grc' dir='ltr'>ἕνη.</span> <span class='ocrx_word' id='word_1_352' title='bbox 2159 2095 2407 2153; x_wconf 82' lang='lat' dir='ltr'><strong>Definitio</strong></span> <span class='ocrx_word' id='word_1_353' title='bbox 2464 2100 2689 2169; x_wconf 80' lang='lat' dir='ltr'><strong>justitia:</strong></span> <span class='ocrx_word' id='word_1_354' title='bbox 2744 2115 2844 2171; x_wconf 87' lang='lat' dir='ltr'><strong>est,</strong></span> <span class='ocrx_word' id='word_1_355' title='bbox 2899 2110 3068 2162; x_wconf 89' lang='lat' dir='ltr'><strong>virtus</strong></span> <span class='ocrx_word' id='word_1_356' title='bbox 3121 2111 3438 2179; x_wconf 77' lang='lat' dir='ltr'><strong>cuiquetrl-</strong></span> 
     </span>
    </p>
   </div>
   <div class='ocr_carea' id='block_1_52' title="bbox 1884 2184 3438 2266">
    <p class='ocr_par' dir='ltr' id='par_1_52' title="bbox 1884 2184 3438 2266">
     <span class='ocr_line' id='line_1_52' title="bbox 1884 2184 3438 2266; baseline 0.014 -27"><span class='ocrx_word' id='word_1_357' title='bbox 1884 2184 2055 2241; x_wconf 87' lang='lat' dir='ltr'><strong>buens</strong></span> <span class='ocrx_word' id='word_1_358' title='bbox 2084 2204 2182 2256; x_wconf 92' lang='lat' dir='ltr'><strong>pro</strong></span> <span class='ocrx_word' id='word_1_359' title='bbox 2207 2192 2488 2260; x_wconf 78' lang='lat' dir='ltr'><strong>dignitate,</strong></span> <span class='ocrx_word' id='word_1_360' title='bbox 2527 2195 2613 2248; x_wconf 91' lang='lat' dir='ltr'><strong>vel</strong></span> <span class='ocrx_word' id='word_1_361' title='bbox 2665 2200 2881 2266; x_wconf 86' lang='lat' dir='ltr'><strong>propria</strong></span> <span class='ocrx_word' id='word_1_362' title='bbox 2932 2200 3072 2256; x_wconf 88' lang='lat' dir='ltr'><strong>actio</strong></span> <span class='ocrx_word' id='word_1_363' title='bbox 3128 2203 3438 2263; x_wconf 79' lang='lat' dir='ltr'><strong>facultatum</strong></span> 
     </span>
    </p>
   </div>
   <div class='ocr_carea' id='block_1_53' title="bbox 1884 2278 3434 2356">
    <p class='ocr_par' dir='ltr' id='par_1_53' title="bbox 1884 2278 3434 2356">
     <span class='ocr_line' id='line_1_53' title="bbox 1884 2278 3434 2356; baseline 0.017 -27"><span class='ocrx_word' id='word_1_364' title='bbox 1884 2278 2076 2331; x_wconf 71' lang='lat' dir='ltr'><strong>animae</strong></span> <span class='ocrx_word' id='word_1_365' title='bbox 2106 2280 2170 2341; x_wconf 77' lang='lat'><strong>°°,</strong></span> <span class='ocrx_word' id='word_1_366' title='bbox 2211 2284 2288 2335; x_wconf 87' lang='lat' dir='ltr'><strong>vel</strong></span> <span class='ocrx_word' id='word_1_367' title='bbox 2345 2285 2577 2340; x_wconf 90' lang='lat' dir='ltr'><strong>medium</strong></span> <span class='ocrx_word' id='word_1_368' title='bbox 2629 2287 2769 2342; x_wconf 91' lang='lat' dir='ltr'><strong>inter</strong></span> <span class='ocrx_word' id='word_1_369' title='bbox 2822 2293 3204 2349; x_wconf 88' lang='lat' dir='ltr'><strong>abundantiam</strong></span> <span class='ocrx_word' id='word_1_370' title='bbox 3235 2305 3288 2353; x_wconf 88' lang='lat' dir='ltr'><strong>et</strong></span> <span class='ocrx_word' id='word_1_371' title='bbox 3316 2299 3434 2356; x_wconf 82' lang='lat' dir='ltr'><strong>ino-</strong></span> 
     </span>
    </p>
   </div>
   <div class='ocr_carea' id='block_1_54' title="bbox 1883 2367 3434 2449">
    <p class='ocr_par' dir='ltr' id='par_1_54' title="bbox 1883 2367 3434 2449">
     <span class='ocr_line' id='line_1_54' title="bbox 1883 2367 3434 2449; baseline 0.017 -31"><span class='ocrx_word' id='word_1_372' title='bbox 1883 2367 2052 2436; x_wconf 84' lang='lat' dir='ltr'><strong>piam,</strong></span> <span class='ocrx_word' id='word_1_373' title='bbox 2087 2369 2171 2424; x_wconf 88' lang='lat' dir='ltr'><strong>vel</strong></span> <span class='ocrx_word' id='word_1_374' title='bbox 2203 2370 2414 2426; x_wconf 85' lang='lat' dir='ltr'><strong>habitus</strong></span> <span class='ocrx_word' id='word_1_375' title='bbox 2447 2375 2821 2434; x_wconf 88' lang='lat' dir='ltr'><strong>distributivus</strong></span> <span class='ocrx_word' id='word_1_376' title='bbox 2865 2383 3211 2449; x_wconf 74' lang='lat' dir='ltr'><strong>aequalitatis.</strong></span> <span class='ocrx_word' id='word_1_377' title='bbox 3243 2387 3434 2444; x_wconf 84' lang='lat' dir='ltr'><strong>Istius-</strong></span> 
     </span>
    </p>
   </div>
   <div class='ocr_carea' id='block_1_55' title="bbox 1885 2457 3439 2548">
    <p class='ocr_par' dir='ltr' id='par_1_55' title="bbox 1885 2457 3439 2548">
     <span class='ocr_line' id='line_1_55' title="bbox 1885 2457 3439 2548; baseline 0.018 -39"><span class='ocrx_word' id='word_1_378' title='bbox 1885 2457 2026 2511; x_wconf 80' lang='lat' dir='ltr'><strong>modi</strong></span> <span class='ocrx_word' id='word_1_379' title='bbox 2062 2458 2242 2529; x_wconf 89' lang='lat' dir='ltr'><strong>itaque</strong></span> <span class='ocrx_word' id='word_1_380' title='bbox 2284 2462 2685 2521; x_wconf 81' lang='lat' dir='ltr'><strong>deﬁnitionibus</strong></span> <span class='ocrx_word' id='word_1_381' title='bbox 2726 2471 2828 2526; x_wconf 87' lang='lat' dir='ltr'><strong>rite</strong></span> <span class='ocrx_word' id='word_1_382' title='bbox 2879 2479 3439 2548; x_wconf 72' lang='lat' dir='ltr'><strong>accommodatjusti-</strong></span> 
     </span>
    </p>
   </div>
   <div class='ocr_carea' id='block_1_56' title="bbox 1885 2549 3434 2639">
    <p class='ocr_par' dir='ltr' id='par_1_56' title="bbox 1885 2549 3434 2639">
     <span class='ocr_line' id='line_1_56' title="bbox 1885 2549 3434 2639; baseline 0.018 -38"><span class='ocrx_word' id='word_1_383' title='bbox 1885 2549 2012 2602; x_wconf 86' lang='lat' dir='ltr'><strong>tiam</strong></span> <span class='ocrx_word' id='word_1_384' title='bbox 2045 2551 2306 2608; x_wconf 87' lang='lat' dir='ltr'><strong>divinam.</strong></span> <span class='ocrx_word' id='word_1_385' title='bbox 2339 2553 2544 2612; x_wconf 77' lang='lat' dir='ltr'><strong>Idcirco</strong></span> <span class='ocrx_word' id='word_1_386' title='bbox 2589 2562 2730 2614; x_wconf 88' lang='lat' dir='ltr'><strong>enim</strong></span> <span class='ocrx_word' id='word_1_387' title='bbox 2787 2563 2927 2620; x_wconf 89' lang='lat' dir='ltr'><strong>Deus</strong></span> <span class='ocrx_word' id='word_1_388' title='bbox 2976 2566 3182 2635; x_wconf 75' lang='lat' dir='ltr'><strong>iustitia</strong></span> <span class='ocrx_word' id='word_1_389' title='bbox 3214 2573 3434 2639; x_wconf 81' lang='lat' dir='ltr'><strong>dicitur,</strong></span> 
     </span>
    </p>
   </div>
   <div class='ocr_carea' id='block_1_57' title="bbox 1887 2644 3436 2721">
    <p class='ocr_par' dir='ltr' id='par_1_57' title="bbox 1887 2644 3436 2721">
     <span class='ocr_line' id='line_1_57' title="bbox 1887 2644 3436 2721; baseline 0.018 -27"><span class='ocrx_word' id='word_1_390' title='bbox 1887 2644 2029 2711; x_wconf 89' lang='lat' dir='ltr'><strong>quod</strong></span> <span class='ocrx_word' id='word_1_391' title='bbox 2060 2645 2312 2701; x_wconf 85' lang='lat' dir='ltr'><strong>omnibus</strong></span> <span class='ocrx_word' id='word_1_392' title='bbox 2338 2663 2436 2716; x_wconf 91' lang='lat' dir='ltr'><strong>pro</strong></span> <span class='ocrx_word' id='word_1_393' title='bbox 2473 2650 2731 2718; x_wconf 80' lang='lat' dir='ltr'><strong>dignitate</strong></span> <span class='ocrx_word' id='word_1_394' title='bbox 2779 2657 2978 2713; x_wconf 84' lang='lat' dir='ltr'><strong>tribuat</strong></span> <span class='ocrx_word' id='word_1_395' title='bbox 3025 2662 3203 2717; x_wconf 82' lang='lat' dir='ltr'><strong>omnia</strong></span> <span class='ocrx_word' id='word_1_396' title='bbox 3242 2679 3436 2721; x_wconf 85' lang='lat' dir='ltr'><strong>secun-</strong></span> 
     </span>
    </p>
   </div>
   <div class='ocr_carea' id='block_1_58' title="bbox 1885 2733 3437 2825">
    <p class='ocr_par' dir='ltr' id='par_1_58' title="bbox 1885 2733 3437 2825">
     <span class='ocr_line' id='line_1_58' title="bbox 1885 2733 3437 2825; baseline 0.019 -41"><span class='ocrx_word' id='word_1_397' title='bbox 1885 2733 2011 2786; x_wconf 91' lang='lat' dir='ltr'><strong>dum</strong></span> <span class='ocrx_word' id='word_1_398' title='bbox 2044 2737 2314 2804; x_wconf 87' lang='lat' dir='ltr'><strong>propriam</strong></span> <span class='ocrx_word' id='word_1_399' title='bbox 2379 2743 2640 2813; x_wconf 90' lang='lat' dir='ltr'><strong>cujusque</strong></span> <span class='ocrx_word' id='word_1_400' title='bbox 2684 2755 2894 2802; x_wconf 74' lang='lat' dir='ltr'><strong>naturae</strong></span> <span class='ocrx_word' id='word_1_401' title='bbox 2935 2751 3323 2825; x_wconf 79' lang='lat' dir='ltr'><strong>definitionem,</strong></span> <span class='ocrx_word' id='word_1_402' title='bbox 3381 2771 3437 2814; x_wconf 91' lang='lat' dir='ltr'><strong>et</strong></span> 
     </span>
    </p>
   </div>
   <div class='ocr_carea' id='block_1_59' title="bbox 1890 2826 3435 2916">
    <p class='ocr_par' dir='ltr' id='par_1_59' title="bbox 1890 2826 3435 2916">
     <span class='ocr_line' id='line_1_59' title="bbox 1890 2826 3435 2916; baseline 0.019 -40"><span class='ocrx_word' id='word_1_403' title='bbox 1890 2826 2034 2892; x_wconf 91' lang='lat' dir='ltr'><strong>quod</strong></span> <span class='ocrx_word' id='word_1_404' title='bbox 2082 2842 2245 2882; x_wconf 83' lang='lat' dir='ltr'><strong>causa</strong></span> <span class='ocrx_word' id='word_1_405' title='bbox 2299 2831 2498 2887; x_wconf 82' lang='lat' dir='ltr'><strong>existat</strong></span> <span class='ocrx_word' id='word_1_406' title='bbox 2556 2837 2786 2905; x_wconf 59' lang='lat' dir='ltr'><strong>propriae</strong></span> <span class='ocrx_word' id='word_1_407' title='bbox 2828 2840 3112 2909; x_wconf 75' lang='lat' dir='ltr'><strong>cujuslibet</strong></span> <span class='ocrx_word' id='word_1_408' title='bbox 3181 2850 3435 2916; x_wconf 79' lang='lat' dir='ltr'><strong>actionis,</strong></span> 
     </span>
    </p>
   </div>
   <div class='ocr_carea' id='block_1_60' title="bbox 1885 2915 3440 3011">
    <p class='ocr_par' dir='ltr' id='par_1_60' title="bbox 1885 2915 3440 3011">
     <span class='ocr_line' id='line_1_60' title="bbox 1885 2915 3440 3011; baseline 0.019 -44"><span class='ocrx_word' id='word_1_409' title='bbox 1885 2915 2098 2986; x_wconf 79' lang='lat' dir='ltr'><strong>singula</strong></span> <span class='ocrx_word' id='word_1_410' title='bbox 2125 2920 2269 2974; x_wconf 91' lang='lat' dir='ltr'><strong>enim</strong></span> <span class='ocrx_word' id='word_1_411' title='bbox 2326 2923 2564 2992; x_wconf 86' lang='lat' dir='ltr'><strong>disponit</strong></span> <span class='ocrx_word' id='word_1_412' title='bbox 2593 2928 2771 2982; x_wconf 89' lang='lat' dir='ltr'><strong>divina</strong></span> <span class='ocrx_word' id='word_1_413' title='bbox 2793 2930 3006 3000; x_wconf 90' lang='lat' dir='ltr'><strong>justitia</strong></span> <span class='ocrx_word' id='word_1_414' title='bbox 3050 2951 3147 3004; x_wconf 92' lang='lat' dir='ltr'><strong>pro</strong></span> <span class='ocrx_word' id='word_1_415' title='bbox 3180 2940 3440 3011; x_wconf 80' lang='lat' dir='ltr'><strong>cujusque</strong></span> 
     </span>
    </p>
   </div>
   <div class='ocr_carea' id='block_1_61' title="bbox 1887 3007 3438 3100">
    <p class='ocr_par' dir='ltr' id='par_1_61' title="bbox 1887 3007 3438 3100">
     <span class='ocr_line' id='line_1_61' title="bbox 1887 3007 3438 3100; baseline 0.021 -40"><span class='ocrx_word' id='word_1_416' title='bbox 1887 3007 2162 3078; x_wconf 77' lang='lat' dir='ltr'><strong>dignitate.</strong></span> <span class='ocrx_word' id='word_1_417' title='bbox 2190 3013 2527 3084; x_wconf 83' lang='lat' dir='ltr'><strong>Iniquitatem</strong></span> <span class='ocrx_word' id='word_1_418' title='bbox 2564 3021 2744 3090; x_wconf 83' lang='lat' dir='ltr'><strong>itaque</strong></span> <span class='ocrx_word' id='word_1_419' title='bbox 2789 3025 3102 3095; x_wconf 90' lang='lat' dir='ltr'><strong>loquuntur,</strong></span> <span class='ocrx_word' id='word_1_420' title='bbox 3128 3028 3216 3100; x_wconf 85' lang='lat' dir='ltr'><strong>qui</strong></span> <span class='ocrx_word' id='word_1_421' title='bbox 3243 3007 3438 3092; x_wconf 72' lang='lat' dir='ltr'><strong>divina:</strong></span> 
     </span>
    </p>
   </div>
   <div class='ocr_carea' id='block_1_62' title="bbox 1882 3098 3438 3185">
    <p class='ocr_par' dir='ltr' id='par_1_62' title="bbox 1882 3098 3438 3185">
     <span class='ocr_line' id='line_1_62' title="bbox 1882 3098 3438 3185; baseline 0.019 -32"><span class='ocrx_word' id='word_1_422' title='bbox 1882 3098 2107 3166; x_wconf 66' lang='lat' dir='ltr'><strong>iustitiae</strong></span> <span class='ocrx_word' id='word_1_423' title='bbox 2156 3109 2570 3175; x_wconf 86' lang='lat' dir='ltr'><strong>contradicunt,</strong></span> <span class='ocrx_word' id='word_1_424' title='bbox 2621 3122 2677 3166; x_wconf 89' lang='lat' dir='ltr'><strong>et</strong></span> <span class='ocrx_word' id='word_1_425' title='bbox 2722 3116 2812 3185; x_wconf 89' lang='lat' dir='ltr'><strong>qui</strong></span> <span class='ocrx_word' id='word_1_426' title='bbox 2859 3119 3067 3185; x_wconf 90' lang='lat' dir='ltr'><strong>dicunt,</strong></span> <span class='ocrx_word' id='word_1_427' title='bbox 3115 3098 3438 3183; x_wconf 75' lang='lat' dir='ltr'><strong>mortalibus</strong></span> 
     </span>
    </p>
   </div>
   <div class='ocr_carea' id='block_1_63' title="bbox 203 3158 1773 3282">
    <p class='ocr_par' dir='ltr' id='par_1_63' title="bbox 203 3158 1773 3282">
     <span class='ocr_line' id='line_1_63' title="bbox 203 3158 1773 3252; baseline 0.017 -42"><span class='ocrx_word' id='word_1_428' title='bbox 203 3158 309 3210; x_wconf 76' lang='grc' dir='ltr'><strong>καὶ</strong></span> <span class='ocrx_word' id='word_1_429' title='bbox 342 3162 453 3220; x_wconf 80' lang='grc' dir='ltr'>τοῖς</span> <span class='ocrx_word' id='word_1_430' title='bbox 487 3161 697 3215; x_wconf 81' lang='grc' dir='ltr'>ἀτελέσι</span> <span class='ocrx_word' id='word_1_431' title='bbox 732 3165 791 3217; x_wconf 78' lang='grc' dir='ltr'><strong>τὸ</strong></span> <span class='ocrx_word' id='word_1_432' title='bbox 825 3167 1050 3233; x_wconf 85' lang='grc' dir='ltr'>τέλειον,</span> <span class='ocrx_word' id='word_1_433' title='bbox 1091 3173 1184 3224; x_wconf 79' lang='grc' dir='ltr'><strong>καὶ</strong></span> <span class='ocrx_word' id='word_1_434' title='bbox 1217 3172 1403 3239; x_wconf 76' lang='grc' dir='ltr'>τᾶλλα,</span> <span class='ocrx_word' id='word_1_435' title='bbox 1444 3179 1526 3230; x_wconf 78' lang='grc' dir='ltr'><strong>ἵνα</strong></span> <span class='ocrx_word' id='word_1_436' title='bbox 1564 3179 1637 3252; x_wconf 81' lang='grc' dir='ltr'><strong>μὴ</strong></span> <span class='ocrx_word' id='word_1_437' title='bbox 1658 3184 1773 3237; x_wconf 69' lang='grc' dir='ltr'>καθ’</span> 
     </span>
     <span class='ocr_line' id='line_1_64' title="bbox 203 3246 1670 3282; baseline 0 0"><span class='ocrx_word' id='word_1_438' title='bbox 203 3246 438 3282; x_wconf 56' lang='grc' dir='ltr'><strong>ενι-ρης..</strong></span> <span class='ocrx_word' id='word_1_439' title='bbox 476 3251 830 3282; x_wconf 56' lang='grc' dir='ltr'><strong>π.--.κ;ε....-..</strong></span> <span class='ocrx_word' id='word_1_440' title='bbox 885 3259 1149 3282; x_wconf 60' lang='lat' dir='ltr'><strong>A:_._-.____,,</strong></span> <span class='ocrx_word' id='word_1_441' title='bbox 1195 3263 1248 3282; x_wconf 44' lang='grc' dir='ltr'><strong>ης</strong></span> <span class='ocrx_word' id='word_1_442' title='bbox 1408 3268 1434 3279; x_wconf 79' lang='grc'><strong>.-</strong></span> <span class='ocrx_word' id='word_1_443' title='bbox 1518 3271 1529 3282; x_wconf 92' lang='grc'><em>.</em></span> <span class='ocrx_word' id='word_1_444' title='bbox 1587 3272 1608 3282; x_wconf 86' lang='grc'>..</span> <span class='ocrx_word' id='word_1_445' title='bbox 1650 3272 1670 3282; x_wconf 61' lang='grc' dir='ltr'><strong>λ</strong></span> 
     </span>
    </p>
   </div>
   <div class='ocr_carea' id='block_1_64' title="bbox 1804 3158 3437 3282">
    <p class='ocr_par' dir='ltr' id='par_1_64' title="bbox 1810 3158 3437 3282">
     <span class='ocr_line' id='line_1_65' title="bbox 1882 3158 3437 3185; baseline 0.019 -31"><span class='ocrx_word' id='word_1_446' title='bbox 1882 3158 1899 3166; x_wconf 82' lang='lat'>_</span> <span class='ocrx_word' id='word_1_447' title='bbox 2173 3158 2176 3159; x_wconf 66' lang='lat'>,</span> <span class='ocrx_word' id='word_1_448' title='bbox 2229 3158 2232 3159; x_wconf 65' lang='lat'><strong>,</strong></span> <span class='ocrx_word' id='word_1_449' title='bbox 2271 3158 2297 3160; x_wconf 46' lang='grc' dir='ltr'><strong><em>η</em></strong></span> <span class='ocrx_word' id='word_1_450' title='bbox 2321 3158 2570 3175; x_wconf 35' lang='grc' dir='ltr'><strong>κτα----ν</strong></span> <span class='ocrx_word' id='word_1_451' title='bbox 2624 3158 2677 3166; x_wconf 67' lang='grc' dir='ltr'><strong>ν-</strong></span> <span class='ocrx_word' id='word_1_452' title='bbox 2762 3158 2812 3169; x_wconf 71' lang='grc' dir='ltr'><strong>ι.-</strong></span> <span class='ocrx_word' id='word_1_453' title='bbox 2859 3158 3067 3185; x_wconf 71' lang='lat' dir='ltr'><strong>unm-uo.</strong></span> <span class='ocrx_word' id='word_1_454' title='bbox 3115 3158 3222 3177; x_wconf 81' lang='grc' dir='ltr'>ωυι</span> <span class='ocrx_word' id='word_1_455' title='bbox 3239 3158 3437 3183; x_wconf 67' lang='lat' dir='ltr'><strong>mrtuus:</strong></span> 
     </span>
     <span class='ocr_line' id='line_1_66' title="bbox 1810 3158 3437 3282; baseline 0.022 -45"><span class='ocrx_word' id='word_1_456' title='bbox 1810 3188 1856 3250; x_wconf 72' lang='grc' dir='ltr'>ο</span> <span class='ocrx_word' id='word_1_457' title='bbox 1887 3184 2065 3242; x_wconf 85' lang='lat' dir='ltr'><strong>inesse</strong></span> <span class='ocrx_word' id='word_1_458' title='bbox 2095 3191 2290 3247; x_wconf 87' lang='lat' dir='ltr'><strong>debere</strong></span> <span class='ocrx_word' id='word_1_459' title='bbox 2331 3158 2814 3268; x_wconf 41' lang='lat' dir='ltr'><strong>immortalitate‘m,</strong></span> <span class='ocrx_word' id='word_1_460' title='bbox 2842 3216 2895 3260; x_wconf 91' lang='lat' dir='ltr'><strong>et</strong></span> <span class='ocrx_word' id='word_1_461' title='bbox 2924 3211 3082 3264; x_wconf 84' lang='lat' dir='ltr'><strong>rebus</strong></span> <span class='ocrx_word' id='word_1_462' title='bbox 3107 3211 3437 3282; x_wconf 82' lang='lat' dir='ltr'><strong>imperfectis</strong></span> 
     </span>
    </p>
   </div>
   <div class='ocr_carea' id='block_1_65' title="bbox 201 3246 1780 3342">
    <p class='ocr_par' dir='ltr' id='par_1_65' title="bbox 201 3246 1780 3342">
     <span class='ocr_line' id='line_1_67' title="bbox 201 3246 1780 3342; baseline 0.016 -41"><span class='ocrx_word' id='word_1_463' title='bbox 201 3246 438 3303; x_wconf 78' lang='grc' dir='ltr'>Ξκαστον</span> <span class='ocrx_word' id='word_1_464' title='bbox 476 3251 849 3325; x_wconf 79' lang='grc' dir='ltr'>διατρίϐωμεν.</span> <span class='ocrx_word' id='word_1_465' title='bbox 873 3259 1156 3314; x_wconf 84' lang='grc' dir='ltr'>Αίτιῶνται</span> <span class='ocrx_word' id='word_1_466' title='bbox 1192 3263 1318 3334; x_wconf 82' lang='grc' dir='ltr'>γάρ,</span> <span class='ocrx_word' id='word_1_467' title='bbox 1359 3268 1473 3331; x_wconf 87' lang='grc' dir='ltr'><strong>πῶς</strong></span> <span class='ocrx_word' id='word_1_468' title='bbox 1508 3271 1537 3321; x_wconf 86' lang='lat'><strong>6</strong></span> <span class='ocrx_word' id='word_1_469' title='bbox 1579 3272 1780 3342; x_wconf 84' lang='grc' dir='ltr'>ἄνθρω-</span> 
     </span>
    </p>
   </div>
   <div class='ocr_carea' id='block_1_66' title="bbox 202 3345 1774 3432">
    <p class='ocr_par' dir='ltr' id='par_1_66' title="bbox 202 3345 1774 3432">
     <span class='ocr_line' id='line_1_68' title="bbox 202 3345 1774 3432; baseline 0.017 -41"><span class='ocrx_word' id='word_1_470' title='bbox 202 3357 334 3404; x_wconf 68' lang='grc' dir='ltr'>πος,</span> <span class='ocrx_word' id='word_1_471' title='bbox 375 3345 571 3397; x_wconf 88' lang='grc' dir='ltr'>τοιονδε</span> <span class='ocrx_word' id='word_1_472' title='bbox 608 3346 744 3410; x_wconf 77' lang='grc' dir='ltr'>ζῶον</span> <span class='ocrx_word' id='word_1_473' title='bbox 799 3348 893 3411; x_wconf 83' lang='grc' dir='ltr'><strong>ῶν,</strong></span> <span class='ocrx_word' id='word_1_474' title='bbox 947 3352 1244 3423; x_wconf 82' lang='grc' dir='ltr'>φθείρεται,</span> <span class='ocrx_word' id='word_1_475' title='bbox 1301 3359 1415 3421; x_wconf 84' lang='grc' dir='ltr'><strong>πῶς</strong></span> <span class='ocrx_word' id='word_1_476' title='bbox 1450 3361 1478 3412; x_wconf 93' lang='lat'><strong>6</strong></span> <span class='ocrx_word' id='word_1_477' title='bbox 1527 3362 1774 3432; x_wconf 79' lang='grc' dir='ltr'>ἀσπάλαξ</span> 
     </span>
    </p>
   </div>
   <div class='ocr_carea' id='block_1_67' title="bbox 198 3435 1774 3517">
    <p class='ocr_par' dir='ltr' id='par_1_67' title="bbox 198 3435 1774 3517">
     <span class='ocr_line' id='line_1_69' title="bbox 198 3435 1774 3517; baseline 0.015 -31"><span class='ocrx_word' id='word_1_478' title='bbox 198 3435 425 3503; x_wconf 74' lang='grc' dir='ltr'>τυφλὸς,</span> <span class='ocrx_word' id='word_1_479' title='bbox 469 3438 584 3500; x_wconf 86' lang='grc' dir='ltr'><strong>πῶς</strong></span> <span class='ocrx_word' id='word_1_480' title='bbox 618 3440 645 3490; x_wconf 92' lang='lat'><strong>6</strong></span> <span class='ocrx_word' id='word_1_481' title='bbox 684 3439 825 3502; x_wconf 77' lang='grc' dir='ltr'>λίθος</span> <span class='ocrx_word' id='word_1_482' title='bbox 864 3442 963 3494; x_wconf 83' lang='grc' dir='ltr'><strong>οὐκ</strong></span> <span class='ocrx_word' id='word_1_483' title='bbox 1019 3445 1384 3516; x_wconf 89' lang='grc' dir='ltr'>αὐτοκίνητος,</span> <span class='ocrx_word' id='word_1_484' title='bbox 1421 3451 1537 3517; x_wconf 86' lang='grc' dir='ltr'><strong>πῶς</strong></span> <span class='ocrx_word' id='word_1_485' title='bbox 1574 3455 1633 3507; x_wconf 82' lang='grc' dir='ltr'><strong>τὸ</strong></span> <span class='ocrx_word' id='word_1_486' title='bbox 1668 3458 1774 3510; x_wconf 78' lang='grc' dir='ltr'>πᾶν</span> 
     </span>
    </p>
   </div>
   <div class='ocr_carea' id='block_1_68' title="bbox 198 3526 1773 3617">
    <p class='ocr_par' dir='ltr' id='par_1_68' title="bbox 198 3526 1773 3617">
     <span class='ocr_line' id='line_1_70' title="bbox 198 3526 1773 3617; baseline 0.013 -37"><span class='ocrx_word' id='word_1_487' title='bbox 198 3526 509 3582; x_wconf 74' lang='grc' dir='ltr'>ἀλλοιοῦται</span> <span class='ocrx_word' id='word_1_488' title='bbox 548 3530 688 3584; x_wconf 86' lang='grc' dir='ltr'>κατὰ</span> <span class='ocrx_word' id='word_1_489' title='bbox 724 3532 822 3595; x_wconf 81' lang='grc' dir='ltr'><strong>τὰς</strong></span> <span class='ocrx_word' id='word_1_490' title='bbox 877 3533 1046 3605; x_wconf 85' lang='grc' dir='ltr'>ὧρας,</span> <span class='ocrx_word' id='word_1_491' title='bbox 1105 3541 1221 3604; x_wconf 82' lang='grc' dir='ltr'><strong>πῶς</strong></span> <span class='ocrx_word' id='word_1_492' title='bbox 1258 3544 1312 3596; x_wconf 82' lang='grc' dir='ltr'>αἱ</span> <span class='ocrx_word' id='word_1_493' title='bbox 1351 3543 1618 3616; x_wconf 90' lang='grc' dir='ltr'>ἐπίκαιροι</span> <span class='ocrx_word' id='word_1_494' title='bbox 1655 3549 1773 3617; x_wconf 81' lang='grc' dir='ltr'>ἡδο-</span> 
     </span>
    </p>
   </div>
   <div class='ocr_carea' id='block_1_69' title="bbox 195 3618 1768 3708">
    <p class='ocr_par' dir='ltr' id='par_1_69' title="bbox 195 3618 1768 3708">
     <span class='ocr_line' id='line_1_71' title="bbox 195 3618 1768 3708; baseline 0.014 -39"><span class='ocrx_word' id='word_1_495' title='bbox 195 3618 296 3671; x_wconf 77' lang='grc' dir='ltr'><strong>ναὶ</strong></span> <span class='ocrx_word' id='word_1_496' title='bbox 331 3620 429 3672; x_wconf 82' lang='grc' dir='ltr'><strong>οὐκ</strong></span> <span class='ocrx_word' id='word_1_497' title='bbox 467 3620 702 3675; x_wconf 69' lang='grc' dir='ltr'>αἱώνιοιο</span> <span class='ocrx_word' id='word_1_498' title='bbox 743 3624 861 3678; x_wconf 88' lang='grc' dir='ltr'>δέον</span> <span class='ocrx_word' id='word_1_499' title='bbox 895 3627 1110 3693; x_wconf 84' lang='grc' dir='ltr'>εἰδέναι,</span> <span class='ocrx_word' id='word_1_500' title='bbox 1165 3632 1246 3684; x_wconf 85' lang='grc' dir='ltr'>ὃτι</span> <span class='ocrx_word' id='word_1_501' title='bbox 1302 3635 1464 3688; x_wconf 77' lang='grc' dir='ltr'>πᾶσιν</span> <span class='ocrx_word' id='word_1_502' title='bbox 1510 3636 1768 3708; x_wconf 80' lang='grc' dir='ltr'>ἀπονέμει</span> 
     </span>
    </p>
   </div>
   <div class='ocr_carea' id='block_1_70' title="bbox 194 3700 1768 3803">
    <p class='ocr_par' dir='ltr' id='par_1_70' title="bbox 194 3700 1768 3803">
     <span class='ocr_line' id='line_1_72' title="bbox 194 3700 1768 3803; baseline 0.017 -43"><span class='ocrx_word' id='word_1_503' title='bbox 194 3700 275 3762; x_wconf 70' lang='grc' dir='ltr'>τὰ</span> <span class='ocrx_word' id='word_1_504' title='bbox 308 3712 481 3765; x_wconf 84' lang='grc' dir='ltr'>οἰκεῖα</span> <span class='ocrx_word' id='word_1_505' title='bbox 589 3715 705 3769; x_wconf 81' lang='grc' dir='ltr'>θεία</span> <span class='ocrx_word' id='word_1_506' title='bbox 755 3718 1083 3793; x_wconf 76' lang='grc' dir='ltr'>δικαιοσύνη,</span> <span class='ocrx_word' id='word_1_507' title='bbox 1143 3726 1232 3778; x_wconf 78' lang='grc' dir='ltr'><strong>καὶ</strong></span> <span class='ocrx_word' id='word_1_508' title='bbox 1267 3725 1492 3781; x_wconf 75' lang='grc' dir='ltr'>ἕκαστον</span> <span class='ocrx_word' id='word_1_509' title='bbox 1546 3733 1637 3783; x_wconf 82' lang='grc' dir='ltr'>ἐπὶ</span> <span class='ocrx_word' id='word_1_510' title='bbox 1669 3733 1768 3803; x_wconf 78' lang='grc' dir='ltr'>τῆς</span> 
     </span>
    </p>
   </div>
   <div class='ocr_carea' id='block_1_71' title="bbox 194 3802 1394 3888">
    <p class='ocr_par' dir='ltr' id='par_1_71' title="bbox 194 3802 1394 3888">
     <span class='ocr_line' id='line_1_73' title="bbox 194 3802 1394 3888; baseline 0.018 -36"><span class='ocrx_word' id='word_1_511' title='bbox 194 3802 410 3865; x_wconf 76' lang='grc' dir='ltr'>οἰκείας</span> <span class='ocrx_word' id='word_1_512' title='bbox 442 3804 692 3870; x_wconf 78' lang='grc' dir='ltr'>διασώζει</span> <span class='ocrx_word' id='word_1_513' title='bbox 727 3811 930 3876; x_wconf 73' lang='grc' dir='ltr'>τάξεως</span> <span class='ocrx_word' id='word_1_514' title='bbox 968 3817 1060 3867; x_wconf 73' lang='grc' dir='ltr'><strong>καὶ</strong></span> <span class='ocrx_word' id='word_1_515' title='bbox 1099 3817 1394 3888; x_wconf 83' lang='grc' dir='ltr'>δυνάμεως.</span> 
     </span>
    </p>
   </div>
   <div class='ocr_carea' id='block_1_72' title="bbox 273 4069 1763 4162">
    <p class='ocr_par' dir='ltr' id='par_1_72' title="bbox 273 4069 1763 4162">
     <span class='ocr_line' id='line_1_74' title="bbox 273 4069 1763 4162; baseline 0.022 -44"><span class='ocrx_word' id='word_1_516' title='bbox 273 4070 302 4143; x_wconf 66' lang='lat'><strong>5</strong></span> <span class='ocrx_word' id='word_1_517' title='bbox 343 4069 470 4126; x_wconf 82' lang='lat' dir='ltr'><strong>VIII.</strong></span> <span class='ocrx_word' id='word_1_518' title='bbox 516 4071 652 4124; x_wconf 83' lang='grc' dir='ltr'>Ἀλλ’</span> <span class='ocrx_word' id='word_1_519' title='bbox 690 4074 832 4128; x_wconf 78' lang='grc' dir='ltr'>εἴποι</span> <span class='ocrx_word' id='word_1_520' title='bbox 869 4095 982 4142; x_wconf 89' lang='grc' dir='ltr'>τις·</span> <span class='ocrx_word' id='word_1_521' title='bbox 1009 4081 1131 4146; x_wconf 87' lang='grc' dir='ltr'>Πῶς</span> <span class='ocrx_word' id='word_1_522' title='bbox 1153 4085 1210 4136; x_wconf 86' lang='grc' dir='ltr'><strong>οὐ</strong></span> <span class='ocrx_word' id='word_1_523' title='bbox 1251 4087 1432 4159; x_wconf 81' lang='grc' dir='ltr'>βοηθεῖ</span> <span class='ocrx_word' id='word_1_524' title='bbox 1466 4095 1576 4157; x_wconf 85' lang='grc' dir='ltr'>τοῖς</span> <span class='ocrx_word' id='word_1_525' title='bbox 1595 4096 1763 4162; x_wconf 84' lang='grc' dir='ltr'>ὁσίοις</span> 
     </span>
    </p>
   </div>
   <div class='ocr_carea' id='block_1_73' title="bbox 193 4161 1762 4252">
    <p class='ocr_par' dir='ltr' id='par_1_73' title="bbox 193 4161 1762 4252">
     <span class='ocr_line' id='line_1_75' title="bbox 193 4161 1762 4252; baseline 0.017 -36"><span class='ocrx_word' id='word_1_526' title='bbox 193 4161 607 4232; x_wconf 70' lang='grc' dir='ltr'>ἀδικουμένοιςς</span> <span class='ocrx_word' id='word_1_527' title='bbox 675 4166 890 4238; x_wconf 87' lang='grc' dir='ltr'>Ῥητέον</span> <span class='ocrx_word' id='word_1_528' title='bbox 941 4171 1005 4224; x_wconf 80' lang='grc' dir='ltr'><strong>ἐκ</strong></span> <span class='ocrx_word' id='word_1_529' title='bbox 1056 4172 1385 4247; x_wconf 60' lang='grc' dir='ltr'>διαιρέσεως</span> <span class='ocrx_word' id='word_1_530' title='bbox 1457 4161 1762 4252; x_wconf 84' lang='grc' dir='ltr'>Ἀγαπῶσιν</span> 
     </span>
    </p>
   </div>
   <div class='ocr_carea' id='block_1_74' title="bbox 192 4251 1759 4345">
    <p class='ocr_par' dir='ltr' id='par_1_74' title="bbox 192 4251 1759 4345">
     <span class='ocr_line' id='line_1_76' title="bbox 192 4251 1759 4345; baseline 0.015 -38"><span class='ocrx_word' id='word_1_531' title='bbox 192 4251 250 4307; x_wconf 73' lang='grc' dir='ltr'>υῑ</span> <span class='ocrx_word' id='word_1_532' title='bbox 283 4251 418 4305; x_wconf 83' lang='grc' dir='ltr'>ὅσιοι</span> <span class='ocrx_word' id='word_1_533' title='bbox 456 4253 522 4306; x_wconf 82' lang='grc' dir='ltr'>τὰ</span> <span class='ocrx_word' id='word_1_534' title='bbox 561 4257 822 4327; x_wconf 84' lang='grc' dir='ltr'>παρόντα,</span> <span class='ocrx_word' id='word_1_535' title='bbox 859 4259 892 4330; x_wconf 85' lang='grc' dir='ltr'>ἢ</span> <span class='ocrx_word' id='word_1_536' title='bbox 931 4263 1028 4314; x_wconf 84' lang='grc' dir='ltr'><strong>οὐκ</strong></span> <span class='ocrx_word' id='word_1_537' title='bbox 1065 4265 1366 4331; x_wconf 82' lang='grc' dir='ltr'>ἀγαπῶσιν.</span> <span class='ocrx_word' id='word_1_538' title='bbox 1409 4271 1469 4324; x_wconf 87' lang='grc' dir='ltr'>Εί</span> <span class='ocrx_word' id='word_1_539' title='bbox 1507 4251 1602 4342; x_wconf 79' lang='grc' dir='ltr'>μὲν</span> <span class='ocrx_word' id='word_1_540' title='bbox 1621 4277 1759 4345; x_wconf 81' lang='grc' dir='ltr'>ἀγα-</span> 
     </span>
    </p>
   </div>
   <div class='ocr_carea' id='block_1_75' title="bbox 194 4342 1757 4434">
    <p class='ocr_par' dir='ltr' id='par_1_75' title="bbox 194 4342 1757 4434">
     <span class='ocr_line' id='line_1_77' title="bbox 194 4342 1757 4434; baseline 0.016 -37"><span class='ocrx_word' id='word_1_541' title='bbox 194 4342 396 4409; x_wconf 65' lang='grc' dir='ltr'>πῦσιν,</span> <span class='ocrx_word' id='word_1_542' title='bbox 453 4346 549 4416; x_wconf 81' lang='grc' dir='ltr'>οὐχ</span> <span class='ocrx_word' id='word_1_543' title='bbox 604 4349 777 4412; x_wconf 81' lang='grc' dir='ltr'>ὅσιοι,</span> <span class='ocrx_word' id='word_1_544' title='bbox 834 4352 908 4415; x_wconf 82' lang='grc' dir='ltr'>ὡς</span> <span class='ocrx_word' id='word_1_545' title='bbox 960 4357 1054 4407; x_wconf 77' lang='grc' dir='ltr'>τοῦ</span> <span class='ocrx_word' id='word_1_546' title='bbox 1109 4357 1250 4410; x_wconf 85' lang='grc' dir='ltr'>θείου</span> <span class='ocrx_word' id='word_1_547' title='bbox 1305 4362 1757 4434; x_wconf 77' lang='grc' dir='ltr'>ἁποπεπτωκότες</span> 
     </span>
    </p>
   </div>
   <div class='ocr_carea' id='block_1_76' title="bbox 191 4433 1760 4527">
    <p class='ocr_par' dir='ltr' id='par_1_76' title="bbox 191 4433 1760 4527">
     <span class='ocr_line' id='line_1_78' title="bbox 191 4433 1760 4527; baseline 0.017 -39"><span class='ocrx_word' id='word_1_548' title='bbox 191 4433 398 4506; x_wconf 66' lang='grc' dir='ltr'>ἔρωτος</span> <span class='ocrx_word' id='word_1_549' title='bbox 423 4455 436 4467; x_wconf 89' lang='grc'><strong>·</strong></span> <span class='ocrx_word' id='word_1_550' title='bbox 472 4437 714 4493; x_wconf 78' lang='grc' dir='ltr'>ἀδικοῦσι</span> <span class='ocrx_word' id='word_1_551' title='bbox 754 4443 861 4514; x_wconf 80' lang='grc' dir='ltr'>γὰρ</span> <span class='ocrx_word' id='word_1_552' title='bbox 896 4445 963 4498; x_wconf 76' lang='grc' dir='ltr'><strong>τά</strong></span> <span class='ocrx_word' id='word_1_553' title='bbox 1001 4447 1166 4513; x_wconf 76' lang='grc' dir='ltr'>ὅντως</span> <span class='ocrx_word' id='word_1_554' title='bbox 1202 4453 1404 4522; x_wconf 84' lang='grc' dir='ltr'>ἐραστά</span> <span class='ocrx_word' id='word_1_555' title='bbox 1442 4433 1760 4527; x_wconf 53' lang='grc' dir='ltr'>παρευδοκιέ</span> 
     </span>
    </p>
   </div>
   <div class='ocr_carea' id='block_1_77' title="bbox 195 4525 1759 4620">
    <p class='ocr_par' dir='ltr' id='par_1_77' title="bbox 195 4525 1759 4620">
     <span class='ocr_line' id='line_1_79' title="bbox 195 4525 1759 4620; baseline 0.019 -45"><span class='ocrx_word' id='word_1_556' title='bbox 195 4525 446 4596; x_wconf 86' lang='grc' dir='ltr'>μούμενα</span> <span class='ocrx_word' id='word_1_557' title='bbox 498 4527 588 4580; x_wconf 80' lang='grc' dir='ltr'>ὐπ’</span> <span class='ocrx_word' id='word_1_558' title='bbox 639 4532 836 4597; x_wconf 90' lang='grc' dir='ltr'>αὐτῶν,</span> <span class='ocrx_word' id='word_1_559' title='bbox 892 4536 1022 4589; x_wconf 79' lang='grc' dir='ltr'>διότι</span> <span class='ocrx_word' id='word_1_560' title='bbox 1078 4540 1184 4592; x_wconf 88' lang='grc' dir='ltr'><strong>τῶν</strong></span> <span class='ocrx_word' id='word_1_561' title='bbox 1238 4541 1528 4612; x_wconf 79' lang='grc' dir='ltr'>ἀζηλὼτων</span> <span class='ocrx_word' id='word_1_562' title='bbox 1563 4551 1759 4620; x_wconf 87' lang='grc' dir='ltr'>ἐρῶσιν</span> 
     </span>
    </p>
   </div>
   <div class='ocr_carea' id='block_1_78' title="bbox 189 4613 1759 4698">
    <p class='ocr_par' dir='ltr' id='par_1_78' title="bbox 189 4613 1759 4698">
     <span class='ocr_line' id='line_1_80' title="bbox 189 4613 1759 4698; baseline 0.018 -30"><span class='ocrx_word' id='word_1_563' title='bbox 189 4613 335 4668; x_wconf 86' lang='grc' dir='ltr'><strong>αὐτά</strong></span> <span class='ocrx_word' id='word_1_564' title='bbox 371 4619 820 4688; x_wconf 84' lang='grc' dir='ltr'>παρατρέχοντες.</span> <span class='ocrx_word' id='word_1_565' title='bbox 865 4624 926 4676; x_wconf 79' lang='grc' dir='ltr'>Εἰ</span> <span class='ocrx_word' id='word_1_566' title='bbox 963 4625 1007 4677; x_wconf 79' lang='grc' dir='ltr'>δ’</span> <span class='ocrx_word' id='word_1_567' title='bbox 1026 4627 1125 4680; x_wconf 90' lang='grc' dir='ltr'><strong>οὐκ</strong></span> <span class='ocrx_word' id='word_1_568' title='bbox 1163 4630 1466 4698; x_wconf 83' lang='grc' dir='ltr'>ἀγαπῶσιν,</span> <span class='ocrx_word' id='word_1_569' title='bbox 1506 4613 1636 4693; x_wconf 80' lang='grc' dir='ltr'><strong>ἀλλά</strong></span> <span class='ocrx_word' id='word_1_570' title='bbox 1653 4643 1759 4697; x_wconf 87' lang='grc' dir='ltr'><strong>τῶν</strong></span> 
     </span>
    </p>
   </div>
   <div class='ocr_carea' id='block_1_79' title="bbox 188 4703 1762 4801">
    <p class='ocr_par' dir='ltr' id='par_1_79' title="bbox 188 4703 1762 4801">
     <span class='ocr_line' id='line_1_81' title="bbox 188 4703 1762 4801; baseline 0.025 -53"><span class='ocrx_word' id='word_1_571' title='bbox 188 4703 364 4768; x_wconf 62' lang='grc' dir='ltr'>ὅντως</span> <span class='ocrx_word' id='word_1_572' title='bbox 399 4705 567 4759; x_wconf 81' lang='grc' dir='ltr'>ὄντων</span> <span class='ocrx_word' id='word_1_573' title='bbox 604 4709 824 4778; x_wconf 80' lang='grc' dir='ltr'>ἐρῶσιν,</span> <span class='ocrx_word' id='word_1_574' title='bbox 868 4713 1250 4784; x_wconf 77' lang='grc' dir='ltr'>εὐφραίνεσθαι</span> <span class='ocrx_word' id='word_1_575' title='bbox 1294 4723 1489 4791; x_wconf 80' lang='grc' dir='ltr'>μᾶλλον</span> <span class='ocrx_word' id='word_1_576' title='bbox 1529 4730 1629 4801; x_wconf 80' lang='grc' dir='ltr'>χρὴ</span> <span class='ocrx_word' id='word_1_577' title='bbox 1648 4734 1762 4786; x_wconf 91' lang='grc' dir='ltr'>τού-</span> 
     </span>
    </p>
   </div>
   <div class='ocr_carea' id='block_1_80' title="bbox 188 4796 1761 4881">
    <p class='ocr_par' dir='ltr' id='par_1_80' title="bbox 188 4796 1761 4881">
     <span class='ocr_line' id='line_1_82' title="bbox 188 4796 1761 4881; baseline 0.02 -35"><span class='ocrx_word' id='word_1_578' title='bbox 188 4811 340 4859; x_wconf 84' lang='grc' dir='ltr'>τους,</span> <span class='ocrx_word' id='word_1_579' title='bbox 396 4796 486 4849; x_wconf 80' lang='grc' dir='ltr'>ὃτε</span> <span class='ocrx_word' id='word_1_580' title='bbox 537 4802 910 4870; x_wconf 83' lang='grc' dir='ltr'>περιπίπτοιεν</span> <span class='ocrx_word' id='word_1_581' title='bbox 979 4814 1318 4880; x_wconf 85' lang='grc' dir='ltr'>πειρασμοῖς,</span> <span class='ocrx_word' id='word_1_582' title='bbox 1373 4816 1550 4881; x_wconf 88' lang='grc' dir='ltr'>καθὼς</span> <span class='ocrx_word' id='word_1_583' title='bbox 1607 4825 1698 4875; x_wconf 79' lang='grc' dir='ltr'><strong>καὶ</strong></span> <span class='ocrx_word' id='word_1_584' title='bbox 1732 4829 1761 4878; x_wconf 91' lang='lat'><strong>6</strong></span> 
     </span>
    </p>
   </div>
   <div class='ocr_carea' id='block_1_81' title="bbox 191 4885 1759 4975">
    <p class='ocr_par' dir='ltr' id='par_1_81' title="bbox 191 4885 1759 4975">
     <span class='ocr_line' id='line_1_83' title="bbox 191 4885 1759 4975; baseline 0.022 -40"><span class='ocrx_word' id='word_1_585' title='bbox 191 4885 372 4957; x_wconf 74' lang='grc' dir='ltr'>μέγας</span> <span class='ocrx_word' id='word_1_586' title='bbox 446 4889 696 4956; x_wconf 75' lang='grc' dir='ltr'>Ἰάκωϐος</span> <span class='ocrx_word' id='word_1_587' title='bbox 756 4901 1043 4965; x_wconf 86' lang='grc' dir='ltr'>παραινεῖ·</span> <span class='ocrx_word' id='word_1_588' title='bbox 1098 4900 1185 4953; x_wconf 90' lang='grc' dir='ltr'><strong>διά</strong></span> <span class='ocrx_word' id='word_1_589' title='bbox 1239 4904 1346 4975; x_wconf 77' lang='grc' dir='ltr'><strong>γὰρ</strong></span> <span class='ocrx_word' id='word_1_590' title='bbox 1400 4909 1601 4963; x_wconf 83' lang='grc' dir='ltr'>τούτων</span> <span class='ocrx_word' id='word_1_591' title='bbox 1654 4915 1759 4969; x_wconf 85' lang='grc' dir='ltr'><strong>τῶν</strong></span> 
     </span>
    </p>
   </div>
   <div class='ocr_carea' id='block_1_82' title="bbox 187 4975 1760 5068">
    <p class='ocr_par' dir='ltr' id='par_1_82' title="bbox 187 4975 1760 5068">
     <span class='ocr_line' id='line_1_84' title="bbox 187 4975 1760 5068; baseline 0.021 -43"><span class='ocrx_word' id='word_1_592' title='bbox 187 4975 404 5044; x_wconf 66' lang='grc' dir='ltr'>ἐφετῶν</span> <span class='ocrx_word' id='word_1_593' title='bbox 458 4980 902 5052; x_wconf 83' lang='grc' dir='ltr'>ἐπιτυγχάνουσι,</span> <span class='ocrx_word' id='word_1_594' title='bbox 959 4989 1050 5041; x_wconf 80' lang='grc' dir='ltr'><strong>καὶ</strong></span> <span class='ocrx_word' id='word_1_595' title='bbox 1104 4991 1224 5044; x_wconf 83' lang='grc' dir='ltr'>τότε</span> <span class='ocrx_word' id='word_1_596' title='bbox 1276 4998 1394 5058; x_wconf 85' lang='grc' dir='ltr'>ταῖς</span> <span class='ocrx_word' id='word_1_597' title='bbox 1449 4999 1760 5068; x_wconf 80' lang='grc' dir='ltr'>ἀγγελικαῖς</span> 
     </span>
    </p>
   </div>
   <div class='ocr_carea' id='block_1_83' title="bbox 185 5066 1759 5166">
    <p class='ocr_par' dir='ltr' id='par_1_83' title="bbox 185 5066 1759 5166">
     <span class='ocr_line' id='line_1_85' title="bbox 185 5066 1759 5166; baseline 0.018 -46"><span class='ocrx_word' id='word_1_598' title='bbox 185 5066 414 5137; x_wconf 75' lang='grc' dir='ltr'>ἀρεταῖς</span> <span class='ocrx_word' id='word_1_599' title='bbox 470 5071 890 5141; x_wconf 76' lang='grc' dir='ltr'>πλησιάζουσιν,</span> <span class='ocrx_word' id='word_1_600' title='bbox 963 5079 1367 5153; x_wconf 76' lang='grc' dir='ltr'>ἀναχωροῦντες</span> <span class='ocrx_word' id='word_1_601' title='bbox 1418 5066 1759 5166; x_wconf 12' lang='grc' dir='ltr'>τῆςήύλικῆς</span> 
     </span>
    </p>
   </div>
   <div class='ocr_carea' id='block_1_84' title="bbox 184 5162 1752 5253">
    <p class='ocr_par' dir='ltr' id='par_1_84' title="bbox 184 5162 1752 5253">
     <span class='ocr_line' id='line_1_86' title="bbox 184 5162 1752 5253; baseline 0.018 -37"><span class='ocrx_word' id='word_1_602' title='bbox 184 5162 566 5235; x_wconf 86' lang='grc' dir='ltr'>προσπαθείας</span> <span class='ocrx_word' id='word_1_603' title='bbox 603 5167 660 5217; x_wconf 91' lang='grc' dir='ltr'><strong>ἐν</strong></span> <span class='ocrx_word' id='word_1_604' title='bbox 692 5169 810 5230; x_wconf 84' lang='grc' dir='ltr'>ταῖς</span> <span class='ocrx_word' id='word_1_605' title='bbox 848 5169 985 5241; x_wconf 79' lang='grc' dir='ltr'>ὑπὲρ</span> <span class='ocrx_word' id='word_1_606' title='bbox 1023 5174 1116 5225; x_wconf 78' lang='grc' dir='ltr'>τοῦ</span> <span class='ocrx_word' id='word_1_607' title='bbox 1157 5176 1318 5231; x_wconf 82' lang='grc' dir='ltr'>καλοῦ</span> <span class='ocrx_word' id='word_1_608' title='bbox 1357 5187 1752 5253; x_wconf 60' lang='grc' dir='ltr'>περιστάσεσιν</span> 
     </span>
    </p>
   </div>
   <div class='ocr_carea' id='block_1_85' title="bbox 188 5251 1757 5346">
    <p class='ocr_par' dir='ltr' id='par_1_85' title="bbox 188 5251 1757 5346">
     <span class='ocr_line' id='line_1_87' title="bbox 188 5251 1757 5346; baseline 0.018 -41"><span class='ocrx_word' id='word_1_609' title='bbox 188 5251 333 5306; x_wconf 74' lang='grc' dir='ltr'>ὣστε</span> <span class='ocrx_word' id='word_1_610' title='bbox 354 5251 549 5321; x_wconf 83' lang='grc' dir='ltr'>ἀληθὲς</span> <span class='ocrx_word' id='word_1_611' title='bbox 568 5258 760 5320; x_wconf 86' lang='grc' dir='ltr'>εἰπεῖν,</span> <span class='ocrx_word' id='word_1_612' title='bbox 798 5259 878 5311; x_wconf 80' lang='grc' dir='ltr'><strong>ὅτι</strong></span> <span class='ocrx_word' id='word_1_613' title='bbox 915 5261 1068 5314; x_wconf 75' lang='grc' dir='ltr'>τοῦτο</span> <span class='ocrx_word' id='word_1_614' title='bbox 1109 5266 1304 5334; x_wconf 83' lang='grc' dir='ltr'>μᾶλλόν</span> <span class='ocrx_word' id='word_1_615' title='bbox 1343 5273 1457 5325; x_wconf 80' lang='grc' dir='ltr'>ἐστι</span> <span class='ocrx_word' id='word_1_616' title='bbox 1492 5277 1587 5346; x_wconf 78' lang='grc' dir='ltr'>τῆς</span> <span class='ocrx_word' id='word_1_617' title='bbox 1612 5278 1757 5344; x_wconf 83' lang='grc' dir='ltr'>θείας</span> 
     </span>
    </p>
   </div>
   <div class='ocr_carea' id='block_1_86' title="bbox 181 5344 1758 5437">
    <p class='ocr_par' dir='ltr' id='par_1_86' title="bbox 181 5344 1758 5437">
     <span class='ocr_line' id='line_1_88' title="bbox 181 5344 1758 5437; baseline 0.021 -42"><span class='ocrx_word' id='word_1_618' title='bbox 181 5344 533 5414; x_wconf 82' lang='grc' dir='ltr'>δικαιοσύνης</span> <span class='ocrx_word' id='word_1_619' title='bbox 570 5347 716 5413; x_wconf 78' lang='grc' dir='ltr'>ἴδιον,</span> <span class='ocrx_word' id='word_1_620' title='bbox 773 5351 834 5402; x_wconf 84' lang='grc' dir='ltr'>τὸ</span> <span class='ocrx_word' id='word_1_621' title='bbox 870 5353 961 5405; x_wconf 75' lang='grc' dir='ltr'><strong>ἐπί</strong></span> <span class='ocrx_word' id='word_1_622' title='bbox 993 5372 1142 5420; x_wconf 85' lang='grc' dir='ltr'>τινας</span> <span class='ocrx_word' id='word_1_623' title='bbox 1200 5360 1413 5430; x_wconf 83' lang='grc' dir='ltr'>βλέπειν</span> <span class='ocrx_word' id='word_1_624' title='bbox 1467 5344 1758 5437; x_wconf 79' lang='grc' dir='ltr'>ποθοῦντας</span> 
     </span>
    </p>
   </div>
   <div class='ocr_carea' id='block_1_87' title="bbox 180 5437 1757 5538">
    <p class='ocr_par' dir='ltr' id='par_1_87' title="bbox 180 5437 1757 5538">
     <span class='ocr_line' id='line_1_89' title="bbox 180 5437 1757 5538; baseline 0.022 -50"><span class='ocrx_word' id='word_1_625' title='bbox 180 5437 257 5497; x_wconf 66' lang='grc' dir='ltr'>τὰ</span> <span class='ocrx_word' id='word_1_626' title='bbox 295 5437 525 5502; x_wconf 83' lang='grc' dir='ltr'>αἰώνια,</span> <span class='ocrx_word' id='word_1_627' title='bbox 590 5442 661 5511; x_wconf 85' lang='grc' dir='ltr'>μὴ</span> <span class='ocrx_word' id='word_1_628' title='bbox 716 5443 924 5514; x_wconf 83' lang='grc' dir='ltr'>θέλγειν</span> <span class='ocrx_word' id='word_1_629' title='bbox 976 5448 1230 5515; x_wconf 84' lang='grc' dir='ltr'>τούτους·</span> <span class='ocrx_word' id='word_1_630' title='bbox 1285 5457 1445 5526; x_wconf 71' lang='grc' dir='ltr'>ἤγουν</span> <span class='ocrx_word' id='word_1_631' title='bbox 1481 5463 1546 5514; x_wconf 85' lang='grc' dir='ltr'>δι’</span> <span class='ocrx_word' id='word_1_632' title='bbox 1569 5465 1757 5538; x_wconf 80' lang='grc' dir='ltr'>ἡδονῆς</span> 
     </span>
    </p>
   </div>
   <div class='ocr_carea' id='block_1_88' title="bbox 180 5536 1756 5633">
    <p class='ocr_par' dir='ltr' id='par_1_88' title="bbox 180 5536 1756 5633">
     <span class='ocr_line' id='line_1_90' title="bbox 180 5536 1756 5633; baseline 0.018 -46"><span class='ocrx_word' id='word_1_633' title='bbox 180 5536 402 5606; x_wconf 84' lang='grc' dir='ltr'>ἀπατᾷν</span> <span class='ocrx_word' id='word_1_634' title='bbox 441 5542 506 5608; x_wconf 78' lang='grc' dir='ltr'>τῇ</span> <span class='ocrx_word' id='word_1_635' title='bbox 544 5541 717 5614; x_wconf 82' lang='grc' dir='ltr'>ἀνέτῳ</span> <span class='ocrx_word' id='word_1_636' title='bbox 754 5547 1016 5620; x_wconf 80' lang='grc' dir='ltr'>διαγωγῇ,</span> <span class='ocrx_word' id='word_1_637' title='bbox 1075 5553 1205 5606; x_wconf 81' lang='grc' dir='ltr'><strong>ἀλλά</strong></span> <span class='ocrx_word' id='word_1_638' title='bbox 1243 5555 1437 5624; x_wconf 83' lang='grc' dir='ltr'>μᾶλλον</span> <span class='ocrx_word' id='word_1_639' title='bbox 1485 5559 1581 5622; x_wconf 80' lang='grc' dir='ltr'><strong>τὰς</strong></span> <span class='ocrx_word' id='word_1_640' title='bbox 1604 5536 1756 5633; x_wconf 78' lang='grc' dir='ltr'>περι-</span> 
     </span>
    </p>
   </div>
   <div class='ocr_carea' id='block_1_89' title="bbox 271 5709 1605 5802">
    <p class='ocr_par' dir='ltr' id='par_1_89' title="bbox 271 5709 1605 5802">
     <span class='ocr_line' id='line_1_91' title="bbox 271 5709 1605 5802; baseline 0.028 -44"><span class='ocrx_word' id='word_1_641' title='bbox 271 5717 336 5749; x_wconf 70' lang='grc' dir='ltr'><strong>σο·</strong></span> <span class='ocrx_word' id='word_1_642' title='bbox 367 5709 518 5766; x_wconf 72' lang='lat' dir='ltr'><strong>Max.</strong></span> <span class='ocrx_word' id='word_1_643' title='bbox 545 5720 628 5772; x_wconf 92' lang='lat' dir='ltr'><strong>vel</strong></span> <span class='ocrx_word' id='word_1_644' title='bbox 657 5725 867 5789; x_wconf 90' lang='lat' dir='ltr'><strong>propria</strong></span> <span class='ocrx_word' id='word_1_645' title='bbox 900 5728 1108 5785; x_wconf 87' lang='lat' dir='ltr'><strong>actione</strong></span> <span class='ocrx_word' id='word_1_646' title='bbox 1137 5733 1366 5802; x_wconf 88' lang='lat' dir='ltr'><strong>partium</strong></span> <span class='ocrx_word' id='word_1_647' title='bbox 1398 5738 1605 5796; x_wconf 65' lang='lat' dir='ltr'><strong>animm.</strong></span> 
     </span>
    </p>
   </div>
   <div class='ocr_carea' id='block_1_90' title="bbox 429 5810 1008 5882">
    <p class='ocr_par' dir='ltr' id='par_1_90' title="bbox 429 5810 1008 5882">
     <span class='ocr_line' id='line_1_92' title="bbox 429 5810 1008 5882; baseline 0.022 -13"><span class='ocrx_word' id='word_1_648' title='bbox 429 5810 696 5873; x_wconf 80' lang='lat' dir='ltr'><strong>PATROL.</strong></span> <span class='ocrx_word' id='word_1_649' title='bbox 741 5817 854 5876; x_wconf 73' lang='lat' dir='ltr'><strong>(in.</strong></span> <span class='ocrx_word' id='word_1_650' title='bbox 907 5820 1008 5882; x_wconf 92' lang='lat' dir='ltr'><strong>lll.</strong></span> 
     </span>
    </p>
   </div>
   <div class='ocr_carea' id='block_1_91' title="bbox 1884 3277 3436 3370">
    <p class='ocr_par' dir='ltr' id='par_1_91' title="bbox 1884 3277 3436 3370">
     <span class='ocr_line' id='line_1_93' title="bbox 1884 3277 3436 3370; baseline 0.022 -42"><span class='ocrx_word' id='word_1_651' title='bbox 1884 3277 2300 3350; x_wconf 80' lang='lat' dir='ltr'><strong>perfectionem,</strong></span> <span class='ocrx_word' id='word_1_652' title='bbox 2333 3296 2387 3342; x_wconf 88' lang='lat' dir='ltr'><strong>et</strong></span> <span class='ocrx_word' id='word_1_653' title='bbox 2433 3301 2652 3356; x_wconf 62' lang='lat' dir='ltr'><strong>caetera,</strong></span> <span class='ocrx_word' id='word_1_654' title='bbox 2701 3309 2771 3349; x_wconf 91' lang='lat' dir='ltr'><strong>ne</strong></span> <span class='ocrx_word' id='word_1_655' title='bbox 2801 3297 3029 3370; x_wconf 82' lang='lat' dir='ltr'><strong>singulis</strong></span> <span class='ocrx_word' id='word_1_656' title='bbox 3061 3303 3436 3367; x_wconf 79' lang='lat' dir='ltr'><strong>immorentur.</strong></span> 
     </span>
    </p>
   </div>
   <div class='ocr_carea' id='block_1_92' title="bbox 1879 3366 3433 3458">
    <p class='ocr_par' dir='ltr' id='par_1_92' title="bbox 1879 3366 3433 3458">
     <span class='ocr_line' id='line_1_94' title="bbox 1879 3366 3433 3458; baseline 0.025 -38"><span class='ocrx_word' id='word_1_657' title='bbox 1879 3366 2185 3427; x_wconf 87' lang='lat' dir='ltr'><strong>Causantur</strong></span> <span class='ocrx_word' id='word_1_658' title='bbox 2217 3377 2385 3444; x_wconf 89' lang='lat' dir='ltr'><strong>enim,</strong></span> <span class='ocrx_word' id='word_1_659' title='bbox 2412 3396 2508 3435; x_wconf 88' lang='lat' dir='ltr'><strong>cur</strong></span> <span class='ocrx_word' id='word_1_660' title='bbox 2533 3385 2715 3450; x_wconf 88' lang='lat' dir='ltr'><strong>homo,</strong></span> <span class='ocrx_word' id='word_1_661' title='bbox 2742 3405 2863 3443; x_wconf 90' lang='lat' dir='ltr'><strong>cum</strong></span> <span class='ocrx_word' id='word_1_662' title='bbox 2896 3393 3197 3453; x_wconf 86' lang='lat' dir='ltr'><strong>istiusmodi</strong></span> <span class='ocrx_word' id='word_1_663' title='bbox 3232 3403 3433 3458; x_wconf 79' lang='lat' dir='ltr'><strong>animal</strong></span> 
     </span>
    </p>
   </div>
   <div class='ocr_carea' id='block_1_93' title="bbox 1877 3459 3431 3564">
    <p class='ocr_par' dir='ltr' id='par_1_93' title="bbox 1877 3459 3431 3564">
     <span class='ocr_line' id='line_1_95' title="bbox 1877 3459 3431 3564; baseline 0.024 -50"><span class='ocrx_word' id='word_1_664' title='bbox 1877 3459 1967 3524; x_wconf 90' lang='lat' dir='ltr'><strong>sit,</strong></span> <span class='ocrx_word' id='word_1_665' title='bbox 2001 3476 2403 3536; x_wconf 79' lang='lat' dir='ltr'><strong>corrumpatur,</strong></span> <span class='ocrx_word' id='word_1_666' title='bbox 2432 3488 2530 3527; x_wconf 90' lang='lat' dir='ltr'><strong>cur</strong></span> <span class='ocrx_word' id='word_1_667' title='bbox 2560 3476 2696 3546; x_wconf 77' lang='lat' dir='ltr'><strong>talpa</strong></span> <span class='ocrx_word' id='word_1_668' title='bbox 2739 3481 2910 3536; x_wconf 90' lang='lat' dir='ltr'><strong>oculis</strong></span> <span class='ocrx_word' id='word_1_669' title='bbox 2936 3498 3137 3554; x_wconf 87' lang='lat' dir='ltr'><strong>careat,</strong></span> <span class='ocrx_word' id='word_1_670' title='bbox 3175 3506 3272 3546; x_wconf 91' lang='lat' dir='ltr'><strong>cur</strong></span> <span class='ocrx_word' id='word_1_671' title='bbox 3297 3495 3431 3564; x_wconf 83' lang='lat' dir='ltr'><strong>lapis</strong></span> 
     </span>
    </p>
   </div>
   <div class='ocr_carea' id='block_1_94' title="bbox 1875 3554 3430 3644">
    <p class='ocr_par' dir='ltr' id='par_1_94' title="bbox 1875 3554 3430 3644">
     <span class='ocr_line' id='line_1_96' title="bbox 1875 3554 3430 3644; baseline 0.026 -41"><span class='ocrx_word' id='word_1_672' title='bbox 1875 3565 1983 3606; x_wconf 91' lang='lat' dir='ltr'><strong>non</strong></span> <span class='ocrx_word' id='word_1_673' title='bbox 2016 3554 2086 3609; x_wconf 90' lang='lat' dir='ltr'><strong>sit</strong></span> <span class='ocrx_word' id='word_1_674' title='bbox 2113 3573 2210 3626; x_wconf 91' lang='lat' dir='ltr'><strong>per</strong></span> <span class='ocrx_word' id='word_1_675' title='bbox 2261 3575 2320 3616; x_wconf 89' lang='lat' dir='ltr'><strong>se</strong></span> <span class='ocrx_word' id='word_1_676' title='bbox 2368 3565 2595 3634; x_wconf 90' lang='lat' dir='ltr'><strong>mobilis,</strong></span> <span class='ocrx_word' id='word_1_677' title='bbox 2629 3585 2729 3624; x_wconf 91' lang='lat' dir='ltr'><strong>cur</strong></span> <span class='ocrx_word' id='word_1_678' title='bbox 2767 3574 3075 3632; x_wconf 86' lang='lat' dir='ltr'><strong>universum</strong></span> <span class='ocrx_word' id='word_1_679' title='bbox 3135 3587 3430 3644; x_wconf 86' lang='lat' dir='ltr'><strong>secundum</strong></span> 
     </span>
    </p>
   </div>
   <div class='ocr_carea' id='block_1_95' title="bbox 1877 3651 3425 3738">
    <p class='ocr_par' dir='ltr' id='par_1_95' title="bbox 1877 3651 3425 3738">
     <span class='ocr_line' id='line_1_97' title="bbox 1877 3651 3425 3738; baseline 0.025 -42"><span class='ocrx_word' id='word_1_680' title='bbox 1877 3652 2222 3713; x_wconf 85' lang='lat' dir='ltr'><strong>tempestates</strong></span> <span class='ocrx_word' id='word_1_681' title='bbox 2239 3651 2400 3726; x_wconf 61' lang='lat'><strong>483</strong></span> <span class='ocrx_word' id='word_1_682' title='bbox 2418 3657 2745 3727; x_wconf 88' lang='lat' dir='ltr'><strong>immutetur,</strong></span> <span class='ocrx_word' id='word_1_683' title='bbox 2771 3678 3238 3738; x_wconf 73' lang='lat' dir='ltr'><strong>curtemporanea:</strong></span> <span class='ocrx_word' id='word_1_684' title='bbox 3271 3679 3425 3734; x_wconf 85' lang='lat' dir='ltr'><strong>volu-</strong></span> 
     </span>
    </p>
   </div>
   <div class='ocr_carea' id='block_1_96' title="bbox 1871 3746 3431 3836">
    <p class='ocr_par' dir='ltr' id='par_1_96' title="bbox 1871 3746 3431 3836">
     <span class='ocr_line' id='line_1_98' title="bbox 1871 3746 3431 3836; baseline 0.025 -49"><span class='ocrx_word' id='word_1_685' title='bbox 1871 3746 2046 3804; x_wconf 90' lang='lat' dir='ltr'><strong>ptates</strong></span> <span class='ocrx_word' id='word_1_686' title='bbox 2062 3755 2164 3794; x_wconf 92' lang='lat' dir='ltr'><strong>non</strong></span> <span class='ocrx_word' id='word_1_687' title='bbox 2183 3747 2292 3798; x_wconf 89' lang='lat' dir='ltr'><strong>sint</strong></span> <span class='ocrx_word' id='word_1_688' title='bbox 2319 3759 2550 3804; x_wconf 68' lang='lat' dir='ltr'><strong>aaternze.</strong></span> <span class='ocrx_word' id='word_1_689' title='bbox 2575 3750 2860 3810; x_wconf 75' lang='lat' dir='ltr'><strong>Sciendum</strong></span> <span class='ocrx_word' id='word_1_690' title='bbox 2883 3769 2982 3824; x_wconf 80' lang='lat' dir='ltr'><strong>est,</strong></span> <span class='ocrx_word' id='word_1_691' title='bbox 3003 3763 3236 3820; x_wconf 87' lang='lat' dir='ltr'><strong>divinam</strong></span> <span class='ocrx_word' id='word_1_692' title='bbox 3268 3768 3431 3836; x_wconf 83' lang='lat' dir='ltr'><strong>justi-</strong></span> 
     </span>
    </p>
   </div>
   <div class='ocr_carea' id='block_1_97' title="bbox 1872 3827 3427 3928">
    <p class='ocr_par' dir='ltr' id='par_1_97' title="bbox 1872 3827 3427 3928">
     <span class='ocr_line' id='line_1_99' title="bbox 1872 3827 3427 3928; baseline 0.026 -51"><span class='ocrx_word' id='word_1_693' title='bbox 1872 3827 1997 3881; x_wconf 91' lang='lat' dir='ltr'><strong>tiam</strong></span> <span class='ocrx_word' id='word_1_694' title='bbox 2036 3832 2282 3888; x_wconf 85' lang='lat' dir='ltr'><strong>omnibus</strong></span> <span class='ocrx_word' id='word_1_695' title='bbox 2310 3852 2428 3906; x_wconf 75' lang='lat' dir='ltr'><strong>quae</strong></span> <span class='ocrx_word' id='word_1_696' title='bbox 2449 3842 2638 3910; x_wconf 90' lang='lat' dir='ltr'><strong>cuique</strong></span> <span class='ocrx_word' id='word_1_697' title='bbox 2670 3860 2794 3915; x_wconf 52' lang='lat' dir='ltr'><strong>prot&#39;</strong></span> <span class='ocrx_word' id='word_1_698' title='bbox 2823 3850 2884 3901; x_wconf 70' lang='lat' dir='ltr'><strong>&#39;ia</strong></span> <span class='ocrx_word' id='word_1_699' title='bbox 2925 3863 3049 3907; x_wconf 91' lang='lat' dir='ltr'><strong>sunt</strong></span> <span class='ocrx_word' id='word_1_700' title='bbox 3085 3827 3427 3928; x_wconf 65' lang='lat' dir='ltr'><strong>distribuere,</strong></span> 
     </span>
    </p>
   </div>
   <div class='ocr_carea' id='block_1_98' title="bbox 1871 3923 3428 4018">
    <p class='ocr_par' dir='ltr' id='par_1_98' title="bbox 1871 3923 3428 4018">
     <span class='ocr_line' id='line_1_100' title="bbox 1871 3923 3428 4018; baseline 0.026 -47"><span class='ocrx_word' id='word_1_701' title='bbox 1871 3930 1930 3972; x_wconf 90' lang='lat' dir='ltr'><strong>et</strong></span> <span class='ocrx_word' id='word_1_702' title='bbox 1994 3923 2410 3999; x_wconf 85' lang='lat' dir='ltr'><strong>uniuscujusque</strong></span> <span class='ocrx_word' id='word_1_703' title='bbox 2471 3937 2715 3991; x_wconf 89' lang='lat' dir='ltr'><strong>ordinem</strong></span> <span class='ocrx_word' id='word_1_704' title='bbox 2780 3941 3141 4018; x_wconf 83' lang='lat' dir='ltr'><strong>virtutemque</strong></span> <span class='ocrx_word' id='word_1_705' title='bbox 3206 3969 3428 4011; x_wconf 89' lang='lat' dir='ltr'><strong>conser-</strong></span> 
     </span>
    </p>
   </div>
   <div class='ocr_carea' id='block_1_99' title="bbox 1864 4025 2014 4066">
    <p class='ocr_par' dir='ltr' id='par_1_99' title="bbox 1864 4025 2014 4066">
     <span class='ocr_line' id='line_1_101' title="bbox 1864 4025 2014 4066; baseline 0.027 -4"><span class='ocrx_word' id='word_1_706' title='bbox 1864 4025 2014 4066; x_wconf 86' lang='lat' dir='ltr'><strong>vare.</strong></span> 
     </span>
    </p>
   </div>
   <div class='ocr_carea' id='block_1_100' title="bbox 1934 4106 3424 4198">
    <p class='ocr_par' dir='ltr' id='par_1_100' title="bbox 1934 4106 3424 4198">
     <span class='ocr_line' id='line_1_102' title="bbox 1934 4106 3424 4198; baseline 0.028 -41"><span class='ocrx_word' id='word_1_707' title='bbox 1934 4106 1960 4177; x_wconf 64' lang='grc' dir='ltr'><strong>δ</strong></span> <span class='ocrx_word' id='word_1_708' title='bbox 2010 4107 2140 4162; x_wconf 75' lang='lat' dir='ltr'><strong>VIII.</strong></span> <span class='ocrx_word' id='word_1_709' title='bbox 2178 4111 2282 4166; x_wconf 88' lang='lat' dir='ltr'><strong>Sed</strong></span> <span class='ocrx_word' id='word_1_710' title='bbox 2335 4117 2476 4172; x_wconf 91' lang='lat' dir='ltr'><strong>dicet</strong></span> <span class='ocrx_word' id='word_1_711' title='bbox 2524 4121 2768 4191; x_wconf 89' lang='lat' dir='ltr'><strong>aliquis:</strong></span> <span class='ocrx_word' id='word_1_712' title='bbox 2828 4128 2937 4182; x_wconf 90' lang='lat' dir='ltr'><strong>Cur</strong></span> <span class='ocrx_word' id='word_1_713' title='bbox 2986 4147 3090 4187; x_wconf 86' lang='lat' dir='ltr'><strong>non</strong></span> <span class='ocrx_word' id='word_1_714' title='bbox 3150 4144 3424 4198; x_wconf 84' lang='lat' dir='ltr'><strong>succurrit</strong></span> 
     </span>
    </p>
   </div>
   <div class='ocr_carea' id='block_1_101' title="bbox 1863 4202 3417 4291">
    <p class='ocr_par' dir='ltr' id='par_1_101' title="bbox 1863 4202 3417 4291">
     <span class='ocr_line' id='line_1_103' title="bbox 1863 4202 3417 4291; baseline 0.026 -40"><span class='ocrx_word' id='word_1_715' title='bbox 1863 4202 2064 4255; x_wconf 87' lang='lat' dir='ltr'><strong>sanctis</strong></span> <span class='ocrx_word' id='word_1_716' title='bbox 2095 4202 2287 4272; x_wconf 84' lang='lat' dir='ltr'><strong>injuria</strong></span> <span class='ocrx_word' id='word_1_717' title='bbox 2314 4208 2554 4266; x_wconf 80' lang='lat' dir='ltr'><strong>aﬂ&#39;ectis?</strong></span> <span class='ocrx_word' id='word_1_718' title='bbox 2583 4215 2871 4274; x_wconf 92' lang='lat' dir='ltr'><strong>Dicendum</strong></span> <span class='ocrx_word' id='word_1_719' title='bbox 2894 4239 3014 4278; x_wconf 82' lang='lat' dir='ltr'><strong>cum</strong></span> <span class='ocrx_word' id='word_1_720' title='bbox 3041 4227 3417 4291; x_wconf 89' lang='lat' dir='ltr'><strong>distinctione:</strong></span> 
     </span>
    </p>
   </div>
   <div class='ocr_carea' id='block_1_102' title="bbox 1868 4283 3418 4392">
    <p class='ocr_par' dir='ltr' id='par_1_102' title="bbox 1868 4283 3418 4392">
     <span class='ocr_line' id='line_1_104' title="bbox 1868 4283 3418 4392; baseline 0.026 -56"><span class='ocrx_word' id='word_1_721' title='bbox 1868 4283 1966 4341; x_wconf 77' lang='lat' dir='ltr'><strong>Vel</strong></span> <span class='ocrx_word' id='word_1_722' title='bbox 2003 4289 2229 4357; x_wconf 83' lang='lat' dir='ltr'><strong>diligunt</strong></span> <span class='ocrx_word' id='word_1_723' title='bbox 2262 4299 2431 4351; x_wconf 89' lang='lat' dir='ltr'><strong>sancti</strong></span> <span class='ocrx_word' id='word_1_724' title='bbox 2485 4306 2768 4368; x_wconf 65' lang='lat' dir='ltr'><strong>praesentia</strong></span> <span class='ocrx_word' id='word_1_725' title='bbox 2797 4349 2811 4371; x_wconf 95' lang='lat'><strong>,</strong></span> <span class='ocrx_word' id='word_1_726' title='bbox 2869 4312 2948 4364; x_wconf 84' lang='lat' dir='ltr'><strong>vel</strong></span> <span class='ocrx_word' id='word_1_727' title='bbox 3007 4331 3125 4369; x_wconf 85' lang='lat' dir='ltr'><strong>nou-</strong></span> <span class='ocrx_word' id='word_1_728' title='bbox 3167 4283 3418 4392; x_wconf 61' lang='lat' dir='ltr'><strong>diligunt:</strong></span> 
     </span>
    </p>
   </div>
   <div class='ocr_carea' id='block_1_103' title="bbox 1861 4377 3419 4481">
    <p class='ocr_par' dir='ltr' id='par_1_103' title="bbox 1861 4377 3419 4481">
     <span class='ocr_line' id='line_1_105' title="bbox 1861 4377 3419 4481; baseline 0.024 -50"><span class='ocrx_word' id='word_1_729' title='bbox 1861 4377 1916 4432; x_wconf 92' lang='lat' dir='ltr'><strong>Si</strong></span> <span class='ocrx_word' id='word_1_730' title='bbox 1957 4382 2451 4459; x_wconf 39' lang='lat' dir='ltr'><strong>quidcmldiligunt,</strong></span> <span class='ocrx_word' id='word_1_731' title='bbox 2508 4407 2610 4445; x_wconf 90' lang='lat' dir='ltr'><strong>non</strong></span> <span class='ocrx_word' id='word_1_732' title='bbox 2648 4408 2772 4451; x_wconf 89' lang='lat' dir='ltr'><strong>sunt</strong></span> <span class='ocrx_word' id='word_1_733' title='bbox 2821 4405 3014 4467; x_wconf 87' lang='lat' dir='ltr'><strong>sancti,</strong></span> <span class='ocrx_word' id='word_1_734' title='bbox 3064 4416 3122 4460; x_wconf 93' lang='lat' dir='ltr'><strong>ut</strong></span> <span class='ocrx_word' id='word_1_735' title='bbox 3157 4377 3419 4481; x_wconf 50' lang='lat' dir='ltr'><strong>quivjam</strong></span> 
     </span>
    </p>
   </div>
   <div class='ocr_carea' id='block_1_104' title="bbox 1861 4473 3421 4567">
    <p class='ocr_par' dir='ltr' id='par_1_104' title="bbox 1861 4473 3421 4567">
     <span class='ocr_line' id='line_1_106' title="bbox 1861 4473 3421 4567; baseline 0.024 -45"><span class='ocrx_word' id='word_1_736' title='bbox 1861 4483 1891 4522; x_wconf 90' lang='lat' dir='ltr'><strong>a</strong></span> <span class='ocrx_word' id='word_1_737' title='bbox 1943 4473 2124 4528; x_wconf 88' lang='lat' dir='ltr'><strong>divino</strong></span> <span class='ocrx_word' id='word_1_738' title='bbox 2176 4493 2360 4535; x_wconf 88' lang='lat' dir='ltr'><strong>amore</strong></span> <span class='ocrx_word' id='word_1_739' title='bbox 2410 4484 2750 4553; x_wconf 83' lang='lat' dir='ltr'><strong>exciderint;</strong></span> <span class='ocrx_word' id='word_1_740' title='bbox 2804 4497 3057 4561; x_wconf 87' lang='lat' dir='ltr'><strong>quoniam</strong></span> <span class='ocrx_word' id='word_1_741' title='bbox 3095 4501 3270 4567; x_wconf 87' lang='lat' dir='ltr'><strong>injurii</strong></span> <span class='ocrx_word' id='word_1_742' title='bbox 3297 4515 3421 4559; x_wconf 89' lang='lat' dir='ltr'><strong>sunt</strong></span> 
     </span>
    </p>
   </div>
   <div class='ocr_carea' id='block_1_105' title="bbox 1795 4566 3420 4658">
    <p class='ocr_par' dir='ltr' id='par_1_105' title="bbox 1795 4566 3420 4658">
     <span class='ocr_line' id='line_1_107' title="bbox 1795 4566 3420 4658; baseline 0.025 -46"><span class='ocrx_word' id='word_1_743' title='bbox 1795 4566 2023 4630; x_wconf 75' lang='lat' dir='ltr'><strong>prebus</strong></span> <span class='ocrx_word' id='word_1_744' title='bbox 2074 4581 2204 4622; x_wconf 92' lang='lat' dir='ltr'><strong>vere</strong></span> <span class='ocrx_word' id='word_1_745' title='bbox 2271 4576 2545 4642; x_wconf 88' lang='lat' dir='ltr'><strong>amandis,</strong></span> <span class='ocrx_word' id='word_1_746' title='bbox 2604 4596 2724 4649; x_wconf 81' lang='lat' dir='ltr'><strong>quae</strong></span> <span class='ocrx_word' id='word_1_747' title='bbox 2772 4585 2838 4637; x_wconf 84' lang='lat' dir='ltr'><strong>ab</strong></span> <span class='ocrx_word' id='word_1_748' title='bbox 2887 4586 3016 4655; x_wconf 88' lang='lat' dir='ltr'><strong>ipsis</strong></span> <span class='ocrx_word' id='word_1_749' title='bbox 3069 4566 3420 4658; x_wconf 61' lang='lat' dir='ltr'><strong>praeferenda:</strong></span> 
     </span>
    </p>
   </div>
   <div class='ocr_carea' id='block_1_106' title="bbox 1865 4660 3416 4754">
    <p class='ocr_par' dir='ltr' id='par_1_106' title="bbox 1865 4660 3416 4754">
     <span class='ocr_line' id='line_1_108' title="bbox 1865 4660 3416 4754; baseline 0.023 -45"><span class='ocrx_word' id='word_1_750' title='bbox 1865 4667 2010 4718; x_wconf 83' lang='lat' dir='ltr'><strong>sunt,</strong></span> <span class='ocrx_word' id='word_1_751' title='bbox 2067 4660 2245 4725; x_wconf 91' lang='lat' dir='ltr'><strong>quod,</strong></span> <span class='ocrx_word' id='word_1_752' title='bbox 2298 4662 2363 4716; x_wconf 91' lang='lat' dir='ltr'><strong>iis</strong></span> <span class='ocrx_word' id='word_1_753' title='bbox 2427 4670 2726 4738; x_wconf 80' lang='lat' dir='ltr'><strong>neglectis,</strong></span> <span class='ocrx_word' id='word_1_754' title='bbox 2790 4689 2969 4732; x_wconf 88' lang='lat' dir='ltr'><strong>ament</strong></span> <span class='ocrx_word' id='word_1_755' title='bbox 3019 4697 3081 4735; x_wconf 88' lang='lat' dir='ltr'><strong>ca</strong></span> <span class='ocrx_word' id='word_1_756' title='bbox 3137 4699 3256 4754; x_wconf 64' lang='lat' dir='ltr'><strong>quae</strong></span> <span class='ocrx_word' id='word_1_757' title='bbox 3311 4705 3416 4744; x_wconf 83' lang='lat' dir='ltr'><strong>non</strong></span> 
     </span>
    </p>
   </div>
   <div class='ocr_carea' id='block_1_107' title="bbox 1866 4753 3416 4842">
    <p class='ocr_par' dir='ltr' id='par_1_107' title="bbox 1866 4753 3416 4842">
     <span class='ocr_line' id='line_1_109' title="bbox 1866 4753 3416 4842; baseline 0.025 -45"><span class='ocrx_word' id='word_1_758' title='bbox 1866 4757 1992 4802; x_wconf 89' lang='lat' dir='ltr'><strong>sunt</strong></span> <span class='ocrx_word' id='word_1_759' title='bbox 2038 4753 2286 4806; x_wconf 88' lang='lat' dir='ltr'><strong>amanda.</strong></span> <span class='ocrx_word' id='word_1_760' title='bbox 2336 4756 2488 4821; x_wconf 84' lang='lat' dir='ltr'><strong>Quod</strong></span> <span class='ocrx_word' id='word_1_761' title='bbox 2535 4763 2579 4814; x_wconf 94' lang='lat' dir='ltr'><strong>si</strong></span> <span class='ocrx_word' id='word_1_762' title='bbox 2641 4781 2767 4820; x_wconf 86' lang='lat' dir='ltr'><strong>vero</strong></span> <span class='ocrx_word' id='word_1_763' title='bbox 2832 4785 2937 4822; x_wconf 91' lang='lat' dir='ltr'><strong>non</strong></span> <span class='ocrx_word' id='word_1_764' title='bbox 2999 4753 3265 4842; x_wconf 77' lang='lat' dir='ltr'><strong>diligant,</strong></span> <span class='ocrx_word' id='word_1_765' title='bbox 3322 4783 3416 4835; x_wconf 86' lang='lat' dir='ltr'><strong>sed</strong></span> 
     </span>
    </p>
   </div>
   <div class='ocr_carea' id='block_1_108' title="bbox 1865 4849 3418 4935">
    <p class='ocr_par' dir='ltr' id='par_1_108' title="bbox 1865 4849 3418 4935">
     <span class='ocr_line' id='line_1_110' title="bbox 1865 4849 3418 4935; baseline 0.023 -45"><span class='ocrx_word' id='word_1_766' title='bbox 1865 4849 2045 4893; x_wconf 85' lang='lat' dir='ltr'><strong>ament</strong></span> <span class='ocrx_word' id='word_1_767' title='bbox 2094 4857 2153 4894; x_wconf 89' lang='lat' dir='ltr'><strong>ea</strong></span> <span class='ocrx_word' id='word_1_768' title='bbox 2189 4859 2308 4912; x_wconf 62' lang='lat' dir='ltr'><strong>qua:</strong></span> <span class='ocrx_word' id='word_1_769' title='bbox 2338 4863 2462 4901; x_wconf 86' lang='lat' dir='ltr'><strong>vere</strong></span> <span class='ocrx_word' id='word_1_770' title='bbox 2496 4863 2636 4916; x_wconf 88' lang='lat' dir='ltr'><strong>sunt,</strong></span> <span class='ocrx_word' id='word_1_771' title='bbox 2683 4867 2897 4925; x_wconf 82' lang='lat' dir='ltr'><strong>Oportet</strong></span> <span class='ocrx_word' id='word_1_772' title='bbox 2938 4863 3114 4929; x_wconf 88' lang='lat' dir='ltr'><strong>potius</strong></span> <span class='ocrx_word' id='word_1_773' title='bbox 3151 4866 3295 4935; x_wconf 91' lang='lat' dir='ltr'><strong>ipsos</strong></span> <span class='ocrx_word' id='word_1_774' title='bbox 3323 4869 3418 4924; x_wconf 74' lang='lat' dir='ltr'><strong>lte-</strong></span> 
     </span>
    </p>
   </div>
   <div class='ocr_carea' id='block_1_109' title="bbox 1870 4932 3414 5029">
    <p class='ocr_par' dir='ltr' id='par_1_109' title="bbox 1870 4932 3414 5029">
     <span class='ocr_line' id='line_1_111' title="bbox 1870 4932 3414 5029; baseline 0.023 -48"><span class='ocrx_word' id='word_1_775' title='bbox 1870 4932 1991 4994; x_wconf 86' lang='lat' dir='ltr'><strong>tari,</strong></span> <span class='ocrx_word' id='word_1_776' title='bbox 2023 4936 2165 5000; x_wconf 89' lang='lat' dir='ltr'><strong>quod</strong></span> <span class='ocrx_word' id='word_1_777' title='bbox 2207 4939 2259 4989; x_wconf 88' lang='lat' dir='ltr'><strong>in</strong></span> <span class='ocrx_word' id='word_1_778' title='bbox 2325 4944 2651 4999; x_wconf 89' lang='lat' dir='ltr'><strong>tentationes</strong></span> <span class='ocrx_word' id='word_1_779' title='bbox 2706 4950 3017 5020; x_wconf 87' lang='lat' dir='ltr'><strong>inciderint,</strong></span> <span class='ocrx_word' id='word_1_780' title='bbox 3065 4957 3140 5010; x_wconf 91' lang='lat' dir='ltr'><strong>uti</strong></span> <span class='ocrx_word' id='word_1_781' title='bbox 3168 4932 3414 5029; x_wconf 36' lang='lat' dir='ltr'><strong>‘magnus</strong></span> 
     </span>
    </p>
   </div>
   <div class='ocr_carea' id='block_1_110' title="bbox 1867 5021 3419 5116">
    <p class='ocr_par' dir='ltr' id='par_1_110' title="bbox 1867 5021 3419 5116">
     <span class='ocr_line' id='line_1_112' title="bbox 1867 5021 3419 5116; baseline 0.021 -40"><span class='ocrx_word' id='word_1_782' title='bbox 1867 5021 2099 5080; x_wconf 84' lang='lat' dir='ltr'><strong>Jacobus</strong></span> <span class='ocrx_word' id='word_1_783' title='bbox 2133 5041 2350 5097; x_wconf 89' lang='lat' dir='ltr'><strong>monet;</strong></span> <span class='ocrx_word' id='word_1_784' title='bbox 2380 5038 2637 5102; x_wconf 89' lang='lat' dir='ltr'><strong>quoniam</strong></span> <span class='ocrx_word' id='word_1_785' title='bbox 2669 5056 2762 5110; x_wconf 93' lang='lat' dir='ltr'><strong>per</strong></span> <span class='ocrx_word' id='word_1_786' title='bbox 2790 5044 2884 5098; x_wconf 86' lang='lat' dir='ltr'><strong>has</strong></span> <span class='ocrx_word' id='word_1_787' title='bbox 2906 5062 2966 5100; x_wconf 87' lang='lat' dir='ltr'><strong>ca</strong></span> <span class='ocrx_word' id='word_1_788' title='bbox 2999 5064 3118 5116; x_wconf 68' lang='lat' dir='ltr'><strong>quae</strong></span> <span class='ocrx_word' id='word_1_789' title='bbox 3145 5051 3419 5108; x_wconf 86' lang='lat' dir='ltr'><strong>desidera-</strong></span> 
     </span>
    </p>
   </div>
   <div class='ocr_carea' id='block_1_111' title="bbox 1866 5112 3416 5206">
    <p class='ocr_par' dir='ltr' id='par_1_111' title="bbox 1866 5112 3416 5206">
     <span class='ocr_line' id='line_1_113' title="bbox 1866 5112 3416 5206; baseline 0.023 -42"><span class='ocrx_word' id='word_1_790' title='bbox 1866 5112 1992 5168; x_wconf 91' lang='lat' dir='ltr'><strong>bilia</strong></span> <span class='ocrx_word' id='word_1_791' title='bbox 2015 5126 2140 5170; x_wconf 83' lang='lat' dir='ltr'><strong>sunt</strong></span> <span class='ocrx_word' id='word_1_792' title='bbox 2174 5133 2558 5191; x_wconf 88' lang='lat' dir='ltr'><strong>assequuntur,</strong></span> <span class='ocrx_word' id='word_1_793' title='bbox 2593 5138 2808 5200; x_wconf 79' lang='lat' dir='ltr'><strong>tumque</strong></span> <span class='ocrx_word' id='word_1_794' title='bbox 2833 5112 3096 5206; x_wconf 78' lang='lat' dir='ltr'><strong>angelicis</strong></span> <span class='ocrx_word' id='word_1_795' title='bbox 3123 5139 3416 5200; x_wconf 82' lang='lat' dir='ltr'><strong>virtutibus</strong></span> 
     </span>
    </p>
   </div>
   <div class='ocr_carea' id='block_1_112' title="bbox 1873 5210 3417 5298">
    <p class='ocr_par' dir='ltr' id='par_1_112' title="bbox 1873 5210 3417 5298">
     <span class='ocr_line' id='line_1_114' title="bbox 1873 5210 3417 5298; baseline 0.021 -41"><span class='ocrx_word' id='word_1_796' title='bbox 1873 5210 2327 5279; x_wconf 86' lang='lat' dir='ltr'><strong>appropinquant,</strong></span> <span class='ocrx_word' id='word_1_797' title='bbox 2368 5215 2493 5270; x_wconf 92' lang='lat' dir='ltr'><strong>dum</strong></span> <span class='ocrx_word' id='word_1_798' title='bbox 2547 5220 2600 5273; x_wconf 91' lang='lat' dir='ltr'><strong>in</strong></span> <span class='ocrx_word' id='word_1_799' title='bbox 2633 5222 2903 5282; x_wconf 84' lang='lat' dir='ltr'><strong>instantiis</strong></span> <span class='ocrx_word' id='word_1_800' title='bbox 2929 5244 3023 5298; x_wconf 89' lang='lat' dir='ltr'><strong>pro</strong></span> <span class='ocrx_word' id='word_1_801' title='bbox 3050 5233 3207 5295; x_wconf 90' lang='lat' dir='ltr'><strong>bono,</strong></span> <span class='ocrx_word' id='word_1_802' title='bbox 3244 5235 3312 5287; x_wconf 89' lang='lat' dir='ltr'><strong>ab</strong></span> <span class='ocrx_word' id='word_1_803' title='bbox 3337 5234 3417 5287; x_wconf 83' lang='lat' dir='ltr'><strong>af-</strong></span> 
     </span>
    </p>
   </div>
   <div class='ocr_carea' id='block_1_113' title="bbox 1862 5295 3412 5393">
    <p class='ocr_par' dir='ltr' id='par_1_113' title="bbox 1862 5295 3412 5393">
     <span class='ocr_line' id='line_1_115' title="bbox 1862 5295 3412 5393; baseline 0.021 -44"><span class='ocrx_word' id='word_1_804' title='bbox 1862 5295 2003 5352; x_wconf 82' lang='lat' dir='ltr'><strong>fectu</strong></span> <span class='ocrx_word' id='word_1_805' title='bbox 2030 5305 2293 5358; x_wconf 89' lang='lat' dir='ltr'><strong>materiali</strong></span> <span class='ocrx_word' id='word_1_806' title='bbox 2330 5311 2633 5367; x_wconf 90' lang='lat' dir='ltr'><strong>recedunt:</strong></span> <span class='ocrx_word' id='word_1_807' title='bbox 2687 5317 2760 5369; x_wconf 85' lang='lat' dir='ltr'><strong>ita</strong></span> <span class='ocrx_word' id='word_1_808' title='bbox 2804 5329 2861 5373; x_wconf 90' lang='lat' dir='ltr'><strong>ut</strong></span> <span class='ocrx_word' id='word_1_809' title='bbox 2910 5295 3033 5376; x_wconf 75' lang='lat' dir='ltr'><strong>vere</strong></span> <span class='ocrx_word' id='word_1_810' title='bbox 3081 5324 3189 5378; x_wconf 92' lang='lat' dir='ltr'><strong>dici</strong></span> <span class='ocrx_word' id='word_1_811' title='bbox 3219 5325 3412 5393; x_wconf 76' lang='lat' dir='ltr'><strong>pessit,</strong></span> 
     </span>
    </p>
   </div>
   <div class='ocr_carea' id='block_1_114' title="bbox 1864 5386 3410 5480">
    <p class='ocr_par' dir='ltr' id='par_1_114' title="bbox 1864 5386 3410 5480">
     <span class='ocr_line' id='line_1_116' title="bbox 1864 5386 3410 5480; baseline 0.021 -42"><span class='ocrx_word' id='word_1_812' title='bbox 1864 5386 1990 5442; x_wconf 88' lang='lat' dir='ltr'><strong>illud</strong></span> <span class='ocrx_word' id='word_1_813' title='bbox 2027 5392 2198 5459; x_wconf 81' lang='lat' dir='ltr'><strong>magis</strong></span> <span class='ocrx_word' id='word_1_814' title='bbox 2228 5410 2344 5449; x_wconf 84' lang='lat' dir='ltr'><strong>esse</strong></span> <span class='ocrx_word' id='word_1_815' title='bbox 2375 5404 2651 5468; x_wconf 85' lang='lat' dir='ltr'><strong>pmprium</strong></span> <span class='ocrx_word' id='word_1_816' title='bbox 2705 5407 2902 5464; x_wconf 69' lang='lat' dir='ltr'><strong>divina:</strong></span> <span class='ocrx_word' id='word_1_817' title='bbox 2937 5412 3179 5480; x_wconf 57' lang='lat' dir='ltr'><strong>justitiam</strong></span> <span class='ocrx_word' id='word_1_818' title='bbox 3209 5424 3267 5468; x_wconf 91' lang='lat' dir='ltr'><strong>ut</strong></span> <span class='ocrx_word' id='word_1_819' title='bbox 3296 5431 3410 5479; x_wconf 82' lang='lat' dir='ltr'><strong>eos,</strong></span> 
     </span>
    </p>
   </div>
   <div class='ocr_carea' id='block_1_115' title="bbox 1861 5480 3414 5574">
    <p class='ocr_par' dir='ltr' id='par_1_115' title="bbox 1861 5480 3414 5574">
     <span class='ocr_line' id='line_1_117' title="bbox 1861 5480 3414 5574; baseline 0.021 -45"><span class='ocrx_word' id='word_1_820' title='bbox 1861 5480 1950 5547; x_wconf 88' lang='lat' dir='ltr'><strong>qui</strong></span> <span class='ocrx_word' id='word_1_821' title='bbox 1997 5484 2061 5534; x_wconf 91' lang='lat' dir='ltr'><strong>ad</strong></span> <span class='ocrx_word' id='word_1_822' title='bbox 2115 5493 2311 5540; x_wconf 57' lang='lat' dir='ltr'><strong>acterna</strong></span> <span class='ocrx_word' id='word_1_823' title='bbox 2355 5505 2599 5558; x_wconf 89' lang='lat' dir='ltr'><strong>spectare</strong></span> <span class='ocrx_word' id='word_1_824' title='bbox 2644 5496 2971 5566; x_wconf 87' lang='lat' dir='ltr'><strong>desiderant,</strong></span> <span class='ocrx_word' id='word_1_825' title='bbox 3029 5521 3132 5559; x_wconf 84' lang='lat' dir='ltr'><strong>non</strong></span> <span class='ocrx_word' id='word_1_826' title='bbox 3182 5509 3414 5574; x_wconf 88' lang='lat' dir='ltr'><strong>patiatur</strong></span> 
     </span>
    </p>
   </div>
   <div class='ocr_carea' id='block_1_116' title="bbox 1862 5575 3412 5670">
    <p class='ocr_par' dir='ltr' id='par_1_116' title="bbox 1862 5575 3412 5670">
     <span class='ocr_line' id='line_1_118' title="bbox 1862 5575 3412 5670; baseline 0.019 -45"><span class='ocrx_word' id='word_1_827' title='bbox 1862 5586 1958 5642; x_wconf 85' lang='lat' dir='ltr'><strong>per</strong></span> <span class='ocrx_word' id='word_1_828' title='bbox 1984 5575 2298 5633; x_wconf 87' lang='lat' dir='ltr'><strong>dissolutam</strong></span> <span class='ocrx_word' id='word_1_829' title='bbox 2357 5583 2520 5637; x_wconf 89' lang='lat' dir='ltr'><strong>vitam</strong></span> <span class='ocrx_word' id='word_1_830' title='bbox 2580 5590 2938 5659; x_wconf 75' lang='lat' dir='ltr'><strong>voluptatibus</strong></span> <span class='ocrx_word' id='word_1_831' title='bbox 2978 5597 3171 5670; x_wconf 84' lang='lat' dir='ltr'><strong>decipi,</strong></span> <span class='ocrx_word' id='word_1_832' title='bbox 3196 5601 3287 5657; x_wconf 89' lang='lat' dir='ltr'><strong>sed</strong></span> <span class='ocrx_word' id='word_1_833' title='bbox 3319 5618 3412 5670; x_wconf 85' lang='lat' dir='ltr'><strong>po-</strong></span> 
     </span>
    </p>
   </div>
   <div class='ocr_carea' id='block_1_117' title="bbox 2780 5858 2857 5918">
    <p class='ocr_par' dir='ltr' id='par_1_117' title="bbox 2780 5858 2857 5918">
     <span class='ocr_line' id='line_1_119' title="bbox 2780 5858 2857 5918; baseline 0.026 -2"><span class='ocrx_word' id='word_1_834' title='bbox 2780 5858 2857 5918; x_wconf 73' lang='lat'><strong>29</strong></span> 
     </span>
    </p>
   </div>
  </div>
