4176 6314
757 323 858 380 907
1943 323 2000 380 S.
2038 322 2336 382 DlONYSll
2362 323 2824 382 ABEOPAGITA‘I
3878 322 3984 377 908

757 445 866 508 tius
919 435 1229 493 alllictiones
1257 439 1554 506 sustinere,
1609 449 1667 494 ut
1721 440 1808 493 vel
1859 449 2102 496 amantes
2130 449 2315 510 ungat,
2349 447 2385 502 Α

2349 447 2385 502 Α
2412 445 2622 509 στάσεις
2660 450 3026 518 παραχωρεῖν,
3069 449 3152 501 ίνα
3207 449 3237 521 ἢ
3281 449 3575 514 ποθοῦντας
3615 450 3903 524 ὺπαλείφῃ,
3941 455 3977 523 ἢ

754 528 839 582 vel
874 527 1121 598 lapsuros
1167 528 1464 595 suffulciat,
1522 547 1623 586 nec
1655 547 1759 585 non
1793 531 1937 600 ipsos
1963 534 2014 586 in
2045 532 2308 602 prmclaro

2405 536 2495 588 καὶ
2533 535 2903 604 παραπίπτειν
2964 536 3213 607 μέλλουσι
3255 538 3440 609 βοηθῇ,
3481 549 3575 592 και
3629 540 3846 613 ὲνιδρύῃ
3882 545 3981 594 αὔ-

755 620 849 674 ἰΙΙο
876 633 932 674 et
998 623 1318 679 inconcusso
1361 633 1497 678 statu
1549 626 1864 681 consolidat.
1921 627 2305 682 lnconcussum
2403 653 2404 662 ι

2403 631 2529 694 τοὺς
2570 632 2627 683 ἐν
2663 633 2727 700 τῇ
2752 631 2889 700 καλῇ
2910 631 3002 684 καὶ
3041 632 3340 703 ἀμειλίκτῳ
3379 634 3583 686 στάσει.
3641 633 3978 704 Ἀμείλικτον

755 722 936 766 autem
992 723 1191 768 statum
1259 725 1434 779 vocat,
1489 717 1795 771 institutum
1842 720 1981 787 quod
2013 719 2305 774 titillationi
2402 748 2404 763 ι

2402 721 2456 773 δὲ
2499 722 2688 774 στάσιν
2726 723 2856 792 φησι
2891 724 2990 794 τὴν
3028 723 3300 777 ἀνένδοτον
3355 725 3489 795 πρὸς
3540 725 3629 778 τὸν
3681 725 3983 797 γαργαλισ-

754 811 1090 857 terrenorum
1119 806 1338 858 minime
1363 807 1526 872 cedit,
1591 823 1689 863 nec
1725 820 1951 879 propter
1984 812 2309 867 teutationes

2405 811 2502 879 μὸν
2539 813 2645 878 τῶν
2684 814 2884 882 γηΐνων
2907 813 3174 878 ἔνστασιν,
3200 816 3292 868 καὶ
3311 815 3368 867 τὸ
3391 816 3463 887 μὴ
3485 816 3976 886 κατακάμπτεσθαι

753 894 818 946 ad
854 894 1148 948 materialia
1179 896 1436 951 flectitur.

817 1092 962 1164 §lX.
992 1091 1116 1148 Haec
1155 1095 1317 1149 etiam
1379 1096 1560 1150 divina
1601 1097 1811 1166 justitia
1865 1111 2114 1168 tanquam
2164 1102 2306 1156 salus

747 1184 1075 1251 celebratur,
1106 1186 1250 1254 quod
1299 1185 1442 1253 juste
1493 1187 1758 1258 cujusque
1810 1200 2011 1244 natura:
2068 1194 2306 1249 rationes

746 1285 945 1338 servet,
997 1292 1059 1330 ac
1094 1291 1256 1331 causa
1305 1279 1377 1332 sit
1441 1279 1671 1348 pr0prire
1716 1279 1974 1349 cujusque
2005 1283 2081 1335 rei
2111 1297 2301 1352 opera-

749 1365 932 1420 tionis.
963 1366 1238 1435 Propriam
1272 1384 1448 1423 autem
1472 1375 1836 1439 operationem
1871 1373 2154 1440 appellavit
2186 1389 2303 1428 mo-

747 1467 860 1512 tttm
899 1459 1044 1511 illum
1084 1459 1177 1527 qui
1204 1460 1423 1514 cuilibet
1453 1472 1656 1517 natura?
1710 1466 1958 1532 proprius
1984 1475 2092 1531 est;
2132 1481 2302 1532 neque

745 1552 890 1604 enim
917 1551 1160 1605 homines
1187 1551 1364 1606 facere
1385 1565 1609 1622 possunt
1649 1571 1765 1624 qum
1815 1559 2030 1626 propria
2058 1569 2184 1610 sunt
2213 1574 2302 1610 an-

743 1642 895 1712 gelis,
929 1657 1100 1712 neque
1135 1658 1269 1712 aqua
1303 1662 1419 1714 quae
1450 1648 1663 1715 propria
1698 1658 1820 1700 sunt
1848 1649 1972 1714 igni,
2009 1659 2059 1701 et
2091 1659 2296 1702 contra.

743 1732 800 1786 Si
843 1733 964 1802 quis
987 1749 1115 1789 vero
1146 1737 1368 1803 dixerit,
1408 1737 1571 1791 Deum
1622 1740 1916 1791 secundum
1959 1739 2121 1792 alium
2171 1754 2300 1807 quo—

742 1838 845 1892 que
875 1824 1092 1877 modum
1121 1825 1343 1880 salutem
1405 1842 1544 1891 esse,
1575 1829 1713 1895 quod
1749 1844 1777 1881 a
1815 1827 1973 1882 rebus
2021 1830 2302 1883 deteriori-

742 1915 842 1969 bus
872 1916 1053 1968 omnia
1089 1917 1282 1985 eripiat
1326 1919 1616 1987 (deteriora
1664 1935 1790 1974 vero
1845 1929 2019 1984 vocat,
2056 1936 2174 1989 quae
2208 1938 2300 1974 na-

742 2016 875 2061 turae
903 2007 1164 2078 cujusque
1200 2009 1373 2062 aliena
1403 2019 1544 2072 sunt,
1588 2009 1672 2064 vel
1727 2010 1966 2078 indigna,
1996 2014 2077 2067 vel
2125 2017 2299 2082 potius

740 2090 1030 2166 ipsammet
1084 2101 1368 2153 materiam
1417 2099 1725 2169 informem)
1773 2103 1914 2156 hunc
1963 2119 2058 2156 nus
2085 2120 2296 2173 quoque

740 2197 996 2260 tanquam
1052 2190 1290 2244 divinum
1351 2191 1684 2244 laudatorem
1733 2192 2104 2248 admittemus.
2147 2195 2296 2250 Hanc

739 2280 883 2333 enim
910 2279 1138 2334 salutem
1205 2280 1445 2332 omnium
1497 2289 1814 2344 statuemus,
1845 2296 1962 2349 quae
1985 2286 2163 2336 omnia
2217 2286 2297 2338 sic

738 2374 1026 2427 immutata
1093 2372 1523 2441 inconcussaque
1572 2382 1789 2438 servat,
1844 2382 1902 2426 ut
1955 2374 2006 2428 in
2060 2376 2296 2430 deterius

738 2478 844 2516 nou
873 2471 1126 2531 vergant;
1157 2472 1208 2516 et
1240 2477 1452 2529 omnem
1497 2462 1916 2530 inaequalitatem
1977 2477 2137 2535 atque
2164 2467 2294 2521 alie-

737 2568 860 2608 nam
885 2552 1154 2607 actionem
1199 2552 1462 2617 eliminat,
1495 2563 1656 2623 atque
1683 2555 1964 2622 cujuslibet
1994 2561 2294 2627 proportio-

737 2657 835 2698 nes
870 2642 1174 2696 conﬁrmat.
1206 2641 1263 2696 Si
1313 2645 1458 2697 enim
1503 2645 1699 2699 humor
1725 2643 1892 2715 484.
1922 2661 2114 2715 aquam
2141 2649 2292 2702 dese-

737 2742 842 2794 rat,
879 2732 991 2802 jam
1033 2746 1138 2786 non
1177 2732 1284 2786 erit
1313 2747 1488 2803 aqua;
1532 2735 1576 2788 si
1634 2735 1900 2790 redundet
1951 2745 2150 2800 tamen,
2191 2739 2289 2791 ali-

737 2824 865 2893 quid
905 2823 1040 2887 erit;
1083 2825 1341 2891 quocirca
1379 2825 1543 2877 etiam
1588 2823 1889 2881 istiusmodi
1925 2827 2069 2882 salus
2094 2829 2288 2885 libera-

737 2917 813 2970 tio
857 2915 1163 2982 vocabitur,
1204 2915 1457 2982 quoniam
1488 2930 1547 2968 ea
1589 2932 1707 2985 qua:
1747 2929 2054 2987 servantur,
2097 2937 2125 2976 a
2166 2938 2289 2993 pro-

735 3005 973 3075 priorum
1048 3004 1314 3058 bonorum
1373 3005 1672 3060 defectione
1727 3008 2048 3076 liberantur,
2096 3028 2195 3066 nec
2234 3015 2285 3067 in

2402 902 2538 970 πρὸς
2560 903 2627 956 τά
2664 904 2821 957 ὑλικά
2857 905 2944 958 διά
2983 905 3097 959 τῶν
3125 906 3462 977 πειρασμῶν.

2476 1080 2629 1151 §lX.
2684 1083 2748 1134 'H
2802 1082 3022 1154 τοιαύτη
3080 1083 3197 1136 θεία
3233 1084 3544 1154 δικαιοσύνη
3584 1085 3677 1138 καὶ
3733 1085 3979 1156 σωτηρία

2405 1177 2672 1246 ὑμνεῖται,
2716 1176 2791 1239 ὡς
2824 1176 3046 1238 δικαίως
3081 1174 3414 1238 διασώζουσα
3448 1179 3572 1238 τοὺς
3606 1177 3841 1248 ἑκάστης
3883 1177 3980 1246 φύ-

2405 1284 2540 1330 σεως
2577 1267 2784 1334 λόγους,
2840 1268 2933 1319 καὶ
2966 1266 3112 1318 αἰτία
3151 1263 3282 1318 οὖσα
3333 1269 3431 1337 τῆς
3475 1268 3806 1339 ίδιοπραγίας
3844 1270 3980 1323 ἑκά-

2406 1375 2550 1410 στου.
2621 1358 2976 1427 ’ἰδιοπραγίαν
3026 1355 3081 1408 δὲ
3134 1357 3380 1428 ὠνόμασε
3435 1357 3532 1427 τὴν
3586 1359 3810 1411 ἑκάστου
3865 1359 3980 1411 τῶν

2403 1449 2568 1502 ὄντων
2607 1450 2744 1504 κατά
2786 1451 2944 1517 φύσιν
2985 1448 3284 1513 ἰδιάζουσαν
3326 1449 3535 1519 κίνησιν
3562 1466 3573 1478 ’
3609 1449 3726 1502 οὐδὲ
3762 1450 3870 1518 γὰρ
3904 1451 3978 1502 τὰ

2403 1540 2646 1608 ἀγγέλων
2683 1539 2987 1610 ἀνθρώποις
3026 1539 3285 1610 πράττειν
3339 1539 3578 1603 δυνατὸν,
3627 1538 3658 1608 ἦ
3698 1539 3764 1591 τά
3801 1540 3979 1610 πυρὸς

2404 1633 2573 1696 ὕδατι,
2613 1631 2798 1684 καὶτὸ
2851 1629 3102 1700 ἔμπαλιν.
3165 1632 3230 1683 Εἰ
3270 1630 3326 1682 δέ
3380 1647 3464 1693 τις
3518 1630 3662 1698 λέγοι
3719 1631 3811 1682 καὶ
3850 1629 3977 1682 κατ’

2403 1725 2558 1777 ἄλλον
2594 1724 2790 1793 τρόπον
2831 1722 3100 1794 σωτηρίαν
3138 1723 3226 1774 τὸν
3280 1722 3429 1785 Θεὸν,
3468 1723 3542 1784 ὡς
3594 1721 3980 1792 ἀναρπάζοντα

2403 1815 2509 1869 ἀπὸ
2544 1815 2652 1866 τῶν
2690 1811 2944 1883 χειρόνων
2998 1811 3066 1864 τά
3106 1813 3296 1877 πάντα,
3355 1813 3589 1884 (χείρονα
3626 1813 3682 1864 δέ
3737 1830 3867 1883 φησι
3901 1813 3975 1866 τὰ

2400 1908 2496 1978 τῆς
2535 1905 2748 1975 φύσεως
2788 1904 3016 1958 ἑκάστου
3056 1904 3307 1974 ἀλλότρια
3347 1907 3438 1957 καὶ
3475 1906 3687 1969 ἀνάξια,
3713 1905 3746 1973 ἢ
3771 1905 3975 1975 μᾶλλον

2399 1997 2494 2067 τὴν
2533 1997 2664 2068 ὕλην
2702 1997 2869 2067 αὐτὴν
2907 1996 3002 2067 τὴν
3041 1996 3273 2049 ἀνείδεον
3387 1997 3479 2048 καὶ
3514 1997 3696 2048 τοῦτον
3734 1999 3806 2059 ὠς
3827 1995 3974 2049 θεῖον

2399 2086 2763 2157 ἀποδεξόμεθα
2801 2088 3061 2158 ὑμνῳδόν.
3123 2087 3337 2159 Ταύτην
3391 2087 3498 2158 γάρ
3555 2093 3824 2158 σωτηρίαν
3859 2086 3976 2138 τῶν

2396 2178 2532 2231 ὅλων
2586 2175 2888 2248 ἀξιώσομεν
2944 2176 3079 2232 εἷναι
3132 2180 3228 2250 τὴν
3282 2178 3350 2231 τά
3407 2179 3580 2232 πάντα
3619 2179 3974 2249 ἀμετάϐλητα

2395 2272 2487 2322 καὶ
2528 2271 2738 2340 ἀρρεπῆ
2778 2271 2910 2340 πρὸς
2946 2272 3013 2323 τὰ
3051 2271 3216 2341 χείρω
3253 2269 3638 2336 διασώζουσαν,
3662 2273 3755 2324 καὶ
3790 2275 3974 2324 πᾶσαν

2395 2360 2683 2431 ἀνισότητα
2725 2361 2816 2412 καὶ
2852 2357 3326 2429 ἀλλοτριοπραξίαν
3366 2357 3732 2429 ὲξορίζουσαν,
3756 2358 3975 2422 καὶτὰς

2394 2452 2622 2504 ἑκάστου
2677 2451 2959 2519 ἀναλογίας
2999 2453 3430 2505 συνιστάνουσαν.
3488 2453 3550 2504 Εἰ
3584 2451 3692 2520 γάρ
3729 2451 3970 2519 ἐκλείψει

2391 2543 2447 2595 τὸ
2483 2543 2646 2613 ὑγρὸν
2687 2545 2747 2597 ἐκ
2783 2543 2876 2596 τοῦ
2934 2542 3139 2606 ὕδατος,
3195 2544 3292 2612 οὑχ
3345 2542 3490 2614 ὕδωρ
3540 2542 3723 2594 ἔσται⁸
3783 2545 3829 2593 εἰ
3873 2545 3971 2594 ἐπὶ

2393 2637 2550 2690 πλέον
2605 2637 2984 2706 ἐγγενήσεται,
3041 2635 3168 2688 ἄλλο
3218 2654 3269 2689 τι
3325 2636 3641 2707 γενήσεται·
3697 2635 3816 2687 ἐπεὶ
3869 2635 3969 2687 καὶ

2391 2726 2757 2796 ἀπολύτρωσις
2791 2724 3004 2794 λεχθείη
3054 2726 3086 2795 ἠ
3123 2725 3342 2796 τοιαύτη
3398 2725 3658 2793 σωτηρία,
3717 2726 3796 2776 ὅτι
3834 2724 3970 2777 ἀπο-

2389 2824 2705 2894 λυτροῠνται
2740 2825 2806 2878 τά
2861 2826 3139 2896 σωζόμενα
3189 2827 3286 2896 τῆς
3337 2826 3445 2878 τῶν
3491 2826 3702 2879 οἰκείων
3740 2825 3967 2893 ἀγαθῶν

2388 2915 2790 2981 ἀποπτώσεως,
2850 2918 2942 2970 καὶ
2995 2917 3095 2970 οὐκ
3153 2916 3346 2969 ἐῶνται
3389 2917 3523 2988 πρὸς
3576 2916 3637 2968 τὸ
3694 2915 3766 2987 μὴ
3820 2913 3965 2970 εἶναι

2387 3008 2688 3062 διαπεσεῖν·
2732 3011 2823 3062 καὶ
2854 3011 2955 3071 ὅτι,
2997 3009 3050 3061 εἴ
3082 3027 3133 3061 τι
3172 3009 3305 3078 πρὸς
3355 3010 3418 3060 τὸ
3473 3009 3783 3078 πλημμελὲς
3823 3009 3966 3061 ἀπο-

734 3099 966 3154 niliilum
1027 3098 1194 3168 redigi
1242 3099 1660 3167 permittuntur;
1705 3110 1760 3153 et
1804 3101 1849 3153 si
1907 3102 2031 3169 quid
2065 3104 2130 3158 ad
2165 3120 2289 3174 pec—
2316 3128 2357 3184 ο

2316 3128 2357 3184 c
2392 3100 2636 3170 σφαλείη,
2692 3099 2783 3152 τοῦ
2858 3100 3095 3153 τοιούτου
3150 3101 3351 3163 πάθους
3402 3100 3791 3169 ἀπολυτροῦται
3849 3118 3963 3152 πα-

734 3202 919 3246 catum
962 3191 1231 3253 deﬂectat,
1277 3193 1390 3246 haec
1435 3191 1502 3257 ab
1562 3191 1865 3246 istiusmodi
1903 3193 2187 3251 affectione
2228 3198 2292 3250 li-

733 3284 891 3337 berat
928 3292 1155 3351 paterne
1193 3282 1526 3346 sulfulciens,
1585 3283 1896 3352 bonumque
1933 3289 2288 3354 resuscitans,

731 3374 974 3444 quinimo
992 3374 1178 3439 etiam,
1219 3383 1505 3441 antequam
1529 3373 1582 3427 in
1609 3373 1809 3427 malum
1832 3376 2052 3441 incidat,
2077 3378 2128 3430 in
2151 3378 2290 3433 bono

732 3466 978 3526 ﬁrmans,
1001 3471 1055 3518 et
1077 3462 1346 3517 defectum
1385 3463 1632 3533 impleas,
1657 3476 1710 3518 et
1746 3465 1812 3518 ab
1851 3465 2101 3522 omnibus
2137 3469 2290 3523 noxis

731 3555 1031 3609 absolvens.

802 3644 915 3699 Hoc
951 3645 1169 3713 quidem
1210 3646 1274 3699 de
1330 3644 1413 3698 liis
1452 3643 1650 3698 dictum
1710 3660 1773 3700 ac
1811 3648 1876 3701 de
1927 3649 2156 3718 justitia,
2200 3666 2288 3705 se-

730 3739 964 3790 cundum
1002 3751 1160 3805 quam
1201 3738 1384 3806 utique
1415 3739 1679 3807 justitiam
1720 3742 1963 3794 omnium
2005 3742 2286 3810 aequalitas

728 3838 1072 3883 mensuratur
1110 3845 1173 3884 ac
1230 3831 1520 3895 delinitur;
1581 3833 1866 3901 omnisque
1928 3834 2284 3903 inzequalitas,

728 3935 846 3990 qua:
882 3922 1177 3976 secundum
1237 3923 1589 3990 privationem
1650 3925 1976 3993 :equalitatis
2032 3932 2283 3988 sumitur,

727 4010 1143 4064 exterminatur.
1185 4011 1422 4066 Observa
1480 4021 1677 4076 autem,
1719 4013 1891 4082 qualis
1952 4015 2285 4083 inaequalitas

726 4103 1063 4166 eliminetur,
1114 4104 1321 4158 scilicet
1367 4121 1488 4173 quae
1545 4117 1626 4162 est
1681 4110 1975 4161 secundum
2033 4109 2287 4178 privatio-

726 4209 851 4248 nem
887 4196 1210 4264 :rqualitatis
1250 4214 1260 4247 :
1299 4207 1383 4250 est
1435 4199 1576 4251 enim
1620 4200 1956 4268 inaequalitas
1993 4202 2178 4265 etiam,
2232 4203 2283 4254 in

726 4286 872 4338 omni
912 4295 1022 4340 toto
1059 4288 1121 4340 ad
1164 4298 1335 4343 totum
1396 4290 1716 4354 differentia,
1770 4292 2065 4345 secundum
2123 4308 2281 4361 quam

726 4376 991 4447 quidlibet
1028 4395 1055 4430 a
1096 4380 1336 4447 quolibet
1373 4381 1572 4436 differt.
1617 4383 1801 4436 Talem
1826 4383 2009 4451 itaque
2048 4384 2282 4452 inaequa-

2368 3194 2591 3263 ’τριχῶς
2647 3191 3072 3261 ύπεριδρύουσα,
3131 3193 3224 3246 καί
3275 3193 3367 3244 τοῦ
3423 3191 3588 3245 καλοῦ
3643 3192 3962 3258 ἀνιστῶσα,

2395 3287 2589 3357 μᾶλλον
2626 3285 2682 3338 δὲ
2719 3285 2811 3336 καὶ
2845 3284 2948 3355 πρὸ
2986 3284 3077 3336 τοῦ
3133 3285 3316 3335 πεσεῖν
3353 3285 3431 3345 εἰς
3468 3282 3528 3334 τὸ
3564 3285 3739 3353 χεῖρον
3778 3286 3836 3336 ὲν
3876 3283 3960 3354 τῷ

2392 3377 2538 3446 καλῷ
2574 3376 2845 3447 ἰδρύουσα,
2887 3376 2979 3428 καὶ
3013 3375 3072 3426 τὸ
3113 3374 3378 3443 ύπεκρυὲν
3416 3372 3817 3444 ἀναπληροῦσα,
3861 3376 3963 3428 καὶ

2392 3470 2606 3523 πάντων
2625 3467 2733 3520 τῶν
2756 3465 2963 3537 βλαϐῶν
3001 3465 3323 3518 ἀπολύουσα.

2474 3649 2627 3700 Ἀλλὰ
2669 3648 2793 3718 περὶ
2834 3647 2929 3716 μὲν
2963 3644 3165 3697 τούτων
3204 3643 3409 3713 καὶτῆς
3446 3643 3784 3714 δικαιοσύνης
3805 3645 3964 3718 εἵρηρ

2388 3760 2508 3804 ται,
2549 3741 2668 3794 καθ’
2688 3739 2754 3809 ἢν
2790 3739 2853 3810 δὴ
2887 3739 3229 3808 δικαιοσύνην
3283 3740 3314 3806 ἠ
3367 3739 3581 3790 πάντων
3638 3739 3820 3810 ίσότης
3860 3757 3962 3809 με-

2386 3832 2591 3901 τρεῖται
2629 3831 2723 3882 καὶ
2774 3828 3031 3900 ὁρίζεται,
3089 3828 3180 3880 καὶ
3237 3830 3382 3880 πᾶσα
3437 3828 3686 3899 ἀνισότης
3742 3832 3958 3900 ἡκατὰ

2386 3923 2480 3992 τὴν
2519 3922 2767 3992 στέρησιν
2802 3922 2901 3989 τῆς
2942 3921 3180 3990 ἰσότητος
3220 3919 3536 3989 ἐξορίζεται.
3564 3921 3701 3989 Ὅρα
3722 3921 3799 3983 δὲ,
3822 3924 3956 3976 ποία

2386 4016 2634 4084 ἀνισότης
2676 4013 2992 4083 ὲξορίζεται,
3033 4012 3266 4082 δηλονότι
3304 4014 3336 4082 ἡ
3386 4013 3521 4064 κατὰ
3561 4013 3814 4084 στέρησιν
3852 4017 3956 4085 τῆς

2388 4108 2658 4178 ἰσότητος’
2699 4105 2811 4157 ἔστι
2850 4105 2958 4175 γὰρ
2991 4105 3244 4174 ἀνισότης
3266 4105 3357 4156 καὶ
3393 4106 3424 4174 ἡ
3464 4106 3521 4155 ὲν
3561 4105 3637 4173 τῷ
3658 4106 3821 4157 παντὶ
3842 4106 3954 4160 τῶν

2382 4198 2516 4250 ὅλων
2539 4197 2672 4266 πρὸς
2723 4196 2818 4249 ὅλα
2861 4195 3108 4264 διαφορὰ,
3157 4196 3368 4264 καθ’ἥν
3425 4196 3666 4266 διαφέρει
3720 4197 3954 4250 ἕκαστον

2383 4288 2628 4340 ἑκάστου.
2669 4287 2776 4356 Τὴν
2805 4286 2933 4354 γοῦν
2983 4285 3233 4354 τοιαύτην
3283 4285 3570 4355 ἀνισότητα
3615 4288 3646 4355 ἡ
3694 4286 3785 4338 τοῦ
3812 4286 3952 4339 Θεοῦ

2382 4378 2692 4447 δικαιοσύνη
2736 4379 2975 4448 φρουρεῖ,
3000 4378 3092 4429 καὶ
3135 4377 3232 4428 οὐκ
3263 4373 3511 4444 ἐξορίζει·
3539 4377 3596 4426 ού
3624 4377 3731 4446 γὰρ
3758 4378 3951 4441 ἁπλῶς

726 4467 936 4521 litatem
978 4468 1158 4522 divina
1190 4471 1400 4540 justitia
1441 4473 1775 4537 custodit,et
1801 4488 1904 4527 non
1927 4477 2272 4539 exterminat;
2309 4469 2352 4523 D

2309 4469 2352 4523 D
2380 4470 2474 4540 τὴν
2504 4471 2790 4540 ἀνισότητα
2817 4469 3149 4541 ὲξορίζεσθαί
3198 4487 3377 4538 φησιν,
3408 4468 3540 4521 ἀλλά
3585 4467 3680 4538 τὴν
3732 4472 3789 4521 ὲν
3834 4475 3949 4536 τοῖς

727 4578 830 4616 nou
870 4564 1012 4616 enim
1066 4563 1385 4632 simpliciter
1434 4565 1849 4632 inaequalitatem
1906 4567 2281 4634 exterminari,

726 4655 819 4709 sed
861 4670 976 4709 eam
1016 4671 1136 4725 quze
1179 4657 1229 4710 in
1270 4657 1495 4727 singulis
1528 4659 1730 4721 existit,
1772 4659 1822 4711 id
1863 4669 1947 4713 est
1981 4661 2278 4713 secundum

726 4761 886 4816 quam
927 4748 1203 4816 quodlibet
1243 4764 1426 4802 eorum
1467 4765 1585 4818 quae
1607 4761 1752 4812 sunt,
1800 4750 1944 4803 haud
1981 4751 2276 4820 aequaliter,

726 4852 902 4904 neque
941 4838 1193 4891 similiter
1230 4838 1282 4892 in
1343 4841 1572 4893 naturali
1635 4840 1915 4894 identitate
1953 4839 2278 4902 consistunt,

725 4943 1042 4998 permanere
1094 4929 1246 4984 dicit.
1304 4927 1437 4982 Cum
1490 4945 1615 4984 vero
1669 4931 1835 4985 sciret
1895 4931 2030 4984 duos
2072 4932 2277 4995 modos,

724 5024 1022 5077 secundum
1059 5037 1192 5091 quos
1231 5024 1570 5093 inaequalitas
1610 5024 1825 5088 dicitur,
1885 5025 2018 5078 duos
2037 5025 2276 5092 exponit,

722 5124 777 5168 et
813 5116 911 5176 ait,
953 5114 1118 5168 Deum
1159 5123 1382 5170 eatenus
1425 5116 1841 5183 dicijustitiam,
1879 5125 2145 5185 quatenus
2165 5131 2278 5169 om-

723 5222 848 5261 nem
891 5207 1256 5275 aiqualitatem
1298 5221 1600 5275 mensurat,
1641 5220 1694 5264 et
1731 5209 2278 5279 quamlibetina'qua-

723 5301 927 5358 litatem
974 5304 1320 5357 exterminat.
1379 5305 1800 5374 Inaequalitatem
1859 5320 1988 5360 vero
2024 5304 2277 5373 intelligit

722 5409 841 5446 eam
881 5409 996 5463 quae
1033 5409 1131 5462 per
1184 5396 1539 5462 privationem
1604 5397 1928 5467 aequalitatis
1966 5397 2178 5460 accidit,
2225 5397 2274 5448 id

724 5494 807 5539 est
848 5485 1280 5542 redundantiam.
1324 5488 1571 5542 Alterum
1611 5504 1824 5559 quoque
1863 5491 2079 5543 modum
2118 5485 2274 5539 affert

722 5576 1115 5646 inmqualitatis
1161 5600 1173 5634 :
1217 5582 1366 5635 novit
1402 5582 1567 5646 enim,
1625 5583 1854 5652 aliquos,
1915 5579 2272 5647 intelligibiles

721 5678 777 5722 et
813 5669 1161 5739 incorporeas
1200 5673 1402 5728 formas
1439 5685 1493 5728 et
1534 5675 1786 5736 unitates,
1830 5675 1932 5727 hoc
1964 5682 2043 5726 est
2063 5671 2272 5739 simpli-

724 5774 813 5816 ces
852 5761 1201 5830 substantias,
1242 5766 1600 5836 aequalitatem
1638 5775 1691 5822 et
1731 5767 2066 5822 identitatem
2103 5763 2270 5817 nomi-

2386 4564 2505 4616 καθ’
2532 4563 2775 4624 ἕκαστον,
2824 4562 3065 4614 τουτέστι
3093 4561 3153 4612 τὸ
3180 4560 3251 4630 μὴ
3285 4560 3412 4623 ἴσως
3463 4561 3556 4613 καὶ
3588 4562 3788 4631 ὁμοίως
3812 4563 3947 4617 ἕκα-

2388 4673 2504 4708 στον
2533 4656 2637 4708 τῶν
2667 4657 2959 4723 γεγονότων
3014 4657 3071 4706 ὲν
3117 4653 3402 4722 ταύτότητι
3461 4657 3525 4723 τῇ
3577 4652 3714 4706 κατά
3757 4655 3944 4722 φύσιν,

2382 4749 2668 4816 διαμένειν.
2719 4746 2819 4798 Δύο
2844 4746 2897 4797 δὲ
2931 4746 3161 4816 τρόπους
3187 4744 3306 4796 καθ’
3328 4744 3420 4806 οὓς
3451 4745 3699 4814 ἀνισότης
3726 4745 3946 4813 λέγεται

2383 4839 2556 4904 εἰδὼς,
2581 4841 2705 4902 τοὺς
2730 4838 2819 4891 δύο
2838 4838 3127 4905 διατρανοῖ,
3161 4836 3248 4888 καί
3279 4852 3462 4904 φησιν,
3484 4837 3566 4887 ὅτι
3613 4838 3755 4889 κατά
3785 4837 3947 4890 τοῦτο

2379 4930 2684 5000 δικαιοσύνη
2733 4928 2942 4995 λέγεται
2983 4931 3011 4981 ό
3055 4928 3203 4990 Θεὸς,
3258 4925 3388 4979 καθὸ
3437 4927 3528 4978 καὶ
3569 4926 3666 4995 τὴν
3722 4927 3947 4996 ἰσότητα

2380 5023 2486 5074 τῶν
2551 5023 2763 5075 πάντων
2819 5013 3118 5091 ἐπιμετρεῖ,
3181 5019 3272 5071 καὶ
3325 5019 3421 5087 τὴν
3478 5017 3764 5085 ἀνισότητα
3823 5019 3946 5082 ἑνὸς

2379 5113 2603 5166 ἑκάστου
2659 5111 2901 5182 ἐξορίζει.
2984 5111 3292 5179 Ἀνισότητα
3348 5109 3401 5161 δὲ
3468 5107 3610 5175 λέγει
3663 5107 3760 5176 τὴν
3798 5109 3945 5160 κατὰ

2381 5206 2630 5276 στέρησιν
2666 5204 2764 5272 τῆς
2818 5203 3058 5269 ἰσότητος
3098 5200 3516 5271 συμϐαίνουσαν,
3546 5197 3788 5250 τουτέστι
3837 5197 3943 5268 τὴν

2379 5295 2701 5358 πλεονεξίαν.
2751 5293 3026 5362 Ἐπιφέρει
3081 5292 3136 5343 δὲ
3203 5294 3293 5344 καὶ
3365 5291 3454 5341 τὸν
3503 5289 3687 5359 ἕτερον
3737 5290 3942 5360 τρόπον

2377 5391 2471 5458 τῆς
2509 5389 2848 5456 ἀνισότητος·
2899 5387 2989 5437 καὶ
3032 5383 3139 5453 γάρ
3183 5379 3289 5435 οἷδέ
3333 5400 3482 5443 τινας
3535 5381 3601 5432 τὰ
3645 5382 3740 5449 μὲν
3772 5381 3941 5449 νοητά

2379 5482 2469 5533 καὶ
2515 5481 2775 5549 ἀσώματα
2814 5476 2947 5545 είδη,
3012 5477 3102 5527 καὶ
3165 5475 3263 5537 τὰς
3303 5473 3513 5533 ὲνάδας,
3559 5471 3805 5523 τουτέστι
3840 5470 3942 5534 τὰς

2379 5576 2549 5636 ἁπλᾶς
2589 5575 2793 5634 οὐσίας,
2837 5571 3054 5638 ἰσότητα
3084 5569 3174 5621 καὶ
3209 5567 3510 5636 ταύτότητα
3543 5565 3938 5634 ὀνομάσαντας·

2375 5668 2439 5719 τὰ
2474 5668 2527 5719 δὲ
2560 5666 2810 5736 αἰσθητὰ,
2864 5665 2897 5716 ἃ
2937 5665 3029 5715 καὶ
3098 5661 3328 5731 μεριστά
3380 5663 3483 5713 εἰσι
3529 5660 3619 5710 καὶ
3671 5661 3727 5710 ὲν
3777 5674 3946 5727 μετα-ι

2377 5760 2498 5829 ϐολῇ
2541 5760 2630 5810 καὶ
2673 5758 2896 5825 διαιρορᾷ
2935 5754 3068 5824 πρὸς
3105 5753 3322 5822 ἄλληλα,
3363 5752 3647 5819 ἀνισότητα
3692 5751 3786 5800 καὶ
3831 5751 3946 5800 ἐτε-
