  <div class='ocr_page' id='page_1' title='image "/cluster/home/n/w/nwhite01/storage/ocr_20150623/3/pst.000003853313/464.png"; bbox 0 0 4156 6312; ppageno 0'>
   <div class='ocr_carea' id='block_1_1' title="bbox 228 282 336 340">
    <p class='ocr_par' dir='ltr' id='par_1_1' title="bbox 228 282 336 340">
     <span class='ocr_line' id='line_1_1' title="bbox 228 282 336 340; baseline 0 0"><span class='ocrx_word' id='word_1_1' title='bbox 228 282 336 340; x_wconf 83' lang='lat'><strong>909</strong></span> 
     </span>
    </p>
   </div>
   <div class='ocr_carea' id='block_1_2' title="bbox 1315 281 2417 350">
    <p class='ocr_par' dir='ltr' id='par_1_2' title="bbox 1315 281 2417 350">
     <span class='ocr_line' id='line_1_2' title="bbox 1315 281 2417 350; baseline 0.006 -14"><span class='ocrx_word' id='word_1_2' title='bbox 1315 282 1401 338; x_wconf 89' lang='lat' dir='ltr'><strong>DE</strong></span> <span class='ocrx_word' id='word_1_3' title='bbox 1437 283 1687 339; x_wconf 79' lang='lat' dir='ltr'><strong>DIVINIS</strong></span> <span class='ocrx_word' id='word_1_4' title='bbox 1720 281 2110 350; x_wconf 71' lang='lat' dir='ltr'><strong>NOMINIBUS,</strong></span> <span class='ocrx_word' id='word_1_5' title='bbox 2141 287 2290 342; x_wconf 80' lang='lat' dir='ltr'><strong>CAP.</strong></span> <span class='ocrx_word' id='word_1_6' title='bbox 2331 286 2417 343; x_wconf 81' lang='grc' dir='ltr'><strong>ΙΧ.</strong></span> 
     </span>
    </p>
   </div>
   <div class='ocr_carea' id='block_1_3' title="bbox 3360 291 3456 348">
    <p class='ocr_par' dir='ltr' id='par_1_3' title="bbox 3360 291 3456 348">
     <span class='ocr_line' id='line_1_3' title="bbox 3360 291 3456 348; baseline -0.01 -1"><span class='ocrx_word' id='word_1_7' title='bbox 3360 291 3456 348; x_wconf 79' lang='lat' dir='ltr'><strong>9N)</strong></span> 
     </span>
    </p>
   </div>
   <div class='ocr_carea' id='block_1_4' title="bbox 227 392 1769 470">
    <p class='ocr_par' dir='ltr' id='par_1_4' title="bbox 227 392 1769 470">
     <span class='ocr_line' id='line_1_4' title="bbox 227 392 1769 470; baseline 0.001 -21"><span class='ocrx_word' id='word_1_8' title='bbox 227 398 455 470; x_wconf 75' lang='grc' dir='ltr'>ρότητα.</span> <span class='ocrx_word' id='word_1_9' title='bbox 523 396 682 465; x_wconf 85' lang='grc' dir='ltr'><strong>Λέγει</strong></span> <span class='ocrx_word' id='word_1_10' title='bbox 735 392 866 460; x_wconf 78' lang='grc' dir='ltr'>οὗν,</span> <span class='ocrx_word' id='word_1_11' title='bbox 930 395 1034 450; x_wconf 82' lang='grc' dir='ltr'>κᾶν</span> <span class='ocrx_word' id='word_1_12' title='bbox 1086 396 1288 467; x_wconf 81' lang='grc' dir='ltr'>ταύτην</span> <span class='ocrx_word' id='word_1_13' title='bbox 1340 398 1438 469; x_wconf 86' lang='grc' dir='ltr'>τὴν</span> <span class='ocrx_word' id='word_1_14' title='bbox 1501 400 1769 470; x_wconf 68' lang='grc' dir='ltr'>ἀνισότητα</span> 
     </span>
    </p>
   </div>
   <div class='ocr_carea' id='block_1_5' title="bbox 1870 392 3457 470">
    <p class='ocr_par' dir='ltr' id='par_1_5' title="bbox 1893 401 3457 469">
     <span class='ocr_line' id='line_1_5' title="bbox 1893 401 3457 469; baseline 0.002 -16"><span class='ocrx_word' id='word_1_15' title='bbox 1893 416 2079 466; x_wconf 83' lang='lat' dir='ltr'><strong>nasse;</strong></span> <span class='ocrx_word' id='word_1_16' title='bbox 2121 401 2342 456; x_wconf 83' lang='lat' dir='ltr'><strong>sensilia</strong></span> <span class='ocrx_word' id='word_1_17' title='bbox 2385 415 2514 454; x_wconf 91' lang='lat' dir='ltr'><strong>vero</strong></span> <span class='ocrx_word' id='word_1_18' title='bbox 2551 416 2670 469; x_wconf 86' lang='lat' dir='ltr'><strong>quae</strong></span> <span class='ocrx_word' id='word_1_19' title='bbox 2717 404 2880 458; x_wconf 89' lang='lat' dir='ltr'><strong>etiam</strong></span> <span class='ocrx_word' id='word_1_20' title='bbox 2906 405 3195 458; x_wconf 87' lang='lat' dir='ltr'><strong>divisibilla</strong></span> <span class='ocrx_word' id='word_1_21' title='bbox 3239 415 3365 458; x_wconf 91' lang='lat' dir='ltr'><strong>sunt</strong></span> <span class='ocrx_word' id='word_1_22' title='bbox 3403 415 3457 458; x_wconf 90' lang='lat' dir='ltr'><strong>et</strong></span> 
     </span>
    </p>
   </div>
   <div class='ocr_carea' id='block_1_6' title="bbox 223 483 1790 558">
    <p class='ocr_par' dir='ltr' id='par_1_6' title="bbox 223 483 1790 558">
     <span class='ocr_line' id='line_1_6' title="bbox 223 483 1790 558; baseline 0 -18"><span class='ocrx_word' id='word_1_23' title='bbox 223 485 442 558; x_wconf 69' lang='grc' dir='ltr'>νοήσειε</span> <span class='ocrx_word' id='word_1_24' title='bbox 476 502 560 549; x_wconf 89' lang='grc' dir='ltr'><strong>τις</strong></span> <span class='ocrx_word' id='word_1_25' title='bbox 603 485 700 556; x_wconf 84' lang='grc' dir='ltr'>τὴν</span> <span class='ocrx_word' id='word_1_26' title='bbox 749 484 1010 557; x_wconf 71' lang='grc' dir='ltr'>διαφορὰν</span> <span class='ocrx_word' id='word_1_27' title='bbox 1072 485 1180 538; x_wconf 83' lang='grc' dir='ltr'>τῶν</span> <span class='ocrx_word' id='word_1_28' title='bbox 1217 486 1506 555; x_wconf 74' lang='grc' dir='ltr'><strong>αἰσθητῶν,</strong></span> <span class='ocrx_word' id='word_1_29' title='bbox 1558 486 1668 540; x_wconf 81' lang='grc' dir='ltr'>ἀλλ’</span> <span class='ocrx_word' id='word_1_30' title='bbox 1698 483 1790 540; x_wconf 83' lang='grc' dir='ltr'>οὖν</span> 
     </span>
    </p>
   </div>
   <div class='ocr_carea' id='block_1_7' title="bbox 219 576 1789 648">
    <p class='ocr_par' dir='ltr' id='par_1_7' title="bbox 219 576 1789 648">
     <span class='ocr_line' id='line_1_7' title="bbox 219 576 1789 648; baseline -0.001 -18"><span class='ocrx_word' id='word_1_31' title='bbox 219 577 326 630; x_wconf 74' lang='grc' dir='ltr'>καὶ</span> <span class='ocrx_word' id='word_1_32' title='bbox 359 577 557 648; x_wconf 84' lang='grc' dir='ltr'><strong>ταύτης</strong></span> <span class='ocrx_word' id='word_1_33' title='bbox 583 578 680 648; x_wconf 84' lang='grc' dir='ltr'>τῆς</span> <span class='ocrx_word' id='word_1_34' title='bbox 713 578 1023 647; x_wconf 81' lang='grc' dir='ltr'>ἀνισότητος</span> <span class='ocrx_word' id='word_1_35' title='bbox 1060 579 1088 629; x_wconf 82' lang='grc' dir='ltr'>ὁ</span> <span class='ocrx_word' id='word_1_36' title='bbox 1125 576 1253 640; x_wconf 83' lang='grc' dir='ltr'><strong>Θεὸς</strong></span> <span class='ocrx_word' id='word_1_37' title='bbox 1292 579 1522 648; x_wconf 73' lang='grc' dir='ltr'>φρουρός</span> <span class='ocrx_word' id='word_1_38' title='bbox 1557 581 1692 642; x_wconf 73' lang='grc' dir='ltr'>ἐστι,</span> <span class='ocrx_word' id='word_1_39' title='bbox 1716 579 1789 648; x_wconf 84' lang='grc' dir='ltr'>μὴ</span> 
     </span>
    </p>
   </div>
   <div class='ocr_carea' id='block_1_8' title="bbox 217 668 1793 739">
    <p class='ocr_par' dir='ltr' id='par_1_8' title="bbox 217 668 1793 739">
     <span class='ocr_line' id='line_1_8' title="bbox 217 668 1793 739; baseline 0.001 -19"><span class='ocrx_word' id='word_1_40' title='bbox 217 669 336 723; x_wconf 79' lang='grc' dir='ltr'>ὲῶν</span> <span class='ocrx_word' id='word_1_41' title='bbox 361 670 428 723; x_wconf 73' lang='grc' dir='ltr'>τὰ</span> <span class='ocrx_word' id='word_1_42' title='bbox 480 670 693 724; x_wconf 73' lang='grc' dir='ltr'>ἐναντία</span> <span class='ocrx_word' id='word_1_43' title='bbox 747 670 826 733; x_wconf 85' lang='grc' dir='ltr'>εἰς</span> <span class='ocrx_word' id='word_1_44' title='bbox 886 669 942 722; x_wconf 81' lang='grc' dir='ltr'>ἓν</span> <span class='ocrx_word' id='word_1_45' title='bbox 998 668 1350 739; x_wconf 82' lang='grc' dir='ltr'><strong>συναχθῆναι,</strong></span> <span class='ocrx_word' id='word_1_46' title='bbox 1407 672 1500 722; x_wconf 80' lang='grc' dir='ltr'>καὶ</span> <span class='ocrx_word' id='word_1_47' title='bbox 1553 668 1638 722; x_wconf 78' lang='grc' dir='ltr'><strong>διὰ</strong></span> <span class='ocrx_word' id='word_1_48' title='bbox 1695 670 1793 739; x_wconf 80' lang='grc' dir='ltr'><strong>τῆς</strong></span> 
     </span>
    </p>
   </div>
   <div class='ocr_carea' id='block_1_9' title="bbox 215 759 1792 833">
    <p class='ocr_par' dir='ltr' id='par_1_9' title="bbox 215 759 1792 833">
     <span class='ocr_line' id='line_1_9' title="bbox 215 759 1792 833; baseline -0.001 -19"><span class='ocrx_word' id='word_1_49' title='bbox 215 761 441 830; x_wconf 75' lang='grc' dir='ltr'>φύσεως</span> <span class='ocrx_word' id='word_1_50' title='bbox 477 764 557 825; x_wconf 86' lang='grc' dir='ltr'><strong>είς</strong></span> <span class='ocrx_word' id='word_1_51' title='bbox 597 761 799 833; x_wconf 81' lang='grc' dir='ltr'>φθορὰν</span> <span class='ocrx_word' id='word_1_52' title='bbox 838 759 1042 813; x_wconf 71' lang='grc' dir='ltr'>ὲλθεῖνο</span> <span class='ocrx_word' id='word_1_53' title='bbox 1101 761 1176 823; x_wconf 83' lang='grc' dir='ltr'>ὡς</span> <span class='ocrx_word' id='word_1_54' title='bbox 1230 759 1338 831; x_wconf 76' lang='grc' dir='ltr'><strong>γὰρ</strong></span> <span class='ocrx_word' id='word_1_55' title='bbox 1404 760 1687 830; x_wconf 77' lang='grc' dir='ltr'><strong>παρήγαγε</strong></span> <span class='ocrx_word' id='word_1_56' title='bbox 1723 760 1792 813; x_wconf 83' lang='grc' dir='ltr'>τὰ</span> 
     </span>
    </p>
   </div>
   <div class='ocr_carea' id='block_1_10' title="bbox 215 850 1793 925">
    <p class='ocr_par' dir='ltr' id='par_1_10' title="bbox 215 850 1793 925">
     <span class='ocr_line' id='line_1_10' title="bbox 215 850 1793 925; baseline 0 -19"><span class='ocrx_word' id='word_1_57' title='bbox 215 853 421 916; x_wconf 73' lang='grc' dir='ltr'><strong>⁴πάντα,</strong></span> <span class='ocrx_word' id='word_1_58' title='bbox 461 853 602 906; x_wconf 81' lang='grc' dir='ltr'>οὕτω</span> <span class='ocrx_word' id='word_1_59' title='bbox 641 854 894 925; x_wconf 85' lang='grc' dir='ltr'>συντηρεῖ</span> <span class='ocrx_word' id='word_1_60' title='bbox 932 851 1092 915; x_wconf 83' lang='grc' dir='ltr'>αὑτὰ,</span> <span class='ocrx_word' id='word_1_61' title='bbox 1132 850 1207 914; x_wconf 83' lang='grc' dir='ltr'>ὡς</span> <span class='ocrx_word' id='word_1_62' title='bbox 1245 851 1337 904; x_wconf 89' lang='grc' dir='ltr'><strong>καί</strong></span> <span class='ocrx_word' id='word_1_63' title='bbox 1365 853 1469 904; x_wconf 90' lang='grc' dir='ltr'>είσι</span> <span class='ocrx_word' id='word_1_64' title='bbox 1501 851 1591 904; x_wconf 77' lang='grc' dir='ltr'><strong>καὶ</strong></span> <span class='ocrx_word' id='word_1_65' title='bbox 1627 850 1701 916; x_wconf 84' lang='grc' dir='ltr'>ὡς</span> <span class='ocrx_word' id='word_1_66' title='bbox 1735 852 1793 919; x_wconf 79' lang='grc' dir='ltr'><strong>ἐξ</strong></span> 
     </span>
    </p>
   </div>
   <div class='ocr_carea' id='block_1_11' title="bbox 213 944 687 1015">
    <p class='ocr_par' dir='ltr' id='par_1_11' title="bbox 213 944 687 1015">
     <span class='ocr_line' id='line_1_11' title="bbox 213 944 687 1015; baseline -0.002 -18"><span class='ocrx_word' id='word_1_67' title='bbox 213 944 401 1015; x_wconf 80' lang='grc' dir='ltr'>ἀρχῆς</span> <span class='ocrx_word' id='word_1_68' title='bbox 427 945 687 1013; x_wconf 75' lang='grc' dir='ltr'>ἐγένοντο.</span> 
     </span>
    </p>
   </div>
   <div class='ocr_carea' id='block_1_12' title="bbox 1892 493 3448 566">
    <p class='ocr_par' dir='ltr' id='par_1_12' title="bbox 1892 493 3448 566">
     <span class='ocr_line' id='line_1_12' title="bbox 1892 493 3448 566; baseline 0.004 -22"><span class='ocrx_word' id='word_1_69' title='bbox 1892 493 2188 556; x_wconf 91' lang='lat' dir='ltr'><strong>mutabilia,</strong></span> <span class='ocrx_word' id='word_1_70' title='bbox 2229 503 2283 547; x_wconf 90' lang='lat' dir='ltr'><strong>et</strong></span> <span class='ocrx_word' id='word_1_71' title='bbox 2336 494 2402 547; x_wconf 85' lang='lat' dir='ltr'><strong>ab</strong></span> <span class='ocrx_word' id='word_1_72' title='bbox 2459 493 2686 546; x_wconf 91' lang='lat' dir='ltr'><strong>invicem</strong></span> <span class='ocrx_word' id='word_1_73' title='bbox 2745 495 2981 559; x_wconf 87' lang='lat' dir='ltr'><strong>diversa,</strong></span> <span class='ocrx_word' id='word_1_74' title='bbox 3027 497 3448 566; x_wconf 81' lang='lat' dir='ltr'><strong>inaequalitatem</strong></span> 
     </span>
    </p>
   </div>
   <div class='ocr_carea' id='block_1_13' title="bbox 1890 582 3454 658">
    <p class='ocr_par' dir='ltr' id='par_1_13' title="bbox 1890 582 3454 658">
     <span class='ocr_line' id='line_1_13' title="bbox 1890 582 3454 658; baseline 0.004 -23"><span class='ocrx_word' id='word_1_75' title='bbox 1890 591 1946 636; x_wconf 91' lang='lat' dir='ltr'><strong>et</strong></span> <span class='ocrx_word' id='word_1_76' title='bbox 1996 582 2386 638; x_wconf 78' lang='lat' dir='ltr'><strong>diversitatem.</strong></span> <span class='ocrx_word' id='word_1_77' title='bbox 2444 585 2581 638; x_wconf 87' lang='lat' dir='ltr'><strong>Dicit</strong></span> <span class='ocrx_word' id='word_1_78' title='bbox 2640 585 2848 653; x_wconf 89' lang='lat' dir='ltr'><strong>itaque,</strong></span> <span class='ocrx_word' id='word_1_79' title='bbox 2906 589 3008 642; x_wconf 88' lang='lat' dir='ltr'><strong>etsi</strong></span> <span class='ocrx_word' id='word_1_80' title='bbox 3065 590 3258 658; x_wconf 86' lang='lat' dir='ltr'><strong>aliquis</strong></span> <span class='ocrx_word' id='word_1_81' title='bbox 3316 592 3454 642; x_wconf 85' lang='lat' dir='ltr'><strong>hanc</strong></span> 
     </span>
    </p>
   </div>
   <div class='ocr_carea' id='block_1_14' title="bbox 1891 675 3443 744">
    <p class='ocr_par' dir='ltr' id='par_1_14' title="bbox 1891 675 3443 744">
     <span class='ocr_line' id='line_1_14' title="bbox 1891 675 3443 744; baseline 0.003 -16"><span class='ocrx_word' id='word_1_82' title='bbox 1891 675 2315 744; x_wconf 65' lang='lat' dir='ltr'><strong>inmqualitatem</strong></span> <span class='ocrx_word' id='word_1_83' title='bbox 2355 676 2680 731; x_wconf 78' lang='lat' dir='ltr'><strong>intellexerit</strong></span> <span class='ocrx_word' id='word_1_84' title='bbox 2739 677 3097 734; x_wconf 76' lang='lat' dir='ltr'><strong>diﬂ‘erentiam</strong></span> <span class='ocrx_word' id='word_1_85' title='bbox 3137 685 3443 743; x_wconf 87' lang='lat' dir='ltr'><strong>sensilium,</strong></span> 
     </span>
    </p>
   </div>
   <div class='ocr_carea' id='block_1_15' title="bbox 1896 764 3450 839">
    <p class='ocr_par' dir='ltr' id='par_1_15' title="bbox 1896 764 3450 839">
     <span class='ocr_line' id='line_1_15' title="bbox 1896 764 3450 839; baseline 0.004 -21"><span class='ocrx_word' id='word_1_86' title='bbox 1896 764 2242 819; x_wconf 89' lang='lat' dir='ltr'><strong>nihilominus</strong></span> <span class='ocrx_word' id='word_1_87' title='bbox 2294 765 2457 818; x_wconf 86' lang='lat' dir='ltr'><strong>etiam</strong></span> <span class='ocrx_word' id='word_1_88' title='bbox 2533 767 2696 818; x_wconf 85' lang='lat' dir='ltr'><strong>Deum</strong></span> <span class='ocrx_word' id='word_1_89' title='bbox 2770 766 2996 834; x_wconf 85' lang='lat' dir='ltr'><strong>hujusce</strong></span> <span class='ocrx_word' id='word_1_90' title='bbox 3070 771 3450 839; x_wconf 72' lang='lat' dir='ltr'><strong>inmqualitatis</strong></span> 
     </span>
    </p>
   </div>
   <div class='ocr_carea' id='block_1_16' title="bbox 1897 855 3449 928">
    <p class='ocr_par' dir='ltr' id='par_1_16' title="bbox 1897 855 3449 928">
     <span class='ocr_line' id='line_1_16' title="bbox 1897 855 3449 928; baseline 0.004 -18"><span class='ocrx_word' id='word_1_91' title='bbox 1897 855 2171 910; x_wconf 87' lang='lat' dir='ltr'><strong>custodem</strong></span> <span class='ocrx_word' id='word_1_92' title='bbox 2210 856 2464 918; x_wconf 77' lang='lat' dir='ltr'><strong>existere,</strong></span> <span class='ocrx_word' id='word_1_93' title='bbox 2509 859 2632 911; x_wconf 88' lang='lat' dir='ltr'><strong>dum</strong></span> <span class='ocrx_word' id='word_1_94' title='bbox 2691 873 2795 911; x_wconf 94' lang='lat' dir='ltr'><strong>non</strong></span> <span class='ocrx_word' id='word_1_95' title='bbox 2851 861 3117 928; x_wconf 78' lang='lat' dir='ltr'><strong>permittit</strong></span> <span class='ocrx_word' id='word_1_96' title='bbox 3173 865 3449 916; x_wconf 75' lang='lat' dir='ltr'><strong>contraria</strong></span> 
     </span>
    </p>
   </div>
   <div class='ocr_carea' id='block_1_17' title="bbox 1895 944 3448 1022">
    <p class='ocr_par' dir='ltr' id='par_1_17' title="bbox 1895 944 3448 1022">
     <span class='ocr_line' id='line_1_17' title="bbox 1895 944 3448 1022; baseline 0.006 -24"><span class='ocrx_word' id='word_1_97' title='bbox 1895 944 1950 999; x_wconf 91' lang='lat' dir='ltr'><strong>in</strong></span> <span class='ocrx_word' id='word_1_98' title='bbox 1988 961 2150 1000; x_wconf 90' lang='lat' dir='ltr'><strong>unum</strong></span> <span class='ocrx_word' id='word_1_99' title='bbox 2193 947 2552 1009; x_wconf 78' lang='lat' dir='ltr'><strong>commisceri,</strong></span> <span class='ocrx_word' id='word_1_100' title='bbox 2593 957 2649 1001; x_wconf 91' lang='lat' dir='ltr'><strong>et</strong></span> <span class='ocrx_word' id='word_1_101' title='bbox 2703 951 3024 1006; x_wconf 84' lang='lat' dir='ltr'><strong>naturaliter</strong></span> <span class='ocrx_word' id='word_1_102' title='bbox 3057 953 3107 1004; x_wconf 93' lang='lat' dir='ltr'><strong>in</strong></span> <span class='ocrx_word' id='word_1_103' title='bbox 3145 956 3448 1022; x_wconf 70' lang='lat' dir='ltr'><strong>corrunptio-</strong></span> 
     </span>
    </p>
   </div>
   <div class='ocr_carea' id='block_1_18' title="bbox 212 1033 3447 1110">
    <p class='ocr_par' dir='ltr' id='par_1_18' title="bbox 212 1033 3447 1110">
     <span class='ocr_line' id='line_1_18' title="bbox 212 1033 3447 1110; baseline 0.001 -17"><span class='ocrx_word' id='word_1_104' title='bbox 212 1053 349 1093; x_wconf 78' lang='lat' dir='ltr'><strong>nem</strong></span> <span class='ocrx_word' id='word_1_105' title='bbox 384 1039 666 1101; x_wconf 76' lang='lat' dir='ltr'><strong>devenire;</strong></span> <span class='ocrx_word' id='word_1_106' title='bbox 743 1046 802 1090; x_wconf 93' lang='lat' dir='ltr'><strong>ut</strong></span> <span class='ocrx_word' id='word_1_107' title='bbox 838 1038 980 1092; x_wconf 82' lang='lat' dir='ltr'><strong>enim</strong></span> <span class='ocrx_word' id='word_1_108' title='bbox 1016 1036 1194 1090; x_wconf 90' lang='lat' dir='ltr'><strong>omnia</strong></span> <span class='ocrx_word' id='word_1_109' title='bbox 1216 1034 1490 1105; x_wconf 81' lang='lat' dir='ltr'><strong>produxit,</strong></span> <span class='ocrx_word' id='word_1_110' title='bbox 1513 1033 1590 1090; x_wconf 90' lang='lat' dir='ltr'><strong>sic</strong></span> <span class='ocrx_word' id='word_1_111' title='bbox 1610 1034 1772 1088; x_wconf 87' lang='lat' dir='ltr'><strong>etiam</strong></span> <span class='ocrx_word' id='word_1_112' title='bbox 1812 1035 1926 1104; x_wconf 85' lang='lat' dir='ltr'><strong>ipsa</strong></span> <span class='ocrx_word' id='word_1_113' title='bbox 1964 1047 2268 1103; x_wconf 74' lang='lat' dir='ltr'><strong>conservat,</strong></span> <span class='ocrx_word' id='word_1_114' title='bbox 2311 1047 2367 1092; x_wconf 93' lang='lat' dir='ltr'><strong>ut</strong></span> <span class='ocrx_word' id='word_1_115' title='bbox 2405 1048 2460 1092; x_wconf 86' lang='lat' dir='ltr'><strong>et</strong></span> <span class='ocrx_word' id='word_1_116' title='bbox 2496 1039 2603 1092; x_wconf 89' lang='lat' dir='ltr'><strong>sint</strong></span> <span class='ocrx_word' id='word_1_117' title='bbox 2642 1040 2781 1094; x_wconf 89' lang='lat' dir='ltr'><strong>sicut</strong></span> <span class='ocrx_word' id='word_1_118' title='bbox 2820 1043 2871 1094; x_wconf 89' lang='lat' dir='ltr'><strong>in</strong></span> <span class='ocrx_word' id='word_1_119' title='bbox 2911 1043 3174 1110; x_wconf 86' lang='lat' dir='ltr'><strong>principio</strong></span> <span class='ocrx_word' id='word_1_120' title='bbox 3213 1043 3447 1098; x_wconf 84' lang='lat' dir='ltr'><strong>fuerunt.</strong></span> 
     </span>
    </p>
   </div>
   <div class='ocr_carea' id='block_1_19' title="bbox 1405 1197 3428 1223">
    <p class='ocr_par' dir='ltr' id='par_1_19' title="bbox 1405 1197 3428 1223">
     <span class='ocr_line' id='line_1_19' title="bbox 1405 1197 3428 1223; baseline -0.001 -13"><span class='ocrx_word' id='word_1_121' title='bbox 1405 1197 3428 1223; x_wconf 75' lang='lat'><strong>___._.__________________________</strong></span> 
     </span>
    </p>
   </div>
   <div class='ocr_carea' id='block_1_20' title="bbox 602 1283 1390 1374">
    <p class='ocr_par' dir='ltr' id='par_1_20' title="bbox 602 1283 1390 1374">
     <span class='ocr_line' id='line_1_20' title="bbox 602 1283 1390 1374; baseline -0.003 -3"><span class='ocrx_word' id='word_1_122' title='bbox 602 1287 1239 1372; x_wconf 85' lang='grc' dir='ltr'><strong>ΚΕΦΑΛΑΙΟΝ</strong></span> <span class='ocrx_word' id='word_1_123' title='bbox 1269 1283 1390 1374; x_wconf 86' lang='grc' dir='ltr'><strong>Θ’.</strong></span> 
     </span>
    </p>
   </div>
   <div class='ocr_carea' id='block_1_21' title="bbox 206 1432 1780 1503">
    <p class='ocr_par' dir='ltr' id='par_1_21' title="bbox 206 1432 1780 1503">
     <span class='ocr_line' id='line_1_21' title="bbox 206 1432 1780 1503; baseline -0.002 -14"><span class='ocrx_word' id='word_1_124' title='bbox 206 1433 359 1503; x_wconf 81' lang='grc' dir='ltr'>Περὶ</span> <span class='ocrx_word' id='word_1_125' title='bbox 392 1433 676 1502; x_wconf 68' lang='grc' dir='ltr'>μεγάλου,</span> <span class='ocrx_word' id='word_1_126' title='bbox 719 1433 963 1503; x_wconf 81' lang='grc' dir='ltr'>μικροῦ,</span> <span class='ocrx_word' id='word_1_127' title='bbox 1005 1432 1243 1503; x_wconf 80' lang='grc' dir='ltr'>ταύτοῦ,</span> <span class='ocrx_word' id='word_1_128' title='bbox 1297 1433 1521 1499; x_wconf 79' lang='grc' dir='ltr'>ἐτέρου,</span> <span class='ocrx_word' id='word_1_129' title='bbox 1556 1434 1780 1502; x_wconf 82' lang='grc' dir='ltr'>ὁμοίου,</span> 
     </span>
    </p>
   </div>
   <div class='ocr_carea' id='block_1_22' title="bbox 359 1502 1636 1573">
    <p class='ocr_par' dir='ltr' id='par_1_22' title="bbox 359 1502 1636 1573">
     <span class='ocr_line' id='line_1_22' title="bbox 359 1502 1636 1573; baseline -0.001 -16"><span class='ocrx_word' id='word_1_130' title='bbox 359 1504 659 1573; x_wconf 81' lang='grc' dir='ltr'><strong>ἀνομοίου,</strong></span> <span class='ocrx_word' id='word_1_131' title='bbox 684 1502 973 1568; x_wconf 79' lang='grc' dir='ltr'>στάσεως,</span> <span class='ocrx_word' id='word_1_132' title='bbox 1006 1502 1314 1570; x_wconf 80' lang='grc' dir='ltr'>κινήσεως,</span> <span class='ocrx_word' id='word_1_133' title='bbox 1347 1504 1636 1571; x_wconf 69' lang='grc' dir='ltr'>ἰσότητος.</span> 
     </span>
    </p>
   </div>
   <div class='ocr_carea' id='block_1_23' title="bbox 2249 1275 3075 1385">
    <p class='ocr_par' dir='ltr' id='par_1_23' title="bbox 2249 1275 3075 1385">
     <span class='ocr_line' id='line_1_23' title="bbox 2249 1275 3075 1385; baseline 0 -2"><span class='ocrx_word' id='word_1_134' title='bbox 2249 1275 2409 1346; x_wconf 64' lang='grc'><strong>4⁸⁵</strong></span> <span class='ocrx_word' id='word_1_135' title='bbox 2447 1296 2825 1384; x_wconf 82' lang='lat' dir='ltr'><strong>CAPUT</strong></span> <span class='ocrx_word' id='word_1_136' title='bbox 2903 1299 3075 1385; x_wconf 86' lang='lat' dir='ltr'><strong>1x.</strong></span> 
     </span>
    </p>
   </div>
   <div class='ocr_carea' id='block_1_24' title="bbox 1905 1436 3443 1513">
    <p class='ocr_par' dir='ltr' id='par_1_24' title="bbox 1905 1436 3443 1513">
     <span class='ocr_line' id='line_1_24' title="bbox 1905 1436 3443 1513; baseline 0.008 -23"><span class='ocrx_word' id='word_1_137' title='bbox 1905 1436 1981 1490; x_wconf 83' lang='lat' dir='ltr'><strong>De</strong></span> <span class='ocrx_word' id='word_1_138' title='bbox 2028 1454 2240 1508; x_wconf 85' lang='lat' dir='ltr'><strong>magno,</strong></span> <span class='ocrx_word' id='word_1_139' title='bbox 2277 1458 2459 1508; x_wconf 80' lang='lat' dir='ltr'><strong>parvo,</strong></span> <span class='ocrx_word' id='word_1_140' title='bbox 2508 1443 2722 1506; x_wconf 79' lang='lat' dir='ltr'><strong>eodem,</strong></span> <span class='ocrx_word' id='word_1_141' title='bbox 2757 1443 2885 1513; x_wconf 84' lang='lat' dir='ltr'><strong>alio,</strong></span> <span class='ocrx_word' id='word_1_142' title='bbox 2931 1445 3128 1511; x_wconf 89' lang='lat' dir='ltr'><strong>simili,</strong></span> <span class='ocrx_word' id='word_1_143' title='bbox 3173 1449 3443 1513; x_wconf 81' lang='lat' dir='ltr'><strong>dissimili,</strong></span> 
     </span>
    </p>
   </div>
   <div class='ocr_carea' id='block_1_25' title="bbox 2302 1512 3012 1582">
    <p class='ocr_par' dir='ltr' id='par_1_25' title="bbox 2302 1512 3012 1582">
     <span class='ocr_line' id='line_1_25' title="bbox 2302 1512 3012 1582; baseline 0.004 -18"><span class='ocrx_word' id='word_1_144' title='bbox 2302 1522 2466 1577; x_wconf 83' lang='lat' dir='ltr'><strong>statu,</strong></span> <span class='ocrx_word' id='word_1_145' title='bbox 2499 1523 2662 1579; x_wconf 87' lang='lat' dir='ltr'><strong>motu,</strong></span> <span class='ocrx_word' id='word_1_146' title='bbox 2694 1512 3012 1582; x_wconf 69' lang='lat' dir='ltr'><strong>wqualitate.</strong></span> 
     </span>
    </p>
   </div>
   <div class='ocr_carea' id='block_1_26' title="bbox 1485 1651 2138 1711">
    <p class='ocr_par' dir='ltr' id='par_1_26' title="bbox 1485 1651 2138 1711">
     <span class='ocr_line' id='line_1_26' title="bbox 1485 1651 2138 1711; baseline 0.008 -5"><span class='ocrx_word' id='word_1_147' title='bbox 1485 1651 1820 1709; x_wconf 83' lang='lat' dir='ltr'><strong>SYNOPSIS</strong></span> <span class='ocrx_word' id='word_1_148' title='bbox 1851 1654 2138 1711; x_wconf 83' lang='lat' dir='ltr'><strong>CAPITIS.</strong></span> 
     </span>
    </p>
   </div>
   <div class='ocr_carea' id='block_1_27' title="bbox 201 1764 3435 1844">
    <p class='ocr_par' dir='ltr' id='par_1_27' title="bbox 201 1764 3435 1844">
     <span class='ocr_line' id='line_1_27' title="bbox 201 1764 3435 1844; baseline 0.004 -25"><span class='ocrx_word' id='word_1_149' title='bbox 201 1764 257 1821; x_wconf 79' lang='lat' dir='ltr'><strong>l.</strong></span> <span class='ocrx_word' id='word_1_150' title='bbox 292 1767 451 1832; x_wconf 88' lang='lat' dir='ltr'><strong>Dicit,</strong></span> <span class='ocrx_word' id='word_1_151' title='bbox 484 1768 645 1824; x_wconf 82' lang='lat' dir='ltr'><strong>Deum</strong></span> <span class='ocrx_word' id='word_1_152' title='bbox 668 1771 721 1823; x_wconf 85' lang='lat' dir='ltr'><strong>in</strong></span> <span class='ocrx_word' id='word_1_153' title='bbox 744 1770 1049 1844; x_wconf 69' lang='lat' dir='ltr'><strong>§cripturis</strong></span> <span class='ocrx_word' id='word_1_154' title='bbox 1081 1769 1257 1823; x_wconf 81' lang='lat' dir='ltr'><strong>vocari</strong></span> <span class='ocrx_word' id='word_1_155' title='bbox 1296 1785 1826 1844; x_wconf 55' lang='lat' dir='ltr'><strong>magnam,_parvum,</strong></span> <span class='ocrx_word' id='word_1_156' title='bbox 1853 1772 2108 1844; x_wconf 15' lang='lat' dir='ltr'><strong>einnidemi,</strong></span> <span class='ocrx_word' id='word_1_157' title='bbox 2142 1774 2323 1844; x_wconf 69' lang='lat' dir='ltr'><strong>alium,</strong></span> <span class='ocrx_word' id='word_1_158' title='bbox 2356 1784 2458 1828; x_wconf 81' lang='lat' dir='ltr'><strong>etc.</strong></span> <span class='ocrx_word' id='word_1_159' title='bbox 2491 1775 2551 1830; x_wconf 92' lang='lat' dir='ltr'><strong>ll.</strong></span> <span class='ocrx_word' id='word_1_160' title='bbox 2587 1776 2852 1844; x_wconf 70' lang='lat' dir='ltr'><strong>Explicat,</strong></span> <span class='ocrx_word' id='word_1_161' title='bbox 2875 1794 2977 1843; x_wconf 85' lang='lat' dir='ltr'><strong>quo</strong></span> <span class='ocrx_word' id='word_1_162' title='bbox 3001 1795 3152 1830; x_wconf 86' lang='lat' dir='ltr'><strong>sensu</strong></span> <span class='ocrx_word' id='word_1_163' title='bbox 3192 1778 3326 1832; x_wconf 79' lang='lat' dir='ltr'><strong>Deus</strong></span> <span class='ocrx_word' id='word_1_164' title='bbox 3355 1781 3435 1831; x_wconf 85' lang='lat' dir='ltr'><strong>di-</strong></span> 
     </span>
    </p>
   </div>
   <div class='ocr_carea' id='block_1_28' title="bbox 291 1840 824 1908">
    <p class='ocr_par' dir='ltr' id='par_1_28' title="bbox 291 1840 824 1908">
     <span class='ocr_line' id='line_1_28' title="bbox 291 1840 824 1908; baseline 0.006 -17"><span class='ocrx_word' id='word_1_165' title='bbox 291 1849 446 1892; x_wconf 83' lang='lat' dir='ltr'><strong>catur</strong></span> <span class='ocrx_word' id='word_1_166' title='bbox 469 1857 706 1908; x_wconf 76' lang='lat' dir='ltr'><strong>magnus.</strong></span> <span class='ocrx_word' id='word_1_167' title='bbox 741 1840 824 1896; x_wconf 89' lang='lat' dir='ltr'><strong>Ill.</strong></span> 
     </span>
    </p>
   </div>
   <div class='ocr_carea' id='block_1_29' title="bbox 289 1907 1561 1977">
    <p class='ocr_par' dir='ltr' id='par_1_29' title="bbox 289 1907 1561 1977">
     <span class='ocr_line' id='line_1_29' title="bbox 289 1907 1561 1977; baseline 0 -16"><span class='ocrx_word' id='word_1_168' title='bbox 289 1910 343 1962; x_wconf 85' lang='lat' dir='ltr'><strong>in</strong></span> <span class='ocrx_word' id='word_1_169' title='bbox 382 1907 491 1962; x_wconf 82' lang='lat' dir='ltr'><strong>Deo</strong></span> <span class='ocrx_word' id='word_1_170' title='bbox 519 1907 811 1977; x_wconf 76' lang='lat' dir='ltr'><strong>(erigitudo,</strong></span> <span class='ocrx_word' id='word_1_171' title='bbox 836 1910 1084 1971; x_wconf 86' lang='lat' dir='ltr'><strong>latitudo,</strong></span> <span class='ocrx_word' id='word_1_172' title='bbox 1106 1909 1444 1976; x_wconf 74' lang='lat' dir='ltr'><strong>profundum.</strong></span> <span class='ocrx_word' id='word_1_173' title='bbox 1478 1909 1561 1963; x_wconf 81' lang='lat' dir='ltr'><strong>Vl.</strong></span> 
     </span>
    </p>
   </div>
   <div class='ocr_carea' id='block_1_30' title="bbox 908 1839 3438 1914">
    <p class='ocr_par' dir='ltr' id='par_1_30' title="bbox 908 1839 3438 1914">
     <span class='ocr_line' id='line_1_30' title="bbox 908 1839 3438 1914; baseline 0.004 -23"><span class='ocrx_word' id='word_1_174' title='bbox 908 1856 974 1914; x_wconf 71' lang='lat' dir='ltr'><strong>uo</strong></span> <span class='ocrx_word' id='word_1_175' title='bbox 1009 1856 1160 1914; x_wconf 77' lang='lat' dir='ltr'><strong>sensu</strong></span> <span class='ocrx_word' id='word_1_176' title='bbox 1182 1855 1394 1914; x_wconf 70' lang='lat' dir='ltr'><strong>parvas.</strong></span> <span class='ocrx_word' id='word_1_177' title='bbox 1426 1839 1664 1914; x_wconf 58' lang='lat' dir='ltr'><strong>lV_.__Qtto</strong></span> <span class='ocrx_word' id='word_1_178' title='bbox 1687 1858 1841 1894; x_wconf 80' lang='lat' dir='ltr'><strong>sensu</strong></span> <span class='ocrx_word' id='word_1_179' title='bbox 1866 1843 2023 1914; x_wconf 79' lang='lat' dir='ltr'><strong>idem.</strong></span> <span class='ocrx_word' id='word_1_180' title='bbox 2049 1843 2112 1896; x_wconf 83' lang='lat' dir='ltr'><strong>V.</strong></span> <span class='ocrx_word' id='word_1_181' title='bbox 2148 1842 2262 1914; x_wconf 83' lang='lat' dir='ltr'><strong>Quo</strong></span> <span class='ocrx_word' id='word_1_182' title='bbox 2291 1860 2446 1896; x_wconf 77' lang='lat' dir='ltr'><strong>sensu</strong></span> <span class='ocrx_word' id='word_1_183' title='bbox 2466 1846 2638 1906; x_wconf 80' lang='lat' dir='ltr'><strong>aliud,</strong></span> <span class='ocrx_word' id='word_1_184' title='bbox 2664 1839 2710 1898; x_wconf 77' lang='lat' dir='ltr'><strong>et</strong></span> <span class='ocrx_word' id='word_1_185' title='bbox 2744 1839 3002 1914; x_wconf 80' lang='lat' dir='ltr'><strong>quomodo</strong></span> <span class='ocrx_word' id='word_1_186' title='bbox 3039 1850 3342 1913; x_wconf 78' lang='lat' dir='ltr'><strong>accipienda</strong></span> <span class='ocrx_word' id='word_1_187' title='bbox 3372 1850 3438 1901; x_wconf 82' lang='lat' dir='ltr'><strong>sit</strong></span> 
     </span>
    </p>
   </div>
   <div class='ocr_carea' id='block_1_31' title="bbox 1596 1909 3442 1986">
    <p class='ocr_par' dir='ltr' id='par_1_31' title="bbox 1596 1909 3442 1986">
     <span class='ocr_line' id='line_1_31' title="bbox 1596 1909 3442 1986; baseline 0.004 -24"><span class='ocrx_word' id='word_1_188' title='bbox 1596 1909 1710 1975; x_wconf 85' lang='lat' dir='ltr'><strong>Quo</strong></span> <span class='ocrx_word' id='word_1_189' title='bbox 1734 1928 1891 1986; x_wconf 60' lang='lat' dir='ltr'><strong>sensu</strong></span> <span class='ocrx_word' id='word_1_190' title='bbox 1917 1913 2523 1986; x_wconf 66' lang='lat' dir='ltr'><strong>dicatur__l)eus_s_irrti_lis,</strong></span> <span class='ocrx_word' id='word_1_191' title='bbox 2558 1931 2671 1967; x_wconf 89' lang='lat' dir='ltr'><strong>cum</strong></span> <span class='ocrx_word' id='word_1_192' title='bbox 2704 1909 2876 1968; x_wconf 76' lang='lat' dir='ltr'><strong>tamen</strong></span> <span class='ocrx_word' id='word_1_193' title='bbox 2905 1909 3185 1969; x_wconf 80' lang='lat' dir='ltr'><strong>causarum</strong></span> <span class='ocrx_word' id='word_1_194' title='bbox 3219 1920 3286 1969; x_wconf 85' lang='lat' dir='ltr'><strong>ad</strong></span> <span class='ocrx_word' id='word_1_195' title='bbox 3320 1917 3442 1986; x_wconf 77' lang='lat' dir='ltr'><strong>eﬁe-</strong></span> 
     </span>
    </p>
   </div>
   <div class='ocr_carea' id='block_1_32' title="bbox 283 1977 3438 2052">
    <p class='ocr_par' dir='ltr' id='par_1_32' title="bbox 283 1977 3438 2052">
     <span class='ocr_line' id='line_1_32' title="bbox 283 1977 3438 2052; baseline 0.003 -21"><span class='ocrx_word' id='word_1_196' title='bbox 283 1988 397 2031; x_wconf 87' lang='lat' dir='ltr'><strong>ctus</strong></span> <span class='ocrx_word' id='word_1_197' title='bbox 432 1996 532 2052; x_wconf 79' lang='lat' dir='ltr'><strong>non</strong></span> <span class='ocrx_word' id='word_1_198' title='bbox 561 1981 628 2031; x_wconf 87' lang='lat' dir='ltr'><strong>sit</strong></span> <span class='ocrx_word' id='word_1_199' title='bbox 653 1981 861 2048; x_wconf 80' lang='lat' dir='ltr'><strong>praprie</strong></span> <span class='ocrx_word' id='word_1_200' title='bbox 876 1978 1200 2052; x_wconf 68' lang='lat' dir='ltr'><strong>similitudo.</strong></span> <span class='ocrx_word' id='word_1_201' title='bbox 1230 1978 1348 2052; x_wconf 86' lang='lat' dir='ltr'><strong>_Vll_.</strong></span> <span class='ocrx_word' id='word_1_202' title='bbox 1379 1977 1494 2043; x_wconf 82' lang='lat' dir='ltr'><strong>Quo</strong></span> <span class='ocrx_word' id='word_1_203' title='bbox 1524 1996 1675 2032; x_wconf 82' lang='lat' dir='ltr'><strong>sensu</strong></span> <span class='ocrx_word' id='word_1_204' title='bbox 1710 1981 1918 2052; x_wconf 76' lang='lat' dir='ltr'><strong>dicatur</strong></span> <span class='ocrx_word' id='word_1_205' title='bbox 1941 1982 2235 2036; x_wconf 80' lang='lat' dir='ltr'><strong>dissimilis.</strong></span> <span class='ocrx_word' id='word_1_206' title='bbox 2263 1982 2390 2037; x_wconf 82' lang='lat' dir='ltr'><strong>Vlll.</strong></span> <span class='ocrx_word' id='word_1_207' title='bbox 2416 1983 2529 2046; x_wconf 86' lang='lat' dir='ltr'><strong>Quo</strong></span> <span class='ocrx_word' id='word_1_208' title='bbox 2553 2000 2705 2037; x_wconf 84' lang='lat' dir='ltr'><strong>sensu</strong></span> <span class='ocrx_word' id='word_1_209' title='bbox 2725 1996 2862 2037; x_wconf 84' lang='lat' dir='ltr'><strong>stare</strong></span> <span class='ocrx_word' id='word_1_210' title='bbox 2888 1987 2959 2039; x_wconf 83' lang='lat' dir='ltr'><strong>vel</strong></span> <span class='ocrx_word' id='word_1_211' title='bbox 2981 1988 3178 2040; x_wconf 81' lang='lat' dir='ltr'><strong>sedere.</strong></span> <span class='ocrx_word' id='word_1_212' title='bbox 3209 1987 3300 2041; x_wconf 80' lang='lat' dir='ltr'><strong>IX.</strong></span> <span class='ocrx_word' id='word_1_213' title='bbox 3323 1977 3438 2052; x_wconf 55' lang='lat' dir='ltr'><strong>Q&#39;uo</strong></span> 
     </span>
    </p>
   </div>
   <div class='ocr_carea' id='block_1_33' title="bbox 284 2047 3031 2124">
    <p class='ocr_par' dir='ltr' id='par_1_33' title="bbox 284 2047 3031 2124">
     <span class='ocr_line' id='line_1_33' title="bbox 284 2047 3031 2124; baseline 0.002 -22"><span class='ocrx_word' id='word_1_214' title='bbox 284 2065 437 2102; x_wconf 76' lang='lat' dir='ltr'><strong>sensu</strong></span> <span class='ocrx_word' id='word_1_215' title='bbox 462 2051 671 2103; x_wconf 86' lang='lat' dir='ltr'><strong>dicatur</strong></span> <span class='ocrx_word' id='word_1_216' title='bbox 696 2047 908 2113; x_wconf 79' lang='lat' dir='ltr'><strong>mat-eri,</strong></span> <span class='ocrx_word' id='word_1_217' title='bbox 937 2059 984 2100; x_wconf 86' lang='lat' dir='ltr'><strong>et</strong></span> <span class='ocrx_word' id='word_1_218' title='bbox 1013 2049 1271 2118; x_wconf 83' lang='lat' dir='ltr'><strong>quomodo</strong></span> <span class='ocrx_word' id='word_1_219' title='bbox 1294 2047 1403 2101; x_wconf 87' lang='lat' dir='ltr'><strong>Deo</strong></span> <span class='ocrx_word' id='word_1_220' title='bbox 1429 2052 1696 2104; x_wconf 79' lang='lat' dir='ltr'><strong>conveniat</strong></span> <span class='ocrx_word' id='word_1_221' title='bbox 1717 2049 1907 2119; x_wconf 73' lang='lat' dir='ltr'><strong>triplex</strong></span> <span class='ocrx_word' id='word_1_222' title='bbox 1936 2062 2124 2104; x_wconf 83' lang='lat' dir='ltr'><strong>motus.</strong></span> <span class='ocrx_word' id='word_1_223' title='bbox 2167 2052 2230 2104; x_wconf 88' lang='grc' dir='ltr'><strong>Χ.</strong></span> <span class='ocrx_word' id='word_1_224' title='bbox 2256 2052 2370 2115; x_wconf 78' lang='lat' dir='ltr'><strong>Quo</strong></span> <span class='ocrx_word' id='word_1_225' title='bbox 2399 2069 2550 2106; x_wconf 80' lang='lat' dir='ltr'><strong>sensu</strong></span> <span class='ocrx_word' id='word_1_226' title='bbox 2573 2055 2774 2108; x_wconf 87' lang='lat' dir='ltr'><strong>dicatur</strong></span> <span class='ocrx_word' id='word_1_227' title='bbox 2795 2055 3031 2124; x_wconf 77' lang='lat' dir='ltr'><strong>wqualis.</strong></span> 
     </span>
    </p>
   </div>
   <div class='ocr_carea' id='block_1_34' title="bbox 1743 2208 1858 2282">
    <p class='ocr_par' dir='ltr' id='par_1_34' title="bbox 1743 2208 1858 2282">
     <span class='ocr_line' id='line_1_34' title="bbox 1743 2208 1858 2282; baseline 0.009 -15"><span class='ocrx_word' id='word_1_228' title='bbox 1743 2208 1858 2282; x_wconf 61' lang='grc' dir='ltr'><strong>δι.</strong></span> 
     </span>
    </p>
   </div>
   <div class='ocr_carea' id='block_1_35' title="bbox 292 2348 1769 2422">
    <p class='ocr_par' dir='ltr' id='par_1_35' title="bbox 292 2348 1769 2422">
     <span class='ocr_line' id='line_1_35' title="bbox 292 2348 1769 2422; baseline -0.003 -17"><span class='ocrx_word' id='word_1_229' title='bbox 292 2351 506 2422; x_wconf 86' lang='grc' dir='ltr'><strong>Ἐπειδὴ</strong></span> <span class='ocrx_word' id='word_1_230' title='bbox 537 2350 593 2402; x_wconf 84' lang='grc' dir='ltr'>δὲ</span> <span class='ocrx_word' id='word_1_231' title='bbox 623 2351 716 2404; x_wconf 75' lang='grc' dir='ltr'>καὶ</span> <span class='ocrx_word' id='word_1_232' title='bbox 760 2350 820 2403; x_wconf 89' lang='grc' dir='ltr'><strong>τὸ</strong></span> <span class='ocrx_word' id='word_1_233' title='bbox 865 2351 1003 2420; x_wconf 82' lang='grc' dir='ltr'>μέγα</span> <span class='ocrx_word' id='word_1_234' title='bbox 1035 2351 1128 2404; x_wconf 73' lang='grc' dir='ltr'>καὶ</span> <span class='ocrx_word' id='word_1_235' title='bbox 1162 2349 1223 2401; x_wconf 88' lang='grc' dir='ltr'><strong>τὸ</strong></span> <span class='ocrx_word' id='word_1_236' title='bbox 1262 2348 1453 2420; x_wconf 86' lang='grc' dir='ltr'>μικρὸν</span> <span class='ocrx_word' id='word_1_237' title='bbox 1499 2348 1769 2402; x_wconf 81' lang='grc' dir='ltr'>ἀνατέθει-</span> 
     </span>
    </p>
   </div>
   <div class='ocr_carea' id='block_1_36' title="bbox 1870 2348 3434 2422">
    <p class='ocr_par' dir='ltr' id='par_1_36' title="bbox 1946 2350 3434 2422">
     <span class='ocr_line' id='line_1_36' title="bbox 1946 2350 3434 2422; baseline 0.005 -18"><span class='ocrx_word' id='word_1_238' title='bbox 1946 2350 2206 2417; x_wconf 86' lang='lat' dir='ltr'><strong>Quoniam</strong></span> <span class='ocrx_word' id='word_1_239' title='bbox 2241 2365 2368 2404; x_wconf 84' lang='lat' dir='ltr'><strong>vero</strong></span> <span class='ocrx_word' id='word_1_240' title='bbox 2407 2351 2568 2404; x_wconf 87' lang='lat' dir='ltr'><strong>etiam</strong></span> <span class='ocrx_word' id='word_1_241' title='bbox 2619 2366 2869 2420; x_wconf 84' lang='lat' dir='ltr'><strong>magnum</strong></span> <span class='ocrx_word' id='word_1_242' title='bbox 2900 2364 2954 2408; x_wconf 93' lang='lat' dir='ltr'><strong>et</strong></span> <span class='ocrx_word' id='word_1_243' title='bbox 2999 2369 3228 2422; x_wconf 89' lang='lat' dir='ltr'><strong>parvum</strong></span> <span class='ocrx_word' id='word_1_244' title='bbox 3276 2360 3434 2411; x_wconf 86' lang='lat' dir='ltr'><strong>attri-</strong></span> 
     </span>
    </p>
   </div>
   <div class='ocr_carea' id='block_1_37' title="bbox 206 2438 1774 2510">
    <p class='ocr_par' dir='ltr' id='par_1_37' title="bbox 206 2438 1774 2510">
     <span class='ocr_line' id='line_1_37' title="bbox 206 2438 1774 2510; baseline -0.003 -14"><span class='ocrx_word' id='word_1_245' title='bbox 206 2460 296 2496; x_wconf 76' lang='lat' dir='ltr'><strong>cat</strong></span> <span class='ocrx_word' id='word_1_246' title='bbox 326 2442 368 2473; x_wconf 88' lang='grc'><strong>⁶¹</strong></span> <span class='ocrx_word' id='word_1_247' title='bbox 409 2440 487 2510; x_wconf 85' lang='grc' dir='ltr'>τῷ</span> <span class='ocrx_word' id='word_1_248' title='bbox 533 2440 744 2493; x_wconf 77' lang='grc' dir='ltr'>πάντων</span> <span class='ocrx_word' id='word_1_249' title='bbox 785 2439 957 2509; x_wconf 83' lang='grc' dir='ltr'>αἰτίῳ,</span> <span class='ocrx_word' id='word_1_250' title='bbox 991 2441 1083 2492; x_wconf 77' lang='grc' dir='ltr'><strong>καὶ</strong></span> <span class='ocrx_word' id='word_1_251' title='bbox 1112 2438 1175 2491; x_wconf 90' lang='grc' dir='ltr'><strong>τὸ</strong></span> <span class='ocrx_word' id='word_1_252' title='bbox 1217 2438 1409 2491; x_wconf 89' lang='grc' dir='ltr'>ταὺτὸν</span> <span class='ocrx_word' id='word_1_253' title='bbox 1438 2438 1529 2490; x_wconf 76' lang='grc' dir='ltr'><strong>καὶ</strong></span> <span class='ocrx_word' id='word_1_254' title='bbox 1560 2438 1621 2490; x_wconf 89' lang='grc' dir='ltr'><strong>τὸ</strong></span> <span class='ocrx_word' id='word_1_255' title='bbox 1659 2439 1774 2491; x_wconf 86' lang='grc' dir='ltr'>’ἐτε-</span> 
     </span>
    </p>
   </div>
   <div class='ocr_carea' id='block_1_38' title="bbox 199 2530 1770 2606">
    <p class='ocr_par' dir='ltr' id='par_1_38' title="bbox 199 2530 1770 2606">
     <span class='ocr_line' id='line_1_38' title="bbox 199 2530 1770 2606; baseline -0.002 -22"><span class='ocrx_word' id='word_1_256' title='bbox 199 2551 322 2606; x_wconf 87' lang='grc' dir='ltr'>ρον,</span> <span class='ocrx_word' id='word_1_257' title='bbox 348 2534 442 2586; x_wconf 74' lang='grc' dir='ltr'>καὶ</span> <span class='ocrx_word' id='word_1_258' title='bbox 469 2533 530 2584; x_wconf 91' lang='grc' dir='ltr'><strong>τὸ</strong></span> <span class='ocrx_word' id='word_1_259' title='bbox 562 2533 744 2602; x_wconf 87' lang='grc' dir='ltr'>ὅμοιον</span> <span class='ocrx_word' id='word_1_260' title='bbox 774 2534 866 2585; x_wconf 82' lang='grc' dir='ltr'>καὶ</span> <span class='ocrx_word' id='word_1_261' title='bbox 893 2530 952 2584; x_wconf 89' lang='grc' dir='ltr'><strong>τὸ</strong></span> <span class='ocrx_word' id='word_1_262' title='bbox 981 2531 1249 2602; x_wconf 80' lang='grc' dir='ltr'>ἀνόμοιον,</span> <span class='ocrx_word' id='word_1_263' title='bbox 1273 2530 1366 2582; x_wconf 76' lang='grc' dir='ltr'>καὶ</span> <span class='ocrx_word' id='word_1_264' title='bbox 1399 2532 1431 2600; x_wconf 83' lang='grc' dir='ltr'>ὴ</span> <span class='ocrx_word' id='word_1_265' title='bbox 1463 2530 1648 2593; x_wconf 80' lang='grc' dir='ltr'><strong>στάσις</strong></span> <span class='ocrx_word' id='word_1_266' title='bbox 1680 2531 1770 2582; x_wconf 80' lang='grc' dir='ltr'>καὶ</span> 
     </span>
    </p>
   </div>
   <div class='ocr_carea' id='block_1_39' title="bbox 201 2621 1772 2698">
    <p class='ocr_par' dir='ltr' id='par_1_39' title="bbox 201 2621 1772 2698">
     <span class='ocr_line' id='line_1_39' title="bbox 201 2621 1772 2698; baseline -0.003 -20"><span class='ocrx_word' id='word_1_267' title='bbox 201 2629 236 2698; x_wconf 68' lang='grc' dir='ltr'>ἢ</span> <span class='ocrx_word' id='word_1_268' title='bbox 276 2627 506 2696; x_wconf 82' lang='grc' dir='ltr'>κίνησις,</span> <span class='ocrx_word' id='word_1_269' title='bbox 541 2626 669 2695; x_wconf 73' lang='grc' dir='ltr'>φέρε</span> <span class='ocrx_word' id='word_1_270' title='bbox 701 2626 791 2678; x_wconf 70' lang='grc' dir='ltr'><strong>καὶ</strong></span> <span class='ocrx_word' id='word_1_271' title='bbox 821 2625 1021 2677; x_wconf 80' lang='grc' dir='ltr'>τούτων</span> <span class='ocrx_word' id='word_1_272' title='bbox 1047 2623 1154 2676; x_wconf 83' lang='grc' dir='ltr'>τῶν</span> <span class='ocrx_word' id='word_1_273' title='bbox 1187 2621 1498 2691; x_wconf 85' lang='grc' dir='ltr'>θεωνυμιῶν</span> <span class='ocrx_word' id='word_1_274' title='bbox 1523 2623 1567 2654; x_wconf 70' lang='grc' dir='ltr'>θ’</span> <span class='ocrx_word' id='word_1_275' title='bbox 1606 2622 1772 2689; x_wconf 86' lang='grc' dir='ltr'>ἀγαλ-</span> 
     </span>
    </p>
   </div>
   <div class='ocr_carea' id='block_1_40' title="bbox 196 2714 1770 2789">
    <p class='ocr_par' dir='ltr' id='par_1_40' title="bbox 196 2714 1770 2789">
     <span class='ocr_line' id='line_1_40' title="bbox 196 2714 1770 2789; baseline -0.002 -21"><span class='ocrx_word' id='word_1_276' title='bbox 196 2716 412 2789; x_wconf 82' lang='grc' dir='ltr'>μάτων,</span> <span class='ocrx_word' id='word_1_277' title='bbox 448 2718 548 2769; x_wconf 82' lang='grc' dir='ltr'>ὅσα</span> <span class='ocrx_word' id='word_1_278' title='bbox 593 2719 722 2787; x_wconf 79' lang='grc' dir='ltr'>ἡμῖν</span> <span class='ocrx_word' id='word_1_279' title='bbox 764 2717 1000 2786; x_wconf 74' lang='grc' dir='ltr'>ἐμφανῆ,</span> <span class='ocrx_word' id='word_1_280' title='bbox 1035 2715 1413 2787; x_wconf 84' lang='grc' dir='ltr'><strong>θεωρήσωμεν.</strong></span> <span class='ocrx_word' id='word_1_281' title='bbox 1451 2715 1638 2782; x_wconf 78' lang='grc' dir='ltr'>Μέγας</span> <span class='ocrx_word' id='word_1_282' title='bbox 1672 2714 1770 2784; x_wconf 76' lang='grc' dir='ltr'><strong>μὲν</strong></span> 
     </span>
    </p>
   </div>
   <div class='ocr_carea' id='block_1_41' title="bbox 189 2801 1770 2875">
    <p class='ocr_par' dir='ltr' id='par_1_41' title="bbox 189 2801 1770 2875">
     <span class='ocr_line' id='line_1_41' title="bbox 189 2801 1770 2875; baseline -0.003 -17"><span class='ocrx_word' id='word_1_283' title='bbox 189 2801 296 2860; x_wconf 80' lang='grc' dir='ltr'>οὖν</span> <span class='ocrx_word' id='word_1_284' title='bbox 336 2808 365 2858; x_wconf 84' lang='grc' dir='ltr'>ὁ</span> <span class='ocrx_word' id='word_1_285' title='bbox 394 2805 524 2868; x_wconf 88' lang='grc' dir='ltr'>Θεὸς</span> <span class='ocrx_word' id='word_1_286' title='bbox 570 2806 628 2857; x_wconf 84' lang='grc' dir='ltr'>ὲν</span> <span class='ocrx_word' id='word_1_287' title='bbox 675 2809 785 2868; x_wconf 84' lang='grc' dir='ltr'>τοῖς</span> <span class='ocrx_word' id='word_1_288' title='bbox 829 2805 1027 2873; x_wconf 83' lang='grc' dir='ltr'><strong>λογίοις</strong></span> <span class='ocrx_word' id='word_1_289' title='bbox 1060 2807 1325 2875; x_wconf 84' lang='grc' dir='ltr'>ὑμνεῖται,</span> <span class='ocrx_word' id='word_1_290' title='bbox 1361 2805 1452 2857; x_wconf 71' lang='grc' dir='ltr'><strong>καὶ</strong></span> <span class='ocrx_word' id='word_1_291' title='bbox 1498 2805 1554 2856; x_wconf 79' lang='grc' dir='ltr'>ὲν</span> <span class='ocrx_word' id='word_1_292' title='bbox 1607 2803 1770 2874; x_wconf 84' lang='grc' dir='ltr'>μεγέ-</span> 
     </span>
    </p>
   </div>
   <div class='ocr_carea' id='block_1_42' title="bbox 195 2894 1771 2969">
    <p class='ocr_par' dir='ltr' id='par_1_42' title="bbox 195 2894 1771 2969">
     <span class='ocr_line' id='line_1_42' title="bbox 195 2894 1771 2969; baseline -0.004 -17"><span class='ocrx_word' id='word_1_293' title='bbox 195 2898 307 2963; x_wconf 86' lang='grc' dir='ltr'>θει,</span> <span class='ocrx_word' id='word_1_294' title='bbox 340 2900 430 2952; x_wconf 82' lang='grc' dir='ltr'><strong>καὶ</strong></span> <span class='ocrx_word' id='word_1_295' title='bbox 476 2900 533 2951; x_wconf 79' lang='grc' dir='ltr'>ὲν</span> <span class='ocrx_word' id='word_1_296' title='bbox 562 2897 704 2968; x_wconf 66' lang='grc' dir='ltr'>αὖρα</span> <span class='ocrx_word' id='word_1_297' title='bbox 747 2898 913 2969; x_wconf 81' lang='grc' dir='ltr'>λεπτῇ</span> <span class='ocrx_word' id='word_1_298' title='bbox 947 2899 1045 2968; x_wconf 81' lang='grc' dir='ltr'>τὴν</span> <span class='ocrx_word' id='word_1_299' title='bbox 1077 2897 1224 2950; x_wconf 82' lang='grc' dir='ltr'>θείαν</span> <span class='ocrx_word' id='word_1_300' title='bbox 1274 2894 1608 2966; x_wconf 80' lang='grc' dir='ltr'>ὲμφαινοὺσῃ</span> <span class='ocrx_word' id='word_1_301' title='bbox 1649 2912 1771 2965; x_wconf 89' lang='grc' dir='ltr'>σμι-</span> 
     </span>
    </p>
   </div>
   <div class='ocr_carea' id='block_1_43' title="bbox 197 2984 1772 3061">
    <p class='ocr_par' dir='ltr' id='par_1_43' title="bbox 197 2984 1772 3061">
     <span class='ocr_line' id='line_1_43' title="bbox 197 2984 1772 3061; baseline -0.004 -16"><span class='ocrx_word' id='word_1_302' title='bbox 197 2991 470 3061; x_wconf 84' lang='grc' dir='ltr'>κρότητα·</span> <span class='ocrx_word' id='word_1_303' title='bbox 510 2991 604 3044; x_wconf 71' lang='grc' dir='ltr'><strong>καὶ</strong></span> <span class='ocrx_word' id='word_1_304' title='bbox 647 2989 858 3053; x_wconf 87' lang='grc' dir='ltr'>ταὺτὸς,</span> <span class='ocrx_word' id='word_1_305' title='bbox 893 2990 1018 3045; x_wconf 83' lang='grc' dir='ltr'>ὅταν</span> <span class='ocrx_word' id='word_1_306' title='bbox 1064 2991 1135 3060; x_wconf 81' lang='grc' dir='ltr'>φῇ</span> <span class='ocrx_word' id='word_1_307' title='bbox 1178 2987 1244 3040; x_wconf 79' lang='grc' dir='ltr'>τὰ</span> <span class='ocrx_word' id='word_1_308' title='bbox 1289 2987 1459 3055; x_wconf 81' lang='grc' dir='ltr'>λόγια,</span> <span class='ocrx_word' id='word_1_309' title='bbox 1508 2986 1590 3039; x_wconf 90' lang='grc' dir='ltr'><strong><em>Σὺ</em></strong></span> <span class='ocrx_word' id='word_1_310' title='bbox 1632 2984 1698 3038; x_wconf 80' lang='grc' dir='ltr'><em>δὲ</em></span> <span class='ocrx_word' id='word_1_311' title='bbox 1739 2988 1772 3039; x_wconf 84' lang='grc' dir='ltr'><em>ὁ</em></span> 
     </span>
    </p>
   </div>
   <div class='ocr_carea' id='block_1_44' title="bbox 194 3077 1772 3152">
    <p class='ocr_par' dir='ltr' id='par_1_44' title="bbox 194 3077 1772 3152">
     <span class='ocr_line' id='line_1_44' title="bbox 194 3077 1772 3152; baseline -0.006 -16"><span class='ocrx_word' id='word_1_312' title='bbox 194 3080 387 3146; x_wconf 83' lang='grc' dir='ltr'>αὐτὸς</span> <span class='ocrx_word' id='word_1_313' title='bbox 424 3082 508 3134; x_wconf 85' lang='grc' dir='ltr'><strong>εἷ·</strong></span> <span class='ocrx_word' id='word_1_314' title='bbox 551 3081 644 3135; x_wconf 73' lang='grc' dir='ltr'><strong>καὶ</strong></span> <span class='ocrx_word' id='word_1_315' title='bbox 690 3081 907 3152; x_wconf 64' lang='grc' dir='ltr'>ἕτερος,</span> <span class='ocrx_word' id='word_1_316' title='bbox 964 3080 1124 3151; x_wconf 82' lang='grc' dir='ltr'>ἡνίκα</span> <span class='ocrx_word' id='word_1_317' title='bbox 1170 3079 1245 3142; x_wconf 83' lang='grc' dir='ltr'>ὡς</span> <span class='ocrx_word' id='word_1_318' title='bbox 1291 3077 1636 3148; x_wconf 85' lang='grc' dir='ltr'>πολὺσχημος</span> <span class='ocrx_word' id='word_1_319' title='bbox 1678 3077 1772 3128; x_wconf 77' lang='grc' dir='ltr'>καὶ</span> 
     </span>
    </p>
   </div>
   <div class='ocr_carea' id='block_1_45' title="bbox 196 3171 1770 3243">
    <p class='ocr_par' dir='ltr' id='par_1_45' title="bbox 196 3171 1770 3243">
     <span class='ocr_line' id='line_1_45' title="bbox 196 3171 1770 3243; baseline -0.003 -17"><span class='ocrx_word' id='word_1_320' title='bbox 196 3174 483 3243; x_wconf 82' lang='grc' dir='ltr'><strong>πολυειδὴς</strong></span> <span class='ocrx_word' id='word_1_321' title='bbox 516 3174 618 3225; x_wconf 86' lang='grc' dir='ltr'><strong>ὑπὸ</strong></span> <span class='ocrx_word' id='word_1_322' title='bbox 649 3173 755 3225; x_wconf 83' lang='grc' dir='ltr'><strong>τῶν</strong></span> <span class='ocrx_word' id='word_1_323' title='bbox 788 3173 963 3225; x_wconf 82' lang='grc' dir='ltr'>αὐτῶν</span> <span class='ocrx_word' id='word_1_324' title='bbox 1014 3174 1205 3241; x_wconf 87' lang='grc' dir='ltr'>λογίων</span> <span class='ocrx_word' id='word_1_325' title='bbox 1237 3173 1609 3226; x_wconf 82' lang='grc' dir='ltr'>διαπλάττεται</span> <span class='ocrx_word' id='word_1_326' title='bbox 1629 3187 1642 3199; x_wconf 73' lang='grc'><strong>⁸</strong></span> <span class='ocrx_word' id='word_1_327' title='bbox 1679 3171 1770 3222; x_wconf 76' lang='grc' dir='ltr'>καὶ</span> 
     </span>
    </p>
   </div>
   <div class='ocr_carea' id='block_1_46' title="bbox 192 3262 1771 3339">
    <p class='ocr_par' dir='ltr' id='par_1_46' title="bbox 192 3262 1771 3339">
     <span class='ocr_line' id='line_1_46' title="bbox 192 3262 1771 3339; baseline -0.004 -19"><span class='ocrx_word' id='word_1_328' title='bbox 192 3279 402 3339; x_wconf 73' lang='grc' dir='ltr'>ὅμοιος,</span> <span class='ocrx_word' id='word_1_329' title='bbox 424 3268 498 3330; x_wconf 86' lang='grc' dir='ltr'>ὼς</span> <span class='ocrx_word' id='word_1_330' title='bbox 528 3269 727 3338; x_wconf 84' lang='grc' dir='ltr'>ὁμοίων</span> <span class='ocrx_word' id='word_1_331' title='bbox 756 3268 849 3320; x_wconf 77' lang='grc' dir='ltr'><strong>καὶ</strong></span> <span class='ocrx_word' id='word_1_332' title='bbox 870 3265 1178 3337; x_wconf 83' lang='grc' dir='ltr'>ὁμοιότητος</span> <span class='ocrx_word' id='word_1_333' title='bbox 1211 3265 1515 3336; x_wconf 80' lang='grc' dir='ltr'>ὑποστάτης</span> <span class='ocrx_word' id='word_1_334' title='bbox 1534 3280 1546 3292; x_wconf 92' lang='grc'><strong>·</strong></span> <span class='ocrx_word' id='word_1_335' title='bbox 1572 3263 1662 3316; x_wconf 76' lang='grc' dir='ltr'>καὶ</span> <span class='ocrx_word' id='word_1_336' title='bbox 1679 3262 1771 3314; x_wconf 84' lang='grc' dir='ltr'><strong>ἀν-</strong></span> 
     </span>
    </p>
   </div>
   <div class='ocr_carea' id='block_1_47' title="bbox 196 3353 1771 3430">
    <p class='ocr_par' dir='ltr' id='par_1_47' title="bbox 196 3353 1771 3430">
     <span class='ocr_line' id='line_1_47' title="bbox 196 3353 1771 3430; baseline -0.006 -17"><span class='ocrx_word' id='word_1_337' title='bbox 196 3361 384 3430; x_wconf 79' lang='grc' dir='ltr'>όμοιος</span> <span class='ocrx_word' id='word_1_338' title='bbox 429 3361 612 3422; x_wconf 82' lang='grc' dir='ltr'>πᾶσιν,</span> <span class='ocrx_word' id='word_1_339' title='bbox 645 3359 720 3421; x_wconf 83' lang='grc' dir='ltr'>ὡς</span> <span class='ocrx_word' id='word_1_340' title='bbox 768 3359 866 3410; x_wconf 89' lang='grc' dir='ltr'><strong>οὑκ</strong></span> <span class='ocrx_word' id='word_1_341' title='bbox 916 3358 1065 3420; x_wconf 77' lang='grc' dir='ltr'>ὗντος</span> <span class='ocrx_word' id='word_1_342' title='bbox 1112 3357 1257 3428; x_wconf 82' lang='grc' dir='ltr'>αὐτῷ</span> <span class='ocrx_word' id='word_1_343' title='bbox 1303 3357 1395 3409; x_wconf 77' lang='grc' dir='ltr'><strong>τοῦ</strong></span> <span class='ocrx_word' id='word_1_344' title='bbox 1427 3355 1639 3426; x_wconf 84' lang='grc' dir='ltr'>ὁμοίου·</span> <span class='ocrx_word' id='word_1_345' title='bbox 1678 3353 1771 3408; x_wconf 77' lang='grc' dir='ltr'><strong>καὶ</strong></span> 
     </span>
    </p>
   </div>
   <div class='ocr_carea' id='block_1_48' title="bbox 199 3447 1766 3522">
    <p class='ocr_par' dir='ltr' id='par_1_48' title="bbox 199 3447 1766 3522">
     <span class='ocr_line' id='line_1_48' title="bbox 199 3447 1766 3522; baseline 0 -17"><span class='ocrx_word' id='word_1_346' title='bbox 199 3450 391 3515; x_wconf 68' lang='grc' dir='ltr'>ἑστὼς,</span> <span class='ocrx_word' id='word_1_347' title='bbox 427 3453 519 3504; x_wconf 76' lang='grc' dir='ltr'>καὶ</span> <span class='ocrx_word' id='word_1_348' title='bbox 550 3451 820 3522; x_wconf 79' lang='grc' dir='ltr'>ἀκίνητος,</span> <span class='ocrx_word' id='word_1_349' title='bbox 856 3451 950 3504; x_wconf 72' lang='grc' dir='ltr'><strong>καὶ</strong></span> <span class='ocrx_word' id='word_1_350' title='bbox 983 3451 1285 3522; x_wconf 86' lang='grc' dir='ltr'>καθήμενος</span> <span class='ocrx_word' id='word_1_351' title='bbox 1318 3451 1396 3512; x_wconf 87' lang='grc' dir='ltr'><strong>είς</strong></span> <span class='ocrx_word' id='word_1_352' title='bbox 1442 3449 1531 3502; x_wconf 90' lang='grc' dir='ltr'><strong>τὸν</strong></span> <span class='ocrx_word' id='word_1_353' title='bbox 1577 3447 1766 3505; x_wconf 75' lang='grc' dir='ltr'>αίῶνα.</span> 
     </span>
    </p>
   </div>
   <div class='ocr_carea' id='block_1_49' title="bbox 190 3540 1771 3611">
    <p class='ocr_par' dir='ltr' id='par_1_49' title="bbox 190 3540 1771 3611">
     <span class='ocr_line' id='line_1_49' title="bbox 190 3540 1771 3611; baseline -0.001 -19"><span class='ocrx_word' id='word_1_354' title='bbox 190 3542 296 3594; x_wconf 75' lang='grc' dir='ltr'><strong>καὶ</strong></span> <span class='ocrx_word' id='word_1_355' title='bbox 348 3541 690 3611; x_wconf 85' lang='grc' dir='ltr'>κινούμενος,</span> <span class='ocrx_word' id='word_1_356' title='bbox 741 3542 814 3604; x_wconf 84' lang='grc' dir='ltr'><strong>ὡς</strong></span> <span class='ocrx_word' id='word_1_357' title='bbox 877 3541 967 3592; x_wconf 71' lang='grc' dir='ltr'><strong>ἐπὶ</strong></span> <span class='ocrx_word' id='word_1_358' title='bbox 1011 3541 1186 3594; x_wconf 84' lang='grc' dir='ltr'>πάντα</span> <span class='ocrx_word' id='word_1_359' title='bbox 1243 3541 1631 3611; x_wconf 85' lang='grc' dir='ltr'>πορευόμενος·</span> <span class='ocrx_word' id='word_1_360' title='bbox 1681 3540 1771 3592; x_wconf 81' lang='grc' dir='ltr'>καὶ</span> 
     </span>
    </p>
   </div>
   <div class='ocr_carea' id='block_1_50' title="bbox 190 3632 1770 3704">
    <p class='ocr_par' dir='ltr' id='par_1_50' title="bbox 190 3632 1770 3704">
     <span class='ocr_line' id='line_1_50' title="bbox 190 3632 1770 3704; baseline -0.002 -17"><span class='ocrx_word' id='word_1_361' title='bbox 190 3634 320 3687; x_wconf 80' lang='grc' dir='ltr'>ὅσαι</span> <span class='ocrx_word' id='word_1_362' title='bbox 352 3633 503 3686; x_wconf 81' lang='grc' dir='ltr'>ἄλλαι</span> <span class='ocrx_word' id='word_1_363' title='bbox 549 3634 769 3697; x_wconf 76' lang='grc' dir='ltr'>ταύταις</span> <span class='ocrx_word' id='word_1_364' title='bbox 809 3633 1130 3704; x_wconf 86' lang='grc' dir='ltr'>ὀμοδὺναμοι</span> <span class='ocrx_word' id='word_1_365' title='bbox 1163 3632 1453 3703; x_wconf 82' lang='grc' dir='ltr'>θεωνυμίαι</span> <span class='ocrx_word' id='word_1_366' title='bbox 1486 3632 1620 3701; x_wconf 87' lang='grc' dir='ltr'>πρὸς</span> <span class='ocrx_word' id='word_1_367' title='bbox 1664 3632 1770 3685; x_wconf 79' lang='grc' dir='ltr'>τῶν</span> 
     </span>
    </p>
   </div>
   <div class='ocr_carea' id='block_1_51' title="bbox 199 3722 758 3794">
    <p class='ocr_par' dir='ltr' id='par_1_51' title="bbox 199 3722 758 3794">
     <span class='ocr_line' id='line_1_51' title="bbox 199 3722 758 3794; baseline -0.002 -19"><span class='ocrx_word' id='word_1_368' title='bbox 199 3722 414 3792; x_wconf 82' lang='grc' dir='ltr'>Λογίων</span> <span class='ocrx_word' id='word_1_369' title='bbox 447 3723 758 3794; x_wconf 78' lang='grc' dir='ltr'>ὑμνοῦνται.</span> 
     </span>
    </p>
   </div>
   <div class='ocr_carea' id='block_1_52' title="bbox 1877 2439 3431 2504">
    <p class='ocr_par' dir='ltr' id='par_1_52' title="bbox 1877 2439 3431 2504">
     <span class='ocr_line' id='line_1_52' title="bbox 1877 2439 3431 2504; baseline 0.002 -8"><span class='ocrx_word' id='word_1_370' title='bbox 1877 2442 2061 2496; x_wconf 90' lang='lat' dir='ltr'><strong>buitur</strong></span> <span class='ocrx_word' id='word_1_371' title='bbox 2081 2441 2320 2493; x_wconf 91' lang='lat' dir='ltr'><strong>omnium</strong></span> <span class='ocrx_word' id='word_1_372' title='bbox 2355 2439 2584 2503; x_wconf 85' lang='lat' dir='ltr'><strong>auctori,</strong></span> <span class='ocrx_word' id='word_1_373' title='bbox 2613 2450 2666 2495; x_wconf 93' lang='lat' dir='ltr'><strong>et</strong></span> <span class='ocrx_word' id='word_1_374' title='bbox 2702 2442 2840 2495; x_wconf 88' lang='lat' dir='ltr'><strong>idem</strong></span> <span class='ocrx_word' id='word_1_375' title='bbox 2873 2452 2924 2495; x_wconf 90' lang='lat' dir='ltr'><strong>et</strong></span> <span class='ocrx_word' id='word_1_376' title='bbox 2963 2441 3129 2504; x_wconf 85' lang='lat' dir='ltr'><strong>aliud,</strong></span> <span class='ocrx_word' id='word_1_377' title='bbox 3163 2454 3217 2496; x_wconf 93' lang='lat' dir='ltr'><strong>et</strong></span> <span class='ocrx_word' id='word_1_378' title='bbox 3251 2445 3431 2500; x_wconf 90' lang='lat' dir='ltr'><strong>simile</strong></span> 
     </span>
    </p>
   </div>
   <div class='ocr_carea' id='block_1_53' title="bbox 1870 2532 3435 2606">
    <p class='ocr_par' dir='ltr' id='par_1_53' title="bbox 1870 2532 3435 2606">
     <span class='ocr_line' id='line_1_53' title="bbox 1870 2532 3435 2606; baseline 0.002 -20"><span class='ocrx_word' id='word_1_379' title='bbox 1870 2543 1921 2586; x_wconf 88' lang='lat' dir='ltr'><strong>et</strong></span> <span class='ocrx_word' id='word_1_380' title='bbox 1964 2532 2224 2586; x_wconf 85' lang='lat' dir='ltr'><strong>dissimile</strong></span> <span class='ocrx_word' id='word_1_381' title='bbox 2248 2573 2261 2597; x_wconf 93' lang='lat'><strong>,</strong></span> <span class='ocrx_word' id='word_1_382' title='bbox 2298 2542 2354 2584; x_wconf 91' lang='lat' dir='ltr'><strong>et</strong></span> <span class='ocrx_word' id='word_1_383' title='bbox 2393 2541 2567 2584; x_wconf 90' lang='lat' dir='ltr'><strong>status</strong></span> <span class='ocrx_word' id='word_1_384' title='bbox 2596 2541 2651 2586; x_wconf 91' lang='lat' dir='ltr'><strong>et</strong></span> <span class='ocrx_word' id='word_1_385' title='bbox 2689 2542 2897 2596; x_wconf 81' lang='lat' dir='ltr'><strong>moms,</strong></span> <span class='ocrx_word' id='word_1_386' title='bbox 2947 2537 3172 2603; x_wconf 83' lang='lat' dir='ltr'><strong>agedum</strong></span> <span class='ocrx_word' id='word_1_387' title='bbox 3221 2549 3435 2606; x_wconf 83' lang='lat' dir='ltr'><strong>quoque</strong></span> 
     </span>
    </p>
   </div>
   <div class='ocr_carea' id='block_1_54' title="bbox 1871 2622 3429 2693">
    <p class='ocr_par' dir='ltr' id='par_1_54' title="bbox 1871 2622 3429 2693">
     <span class='ocr_line' id='line_1_54' title="bbox 1871 2622 3429 2693; baseline 0.003 -16"><span class='ocrx_word' id='word_1_388' title='bbox 1871 2623 1985 2677; x_wconf 65' lang='lat' dir='ltr'><strong>haec</strong></span> <span class='ocrx_word' id='word_1_389' title='bbox 2008 2622 2309 2676; x_wconf 86' lang='lat' dir='ltr'><strong>divinorum</strong></span> <span class='ocrx_word' id='word_1_390' title='bbox 2339 2626 2615 2676; x_wconf 89' lang='lat' dir='ltr'><strong>nominum</strong></span> <span class='ocrx_word' id='word_1_391' title='bbox 2641 2623 2952 2688; x_wconf 85' lang='lat' dir='ltr'><strong>simulacra,</strong></span> <span class='ocrx_word' id='word_1_392' title='bbox 2976 2635 3241 2693; x_wconf 86' lang='lat' dir='ltr'><strong>quatenus</strong></span> <span class='ocrx_word' id='word_1_393' title='bbox 3273 2628 3429 2681; x_wconf 78' lang='lat' dir='ltr'><strong>nobis</strong></span> 
     </span>
    </p>
   </div>
   <div class='ocr_carea' id='block_1_55' title="bbox 1871 2713 3428 2782">
    <p class='ocr_par' dir='ltr' id='par_1_55' title="bbox 1871 2713 3428 2782">
     <span class='ocr_line' id='line_1_55' title="bbox 1871 2713 3428 2782; baseline 0.004 -17"><span class='ocrx_word' id='word_1_394' title='bbox 1871 2723 2078 2782; x_wconf 88' lang='lat' dir='ltr'><strong>patent,</strong></span> <span class='ocrx_word' id='word_1_395' title='bbox 2124 2714 2454 2768; x_wconf 79' lang='lat' dir='ltr'><strong>intueamur.</strong></span> <span class='ocrx_word' id='word_1_396' title='bbox 2495 2713 2717 2782; x_wconf 82' lang='lat' dir='ltr'><strong>Magnus</strong></span> <span class='ocrx_word' id='word_1_397' title='bbox 2755 2716 2972 2782; x_wconf 90' lang='lat' dir='ltr'><strong>quidem</strong></span> <span class='ocrx_word' id='word_1_398' title='bbox 3006 2715 3148 2770; x_wconf 83' lang='lat' dir='ltr'><strong>Deus</strong></span> <span class='ocrx_word' id='word_1_399' title='bbox 3187 2718 3239 2770; x_wconf 89' lang='lat' dir='ltr'><strong>in</strong></span> <span class='ocrx_word' id='word_1_400' title='bbox 3274 2717 3428 2772; x_wconf 89' lang='lat' dir='ltr'><strong>Scri-</strong></span> 
     </span>
    </p>
   </div>
   <div class='ocr_carea' id='block_1_56' title="bbox 1871 2804 3430 2874">
    <p class='ocr_par' dir='ltr' id='par_1_56' title="bbox 1871 2804 3430 2874">
     <span class='ocr_line' id='line_1_56' title="bbox 1871 2804 3430 2874; baseline 0.004 -17"><span class='ocrx_word' id='word_1_401' title='bbox 1871 2806 2042 2874; x_wconf 86' lang='lat' dir='ltr'><strong>pturis</strong></span> <span class='ocrx_word' id='word_1_402' title='bbox 2075 2804 2344 2870; x_wconf 81' lang='lat' dir='ltr'><strong>laudatur,</strong></span> <span class='ocrx_word' id='word_1_403' title='bbox 2373 2814 2426 2857; x_wconf 90' lang='lat' dir='ltr'><strong>et</strong></span> <span class='ocrx_word' id='word_1_404' title='bbox 2463 2806 2512 2857; x_wconf 93' lang='lat' dir='ltr'><strong>in</strong></span> <span class='ocrx_word' id='word_1_405' title='bbox 2549 2806 2944 2873; x_wconf 81' lang='lat' dir='ltr'><strong>magnitudine,</strong></span> <span class='ocrx_word' id='word_1_406' title='bbox 2977 2817 3033 2860; x_wconf 92' lang='lat' dir='ltr'><strong>et</strong></span> <span class='ocrx_word' id='word_1_407' title='bbox 3063 2808 3115 2861; x_wconf 91' lang='lat' dir='ltr'><strong>in</strong></span> <span class='ocrx_word' id='word_1_408' title='bbox 3164 2825 3296 2863; x_wconf 89' lang='lat' dir='ltr'><strong>aura</strong></span> <span class='ocrx_word' id='word_1_409' title='bbox 3348 2822 3430 2865; x_wconf 91' lang='lat' dir='ltr'><strong>tc-</strong></span> 
     </span>
    </p>
   </div>
   <div class='ocr_carea' id='block_1_57' title="bbox 1873 2895 3430 2970">
    <p class='ocr_par' dir='ltr' id='par_1_57' title="bbox 1873 2895 3430 2970">
     <span class='ocr_line' id='line_1_57' title="bbox 1873 2895 3430 2970; baseline 0.004 -21"><span class='ocrx_word' id='word_1_410' title='bbox 1873 2896 1962 2949; x_wconf 91' lang='lat' dir='ltr'><strong>nui</strong></span> <span class='ocrx_word' id='word_1_411' title='bbox 2002 2911 2121 2965; x_wconf 76' lang='lat' dir='ltr'><strong>qua:</strong></span> <span class='ocrx_word' id='word_1_412' title='bbox 2155 2896 2391 2949; x_wconf 87' lang='lat' dir='ltr'><strong>divinam</strong></span> <span class='ocrx_word' id='word_1_413' title='bbox 2437 2895 2670 2950; x_wconf 87' lang='lat' dir='ltr'><strong>insinuet</strong></span> <span class='ocrx_word' id='word_1_414' title='bbox 2712 2897 3067 2964; x_wconf 82' lang='lat' dir='ltr'><strong>parvitatem;</strong></span> <span class='ocrx_word' id='word_1_415' title='bbox 3103 2900 3252 2954; x_wconf 87' lang='lat' dir='ltr'><strong>idem</strong></span> <span class='ocrx_word' id='word_1_416' title='bbox 3295 2917 3430 2970; x_wconf 82' lang='lat' dir='ltr'><strong>quo—</strong></span> 
     </span>
    </p>
   </div>
   <div class='ocr_carea' id='block_1_58' title="bbox 1871 2986 3427 3056">
    <p class='ocr_par' dir='ltr' id='par_1_58' title="bbox 1871 2986 3427 3056">
     <span class='ocr_line' id='line_1_58' title="bbox 1871 2986 3427 3056; baseline 0.002 -15"><span class='ocrx_word' id='word_1_417' title='bbox 1871 3002 1995 3056; x_wconf 88' lang='lat' dir='ltr'><strong>que,</strong></span> <span class='ocrx_word' id='word_1_418' title='bbox 2021 2998 2078 3040; x_wconf 92' lang='lat' dir='ltr'><strong>ut</strong></span> <span class='ocrx_word' id='word_1_419' title='bbox 2107 2988 2159 3040; x_wconf 91' lang='lat' dir='ltr'><strong>in</strong></span> <span class='ocrx_word' id='word_1_420' title='bbox 2204 2987 2295 3040; x_wconf 90' lang='lat' dir='ltr'><strong>illo</strong></span> <span class='ocrx_word' id='word_1_421' title='bbox 2330 2986 2738 3055; x_wconf 87' lang='lat' dir='ltr'><strong>Scripturarunt</strong></span> <span class='ocrx_word' id='word_1_422' title='bbox 2771 2987 2886 3042; x_wconf 92' lang='lat' dir='ltr'><strong>loco</strong></span> <span class='ocrx_word' id='word_1_423' title='bbox 2921 3009 2933 3042; x_wconf 95' lang='lat'><strong>:</strong></span> <span class='ocrx_word' id='word_1_424' title='bbox 2971 2987 3047 3041; x_wconf 86' lang='lat' dir='ltr'><strong><em>Tu</em></strong></span> <span class='ocrx_word' id='word_1_425' title='bbox 3072 3000 3244 3043; x_wconf 85' lang='lat' dir='ltr'><strong>autem</strong></span> <span class='ocrx_word' id='word_1_426' title='bbox 3288 2994 3427 3044; x_wconf 83' lang='lat' dir='ltr'><strong>idem</strong></span> 
     </span>
    </p>
   </div>
   <div class='ocr_carea' id='block_1_59' title="bbox 1869 3077 3424 3147">
    <p class='ocr_par' dir='ltr' id='par_1_59' title="bbox 1869 3077 3424 3147">
     <span class='ocr_line' id='line_1_59' title="bbox 1869 3077 3424 3147; baseline 0.004 -16"><span class='ocrx_word' id='word_1_427' title='bbox 1869 3079 1977 3147; x_wconf 74' lang='lat' dir='ltr'><strong>ipse</strong></span> <span class='ocrx_word' id='word_1_428' title='bbox 2005 3095 2057 3132; x_wconf 82' lang='lat' dir='ltr'><strong>es</strong></span> <span class='ocrx_word' id='word_1_429' title='bbox 2093 3077 2144 3144; x_wconf 90' lang='lat'><strong>1;</strong></span> <span class='ocrx_word' id='word_1_430' title='bbox 2178 3089 2231 3132; x_wconf 91' lang='lat' dir='ltr'><strong>et</strong></span> <span class='ocrx_word' id='word_1_431' title='bbox 2262 3078 2398 3131; x_wconf 87' lang='lat' dir='ltr'><strong>alius</strong></span> <span class='ocrx_word' id='word_1_432' title='bbox 2444 3093 2507 3131; x_wconf 89' lang='lat' dir='ltr'><strong>ac</strong></span> <span class='ocrx_word' id='word_1_433' title='bbox 2555 3079 2828 3141; x_wconf 87' lang='lat' dir='ltr'><strong>diversus,</strong></span> <span class='ocrx_word' id='word_1_434' title='bbox 2873 3091 2928 3132; x_wconf 91' lang='lat' dir='ltr'><strong>ut</strong></span> <span class='ocrx_word' id='word_1_435' title='bbox 2960 3097 3082 3133; x_wconf 91' lang='lat' dir='ltr'><strong>cum</strong></span> <span class='ocrx_word' id='word_1_436' title='bbox 3133 3083 3424 3137; x_wconf 79' lang='lat' dir='ltr'><strong>multarum</strong></span> 
     </span>
    </p>
   </div>
   <div class='ocr_carea' id='block_1_60' title="bbox 1872 3169 3430 3245">
    <p class='ocr_par' dir='ltr' id='par_1_60' title="bbox 1872 3169 3430 3245">
     <span class='ocr_line' id='line_1_60' title="bbox 1872 3169 3430 3245; baseline 0.003 -23"><span class='ocrx_word' id='word_1_437' title='bbox 1872 3173 2163 3240; x_wconf 76' lang='lat' dir='ltr'><strong>ﬁgurarum</strong></span> <span class='ocrx_word' id='word_1_438' title='bbox 2190 3185 2253 3224; x_wconf 91' lang='lat' dir='ltr'><strong>ac</strong></span> <span class='ocrx_word' id='word_1_439' title='bbox 2286 3169 2580 3223; x_wconf 81' lang='lat' dir='ltr'><strong>formarum</strong></span> <span class='ocrx_word' id='word_1_440' title='bbox 2619 3170 2687 3222; x_wconf 86' lang='lat' dir='ltr'><strong>ab</strong></span> <span class='ocrx_word' id='word_1_441' title='bbox 2719 3172 2906 3223; x_wconf 88' lang='lat' dir='ltr'><strong>eadem</strong></span> <span class='ocrx_word' id='word_1_442' title='bbox 2951 3171 3230 3240; x_wconf 88' lang='lat' dir='ltr'><strong>Scriptura</strong></span> <span class='ocrx_word' id='word_1_443' title='bbox 3280 3175 3430 3245; x_wconf 80' lang='lat' dir='ltr'><strong>lingi-</strong></span> 
     </span>
    </p>
   </div>
   <div class='ocr_carea' id='block_1_61' title="bbox 1872 3262 3428 3327">
    <p class='ocr_par' dir='ltr' id='par_1_61' title="bbox 1872 3262 3428 3327">
     <span class='ocr_line' id='line_1_61' title="bbox 1872 3262 3428 3327; baseline 0.003 -13"><span class='ocrx_word' id='word_1_444' title='bbox 1872 3273 1988 3327; x_wconf 90' lang='lat' dir='ltr'><strong>tur;</strong></span> <span class='ocrx_word' id='word_1_445' title='bbox 2022 3272 2073 3317; x_wconf 90' lang='lat' dir='ltr'><strong>et</strong></span> <span class='ocrx_word' id='word_1_446' title='bbox 2105 3262 2316 3325; x_wconf 89' lang='lat' dir='ltr'><strong>similis,</strong></span> <span class='ocrx_word' id='word_1_447' title='bbox 2348 3272 2405 3315; x_wconf 93' lang='lat' dir='ltr'><strong>ut</strong></span> <span class='ocrx_word' id='word_1_448' title='bbox 2438 3262 2696 3314; x_wconf 88' lang='lat' dir='ltr'><strong>similium</strong></span> <span class='ocrx_word' id='word_1_449' title='bbox 2738 3277 2802 3314; x_wconf 86' lang='lat' dir='ltr'><strong>ac</strong></span> <span class='ocrx_word' id='word_1_450' title='bbox 2835 3262 3206 3318; x_wconf 83' lang='lat' dir='ltr'><strong>similitudinis</strong></span> <span class='ocrx_word' id='word_1_451' title='bbox 3239 3267 3428 3319; x_wconf 86' lang='lat' dir='ltr'><strong>condi-</strong></span> 
     </span>
    </p>
   </div>
   <div class='ocr_carea' id='block_1_62' title="bbox 1872 3346 3422 3416">
    <p class='ocr_par' dir='ltr' id='par_1_62' title="bbox 1872 3346 3422 3416">
     <span class='ocr_line' id='line_1_62' title="bbox 1872 3346 3422 3416; baseline 0.001 -12"><span class='ocrx_word' id='word_1_452' title='bbox 1872 3361 1986 3415; x_wconf 89' lang='lat' dir='ltr'><strong>tor;</strong></span> <span class='ocrx_word' id='word_1_453' title='bbox 2016 3362 2070 3404; x_wconf 88' lang='lat' dir='ltr'><strong>et</strong></span> <span class='ocrx_word' id='word_1_454' title='bbox 2100 3349 2382 3404; x_wconf 87' lang='lat' dir='ltr'><strong>dissimilis</strong></span> <span class='ocrx_word' id='word_1_455' title='bbox 2411 3346 2684 3412; x_wconf 85' lang='lat' dir='ltr'><strong>omnibus,</strong></span> <span class='ocrx_word' id='word_1_456' title='bbox 2722 3359 2779 3400; x_wconf 92' lang='lat' dir='ltr'><strong>ut</strong></span> <span class='ocrx_word' id='word_1_457' title='bbox 2814 3349 2900 3401; x_wconf 89' lang='lat' dir='ltr'><strong>cui</strong></span> <span class='ocrx_word' id='word_1_458' title='bbox 2947 3365 3051 3401; x_wconf 90' lang='lat' dir='ltr'><strong>non</strong></span> <span class='ocrx_word' id='word_1_459' title='bbox 3097 3353 3166 3402; x_wconf 88' lang='lat' dir='ltr'><strong>sit</strong></span> <span class='ocrx_word' id='word_1_460' title='bbox 3197 3351 3422 3416; x_wconf 78' lang='lat' dir='ltr'><strong>similis;</strong></span> 
     </span>
    </p>
   </div>
   <div class='ocr_carea' id='block_1_63' title="bbox 1871 3439 3420 3506">
    <p class='ocr_par' dir='ltr' id='par_1_63' title="bbox 1871 3439 3420 3506">
     <span class='ocr_line' id='line_1_63' title="bbox 1871 3439 3420 3506; baseline -0.001 -10"><span class='ocrx_word' id='word_1_461' title='bbox 1871 3451 2020 3496; x_wconf 90' lang='lat' dir='ltr'><strong>stans</strong></span> <span class='ocrx_word' id='word_1_462' title='bbox 2053 3442 2215 3496; x_wconf 85' lang='lat' dir='ltr'><strong>etiam</strong></span> <span class='ocrx_word' id='word_1_463' title='bbox 2246 3451 2298 3494; x_wconf 90' lang='lat' dir='ltr'><strong>et</strong></span> <span class='ocrx_word' id='word_1_464' title='bbox 2337 3439 2649 3502; x_wconf 89' lang='lat' dir='ltr'><strong>immobilis,</strong></span> <span class='ocrx_word' id='word_1_465' title='bbox 2679 3455 2743 3493; x_wconf 89' lang='lat' dir='ltr'><strong>ac</strong></span> <span class='ocrx_word' id='word_1_466' title='bbox 2792 3441 2984 3493; x_wconf 86' lang='lat' dir='ltr'><strong>sedens</strong></span> <span class='ocrx_word' id='word_1_467' title='bbox 3019 3439 3071 3493; x_wconf 90' lang='lat' dir='ltr'><strong>in</strong></span> <span class='ocrx_word' id='word_1_468' title='bbox 3124 3443 3420 3506; x_wconf 63' lang='lat' dir='ltr'><strong>sarculum;</strong></span> 
     </span>
    </p>
   </div>
   <div class='ocr_carea' id='block_1_64' title="bbox 1870 3533 3426 3602">
    <p class='ocr_par' dir='ltr' id='par_1_64' title="bbox 1870 3533 3426 3602">
     <span class='ocr_line' id='line_1_64' title="bbox 1870 3533 3426 3602; baseline -0.001 -14"><span class='ocrx_word' id='word_1_469' title='bbox 1870 3544 1924 3588; x_wconf 92' lang='lat' dir='ltr'><strong>et</strong></span> <span class='ocrx_word' id='word_1_470' title='bbox 1961 3533 2195 3601; x_wconf 85' lang='lat' dir='ltr'><strong>mobilis.</strong></span> <span class='ocrx_word' id='word_1_471' title='bbox 2226 3542 2284 3586; x_wconf 92' lang='lat' dir='ltr'><strong>ut</strong></span> <span class='ocrx_word' id='word_1_472' title='bbox 2313 3533 2404 3600; x_wconf 90' lang='lat' dir='ltr'><strong>qui</strong></span> <span class='ocrx_word' id='word_1_473' title='bbox 2437 3547 2530 3602; x_wconf 90' lang='lat' dir='ltr'><strong>per</strong></span> <span class='ocrx_word' id='word_1_474' title='bbox 2563 3533 2744 3586; x_wconf 88' lang='lat' dir='ltr'><strong>omnia</strong></span> <span class='ocrx_word' id='word_1_475' title='bbox 2776 3545 3048 3598; x_wconf 86' lang='lat' dir='ltr'><strong>penetret;</strong></span> <span class='ocrx_word' id='word_1_476' title='bbox 3082 3542 3135 3586; x_wconf 89' lang='lat' dir='ltr'><strong>et</strong></span> <span class='ocrx_word' id='word_1_477' title='bbox 3170 3547 3426 3601; x_wconf 56' lang='lat' dir='ltr'><strong>quincun-</strong></span> 
     </span>
    </p>
   </div>
   <div class='ocr_carea' id='block_1_65' title="bbox 1870 3621 3425 3697">
    <p class='ocr_par' dir='ltr' id='par_1_65' title="bbox 1870 3621 3425 3697">
     <span class='ocr_line' id='line_1_65' title="bbox 1870 3621 3425 3697; baseline -0.001 -19"><span class='ocrx_word' id='word_1_478' title='bbox 1870 3641 1974 3697; x_wconf 89' lang='lat' dir='ltr'><strong>que</strong></span> <span class='ocrx_word' id='word_1_479' title='bbox 2003 3625 2106 3678; x_wconf 86' lang='lat' dir='ltr'><strong>alia</strong></span> <span class='ocrx_word' id='word_1_480' title='bbox 2154 3625 2334 3678; x_wconf 86' lang='lat' dir='ltr'><strong>divina</strong></span> <span class='ocrx_word' id='word_1_481' title='bbox 2369 3623 2586 3677; x_wconf 86' lang='lat' dir='ltr'><strong>nomina</strong></span> <span class='ocrx_word' id='word_1_482' title='bbox 2640 3623 2722 3676; x_wconf 87' lang='lat' dir='ltr'><strong>his</strong></span> <span class='ocrx_word' id='word_1_483' title='bbox 2773 3621 3168 3691; x_wconf 75' lang='lat' dir='ltr'><strong>acquipollentia</strong></span> <span class='ocrx_word' id='word_1_484' title='bbox 3202 3641 3230 3676; x_wconf 87' lang='lat' dir='ltr'><strong>a</strong></span> <span class='ocrx_word' id='word_1_485' title='bbox 3276 3624 3425 3677; x_wconf 80' lang='lat' dir='ltr'><strong>Scri-</strong></span> 
     </span>
    </p>
   </div>
   <div class='ocr_carea' id='block_1_66' title="bbox 1870 3717 2439 3788">
    <p class='ocr_par' dir='ltr' id='par_1_66' title="bbox 1870 3717 2439 3788">
     <span class='ocr_line' id='line_1_66' title="bbox 1870 3717 2439 3788; baseline -0.007 -14"><span class='ocrx_word' id='word_1_486' title='bbox 1870 3719 2042 3788; x_wconf 85' lang='lat' dir='ltr'><strong>pturis</strong></span> <span class='ocrx_word' id='word_1_487' title='bbox 2073 3717 2439 3770; x_wconf 87' lang='lat' dir='ltr'><strong>celebrantur.</strong></span> 
     </span>
    </p>
   </div>
   <div class='ocr_carea' id='block_1_67' title="bbox 1732 3877 1880 3952">
    <p class='ocr_par' dir='ltr' id='par_1_67' title="bbox 1732 3877 1880 3952">
     <span class='ocr_line' id='line_1_67' title="bbox 1732 3877 1880 3952; baseline 0 -16"><span class='ocrx_word' id='word_1_488' title='bbox 1732 3882 1758 3952; x_wconf 69' lang='grc' dir='ltr'><strong>ς</strong></span> <span class='ocrx_word' id='word_1_489' title='bbox 1802 3877 1880 3936; x_wconf 83' lang='grc' dir='ltr'>ιι.</span> 
     </span>
    </p>
   </div>
   <div class='ocr_carea' id='block_1_68' title="bbox 265 4015 1769 4095">
    <p class='ocr_par' dir='ltr' id='par_1_68' title="bbox 265 4019 1755 4095">
     <span class='ocr_line' id='line_1_68' title="bbox 265 4019 1755 4095; baseline -0.006 -14"><span class='ocrx_word' id='word_1_490' title='bbox 265 4028 454 4095; x_wconf 75' lang='grc' dir='ltr'>Μέγας</span> <span class='ocrx_word' id='word_1_491' title='bbox 491 4026 586 4095; x_wconf 81' lang='grc' dir='ltr'><strong>μὲν</strong></span> <span class='ocrx_word' id='word_1_492' title='bbox 620 4019 711 4077; x_wconf 75' lang='grc' dir='ltr'><strong>οὖν</strong></span> <span class='ocrx_word' id='word_1_493' title='bbox 743 4026 770 4076; x_wconf 86' lang='grc' dir='ltr'>ὁ</span> <span class='ocrx_word' id='word_1_494' title='bbox 802 4022 930 4085; x_wconf 84' lang='grc' dir='ltr'>Θεὸς</span> <span class='ocrx_word' id='word_1_495' title='bbox 962 4022 1301 4093; x_wconf 72' lang='grc' dir='ltr'>ὀνομάζεται,</span> <span class='ocrx_word' id='word_1_496' title='bbox 1337 4022 1474 4076; x_wconf 75' lang='grc' dir='ltr'>κατὰ</span> <span class='ocrx_word' id='word_1_497' title='bbox 1506 4022 1566 4075; x_wconf 87' lang='grc' dir='ltr'><strong>τὸ</strong></span> <span class='ocrx_word' id='word_1_498' title='bbox 1613 4022 1755 4085; x_wconf 77' lang='grc' dir='ltr'>ἰδίως</span> 
     </span>
    </p>
   </div>
   <div class='ocr_carea' id='block_1_69' title="bbox 1870 4015 3420 4095">
    <p class='ocr_par' dir='ltr' id='par_1_69' title="bbox 1927 4015 3420 4088">
     <span class='ocr_line' id='line_1_69' title="bbox 1927 4015 3420 4088; baseline -0.001 -14"><span class='ocrx_word' id='word_1_499' title='bbox 1927 4023 2004 4074; x_wconf 81' lang='lat' dir='ltr'><strong>Ac</strong></span> <span class='ocrx_word' id='word_1_500' title='bbox 2048 4031 2270 4088; x_wconf 84' lang='lat' dir='ltr'><strong>magnus</strong></span> <span class='ocrx_word' id='word_1_501' title='bbox 2317 4015 2532 4086; x_wconf 85' lang='lat' dir='ltr'><strong>quidem</strong></span> <span class='ocrx_word' id='word_1_502' title='bbox 2583 4020 2721 4072; x_wconf 90' lang='lat' dir='ltr'><strong>Deus</strong></span> <span class='ocrx_word' id='word_1_503' title='bbox 2766 4017 3089 4085; x_wconf 83' lang='lat' dir='ltr'><strong>appellatur,</strong></span> <span class='ocrx_word' id='word_1_504' title='bbox 3124 4019 3420 4074; x_wconf 81' lang='lat' dir='ltr'><strong>secundum</strong></span> 
     </span>
    </p>
   </div>
   <div class='ocr_carea' id='block_1_70' title="bbox 193 4113 1760 4188">
    <p class='ocr_par' dir='ltr' id='par_1_70' title="bbox 193 4113 1760 4188">
     <span class='ocr_line' id='line_1_70' title="bbox 193 4113 1760 4188; baseline -0.003 -18"><span class='ocrx_word' id='word_1_505' title='bbox 193 4118 362 4172; x_wconf 81' lang='grc' dir='ltr'>αὑτοῦ</span> <span class='ocrx_word' id='word_1_506' title='bbox 411 4118 571 4188; x_wconf 82' lang='grc' dir='ltr'>μέγα,</span> <span class='ocrx_word' id='word_1_507' title='bbox 605 4116 666 4168; x_wconf 88' lang='grc' dir='ltr'><strong>τὸ</strong></span> <span class='ocrx_word' id='word_1_508' title='bbox 698 4117 828 4168; x_wconf 75' lang='grc' dir='ltr'>πᾶσι</span> <span class='ocrx_word' id='word_1_509' title='bbox 869 4117 979 4176; x_wconf 87' lang='grc' dir='ltr'>τοῖς</span> <span class='ocrx_word' id='word_1_510' title='bbox 1015 4114 1264 4184; x_wconf 84' lang='grc' dir='ltr'>μεγάλοις</span> <span class='ocrx_word' id='word_1_511' title='bbox 1310 4115 1499 4166; x_wconf 75' lang='grc' dir='ltr'>ἑαυτοῦ</span> <span class='ocrx_word' id='word_1_512' title='bbox 1548 4113 1760 4184; x_wconf 88' lang='grc' dir='ltr'>μεταδι-</span> 
     </span>
    </p>
   </div>
   <div class='ocr_carea' id='block_1_71' title="bbox 191 4204 1760 4276">
    <p class='ocr_par' dir='ltr' id='par_1_71' title="bbox 191 4204 1760 4276">
     <span class='ocr_line' id='line_1_71' title="bbox 191 4204 1760 4276; baseline -0.006 -11"><span class='ocrx_word' id='word_1_513' title='bbox 191 4210 341 4271; x_wconf 78' lang='grc' dir='ltr'>δοῢν.</span> <span class='ocrx_word' id='word_1_514' title='bbox 378 4211 470 4262; x_wconf 71' lang='grc' dir='ltr'>καὶ</span> <span class='ocrx_word' id='word_1_515' title='bbox 503 4208 698 4269; x_wconf 85' lang='grc' dir='ltr'>παντὸς</span> <span class='ocrx_word' id='word_1_516' title='bbox 728 4205 982 4276; x_wconf 78' lang='grc' dir='ltr'>μεγέθους</span> <span class='ocrx_word' id='word_1_517' title='bbox 1018 4205 1212 4268; x_wconf 78' lang='grc' dir='ltr'>ἔξωθεν</span> <span class='ocrx_word' id='word_1_518' title='bbox 1245 4206 1635 4276; x_wconf 85' lang='grc' dir='ltr'>ὑπερχεόμενον</span> <span class='ocrx_word' id='word_1_519' title='bbox 1668 4204 1760 4256; x_wconf 74' lang='grc' dir='ltr'><strong>καὶ</strong></span> 
     </span>
    </p>
   </div>
   <div class='ocr_carea' id='block_1_72' title="bbox 197 4294 1760 4370">
    <p class='ocr_par' dir='ltr' id='par_1_72' title="bbox 197 4294 1760 4370">
     <span class='ocr_line' id='line_1_72' title="bbox 197 4294 1760 4370; baseline -0.004 -18"><span class='ocrx_word' id='word_1_520' title='bbox 197 4299 725 4370; x_wconf 75' lang='grc' dir='ltr'>ὑπερεκτεινὸμενον,</span> <span class='ocrx_word' id='word_1_521' title='bbox 790 4296 967 4348; x_wconf 78' lang='grc' dir='ltr'>πάντα</span> <span class='ocrx_word' id='word_1_522' title='bbox 1026 4295 1188 4346; x_wconf 73' lang='grc' dir='ltr'>τόπον</span> <span class='ocrx_word' id='word_1_523' title='bbox 1255 4295 1523 4364; x_wconf 83' lang='grc' dir='ltr'>περιέχον,</span> <span class='ocrx_word' id='word_1_524' title='bbox 1586 4294 1760 4346; x_wconf 80' lang='grc' dir='ltr'>πάντα</span> 
     </span>
    </p>
   </div>
   <div class='ocr_carea' id='block_1_73' title="bbox 198 4384 1760 4460">
    <p class='ocr_par' dir='ltr' id='par_1_73' title="bbox 198 4384 1760 4460">
     <span class='ocr_line' id='line_1_73' title="bbox 198 4384 1760 4460; baseline -0.004 -18"><span class='ocrx_word' id='word_1_525' title='bbox 198 4387 426 4460; x_wconf 65' lang='grc' dir='ltr'>ἀριθμὸν</span> <span class='ocrx_word' id='word_1_526' title='bbox 460 4387 809 4458; x_wconf 74' lang='grc' dir='ltr'>ὑπερϐάλλον,</span> <span class='ocrx_word' id='word_1_527' title='bbox 846 4386 1021 4436; x_wconf 77' lang='grc' dir='ltr'>πᾶσαν</span> <span class='ocrx_word' id='word_1_528' title='bbox 1064 4384 1313 4453; x_wconf 81' lang='grc' dir='ltr'>ἀπειρίαν</span> <span class='ocrx_word' id='word_1_529' title='bbox 1345 4384 1631 4446; x_wconf 81' lang='grc' dir='ltr'>διαϐαῖνον,</span> <span class='ocrx_word' id='word_1_530' title='bbox 1667 4384 1760 4436; x_wconf 73' lang='grc' dir='ltr'><strong>καὶ</strong></span> 
     </span>
    </p>
   </div>
   <div class='ocr_carea' id='block_1_74' title="bbox 197 4475 1759 4550">
    <p class='ocr_par' dir='ltr' id='par_1_74' title="bbox 197 4475 1759 4550">
     <span class='ocr_line' id='line_1_74' title="bbox 197 4475 1759 4550; baseline -0.003 -18"><span class='ocrx_word' id='word_1_531' title='bbox 197 4481 339 4533; x_wconf 66' lang='grc' dir='ltr'>κατὰ</span> <span class='ocrx_word' id='word_1_532' title='bbox 383 4481 444 4532; x_wconf 85' lang='grc' dir='ltr'><strong>τὸ</strong></span> <span class='ocrx_word' id='word_1_533' title='bbox 489 4479 835 4550; x_wconf 78' lang='grc' dir='ltr'>ὑπερπλῆρες</span> <span class='ocrx_word' id='word_1_534' title='bbox 881 4475 1042 4528; x_wconf 76' lang='grc' dir='ltr'>αὑτοῦ</span> <span class='ocrx_word' id='word_1_535' title='bbox 1090 4477 1182 4527; x_wconf 71' lang='grc' dir='ltr'>καὶ</span> <span class='ocrx_word' id='word_1_536' title='bbox 1236 4477 1622 4547; x_wconf 83' lang='grc' dir='ltr'>μεγαλουργὸν,</span> <span class='ocrx_word' id='word_1_537' title='bbox 1666 4477 1759 4528; x_wconf 70' lang='grc' dir='ltr'><strong>καὶ</strong></span> 
     </span>
    </p>
   </div>
   <div class='ocr_carea' id='block_1_75' title="bbox 199 4563 1760 4644">
    <p class='ocr_par' dir='ltr' id='par_1_75' title="bbox 199 4563 1760 4644">
     <span class='ocr_line' id='line_1_75' title="bbox 199 4563 1760 4644; baseline -0.007 -17"><span class='ocrx_word' id='word_1_538' title='bbox 199 4574 294 4638; x_wconf 80' lang='grc' dir='ltr'>τὰς</span> <span class='ocrx_word' id='word_1_539' title='bbox 339 4571 576 4644; x_wconf 83' lang='grc' dir='ltr'>πηγαίας</span> <span class='ocrx_word' id='word_1_540' title='bbox 627 4570 790 4623; x_wconf 76' lang='grc' dir='ltr'>αὑτοῦ</span> <span class='ocrx_word' id='word_1_541' title='bbox 831 4566 1056 4639; x_wconf 76' lang='grc' dir='ltr'>δωρεὰς,</span> <span class='ocrx_word' id='word_1_542' title='bbox 1100 4567 1218 4620; x_wconf 74' lang='grc' dir='ltr'>καθ’</span> <span class='ocrx_word' id='word_1_543' title='bbox 1259 4570 1378 4620; x_wconf 77' lang='grc' dir='ltr'>ὅσον</span> <span class='ocrx_word' id='word_1_544' title='bbox 1430 4563 1586 4621; x_wconf 75' lang='grc' dir='ltr'>αὗται</span> <span class='ocrx_word' id='word_1_545' title='bbox 1627 4563 1760 4636; x_wconf 84' lang='grc' dir='ltr'>πρὸς</span> 
     </span>
    </p>
   </div>
   <div class='ocr_carea' id='block_1_76' title="bbox 195 4657 1757 4734">
    <p class='ocr_par' dir='ltr' id='par_1_76' title="bbox 195 4657 1757 4734">
     <span class='ocr_line' id='line_1_76' title="bbox 195 4657 1757 4734; baseline -0.005 -18"><span class='ocrx_word' id='word_1_546' title='bbox 195 4665 412 4719; x_wconf 73' lang='grc' dir='ltr'>πάντων</span> <span class='ocrx_word' id='word_1_547' title='bbox 478 4661 827 4734; x_wconf 84' lang='grc' dir='ltr'>μετεχόμεναι</span> <span class='ocrx_word' id='word_1_548' title='bbox 890 4659 1028 4712; x_wconf 76' lang='grc' dir='ltr'>κατὰ</span> <span class='ocrx_word' id='word_1_549' title='bbox 1089 4658 1448 4729; x_wconf 75' lang='grc' dir='ltr'>ἀπειρὸδωρον</span> <span class='ocrx_word' id='word_1_550' title='bbox 1496 4658 1540 4688; x_wconf 76' lang='grc'><strong>⁸³</strong></span> <span class='ocrx_word' id='word_1_551' title='bbox 1585 4657 1757 4727; x_wconf 84' lang='grc' dir='ltr'>χύσιν,</span> 
     </span>
    </p>
   </div>
   <div class='ocr_carea' id='block_1_77' title="bbox 195 4755 1759 4834">
    <p class='ocr_par' dir='ltr' id='par_1_77' title="bbox 195 4755 1759 4834">
     <span class='ocr_line' id='line_1_77' title="bbox 195 4755 1759 4834; baseline -0.005 -18"><span class='ocrx_word' id='word_1_552' title='bbox 195 4763 457 4834; x_wconf 80' lang='grc' dir='ltr'>ἀμείωτοι</span> <span class='ocrx_word' id='word_1_553' title='bbox 505 4755 777 4820; x_wconf 81' lang='grc' dir='ltr'>παντελῶς</span> <span class='ocrx_word' id='word_1_554' title='bbox 825 4760 962 4819; x_wconf 87' lang='grc' dir='ltr'>εἰσι,</span> <span class='ocrx_word' id='word_1_555' title='bbox 1013 4757 1106 4809; x_wconf 79' lang='grc' dir='ltr'>καὶ</span> <span class='ocrx_word' id='word_1_556' title='bbox 1165 4757 1258 4827; x_wconf 79' lang='grc' dir='ltr'><strong>τὴν</strong></span> <span class='ocrx_word' id='word_1_557' title='bbox 1322 4756 1487 4826; x_wconf 80' lang='grc' dir='ltr'>αὑτὴν</span> <span class='ocrx_word' id='word_1_558' title='bbox 1549 4756 1759 4826; x_wconf 78' lang='grc' dir='ltr'>ἔχουσιν</span> 
     </span>
    </p>
   </div>
   <div class='ocr_carea' id='block_1_78' title="bbox 194 4847 1755 4927">
    <p class='ocr_par' dir='ltr' id='par_1_78' title="bbox 194 4847 1755 4927">
     <span class='ocr_line' id='line_1_78' title="bbox 194 4847 1755 4927; baseline -0.008 -20"><span class='ocrx_word' id='word_1_559' title='bbox 194 4854 668 4926; x_wconf 79' lang='grc' dir='ltr'>ὑπερπληροτητα,</span> <span class='ocrx_word' id='word_1_560' title='bbox 699 4855 792 4905; x_wconf 73' lang='grc' dir='ltr'><strong>καὶ</strong></span> <span class='ocrx_word' id='word_1_561' title='bbox 828 4849 924 4900; x_wconf 84' lang='grc' dir='ltr'>οὑκ</span> <span class='ocrx_word' id='word_1_562' title='bbox 959 4847 1299 4900; x_wconf 73' lang='grc' dir='ltr'>ἐλαττοῦνται</span> <span class='ocrx_word' id='word_1_563' title='bbox 1331 4848 1449 4907; x_wconf 85' lang='grc' dir='ltr'>ταῖς</span> <span class='ocrx_word' id='word_1_564' title='bbox 1487 4847 1755 4927; x_wconf 73' lang='grc' dir='ltr'>μετρχαῖς,</span> 
     </span>
    </p>
   </div>
   <div class='ocr_carea' id='block_1_79' title="bbox 195 4939 1758 5015">
    <p class='ocr_par' dir='ltr' id='par_1_79' title="bbox 195 4939 1758 5015">
     <span class='ocr_line' id='line_1_79' title="bbox 195 4939 1758 5015; baseline -0.006 -15"><span class='ocrx_word' id='word_1_565' title='bbox 195 4948 332 5000; x_wconf 84' lang='grc' dir='ltr'>ἀλλὰ</span> <span class='ocrx_word' id='word_1_566' title='bbox 384 4947 479 5000; x_wconf 75' lang='grc' dir='ltr'>καὶ</span> <span class='ocrx_word' id='word_1_567' title='bbox 530 4945 723 5015; x_wconf 80' lang='grc' dir='ltr'>μᾶλλον</span> <span class='ocrx_word' id='word_1_568' title='bbox 777 4941 1185 5013; x_wconf 77' lang='grc' dir='ltr'>ὑπερϐλὺζουσι.</span> <span class='ocrx_word' id='word_1_569' title='bbox 1223 4941 1294 4991; x_wconf 86' lang='grc' dir='ltr'><strong>Τὸ</strong></span> <span class='ocrx_word' id='word_1_570' title='bbox 1345 4939 1567 5009; x_wconf 79' lang='grc' dir='ltr'>μέγεθος</span> <span class='ocrx_word' id='word_1_571' title='bbox 1606 4939 1758 4990; x_wconf 75' lang='grc' dir='ltr'>τοῦτο</span> 
     </span>
    </p>
   </div>
   <div class='ocr_carea' id='block_1_80' title="bbox 195 5030 1758 5108">
    <p class='ocr_par' dir='ltr' id='par_1_80' title="bbox 195 5030 1758 5108">
     <span class='ocr_line' id='line_1_80' title="bbox 195 5030 1758 5108; baseline -0.008 -15"><span class='ocrx_word' id='word_1_572' title='bbox 195 5041 288 5093; x_wconf 75' lang='grc' dir='ltr'><strong>καὶ</strong></span> <span class='ocrx_word' id='word_1_573' title='bbox 323 5037 542 5108; x_wconf 79' lang='grc' dir='ltr'>ἄπειρόν</span> <span class='ocrx_word' id='word_1_574' title='bbox 592 5038 724 5098; x_wconf 83' lang='grc' dir='ltr'>ἐστι,</span> <span class='ocrx_word' id='word_1_575' title='bbox 760 5038 852 5088; x_wconf 75' lang='grc' dir='ltr'><strong>καὶ</strong></span> <span class='ocrx_word' id='word_1_576' title='bbox 895 5033 1113 5096; x_wconf 79' lang='grc' dir='ltr'>ἄποσον,</span> <span class='ocrx_word' id='word_1_577' title='bbox 1162 5033 1253 5084; x_wconf 72' lang='grc' dir='ltr'><strong>καὶ</strong></span> <span class='ocrx_word' id='word_1_578' title='bbox 1300 5031 1619 5102; x_wconf 57' lang='grc' dir='ltr'>ἀνάριθμον</span> <span class='ocrx_word' id='word_1_579' title='bbox 1665 5030 1758 5082; x_wconf 79' lang='grc' dir='ltr'><strong>καὶ</strong></span> 
     </span>
    </p>
   </div>
   <div class='ocr_carea' id='block_1_81' title="bbox 193 5123 1759 5196">
    <p class='ocr_par' dir='ltr' id='par_1_81' title="bbox 193 5123 1759 5196">
     <span class='ocr_line' id='line_1_81' title="bbox 193 5123 1759 5196; baseline -0.005 -13"><span class='ocrx_word' id='word_1_580' title='bbox 193 5129 354 5184; x_wconf 79' lang='grc' dir='ltr'>τοῦτό</span> <span class='ocrx_word' id='word_1_581' title='bbox 411 5132 556 5181; x_wconf 77' lang='grc' dir='ltr'>ἐστιν</span> <span class='ocrx_word' id='word_1_582' title='bbox 603 5129 636 5196; x_wconf 80' lang='grc' dir='ltr'><strong>ἡ</strong></span> <span class='ocrx_word' id='word_1_583' title='bbox 682 5126 947 5196; x_wconf 81' lang='grc' dir='ltr'>ὑπεροχὴ,</span> <span class='ocrx_word' id='word_1_584' title='bbox 1011 5123 1148 5177; x_wconf 76' lang='grc' dir='ltr'>κατὰ</span> <span class='ocrx_word' id='word_1_585' title='bbox 1213 5124 1309 5193; x_wconf 72' lang='grc' dir='ltr'>τὴν</span> <span class='ocrx_word' id='word_1_586' title='bbox 1372 5123 1632 5176; x_wconf 80' lang='grc' dir='ltr'>ἁπόλυτον</span> <span class='ocrx_word' id='word_1_587' title='bbox 1666 5125 1759 5176; x_wconf 76' lang='grc' dir='ltr'><strong>καὶ</strong></span> 
     </span>
    </p>
   </div>
   <div class='ocr_carea' id='block_1_82' title="bbox 194 5215 1761 5292">
    <p class='ocr_par' dir='ltr' id='par_1_82' title="bbox 194 5215 1761 5292">
     <span class='ocr_line' id='line_1_82' title="bbox 194 5215 1761 5292; baseline -0.004 -19"><span class='ocrx_word' id='word_1_588' title='bbox 194 5221 633 5292; x_wconf 74' lang='grc' dir='ltr'>ὑπερτεταμένην</span> <span class='ocrx_word' id='word_1_589' title='bbox 664 5219 760 5289; x_wconf 82' lang='grc' dir='ltr'>τῆς</span> <span class='ocrx_word' id='word_1_590' title='bbox 801 5218 1168 5290; x_wconf 81' lang='grc' dir='ltr'>ἁπεριλήπτου</span> <span class='ocrx_word' id='word_1_591' title='bbox 1219 5216 1628 5286; x_wconf 79' lang='grc' dir='ltr'>μεγαλειότητος</span> <span class='ocrx_word' id='word_1_592' title='bbox 1669 5215 1761 5285; x_wconf 87' lang='grc' dir='ltr'>χὺ-</span> 
     </span>
    </p>
   </div>
   <div class='ocr_carea' id='block_1_83' title="bbox 199 5315 380 5368">
    <p class='ocr_par' dir='ltr' id='par_1_83' title="bbox 199 5315 380 5368">
     <span class='ocr_line' id='line_1_83' title="bbox 199 5315 380 5368; baseline 0.011 -3"><span class='ocrx_word' id='word_1_593' title='bbox 199 5329 280 5368; x_wconf 85' lang='grc' dir='ltr'><strong>σιν</strong></span> <span class='ocrx_word' id='word_1_594' title='bbox 315 5315 380 5367; x_wconf 69' lang='grc'><strong>⁸⁸.</strong></span> 
     </span>
    </p>
   </div>
   <div class='ocr_carea' id='block_1_84' title="bbox 381 5510 814 5577">
    <p class='ocr_par' dir='ltr' id='par_1_84' title="bbox 381 5510 814 5577">
     <span class='ocr_line' id='line_1_84' title="bbox 381 5510 814 5577; baseline -0.009 -9"><span class='ocrx_word' id='word_1_595' title='bbox 381 5511 398 5551; x_wconf 80' lang='lat'>1</span> <span class='ocrx_word' id='word_1_596' title='bbox 438 5511 581 5567; x_wconf 86' lang='lat' dir='ltr'><strong>Psal.</strong></span> <span class='ocrx_word' id='word_1_597' title='bbox 618 5525 690 5577; x_wconf 75' lang='lat' dir='ltr'><strong>cu,</strong></span> <span class='ocrx_word' id='word_1_598' title='bbox 725 5510 814 5564; x_wconf 71' lang='lat'><strong>28.</strong></span> 
     </span>
    </p>
   </div>
   <div class='ocr_carea' id='block_1_85' title="bbox 1861 4109 3417 4180">
    <p class='ocr_par' dir='ltr' id='par_1_85' title="bbox 1861 4109 3417 4180">
     <span class='ocr_line' id='line_1_85' title="bbox 1861 4109 3417 4180; baseline 0 -14"><span class='ocrx_word' id='word_1_599' title='bbox 1861 4113 1960 4167; x_wconf 90' lang='lat' dir='ltr'><strong>sibi</strong></span> <span class='ocrx_word' id='word_1_600' title='bbox 1993 4112 2264 4180; x_wconf 89' lang='lat' dir='ltr'><strong>pr0priam</strong></span> <span class='ocrx_word' id='word_1_601' title='bbox 2290 4109 2740 4177; x_wconf 83' lang='lat' dir='ltr'><strong>magnitudinem,</strong></span> <span class='ocrx_word' id='word_1_602' title='bbox 2773 4125 2895 4176; x_wconf 64' lang='lat' dir='ltr'><strong>qnze</strong></span> <span class='ocrx_word' id='word_1_603' title='bbox 2929 4110 3137 4178; x_wconf 84' lang='lat' dir='ltr'><strong>magnis</strong></span> <span class='ocrx_word' id='word_1_604' title='bbox 3167 4113 3417 4166; x_wconf 89' lang='lat' dir='ltr'><strong>omnibus</strong></span> 
     </span>
    </p>
   </div>
   <div class='ocr_carea' id='block_1_86' title="bbox 1861 4203 3419 4271">
    <p class='ocr_par' dir='ltr' id='par_1_86' title="bbox 1861 4203 3419 4271">
     <span class='ocr_line' id='line_1_86' title="bbox 1861 4203 3419 4271; baseline -0.002 -11"><span class='ocrx_word' id='word_1_605' title='bbox 1861 4206 1927 4260; x_wconf 90' lang='lat' dir='ltr'><strong>de</strong></span> <span class='ocrx_word' id='word_1_606' title='bbox 1951 4220 2008 4259; x_wconf 88' lang='lat' dir='ltr'><strong>se</strong></span> <span class='ocrx_word' id='word_1_607' title='bbox 2031 4203 2413 4267; x_wconf 86' lang='lat' dir='ltr'><strong>communicat,</strong></span> <span class='ocrx_word' id='word_1_608' title='bbox 2439 4211 2494 4255; x_wconf 90' lang='lat' dir='ltr'><strong>et</strong></span> <span class='ocrx_word' id='word_1_609' title='bbox 2521 4203 2665 4254; x_wconf 91' lang='lat' dir='ltr'><strong>omni</strong></span> <span class='ocrx_word' id='word_1_610' title='bbox 2697 4203 3051 4271; x_wconf 81' lang='lat' dir='ltr'><strong>magnitudini</strong></span> <span class='ocrx_word' id='word_1_611' title='bbox 3080 4205 3419 4257; x_wconf 77' lang='lat' dir='ltr'><strong>extrinsecus</strong></span> 
     </span>
    </p>
   </div>
   <div class='ocr_carea' id='block_1_87' title="bbox 1874 4296 3417 4368">
    <p class='ocr_par' dir='ltr' id='par_1_87' title="bbox 1874 4296 3417 4368">
     <span class='ocr_line' id='line_1_87' title="bbox 1874 4296 3417 4368; baseline -0.004 -13"><span class='ocrx_word' id='word_1_612' title='bbox 1874 4298 2282 4368; x_wconf 78' lang='lat' dir='ltr'><strong>superfunditur</strong></span> <span class='ocrx_word' id='word_1_613' title='bbox 2323 4307 2377 4350; x_wconf 92' lang='lat' dir='ltr'><strong>et</strong></span> <span class='ocrx_word' id='word_1_614' title='bbox 2427 4296 2936 4363; x_wconf 81' lang='lat' dir='ltr'><strong>supraexpanditur,</strong></span> <span class='ocrx_word' id='word_1_615' title='bbox 2989 4301 3159 4348; x_wconf 87' lang='lat' dir='ltr'><strong>locum</strong></span> <span class='ocrx_word' id='word_1_616' title='bbox 3203 4312 3417 4350; x_wconf 88' lang='lat' dir='ltr'><strong>onmem</strong></span> 
     </span>
    </p>
   </div>
   <div class='ocr_carea' id='block_1_88' title="bbox 1862 4387 3417 4458">
    <p class='ocr_par' dir='ltr' id='par_1_88' title="bbox 1862 4387 3417 4458">
     <span class='ocr_line' id='line_1_88' title="bbox 1862 4387 3417 4458; baseline -0.003 -13"><span class='ocrx_word' id='word_1_617' title='bbox 1862 4389 2248 4458; x_wconf 84' lang='lat' dir='ltr'><strong>complectens,</strong></span> <span class='ocrx_word' id='word_1_618' title='bbox 2299 4402 2516 4439; x_wconf 85' lang='lat' dir='ltr'><strong>omnem</strong></span> <span class='ocrx_word' id='word_1_619' title='bbox 2556 4402 2836 4438; x_wconf 88' lang='lat' dir='ltr'><strong>numerum</strong></span> <span class='ocrx_word' id='word_1_620' title='bbox 2871 4387 3158 4450; x_wconf 82' lang='lat' dir='ltr'><strong>excedens,</strong></span> <span class='ocrx_word' id='word_1_621' title='bbox 3205 4404 3417 4442; x_wconf 89' lang='lat' dir='ltr'><strong>omnem</strong></span> 
     </span>
    </p>
   </div>
   <div class='ocr_carea' id='block_1_89' title="bbox 1863 4473 3417 4547">
    <p class='ocr_par' dir='ltr' id='par_1_89' title="bbox 1863 4473 3417 4547">
     <span class='ocr_line' id='line_1_89' title="bbox 1863 4473 3417 4547; baseline -0.002 -14"><span class='ocrx_word' id='word_1_622' title='bbox 1863 4481 2173 4534; x_wconf 82' lang='lat' dir='ltr'><strong>transiliens</strong></span> <span class='ocrx_word' id='word_1_623' title='bbox 2209 4477 2565 4540; x_wconf 79' lang='lat' dir='ltr'><strong>infinitatem,</strong></span> <span class='ocrx_word' id='word_1_624' title='bbox 2610 4486 2663 4530; x_wconf 90' lang='lat' dir='ltr'><strong>et</strong></span> <span class='ocrx_word' id='word_1_625' title='bbox 2691 4473 2845 4541; x_wconf 77' lang='lat' dir='ltr'><strong>juxta</strong></span> <span class='ocrx_word' id='word_1_626' title='bbox 2919 4493 3244 4547; x_wconf 89' lang='lat' dir='ltr'><strong>supraquam</strong></span> <span class='ocrx_word' id='word_1_627' title='bbox 3303 4480 3417 4546; x_wconf 85' lang='lat' dir='ltr'><strong>ple-</strong></span> 
     </span>
    </p>
   </div>
   <div class='ocr_carea' id='block_1_90' title="bbox 1861 4569 3418 4638">
    <p class='ocr_par' dir='ltr' id='par_1_90' title="bbox 1861 4569 3418 4638">
     <span class='ocr_line' id='line_1_90' title="bbox 1861 4569 3418 4638; baseline -0.002 -11"><span class='ocrx_word' id='word_1_628' title='bbox 1861 4574 2158 4627; x_wconf 80' lang='lat' dir='ltr'><strong>nitudinem</strong></span> <span class='ocrx_word' id='word_1_629' title='bbox 2210 4586 2360 4624; x_wconf 89' lang='lat' dir='ltr'><strong>suam</strong></span> <span class='ocrx_word' id='word_1_630' title='bbox 2413 4583 2477 4622; x_wconf 87' lang='lat' dir='ltr'><strong>ac</strong></span> <span class='ocrx_word' id='word_1_631' title='bbox 2535 4569 3028 4638; x_wconf 83' lang='lat' dir='ltr'><strong>magniﬁcentiam,</strong></span> <span class='ocrx_word' id='word_1_632' title='bbox 3082 4571 3418 4638; x_wconf 80' lang='lat' dir='ltr'><strong>fontalcsque</strong></span> 
     </span>
    </p>
   </div>
   <div class='ocr_carea' id='block_1_91' title="bbox 1860 4660 3418 4728">
    <p class='ocr_par' dir='ltr' id='par_1_91' title="bbox 1860 4660 3418 4728">
     <span class='ocr_line' id='line_1_91' title="bbox 1860 4660 3418 4728; baseline -0.004 -8"><span class='ocrx_word' id='word_1_633' title='bbox 1860 4681 1988 4720; x_wconf 88' lang='lat' dir='ltr'><strong>suas</strong></span> <span class='ocrx_word' id='word_1_634' title='bbox 2019 4663 2452 4724; x_wconf 83' lang='lat' dir='ltr'><strong>distributiones,</strong></span> <span class='ocrx_word' id='word_1_635' title='bbox 2492 4671 2760 4728; x_wconf 84' lang='lat' dir='ltr'><strong>quatenus</strong></span> <span class='ocrx_word' id='word_1_636' title='bbox 2798 4660 2878 4713; x_wconf 66' lang='lat' dir='ltr'><strong>hac</strong></span> <span class='ocrx_word' id='word_1_637' title='bbox 2926 4661 3176 4713; x_wconf 89' lang='lat' dir='ltr'><strong>omnibus</strong></span> <span class='ocrx_word' id='word_1_638' title='bbox 3211 4663 3418 4713; x_wconf 79' lang='lat' dir='ltr'><strong>iulittilu</strong></span> 
     </span>
    </p>
   </div>
   <div class='ocr_carea' id='block_1_92' title="bbox 1861 4752 3416 4828">
    <p class='ocr_par' dir='ltr' id='par_1_92' title="bbox 1861 4752 3416 4828">
     <span class='ocr_line' id='line_1_92' title="bbox 1861 4752 3416 4828; baseline -0.005 -16"><span class='ocrx_word' id='word_1_639' title='bbox 1861 4759 2170 4828; x_wconf 78' lang='lat' dir='ltr'><strong>prolusione</strong></span> <span class='ocrx_word' id='word_1_640' title='bbox 2223 4752 2661 4817; x_wconf 69' lang='lat' dir='ltr'><strong>communicatae,</strong></span> <span class='ocrx_word' id='word_1_641' title='bbox 2707 4763 2925 4806; x_wconf 88' lang='lat' dir='ltr'><strong>manent</strong></span> <span class='ocrx_word' id='word_1_642' title='bbox 2971 4768 3191 4819; x_wconf 88' lang='lat' dir='ltr'><strong>prorsus</strong></span> <span class='ocrx_word' id='word_1_643' title='bbox 3236 4754 3416 4805; x_wconf 87' lang='lat' dir='ltr'><strong>immi-</strong></span> 
     </span>
    </p>
   </div>
   <div class='ocr_carea' id='block_1_93' title="bbox 1862 4844 3416 4913">
    <p class='ocr_par' dir='ltr' id='par_1_93' title="bbox 1862 4844 3416 4913">
     <span class='ocr_line' id='line_1_93' title="bbox 1862 4844 3416 4913; baseline -0.005 -11"><span class='ocrx_word' id='word_1_644' title='bbox 1862 4860 2025 4913; x_wconf 74' lang='lat' dir='ltr'><strong>nutae,</strong></span> <span class='ocrx_word' id='word_1_645' title='bbox 2057 4858 2111 4901; x_wconf 91' lang='lat' dir='ltr'><strong>et</strong></span> <span class='ocrx_word' id='word_1_646' title='bbox 2155 4847 2397 4901; x_wconf 85' lang='lat' dir='ltr'><strong>eamdem</strong></span> <span class='ocrx_word' id='word_1_647' title='bbox 2449 4846 2652 4899; x_wconf 87' lang='lat' dir='ltr'><strong>habent</strong></span> <span class='ocrx_word' id='word_1_648' title='bbox 2701 4859 2862 4912; x_wconf 82' lang='lat' dir='ltr'><strong>supra</strong></span> <span class='ocrx_word' id='word_1_649' title='bbox 2907 4859 3067 4910; x_wconf 86' lang='lat' dir='ltr'><strong>quam</strong></span> <span class='ocrx_word' id='word_1_650' title='bbox 3126 4844 3416 4911; x_wconf 81' lang='lat' dir='ltr'><strong>plenitudi-</strong></span> 
     </span>
    </p>
   </div>
   <div class='ocr_carea' id='block_1_94' title="bbox 1865 4935 3417 5008">
    <p class='ocr_par' dir='ltr' id='par_1_94' title="bbox 1865 4935 3417 5008">
     <span class='ocr_line' id='line_1_94' title="bbox 1865 4935 3417 5008; baseline -0.003 -15"><span class='ocrx_word' id='word_1_651' title='bbox 1865 4956 2009 5006; x_wconf 83' lang='lat' dir='ltr'><strong>nem,</strong></span> <span class='ocrx_word' id='word_1_652' title='bbox 2039 4953 2212 5008; x_wconf 90' lang='lat' dir='ltr'><strong>neque</strong></span> <span class='ocrx_word' id='word_1_653' title='bbox 2252 4937 2758 5007; x_wconf 78' lang='lat' dir='ltr'><strong>participationibus</strong></span> <span class='ocrx_word' id='word_1_654' title='bbox 2797 4936 3133 4997; x_wconf 89' lang='lat' dir='ltr'><strong>minuuntur,</strong></span> <span class='ocrx_word' id='word_1_655' title='bbox 3174 4935 3417 5002; x_wconf 86' lang='lat' dir='ltr'><strong>quinimo</strong></span> 
     </span>
    </p>
   </div>
   <div class='ocr_carea' id='block_1_95' title="bbox 1863 5027 3416 5101">
    <p class='ocr_par' dir='ltr' id='par_1_95' title="bbox 1863 5027 3416 5101">
     <span class='ocr_line' id='line_1_95' title="bbox 1863 5027 3416 5101; baseline -0.006 -15"><span class='ocrx_word' id='word_1_656' title='bbox 1863 5032 2033 5101; x_wconf 84' lang='lat' dir='ltr'><strong>magis</strong></span> <span class='ocrx_word' id='word_1_657' title='bbox 2073 5031 2392 5085; x_wconf 88' lang='lat' dir='ltr'><strong>redundant.</strong></span> <span class='ocrx_word' id='word_1_658' title='bbox 2434 5030 2558 5083; x_wconf 69' lang='lat' dir='ltr'><strong>Harc</strong></span> <span class='ocrx_word' id='word_1_659' title='bbox 2605 5028 2920 5096; x_wconf 83' lang='lat' dir='ltr'><strong>magnitudo</strong></span> <span class='ocrx_word' id='word_1_660' title='bbox 2964 5037 3019 5079; x_wconf 91' lang='lat' dir='ltr'><strong>et</strong></span> <span class='ocrx_word' id='word_1_661' title='bbox 3062 5027 3266 5080; x_wconf 83' lang='lat' dir='ltr'><strong>inﬁnita</strong></span> <span class='ocrx_word' id='word_1_662' title='bbox 3314 5038 3416 5090; x_wconf 87' lang='lat' dir='ltr'><strong>est,</strong></span> 
     </span>
    </p>
   </div>
   <div class='ocr_carea' id='block_1_96' title="bbox 1864 5119 3420 5190">
    <p class='ocr_par' dir='ltr' id='par_1_96' title="bbox 1864 5119 3420 5190">
     <span class='ocr_line' id='line_1_96' title="bbox 1864 5119 3420 5190; baseline -0.004 -14"><span class='ocrx_word' id='word_1_663' title='bbox 1864 5134 1918 5176; x_wconf 92' lang='lat' dir='ltr'><strong>et</strong></span> <span class='ocrx_word' id='word_1_664' title='bbox 1979 5122 2297 5190; x_wconf 89' lang='lat' dir='ltr'><strong>quantitatis</strong></span> <span class='ocrx_word' id='word_1_665' title='bbox 2356 5137 2416 5172; x_wconf 89' lang='lat' dir='ltr'><strong>ac</strong></span> <span class='ocrx_word' id='word_1_666' title='bbox 2483 5121 2692 5172; x_wconf 76' lang='lat' dir='ltr'><strong>numeri</strong></span> <span class='ocrx_word' id='word_1_667' title='bbox 2765 5132 3008 5186; x_wconf 78' lang='lat' dir='ltr'><strong>expers:</strong></span> <span class='ocrx_word' id='word_1_668' title='bbox 3058 5129 3111 5169; x_wconf 90' lang='lat' dir='ltr'><strong>et</strong></span> <span class='ocrx_word' id='word_1_669' title='bbox 3171 5119 3285 5170; x_wconf 64' lang='lat' dir='ltr'><strong>lucc</strong></span> <span class='ocrx_word' id='word_1_670' title='bbox 3335 5129 3420 5170; x_wconf 85' lang='lat' dir='ltr'><strong>est</strong></span> 
     </span>
    </p>
   </div>
   <div class='ocr_carea' id='block_1_97' title="bbox 1866 5209 3416 5268">
    <p class='ocr_par' dir='ltr' id='par_1_97' title="bbox 1866 5209 3416 5268">
     <span class='ocr_line' id='line_1_97' title="bbox 1866 5209 3416 5268; baseline -0.004 0"><span class='ocrx_word' id='word_1_671' title='bbox 1866 5214 2184 5268; x_wconf 80' lang='lat' dir='ltr'><strong>excellentia</strong></span> <span class='ocrx_word' id='word_1_672' title='bbox 2213 5212 2506 5266; x_wconf 87' lang='lat' dir='ltr'><strong>secundum</strong></span> <span class='ocrx_word' id='word_1_673' title='bbox 2548 5209 2862 5265; x_wconf 71' lang='lat' dir='ltr'><strong>eﬂ‘usionem</strong></span> <span class='ocrx_word' id='word_1_674' title='bbox 2904 5211 3200 5263; x_wconf 86' lang='lat' dir='ltr'><strong>absolutam</strong></span> <span class='ocrx_word' id='word_1_675' title='bbox 3235 5223 3289 5264; x_wconf 88' lang='lat' dir='ltr'><strong>et</strong></span> <span class='ocrx_word' id='word_1_676' title='bbox 3323 5227 3416 5262; x_wconf 85' lang='lat' dir='ltr'><strong>sn-</strong></span> 
     </span>
    </p>
   </div>
   <div class='ocr_carea' id='block_1_98' title="bbox 1864 5301 3413 5373">
    <p class='ocr_par' dir='ltr' id='par_1_98' title="bbox 1864 5301 3413 5373">
     <span class='ocr_line' id='line_1_98' title="bbox 1864 5301 3413 5373; baseline 0 -18"><span class='ocrx_word' id='word_1_677' title='bbox 1864 5319 2124 5373; x_wconf 83' lang='lat' dir='ltr'><strong>praquant</strong></span> <span class='ocrx_word' id='word_1_678' title='bbox 2211 5315 2491 5358; x_wconf 82' lang='lat' dir='ltr'><strong>extensaln</strong></span> <span class='ocrx_word' id='word_1_679' title='bbox 2557 5301 2972 5371; x_wconf 80' lang='lat' dir='ltr'><strong>magniﬁcentia:</strong></span> <span class='ocrx_word' id='word_1_680' title='bbox 3019 5317 3122 5355; x_wconf 85' lang='lat' dir='ltr'><strong>non</strong></span> <span class='ocrx_word' id='word_1_681' title='bbox 3167 5318 3413 5370; x_wconf 79' lang='lat' dir='ltr'><strong>compre-</strong></span> 
     </span>
    </p>
   </div>
   <div class='ocr_carea' id='block_1_99' title="bbox 1860 5394 2063 5449">
    <p class='ocr_par' dir='ltr' id='par_1_99' title="bbox 1860 5394 2063 5449">
     <span class='ocr_line' id='line_1_99' title="bbox 1860 5394 2063 5449; baseline 0.01 -2"><span class='ocrx_word' id='word_1_682' title='bbox 1860 5394 2063 5449; x_wconf 72' lang='lat' dir='ltr'><strong>hensze.</strong></span> 
     </span>
    </p>
   </div>
   <div class='ocr_carea' id='block_1_100' title="bbox 1470 5597 2138 5656">
    <p class='ocr_par' dir='ltr' id='par_1_100' title="bbox 1470 5597 2138 5656">
     <span class='ocr_line' id='line_1_100' title="bbox 1470 5597 2138 5656; baseline 0.01 -7"><span class='ocrx_word' id='word_1_683' title='bbox 1470 5597 1698 5653; x_wconf 74' lang='lat' dir='ltr'><strong>VARle</strong></span> <span class='ocrx_word' id='word_1_684' title='bbox 1739 5598 2138 5656; x_wconf 72' lang='lat' dir='ltr'><strong>LECTIONES.</strong></span> 
     </span>
    </p>
   </div>
   <div class='ocr_carea' id='block_1_101' title="bbox 265 5711 1423 5787">
    <p class='ocr_par' dir='ltr' id='par_1_101' title="bbox 265 5711 1423 5787">
     <span class='ocr_line' id='line_1_101' title="bbox 265 5711 1423 5787; baseline 0.017 -16"><span class='ocrx_word' id='word_1_685' title='bbox 265 5722 306 5752; x_wconf 83' lang='lat'><em>“</em></span> <span class='ocrx_word' id='word_1_686' title='bbox 344 5718 671 5787; x_wconf 72' lang='grc' dir='ltr'>ἀνατίθεται,</span> <span class='ocrx_word' id='word_1_687' title='bbox 708 5718 762 5771; x_wconf 83' lang='lat' dir='ltr'><strong>S-</strong></span> <span class='ocrx_word' id='word_1_688' title='bbox 839 5718 879 5748; x_wconf 62' lang='grc' dir='ltr'>δ’</span> <span class='ocrx_word' id='word_1_689' title='bbox 914 5711 1259 5782; x_wconf 60' lang='grc' dir='ltr'><strong>θεωνυίιικῶν</strong></span> <span class='ocrx_word' id='word_1_690' title='bbox 1295 5713 1423 5783; x_wconf 58' lang='grc' dir='ltr'>ιθε⁶λ</span> 
     </span>
    </p>
   </div>
   <div class='ocr_carea' id='block_1_102' title="bbox 1508 5715 2023 5786">
    <p class='ocr_par' dir='ltr' id='par_1_102' title="bbox 1508 5715 2023 5786">
     <span class='ocr_line' id='line_1_102' title="bbox 1508 5715 2023 5786; baseline 0.006 -21"><span class='ocrx_word' id='word_1_691' title='bbox 1508 5718 1549 5747; x_wconf 71' lang='grc'><strong>’⁵³</strong></span> <span class='ocrx_word' id='word_1_692' title='bbox 1583 5717 1680 5767; x_wconf 72' lang='grc' dir='ltr'><strong>ἀπε</strong></span> <span class='ocrx_word' id='word_1_693' title='bbox 1694 5715 2023 5786; x_wconf 69' lang='grc' dir='ltr'>ιροδύναμον.</span> 
     </span>
    </p>
   </div>
   <div class='ocr_carea' id='block_1_103' title="bbox 2147 5715 2596 5791">
    <p class='ocr_par' dir='ltr' id='par_1_103' title="bbox 2147 5715 2596 5791">
     <span class='ocr_line' id='line_1_103' title="bbox 2147 5715 2596 5791; baseline 0.002 -18"><span class='ocrx_word' id='word_1_694' title='bbox 2147 5723 2186 5751; x_wconf 67' lang='grc'><strong>⁸³</strong></span> <span class='ocrx_word' id='word_1_695' title='bbox 2225 5721 2398 5791; x_wconf 61' lang='grc' dir='ltr'>φύσιν,</span> <span class='ocrx_word' id='word_1_696' title='bbox 2435 5715 2497 5774; x_wconf 84' lang='lat' dir='ltr'><strong>D.</strong></span> <span class='ocrx_word' id='word_1_697' title='bbox 2539 5720 2596 5774; x_wconf 84' lang='lat' dir='ltr'><strong>S.</strong></span> 
     </span>
    </p>
   </div>
  </div>
