4176 6314
705 320 797 376 ειη
1869 320 1924 373 S.
1958 314 2251 374 DIONYSII
2287 312 2745 370 AREOPAGITIE

2246 462 2274 532 §
2313 457 2426 517 Ill.

779 652 1007 706 Parvum
1056 665 1181 703 vero
1213 650 1325 704 sive
1355 647 1571 711 subtile,
1621 647 1671 700 in
1721 648 1836 716 ipso
1879 646 2096 710 dicitur,
2131 644 2272 713 quod
2302 651 2348 708 Α

2302 651 2348 708 Α
2446 640 2683 710 Σμικρὸν
2725 637 2781 691 δὲ
2829 638 2945 708 ἢτοι
2991 635 3201 698 λεπτὸν,
3251 635 3336 687 ἐπ’
3383 633 3543 688 αὑτοῦ
3589 634 3827 703 λέγεται,
3879 639 3930 690 τ)

711 759 924 799 omnem
969 742 1160 796 molem
1187 751 1242 795 et
1271 740 1583 795 distantiam
1611 738 1817 808 effugit,
1845 747 1898 792 et
1926 739 2127 806 absque
2165 737 2266 791 im-

709 836 1013 904 pedimento
1039 833 1204 904 486
1235 841 1429 887 cuncta
1462 831 1726 900 pervadit.
1758 830 1917 899 Atqui
1950 830 2112 883 etiam
2153 843 2270 882 om-

709 927 856 978 nium
883 925 1225 978 elementaris
1249 938 1408 977 causa
1433 932 1512 975 est
1546 922 1672 976 illud
1704 936 1955 990 parvum;
1995 935 2266 989 nunquam

709 1018 848 1068 enim
881 1014 1110 1068 formam
1149 1013 1294 1082 parvi
1327 1013 1563 1081 reperies
1593 1028 1696 1065 non
1732 1012 2128 1081 partieipatam.
2177 1011 2267 1064 Sic

708 1108 867 1175 igitur
897 1107 948 1160 in
989 1105 1099 1159 Deo
1123 1105 1489 1171 accipiendum
1525 1115 1606 1158 est
1636 1119 1880 1173 parvum,
1909 1112 1963 1156 ut
1997 1104 2048 1156 in
2087 1103 2265 1155 omnia

707 1209 758 1252 et
796 1214 888 1267 per
919 1198 1099 1251 omnia
1132 1198 1378 1266 expedite
1408 1212 1612 1262 means,
1637 1205 1688 1248 et
1720 1209 1967 1264 operans,
1995 1204 2048 1248 et
2079 1208 2268 1263 perva—

709 1294 842 1346 dens
889 1309 1051 1362 usque
1086 1295 1151 1344 at!
1203 1293 1505 1344 diuisionem
1551 1289 1740 1340 animae
1769 1295 1818 1339 et
1854 1287 2088 1353 spiritus,
2131 1300 2269 1337 com-

706 1401 894 1453 pagum
930 1400 1130 1453 quoque
1171 1393 1218 1436 et
1254 1381 1631 1444 medullarum,
1685 1377 2033 1432 discretivum
2068 1390 2266 1428 concu-

710 1477 1092 1544 piscentiarum
1131 1487 1174 1528 et
1204 1476 1575 1544 cogitationum
1609 1471 1780 1524 cordis
1807 1510 1822 1534 ,
1869 1470 1977 1522 imo
2027 1466 2263 1521 omnium

2367 732 2565 795 παντὸς
2594 731 2756 798 ὄγκου
2790 731 2882 783 καὶ
2910 729 3271 799 διαστήματος
3299 728 3614 797 ἐκϐεϐηκὸς,
3644 729 3739 780 καὶ
3765 730 3824 781 τὸ
3855 729 3941 782 διὰ

2369 824 2585 877 πάντων
2624 821 2914 884 ἀκωλύτως
2947 820 3171 894 χωροῦν.
3208 820 3399 872 Καίτοι
3433 819 3526 871 καὶ
3555 819 3771 872 πάντων
3807 835 3942 872 στοι-

2371 923 2648 993 χειωτικὸν
2672 924 2715 955 ⁸⁸
2749 921 2920 975 αἴτιόν
2963 905 3076 973 ἐστι
3122 920 3182 970 τὸ
3227 919 3482 989 σμικρόν⁸
3531 919 3736 990 οὐδαμῆ
3755 919 3799 950 ⁸⁸
3833 917 3944 989 γὰρ

2373 1017 2623 1086 εὑρήσεις
2668 1015 2764 1084 τὴν
2801 1014 2892 1066 τοῦ
2947 1011 3175 1083 σμικροῦ
3230 1011 3370 1063 ίδέαν
3404 1010 3714 1079 ἀμέθεκτον.
3755 1008 3944 1073 Οὕτως

2373 1104 2464 1160 οὖν
2483 1107 2572 1159 ἐπὶ
2605 1105 2736 1158 Θεοῦ
2758 1105 2819 1158 τὸ
2853 1105 3079 1176 σμικρὸν
3098 1101 3498 1170 ὲκληπτέον,ιῖ›ς
3525 1101 3614 1153 ἐπὶ
3648 1104 3823 1154 πάντα
3847 1101 3944 1153 καὶ

2372 1201 2456 1254 διὰ
2481 1201 2689 1254 πάντων
2710 1198 3110 1268 ἀνεμποδίστως
3127 1197 3352 1268 χωροῦν,
3375 1195 3466 1248 καὶ
3485 1194 3737 1265 ἐνεργοῦν
3756 1195 3797 1223 ⁸⁷
3813 1233 3828 1256 ,
3847 1194 3944 1246 καὶ⁵

2372 1291 2781 1360 διικνούμενον
2801 1289 2937 1355 ἄχρι
2968 1287 3256 1356 μερισμοῦ
3282 1287 3486 1355 ψυχῆς
3516 1302 3579 1337 τε
3626 1283 3723 1337 καὶ
3756 1284 3941 1336 πνεύ-

2366 1397 2574 1451 ματος,
2599 1381 2799 1454 ἁρμῶν
2819 1397 2881 1434 τε
2907 1379 2951 1411 ⁸⁸
2977 1379 3072 1430 καὶ
3089 1377 3348 1446 μυελῶν,
3376 1377 3472 1430 καί
3498 1376 3940 1444 κριτικὸν-ἐνθυ-

2365 1473 2610 1543 μήσεων
2637 1472 2733 1524 καί
2763 1470 3008 1524 ἐννοιῶν
3034 1469 3294 1536 καρδίας,
3319 1469 3513 1540 μᾶλλον
3545 1469 3599 1520 δὲ
3626 1467 3732 1518 τῶν
3772 1467 3941 1518 ὄντων

708 1584 828 1637 quae
858 1578 1011 1633 sunt,
1041 1583 1141 1621 non
1173 1567 1313 1621 enim
1357 1577 1427 1618 est
1455 1573 1692 1617 creatura
1740 1564 1848 1614 ulla
1898 1560 2168 1614 invisibilis
2209 1575 2262 1611 tn
2293 1571 2334 1625 Β

2293 1571 2334 1625 Β
2366 1565 2613 1618 ἁπάντων
2633 1580 2644 1591 ·
2662 1563 2733 1615 οὺ
2745 1563 2852 1631 γάρ
2864 1561 2993 1614 ἐστι
3009 1563 3200 1625 κτίσις
3217 1558 3453 1628 ἀφανὴς
3466 1557 3717 1610 ἐνώπιον
3727 1554 3933 1608 αὐτοῦ.

707 1670 978 1728 conspectu
1006 1661 1116 1727 ejus
1145 1671 1203 1712 m.
1233 1657 1344 1711 Hoc
1395 1671 1616 1726 parvum
1664 1661 1745 1708 est
1789 1651 1904 1706 sine
1950 1653 2264 1720 quantitate,

705 1750 823 1801 sine
869 1748 1157 1816 qualitate,
1209 1748 1324 1800 sine
1379 1745 1716 1806 inhibitione,
1763 1742 2057 1802 inﬁnitum,
2097 1739 2266 1816 incir-

707 1840 1114 1907 cumscriptum,
1147 1839 1323 1891 omnia
1354 1834 1837 1906 comprehendens,
1875 1834 2047 1902 ipsum
2081 1809 2208 1885 vero
2237 1844 2267 1882 a

705 1929 851 1984 nullo
877 1928 1262 1999 comprehendi
1296 1936 1494 1997 potest.

2375 1655 2542 1708 Τοῦτο
2573 1654 2632 1705 τὸ
2667 1652 2891 1722 σμικρὸν
2925 1651 3122 1703 ἄποσόν
3157 1651 3290 1711 ἐστι,
3324 1649 3415 1701 καὶ
3443 1647 3726 1718 ἀπήλικον,
3763 1647 3939 1714 ἀκρα-

2373 1747 2482 1810 τὲς,
2536 1744 2777 1814 ἄπειρον,
2814 1741 3078 1812 ἀόριστον,
3122 1737 3507 1810 περιληπτικὸν
3540 1739 3774 1793 πάντων.
3809 1733 3943 1788 αὐτὸ

2375 1837 2430 1889 δὲ
2466 1836 2852 1905 ἀπερίληπτον.

2232 2088 2261 2158 §
2304 2084 2412 2142 1v.

777 2260 918 2313 Idem
963 2269 1143 2314 autem
1177 2259 1348 2328 ipsum
1379 2265 1462 2312 est
1492 2254 2084 2326 supersubstantialiter
2111 2261 2269 2306 aeter-

705 2367 857 2415 num,
895 2349 1328 2414 inconvertibile,
1355 2350 1649 2402 secundum
1681 2349 1865 2402 eadem
1892 2347 1943 2400 in
1977 2345 2266 2413 semetipso

704 2458 930 2498 nutriens
971 2457 1203 2511 semper,
1249 2452 1302 2494 et
1345 2442 1533 2496 eodem
1585 2440 1743 2494 modo
1794 2454 1850 2493 se
1880 2437 2098 2501 habens,
2146 2450 2265 2490 om-

705 2535 861 2587 nibus
905 2547 1056 2601 zeque
1084 2546 1339 2601 praesens,
1389 2542 1552 2598 atque
1584 2529 1755 2597 ipsum
1788 2542 1884 2596 per
1915 2540 1971 2578 se
2006 2535 2057 2578 et
2088 2527 2139 2578 in
2182 2537 2267 2578 se-

705 2625 824 2694 ipso
869 2625 1095 2676 firmiter
1137 2631 1190 2676 et
1233 2623 1553 2675 intemeratc
1583 2621 1634 2673 in
1667 2618 2047 2689 pulcherrimis
2079 2629 2266 2685 supra-

704 2715 1006 2770 essentinlis
1047 2730 1156 2768 suae
1200 2713 1501 2767 identitatis
1533 2712 1732 2766 ﬁnibus
1765 2710 2021 2771 locatum,
2069 2707 2265 2760 immu-

708 2808 891 2872 tabile,
920 2808 1101 2876 lapsus
1133 2820 1344 2872 expers,
1397 2817 1739 2871 permanens,
1788 2797 2126 2860 invariabile,
2159 2811 2262 2850 non

2445 2247 2516 2300 Τὸ
2559 2246 2613 2299 δὲ
2662 2245 2854 2298 ταύτὸν
2901 2242 3234 2314 ὑπερουσίως
3279 2238 3466 2302 ἀΐδιον,
3515 2236 3801 2307 ἄτρεπτον,
3853 2235 3943 2305 ἐφ’

2373 2337 2567 2393 ἑαυτοῦ
2625 2338 2801 2407 μένον,
2854 2335 2941 2388 ἀεὶ
2975 2335 3017 2366 ⁸⁸
3053 2332 3190 2385 κατὰ
3234 2332 3301 2384 τὰ
3359 2329 3493 2383 αὑτὰ
3543 2330 3637 2381 καὶ
3681 2326 3945 2390 ὡσαύτως

2373 2428 2511 2498 ἔχον,
2556 2428 2716 2480 πᾶσιν
2761 2425 3018 2487 ὡσαύτως
3062 2422 3254 2492 παρὸν,
3303 2422 3395 2473 καὶ
3441 2420 3569 2473 αὐτὸ
3613 2418 3730 2471 καθ’
3781 2417 3946 2470 ἑαυτὸ

2371 2522 2457 2588 ἐφ’
2491 2519 2680 2573 ἑαυτοῦ
2717 2517 2988 2588 σταθερῶς
3034 2517 3124 2568 καὶ
3172 2515 3452 2584 ἀχράντως
3496 2515 3552 2564 ὲν
3597 2513 3709 2572 τοῖς
3753 2509 3945 2561 καλλί-

2372 2629 2513 2674 στοις
2547 2611 2739 2681 πέρασι
2771 2609 2869 2678 τῆς
2918 2604 3235 2677 ὑπερουσίου
3280 2602 3600 2670 ταύτότητος
3639 2599 3942 2668 ἱδρυμένον,

2369 2703 2759 2774 ἀμετάϐλητον,
2807 2700 3213 2769 ἀμετάπτωτον,
3263 2693 3518 2764 ἀρρεπὲς,
3564 2689 3944 2750 ἀναλλοίωτον,

2369 2797 2581 2866 ἀμιγὲς,
2630 2794 2810 2856 ᾶῦλον,
2860 2791 3244 2850 ἁπλούστατον,
3299 2785 3628 2856 ἀπροσδεὲς,
3679 2783 3944 2846 ἀναυξὲς,

704 2900 1046 2967 permistum,
1095 2913 1288 2964 expers
1325 2895 1585 2954 materia}.
1636 2891 2118 2961 simplicissimum,
2153 2903 2256 2941 non
2288 2897 2326 2951 (ζ

2294 2897 2326 2951 [3
2362 2889 2624 2959 ἀμείωτον
2650 2925 2664 2951 ,
2715 2885 2971 2954 ἀγένητον
3002 2922 3015 2946 ,
3057 2884 3153 2950 οὐχ
3194 2881 3267 2943 ὼς
3319 2880 3481 2948 μήπω
3527 2875 3849 2944 γενόμενον,
3905 2873 3943 2942 ἢ

705 2992 969 3058 indigens,
1016 3004 1120 3042 non
1149 3003 1463 3057 augescens,
1504 3001 1608 3039 non
1653 2983 2021 3046 imminutum,
2052 2980 2264 3050 ingeni-

710 3093 847 3145 tum,
884 3097 986 3134 non
1023 3090 1276 3148 tanquam
1322 3080 1556 3132 nondum
1606 3075 1828 3138 factum,
1875 3084 1966 3128 aut
2016 3072 2264 3142 imperie-

705 3184 876 3238 ctnm,
919 3182 1011 3225 aut
1042 3173 1107 3224 ab
1142 3173 1243 3225 hoc
1274 3179 1367 3223 aut
1406 3171 1507 3222 hoc
1539 3184 1642 3221 non
1688 3169 1905 3230 factum,
1939 3180 2112 3233 neque
2143 3175 2261 3217 tan-

705 3283 867 3334 quam
920 3265 1068 3319 nullo
1104 3265 1260 3317 modo
1293 3263 1561 3323 existens;
1615 3260 1707 3313 sed
1748 3270 1997 3326 tanquam
2043 3257 2262 3310 omnino

707 3357 1018 3426 ingenitum,
1055 3363 1106 3408 et
1144 3352 1387 3406 absolute
1439 3350 1756 3419 ingenitum,
1803 3357 1855 3399 et
1885 3361 2099 3414 semper
2142 3345 2258 3398 exi-

706 3458 870 3509 stens,
913 3455 965 3499 et
993 3461 1088 3514 per
1131 3459 1188 3499 se
1219 3442 1541 3513 perfectum,
1587 3448 1748 3507 atque
1782 3439 1920 3490 idem
1969 3436 2260 3489 secundum

705 3552 785 3602 se,
827 3546 990 3604 atque
1018 3552 1044 3588 a
1074 3535 1255 3604 seipso
1288 3533 1633 3587 uniformiter
1659 3541 1712 3584 et
1743 3531 1927 3583 eadem
1961 3529 2140 3598 specie
2172 3526 2263 3580 de-

711 3629 1078 3691 terminatum,
1122 3638 1282 3695 atque
1309 3626 1440 3678 illud
1490 3625 1627 3677 idem
1670 3622 1832 3675 etiam
1875 3619 2121 3674 omnibus
2151 3617 2264 3684 ejus

709 3717 1063 3788 participandi
1098 3717 1384 3784 capacibus
1419 3712 1623 3777 amans,
1670 3722 1724 3766 et
1769 3709 2037 3764 afﬂuentia
2071 3709 2263 3762 identi-

713 3809 860 3872 tatis,
905 3818 957 3861 et
992 3822 1151 3861 causa
1185 3807 1287 3858 alia
1320 3806 1440 3859 aliis
1489 3805 1832 3865 coordinans,
1883 3811 1936 3855 et
1973 3800 2261 3856 identidem

2365 2979 2698 3040 ἀτελείωτον,
2734 2976 2766 3046 ἢ
2801 2976 2905 3028 ὑπὸ
2937 2975 3088 3027 τοῦδε
3141 2973 3172 3042 ἢ
3207 2972 3322 3024 τόδε
3362 2972 3433 3040 μὴ
3488 2967 3792 3036 γενόμενον,
3826 2963 3944 3015 οὐδ’

2363 3070 2437 3132 ὡς
2473 3068 2693 3140 μηδαμῆ
2731 3066 3003 3136 μηδαμῶς.
3023 3065 3100 3129 ὃν,
3122 3064 3237 3115 ἀλλ’
3267 3062 3453 3130 ὥσπερ
3485 3057 3848 3124 παναγένητον
3867 3054 3944 3118 ⁷ο,

2364 3163 2456 3215 καὶ
2488 3158 2767 3220 ἀπολύτως
2815 3157 3096 3224 ἀγένητον,
3133 3156 3226 3208 καὶ
3260 3156 3344 3206 ἀεὶ
3391 3152 3468 3216 ὃν,
3518 3149 3609 3203 καὶ
3655 3145 3947 3210 αὐτοτελὲς

2361 3254 2440 3315 ὃν,
2477 3252 2567 3302 καί¹
2599 3250 2792 3301 ταύτὸν
2828 3249 2884 3300 ὂν
2919 3247 3037 3299 καθ’
3073 3247 3230 3298 ἑαυτὸ
3252 3247 3317 3308 ⁷¹,
3354 3245 3446 3297 καὶ
3489 3243 3579 3310 ὑφ’
3614 3238 3802 3291 ἑαυτοῦ
3841 3255 3944 3307 μο-

2361 3343 2571 3405 νοειδῶς
2604 3343 2695 3394 καὶ
2726 3339 3040 3401 ταὺτοειὸὦς
3087 3336 3492 3408 ἀφοριζόμενοι),
3527 3335 3620 3384 καὶ
3651 3331 3710 3383 τὸ
3742 3329 3943 3383 ταύτὸν

2368 3434 2427 3499 ἐξ
2454 3433 2645 3488 ἑαυτοῦ
2679 3435 2813 3487 πᾶσι
2844 3435 2955 3494 τοῖς
2990 3430 3232 3500 μετέχειν
3266 3425 3585 3496 ἐπιτηδείοις
3608 3422 3939 3490 ἐπιλάμπον,

2369 3529 2463 3580 καὶ
2491 3527 2558 3580 τὰ
2589 3527 2749 3596 ἕτερα
2789 3529 2899 3588 τοῖς
2934 3525 3135 3594 ἑτέροις
3170 3519 3477 3580 συντάττον,
3515 3515 3794 3586 περιουσία
3842 3514 3943 3564 καὶ

2369 3619 2513 3671 αίτία
2557 3619 2898 3686 ταύτότητος,
2935 3620 2991 3668 ὲν
3024 3611 3198 3682 ἑαυτῷ
3231 3612 3323 3665 καὶ
3367 3609 3433 3661 τὰ
3481 3607 3695 3659 ἐναντία
3724 3602 3940 3665 ταὺτῶς

2369 3712 2656 3781 προέχον⁷²
2684 3711 2822 3764 κατὰ
2854 3709 2952 3778 τὴν
2989 3708 3114 3777 μίαν
3147 3707 3240 3758 καὶ
3271 3701 3449 3772 ἑνικὴν
3473 3701 3566 3770 τῆς
3588 3699 3712 3766 ὅλης
3743 3694 3938 3747 ταὺτό-

2371 3817 2530 3872 τητος
2565 3802 2933 3870 ὑπερέχουσαν
2968 3799 3162 3850 αἰτίαν.

722 3900 775 3950 in
809 3897 1099 3966 semetipso
1129 3913 1189 3951 ea
1219 3913 1335 3966 quae
1369 3899 1508 3950 inter
1536 3911 1592 3950 se
1627 3899 1896 3950 contraria
1951 3902 2076 3947 sunt
2134 3891 2504 3961 superhabens
2554 3894 2850 3949 secundum
2877 3907 3035 3946 unatn
3065 3899 3224 3957 atque
3257 3886 3468 3940 unicam
3534 3895 3748 3936 causam
3803 3877 3939 3933 etui-

714 4001 929 4044 nentem
961 3990 1122 4043 totius
1148 3990 1462 4043 itlentitatis.

2236 4125 2263 4195 ἕ
2309 4122 2385 4181 ν.

778 4295 935 4350 Aliud
969 4307 1165 4359 autem,
1212 4295 1333 4363 quia
1378 4294 1586 4348 cunctis
1618 4291 1957 4363 providentia
1990 4304 2086 4345 sua
2123 4289 2264 4344 Deus
2296 4295 2339 4349 ι)

2296 4295 2339 4349 D
2440 4290 2510 4342 Τὸ
2554 4288 2608 4340 δὲ
2656 4287 2858 4355 ἕτερον,
2905 4281 3085 4351 ἐπειδὴ
3132 4280 3263 4331 πᾶσι
3314 4270 3680 4345 προνοητικῶς
3726 4270 3752 4319 ὁ
3805 4268 3940 4330 Θεὸς

710 4392 880 4451 adest,
909 4396 966 4440 et
997 4395 1214 4455 propter
1246 4386 1484 4440 onmium
1511 4386 1970 4440 conservationem
2004 4382 2062 4436 lit
2089 4385 2265 4437 omnia

713 4485 762 4536 in
794 4478 1065 4541 omnibus,
1104 4477 1226 4530 dum
1275 4478 1324 4530 in
1373 4479 1664 4545 semetipso
1698 4477 2025 4546 propriaque
2069 4475 2267 4529 identi—

712 4583 819 4625 tute
861 4572 1236 4623 iuemananter
1266 4583 1610 4635 permanens.
1663 4577 1717 4623 et
1760 4569 2056 4622 secundum
2107 4582 2266 4620 unam

712 4664 1073 4715 incessentem
1122 4661 1488 4729 Operationem
1542 4661 1643 4714 sibi
1680 4662 1775 4729 ipsi
1822 4661 2118 4724 adlimrens,
2163 4660 2273 4710 vir-

714 4762 824 4804 tute
858 4752 1088 4820 quadam
1118 4749 1458 4803 indeﬁcientc
1498 4751 1786 4816 scmetipsc
1820 4748 2001 4811 tradit,
2036 4749 2101 4800 ad
2134 4747 2272 4800 divi-

713 4860 833 4896 nam
883 4843 1107 4896 formam
1155 4843 1437 4897 conversis
1484 4841 1939 4910 imprimendam;
1992 4839 2266 4892 variarunt

711 4949 889 4990 autem
941 4936 1060 4999 Dei,
1092 4936 1386 4989 secundum
1440 4932 1798 4986 multiformes
1836 4933 2094 4995 visiones,
2134 4930 2266 5000 figu-

787 5170 824 5197 αι
859 5159 1025 5213 Hebr.
1065 5172 1138 5218 ιν,
1179 5156 1265 5207 12.

2370 4382 2623 4453 πάρεστι,
2660 4378 2752 4430 καὶ
2785 4377 2959 4428 πάντα
2990 4374 3046 4424 ἐν
3080 4372 3214 4423 πᾶσι
3259 4368 3346 4420 διὰ
3387 4366 3482 4435 τὴν
3516 4364 3728 4416 πάντων
3763 4376 3940 4428 σωτη-

2373 4450 2490 4543 ρίαν
2524 4473 2784 4541 γίγνεται,
2824 4468 2981 4536 μένον
3002 4465 3046 4494 ⁷³
3081 4465 3166 4530 ἐφ’
3212 4459 3399 4512 ἑαυτοῦ
3442 4456 3536 4508 καὶ
3582 4454 3680 4521 τῆς
3726 4450 3938 4513 οἰκείας

2370 4541 2689 4630 ταύτότητος
2723 4556 3122 4624 ἀνεκφοιτήτως
3156 4554 3274 4604 κατ’
3318 4549 3591 4618 ἐνέργειαν
3640 4543 3814 4630 μίαν,ῗ
3841 4541 3939 4630 οιαὶ

2373 4653 2643 4706 ἄπαυστον
2707 4647 2985 4716 ἑστηκὼς,
3041 4642 3134 4694 καὶ
3196 4638 3380 4691 ἑαυτὸν
3425 4633 3687 4692 ἐπιδιδοὺς
3732 4629 3936 4695 ἀκλίτῳ

2374 4742 2597 4811 δυνάμει
2643 4740 2779 4810 πρὸς
2846 4736 3103 4790 ὲκΘέωσιν
3148 4731 3254 4783 τῶν
3305 4723 3792 4796 ἐπεστραμμένων·
3844 4719 3939 4771 καὶ

2377 4835 2470 4904 τὴν
2505 4834 2794 4902 ἑτερότητα
2825 4829 2930 4881 τῶν
2963 4824 3217 4879 ποικίλων
3250 4821 3341 4872 τοῦ
3374 4817 3505 4870 Θεοῦ
3539 4814 3676 4868 κατὰ
3707 4812 3806 4874 τὰς
3841 4828 3938 4862 πο-

2376 4925 2598 4986 λυειδεῖς
2631 4924 2842 4991 ὁράσεις
2889 4918 3177 4988 σχημάτων
3211 4913 3257 4945 ⁷⁸
3277 4953 3289 4975 ,
3325 4909 3485 4978 ἕτερά
3515 4923 3634 4958 τινα
3663 4907 3775 4967 τοῖς
3808 4919 3936 4970 φαι-

2010 5265 2238 5322 VARl/E
2279 5260 2675 5316 LECTIONES.

779 5435 823 5462 ⁴·³
851 5432 1017 5484 αἴτιόν
1049 5426 1317 5490 ἐστι,δίιιο
1343 5422 1599 5496 adjective
1626 5425 2038 5496 στοιχειωτικόν,
2061 5428 2246 5496 legitur
2295 5424 2344 5475 in
2398 5423 2456 5475 Ι).
2492 5423 2546 5475 S.
2600 5421 2688 5496 ὃς.
2740 5418 2858 5470 Sar.

716 5519 754 5539 »κ
792 5519 846 5551 τε
885 5517 989 5552 non
1031 5484 1228 5549 habent
1268 5497 1326 5548 Ι).
1483 5493 1536 5545 i’.
1585 5505 1644 5546 ut
1692 5484 1788 5546 “(fc
1830 5498 1990 5548 verba
2027 5484 2162 5564 'qu‘z'e
2215 5506 2543 5561 sequuntur,
2588 5492 2677 5542 καὶ
2711 5487 2949 5558 κριτικὸν
2998 5484 3200 5564 saepe

717 5586 761 5621 ut
801 5573 944 5630 S:Il‘.,
979 5585 1096 5635 qttzL'
1129 5576 1305 5618 tamen
1344 5564 1393 5614 in
1431 5562 1612 5623 Paulo,
1644 5563 1798 5628 cujus
1829 5576 1951 5617 Slil!l
1985 5561 2092 5618 lutei:
2128 5565 2309 5624 verba,
2345 5564 2592 5632 leguntur
2622 5565 2685 5611 ad
2731 5561 2888 5612 Hebr.
2925 5573 2992 5607 tv.

730 5649 792 5685 5:"
856 5630 1088 5685 xxi-:11
1125 5637 1276 5685 αὐτα.
1358 5635 1399 5662 ⁷³
1436 5635 1560 5685 πᾶν.
1598 5635 1875 5685 ἀγένητον.
1915 5639 1969 5685 S.
2003 5640 2057 5685 Ι).
2089 5638 2208 5685 Ser.
2285 5636 2322 5664 ⁷³
2364 5630 2480 5685 κάθ*
2517 5631 2705 5684 ἑαυτοῦ
2744 5630 2779 5681 Ρ

717 5649 818 5704 ἀεὶ,
856 5639 990 5692 κατὰ
1025 5637 1088 5688 τὰ
1125 5637 1276 5686 αὐτα.
1358 5635 1399 5662 ⁷³
1436 5635 1560 5694 πᾶν,
1598 5635 1875 5699 ἀγένητον.
1915 5639 1969 5690 S.
2003 5640 2057 5690 ι),
2089 5638 2208 5690 Sar.

719 5716 844 5765 (imi,
885 5712 1032 5762 Vtcu.
1115 5710 1156 5736 '-'
1195 5709 1246 5756 ὃ.
1277 5705 1545 5773 sulqungit
1571 5704 1808 5773 paggdiv.

2968 5416 3010 5445 σθ
3044 5410 3307 5471 οὐδαμοῦ,
3347 5406 3402 5459 S.
3445 5403 3510 5456 P.
3609 5400 3650 5471 ⁸7
3681 5397 3939 5471 ἐναργές.

3210 5467 3364 5533 σεων.
3403 5467 3822 5539 Atlstipulantnr
3847 5467 3939 5520 Sc.

3347 5538 3675 5607 distinguunt
3699 5581 3710 5597 ,
3759 5538 3942 5608 μόνον,

3384 5615 3426 5644 ⁷³
3465 5613 3636 5682 μένων
3675 5607 3822 5679 lege;
3867 5607 3944 5660 itu

3075 5555 3116 5584 69
3156 5555 3210 5602 ὃ.
3256 5551 3290 5602 l)

2878 5631 2918 5657 7’
2943 5625 3208 5696 περιέχον,
3251 5624 3303 5673 l).
