4156 6312
194 432 304 491 915

1262 428 1351 483 DE
1385 426 1637 485 DlYlNlS
1669 426 2063 496 NOMINIBUS,
2094 428 2243 485 CAP.
2284 426 2375 482 IX.

3316 422 3421 478 9M

190 542 437 612 νομένοις
483 542 608 616 παρ’
651 543 680 597 ὸ
725 541 1031 612 φαίνονται,
1085 541 1367 613 σημαίνειν
1414 542 1636 613 οἰητέον.
1683 543 1760 606 ὀς

1872 558 2051 598 rarum
2090 541 2424 606 diversitate,
2451 538 2695 609 quaedam
2723 537 2827 593 alia
2858 536 2923 591 ab
2955 536 3020 592 iis
3045 549 3163 606 quae
3192 535 3318 590 visis
3346 537 3421 590 in-

191 642 303 705 γάρ
336 637 383 687 εἰ
425 634 522 707 τὴν
565 634 737 705 ψυχὴν
782 633 948 704 αὐτὴν
999 634 1369 704 σωματοειδῶς
1400 636 1427 687 ό
1461 634 1614 702 λόγος
1657 632 1763 686 διέ-

190 728 414 791 πλαττε,
450 726 543 781 καὶ
590 726 728 797 μέρη
772 724 1055 795 σωματικά
1097 728 1161 795 τῇ
1195 726 1390 796 ἀμερεῖ
1436 725 1762 797 περιέπλατ-

190 832 317 877 τεν,
366 815 563 886 ἑτέρως
617 814 870 883 ένοοῦμεν
920 814 1006 869 ἐπ’
1056 816 1188 886 αὐτῇ
1251 815 1319 867 τά
1382 815 1761 887 περιτιθέμενα

193 904 372 974 μέρη,
404 908 469 975 τῇ
505 905 737 975 ἀμερείᾳ
767 908 833 975 τῇ
876 904 1015 957 κατά
1046 905 1219 977 ψυχὴν
1258 907 1497 969 οἰκείως·
1535 907 1628 960 καὶ
1672 924 1761 960 κε-

188 998 369 1069 φαλὴν
421 999 517 1067 μὲν
549 999 638 1052 τὸν
680 998 821 1061 νοῦν,
856 998 1057 1069 αὐχένα
1099 999 1154 1051 δὲ
1192 1000 1291 1071 τὴν
1334 997 1513 1065 δόξαν,
1562 1000 1654 1071 (ὡς
1705 1004 1760 1053 έν

193 1090 346 1161 μέσῳ
376 1090 532 1159 λόγου
564 1092 657 1144 καὶ
688 1090 956 1161 ἀλογίας)
993 1091 1183 1160 στῆθος
1214 1092 1269 1145 δὲ
1302 1091 1488 1162 θυμὸν,
1522 1095 1762 1165 γαστέρα

186 1180 251 1235 δὲ
275 1181 369 1251 τὴν
399 1181 708 1251 ἐπιθυμίαν,
731 1182 893 1255 σκέλη
927 1183 983 1236 δὲ
1016 1185 1108 1236 καὶ
1142 1183 1305 1247 πόδας
1336 1184 1433 1255 τὴν
1467 1184 1624 1254 φύσιν
1656 1185 1761 1238 ὲλέ-

188 1285 381 1339 γομεν,
416 1274 527 1334 τοῖς
558 1271 663 1325 τῶν
699 1272 877 1344 μερῶν
910 1273 1133 1344 ὀνόμασι
1176 1275 1282 1329 τῶν
1314 1275 1594 1346 δυνάμεων
1628 1293 1763 1347 συμ-

190 1360 369 1426 δόλοις
401 1361 665 1434 χρώμενοι
685 1382 699 1395 °
736 1364 912 1436 πολλῷ
943 1384 1006 1435 γε
1050 1367 1244 1438 μᾶλλον
1286 1370 1376 1423 ἐπὶ
1420 1369 1512 1423 τοῦ
1545 1371 1760 1426 πάντων

190 1454 451 1509 ἐπέκεινα
480 1454 576 1526 τὴν
609 1456 898 1528 ἑτερότητα
928 1457 1035 1511 τῶν
1072 1460 1291 1532 μορφῶν
1340 1462 1434 1515 καὶ
1479 1462 1585 1515 τῶν
1633 1480 1762 1534 σχη-

192 1542 401 1612 μάτων,
440 1546 609 1614 ἱεραῖς
657 1546 749 1598 καὶ
793 1544 1117 1615 θεοπρεπέσι
1164 1549 1257 1602 καὶ
1306 1553 1591 1620 μυστικαῖς
1630 1553 1759 1606 ἀνα-

186 1630 447 1695 πτύξεσιν
469 1633 924 1706 ἀνακαθαίρεσθαι
948 1638 1071 1707 χρή.
1090 1638 1199 1691 Καὶ
1218 1642 1265 1692 εί
1289 1638 1463 1711 βούλει
1485 1640 1553 1695 τὰ
1572 1642 1759 1713 τριττὰ

185 1719 301 1772 τῶν
324 1722 589 1791 σωμάτων
622 1725 871 1795 σχήματα
913 1726 990 1797 τῷ
1020 1727 1216 1796 ἀναφεϊ
1245 1731 1339 1783 καὶ
1371 1732 1760 1803 ἀσχηματίστῳ

187 1810 312 1880 Θεῷ
344 1813 624 1883 περιάψαι,
660 1813 858 1878 πλάτος
894 1817 990 1887 μὲν
1041 1816 1180 1871 θεῖον
1215 1822 1404 1893 ῥητέον
1448 1822 1545 1894 τὴν
1595 1824 1761 1893 ὑπερ-

1861 634 2169 699 sinuantnr,
2211 631 2508 701 signiﬁcari
2559 631 2854 699 putandum
2900 638 3001 682 est.
3048 626 3414 695 Quemadmo-

1863 727 1987 781 dum
2029 726 2171 780 enim
2203 726 2246 780 si
2280 725 2402 794 quis
2428 724 2719 795 cogitando
2759 723 2990 776 animam
3027 722 3092 774 ad
3143 733 3419 787 corporea:

1863 818 2044 887 ﬁgura:
2077 816 2290 870 modum
2323 816 2491 884 ipsam
2527 822 2956 883 repraesentaret,
2986 821 3038 867 et
3077 812 3153 866 rei
3184 810 3419 881 partium

1861 909 2068 978 experti
2114 918 2296 976 partes
2339 921 2636 976 corporeas
2673 904 2969 974 aliingeret,
3008 904 3115 957 alio
3160 903 3316 957 modo
3362 902 3419 954 in

1860 1014 1922 1053 ea
1968 1010 2167 1067 partes,
2209 1012 2326 1067 qua:
2355 998 2429 1051 illi
2479 998 2750 1051 attributa:
2776 996 2938 1068 487
2970 1005 3173 1057 essent,
3219 993 3420 1047 intelli-

1860 1106 2128 1160 geremus,
2162 1099 2325 1160 prout
2352 1089 2603 1143 nimirum
2634 1088 2886 1142 convenit
2914 1086 3081 1156 ipsius
3126 1084 3420 1139 individui-

1864 1182 1987 1246 tati;
2018 1190 2073 1236 et
2102 1193 2263 1251 caput
2286 1182 2501 1250 quidem
2533 1180 2966 1249 intelligentiam,
2991 1177 3257 1232 cervicem
3285 1189 3417 1229 vero

1861 1273 2166 1341 opinionem
2212 1274 2433 1341 (utpote
2481 1271 2713 1324 mediam
2765 1270 2907 1324 inter
2951 1268 3213 1322 rationem
3261 1277 3421 1333 atque

1862 1362 2437 1432 irrationabilitalem)
2486 1371 2676 1431 pectus
2727 1368 2908 1412 autem
2956 1358 3128 1421 iram,
3174 1364 3419 1409 ventrem

1861 1471 1990 1510 vero
2016 1455 2382 1526 cupiditatem,
2412 1452 2573 1507 crura
2602 1453 2836 1520 denique
2868 1467 2932 1506 ac
2977 1450 3140 1520 pedes
3171 1459 3421 1503 naturam

1861 1547 2187 1610 diceremus,
2230 1547 2454 1600 istarum
2500 1544 2735 1613 partium
2780 1543 3093 1599 nominibus
3125 1556 3224 1612 pro
3252 1541 3424 1596 facul-

1863 1646 2031 1691 tatum
2069 1637 2327 1707 symbolis
2364 1635 2593 1702 utendo;
2626 1636 2700 1689 ita
2733 1636 2899 1689 multo
2929 1649 3064 1689 sane
3093 1632 3289 1704 potiori
3335 1647 3423 1686 ra-

1863 1730 2026 1794 tione,
2053 1728 2105 1783 in
2135 1744 2199 1783 en
2221 1728 2309 1797 qui
2337 1727 2587 1782 omnibus
2614 1727 2837 1791 eminet,
2866 1726 3154 1781 diversitas
3179 1724 3266 1778 illa
3312 1722 3423 1778 for-

1862 1836 2068 1875 marum
2099 1831 2259 1889 atque
2303 1819 2620 1888 ﬁgurarum,
2662 1818 2832 1872 sacris
2861 1817 3182 1886 quibusdam
3220 1831 3283 1869 ac
3314 1814 3423 1868 Deo

187 1905 410 1972 ευρείαν
444 1904 533 1956 ἐπὶ
566 1905 740 1958 πάντα
770 1907 863 1958 τοῦ
895 1907 1027 1960 Θεοῦ
1063 1910 1313 1980 πρόοδον·
1355 1914 1525 1985 μῆκος
1556 1914 1631 1980 δὲ,
1663 1914 1760 1986 τὴν

1863 1912 2116 1983 congruis
2174 1913 2526 1981 mysticisque
2574 1908 3083 1977 explanationibus,
3126 1904 3422 1975 anagogice

188 1994 707 2068 ὐπερεκτεινομένην
729 1998 795 2053 τὰ
822 1999 921 2055 ὅλα
941 2001 1186 2074 δύναμιν·
1222 2004 1380 2075 βάθος
1401 2006 1476 2070 δὲ,
1500 2007 1595 2078 τὴν
1624 2010 1757 2062 πᾶσι

1863 2014 1941 2060 est
1980 2004 2353 2058 describenda.
2396 2002 2462 2057 Et
2495 2003 2540 2056 si
2584 2002 2884 2071 tripartitas
2929 1999 3173 2067 corporis
3222 1997 3425 2061 ﬁguras

183 2088 303 2149 τοῖς
335 2082 480 2139 οὖσιν
528 2088 893 2160 ἀπερίληπτον
940 2094 1275 2167 κρυφιότητα
1323 2098 1415 2151 καὶ
1463 2099 1750 2167 ἀγνωσίαν.

1863 2096 1962 2166 ipsi
1996 2096 2122 2159 Deo,
2152 2095 2239 2163 qui
2283 2095 2426 2162 tangi
2472 2108 2535 2147 ac
2587 2092 2805 2162 ﬁgurari
2860 2091 3083 2159 nequit,
3128 2088 3424 2143 attribuere

202 2174 342 2229 ’Δλλ’
361 2178 505 2241 ὅπως
540 2179 613 2251 μὴ
642 2178 889 2252 λάθωμεν
921 2184 1143 2249 ἑαυτοὺς
1163 2189 1226 2239 ἐκ
1245 2188 1344 2258 τῆς
1370 2188 1477 2242 τῶν
1510 2191 1759 2262 έτεροίων

1863 2185 2124 2251 volueris;
2158 2184 2338 2237 divina
2386 2182 2607 2251 quidem
2652 2181 2886 2235 latitudo
2932 2178 3159 2234 dicenda
3197 2186 3300 2242 est,
3345 2177 3423 2229 la-

187 2268 484 2339 σχημάτων
517 2271 609 2324 καὶ
644 2274 863 2344 μορφῶν
907 2276 1274 2345 ἀναπτύξεως,
1308 2279 1408 2344 τὰς
1439 2282 1760 2354 ἀσωμάτους

1864 2277 2068 2332 tissima
2098 2276 2162 2330 ad
2196 2277 2474 2329 universas
2501 2289 2587 2328 res
2617 2272 2955 2343 progressio;
3002 2270 3281 2339 longitudo
3327 2283 3424 2320 au-

184 2355 497 2427 θεωνυμίας
527 2363 647 2425 ταῖς
694 2363 780 2416 διά
816 2367 1096 2435 συμϐόλων
1144 2370 1414 2442 αἰσθητῶν
1450 2373 1757 2444 συμφύρον-

183 2460 302 2508 τες,
336 2445 413 2498 διὸ
465 2448 591 2517 περὶ
641 2450 739 2519 μὲν
790 2454 993 2509 τούτων
1018 2454 1082 2510 ’έν
1113 2460 1179 2529 τῇ
1225 2458 1527 2530 Συμϐολικῇ
1580 2459 1755 2514 θεολο-

183 2536 288 2607 γίᾳ
318 2538 396 2570 ⁷⁸⁸
432 2539 525 2592 νῦν
556 2541 612 2593 δὲ
657 2543 788 2597 αὐτὸ
834 2546 931 2617 τὴν
982 2547 1129 2601 θείαν
1178 2550 1491 2621 ἑτερότητα,
1550 2550 1623 2622 μὴ
1665 2552 1763 2605 ἀλ-

184 2626 403 2684 λοίωσίν
456 2649 577 2686 τινα
626 2636 723 2705 τῆς
785 2636 1185 2710 ὑηρατρέπτου
1247 2641 1567 2711 ταύτότητος
1629 2642 1761 2695 ὑπο-

186 2719 532 2793 πτεύσωμεν,
564 2727 697 2780 ἀλλά
730 2728 820 2782 τὸν
851 2733 1047 2786 ἐνιαῖον
1079 2730 1241 2786 αὑτοῦ
1264 2731 1753 2802 πολυπλασιασμὸν,

184 2811 290 2955 26a:
319 2812 417 2877 τὰς
452 2817 739 2886 μονοειδεῖς
770 2821 867 2893 τῆς
913 2824 1006 2876 ἐπὶ
1038 2823 1215 2877 πάντα
1259 2822 1579 2892 πολυγονίας
1626 2840 1758 2894 προ-

283 2920 362 2955 υς.

283 2920 362 2966 υς.

1866 2378 1995 2435 tem,
2037 2370 2279 2438 potentia
2320 2382 2442 2438 quae
2483 2381 2646 2434 supra
2677 2365 2856 2421 omnia
2902 2363 3261 2432 expanditur;
3299 2373 3425 2429 pro-

1858 2461 2082 2517 fundum
2123 2478 2272 2527 vero,
2305 2475 2570 2515 arcanum
2603 2458 2731 2513 illud
2764 2458 3013 2511 omnibus
3052 2456 3422 2515 inaccessum,

1866 2554 2217 2625 ejusdemque
2260 2554 2550 2623 ignoratio.
2582 2550 2775 2605 Verum
2805 2566 2870 2605 ne
2907 2548 3159 2603 fallamus
3193 2553 3425 2601 nosmet-

1862 2645 2046 2715 ipsos,
2089 2646 2215 2700 dum
2264 2644 2431 2698 variis
2481 2642 2665 2712 ﬁguris
2731 2639 3032 2708 turmisque
3082 2636 3423 2707 explicandis

1861 2737 2181 2802 insistimus,
2230 2738 2536 2790 divinarum
2570 2749 2751 2788 rerum
2798 2736 3145 2801 incorporeas
3187 2728 3424 2799 appella-

1862 2830 2039 2884 tiones
2074 2845 2196 2883 cum
2241 2830 2519 2899 signorum
2582 2826 2919 2881 sensibilium
2969 2823 3424 2893 appellationibus

1860 2919 2267 2987 confundendo,
2313 2920 2379 2973 de
2437 2918 2524 2971 bis
2569 2917 2622 2972 in
2651 2915 2953 2989 Symbolica
3005 2914 3273 2983 theologia
3312 2913 3424 2965 dis-

186 2996 489 3065 seruimus;
539 3016 681 3056 nunc
729 3011 908 3058 autem
978 3006 1211 3061 divinam
1266 3007 1661 3073 diversitatem,
1705 3021 1771 3063 ne
1839 3012 2192 3066 mutationem
2273 3011 2561 3082 quamdam
2631 3010 2783 3079 ejus,
2849 3007 2942 3077 qui
3006 3002 3425 3064 immutabiliter

186 3090 337 3145 idem
399 3101 503 3160 est,
547 3106 666 3149 esse
708 3098 1066 3167 suspicemur,
1110 3101 1206 3154 sed
1254 3101 1433 3169 potius
1494 3099 1993 3171 inultiplicationem
2048 3104 2420 3175 singularem,
2488 3113 2541 3159 et
2609 3098 2982 3157 emanationes
3043 3097 3314 3169 simplices
3357 3095 3425 3150 ad

186 3183 397 3243 omnia.

1724 3345 1893 3418 §Vl.

262 3536 488 3607 Ὅμοιον
518 3536 575 3589 δὲ
605 3537 696 3591 τὸν
728 3537 857 3591 Θεὸν
890 3540 942 3594 ει
976 3540 1072 3609 μὲν
1118 3540 1191 3603 ὡς
1236 3540 1430 3594 ταύτὸν
1462 3540 1604 3594 εἴποι
1648 3558 1760 3606 τις,

1939 3539 2182 3597 Similem
2212 3554 2340 3595 vero
2378 3540 2542 3594 Deum
2574 3540 2619 3594 si
2653 3538 2776 3609 quis
2808 3538 2955 3593 dicat
2986 3549 3046 3597 ut
3075 3540 3347 3603 eumdem,
3375 3548 3426 3594 et

185 3626 266 3692 ὡς
296 3627 413 3681 ὅλον
448 3626 619 3680 διόλου
671 3628 846 3698 ἑαυτῷ
881 3630 1120 3700 μονίμως
1152 3629 1244 3682 καὶ
1274 3631 1581 3701 ἀμερίστως
1632 3630 1759 3682 ὄντα

185 3722 394 3791 ὅμοιον,
428 3720 528 3773 οὐκ
560 3719 884 3789 ἀτιμαστέον
915 3722 1047 3790 ἡμῖν
1078 3720 1176 3790 τὴν
1206 3719 1300 3772 τοῦ
1343 3719 1527 3789 όμοίου
1560 3720 1758 3774 θεωνυ-

190 3812 342 3883 μίαν.
378 3814 439 3864 υἱ
470 3810 526 3864 δὲ
559 3810 792 3879 θεολόγοι
823 3812 913 3865 τὸν
946 3813 1085 3883 ὑπὲρ
1103 3813 1290 3869 ,πάντα
1323 3812 1473 3876 Θεὸθ,
1576 3814 1755 3877 αὐτὸς,

188 3902 366 3957 οὐδενί
400 3886 560 3971 φασιν
592 3899 729 3955 εἶναι
770 3904 976 3973 ὅμοιον,
1011 3905 1171 3956 αὑτὸν
1202 3905 1257 3957 δὲ
1290 3886 1579 3977 όμοιόδητα
1612 3905 1759 3959 θείαν

186 3993 477 4065 δωρεῖσθαι
521 3996 631 4056 τοῖς
665 3993 749 4046 ἐπ’
783 3994 945 4046 αὑτὸν
994 3996 1489 4065 ἐπιστρεφομένοις,
1524 3998 1587 4067 τῇ
1622 3995 1761 4048 κατά

185 4087 418 4156 δύναμιν
471 4087 695 4156 μιμήσει
736 4087 824 4139 τὸν
858 4087 902 4116 ⁷⁸
949 4086 1087 4158 ὑπὲρ
1132 4087 1309 4140 πάντα
1354 4088 1447 4141 καὶ
1502 4090 1623 4157 ὅρον
1669 4087 1763 4140 καὶ

186 4178 367 4245 λόγον.
404 4178 512 4231 Καὶ
543 4177 687 4230 ἔστιν
720 4179 753 4248 ὴ
784 4177 882 4247 τῆς
916 4177 1063 4241 θείας
1094 4178 1405 4248 ὁμοιότητος
1437 4179 1688 4249 δύναμις’
1728 4181 1759 4251 ἠ

186 4270 258 4324 τά
294 4272 645 4343 παραγόμενα
678 4270 853 4323 πάντα
887 4271 1021 4342 πρὸς
1051 4271 1113 4323 τὸ
1144 4272 1312 4324 αἴτιον
1345 4272 1758 4341 ἐπιστρέφουσα.

189 4360 380 4417 Ταῦτα
411 4362 539 4429 γοῦν
574 4362 763 4433 ῥητέον
794 4363 956 4431 ὅμοια
984 4360 1061 4431 τῷ
1081 4363 1122 4392 ⁷⁷
1143 4361 1280 4432 Θεῷ,
1316 4363 1408 4415 καὶ
1440 4361 1580 4415 κατά
1614 4361 1761 4415 θείαν

189 4448 377 4501 εικόνα
435 4450 529 4502 καὶ
590 4448 877 4518 όμοίωσιν’
926 4449 1045 4501 οὐδὲ
1090 4449 1198 4521 γὰρ
1245 4450 1425 4514 αὐτοῖς
1484 4451 1575 4503 τὸν
1634 4452 1763 4505 Θεὸν

188 4539 395 4611 ὅμοιον,
438 4542 520 4593 ὅτι
569 4540 701 4611 μηδὲ
750 4540 1033 4613 ἄνθρωπος
1079 4545 1143 4613 τῇ
1194 4542 1296 4613 ἰδίᾳ
1340 4542 1506 4596 εἰκόνι
1549 4544 1731 4614 ὅμοιος

189 4630 286 4683 ἰπὶ
329 4630 436 4701 γὰρ
469 4632 513 4662 ⁷⁸
544 4632 651 4682 τῶν
694 4631 974 4701 ὁμοταγῶν
1024 4632 1243 4685 δυνατὸν
1288 4634 1381 4687 καὶ
1425 4635 1584 4704 ὃμοια
1629 4634 1765 4688 αὑτά

189 4723 445 4793 ἀλλήλοις
488 4720 645 4789 εἶναι,
696 4726 789 4777 καὶ
834 4725 1204 4795 ἀντιστρέφειν
1252 4729 1335 4796 ἐφ’
1384 4729 1617 4800 ἑκάτερα
1662 4731 1763 4800 τὴν

189 4817 504 4888 ὁμοιότητα,
552 4819 644 4871 καὶ
695 4813 835 4871 εἶναι
885 4818 1049 4888 ἄμφω
1102 4820 1348 4892 ἀλλήλοις
1408 4823 1567 4892 ὅμοια
1628 4821 1767 4875 κατὰ

190 4900 601 4980 προηγούμενον
646 4911 830 4979 όμοίου
876 4908 1049 4976 εἷδος-
1084 4913 1177 4967 ἐπὶ
1220 4914 1274 4967 δὲ
1316 4914 1411 4967 τοῦ
1453 4914 1624 4968 αἰτίου
1669 4914 1760 4968 καὶ

1871 4929 1976 4974 test
2008 4921 2107 4973 ista
2144 4917 2439 4972 similitudo
2470 4915 2819 4985 reciprocari,

187 5001 303 5054 τῶν
334 5002 589 5055 αίτιατῶν
621 5002 719 5055 οὐκ
751 5004 1115 5075 ἀποδεξόμεθα
1145 5006 1243 5077 τὴν
1274 5007 1649 5080 ἀντιστροφὴν.
1686 5008 1759 5060 Οὐ

189 5092 308 5163 γὰρ
341 5092 518 5163 μόνοις
549 5095 720 5148 τοῖσδε
754 5096 786 5166 ἦ
819 5097 990 5150 τοῖσδε
1022 5099 1083 5152 τὸ
1112 5100 1310 5170 ὁμοίως
1328 5100 1372 5132 ⁷³
1406 5096 1541 5155 εἶναι
1572 5102 1759 5172 δωρεί-

190 5198 321 5246 ται,
356 5185 486 5236 πᾶσι
533 5185 589 5237 δὲ
636 5188 747 5249 τοῖς
796 5188 1106 5260 ὁμοιότητος
1154 5191 1433 5262 μετέχουσι
1478 5191 1571 5245 τοῦ
1623 5188 1761 5245 εἶναι

193 5273 404 5344 ὁμοίοις
434 5278 461 5327 ό
482 5276 613 5340 Θεὸς
644 5277 815 5342 αἴτιος
848 5279 1112 5347 γίγνεται,
1131 5283 1224 5335 καὶ
1256 5281 1367 5335 ἔστι
1399 5283 1493 5335 καὶ
1525 5281 1693 5353 αὐτῆς
1716 5283 1759 5313 ⁸⁸

196 5367 298 5439 τῆς
321 5366 762 5440 αὐτοομοιότητος
784 5370 1111 5444 ὑποστάτης,
1136 5374 1308 5429 καὶτὸ
1328 5378 1385 5429 ὲν
1404 5376 1568 5429 πᾶσιν
1581 5377 1764 5447 ὅμοιον

1862 3642 1919 3686 ut
1951 3640 2121 3689 totum
2156 3647 2250 3700 per
2277 3640 2447 3685 totum
2490 3629 2589 3684 sibi
2632 3630 2779 3687 unite
2805 3637 2858 3683 et
2889 3624 3325 3699 impartiabiliter
3352 3629 3427 3681 si-

1861 3724 2062 3787 milem,
2079 3740 2181 3778 non
2202 3730 2285 3778 est
2309 3721 2717 3790 improbandum
2742 3737 2938 3775 nomen
2956 3722 3193 3776 divinum
3214 3720 3447 3777 similis;

1862 3814 2117 3883 Theolosi
2152 3824 2329 3867 tamen
2370 3814 2558 3876 Deum,
2589 3812 2680 3881 qui
2721 3821 2804 3866 est
2847 3828 3009 3881 supra
3051 3813 3257 3874 omnia,
3288 3826 3425 3881 qua-

1864 3912 2017 3957 tenus
2057 3903 2173 3970 ipse
2221 3911 2342 3967 est,
2385 3901 2582 3955 nullius
2626 3901 2858 3957 similem
2916 3916 3036 3956 esse
3100 3903 3281 3966 aiunt,
3331 3901 3426 3955 sed

1862 3993 2036 4062 ipsum
2071 3993 2308 4046 divinam
2360 3991 2769 4045 similitudinem
2818 3991 2946 4046 dare
2979 3992 3045 4044 iis
3077 3991 3165 4059 qui
3197 3990 3263 4045 ad
3304 4005 3427 4044 eum

1861 4094 2277 4150 convertuntur,
2318 4084 2441 4137 dum
2500 4098 2625 4137 eum
2672 4098 2837 4152 supra
2880 4097 3093 4136 omnem
3139 4082 3428 4138 terminum

1863 4195 1928 4233 ac
1967 4178 2230 4232 rationem
2272 4192 2369 4246 pro
2402 4175 2610 4230 viribus
2650 4174 2953 4229 imitantur.
2981 4178 3158 4244 Atque
3192 4176 3305 4230 hare
3338 4185 3425 4229 est

1863 4272 2058 4327 divinas
2104 4268 2468 4325 similitudinis
2499 4268 2610 4335 vis,
2657 4278 2715 4322 ut
2762 4270 2944 4323 omnia
2990 4285 3110 4338 qua:
3159 4268 3426 4337 producta

1863 4374 2008 4429 sunt,
2038 4364 2103 4417 ad
2136 4372 2409 4416 auctorem
2438 4375 2595 4415 suum
2626 4370 2930 4414 convertat.
2966 4358 3070 4412 ista
3106 4358 3271 4427 igitur
3311 4358 3423 4411 Deo

1864 4456 2058 4509 similia
2090 4454 2314 4509 dicenda
2345 4462 2493 4518 sunt,
2517 4464 2576 4505 ut
2606 4452 2670 4506 ad
2708 4451 2823 4521 ejus
2857 4450 3143 4519 imaginem
3174 4464 3239 4502 ac
3274 4448 3426 4503 simi-

1865 4549 2147 4603 litudinem
2179 4546 2385 4613 eﬁicta;
2419 4562 2523 4600 non
2575 4553 2750 4599 autem
2811 4544 2952 4597 Deus
2997 4542 3062 4595 iis
3100 4540 3294 4595 similis
3342 4539 3428 4592 dia

1866 4643 2068 4698 cendus
2097 4651 2201 4704 est.
2230 4642 2353 4711 quia
2384 4654 2450 4695 ne
2490 4639 2705 4709 quidem
2741 4638 2901 4691 homo
2935 4645 3016 4689 est
3058 4635 3277 4705 imagini
3315 4648 3427 4687 suae

1866 4736 2085 4801 similis;
2130 4734 2388 4803 quoniam
2420 4745 2539 4801 quae
2567 4730 2795 4799 aequalia
2847 4736 2994 4792 sunt,
3041 4736 3267 4796 possunt
3308 4725 3429 4794 qui-

1868 4828 1989 4883 dem
2038 4827 2137 4882 sibi
2179 4826 2410 4880 invicem
2440 4839 2561 4879 esse
2612 4821 2830 4887 similia,
2864 4831 2919 4876 et
2952 4822 3016 4875 ad
3051 4832 3279 4889 utraque
3327 4834 3425 4887 po-

2938 4914 3049 4967 sint
3078 4914 3239 4966 ambo
3284 4911 3426 4966 invi-

1869 5026 1985 5065 cem
2031 5009 2227 5064 similia
2270 5006 2564 5063 secundum
2605 5004 2952 5075 principalem
3004 5004 3238 5071 speciem
3267 5001 3425 5056 simi-

1869 5102 2152 5169 litudinis;
2200 5102 2252 5155 in
2300 5115 2462 5156 causa
2512 5113 2640 5153 vero
2692 5098 2757 5151 ad
2805 5094 3033 5151 eﬁ‘ectus
3085 5108 3429 5165 nequaquam

1867 5198 2211 5251 admittemus
2282 5192 2582 5250 istiusmodi
2654 5190 3162 5260 reciprocationem.
3235 5186 3427 5257 Neque

1869 5290 2012 5344 enim
2046 5288 2178 5343 solis
2223 5288 2311 5343 his
2355 5296 2450 5341 aut
2493 5285 2600 5341 illis
2632 5286 2725 5339 dat
2766 5283 2831 5337 υ(
2896 5332 2899 5335 .
2953 5292 3010 5335 ut
3054 5280 3249 5335 similia
3296 5280 3429 5343 sint,

1869 5381 1961 5437 sed
2008 5395 2171 5435 causa
2216 5391 2297 5436 est
2332 5395 2427 5436 cur
2470 5378 2665 5434 similia
2708 5379 2817 5434 sint
2860 5376 3063 5439 omnia,
3108 5375 3427 5443 quibuscum

1507 5578 1741 5635 VARIE
1772 5580 2167 5639 LECTIONES.

268 5706 317 5742 "
349 5709 527 5783 subdit
674 5712 985 5783 εἰρήσεται,
1026 5710 1082 5763 P.
1122 5712 1352 5783 εἴρηται.

274 5728 316 5742 ”
349 5728 527 5764 summ
571 5728 627 5762 U.
674 5728 721 5763 ει
763 5728 985 5782 ησεται,
1026 5728 1082 5763 ι’.
1122 5729 1352 5783 ειρητσι,
1442 5728 1479 5745 λ·
1510 5732 1637 5779 των,
1673 5728 1703 5769 ιι

197 5772 321 5837 511⁵.
415 5780 459 5811 ⁷⁸
482 5780 702 5849 ὁμοίοις,
729 5728 787 5836 f’.
816 5783 905 5837 Sc.
932 5784 1053 5837 Sar.
1118 5783 1173 5829 3‘"
1209 5784 1301 5837 καὶ
1336 5786 1490 5851 αὐτή,
1528 5787 1583 5840 S.
1613 5788 1703 5841 Sc.

1434 5716 1479 5793 ’ξ
1510 5716 1643 5793 τρν,
1673 5716 1731 5772 Ρ.
1767 5720 1822 5772 S.
1850 5721 1938 5780 Sc.
2022 5725 2063 5754 ⁷⁷
2099 5724 2173 5793 τῷ
2208 5741 2309 5779 non
2341 5735 2422 5779 est
2459 5726 2510 5779 in
2554 5723 2610 5778 S.
2641 5725 2701 5781 Ι).
2782 5726 2821 5756 ⁷⁸
2858 5724 2950 5777 ἐπὶ
2987 5724 3067 5791 μὲε
3115 5721 3240 5790 γάρ.
3275 5716 3334 5770 Ρο
3365 5714 3427 5769 D-
