4176 6314
722 429 826 486 915
1894 425 1954 485 S.
1986 424 2283 483 DIONYSII

2382 424 2774 484 REOPAGITIE
3840 424 3946 481 916

718 544 1010 599 similitudo
1062 542 1236 615 488
1282 551 1359 596 esl
1407 541 1832 604 communicata,
1881 542 2135 613 idemque
2180 551 2267 597 est

2382 543 2505 613 ἴχνει
2535 542 2771 611 τινὶ’τῆς
2801 541 2949 604 θείας
2990 540 3299 612 ὁμοιότητος
3329 539 3511 611 ὅμοιόν
3548 545 3683 608 ἐστι,
3719 538 3814 598 καὶ
3844 541 3948 614 τὴν

717 637 878 688 etiam
918 636 1083 703 ipsius
1122 634 1489 689 similitudinis
1517 644 1745 697 auctor;
1778 643 1833 689 et
1880 634 2140 702 quidquid
2186 642 2270 686 est

2382 630 2572 688 ἐνωσιν
2604 634 2782 688 αὐτῶν
2816 651 2877 687 συ
2883 620 3157 706 μπληροτ.’

718 727 770 779 in
807 727 1055 780 omnibus
1089 725 1284 791 simile,
1314 725 1539 794 vestigio
1567 726 1801 797 quodam
1857 723 2055 780 divinae
2099 723 2473 781 similitudinis
2532 724 2709 781 simile
2772 725 2993 793 existit,
3044 736 3098 780 et
3155 726 3464 783 earumdem
3509 726 3947 798 coniunctionem

715 818 917 881 explet.

2222 933 2252 1005 ς
2298 929 2436 996 vu.

789 1075 894 1129 Sed
933 1090 1188 1144 quorsum
1242 1077 1358 1131 haec
1411 1075 1701 1132 dicuntur?
1746 1075 1880 1131 Nam
1926 1085 1981 1131 et
2046 1076 2276 1145 ipsamet

2445 1074 2556 1130 Kal
2587 1074 2639 1127 τί
2670 1074 2751 1126 δεῖ
2782 1074 2907 1143 περὶ
2937 1073 3125 1127 τούτου
3166 1072 3375 1142 λέγειν;
3410 1074 3553 1145 Αὐτὴ
3603 1073 3711 1146 γὰρ
3744 1076 3777 1147 ἡ
3825 1074 3951 1129 θεο-

716 1167 994 1235 Scriptura
1043 1167 1172 1222 dicit
1226 1165 1392 1227 Deum
1446 1183 1567 1223 esse
1628 1169 1983 1233 dissimilem,
2038 1167 2277 1236 nullique

2382 1166 2531 1234 λογία
2550 1166 2593 1241 ’ἦ
2628 1165 2687 1217 τὸ
2718 1165 2964 1235 ἀνόμοιον
2996 1165 3154 1219 αὐτὸν
3190 1162 3327 1219 εἶναι
3361 1165 3669 1237 πρεσϐεύει,
3706 1168 3801 1220 καὶ
3831 1169 3947 1231 τοῖς

714 1255 1124 1320 conferendum,
1165 1265 1223 1309 ut
1268 1258 1335 1311 ab
1384 1257 1634 1311 omnibus
1679 1258 1985 1327 diversum,
2025 1267 2101 1319 et,
2132 1256 2276 1325 quod

714 1347 887 1416 magis
922 1346 1225 1403 mirandum
1252 1355 1354 1413 est,
1394 1346 1528 1400 nihil
1558 1347 1607 1402 ei
1654 1361 1774 1403 esse
1816 1345 2016 1400 simile.
2050 1344 2278 1400 Verum-

718 1448 897 1492 tamen
946 1454 1281 1509 nequaquam
1329 1439 1378 1492 id
1426 1438 1542 1505 ejus
1587 1438 1925 1493 similitudini
1973 1446 2273 1506 repugnat;

718 1543 841 1581 nam
873 1529 1060 1583 eadem
1095 1527 1204 1581 Deo
1230 1541 1285 1583 et
1311 1528 1503 1583 similia
1529 1539 1654 1584 sunt
1677 1537 1729 1584 et
1753 1525 2064 1593 dissimilia;
2088 1527 2281 1582 similia

717 1618 964 1688 quidem,
1009 1618 1301 1693 secundum
1351 1620 1659 1687 possibilem
1692 1619 1806 1686 ejus
1841 1620 1932 1688 qui
1971 1619 2282 1689 participari

2378 1257 2543 1308 πᾶσιν
2573 1253 2923 1319 ἀσύντακτον,
2955 1252 3030 1317 ὼς
3062 1252 3156 1306 καὶ
3197 1255 3411 1309 πάντων
3445 1256 3489 1286 ⁸⁸
3521 1255 3725 1327 ἕτερον,
3761 1257 3855 1315 καὶ
3883 1257 3950 1310 τὸ

2378 1346 2443 1418 δὴ
2490 1344 2937 1417 παραδοξότερον,
2984 1346 3064 1398 ὅτι
3115 1346 3246 1416 μηδὲ
3291 1342 3425 1399 εἷναί
3469 1365 3521 1400 τι
3567 1349 3751 1417 ὅμοιον
3799 1348 3951 1419 αὑτῷ

2383 1450 2535 1508 φησι.
2573 1437 2762 1489 Καίτοι
2795 1437 2892 1489 οὐκ
2937 1436 3173 1500 ἐναντίος
3212 1439 3240 1490 ό
3289 1437 3443 1505 λόγος
3487 1441 3551 1510 τῇ
3600 1439 3735 1511 πρὸς
3785 1440 3949 1493 αὑτὸν

2382 1528 2683 1599 ὁμοιότητιο
2706 1527 2775 1580 τὰ
2795 1526 2912 1598 γὰρ
2936 1526 3074 1580 αὐτά
3104 1528 3195 1581 καὶ
3225 1529 3385 1599 ὅμοια
3417 1529 3534 1599 Θεῷ
3564 1532 3657 1584 καὶ
3688 1531 3947 1601 ἀνόμοια·

2382 1620 2443 1672 τὸ
2478 1619 2576 1691 μὲν
2610 1618 2748 1673 κατά
2794 1619 2891 1689 τὴν
2923 1618 3270 1691 ἐνδεχομένην
3315 1619 3407 1673 τοῦ
3452 1622 3725 1693 ἀμιμήτου
3776 1622 3951 1693 μίμη-

716 1710 901 1777 ιιεῳιίι
930 1710 1447 1777 participationem;
1481 1709 1765 1765 dissimilia
1793 1724 1937 1774 vero,
1980 1710 2276 1764 secundum

716 1798 999 1854 eﬂ‘ectuum
1037 1816 1067 1855 a
1110 1802 1286 1856 causis
1345 1800 1704 1857 differentiam
1765 1800 1989 1856 inﬁnitis
2060 1816 2283 1871 prorsus

717 1892 1035 1962 parasangis'
1059 1889 1554 1962 incomparabiliter
1579 1893 1891 1949 distantem.

2385 1730 2468 1766 σιν
2484 1713 2527 1744 ⁸³
2547 1729 2560 1742 ’
2595 1712 2654 1764 τὸ
2682 1711 2758 1775 δὲ,
2795 1709 2937 1764 κατὰ
2966 1711 3026 1763 τὸ
3058 1711 3280 1765 ἀποδέον
3311 1710 3419 1765 τῶν
3451 1713 3707 1766 αἱτιατῶν
3736 1714 3829 1768 τοῦ
3856 1718 3951 1769 αι·-

2384 1803 2516 1866 τίου,
2550 1803 2645 1855 καὶ
2680 1801 2895 1872 μέτροις
2927 1801 3168 1873 ἀπείροις
3201 1803 3292 1855 καὶ
3336 1803 3682 1875 ἀσυγκρίτοις
3714 1804 3952 1877 ἀπολιμ-

2386 1895 2684 1965 πινόμενον
2703 1893 2767 1944 ⁸⁸.

2210 2050 2239 2124 5
2277 2048 2438 2109 VIII.

797 2231 936 2301 Quid
980 2239 1158 2286 autem
1190 2232 1256 2286 de
1288 2230 1469 2285 divino
1518 2238 1658 2285 statu
1704 2230 1945 2285 vel‘sede
1987 2230 2270 2286 dicamus?

2443 2230 2505 2284 Τί
2537 2233 2592 2286 δὲ
2625 2234 2717 2285 καὶ
2752 2235 2876 2303 περὶ
2908 2234 3006 2305 τῆς
3037 2233 3186 2298 Θείας
3219 2234 3475 2301 στάσεως,
3497 2235 3613 2307 ἦτοι
3647 2236 3952 2309 καθέδρας,

719 2326 879 2392 Quid,
913 2325 1156 2393 inquam,
1184 2323 1351 2387 aliud,
1376 2331 1736 2393 praeterquam
1777 2335 1995 2376 manere
2021 2320 2189 2376 Deum
2219 2321 2271 2375 in

2382 2322 2588 2394 φαμέν;
2624 2323 2686 2378 Τί
2731 2325 2787 2378 δὲ
2832 2325 2958 2380 ἀλλο
2992 2343 3075 2395 γε,
3093 2326 3243 2397 παρά
3288 2328 3349 2380 τὸ
3374 2327 3419 2359 ⁸⁸
3465 2328 3646 2398 μένειν
3695 2328 3856 2383 αὐτὸν
3890 2331 3957 2383 ἐν

719 2417 919 2485 seipso,
945 2424 1000 2470 et
1040 2416 1092 2468 in
1121 2414 1311 2470 eodem
1358 2424 1500 2468 statu
1534 2412 1794 2468 immobili
1826 2412 1978 2466 llrme
2010 2413 2195 2479 fixum,
2220 2423 2273 2469 et

2382 2415 2552 2487 ἐαυτῷ
2575 2416 2665 2469 τὸν
2696 2416 2847 2482 Θεὸν,
2886 2419 2978 2477 καὶ
3021 2420 3078 2472 ἐν
3113 2419 3351 2490 ἀκινήτῳ
3379 2420 3662 2491 ταύτότητι
3708 2421 3957 2491 μονίμως

721 2521 1043 2576 supraquam
1074 2505 1354 2561 fundatum
1395 2520 1516 2561 esse
1555 2504 1843 2571 stabiliter,
1884 2515 1940 2559 et
1982 2504 2273 2559 secundum

2382 2507 2702 2576 πεπηγέναι,
2733 2510 2826 2561 καὶ
2857 2509 3137 2580 ἀραρότως
3159 2507 3565 2581 ὑπεριδρῦσθαι,
3600 2511 3695 2565 καὶ
3714 2512 3773 2565 τὸ
3805 2511 3957 2565 κατὰ

720 2598 906 2653 eadem
940 2605 995 2654 et
1021 2598 1166 2653 circa
1198 2598 1337 2653 idem
1381 2597 1552 2666 ipsum
1582 2604 1638 2650 et
1668 2595 1917 2650 similiter
1956 2594 2193 2663 operari,
2221 2600 2278 2647 et

2382 2598 2445 2651 τά
2476 2598 2613 2653 αὐτὰ
2658 2600 2750 2654 καὶ
2795 2602 2921 2671 περὶ
2966 2601 3025 2654 τὸ
3056 2601 3186 2655 αὐτὸ
3233 2602 3326 2654 καὶ
3373 2602 3633 2668 ὡσαύτως
3682 2605 3953 2675 ἐνεργεῖν.

718 2692 940 2745 omnino
970 2705 1090 2745 esse
1131 2707 1161 2742 a
1200 2689 1380 2756 seipso
1423 2686 1838 2749 immutabilem,
1884 2696 1941 2740 et
1984 2700 2088 2739 non
2120 2698 2278 2761 posse

2382 2691 2474 2745 καὶ
2523 2691 2663 2744 κατὰ
2692 2693 2752 2745 τὸ
2784 2692 3154 2763 ἀμετάστατον
3192 2694 3351 2749 αὑτὸν
3393 2695 3453 2760 ἐξ
3491 2695 3682 2749 ἑαυτοῦ
3732 2697 3951 2759 πάντως,

720 2781 1108 2845 transmoveri,
1130 2790 1185 2835 et
1210 2795 1331 2835 esse
1360 2794 1425 2834 ex
1453 2788 1562 2835 toto
1592 2777 1940 2843 immobilem,
1967 2787 2129 2847 atque
2161 2779 2277 2832 haec

2382 2781 2664 2852 ὑπάρχειν,
2707 2784 2801 2836 καὶ
2834 2784 2974 2838 κατά
3000 2786 3061 2838 τὸ
3091 2785 3487 2857 ἀμετακίνητον
3516 2787 3666 2852 αὐτὸ,
3707 2788 3799 2841 καὶ
3838 2786 3955 2840 όλι-

719 2871 932 2944 qnidem
974 2885 1132 2941 supra
1174 2870 1562 2936 substantiam;
1614 2870 1727 2939 ipse
1776 2870 1916 2923 enim
1970 2879 2051 2924 est
2104 2870 2281 2925 omnis

2382 2868 2492 2932 κῶς
2536 2871 2806 2941 ἀκίνητον,
2848 2874 2941 2926 καὶ
2985 2872 3158 2927 ταῦτα
3198 2876 3561 2948 ὑπερουσίως’
3623 2876 3783 2940 αὐτὸς
3838 2876 3955 2947 γάρ

720 2970 893 3015 status
935 2971 991 3016 et
1046 2961 1309 3016 sessionis
1362 2968 1585 3025 auctor,
1627 2961 1718 3029 qui
1775 2974 1936 3029 supra
1984 2962 2278 3015 sessionem

2382 2962 2530 3015 ἐστιν
2558 2964 2587 3015 ὁ
2614 2964 2711 3033 τῆς
2740 2964 2952 3017 πάντων
2974 2964 3213 3028 στάσεως
3242 2968 3334 3019 καὶ
3357 2967 3515 3037 ἐδρας
3540 2968 3728 3031 αἴτιος,
3750 2970 3778 3020 ό
3807 2968 3955 3041 ὑπὲρ

720 3068 935 3107 omnem
968 3068 1034 3108 ac
1068 3062 1269 3108 statum
1301 3053 1504 3118 existit,
1537 3061 1592 3106 et
1624 3052 1675 3105 in
1717 3051 1832 3120 ipso
1871 3061 2064 3105 cuncta
2095 3051 2277 3105 consi-

2382 3055 2553 3108 πᾶσαν
2593 3053 2754 3125 ἐδραν
2792 3055 2886 3107 καὶ
2934 3056 3139 3121 στάσιν,
3188 3059 3280 3110 καὶ⁹
3313 3059 3370 3112 ἐν
3414 3058 3560 3128 αὑτῷ
3601 3060 3778 3112 πάντα
3824 3075 3955 3113 συν-

721 3153 890 3211 stunt,
931 3144 1058 3198 dum
1106 3146 1159 3199 in
1191 3146 1453 3200 bonorum
1498 3158 1716 3199 suorum
1765 3148 1906 3195 statu
1956 3140 2276 3197 inconcussa

2382 3144 2621 3215 ἔστηκεν,
2652 3148 2717 3199 ἐκ
2765 3146 2865 3215 τῆς
2895 3147 3001 3199 τῶν
3034 3149 3245 3203 οἰκείων
3275 3138 3491 3217 ἀγαθῶν
3548 3150 3786 3213 στάσεως
3817 3150 3956 3212 ἀσά-

722 3244 1136 3291 conservantur.

2382 3243 2528 3291 lauta.
2548 3237 3024 3308 διαφυλαττόμενα.

2274 3404 2442 3477 ςιΧ.

790 3552 932 3619 Quid
994 3566 1177 3622 porro,
1223 3550 1438 3620 quando
1490 3550 1682 3612 iterum
1743 3545 1975 3614 theologi
2027 3544 2277 3611 tradunt,

2454 3546 2517 3601 Τί
2548 3548 2622 3613 δὲ,
2657 3550 2749 3601 καὶ
2792 3550 2918 3601 ὅταν
2959 3544 3112 3610 αὖθις
3143 3547 3189 3599 οἱ
3232 3546 3467 3615 θεολόγοι
3500 3547 3593 3600 καὶ⁸
3636 3547 3729 3601 ἐπὶ
3772 3547 3955 3602 πάντα

721 3656 844 3696 eum
873 3642 963 3711 qui
1012 3640 1304 3694 immobilis
1344 3648 1427 3694 est
1471 3637 1539 3692 ad
1590 3637 1841 3690 universa
1892 3636 2185 3705 procedere
2221 3650 2283 3690 ac

2386 3640 2656 3710 προϊόντα,
2691 3641 2784 3693 καὶ
2814 3639 3123 3710 κινούμενόν
3155 3656 3286 3707 φασι
3316 3638 3408 3692 τὸν
3439 3640 3712 3711 ἀκίνητον,
3737 3642 3796 3694 οὐ
3833 3642 3955 3696 θεο-

723 3733 948 3795 moveri,
993 3747 1167 3785 nonne
1201 3725 1459 3785 idletiam
1505 3730 1714 3783 ratione
1744 3728 1974 3797 quadam
2008 3726 2116 3781 Deo
2155 3742 2283 3781 con-

2384 3732 2608 3804 πρεπῶς
2652 3732 2744 3785 καῖ
2786 3731 2941 3784 τοῦτο
2992 3730 3244 3801 νοητέον;
3293 3730 3568 3784 Κινεῖσθαι
3614 3730 3720 3802 γὰρ
3786 3732 3953 3786 αὑτὸν

724 3839 858 3892 grua
899 3822 1305 3890 intelligendum
1352 3820 1480 3875 est?
1524 3819 1618 3873 Pie
1666 3819 1933 3887 siquidem
1984 3818 2280 3887 putandum

727 3925 809 3969 est
838 3916 1008 3983 ipsum
1046 3916 1269 3979 moveri,
1315 3930 1417 3967 non
1463 3912 1755 3967 secundum
1796 3910 2142 3973 delationem,
2186 3909 2271 3963 vel

731 4008 1179 4071 immutationem,
1206 4007 1289 4060 vel
1314 4007 1710 4068 alterationem,
1734 4003 1819 4057 vel
1842 4003 2279 4069 conversionem,

728 4108 824 4155 aut
876 4098 1095 4153 localem
1130 4108 1357 4161 motum,
1386 4098 1469 4150 vel
1518 4108 1745 4160 rectum,
1781 4094 1863 4148 vel
1894 4093 2278 4157 orbicularem,

726 4191 808 4246 vel
835 4206 899 4245 ex
939 4192 1183 4258 utrisque
1219 4198 1580 4254 constantem,
1630 4190 1709 4242 vel
1759 4186 2152 4249 intellectilem,
2188 4184 2271 4238 vel

730 4282 1050 4344 animalem,
1094 4282 1178 4335 vel
1226 4281 1559 4343 naturalem,
1624 4283 1717 4335 sed
1780 4280 2077 4334 secundum
2137 4277 2279 4347 quod

727 4375 871 4428 Deus
901 4375 1078 4427 omnia
1111 4374 1163 4429 in
1195 4389 1370 4427 rerum
1406 4374 1705 4426 naturalem
1746 4372 1994 4442 producit
2019 4369 2284 4425 continet-

729 4481 855 4535 que,
898 4476 1059 4534 atque
1095 4465 1343 4521 omnibus
1385 4465 1558 4519 modis
1601 4466 1764 4519 rebus
1804 4464 2053 4518 omnibus
2100 4462 2282 4532 provi-

730 4560 840 4623 det,
870 4558 1118 4612 omnibus
1155 4560 1308 4613 adest
1338 4558 1782 4625 incomprehense
1817 4555 1997 4609 omnia
2039 4554 2282 4622 comple-

729 4656 946 4713 ctendo,
992 4650 1155 4719 idque
1184 4650 1433 4705 omnibus
1478 4649 1833 4719 providentia:
1866 4650 1969 4703 viis
2005 4659 2060 4702 et
2088 4662 2280 4716 opera-

734 4744 989 4799 tionibus.
1038 4742 1176 4809 Quin
1228 4751 1283 4795 et
1342 4742 1633 4797 immobilis
1687 4740 1779 4795 Dei
1844 4746 2020 4793 motus
2074 4738 2283 4792 ratione

734 4838 965 4907 quadam
1000 4838 1107 4891 Deo
1149 4835 1483 4891 convenienti
1530 4835 1697 4902 possit
1741 4832 2049 4903 praedicari.
2079 4832 2155 4886 Ac
2196 4844 2284 4886 re-

2383 3819 2617 3883 εὐσεὸὦς
2669 3821 2893 3890 οἰητέον,
2928 3820 2986 3872 οὐ
3042 3819 3179 3872 κατὰ
3237 3819 3426 3889 φορὰν,
3482 3819 3515 3890 ἢ
3562 3819 3863 3883 ἀλλοίωσιν,
3915 3820 3949 3891 ἢ

2383 3911 2720 3981 ἐτεροίωσιν,
2773 3910 2805 3979 ἢ
2852 3908 3074 3981 τροπὴν,
3121 3908 3154 3979 ἢ
3199 3908 3423 3979 τοπικὴν
3464 3909 3695 3979 κίνησιν,
3738 3909 3798 3961 οὺ
3848 3908 3951 3980 τὴν

2385 4001 2614 4064 εὐθεῖαν,
2648 4001 2707 4052 οὑ
2740 4000 2837 4071 τὴν
2869 3999 3284 4071 κυκλοφορικὴν,
3317 3999 3377 4052 οὐ
3410 3998 3508 4069 τὴν
3539 3996 3599 4062 ἐξ
3629 3999 3849 4068 ἀμφοῖν,
3885 4001 3947 4052 οὐ

2382 4095 2479 4166 τὴν
2511 4094 2721 4165 νοητὴν,
2748 4094 2806 4146 οὐ
2840 4094 2940 4165 τὴν
2969 4092 3220 4163 ψυχικὴν,
3255 4091 3313 4144 οὐ
3345 4092 3442 4162 τὴν
3476 4090 3707 4161 φυσικὴν
3724 4092 3788 4154 ⁸⁸,
3810 4091 3953 4145 ἀλλά

2381 4190 2442 4242 τὸ
2473 4191 2549 4251 είς
2580 4188 2763 4240 οὐσίαν
2796 4186 2948 4255 ἄγειν
2979 4185 3068 4238 τὸν
3099 4184 3229 4238 Θεὸν
3262 4186 3354 4239 καὶ
3387 4184 3624 4255 συνέχειν
3648 4186 3717 4238 τά
3748 4185 3946 4251 πάντα,

2384 4285 2474 4336 καὶ
2507 4281 2769 4343 παντοίως
2814 4280 3025 4333 πάντων
3072 4281 3337 4349 προνοεῖν,
3385 4278 3478 4330 καὶ⁵
3521 4278 3583 4330 τὸ
3631 4280 3883 4349 παρεῖναι
3902 4277 3949 4310 ’ν

2384 4375 2514 4425 πᾶσι
2544 4375 2609 4443 τῇ
2645 4373 2858 4424 πάντων
2898 4368 3108 4439 ἀσχέτῳ
3160 4370 3406 4438 περιοχῇ,
3454 4367 3546 4419 καὶ
3587 4369 3704 4429 ταῖς
3747 4366 3838 4418 ἐπὶ
3878 4366 3953 4421 τὰ

2382 4467 2506 4520 ὄντα
2552 4465 2727 4519 πάντα
2776 4462 3156 4534 προνοητικῶς
3201 4460 3443 4531 προόδοις
3489 4460 3581 4512 καὶ
3623 4457 3949 4530 ἐνεργείαις.

2397 4558 2553 4612 Ἀλλά
2591 4560 2683 4612 καὶ⁸
2733 4558 2970 4626 κινήσεις
3001 4555 3134 4607 Θεοῦ
3178 4553 3271 4607 τοῦ
3318 4554 3592 4624 ἀκινήτου,
3630 4552 3950 4624 θεοπρεπῶς

2382 4651 2459 4722 τῷ
2489 4650 2628 4720 λόγῳ
2662 4648 3036 4718 συγχωρητέον
3069 4645 3325 4715 ὑμνῆσαι.
3361 4644 3471 4696 Καὶ
3500 4642 3559 4695 τὸ
3594 4643 3692 4713 μὲν
3724 4642 3855 4694 εὐθὺ
3887 4643 3952 4695 τὸ

2384 4743 2593 4805 ἀκλινές
2623 4740 2859 4812 νοητέον,
2894 4740 2987 4793 καὶ
3017 4739 3113 4809 τὴν
3145 4734 3540 4807 ἀπαρέγκλιτον
3587 4733 3805 4804 πρόοδον
3836 4733 3949 4786 τῶν

2384 4835 2688 4907 ἐνεργειῶν,
2724 4835 2817 4887 καὶ
2846 4831 2945 4903 τὴν
2977 4830 3037 4896 ἐξ
3079 4829 3243 4884 αὑτοῦ
3288 4828 3394 4881 τῶν
3426 4828 3561 4882 ὅλων
3607 4827 3847 4895 γένεσιν·
3885 4827 3950 4878 τὸ

733 4937 853 4981 ctus
884 4928 1096 4995 quidem
1129 4926 1505 4995 intelligendus
1527 4927 1594 4979 de
1624 4924 2021 4982 inllexibilitate
2054 4933 2109 4976 et
2137 4921 2283 4975 inde—

2383 4928 2437 4981 δὲ
2471 4927 2753 4989 ἐλικοειδές
2784 4926 2881 4995 τὴν
2916 4924 3177 4995 σταθερὰν
3209 4922 3431 4994 πρόοδον
3463 4919 3557 4973 καὶ
3596 4918 3693 4990 τὴν
3724 4917 3950 4987 γόνιμον

733 5019 965 5075 clinabili
998 5034 1281 5089 progressu
1310 5019 1701 5090 operationum,
1729 5032 1919 5084 eoque,
1950 5016 2038 5083 qui
2071 5030 2135 5067 ex
2166 5015 2280 5083 ipso

734 5120 837 5174 est,
869 5125 1047 5164 rerum
1076 5111 1316 5167 omnium
1356 5119 1509 5177 ortu;
1552 5110 1801 5177 obliquus
1843 5118 2021 5163 autem
2056 5107 2119 5160 de
2155 5107 2277 5160 illa-

737 5217 852 5260 rum
885 5204 1061 5259 stabili
1094 5219 1376 5273 progressu
1407 5221 1469 5259 ac
1523 5204 1753 5259 fecundo
1791 5213 1962 5267 statu;
1999 5199 2279 5255 circularis

735 5295 968 5363 denique
1022 5295 1087 5347 de
1138 5295 1415 5351 idemitate
1464 5312 1526 5349 ac
1570 5296 1937 5363 complexione
1985 5293 2278 5347 mediorum

2386 5021 2594 5073 στάσιν·
2630 5018 2690 5071 τὸ
2713 5018 2768 5071 δὲ
2794 5014 2934 5070 κατά
2964 5014 3158 5067 κύκλον
3183 5014 3242 5065 τὺ
3262 5013 3474 5075 ταύτὸν,
3504 5013 3595 5065 καὶ
3626 5011 3685 5063 τὸ
3710 5009 3778 5062 τά
3805 5010 3953 5080 μέσα

2384 5112 2477 5164 καὶ
2531 5111 2673 5182 ἀκρα
2725 5109 3041 5181 περιέχοντα
3102 5106 3194 5160 καὶ
3247 5104 3605 5175 περιεχόμενα
3664 5102 3947 5172 συνέχειν,

2383 5204 2475 5257 καὶ
2521 5204 2617 5274 τὴν
2668 5204 2745 5266 είς
2791 5201 2950 5257 αὐτὸν
2991 5198 3097 5251 τῶν
3142 5198 3234 5250 ἀπ’
3280 5195 3441 5249 αὐτοῦ
3505 5192 3949 5266 προεληλυθότων

2382 5296 2728 5365 ἐπιστροφήν.

736 5398 895 5451 atque
952 5400 1315 5445 extremorum
1352 5404 1467 5460 quas
1498 5392 1772 5449 continent
1804 5399 1967 5457 atque
2010 5387 2376 5451 continentur,
2402 5397 2455 5440 et
2482 5388 2545 5441 de
2588 5387 2825 5453 illorum,
2864 5388 3029 5461 489
3071 5404 3189 5457 qua:
3233 5389 3300 5443 ab
3328 5389 3441 5457 ipso
3486 5383 3824 5456 prodierant,
3876 5376 3946 5432 ad

736 5483 908 5548 ipsum
946 5484 1315 5538 conversione.

2004 5575 2084 5627 \‘A
2097 5572 2230 5627 lllAS
2266 5572 2661 5631 LECTIONES.

825 5692 997 5764 "_xal
1030 5692 1165 5761 αὑτὴ
1198 5689 1305 5764 γὰρ
1336 5693 1367 5764 ἠ
1404 5691 1665 5763 θεολογία,
1702 5691 1757 5764 5.
1834 5693 1875 5724 δ’
1912 5694 2093 5754 πᾶσιν,
2118 5692 2190 5764 Ρ.
2234 5692 2325 5747 Sc.
2360 5690 2451 5764 καί
2473 5705 2591 5764 Anon
2618 5698 2702 5764 est
2729 5688 2781 5741 in
2816 5688 2873 5764 _S.
2899 5688 2961 5764 l_).
3034 5688 3079 5764 3f
3111 5684 3395 5764 praeponit“
3424 5682 3483 5739 P.
3514 5676 3943 5764 Eoﬁndpeeé‘xvop

736 5762 970 5887 μέθεξιν,
1008 5778 1124 5830 qua:
1154 5763 1311 5814 verba
1340 5762 1468 5813 Sunt
1498 5764 1547 5816 in
1579 5763 1634 5816 S.
1664 5771 1717 5815 et
1742 5763 1823 5819 υ..
1853 5764 1943 5816 sed
1965 5764 2048 5815 illa
2079 5763 2293 5815 absunt.

759 5836 792 5885 ’.
896 5834 941 5864 "
974 5834 1070 5887 τὴν
1106 5834 1335 5887 φυσικήν
1362 5873 1375 5887 .
1416 5835 1472 5887 υ.
1582 5835 1623 5865 ⁸⁷
1659 5834 1733 5885 τῶ
1769 5837 2035 5887 παρεῖναι.
2075 5834 2130 5886 b.
2158 5833 2275 5887 Sar.

759 5836 792 5885 D.
896 5834 941 5864 so
974 5834 1070 5905 τὴν
1106 5834 1335 5906 φυσικήν
1362 5873 1375 5897 ν
1416 5835 1472 5887 υ,
1582 5835 1623 5865 ⁸⁷
1659 5834 1733 5904 τῷ
1769 5837 2035 5905 παρεῖναι,
2075 5834 2130 5886 b.
2158 5833 2275 5887 Sar.

2384 5762 2429 5792 δι
2462 5758 2777 5829 ἀσυγχύτως
2810 5746 3241 5830 ἀπολειπόμενον,
3278 5756 3334 5813 S.
3361 5755 3421 5810 D.
3531 5754 3575 5786 ⁸⁵
3609 5751 3641 5823 ἢ
3677 5746 3829 5820 ἀταρά
3860 5746 3948 5813 τόν
