4156 6312
118 331 246 388 921
711 328 798 382 DE
835 327 1084 385 DIVINIS
1120 330 1513 399 NOMINIBUS,
1551 332 1704 389 CAP.
1744 332 1836 387 IX.
1876 363 1944 373 —
1988 332 2329 387 PARAPIIR.
2371 333 2835 394 PACHYMER/E.
3274 339 3379 394 992

123 465 272 502 rum
305 449 571 503 communi
601 449 777 508 modo.
817 449 1232 520 sicutquaeliliet
1265 467 1352 508 res
1402 449 1799 520 quodammodo
1835 449 1998 520 estiin
2037 449 2236 518 seipsa.
2280 451 2331 520 in
2358 460 2616 520 quantum
2659 453 2970 508 continetur
3002 451 3142 505 infra
3181 454 3376 508 termi-

130 535 257 573 nos
291 527 497 570 naturae
528 533 667 590 sum;
711 520 803 574 sed
851 519 1197 590 singulariter
1229 533 1310 575 est
1337 521 1562 588 simplex
1591 521 1648 590 in
1677 520 1873 587 seipso.
1907 519 1997 572 Sic
2019 520 2165 574 enim
2195 521 2294 573 sibi
2320 519 2422 588 ipsi
2456 521 2732 584 innititur,
2769 527 2826 573 ιιι
2860 537 2887 574 a
2925 521 3070 574 nullo
3128 523 3234 576 alio
3280 525 3378 577 de-

127 590 408 656 pendeat,
437 597 488 640 et
516 590 583 640 sit
614 588 770 647 ﬁxus.
804 598 856 642 et
882 588 1131 646 omnibus
1169 593 1554 658 snperlocatus.
1583 589 1850 652 Secundo,
1879 591 2055 657 quoad
2077 591 2469 655 operationem,
2501 603 2553 643 et
2581 592 2682 647 hoc
2716 601 2799 644 est
2828 591 2968 658 quod
3011 593 3140 646 dicit
3200 593 3375 647 Dem

127 661 442 715 secundum
469 659 668 716 eadem.
694 661 745 712 id
776 669 860 713 cst
889 665 1181 715 secundum
1215 663 1459 716 eamdem
1487 660 1844 726 sapientiam,
1894 660 2149 712 virtutem
2202 668 2257 712 et
2306 659 2599 715 bonitatem
2638 671 2692 715 et
2742 661 3084 729 bujusmodi:
3127 671 3180 715 et
3221 665 3375 716 circa

130 730 299 782 idem
347 730 537 801 ipsum,
567 743 826 801 quantum
871 732 936 786 ad
985 733 1253 801 objectum
1304 746 1412 785 sure
1451 729 1807 797 operationis,
1847 731 1971 801 quia
2017 743 2230 801 semper
2264 729 2379 796 ejus
2421 732 2669 796 operatio
2717 740 2799 785 est
2843 731 2988 785 circa
3020 732 3280 800 seipsum,
3314 733 3367 786 in

129 809 424 870 quantum
472 799 823 870 intelligendo
854 813 907 856 et
947 798 1175 855 amando
1213 818 1270 855 se
1292 801 1471 855 omnia
1510 808 1797 870 operatur;
1840 807 1886 850 et
1927 798 2188 870 similiter»
2224 804 2516 853 secundum
2567 802 2782 854 modum
2831 798 3232 868 operatiouum,
3261 818 3367 858 non

130 870 305 922 enim
343 868 774 924 debilitatnr'aut
815 874 1201 927 corroboratur
1245 873 1295 925 in
1347 871 1572 938 agendo.
1606 868 1808 928 Tertio,
1860 883 1954 935 per
2003 868 2354 921 remotionem
2387 871 2565 924 omnis
2608 870 2878 937 passionis
2907 870 2989 924 vel
3038 880 3371 925 transmuta-

131 939 325 992 tionis
351 940 420 992 ab
454 939 588 1007 ipso,
616 955 738 993 cum
776 945 850 995 ait
875 956 890 995 :
914 943 1139 996 Omnino
1177 959 1287 997 esse
1327 959 1358 993 a
1397 944 1562 1006 seipso
1591 938 1964 990 immutabilem
1995 948 2042 990 et
2082 955 2186 990 non
2208 955 2356 1005 posse
2394 941 2733 992 transmuueri
2755 949 2800 991 et
2823 957 2935 993 esse
2961 957 3024 993 ex
3048 951 3155 993 toto
3180 943 3370 994 immo-

135 1008 338 1080 bilem,
371 1009 421 1061 id
448 1019 552 1071 est,
588 1010 728 1076 quod
771 1029 872 1066 non
924 1014 1119 1066 habeat
1149 1028 1210 1065 ex
1256 1012 1431 1080 seipso
1473 1010 1709 1080 aliquam
1744 1023 1971 1080 causam
1998 1023 2105 1060 sua:
2132 1009 2642 1080 transmutationis,
2670 1019 2726 1061 et
2759 1011 2910 1080 quod
2965 1025 3067 1063 non
3105 1013 3274 1078 possit
3305 1014 3372 1066 ab

135 1078 347 1146 aliquo
377 1081 632 1132 exteriori
685 1083 883 1136 moveri
933 1084 981 1135 in
1031 1078 1384 1144 contrarium,
1419 1081 1509 1133 sed
1556 1079 1625 1132 sit
1672 1078 1910 1148 totziliter
1962 1078 2272 1148 immobilis.
2311 1079 2475 1148 Atque
2521 1080 2631 1131 hwc
2676 1079 2905 1145 quidem,
2962 1079 3158 1147 inquit.
3207 1098 3370 1147 supra

135 1148 551 1213 substantiam;
595 1151 718 1218 quia
763 1152 1013 1206 nimirum
1063 1163 1147 1207 est
1197 1167 1357 1206 causa
1407 1151 1582 1202 amnis
1629 1147 1876 1202 stationis
1907 1157 1959 1203 et
2003 1147 2263 1200 sessionis
2294 1164 2411 1218 quas
2446 1150 2496 1201 in
2543 1149 2703 1203 rebus
2744 1149 2946 1203 creatis
2991 1149 3287 1215 invenitur,
3316 1152 3370 1204 in

139 1229 428 1284 quatituni
467 1229 547 1270 est
589 1235 748 1288 super
791 1238 1006 1276 onmem
1054 1223 1352 1276 sessionem
1400 1232 1455 1273 et
1500 1219 1784 1273 Stationem
1821 1227 1876 1271 et
1926 1221 2105 1271 omnia
2147 1217 2500 1274 stabiliuntur
2533 1219 2583 1272 in
2638 1218 2777 1286 ipso,
2809 1218 2900 1286 qui
2933 1218 3177 1274 custodit
3210 1235 3371 1274 eane

139 1298 606 1360 commoveantur
634 1307 662 1342 a
696 1294 950 1354 statione,
976 1304 1030 1346 et
1054 1301 1411 1360 permaneant
1438 1291 1488 1342 in
1518 1289 1751 1360 propriis
1776 1288 1962 1360 bonis.

233 1358 261 1428 §
291 1357 376 1411 IX.
414 1355 507 1410 Pie
528 1361 777 1428 siquidem
799 1354 1087 1429 putandum
1109 1373 1181 1416 est
1207 1361 1369 1414 Deum
1400 1354 1721 1421 movere—etc
1774 1356 1924 1429 Hunc
1956 1358 2132 1420 locum
2167 1354 2474 1429 edisserens
2514 1357 2572 1412 S.
2604 1358 2902 1412 Maximus:
2934 1377 2952 1409 ‹
2983 1357 3144 1424 Deus,
3170 1358 3369 1429 inquit,

144 1427 274 1500 non
315 1437 556 1500 movetur
583 1427 762 1497 aliquo
791 1427 855 1486 ex
897 1433 1011 1485 istis
1058 1433 1353 1500 generibus
1373 1440 1566 1492 motus,
1594 1430 1722 1494 quin
1757 1428 1934 1496 potius
1975 1437 2154 1482 motus
2173 1427 2494 1500 immobilis,
2523 1437 2576 1500 et
2605 1431 2793 1481 eodem
2842 1429 3002 1500 modo
3034 1443 3092 1482 se
3123 1427 3374 1500 habentis

139 1497 417 1569 ynluntas
437 1497 559 1569 ejus
599 1500 816 1562 dicitur,
848 1518 952 1569 qua
981 1497 1094 1554 vul't
1123 1517 1240 1556 esse
1270 1499 1432 1569 492
1461 1515 1519 1552 ea
1548 1513 1664 1569 quae
1697 1507 1845 1561 sunt,
1873 1508 1926 1552 et
1948 1499 2217 1552 emanatio
2244 1497 2600 1569 providentiae
2632 1500 2697 1550 ad
2727 1498 2930 1552 omnia.
2967 1499 3044 1551 Ex
3085 1498 3168 1552 his
3202 1508 3372 1568 patet,

142 1567 332 1620 Deum
360 1568 499 1622 nulla
539 1584 603 1623 ex
637 1570 703 1623 iis
734 1566 1085 1634 motionibus,
1113 1586 1249 1638 quas
1293 1566 1585 1639 Dionysius
1633 1568 1910 1637 ingeniose
1951 1566 2314 1639 enumeravit,
2351 1571 2573 1639 moveri,
2607 1569 2694 1639 illa
2733 1576 2939 1620 tantum
2973 1566 3225 1635 excepta,
3257 1585 3374 1637 qua:

139 1648 386 1709 externa
432 1647 533 1704 est,
558 1647 612 1692 et
645 1656 748 1707 qua
783 1651 1065 1697 creaturas
1115 1635 1208 1709 per
1250 1656 1376 1695 suas
1410 1635 1621 1693 divinas
1672 1635 2044 1691 e‘inanationes
2079 1635 2353 1709 produxit,
2390 1638 2811 1709 multiplicatus,
2855 1648 2907 1692 et
2957 1635 3287 1709 dispertitos
3310 1654 3373 1693 ac

139 1707 503 1771 distributus,
543 1705 953 1779 non'quatenus
987 1705 1241 1779 ipse'est,
1270 1711 1362 1764 sed
1398 1721 1933 1779 quatenusmanens
1969 1705 2258 1760 immobilis
2285 1717 2342 1779 _et
2380 1705 2759 1779 Aiinpartiliilis,
2798 1718 2852 1762 et
2895 1708 3368 1779 multiplicationis

140 1791 378 1844 expers,
410 1789 462 1831 et
501 1779 689 1849 eodem
708 1777 868 1848 prius
896 1791 950 1836 et
989 1777 1177 1849 postea
1227 1791 1409 1834 tenore
1451 1777 1562 1830 sola
1616 1777 1894 1849 voluntate
1939 1779 2119 1832 omnia
2158 1777 2436 1849 produxit,
2471 1793 2648 1849 neque
2688 1781 2768 1849 sic
2792 1793 2818 1829 a
2853 1779 3032 1844 seipso
3059 1778 3168 1831 ullo
3210 1779 3376 1849 modo

142 1849 446 1917 recedens.
487 1848 603 1914 Quo
639 1846 780 1904 enim
835 1846 1161 1911 moveretur,
1203 1852 1292 1917 qui
1341 1851 1518 1903 omnia
1565 1848 1865 1900 substantia
1910 1864 2004 1901 sua
2060 1846 2270 1913 replet?
2313 1846 2444 1908 lino,
2492 1848 2667 1915 inquit
2715 1848 3140 1917 Cyparissiotus,
3189 1847 3233 1901 si
3270 1861 3375 1900 una

140 1915 332 1991 [acies
368 1928 602 1991 maneat,
646 1921 800 1991 cujus
831 1920 1004 1974 forma
1058 1915 1405 1988 nulla—parte
1453 1927 1507 1970 et
1559 1917 1706 1991 nullo
1737 1917 1895 1991 modo
1940 1918 2579 1991 varietur,_et_ponamns
2631 1915 2830 1969 multas
2862 1915 3274 1991 Qil‘plllll‘faClcs
3301 1933 3366 1991 ex

140 1985 371 2058 fulgore
414 1989 554 2043 illius
594 1985 852 2054 emicare,
890 1992 1074 2045 videor
1115 1985 1262 2043 mihi
1288 2007 1352 2045 ex
1385 1991 1493 2058 bac
1517 1987 1661 2058 tenui
1693 1985 1926 2054 imagine
1953 2005 2018 2043 ac
2062 1986 2416 2058 similitudine
2451 1990 2819 2058 conjecturam
2845 1989 2910 2040 de
2945 1987 3027 2040 liis
3060 1985 3264 2058 lacere.
3294 1985 3375 2039 Ad

139 2055 311 2111 hunc
356 2060 572 2112 modum
607 2071 756 2114 recte
799 2061 919 2129 quis
969 2062 1135 2124 dicat,
1171 2076 1277 2114 non
1324 2056 1600 2129 distribui,
1642 2065 1733 2129 aut
1783 2058 2024 2129 partitim
2073 2056 2420 2129 multiplicari
2454 2055 2644 2121 Deum,
2677 2061 2770 2111 sed
2826 2057 3140 2129 nospotius
3171 2057 3240 2109 ab
3284 2071 3372 2119 eo,

146 2135 424 2200 tanquam
450 2125 835 2186 similitudines
865 2140 920 2184 et
953 2131 1219 2200 imagines
1259 2127 1646 2200 exemplarium
1670 2125 1808 2200 ejus,
1836 2128 2125 2200 distinctos
2158 2140 2222 2179 ac
2273 2126 2509 2200 Variatos
2531 2142 2672 2190 esse,
2706 2137 2762 2180 et
2793 2127 3380 2200 iiiultiplicationemot

140 2199 506 2271 partitionem
543 2201 808 2268 subiisse;
845 2195 1145 2271 hujusmodi
1178 2203 1322 2254 enim
1363 2196 1675 2271 alfectioues
1723 2197 2189 2271 similitudinibus,
2223 2195 2496 2271 non_l)eo,
2527 2201 2874 2271 conveniunt.
2908 2197 2999 2271 Sic
3024 2213 3054 2249 a
3083 2195 3374 2271 Dionysio,

143 2264 345 2340 rerum
377 2269 686 2323 divinarum
721 2264 1072 2338 peritissimo,
1103 2273 1215 2325 haec
1248 2287 1367 2340 qua:
1396 2271 1446 2322 in
1491 2265 1598 2319 Deo
1627 2278 1854 2335 apparet
1896 2269 2151 2340 discretio
2183 2264 2450 2340 appellata
2477 2278 2556 2340 est
2591 2291 2600 2321 ;
2630 2270 2840 2340 videtur
2867 2268 3037 2340 enim,
3081 2264 3282 2331 inquit,
3324 2278 3380 2319 et

143 2337 360 2390 dicitur
404 2341 565 2391 unius
608 2339 700 2393 Dei
726 2337 994 2396 discretio
1022 2353 1076 2396 et
1117 2337 1525 2409 multiplicatio;
1569 2347 1655 2390 est
1684 2346 1860 2393 tamen
1904 2339 2253 2391 nihilominus
2283 2337 2606 2403 principium
2641 2338 2946 2409 divinitatis
2974 2348 3137 2408 supra
3164 2344 3378 2409 omnem

149 2417 361 2525 natura
375 2424 424 2488 ni
454 2423 591 2462 unus
633 2409 773 2464 Deus
804 2412 1154 2480 impartibilis
1192 2413 1245 2465 iu
1277 2405 1559 2481 partilibus
1614 2416 1669 2461 et
1699 2421 1882 2461 aecum
1913 2409 2028 2477 ipse
2069 2410 2372 2476 c0pulatus,
2404 2415 2458 2458 et
2485 2409 2860 2474 permistionis
2888 2405 3120 2475 plurium
3152 2420 3216 2460 ac
3237 2405 3376 2460 utul-

149 2486 242 2525 ιιι)
270 2479 518 2525 Icationis
549 2494 765 2525 expers-

147 2479 518 2538 tiplicationis
549 2494 765 2538 expers.

249 2491 485 2530 ncauom
585 2494 612 2530 x
752 2519 765 2535 .

206 2491 261 2616 με
286 2546 351 2600 Χ.
382 2493 579 2621 (ltiges
617 2495 1033 2621 ffriqualitatis
1070 2553 1362 2621 (θεείου-ειη
1400 2548 1681 2621 secwidum
1704 2563 1884 2617 quam,
1913 2560 2018 2621 etc.
2067 2547 2124 2601 In
2171 2546 2561 2621 elementorum
2597 2547 2809 2621 scilicet
2832 2548 3100 2621 mistione
3131 2552 3382 2621 versatur

152 2615 473 2690 hujusmodi
507 2615 806 2686 inqualitas,
841 2623 958 2690 Quae
993 2624 1036 2676 si
1071 2615 1175 2675 non
1204 2632 1368 2684 esset.
1397 2636 1499 2672 non
1533 2615 1725 2690 tierent
1757 2620 2140 2686 generationes
2172 2619 2223 2670 in
2259 2619 2478 2670 mundo.
2513 2619 2568 2671 Si
2605 2620 2750 2672 enim
2797 2619 3014 2689 aliquod
3046 2633 3115 2674 ex
3143 2617 3380 2671 elemen-

153 2687 559 2760 tis__exsuperet
587 2703 649 2740 ac
687 2687 976 2754 redundet,
1009 2696 1378 2760 corrumpitur
1407 2689 1548 2758 quod
1587 2700 1900 2757 generatur.

235 2756 437 2829 Ibidem
465 2772 478 2808 :
512 2755 578 2811 Ut
617 2761 857 2828 quodque
898 2773 1077 2829 aptum
1104 2773 1202 2827 est,
1235 2755 1339 2816 etc.
1381 2755 1495 2815 Hoc
1525 2755 1656 2829 dicit
1683 2770 1902 2828 prepter
1923 2757 2288 2826 mqualitatem
2310 2758 2697 2828 proportionis,
2733 2759 2845 2813 sive
2869 2773 2987 2828 quae
3016 2764 3144 2815 sunt
3177 2766 3375 2829 natura

152 2826 323 2892 ﬂant,
356 2827 470 2900 sive
499 2843 594 2894 per
621 2826 885 2898 gratiam;
917 2826 1107 2886 utnon
1137 2826 1326 2886 omnes
1365 2827 1644 2900 aequaliter
1687 2826 2068 2883 illu’tniuantur
2099 2846 2129 2884 a
2163 2826 2429 2894 sole,_nec
2465 2843 2656 2884 omnes
2703 2826 2992 2898 aequaliter
3031 2828 3384 2884 sanctiﬁcati-

153 2897 406 2970 tur._sed
427 2897 806 2970 proportione,
842 2897 899 2955 ut
929 2903 1037 2970 apti
1066 2910 1213 2966 sunt,
1255 2912 1348 2956 aut
1373 2897 1520 2969 digni
1553 2901 1840 2952 habentur.

235 2965 266 3038 δ
294 2965 494 3042 Ibidem
516 2965 824 3042 {Quatenus
855 2965 1057 3025 omnem
1105 2965 1476 3040 a’qualitateui,
1500 2970 1695 3040 νοητὴν
1733 2971 1828 3021 καὶ
1859 2971 2074 3042 νοεράν,
2100 2971 2150 3024 id
2182 2981 2263 3025 est
2285 2968 2638 3024 intellectilein
2684 2977 2732 3022 et
2776 2966 3258 3042 intelligentem._id
3297 2972 3384 3022 est

153 3037 501 3113 angelica_m._
521 3039 613 3113 Sic
652 3042 796 3113 enim
832 3056 1029 3113 vocare
1051 3037 1187 3096 solet
1217 3044 1436 3112 angelos
1471 3037 1692 3113 νοητοῦς
1721 3058 1738 3092 ι

1850 3037 2090 3113 νοερούς,
2129 3043 2486 3113 quia-habent
2527 3042 2664 3113 intra
2704 3054 2761 3094 se
2786 3054 2815 3113 a
2841 3037 3384 3113 quibus'intelligan-

153 3119 276 3174 tur,
316 3117 371 3160 et
389 3108 504 3183 ipsi
539 3109 867 3183 intelligunt,
897 3112 1090 3166 anima:
1117 3107 1430 3167 autem'non
1467 3107 1640 3183 solent
1671 3115 1850 3166 vecari
1875 3107 2164 3183 voqcal,_id
2199 3123 2288 3183 est
2328 3109 2832 3183 intellectiles,__quia
2859 3107 2980 3165 'nou
3014 3109 3215 3183 habent
3243 3107 3386 3183 infra

152 3193 278 3253 sea
310 3178 506 3246 quibus
546 3178 941 3253 intelligantur,
973 3185 1066 3236 sed
1099 3183 1352 3236 dicuntur
1387 3182 1804 3245 ratiocinantes,
1833 3193 1888 3236 et
1918 3178 2100 3253 νὸεραί
2135 3182 2322 3243 etiam,
2350 3184 2399 3234 id
2434 3191 2517 3233 est
2559 3180 2926 3253 intelligentes,
2957 3181 3051 3253 sed
3104 3195 3207 3233 non
3255 3181 3386 3253 pro-

155 3249 284 3316 prie
323 3259 380 3300 ut
409 3249 610 3321 angeli.
645 3248 962 3305 Sentientem
995 3267 1125 3304 vero
1167 3254 1531 3321 aequalitatem
1574 3261 1874 3319 vocatqua:
1923 3255 1974 3306 in
2014 3248 2349 3305 animalibus
2398 3252 2693 3318 reperitur;
2724 3248 3148 3316 substantialem,
3177 3248 3385 3321 quails:

154 3317 618 3392 substantialibus
646 3323 748 3389 (sic
777 3333 932 3376 vocat
957 3337 1075 3391 quae
1104 3317 1247 3375 sunt'
1268 3325 1384 3377 sine
1413 3339 1571 3378 sensu
1603 3336 1657 3378 ct
1706 3317 1909 3392 motu);
1941 3325 2262 3386 naturalem,
2296 3336 2416 3392 qua:
2459 3317 2511 3373 iu
2560 3323 2904 3374 naturalibus
2943 3321 3062 3389 (illa
3101 3317 3380 3392 intelligit,

155 3403 287 3463 qua)
316 3389 748 3463 qualemcunque
782 3389 1072 3446 motionem
1114 3395 1342 3455 habent;
1384 3404 1574 3450 natura
1626 3396 1769 3446 enim
1810 3389 1896 3447 eat
1942 3395 2267 3463 principium
2314 3389 2496 3445 motus
2524 3402 2578 3463 et
2611 3392 2867 3459 quietis);
2907 3393 3296 3463 voluntariam,
3329 3389 3382 3440 in

159 3458 238 3510 iis
263 3461 356 3526 qui
392 3458 674 3534 voluntate
708 3462 925 3534 praediti
947 3473 1092 3528 sunt,
1131 3465 1224 3534 qui
1255 3465 1440 3517 volunt
1465 3468 1613 3532 justo
1644 3465 1862 3534 vivere:
1887 3458 2095 3530 justitia
2123 3458 2266 3517 enim
2302 3473 2383 3516 est
2407 3461 2648 3534 quautam
2689 3458 3198 3534 acqualitas._0mne
3223 3471 3388 3528 porro

155 3542 338 3605 genus
367 3530 694 3605 aqualitatis
721 3533 1047 3605 liabetDeus
1078 3530 1430 3601 anticipatum
1468 3530 1519 3586 in
1555 3552 1610 3598 se
1657 3537 1772 3602 ipso
1800 3531 2140 3603 simpliciter,
2169 3546 2426 3602 tanquam
2457 3532 2512 3586 in
2543 3531 2676 3586 idcis
2715 3544 2769 3586 et
2803 3531 3206 3602 exemplaribus
3230 3541 3388 3584 aiter-

160 3603 360 3667 nisque
383 3616 496 3656 suis
527 3603 858 3657 notionibua.
893 3604 968 3657 lta
998 3616 1221 3659 sam-tus
1246 3605 1532 3659 Maximus.

1237 3871 1715 3928 PARAPHRASIS
1751 3871 2193 3929 PACHYME‘RAE
2228 3872 2366 3942 (45).

237 3990 331 4062 ςι.
370 3989 583 4062 Ἐπειδὴ
620 3992 713 4044 καὶ
755 3990 822 4043 τὰ
867 3991 1197 4062 προκείμενα
1242 3993 1478 4062 ὀνόματα
1520 3993 1576 4042 ὲν
1613 3992 1729 4052 ταῖς

1913 3993 1939 4064 §
1972 3993 2009 4047 I.
2031 3990 2167 4047 Cum
2201 3989 2472 4062 preposita
2499 4002 2713 4059 quoque
2732 3986 2950 4042 nomina
2981 3985 3034 4039 in
3092 3983 3390 4052 Scripturis

159 4085 410 4158 Γραφαῖς
440 4083 816 4155 ἐμφαίνονταιο
852 4085 1043 4154 μέγας,
1075 4085 1148 4148 ὡς
1189 4085 1281 4137 τό·
1317 4084 1514 4153 Μέγας
1551 4088 1582 4138 ό
1615 4086 1730 4137 Κύ-

147 4195 292 4246 ριος
329 4175 516 4244 ἡμῶν,
558 4175 654 4229 καὶ
703 4175 933 4245 μεγάλη
971 4178 1008 4242 ἢ
1049 4176 1226 4245 ἰσχὺς
1257 4177 1473 4229 αὑτοῦ·
1518 4178 1727 4247 μικρὸς,

160 4271 245 4334 ὡς
260 4273 318 4324 ὲν
340 4272 404 4340 τῇ
436 4269 594 4342 τρίτῃ
620 4268 725 4321 τῶν
745 4268 1056 4333 Βασιλειῶν,
1082 4269 1250 4336 Φωνὴ
1275 4271 1461 4337 αὔρας
1479 4265 1728 4336 λεπτῆς,

163 4361 342 4416 κάκεῖ
371 4363 610 4429 Κύριοςο
649 4360 862 4426 ταὺτδς,
905 4362 978 4425 ὡς
1024 4363 1104 4426 τὸ,
1142 4361 1286 4430 Ἐγώ
1315 4366 1448 4430 εἰμι,
1491 4363 1587 4416 καὶ
1619 4366 1730 4416 οὐκ

163 4454 496 4522 ὴλλοίωμαι
515 4469 527 4482 ·
568 4453 752 4524 ἔτερος
775 4495 789 4519 ,
821 4456 906 4506 ὅτε
939 4455 1109 4519 ἄλλως
1151 4459 1242 4508 καὶ
1281 4457 1452 4522 ἄλλως
1482 4458 1632 4530 παρὰ
1655 4457 1732 4530 τῷ

177 4545 438 4616 Ἰεζεκιὴλ
465 4546 742 4613 φαίνεται·
771 4547 974 4616 ὅμοιος,
997 4548 1085 4599 ὅτε
1129 4549 1249 4602 καθ’
1274 4552 1563 4622 ὁμοιότητα
1597 4551 1731 4604 ιδίαν

163 4636 519 4708 δημιουργεῖν
558 4637 647 4689 τὸν
697 4637 980 4709 ἄνθρωπον
1013 4639 1258 4708 λέγεται’
1300 4643 1569 4713 ἀνόμοιος,
1602 4645 1735 4697 ὅταν

166 4725 305 4801 λέγῃ
350 4729 406 4779 ὲν
439 4725 655 4797 Ἡσαΐᾳ,
703 4728 819 4781 Τίνι
867 4727 946 4794 μὲ
1013 4729 1384 4797 ώμοαῦσατε;
1434 4732 1526 4784 ἆτε
1569 4732 1732 4802 μηδὲν

167 4817 309 4889 Ξχων
347 4819 529 4890 ὅμοιον
551 4835 563 4847 ο
593 4817 782 4882 ἑστὼς,
822 4820 910 4871 ὅτε
956 4818 1102 4888 λέγει
1145 4821 1277 4891 πρὸς
1308 4821 1572 4893 Μωῡσῆν·
1605 4817 1731 4876 Ὧδε

169 4909 283 4980 ἐγὼ
314 4910 516 4981 ἕστηκα
549 4911 654 4984 πρὸ
691 4910 784 4963 τοῦ
828 4929 885 4964 σε
933 4914 1076 4964 ἐκεῖ·
1106 4913 1430 4984 καθήμενος,
1473 4913 1548 4978 ὼς
1575 4916 1603 4967 ό
1630 4915 1733 4966 Βα-

169 5005 326 5074 ροὺχ,
376 5004 500 5056 ὅταν
535 5003 686 5074 λέγῃ,
725 5003 807 5056 Σὺ
852 5002 1181 5071 καθήμενος
1227 5007 1312 5069 εἰς
1365 5005 1470 5057 τὸν
1517 5005 1727 5058 αἰῶνα·

171 5098 266 5148 καὶ
312 5095 562 5166 ἀλλαχοῦ,
619 5097 680 5148 '0
741 5095 1070 5164 καθήμενος
1130 5095 1228 5147 ἐπὶ
1286 5095 1402 5146 τῶν
1458 5097 1733 5165 χερουϐὶμ

170 5186 490 5257 ἑμφάνηθιο
530 5187 861 5259 κινούμενος,
903 5187 976 5250 ὡς
1018 5187 1097 5251 τὸ,
1141 5187 1350 5255 Ἐπέὅη
1388 5188 1487 5241 ἐπὶ
1531 5200 1734 5254 κερου-

172 5280 291 5349 (ly.
339 5279 552 5350 Ἐπειδὴ
584 5280 713 5348 γοῦν
737 5280 909 5332 ταῦτα
938 5282 995 5332 ὲν
1024 5283 1140 5343 ταῖς
1172 5281 1412 5351 Γραφαῖς
1446 5283 1571 5351 περὶ
1598 5280 1731 5334 Θεοῦ

177 5370 540 5442 εὑρίσκονται,
585 5372 683 5441 ἄγε
728 5373 790 5442 δὴ
839 5373 930 5425 καὶ
973 5373 1071 5437 τὰς
1115 5373 1366 5436 τοιαύτας
1404 5373 1726 5444 Θεωνυμίας,

247 5557 273 5584 ο
312 5545 742 5628 Ρερ1.ειι,ιτι,ξ.“
799 5559 824 5598 P
851 5548 1190 5628 lll_Beg.xix,
1388 5565 1414 5605 (ι
1454 5555 1672 5611 Malacb.
1697 5573 1731 5609 ιι

1833 5601 1847 5614 .
1926 5536 2424 5628 rcenes.i,26,s7_.
2504 5559 2672 5615 'lsai.
2701 5572 2842 5625 ιιΝι,
2878 5556 2930 5612 5.

177 5619 228 5673 3.
307 5630 331 5656 ιι
381 5621 509 5670 Uau.
561 5634 641 5682 ιιι,
677 5619 766 5674 55.
843 5630 868 5656 ν
908 5618 1048 5673 Ρδειιί.
1086 5637 1228 5679 xvtt.
1263 5625 1345 5678 Η.

1833 4085 2168 4139 all‘erantur:
2201 4082 2441 4150 Magnus,
2469 4080 2622 4146 juxta
2662 4080 2817 4144 illud,
2861 4077 3087 4148 Magnus
3135 4079 3388 4134 Domiaus

1834 4187 2027 4240 noster,
2051 4185 2097 4228 et
2121 4191 2312 4244 magna
2351 4177 2518 4228 uirtus
2539 4173 2654 4241 ejus
2679 4181 2727 4230 °.
2761 4170 2990 4238 Parvus,
3020 4172 3160 4228 sicut
3187 4175 3238 4227 in
3274 4180 3388 4227 tet"-

1834 4269 1906 4322 tio
1938 4269 2142 4337 Regum
2173 4287 2185 4322 :
2221 4267 2331 4322 Vox
2350 4284 2494 4321 aura:
2515 4269 2684 4321 tenuis
2706 4278 2752 4320 et
2774 4267 2844 4320 ibi
2869 4266 3125 4319 Dominus
3147 4275 3197 4318 Ρ.
3221 4265 3387 4331 Idem,

1828 4359 1979 4430 juxta
2012 4361 2146 4414 illud
2178 4380 2190 4413 :
2217 4360 2328 4430 Ego
2348 4377 2464 4414 sum
2502 4371 2548 4412 et
2576 4376 2678 4412 non
2704 4372 2876 4412 mutor
2893 4369 2940 4411 ει.
2971 4360 3146 4421 Alius,
3171 4356 3392 4427 quando

1833 4453 1994 4506 aliter
2029 4463 2189 4521 atque
2217 4453 2374 4506 aliter
2417 4463 2639 4522 apparet
2667 4452 2809 4520 apud
2839 4450 3195 4505 Ezecliielem.
3229 4450 3392 4506 Simi-

1833 4545 1922 4606 lis.
1946 4547 2162 4614 quando
2197 4545 2464 4599 hominem
2498 4546 2564 4597 ad
2588 4559 2742 4598 suam
2764 4544 3169 4598 similitudinem
3203 4556 3393 4599 creare

1834 4637 2036 4692 dicitur
2061 4645 2104 4686 ι’.
2136 4633 2440 4699 Dissimilis,
2469 4637 2685 4705 quando
2723 4637 2856 4690 dicit
2890 4638 2938 4689 in
2976 4635 3107 4689 lsaia
3136 4650 3146 4683 :
3176 4634 3276 4688 Cui
3309 4650 3392 4688 me

1832 4722 2253 4782 assimilastis'?
2279 4715 2354 4782 Ut
2389 4729 2479 4795 qui
2517 4727 2649 4780 nihil
2698 4727 2891 4781 habeat
2941 4727 3139 4781 simile.
3201 4727 3390 4789 Stans,

1833 4821 2049 4892 quando
2074 4823 2150 4874 ait
2180 4819 2249 4874 ad
2274 4818 2510 4889 Moysem
2539 4837 2549 4871 :
2578 4817 2676 4871 llic
2703 4832 2802 4886 ego
2831 4818 2982 4883 steti,
3012 4827 3298 4884 antequam
3335 4823 3392 4866 tu

1833 4931 1981 4971 esses
2011 4915 2143 4968 illic.
2198 4913 2425 4975 Sedens,
2467 4911 2620 4980 juxta
2668 4909 2900 4973 Baruch,
2947 4923 3069 4962 cum
3114 4903 3393 4962 dicit:Tu

1833 5011 1977 5062 sedes
2014 5009 2068 5060 in
2104 5007 2474 5075 sempiternum
2507 5006 2548 5068 ί,
2589 5008 2643 5058 et
2687 5003 2811 5057 alibi
2855 5019 2867 5053 :
2914 5001 3016 5066 Qui
3054 5000 3199 5054 sedes
3238 5013 3395 5066 super

1835 5101 2100 5153 cherubim
2137 5114 2330 5166 appare
2352 5110 2398 5152 υ.
2426 5097 2620 5161 Motus,
2645 5097 2794 5163 juxta
2829 5095 2956 5148 illud
2982 5111 2993 5146 :
3023 5093 3270 5146 Ascendit
3303 5106 3396 5142 sst-

1832 5211 1923 5260 per
1966 5195 2230 5246 cherubim
2253 5202 2298 5246 ν.
2331 5193 2462 5247 Cum
2517 5195 2692 5260 itaque
2726 5191 2840 5244 haec
2885 5188 2936 5242 in
3000 5189 3298 5254 Scripturts
3327 5187 3394 5236 de

1838 5285 1945 5337 Deo
1987 5286 2347 5354 reperiantur,
2374 5287 2625 5355 agedum,
2652 5285 2814 5336 etiam
2865 5279 3170 5336 istiusmodi
3209 5277 3394 5332 divina

1835 5376 2078 5442 nomina,
2113 5378 2289 5448 quoad
2331 5379 2478 5445 licet,
2507 5377 2668 5451 493
2704 5375 3150 5446 contemplemur.
3183 5375 3394 5430 Dictio-

3014 5556 3032 5591 ι
3056 5551 3287 5609 Barucb.
3309 5563 3391 5610 ιιι.

247 5777 364 5853 (65)
400 5779 529 5834 Vide
579 5777 706 5834 Sch.
758 5778 814 5832 S.
874 5777 1093 5835 Maxim.
1147 5791 1274 5836 tom.
1317 5779 1378 5846 ll,
1427 5798 1544 5851 cap.
1584 5782 1616 5837 9
1665 5781 1740 5836 De
1772 5783 1934 5838 divin.
1967 5785 2162 5837 nomin.
