4156 6312
848 393 953 449 925

2000 392 2057 449 S.
2093 390 2388 451 DIONYSII
2423 389 2880 450 AREOPAGlT/E

3954 401 4061 455 εει

848 526 970 566 nem
1002 519 1182 565 autem
1210 512 1625 568 simulacrorum
1653 525 1682 565 a
1714 511 2005 581 gentilibus
2025 512 2095 567 'ad
2118 514 2368 566 veritatem

2470 565 2473 571 .
2500 513 2727 566 καθόσον
2748 515 2882 578 ἐστὶ,
2906 485 3286 584 θεωρήσωμεν.
3306 514 3414 584 Τὴν
3430 514 3485 569 δὲ
3510 513 3647 582 λέξιν
3664 517 3772 572 τῶν
3800 522 4057 593 ἀγαλμά-

846 602 1123 669 traduxit;
1152 603 1225 657 illi
1253 606 1394 658 enim
1418 605 1569 673 quasi
1591 604 1849 673 quasdam
1877 613 2084 658 statuas
2108 604 2395 667 faciebant,

844 694 1095 753 manibus
1134 692 1469 764 pedibusque
1499 695 1806 761 destitutas,
1836 696 1935 750 has
1981 706 2160 752 autem
2196 698 2398 769 Ἑρμᾶς

842 800 935 838 seu
974 782 1317 839 Mercuriales
1356 787 1717 855 appellabant,
1740 789 1937 858 quippe
1961 788 2125 852 ﬁxas,
2145 792 2395 846 quoniam

840 881 1117 946 quadrata:
1144 888 1336 943 erant;
1372 880 1454 933 vel
1491 894 1671 934 rerum
1722 881 2082 949 quarumdam
2142 881 2349 935 indices
2379 898 2392 933 :

838 969 1013 1040 ἑρμῆς
1042 968 1187 1023 enim
1230 970 1337 1023 vim
1372 967 1642 1024 sermonis
1685 969 1939 1039 explicat,
1972 971 2167 1040 quippe
2213 970 2395 1041 profe—

838 1075 964 1115 rens
992 1062 1043 1114 id
1076 1061 1218 1130 quod
1253 1061 1476 1115 insitum
1509 1070 1563 1116 et
1592 1062 1891 1117 internum.
1945 1062 2245 1117 Faciebant
2301 1064 2396 1117 ita-

834 1164 941 1219 que
985 1151 1100 1205 illas
1144 1165 1411 1205 concavas
1454 1160 1638 1220 portas
1688 1151 1968 1216 habentes,
2013 1160 2175 1221 atque
2204 1152 2256 1205 in
2289 1152 2394 1207 illis

833 1238 1122 1294 simulacra
1156 1239 1497 1293 collocabant
1540 1239 1761 1294 deorum
1795 1256 1931 1309 quos
1971 1238 2386 1306 venerabantur,

832 1328 1034 1383 deforis
1074 1339 1253 1383 autem
1286 1330 1405 1383 illas
1436 1330 1783 1387 claudebant.
1820 1330 1963 1385 Viles
2004 1347 2134 1401 ergo
2166 1345 2392 1401 appare-

830 1419 962 1473 bant
983 1420 1289 1487 istiusmpdi
1334 1420 1608 1484 Mercurii,
1634 1434 1822 1474 verum
1858 1420 2000 1475 intra
2032 1437 2090 1476 se
2119 1421 2386 1491 ipsorum-

828 1520 937 1565 met
962 1512 1184 1566 deorum
1212 1521 1463 1565 ornatum
1509 1512 1882 1567 continebant.
1918 1512 2180 1566 Similiter
2212 1522 2267 1567 et
2294 1514 2385 1568 hic

826 1605 923 1666 ait,
954 1603 1170 1658 nomina
1210 1603 1425 1673 quidem
1462 1603 1742 1672 ipsiusmet
1795 1602 2084 1657 existentis
2117 1618 2180 1657 ac
2214 1604 2384 1659 solius

824 1694 936 1747 veri
973 1694 1088 1758 Dei,
1118 1710 1238 1763 qua:
1287 1697 1343 1749 in
1394 1693 1681 1763 Scriptura
1726 1700 2106 1760 recensentur,
2133 1695 2385 1750 videntur

821 1786 1039 1853 quidem
1072 1785 1295 1853 indigna
1322 1784 1462 1849 Deo;
1498 1790 1681 1838 verum
1712 1784 2000 1854 explicata,
2033 1786 2247 1856 dignam
2275 1789 2383 1842 Deo

2502 621 2607 656 των
2636 605 2693 671 ἐξ
2734 605 2993 676 Ἐλλήνων
3041 607 3131 659 ἐπὶ
3172 607 3232 658 τὸ
3266 606 3459 675 ἀληθὲς
3494 611 3794 679 μετήγαγεν
3814 630 3828 641 ·
3857 616 4055 669 ἐκεῖνα

2499 697 2607 766 γὰρ
2636 692 2744 749 οἷόν
2764 714 2913 760 τινας
2938 698 3252 769 ἀνδριάντας
3280 699 3513 764 ἐποίουν,
3543 704 3671 771 μήτε
3697 708 3891 775 χεῖρας
3922 712 4055 779 μήτε

2500 788 2659 852 πόδας
2688 788 2906 858 ἔχοντας
2927 806 2940 818 ·
2968 788 3185 853 τούτους
3212 790 3269 843 δὲ
3314 791 3515 863 Ἑρμᾶς
3540 793 3779 861 ἐκάλουν,
3808 798 4053 867 δηλονότι

2500 881 2773 950 στερροὺς,
2814 880 3138 951 τετράγωνοι
3177 881 3284 951 γὰρ
3314 877 3482 953 ἦσαν’
3513 882 3547 954 ἢ
3586 887 3923 954 ἐμφατικούς
3969 910 4053 944 τι-

2496 987 2628 1022 νωνο
2666 970 2867 1041 Ἐρμῆς
2893 970 3000 1041 γὰρ
3035 972 3078 1041 ή⁸
3095 971 3189 1024 τοῦ
3228 972 3384 1040 λόγου
3415 973 3662 1044 ἔμφασις,
3691 977 3766 1040 ὡς
3789 995 4053 1051 προφορι-

2494 1061 2588 1124 κὸς
2626 1061 2717 1114 τοῦ
2760 1062 3062 1115 ἐνδιαθέτου
3110 1065 3203 1117 καὶ
3243 1065 3534 1136 ἐνδοτέρου.
3585 1069 3827 1125 Ἐποίουν
3875 1075 4051 1128 τοίνυν

2492 1154 2685 1216 αὐτοὺς
2719 1153 2996 1217 διακένους
3045 1154 3212 1226 θύρας
3248 1156 3487 1226 ἔχοντας,
3523 1162 3614 1213 καὶ
3644 1162 3845 1216 ἔσωθεν
3875 1166 4052 1219 αὐτῶν

2492 1246 2736 1300 ἐτίθεσαν
2784 1247 3073 1318 ἀγάλματα
3126 1244 3200 1303 ὧν
3245 1250 3489 1304 ἐσέϐοντο
3553 1253 3705 1319 θεῶν,
3752 1256 3955 1320 ἔξωθεν
3996 1260 4053 1311 ἃ

2490 1338 2775 1392 ἀπέκλειον
2816 1341 2941 1403 τοὺς
2993 1341 3214 1412 Ἑρμᾶς.
3271 1342 3573 1410 Ἐφαίνοντο
3610 1342 3701 1399 οῦν
3742 1349 3787 1399 oi
3855 1348 4052 1420 Ἑρμαῖ

2488 1428 2739 1493 εὐτελεῖς,
2775 1430 2973 1483 ἔσωθεν
3021 1432 3077 1485 δὲ
3103 1433 3227 1495 τοὺς
3263 1432 3371 1487 τῶν
3393 1433 3525 1486 θεῶν
3552 1435 3728 1489 αὐτῶν
3768 1439 4049 1491 καλλωπι-

2489 1520 2657 1591 σμοὺς
2685 1517 2845 1591 εἶχον.
2884 1518 3037 1574 Οὕτω
3071 1521 3133 1592 δὴ
3182 1521 3452 1576 κάνταῦθά
3492 1540 3622 1594 φησι
3657 1524 3725 1576 τὰ
3782 1527 3886 1595 μὲν
3928 1528 4051 1597 περὶ

2484 1610 2577 1664 τοῦ
2603 1612 2754 1675 ὄντος
2790 1613 2883 1665 καὶ
2915 1613 3073 1681 μόνου
3097 1613 3349 1684 ἀληθινοῦ
3376 1613 3508 1666 Θεοῦ
3532 1618 3587 1668 ὲν
3612 1617 3675 1686 τῇ
3708 1617 3906 1689 Γραφῇ
3936 1618 4049 1670 ὀνό-

2488 1722 2630 1775 ματα
2663 1704 2855 1770 ἀνάξια
2885 1702 3021 1758 εῖναι
3063 1706 3190 1776 περὶ
3227 1705 3360 1760 Θεοῦ
3392 1706 3671 1777 λεγόμενα,
3702 1708 4046 1761 ἁναπτυσσό-

2488 1814 2621 1866 μενα
2648 1796 2724 1859 δὲ,
2757 1797 2850 1850 καὶ
2880 1796 3046 1862 ἀξίως
3082 1794 3216 1849 Θεοῦ
3259 1797 3660 1868 έρμηνεύονται,
3706 1799 3800 1852 καὶ
3847 1798 4048 1853 ἔσωθεν

822 1880 1329 1948 interpretationem
1396 1880 1619 1944 habent,
1676 1890 1730 1934 et
1792 1882 1937 1934 intra
1989 1896 2049 1935 se
2094 1881 2368 1936 simulacra

2484 1889 2664 1958 ἔχουσι
2699 1888 2766 1941 τὰ
2810 1887 3117 1959 ἀργάλματα,
3154 1890 3246 1941 καὶ
3304 1890 3429 1952 τοὺς
3481 1888 3653 1952 θείους
3696 1889 3912 1953 τύπους
3957 1890 4048 1961 τῆς

818 1975 1062 2042 quaedam
1092 1972 1409 2042 divinasque
1434 1974 1630 2040 ﬁguras
1648 1973 1840 2027 divina:
1867 1975 2049 2045 gloria:
2074 1975 2372 2032 continent.

887 2064 914 2134 ς
951 2064 1012 2119 ll.
1054 2065 1278 2135 Magnus
1314 2067 1453 2120 Deus
1496 2066 1817 2135 appellatur,
1854 2067 1949 2121 Sed
2002 2082 2107 2120 non
2152 2068 2378 2124 alterius

815 2157 1260 2225 comparatione,
1297 2157 1391 2211 sed
1444 2156 1740 2214 secundum
1792 2157 1892 2211 sibi
1945 2160 2217 2228 pr0priam
2263 2176 2378 2214 ma-

814 2250 1183 2319 gnitudinem;
1221 2248 1363 2303 sicut
1414 2248 1634 2311 caelum,
1671 2259 1729 2302 ut
1776 2250 1854 2304 sic
1888 2250 2086 2316 dicam,
2121 2262 2373 2323 magnum

813 2342 1014 2397 dicitur
1047 2356 1151 2396 non
1188 2350 1439 2409 respectu
1469 2340 1691 2395 alterius
1718 2341 1841 2394 caeli
1871 2340 2100 2409 alicujus
2129 2345 2371 2411 minoris,

806 2444 865 2487 et
913 2433 992 2487 sol
1040 2432 1264 2496 lucidus,
1302 2447 1406 2485 non
1440 2432 1507 2486 ad
1541 2432 1765 2501 aliquid,
1802 2432 1893 2486 sed
1947 2438 2244 2488 secundum
2292 2451 2370 2491 se.

809 2524 994 2594 Itaque
1027 2525 1166 2579 Deus
1199 2540 1424 2592 magnus
1454 2525 1676 2588 dicitur,
1703 2540 1806 2578 non
1830 2540 1927 2593 per
1957 2527 2179 2582 alterius
2211 2528 2375 2582 colla-

810 2620 1034 2683 tionem,
1057 2620 1149 2673 sed
1174 2626 1391 2689 propter
1413 2617 1890 2686 incomparabilem
1924 2628 1978 2672 et
2011 2634 2136 2673 vere
2171 2620 2372 2674 incom-

808 2712 1229 2783 prehensibiletn
1258 2712 1452 2765 divina:
1472 2710 1860 2780 magnitudinis
1882 2712 2375 2768 excellentiam.Di-

810 2803 953 2856 citur
970 2816 1099 2871 ergo
1136 2816 1389 2873 magnus,
1415 2788 1673 2869 tanquam
1713 2799 1803 2868 qui
1843 2814 1902 2855 se
1934 2801 2181 2856 omnibus
2217 2803 2373 2858 rebus

806 2894 1018 2961 magnis
1051 2893 1437 2957 communicet;
1464 2891 1596 2945 nihil
1618 2890 1761 2945 enim
1785 2890 1838 2945 in
1859 2895 2018 2947 rebus
2051 2894 2250 2949 creatis
2280 2910 2374 2950 ne-

804 2999 909 3053 que
934 2985 1076 3039 mole
1110 2997 1283 3052 neque
1317 2982 1515 3036 virtute
1558 2996 1831 3050 magnum,
1856 2986 1997 3052 quod
2027 2999 2131 3037 non
2162 2984 2375 3038 dicatur

805 3086 1053 3147 magnum
1069 3075 1362 3129 secundum
1387 3074 1851 3144 participatiOnem
1875 3074 1988 3143 eius
2006 3075 2094 3144 qui
2109 3078 2251 3129 omni
2270 3091 2373 3129 ma-

801 3166 1069 3235 gnitudini
1094 3164 1522 3235 superfunditur,
1550 3178 1878 3233 omnemque
1902 3162 2075 3218 locum
2105 3163 2367 3227 continet,

2479 1978 2606 2048 περὶ
2635 1977 2768 2029 Θεοῦ
2798 1976 2970 2047 δόξης.

2551 2068 2577 2139 §
2620 2067 2683 2121 II.
2723 2068 2911 2136 Μέγας
2939 2069 2966 2120 6
2994 2066 3125 2132 Θεὸς
3155 2067 3492 2139 ὀνομάζεται,
3523 2068 3632 2121 ἀλλ’
3664 2069 3724 2121 οὐ
3756 2070 3904 2140 πρὸς
3935 2074 4049 2139 σύγ-

2478 2174 2654 2227 κρισιν
2676 2158 2883 2228 ἐτέρου,
2916 2157 3053 2211 ἀλλὰ
3072 2157 3211 2211 κατὰ
3246 2158 3307 2211 τὸ
3336 2158 3479 2222 ἰδίως
3507 2158 3666 2211 αὐτοῦ
3700 2162 3849 2229 μέγα
3870 2179 3883 2190 ·
3918 2163 3991 2226 ὼς
4019 2164 4047 2213 6

2475 2249 2717 2320 οὐρανὸς,
2760 2246 2870 2303 οἷον
2914 2251 3045 2321 φέρε
3089 2253 3278 2314 εἰπεῖν,
3316 2250 3527 2318 λέγεται
3568 2252 3759 2320 μέγας,
3803 2254 3871 2305 οὐ
3919 2255 4045 2325 πρὸς

2475 2340 2629 2393 ἄλλον
2660 2342 2884 2412 οὐρανὸν
2922 2342 3256 2413 μικρότερον,
3293 2344 3385 2395 καὶ
3411 2345 3439 2395 6
3478 2342 3626 2413 ἥλιος
3656 2346 3950 2411 φωτεινὸς,
3988 2347 4043 2397 οὐ

2476 2432 2609 2503 πρός
2634 2451 2705 2497 τι,
2735 2432 2867 2486 ἀλλὰ
2894 2432 3011 2486 καθ’
3040 2434 3219 2486 αὐτόν.
3249 2436 3306 2486 'U
3322 2434 3449 2502 γοῦν
3472 2434 3599 2497 Θεὸς
3626 2434 3800 2503 μέγας
3828 2435 4044 2504 λέγεται

2472 2525 2532 2576 οὐ
2559 2523 2693 2595 πρὸς
2719 2523 3133 2594 ἀντιπαράθεσιν
3160 2523 3365 2594 ἑτέρου,
3403 2522 3534 2577 ἀλλὰ
3562 2523 3652 2576 διὰ
3674 2525 3736 2577 τὸ
3764 2526 4046 2597 ἀπαράθε-

2472 2632 2562 2668 τον
2595 2615 2687 2667 καὶ
2710 2614 2875 2678 ὅντως
2902 2612 3275 2683 ἀκατάληπτον
3303 2616 3399 2685 τῆς
3430 2615 3576 2679 θείας
3606 2616 4043 2686 μεγαλειότητος.

2473 2707 2698 2775 Λέγεται
2722 2706 2850 2774 γοῦν
2876 2707 3065 2776 μέγας,
3096 2709 3169 2771 ὼς
3214 2706 3519 2776 μεταδιδοὺς
3547 2705 3737 2759 ἑαυτοῦ
3768 2710 3906 2761 πᾶσι
3936 2711 4043 2772 τοῖς

2476 2796 2760 2867 μεγάλοιςο
2800 2797 2949 2851 οὐδὲν
2979 2797 3085 2868 γὰρ
3129 2796 3270 2867 μέγα
3312 2796 3433 2850 οὔτε
3468 2798 3615 2869 ποσῷ
3656 2800 3782 2853 οὒτε
3831 2800 3941 2871 μὴν
3976 2802 4039 2869 τῇ

2472 2887 2694 2958 δυνάμει
2726 2888 2946 2942 ἐπὶτῶν
2976 2888 3305 2957 κτισμάτων,
3348 2890 3481 2959 ὅπερ
3522 2891 3579 2942 οὐ
3612 2891 3753 2943 κατὰ
3804 2892 4039 2961 μετοχὴν

2473 2980 2678 3031 ἐκείνου
2721 2980 2932 3046 λέγεται
2975 2979 3147 3049 μέγα,
3198 2981 3587 3051 ὑπερχεομένου
3634 2982 3836 3045 παντὸς
3881 2984 4040 3052 μεγέ-

2473 3070 2617 3134 θους,
2637 3071 2747 3123 ’καὶ
2775 3070 2948 3123 πάντα
2988 3070 3152 3124 τόπον
3182 3070 3539 3141 περιέχοντος,
3568 3072 3660 3123 καὶ
3697 3074 3880 3124 πάντα
3919 3074 4039 3141 ἀρι-

2473 3160 2606 3230 θμὸν
2634 3161 3077 3231 ὑπερὸάλλοντος.
3113 3160 3326 3231 Ἐπειδὴ
3356 3160 3463 3230 γὰρ
3482 3161 3542 3213 τὸ
3578 3162 3717 3229 μέγα
3743 3164 3837 3215 ἐπὶ
3869 3163 4036 3216 ποπῦ

799 3270 1127 3324 omnemque
1159 3270 1443 3309 numerum
1491 3254 1732 3310 excedit.
1768 3254 1901 3309 Cum
1936 3256 2079 3308 enim
2112 3268 2364 3324 magnum

2470 3251 2703 3319 λέγεται,
2732 3252 2818 3305 διὰ
2855 3251 3011 3304 τοῦτο
3039 3250 3425 3322 περιλαμϐάνει
3455 3250 3678 3319 μέγεθος
3727 3251 3895 3305 τόπον
3942 3256 4037 3305 καὶ

796 3345 866 3399 de
916 3346 1223 3414 quantitate
1276 3347 1505 3411 dicatur,
1563 3346 1765 3405 idcirco
1834 3345 2203 3414 magnitudine
2260 3354 2363 3399 tam

797 3434 973 3490 locum
1020 3450 1181 3505 quam
1231 3451 1513 3491 numerum
1560 3436 2011 3506 comprehendit,
2070 3448 2189 3503 qua:
2236 3442 2364 3489 sunt

796 3528 1007 3599 species
1041 3529 1379 3596 quantitatis,
1415 3528 1843 3596 magnitudinem
1894 3529 2110 3597 quidem
2162 3545 2260 3597 pro
2298 3529 2357 3584 li-

798 3634 923 3686 nea,
976 3619 1260 3689 superﬁcie
1308 3627 1361 3673 et
1403 3634 1628 3687 corpore
1670 3634 1927 3684 sumens;
1977 3629 2184 3689 tempus
2233 3635 2361 3674 vero

796 3726 1207 3780 sermonemque
1250 3711 1485 3765 vocalem
1553 3712 1716 3765 missa
1769 3711 1972 3765 faciens
2000 3753 2016 3778 ,
2056 3713 2183 3766 illud
2237 3713 2358 3781 qui-

797 3804 939 3867 dem,
974 3804 1100 3873 quia
1138 3814 1438 3871 temporum
1472 3810 1555 3857 est
1587 3804 1857 3867 conditor,
1887 3804 2029 3858 hunc
2057 3819 2204 3869 vero,
2231 3805 2355 3872 quia

793 3898 862 3949 de
896 3897 1011 3964 ipso
1044 3906 1199 3949 antea
1234 3895 1396 3949 verba
1440 3894 1567 3948 fecit
1590 3934 1605 3959 ,
1660 3896 1711 3948 in
1746 3904 2003 3964 quantum
2051 3895 2190 3949 Deus
2228 3895 2357 3949 Ver-

792 3989 921 4053 hum
957 3987 1273 4057 appellatur.
1310 3985 1509 4041 Locum
1556 3986 1738 4053 itaque
1793 3986 2201 4055 comprehendit
2238 3998 2356 4041 tan-

793 4092 953 4146 quam
988 4078 1385 4144 incorporeum,
1419 4076 1845 4145 magnitudinem
1878 4090 2005 4131 vero
2039 4092 2354 4130 numerum-

794 4184 920 4239 que,
955 4169 1096 4238 quod
1134 4166 1221 4221 illa
1255 4168 1468 4235 quidem
1505 4170 1555 4220 in
1594 4168 1862 4221 inﬁnitum
1892 4168 2083 4233 dividi,
2109 4170 2199 4223 hic
2225 4185 2353 4223 vero

792 4263 913 4316 sine
948 4262 1176 4314 termino
1210 4260 1393 4327 augeri
1431 4260 1624 4328 possit.
1662 4259 1793 4312 Nam
1832 4260 2037 4314 idcirco
2069 4261 2228 4313 etiam
2256 4262 2351 4315 ad-

793 4353 871 4406 dit
920 4372 932 4404 ;
988 4350 1241 4404 Omnem'
1271 4351 1582 4405 transiliens
1638 4351 1978 4404 inﬁnitatem.
2035 4350 2351 4405 Mirabiliter

791 4455 971 4497 autem
1006 4444 1175 4513 ponit,
1211 4442 1434 4497 Omnem
1472 4443 1645 4497 locum
1693 4444 1998 4507 continens,
2035 4445 2163 4512 quia
2200 4444 2349 4499 locus

2465 3342 2712 3413 ἀριθμὸν,
2731 3342 2871 3413 ἆπερ
2892 3344 3006 3395 ἐστὶ
3033 3341 3125 3396 τοῦ
3151 3340 3303 3393 ποιοῦ
3340 3340 3476 3411 εἴδη,
3495 3341 3557 3392 τὸ
3582 3343 3675 3411 μὲν
3699 3342 3930 3411 μέγεθος
3949 3343 4036 3396 λαο

2464 3434 2572 3488 ὁὼν
2592 3434 2707 3486 ἀντὶ
2727 3435 3355 3506 γραμμῆς,,ὲπιφανείας,
3375 3434 3466 3486 καὶ
3480 3431 3742 3503 σώματος·
3770 3436 3961 3505 χρόνον
3977 3436 4032 3488 δὲ

2462 3526 2555 3578 καὶ
2583 3524 2736 3593 λόγον
2765 3526 2920 3593 ἀφεὶς
2948 3526 3037 3578 τὸν
3068 3526 3397 3597 προφορικόν
3420 3542 3433 3555 ο
3465 3524 3526 3593 τὸ
3552 3524 3668 3594 μὲν,
3694 3526 3776 3578 ὅτι
3799 3526 4031 3597 ποιητὴς

2461 3616 2683 3687 χρόνων,
2711 3618 2771 3669 τὸ
2797 3615 2873 3681 δὲ,
2901 3618 2982 3670 ὅτι
3009 3619 3135 3688 περὶ
3161 3617 3323 3671 αὐτοῦ
3362 3617 3663 3689 ἔμπροσθεν
3697 3613 3842 3680 εἶπε,
3889 3619 4033 3669 κατὰ

2458 3709 2507 3761 τί
2536 3709 2687 3775 λόγος
2714 3709 2774 3761 τὸ
2792 3709 2941 3762 Θεῖον
2968 3710 3202 3778 λέγεται.
3228 3711 3329 3763 Τὸν
3356 3710 3483 3779 γοῦν
3519 3710 3676 3762 τόπον
3703 3710 4029 3780 περιέλαόεν

2456 3799 2529 3862 ὼς
2557 3798 2860 3870 ἀσώματον,
2885 3800 2944 3851 τὸ
2971 3801 3027 3853 δὲ
3068 3800 3291 3870 μέγεθος
3334 3802 3425 3853 καὶ
3467 3800 3554 3852 τὸν
3590 3799 3837 3869 ἀριθμὸν,
3862 3800 3941 3862 ὡς
3968 3800 4027 3850 τὸ

2459 3893 2554 3961 μὲν
2581 3892 2665 3944 ἐπ’
2696 3891 2916 3961 ἄπειρον
2944 3891 3225 3960 διαιρετὸν,
3254 3891 3348 3943 τὸν
3388 3891 3443 3943 δὲ
3475 3890 3558 3942 ἐπ’
3594 3890 3814 3958 ἄπειρον
3856 3889 4023 3954 αὐξα-

2456 3983 2692 4053 νόμενον.
2721 3982 2817 4035 Διὰ
2857 3981 3009 4035 τοῦτο
3048 3982 3156 4053 γὰρ
3180 3983 3271 4034 καὶ
3312 3980 3655 4051 προστίθησι·
3687 3981 3795 4033 Καὶ
3841 3981 4020 4032 πᾶσαν

2455 4075 2705 4146 ἀπειρίαν
2733 4075 3020 4128 διαὸαῖνον.
3067 4074 3387 4144 Θαυμασίως
3428 4073 3483 4125 δὲ
3518 4072 3691 4141 τίθησι
3721 4072 3800 4133 τὸ,
3835 4072 4020 4124 Πάντα

2452 4167 2612 4221 τόπον
2663 4168 2945 4239 περιέχον·
2984 4167 3012 4217 6
3057 4165 3163 4236 γὰρ
3205 4166 3366 4227 τόπος
3412 4163 3679 4234 περιέχει,
3724 4162 3782 4214 οὐ
3829 4162 4015 4233 περιέ-

2452 4278 2629 4331 χεται,
2675 4261 2845 4330 πέρας
2886 4259 2992 4329 γάρ
3032 4262 3147 4312 ἐστι
3192 4258 3285 4310 τοῦ
3330 4258 3694 4328 περιέχοντος·
3730 4257 3758 4307 6
3798 4256 3857 4309 δὲ
3887 4256 4016 4318 Θεὸς

2451 4352 2811 4422 ὑπεράπειρός
2864 4353 3014 4414 ἐστι,
3072 4350 3168 4420 τῆς
3230 4348 3501 4419 βασιλείας
3554 4346 3659 4415 γὰρ
3702 4345 3869 4397 αὐτοῦ
3918 4346 4014 4397 οὐκ

2449 4440 2562 4491 ἔστι
2648 4440 2836 4509 πέρας.
2920 4438 3074 4490 Ἀλλὰ
3147 4439 3239 4490 καὶ
3320 4437 3459 4506 ὑπὲρ
3544 4435 3718 4487 πάντα
3783 4434 4011 4504 ἀριθμόν

789 4534 1051 4598 continet,
1081 4549 1184 4586 non
1220 4535 1547 4600 continetur,
1587 4536 1846 4589 terminus
1879 4536 2023 4588 enim
2056 4544 2140 4589 est
2173 4537 2346 4589 conti-

2470 4545 2626 4583 ιστινο
2685 4532 2732 4581 εἰ
2796 4528 2902 4600 γὰρ
2959 4529 3051 4582 καὶ
3095 4527 3309 4596 λέγεται
3363 4529 3391 4579 6
3437 4526 3565 4588 Θεὸς
3634 4522 3713 4587 εἷς
3772 4526 3865 4577 καὶ
3918 4525 4006 4585 ἓν,

791 4629 1001 4695 uentis;
1079 4629 1217 4684 Deus
1288 4637 1465 4681 autem
1532 4629 1815 4696 plusquam
1879 4626 2043 4699 494
2105 4627 2347 4680 inﬁnitus

2470 4619 2559 4672 ιλλ’
2601 4615 2692 4672 οὖν
2735 4621 2827 4673 καὶ
2873 4621 3011 4691 ὑπὲρ
3055 4620 3114 4672 τὸ
3167 4619 3224 4671 ἓν
3267 4622 3399 4671 ἐστι·
3448 4618 3647 4687 κυρίως
3693 4615 3799 4686 γὰρ
3852 4617 3915 4669 τὺ
3953 4617 4007 4667 ἓν

790 4719 994 4781 existit,
1027 4720 1151 4786 quia
1188 4721 1335 4787 regni
1371 4720 1483 4786 ejus
1534 4735 1639 4773 non
1674 4728 1757 4772 est
1804 4720 1946 4773 ﬁnis.
1984 4719 2122 4786 Quin
2182 4720 2345 4773 etiam

788 4826 946 4879 Supra
1000 4825 1213 4866 omnem
1270 4827 1547 4864 numerum
1600 4813 1817 4877 existit;
1866 4813 1967 4865 etsi
2016 4813 2159 4866 enim
2209 4812 2350 4865 Deus

789 4906 998 4959 dicatur
1031 4921 1165 4959 unus
1200 4913 1255 4959 et
1290 4921 1475 4967 unum,
1510 4914 1591 4958 est
1626 4915 1801 4959 tamen
1836 4906 1997 4958 etiam
2034 4904 2152 4973 plus
2184 4920 2343 4973 quam

790 5011 989 5059 unum,
1025 4997 1242 5066 proprie
1276 4997 1419 5049 enim
1457 5012 1617 5049 unum
1653 4999 2043 5050 connexionem
2086 4996 2244 5051 habet
2276 4998 2341 5051 ad

791 5086 987 5142 multos
1035 5104 1284 5143 numeros
1315 5103 1380 5142 ex
1417 5089 1532 5156 ipso
1564 5089 1876 5151 existentes,
1913 5099 1968 5140 et
2020 5088 2337 5157 principium

787 5189 868 5234 est
903 5180 1273 5235 multitudinis.
1311 5181 1505 5234 Verum
1552 5181 1690 5234 Deus
1743 5195 1905 5232 unum
1952 5180 2165 5243 dicitur,
2214 5180 2336 5247 quia

787 5273 1013 5341 simplex
1048 5282 1150 5336 est,
1184 5283 1236 5326 et
1270 5273 1623 5337 individuum,
1653 5280 1705 5325 et
1739 5272 2170 5340 incompositum.
2201 5271 2336 5337 Quin

787 5374 842 5417 et
877 5364 954 5417 sic
984 5362 1105 5433 plus
1134 5377 1293 5430 quam
1347 5364 1549 5429 ttnitur,
1587 5372 1641 5415 et
1681 5361 1799 5432 plus
1834 5378 1990 5429 quant
2029 5376 2190 5415 unum
2226 5370 2333 5424 est;

788 5456 983 5509 dicitur
1014 5456 1157 5511 enim
1192 5456 1255 5510 de
1289 5457 1402 5523 ipso
1438 5472 1450 5509 :
1490 5455 1554 5507 Et
1582 5454 1813 5508 scientia!
1840 5452 1951 5521 ejus
1990 5470 2090 5506 non
2130 5461 2204 5505 est
2239 5467 2337 5503 nu-

788 5564 960 5601 merus
1006 5556 1054 5600 ι.
1111 5548 1318 5601 Dicitur
1364 5546 1522 5599 etiam
1576 5558 1837 5613 magnus,

2450 4714 2626 4782 σχέσιν
2654 4711 2764 4781 ἔχει
2807 4713 2940 4783 πρὸς
2976 4713 3104 4775 τοὺς
3153 4710 3212 4775 ἐξ
3254 4709 3414 4763 αὑτοῦ
3456 4708 3675 4772 πολλοὺς
3721 4709 4002 4777 ἀριθμοὺς,

2448 4806 2537 4856 καὶ
2564 4804 2795 4875 πλήθους
2836 4806 2980 4857 ἐστὶν
3015 4804 3173 4875 ἀρχή.
3210 4804 3396 4872 Ὅμως
3443 4802 3653 4869 λέγεται
3689 4800 3718 4850 6
3757 4798 3887 4861 Θεὸς
3928 4798 4002 4862 ἐν,

2446 4898 2629 4969 ἐπειδὴ
2658 4896 2859 4951 ἁπλοῦν
2880 4900 3024 4961 ἐστι,
3052 4897 3144 4949 καὶ
3173 4896 3394 4966 ἀμερὲς,
3425 4894 3517 4948 καὶ
3546 4891 3854 4945 ἀσύνθετον,
3893 4892 4002 4943 ’Δλο

2444 4990 2511 5043 λὰ
2536 4992 2629 5044 καὶ
2668 4989 2837 5053 οὕτως
2877 4990 3237 5060 ὑπερήνωται,
3284 4987 3378 5040 καὶ
3411 4986 3550 5055 ὑπὲρ
3570 5001 3629 5035 το
3656 4983 3714 5035 ἓν
3744 4984 3858 5035 ἐστι
3878 4999 3890 5012 ·
3918 4981 4001 5034 λέ-

2446 5099 2595 5150 γεται
2637 5081 2744 5152 γὰρ
2783 5083 2907 5154 περὶ
2943 5080 3135 5134 αὐτοῦ’
3176 5079 3285 5132 Καὶ
3327 5077 3430 5145 τῆς
3478 5076 3781 5141 συνέσεως
3818 5073 3999 5127 αὐτοῦ

2444 5178 2553 5229 οὐκ
2597 5176 2766 5228 ἐστιν
2806 5156 3066 5243 ἀριθμός.
3111 5172 3337 5240 Λέγεται
3394 5174 3485 5224 καὶ
3530 5170 3699 5241 μέγας
3750 5168 3889 5221 κατὰ
3940 5167 3998 5219 τὸ

2445 5256 2972 5337 ὑπερπλῆρεςάὐτοῦ
3004 5265 3094 5316 καὶ
3118 5261 3584 5334 μεγαλουργὸν,ὄτι
3613 5261 3665 5311 αἱ
3693 5258 3862 5326 πηγαὶ
3892 5254 3995 5306 τῶν

2442 5360 2653 5431 δωρεῶν
2687 5357 2867 5421 αὑτοῦ,
2904 5356 3048 5427 παρὰ
3087 5356 3299 5409 πάντων
3334 5352 3707 5423 μετεχόμεναι,
3744 5345 3994 5420 άμείωτοι

2443 5469 2567 5503 εισι.

1916 5543 2208 5597 secundum
2260 5540 2543 5609 plusquam
2594 5540 2977 5611 plenitudinem
3022 5556 3086 5596 ac
3138 5537 3592 5609 magniﬁcentiam
3633 5551 3809 5601 suam,
3866 5546 3991 5603 quo-

791 5641 933 5697 niam
966 5640 1140 5696 fontes
1174 5655 1455 5694 munerum
1503 5639 1670 5709 ipsius
1709 5639 1775 5692 ab
1819 5636 2067 5692 omnibus
2117 5635 2414 5704 participati
2450 5634 2667 5690 minime
2701 5635 3039 5692 minuuntur.

862 5814 887 5841 ι
923 5798 1060 5855 Psal.
1103 5816 1243 5870 CLVI,
1272 5800 1321 5856 5.
