  <div class='ocr_page' id='page_1' title='image "/cluster/home/n/w/nwhite01/storage/ocr_20150623/3/pst.000003853313/472.png"; bbox 0 0 4156 6312; ppageno 0'>
   <div class='ocr_carea' id='block_1_1' title="bbox 107 434 229 493">
    <p class='ocr_par' dir='ltr' id='par_1_1' title="bbox 107 434 229 493">
     <span class='ocr_line' id='line_1_1' title="bbox 107 434 229 493; baseline 0 -2"><span class='ocrx_word' id='word_1_1' title='bbox 107 434 229 493; x_wconf 75' lang='lat'><strong>925</strong></span> 
     </span>
    </p>
   </div>
   <div class='ocr_carea' id='block_1_2' title="bbox 683 431 2771 501">
    <p class='ocr_par' dir='ltr' id='par_1_2' title="bbox 683 431 2771 501">
     <span class='ocr_line' id='line_1_2' title="bbox 683 431 2771 501; baseline 0.002 -13"><span class='ocrx_word' id='word_1_2' title='bbox 683 434 769 489; x_wconf 88' lang='lat' dir='ltr'><strong>DE</strong></span> <span class='ocrx_word' id='word_1_3' title='bbox 802 431 1051 491; x_wconf 78' lang='lat' dir='ltr'><strong>DlVlNIS</strong></span> <span class='ocrx_word' id='word_1_4' title='bbox 1082 434 1473 501; x_wconf 74' lang='lat' dir='ltr'><strong>NOMINIBUS,</strong></span> <span class='ocrx_word' id='word_1_5' title='bbox 1513 435 1665 492; x_wconf 80' lang='lat' dir='ltr'><strong>CAP.</strong></span> <span class='ocrx_word' id='word_1_6' title='bbox 1706 435 1797 492; x_wconf 77' lang='lat' dir='ltr'><strong>lX.</strong></span> <span class='ocrx_word' id='word_1_7' title='bbox 1835 465 1901 476; x_wconf 88' lang='lat'><strong>-—-</strong></span> <span class='ocrx_word' id='word_1_8' title='bbox 1929 433 2269 489; x_wconf 77' lang='lat' dir='ltr'><strong>PARAPHB.</strong></span> <span class='ocrx_word' id='word_1_9' title='bbox 2304 432 2771 493; x_wconf 65' lang='lat' dir='ltr'><strong>PACHYMERE.</strong></span> 
     </span>
    </p>
   </div>
   <div class='ocr_carea' id='block_1_3' title="bbox 3257 430 3361 490">
    <p class='ocr_par' dir='ltr' id='par_1_3' title="bbox 3257 430 3361 490">
     <span class='ocr_line' id='line_1_3' title="bbox 3257 430 3361 490; baseline -0.01 0"><span class='ocrx_word' id='word_1_10' title='bbox 3257 430 3361 490; x_wconf 72' lang='lat'><strong>926</strong></span> 
     </span>
    </p>
   </div>
   <div class='ocr_carea' id='block_1_4' title="bbox 193 547 1697 624">
    <p class='ocr_par' dir='ltr' id='par_1_4' title="bbox 193 550 1697 624">
     <span class='ocr_line' id='line_1_4' title="bbox 193 550 1697 624; baseline 0 -20"><span class='ocrx_word' id='word_1_11' title='bbox 193 551 226 624; x_wconf 65' lang='grc' dir='ltr'>ς</span> <span class='ocrx_word' id='word_1_12' title='bbox 270 550 354 605; x_wconf 83' lang='lat' dir='ltr'><strong>III.</strong></span> <span class='ocrx_word' id='word_1_13' title='bbox 395 550 602 623; x_wconf 87' lang='grc' dir='ltr'>Μικρὸν</span> <span class='ocrx_word' id='word_1_14' title='bbox 630 552 686 605; x_wconf 86' lang='grc' dir='ltr'>δὲ</span> <span class='ocrx_word' id='word_1_15' title='bbox 736 554 892 607; x_wconf 84' lang='grc' dir='ltr'>πάλιν</span> <span class='ocrx_word' id='word_1_16' title='bbox 922 554 1159 622; x_wconf 86' lang='grc' dir='ltr'>λέγεται,</span> <span class='ocrx_word' id='word_1_17' title='bbox 1187 553 1262 619; x_wconf 84' lang='grc' dir='ltr'>ὼς</span> <span class='ocrx_word' id='word_1_18' title='bbox 1306 555 1495 608; x_wconf 79' lang='grc' dir='ltr'><strong>οὐδένα</strong></span> <span class='ocrx_word' id='word_1_19' title='bbox 1532 555 1697 622; x_wconf 81' lang='grc' dir='ltr'><strong>ὄγκον</strong></span> 
     </span>
    </p>
   </div>
   <div class='ocr_carea' id='block_1_5' title="bbox 1800 547 3358 624">
    <p class='ocr_par' dir='ltr' id='par_1_5' title="bbox 1872 547 3358 622">
     <span class='ocr_line' id='line_1_5' title="bbox 1872 547 3358 622; baseline 0 -19"><span class='ocrx_word' id='word_1_20' title='bbox 1872 550 1902 622; x_wconf 74' lang='lat'><strong>§</strong></span> <span class='ocrx_word' id='word_1_21' title='bbox 1946 548 2033 604; x_wconf 82' lang='grc' dir='ltr'>ιιι.</span> <span class='ocrx_word' id='word_1_22' title='bbox 2087 549 2319 603; x_wconf 81' lang='lat' dir='ltr'><strong>Parvum</strong></span> <span class='ocrx_word' id='word_1_23' title='bbox 2370 565 2558 605; x_wconf 79' lang='lat' dir='ltr'><strong>rursus</strong></span> <span class='ocrx_word' id='word_1_24' title='bbox 2599 551 2816 617; x_wconf 90' lang='lat' dir='ltr'><strong>dicitur,</strong></span> <span class='ocrx_word' id='word_1_25' title='bbox 2862 560 2921 606; x_wconf 93' lang='lat' dir='ltr'><strong>ut</strong></span> <span class='ocrx_word' id='word_1_26' title='bbox 2968 553 3109 621; x_wconf 89' lang='lat' dir='ltr'><strong>quod</strong></span> <span class='ocrx_word' id='word_1_27' title='bbox 3157 547 3358 604; x_wconf 78' lang='lat' dir='ltr'><strong>nullam</strong></span> 
     </span>
    </p>
   </div>
   <div class='ocr_carea' id='block_1_6' title="bbox 105 642 1689 717">
    <p class='ocr_par' dir='ltr' id='par_1_6' title="bbox 105 642 1689 717">
     <span class='ocr_line' id='line_1_6' title="bbox 105 642 1689 717; baseline 0.001 -20"><span class='ocrx_word' id='word_1_28' title='bbox 105 644 146 714; x_wconf 80' lang='grc' dir='ltr'>ἢ</span> <span class='ocrx_word' id='word_1_29' title='bbox 183 644 459 714; x_wconf 86' lang='grc' dir='ltr'>διάστημα</span> <span class='ocrx_word' id='word_1_30' title='bbox 489 642 747 713; x_wconf 88' lang='grc' dir='ltr'>πεφυκὼς</span> <span class='ocrx_word' id='word_1_31' title='bbox 775 644 1046 710; x_wconf 82' lang='grc' dir='ltr'>δέξασθαι,</span> <span class='ocrx_word' id='word_1_32' title='bbox 1075 645 1187 699; x_wconf 81' lang='grc' dir='ltr'>ἀλλ’</span> <span class='ocrx_word' id='word_1_33' title='bbox 1216 647 1354 717; x_wconf 78' lang='grc' dir='ltr'>ὑπὲρ</span> <span class='ocrx_word' id='word_1_34' title='bbox 1386 646 1555 699; x_wconf 87' lang='grc' dir='ltr'>ταῦτα</span> <span class='ocrx_word' id='word_1_35' title='bbox 1586 645 1689 699; x_wconf 78' lang='grc' dir='ltr'><strong>ὢν·</strong></span> 
     </span>
    </p>
   </div>
   <div class='ocr_carea' id='block_1_7' title="bbox 107 732 1698 808">
    <p class='ocr_par' dir='ltr' id='par_1_7' title="bbox 107 732 1698 808">
     <span class='ocr_line' id='line_1_7' title="bbox 107 732 1698 808; baseline 0.002 -22"><span class='ocrx_word' id='word_1_36' title='bbox 107 732 219 791; x_wconf 73' lang='grc' dir='ltr'>καὶ</span> <span class='ocrx_word' id='word_1_37' title='bbox 259 733 455 797; x_wconf 74' lang='grc' dir='ltr'>ἄλλως,</span> <span class='ocrx_word' id='word_1_38' title='bbox 497 734 629 787; x_wconf 87' lang='grc' dir='ltr'>διότι</span> <span class='ocrx_word' id='word_1_39' title='bbox 674 734 761 801; x_wconf 83' lang='grc' dir='ltr'><strong>διὰ</strong></span> <span class='ocrx_word' id='word_1_40' title='bbox 808 736 1023 789; x_wconf 90' lang='grc' dir='ltr'>πάντων</span> <span class='ocrx_word' id='word_1_41' title='bbox 1073 736 1364 801; x_wconf 80' lang='grc' dir='ltr'><strong>ἀκωλύτως</strong></span> <span class='ocrx_word' id='word_1_42' title='bbox 1401 740 1584 808; x_wconf 89' lang='grc' dir='ltr'>χωρεῖ.</span> <span class='ocrx_word' id='word_1_43' title='bbox 1624 736 1698 790; x_wconf 91' lang='grc' dir='ltr'>Τὸ</span> 
     </span>
    </p>
   </div>
   <div class='ocr_carea' id='block_1_8' title="bbox 105 823 1698 898">
    <p class='ocr_par' dir='ltr' id='par_1_8' title="bbox 105 823 1698 898">
     <span class='ocr_line' id='line_1_8' title="bbox 105 823 1698 898; baseline 0.005 -22"><span class='ocrx_word' id='word_1_44' title='bbox 105 823 233 893; x_wconf 68' lang='grc' dir='ltr'><strong>γὰρ</strong></span> <span class='ocrx_word' id='word_1_45' title='bbox 278 824 506 895; x_wconf 88' lang='grc' dir='ltr'>σμικρὸν</span> <span class='ocrx_word' id='word_1_46' title='bbox 549 826 984 898; x_wconf 87' lang='grc' dir='ltr'>ἀρχοειδέστερόν</span> <span class='ocrx_word' id='word_1_47' title='bbox 1018 830 1135 881; x_wconf 86' lang='grc' dir='ltr'>ἐστι</span> <span class='ocrx_word' id='word_1_48' title='bbox 1180 828 1426 882; x_wconf 90' lang='grc' dir='ltr'>πάντων·</span> <span class='ocrx_word' id='word_1_49' title='bbox 1464 829 1598 882; x_wconf 91' lang='grc' dir='ltr'>καθὸ</span> <span class='ocrx_word' id='word_1_50' title='bbox 1633 831 1698 885; x_wconf 85' lang='grc' dir='ltr'><strong>ἐκ</strong></span> 
     </span>
    </p>
   </div>
   <div class='ocr_carea' id='block_1_9' title="bbox 105 915 1696 992">
    <p class='ocr_par' dir='ltr' id='par_1_9' title="bbox 105 915 1696 992">
     <span class='ocr_line' id='line_1_9' title="bbox 105 915 1696 992; baseline 0.003 -25"><span class='ocrx_word' id='word_1_51' title='bbox 105 915 217 967; x_wconf 80' lang='grc' dir='ltr'><strong>τοῦ</strong></span> <span class='ocrx_word' id='word_1_52' title='bbox 262 916 456 987; x_wconf 77' lang='grc' dir='ltr'><strong>μικροῦ</strong></span> <span class='ocrx_word' id='word_1_53' title='bbox 497 918 631 988; x_wconf 84' lang='grc' dir='ltr'>πρὸς</span> <span class='ocrx_word' id='word_1_54' title='bbox 660 917 722 970; x_wconf 91' lang='grc' dir='ltr'><strong>τὸ</strong></span> <span class='ocrx_word' id='word_1_55' title='bbox 757 918 937 988; x_wconf 78' lang='grc' dir='ltr'>μεῖζον</span> <span class='ocrx_word' id='word_1_56' title='bbox 961 918 1174 983; x_wconf 77' lang='grc' dir='ltr'>πρόεισι</span> <span class='ocrx_word' id='word_1_57' title='bbox 1213 920 1387 975; x_wconf 86' lang='grc' dir='ltr'>πάντα</span> <span class='ocrx_word' id='word_1_58' title='bbox 1425 919 1493 973; x_wconf 81' lang='grc' dir='ltr'>τὰ</span> <span class='ocrx_word' id='word_1_59' title='bbox 1537 923 1593 975; x_wconf 95' lang='grc' dir='ltr'><strong>ἐν</strong></span> <span class='ocrx_word' id='word_1_60' title='bbox 1630 923 1696 992; x_wconf 79' lang='grc' dir='ltr'>τῇ</span> 
     </span>
    </p>
   </div>
   <div class='ocr_carea' id='block_1_10' title="bbox 109 1006 1699 1083">
    <p class='ocr_par' dir='ltr' id='par_1_10' title="bbox 109 1006 1699 1083">
     <span class='ocr_line' id='line_1_10' title="bbox 109 1006 1699 1083; baseline 0.003 -24"><span class='ocrx_word' id='word_1_61' title='bbox 109 1006 374 1079; x_wconf 81' lang='grc' dir='ltr'>αὐξήσει,</span> <span class='ocrx_word' id='word_1_62' title='bbox 406 1009 499 1061; x_wconf 76' lang='grc' dir='ltr'>καὶ</span> <span class='ocrx_word' id='word_1_63' title='bbox 533 1008 690 1063; x_wconf 89' lang='grc' dir='ltr'>πάλιν</span> <span class='ocrx_word' id='word_1_64' title='bbox 713 1012 779 1063; x_wconf 88' lang='grc' dir='ltr'><strong>ἐκ</strong></span> <span class='ocrx_word' id='word_1_65' title='bbox 828 1008 1069 1080; x_wconf 79' lang='grc' dir='ltr'><strong>μείζονος</strong></span> <span class='ocrx_word' id='word_1_66' title='bbox 1100 1013 1233 1083; x_wconf 90' lang='grc' dir='ltr'>πρὸς</span> <span class='ocrx_word' id='word_1_67' title='bbox 1258 1010 1319 1065; x_wconf 92' lang='grc' dir='ltr'><strong>τὸ</strong></span> <span class='ocrx_word' id='word_1_68' title='bbox 1354 1011 1544 1083; x_wconf 89' lang='grc' dir='ltr'>μικρὸν</span> <span class='ocrx_word' id='word_1_69' title='bbox 1570 1028 1699 1065; x_wconf 89' lang='grc' dir='ltr'>κατ-</span> 
     </span>
    </p>
   </div>
   <div class='ocr_carea' id='block_1_11' title="bbox 108 1097 1697 1173">
    <p class='ocr_par' dir='ltr' id='par_1_11' title="bbox 108 1097 1697 1173">
     <span class='ocr_line' id='line_1_11' title="bbox 108 1097 1697 1173; baseline 0.002 -21"><span class='ocrx_word' id='word_1_70' title='bbox 108 1102 263 1171; x_wconf 81' lang='grc' dir='ltr'>αντᾷ</span> <span class='ocrx_word' id='word_1_71' title='bbox 297 1101 365 1155; x_wconf 86' lang='grc' dir='ltr'>τὰ</span> <span class='ocrx_word' id='word_1_72' title='bbox 405 1104 461 1154; x_wconf 91' lang='grc' dir='ltr'><strong>ἐν</strong></span> <span class='ocrx_word' id='word_1_73' title='bbox 494 1104 558 1172; x_wconf 84' lang='grc' dir='ltr'><strong>τῇ</strong></span> <span class='ocrx_word' id='word_1_74' title='bbox 620 1100 861 1172; x_wconf 83' lang='grc' dir='ltr'><strong>μειώσει.</strong></span> <span class='ocrx_word' id='word_1_75' title='bbox 911 1103 1178 1173; x_wconf 86' lang='grc' dir='ltr'>Στοιχεῖον</span> <span class='ocrx_word' id='word_1_76' title='bbox 1221 1104 1277 1156; x_wconf 85' lang='grc' dir='ltr'><strong>δέ</strong></span> <span class='ocrx_word' id='word_1_77' title='bbox 1320 1106 1491 1167; x_wconf 85' lang='grc' dir='ltr'>ἐστιν,</span> <span class='ocrx_word' id='word_1_78' title='bbox 1540 1102 1597 1169; x_wconf 81' lang='grc' dir='ltr'>ἐξ</span> <span class='ocrx_word' id='word_1_79' title='bbox 1638 1097 1697 1156; x_wconf 75' lang='grc' dir='ltr'><strong>οὗ</strong></span> 
     </span>
    </p>
   </div>
   <div class='ocr_carea' id='block_1_12' title="bbox 112 1191 1697 1262">
    <p class='ocr_par' dir='ltr' id='par_1_12' title="bbox 112 1191 1697 1262">
     <span class='ocr_line' id='line_1_12' title="bbox 112 1191 1697 1262; baseline 0.001 -19"><span class='ocrx_word' id='word_1_80' title='bbox 112 1191 567 1244; x_wconf 49' lang='grc' dir='ltr'>καὶςσινίσταταί</span> <span class='ocrx_word' id='word_1_81' title='bbox 597 1208 671 1254; x_wconf 91' lang='grc' dir='ltr'><strong>τι,</strong></span> <span class='ocrx_word' id='word_1_82' title='bbox 706 1193 799 1246; x_wconf 73' lang='grc' dir='ltr'><strong>καὶ</strong></span> <span class='ocrx_word' id='word_1_83' title='bbox 832 1194 911 1256; x_wconf 87' lang='grc' dir='ltr'><strong>εἰς</strong></span> <span class='ocrx_word' id='word_1_84' title='bbox 942 1193 970 1246; x_wconf 85' lang='lat'><strong>6</strong></span> <span class='ocrx_word' id='word_1_85' title='bbox 1002 1193 1306 1247; x_wconf 83' lang='grc' dir='ltr'><strong>ἀναλύεται.</strong></span> <span class='ocrx_word' id='word_1_86' title='bbox 1345 1194 1414 1246; x_wconf 88' lang='grc' dir='ltr'><strong><em>Ἦ</em></strong></span> <span class='ocrx_word' id='word_1_87' title='bbox 1459 1193 1588 1262; x_wconf 86' lang='grc' dir='ltr'>γοῦν</span> <span class='ocrx_word' id='word_1_88' title='bbox 1612 1191 1697 1245; x_wconf 86' lang='grc' dir='ltr'>διὰ</span> 
     </span>
    </p>
   </div>
   <div class='ocr_carea' id='block_1_13' title="bbox 109 1270 1699 1355">
    <p class='ocr_par' dir='ltr' id='par_1_13' title="bbox 109 1270 1699 1355">
     <span class='ocr_line' id='line_1_13' title="bbox 109 1270 1699 1355; baseline 0.003 -21"><span class='ocrx_word' id='word_1_89' title='bbox 109 1282 285 1335; x_wconf 84' lang='grc' dir='ltr'>τοῦτο</span> <span class='ocrx_word' id='word_1_90' title='bbox 328 1283 722 1352; x_wconf 71' lang='grc' dir='ltr'>στοιχειωτικόν</span> <span class='ocrx_word' id='word_1_91' title='bbox 779 1286 893 1337; x_wconf 90' lang='grc' dir='ltr'>ἐστι</span> <span class='ocrx_word' id='word_1_92' title='bbox 950 1285 1011 1337; x_wconf 89' lang='grc' dir='ltr'><strong>τὸ</strong></span> <span class='ocrx_word' id='word_1_93' title='bbox 1066 1284 1327 1355; x_wconf 84' lang='grc' dir='ltr'>σμικρὸν,</span> <span class='ocrx_word' id='word_1_94' title='bbox 1389 1286 1421 1355; x_wconf 83' lang='grc' dir='ltr'>ἢ</span> <span class='ocrx_word' id='word_1_95' title='bbox 1480 1270 1561 1338; x_wconf 83' lang='grc' dir='ltr'><strong>δτι</strong></span> <span class='ocrx_word' id='word_1_96' title='bbox 1608 1286 1699 1339; x_wconf 68' lang='grc' dir='ltr'><strong>καλ⁸</strong></span> 
     </span>
    </p>
   </div>
   <div class='ocr_carea' id='block_1_14' title="bbox 113 1372 1696 1455">
    <p class='ocr_par' dir='ltr' id='par_1_14' title="bbox 113 1372 1696 1455">
     <span class='ocr_line' id='line_1_14' title="bbox 113 1372 1696 1455; baseline 0.002 -28"><span class='ocrx_word' id='word_1_97' title='bbox 113 1377 183 1427; x_wconf 85' lang='grc' dir='ltr'><strong>ἐν</strong></span> <span class='ocrx_word' id='word_1_98' title='bbox 234 1372 315 1443; x_wconf 83' lang='grc' dir='ltr'><strong>τῷ</strong></span> <span class='ocrx_word' id='word_1_99' title='bbox 362 1374 564 1445; x_wconf 76' lang='grc' dir='ltr'>μείζονι</span> <span class='ocrx_word' id='word_1_100' title='bbox 618 1375 678 1427; x_wconf 84' lang='grc' dir='ltr'><strong>τὸ</strong></span> <span class='ocrx_word' id='word_1_101' title='bbox 713 1375 905 1445; x_wconf 84' lang='grc' dir='ltr'>μικρὸν</span> <span class='ocrx_word' id='word_1_102' title='bbox 955 1375 1256 1446; x_wconf 85' lang='grc' dir='ltr'><strong>θεωρεῖται,</strong></span> <span class='ocrx_word' id='word_1_103' title='bbox 1289 1378 1346 1429; x_wconf 88' lang='grc' dir='ltr'><strong>ἐν</strong></span> <span class='ocrx_word' id='word_1_104' title='bbox 1483 1376 1560 1447; x_wconf 85' lang='grc' dir='ltr'>τῷ</span> <span class='ocrx_word' id='word_1_105' title='bbox 1608 1394 1696 1447; x_wconf 89' lang='grc' dir='ltr'>μι-</span> 
     </span>
    </p>
   </div>
   <div class='ocr_carea' id='block_1_15' title="bbox 114 1466 1696 1539">
    <p class='ocr_par' dir='ltr' id='par_1_15' title="bbox 114 1466 1696 1539">
     <span class='ocr_line' id='line_1_15' title="bbox 114 1466 1696 1539; baseline 0.003 -20"><span class='ocrx_word' id='word_1_106' title='bbox 114 1466 246 1536; x_wconf 84' lang='grc' dir='ltr'>κρῷ</span> <span class='ocrx_word' id='word_1_107' title='bbox 286 1466 349 1520; x_wconf 90' lang='grc' dir='ltr'><strong>τὸ</strong></span> <span class='ocrx_word' id='word_1_108' title='bbox 401 1469 582 1537; x_wconf 78' lang='grc' dir='ltr'>μεῖζον</span> <span class='ocrx_word' id='word_1_109' title='bbox 645 1466 725 1521; x_wconf 76' lang='grc' dir='ltr'><strong>οὗ.</strong></span> <span class='ocrx_word' id='word_1_110' title='bbox 780 1468 866 1532; x_wconf 79' lang='grc' dir='ltr'>Ὠς</span> <span class='ocrx_word' id='word_1_111' title='bbox 902 1467 1051 1536; x_wconf 84' lang='grc' dir='ltr'>γοῦν</span> <span class='ocrx_word' id='word_1_112' title='bbox 1105 1470 1163 1521; x_wconf 88' lang='grc' dir='ltr'><strong>ἐν</strong></span> <span class='ocrx_word' id='word_1_113' title='bbox 1209 1467 1286 1538; x_wconf 85' lang='grc' dir='ltr'><strong>τῷ</strong></span> <span class='ocrx_word' id='word_1_114' title='bbox 1346 1470 1582 1539; x_wconf 85' lang='grc' dir='ltr'>συνθέτῳ</span> <span class='ocrx_word' id='word_1_115' title='bbox 1628 1470 1696 1523; x_wconf 80' lang='grc' dir='ltr'><strong>τὰ</strong></span> 
     </span>
    </p>
   </div>
   <div class='ocr_carea' id='block_1_16' title="bbox 115 1558 1696 1629">
    <p class='ocr_par' dir='ltr' id='par_1_16' title="bbox 115 1558 1696 1629">
     <span class='ocr_line' id='line_1_16' title="bbox 115 1558 1696 1629; baseline 0.001 -17"><span class='ocrx_word' id='word_1_116' title='bbox 115 1558 275 1613; x_wconf 79' lang='grc' dir='ltr'>ἁπλᾶ</span> <span class='ocrx_word' id='word_1_117' title='bbox 311 1560 680 1629; x_wconf 83' lang='grc' dir='ltr'>ἐμφαίνονται,</span> <span class='ocrx_word' id='word_1_118' title='bbox 706 1562 764 1613; x_wconf 88' lang='grc' dir='ltr'><strong>ἐν</strong></span> <span class='ocrx_word' id='word_1_119' title='bbox 788 1559 842 1612; x_wconf 89' lang='grc' dir='ltr'><strong>δέ</strong></span> <span class='ocrx_word' id='word_1_120' title='bbox 881 1562 991 1622; x_wconf 90' lang='grc' dir='ltr'>τοῖς</span> <span class='ocrx_word' id='word_1_121' title='bbox 1048 1558 1232 1622; x_wconf 83' lang='grc' dir='ltr'>ἁπλοῖς</span> <span class='ocrx_word' id='word_1_122' title='bbox 1259 1560 1437 1613; x_wconf 78' lang='grc' dir='ltr'>οὐκέτι</span> <span class='ocrx_word' id='word_1_123' title='bbox 1478 1560 1539 1613; x_wconf 89' lang='grc' dir='ltr'><strong>τὸ</strong></span> <span class='ocrx_word' id='word_1_124' title='bbox 1569 1559 1696 1613; x_wconf 84' lang='grc' dir='ltr'>σύν-</span> 
     </span>
    </p>
   </div>
   <div class='ocr_carea' id='block_1_17' title="bbox 116 1646 1694 1722">
    <p class='ocr_par' dir='ltr' id='par_1_17' title="bbox 116 1646 1694 1722">
     <span class='ocr_line' id='line_1_17' title="bbox 116 1646 1694 1722; baseline 0.003 -22"><span class='ocrx_word' id='word_1_125' title='bbox 116 1649 301 1711; x_wconf 83' lang='grc' dir='ltr'>Θετον,</span> <span class='ocrx_word' id='word_1_126' title='bbox 331 1650 423 1704; x_wconf 71' lang='grc' dir='ltr'>καὶ</span> <span class='ocrx_word' id='word_1_127' title='bbox 464 1651 521 1704; x_wconf 83' lang='grc' dir='ltr'><strong>ἐν</strong></span> <span class='ocrx_word' id='word_1_128' title='bbox 556 1653 676 1713; x_wconf 91' lang='grc' dir='ltr'>ταῖς</span> <span class='ocrx_word' id='word_1_129' title='bbox 706 1646 993 1714; x_wconf 84' lang='grc' dir='ltr'>συλλαϐαῖς</span> <span class='ocrx_word' id='word_1_130' title='bbox 1039 1650 1275 1719; x_wconf 83' lang='grc' dir='ltr'>δηλονότι</span> <span class='ocrx_word' id='word_1_131' title='bbox 1318 1650 1386 1704; x_wconf 85' lang='grc' dir='ltr'><strong>τὰ</strong></span> <span class='ocrx_word' id='word_1_132' title='bbox 1441 1654 1694 1722; x_wconf 87' lang='grc' dir='ltr'>στοιχεῖα,</span> 
     </span>
    </p>
   </div>
   <div class='ocr_carea' id='block_1_18' title="bbox 111 1741 1697 1813">
    <p class='ocr_par' dir='ltr' id='par_1_18' title="bbox 111 1741 1697 1813">
     <span class='ocr_line' id='line_1_18' title="bbox 111 1741 1697 1813; baseline 0.001 -19"><span class='ocrx_word' id='word_1_133' title='bbox 111 1741 186 1794; x_wconf 76' lang='grc' dir='ltr'>οὐ</span> <span class='ocrx_word' id='word_1_134' title='bbox 256 1741 360 1813; x_wconf 82' lang='grc' dir='ltr'>μὴν</span> <span class='ocrx_word' id='word_1_135' title='bbox 436 1744 494 1796; x_wconf 87' lang='grc' dir='ltr'><strong>ἐν</strong></span> <span class='ocrx_word' id='word_1_136' title='bbox 546 1744 660 1805; x_wconf 89' lang='grc' dir='ltr'>τοῖς</span> <span class='ocrx_word' id='word_1_137' title='bbox 720 1742 1001 1812; x_wconf 83' lang='grc' dir='ltr'>στοιχείοις</span> <span class='ocrx_word' id='word_1_138' title='bbox 1066 1744 1123 1795; x_wconf 92' lang='grc' dir='ltr'><strong>αἰ</strong></span> <span class='ocrx_word' id='word_1_139' title='bbox 1192 1743 1481 1797; x_wconf 77' lang='grc' dir='ltr'>συλλαϐαίο</span> <span class='ocrx_word' id='word_1_140' title='bbox 1528 1743 1697 1807; x_wconf 72' lang='grc' dir='ltr'>οὕτως</span> 
     </span>
    </p>
   </div>
   <div class='ocr_carea' id='block_1_19' title="bbox 1798 642 3356 711">
    <p class='ocr_par' dir='ltr' id='par_1_19' title="bbox 1798 642 3356 711">
     <span class='ocr_line' id='line_1_19' title="bbox 1798 642 3356 711; baseline -0.001 -15"><span class='ocrx_word' id='word_1_141' title='bbox 1798 643 1995 697; x_wconf 90' lang='lat' dir='ltr'><strong>molem</strong></span> <span class='ocrx_word' id='word_1_142' title='bbox 2030 642 2115 697; x_wconf 91' lang='lat' dir='ltr'><strong>vel</strong></span> <span class='ocrx_word' id='word_1_143' title='bbox 2149 642 2461 696; x_wconf 86' lang='lat' dir='ltr'><strong>distantiam</strong></span> <span class='ocrx_word' id='word_1_144' title='bbox 2494 643 2772 710; x_wconf 78' lang='lat' dir='ltr'><strong>suscipere</strong></span> <span class='ocrx_word' id='word_1_145' title='bbox 2823 645 3013 711; x_wconf 87' lang='lat' dir='ltr'><strong>possit.</strong></span> <span class='ocrx_word' id='word_1_146' title='bbox 3066 642 3161 697; x_wconf 89' lang='lat' dir='ltr'><strong>sed</strong></span> <span class='ocrx_word' id='word_1_147' title='bbox 3194 655 3356 709; x_wconf 81' lang='lat' dir='ltr'><strong>supra</strong></span> 
     </span>
    </p>
   </div>
   <div class='ocr_carea' id='block_1_20' title="bbox 1798 732 3359 802">
    <p class='ocr_par' dir='ltr' id='par_1_20' title="bbox 1798 732 3359 802">
     <span class='ocr_line' id='line_1_20' title="bbox 1798 732 3359 802; baseline -0.001 -15"><span class='ocrx_word' id='word_1_148' title='bbox 1798 733 1911 788; x_wconf 58' lang='lat' dir='ltr'><strong>hac</strong></span> <span class='ocrx_word' id='word_1_149' title='bbox 1950 732 2174 798; x_wconf 78' lang='lat' dir='ltr'><strong>existat;</strong></span> <span class='ocrx_word' id='word_1_150' title='bbox 2209 741 2264 787; x_wconf 89' lang='lat' dir='ltr'><strong>et</strong></span> <span class='ocrx_word' id='word_1_151' title='bbox 2320 732 2498 797; x_wconf 91' lang='lat' dir='ltr'><strong>aliter,</strong></span> <span class='ocrx_word' id='word_1_152' title='bbox 2548 733 2675 801; x_wconf 81' lang='lat' dir='ltr'><strong>quia</strong></span> <span class='ocrx_word' id='word_1_153' title='bbox 2725 733 2929 802; x_wconf 82' lang='lat' dir='ltr'><strong>absque</strong></span> <span class='ocrx_word' id='word_1_154' title='bbox 2973 733 3359 802; x_wconf 85' lang='lat' dir='ltr'><strong>impedimento</strong></span> 
     </span>
    </p>
   </div>
   <div class='ocr_carea' id='block_1_21' title="bbox 1796 820 3359 892">
    <p class='ocr_par' dir='ltr' id='par_1_21' title="bbox 1796 820 3359 892">
     <span class='ocr_line' id='line_1_21' title="bbox 1796 820 3359 892; baseline -0.001 -15"><span class='ocrx_word' id='word_1_155' title='bbox 1796 832 1989 877; x_wconf 91' lang='lat' dir='ltr'><strong>cuncta</strong></span> <span class='ocrx_word' id='word_1_156' title='bbox 2037 830 2299 891; x_wconf 89' lang='lat' dir='ltr'><strong>penetrat.</strong></span> <span class='ocrx_word' id='word_1_157' title='bbox 2354 820 2588 875; x_wconf 79' lang='lat' dir='ltr'><strong>Parvum</strong></span> <span class='ocrx_word' id='word_1_158' title='bbox 2652 822 2795 875; x_wconf 89' lang='lat' dir='ltr'><strong>enim</strong></span> <span class='ocrx_word' id='word_1_159' title='bbox 2825 859 2840 884; x_wconf 89' lang='lat'><strong>,</strong></span> <span class='ocrx_word' id='word_1_160' title='bbox 2889 822 3215 892; x_wconf 69' lang='lat' dir='ltr'><strong>principium</strong></span> <span class='ocrx_word' id='word_1_161' title='bbox 3273 829 3359 877; x_wconf 86' lang='lat' dir='ltr'><strong>est</strong></span> 
     </span>
    </p>
   </div>
   <div class='ocr_carea' id='block_1_22' title="bbox 1797 913 3359 983">
    <p class='ocr_par' dir='ltr' id='par_1_22' title="bbox 1797 913 3359 983">
     <span class='ocr_line' id='line_1_22' title="bbox 1797 913 3359 983; baseline -0.001 -14"><span class='ocrx_word' id='word_1_162' title='bbox 1797 915 2078 978; x_wconf 89' lang='lat' dir='ltr'><strong>omnium;</strong></span> <span class='ocrx_word' id='word_1_163' title='bbox 2125 913 2378 981; x_wconf 89' lang='lat' dir='ltr'><strong>quoniam</strong></span> <span class='ocrx_word' id='word_1_164' title='bbox 2427 916 2609 968; x_wconf 87' lang='lat' dir='ltr'><strong>omnia</strong></span> <span class='ocrx_word' id='word_1_165' title='bbox 2656 928 2774 983; x_wconf 76' lang='lat' dir='ltr'><strong>qua:</strong></span> <span class='ocrx_word' id='word_1_166' title='bbox 2831 913 3217 969; x_wconf 87' lang='lat' dir='ltr'><strong>incrementum</strong></span> <span class='ocrx_word' id='word_1_167' title='bbox 3259 926 3359 967; x_wconf 79' lang='lat' dir='ltr'><strong>su-</strong></span> 
     </span>
    </p>
   </div>
   <div class='ocr_carea' id='block_1_23' title="bbox 1798 1003 3356 1073">
    <p class='ocr_par' dir='ltr' id='par_1_23' title="bbox 1798 1003 3356 1073">
     <span class='ocr_line' id='line_1_23' title="bbox 1798 1003 3356 1073; baseline -0.001 -14"><span class='ocrx_word' id='word_1_168' title='bbox 1798 1016 1968 1073; x_wconf 91' lang='lat' dir='ltr'><strong>munt,</strong></span> <span class='ocrx_word' id='word_1_169' title='bbox 1992 1019 2059 1059; x_wconf 79' lang='lat' dir='ltr'><strong>ex</strong></span> <span class='ocrx_word' id='word_1_170' title='bbox 2093 1020 2255 1073; x_wconf 83' lang='lat' dir='ltr'><strong>parvo</strong></span> <span class='ocrx_word' id='word_1_171' title='bbox 2278 1005 2331 1057; x_wconf 91' lang='lat' dir='ltr'><strong>in</strong></span> <span class='ocrx_word' id='word_1_172' title='bbox 2376 1019 2627 1073; x_wconf 83' lang='lat' dir='ltr'><strong>magnum</strong></span> <span class='ocrx_word' id='word_1_173' title='bbox 2669 1005 2928 1070; x_wconf 83' lang='lat' dir='ltr'><strong>evadunt,</strong></span> <span class='ocrx_word' id='word_1_174' title='bbox 2960 1012 3014 1060; x_wconf 92' lang='lat' dir='ltr'><strong>et</strong></span> <span class='ocrx_word' id='word_1_175' title='bbox 3057 1019 3270 1071; x_wconf 68' lang='lat' dir='ltr'><strong>rursum</strong></span> <span class='ocrx_word' id='word_1_176' title='bbox 3301 1003 3356 1057; x_wconf 85' lang='lat' dir='ltr'><strong>in</strong></span> 
     </span>
    </p>
   </div>
   <div class='ocr_carea' id='block_1_24' title="bbox 1798 1089 3360 1165">
    <p class='ocr_par' dir='ltr' id='par_1_24' title="bbox 1798 1089 3360 1165">
     <span class='ocr_line' id='line_1_24' title="bbox 1798 1089 3360 1165; baseline -0.004 -14"><span class='ocrx_word' id='word_1_177' title='bbox 1798 1098 2160 1160; x_wconf 81' lang='lat' dir='ltr'><strong>decrementa,</strong></span> <span class='ocrx_word' id='word_1_178' title='bbox 2195 1113 2263 1149; x_wconf 80' lang='lat' dir='ltr'><strong>ex</strong></span> <span class='ocrx_word' id='word_1_179' title='bbox 2298 1094 2484 1161; x_wconf 80' lang='lat' dir='ltr'><strong>majori</strong></span> <span class='ocrx_word' id='word_1_180' title='bbox 2529 1095 2597 1149; x_wconf 90' lang='lat' dir='ltr'><strong>ad</strong></span> <span class='ocrx_word' id='word_1_181' title='bbox 2645 1096 2698 1148; x_wconf 91' lang='lat' dir='ltr'><strong>id</strong></span> <span class='ocrx_word' id='word_1_182' title='bbox 2748 1096 2891 1165; x_wconf 87' lang='lat' dir='ltr'><strong>quod</strong></span> <span class='ocrx_word' id='word_1_183' title='bbox 2939 1096 3116 1152; x_wconf 91' lang='lat' dir='ltr'><strong>minus</strong></span> <span class='ocrx_word' id='word_1_184' title='bbox 3146 1089 3360 1151; x_wconf 81' lang='lat' dir='ltr'><strong>estred-</strong></span> 
     </span>
    </p>
   </div>
   <div class='ocr_carea' id='block_1_25' title="bbox 1797 1186 3359 1255">
    <p class='ocr_par' dir='ltr' id='par_1_25' title="bbox 1797 1186 3359 1255">
     <span class='ocr_line' id='line_1_25' title="bbox 1797 1186 3359 1255; baseline -0.001 -14"><span class='ocrx_word' id='word_1_185' title='bbox 1797 1194 1947 1241; x_wconf 88' lang='lat' dir='ltr'><strong>eunt.</strong></span> <span class='ocrx_word' id='word_1_186' title='bbox 2017 1187 2352 1241; x_wconf 82' lang='lat' dir='ltr'><strong>Elementum</strong></span> <span class='ocrx_word' id='word_1_187' title='bbox 2387 1196 2564 1241; x_wconf 89' lang='lat' dir='ltr'><strong>autem</strong></span> <span class='ocrx_word' id='word_1_188' title='bbox 2597 1197 2680 1242; x_wconf 91' lang='lat' dir='ltr'><strong>est</strong></span> <span class='ocrx_word' id='word_1_189' title='bbox 2714 1187 2786 1248; x_wconf 90' lang='lat' dir='ltr'><strong>id.</strong></span> <span class='ocrx_word' id='word_1_190' title='bbox 2823 1201 2888 1241; x_wconf 81' lang='lat' dir='ltr'><strong>ex</strong></span> <span class='ocrx_word' id='word_1_191' title='bbox 2923 1201 3030 1255; x_wconf 88' lang='lat' dir='ltr'><strong>quo</strong></span> <span class='ocrx_word' id='word_1_192' title='bbox 3063 1186 3225 1240; x_wconf 87' lang='lat' dir='ltr'><strong>etiam</strong></span> <span class='ocrx_word' id='word_1_193' title='bbox 3259 1186 3359 1239; x_wconf 81' lang='lat' dir='ltr'><strong>ali-</strong></span> 
     </span>
    </p>
   </div>
   <div class='ocr_carea' id='block_1_26' title="bbox 1797 1274 3359 1346">
    <p class='ocr_par' dir='ltr' id='par_1_26' title="bbox 1797 1274 3359 1346">
     <span class='ocr_line' id='line_1_26' title="bbox 1797 1274 3359 1346; baseline 0.003 -19"><span class='ocrx_word' id='word_1_194' title='bbox 1797 1277 1927 1346; x_wconf 85' lang='lat' dir='ltr'><strong>quid</strong></span> <span class='ocrx_word' id='word_1_195' title='bbox 1955 1276 2319 1345; x_wconf 89' lang='lat' dir='ltr'><strong>componitur,</strong></span> <span class='ocrx_word' id='word_1_196' title='bbox 2344 1286 2399 1331; x_wconf 90' lang='lat' dir='ltr'><strong>et</strong></span> <span class='ocrx_word' id='word_1_197' title='bbox 2430 1276 2481 1329; x_wconf 89' lang='lat' dir='ltr'><strong>in</strong></span> <span class='ocrx_word' id='word_1_198' title='bbox 2507 1277 2647 1344; x_wconf 87' lang='lat' dir='ltr'><strong>quod</strong></span> <span class='ocrx_word' id='word_1_199' title='bbox 2686 1274 2994 1329; x_wconf 84' lang='lat' dir='ltr'><strong>resolvitur.</strong></span> <span class='ocrx_word' id='word_1_200' title='bbox 3029 1274 3120 1328; x_wconf 81' lang='lat' dir='ltr'><strong>Vel</strong></span> <span class='ocrx_word' id='word_1_201' title='bbox 3158 1274 3359 1331; x_wconf 81' lang='lat' dir='ltr'><strong>idcirco</strong></span> 
     </span>
    </p>
   </div>
   <div class='ocr_carea' id='block_1_27' title="bbox 1799 1364 3357 1438">
    <p class='ocr_par' dir='ltr' id='par_1_27' title="bbox 1799 1364 3357 1438">
     <span class='ocr_line' id='line_1_27' title="bbox 1799 1364 3357 1438; baseline -0.001 -17"><span class='ocrx_word' id='word_1_202' title='bbox 1799 1369 1961 1438; x_wconf 88' lang='lat' dir='ltr'><strong>igitur</strong></span> <span class='ocrx_word' id='word_1_203' title='bbox 2008 1368 2167 1423; x_wconf 84' lang='lat' dir='ltr'><strong>etiam</strong></span> <span class='ocrx_word' id='word_1_204' title='bbox 2221 1381 2444 1437; x_wconf 90' lang='lat' dir='ltr'><strong>parvum</strong></span> <span class='ocrx_word' id='word_1_205' title='bbox 2497 1377 2580 1421; x_wconf 88' lang='lat' dir='ltr'><strong>est</strong></span> <span class='ocrx_word' id='word_1_206' title='bbox 2624 1366 2974 1428; x_wconf 90' lang='lat' dir='ltr'><strong>elementare,</strong></span> <span class='ocrx_word' id='word_1_207' title='bbox 3008 1364 3090 1419; x_wconf 86' lang='lat' dir='ltr'><strong>vel</strong></span> <span class='ocrx_word' id='word_1_208' title='bbox 3124 1365 3248 1433; x_wconf 76' lang='lat' dir='ltr'><strong>quis</strong></span> <span class='ocrx_word' id='word_1_209' title='bbox 3302 1366 3357 1420; x_wconf 91' lang='lat' dir='ltr'><strong>in</strong></span> 
     </span>
    </p>
   </div>
   <div class='ocr_carea' id='block_1_28' title="bbox 1780 1455 3356 1525">
    <p class='ocr_par' dir='ltr' id='par_1_28' title="bbox 1780 1455 3356 1525">
     <span class='ocr_line' id='line_1_28' title="bbox 1780 1455 3356 1525; baseline 0 -17"><span class='ocrx_word' id='word_1_210' title='bbox 1780 1455 1985 1522; x_wconf 81' lang='lat' dir='ltr'><strong>&#39;majori</strong></span> <span class='ocrx_word' id='word_1_211' title='bbox 2028 1470 2249 1525; x_wconf 87' lang='lat' dir='ltr'><strong>parvum</strong></span> <span class='ocrx_word' id='word_1_212' title='bbox 2284 1456 2677 1518; x_wconf 82' lang='lat' dir='ltr'><strong>consideratur,</strong></span> <span class='ocrx_word' id='word_1_213' title='bbox 2714 1472 2820 1509; x_wconf 82' lang='lat' dir='ltr'><strong>non</strong></span> <span class='ocrx_word' id='word_1_214' title='bbox 2875 1464 3055 1509; x_wconf 91' lang='lat' dir='ltr'><strong>autem</strong></span> <span class='ocrx_word' id='word_1_215' title='bbox 3104 1471 3356 1524; x_wconf 85' lang='lat' dir='ltr'><strong>magnum</strong></span> 
     </span>
    </p>
   </div>
   <div class='ocr_carea' id='block_1_29' title="bbox 1799 1546 3360 1617">
    <p class='ocr_par' dir='ltr' id='par_1_29' title="bbox 1799 1546 3360 1617">
     <span class='ocr_line' id='line_1_29' title="bbox 1799 1546 3360 1617; baseline -0.001 -17"><span class='ocrx_word' id='word_1_216' title='bbox 1799 1549 1851 1600; x_wconf 92' lang='lat' dir='ltr'><strong>in</strong></span> <span class='ocrx_word' id='word_1_217' title='bbox 1880 1562 2067 1615; x_wconf 91' lang='lat' dir='ltr'><strong>parvo.</strong></span> <span class='ocrx_word' id='word_1_218' title='bbox 2103 1546 2257 1602; x_wconf 87' lang='lat' dir='ltr'><strong>Sicut</strong></span> <span class='ocrx_word' id='word_1_219' title='bbox 2289 1561 2417 1617; x_wconf 86' lang='lat' dir='ltr'><strong>ergo</strong></span> <span class='ocrx_word' id='word_1_220' title='bbox 2462 1548 2513 1600; x_wconf 93' lang='lat' dir='ltr'><strong>in</strong></span> <span class='ocrx_word' id='word_1_221' title='bbox 2547 1546 2846 1616; x_wconf 89' lang='lat' dir='ltr'><strong>composito</strong></span> <span class='ocrx_word' id='word_1_222' title='bbox 2879 1546 3145 1613; x_wconf 86' lang='lat' dir='ltr'><strong>simplicia</strong></span> <span class='ocrx_word' id='word_1_223' title='bbox 3190 1560 3360 1615; x_wconf 89' lang='lat' dir='ltr'><strong>appa-</strong></span> 
     </span>
    </p>
   </div>
   <div class='ocr_carea' id='block_1_30' title="bbox 1806 1637 3358 1708">
    <p class='ocr_par' dir='ltr' id='par_1_30' title="bbox 1806 1637 3358 1708">
     <span class='ocr_line' id='line_1_30' title="bbox 1806 1637 3358 1708; baseline -0.001 -16"><span class='ocrx_word' id='word_1_224' title='bbox 1806 1650 1947 1704; x_wconf 86' lang='lat' dir='ltr'><strong>rent,</strong></span> <span class='ocrx_word' id='word_1_225' title='bbox 1984 1655 2086 1693; x_wconf 92' lang='lat' dir='ltr'><strong>non</strong></span> <span class='ocrx_word' id='word_1_226' title='bbox 2125 1649 2303 1693; x_wconf 91' lang='lat' dir='ltr'><strong>autem</strong></span> <span class='ocrx_word' id='word_1_227' title='bbox 2340 1639 2393 1692; x_wconf 92' lang='lat' dir='ltr'><strong>in</strong></span> <span class='ocrx_word' id='word_1_228' title='bbox 2426 1639 2765 1708; x_wconf 82' lang='lat' dir='ltr'><strong>simplicibus</strong></span> <span class='ocrx_word' id='word_1_229' title='bbox 2789 1640 3168 1707; x_wconf 91' lang='lat' dir='ltr'><strong>compositum,</strong></span> <span class='ocrx_word' id='word_1_230' title='bbox 3216 1647 3272 1692; x_wconf 88' lang='lat' dir='ltr'><strong>et</strong></span> <span class='ocrx_word' id='word_1_231' title='bbox 3305 1637 3358 1691; x_wconf 90' lang='lat' dir='ltr'><strong>in</strong></span> 
     </span>
    </p>
   </div>
   <div class='ocr_carea' id='block_1_31' title="bbox 1801 1728 3361 1800">
    <p class='ocr_par' dir='ltr' id='par_1_31' title="bbox 1801 1728 3361 1800">
     <span class='ocr_line' id='line_1_31' title="bbox 1801 1728 3361 1800; baseline -0.001 -17"><span class='ocrx_word' id='word_1_232' title='bbox 1801 1729 2020 1800; x_wconf 79' lang='lat' dir='ltr'><strong>syllabis</strong></span> <span class='ocrx_word' id='word_1_233' title='bbox 2054 1746 2105 1783; x_wconf 94' lang='lat' dir='ltr'><strong>v.</strong></span> <span class='ocrx_word' id='word_1_234' title='bbox 2142 1745 2193 1799; x_wconf 88' lang='lat' dir='ltr'><strong>g.</strong></span> <span class='ocrx_word' id='word_1_235' title='bbox 2243 1730 2529 1795; x_wconf 88' lang='lat' dir='ltr'><strong>elementa,</strong></span> <span class='ocrx_word' id='word_1_236' title='bbox 2567 1745 2671 1783; x_wconf 92' lang='lat' dir='ltr'><strong>non</strong></span> <span class='ocrx_word' id='word_1_237' title='bbox 2718 1745 2847 1783; x_wconf 90' lang='lat' dir='ltr'><strong>vero</strong></span> <span class='ocrx_word' id='word_1_238' title='bbox 2894 1730 3110 1800; x_wconf 74' lang='lat' dir='ltr'><strong>syllabae</strong></span> <span class='ocrx_word' id='word_1_239' title='bbox 3152 1730 3205 1782; x_wconf 90' lang='lat' dir='ltr'><strong>in</strong></span> <span class='ocrx_word' id='word_1_240' title='bbox 3252 1728 3361 1791; x_wconf 85' lang='lat' dir='ltr'><strong>ele-</strong></span> 
     </span>
    </p>
   </div>
   <div class='ocr_carea' id='block_1_32' title="bbox 114 1811 1697 1902">
    <p class='ocr_par' dir='ltr' id='par_1_32' title="bbox 114 1811 1697 1902">
     <span class='ocr_line' id='line_1_32' title="bbox 114 1811 1697 1902; baseline 0.003 -19"><span class='ocrx_word' id='word_1_241' title='bbox 114 1811 362 1883; x_wconf 76' lang='grc' dir='ltr'>ἐνταῦθα</span> <span class='ocrx_word' id='word_1_242' title='bbox 400 1831 461 1884; x_wconf 91' lang='grc' dir='ltr'><strong>τὸ</strong></span> <span class='ocrx_word' id='word_1_243' title='bbox 502 1830 694 1902; x_wconf 87' lang='grc' dir='ltr'>μικρὸν</span> <span class='ocrx_word' id='word_1_244' title='bbox 742 1830 1142 1901; x_wconf 84' lang='grc' dir='ltr'>στοιχειωτικὸν</span> <span class='ocrx_word' id='word_1_245' title='bbox 1182 1830 1415 1901; x_wconf 84' lang='grc' dir='ltr'>λέγεται,</span> <span class='ocrx_word' id='word_1_246' title='bbox 1448 1833 1529 1886; x_wconf 81' lang='grc' dir='ltr'>ὅτι</span> <span class='ocrx_word' id='word_1_247' title='bbox 1567 1832 1697 1887; x_wconf 87' lang='grc' dir='ltr'>αὐτὸ</span> 
     </span>
    </p>
   </div>
   <div class='ocr_carea' id='block_1_33' title="bbox 1800 1811 3362 1902">
    <p class='ocr_par' dir='ltr' id='par_1_33' title="bbox 1810 1811 3362 1890">
     <span class='ocr_line' id='line_1_33' title="bbox 1810 1811 3362 1890; baseline -0.001 -16"><span class='ocrx_word' id='word_1_248' title='bbox 1810 1822 2039 1887; x_wconf 73' lang='lat' dir='ltr'><strong>meritis;</strong></span> <span class='ocrx_word' id='word_1_249' title='bbox 2085 1821 2158 1875; x_wconf 91' lang='lat' dir='ltr'><strong>ita</strong></span> <span class='ocrx_word' id='word_1_250' title='bbox 2195 1821 2303 1886; x_wconf 90' lang='lat' dir='ltr'><strong>hic,</strong></span> <span class='ocrx_word' id='word_1_251' title='bbox 2350 1836 2573 1890; x_wconf 86' lang='lat' dir='ltr'><strong>parvum</strong></span> <span class='ocrx_word' id='word_1_252' title='bbox 2624 1811 2675 1875; x_wconf 88' lang='lat' dir='ltr'><strong>id</strong></span> <span class='ocrx_word' id='word_1_253' title='bbox 2727 1821 2867 1890; x_wconf 92' lang='lat' dir='ltr'><strong>quod</strong></span> <span class='ocrx_word' id='word_1_254' title='bbox 2914 1820 3240 1875; x_wconf 86' lang='lat' dir='ltr'><strong>elementare</strong></span> <span class='ocrx_word' id='word_1_255' title='bbox 3278 1826 3362 1874; x_wconf 88' lang='lat' dir='ltr'><strong>est</strong></span> 
     </span>
    </p>
   </div>
   <div class='ocr_carea' id='block_1_34' title="bbox 118 1893 1697 1996">
    <p class='ocr_par' dir='ltr' id='par_1_34' title="bbox 118 1893 1694 1996">
     <span class='ocr_line' id='line_1_34' title="bbox 118 1893 1694 1996; baseline 0.003 -23"><span class='ocrx_word' id='word_1_256' title='bbox 118 1921 229 1991; x_wconf 82' lang='grc' dir='ltr'>μὲν</span> <span class='ocrx_word' id='word_1_257' title='bbox 257 1924 315 1974; x_wconf 84' lang='grc' dir='ltr'><strong>ἐν</strong></span> <span class='ocrx_word' id='word_1_258' title='bbox 340 1920 415 1992; x_wconf 84' lang='grc' dir='ltr'>τῷ</span> <span class='ocrx_word' id='word_1_259' title='bbox 444 1893 647 1992; x_wconf 74' lang='grc' dir='ltr'>μείζονι</span> <span class='ocrx_word' id='word_1_260' title='bbox 672 1893 1011 1993; x_wconf 59' lang='grc' dir='ltr'>ιμφαιᾷὲται,</span> <span class='ocrx_word' id='word_1_261' title='bbox 1034 1926 1095 1978; x_wconf 88' lang='grc' dir='ltr'>οὺ</span> <span class='ocrx_word' id='word_1_262' title='bbox 1142 1893 1321 1996; x_wconf 38' lang='grc' dir='ltr'>μὴν-δέ</span> <span class='ocrx_word' id='word_1_263' title='bbox 1355 1893 1451 1979; x_wconf 49' lang='lat' dir='ltr'><strong>xu</strong></span> <span class='ocrx_word' id='word_1_264' title='bbox 1474 1925 1535 1977; x_wconf 89' lang='lat' dir='ltr'><strong>rb</strong></span> <span class='ocrx_word' id='word_1_265' title='bbox 1563 1926 1694 1978; x_wconf 85' lang='grc' dir='ltr'>ἀνά-</span> 
     </span>
    </p>
   </div>
   <div class='ocr_carea' id='block_1_35' title="bbox 1800 1893 3356 1996">
    <p class='ocr_par' dir='ltr' id='par_1_35' title="bbox 1800 1911 3356 1982">
     <span class='ocr_line' id='line_1_35' title="bbox 1800 1911 3356 1982; baseline -0.002 -15"><span class='ocrx_word' id='word_1_266' title='bbox 1800 1914 2019 1980; x_wconf 88' lang='lat' dir='ltr'><strong>dicitur,</strong></span> <span class='ocrx_word' id='word_1_267' title='bbox 2054 1914 2306 1981; x_wconf 89' lang='lat' dir='ltr'><strong>quoniam</strong></span> <span class='ocrx_word' id='word_1_268' title='bbox 2343 1913 2514 1981; x_wconf 91' lang='lat' dir='ltr'><strong>ipsum</strong></span> <span class='ocrx_word' id='word_1_269' title='bbox 2546 1913 2758 1982; x_wconf 89' lang='lat' dir='ltr'><strong>quidem</strong></span> <span class='ocrx_word' id='word_1_270' title='bbox 2790 1913 2846 1965; x_wconf 91' lang='lat' dir='ltr'><strong>in</strong></span> <span class='ocrx_word' id='word_1_271' title='bbox 2898 1911 3084 1980; x_wconf 86' lang='lat' dir='ltr'><strong>majori</strong></span> <span class='ocrx_word' id='word_1_272' title='bbox 3119 1919 3356 1980; x_wconf 77' lang='lat' dir='ltr'><strong>apparet,</strong></span> 
     </span>
    </p>
   </div>
   <div class='ocr_carea' id='block_1_36' title="bbox 117 2008 1694 2087">
    <p class='ocr_par' dir='ltr' id='par_1_36' title="bbox 117 2008 1694 2087">
     <span class='ocr_line' id='line_1_36' title="bbox 117 2008 1694 2087; baseline 0.002 -23"><span class='ocrx_word' id='word_1_273' title='bbox 117 2011 305 2066; x_wconf 79' lang='grc' dir='ltr'>παλιν.</span> <span class='ocrx_word' id='word_1_274' title='bbox 330 2012 483 2067; x_wconf 81' lang='grc' dir='ltr'>Οὕτω</span> <span class='ocrx_word' id='word_1_275' title='bbox 517 2013 730 2082; x_wconf 84' lang='grc' dir='ltr'>λέγεται</span> <span class='ocrx_word' id='word_1_276' title='bbox 772 2016 864 2067; x_wconf 81' lang='grc' dir='ltr'><strong>καί</strong></span> <span class='ocrx_word' id='word_1_277' title='bbox 889 2016 980 2075; x_wconf 80' lang='grc' dir='ltr'>ἐπὶ</span> <span class='ocrx_word' id='word_1_278' title='bbox 1017 2014 1153 2068; x_wconf 83' lang='grc' dir='ltr'><strong>Θεοῦ</strong></span> <span class='ocrx_word' id='word_1_279' title='bbox 1195 2015 1255 2068; x_wconf 90' lang='grc' dir='ltr'><strong>τὸ</strong></span> <span class='ocrx_word' id='word_1_280' title='bbox 1288 2015 1499 2087; x_wconf 89' lang='grc' dir='ltr'>μικρὸν,</span> <span class='ocrx_word' id='word_1_281' title='bbox 1530 2015 1598 2067; x_wconf 84' lang='grc' dir='ltr'><strong>δι’</strong></span> <span class='ocrx_word' id='word_1_282' title='bbox 1621 2008 1694 2068; x_wconf 85' lang='grc' dir='ltr'>ὧν</span> 
     </span>
    </p>
   </div>
   <div class='ocr_carea' id='block_1_37' title="bbox 113 2102 1693 2181">
    <p class='ocr_par' dir='ltr' id='par_1_37' title="bbox 113 2102 1693 2181">
     <span class='ocr_line' id='line_1_37' title="bbox 113 2102 1693 2181; baseline 0.004 -24"><span class='ocrx_word' id='word_1_283' title='bbox 113 2105 336 2176; x_wconf 80' lang='grc' dir='ltr'>τίθησιν</span> <span class='ocrx_word' id='word_1_284' title='bbox 362 2106 730 2173; x_wconf 68' lang='grc' dir='ltr'>ἀποστολικῶν</span> <span class='ocrx_word' id='word_1_285' title='bbox 761 2109 1037 2179; x_wconf 80' lang='grc' dir='ltr'><strong>ῥημάτων,</strong></span> <span class='ocrx_word' id='word_1_286' title='bbox 1064 2109 1122 2175; x_wconf 81' lang='grc' dir='ltr'>ἐξ</span> <span class='ocrx_word' id='word_1_287' title='bbox 1165 2102 1238 2163; x_wconf 81' lang='grc' dir='ltr'>ὧν</span> <span class='ocrx_word' id='word_1_288' title='bbox 1268 2108 1329 2163; x_wconf 91' lang='grc' dir='ltr'><strong>τὸ</strong></span> <span class='ocrx_word' id='word_1_289' title='bbox 1358 2110 1693 2181; x_wconf 76' lang='grc' dir='ltr'>ὑπεροξύπο-</span> 
     </span>
    </p>
   </div>
   <div class='ocr_carea' id='block_1_38' title="bbox 118 2197 1696 2274">
    <p class='ocr_par' dir='ltr' id='par_1_38' title="bbox 118 2197 1696 2274">
     <span class='ocr_line' id='line_1_38' title="bbox 118 2197 1696 2274; baseline 0.004 -24"><span class='ocrx_word' id='word_1_290' title='bbox 118 2214 221 2267; x_wconf 89' lang='grc' dir='ltr'><strong>ρον</strong></span> <span class='ocrx_word' id='word_1_291' title='bbox 246 2199 341 2267; x_wconf 84' lang='grc' dir='ltr'>τῆς</span> <span class='ocrx_word' id='word_1_292' title='bbox 363 2197 458 2251; x_wconf 88' lang='grc' dir='ltr'><strong>τοῦ</strong></span> <span class='ocrx_word' id='word_1_293' title='bbox 485 2197 619 2251; x_wconf 91' lang='grc' dir='ltr'>Θεοῦ</span> <span class='ocrx_word' id='word_1_294' title='bbox 644 2201 736 2253; x_wconf 77' lang='grc' dir='ltr'>καὶ</span> <span class='ocrx_word' id='word_1_295' title='bbox 770 2201 862 2254; x_wconf 76' lang='grc' dir='ltr'>ἐπὶ</span> <span class='ocrx_word' id='word_1_296' title='bbox 887 2201 954 2255; x_wconf 83' lang='grc' dir='ltr'>τὰ</span> <span class='ocrx_word' id='word_1_297' title='bbox 980 2200 1244 2271; x_wconf 84' lang='grc' dir='ltr'>ἀσώματα</span> <span class='ocrx_word' id='word_1_298' title='bbox 1279 2203 1569 2274; x_wconf 81' lang='grc' dir='ltr'>χωρήσεως</span> <span class='ocrx_word' id='word_1_299' title='bbox 1607 2202 1696 2274; x_wconf 87' lang='grc' dir='ltr'>δη-</span> 
     </span>
    </p>
   </div>
   <div class='ocr_carea' id='block_1_39' title="bbox 113 2279 1694 2365">
    <p class='ocr_par' dir='ltr' id='par_1_39' title="bbox 113 2279 1694 2365">
     <span class='ocr_line' id='line_1_39' title="bbox 113 2279 1694 2365; baseline 0.004 -23"><span class='ocrx_word' id='word_1_300' title='bbox 113 2288 330 2343; x_wconf 81' lang='grc' dir='ltr'>λοῦται.</span> <span class='ocrx_word' id='word_1_301' title='bbox 360 2289 432 2342; x_wconf 90' lang='grc' dir='ltr'>Τὸ</span> <span class='ocrx_word' id='word_1_302' title='bbox 459 2290 568 2361; x_wconf 85' lang='grc' dir='ltr'>γὰρ</span> <span class='ocrx_word' id='word_1_303' title='bbox 605 2291 919 2361; x_wconf 83' lang='grc' dir='ltr'>διικνεῖσθαι</span> <span class='ocrx_word' id='word_1_304' title='bbox 955 2293 1047 2347; x_wconf 90' lang='grc' dir='ltr'><strong>τὸν</strong></span> <span class='ocrx_word' id='word_1_305' title='bbox 1083 2279 1220 2347; x_wconf 81' lang='grc' dir='ltr'>Θεὸν</span> <span class='ocrx_word' id='word_1_306' title='bbox 1255 2294 1381 2365; x_wconf 76' lang='grc' dir='ltr'>ἄχρι</span> <span class='ocrx_word' id='word_1_307' title='bbox 1418 2294 1510 2347; x_wconf 78' lang='grc' dir='ltr'>καὶ</span> <span class='ocrx_word' id='word_1_308' title='bbox 1542 2312 1694 2365; x_wconf 89' lang='grc' dir='ltr'>μερι-</span> 
     </span>
    </p>
   </div>
   <div class='ocr_carea' id='block_1_40' title="bbox 117 2379 1695 2454">
    <p class='ocr_par' dir='ltr' id='par_1_40' title="bbox 117 2379 1695 2454">
     <span class='ocr_line' id='line_1_40' title="bbox 117 2379 1695 2454; baseline 0.003 -21"><span class='ocrx_word' id='word_1_309' title='bbox 117 2379 267 2451; x_wconf 82' lang='grc' dir='ltr'>σμοῦ</span> <span class='ocrx_word' id='word_1_310' title='bbox 296 2381 472 2453; x_wconf 74' lang='grc' dir='ltr'>ψυχῆς</span> <span class='ocrx_word' id='word_1_311' title='bbox 505 2384 595 2435; x_wconf 78' lang='grc' dir='ltr'>καὶ</span> <span class='ocrx_word' id='word_1_312' title='bbox 630 2384 930 2454; x_wconf 81' lang='grc' dir='ltr'>πνεύματος</span> <span class='ocrx_word' id='word_1_313' title='bbox 960 2385 1266 2454; x_wconf 83' lang='grc' dir='ltr'>ἀποφαίνει,</span> <span class='ocrx_word' id='word_1_314' title='bbox 1309 2386 1391 2438; x_wconf 81' lang='grc' dir='ltr'>ὅτι</span> <span class='ocrx_word' id='word_1_315' title='bbox 1434 2386 1525 2439; x_wconf 77' lang='grc' dir='ltr'>καὶ</span> <span class='ocrx_word' id='word_1_316' title='bbox 1565 2386 1695 2438; x_wconf 82' lang='grc' dir='ltr'>αὐτὸ</span> 
     </span>
    </p>
   </div>
   <div class='ocr_carea' id='block_1_41' title="bbox 111 2470 1694 2545">
    <p class='ocr_par' dir='ltr' id='par_1_41' title="bbox 111 2470 1694 2545">
     <span class='ocr_line' id='line_1_41' title="bbox 111 2470 1694 2545; baseline 0.004 -22"><span class='ocrx_word' id='word_1_317' title='bbox 111 2470 185 2525; x_wconf 81' lang='grc' dir='ltr'><strong>τὸ</strong></span> <span class='ocrx_word' id='word_1_318' title='bbox 228 2470 514 2542; x_wconf 84' lang='grc' dir='ltr'>ἀσώματον</span> <span class='ocrx_word' id='word_1_319' title='bbox 553 2473 651 2544; x_wconf 84' lang='grc' dir='ltr'>τῆς</span> <span class='ocrx_word' id='word_1_320' title='bbox 692 2473 868 2545; x_wconf 76' lang='grc' dir='ltr'>ψυχῆς</span> <span class='ocrx_word' id='word_1_321' title='bbox 895 2476 986 2529; x_wconf 74' lang='grc' dir='ltr'>καὶ</span> <span class='ocrx_word' id='word_1_322' title='bbox 1021 2475 1246 2540; x_wconf 79' lang='grc' dir='ltr'>ἐνοειδὲς</span> <span class='ocrx_word' id='word_1_323' title='bbox 1286 2476 1390 2529; x_wconf 81' lang='grc' dir='ltr'>ὑπὸ</span> <span class='ocrx_word' id='word_1_324' title='bbox 1428 2476 1520 2529; x_wconf 77' lang='grc' dir='ltr'><strong>τοῦ</strong></span> <span class='ocrx_word' id='word_1_325' title='bbox 1560 2475 1694 2529; x_wconf 88' lang='grc' dir='ltr'>Θεοῦ</span> 
     </span>
    </p>
   </div>
   <div class='ocr_carea' id='block_1_42' title="bbox 114 2561 1695 2634">
    <p class='ocr_par' dir='ltr' id='par_1_42' title="bbox 114 2561 1695 2634">
     <span class='ocr_line' id='line_1_42' title="bbox 114 2561 1695 2634; baseline 0.002 -19"><span class='ocrx_word' id='word_1_326' title='bbox 114 2561 448 2634; x_wconf 84' lang='grc' dir='ltr'>διαιρεῖσθαι</span> <span class='ocrx_word' id='word_1_327' title='bbox 478 2562 715 2620; x_wconf 82' lang='grc' dir='ltr'>δύναται.</span> <span class='ocrx_word' id='word_1_328' title='bbox 749 2565 839 2619; x_wconf 89' lang='grc' dir='ltr'><strong>Διὸ</strong></span> <span class='ocrx_word' id='word_1_329' title='bbox 881 2567 973 2619; x_wconf 82' lang='grc' dir='ltr'>καὶ</span> <span class='ocrx_word' id='word_1_330' title='bbox 997 2566 1095 2630; x_wconf 86' lang='grc' dir='ltr'><strong>τὰς</strong></span> <span class='ocrx_word' id='word_1_331' title='bbox 1135 2565 1341 2631; x_wconf 81' lang='grc' dir='ltr'>ἐννοίας</span> <span class='ocrx_word' id='word_1_332' title='bbox 1387 2568 1414 2620; x_wconf 97' lang='lat'><strong>6</strong></span> <span class='ocrx_word' id='word_1_333' title='bbox 1448 2566 1578 2630; x_wconf 79' lang='grc' dir='ltr'>Θεὸς</span> <span class='ocrx_word' id='word_1_334' title='bbox 1617 2562 1695 2619; x_wconf 80' lang='grc' dir='ltr'><strong>οἶ-</strong></span> 
     </span>
    </p>
   </div>
   <div class='ocr_carea' id='block_1_43' title="bbox 116 2653 1696 2729">
    <p class='ocr_par' dir='ltr' id='par_1_43' title="bbox 116 2653 1696 2729">
     <span class='ocr_line' id='line_1_43' title="bbox 116 2653 1696 2729; baseline 0.003 -24"><span class='ocrx_word' id='word_1_335' title='bbox 116 2653 237 2717; x_wconf 86' lang='grc' dir='ltr'>δεν,</span> <span class='ocrx_word' id='word_1_336' title='bbox 266 2654 465 2725; x_wconf 79' lang='grc' dir='ltr'>μεταξὺ</span> <span class='ocrx_word' id='word_1_337' title='bbox 486 2657 593 2729; x_wconf 84' lang='grc' dir='ltr'>γὰρ</span> <span class='ocrx_word' id='word_1_338' title='bbox 626 2658 716 2712; x_wconf 93' lang='grc' dir='ltr'><strong>νοῦ</strong></span> <span class='ocrx_word' id='word_1_339' title='bbox 746 2659 839 2711; x_wconf 79' lang='grc' dir='ltr'>καὶ</span> <span class='ocrx_word' id='word_1_340' title='bbox 865 2660 1101 2729; x_wconf 83' lang='grc' dir='ltr'>νοήσεως</span> <span class='ocrx_word' id='word_1_341' title='bbox 1134 2659 1161 2711; x_wconf 93' lang='lat'><strong>6</strong></span> <span class='ocrx_word' id='word_1_342' title='bbox 1187 2658 1317 2722; x_wconf 86' lang='grc' dir='ltr'>Θεὸς</span> <span class='ocrx_word' id='word_1_343' title='bbox 1347 2660 1533 2729; x_wconf 88' lang='grc' dir='ltr'>χωρεῖ,</span> <span class='ocrx_word' id='word_1_344' title='bbox 1563 2657 1696 2711; x_wconf 84' lang='grc' dir='ltr'>καθὸ</span> 
     </span>
    </p>
   </div>
   <div class='ocr_carea' id='block_1_44' title="bbox 119 2743 1698 2818">
    <p class='ocr_par' dir='ltr' id='par_1_44' title="bbox 119 2743 1698 2818">
     <span class='ocr_line' id='line_1_44' title="bbox 119 2743 1698 2818; baseline 0.003 -21"><span class='ocrx_word' id='word_1_345' title='bbox 119 2743 340 2815; x_wconf 71' lang='grc' dir='ltr'>εἴρηται</span> <span class='ocrx_word' id='word_1_346' title='bbox 357 2762 370 2776; x_wconf 72' lang='grc' dir='ltr'><strong>ο</strong></span> <span class='ocrx_word' id='word_1_347' title='bbox 397 2747 481 2801; x_wconf 86' lang='grc' dir='ltr'><strong>Σὺ</strong></span> <span class='ocrx_word' id='word_1_348' title='bbox 505 2748 690 2818; x_wconf 69' lang='grc' dir='ltr'>ἔγνως</span> <span class='ocrx_word' id='word_1_349' title='bbox 713 2747 854 2815; x_wconf 83' lang='grc' dir='ltr'>τοὺς</span> <span class='ocrx_word' id='word_1_350' title='bbox 878 2747 1301 2817; x_wconf 73' lang='grc' dir='ltr'>διαλογισμούς</span> <span class='ocrx_word' id='word_1_351' title='bbox 1319 2766 1435 2817; x_wconf 81' lang='grc' dir='ltr'><strong>μου</strong></span> <span class='ocrx_word' id='word_1_352' title='bbox 1461 2747 1575 2802; x_wconf 84' lang='grc' dir='ltr'><strong>ἀπὸ</strong></span> <span class='ocrx_word' id='word_1_353' title='bbox 1592 2764 1698 2817; x_wconf 82' lang='grc' dir='ltr'>μα-</span> 
     </span>
    </p>
   </div>
   <div class='ocr_carea' id='block_1_45' title="bbox 120 2833 1698 2910">
    <p class='ocr_par' dir='ltr' id='par_1_45' title="bbox 120 2833 1698 2910">
     <span class='ocr_line' id='line_1_45' title="bbox 120 2833 1698 2910; baseline 0.004 -22"><span class='ocrx_word' id='word_1_354' title='bbox 120 2835 359 2903; x_wconf 76' lang='grc' dir='ltr'>κρόθεν,</span> <span class='ocrx_word' id='word_1_355' title='bbox 396 2836 529 2891; x_wconf 84' lang='grc' dir='ltr'>ἀλλὰ</span> <span class='ocrx_word' id='word_1_356' title='bbox 552 2838 645 2891; x_wconf 80' lang='grc' dir='ltr'><strong>καί</strong></span> <span class='ocrx_word' id='word_1_357' title='bbox 666 2838 866 2909; x_wconf 82' lang='grc' dir='ltr'>μεταξὺ</span> <span class='ocrx_word' id='word_1_358' title='bbox 894 2838 1069 2910; x_wconf 79' lang='grc' dir='ltr'>ψυχῆς</span> <span class='ocrx_word' id='word_1_359' title='bbox 1092 2840 1185 2892; x_wconf 78' lang='grc' dir='ltr'><strong>καί</strong></span> <span class='ocrx_word' id='word_1_360' title='bbox 1216 2839 1539 2909; x_wconf 82' lang='grc' dir='ltr'>πνεύματος,</span> <span class='ocrx_word' id='word_1_361' title='bbox 1566 2844 1624 2894; x_wconf 84' lang='grc' dir='ltr'><strong>ἐν</strong></span> <span class='ocrx_word' id='word_1_362' title='bbox 1653 2833 1698 2909; x_wconf 86' lang='grc' dir='ltr'><strong>ᾧ</strong></span> 
     </span>
    </p>
   </div>
   <div class='ocr_carea' id='block_1_46' title="bbox 120 2925 1696 3002">
    <p class='ocr_par' dir='ltr' id='par_1_46' title="bbox 120 2925 1696 3002">
     <span class='ocr_line' id='line_1_46' title="bbox 120 2925 1696 3002; baseline 0.004 -24"><span class='ocrx_word' id='word_1_363' title='bbox 120 2925 189 2997; x_wconf 80' lang='grc' dir='ltr'>δὴ</span> <span class='ocrx_word' id='word_1_364' title='bbox 231 2925 495 2997; x_wconf 76' lang='grc' dir='ltr'>πνεύματι</span> <span class='ocrx_word' id='word_1_365' title='bbox 533 2929 631 2993; x_wconf 81' lang='grc' dir='ltr'>τὰς</span> <span class='ocrx_word' id='word_1_366' title='bbox 667 2930 943 3001; x_wconf 77' lang='grc' dir='ltr'>αἰσθήσεις</span> <span class='ocrx_word' id='word_1_367' title='bbox 979 2931 1440 3001; x_wconf 84' lang='grc' dir='ltr'>ἐπεστηριγμένας</span> <span class='ocrx_word' id='word_1_368' title='bbox 1484 2932 1696 3002; x_wconf 82' lang='grc' dir='ltr'>ἔχομεν,</span> 
     </span>
    </p>
   </div>
   <div class='ocr_carea' id='block_1_47' title="bbox 121 3009 1697 3089">
    <p class='ocr_par' dir='ltr' id='par_1_47' title="bbox 121 3009 1697 3089">
     <span class='ocr_line' id='line_1_47' title="bbox 121 3009 1697 3089; baseline 0.004 -22"><span class='ocrx_word' id='word_1_369' title='bbox 121 3013 192 3067; x_wconf 83' lang='grc' dir='ltr'><strong>δι’</strong></span> <span class='ocrx_word' id='word_1_370' title='bbox 228 3009 290 3068; x_wconf 71' lang='grc' dir='ltr'><strong>οὗ</strong></span> <span class='ocrx_word' id='word_1_371' title='bbox 316 3017 409 3069; x_wconf 74' lang='grc' dir='ltr'>καὶ</span> <span class='ocrx_word' id='word_1_372' title='bbox 434 3016 711 3089; x_wconf 88' lang='grc' dir='ltr'>αἰσθητοῖς</span> <span class='ocrx_word' id='word_1_373' title='bbox 748 3020 780 3089; x_wconf 84' lang='grc' dir='ltr'><strong>ἡ</strong></span> <span class='ocrx_word' id='word_1_374' title='bbox 819 3017 961 3089; x_wconf 81' lang='grc' dir='ltr'>ψυχὴ</span> <span class='ocrx_word' id='word_1_375' title='bbox 984 3018 1319 3089; x_wconf 82' lang='grc' dir='ltr'>’προσϐάλλει</span> <span class='ocrx_word' id='word_1_376' title='bbox 1363 3020 1454 3073; x_wconf 76' lang='grc' dir='ltr'>καὶ</span> <span class='ocrx_word' id='word_1_377' title='bbox 1492 3019 1552 3072; x_wconf 91' lang='grc' dir='ltr'><strong>τὸ</strong></span> <span class='ocrx_word' id='word_1_378' title='bbox 1580 3020 1697 3073; x_wconf 91' lang='grc' dir='ltr'>δια-</span> 
     </span>
    </p>
   </div>
   <div class='ocr_carea' id='block_1_48' title="bbox 123 3107 1695 3181">
    <p class='ocr_par' dir='ltr' id='par_1_48' title="bbox 123 3107 1695 3181">
     <span class='ocr_line' id='line_1_48' title="bbox 123 3107 1695 3181; baseline 0 -18"><span class='ocrx_word' id='word_1_379' title='bbox 123 3107 375 3176; x_wconf 85' lang='grc' dir='ltr'>νοητικὸν</span> <span class='ocrx_word' id='word_1_380' title='bbox 409 3108 517 3161; x_wconf 79' lang='grc' dir='ltr'><strong>τῶν</strong></span> <span class='ocrx_word' id='word_1_381' title='bbox 552 3110 794 3179; x_wconf 81' lang='grc' dir='ltr'>σκέψεων</span> <span class='ocrx_word' id='word_1_382' title='bbox 842 3110 1055 3181; x_wconf 75' lang='grc' dir='ltr'>ἔχομεν.</span> <span class='ocrx_word' id='word_1_383' title='bbox 1094 3109 1263 3163; x_wconf 90' lang='grc' dir='ltr'>Τοῦτο</span> <span class='ocrx_word' id='word_1_384' title='bbox 1287 3111 1344 3164; x_wconf 79' lang='grc' dir='ltr'>δὲ</span> <span class='ocrx_word' id='word_1_385' title='bbox 1372 3110 1433 3164; x_wconf 88' lang='grc' dir='ltr'><strong>τὸ</strong></span> <span class='ocrx_word' id='word_1_386' title='bbox 1463 3109 1695 3181; x_wconf 87' lang='grc' dir='ltr'>πνεῦμα,</span> 
     </span>
    </p>
   </div>
   <div class='ocr_carea' id='block_1_49' title="bbox 123 3199 1697 3272">
    <p class='ocr_par' dir='ltr' id='par_1_49' title="bbox 123 3199 1697 3272">
     <span class='ocr_line' id='line_1_49' title="bbox 123 3199 1697 3272; baseline -0.001 -19"><span class='ocrx_word' id='word_1_387' title='bbox 123 3199 375 3270; x_wconf 77' lang='grc' dir='ltr'>δύναμιν.</span> <span class='ocrx_word' id='word_1_388' title='bbox 422 3201 516 3253; x_wconf 78' lang='grc' dir='ltr'>καὶ</span> <span class='ocrx_word' id='word_1_389' title='bbox 550 3201 709 3254; x_wconf 87' lang='grc' dir='ltr'>οἱονεί</span> <span class='ocrx_word' id='word_1_390' title='bbox 743 3201 1001 3272; x_wconf 87' lang='grc' dir='ltr'>δευτέραν</span> <span class='ocrx_word' id='word_1_391' title='bbox 1034 3200 1209 3271; x_wconf 81' lang='grc' dir='ltr'>ψυχὴν</span> <span class='ocrx_word' id='word_1_392' title='bbox 1254 3199 1571 3271; x_wconf 82' lang='grc' dir='ltr'>αἰσθητικὴν</span> <span class='ocrx_word' id='word_1_393' title='bbox 1594 3239 1608 3262; x_wconf 95' lang='grc'><strong>,</strong></span> <span class='ocrx_word' id='word_1_394' title='bbox 1650 3201 1697 3253; x_wconf 81' lang='grc' dir='ltr'>οἱ</span> 
     </span>
    </p>
   </div>
   <div class='ocr_carea' id='block_1_50' title="bbox 1802 2003 3362 2073">
    <p class='ocr_par' dir='ltr' id='par_1_50' title="bbox 1802 2003 3362 2073">
     <span class='ocr_line' id='line_1_50' title="bbox 1802 2003 3362 2073; baseline -0.002 -14"><span class='ocrx_word' id='word_1_395' title='bbox 1802 2021 1907 2061; x_wconf 92' lang='lat' dir='ltr'><strong>non</strong></span> <span class='ocrx_word' id='word_1_396' title='bbox 1942 2014 2117 2059; x_wconf 84' lang='lat' dir='ltr'><strong>autem</strong></span> <span class='ocrx_word' id='word_1_397' title='bbox 2143 2021 2177 2060; x_wconf 90' lang='lat' dir='ltr'><strong>e</strong></span> <span class='ocrx_word' id='word_1_398' title='bbox 2207 2014 2411 2059; x_wconf 84' lang='lat' dir='ltr'><strong>contra.</strong></span> <span class='ocrx_word' id='word_1_399' title='bbox 2449 2004 2537 2059; x_wconf 90' lang='lat' dir='ltr'><strong>Sic</strong></span> <span class='ocrx_word' id='word_1_400' title='bbox 2571 2006 2769 2059; x_wconf 91' lang='lat' dir='ltr'><strong>dicitur</strong></span> <span class='ocrx_word' id='word_1_401' title='bbox 2797 2006 2959 2057; x_wconf 85' lang='lat' dir='ltr'><strong>etiam</strong></span> <span class='ocrx_word' id='word_1_402' title='bbox 2994 2006 3061 2058; x_wconf 86' lang='lat' dir='ltr'><strong>de</strong></span> <span class='ocrx_word' id='word_1_403' title='bbox 3095 2003 3204 2059; x_wconf 85' lang='lat' dir='ltr'><strong>Deo</strong></span> <span class='ocrx_word' id='word_1_404' title='bbox 3238 2018 3362 2073; x_wconf 86' lang='lat' dir='ltr'><strong>par-</strong></span> 
     </span>
    </p>
   </div>
   <div class='ocr_carea' id='block_1_51' title="bbox 1801 2096 3362 2167">
    <p class='ocr_par' dir='ltr' id='par_1_51' title="bbox 1801 2096 3362 2167">
     <span class='ocr_line' id='line_1_51' title="bbox 1801 2096 3362 2167; baseline 0.001 -18"><span class='ocrx_word' id='word_1_405' title='bbox 1801 2113 1946 2160; x_wconf 87' lang='lat' dir='ltr'><strong>vum.</strong></span> <span class='ocrx_word' id='word_1_406' title='bbox 1982 2107 2204 2166; x_wconf 90' lang='lat' dir='ltr'><strong>propter</strong></span> <span class='ocrx_word' id='word_1_407' title='bbox 2237 2099 2381 2167; x_wconf 88' lang='lat' dir='ltr'><strong>quod</strong></span> <span class='ocrx_word' id='word_1_408' title='bbox 2411 2098 2707 2165; x_wconf 87' lang='lat' dir='ltr'><strong>apostolica</strong></span> <span class='ocrx_word' id='word_1_409' title='bbox 2740 2096 2905 2153; x_wconf 86' lang='lat' dir='ltr'><strong>verba</strong></span> <span class='ocrx_word' id='word_1_410' title='bbox 2943 2096 3129 2161; x_wconf 82' lang='lat' dir='ltr'><strong>refert,</strong></span> <span class='ocrx_word' id='word_1_411' title='bbox 3166 2096 3362 2165; x_wconf 78' lang='lat' dir='ltr'><strong>quibus</strong></span> 
     </span>
    </p>
   </div>
   <div class='ocr_carea' id='block_1_52' title="bbox 1803 2188 3362 2259">
    <p class='ocr_par' dir='ltr' id='par_1_52' title="bbox 1803 2188 3362 2259">
     <span class='ocr_line' id='line_1_52' title="bbox 1803 2188 3362 2259; baseline -0.001 -14"><span class='ocrx_word' id='word_1_412' title='bbox 1803 2192 2213 2247; x_wconf 87' lang='lat' dir='ltr'><strong>demonstratur</strong></span> <span class='ocrx_word' id='word_1_413' title='bbox 2244 2189 2501 2244; x_wconf 84' lang='lat' dir='ltr'><strong>velocitas</strong></span> <span class='ocrx_word' id='word_1_414' title='bbox 2552 2205 2874 2259; x_wconf 84' lang='lat' dir='ltr'><strong>progressus</strong></span> <span class='ocrx_word' id='word_1_415' title='bbox 2923 2189 3017 2243; x_wconf 85' lang='lat' dir='ltr'><strong>Dei</strong></span> <span class='ocrx_word' id='word_1_416' title='bbox 3044 2189 3111 2243; x_wconf 91' lang='lat' dir='ltr'><strong>ad</strong></span> <span class='ocrx_word' id='word_1_417' title='bbox 3148 2202 3234 2243; x_wconf 88' lang='lat' dir='ltr'><strong>res</strong></span> <span class='ocrx_word' id='word_1_418' title='bbox 3274 2188 3362 2243; x_wconf 78' lang='lat' dir='ltr'><strong>in-</strong></span> 
     </span>
    </p>
   </div>
   <div class='ocr_carea' id='block_1_53' title="bbox 1802 2279 3363 2352">
    <p class='ocr_par' dir='ltr' id='par_1_53' title="bbox 1802 2279 3363 2352">
     <span class='ocr_line' id='line_1_53' title="bbox 1802 2279 3363 2352; baseline 0.003 -19"><span class='ocrx_word' id='word_1_419' title='bbox 1802 2294 2116 2348; x_wconf 89' lang='lat' dir='ltr'><strong>corporeas.</strong></span> <span class='ocrx_word' id='word_1_420' title='bbox 2149 2279 2300 2347; x_wconf 87' lang='lat' dir='ltr'><strong>Quod</strong></span> <span class='ocrx_word' id='word_1_421' title='bbox 2326 2280 2468 2334; x_wconf 91' lang='lat' dir='ltr'><strong>enim</strong></span> <span class='ocrx_word' id='word_1_422' title='bbox 2508 2283 2778 2352; x_wconf 86' lang='lat' dir='ltr'><strong>pertingat</strong></span> <span class='ocrx_word' id='word_1_423' title='bbox 2833 2295 3002 2349; x_wconf 90' lang='lat' dir='ltr'><strong>usque</strong></span> <span class='ocrx_word' id='word_1_424' title='bbox 3034 2282 3101 2335; x_wconf 93' lang='lat' dir='ltr'><strong>ad</strong></span> <span class='ocrx_word' id='word_1_425' title='bbox 3136 2280 3363 2337; x_wconf 86' lang='lat' dir='ltr'><strong>divisio-</strong></span> 
     </span>
    </p>
   </div>
   <div class='ocr_carea' id='block_1_54' title="bbox 1803 2372 3362 2442">
    <p class='ocr_par' dir='ltr' id='par_1_54' title="bbox 1803 2372 3362 2442">
     <span class='ocr_line' id='line_1_54' title="bbox 1803 2372 3362 2442; baseline 0.001 -17"><span class='ocrx_word' id='word_1_426' title='bbox 1803 2388 1923 2426; x_wconf 78' lang='lat' dir='ltr'><strong>nem</strong></span> <span class='ocrx_word' id='word_1_427' title='bbox 1959 2372 2151 2426; x_wconf 67' lang='lat' dir='ltr'><strong>animae</strong></span> <span class='ocrx_word' id='word_1_428' title='bbox 2182 2380 2229 2426; x_wconf 92' lang='lat' dir='ltr'><strong>et</strong></span> <span class='ocrx_word' id='word_1_429' title='bbox 2265 2372 2485 2441; x_wconf 86' lang='lat' dir='ltr'><strong>spiritus</strong></span> <span class='ocrx_word' id='word_1_430' title='bbox 2517 2372 2755 2425; x_wconf 84' lang='lat' dir='ltr'><strong>declarat</strong></span> <span class='ocrx_word' id='word_1_431' title='bbox 2796 2373 2966 2441; x_wconf 88' lang='lat' dir='ltr'><strong>ipsam</strong></span> <span class='ocrx_word' id='word_1_432' title='bbox 3010 2387 3221 2442; x_wconf 87' lang='lat' dir='ltr'><strong>quoque</strong></span> <span class='ocrx_word' id='word_1_433' title='bbox 3267 2372 3362 2427; x_wconf 85' lang='lat' dir='ltr'><strong>in~</strong></span> 
     </span>
    </p>
   </div>
   <div class='ocr_carea' id='block_1_55' title="bbox 1798 2459 3362 2530">
    <p class='ocr_par' dir='ltr' id='par_1_55' title="bbox 1798 2459 3362 2530">
     <span class='ocr_line' id='line_1_55' title="bbox 1798 2459 3362 2530; baseline 0 -15"><span class='ocrx_word' id='word_1_434' title='bbox 1798 2462 2219 2530; x_wconf 86' lang='lat' dir='ltr'><strong>corporeitatem</strong></span> <span class='ocrx_word' id='word_1_435' title='bbox 2253 2471 2304 2515; x_wconf 92' lang='lat' dir='ltr'><strong>et</strong></span> <span class='ocrx_word' id='word_1_436' title='bbox 2340 2459 2763 2515; x_wconf 79' lang='lat' dir='ltr'><strong>uniformitatem</strong></span> <span class='ocrx_word' id='word_1_437' title='bbox 2813 2461 3006 2514; x_wconf 76' lang='lat' dir='ltr'><strong>anima:</strong></span> <span class='ocrx_word' id='word_1_438' title='bbox 3038 2477 3067 2513; x_wconf 92' lang='lat' dir='ltr'><strong>a</strong></span> <span class='ocrx_word' id='word_1_439' title='bbox 3122 2460 3230 2515; x_wconf 91' lang='lat' dir='ltr'><strong>Deo</strong></span> <span class='ocrx_word' id='word_1_440' title='bbox 3275 2460 3362 2515; x_wconf 83' lang='lat' dir='ltr'><strong>di-</strong></span> 
     </span>
    </p>
   </div>
   <div class='ocr_carea' id='block_1_56' title="bbox 1802 2550 3362 2621">
    <p class='ocr_par' dir='ltr' id='par_1_56' title="bbox 1802 2550 3362 2621">
     <span class='ocr_line' id='line_1_56' title="bbox 1802 2550 3362 2621; baseline -0.001 -17"><span class='ocrx_word' id='word_1_441' title='bbox 1802 2554 1911 2605; x_wconf 81' lang='lat' dir='ltr'><strong>vidi</strong></span> <span class='ocrx_word' id='word_1_442' title='bbox 1946 2567 2129 2621; x_wconf 84' lang='lat' dir='ltr'><strong>posse.</strong></span> <span class='ocrx_word' id='word_1_443' title='bbox 2174 2551 2326 2608; x_wconf 88' lang='lat' dir='ltr'><strong>Unde</strong></span> <span class='ocrx_word' id='word_1_444' title='bbox 2361 2553 2499 2607; x_wconf 90' lang='lat' dir='ltr'><strong>Deus</strong></span> <span class='ocrx_word' id='word_1_445' title='bbox 2533 2567 2745 2621; x_wconf 91' lang='lat' dir='ltr'><strong>quoque</strong></span> <span class='ocrx_word' id='word_1_446' title='bbox 2775 2552 3125 2619; x_wconf 76' lang='lat' dir='ltr'><strong>cogitationes</strong></span> <span class='ocrx_word' id='word_1_447' title='bbox 3160 2550 3362 2613; x_wconf 86' lang='lat' dir='ltr'><strong>intelli-</strong></span> 
     </span>
    </p>
   </div>
   <div class='ocr_carea' id='block_1_57' title="bbox 1808 2641 3365 2712">
    <p class='ocr_par' dir='ltr' id='par_1_57' title="bbox 1808 2641 3365 2712">
     <span class='ocr_line' id='line_1_57' title="bbox 1808 2641 3365 2712; baseline -0.001 -15"><span class='ocrx_word' id='word_1_448' title='bbox 1808 2644 1902 2711; x_wconf 86' lang='lat' dir='ltr'><strong>git,</strong></span> <span class='ocrx_word' id='word_1_449' title='bbox 1941 2644 2195 2712; x_wconf 82' lang='lat' dir='ltr'><strong>quoniam</strong></span> <span class='ocrx_word' id='word_1_450' title='bbox 2234 2644 2374 2697; x_wconf 86' lang='lat' dir='ltr'><strong>Deus</strong></span> <span class='ocrx_word' id='word_1_451' title='bbox 2407 2644 2571 2697; x_wconf 86' lang='lat' dir='ltr'><strong>etiam</strong></span> <span class='ocrx_word' id='word_1_452' title='bbox 2610 2657 2778 2712; x_wconf 86' lang='lat' dir='ltr'><strong>usque</strong></span> <span class='ocrx_word' id='word_1_453' title='bbox 2811 2641 2877 2695; x_wconf 90' lang='lat' dir='ltr'><strong>ad</strong></span> <span class='ocrx_word' id='word_1_454' title='bbox 2928 2643 3260 2697; x_wconf 87' lang='lat' dir='ltr'><strong>intellectum</strong></span> <span class='ocrx_word' id='word_1_455' title='bbox 3307 2651 3365 2696; x_wconf 90' lang='lat' dir='ltr'><strong>et</strong></span> 
     </span>
    </p>
   </div>
   <div class='ocr_carea' id='block_1_58' title="bbox 1803 2734 3361 2805">
    <p class='ocr_par' dir='ltr' id='par_1_58' title="bbox 1803 2734 3361 2805">
     <span class='ocr_line' id='line_1_58' title="bbox 1803 2734 3361 2805; baseline -0.001 -16"><span class='ocrx_word' id='word_1_456' title='bbox 1803 2735 2220 2799; x_wconf 83' lang='lat' dir='ltr'><strong>intellectiunem</strong></span> <span class='ocrx_word' id='word_1_457' title='bbox 2256 2736 2422 2804; x_wconf 85' lang='lat' dir='ltr'><strong>ipsam</strong></span> <span class='ocrx_word' id='word_1_458' title='bbox 2456 2744 2739 2805; x_wconf 86' lang='lat' dir='ltr'><strong>penetrat,</strong></span> <span class='ocrx_word' id='word_1_459' title='bbox 2799 2735 2939 2789; x_wconf 89' lang='lat' dir='ltr'><strong>sicut</strong></span> <span class='ocrx_word' id='word_1_460' title='bbox 2990 2734 3188 2788; x_wconf 91' lang='lat' dir='ltr'><strong>dictum</strong></span> <span class='ocrx_word' id='word_1_461' title='bbox 3239 2742 3361 2787; x_wconf 87' lang='lat' dir='ltr'><strong>est:</strong></span> 
     </span>
    </p>
   </div>
   <div class='ocr_carea' id='block_1_59' title="bbox 1803 2826 3364 2899">
    <p class='ocr_par' dir='ltr' id='par_1_59' title="bbox 1803 2826 3364 2899">
     <span class='ocr_line' id='line_1_59' title="bbox 1803 2826 3364 2899; baseline -0.002 -17"><span class='ocrx_word' id='word_1_462' title='bbox 1803 2828 1881 2882; x_wconf 82' lang='lat' dir='ltr'><strong>Tu</strong></span> <span class='ocrx_word' id='word_1_463' title='bbox 1929 2827 2230 2882; x_wconf 76' lang='lat' dir='ltr'><strong>intellexisti</strong></span> <span class='ocrx_word' id='word_1_464' title='bbox 2278 2830 2613 2899; x_wconf 77' lang='lat' dir='ltr'><strong>cogitationes</strong></span> <span class='ocrx_word' id='word_1_465' title='bbox 2663 2844 2802 2882; x_wconf 79' lang='lat' dir='ltr'><strong>meas</strong></span> <span class='ocrx_word' id='word_1_466' title='bbox 2859 2829 2922 2880; x_wconf 84' lang='lat' dir='ltr'><strong>de</strong></span> <span class='ocrx_word' id='word_1_467' title='bbox 2964 2828 3197 2895; x_wconf 62' lang='lat' dir='ltr'><strong>longe);</strong></span> <span class='ocrx_word' id='word_1_468' title='bbox 3231 2826 3364 2895; x_wconf 84' lang='lat' dir='ltr'><strong>quin</strong></span> 
     </span>
    </p>
   </div>
   <div class='ocr_carea' id='block_1_60' title="bbox 1799 2918 3367 2990">
    <p class='ocr_par' dir='ltr' id='par_1_60' title="bbox 1799 2918 3367 2990">
     <span class='ocr_line' id='line_1_60' title="bbox 1799 2918 3367 2990; baseline -0.002 -15"><span class='ocrx_word' id='word_1_469' title='bbox 1799 2930 1854 2975; x_wconf 92' lang='lat' dir='ltr'><strong>et</strong></span> <span class='ocrx_word' id='word_1_470' title='bbox 1888 2922 2025 2976; x_wconf 90' lang='lat' dir='ltr'><strong>inter</strong></span> <span class='ocrx_word' id='word_1_471' title='bbox 2058 2923 2292 2975; x_wconf 91' lang='lat' dir='ltr'><strong>animam</strong></span> <span class='ocrx_word' id='word_1_472' title='bbox 2327 2932 2382 2974; x_wconf 84' lang='lat' dir='ltr'><strong>et</strong></span> <span class='ocrx_word' id='word_1_473' title='bbox 2414 2922 2685 2988; x_wconf 86' lang='lat' dir='ltr'><strong>spiritum,</strong></span> <span class='ocrx_word' id='word_1_474' title='bbox 2732 2922 2787 2975; x_wconf 91' lang='lat' dir='ltr'><strong>in</strong></span> <span class='ocrx_word' id='word_1_475' title='bbox 2823 2935 2930 2990; x_wconf 90' lang='lat' dir='ltr'><strong>quo</strong></span> <span class='ocrx_word' id='word_1_476' title='bbox 2964 2921 3216 2983; x_wconf 81' lang='lat' dir='ltr'><strong>nimirum</strong></span> <span class='ocrx_word' id='word_1_477' title='bbox 3258 2918 3367 2988; x_wconf 82' lang='lat' dir='ltr'><strong>spi-</strong></span> 
     </span>
    </p>
   </div>
   <div class='ocr_carea' id='block_1_61' title="bbox 1800 3014 3364 3085">
    <p class='ocr_par' dir='ltr' id='par_1_61' title="bbox 1800 3014 3364 3085">
     <span class='ocr_line' id='line_1_61' title="bbox 1800 3014 3364 3085; baseline -0.001 -15"><span class='ocrx_word' id='word_1_478' title='bbox 1800 3017 1905 3073; x_wconf 85' lang='lat' dir='ltr'><strong>ritu</strong></span> <span class='ocrx_word' id='word_1_479' title='bbox 1944 3030 2135 3070; x_wconf 89' lang='lat' dir='ltr'><strong>sensus</strong></span> <span class='ocrx_word' id='word_1_480' title='bbox 2190 3015 2449 3070; x_wconf 91' lang='lat' dir='ltr'><strong>habemus</strong></span> <span class='ocrx_word' id='word_1_481' title='bbox 2484 3016 2793 3080; x_wconf 80' lang='lat' dir='ltr'><strong>stabilitas,</strong></span> <span class='ocrx_word' id='word_1_482' title='bbox 2841 3030 2937 3085; x_wconf 92' lang='lat' dir='ltr'><strong>per</strong></span> <span class='ocrx_word' id='word_1_483' title='bbox 2990 3029 3148 3084; x_wconf 89' lang='lat' dir='ltr'><strong>quem</strong></span> <span class='ocrx_word' id='word_1_484' title='bbox 3200 3014 3364 3068; x_wconf 84' lang='lat' dir='ltr'><strong>etiam</strong></span> 
     </span>
    </p>
   </div>
   <div class='ocr_carea' id='block_1_62' title="bbox 1799 3103 3365 3170">
    <p class='ocr_par' dir='ltr' id='par_1_62' title="bbox 1799 3103 3365 3170">
     <span class='ocr_line' id='line_1_62' title="bbox 1799 3103 3365 3170; baseline -0.001 -10"><span class='ocrx_word' id='word_1_485' title='bbox 1799 3106 1980 3160; x_wconf 91' lang='lat' dir='ltr'><strong>anima</strong></span> <span class='ocrx_word' id='word_1_486' title='bbox 2014 3104 2303 3167; x_wconf 81' lang='lat' dir='ltr'><strong>sensilibus</strong></span> <span class='ocrx_word' id='word_1_487' title='bbox 2334 3105 2584 3170; x_wconf 92' lang='lat' dir='ltr'><strong>intendit,</strong></span> <span class='ocrx_word' id='word_1_488' title='bbox 2629 3116 2685 3159; x_wconf 91' lang='lat' dir='ltr'><strong>et</strong></span> <span class='ocrx_word' id='word_1_489' title='bbox 2718 3106 2825 3159; x_wconf 92' lang='lat' dir='ltr'><strong>vim</strong></span> <span class='ocrx_word' id='word_1_490' title='bbox 2864 3104 3126 3159; x_wconf 86' lang='lat' dir='ltr'><strong>habemus</strong></span> <span class='ocrx_word' id='word_1_491' title='bbox 3169 3103 3365 3159; x_wconf 82' lang='lat' dir='ltr'><strong>intelli-</strong></span> 
     </span>
    </p>
   </div>
   <div class='ocr_carea' id='block_1_63' title="bbox 1802 3196 3365 3266">
    <p class='ocr_par' dir='ltr' id='par_1_63' title="bbox 1802 3196 3365 3266">
     <span class='ocr_line' id='line_1_63' title="bbox 1802 3196 3365 3266; baseline -0.001 -13"><span class='ocrx_word' id='word_1_492' title='bbox 1802 3199 1959 3266; x_wconf 86' lang='lat' dir='ltr'><strong>gendi</strong></span> <span class='ocrx_word' id='word_1_493' title='bbox 1989 3198 2404 3266; x_wconf 76' lang='lat' dir='ltr'><strong>speculationes.</strong></span> <span class='ocrx_word' id='word_1_494' title='bbox 2442 3196 2597 3252; x_wconf 78' lang='lat' dir='ltr'><strong>Hutic</strong></span> <span class='ocrx_word' id='word_1_495' title='bbox 2631 3206 2811 3252; x_wconf 91' lang='lat' dir='ltr'><strong>autem</strong></span> <span class='ocrx_word' id='word_1_496' title='bbox 2845 3198 3092 3266; x_wconf 85' lang='lat' dir='ltr'><strong>spiritum</strong></span> <span class='ocrx_word' id='word_1_497' title='bbox 3134 3197 3365 3266; x_wconf 79' lang='lat' dir='ltr'><strong>gentiles</strong></span> 
     </span>
    </p>
   </div>
   <div class='ocr_carea' id='block_1_64' title="bbox 125 3290 1697 3365">
    <p class='ocr_par' dir='ltr' id='par_1_64' title="bbox 125 3290 1697 3365">
     <span class='ocr_line' id='line_1_64' title="bbox 125 3290 1697 3365; baseline 0.001 -21"><span class='ocrx_word' id='word_1_498' title='bbox 125 3293 263 3361; x_wconf 82' lang='grc' dir='ltr'>παρ’</span> <span class='ocrx_word' id='word_1_499' title='bbox 300 3291 521 3363; x_wconf 88' lang='grc' dir='ltr'>Ἕλλησι</span> <span class='ocrx_word' id='word_1_500' title='bbox 564 3291 784 3346; x_wconf 87' lang='grc' dir='ltr'>καλοῦσι</span> <span class='ocrx_word' id='word_1_501' title='bbox 815 3293 983 3361; x_wconf 84' lang='grc' dir='ltr'>σοφοί.</span> <span class='ocrx_word' id='word_1_502' title='bbox 1032 3292 1096 3346; x_wconf 86' lang='grc' dir='ltr'><strong><em>Ἦ</em></strong></span> <span class='ocrx_word' id='word_1_503' title='bbox 1124 3290 1216 3347; x_wconf 78' lang='grc' dir='ltr'>οὖν</span> <span class='ocrx_word' id='word_1_504' title='bbox 1254 3291 1537 3365; x_wconf 78' lang='grc' dir='ltr'>αἰσθητικὴ</span> <span class='ocrx_word' id='word_1_505' title='bbox 1563 3292 1697 3362; x_wconf 82' lang='grc' dir='ltr'>αὓτη</span> 
     </span>
    </p>
   </div>
   <div class='ocr_carea' id='block_1_65' title="bbox 1800 3290 3363 3365">
    <p class='ocr_par' dir='ltr' id='par_1_65' title="bbox 1803 3290 3363 3361">
     <span class='ocr_line' id='line_1_65' title="bbox 1803 3290 3363 3361; baseline -0.004 -13"><span class='ocrx_word' id='word_1_506' title='bbox 1803 3293 2071 3361; x_wconf 83' lang='lat' dir='ltr'><strong>sapientes</strong></span> <span class='ocrx_word' id='word_1_507' title='bbox 2124 3301 2317 3345; x_wconf 90' lang='lat' dir='ltr'><strong>vocant</strong></span> <span class='ocrx_word' id='word_1_508' title='bbox 2368 3290 2715 3360; x_wconf 79' lang='lat' dir='ltr'><strong>facultatem.</strong></span> <span class='ocrx_word' id='word_1_509' title='bbox 2777 3300 2831 3344; x_wconf 91' lang='lat' dir='ltr'><strong>et</strong></span> <span class='ocrx_word' id='word_1_510' title='bbox 2870 3290 3030 3344; x_wconf 88' lang='lat' dir='ltr'><strong>veluti</strong></span> <span class='ocrx_word' id='word_1_511' title='bbox 3075 3290 3363 3345; x_wconf 86' lang='lat' dir='ltr'><strong>secundam</strong></span> 
     </span>
    </p>
   </div>
   <div class='ocr_carea' id='block_1_66' title="bbox 125 3382 1703 3456">
    <p class='ocr_par' dir='ltr' id='par_1_66' title="bbox 125 3382 1703 3456">
     <span class='ocr_line' id='line_1_66' title="bbox 125 3382 1703 3456; baseline 0.003 -22"><span class='ocrx_word' id='word_1_512' title='bbox 125 3383 273 3454; x_wconf 80' lang='grc' dir='ltr'>ψυχή</span> <span class='ocrx_word' id='word_1_513' title='bbox 307 3384 451 3436; x_wconf 87' lang='grc' dir='ltr'>ἐστιν</span> <span class='ocrx_word' id='word_1_514' title='bbox 484 3385 518 3455; x_wconf 84' lang='grc' dir='ltr'>ἡ</span> <span class='ocrx_word' id='word_1_515' title='bbox 560 3384 720 3456; x_wconf 90' lang='grc' dir='ltr'>μέχρι</span> <span class='ocrx_word' id='word_1_516' title='bbox 766 3382 978 3455; x_wconf 83' lang='grc' dir='ltr'>μυελῶν</span> <span class='ocrx_word' id='word_1_517' title='bbox 1012 3385 1107 3439; x_wconf 72' lang='grc' dir='ltr'><strong>καί</strong></span> <span class='ocrx_word' id='word_1_518' title='bbox 1151 3384 1359 3454; x_wconf 82' lang='grc' dir='ltr'>φλεϐῶν</span> <span class='ocrx_word' id='word_1_519' title='bbox 1406 3385 1498 3438; x_wconf 77' lang='grc' dir='ltr'>καὶ</span> <span class='ocrx_word' id='word_1_520' title='bbox 1536 3385 1703 3456; x_wconf 84' lang='grc' dir='ltr'>ἀρτη-</span> 
     </span>
    </p>
   </div>
   <div class='ocr_carea' id='block_1_67' title="bbox 130 3473 1698 3545">
    <p class='ocr_par' dir='ltr' id='par_1_67' title="bbox 130 3473 1698 3545">
     <span class='ocr_line' id='line_1_67' title="bbox 130 3473 1698 3545; baseline 0.001 -18"><span class='ocrx_word' id='word_1_521' title='bbox 130 3473 264 3545; x_wconf 83' lang='grc' dir='ltr'>ριῶν</span> <span class='ocrx_word' id='word_1_522' title='bbox 309 3473 400 3528; x_wconf 78' lang='grc' dir='ltr'>καὶ</span> <span class='ocrx_word' id='word_1_523' title='bbox 437 3475 655 3540; x_wconf 80' lang='grc' dir='ltr'>ὀστέων,</span> <span class='ocrx_word' id='word_1_524' title='bbox 689 3477 781 3529; x_wconf 87' lang='grc' dir='ltr'><strong>καί</strong></span> <span class='ocrx_word' id='word_1_525' title='bbox 826 3474 919 3529; x_wconf 91' lang='grc' dir='ltr'><strong>τοῦ</strong></span> <span class='ocrx_word' id='word_1_526' title='bbox 959 3476 1079 3529; x_wconf 83' lang='grc' dir='ltr'>ὅλου</span> <span class='ocrx_word' id='word_1_527' title='bbox 1114 3473 1362 3545; x_wconf 82' lang='grc' dir='ltr'>σώματος</span> <span class='ocrx_word' id='word_1_528' title='bbox 1405 3474 1698 3539; x_wconf 89' lang='grc' dir='ltr'>διικνοῦσα,</span> 
     </span>
    </p>
   </div>
   <div class='ocr_carea' id='block_1_68' title="bbox 128 3558 1700 3635">
    <p class='ocr_par' dir='ltr' id='par_1_68' title="bbox 128 3558 1700 3635">
     <span class='ocr_line' id='line_1_68' title="bbox 128 3558 1700 3635; baseline -0.001 -17"><span class='ocrx_word' id='word_1_529' title='bbox 128 3565 197 3618; x_wconf 81' lang='grc' dir='ltr'><strong>δι’</strong></span> <span class='ocrx_word' id='word_1_530' title='bbox 227 3558 302 3619; x_wconf 80' lang='grc' dir='ltr'>ὧν</span> <span class='ocrx_word' id='word_1_531' title='bbox 322 3566 575 3621; x_wconf 85' lang='grc' dir='ltr'>ἀπάντων</span> <span class='ocrx_word' id='word_1_532' title='bbox 606 3567 885 3620; x_wconf 85' lang='grc' dir='ltr'>διικνεῖται</span> <span class='ocrx_word' id='word_1_533' title='bbox 920 3570 947 3621; x_wconf 93' lang='lat'><strong>6</strong></span> <span class='ocrx_word' id='word_1_534' title='bbox 969 3567 1099 3633; x_wconf 88' lang='grc' dir='ltr'>Θεὸς</span> <span class='ocrx_word' id='word_1_535' title='bbox 1121 3566 1430 3630; x_wconf 82' lang='grc' dir='ltr'>ἀκωλύτως,</span> <span class='ocrx_word' id='word_1_536' title='bbox 1456 3569 1566 3629; x_wconf 88' lang='grc' dir='ltr'>τοῖς</span> <span class='ocrx_word' id='word_1_537' title='bbox 1605 3566 1700 3635; x_wconf 85' lang='grc' dir='ltr'>μὲν</span> 
     </span>
    </p>
   </div>
   <div class='ocr_carea' id='block_1_69' title="bbox 130 3656 1703 3730">
    <p class='ocr_par' dir='ltr' id='par_1_69' title="bbox 130 3656 1703 3730">
     <span class='ocr_line' id='line_1_69' title="bbox 130 3656 1703 3730; baseline -0.001 -21"><span class='ocrx_word' id='word_1_538' title='bbox 130 3656 304 3725; x_wconf 73' lang='grc' dir='ltr'>διδοὺς</span> <span class='ocrx_word' id='word_1_539' title='bbox 328 3657 601 3727; x_wconf 82' lang='grc' dir='ltr'>σύστασιν,</span> <span class='ocrx_word' id='word_1_540' title='bbox 632 3662 743 3724; x_wconf 87' lang='grc' dir='ltr'>τοῖς</span> <span class='ocrx_word' id='word_1_541' title='bbox 771 3660 827 3713; x_wconf 88' lang='grc' dir='ltr'><strong>δέ</strong></span> <span class='ocrx_word' id='word_1_542' title='bbox 852 3658 1183 3730; x_wconf 85' lang='grc' dir='ltr'>ἐμϐατεύων,</span> <span class='ocrx_word' id='word_1_543' title='bbox 1207 3657 1280 3721; x_wconf 88' lang='grc' dir='ltr'>ὡς</span> <span class='ocrx_word' id='word_1_544' title='bbox 1309 3656 1573 3729; x_wconf 86' lang='grc' dir='ltr'>μηδεμίαν</span> <span class='ocrx_word' id='word_1_545' title='bbox 1596 3656 1703 3709; x_wconf 91' lang='grc' dir='ltr'>κτί-</span> 
     </span>
    </p>
   </div>
   <div class='ocr_carea' id='block_1_70' title="bbox 135 3745 1699 3821">
    <p class='ocr_par' dir='ltr' id='par_1_70' title="bbox 135 3745 1699 3821">
     <span class='ocr_line' id='line_1_70' title="bbox 135 3745 1699 3821; baseline 0.001 -20"><span class='ocrx_word' id='word_1_546' title='bbox 135 3764 241 3810; x_wconf 90' lang='grc' dir='ltr'>σιν,</span> <span class='ocrx_word' id='word_1_547' title='bbox 268 3748 448 3819; x_wconf 76' lang='grc' dir='ltr'>ἀφανῆ</span> <span class='ocrx_word' id='word_1_548' title='bbox 472 3745 609 3804; x_wconf 80' lang='grc' dir='ltr'>εἶναι</span> <span class='ocrx_word' id='word_1_549' title='bbox 624 3750 850 3804; x_wconf 91' lang='grc' dir='ltr'>ἐνώπιον</span> <span class='ocrx_word' id='word_1_550' title='bbox 866 3750 1049 3803; x_wconf 85' lang='grc' dir='ltr'>αὐτοῦ.</span> <span class='ocrx_word' id='word_1_551' title='bbox 1067 3750 1375 3821; x_wconf 82' lang='grc' dir='ltr'>Σημείωσαι</span> <span class='ocrx_word' id='word_1_552' title='bbox 1392 3751 1446 3803; x_wconf 83' lang='grc' dir='ltr'>δὲ</span> <span class='ocrx_word' id='word_1_553' title='bbox 1468 3751 1592 3821; x_wconf 84' lang='grc' dir='ltr'><strong>περί</strong></span> <span class='ocrx_word' id='word_1_554' title='bbox 1608 3750 1699 3803; x_wconf 91' lang='grc' dir='ltr'><strong>τοῦ</strong></span> 
     </span>
    </p>
   </div>
   <div class='ocr_carea' id='block_1_71' title="bbox 136 3838 1702 3913">
    <p class='ocr_par' dir='ltr' id='par_1_71' title="bbox 136 3838 1702 3913">
     <span class='ocr_line' id='line_1_71' title="bbox 136 3838 1702 3913; baseline 0 -20"><span class='ocrx_word' id='word_1_555' title='bbox 136 3838 461 3913; x_wconf 78' lang='grc' dir='ltr'>πνεύματος,</span> <span class='ocrx_word' id='word_1_556' title='bbox 490 3842 573 3896; x_wconf 81' lang='grc' dir='ltr'>ὅτι</span> <span class='ocrx_word' id='word_1_557' title='bbox 597 3842 722 3896; x_wconf 80' lang='grc' dir='ltr'>ἄλλο</span> <span class='ocrx_word' id='word_1_558' title='bbox 751 3843 867 3895; x_wconf 88' lang='grc' dir='ltr'><strong>ἐστί</strong></span> <span class='ocrx_word' id='word_1_559' title='bbox 890 3841 951 3894; x_wconf 91' lang='grc' dir='ltr'><strong>τὸ</strong></span> <span class='ocrx_word' id='word_1_560' title='bbox 975 3841 1258 3913; x_wconf 84' lang='grc' dir='ltr'>λεγόμενον</span> <span class='ocrx_word' id='word_1_561' title='bbox 1281 3840 1493 3912; x_wconf 81' lang='grc' dir='ltr'>πνεῦμα</span> <span class='ocrx_word' id='word_1_562' title='bbox 1514 3840 1702 3894; x_wconf 83' lang='grc' dir='ltr'>ἐνταῦ-</span> 
     </span>
    </p>
   </div>
   <div class='ocr_carea' id='block_1_72' title="bbox 136 3932 1700 4005">
    <p class='ocr_par' dir='ltr' id='par_1_72' title="bbox 136 3932 1700 4005">
     <span class='ocr_line' id='line_1_72' title="bbox 136 3932 1700 4005; baseline -0.001 -19"><span class='ocrx_word' id='word_1_563' title='bbox 136 3932 226 3997; x_wconf 89' lang='grc' dir='ltr'><strong>θα,</strong></span> <span class='ocrx_word' id='word_1_564' title='bbox 249 3934 383 4005; x_wconf 75' lang='grc' dir='ltr'>ὅπερ</span> <span class='ocrx_word' id='word_1_565' title='bbox 409 3934 586 4005; x_wconf 74' lang='grc' dir='ltr'>φαμὲν</span> <span class='ocrx_word' id='word_1_566' title='bbox 610 3935 702 3988; x_wconf 83' lang='grc' dir='ltr'><strong>καί</strong></span> <span class='ocrx_word' id='word_1_567' title='bbox 727 3933 1041 4004; x_wconf 79' lang='grc' dir='ltr'>αἰσθητικὴν</span> <span class='ocrx_word' id='word_1_568' title='bbox 1066 3933 1263 4004; x_wconf 81' lang='grc' dir='ltr'>ψυχὴν,</span> <span class='ocrx_word' id='word_1_569' title='bbox 1288 3935 1381 3987; x_wconf 76' lang='grc' dir='ltr'>καὶ</span> <span class='ocrx_word' id='word_1_570' title='bbox 1404 3933 1527 3987; x_wconf 80' lang='grc' dir='ltr'>ἀλλο</span> <span class='ocrx_word' id='word_1_571' title='bbox 1556 3936 1700 3987; x_wconf 89' lang='grc' dir='ltr'>ἐκεῖ-</span> 
     </span>
    </p>
   </div>
   <div class='ocr_carea' id='block_1_73' title="bbox 136 4019 1703 4098">
    <p class='ocr_par' dir='ltr' id='par_1_73' title="bbox 136 4019 1703 4098">
     <span class='ocr_line' id='line_1_73' title="bbox 136 4019 1703 4098; baseline 0.001 -21"><span class='ocrx_word' id='word_1_572' title='bbox 136 4040 195 4077; x_wconf 88' lang='grc' dir='ltr'><strong>νο</strong></span> <span class='ocrx_word' id='word_1_573' title='bbox 213 4025 271 4077; x_wconf 90' lang='grc' dir='ltr'><strong>τὸ</strong></span> <span class='ocrx_word' id='word_1_574' title='bbox 295 4024 528 4095; x_wconf 82' lang='grc' dir='ltr'>πνεῦμα,</span> <span class='ocrx_word' id='word_1_575' title='bbox 559 4027 685 4098; x_wconf 88' lang='grc' dir='ltr'><strong>περί</strong></span> <span class='ocrx_word' id='word_1_576' title='bbox 706 4019 766 4080; x_wconf 76' lang='grc' dir='ltr'><strong>οὗ</strong></span> <span class='ocrx_word' id='word_1_577' title='bbox 791 4028 819 4079; x_wconf 91' lang='lat'><strong>6</strong></span> <span class='ocrx_word' id='word_1_578' title='bbox 846 4025 1014 4096; x_wconf 81' lang='grc' dir='ltr'>μέγας</span> <span class='ocrx_word' id='word_1_579' title='bbox 1038 4024 1246 4089; x_wconf 88' lang='grc' dir='ltr'>Παῦλός</span> <span class='ocrx_word' id='word_1_580' title='bbox 1274 4043 1435 4097; x_wconf 84' lang='grc' dir='ltr'>φησιν</span> <span class='ocrx_word' id='word_1_581' title='bbox 1456 4042 1468 4055; x_wconf 74' lang='grc' dir='ltr'><strong>ο</strong></span> <span class='ocrx_word' id='word_1_582' title='bbox 1508 4026 1569 4078; x_wconf 88' lang='lat'><strong>&#39;0</strong></span> <span class='ocrx_word' id='word_1_583' title='bbox 1593 4028 1703 4093; x_wconf 72' lang='grc' dir='ltr'><strong>ψυ-</strong></span> 
     </span>
    </p>
   </div>
   <div class='ocr_carea' id='block_1_74' title="bbox 139 4118 1697 4189">
    <p class='ocr_par' dir='ltr' id='par_1_74' title="bbox 139 4118 1697 4189">
     <span class='ocr_line' id='line_1_74' title="bbox 139 4118 1697 4189; baseline 0.001 -19"><span class='ocrx_word' id='word_1_584' title='bbox 139 4118 296 4187; x_wconf 68' lang='grc' dir='ltr'>χικὸς</span> <span class='ocrx_word' id='word_1_585' title='bbox 339 4118 645 4187; x_wconf 77' lang='grc' dir='ltr'>ἅνθρωπος</span> <span class='ocrx_word' id='word_1_586' title='bbox 684 4120 755 4173; x_wconf 88' lang='grc' dir='ltr'>οὐ</span> <span class='ocrx_word' id='word_1_587' title='bbox 796 4118 1028 4189; x_wconf 82' lang='grc' dir='ltr'>δέχεται</span> <span class='ocrx_word' id='word_1_588' title='bbox 1073 4119 1145 4173; x_wconf 83' lang='grc' dir='ltr'>τὰ</span> <span class='ocrx_word' id='word_1_589' title='bbox 1195 4118 1301 4172; x_wconf 86' lang='grc' dir='ltr'><strong>τοῦ</strong></span> <span class='ocrx_word' id='word_1_590' title='bbox 1345 4119 1697 4187; x_wconf 78' lang='grc' dir='ltr'>πνεύματος.</span> 
     </span>
    </p>
   </div>
   <div class='ocr_carea' id='block_1_75' title="bbox 141 4213 1699 4285">
    <p class='ocr_par' dir='ltr' id='par_1_75' title="bbox 141 4213 1699 4285">
     <span class='ocr_line' id='line_1_75' title="bbox 141 4213 1699 4285; baseline 0 -19"><span class='ocrx_word' id='word_1_591' title='bbox 141 4213 359 4284; x_wconf 86' lang='grc' dir='ltr'>Πνεῦμα</span> <span class='ocrx_word' id='word_1_592' title='bbox 400 4213 508 4284; x_wconf 87' lang='grc' dir='ltr'>γὰρ</span> <span class='ocrx_word' id='word_1_593' title='bbox 546 4215 721 4267; x_wconf 86' lang='grc' dir='ltr'>ἐκεῖσε</span> <span class='ocrx_word' id='word_1_594' title='bbox 756 4214 818 4267; x_wconf 80' lang='grc' dir='ltr'><strong>τὸ</strong></span> <span class='ocrx_word' id='word_1_595' title='bbox 858 4213 1221 4285; x_wconf 89' lang='grc' dir='ltr'>πνευματικόν</span> <span class='ocrx_word' id='word_1_596' title='bbox 1258 4232 1387 4284; x_wconf 83' lang='grc' dir='ltr'>φησι</span> <span class='ocrx_word' id='word_1_597' title='bbox 1439 4214 1699 4285; x_wconf 82' lang='grc' dir='ltr'>χάρισμα,</span> 
     </span>
    </p>
   </div>
   <div class='ocr_carea' id='block_1_76' title="bbox 141 4304 1703 4376">
    <p class='ocr_par' dir='ltr' id='par_1_76' title="bbox 141 4304 1703 4376">
     <span class='ocr_line' id='line_1_76' title="bbox 141 4304 1703 4376; baseline -0.001 -18"><span class='ocrx_word' id='word_1_598' title='bbox 141 4306 273 4376; x_wconf 84' lang='grc' dir='ltr'>ὅπερ</span> <span class='ocrx_word' id='word_1_599' title='bbox 308 4308 371 4357; x_wconf 81' lang='grc' dir='ltr'><strong>ἐκ</strong></span> <span class='ocrx_word' id='word_1_600' title='bbox 408 4304 501 4358; x_wconf 89' lang='grc' dir='ltr'><strong>τοῦ</strong></span> <span class='ocrx_word' id='word_1_601' title='bbox 538 4305 680 4359; x_wconf 84' lang='grc' dir='ltr'>θείου</span> <span class='ocrx_word' id='word_1_602' title='bbox 719 4304 1087 4376; x_wconf 83' lang='grc' dir='ltr'>βαπτίσματος</span> <span class='ocrx_word' id='word_1_603' title='bbox 1124 4304 1467 4374; x_wconf 87' lang='grc' dir='ltr'>λαμϐάνομεν</span> <span class='ocrx_word' id='word_1_604' title='bbox 1494 4307 1539 4357; x_wconf 89' lang='grc' dir='ltr'>οἱ</span> <span class='ocrx_word' id='word_1_605' title='bbox 1580 4320 1703 4357; x_wconf 86' lang='grc' dir='ltr'>πισ-</span> 
     </span>
    </p>
   </div>
   <div class='ocr_carea' id='block_1_77' title="bbox 143 4396 1702 4467">
    <p class='ocr_par' dir='ltr' id='par_1_77' title="bbox 143 4396 1702 4467">
     <span class='ocr_line' id='line_1_77' title="bbox 143 4396 1702 4467; baseline -0.001 -18"><span class='ocrx_word' id='word_1_606' title='bbox 143 4397 241 4459; x_wconf 79' lang='grc' dir='ltr'>τοὶ,</span> <span class='ocrx_word' id='word_1_607' title='bbox 292 4397 580 4467; x_wconf 83' lang='grc' dir='ltr'>καρτερίας</span> <span class='ocrx_word' id='word_1_608' title='bbox 623 4397 854 4467; x_wconf 86' lang='grc' dir='ltr'>πνεῦμα,</span> <span class='ocrx_word' id='word_1_609' title='bbox 893 4396 1187 4466; x_wconf 83' lang='grc' dir='ltr'>ὑπομονῆς,</span> <span class='ocrx_word' id='word_1_610' title='bbox 1226 4396 1545 4467; x_wconf 82' lang='grc' dir='ltr'>πραότητος,</span> <span class='ocrx_word' id='word_1_611' title='bbox 1599 4413 1702 4465; x_wconf 87' lang='grc' dir='ltr'>μα-</span> 
     </span>
    </p>
   </div>
   <div class='ocr_carea' id='block_1_78' title="bbox 146 4486 1703 4560">
    <p class='ocr_par' dir='ltr' id='par_1_78' title="bbox 146 4486 1703 4560">
     <span class='ocr_line' id='line_1_78' title="bbox 146 4486 1703 4560; baseline -0.001 -20"><span class='ocrx_word' id='word_1_612' title='bbox 146 4488 455 4560; x_wconf 86' lang='grc' dir='ltr'>κροθυμίας,</span> <span class='ocrx_word' id='word_1_613' title='bbox 484 4489 759 4551; x_wconf 79' lang='grc' dir='ltr'>συντονίας</span> <span class='ocrx_word' id='word_1_614' title='bbox 783 4491 861 4552; x_wconf 88' lang='grc' dir='ltr'><strong>εἰς</strong></span> <span class='ocrx_word' id='word_1_615' title='bbox 888 4488 948 4541; x_wconf 87' lang='grc' dir='ltr'><strong>τὸ</strong></span> <span class='ocrx_word' id='word_1_616' title='bbox 990 4487 1208 4555; x_wconf 88' lang='grc' dir='ltr'>ἀγαθὸν,</span> <span class='ocrx_word' id='word_1_617' title='bbox 1236 4486 1369 4542; x_wconf 84' lang='grc' dir='ltr'>καθὸ</span> <span class='ocrx_word' id='word_1_618' title='bbox 1401 4489 1512 4550; x_wconf 91' lang='grc' dir='ltr'>τοῖς</span> <span class='ocrx_word' id='word_1_619' title='bbox 1544 4488 1703 4557; x_wconf 76' lang='grc' dir='ltr'>ψυχι-</span> 
     </span>
    </p>
   </div>
   <div class='ocr_carea' id='block_1_79' title="bbox 1801 3380 3365 3450">
    <p class='ocr_par' dir='ltr' id='par_1_79' title="bbox 1801 3380 3365 3450">
     <span class='ocr_line' id='line_1_79' title="bbox 1801 3380 3365 3450; baseline -0.002 -15"><span class='ocrx_word' id='word_1_620' title='bbox 1801 3383 2037 3445; x_wconf 87' lang='lat' dir='ltr'><strong>animam</strong></span> <span class='ocrx_word' id='word_1_621' title='bbox 2086 3381 2396 3434; x_wconf 86' lang='lat' dir='ltr'><strong>sensitivam</strong></span> <span class='ocrx_word' id='word_1_622' title='bbox 2432 3382 2645 3433; x_wconf 68' lang='lat' dir='ltr'><strong>animae.</strong></span> <span class='ocrx_word' id='word_1_623' title='bbox 2683 3380 2823 3450; x_wconf 84' lang='lat' dir='ltr'><strong>Ergo</strong></span> <span class='ocrx_word' id='word_1_624' title='bbox 2855 3380 3033 3433; x_wconf 88' lang='lat' dir='ltr'><strong>anima</strong></span> <span class='ocrx_word' id='word_1_625' title='bbox 3093 3380 3209 3434; x_wconf 62' lang='lat' dir='ltr'><strong>hac</strong></span> <span class='ocrx_word' id='word_1_626' title='bbox 3242 3395 3365 3434; x_wconf 84' lang='lat' dir='ltr'><strong>seu-</strong></span> 
     </span>
    </p>
   </div>
   <div class='ocr_carea' id='block_1_80' title="bbox 1802 3462 3365 3543">
    <p class='ocr_par' dir='ltr' id='par_1_80' title="bbox 1802 3462 3365 3543">
     <span class='ocr_line' id='line_1_80' title="bbox 1802 3462 3365 3543; baseline -0.001 -14"><span class='ocrx_word' id='word_1_627' title='bbox 1802 3476 1956 3529; x_wconf 89' lang='lat' dir='ltr'><strong>sitiva</strong></span> <span class='ocrx_word' id='word_1_628' title='bbox 1986 3482 2231 3543; x_wconf 90' lang='lat' dir='ltr'><strong>penetrat</strong></span> <span class='ocrx_word' id='word_1_629' title='bbox 2263 3489 2433 3543; x_wconf 89' lang='lat' dir='ltr'><strong>usque</strong></span> <span class='ocrx_word' id='word_1_630' title='bbox 2466 3473 2531 3527; x_wconf 89' lang='lat' dir='ltr'><strong>ad</strong></span> <span class='ocrx_word' id='word_1_631' title='bbox 2568 3462 2847 3541; x_wconf 80' lang='lat' dir='ltr'><strong>medullas,</strong></span> <span class='ocrx_word' id='word_1_632' title='bbox 2879 3481 2932 3527; x_wconf 90' lang='lat' dir='ltr'><strong>et</strong></span> <span class='ocrx_word' id='word_1_633' title='bbox 2966 3487 3154 3538; x_wconf 87' lang='lat' dir='ltr'><strong>venas,</strong></span> <span class='ocrx_word' id='word_1_634' title='bbox 3191 3482 3243 3527; x_wconf 92' lang='lat' dir='ltr'><strong>et</strong></span> <span class='ocrx_word' id='word_1_635' title='bbox 3276 3488 3365 3527; x_wconf 78' lang='lat' dir='ltr'><strong>ar-</strong></span> 
     </span>
    </p>
   </div>
   <div class='ocr_carea' id='block_1_81' title="bbox 1804 3563 3367 3635">
    <p class='ocr_par' dir='ltr' id='par_1_81' title="bbox 1804 3563 3367 3635">
     <span class='ocr_line' id='line_1_81' title="bbox 1804 3563 3367 3635; baseline -0.002 -14"><span class='ocrx_word' id='word_1_636' title='bbox 1804 3570 1990 3631; x_wconf 85' lang='lat' dir='ltr'><strong>terias,</strong></span> <span class='ocrx_word' id='word_1_637' title='bbox 2028 3575 2081 3620; x_wconf 92' lang='lat' dir='ltr'><strong>et</strong></span> <span class='ocrx_word' id='word_1_638' title='bbox 2132 3580 2277 3629; x_wconf 89' lang='lat' dir='ltr'><strong>ossa,</strong></span> <span class='ocrx_word' id='word_1_639' title='bbox 2312 3575 2365 3618; x_wconf 91' lang='lat' dir='ltr'><strong>et</strong></span> <span class='ocrx_word' id='word_1_640' title='bbox 2415 3573 2585 3618; x_wconf 86' lang='lat' dir='ltr'><strong>totum</strong></span> <span class='ocrx_word' id='word_1_641' title='bbox 2633 3580 2866 3633; x_wconf 89' lang='lat' dir='ltr'><strong>corpus,</strong></span> <span class='ocrx_word' id='word_1_642' title='bbox 2920 3564 2985 3617; x_wconf 90' lang='lat' dir='ltr'><strong>ad</strong></span> <span class='ocrx_word' id='word_1_643' title='bbox 3040 3563 3199 3635; x_wconf 62' lang='lat'><strong>495</strong></span> <span class='ocrx_word' id='word_1_644' title='bbox 3248 3577 3367 3633; x_wconf 70' lang='lat' dir='ltr'><strong>quae</strong></span> 
     </span>
    </p>
   </div>
   <div class='ocr_carea' id='block_1_82' title="bbox 1801 3654 3368 3725">
    <p class='ocr_par' dir='ltr' id='par_1_82' title="bbox 1801 3654 3368 3725">
     <span class='ocr_line' id='line_1_82' title="bbox 1801 3654 3368 3725; baseline -0.004 -9"><span class='ocrx_word' id='word_1_645' title='bbox 1801 3660 1978 3716; x_wconf 91' lang='lat' dir='ltr'><strong>omnia</strong></span> <span class='ocrx_word' id='word_1_646' title='bbox 2029 3660 2171 3713; x_wconf 88' lang='lat' dir='ltr'><strong>Deus</strong></span> <span class='ocrx_word' id='word_1_647' title='bbox 2229 3658 2430 3725; x_wconf 89' lang='lat' dir='ltr'><strong>absque</strong></span> <span class='ocrx_word' id='word_1_648' title='bbox 2477 3656 2859 3725; x_wconf 88' lang='lat' dir='ltr'><strong>impedimento</strong></span> <span class='ocrx_word' id='word_1_649' title='bbox 2910 3654 3198 3723; x_wconf 88' lang='lat' dir='ltr'><strong>pertingit;</strong></span> <span class='ocrx_word' id='word_1_650' title='bbox 3246 3655 3368 3710; x_wconf 80' lang='lat' dir='ltr'><strong>aliis</strong></span> 
     </span>
    </p>
   </div>
   <div class='ocr_carea' id='block_1_83' title="bbox 1801 3748 3361 3822">
    <p class='ocr_par' dir='ltr' id='par_1_83' title="bbox 1801 3748 3361 3822">
     <span class='ocr_line' id='line_1_83' title="bbox 1801 3748 3361 3822; baseline -0.002 -19"><span class='ocrx_word' id='word_1_651' title='bbox 1801 3753 2015 3822; x_wconf 90' lang='lat' dir='ltr'><strong>quidem</strong></span> <span class='ocrx_word' id='word_1_652' title='bbox 2047 3760 2245 3805; x_wconf 89' lang='lat' dir='ltr'><strong>statum</strong></span> <span class='ocrx_word' id='word_1_653' title='bbox 2280 3749 2617 3819; x_wconf 84' lang='lat' dir='ltr'><strong>impertiens,</strong></span> <span class='ocrx_word' id='word_1_654' title='bbox 2656 3748 2780 3801; x_wconf 91' lang='lat' dir='ltr'><strong>aliis</strong></span> <span class='ocrx_word' id='word_1_655' title='bbox 2809 3762 2937 3801; x_wconf 87' lang='lat' dir='ltr'><strong>vero</strong></span> <span class='ocrx_word' id='word_1_656' title='bbox 2970 3763 3027 3801; x_wconf 90' lang='lat' dir='ltr'><strong>se</strong></span> <span class='ocrx_word' id='word_1_657' title='bbox 3059 3748 3361 3812; x_wconf 89' lang='lat' dir='ltr'><strong>insinuans,</strong></span> 
     </span>
    </p>
   </div>
   <div class='ocr_carea' id='block_1_84' title="bbox 1802 3833 3363 3906">
    <p class='ocr_par' dir='ltr' id='par_1_84' title="bbox 1802 3833 3363 3906">
     <span class='ocr_line' id='line_1_84' title="bbox 1802 3833 3363 3906; baseline -0.007 -10"><span class='ocrx_word' id='word_1_658' title='bbox 1802 3843 1874 3897; x_wconf 92' lang='lat' dir='ltr'><strong>ita</strong></span> <span class='ocrx_word' id='word_1_659' title='bbox 1914 3851 1971 3896; x_wconf 87' lang='lat' dir='ltr'><strong>ut</strong></span> <span class='ocrx_word' id='word_1_660' title='bbox 2003 3840 2149 3894; x_wconf 90' lang='lat' dir='ltr'><strong>nulla</strong></span> <span class='ocrx_word' id='word_1_661' title='bbox 2185 3848 2438 3895; x_wconf 91' lang='lat' dir='ltr'><strong>creatura</strong></span> <span class='ocrx_word' id='word_1_662' title='bbox 2474 3841 2544 3893; x_wconf 90' lang='lat' dir='ltr'><strong>sit</strong></span> <span class='ocrx_word' id='word_1_663' title='bbox 2573 3838 2784 3892; x_wconf 89' lang='lat' dir='ltr'><strong>occulta</strong></span> <span class='ocrx_word' id='word_1_664' title='bbox 2824 3838 2876 3889; x_wconf 95' lang='lat' dir='ltr'><strong>in</strong></span> <span class='ocrx_word' id='word_1_665' title='bbox 2907 3846 3195 3906; x_wconf 85' lang='lat' dir='ltr'><strong>conspectu</strong></span> <span class='ocrx_word' id='word_1_666' title='bbox 3229 3833 3363 3901; x_wconf 85' lang='lat' dir='ltr'><strong>ejus.</strong></span> 
     </span>
    </p>
   </div>
   <div class='ocr_carea' id='block_1_85' title="bbox 1801 3925 3366 3998">
    <p class='ocr_par' dir='ltr' id='par_1_85' title="bbox 1801 3925 3366 3998">
     <span class='ocr_line' id='line_1_85' title="bbox 1801 3925 3366 3998; baseline -0.006 -11"><span class='ocrx_word' id='word_1_667' title='bbox 1801 3933 1938 3997; x_wconf 77' lang='lat' dir='ltr'><strong>Nota</strong></span> <span class='ocrx_word' id='word_1_668' title='bbox 1974 3947 2102 3986; x_wconf 90' lang='lat' dir='ltr'><strong>vero</strong></span> <span class='ocrx_word' id='word_1_669' title='bbox 2128 3930 2270 3984; x_wconf 90' lang='lat' dir='ltr'><strong>circa</strong></span> <span class='ocrx_word' id='word_1_670' title='bbox 2321 3930 2572 3998; x_wconf 88' lang='lat' dir='ltr'><strong>spiritum</strong></span> <span class='ocrx_word' id='word_1_671' title='bbox 2598 3966 2613 3992; x_wconf 91' lang='lat'><strong>,</strong></span> <span class='ocrx_word' id='word_1_672' title='bbox 2657 3927 2820 3979; x_wconf 91' lang='lat' dir='ltr'><strong>alium</strong></span> <span class='ocrx_word' id='word_1_673' title='bbox 2879 3941 3003 3979; x_wconf 86' lang='lat' dir='ltr'><strong>esse</strong></span> <span class='ocrx_word' id='word_1_674' title='bbox 3054 3925 3366 3992; x_wconf 69' lang='lat' dir='ltr'><strong>praedictum</strong></span> 
     </span>
    </p>
   </div>
   <div class='ocr_carea' id='block_1_86' title="bbox 1802 4015 3369 4096">
    <p class='ocr_par' dir='ltr' id='par_1_86' title="bbox 1802 4015 3369 4096">
     <span class='ocr_line' id='line_1_86' title="bbox 1802 4015 3369 4096; baseline -0.008 -16"><span class='ocrx_word' id='word_1_675' title='bbox 1802 4027 2075 4096; x_wconf 89' lang='lat' dir='ltr'><strong>spiritum,</strong></span> <span class='ocrx_word' id='word_1_676' title='bbox 2110 4037 2270 4093; x_wconf 90' lang='lat' dir='ltr'><strong>quem</strong></span> <span class='ocrx_word' id='word_1_677' title='bbox 2311 4022 2473 4077; x_wconf 87' lang='lat' dir='ltr'><strong>etiam</strong></span> <span class='ocrx_word' id='word_1_678' title='bbox 2526 4022 2761 4093; x_wconf 88' lang='lat' dir='ltr'><strong>animam</strong></span> <span class='ocrx_word' id='word_1_679' title='bbox 2817 4019 3133 4073; x_wconf 84' lang='lat' dir='ltr'><strong>sensitivam</strong></span> <span class='ocrx_word' id='word_1_680' title='bbox 3186 4015 3369 4085; x_wconf 87' lang='lat' dir='ltr'><strong>appel-</strong></span> 
     </span>
    </p>
   </div>
   <div class='ocr_carea' id='block_1_87' title="bbox 1802 4111 3369 4181">
    <p class='ocr_par' dir='ltr' id='par_1_87' title="bbox 1802 4111 3369 4181">
     <span class='ocr_line' id='line_1_87' title="bbox 1802 4111 3369 4181; baseline -0.006 -8"><span class='ocrx_word' id='word_1_681' title='bbox 1802 4119 1999 4180; x_wconf 83' lang='lat' dir='ltr'><strong>lamus.</strong></span> <span class='ocrx_word' id='word_1_682' title='bbox 2032 4126 2086 4171; x_wconf 91' lang='lat' dir='ltr'><strong>et</strong></span> <span class='ocrx_word' id='word_1_683' title='bbox 2118 4116 2279 4170; x_wconf 90' lang='lat' dir='ltr'><strong>alium</strong></span> <span class='ocrx_word' id='word_1_684' title='bbox 2313 4130 2431 4170; x_wconf 89' lang='lat' dir='ltr'><strong>esse</strong></span> <span class='ocrx_word' id='word_1_685' title='bbox 2459 4114 2607 4167; x_wconf 91' lang='lat' dir='ltr'><strong>illum</strong></span> <span class='ocrx_word' id='word_1_686' title='bbox 2643 4111 2997 4181; x_wconf 87' lang='lat' dir='ltr'><strong>spiritum,de</strong></span> <span class='ocrx_word' id='word_1_687' title='bbox 3017 4126 3123 4180; x_wconf 91' lang='lat' dir='ltr'><strong>quo</strong></span> <span class='ocrx_word' id='word_1_688' title='bbox 3144 4123 3369 4178; x_wconf 83' lang='lat' dir='ltr'><strong>magnus</strong></span> 
     </span>
    </p>
   </div>
   <div class='ocr_carea' id='block_1_88' title="bbox 1802 4203 3366 4271">
    <p class='ocr_par' dir='ltr' id='par_1_88' title="bbox 1802 4203 3366 4271">
     <span class='ocr_line' id='line_1_88' title="bbox 1802 4203 3366 4271; baseline -0.008 -5"><span class='ocrx_word' id='word_1_689' title='bbox 1802 4210 1997 4266; x_wconf 90' lang='lat' dir='ltr'><strong>Paulus</strong></span> <span class='ocrx_word' id='word_1_690' title='bbox 2034 4210 2111 4262; x_wconf 84' lang='lat' dir='ltr'><strong>ait</strong></span> <span class='ocrx_word' id='word_1_691' title='bbox 2145 4225 2160 4261; x_wconf 88' lang='lat'>:</span> <span class='ocrx_word' id='word_1_692' title='bbox 2200 4205 2453 4262; x_wconf 74' lang='lat' dir='ltr'><strong>Animalia</strong></span> <span class='ocrx_word' id='word_1_693' title='bbox 2487 4203 2637 4258; x_wconf 77' lang='lat' dir='ltr'><strong>homo</strong></span> <span class='ocrx_word' id='word_1_694' title='bbox 2676 4220 2778 4256; x_wconf 82' lang='lat' dir='ltr'><strong>non</strong></span> <span class='ocrx_word' id='word_1_695' title='bbox 2820 4204 2957 4271; x_wconf 86' lang='lat' dir='ltr'><strong>capit</strong></span> <span class='ocrx_word' id='word_1_696' title='bbox 2994 4219 3054 4255; x_wconf 79' lang='lat' dir='ltr'><strong>ea</strong></span> <span class='ocrx_word' id='word_1_697' title='bbox 3093 4218 3208 4271; x_wconf 81' lang='lat' dir='ltr'><strong>qua:</strong></span> <span class='ocrx_word' id='word_1_698' title='bbox 3245 4209 3366 4254; x_wconf 80' lang='lat' dir='ltr'><strong>sunt</strong></span> 
     </span>
    </p>
   </div>
   <div class='ocr_carea' id='block_1_89' title="bbox 1803 4292 3366 4373">
    <p class='ocr_par' dir='ltr' id='par_1_89' title="bbox 1803 4292 3366 4373">
     <span class='ocr_line' id='line_1_89' title="bbox 1803 4292 3366 4373; baseline -0.008 -16"><span class='ocrx_word' id='word_1_699' title='bbox 1803 4305 2017 4373; x_wconf 74' lang='lat' dir='ltr'><strong>spiritus</strong></span> <span class='ocrx_word' id='word_1_700' title='bbox 2048 4312 2092 4355; x_wconf 75' lang='grc' dir='ltr'><strong>ι.</strong></span> <span class='ocrx_word' id='word_1_701' title='bbox 2129 4300 2389 4369; x_wconf 90' lang='lat' dir='ltr'><strong>Spiritum</strong></span> <span class='ocrx_word' id='word_1_702' title='bbox 2420 4300 2565 4351; x_wconf 86' lang='lat' dir='ltr'><strong>enim</strong></span> <span class='ocrx_word' id='word_1_703' title='bbox 2618 4297 2690 4351; x_wconf 92' lang='lat' dir='ltr'><strong>ibi</strong></span> <span class='ocrx_word' id='word_1_704' title='bbox 2727 4303 2883 4349; x_wconf 88' lang='lat' dir='ltr'><strong>vocat</strong></span> <span class='ocrx_word' id='word_1_705' title='bbox 2926 4296 3155 4365; x_wconf 77' lang='lat' dir='ltr'><strong>gratiam</strong></span> <span class='ocrx_word' id='word_1_706' title='bbox 3207 4292 3366 4361; x_wconf 86' lang='lat' dir='ltr'><strong>spiri-</strong></span> 
     </span>
    </p>
   </div>
   <div class='ocr_carea' id='block_1_90' title="bbox 1806 4386 3369 4464">
    <p class='ocr_par' dir='ltr' id='par_1_90' title="bbox 1806 4386 3369 4464">
     <span class='ocr_line' id='line_1_90' title="bbox 1806 4386 3369 4464; baseline -0.01 -12"><span class='ocrx_word' id='word_1_707' title='bbox 1806 4398 1987 4461; x_wconf 88' lang='lat' dir='ltr'><strong>talem,</strong></span> <span class='ocrx_word' id='word_1_708' title='bbox 2024 4411 2185 4464; x_wconf 90' lang='lat' dir='ltr'><strong>quam</strong></span> <span class='ocrx_word' id='word_1_709' title='bbox 2221 4393 2406 4447; x_wconf 79' lang='lat' dir='ltr'><strong>ﬁdeles</strong></span> <span class='ocrx_word' id='word_1_710' title='bbox 2438 4391 2489 4444; x_wconf 89' lang='lat' dir='ltr'><strong>in</strong></span> <span class='ocrx_word' id='word_1_711' title='bbox 2526 4390 2792 4459; x_wconf 83' lang='lat' dir='ltr'><strong>baptismo</strong></span> <span class='ocrx_word' id='word_1_712' title='bbox 2834 4386 3131 4454; x_wconf 87' lang='lat' dir='ltr'><strong>accipimus</strong></span> <span class='ocrx_word' id='word_1_713' title='bbox 3156 4427 3170 4451; x_wconf 92' lang='lat'><strong>,</strong></span> <span class='ocrx_word' id='word_1_714' title='bbox 3206 4386 3369 4452; x_wconf 82' lang='lat' dir='ltr'><strong>spiri-</strong></span> 
     </span>
    </p>
   </div>
   <div class='ocr_carea' id='block_1_91' title="bbox 1808 4477 3364 4551">
    <p class='ocr_par' dir='ltr' id='par_1_91' title="bbox 1808 4477 3364 4551">
     <span class='ocr_line' id='line_1_91' title="bbox 1808 4477 3364 4551; baseline -0.01 -8"><span class='ocrx_word' id='word_1_715' title='bbox 1808 4501 1918 4543; x_wconf 91' lang='lat' dir='ltr'><strong>tum</strong></span> <span class='ocrx_word' id='word_1_716' title='bbox 1954 4486 2308 4551; x_wconf 80' lang='lat' dir='ltr'><strong>fortitudinis,</strong></span> <span class='ocrx_word' id='word_1_717' title='bbox 2362 4482 2732 4543; x_wconf 59' lang='lat' dir='ltr'><strong>sustinentim,</strong></span> <span class='ocrx_word' id='word_1_718' title='bbox 2768 4479 3215 4540; x_wconf 89' lang='lat' dir='ltr'><strong>mansuetudinis,</strong></span> <span class='ocrx_word' id='word_1_719' title='bbox 3248 4477 3364 4530; x_wconf 92' lang='lat' dir='ltr'><strong>lon-</strong></span> 
     </span>
    </p>
   </div>
   <div class='ocr_carea' id='block_1_92' title="bbox 146 4570 1697 4651">
    <p class='ocr_par' dir='ltr' id='par_1_92' title="bbox 146 4576 1697 4650">
     <span class='ocr_line' id='line_1_92' title="bbox 146 4576 1697 4650; baseline -0.003 -19"><span class='ocrx_word' id='word_1_720' title='bbox 146 4582 255 4642; x_wconf 89' lang='grc' dir='ltr'>κοῖς</span> <span class='ocrx_word' id='word_1_721' title='bbox 278 4579 327 4631; x_wconf 90' lang='grc' dir='ltr'>οἱ</span> <span class='ocrx_word' id='word_1_722' title='bbox 350 4580 703 4649; x_wconf 73' lang='grc' dir='ltr'>πνευματικοὶ</span> <span class='ocrx_word' id='word_1_723' title='bbox 730 4578 1084 4650; x_wconf 87' lang='grc' dir='ltr'>μωραίνοντες</span> <span class='ocrx_word' id='word_1_724' title='bbox 1108 4577 1405 4644; x_wconf 87' lang='grc' dir='ltr'>φαίνονται,</span> <span class='ocrx_word' id='word_1_725' title='bbox 1435 4576 1536 4629; x_wconf 84' lang='grc' dir='ltr'>κᾶν</span> <span class='ocrx_word' id='word_1_726' title='bbox 1560 4576 1697 4627; x_wconf 81' lang='grc' dir='ltr'>ἐκεῖ·</span> 
     </span>
    </p>
   </div>
   <div class='ocr_carea' id='block_1_93' title="bbox 1800 4570 3369 4651">
    <p class='ocr_par' dir='ltr' id='par_1_93' title="bbox 1807 4570 3369 4651">
     <span class='ocr_line' id='line_1_93' title="bbox 1807 4570 3369 4651; baseline -0.006 -18"><span class='ocrx_word' id='word_1_727' title='bbox 1807 4580 2165 4651; x_wconf 83' lang='lat' dir='ltr'><strong>ganimitatis,</strong></span> <span class='ocrx_word' id='word_1_728' title='bbox 2201 4575 2514 4630; x_wconf 89' lang='lat' dir='ltr'><strong>intentionis</strong></span> <span class='ocrx_word' id='word_1_729' title='bbox 2562 4575 2628 4626; x_wconf 87' lang='lat' dir='ltr'><strong>ad</strong></span> <span class='ocrx_word' id='word_1_730' title='bbox 2658 4572 2878 4636; x_wconf 91' lang='lat' dir='ltr'><strong>bonum,</strong></span> <span class='ocrx_word' id='word_1_731' title='bbox 2903 4574 3059 4641; x_wconf 79' lang='lat' dir='ltr'><strong>juxta</strong></span> <span class='ocrx_word' id='word_1_732' title='bbox 3096 4570 3237 4639; x_wconf 90' lang='lat' dir='ltr'><strong>quod</strong></span> <span class='ocrx_word' id='word_1_733' title='bbox 3267 4570 3369 4624; x_wconf 84' lang='lat' dir='ltr'><strong>viri</strong></span> 
     </span>
    </p>
   </div>
   <div class='ocr_carea' id='block_1_94' title="bbox 148 4663 1699 4739">
    <p class='ocr_par' dir='ltr' id='par_1_94' title="bbox 148 4663 1699 4739">
     <span class='ocr_line' id='line_1_94' title="bbox 148 4663 1699 4739; baseline -0.004 -16"><span class='ocrx_word' id='word_1_734' title='bbox 148 4687 221 4723; x_wconf 90' lang='grc' dir='ltr'><strong>νοι</strong></span> <span class='ocrx_word' id='word_1_735' title='bbox 246 4686 339 4723; x_wconf 91' lang='grc' dir='ltr'><strong>του</strong></span> <span class='ocrx_word' id='word_1_736' title='bbox 367 4668 595 4739; x_wconf 82' lang='grc' dir='ltr'>ἀληθοῦς</span> <span class='ocrx_word' id='word_1_737' title='bbox 637 4668 978 4738; x_wconf 79' lang='grc' dir='ltr'>ἐξέρχωνται,</span> <span class='ocrx_word' id='word_1_738' title='bbox 1022 4666 1203 4730; x_wconf 84' lang='grc' dir='ltr'>καθὼς</span> <span class='ocrx_word' id='word_1_739' title='bbox 1246 4668 1337 4722; x_wconf 78' lang='grc' dir='ltr'><strong>καί</strong></span> <span class='ocrx_word' id='word_1_740' title='bbox 1366 4664 1555 4737; x_wconf 87' lang='grc' dir='ltr'>πρώην</span> <span class='ocrx_word' id='word_1_741' title='bbox 1581 4663 1699 4718; x_wconf 74' lang='grc' dir='ltr'>ἐλέη</span> 
     </span>
    </p>
   </div>
   <div class='ocr_carea' id='block_1_95' title="bbox 148 4777 325 4832">
    <p class='ocr_par' dir='ltr' id='par_1_95' title="bbox 148 4777 325 4832">
     <span class='ocr_line' id='line_1_95' title="bbox 148 4777 325 4832; baseline -0.011 -17"><span class='ocrx_word' id='word_1_742' title='bbox 148 4777 325 4832; x_wconf 82' lang='grc' dir='ltr'>γομεν.</span> 
     </span>
    </p>
   </div>
   <div class='ocr_carea' id='block_1_96' title="bbox 214 4960 1703 5035">
    <p class='ocr_par' dir='ltr' id='par_1_96' title="bbox 214 4960 1703 5035">
     <span class='ocr_line' id='line_1_96' title="bbox 214 4960 1703 5035; baseline -0.001 -18"><span class='ocrx_word' id='word_1_743' title='bbox 214 4963 240 5033; x_wconf 78' lang='lat'><strong>§</strong></span> <span class='ocrx_word' id='word_1_744' title='bbox 284 4962 367 5017; x_wconf 90' lang='lat' dir='ltr'><strong>IV.</strong></span> <span class='ocrx_word' id='word_1_745' title='bbox 409 4964 589 5017; x_wconf 80' lang='grc' dir='ltr'>Πάντα</span> <span class='ocrx_word' id='word_1_746' title='bbox 609 4961 675 5016; x_wconf 86' lang='grc' dir='ltr'><strong>τὰ</strong></span> <span class='ocrx_word' id='word_1_747' title='bbox 702 4961 776 5031; x_wconf 89' lang='grc' dir='ltr'>τῷ</span> <span class='ocrx_word' id='word_1_748' title='bbox 800 4960 916 5032; x_wconf 83' lang='grc' dir='ltr'>Θεῷ</span> <span class='ocrx_word' id='word_1_749' title='bbox 938 4965 1210 5032; x_wconf 84' lang='grc' dir='ltr'>προσεῖναι</span> <span class='ocrx_word' id='word_1_750' title='bbox 1246 4961 1509 5032; x_wconf 85' lang='grc' dir='ltr'>λεγόμενα</span> <span class='ocrx_word' id='word_1_751' title='bbox 1534 4962 1703 5035; x_wconf 80' lang='grc' dir='ltr'>ὑπερ-</span> 
     </span>
    </p>
   </div>
   <div class='ocr_carea' id='block_1_97' title="bbox 149 5053 1708 5127">
    <p class='ocr_par' dir='ltr' id='par_1_97' title="bbox 149 5053 1708 5127">
     <span class='ocr_line' id='line_1_97' title="bbox 149 5053 1708 5127; baseline 0 -20"><span class='ocrx_word' id='word_1_752' title='bbox 149 5056 334 5120; x_wconf 78' lang='grc' dir='ltr'>ουσίως</span> <span class='ocrx_word' id='word_1_753' title='bbox 373 5056 614 5124; x_wconf 84' lang='grc' dir='ltr'>λέγονται</span> <span class='ocrx_word' id='word_1_754' title='bbox 638 5072 649 5085; x_wconf 90' lang='grc'><strong>·</strong></span> <span class='ocrx_word' id='word_1_755' title='bbox 688 5058 807 5109; x_wconf 86' lang='grc' dir='ltr'>ὅθεν</span> <span class='ocrx_word' id='word_1_756' title='bbox 847 5058 939 5109; x_wconf 76' lang='grc' dir='ltr'>καὶ</span> <span class='ocrx_word' id='word_1_757' title='bbox 979 5053 1170 5107; x_wconf 75' lang='grc' dir='ltr'>ταύτὸν</span> <span class='ocrx_word' id='word_1_758' title='bbox 1215 5054 1425 5122; x_wconf 88' lang='grc' dir='ltr'>λέγεται</span> <span class='ocrx_word' id='word_1_759' title='bbox 1478 5055 1708 5127; x_wconf 84' lang='grc' dir='ltr'>ὑπερου-</span> 
     </span>
    </p>
   </div>
   <div class='ocr_carea' id='block_1_98' title="bbox 154 5149 1707 5222">
    <p class='ocr_par' dir='ltr' id='par_1_98' title="bbox 154 5149 1707 5222">
     <span class='ocr_line' id='line_1_98' title="bbox 154 5149 1707 5222; baseline 0 -21"><span class='ocrx_word' id='word_1_760' title='bbox 154 5150 274 5213; x_wconf 89' lang='grc' dir='ltr'>σίως</span> <span class='ocrx_word' id='word_1_761' title='bbox 312 5152 392 5204; x_wconf 85' lang='grc' dir='ltr'>ὃτι</span> <span class='ocrx_word' id='word_1_762' title='bbox 431 5152 515 5219; x_wconf 82' lang='grc' dir='ltr'>ἐφ’</span> <span class='ocrx_word' id='word_1_763' title='bbox 552 5152 742 5204; x_wconf 85' lang='grc' dir='ltr'>ἐαυτοῦ</span> <span class='ocrx_word' id='word_1_764' title='bbox 784 5152 965 5222; x_wconf 87' lang='grc' dir='ltr'>μένει,</span> <span class='ocrx_word' id='word_1_765' title='bbox 1006 5153 1099 5204; x_wconf 76' lang='grc' dir='ltr'>καὶ</span> <span class='ocrx_word' id='word_1_766' title='bbox 1140 5149 1277 5204; x_wconf 76' lang='grc' dir='ltr'>κατὰ</span> <span class='ocrx_word' id='word_1_767' title='bbox 1318 5149 1385 5202; x_wconf 85' lang='grc' dir='ltr'>τὰ</span> <span class='ocrx_word' id='word_1_768' title='bbox 1426 5149 1563 5202; x_wconf 85' lang='grc' dir='ltr'>αὺτά</span> <span class='ocrx_word' id='word_1_769' title='bbox 1614 5149 1707 5203; x_wconf 69' lang='grc' dir='ltr'>καὶ</span> 
     </span>
    </p>
   </div>
   <div class='ocr_carea' id='block_1_99' title="bbox 152 5240 1710 5314">
    <p class='ocr_par' dir='ltr' id='par_1_99' title="bbox 152 5240 1710 5314">
     <span class='ocr_line' id='line_1_99' title="bbox 152 5240 1710 5314; baseline 0 -22"><span class='ocrx_word' id='word_1_770' title='bbox 152 5240 397 5306; x_wconf 82' lang='grc' dir='ltr'>ὡσαύτως</span> <span class='ocrx_word' id='word_1_771' title='bbox 424 5242 532 5313; x_wconf 78' lang='grc' dir='ltr'>ἔχει</span> <span class='ocrx_word' id='word_1_772' title='bbox 559 5243 834 5314; x_wconf 80' lang='grc' dir='ltr'>ἱδρυμένον</span> <span class='ocrx_word' id='word_1_773' title='bbox 858 5245 915 5295; x_wconf 83' lang='grc' dir='ltr'><strong>ἐν</strong></span> <span class='ocrx_word' id='word_1_774' title='bbox 940 5245 1048 5305; x_wconf 89' lang='grc' dir='ltr'>τοῖς</span> <span class='ocrx_word' id='word_1_775' title='bbox 1074 5241 1371 5305; x_wconf 87' lang='grc' dir='ltr'>καλλίστοις</span> <span class='ocrx_word' id='word_1_776' title='bbox 1396 5242 1589 5312; x_wconf 86' lang='grc' dir='ltr'>πέρασι</span> <span class='ocrx_word' id='word_1_777' title='bbox 1612 5240 1710 5310; x_wconf 83' lang='grc' dir='ltr'>τῆς</span> 
     </span>
    </p>
   </div>
   <div class='ocr_carea' id='block_1_100' title="bbox 156 5332 1709 5405">
    <p class='ocr_par' dir='ltr' id='par_1_100' title="bbox 156 5332 1709 5405">
     <span class='ocr_line' id='line_1_100' title="bbox 156 5332 1709 5405; baseline -0.001 -18"><span class='ocrx_word' id='word_1_778' title='bbox 156 5334 273 5405; x_wconf 78' lang='grc' dir='ltr'><strong>περί</strong></span> <span class='ocrx_word' id='word_1_779' title='bbox 298 5334 393 5405; x_wconf 82' lang='grc' dir='ltr'>τὴν</span> <span class='ocrx_word' id='word_1_780' title='bbox 417 5335 601 5388; x_wconf 80' lang='grc' dir='ltr'>οὐσίαν</span> <span class='ocrx_word' id='word_1_781' title='bbox 630 5335 955 5405; x_wconf 80' lang='grc' dir='ltr'>φαινομένης</span> <span class='ocrx_word' id='word_1_782' title='bbox 998 5334 1339 5404; x_wconf 71' lang='grc' dir='ltr'>ταύτότητος.</span> <span class='ocrx_word' id='word_1_783' title='bbox 1384 5334 1475 5387; x_wconf 86' lang='grc' dir='ltr'>Ἐκ</span> <span class='ocrx_word' id='word_1_784' title='bbox 1518 5333 1573 5386; x_wconf 85' lang='grc' dir='ltr'><strong>δέ</strong></span> <span class='ocrx_word' id='word_1_785' title='bbox 1600 5332 1709 5386; x_wconf 85' lang='grc' dir='ltr'><strong>τῶν</strong></span> 
     </span>
    </p>
   </div>
   <div class='ocr_carea' id='block_1_101' title="bbox 155 5425 1703 5498">
    <p class='ocr_par' dir='ltr' id='par_1_101' title="bbox 155 5425 1703 5498">
     <span class='ocr_line' id='line_1_101' title="bbox 155 5425 1703 5498; baseline -0.001 -20"><span class='ocrx_word' id='word_1_786' title='bbox 155 5428 393 5496; x_wconf 85' lang='grc' dir='ltr'>περάτων</span> <span class='ocrx_word' id='word_1_787' title='bbox 416 5427 754 5497; x_wconf 76' lang='grc' dir='ltr'>ἐμφαίνεται,</span> <span class='ocrx_word' id='word_1_788' title='bbox 796 5428 877 5479; x_wconf 82' lang='grc' dir='ltr'>ὅτι</span> <span class='ocrx_word' id='word_1_789' title='bbox 911 5428 1027 5498; x_wconf 82' lang='grc' dir='ltr'>οὐχί</span> <span class='ocrx_word' id='word_1_790' title='bbox 1066 5429 1180 5479; x_wconf 87' lang='grc' dir='ltr'>ἐστι</span> <span class='ocrx_word' id='word_1_791' title='bbox 1236 5427 1333 5497; x_wconf 80' lang='grc' dir='ltr'>μὲν</span> <span class='ocrx_word' id='word_1_792' title='bbox 1373 5426 1464 5478; x_wconf 90' lang='grc' dir='ltr'><strong>νῦν</strong></span> <span class='ocrx_word' id='word_1_793' title='bbox 1493 5425 1703 5489; x_wconf 81' lang='grc' dir='ltr'>ταύτὸν,</span> 
     </span>
    </p>
   </div>
   <div class='ocr_carea' id='block_1_102' title="bbox 156 5516 1705 5589">
    <p class='ocr_par' dir='ltr' id='par_1_102' title="bbox 156 5516 1705 5589">
     <span class='ocr_line' id='line_1_102' title="bbox 156 5516 1705 5589; baseline -0.001 -20"><span class='ocrx_word' id='word_1_794' title='bbox 156 5520 351 5586; x_wconf 75' lang='grc' dir='ltr'>πέφυκε</span> <span class='ocrx_word' id='word_1_795' title='bbox 378 5518 433 5571; x_wconf 86' lang='grc' dir='ltr'><strong>δέ</strong></span> <span class='ocrx_word' id='word_1_796' title='bbox 459 5536 587 5572; x_wconf 85' lang='grc' dir='ltr'>ποτε</span> <span class='ocrx_word' id='word_1_797' title='bbox 616 5520 907 5589; x_wconf 80' lang='grc' dir='ltr'>ἐκχυθῆναι</span> <span class='ocrx_word' id='word_1_798' title='bbox 938 5521 1016 5582; x_wconf 90' lang='grc' dir='ltr'><strong>εἰς</strong></span> <span class='ocrx_word' id='word_1_799' title='bbox 1043 5518 1334 5589; x_wconf 78' lang='grc' dir='ltr'>ἑτερότητα</span> <span class='ocrx_word' id='word_1_800' title='bbox 1355 5535 1367 5547; x_wconf 89' lang='grc'><strong>·</strong></span> <span class='ocrx_word' id='word_1_801' title='bbox 1399 5519 1570 5571; x_wconf 85' lang='grc' dir='ltr'>ἐκεῖνο</span> <span class='ocrx_word' id='word_1_802' title='bbox 1597 5516 1705 5589; x_wconf 79' lang='grc' dir='ltr'><strong>γὰρ</strong></span> 
     </span>
    </p>
   </div>
   <div class='ocr_carea' id='block_1_103' title="bbox 158 5606 1707 5679">
    <p class='ocr_par' dir='ltr' id='par_1_103' title="bbox 158 5606 1707 5679">
     <span class='ocr_line' id='line_1_103' title="bbox 158 5606 1707 5679; baseline 0.001 -22"><span class='ocrx_word' id='word_1_803' title='bbox 158 5606 473 5678; x_wconf 71' lang='grc' dir='ltr'>ἑτεροιοῦται</span> <span class='ocrx_word' id='word_1_804' title='bbox 521 5609 774 5672; x_wconf 84' lang='grc' dir='ltr'>πολλάκις</span> <span class='ocrx_word' id='word_1_805' title='bbox 831 5611 893 5662; x_wconf 80' lang='grc' dir='ltr'><strong>ἐκ</strong></span> <span class='ocrx_word' id='word_1_806' title='bbox 932 5610 1027 5679; x_wconf 84' lang='grc' dir='ltr'>τῆς</span> <span class='ocrx_word' id='word_1_807' title='bbox 1064 5608 1404 5678; x_wconf 77' lang='grc' dir='ltr'>ταύτότητος,</span> <span class='ocrx_word' id='word_1_808' title='bbox 1436 5608 1571 5678; x_wconf 83' lang='grc' dir='ltr'>ὅπερ</span> <span class='ocrx_word' id='word_1_809' title='bbox 1610 5607 1707 5677; x_wconf 80' lang='grc' dir='ltr'>οὐχ</span> 
     </span>
    </p>
   </div>
   <div class='ocr_carea' id='block_1_104' title="bbox 159 5696 1707 5770">
    <p class='ocr_par' dir='ltr' id='par_1_104' title="bbox 159 5696 1707 5770">
     <span class='ocr_line' id='line_1_104' title="bbox 159 5696 1707 5770; baseline 0.003 -23"><span class='ocrx_word' id='word_1_810' title='bbox 159 5696 351 5767; x_wconf 70' lang='grc' dir='ltr'>ἵδρυται</span> <span class='ocrx_word' id='word_1_811' title='bbox 382 5702 439 5752; x_wconf 89' lang='grc' dir='ltr'><strong>ἐν</strong></span> <span class='ocrx_word' id='word_1_812' title='bbox 466 5703 575 5763; x_wconf 87' lang='grc' dir='ltr'>τοῖς</span> <span class='ocrx_word' id='word_1_813' title='bbox 616 5701 711 5769; x_wconf 79' lang='grc' dir='ltr'>τῆς</span> <span class='ocrx_word' id='word_1_814' title='bbox 749 5700 1067 5770; x_wconf 77' lang='grc' dir='ltr'>ταύτότητος</span> <span class='ocrx_word' id='word_1_815' title='bbox 1106 5701 1351 5763; x_wconf 87' lang='grc' dir='ltr'>πέρασιν.</span> <span class='ocrx_word' id='word_1_816' title='bbox 1393 5701 1450 5752; x_wconf 81' lang='grc'><strong>’0</strong></span> <span class='ocrx_word' id='word_1_817' title='bbox 1486 5699 1541 5752; x_wconf 90' lang='grc' dir='ltr'><strong>δέ</strong></span> <span class='ocrx_word' id='word_1_818' title='bbox 1580 5697 1707 5762; x_wconf 87' lang='grc' dir='ltr'>Θεὸς</span> 
     </span>
    </p>
   </div>
   <div class='ocr_carea' id='block_1_105' title="bbox 230 5876 1346 5947">
    <p class='ocr_par' dir='ltr' id='par_1_105' title="bbox 230 5876 1346 5947">
     <span class='ocr_line' id='line_1_105' title="bbox 230 5876 1346 5947; baseline -0.001 -16"><span class='ocrx_word' id='word_1_819' title='bbox 230 5884 256 5923; x_wconf 65' lang='grc' dir='ltr'><em>τ</em></span> <span class='ocrx_word' id='word_1_820' title='bbox 290 5876 432 5933; x_wconf 82' lang='lat' dir='ltr'><strong>Psal.</strong></span> <span class='ocrx_word' id='word_1_821' title='bbox 466 5891 723 5947; x_wconf 78' lang='lat' dir='ltr'><strong>cxxxvm,</strong></span> <span class='ocrx_word' id='word_1_822' title='bbox 759 5878 811 5932; x_wconf 83' lang='lat'><strong>5.</strong></span> <span class='ocrx_word' id='word_1_823' title='bbox 893 5888 912 5914; x_wconf 79' lang='grc' dir='ltr'><strong>ι</strong></span> <span class='ocrx_word' id='word_1_824' title='bbox 950 5877 965 5933; x_wconf 98' lang='lat' dir='ltr'><strong>l</strong></span> <span class='ocrx_word' id='word_1_825' title='bbox 1001 5877 1125 5933; x_wconf 86' lang='lat' dir='ltr'><strong>Cor.</strong></span> <span class='ocrx_word' id='word_1_826' title='bbox 1164 5892 1221 5944; x_wconf 78' lang='grc' dir='ltr'><strong>ιι,</strong></span> <span class='ocrx_word' id='word_1_827' title='bbox 1261 5878 1346 5932; x_wconf 68' lang='lat' dir='ltr'><strong>lt.</strong></span> 
     </span>
    </p>
   </div>
   <div class='ocr_carea' id='block_1_106' title="bbox 1804 4666 3367 4745">
    <p class='ocr_par' dir='ltr' id='par_1_106' title="bbox 1804 4666 3367 4745">
     <span class='ocr_line' id='line_1_106' title="bbox 1804 4666 3367 4745; baseline -0.01 -15"><span class='ocrx_word' id='word_1_828' title='bbox 1804 4675 2074 4745; x_wconf 88' lang='lat' dir='ltr'><strong>spiritales</strong></span> <span class='ocrx_word' id='word_1_829' title='bbox 2105 4669 2412 4729; x_wconf 85' lang='lat' dir='ltr'><strong>hominibus</strong></span> <span class='ocrx_word' id='word_1_830' title='bbox 2454 4667 2777 4721; x_wconf 84' lang='lat' dir='ltr'><strong>animalibus</strong></span> <span class='ocrx_word' id='word_1_831' title='bbox 2827 4667 3069 4721; x_wconf 88' lang='lat' dir='ltr'><strong>insanire</strong></span> <span class='ocrx_word' id='word_1_832' title='bbox 3096 4666 3367 4729; x_wconf 89' lang='lat' dir='ltr'><strong>videntur,</strong></span> 
     </span>
    </p>
   </div>
   <div class='ocr_carea' id='block_1_107' title="bbox 1803 4759 3370 4837">
    <p class='ocr_par' dir='ltr' id='par_1_107' title="bbox 1803 4759 3370 4837">
     <span class='ocr_line' id='line_1_107' title="bbox 1803 4759 3370 4837; baseline -0.005 -19"><span class='ocrx_word' id='word_1_833' title='bbox 1803 4766 2145 4837; x_wconf 85' lang='lat' dir='ltr'><strong>quantumvis</strong></span> <span class='ocrx_word' id='word_1_834' title='bbox 2182 4764 2393 4833; x_wconf 89' lang='lat' dir='ltr'><strong>ipsimet</strong></span> <span class='ocrx_word' id='word_1_835' title='bbox 2430 4776 2460 4813; x_wconf 91' lang='lat' dir='ltr'><strong>a</strong></span> <span class='ocrx_word' id='word_1_836' title='bbox 2502 4761 2727 4814; x_wconf 88' lang='lat' dir='ltr'><strong>veritate</strong></span> <span class='ocrx_word' id='word_1_837' title='bbox 2758 4761 3049 4823; x_wconf 86' lang='lat' dir='ltr'><strong>aberrent,</strong></span> <span class='ocrx_word' id='word_1_838' title='bbox 3091 4759 3166 4812; x_wconf 90' lang='lat' dir='ltr'><strong>uti</strong></span> <span class='ocrx_word' id='word_1_839' title='bbox 3206 4771 3370 4825; x_wconf 69' lang='lat' dir='ltr'><strong>supeo</strong></span> 
     </span>
    </p>
   </div>
   <div class='ocr_carea' id='block_1_108' title="bbox 1803 4858 2279 4914">
    <p class='ocr_par' dir='ltr' id='par_1_108' title="bbox 1803 4858 2279 4914">
     <span class='ocr_line' id='line_1_108' title="bbox 1803 4858 2279 4914; baseline -0.006 -1"><span class='ocrx_word' id='word_1_840' title='bbox 1803 4860 1914 4914; x_wconf 88' lang='lat' dir='ltr'><strong>rius</strong></span> <span class='ocrx_word' id='word_1_841' title='bbox 1952 4858 2279 4911; x_wconf 89' lang='lat' dir='ltr'><strong>dicebamus.</strong></span> 
     </span>
    </p>
   </div>
   <div class='ocr_carea' id='block_1_109' title="bbox 1877 4946 3368 5021">
    <p class='ocr_par' dir='ltr' id='par_1_109' title="bbox 1877 4946 3368 5021">
     <span class='ocr_line' id='line_1_109' title="bbox 1877 4946 3368 5021; baseline -0.003 -18"><span class='ocrx_word' id='word_1_842' title='bbox 1877 4949 1906 5021; x_wconf 61' lang='grc' dir='ltr'>ᾗ</span> <span class='ocrx_word' id='word_1_843' title='bbox 1946 4949 2032 5003; x_wconf 89' lang='lat' dir='ltr'><strong>lV.</strong></span> <span class='ocrx_word' id='word_1_844' title='bbox 2076 4948 2199 5003; x_wconf 71' lang='lat' dir='ltr'><strong>Haec</strong></span> <span class='ocrx_word' id='word_1_845' title='bbox 2248 4947 2425 5003; x_wconf 92' lang='lat' dir='ltr'><strong>omnia</strong></span> <span class='ocrx_word' id='word_1_846' title='bbox 2468 4962 2587 5015; x_wconf 67' lang='lat' dir='ltr'><strong>quae</strong></span> <span class='ocrx_word' id='word_1_847' title='bbox 2638 4946 2746 5000; x_wconf 91' lang='lat' dir='ltr'><strong>Deo</strong></span> <span class='ocrx_word' id='word_1_848' title='bbox 2799 4946 2979 4999; x_wconf 89' lang='lat' dir='ltr'><strong>inesse</strong></span> <span class='ocrx_word' id='word_1_849' title='bbox 3029 4946 3174 4999; x_wconf 91' lang='lat' dir='ltr'><strong>dicta</strong></span> <span class='ocrx_word' id='word_1_850' title='bbox 3222 4952 3368 5008; x_wconf 90' lang='lat' dir='ltr'><strong>sunt,</strong></span> 
     </span>
    </p>
   </div>
   <div class='ocr_carea' id='block_1_110' title="bbox 1806 5037 3368 5113">
    <p class='ocr_par' dir='ltr' id='par_1_110' title="bbox 1806 5037 3368 5113">
     <span class='ocr_line' id='line_1_110' title="bbox 1806 5037 3368 5113; baseline -0.006 -14"><span class='ocrx_word' id='word_1_851' title='bbox 1806 5042 2399 5113; x_wconf 87' lang='lat' dir='ltr'><strong>suprasubstantialiter</strong></span> <span class='ocrx_word' id='word_1_852' title='bbox 2429 5041 2719 5107; x_wconf 87' lang='lat' dir='ltr'><strong>dicuntur;</strong></span> <span class='ocrx_word' id='word_1_853' title='bbox 2746 5041 2887 5092; x_wconf 91' lang='lat' dir='ltr'><strong>unde</strong></span> <span class='ocrx_word' id='word_1_854' title='bbox 2915 5039 3081 5092; x_wconf 91' lang='lat' dir='ltr'><strong>etiam</strong></span> <span class='ocrx_word' id='word_1_855' title='bbox 3109 5037 3160 5091; x_wconf 90' lang='lat' dir='ltr'><strong>id</strong></span> <span class='ocrx_word' id='word_1_856' title='bbox 3196 5037 3368 5105; x_wconf 90' lang='lat' dir='ltr'><strong>ipsum</strong></span> 
     </span>
    </p>
   </div>
   <div class='ocr_carea' id='block_1_111' title="bbox 1808 5130 3371 5204">
    <p class='ocr_par' dir='ltr' id='par_1_111' title="bbox 1808 5130 3371 5204">
     <span class='ocr_line' id='line_1_111' title="bbox 1808 5130 3371 5204; baseline -0.006 -12"><span class='ocrx_word' id='word_1_857' title='bbox 1808 5132 2402 5204; x_wconf 86' lang='lat' dir='ltr'><strong>suprasuhstantialiter</strong></span> <span class='ocrx_word' id='word_1_858' title='bbox 2455 5131 2676 5193; x_wconf 91' lang='lat' dir='ltr'><strong>dicitur,</strong></span> <span class='ocrx_word' id='word_1_859' title='bbox 2716 5132 2867 5199; x_wconf 87' lang='lat' dir='ltr'><strong>quod</strong></span> <span class='ocrx_word' id='word_1_860' title='bbox 2922 5131 2973 5184; x_wconf 93' lang='lat' dir='ltr'><strong>in</strong></span> <span class='ocrx_word' id='word_1_861' title='bbox 3029 5130 3207 5199; x_wconf 88' lang='lat' dir='ltr'><strong>seipso</strong></span> <span class='ocrx_word' id='word_1_862' title='bbox 3258 5145 3371 5182; x_wconf 88' lang='lat' dir='ltr'><strong>ma-</strong></span> 
     </span>
    </p>
   </div>
   <div class='ocr_carea' id='block_1_112' title="bbox 1811 5222 3370 5297">
    <p class='ocr_par' dir='ltr' id='par_1_112' title="bbox 1811 5222 3370 5297">
     <span class='ocr_line' id='line_1_112' title="bbox 1811 5222 3370 5297; baseline -0.007 -11"><span class='ocrx_word' id='word_1_863' title='bbox 1811 5239 1955 5297; x_wconf 88' lang='lat' dir='ltr'><strong>neat,</strong></span> <span class='ocrx_word' id='word_1_864' title='bbox 1991 5239 2044 5284; x_wconf 89' lang='lat' dir='ltr'><strong>et</strong></span> <span class='ocrx_word' id='word_1_865' title='bbox 2077 5230 2369 5285; x_wconf 84' lang='lat' dir='ltr'><strong>secundum</strong></span> <span class='ocrx_word' id='word_1_866' title='bbox 2405 5229 2591 5282; x_wconf 88' lang='lat' dir='ltr'><strong>eadem</strong></span> <span class='ocrx_word' id='word_1_867' title='bbox 2639 5225 2934 5294; x_wconf 84' lang='lat' dir='ltr'><strong>eodemque</strong></span> <span class='ocrx_word' id='word_1_868' title='bbox 2974 5224 3129 5277; x_wconf 92' lang='lat' dir='ltr'><strong>modo</strong></span> <span class='ocrx_word' id='word_1_869' title='bbox 3162 5222 3370 5277; x_wconf 87' lang='lat' dir='ltr'><strong>stabili-</strong></span> 
     </span>
    </p>
   </div>
   <div class='ocr_carea' id='block_1_113' title="bbox 1814 5314 3365 5389">
    <p class='ocr_par' dir='ltr' id='par_1_113' title="bbox 1814 5314 3365 5389">
     <span class='ocr_line' id='line_1_113' title="bbox 1814 5314 3365 5389; baseline -0.005 -11"><span class='ocrx_word' id='word_1_870' title='bbox 1814 5333 1976 5378; x_wconf 85' lang='lat' dir='ltr'><strong>tatem</strong></span> <span class='ocrx_word' id='word_1_871' title='bbox 2011 5322 2209 5377; x_wconf 86' lang='lat' dir='ltr'><strong>habeat</strong></span> <span class='ocrx_word' id='word_1_872' title='bbox 2253 5323 2303 5375; x_wconf 92' lang='lat' dir='ltr'><strong>in</strong></span> <span class='ocrx_word' id='word_1_873' title='bbox 2343 5319 2728 5389; x_wconf 85' lang='lat' dir='ltr'><strong>pulcherrimis</strong></span> <span class='ocrx_word' id='word_1_874' title='bbox 2761 5314 3004 5370; x_wconf 87' lang='lat' dir='ltr'><strong>terminis</strong></span> <span class='ocrx_word' id='word_1_875' title='bbox 3048 5316 3192 5369; x_wconf 88' lang='lat' dir='ltr'><strong>circa</strong></span> <span class='ocrx_word' id='word_1_876' title='bbox 3243 5317 3365 5370; x_wconf 89' lang='lat' dir='ltr'><strong>sub-</strong></span> 
     </span>
    </p>
   </div>
   <div class='ocr_carea' id='block_1_114' title="bbox 1812 5410 3367 5489">
    <p class='ocr_par' dir='ltr' id='par_1_114' title="bbox 1812 5410 3367 5489">
     <span class='ocr_line' id='line_1_114' title="bbox 1812 5410 3367 5489; baseline -0.01 -13"><span class='ocrx_word' id='word_1_877' title='bbox 1812 5422 2065 5476; x_wconf 87' lang='lat' dir='ltr'><strong>stantiam</strong></span> <span class='ocrx_word' id='word_1_878' title='bbox 2095 5419 2406 5489; x_wconf 89' lang='lat' dir='ltr'><strong>apparentis</strong></span> <span class='ocrx_word' id='word_1_879' title='bbox 2450 5416 2769 5475; x_wconf 84' lang='lat' dir='ltr'><strong>identitatis.</strong></span> <span class='ocrx_word' id='word_1_880' title='bbox 2799 5413 2875 5467; x_wconf 79' lang='lat' dir='ltr'><strong>Ex</strong></span> <span class='ocrx_word' id='word_1_881' title='bbox 2913 5410 3157 5478; x_wconf 82' lang='lat' dir='ltr'><strong>terminis</strong></span> <span class='ocrx_word' id='word_1_882' title='bbox 3190 5419 3367 5461; x_wconf 90' lang='lat' dir='ltr'><strong>autem</strong></span> 
     </span>
    </p>
   </div>
   <div class='ocr_carea' id='block_1_115' title="bbox 1814 5499 3371 5585">
    <p class='ocr_par' dir='ltr' id='par_1_115' title="bbox 1814 5499 3371 5585">
     <span class='ocr_line' id='line_1_115' title="bbox 1814 5499 3371 5585; baseline -0.009 -18"><span class='ocrx_word' id='word_1_883' title='bbox 1814 5524 2051 5585; x_wconf 88' lang='lat' dir='ltr'><strong>apparet,</strong></span> <span class='ocrx_word' id='word_1_884' title='bbox 2089 5514 2230 5585; x_wconf 86' lang='lat' dir='ltr'><strong>quod</strong></span> <span class='ocrx_word' id='word_1_885' title='bbox 2282 5527 2387 5566; x_wconf 92' lang='lat' dir='ltr'><strong>non</strong></span> <span class='ocrx_word' id='word_1_886' title='bbox 2442 5511 2513 5565; x_wconf 92' lang='lat' dir='ltr'><strong>sit</strong></span> <span class='ocrx_word' id='word_1_887' title='bbox 2564 5508 2719 5563; x_wconf 89' lang='lat' dir='ltr'><strong>modo</strong></span> <span class='ocrx_word' id='word_1_888' title='bbox 2772 5506 2987 5576; x_wconf 88' lang='lat' dir='ltr'><strong>quidem</strong></span> <span class='ocrx_word' id='word_1_889' title='bbox 3042 5504 3222 5565; x_wconf 88' lang='lat' dir='ltr'><strong>idem,</strong></span> <span class='ocrx_word' id='word_1_890' title='bbox 3273 5499 3371 5553; x_wconf 81' lang='lat' dir='ltr'><strong>ali-</strong></span> 
     </span>
    </p>
   </div>
   <div class='ocr_carea' id='block_1_116' title="bbox 1813 5590 3367 5673">
    <p class='ocr_par' dir='ltr' id='par_1_116' title="bbox 1813 5590 3367 5673">
     <span class='ocr_line' id='line_1_116' title="bbox 1813 5590 3367 5673; baseline -0.01 -18"><span class='ocrx_word' id='word_1_891' title='bbox 1813 5603 2026 5673; x_wconf 88' lang='lat' dir='ltr'><strong>quando</strong></span> <span class='ocrx_word' id='word_1_892' title='bbox 2052 5618 2178 5658; x_wconf 89' lang='lat' dir='ltr'><strong>vero</strong></span> <span class='ocrx_word' id='word_1_893' title='bbox 2212 5603 2379 5671; x_wconf 87' lang='lat' dir='ltr'><strong>possit</strong></span> <span class='ocrx_word' id='word_1_894' title='bbox 2404 5601 2455 5654; x_wconf 93' lang='lat' dir='ltr'><strong>in</strong></span> <span class='ocrx_word' id='word_1_895' title='bbox 2490 5599 2814 5652; x_wconf 82' lang='lat' dir='ltr'><strong>alteritatem</strong></span> <span class='ocrx_word' id='word_1_896' title='bbox 2843 5594 3075 5658; x_wconf 75' lang='lat' dir='ltr'><strong>eﬂ’undi;</strong></span> <span class='ocrx_word' id='word_1_897' title='bbox 3109 5590 3367 5661; x_wconf 88' lang='lat' dir='ltr'><strong>quoniam</strong></span> 
     </span>
    </p>
   </div>
   <div class='ocr_carea' id='block_1_117' title="bbox 1815 5687 3347 5762">
    <p class='ocr_par' dir='ltr' id='par_1_117' title="bbox 1815 5687 3347 5762">
     <span class='ocr_line' id='line_1_117' title="bbox 1815 5687 3347 5762; baseline -0.011 -11"><span class='ocrx_word' id='word_1_898' title='bbox 1815 5698 1867 5751; x_wconf 91' lang='lat' dir='ltr'><strong>id</strong></span> <span class='ocrx_word' id='word_1_899' title='bbox 1914 5694 2225 5762; x_wconf 86' lang='lat' dir='ltr'><strong>frequenter</strong></span> <span class='ocrx_word' id='word_1_900' title='bbox 2272 5709 2337 5750; x_wconf 82' lang='lat' dir='ltr'><strong>ex</strong></span> <span class='ocrx_word' id='word_1_901' title='bbox 2391 5692 2671 5748; x_wconf 86' lang='lat' dir='ltr'><strong>identitate</strong></span> <span class='ocrx_word' id='word_1_902' title='bbox 2716 5689 2770 5743; x_wconf 94' lang='lat' dir='ltr'><strong>in</strong></span> <span class='ocrx_word' id='word_1_903' title='bbox 2824 5687 3054 5741; x_wconf 87' lang='lat' dir='ltr'><strong>alterum</strong></span> <span class='ocrx_word' id='word_1_904' title='bbox 3106 5691 3347 5738; x_wconf 83' lang='lat' dir='ltr'><strong>mutatur</strong></span> 
     </span>
    </p>
   </div>
  </div>
