4176 6314
816 384 921 440 927

1978 381 2034 436 S.
2080 382 2283 438 DIONY
2295 383 2376 437 Sll
2405 383 2866 439 AREOPAGlTrE

3945 399 4046 453 9‘28

819 503 960 569 quod
1013 499 1061 552 in
1115 499 1359 552 terminis
1409 499 1705 553 identitatis
1752 515 1854 553 non
1910 501 2198 557 stabilitur.
2240 502 2361 557 Deus

2478 503 2543 555 τὰ
2574 504 2671 572 τῆς
2705 502 3026 573 ταύτότητος
3065 502 3448 574 περιλαμϐάνει
3488 505 3719 576 πέρατα,
3768 509 3882 573 πῶς
3917 512 4047 578 γοῦν

819 597 996 638 autem
1065 585 1352 637 identitatis
1405 588 1660 640 terminos
1742 589 2179 656 comprehendit,
2247 607 2382 660 quo-

819 679 978 731 modo
1037 693 1164 745 ergo
1226 678 1371 730 aliud
1454 679 1744 746 aliquando
1817 681 2106 736 admittere
2178 685 2381 752 possit?

817 767 931 821 Non
987 769 1119 821 dixit
1172 777 1348 820 autem
1401 785 1493 836 pro
1543 787 1690 823 more
1735 772 1980 840 loquendi
2034 789 2151 837 suo,
2218 785 2274 827 ut
2326 777 2376 829 in

819 859 935 911 aliis
1002 875 1096 927 per
1163 873 1478 922 excessum,
1531 871 1583 912 ut
1646 865 1788 928 quod
1841 866 2061 917 excedat
2126 867 2379 920 terminos

817 950 1148 1006 identitatis:
1179 957 1430 1021 quoniam
1479 958 1733 1011 deﬁceret
1779 961 1844 1013 ab
1889 961 2188 1024 identitate,
2241 973 2292 1016 et
2327 964 2376 1015 in

815 1044 956 1095 aliud
996 1046 1278 1109 incideret,
1307 1048 1349 1100 si
1387 1048 1718 1102 identitatem
1753 1054 2066 1106 excederet.
2105 1053 2250 1107 Solet
2286 1055 2378 1108 ita-

814 1150 917 1203 que
955 1136 1038 1188 bic
1075 1136 1231 1190 Pater
1265 1139 1315 1190 in
1355 1138 1457 1191 illis
1503 1154 1785 1196 excessum
1824 1145 2125 1208 nominare,
2165 1147 2213 1198 in
2255 1147 2375 1215 qui-

816 1227 914 1278 bus
947 1241 1206 1281 excessus
1255 1230 1475 1284 minime
1525 1234 1850 1285 exterminat
1905 1235 1988 1287 illa
2048 1251 2164 1304 qua:
2211 1237 2375 1290 Deum

812 1317 1039 1380 decent;
1073 1319 1124 1370 in
1159 1321 1356 1385 quibus
1389 1337 1516 1374 vero
1555 1323 1656 1375 tale
1690 1326 1815 1392 quid
1861 1328 2080 1392 periculi
2113 1339 2213 1393 est,
2247 1331 2377 1384 satis

809 1424 928 1461 esse
961 1419 1110 1474 putat
1139 1426 1406 1464 summam
1437 1415 1499 1466 de
1535 1416 1640 1467 Deo
1668 1417 1872 1472 testari.
1910 1418 2000 1471 Est
2027 1419 2204 1488 itaque
2240 1421 2376 1476 Deus

810 1501 1178 1564 immutabilis,
1202 1514 1254 1555 et
1286 1506 1579 1557 secundum
1599 1522 1809 1560 omnem
1830 1520 2030 1563 motum
2065 1512 2371 1566 immobilis.

810 1592 1006 1645 Dicens
1029 1604 1204 1646 autem
1234 1597 1540 1662 ingenitum,
1573 1612 1692 1649 cum
1748 1598 1928 1653 multis
1950 1602 2122 1655 modis
2156 1603 2257 1656 hoc
2280 1618 2375 1656 no-

806 1697 927 1734 men
951 1684 1260 1752 accipialur,
1285 1685 1611 1739 celebriores
1644 1688 2250 1760 ejusinterprelationes
2280 1709 2374 1747 ex-

808 1771 1003 1838 plicat;
1054 1774 1248 1826 dicitur
1282 1775 1426 1828 enim
1465 1777 1796 1845 ingenitum,
1851 1782 1928 1834 vel
1964 1785 2103 1850 quod
2143 1786 2369 1838 necdum

2483 601 2632 670 σχοίη
2661 601 2788 653 ποτὲ
2814 601 2873 653 τὸ
2895 601 3114 671 ἓτερον;
3148 604 3258 655 Οὐκ
3285 600 3404 656 εἷπε
3443 604 3497 658 δὲ
3539 606 3675 657 κατὰ
3720 606 3781 658 τὸ
3823 607 4046 677 σύνηθες

2480 691 2625 760 αὑτῷ
2652 694 2710 744 ἐν
2737 695 2847 754 τοῖς
2885 692 3062 755 ἄλλοις
3089 693 3187 764 τὴν
3209 695 3476 766 ὑπεροχὴν
3495 696 3720 764 λέγοντι,
3751 698 3854 761 ὅτι,
3883 699 4047 769 ὑπερ-

2480 783 2617 852 έχων
2659 783 2726 835 τὰ
2755 784 2966 854 πέρατα
3009 785 3108 854 τῆς
3138 787 3492 859 ταύτότητος·
3525 791 3759 842 ἐκκλινεί
3796 792 3902 862 γὰρ
3948 793 4045 862 τῆς

2477 874 2818 943 ταύτότητος,
2852 877 2941 928 καὶ
2972 880 3050 940 είς
3092 878 3277 948 ἕτερον
3320 880 3627 949 μεταπέσοι,
3662 883 3819 954 εἴπερ
3845 885 4044 954 ὑπερέ-

2478 965 2555 1029 ξει
2582 965 2679 1034 τῆς
2703 967 3043 1035 ταύτότητοςι
3073 970 3239 1022 Εἴωθε
3286 970 3412 1038 γοῦν
3458 972 3485 1022 ὀ
3517 973 3703 1043 Πατὴρ
3734 976 3790 1024 ὲν
3819 975 4045 1038 ἐκείνοις

2477 1053 2652 1123 λέγειν
2680 1058 2778 1127 τὴν
2809 1059 3095 1130 ὑπεροχὴν,
3145 1064 3203 1113 ἐν
3240 1056 3318 1124 οἷς
3364 1063 3396 1131 ή
3433 1063 3667 1133 ὑπεροχὴ
3711 1065 3810 1116 οὐκ
3854 1065 4044 1134 ἀφανί-

2478 1145 2557 1208 ζει
2585 1148 2651 1200 τὰ
2680 1148 2755 1218 τῷ
2801 1150 2916 1219 Θεῷ
2957 1152 3229 1220 πρέποντα
3252 1171 3263 1182 ·
3300 1155 3357 1206 ὲν
3394 1151 3474 1216 οἷς
3547 1153 3602 1206 δὲ
3675 1155 3910 1208 τοιοῦτόν
3987 1175 4036 1208 τι

2477 1235 2856 1304 κινδυνεύεται,
2891 1241 3067 1291 ἱκανὸν
3093 1243 3305 1310 ἡγεῖται
3332 1241 3428 1311 τὴν
3469 1243 3722 1314 περιοχὴν
3763 1245 3859 1298 τοῦ
3899 1246 4041 1316 πρά-

2475 1343 2680 1395 γματος
2727 1331 3068 1399 μαρτυρῆσαι
3093 1333 3184 1384 ἐπὶ
3229 1331 3382 1384 Θεοῦ.
3433 1334 3614 1386 Ἔστιν
3663 1331 3752 1386 οὖν
3779 1335 3838 1386 τὸ
3889 1335 4044 1388 Θεῖον

2477 1418 2869 1488 ἀμετάϐλητον,
2903 1421 2996 1473 καὶ
3037 1421 3174 1473 κατὰ
3205 1424 3380 1473 πᾶσαν
3412 1423 3621 1492 κίνησιν
3660 1424 3930 1494 ἀκίνητον.
3959 1427 4045 1477 Εἰ-

2475 1508 2590 1558 πὼν
2636 1509 2690 1560 δὲ
2732 1509 3044 1577 ἀγένητον,
3087 1511 3271 1581 ἐπειδὴ
3312 1510 3591 1580 πολλαχῶς
3635 1512 3961 1583 λαμϐάνεται
3988 1515 4046 1567 τὸ

2474 1597 2763 1665 ἀγένητον
2786 1638 2800 1660 ,
2831 1599 2929 1662 τὰς
2977 1601 3360 1671 παλιμιρήμους
3391 1605 3680 1675 ἑρμηνείας
3716 1605 3808 1656 τοῦ
3844 1605 4040 1674 ὀνόμα-

2471 1704 2560 1749 τος
2589 1689 2974 1758 ἀποκαθαίρει·
3006 1691 3214 1759 λέγεται
3241 1693 3347 1764 γὰρ
3373 1695 3405 1764 ἢ
3436 1695 3494 1746 τὸ
3546 1692 3706 1765 μήπω
3734 1697 4042 1765 γενόμενον,

2473 1781 2828 1849 γενησόμενον
2857 1782 2932 1844 δὲ,
2967 1781 3040 1845 ὡς
3069 1787 3100 1853 ἡ
3132 1785 3311 1855 Σάρρα
3339 1782 3458 1837 εἷπε
3489 1787 3568 1849 τὸ,
3603 1786 3766 1838 Οὔπω
3813 1788 3912 1856 μέν
3958 1805 4045 1857 μοι

807 1865 1068 1931 genitum,
1117 1867 1206 1920 sed
1244 1867 1565 1936 gignendum
1603 1881 1703 1933 est,
1740 1881 1795 1923 ut
1835 1873 1967 1925 Sara
2015 1875 2186 1928 dixit:
2223 1874 2361 1929 Non-

2471 1871 2690 1936 γέγονεν
2715 1885 2726 1898 ⁸
2768 1869 2799 1938 ἢ
2829 1869 2902 1932 ὼς
2941 1871 3271 1935 ἀτελείωτον,
3304 1872 3436 1934 ὡςὸ
3460 1875 3516 1924 ὲν
3545 1873 3763 1944 Χαλάνῃ
3803 1873 4011 1942 πύργος
4031 1892 4041 1902 ·

806 1955 930 2007 dum
961 1958 1172 2024 quidem
1203 1959 1329 2010 mibi
1374 1969 1530 2013 natus
1573 1972 1652 2013 est
1687 1974 1741 2027 ﬂ;
1781 1963 1859 2014 vel
1894 1966 2034 2033 quod
2114 1963 2365 2033 imperfe—

806 2057 950 2102 ctum
968 2050 1224 2114 est,sicut
1260 2053 1424 2105 turris
1459 2053 1506 2103 in
1535 2053 1771 2107 Chalane
1800 2056 1859 2119 ῦς
1899 2058 1978 2109 vel
2017 2059 2082 2110 ab
2113 2058 2211 2112 hoc
2264 2073 2365 2113 non

801 2134 1022 2200 factum,
1053 2150 1109 2191 ut
1139 2158 1151 2192 :
1195 2139 1393 2194 Paulus
1425 2143 1687 2211 apostolus
1734 2164 1833 2198 non
1867 2148 1928 2198 ab
1975 2149 2270 2203 hominibus
2303 2163 2364 2218 c;

805 2228 885 2279 vel
934 2245 1035 2281 non
1073 2231 1172 2284 boc
1207 2233 1404 2286 factum
1433 2274 1447 2296 ,
1499 2237 1637 2289 sicut
1674 2255 1686 2289 :
1724 2236 1906 2292 Justus
1958 2255 2062 2293 non
2113 2258 2251 2296 unus
2299 2257 2362 2297 ex

804 2315 1126 2381 duodecim;
1159 2320 1240 2372 vel
1284 2322 1332 2373 id
1367 2323 1509 2388 quod
1553 2326 1765 2389 penitus
1805 2328 1948 2380 nullo
1994 2331 2150 2384 modo
2178 2341 2276 2394 est,
2311 2343 2368 2385 ut

802 2419 923 2473 qua:
981 2405 1184 2474 tingunt
1229 2411 1456 2477 gentiles
1519 2409 1750 2481 Scyllam
1804 2426 1858 2469 et
1904 2415 2260 2482 Chimaeram,
2314 2431 2367 2472 et

799 2497 1013 2548 similia.
1039 2497 1230 2565 Specia
1243 2502 1332 2552 tim
1354 2502 1512 2571 igitur
1528 2513 1583 2556 et
1596 2507 1859 2570 absolute,
1874 2523 2032 2576 supra
2060 2510 2170 2563 haec
2185 2512 2364 2564 omnia

797 2586 1088 2654 ingenitum
1114 2591 1162 2642 in
1202 2591 1308 2643 Deo
1343 2594 1574 2655 dicitur;
1602 2611 1706 2648 uno
1729 2598 1872 2650 enim
1898 2608 1950 2652 et
1975 2599 2140 2670 496
2172 2605 2362 2656 eodem

795 2677 954 2731 modo
980 2679 1246 2733 delinitur.
1269 2682 1382 2736 Uno
1418 2687 1593 2744 modo,
1632 2698 1852 2753 propter
1876 2691 2237 2744 omnimodam
2281 2693 2365 2744 in-

795 2771 1309 2835 comparabilitatem
1336 2774 1529 2826 divinae
1555 2786 1776 2838 naturai,
1804 2780 1986 2831 eodem
2026 2781 2181 2833 modo
2210 2798 2365 2847 ;pro-

793 2869 912 2928 pter
947 2863 1452 2916 imanuabilitatem.
1497 2866 1900 2937 Ἀφοριζόμενον
1927 2885 2052 2923 vero
2071 2882 2156 2924 est
2176 2873 2364 2926 delini-

795 2961 903 3004 tum
945 2967 1037 3027 seu
1071 2955 1515 3021 demonstratum,
1566 2975 1591 3008 a
1631 2959 1790 3013 verbo
1831 2961 2050 3029 ὁρίζειν,
2083 2963 2160 3016 vel
2183 2979 2366 3016 exem-

792 3051 940 3111 ptum
971 3052 1025 3094 et
1054 3056 1381 3111 separatmn.
1425 3047 1485 3098 Et
1519 3050 1770 3115 quoniam
1807 3050 1946 3104 Deus
1992 3068 2204 3121 semper
2226 3056 2361 3108 idem

791 3134 1046 3186 eteo-dem
1066 3136 1221 3187 modo
1249 3151 1305 3188 se
1339 3137 1518 3200 liabet,
1543 3140 1727 3191 tribuit
1755 3144 2038 3207 creaturis,
2068 3146 2194 3197 utin
2215 3145 2366 3199 iden-

791 3224 941 3276 titate
973 3237 1341 3292 permaneant.
1370 3229 1564 3282 Eodem
1601 3233 1760 3283 modo
1785 3232 1946 3298 igitur
1973 3237 2176 3299 omnia,
2201 3239 2364 3291 etiam

787 3333 908 3388 qua:
946 3333 1047 3371 non
1097 3330 1220 3372 sunt
1269 3322 1320 3374 in
1357 3322 1544 3375 eadem
1582 3336 1801 3386 natura,
1839 3326 1889 3377 iu
1934 3326 2042 3380 Deo
2087 3330 2364 3397 videntur;

787 3409 1049 3477 siquidem
1086 3410 1222 3462 Deus
1255 3420 1337 3464 est
1371 3412 1554 3466 eodem
1589 3412 1775 3476 modo,
1812 3415 1926 3470 sive
1971 3417 2244 3483 similiter,
2279 3435 2365 3474 re-

790 3512 906 3551 rum
935 3499 1173 3550 omnium
1203 3515 1386 3553 causa.

859 3588 988 3661 δι’.
1047 3592 1202 3644 Aliud
1259 3603 1437 3648 autem
1518 3594 1824 3664 signiﬁcare
1885 3600 2177 3664 putandum
2239 3612 2351 3670 est;

789 3684 1125 3736 constructio
1152 3685 1293 3736 enim
1344 3687 1455 3738 haec
1492 3702 1586 3754 per
1638 3688 2005 3756 trajectionem
2046 3692 2112 3744 ad
2161 3704 2355 3760 putan-

788 3774 914 3826 dum
954 3773 1267 3828 relationem
1313 3777 1509 3840 habet;
1545 3782 1798 3846 quoniam
1834 3781 1971 3836 Deus
2011 3783 2062 3836 in
2098 3786 2276 3854 seipso
2301 3796 2354 3840 et

785 3864 998 3933 propria
1040 3867 1316 3919 idettlitaie
1362 3884 1705 3936 permanens,
1748 3873 2085 3939 providentia
2133 3890 2228 3928 sua
2292 3875 2351 3928 ﬁt

784 3959 965 4010 omnia
1001 3957 1051 4009 in
1087 3959 1336 4010 omnibus
1372 3971 1587 4028 propter
1609 3963 1848 4015 omnium
1878 3965 2128 4030 salutem,
2156 3977 2350 4022 semet-

786 4047 961 4115 ipsum
1013 4049 1372 4103 diversimode
1414 4052 1725 4124 impertiens
1769 4057 1832 4108 ad
1868 4072 2055 4109 eorum
2101 4059 2188 4125 qui
2224 4074 2358 4112 con-

785 4140 923 4193 versi
940 4149 1060 4192 sunt
1080 4141 1493 4194 deilicationem.
1519 4143 1721 4197 Idcirco
1734 4147 1874 4198 enim
1892 4149 2203 4202 multimoda
2223 4166 2356 4218 quo-

783 4246 886 4299 que
938 4232 1135 4285 dicitur
1180 4233 1271 4288 Dei
1319 4235 1606 4302 sapientia;
1647 4246 1700 4289 et
1741 4238 2024 4305 ipsammet
2077 4244 2346 4294 variarum

784 4323 1077 4389 ligurarum
1129 4326 1496 4380 diversitatem
1544 4330 1850 4396 signiﬁcare
1893 4334 2184 4398 putandum
2240 4345 2340 4397 est,

781 4417 922 4485 quod
946 4417 996 4468 in
1022 4419 1296 4485 prophetis
1323 4421 1458 4476 Deus
1488 4421 1647 4476 aliter
1674 4434 1837 4491 atque
1864 4424 2021 4478 aliter
2044 4439 2337 4495 appareat;

779 4509 1036 4578 quoniam
1072 4511 1212 4563 aliud
1244 4514 1369 4580 quid
1402 4523 1484 4566 est
1532 4515 1598 4568 ab
1648 4531 1709 4570 eo
1753 4518 1896 4584 quod
1939 4531 2180 4586 apparet,
2217 4537 2338 4576 cum

781 4602 1060 4669 arqualiter
1093 4605 1268 4656 omnia
1307 4605 1414 4656 sint
1466 4606 1532 4659 ab
1569 4607 1682 4673 ipso
1707 4610 1938 4664 diversa.
1969 4611 2023 4664 Si
2055 4614 2196 4665 enim
2238 4613 2339 4666 ali-
2375 4587 2416 4639 θ

780 4708 886 4761 qua
916 4709 983 4746 ex
1014 4694 1119 4746 illis
1143 4707 1261 4748 erat
1298 4696 1506 4761 formis,
1541 4710 1597 4752 ut
1625 4702 1750 4767 quid
1781 4717 1882 4753 non
1916 4719 2014 4772 per
2051 4705 2192 4758 illan]
2240 4721 2339 4774 ap-

779 4786 1022 4854 parebat.
1077 4800 1199 4839 cum
1250 4790 1466 4842 omnino
1523 4802 1702 4858 posset
1749 4795 2172 4862 comprehendi,
2220 4797 2347 4852 licet

783 4891 879 4945 per
913 4875 1072 4929 aliam
1101 4888 1261 4946 atque
1285 4879 1476 4932 aliam?
1510 4880 1964 4946 Quemadmodum
1995 4887 2136 4940 enim
2183 4889 2228 4941 si
2266 4890 2346 4943 in-

781 4968 1069 5023 divisibilis
1101 4973 1296 5026 animae
1326 4974 1618 5034 virtutibus
1659 4980 1903 5046 proprias
1940 4990 2124 5048 partes
2152 4998 2346 5052 corpo-

783 5074 902 5112 reas
935 5059 1329 5129 atiingeremus,
1363 5066 1657 5120 secundum
1707 5068 2192 5128 indivisibilitatem
2232 5074 2348 5142 ejus

780 5149 902 5204 illas
939 5151 1231 5221 intelligere
1277 5157 1634 5223 deberemus,
1673 5175 1767 5228 per
1814 5163 2103 5229 quamdam
2151 5181 2348 5236 anago-

780 5257 898 5309 gem
934 5252 986 5295 et
1012 5243 1344 5315 allegoriam,
1393 5258 1626 5303 mentem
1677 5252 1892 5318 quidem
1939 5256 2182 5314 dicentes
2226 5274 2347 5315 esse

778 5342 966 5401 caput,
999 5335 1255 5401 quoniam
1287 5353 1437 5391 mens
1469 5351 1552 5393 est
1585 5343 1778 5395 anima:
1829 5347 2152 5415 praecipuum
2189 5361 2349 5421 atque

781 5429 1309 5498 praastmrtissimum,
1342 5433 1483 5487 sicut
1523 5446 1685 5504 caput
1728 5440 2006 5508 corporis;
2038 5445 2346 5513 opinionem

781 5533 910 5572 vero
943 5522 1234 5588 cervicem,
1277 5525 1399 5592 quia
1444 5528 1584 5580 sicut
1629 5530 1811 5583 cervix
1862 5533 2034 5587 media
2079 5546 2162 5591 est
2206 5539 2349 5592 inter

785 5626 943 5684 caput
972 5615 1347 5685 reliquumque
1390 5634 1605 5691 corpus,
1640 5626 1717 5678 sic
1745 5635 1797 5678 et
1834 5625 2017 5695 opinio
2065 5629 2233 5686 media
2265 5645 2347 5688 est

931 5805 950 5829 υ
990 5792 1126 5848 Gen.
1161 5809 1318 5851 xvni.
1396 5795 1422 5836 λ
1459 5795 1590 5851 Gen.
1632 5815 1656 5852 x
1694 5811 1743 5855 ct
1780 5817 1853 5856 ιιι.

1924 5814 1942 5842 ε
1986 5806 2101 5860 Gul.
2142 5810 2259 5872 1,1.

2468 1960 2499 2030 ἣ
2530 1960 2589 2011 τὸ
2612 1961 2685 2022 ὡς
2708 1960 2802 2029 οὐχ
2841 1962 2943 2013 ὑπὸ
2988 1962 3158 2024 τοῦδε,
3182 1963 3256 2024 ὡς
3299 1963 3376 2027 τὸ,
3419 1964 3656 2028 Παῦλος
3702 1965 4045 2029 ἀπόστολος

2469 2053 2577 2104 οὐκ
2611 2050 2677 2114 ἐξ
2714 2051 3063 2117 ἀνθρώπων·
3111 2054 3142 2124 ἢ
3187 2056 3261 2117 ὡς
3311 2055 3367 2107 οὐ
3400 2056 3536 2119 τόδε,
3581 2056 3673 2118 ὡς,
3720 2058 3775 2108 '0
3815 2056 4046 2118 Ἰοῦστος

2467 2143 2564 2212 οὐχ
2579 2140 2656 2206 εἷς
2681 2144 2786 2195 τῶν
2802 2145 3023 2197 δώδεκα’
3047 2146 3077 2216 ἢ
3105 2148 3177 2210 ὡς
3206 2149 3425 2218 μηδαμῆ
3456 2149 3715 2220 μηδαμῶς
3743 2150 3823 2214 δν,
3843 2151 3918 2213 ὡς
3949 2153 4048 2203 ὅσα

2467 2234 2842 2302 τερατεύονται
2875 2235 3149 2305 Ἕλληνες,
3195 2238 3453 2302 Σκύλλαν,
3486 2239 3577 2290 καὶ
3619 2240 3918 2310 Χίμαιραν,
3954 2243 4047 2293 καὶ

2467 2326 2533 2378 τὰ
2575 2326 2751 2395 ὃμοια.
2801 2327 3001 2390 Ίδικῶς
3059 2329 3186 2396 γοῦν
3230 2333 3321 2383 καὶ
3371 2331 3646 2394 ἀπολύτως
3694 2332 3830 2400 ὑπὲρ
3872 2332 4046 2385 ταῦτα

2469 2417 2643 2469 πάντα
2679 2419 2771 2470 ἐπὶ
2818 2418 2950 2470 Θεοῦ
3003 2419 3062 2470 τὸ
3125 2419 3386 2489 ἀγένητον
3412 2438 3423 2450 ·
3477 2421 3758 2490 μονοειδῶς
3799 2422 3910 2491 γὰρ
3953 2423 4047 2474 καὶ

2466 2510 2783 2573 ταύτοειδῶς
2825 2509 3170 2581 ἀφορίζεται⁸
3225 2513 3507 2582 μονοειδῶς
3546 2512 3630 2564 διὰ
3670 2513 3730 2564 τὸ
3768 2513 4045 2574 παντελῶς

2467 2600 2842 2671 ἀπαράϐλητον
2883 2603 2979 2671 τῆς
3022 2603 3169 2665 θείας
3213 2605 3459 2670 φύσεως·
3499 2604 3814 2667 ταὺτοειδῶς
3859 2604 3952 2656 διὰ
3988 2606 4045 2656 τὸ

2466 2690 2834 2743 ἀναλλοίωτον.
2856 2691 3263 2762 Ἀφοριζόμενον
3300 2693 3354 2744 δὲ
3380 2694 3438 2745 τὸ
3457 2693 3820 2762 δεικνύμενον,
3841 2695 3918 2757 ὡς
3941 2695 4046 2746 ἀπὸ

2464 2781 2556 2833 τοῦ
2574 2774 2839 2852 ὁρίζειν,ἦ
2858 2782 2916 2834 τὸ
2943 2783 3270 2854 ἐξῃρημένον
3300 2785 3388 2836 καὶ
3406 2785 3827 2855 κεχωρισμένον.
3856 2784 3969 2836 Καὶ
3987 2784 4043 2836 τὸ

2466 2871 2551 2921 ἀεὶ
2597 2872 2787 2923 ταύτὸν
2831 2874 2921 2924 καὶ
2951 2873 3208 2936 ὡσαύτως
3250 2875 3369 2942 ἕχον
3407 2877 3434 2926 ὁ
3465 2875 3613 2938 Θεὸς,
3645 2876 3898 2946 δωρεῖται
3931 2879 4042 2939 τοῖς

2466 2963 2722 3030 κτίσμασι
2750 2964 2808 3014 τὸ
2835 2967 2891 3016 ὲν
2909 2965 3190 3034 ταύτότητι
3207 2966 3496 3035 διαμένειν.
3515 2969 3734 3030 Ταύτῶς
3754 2965 3846 3021 οὖν
3865 2970 4040 3022 ἃπαν-

2464 3069 2551 3114 τα,
2580 3054 2762 3106 καὶτὰ
2804 3056 2875 3125 μὴ
2906 3059 2961 3107 ἐν
3002 3059 3283 3128 ταύτότητι
3323 3059 3420 3127 τῆς
3451 3059 3678 3126 φύσεως,
3713 3061 3770 3111 ἐν
3810 3060 3890 3129 τῷ
3926 3061 4042 3131 Θεῷ

2469 3143 2776 3211 Θεωρεῖτιιι⁸
2825 3147 3038 3199 πάντων
3087 3148 3193 3218 γὰρ
3235 3149 3342 3202 τῶν
3384 3150 3550 3202 ὄντων
3597 3152 3827 3217 ταὺτῶς,
3875 3155 4042 3223 ἤγουν

2466 3233 2684 3302 ὁμοίως,
2712 3236 2881 3299 αἴτιος
2909 3240 2936 3291 ὁ
2965 3237 3113 3302 Θεός.

2537 3623 2562 3693 §
2609 3623 2672 3677 ν.
2716 3627 2786 3678 Τὸ
2810 3627 2864 3679 δὲ
2891 3628 3073 3699 ἕτερον
3118 3633 3400 3702 σημαίνειν
3431 3635 3674 3703 οίητέον·
3713 3638 3834 3690 καθ’
3867 3641 4035 3712 ὑπερ-

2459 3715 2618 3768 ϐατὸν
2665 3719 2773 3789 γὰρ
2814 3722 2844 3790 ἡ
2889 3722 3135 3788 σύνταξις
3180 3725 3312 3793 πρὸς
3357 3726 3416 3778 τὸ
3459 3729 3664 3797 οἰητέον
3704 3729 3902 3799 ἔχουσα
3938 3738 4033 3803 τὴν

2458 3805 2725 3860 ἀπόδοσιν·
2756 3810 2836 3861 ὅτι
2865 3811 3035 3879 μένων
3064 3815 3143 3880 ἐφ’
3178 3815 3364 3867 ἑαυτοῦ
3408 3819 3499 3868 καὶ
3538 3819 3635 3888 τῆς
3668 3822 3872 3885 οἰκείας
3901 3825 4032 3875 ταὺ-

2457 3897 2701 3966 τὸτητος,
2729 3899 2797 3951 τὰ
2828 3900 3000 3952 πάντα
3031 3904 3088 3954 ὲν
3115 3905 3245 3956 πᾶσι
3277 3909 3646 3975 προνοητικῶς
3672 3909 3758 3961 διὰ
3780 3912 3878 3981 τὴν
3907 3915 4032 3966 πάν-

2455 4003 2562 4038 των
2601 3992 2872 4060 σωτηρίαν
2926 3993 3163 4060 γίνεται,
3222 3997 3412 4049 ἑαυτὸν
3451 3999 3708 4063 ποικίλως
3762 4004 4030 4067 ἐπιδιδοὺς

2461 4077 2595 4144 πρὸς
2624 4079 2881 4132 ὲκθέωσιν
2921 4082 3028 4134 τῶν
3069 4085 3546 4155 ἐπεστραμμένων.
3590 4089 3688 4142 Διά
3737 4092 3895 4144 τοῦτο
3923 4094 4030 4165 γὰρ

2456 4169 2547 4220 καὶ
2577 4170 2908 4241 πολύτροπος
2957 4174 3105 4244 ἡτοῦ
3149 4176 3280 4228 Θεοῦ
3323 4178 3479 4245 σοφία
3516 4179 3756 4248 λέγεται·
3803 4187 3898 4236 καὶ
3931 4189 4027 4238 αύ-

2451 4256 2550 4326 την
2579 4259 2678 4330 τὴν
2705 4261 2813 4312 τῶν
2856 4265 3110 4317 ποικίλων
3154 4267 3444 4336 σχημάτων
3484 4270 3796 4339 ἑτερότητα,
3828 4274 3890 4325 τὸ
3931 4275 4024 4329 ἆλ-

2449 4345 2556 4409 λως
2581 4349 2671 4401 καὶ
2694 4350 2863 4414 ἄλλως
2894 4353 2982 4404 τὸν
3009 4353 3139 4406 Θεὸν
3165 4357 3221 4407 ἐν
3240 4359 3350 4419 τοῖς
3391 4362 3692 4428 προφήταις
3720 4363 4023 4428 φαίνεσθαι,

2447 4439 2603 4492 τοῦτο
2630 4442 2838 4510 οἰητέον
2867 4446 3170 4514 σημαίνειν,
3203 4448 3282 4499 ὅττι
3316 4448 3441 4500 ἄλλο
3461 4449 3512 4500 τί
3556 4452 3670 4503 ἐστι
3698 4457 3824 4523 παρ’
3851 4456 3879 4506 ὃ
3908 4458 4024 4524 φαί-

2448 4548 2615 4593 νεται,
2645 4534 2838 4602 ἐπίσης
2865 4534 3002 4604 ἔχων
3024 4536 3089 4588 τὰ
3118 4538 3293 4590 πάντα
3313 4539 3566 4610 ἀλλότρια
3590 4543 3799 4595 ἑαυτοῦ.
3828 4545 3892 4597 Εἰ
3919 4549 4024 4617 γὰρ

2446 4619 2514 4694 ἦν
2544 4625 2645 4693 τῆς
2678 4625 2736 4688 ἐξ
2782 4627 3003 4680 ἐκείνων
3035 4629 3141 4681 τῶν
3186 4631 3425 4701 μορφῶν,
3464 4633 3547 4685 ἴνα
3593 4634 3644 4685 τί
3679 4635 3750 4705 μὴ
3783 4637 3848 4688 δι’
3886 4640 4023 4692 ὲκεί-

2448 4732 2541 4784 νης
2575 4717 2823 4785 ἐφαίνετο
2856 4719 3080 4770 πάντοτε
3128 4720 3244 4782 οἵας
3294 4738 3350 4773 τε
3401 4720 3568 4791 οὔσης
3616 4725 4022 4794 καταλαμϐάνε-

2446 4806 2589 4870 σθαι,
2625 4807 2757 4860 ἀλλὰ
2789 4808 2856 4860 δι’
2889 4809 3050 4880 ἄλλης
3084 4813 3175 4864 καὶ
3207 4811 3403 4883 ἄλλης;
3452 4816 3537 4878 Ὠς
3579 4818 3685 4890 γὰρ
3735 4822 3782 4870 εί
3832 4838 4019 4892 περιε-

2450 4899 2752 4971 πλὰττομεν
2796 4905 2859 4973 τῇ
2912 4904 3104 4974 ἀμερεῖ
3156 4906 3296 4978 ψυχῇ
3360 4911 3533 4963 οἰκεῖα
3593 4916 3709 4975 ταῖς
3759 4915 4020 4987 δυνάμεσι

2454 4991 2591 5062 μέρη
2646 4993 3009 5064 σωματοειδῆ,
3050 4996 3340 5067 ὀφείλομεν
3387 5003 3600 5067 οἰκείως
3654 5009 3717 5075 τῇ
3787 5008 4022 5080 ἁμερείᾳ

2455 5085 2592 5134 νοεῖν
2636 5083 2703 5135 τά
2752 5082 3034 5155 λεγόμενα,
3066 5089 3205 5141 κατά
3235 5108 3353 5143 τινα
3397 5094 3687 5168 ἀναγωγὴν
3715 5100 3809 5150 καὶ
3856 5100 4019 5165 ἀλλη-

2452 5175 2662 5242 γορίαν,
2692 5175 2790 5228 τὸν
2838 5177 2960 5230 νοῦν
3014 5181 3110 5248 μὲν
3158 5181 3402 5250 λέγοντες
3436 5188 3693 5260 κεφαλὴν,
3727 5191 3807 5243 ὅτι
3838 5193 3867 5244 ὁ
3901 5192 4020 5256 VOS;

2453 5264 2512 5315 τὸ
2566 5269 2807 5334 κρεῖττον
2853 5268 2946 5320 καὶ
2993 5273 3473 5346 περιεκτικώτερον
3505 5278 3600 5346 τῆς
3631 5279 3827 5350 ψυχῆς,
3868 5283 3943 5345 ὡς
3988 5286 4018 5352 ἠ

2454 5358 2660 5430 κεφαλὴ
2684 5360 2775 5412 τοῦ
2801 5360 3067 5431 σώματος·
3092 5365 3187 5436 τὴν
3207 5366 3260 5418 δὲ
3282 5367 3456 5433 δόξαν,
3482 5370 3699 5440 αὐχένα,
3725 5374 3806 5425 ὃτι
3831 5373 4019 5444 ὥσπερ

2450 5453 2478 5503 ὁ
2510 5452 2680 5522 αὐχὴν
2702 5491 2715 5515 ,
2757 5454 2918 5522 μέσον
2949 5457 3048 5526 τῆς
3081 5459 3317 5530 κεφαλῆς
3351 5463 3444 5513 καὶ
3483 5462 3575 5514 τοῦ
3611 5465 3796 5532 ἑτέρου
3835 5465 4018 5536 σώμα-

2452 5561 2558 5607 τος,
2596 5545 2765 5609 οὕτως
2798 5549 2830 5618 ἡ
2862 5549 2986 5614 δόξα
3021 5552 3181 5620 μέσον
3224 5553 3316 5606 τοῦ
3363 5555 3452 5607 νοῦ
3498 5558 3590 5608 καὶ
3633 5557 3731 5625 τῆς
3777 5559 4014 5627 ἀλογίας,

2453 5639 2517 5688 τὰ
2550 5637 2656 5706 γὰρ
2704 5641 2802 5709 τῆς
2844 5642 3077 5708 διανοίας
3129 5649 3561 5718 συμπεράσματα
3607 5651 3814 5720 ἀλόγως
3857 5649 4011 5706 οἶδεν·
