4176 6314
155 392 256 448 929

714 393 801 448 DE
826 391 1073 449 DiVlNlS
1108 389 1501 456 NOMINIBUS,
1526 390 1677 447 CAP.
1717 390 1806 447 IX.
1846 423 1915 432 —
1948 393 2289 449 PARAPIIR.
2327 393 2791 451 PACHYMERIE.

3296 394 3398 451 930

152 504 243 556 τὸν
273 502 331 555 δὲ
367 502 533 575 θυμὸν
566 504 779 575 στῆθος,
799 505 881 557 ὅτι
912 505 1005 557 καὶ
1033 503 1095 555 τὸ
1131 502 1357 573 θυμικὸν
1388 503 1447 555 ἑν
1485 500 1563 571 τῷ
1601 503 1729 571 στή-

1847 506 1977 557 ιιιειδ
2023 505 2286 558 rationem
2331 514 2386 558 et
2430 504 2980 572 irrationabilitatem,
3052 506 3400 577 ntelligenliae

153 596 234 651 θει
270 598 434 665 φασὶν
464 592 602 651 εἶναι
620 613 635 626 ·
660 595 759 667 τὴν
799 596 857 650 δὲ
884 594 1175 666 ἐπιθυμίαν
1200 595 1459 666 γαστέρα,
1493 594 1614 646 ἐπεὶ
1638 595 1733 647 καὶ

154 689 289 755 περὶ
316 689 415 759 τὴν
444 688 683 759 γαστέρα
710 686 803 740 τοῦ
833 684 1080 756 σώματος
1109 685 1171 738 τὸ
1212 684 1601 755 ἐπιθυμητικὸν
1632 700 1732 736 πε-

158 786 503 853 ριγράφουσιδ
550 779 649 850 τὴν
679 777 735 831 δὲ
768 776 950 847 φύσιν,
980 776 1141 848 σκέλη
1174 777 1268 829 καὶ
1299 776 1484 840 πόδας,
1519 775 1736 845 δηλοῦν-

153 888 249 936 τες
291 872 538 925 ἐντεῦθεν
580 868 647 923 τὸ’
686 870 914 941 βάσιμον
955 868 1049 922 καὶ
1089 868 1297 941 ἑδραῖον
1347 869 1445 940 τῆς
1486 866 1730 937 φύσεως⁹

155 964 337 1035 πολλῷ
354 981 415 1033 γε
438 962 633 1035 μᾶλλον
648 964 738 1017 ἐπὶ
753 962 886 1016 Θεοῦ
900 960 993 1016 τοῦ
1012 962 1226 1016 πάντων
1242 960 1496 1014 ἐπέκεινα
1512 961 1736 1033 θεοπρε-

156 1057 278 1122 πῶς
293 1058 575 1128 ὀφείλομεν
591 1056 970 1120 ἀναπτύσσειν,
988 1054 1083 1108 καὶ
1100 1053 1503 1126 ἀνακαθαίρειν,
1522 1054 1735 1107 καὶτῶν

159 1148 487 1220 σωματικῶν
514 1146 871 1201 ἀπαλλάττειν
899 1144 959 1197 τὸ
975 1144 1363 1217 θεωρούμενον.
1383 1145 1493 1198 Καὶ
1521 1144 1650 1196 αὐτὸ
1679 1143 1735 1196 δὲ

155 1243 219 1296 τὸ
233 1242 392 1314 τριχῆ
408 1238 707 1303 διαστατὺν,
725 1240 860 1309 ὅπερ
876 1238 967 1291 ἑπὶ
996 1237 1102 1290 τῶν
1133 1237 1398 1308 σωμάτων
1423 1236 1567 1299 ἰδίως
1596 1235 1735 1299 ἐστὶ,

157 1335 221 1388 τὸ
256 1335 450 1405 μῆκος,
481 1333 542 1385 τὸ
561 1331 783 1394 πλάτος,
821 1328 915 1382 καὶ
943 1328 1003 1381 τὸ
1034 1327 1213 1397 βάθος,
1252 1327 1300 1380 εί
1334 1325 1619 1397 βουληθείη
1655 1342 1740 1388 τις

161 1427 430 1500 περιάψαι
448 1426 524 1496 τῷ
539 1426 681 1496 Θείῳ
697 1464 710 1488 ,
744 1421 1058 1493 θεοπρεπῶς
1073 1420 1273 1488 ὀφείλει
1299 1418 1456 1473 τοῦτο
1484 1418 1733 1489 ποιῆσαι·

161 1520 259 1572 καὶ
300 1518 487 1587 νοῆσαι
521 1516 615 1586 μὲν
659 1512 856 1576 πλάτος
895 1512 992 1583 τὴν
1033 1510 1391 1583 ὑπερεύρειαν
1443 1512 1524 1573 είς
1564 1510 1738 1563 πάντα

159 1609 258 1663 τοῦ
287 1608 422 1663 Θεοῦ
466 1606 685 1677 πρόοδον
728 1606 809 1668 είς
836 1604 897 1656 τὸ
938 1604 1300 1672 παραγαγεῖν,
1330 1602 1410 1664 εἰς
1450 1600 1511 1653 τὸ
1538 1600 1736 1671 κυϐερ-

160 1704 283 1772 νᾷν,
315 1701 394 1763 είς
423 1699 484 1751 τὸ
527 1694 800 1769 προνοεῖν
851 1696 1020 1765 μῆκος
1060 1695 1114 1747 δὲ
1144 1694 1240 1765 τὴν
1271 1693 1635 1764 ὑπερέχουσαν
1670 1692 1737 1747 τὰ

165 1793 349 1847 πάντα
389 1789 647 1860 δύναμιν·
694 1787 853 1858 βάθος
893 1787 952 1840 δὲ
994 1787 1090 1858 τὴν
1121 1786 1486 1857 ἀπερίληπτον
1517 1786 1739 1857 κρυφιό-

1833 595 1977 649 enim
2012 597 2270 652 terminos
2298 598 2415 653 sine
2445 596 2856 653 ratiocinatione
2884 598 3066 665 novit;
3100 600 3236 653 iram
3269 615 3405 654 vero

1833 693 2045 754 pectus,
2078 688 2331 755 quoniam
2365 687 2469 742 vim
2519 686 2843 742 irascibilem
2889 689 2943 743 in
2974 700 3192 759 pectore
3237 692 3397 746 sitam

1833 790 1953 832 esse
2000 777 2187 845 aiunt;
2230 778 2721 847 concupiscentiam
2769 794 2898 833 vero
2944 790 3229 844 ventrem,
3275 795 3398 833 cum

1832 880 1931 937 per
1974 877 2215 921 ventrem
2260 883 2473 938 quoque
2530 869 2774 937 corporis
2830 868 2911 923 vis
2969 870 3399 939 concupiscibilit

1835 958 2181 1027 designetur;
2215 969 2460 1013 naturam
2492 973 2622 1013 vero
2651 975 2811 1014 crura
2844 962 3135 1030 pedesque,
3158 976 3253 1030 per
3284 961 3399 1017 haec

1835 1050 2093 1103 nimirum
2140 1056 2344 1104 natura:
2391 1051 2748 1105 constantiam
2780 1052 3198 1119 ﬁrmitatemque
3228 1050 3397 1121 signi-

1836 1143 2051 1197 ficando
2086 1161 2100 1196 :
2135 1142 2302 1195 multo
2333 1144 2506 1213 magis
2538 1145 2721 1214 utique
2765 1144 2814 1196 in
2861 1144 2968 1197 Deo
2991 1185 3004 1203 .
3040 1145 3199 1198 rebus
3229 1145 3396 1198 omni-

1834 1236 1936 1287 bus
1966 1233 2349 1296 eminentiore.
2368 1248 2433 1287 eo
2460 1250 2567 1303 quo
2599 1236 2765 1289 Deum
2795 1235 2952 1289 decet
2982 1238 3139 1288 modo
3170 1234 3397 1306 mystico

1836 1323 1953 1377 haec
1980 1322 2271 1391 explicare,
2318 1332 2373 1377 et
2419 1324 2469 1376 id
2519 1324 2660 1392 quod
2708 1326 3105 1387 consideratur,
3151 1324 3219 1378 ab
3263 1324 3406 1377 omni

1839 1424 1899 1463 re
1924 1424 2184 1479 corporea
2218 1410 2451 1464 liberare
2481 1422 2536 1465 et
2580 1414 2897 1467 abstrahere
2928 1414 3205 1468 debemus.
3239 1414 3407 1467 Porro

1840 1501 2102 1570 triplicem
2123 1502 2455 1567 distantiam,
2475 1518 2593 1572 qua:
2625 1505 2677 1557 in
2710 1507 3030 1574 corporibus
3055 1508 3275 1576 proprie
3304 1518 3405 1566 est.

1839 1590 2115 1660 longitudo
2135 1604 2183 1646 et
2213 1593 2462 1655 latitudo,
2494 1604 2549 1647 et
2574 1593 2934 1662 profunditas,
2969 1597 3013 1651 si
3046 1598 3167 1663 quis
3197 1598 3305 1649 Deo
3322 1611 3410 1649 ac-

1839 1682 2187 1737 commodare
2206 1684 2453 1748 voluerit,
2470 1700 2531 1738 ea
2550 1700 2653 1753 qua
2677 1686 2840 1739 Deum
2862 1685 3186 1757 decctﬂ97
3209 1690 3412 1741 ratione

1842 1769 1895 1823 id
1916 1769 2221 1825 faciendum
2248 1782 2349 1842 est;
2369 1781 2419 1827 et
2440 1774 2782 1842 intelligenda
2804 1775 3018 1844 quidem
3049 1778 3298 1839 latitudo,
3320 1794 3410 1832 su-

161 1899 323 1954 τητα.
355 1855 774 1940 Ἀλλὰνδέδοικα,
812 1876 885 1948 μὴ
914 1855 1159 1947 λάθωμεν
1189 1855 1413 1940 ἑαυτοὺς
1440 1855 1744 1947 συμφύρον-

1850 1875 2112 1929 praquam
2161 1872 2382 1918 extensa
2414 1863 2499 1918 illa
2534 1864 2626 1918 Dei
2658 1865 2724 1918 ad
2756 1880 2843 1919 res
2887 1881 3073 1919 omnes
3106 1870 3412 1936 progressio

160 1989 253 2035 τες
296 1972 368 2024 τά
411 1970 537 2040 περὶ
578 1967 711 2021 Θεοῦ
766 1967 1071 2038 ἀσωμάτως
1136 1967 1455 2038 ὀφειλόμενα
1509 1967 1744 2021 νοεῖσθαι

159 2066 281 2127 ταῖς
335 2062 423 2116 διὰ
467 2059 747 2130 συμῦὁλων
800 2059 1072 2129 αἰσθητῶν
1124 2058 1503 2125 ἀναπτύξεσιν.
1538 2061 1746 2129 Ἤγουν

160 2152 579 2223 ἁναπτύσσομεν
606 2150 666 2203 τὺ
706 2150 925 2215 πλάτος,
957 2150 991 2221 ἦ
1020 2150 1080 2203 τὸ
1110 2151 1299 2220 μῆκος,
1330 2150 1363 2221 ἦ
1410 2150 1470 2203 τὸ
1498 2150 1679 2220 βάθος,
1709 2151 1743 2221 ἢ

161 2244 380 2305 ἇλλοτι,
404 2242 713 2312 βουλόμενοι
742 2239 932 2306 ἀνάξαι
962 2240 1097 2293 αὐτὰ
1126 2239 1233 2293 ἀπὸ
1258 2240 1365 2293 τῶν
1398 2240 1739 2312 σωματικῶν·

163 2335 261 2389 καὶ
290 2333 475 2397 πάλιν,
510 2334 585 2404 μὴ
615 2333 787 2396 άλλως
816 2332 1027 2402 ἔχοντες
1054 2331 1231 2400 λέγειν
1249 2372 1264 2397 ,
1297 2332 1425 2401 περὶ
1453 2331 1521 2384 τά
1560 2348 1744 2401 σωμα-

160 2428 291 2481 τικά
340 2425 726 2496 καταντῶμεν,
770 2424 996 2496 πρόοδον
1040 2424 1285 2491 λέγοντες
1320 2422 1571 2493 δύναμιν,
1613 2441 1744 2496 κρυ-

162 2520 415 2589 φιότητα,
460 2519 554 2571 καὶ
580 2517 649 2571 τά
676 2516 933 2579 τοιαῦτα,
963 2516 999 2570 θ.
1039 2516 1103 2587 δὴ
1145 2517 1238 2570 καὶ
1278 2516 1416 2569 αὐτὰ
1460 2515 1745 2587 σωματικά

163 2612 329 2673 είσιν,
364 2609 523 2663 είκαὶ
554 2609 860 2679 ὑψηλότερα
890 2608 999 2661 τῶν
1030 2609 1341 2681 προτέρων·
1373 2608 1453 2661 διδ
1481 2609 1607 2679 περὶ
1629 2609 1744 2663 τούο

163 2717 274 2754 των
304 2703 365 2753 ἑν
409 2700 585 2763 ἄλλοις
628 2699 863 2770 εἴρηται.
915 2696 1029 2750 Νῦν
1067 2698 1122 2750 δὲ
1165 2699 1457 2769 ἑτερότητα
1496 2698 1744 2766 λέγοντες

165 2792 261 2845 ἐπὶ
291 2790 451 2855 Θεοῦ,
485 2790 558 2861 μὴ
590 2789 1042 2858 ὑποπτεύσωμεν,
1074 2789 1155 2841 ὅτι
1185 2790 1263 2851 είς
1293 2788 1476 2856 ἓτερον
1502 2776 1598 2841 καὶ
1625 2789 1745 2841 ἑτε-

170 2899 261 2952 ρον
290 2880 591 2934 ἀλλοιοῦται
620 2876 681 2932 τδ
709 2879 883 2942 Θεῖον,
915 2876 1046 2930 ἀλλὰ
1078 2877 1158 2941 τὸ,
1193 2878 1251 2929 ἑν
1280 2880 1345 2948 τῇ
1378 2877 1551 2948 οἰκεία
1578 2878 1745 2931 ἁπλό-

166 2988 291 3041 τητι
340 2972 566 3041 μένοντα
602 2970 693 3023 τὸν
736 2969 888 3031 Θεὸν,
935 2968 1003 3020 τὰ
1044 2969 1261 3021 ποικίλα
1301 2970 1395 3022 καὶ
1434 2969 1746 3023 παντοδαπὰ

167 3066 285 3135 είδη
316 3065 414 3135 τῆς
452 3064 679 3126 κτίσεως
709 3062 1072 3131 παραγαγεῖν,
1108 3060 1477 3131 ἑμφαίνομεν·
1522 3060 1746 3131 πρόοδον

168 3157 278 3225 γάρ
306 3156 457 3223 λέγει
486 3156 583 3226 τὴν
614 3156 746 3223 πρὸς
774 3153 834 3205 τὸ
865 3154 1045 3205 κτίσαι
1075 3152 1141 3205 τὰ
1176 3153 1350 3205 πάντα
1393 3151 1552 3205 οἱονεὶ
1594 3152 1747 3221 κίνη-

169 3264 256 3303 σιν
283 3250 380 3300 καὶ
407 3248 601 3318 ὁρμήν.

170 3339 471 3410 permutari
508 3378 522 3403 ,

169 3428 479 3497 producere
532 3427 901 3497 significamus
946 3443 959 3479 :

168 3521 418 3574 omnium
451 3522 783 3573 creationem
1032 3586 1037 3589 _

238 3612 270 3685 ᾗ
308 3611 392 3666 Vl.
432 3612 650 3681 Ὅμοιον
681 3612 737 3665 δὲ
769 3612 859 3664 τὸν
891 3611 1020 3663 Θεὸν
1054 3612 1099 3664 εί
1137 3612 1234 3682 μὲν
1259 3611 1333 3674 ὡς
1365 3611 1522 3663 αὑτὸν
1569 3609 1744 3680 ἑαυτῷ

166 3706 289 3758 ὅλον
324 3703 390 3756 δι’
424 3702 544 3756 ὅλου
579 3703 721 3754 εἴποι
754 3719 856 3765 τις,
892 3703 992 3755 οὐκ
1038 3702 1363 3772 άτιμαστέον
1405 3701 1503 3772 τὴν
1550 3702 1747 3754 θεωνυ-

172 3796 326 3865 μίαν.
364 3794 582 3863 Ὅμοιον
627 3793 684 3846 δέ
727 3810 833 3846 τινι
876 3793 985 3847 τῶν
1028 3793 1197 3847 ὄντων
1230 3794 1348 3857 πῶς
1396 3794 1457 3846 τὸ
1488 3794 1637 3847 Θεῖον
1670 3793 1751 3846 λε-

169 3885 467 3955 χθήσεται;
503 3883 621 3935 ἑπεί
652 3882 734 3935 τοί
766 3899 828 3950 γε
850 3884 882 3953 ἡ
905 3882 1023 3935 θεία
1057 3882 1265 3953 Γραφὴ,
1301 3882 1376 3945 ὡς
1408 3883 1494 3935 ἀεὶ
1525 3882 1615 3935 τὸν
1649 3882 1747 3934 αὐ-

170 3975 262 4027 τὸν
296 3972 665 4035 ἀναλλοιώτως
698 3972 857 4037 ὄντα,
892 3972 1142 4043 ἀνόμοιον
1176 3972 1307 4024 πᾶσι
1343 3988 1527 4041 φησιν,
1562 3974 1620 4024 ἑν
1651 3971 1748 4041 τῷ,

177 4065 277 4131 Τίς
300 4062 502 4132 ὅμοιός
528 4080 624 4115 σοι
651 4063 720 4115 ἐν
751 4062 929 4127 θεοῖς,
961 4063 1137 4129 Κύριε
1155 4079 1171 4125 ;
1205 4063 1299 4115 καὶ
1331 4062 1512 4126 πάλιν,
1543 4064 1659 4115 Τίνι
1679 4080 1754 4131 με

170 4152 552 4224 ὠμοιώσατε;
575 4152 735 4223 λέγει
762 4154 997 4222 Κύριος’
1023 4154 1116 4205 καὶ
1137 4153 1314 4206 πάλιν·
1349 4152 1486 4222 Ἐγὼ
1517 4154 1754 4222 ὁράσεις

171 4243 512 4310 ἑπλήθυνα,
534 4245 630 4298 καὶ
658 4245 728 4297 ἐν
746 4244 917 4314 χερσὶ
951 4243 1069 4297 τῶν
1089 4242 1407 4313 προφητῶν
1430 4243 1749 4313 ὠμοιὼθην·

1848 1966 1968 2005 cum
1990 1952 2043 2004 in
2065 1956 2553 2020 producendo,tum
2574 1956 2625 2009 in
2645 1955 3013 2024 gubernando,
3035 1958 3214 2011 tumin
3237 1960 3413 2029 provi-

1846 2043 2051 2109 dendo;
2086 2044 2359 2114 longitudo
2387 2060 2537 2111 vero,
2569 2048 2810 2114 potentia
2842 2047 2931 2101 illa
2962 2065 3081 2119 qua:
3111 2064 3196 2103 res
3225 2064 3414 2105 omnes

1843 2150 2089 2207 superat;
2126 2141 2465 2209 profunditas
2525 2160 2689 2212 vero,
2749 2162 3005 2202 arcanum
3076 2150 3205 2205 illud
3259 2150 3408 2218 quod

1847 2244 2228 2311 comprehendi
2262 2245 2466 2314 nequit.
2502 2245 2608 2301 Sed
2640 2261 2830 2300 vereor
2860 2263 2925 2301 ne
2960 2264 3056 2303 nos
3089 2250 3232 2317 ipsos
3260 2252 3413 2320 igno-

1848 2350 2053 2399 remus,
2082 2351 2145 2389 ea
2176 2352 2298 2404 quae
2324 2338 2389 2392 de
2421 2337 2530 2392 Deo
2559 2339 2879 2407 incorporeo
2924 2344 3083 2394 modo
3116 2341 3411 2413 intelligere

1848 2426 2105 2481 debemus
2174 2429 2452 2484 sensilium
2525 2432 2893 2501 symbolorum
2967 2434 3417 2503 explicationibus

1848 2518 2278 2574 commiscentes.
2332 2520 2682 2589 Explicamus
2730 2523 2894 2591 igitur
2927 2522 3297 2589 latitudinem,
3331 2526 3416 2580 vel

1845 2608 2270 2680 longitudinem,
2316 2613 2396 2667 vel
2444 2613 2898 2683 profunditatem,
2943 2616 3024 2668 vel
3070 2616 3210 2670 aliud
3262 2619 3417 2685 quid-

1848 2702 2014 2770 piam,
2048 2703 2172 2756 dum
2206 2718 2235 2756 a
2284 2704 2443 2758 rebus
2492 2706 2767 2771 corporeis
2800 2706 2886 2757 illa
2926 2707 3172 2761 volumus
3204 2709 3415 2762 abstra—

1848 2793 2013 2859 bere;
2044 2803 2098 2847 et
2145 2808 2267 2847 cum
2301 2794 2459 2848 aliter
2501 2795 2694 2851 efferre
2743 2812 2848 2850 non
2883 2799 3174 2866 possimus,
3206 2814 3415 2853 rursum

1849 2884 1915 2937 ad
1947 2898 2204 2952 corporea
2238 2886 2496 2951 redimus,
2530 2886 2657 2939 dum
2708 2902 3017 2956 processum
3051 2890 3283 2943 dicimus
3311 2891 3423 2943 vir-

1850 2981 2043 3038 tutem,
2076 2989 2359 3038 arcanum,
2394 2985 2449 3029 et
2478 2978 2701 3043 similia,
2735 2994 2853 3046 qua:
2894 2982 3079 3048 utique
3113 2983 3274 3035 etiam
3306 2982 3422 3051 ipsa

1848 3079 2106 3133 corporea
2137 3076 2286 3131 sunt,
2319 3065 2448 3121 licet
2500 3070 2775 3137 prioribus
2825 3072 3166 3126 sublimiora.
3223 3074 3421 3127 Verum

1849 3153 1913 3207 de
1946 3153 2029 3207 his
2060 3154 2184 3208 alibi
2218 3156 2446 3208 dictum.
2482 3156 2637 3210 Modo
2683 3172 2811 3211 vero
2842 3160 3164 3215 alteritatem
3198 3163 3265 3217 de
3313 3162 3422 3217 Deo

1772 3226 1814 3284 (ἶ
1848 3245 2114 3309 dicentes,
2148 3262 2215 3299 ne
2243 3248 2582 3315 suspicemur
2619 3250 2782 3303 Deum
2815 3251 2867 3304 in
2902 3252 3046 3305 aliud
3076 3267 3238 3322 atque
3270 3256 3416 3309 aliud

581 3337 675 3393 sed
745 3338 797 3390 in
869 3335 1086 3406 propria
1158 3333 1501 3402 simplicitate
1563 3340 2017 3402 permanentem,
2061 3335 2305 3389 diversas
2366 3345 2422 3390 et
2494 3339 2833 3393 omnimodas
2892 3343 3099 3410 Species
3164 3355 3425 3399 creaturze

1008 3440 1351 3495 progressum
1414 3425 1558 3479 enim
1620 3423 1754 3478 dicit
1804 3424 1977 3494 ipsam
2033 3427 2197 3481 veluti
2230 3429 2521 3482 motionem
2572 3439 2623 3483 et
2659 3433 3078 3501 prOpensionem
3133 3436 3198 3488 ad
3245 3450 3424 3490 rerum

1921 3604 1948 3674 §
1988 3602 2073 3658 Vl.
2121 3602 2361 3657 Similem
2397 3618 2527 3661 vero.
2567 3605 2733 3659 Deum
2785 3606 2829 3660 si
2880 3607 2999 3674 quis
3045 3608 3263 3673 dixerit,
3307 3620 3424 3665 tan-

1849 3711 2008 3765 quam
2066 3695 2165 3749 sibi
2220 3705 2390 3749 totum
2424 3710 2521 3764 per
2553 3706 2725 3750 totum
2774 3698 3135 3763 confouncm,
3186 3699 3289 3753 tale
3329 3716 3428 3753 uo-

1852 3802 1972 3842 men
2001 3787 2096 3841 Dei
2125 3787 2346 3841 minime
2376 3788 2776 3855 aspernandum
2814 3797 2916 3842 est.
2965 3789 3246 3854 Quomodo
3295 3805 3426 3845 vero

1854 3879 1999 3943 Deus
2038 3879 2198 3932 alicui
2229 3879 2304 3931 rei
2339 3878 2532 3932 similis
2566 3880 2667 3932 dici
2707 3879 2922 3946 possit?
2958 3881 3218 3947 quoniam
3246 3881 3425 3935 divina

1862 3971 2176 4041 Scriptura,
2231 3981 2486 4039 tanquam
2535 3985 2748 4038 semper
2797 3971 3048 4024 eumdem
3092 3973 3211 4025 sine
3258 3983 3430 4026 muta-

1858 4065 2026 4125 tione,
2056 4060 2308 4116 omnibus
2356 4060 2671 4116 dissimilem
2719 4061 2873 4125 dicit,
2919 4071 2978 4115 ut
3022 4063 3074 4115 in
3118 4062 3253 4117 illo:
3295 4064 3427 4129 Qui:

1855 4154 2045 4208 similis
2087 4151 2182 4206 tibi
2216 4154 2270 4205 in
2301 4153 2426 4217 diis,
2453 4151 2712 4204 Domine?
2743 4150 2769 4189 ἀ
2803 4167 2867 4207 ac
2912 4154 3103 4206 iterum
3148 4172 3161 4208 :
3212 4156 3306 4208 Cui
3347 4172 3428 4209 me

1854 4244 2230 4299 assimilastis?
2273 4245 2443 4311 inquit
2501 4243 2756 4297 Dominus
2796 4255 2854 4309 e;
2904 4255 2957 4298 ct
3012 4259 3198 4298 rursus
3251 4262 3267 4301 :
3313 4243 3429 4315 Ego

170 4337 444 4398 τουτέσιν,
490 4336 547 4389 Ὁ
580 4337 741 4400 αὐτὸς
774 4334 884 4404 ἑγὼ
904 4334 1144 4406 ἐμαυτῷ,
1179 4335 1254 4399 ὼς
1288 4337 1575 4407 Εἰρηναῖος
1607 4335 1744 4404 λέγει

1855 4338 2079 4390 visiones
2110 4335 2472 4403 multiplicavi,
2502 4345 2547 4388 et
2573 4336 2624 4386 in
2657 4337 2897 4388 manibus
2924 4337 3295 4404 prophetarum
3341 4354 3430 4390 as—

171 4431 233 4481 ἑν
265 4430 383 4490 τοῖς
404 4427 563 4481 Κατὰ
589 4427 887 4495 αἱρέσεως.
912 4426 1064 4480 Οὕτω
1079 4427 1156 4491 δὲ,
1175 4427 1250 4491 ὡς
1280 4428 1379 4480 οὐκ
1409 4428 1555 4480 ἔστιν
1579 4429 1744 4499 ὅμοιος

1864 4431 2125 4485 similam:
2155 4429 2233 4496 {ui
2265 4426 2319 4492 f;
2372 4429 2422 4481 id
2452 4436 2557 4494 est,
2593 4428 2732 4481 idem
2766 4444 2863 4496 ego
2896 4428 3029 4481 mihi
3058 4429 3185 4496 ipsi,
3234 4439 3290 4481 ut
3320 4430 3430 4483 lre-

170 4519 374 4582 οὐδενὶ,
426 4517 679 4588 δωρεῖται
710 4518 806 4588 τὴν
851 4518 1142 4589 ὁμοιότητα
1172 4522 1286 4583 τοῖς
1318 4519 1403 4571 ἐπ’
1438 4521 1598 4573 αὑτὸν
1630 4522 1741 4573 ἑπι-

1857 4535 2006 4574 uacus
2054 4520 2185 4572 dicit
2236 4518 2287 4571 in
2338 4517 2490 4570 libris
2545 4516 2739 4569 Contra
2778 4519 3022 4571 Itazreses.
3072 4519 3205 4572 Cum
3251 4530 3429 4574 autem

174 4606 585 4679 στρεφομένοις.
641 4606 797 4670 Πῶςς
833 4606 987 4660 Κατὰ
1037 4609 1266 4678 μίμησιν
1299 4609 1396 4680 τὴν
1429 4610 1567 4662 κατὰ
1600 4610 1744 4664 δύνα-

1860 4627 1966 4665 non
2004 4611 2075 4664 sit
2118 4609 2313 4664 similis
2361 4608 2473 4669 ulli,
2500 4607 2907 4663 similitudinem
2950 4610 3015 4661 ad
3062 4623 3121 4662 se
3152 4611 3431 4665 conversis

176 4714 276 4766 μιν
325 4695 431 4747 τῶν
480 4695 639 4748 θείων
682 4696 905 4749 ἐκείνων
952 4698 1044 4749 καὶ
1090 4699 1230 4769 ὑπὲρ
1277 4700 1452 4752 πάντα
1501 4700 1624 4770 ὅρον
1664 4702 1744 4753 ml

1859 4702 2142 4771 elargitur.
2204 4700 2529 4766 Quomodo?
2576 4701 2885 4754 Secundum
2960 4701 3322 4755 imitationem
3376 4712 3433 4756 et

175 4790 340 4857 Λόγον
372 4788 742 4858 ὑπαρχόντων,
778 4789 916 4841 κατὰ
948 4790 1027 4853 τὸ,
1063 4792 1316 4845 Γίνεσθε
1360 4790 1571 4845 τέλειοι
1592 4832 1605 4857 ,
1641 4794 1744 4855 καὶ,

1862 4795 2117 4848 virtutem
2174 4793 2402 4847 istarum
2453 4808 2632 4847 rerum
2664 4792 2968 4845 divinarum
3002 4807 3121 4860 quae
3158 4795 3432 4849 rationem

175 4883 441 4936 Γίνεσθε
466 4882 829 4949 οἰκτίρμονες
851 4884 929 4949 ὠς
952 4887 982 4937 ὁ
998 4882 1197 4952 Πατὴρ
1212 4885 1377 4953 ὑμῶν
1403 4888 1435 4938 ὁ
1458 4885 1744 4952 οἰψάνιοςί

1860 4901 2075 4941 Omnem
2111 4885 2511 4946 terminumque
2541 4883 3006 4948 cxcedunt,juxta
3037 4881 3166 4936 illud
3201 4900 3215 4936 :
3251 4882 3434 4937 Estote

178 4974 331 5043 ἅπερ
363 4972 455 5024 ἑπί
486 4971 618 5025 Θεοῦ
655 4974 749 5042 μὲν
801 4977 1006 5045 κυρίως
1053 4975 1147 5029 καὶ
1198 4977 1337 5048 ὑπὲρ
1383 4977 1557 5030 πάντα
1600 4978 1744 5045 λογοπ.

1857 4976 2070 5045 perfecti
2101 4976 2164 5041 3;
2204 4985 2257 5027 et
2294 4995 2307 5029 ς
2342 4972 2520 5026 Estole
2548 4974 2906 5026 misericordes
2952 4975 3084 5026 sicut
3138 4974 3299 5028 Pater
3350 4988 3434 5026 ve-

177 5064 277 5117 καὶ
312 5064 454 5134 ὄρον’
490 5062 609 5115 οὐδὲ
640 5064 750 5135 γὰρ
799 5066 950 5119 τόσον
983 5068 1015 5137 ἣ
1048 5068 1201 5121 τόσον
1246 5071 1391 5121 ἐστὶν
1441 5072 1526 5123 ἐπ’
1561 5070 1744 5140 ἐκείνῳ

1852 5068 2189 5126 stercmlestis
2226 5067 2277 5120 ιι.
2325 5067 2454 5131 Qua:
2497 5066 2548 5118 in
2599 5070 2711 5119 Deo
2755 5065 2967 5133 quidem
3001 5068 3217 5135 proprie
3254 5077 3309 5121 ct
3348 5084 3433 5121 su-

176 5157 240 5209 τὺ
274 5155 558 5225 οἰκτίρμων
590 5154 622 5222 ἢ
655 5155 715 5207 τὸ
744 5156 965 5220 τέλειον,
1001 5158 1111 5210 ἀλλ’
1144 5160 1536 5232 ἁπεριόριστον·
1573 5164 1664 5216 ἐπὶ
1693 5163 1751 5215 δὲ

178 5246 293 5299 τῶν
327 5246 637 5315 κτισμάτων
684 5246 826 5300 κατὰ
871 5248 968 5319 τὴν
1014 5250 1241 5303 ἑκάστου
1276 5254 1506 5324 σπουδὴν
1539 5257 1630 5307 καὶ
1661 5255 1748 5307 δύ-

179 5356 370 5409 ναμιν.
408 5337 487 5390 Τὰ
518 5338 647 5407 γοῦν
682 5342 1038 5411 παραγόμενα
1074 5344 1261 5414 ῥητέον
1293 5346 1451 5415 ὃμοια
1483 5346 1620 5417 Θεῷ,
1657 5348 1754 5399 αὐ-

180 5434 299 5495 τοῖς
330 5432 388 5485 δὲ
420 5433 510 5485 τὸν
543 5432 672 5485 Θεὸν
705 5433 886 5503 ὅμοιον
912 5436 971 5487 οὐ
1010 5437 1313 5506 ρητέον,ὃτι
1347 5438 1465 5491 οὐδὲ
1496 5440 1524 5490 ὁ
1555 5439 1761 5509 ἄνθρω-

182 5544 289 5591 πος
321 5527 505 5597 ὅμοιος
536 5529 601 5597 τῇ
636 5529 804 5581 εἰκόνι
836 5528 1021 5593 αὑτοῦ,
1048 5531 1079 5599 ἡ
1102 5530 1156 5582 δὲ
1191 5530 1351 5584 εἰκὼν
1384 5532 1543 5602 ὁμοία
1574 5532 1650 5603 τῷ
1672 5534 1763 5585 ἀν-

184 5616 412 5690 θρώπῳ.
463 5617 584 5669 Ἐπὶ
616 5618 723 5688 γὰρ
754 5618 861 5671 τῶν
894 5620 1175 5689 ὁμοταγῶν
1209 5626 1303 5674 καὶ
1333 5621 1617 5692 ὁμοφύλων
1663 5623 1764 5675 Πέ-

258 5814 285 5850 ἀ
324 5812 468 5867 Psal.
506 5827 698 5879 Lxxxv,
730 5819 788 5871 7.
867 5830 889 5854 ε
928 5815 1047 5870 lsai.
1086 5833 1226 5881 χιγι,
1264 5819 1316 5873 5.

1876 5174 1970 5227 pra
2015 5174 2229 5214 omnem
2280 5159 2569 5211 terminum
2600 5167 2652 5210 et
2680 5159 2977 5223 rationem;
3015 5176 3116 5212 non
3145 5160 3284 5212 enim
3318 5170 3427 5211 tau-

1858 5266 1973 5310 tum
2001 5252 2085 5307 vel
2128 5262 2332 5306 tantum
2376 5254 2427 5305 in
2477 5252 2567 5304 illo
2594 5262 2678 5306 est
2718 5253 3089 5307 misericordia
3113 5253 3198 5306 vel
3256 5249 3438 5320 perfe-

1860 5350 1987 5413 ctio,
2010 5344 2104 5399 sed
2148 5344 2389 5411 inﬁnita;
2434 5346 2485 5399 in
2530 5345 2799 5400 creaturis
2850 5360 2979 5399 vero
3022 5361 3118 5416 pro
3168 5343 3434 5413 cujusque

1869 5436 2048 5491 studio
2079 5445 2133 5490 et
2169 5435 2451 5492 facultate.
2486 5435 2611 5490 Ιιιεο
2646 5438 2831 5504 itaque
2862 5452 2981 5506 quae
3026 5437 3253 5490 adducta
3282 5444 3435 5498 sunt,

1866 5529 2094 5583 dicenda
2142 5539 2267 5584 sunt
2323 5530 2434 5584 Deo
2491 5530 2714 5593 similia,
2751 5546 2856 5585 non
2908 5541 3087 5591 autem
3140 5530 3205 5583 iis
3245 5528 3438 5582 similis

1869 5621 2131 5677 dicendus
2174 5632 2256 5677 est
2315 5623 2489 5686 Deus;
2536 5623 2791 5691 quoniam
2835 5638 3007 5695 neque
3041 5623 3204 5680 homo
3238 5619 3437 5678 similis

1402 5820 1417 5855 ι’
1457 5818 1580 5872 Osc.
1619 5834 1716 5883 xu,
1756 5818 1840 5875 10.
1911 5820 1934 5857 κ
1970 5816 2157 5874 Matth.
2194 5836 2246 5884 ν,
2283 5820 2369 5876 48.
2448 5822 2471 5861 h
2509 5822 2640 5877 Luc.
2680 5837 2750 5887 τι,
2787 5821 2873 5875 56.
