4176 6314
820 316 917 374 951

1981 315 2036 371 S.
2083 315 2380 371 DIONYSII
2419 316 2877 376 ΑΒΕΟΡΑΟΙΤᾹΞ

3949 337 4053 393 952

819 439 901 485 est
932 425 1147 496 imagini
1177 441 1308 494 sum,
1356 428 1447 482 sed
1483 427 1660 496 imago
1685 427 1878 483 similis
1921 439 2005 482 est
2038 430 2261 483 homini.
2296 429 2350 482 Si

2481 446 2610 498 τρου
2665 434 2822 503 τυχὸν
2869 435 2961 487 καὶ
3008 435 3254 500 Παύλου,
3299 438 3521 493 δυνατὸν
3570 443 3942 514 ἀντιστρέφειν
3988 447 4052 501 τὸ

820 515 1039 585 quidem
1067 516 1117 567 in
1147 515 1213 569 iis
1245 531 1361 583 quae
1393 515 1632 583 ejusdem
1659 517 1866 570 ordinis
1896 526 1951 569 et
1972 516 2194 585 :Bqualia
2217 516 2384 588 498

819 615 968 669 sunt,
1011 606 1190 672 Petro,
1233 608 1381 662 verbi
1419 607 1614 677 gratia,
1662 619 1717 662 et
1761 608 1945 669 Paulo,
1980 617 2155 678 potest
2190 611 2382 665 simili-

817 701 946 752 tudo
973 699 1316 767 reciprocari,
1354 700 1667 754 alterutrum
1700 700 1944 755 alterutri
1979 702 2240 771 praeferri.

885 789 912 859 §
940 789 1045 842 Vll.
1111 790 1165 843 Iu
1206 806 1368 844 causa
1402 805 1531 845 vero
1559 791 1624 845 ad
1654 793 1878 846 effectus
1915 807 2255 861 nequaquam
2287 796 2380 848 ad-

815 882 1088 936 niitteuius
1126 884 1430 939 istiusmodi
1483 886 1986 954 reciprocationeui,
2019 888 2111 940 sed
2151 887 2378 941 efI'ectiis

813 974 1026 1038 quidem
1061 975 1236 1028 causis
1283 991 1401 1028 esse
1442 976 1664 1040 similes,
1726 992 1949 1031 causam
2003 993 2129 1031 vero
2174 976 2378 1032 eﬂ‘ectis

815 1064 1045 1116 similem
1073 1080 1408 1133 nequaquam
1443 1066 1695 1130 dicimus;
1731 1069 1855 1135 quia
1888 1082 1993 1120 non
2031 1066 2374 1134 estzequalis,

811 1155 904 1206 sed
939 1155 1110 1222 major
1135 1163 1217 1208 est
1252 1157 1345 1224 qui
1372 1155 1463 1207 dat
1493 1173 1652 1223 quam
1679 1173 1794 1225 qua:
1831 1158 2152 1226 participant
2188 1175 2201 1210 :
2240 1158 2374 1212 Deus

809 1258 938 1297 vero
969 1248 1208 1299 omnium
1238 1248 1415 1314 quoad
1451 1249 1728 1302 entitatem
1767 1248 2022 1301 similium
2054 1263 2218 1302 causa
2266 1257 2371 1313 est,

807 1347 860 1389 et
891 1338 1057 1404 ipsius
1109 1353 1203 1405 per
1235 1354 1292 1392 se
1328 1341 1699 1394 similitudinis
1750 1339 1989 1394 effector.
2036 1341 2183 1396 Solet
2227 1344 2371 1397 enim

808 1427 897 1480 hic
943 1426 1104 1482 Pater
1150 1431 1315 1484 Deum
1348 1431 1529 1485 dicere
1574 1432 1623 1484 id
1668 1432 1810 1500 quod
1839 1447 1931 1499 per
1955 1445 2013 1485 se
2043 1442 2145 1497 est,
2176 1443 2230 1487 et
2257 1431 2373 1500 ejus

806 1521 948 1586 quod
1001 1536 1096 1588 per
1150 1538 1207 1576 se
1261 1532 1343 1577 est
1385 1524 1739 1587 conditorem,
1803 1533 1856 1576 et
1899 1540 1993 1591 per
2019 1538 2077 1578 se
2104 1527 2291 1589 vitam,
2317 1534 2371 1580 et

804 1626 900 1680 per
925 1627 982 1665 se
1017 1613 1138 1666 vita:
1181 1624 1505 1668 creatorem.
1539 1613 1662 1668 Haec
1691 1625 1868 1668 autem
1901 1615 2053 1680 dicit,
2078 1633 2182 1670 non
2226 1618 2368 1686 quod

807 1699 954 1753 dicat
979 1700 1144 1753 Deum
1174 1701 1441 1755 diversam
1472 1703 1688 1771 quidem
1718 1717 1838 1756 esse
1881 1703 2068 1765 vitam,
2099 1718 2162 1756 ac
2191 1705 2366 1758 diver-

2482 525 2684 595 ὅμοιον,
2719 526 2813 578 καὶ
2846 529 3200 598 προηγεῖσθαι
3235 531 3456 601 θάτερον
3491 533 3736 604 θατέρου.

2551 785 2718 857 ςνιι.
2768 788 2887 840 Ἐπὶ
2918 788 2974 840 δὲ
3006 789 3098 842 τοῦ
3145 792 3313 844 αἰτίου
3359 795 3451 845 καὶ
3499 795 3606 848 τῶν
3655 799 3916 851 αίτιατῶν
3947 802 4046 854 οὑκ

2478 880 2845 951 ἀποδεξόμεθα
2877 882 2973 952 τὴν
3005 883 3394 954 ἀντιστροφὴν,
3431 886 3564 939 ἀλλὰ
3599 888 3666 941 τὰ
3699 891 3796 959 μὲν
3829 893 4046 946 αίτιατά

2478 972 2640 1040 ὃμοια
2689 971 2765 1040 τῷ
2809 972 2964 1042 αἰτίῳ
3012 974 3288 1042 εἴποιμεν,
3339 975 3399 1026 τὸ
3430 975 3485 1027 δὲ
3518 977 3686 1031 αίτιον
3723 981 3818 1049 οὑχ
3859 981 4046 1050 ὅμοιον

2475 1063 2584 1123 τοῖς
2617 1064 2893 1126 αίτιατοῖς·
2930 1064 3046 1116 οὑδὲ
3079 1064 3185 1134 γὰρ
3230 1065 3496 1130 ἑξισάζει,
3541 1069 3652 1120 ἀλλ’
3686 1072 3775 1122 ἐπὶ
3824 1071 3984 1124 πλέον
4016 1075 4045 1126 ό

2474 1153 2648 1218 διδους
2693 1154 2799 1207 τῶν
2835 1157 3163 1226 μετεχόντων
3223 1158 3356 1210 ἐστί.
3407 1160 3542 1211 Πᾶσι
3589 1161 3695 1232 γὰρ
3755 1163 3848 1215 τοῦ
3902 1161 4041 1216 εἶναι

2473 1246 2676 1316 ὁμοίοις
2710 1247 2876 1310 αἴτιος
2908 1249 2935 1301 ό
2978 1248 3126 1310 Θεὸς,
3154 1250 3243 1300 καὶ
3275 1250 3443 1320 αὑτῆς
3463 1252 3558 1320 τῆς
3591 1253 4041 1325 αὑτοομοιότητος

2474 1336 2794 1405 ὑποστάτης.
2837 1335 2994 1398 Ἔθος
3026 1337 3130 1406 γὰρ
3150 1337 3226 1406 τῷ
3259 1339 3430 1407 Πατρὶ
3462 1340 3550 1392 τὸν
3573 1340 3702 1392 Θεὸν
3735 1342 3911 1409 λέγειν
3943 1343 4042 1395 καὶ

2472 1427 2678 1489 αὑτοὸν,
2708 1428 2800 1480 καὶ
2831 1428 2922 1480 τοῦ
2956 1428 3220 1480 αὑτοεῖναι
3257 1429 3580 1500 ὑποστάτην,
3618 1433 3709 1484 καὶ
3741 1433 4038 1503 αὐτοξωὴν,

2471 1520 2561 1572 καὶ
2591 1520 2688 1588 τῆς
2721 1519 2993 1589 αὑτοζωῆς
3027 1521 3349 1590 ὑποστάτην.
3372 1522 3507 1591 Φησὶ
3539 1522 3593 1574 δὲ
3626 1522 3815 1586 ταῦτα,
3851 1525 4040 1594 οὑχὼς

2469 1610 2658 1681 ἑτέραν
2694 1611 2789 1680 μὲν
2822 1611 3043 1678 φάσκων
3077 1609 3220 1680 ζωὴν
3252 1611 3416 1662 αὑτὸν
3449 1612 3537 1662 τὸν
3569 1612 3720 1677 Θεὸν,
3756 1613 3945 1685 ἑτέραν
3980 1615 4038 1667 δὲ

2469 1700 2744 1772 παρῆχθαι
2779 1699 2919 1770 ζωὴν
2952 1700 3180 1770 ούσιώδη
3199 1701 3291 1753 καὶ
3325 1701 3482 1753 οἱονεὶ
3515 1703 3868 1758 ἑνυπὸστατον
3903 1705 4034 1774 περὶ

801 1806 916 1844 sam
946 1789 1012 1843 ab
1055 1805 1120 1844 eo
1167 1792 1334 1844 vitam
1377 1793 1716 1846 essentialem
1765 1793 1929 1845 fuisse
1961 1793 2278 1859 productam
2308 1804 2354 1848 et

2462 1791 2551 1844 τὸν
2599 1791 2749 1856 Θεὸν,
2785 1787 2852 1862 ἧς
2900 1791 3111 1860 μετέχει
3157 1789 3223 1842 τά
3275 1790 3418 1859 ζωῆς
3468 1792 3772 1861 μετέχοντα⁹
3809 1793 3919 1845 ἀλλ’
3955 1794 4032 1856 ὼς

801 1880 955 1946 quasi
1009 1881 1388 1934 subsistentem
1441 1883 1493 1935 in
1546 1883 1675 1954 Deo,
1736 1897 1896 1950 quam
1941 1883 2268 1951 participent
2299 1899 2362 1938 ea

798 1987 916 2040 quae
943 1972 1114 2024 vitam
1161 1973 1525 2042 participant;
1584 1975 1699 2036 sed,
1734 1975 1875 2027 sicut
1911 1975 2146 2043 seipsum
2190 1976 2361 2044 expli-

799 2071 888 2116 cat
921 2066 1097 2131 capite
1129 2065 1435 2128 uudecimo,
1467 2066 1608 2118 Deus
1652 2065 1846 2119 dicitur
1881 2067 1994 2134 ipsa
2033 2068 2164 2132 vita,
2203 2077 2362 2136 atque

798 2153 918 2224 ipsa
976 2158 1166 2218 virtus,
1218 2166 1379 2225 atque
1425 2156 1536 2224 ipsa
1589 2156 1905 2221 similitudo,
1956 2167 2206 2225 tauquam
2257 2159 2362 2212 hoc

796 2246 1037 2299 existens
1074 2260 1168 2313 per
1207 2247 1421 2299 modum
1471 2247 1742 2315 principii,
1787 2259 1842 2302 et
1901 2259 1958 2300 ut
2005 2247 2164 2311 Deus,
2204 2257 2258 2301 et
2304 2258 2361 2301 ut

797 2350 960 2388 causa
1000 2349 1014 2387 :
1072 2335 1186 2389 lizec
1231 2337 1372 2388 enim
1423 2335 1536 2404 ipse
1586 2338 1760 2406 reipsa
1811 2347 1914 2392 est.
1973 2338 2140 2407 Ipsius
2181 2349 2356 2392 autem

795 2424 1176 2479 similitudinis
1222 2435 1276 2480 et
1324 2427 1578 2480 similium
1621 2428 1870 2482 conditor
1904 2438 2008 2491 est,
2049 2438 2104 2481 ut
2149 2430 2237 2498 qui
2271 2444 2356 2483 re-

793 2516 895 2571 bus
926 2517 1121 2569 donuin
1173 2517 1274 2571 lioc
1311 2519 1566 2587 primario
1597 2521 2063 2588 participanlibus,
2103 2531 2159 2574 ut
2189 2523 2240 2574 id
2279 2523 2354 2590 ip-

791 2623 908 2662 sum
944 2608 1282 2676 participeut,
1337 2609 1597 2678 elargitiir
1652 2648 1666 2663 .
1728 2611 1994 2679 siquidem
2038 2612 2218 2664 omnia
2259 2627 2356 2680 pro

792 2711 951 2766 captu
983 2715 1081 2752 suo
1125 2700 1251 2752 talia
1286 2701 1634 2770 participant,
1688 2703 1860 2770 prima
1907 2704 2121 2767 quidem
2168 2717 2355 2770 supre-

794 2807 903 2855 ma,
933 2809 1029 2861 per
1080 2796 1293 2847 modum
1329 2793 1605 2865 principii,
1631 2805 1824 2849 caetera
1862 2811 1990 2850 vero
2019 2811 2356 2865 consequen-

792 2891 875 2937 ter
925 2883 1162 2937 infcriori
1212 2887 1395 2955 gradu.
1425 2886 1538 2941 Νοιι
1583 2901 1736 2941 secus
1777 2903 1905 2940 vero
1934 2888 2215 2942 dicendum
2251 2897 2353 2952 est,

790 2974 954 3028 Deum
984 2991 1195 3043 quoque
1243 2993 1363 3031 esse
1391 2979 1726 3032 conditorem
1773 2979 1994 3033 rationis
2021 2981 2352 3048 exemplaris

788 3066 1180 3131 similitudinis,
1235 3080 1287 3120 ul
1320 3069 1410 3138 qui
1471 3070 1522 3122 in
1571 3085 1628 3124 se
1666 3071 1780 3124 sine
1823 3073 2087 3140 principio
2117 3083 2170 3125 et
2207 3073 2354 3126 unite

784 3172 1000 3227 semper
1049 3161 1243 3214 habeat
1280 3177 1455 3215 rerum
1513 3163 1751 3216 omnium
1802 3166 2037 3217 rationes
2087 3165 2348 3232 prmexis-

784 3255 961 3304 tentes
988 3289 1002 3312 ,
1048 3265 1182 3318 quas
1214 3262 1266 3305 et
1313 3252 1773 3319 pnedeliiiitiones
1821 3255 2068 3322 superius
2113 3255 2349 3323 appella-

783 3339 880 3392 vit.
920 3339 1008 3392 Ilia
1040 3342 1200 3408 igitur
1227 3343 1466 3394 omnium
1498 3343 1817 3410 similitudo,
1852 3360 1967 3412 quie
1999 3353 2079 3398 est
2106 3347 2342 3400 omnium

784 3434 986 3497 unitas,
1039 3448 1133 3499 per
1171 3436 1639 3503 participationem
1697 3437 1883 3504 primae
1919 3450 2118 3499 causae,
2165 3436 2216 3490 id
2261 3445 2346 3490 est

783 3525 937 3594 quasi
994 3526 1218 3594 vestigio
1271 3527 1500 3594 quodam
1560 3528 2010 3596 participationis,
2057 3528 2344 3598 participat

780 3614 910 3669 illud
956 3617 1099 3684 quod
1132 3618 1422 3670 secundum
1453 3618 1640 3670 eadem
1667 3629 1720 3671 et
1759 3622 1944 3673 eodem
1981 3620 2138 3672 modo
2173 3633 2229 3671 se
2254 3620 2343 3671 lia-

780 3705 890 3758 bet.
937 3705 1049 3758 Hoc
1099 3707 1276 3774 itaque
1310 3707 1508 3770 simile,
1551 3707 1696 3776 quod
1731 3709 2024 3761 secundum
2071 3709 2256 3760 eadem
2289 3717 2343 3760 et

778 3799 968 3851 eodem
1019 3799 1174 3852 modo
1227 3813 1285 3852 se
1345 3800 1523 3862 liabet,
1585 3799 1848 3853 dissimile
1904 3809 2007 3863 est,
2056 3812 2342 3866 rerumque

781 3890 1022 3945 omnium
1061 3891 1500 3959 compositionem
1542 3893 1762 3961 respuit,
1813 3892 1892 3944 uti
1941 3901 2166 3944 testatur
2193 3888 2337 3943 Scri-

778 3993 934 4051 ptura
967 3985 1192 4038 dicens:
1221 3981 1339 4034 Non
1371 3994 1443 4036 est
1481 3984 1667 4036 similis
1695 3985 1784 4036 tibi
1816 3985 1870 4036 iu
1902 3984 2026 4046 diis,
2054 3982 2268 4034 Domine
2300 3979 2338 4030 ί.

777 4073 892 4126 Νοιι
921 4085 1004 4128 est
1035 4076 1221 4142 utique
1268 4075 1367 4128 lioc
1408 4076 1740 4129 contrarium
1781 4076 1845 4128 iis
1875 4090 1993 4143 quin
2019 4075 2158 4126 dicta
2196 4082 2341 4136 sunt,

777 4180 901 4220 cum
937 4169 1192 4232 diximus,
1227 4168 1405 4222 omnia
1439 4168 1547 4222 Deo
1575 4183 1692 4222 esse
1723 4168 1939 4231 similia,
1972 4167 2136 4220 Deum
2167 4174 2341 4216 autem

2464 1884 2624 1947 αὐτὸς
2659 1885 2847 1936 ἑαυτὸν
2894 1882 3179 1954 ἑρμηνεύει
3227 1884 3282 1934 ἑν
3315 1882 3391 1952 τῷ
3424 1884 3691 1954 ἑνδεκάτῳ
3728 1886 4032 1956 κεφαλαίῳ,

2463 1973 2705 2045 αὑτοζωὴ
2756 1976 2847 2027 καὶ
2880 1973 3233 2042 αὑτοδύναμις
3265 1974 3357 2026 καὶ
3391 1974 3775 2045 αὑτοομοιότης
3813 1975 4034 2043 λέγεται

2460 2072 2488 2122 ὁ
2519 2068 2666 2130 Θεὸς,
2702 2067 2775 2130 ὡς
2807 2065 3046 2137 ἀρχικῶς
3079 2065 3233 2117 τοῦτο
3266 2065 3339 2117 ὣν
3365 2066 3456 2117 καὶ
3477 2065 3690 2129 θεῖκῶς,
3727 2067 3818 2118 καὶ
3852 2069 4034 2118 αίτια-

2460 2159 2586 2222 τῶς·
2621 2159 2789 2211 ταῦτα
2820 2158 2926 2227 γὰρ
2973 2158 3133 2220 αὑτὸς
3175 2156 3249 2226 τῷ
3281 2157 3390 2208 δντι
3425 2157 3560 2209 ἑστί.
3597 2158 3708 2227 Τῆς
3752 2159 3805 2210 δὲ
3841 2159 4033 2211 αὑτοο-

2462 2249 2737 2319 μοιότητός
2783 2251 2928 2300 ἑστιν
2976 2246 3312 2314 ὑποστάτης,
3361 2247 3453 2298 καὶ
3498 2246 3604 2298 τῶν
3635 2247 3908 2309 τοιούτων,
3951 2247 4032 2312 ὡς

2462 2341 2762 2412 μεθεκτῶς,
2800 2339 2979 2400 αὑτοῖς
3012 2339 3121 2398 τοῖς
3154 2335 3382 2406 πρώτως
3415 2338 3472 2388 ἑν
3503 2340 3613 2400 τοῖς
3644 2334 3758 2390 οὖσι
3791 2337 3884 2406 τῆς
3919 2339 4032 2391 δωο

2459 2435 2588 2504 ρεᾶς
2619 2430 2817 2499 ταύτης
2854 2428 3136 2499 μετέχουσι
3170 2427 3434 2498 χορηγῶν·
3474 2429 3646 2480 πάντα
3678 2428 3784 2498 γὰρ
3811 2431 4032 2493 οἰκείως

2457 2521 2664 2582 ἑαυτοῖς
2705 2518 2918 2588 μετέχει
2952 2516 3058 2569 τῶν
3090 2517 3360 2579 τοιούτων,
3401 2518 3453 2567 αἱ
3495 2518 3590 2585 μὲν
3639 2518 3886 2586 πρῶται·
3929 2519 4032 2572 καὶ

2457 2612 2772 2682 ὑπέρταται,
2809 2607 3066 2677 ἀρχικῶς,
3091 2607 3156 2658 τὰ
3175 2607 3228 2659 δὲ
3247 2606 3389 2676 ἑξῆς,
3426 2607 3785 2671 ὑποϐατικῶς.
3822 2610 3893 2661 υύ
3914 2614 4034 2679 χεῖ-

2458 2721 2548 2775 ρον
2595 2703 2650 2754 δὲ
2703 2703 2907 2759 εἰπεῖν,
2948 2700 3027 2750 ὅτι
3062 2699 3152 2750 καὶ
3187 2697 3346 2750 αὑτοῦ
3379 2698 3472 2749 τοῦ
3521 2700 4029 2770 παραδειγματικοῦ

2455 2795 2550 2864 τῆς
2577 2794 2885 2863 ὁμοιότητος
2913 2790 3068 2857 λόγου
3093 2790 3398 2858 ὑποστάτης
3432 2791 3576 2842 ἐστὶν
3608 2793 3635 2842 ό
3667 2791 3817 2854 Θεὸς,
3851 2793 3928 2855 ὼς
3963 2795 4029 2846 ἐν

2455 2888 2629 2958 ἑαυτῷ
2678 2887 2813 2957 ἔχων
2861 2887 2946 2938 ἀεὶ
2983 2885 3108 2947 τοὺς
3155 2884 3343 2950 λόγους
3378 2886 3590 2937 πάντων
3629 2885 3877 2955 ἀνάρχως
3927 2888 4030 2940 καὶ

2455 2981 2666 3044 ἑνιαίως
2699 2978 3134 3049 προύφεστῶτας,
3170 2975 3259 3039 οὒς
3290 2977 3382 3028 καὶ
3415 2977 3774 3046 προορισμοὺς
3811 2978 4025 3047 προλα-

2457 3078 2563 3131 6ὼν
2593 3077 2799 3148 εἴρηκε.
2851 3074 3017 3127 Τοῦτο
3048 3073 3175 3142 γοῦν
3207 3073 3267 3125 τὸ
3310 3075 3369 3124 ὲν
3419 3076 3581 3125 πᾶσιν
3612 3075 3791 3143 ὅμοιον
3835 3077 3868 3145 ἡ
3910 3078 4026 3129 τῶν

2453 3168 2585 3221 ὅλων
2609 3166 2812 3234 ἑνότης,
2836 3163 2925 3216 τοῦ
2960 3163 3098 3215 κατὰ
3129 3163 3195 3214 τὰ
3228 3161 3364 3214 αὑτὰ
3397 3163 3488 3214 καὶ
3520 3162 3774 3226 ὡσαύτως
3803 3165 4028 3233 ἔχοντος

2456 3258 2687 3328 μετέχει,
2737 3255 2875 3308 κατά
2912 3254 3198 3324 μετουσίαν
3231 3252 3323 3304 τοῦ
3370 3251 3582 3320 πρώτου
3630 3253 3820 3305 αἰτίου·
3856 3255 4027 3307 τοῦτο

2451 3350 2555 3418 γάρ
2576 3350 2688 3399 ἐστι
2719 3347 2778 3399 τὸ
2812 3348 2945 3415 ἴχνει
2977 3348 3080 3398 τινὶ
3111 3345 3271 3398 οἱονεὶ
3290 3346 3563 3414 μετουσίᾳ.
3592 3345 3633 3395 Τ
3637 3344 3759 3396 οὖτο
3790 3344 3926 3410 γοῦν
3957 3346 4026 3398 τὸ

2449 3437 2588 3490 κατά
2618 3436 2684 3487 τὰ
2717 3434 2856 3487 αὐτά
2887 3435 2980 3485 καὶ
3011 3433 3270 3496 ὡσαύτως
3304 3435 3421 3504 ἕχον
3463 3433 3637 3501 ἑαυτῷ
3667 3433 3870 3502 ὅμοιον,
3905 3436 4026 3488 ἀνό-

2451 3544 2618 3598 μοιον,
2650 3529 2746 3580 καὶ
2776 3529 2887 3588 τοῖς
2914 3527 3076 3578 πᾶσιν
3108 3526 3438 3577 ἀσύντακτον
3471 3528 3502 3595 ἡ
3538 3525 3654 3576 θεία
3687 3525 3875 3594 Γραφή
3915 3543 4023 3596 φη-

2451 3637 2552 3683 σιν,
2582 3619 2700 3670 Οὐκ
2729 3619 2895 3670 ἔστιν
2921 3615 3117 3685 ὅμοιός
3139 3631 3233 3668 σοι
3261 3615 3328 3667 ἐν
3353 3613 3524 3680 θεοῖς,
3549 3615 3738 3680 Κύριε,
3759 3614 4020 3680 λέγουσα.

2449 3708 2558 3760 Ούκ
2591 3705 2702 3757 ἔστι
2735 3705 2862 3771 γοῦν
2885 3703 3121 3756 ἐναντίον
3146 3703 3303 3755 τοῦτο
3333 3705 3442 3765 τοῖς
3484 3703 3890 3773 προρρηθεῖσιν,
3922 3704 4018 3757 ὅτε

2447 3795 2699 3864 ἐλέγομεν
2731 3794 2796 3846 τά
2829 3795 3001 3847 πάντα
3034 3794 3190 3863 ὅμοια
3219 3791 3293 3861 τῷ
3325 3791 3460 3860 Θεῷ,
3489 3793 3550 3844 οὐ
3592 3793 3694 3862 μὴν
3726 3792 3781 3844 δὲ
3813 3795 3841 3844 ὀ
3875 3792 4013 3856 Θεὸς

2443 3886 2653 3947 τούτοις
2684 3887 2889 3954 ὅμοιος·
2929 3884 2997 3936 τὰ
3028 3884 3135 3953 γὰρ
3167 3884 3303 3936 αὑτά
3337 3886 3430 3936 καὶ
3461 3885 3619 3952 ὃμοια
3651 3882 3726 3952 τῷ
3766 3883 3884 3952 Θεῷ
3917 3885 4020 3936 καὶ

2445 3979 2689 4047 ἀνόμοια·
2737 3978 2796 4029 τὸ
2821 3978 2936 4047 μὲν,
2974 3977 3111 4029 κατά
3151 3979 3248 4048 τὴν
3280 3977 3628 4047 ἐνδεχομένην
3665 3977 3914 4046 μίμησιν,
3949 3979 4017 4030 οὐ

2444 4071 2552 4139 γὰρ
2581 4070 2796 4131 τελείως
2829 4074 2861 4138 ὴ
2899 4069 3142 4139 μίμησις·
3179 4070 3239 4121 τὸ
3275 4069 3348 4133 δὲ,
3383 4071 3464 4121 ὅτι
3513 4071 3730 4139 μέτροις
3763 4070 4018 4139 ἀπείροις

2446 4165 2536 4215 καὶ
2559 4163 2902 4232 ἀσυγκρίτοις
2933 4160 3000 4212 τὰ
3034 4161 3248 4213 αἰτιατὰ
3281 4160 3372 4212 τοῦ
3402 4159 3570 4212 αἰτίου
3603 4159 4012 4212 ἀπολείπονται.

777 4280 881 4317 non
913 4277 1034 4316 esse
1073 4261 1164 4313 u|!i
1206 4261 1469 4324 similem;
1504 4261 1768 4329 siquidem
1807 4261 1992 4313 eadem
2045 4272 2098 4314 et
2145 4258 2337 4314 similia
2369 4267 2423 4310 et
2456 4256 2736 4309 dissimilia
2766 4265 2890 4308 sunt
2920 4254 3058 4316 Deo;
3121 4253 3247 4306 illud
3286 4255 3499 4322 quidem
3573 4255 3868 4307 secundum
3923 4254 4015 4304 iii-

775 4354 979 4408 dultam
1008 4353 1196 4421 cuique
1241 4353 1616 4416 imitationem,
1673 4369 1776 4405 non
1812 4354 1956 4404 enim
1991 4351 2226 4420 perfecta
2257 4360 2343 4403 est
2377 4348 2643 4411 imitatio;
2676 4347 2777 4400 hoc
2809 4361 2955 4403 vero.
3021 4345 3273 4414 quoniam
3327 4343 3551 4398 ctl‘ectus
3595 4359 3622 4396 a
3675 4344 3855 4398 causis
3883 4344 4018 4396 iuti-

775 4445 899 4496 uitis
928 4454 981 4496 et
1009 4443 1520 4512 iucomparabilibus
1551 4442 1862 4512 parasaugis
1888 4441 2166 4495 deficiunt.

850 4539 876 4608 §
917 4536 1042 4590 VIII.
1091 4535 1300 4589 Statum
1328 4551 1391 4588 ac
1434 4537 1611 4589 sedem
1644 4551 1739 4603 pro
1771 4536 1957 4588 eodem
2015 4533 2230 4599 accipit,
2262 4546 2342 4584 re-

2515 4527 2540 4598 §
2575 4526 2701 4578 VIII.
2735 4525 2924 4577 Στάσιν
2956 4524 3046 4577 καὶ
3076 4522 3337 4592 καθέδραν
3366 4521 3425 4572 τὸ
3451 4521 3580 4573 αὐτὸ
3605 4520 3836 4590 δέχεται,
3871 4527 4013 4592 πρὸς

775 4631 1010 4699 spicieus
1037 4630 1102 4682 ad
1137 4629 1462 4682 immobilem
1495 4630 1826 4682 ideiitiiateiii
1871 4627 2169 4694 uti-iusque.
2212 4624 2337 4677 Sta-

776 4729 886 4774 tum
917 4721 1056 4773 enim
1091 4735 1194 4772 non
1242 4717 1405 4788 499
1441 4720 1558 4772 dico
1608 4719 1778 4780 illiilli,
1833 4732 1938 4784 qno
1983 4718 2102 4784 quis
2159 4725 2336 4768 rectus

775 4818 835 4867 fit
874 4821 1152 4881 postquam
1180 4811 1230 4864 iu
1265 4812 1393 4863 sede
1424 4810 1597 4862 fuerat
1628 4811 1962 4873 incurvatus,
2011 4807 2100 4861 sed
2132 4805 2336 4860 inflexi-

772 4907 1034 4960 b'ilitateiii
1077 4915 1131 4958 et
1180 4886 1669 4957 ἰιιιιιιυιέὺίιὶιοιειη
1724 4902 1838 4965 Dei,
1887 4901 2095 4953 firmum
2132 4910 2331 4951 statum

771 4998 1088 5066 appellavit;
1117 4997 1258 5049 sicut
1289 4998 1452 5048 etiam
1490 4995 1678 5048 sedere
1704 5003 2012 5061 perpetuam
2045 5002 2098 5045 et
2124 4995 2330 5043 incom-

774 5086 1189 5157 preliensibilem
1230 5086 1465 5155 quietem
1523 5083 1722 5134 habere
1773 5081 1825 5133 in
1865 5081 1974 5133 basi
2026 5078 2328 5131 innumina-

771 5180 865 5233 bili
912 5201 922 5233 :
955 5179 1130 5232 omnis
1159 5178 1299 5231 enim
1355 5183 1526 5230 status
1562 5188 1624 5226 ac
1671 5174 1812 5225 sedis
1853 5187 2010 5225 causa
2045 5181 2127 5223 est
2158 5169 2244 5232 iis,
2275 5169 2327 5221 in

772 5286 877 5341 quo
908 5272 1086 5326 omnia
1125 5269 1177 5322 in
1211 5268 1366 5322 bouis
1406 5267 1638 5335 propriis
1688 5264 1954 5318 custodita
2004 5261 2325 5315 consistunt.

846 5456 873 5526 §
908 5451 996 5506 IX.
1039 5451 1265 5518 Quando
1311 5466 1438 5504 vero
1479 5451 1640 5504 etiam
1681 5460 1882 5503 motum
1933 5446 2229 5515 reperimus
2275 5446 2327 5498 in

774 5548 882 5602 Deo
902 5548 1121 5608 dictum,
1143 5547 1295 5614 juxta
1321 5544 1444 5597 illud
1475 5568 1484 5597 :
1511 5544 1714 5596 Ini-lina
1740 5542 1909 5602 (mlas,
1949 5552 1992 5592 et
2015 5539 2259 5592 descende
2278 5537 2328 5602 ιε,

852 5729 866 5767 i
910 5724 1051 5776 I‘sal.
1090 5740 1282 5785 ωιτν,
1323 5726 1371 5776 τ.
1462 5729 1479 5759 ι
1521 5723 1657 5776 I’sal.
1700 5739 1827 5785 xiii,
1873 5723 1953 5773 i0.

2441 4618 2534 4689 τὴν
2563 4618 2811 4687 ἀκίνητον
2841 4616 3137 4684 ταύτότητα
3167 4614 3422 4682 ἑκάτερον
3451 4613 3777 4676 ἀναπτύξας,
3810 4617 4016 4672 Στάσιν

2440 4710 2546 4780 γὰρ
2576 4710 2635 4760 οὑ
2666 4709 2762 4778 τὴν
2785 4710 2861 4769 είς
2881 4707 2940 4758 τὸ
2969 4706 3122 4777 ὀρθὸν
3152 4704 3402 4772 γενέσθαι
3434 4704 3539 4756 ἀπὸ
3568 4703 3658 4756 τοῦ
3691 4709 4012 4778 συγκεκαμ-

2439 4800 2566 4868 φθαι
2593 4803 2657 4869 τῇ
2688 4799 2921 4869 καθέδρα
2949 4805 3018 4868 φη
3031 4799 3109 4868 μὶ,
3132 4797 3263 4849 ἀλλὰ
3293 4798 3350 4848 τὸ
3380 4797 3667 4866 ἁκλόνητον
3687 4799 3778 4849 καὶ
3798 4800 4014 4867 ἀμετα-

2439 4909 2697 4960 στρεπτον
2726 4890 2817 4941 τοῦ
2848 4889 3001 4951 Θεοῦ,
3040 4889 3257 4959 βεϐαίαν
3288 4889 3470 4940 στάσιν
3501 4889 3770 4941 ἐκάλεσεν’
3805 4890 3877 4951 ὡς
3911 4894 4013 4944 καὶ

2435 4985 2493 5034 τὸ
2526 4983 2790 5052 καθῆσθαι
2819 4983 2879 5034 τὸ
2910 4983 2965 5034 ἐν
3007 4981 3353 5051 ἀνονομάστῳ
3385 4981 3534 5048 βάσει
3565 4982 3657 5032 καὶ
3697 4982 4012 5036 ἀναπαύσει

2435 5077 2666 5146 διαρκῶς
2715 5077 2805 5127 καὶ
2845 5075 3238 5143 ἀκαταλήπτως
3281 5074 3438 5141 ἔχειν·
3473 5073 3631 5134 αὑτὸς
3658 5074 3766 5144 γάρ
3796 5076 3946 5125 ἐστιν
3978 5078 4012 5128 ὁ

2435 5171 2530 5239 τῆς
2561 5170 2771 5220 πάντων
2804 5169 3040 5230 στάσεως
3069 5168 3160 5220 καὶ
3200 5167 3358 5236 ἕδρας
3403 5166 3588 5226 αἴτιος,
3637 5166 3694 5215 ὲν
3732 5159 3775 5232 ᾧ
3823 5168 4015 5221 ’πάντα

2438 5262 2760 5330 συνέστηκεν
2825 5263 2880 5312 ὲν
2929 5264 3043 5322 τοῖς
3098 5261 3318 5321 οἰκείοις
3376 5257 3598 5325 ἀγαθοῖς
3650 5258 4014 5324 διαφυλαττό-

2438 5369 2588 5422 μενα.

2553 5445 2638 5496 ΙΧ.
2663 5445 2825 5497 Ὅταν
2853 5445 2907 5497 δὲ
2925 5447 3014 5497 καὶ
3034 5445 3240 5513 κίνησιν
3263 5443 3504 5512 εὕρωμεν
3524 5442 3614 5492 ἐπὶ
3630 5441 3764 5493 Θεοῦ
3782 5441 4017 5512 λεγομέ-

2433 5554 2527 5606 νην
2549 5537 2685 5588 κατὰ
2713 5537 2792 5602 τὸ,
2831 5538 3050 5592 Κλῖνω·
3073 5535 3380 5604 οὐρανοὺς,
3407 5535 3500 5586 καὶ
3535 5533 3835 5597 κατάϐηθι,
3880 5537 4013 5589 θεο-
