4176 6314
780 363 886 420 935

1925 357 1981 417 S.
2019 357 2314 415 DIONYSII
2351 356 2811 415 AREOPAGITIE

3917 363 4018 419 936

757 482 884 535 dia:
916 493 1044 535 vero
1071 494 1159 535 res
1193 478 1445 535 sensiies.
1478 473 1648 535 Porro
1683 477 1823 534 Deus
1851 478 2033 532 omnia
2082 479 2353 542 continet,
2386 481 2528 532 sicut
2577 473 2814 531 circulus
2864 477 3044 530 omnia
3107 491 3224 546 quae
3266 477 3317 530 in
3357 477 3472 544 ipso
3512 484 3660 542 sunt,
3705 486 3761 533 et
3796 475 3864 532 ad
3913 481 4019 531 sei-

781 587 934 641 psum
975 585 1232 643 tanquam
1263 574 1328 627 ad
1353 585 1570 628 causam
1601 574 1886 628 convertit.

854 667 882 738 ς
912 667 978 720 Χ.
1014 665 1279 734 Denique,
1313 667 1356 720 si
1390 667 1511 736 quis
1538 666 1677 722 idem
1712 676 1767 720 et
1791 666 1995 735 justum
2031 681 2130 736 pro
2155 665 2341 746 aequali

2516 659 2543 730 ᾗ
2575 661 2641 743 Χ,
2677 660 2739 712 Et
2767 657 2825 712 δέ
2856 675 2937 722 τις
2965 659 3024 712 τὸ
3054 661 3247 714 ταύτὸν
3276 661 3368 714 καὶ
3399 661 3675 714 τὸδίκαιον
3706 663 3790 725 εἰς
3813 661 3874 715 τὸ
3904 664 4018 718 ἴσον

783 760 1012 828 accipiat
1056 757 1344 828 (siquidem
1393 758 1531 812 idem
1578 760 1873 812 secundum
1913 758 2094 812 omnia
2140 758 2347 827 aequale

785 868 850 906 ac
872 851 1047 906 simile
1075 861 1178 915 est,
1203 861 1257 906 et
1283 851 1494 920 justitia
1526 848 1806 904 distribuit
1831 847 2220 919 aequalitatem)
2246 849 2348 902 hoc

782 944 946 998 etiam
978 943 1261 998 dicendum
1301 952 1407 1007 est,
1440 942 1606 996 Deum
1637 940 1898 1011 aequalem
1946 939 2073 1004 dici,
2111 956 2215 994 non
2254 954 2346 994 so-

786 1037 892 1090 lunt
923 1046 980 1090 ut
1022 1037 1252 1106 partium
1288 1043 1562 1104 expertem
1612 1035 1777 1105 (quod
1822 1034 1964 1088 enim
2009 1033 2210 1102 aliquid
2259 1049 2348 1087 se-

783 1130 1016 1182 cundum
1058 1137 1227 1182 totum
1258 1138 1529 1196 exaequat,
1563 1145 1668 1181 non
1715 1125 1876 1180 habet
1910 1134 2118 1194 partem
2150 1139 2347 1178 secun-

783 1217 907 1270 dum
939 1233 1097 1286 quam
1138 1219 1218 1269 vel
1253 1219 1531 1279 redundet,
1580 1216 1659 1269 vel
1697 1215 1932 1286 deficiat)
1970 1230 2154 1269 verum
2181 1214 2344 1268 etiam

783 1307 935 1375 quasi
970 1323 1034 1360 ex
1066 1323 1221 1374 aequo
1251 1316 1441 1360 cuncta
1477 1307 1740 1374 pervadit,
1766 1316 1820 1359 et
1860 1316 2116 1375 tanquam
2149 1305 2342 1372 ipsius-

781 1410 894 1452 tnet
933 1399 1267 1466 mqttalitatis
1298 1398 1520 1451 effector
1562 1397 1660 1466 (uti
1713 1398 1943 1451 diximus
1986 1397 2134 1466 prius
2180 1395 2346 1464 ipsius

781 1487 1173 1548 similitudinis)
1211 1488 1503 1542 secundum
1533 1503 1692 1557 quam
1737 1498 1976 1542 mutuam
2011 1487 2347 1556 penetralio—

780 1595 903 1634 nem
934 1595 998 1634 ex
1029 1597 1182 1648 aequo
1209 1591 1478 1648 procurat,
1529 1589 1584 1634 ut
1630 1580 1681 1633 in
1727 1579 2034 1645 elementis,
2079 1578 2342 1646 siquidem

783 1674 974 1728 ltorum
1021 1673 1204 1727 mistio
1253 1688 1316 1725 ex
1363 1688 1517 1742 aequo
1561 1673 1639 1736 lit,
1683 1681 1736 1726 et
1777 1673 1898 1725 dum
1946 1672 1997 1726 in
2031 1670 2343 1740 compositis

781 1778 888 1817 non
922 1765 1354 1832 praeponderent,
1405 1764 1586 1816 mundi
1629 1763 1791 1817 eﬂicit
1837 1756 2240 1833 generationes.
2286 1762 2342 1817 Si

782 1854 924 1906 enim
962 1853 1176 1921 aliquod
1223 1854 1544 1907 elementum
1587 1855 1871 1917 redundet,
1917 1855 1966 1907 id
2011 1854 2150 1922 quod
2195 1854 2342 1924 geni-

782 1954 893 1999 tum
946 1959 1029 2000 cSt
1071 1930 1454 2013 cerrumpitur.
1503 1945 1635 1999 Cum
1689 1959 1818 1998 vero
1871 1945 2003 1998 dicit
2047 1946 2340 2014 participa-

783 2036 981 2091 tionem
1014 2035 1295 2104 aequaliter
1338 2035 1803 2105 participantium,
1855 2052 1925 2088 ne
1961 2038 2046 2090 cui
2097 2037 2345 2090 videatur

781 2127 982 2189 dicere,
1034 2127 1175 2194 quod
1232 2126 1410 2180 omnia
1469 2127 1749 2194 aequaliter
1795 2125 2236 2193 sanctiﬁcentur,
2291 2137 2347 2182 et

780 2217 1060 2286 aequaliter
1109 2216 1496 2279 illuminentur,
1552 2216 1898 2285 semetipsum
1942 2215 2221 2284 explicuit,
2260 2216 2340 2270 di-

780 2324 910 2363 cens
952 2326 968 2363 :
1017 2309 1323 2363 Secundum
1366 2308 1627 2377 cujusque
1667 2308 2019 2376 capacitatem
2068 2315 2121 2360 et
2175 2306 2345 2371 digni-

785 2399 910 2462 tatis
938 2396 1321 2466 aequalitatem.
1355 2399 1418 2450 Et
1452 2412 1639 2452 rursus
1664 2397 1956 2453 secundum
1988 2396 2149 2449 alium
2185 2395 2338 2466 501

784 2489 998 2542 modum
1045 2489 1187 2542 Deus
1235 2488 1457 2556 :cqualis
1495 2486 1707 2550 dicitur,
1742 2497 2007 2555 quatenus
2051 2488 2343 2540 secundum

782 2579 1036 2633 virtutem
1077 2578 1404 2647 aqualitatis
1445 2577 1774 2633 eii'ectriccm
1820 2593 2033 2631 omnem
2067 2577 2342 2645 aequalita-

784 2677 891 2722 tem
936 2668 1288 2736 anticipavit,
1331 2667 1487 2735 juxta
1535 2669 2015 2737 prtedelinitionem
2057 2669 2185 2722 alibi
2229 2678 2343 2722 tra—

781 2762 979 2826 ditam;
1015 2762 1406 2828 intellectilem,
1449 2778 1567 2831 qua:
1608 2764 1706 2815 sub
1747 2777 1964 2816 sensum
2017 2777 2121 2816 non
2174 2762 2341 2827 cadit,

781 2854 988 2907 Scilicet
1041 2854 1387 2923 angelorum;
1434 2854 1847 2921 intelligentent,
1903 2869 2020 2922 quae
2066 2854 2344 2923 simplices

779 2958 835 3002 et
860 2948 1056 3025 liberas
1101 2951 1264 3002 habet
1308 2950 1718 3016 intellectiones,
1758 2951 1872 3006 sive
1913 2954 2108 3008 tuentis
2151 2968 2344 3008 secun—

781 3039 906 3092 dum
942 3054 1034 3104 se;
1067 3041 1406 3107 rationalem,
1432 3057 1550 3111 quae
1581 3059 1674 3112 per
1707 3044 1968 3096 rationem
2002 3052 2058 3096 et
2097 3045 2340 3112 specula-

783 3130 981 3184 tionem
1016 3148 1193 3184 rerum
1231 3134 1472 3187 notiones
1503 3135 1746 3201 suscipit,
1793 3135 2092 3188 animarum
2133 3135 2343 3191 scilicet

781 3220 1160 3287 rationaliutu;
1203 3223 1550 3288 sentientem,
1595 3239 1715 3291 qua:
1758 3224 1857 3277 sub
1914 3240 2129 3277 sensum
2173 3225 2334 3289 cadit,

2453 741 2873 821 μεταλαμϐάνει,
2910 751 3258 824 (ταὺτὸνγὰρ
3287 752 3346 805 τὸ
3376 752 3516 806 κατὰ
3572 752 3747 807 πάντα
3782 755 3894 808 ἴσον
3929 758 4019 808 καὶ

2445 830 2650 915 ὅμοιον,
2683 845 2775 902 καὶ
2805 844 3113 915 δικαιοσΰνη
3140 847 3173 915 ὴ
3206 843 3298 897 τοῦ
3324 844 3446 896 ηῐσου
3490 844 3885 917 διανεμητικήτ)
3927 851 4021 918 ρη-

2446 935 2565 988 τέον
2595 935 2688 987 καὶ
2718 935 2894 999 τοῦτο,
2927 936 3007 988 ὅτι
3039 934 3150 997 ἴσος
3178 934 3389 1003 λέγεται
3416 937 3444 988 ό
3477 934 3627 1000 Θεὸς,
3659 938 3717 989 οὑ
3755 937 3918 1007 μόνον
3947 940 4029 1003 ὡς,

2447 1027 2676 1098 ἀμερὴς,
2709 1026 2788 1096 (τὸ
2831 1027 2938 1097 γὰρ
2968 1025 3210 1091 ἐξισόιῷον
3238 1027 3305 1079 δι’
3332 1026 3452 1080 ὅλου
3486 1028 3621 1097 πρός
3657 1045 3732 1092 τι,
3781 1031 3878 1082 οὐκ
3911 1033 4021 1101 ἔχει

2451 1119 2612 1188 μέρος
2667 1118 2801 1174 καθὸ
2838 1119 2871 1189 ἢ
2917 1119 3292 1190 πλεονεκτήσει
3330 1119 3361 1190 ἢ
3413 1121 3841 1191 μειονεκτήσειο)
3887 1121 4020 1174 ἀλλὰ

2447 1209 2539 1261 καὶ
2570 1209 2644 1271 ὡς
2672 1209 2866 1279 ἐπίσης
2896 1210 2987 1262 ἐπὶ
3016 1211 3188 1264 πάντα
3219 1210 3415 1278 φοιτῶν
3439 1251 3452 1274 ,
3484 1211 3578 1264 καὶ
3607 1211 3681 1274 ὡς
3715 1213 4020 1284 ὑποστάτης

2445 1301 2542 1371 τῆς
2583 1301 2976 1370 αὑτοῖσότητος,
3021 1301 3115 1370 (ὡς
3142 1300 3396 1371 ἐλέγομεν
3417 1301 3676 1372 πρότερον
3705 1303 3804 1372 τῆς
3833 1305 4021 1356 αὐτοο-

2450 1393 2775 1463 μοιότητος,)
2818 1393 2936 1446 καθ’
2970 1395 3035 1464 ἣν
3072 1395 3309 1464 ίσουργεῖ
3345 1393 3444 1465 τὴν
3472 1393 3537 1446 δι’
3570 1394 3810 1466 ἀλλήλων
3839 1396 4018 1468 χώρη-

2450 1500 2553 1546 σιν,
2587 1484 2661 1547 ὼς
2693 1484 2787 1536 ἐπὶ
2815 1485 2920 1537 τῶν
2951 1485 3246 1554 στοιχείων·
3269 1484 3430 1555 ἡγὰρ
3458 1486 3653 1555 ἐπίσης
3685 1490 3880 1558 κρᾶσις
3897 1494 4020 1540 τού-

2448 1593 2575 1639 των,
2607 1577 2699 1628 καὶ
2730 1576 2789 1629 τὸ
2825 1577 2896 1648 μὴ
2933 1576 3411 1647 ὑπερτα).αντεύειν
3445 1578 3501 1629 ἐν
3545 1580 3656 1640 τοῖς
3685 1580 4018 1649 συγκρίμασι

2443 1666 2540 1728 τὰς
2559 1667 2792 1734 γενέσεις
2820 1667 2914 1719 τοῦ
2947 1667 3151 1738 κόσμου
3203 1670 3362 1720 ποιεῖ.
3409 1669 3469 1719 Εί
3502 1669 3609 1738 γάρ
3640 1687 3692 1721 τι
3724 1669 3829 1721 τῶν
3879 1687 4018 1722 στοι-

2444 1757 2602 1826 χείων
2633 1757 2962 1821 πλεονάσειε,
3001 1757 3277 1828 φθείρεται
3309 1758 3370 1810 τὸ
3401 1758 3700 1828 γινόμενον.
3747 1759 3932 1812 Εἰπὼν
3965 1760 4020 1812 δὲ

2442 1850 2538 1921 τὴν
2568 1850 2674 1902 τῶν
2722 1850 3236 1920 μεταλαμϐανόντων
3279 1848 3474 1921 ἐπίσης
3519 1850 3783 1922 μετοχὴν,
3825 1851 3911 1904 ἵνα
3945 1852 4020 1922 μή

2443 1959 2548 1994 τινι
2579 1942 2704 2015 δόξῃ
2730 1943 2904 2010 λέγειν
2932 1943 3012 1994 ὅτι
3031 1941 3227 2012 ἐπίσης
3253 1941 3324 1994 τὰ
3353 1943 3527 1996 πάντα
3558 1943 3894 2010 ἁγιάζονται,
3927 1949 4025 1999 καὶ

2378 2014 2418 2067 Β
2446 2034 2642 2104 ἐπίσης
2669 2014 3010 2102 φωτίζονται,
3041 2035 3414 2104 ἐπεξηγήσατο
3447 2034 3660 2098 ἐαυτὸν,
3695 2036 3885 2088 εἰπών·
3905 2039 4022 2091 Κα-

2446 2125 2515 2177 τὰ
2547 2125 2647 2195 τὴν
2681 2126 2906 2178 ἑκάστου
2940 2125 3347 2196 ἐπιτηδειότητα
3367 2123 3459 2178 δᾶιὶ
3477 2126 3536 2179 τὸ
3569 2128 3680 2180 ἴσον
3708 2127 3806 2197 τῆς
3839 2129 4018 2193 ἀξίας.

2446 2218 2555 2269 Καὶ
2585 2219 2702 2270 κατ’
2736 2219 2890 2273 ἄλλον
2925 2218 3082 2271 πάλιν
3114 2218 3313 2289 τρόπον
3361 2219 3470 2272 ἴσον
3502 2217 3561 2271 τὸ
3593 2219 3744 2271 Θεῖον
3776 2219 4020 2288 λέγεται,

2445 2308 2580 2362 διότι
2614 2310 2750 2362 κατὰ
2777 2310 2872 2381 τὴν
2902 2311 3106 2363 ἑαυτῶν
3145 2309 3428 2380 ποιητικὴν
3459 2311 3554 2380 τῆς
3588 2311 3828 2380 ἰσότητος
3859 2312 4022 2365 δύνα-

2450 2418 2538 2469 μιν
2577 2402 2752 2454 πᾶσαν
2784 2402 3002 2472 ἰσότητα
3032 2401 3348 2472 προείληφε,
3380 2402 3622 2454 κατὰτὸν
3641 2404 3732 2455 καὶ
3748 2405 3806 2455 ἐν
3838 2404 4020 2468 ἄλλοις

2448 2491 2677 2562 ρηθέντα
2711 2494 3061 2563 προορισμόν·
3099 2493 3313 2564 νοητὴν,
3350 2493 3445 2564 τὴν
3478 2494 3724 2564 αἰσθήσει
3748 2494 3850 2564 οὐχ
3887 2497 4022 2548 ὑπο-

2447 2585 2763 2647 πίπτουσαν,
2811 2582 2906 2653 τὴ)
2950 2585 3058 2638 τῶν
3100 2585 3344 2652 ἀγγέλων
3397 2584 3612 2655 δηλαδή’
3659 2585 3872 2656 νοεραν,
3922 2587 4022 2656 τὴν

2446 2674 2630 2737 ἁπλῶς
2662 2676 2754 2727 καὶ
2783 2676 3061 2738 ὰπολύτως
3090 2675 3189 2739 τὰς
3222 2678 3433 2747 νοήσεις
3464 2676 3710 2746 ἔχουσαν,
3733 2678 3902 2748 ἤγουν
3917 2678 4020 2748 τὴν

2444 2766 2535 2818 τοῦ
2569 2767 2685 2829 νοὸς
2715 2768 2833 2820 κατ’
2854 2769 3030 2820 αὐτόν’
3052 2768 3308 2838 λογικὴν,
3327 2768 3425 2838 τὴν
3455 2769 3543 2821 διὰ
3569 2769 3726 2838 λόγου
3756 2771 3853 2823 καὶ
3883 2771 4020 2823 θεω-

2447 2857 2565 2928 ρίας
2592 2858 2690 2920 τὰς
2721 2858 2825 2910 τῶν
2843 2860 3007 2912 ὄντων
3028 2860 3255 2928 γνώσεις
3287 2860 3578 2932 δεχομένην
3599 2900 3613 2925 ,
3646 2863 3753 2915 τῶν
3779 2862 4020 2930 λογικῶν

2442 2950 2626 3020 ψυχῶν
2652 2951 2908 3020 δηλονότι·
2941 2952 3221 3022 αἰσθητὴν,
3268 2952 3366 3023 τὴν
3409 2956 3472 3024 τῇ
3520 2954 3767 3025 αισθήσει
3815 2955 4018 3007 ὑποπί-

2444 3058 2698 3103 πτουσαν,
2723 3042 2896 3095 εἵτουν
2919 3041 3015 3113 τὴν
3034 3042 3139 3094 τῶν
3158 3042 3338 3113 μερῶν
3353 3043 3443 3095 τοῦ
3467 3044 3691 3114 κόσμου,
3710 3045 3851 3114 ἅπερ
3875 3045 4018 3098 διαι-

2445 3134 2659 3205 ροῦνται
2687 3136 2763 3196 είς
2793 3134 3019 3203 οὐσιώδη
3050 3136 3147 3187 καὶ
3190 3134 3413 3203 φυσικὰ,
3443 3137 3716 3189 τουτέστιν
3748 3136 3830 3200 είς
3855 3155 3916 3188 τε
3950 3137 4020 3191 τὰ

2443 3227 2778 3295 ἀναισθήτως
2810 3228 2903 3279 καὶ
2935 3226 3107 3296 πάντη
3131 3227 3400 3297 ἀκινήτως
3431 3229 3576 3291 ὄντα,
3601 3230 3692 3280 καὶ
3711 3230 3789 3292 είς
3821 3232 3891 3282 τὰ
3919 3237 4020 3299 την

781 3312 893 3366 sive
923 3313 1157 3380 partium
1194 3315 1405 3378 mundi,
1444 3330 1562 3384 qua:
1605 3316 1914 3367 dividuntur
1942 3317 1993 3368 in
2023 3316 2340 3370 essentiales

2442 3316 2722 3370 ὁποιανοῦν
2757 3317 2946 3387 έχοντα
2979 3318 3210 3387 κίνησιν⁶
3257 3317 3355 3388 τὴν
3399 3317 3506 3387 γὰρ
3536 3317 3695 3386 φύσιν
3724 3319 3902 3389 ἀρχὴν
3933 3336 4018 3371 κιο

783 3416 844 3456 ac
879 3403 1175 3466 naturales,
1212 3404 1261 3456 id
1299 3413 1380 3456 est
1421 3404 1475 3456 in
1523 3420 1607 3456 res
1646 3404 1988 3459 insensibiles
2019 3419 2079 3459 ac
2122 3421 2341 3474 prorsus

781 3491 1107 3556 immobiles,
1141 3501 1194 3544 et
1232 3507 1324 3546 eas
1364 3507 1482 3560 qua:
1523 3493 1806 3562 aliqnalent
1854 3507 2054 3547 motum
2101 3495 2334 3560 habent;

780 3591 1029 3637 naturam
1058 3587 1200 3638 enim
1235 3585 1499 3639 deﬁniunt
1527 3586 1845 3654 principium
1888 3598 2064 3642 motus
2099 3598 2152 3641 et
2186 3590 2337 3657 quie-

2447 3409 2649 3478 νήσεως
2692 3411 2783 3459 καὶ
2818 3407 3051 3476 ἠρεμίας
3095 3406 3382 3477 ὁρίζονται·
3432 3406 3656 3477 θελητὴν
3697 3408 3752 3459 δὲ
3792 3409 4018 3476 ἰσότητα

2441 3501 2539 3571 τὴν
2574 3501 2960 3571 προαιρετικὴν
2991 3515 3173 3569 φησιν,
3213 3498 3280 3566 ἥν
3324 3497 3562 3562 θέλοντες
3603 3500 3695 3550 καὶ
3728 3502 3792 3551 ἐκ
3821 3517 4018 3570 προαι-

2444 3593 2644 3662 ρὲσεως
2675 3591 3111 3663 κατορθούμενοι,
3131 3590 3200 3640 τὰ
3230 3588 3407 3641 δίκαια
3437 3588 3797 3660 ἐργαζόμεθα.

781 3673 881 3736 tis;
917 3675 1272 3729 voluntariam
1314 3693 1441 3731 vero
1476 3678 1834 3747 aequalitatem
1865 3689 2197 3734 vocanteam
2228 3697 2347 3750 qua:
2377 3694 2551 3750 potest
2588 3684 2806 3753 eligere,
2848 3697 3011 3750 quam
3077 3681 3299 3750 quando
3338 3681 3605 3748 volumus,
3647 3694 3701 3735 et
3752 3697 3822 3736 ex
3861 3684 4016 3738 arbi-

779 3765 870 3818 trii
900 3764 1150 3821 libertate
1197 3778 1340 3823 recte
1373 3771 1711 3836 ordinamus,
1756 3787 1817 3826 ea
1863 3788 1979 3842 qua:
2021 3773 2165 3841 justa
2225 3783 2353 3827 suttt
2406 3775 2633 3844 agimus.

1287 4073 1666 4163 CAPUT
1733 4077 1859 4162 Χ.

781 4205 857 4262 Dc
889 4209 1236 4263 omnitenente
1261 4249 1274 4273 ,
1316 4210 1801 4290 «ntiqnaqdierum;
1838 4212 1900 4263 in
1937 4228 2037 4280 quo
2078 4213 2237 4267 etiam
2269 4212 2332 4265 de

1093 4296 1200 4334 (2ῑό
1248 4296 1340 4332 seu
1374 4291 1662 4335 a'temttate
1689 4292 1734 4334 ει
1763 4292 2012 4349 tempore.

2843 4065 3483 4153 ΚΕΦΑΛΛΙΟΝ
3520 4061 3612 4150 Ι’.

2439 4211 2574 4278 Περὶ
2601 4207 3088 4278 παντοκράτορος,
3133 4204 3390 4278 παλαιοῦ
3431 4205 3692 4278 ἡμερῶν·
3726 4204 3796 4256 ἐν
3823 4201 3872 4266 ᾦ
3911 4204 4010 4258 καὶ

2823 4275 2950 4345 περὶ
2983 4275 3195 4340 αἰῶνος
3235 4275 3331 4327 καὶ
3376 4277 3615 4345 χρόνου.

2062 4434 2392 4492 SYNOPSIS
2434 4435 2724 4491 CAI’ITIS.

783 4577 825 4636 I.
855 4577 1016 4638 Dicit,
1045 4577 1182 4629 unde
1217 4575 1357 4629 Deus
1390 4577 1598 4628 dicatur
1627 4575 2019 4645 παντοκράτωρ
2041 4591 2130 4627 seu
2167 4576 2508 4627 onmitenens.
2543 4573 2602 4626 ll.
2639 4571 2788 4645 Unde
2811 4571 2981 4623 dictus
3020 4569 3085 4622 sit
3111 4569 3356 4638 antiquus
3383 4567 3607 4620 dierum.
3639 4564 3726 4620 ΙΙΙ.
3763 4565 3913 4631 Quid
3944 4567 4006 4619 sit

1624 4642 1862 4713 tempus,
1899 4656 1944 4698 et
1977 4642 2240 4697 aeternitas
2269 4661 2359 4698 seu
2387 4661 2574 4699 azvum.
2605 4654 2652 4695 et
2675 4642 2864 4710 quibus
2895 4651 3167 4706 competat.

2315 4759 2434 4833 §L

854 4904 959 4958 Sed
1026 4913 1237 4970 tempus
1283 4912 1368 4956 est
1414 4904 1662 4958 oratione
1707 4917 1889 4960 nostra
1940 4907 2104 4975 Deum
2150 4907 2333 4962 mnlti-
2365 4911 2409 4965 D

779 4995 1047 5058 nomium,
1077 5005 1134 5048 ut
1160 4993 1608 5056 omnitenentem,
1636 5005 1690 5048 et
1716 5006 1771 5049 ut
1799 4997 2076 5066 antiquum
2099 4998 2325 5065 dierum,

779 5083 1127 5156 praedicandi.
1162 5086 1237 5139 Ac
1266 5085 1612 5139 omnitenens
1657 5086 1870 5150 quidem
1917 5089 2136 5154 dicitur,
2188 5093 2330 5159 quod

781 5181 893 5246 ipse
925 5176 996 5229 sit
1017 5176 1254 5229 omnium
1280 5176 1457 5238 sedes,
1486 5175 1663 5228 omnia
1689 5177 1967 5233 continens
2000 5190 2161 5248 atque
2189 5197 2331 5234 com-

779 5269 1035 5338 plectens,
1079 5277 1134 5321 et
1177 5280 1366 5320 cuncta
1407 5266 1724 5330 stabiliens,
1760 5266 1988 5323 fundans
2013 5281 2172 5340 atque
2202 5287 2329 5327 con-

775 5361 1065 5429 stringens,
1103 5369 1159 5414 et
1193 5360 1500 5412 universum
1545 5359 1828 5414 insolubile
1879 5363 1932 5416 in
1976 5366 2152 5433 seipso
2191 5383 2328 5434 pran-

776 5461 944 5516 stans,
974 5463 1027 5504 et
1056 5467 1122 5504 ex
1141 5465 1219 5514 se,
1243 5449 1404 5503 veluti
1429 5463 1494 5502 ex
1521 5450 1884 5506 ontnitenente
1909 5457 2105 5519 radice,
2135 5473 2325 5512 cuncta

778 5545 1118 5611 prnducens,
1183 5552 1343 5610 atque
1387 5541 1450 5594 ad
1481 5555 1578 5605 se,
1640 5553 1891 5610 tanquam
1942 5549 2005 5601 ad
2057 5548 2276 5603 fundunt
2307 5593 2321 5614 ,

2509 4908 2644 4977 Ὦρα
2676 4906 2737 4977 δὴ
2769 4905 2845 4975 τῷ
2876 4905 3016 4975 λόγῳ
3047 4905 3138 4957 τὸν
3171 4901 3516 4971 πολυώνυμον
3546 4901 3708 4963 Θεὸν,
3755 4901 3836 4965 ὡς
3871 4920 4006 4956 παν-

2435 4999 2766 5069 τοκράτορα,
2815 4998 2906 5050 καὶ
2950 4998 3023 5060 ὡς
3070 4995 3292 5048 παλαιὸν
3350 4993 3569 5066 ἡμερῶν
3625 4993 3887 5063 ὑμνῆσαι.
3938 4995 4010 5048 Τὸ

2439 5088 2536 5158 μὲν
2568 5088 2674 5159 γὰρ
2705 5087 2918 5156 λέγεται
2950 5085 3036 5139 διὰ
3065 5085 3124 5137 τὸ
3165 5085 3380 5138 πάντων
3422 5081 3580 5134 αὑτὸν
3623 5077 3758 5134 εἶναι
3807 5101 4012 5136 παντο-

2436 5180 2759 5251 κρατορικὴν
2804 5179 2994 5249 ἕδραν,
3046 5177 3366 5246 συνέχουσαν
3409 5175 3503 5226 καὶ
3543 5173 3910 5244 περιέχουσαν
3941 5179 4010 5232 τὰ

2434 5273 2560 5335 ὅλα,
2598 5273 2687 5323 καὶ
2733 5269 3110 5339 ἐνιδρύουσαν,
3159 5267 3252 5319 καὶ
3296 5263 3674 5335 θεμελιοῦσαν,
3715 5266 3812 5318 καὶ
3847 5284 4008 5338 περι-

2435 5367 2794 5436 σφίγγουσαν,
2843 5364 2934 5416 καὶ
2980 5362 3215 5433 ἀρῤαγὲς
3261 5361 3318 5412 ἐν
3366 5360 3528 5428 ἐαυτῇ
3556 5358 3600 5389 ⁸θ
3634 5357 3693 5409 τὸ
3725 5359 3839 5411 πᾶν
3874 5359 4010 5412 ἀπο-

2431 5457 2703 5519 τελοῦσαν,
2741 5457 2830 5508 καὶ
2863 5454 3116 5524 ἐξαυτῆς
3150 5451 3220 5503 τὰ
3262 5450 3388 5512 ὅλα,
3437 5449 3686 5518 καθάπερ
3728 5451 3796 5501 ἐκ
3849 5451 4008 5520 ῥίζης

2431 5549 2946 5620 παντοκρατορικῆς,
2983 5545 3343 5617 προάγουσαν,
3391 5544 3481 5594 καὶ
3513 5543 3590 5602 εἰς
3624 5541 3826 5612 ἑαυτὴν
3857 5543 3903 5572 ⁹⁰
3939 5539 4008 5594 τὰ

2065 5664 2291 5718 ΥΑΙὶΙίΕ
2334 5664 2728 5718 LECTIONES.

854 5771 898 5801 δν
930 5775 985 5823 ὲν
1015 5770 1174 5843 αὐτῇ,
1204 5778 1258 5830 D.
1348 5782 1392 5810 9°
1427 5782 1503 5843 εἰς
1537 5783 1720 5849 αὐτὴν,
1760 5783 1812 5833 S.
1844 5780 1900 5831 Ι).
