4176 6314
175 412 287 469 937

1257 420 1344 476 DE
1378 419 1628 477 DlVlNlS
1656 419 2055 489 .NOMlNlBUS,
2094 422 2248 482 CAP.
2304 425 2367 483 Χ.

3316 435 3422 494 938

171 530 360 584 πάντα
386 569 402 595 ,
459 531 712 606 καθάπερ
760 535 842 600 είς
912 535 1160 610 πυθμένα
1218 537 1714 610 παντοκρατορικὺν

1859 541 2242 608 on'miteuens,
2256 544 2523 602 universa.
2543 553 2902 613 convertens,
2931 554 2989 606 et
3013 551 3299 607 continens
3317 592 3334 618 ,
3365 561 3424 608 ut

169 622 628 696 ἐπιστρέφουσαν
667 627 761 683 καὶ
813 629 1139 700 συνέχουσαν
1187 630 1324 686 αὑτά
1350 670 1366 696 ,
1413 631 1489 694 ὼς
1540 630 1736 684 πάντωι

1851 631 2101 690 omnium
2149 634 2309 690 sedes
2347 636 2708 708 omnicapsx,
2758 638 2944 695 omnia
2994 651 3254 701 contenta
3315 659 3421 699 una

168 713 342 785 ξδραν
387 720 710 791 παγκρατῆ,
755 720 825 774 τά
870 722 1199 793 συνεχόμενα
1234 722 1412 776 πάντα
1441 721 1583 776 κατὰ
1627 723 1755 794 μίαν

168 805 553 880 ὑπερέχουσαν
584 813 763 868 πάντα
795 814 1022 886 συνοχὴν
1044 812 1502 888 ἀσφαλιζομένην,
1533 816 1626 869 καὶ
1652 817 1754 870 οὐκ

167 896 357 952 ἐῶσαν
390 900 528 954 αὐτὰ
558 902 908 958 διεκπεσόντα
951 906 1182 976 ἑαυτῆς,
1227 904 1305 969 ὡς
1347 906 1414 959 ὲκ
1459 904 1755 970 παντελοῦς

167 988 367 1053 ἑστίας
398 991 710 1065 κινούμενα,
746 995 1177 1067 παραπολέσθαι.
1216 995 1445 1065 Λέγεται
1475 995 1751 1051 damm-

166 1081 406 1152 κράτωρ
434 1085 468 1154 ὴ
502 1083 730 1156 θεαρχία
782 1085 877 1139 καὶ
919 1086 997 1152 ὡς
1036 1086 1254 1144 πάντων
1293 1085 1605 1158 κρατοῦσα,
1656 1087 1752 1140 καὶ

163 1172 393 1243 ἀμιγῶς
423 1179 536 1240 τοῖς
561 1177 950 1250 διοικουμένοις
990 1179 1305 1249 ἑπάρχσυσα
1320 1180 1387 1244 ⁹¹,
1420 1179 1516 1233 καὶ
1539 1179 1614 1242 ὡς
1643 1180 1750 1233 πᾶ-

167 1279 262 1317 σιν
306 1265 474 1338 ἑφετὴ
506 1268 600 1320 καὶ
643 1269 944 1339 ἐπέραστος
981 1265 1116 1324 οὖσα
1139 1310 1155 1335 ,
1199 1271 1293 1324 καὶ
1333 1270 1691 1324 ὲπιδάλλουσα
1705 1272 1752 1304 θ’

167 1356 310 1410 πᾶσι
342 1357 471 1421 τοὺς
494 1358 830 1425 ἐθελουσίους
862 1360 1080 1430 ζυγοὺς,
1110 1361 1205 1415 καὶ
1234 1361 1603 1432 τὰςγλυκείας
1625 1363 1751 1416 ὠδῖ-

163 1466 272 1512 νας
302 1449 408 1504 τοῦ
423 1450 569 1504 θείου
599 1455 694 1508 καὶ
719 1454 1221 1528 παντοκρατορικοῦ
1247 1456 1342 1510 καὶ
1366 1455 1564 1510 άλύτου
1578 1457 1625 1489 ’³
1649 1456 1750 1528 τῆς

163 1541 510 1614 άγαθότητος
535 1544 718 1617 αὐτῆς,
737 1546 958 1617 ἔρωτος.

1858 724 2188 795 praecellenti
2225 723 2566 786 connexione
2605 732 3003 799 communiens,
3029 749 3204 806 neque
3233 734 3423 793 sinens

1857 823 1922 870 ea
1946 814 2050 871 sibi
2077 816 2347 883 excidere,
2380 833 2471 884 ne,
2502 827 2760 890 tanquam
2791 820 3030 890 perfecta
3059 825 3223 880 domo
3249 821 3425 886 mo'ta'.

1858 906 2190 975 dispeream.
2254 908 2464 966 Dicitur
2507 920 2688 967 autem
2738 913 3085 970 omnitenens
3127 912 3310 981 Deus,
3360 924 3420 969 ut

1855 1000 2038 1056 omnia
2065 1000 2357 1056 dominatu
2390 1017 2491 1063 suo
2526 1014 2750 1071 tenens,
2776 1015 2832 1062 et
2851 1007 2946 1077 qui
2980 1007 3048 1063 iis
3077 1022 3198 1078 qua:
3222 1009 3419 1080 guber-

1857 1101 1954 1146 nat
1978 1101 2174 1162 praeest
2200 1092 2456 1159 immiste,
2483 1103 2539 1149 et
2562 1102 2622 1150 ut
2645 1096 2897 1153 omnibus
2934 1098 3314 1155 desiderabilis
3358 1111 3420 1156 et

1854 1182 2124 1250 amabilis,
2154 1184 2444 1247 eucunctis
2483 1185 2614 1258 juga
2663 1187 2969 1244 voluntaria
3016 1189 3332 1262 imponens,
3361 1203 3420 1248 et

1855 1275 2041 1330 dulces
2066 1277 2458 1346 parturitiones
2479 1278 2685 1334 amoris
2706 1280 2877 1337 divini
2908 1291 2966 1338 et
2995 1284 3414 1352 omnitenentis,

1854 1374 1913 1423 et
1935 1365 2235 1429 insolubilis
2259 1367 2431 1438 ipsius
2464 1369 2745 1427 bonitatis.

1724 1669 1752 1744 §
1787 1664 1868 1730 ιι.

251 1805 509 1878 Ἡμερῶν
540 1807 597 1862 δὲ
631 1808 860 1874 παλαιὸς
889 1811 918 1863 ὁ
939 1809 1074 1874 Θεὸς
1106 1810 1354 1882 ὑμνεῖται
1384 1810 1474 1865 διὰ
1510 1809 1572 1864 τὸ
1609 1811 1736 1866 πάν-

1909 1805 2074 1876 502
2110 1804 2387 1862 Laudatur
2420 1815 2599 1863 autem
2641 1807 2785 1865 Deus
2829 1809 2896 1864 ab
2945 1809 3266 1882 antiquitate
3299 1812 3413 1869 die-

158 1914 276 1951 των
308 1897 490 1952 αὐτὸν·
515 1895 652 1955 εἶναι
696 1902 792 1956 καὶ
837 1902 1009 1956 αίῶνα
1028 1943 1044 1969 ,
1092 1904 1186 1956 καὶ
1230 1903 1419 1974 χρόνον
1439 1943 1455 1968 ,
1502 1903 1596 1957 καὶ
1639 1902 1747 1973 πρὸ

157 1987 430 2060 ἡμερῶν,
466 1992 560 2044 καὶ
592 1991 700 2064 πρὸ
743 1991 970 2058 αἰῶνος,
1012 1996 1105 2048 καὶ
1155 1995 1364 2068 χρόνου.
1413 1993 1606 2047 Καίτοι
1651 1994 1746 2050 καὶ

162 2080 381 2152 χρόνον,
416 2084 510 2136 καὶ
541 2085 783 2156 ἡμέραν,
817 2087 911 2140 καὶ
938 2088 1164 2159 καιρὸν,
1199 2089 1292 2141 καὶ
1322 2087 1490 2142 αίῶνα
1523 2087 1746 2159 θεοπρε-

159 2169 286 2234 πῶς
315 2173 484 2226 αὑτὸν
514 2176 867 2247 προσρητέον,
904 2178 980 2242 ὡς
1011 2179 1140 2233 ὄντα
1165 2180 1304 2233 κατὰ
1330 2182 1508 2234 πᾶσαν
1533 2180 1743 2251 κίνησιν

153 2262 544 2335 ἀμετάϐλητον
576 2268 668 2321 καὶ
700 2268 955 2340 ἀκίνητον
974 2309 989 2334 ,
1038 2273 1131 2325 καὶ
1161 2274 1220 2326 ὲν
1251 2271 1328 2343 τῷ
1359 2273 1447 2327 ἀεὶ
1479 2272 1742 2326 κινεῖσθαι

161 2355 400 2425 μένοντα
428 2359 514 2426 ἐφ’
548 2360 761 2424 ἑαυτοῦ,
797 2363 890 2416 καὶ
921 2364 997 2428 ὡς
1029 2366 1244 2432 αἰῶνος,
1277 2367 1370 2421 καὶ
1405 2367 1616 2439 χρόνου,
1649 2370 1743 2422 καὶ

153 2446 392 2518 ἡμερῶν
422 2449 613 2502 αίτιον.
649 2450 740 2504 Διὸ
773 2452 865 2505 καὶ
898 2456 956 2508 έν
988 2456 1107 2519 ταῖς
1134 2457 1309 2527 ίεραῖς
1329 2456 1439 2510 τῶν
1466 2459 1742 2528 μυστικῶν

155 2539 406 2610 ὁράσεων
437 2542 778 2613 θεοφανείαις
810 2547 904 2600 καὶ
937 2547 1118 2613 πολιὸς
1132 2549 1179 2582 ⁸⁵
1212 2555 1305 2604 καὶ
1350 2551 1468 2615 νέος
1511 2551 1742 2605 πλάττεε

152 2647 284 2685 ται-
321 2632 414 2686 τοῦ
451 2634 549 2704 μὲν
582 2636 844 2708 προτέρου
863 2639 907 2671 ⁸³
941 2638 1032 2692 τὸν
1070 2641 1293 2712 ἀρχαῖον
1337 2643 1430 2695 καὶ
1473 2642 1601 2696 ὄντα
1645 2645 1739 2698 ἀπ’

153 2724 368 2796 ἀρχῆς,
405 2725 499 2779 τοῦ
541 2729 808 2800 νεωτέρου
839 2731 896 2783 δὲ
928 2731 1018 2784 τὸν
1050 2733 1242 2803 ἀγήρω
1289 2735 1668 2806 σημαίνοντος·
1704 2735 1738 2807 ἢ

153 2813 366 2884 ἀμφοῖν
398 2815 459 2868 τὸ
490 2816 549 2883 ἐξ
579 2819 756 2889 ἀρχῆς
787 2819 874 2874 διὰ
921 2821 1137 2876 πάντων
1179 2823 1305 2893 ἄχρι
1349 2824 1536 2888 τέλους
1580 2824 1739 2880 αὐτὸν

153 2907 404 2977 προϊέναι
437 2908 828 2965 διδασκόντων·
863 2912 920 2984 ἢ,
955 2913 1030 2977 ὠς
1061 2915 1089 2966 ό
1122 2915 1263 2978 θεῖος
1296 2915 1452 2986 ἡμῶν
1484 2917 1740 2988 ἱεροτελε-

153 3000 294 3071 στής
328 3018 494 3072 φησι,
528 3003 621 3056 τοῦ
655 3005 914 3077 ἑκατέρου
952 3006 1066 3078 τὴνΔ
1095 3008 1430 3077 ἀρχαιότητα
1461 3009 1558 3080 τὴν
1591 3009 1738 3069 θείαν

151 3091 584 3164 ὑποδηλοῦντος,
630 3095 724 3148 τοῦ
760 3097 858 3166 μὲν
906 3098 1270 3170 πρεσϐυτέρου
1313 3100 1374 3153 τὸ
1420 3101 1634 3172 πρῶτον
1679 3103 1736 3155 ὲν

149 3181 366 3252 χρόνῳ,
401 3183 497 3234 τοῦ
531 3185 791 3255 νεωτέρου
825 3186 880 3238 δὲ
912 3188 972 3240 τὸ
1004 3186 1144 3242 κατὰ
1175 3169 1403 3260 ἀριθμὸν
1447 3169 1732 3261 άρχαιότε-
1761 3169 1804 3229 C

151 3276 524 3348 ρον-ἔχοντοςο
560 3281 790 3353 ἐπείπερ
823 3282 855 3352 η
888 3283 1055 3352 μονὰς
1107 3285 1201 3337 καὶ
1248 3284 1315 3337 τὰ
1347 3285 1476 3355 περὶ⁵
1529 3284 1729 3355 μονάδα

146 3366 263 3422 τῶν
309 3370 402 3423 ἐπὶ
453 3370 586 3426 πολὺ
633 3373 1072 3444 προεληλυθότων
1119 3373 1368 3449 ἀριθμῶν
1419 3377 1731 3449 ἁρχηγικώ-

144 3475 308 3532 τερα.

1848 1896 2129 1966 rum,quia
2148 1897 2262 1967 ipse
2277 1907 2360 1953 est
2373 1899 2612 1953 omnium
2630 1914 2802 1954 aevum
2819 1911 2873 1956 et
2891 1911 3120 1970 tempus,
3136 1913 3260 1958 ante
3273 1905 3411 1970 dies,

1844 2001 1969 2046 ante
2009 2005 2223 2056 aevum,
2272 1999 2401 2047 ante
2437 1999 2681 2060 tempus;
2735 2001 2790 2046 et
2831 1992 3051 2062 quidem
3095 2005 3310 2065 tempus
3353 2006 3410 2052 et

1844 2084 1959 2138 dies
1987 2093 2040 2138 et
2066 2083 2469 2152 tempestivitas
2491 2083 2843 2153 appellandus
2877 2096 2961 2140 est
2990 2085 3125 2154 ipse,
3154 2097 3212 2142 ut
3239 2087 3408 2142 Deum

1844 2177 2018 2251 decet,
2053 2186 2309 2246 tanquam
2331 2178 2422 2246 qui
2448 2177 2594 2232 omni
2640 2186 2785 2231 motu
2829 2185 2914 2233 est
2958 2179 3310 2234 immutabilis
3355 2189 3411 2235 et

1846 2266 2167 2332 immobilis,
2190 2276 2245 2323 et
2273 2282 2486 2338 semper
2537 2280 2786 2323 movetur
2806 2309 2820 2334 ,
2857 2285 3080 2325 manens
3108 2271 3162 2325 in
3183 2272 3363 2338 seipso
3387 2312 3405 2336 ,

1841 2367 1898 2414 et
1946 2367 2202 2428 tanquam
2249 2371 2440 2415 auctor
2483 2361 2584 2427 aevi
2638 2371 2693 2415 et
2747 2363 3008 2431 temporis
3056 2373 3114 2418 et
3171 2364 3403 2420 dierum.

1843 2449 2208 2519 Quamobrem
2253 2453 2417 2506 etiam
2462 2453 2514 2506 in
2558 2453 2733 2508 sacris
2758 2454 3108 2524 mysticarum
3135 2455 3404 2510 visionum

1841 2541 2276 2612 apparitionibus
2340 2552 2396 2596 et
2461 2544 2720 2610 antiquus
2785 2553 2840 2596 et
2908 2559 3080 2599 novus
3148 2544 3402 2615 ﬁngitur;

1839 2648 2072 2704 quorum
2120 2633 2272 2704 prior
2313 2634 2527 2703 quidem
2567 2643 2806 2689 veterem
2853 2645 2906 2689 et
2935 2621 3060 2690 eu'm
3093 2637 3301 2704 quiest
3336 2638 3406 2691 ab

1842 2727 2014 2793 initio,
2037 2727 2223 2796 junior
2251 2735 2429 2781 autem
2472 2727 2913 2785 insenescibilem
2960 2728 3268 2799 significat;
3313 2741 3405 2784 aut

1838 2831 2131 2889 utr-nmque
2158 2836 2282 2874 eum
2330 2820 2401 2874 ab
2431 2819 2586 2875 initio
2615 2822 2681 2875 ad
2713 2823 2875 2882 liuent
2921 2835 3017 2890 per
3056 2821 3236 2876 omnia
3281 2839 3406 2891 pro-

1839 2911 1990 2980 gredi
2033 2912 2315 2968 declarat:
2360 2911 2465 2977 vel,
2514 2922 2574 2966 ut
2618 2912 2836 2966 divinus
2871 2922 3056 2967 noster
3100 2924 3406 2983 praceptor

1838 3004 1933 3067 ait,
1987 3017 2281 3074 utrumque
2320 3003 2563 3070 divinam
2607 3005 2985 3075 antiquitatem
3031 3004 3271 3072 iudicat,
3327 3007 3403 3061 ita

1841 3107 2022 3153 tamen
2049 3141 2062 3165 ,
2104 3107 2162 3151 ut
2191 3112 2358 3152 senex
2389 3097 2442 3151 id
2479 3097 2623 3167 quod
2671 3096 2904 3167 primum
2933 3108 3026 3154 est,
3043 3098 3234 3153 ordine
3263 3106 3401 3165 ιοιιις

1837 3193 2009 3265 poris,
2049 3191 2267 3261 juvenis
2316 3201 2495 3246 autem
2519 3231 2535 3254 ,
2586 3189 2701 3244 sive
2733 3204 2926 3257 novus,
2959 3189 3011 3246 id
3043 3191 3181 3259 quod
3211 3190 3263 3246 in
3298 3208 3403 3244 nn-

1838 3299 1987 3340 mero
2038 3293 2121 3339 est
2166 3283 2512 3353 praestantius
2572 3283 2892 3348 contineat;
2959 3282 3402 3354 quandoquidem

1837 3375 2037 3442 unitas,
2095 3387 2322 3444 quaeque
2366 3372 2414 3426 ei
2464 3371 2644 3426 vicina
2689 3380 2843 3437 sunt,
2893 3368 3138 3428 numeris
3189 3371 3402 3444 longius

1839 3466 2144 3538 progressis
2171 3475 2448 3535 praestent.

1669 3612 1698 3686 ς
1741 3605 1854 3674 lli.

218 3745 343 3818 Χρὴ
375 3747 466 3811 δὲ,
501 3748 577 3813 ὡς
608 3745 791 3821 οἶμαι,
826 3753 921 3805 καὶ
954 3753 1142 3824 χρόνου
1189 3753 1286 3807 mi.
1321 3754 1512 3816 αἰῶνος
1563 3747 1721 3817 φύσιν

144 3841 216 3892 ὲκ
244 3838 357 3892 τῶν
390 3840 586 3908 λογίων
618 3843 846 3897 εἰδέναι·
882 3845 977 3898 καὶ
1022 3847 1130 3917 γὰρ
1174 3847 1234 3898 οὐ
1274 3847 1346 3900 τὰ
1392 3847 1569 3901 πάντα
1627 3847 1724 3900 καὶ

144 3930 434 3995 ἁπολύτως
481 3934 720 4005 ἀγένητα
765 3937 858 3988 καὶ
899 3937 1069 4001 ὅντως
1112 3939 1256 3992 ἀΐδια
1299 3938 1572 4010 πανταχοῦ
1620 3957 1726 4010 φη-

146 4039 236 4076 σιν
281 4022 504 4088 αἰώνια,
554 4030 649 4078 καὶ
677 4027 747 4079 τὰ
778 4027 1029 4097 ἄφθαρτα
1059 4030 1115 4083 δὲ
1135 4071 1149 4095 ,
1195 4031 1289 4084 καὶ
1321 4031 1593 4094 ἀθάνατα,
1629 4032 1722 4084 καὶ

143 4113 511 4180 ἀναλλοίωτα,
555 4118 648 4170 καὶ
688 4116 817 4170 ὄντα
860 4117 1150 4182 ὡσαύτως·
1192 4120 1265 4182 ὡς
1305 4121 1431 4172 ὅταν
1464 4118 1594 4192 λέγῃ
1626 4119 1716 4171 τό-

161 4203 507 4273 Ἐπάρθητε,
543 4209 728 4261 πύλαι
758 4207 998 4274 αἰώνιοι,
1035 4209 1221 4264 καὶτὰ
1246 4212 1423 4282 ὃμοια.
1458 4211 1722 4274 Πολλάκις

141 4296 203 4351 δὲ
230 4299 325 4352 καὶ
356 4299 426 4352 τὰ
454 4300 782 4371 ἀρχαιότατα
797 4302 843 4333 ⁸⁸
873 4304 939 4372 τῇ
972 4301 1065 4354 τοῦ
1099 4302 1291 4365 αἰῶνος
1323 4302 1605 4373 ἐπωνυμίᾳ
1627 4319 1724 4372 χα-

145 4389 487 4461 ρακτηρίζει,
522 4393 616 4444 καὶ
646 4391 744 4463 τὴν
774 4391 902 4465 ὃλην
931 4393 988 4446 δὲ
1021 4389 1176 4457 αὖθις
1210 4392 1318 4445 ἐσθ’
1351 4394 1438 4446 ὅτε
1469 4393 1562 4447 τοῦ
1599 4392 1721 4447 καθ’

143 4482 294 4552 ἡμᾶς
332 4483 524 4552 χρόνου
567 4485 872 4555 παράτασιν
915 4485 1085 4539 αἰῶνα
1125 4487 1550 4558 προσαγορεύει,
1583 4487 1720 4541 καθ’

140 4572 268 4626 ὅσον
308 4574 403 4627 καὶ
449 4575 645 4646 ίδιότης
688 4575 885 4641 ἀἰῶνός
919 4580 1032 4630 ἐστι
1064 4578 1124 4631 τδ
1156 4579 1377 4651 ἀρχαῖον
1421 4582 1511 4633 καὶ
1559 4581 1720 4634 ἀναλ-

1898 3748 2089 3818 Operae
2110 3747 2344 3818 pretium
2373 3755 2553 3802 antem
2582 3748 2740 3813 duco,
2791 3754 2851 3801 ut
2894 3743 3155 3817 temporis
3196 3756 3254 3802 et
3296 3752 3396 3808 uti

1828 3855 1924 3895 seu
1951 3840 2272 3894 aeternitatis
2308 3849 2557 3894 naturam
2586 3853 2653 3892 ex
2681 3837 2982 3907 Scripturis
3007 3839 3184 3893 sacris
3210 3841 3394 3896 addis-

1829 3945 2050 3993 camus;
2097 3945 2272 3999 neque
2313 3931 2458 3985 enim
2486 3928 2709 3983 omnino
2732 3938 2790 3984 et
2819 3927 3065 3983 absolute
3089 3938 3215 3984 sunt
3245 3930 3397 4002 inge-

1830 4025 1940 4079 nita
1964 4037 2198 4093 vereque
2222 4025 2574 4093 sempiterna,
2607 4038 2739 4094 quze-
2751 4023 2951 4092 passim
2966 4030 3176 4076 mterna
3200 4035 3398 4082 vocant

1827 4114 2234 4185 etincorru’pta,
2265 4113 2705 4184 immortaliaque
2734 4123 2788 4168 et
2819 4113 3199 4180 immutabilia,
3233 4123 3395 4184 atque

1825 4209 2014 4262 eodem
2058 4209 2215 4262 modo
2242 4221 2300 4262 se
2329 4207 2615 4273 habentia;
2648 4205 2790 4263 sicut
2827 4220 2951 4259 cum
2973 4205 3133 4260 aiunt
3155 4247 3171 4272 ,
3205 4205 3392 4261 Eleva-

1827 4301 1980 4365 mini,
2007 4297 2170 4368 porta:
2217 4296 2529 4354 wternales‘
2561 4340 2576 4363 ,
2625 4307 2681 4352 et
2731 4297 2951 4352 similia.
3005 4295 3393 4367 Saepenumero

1825 4394 1989 4449 etiam
2010 4393 2391 4462 antiquissima
2421 4403 2652 4462 qumque
2683 4391 3006 4445 aeternitatis
3028 4389 3392 4461 appellatione

1824 4486 2152 4557 signiﬁcant,
2180 4494 2241 4540 ut
2269 4500 2393 4540 cum
2429 4485 2740 4539 universam
2789 4483 3050 4552 temporis
3085 4482 3255 4537 nostri
3289 4482 3390 4537 dn-

1825 4581 2090 4634 rationem
2135 4578 2496 4633 aeternitatem
2543 4584 2779 4640 vocant,
2817 4587 3090 4647 quatenus
3139 4575 3392 4631 videlicet

143 4664 385 4729 λοίωτον,
420 4668 514 4719 καὶ
544 4669 605 4720 τὸ
630 4668 857 4722 καθόλου
887 4670 948 4722 τὸ
981 4665 1117 4722 εἶναι
1153 4674 1390 4741 μετρεῖν.
1426 4672 1628 4742 Χρόνον
1661 4673 1717 4725 δὲ

1832 4672 2100 4741 antiquum
2155 4684 2275 4725 esse
2323 4678 2378 4722 et
2428 4667 2764 4722 immutabile
2795 4706 2810 4731 ,
2865 4675 3144 4735 totumque
3203 4679 3387 4720 rerum

144 4758 302 4811 καλεῖ
329 4759 421 4811 τὸν
453 4761 511 4813 ἐν
541 4761 750 4829 γενέσει
783 4761 876 4815 καὶ
901 4763 1074 4833 φθορᾷ
1096 4803 1111 4827 ,
1147 4764 1240 4816 καὶ
1271 4763 1551 4818 ἀλλοιώσει
1571 4805 1585 4830 ,
1622 4768 1716 4819 καὶ

143 4847 331 4901 ἄλλοτε
383 4847 555 4912 άλλως
609 4850 830 4920 ἔχοντα·
885 4853 964 4905 διὸ
1018 4855 1110 4905 καὶ
1158 4856 1305 4925 ἡμᾶς
1344 4855 1530 4908 ἐνθάδε
1577 4857 1715 4910 κατὰ

142 4946 334 5018 χρόνον
385 4949 731 5018 ὁριζομένους
786 4951 979 5016 αἰῶνος
1045 4952 1346 5024 μεθέξειν⁹⁷
1393 4958 1426 5026 ἡ
1473 4956 1717 5027 θεολογία

143 5039 329 5110 φησὶν,
370 5041 534 5111 ἡνίκα
552 5042 645 5094 τοῦ
681 5043 956 5115 ἀφθάρτου
987 5047 1081 5098 καὶ
1101 5047 1187 5099 ἀεὶ
1211 5047 1471 5112 ὡσαύτως
1505 5051 1718 5122 ἔχοντος

142 5129 339 5195 αἰῶνος
365 5131 699 5204 ὲφικὼμεθα.
731 5135 853 5199 Τοῖς
887 5137 1087 5206 λογίοις
1125 5137 1179 5189 δὲ
1224 5138 1331 5192 ἔσθ’
1371 5143 1459 5194 ὅτε
1494 5144 1586 5196 καὶ
1625 5144 1716 5214 ἐγ-

141 5235 333 5290 χρονος
364 5219 497 5274 αίὼν
529 5221 838 5290 δοξάζεται,
875 5227 970 5279 καὶ
1014 5226 1227 5293 αἰώνιος
1268 5231 1484 5301 χρόνος
1530 5235 1577 5285 εἰ
1624 5236 1718 5287 καὶ⁵

126 5307 345 5381 ’μᾶλλον
390 5310 547 5383 ῐσμεν
587 5314 803 5380 αὐτοῖς,
845 5316 940 5370 καὶ
995 5317 1323 5390 κυριώτερον
1361 5321 1432 5375 τὰ
1474 5321 1602 5376 ὅντα
1641 5323 1718 5394 τῷ

215 5487 236 5529 ι
271 5488 416 5545 Psal.
454 5504 610 5554 xmt,
647 5489 699 5556 7,
737 5489 789 5545 9.

1820 4772 2024 4817 statum
2051 4773 2365 4814 mensurare
2394 4758 2670 4828 proprium
2715 4767 2802 4811 est
2845 4755 3194 4811 atternitatis.
3226 4755 3389 4810 Tem-

1821 4871 1919 4926 pus
1948 4870 2073 4908 vero
2103 4851 2372 4922 appellant
2407 4852 2460 4905 id
2492 4851 2634 4920 quod
2667 4858 2947 4904 mensurat
2973 4847 3382 4918 generationem

1820 4957 1876 5002 et
1906 4946 2308 5014 corruptionem
2343 4954 2505 5013 atque
2536 4943 2941 5006 alterationem,
2968 4943 3221 5012 quodque
3247 4939 3388 4994 alias

1822 5041 1981 5095 aliter
2014 5052 2072 5091 se
2102 5037 2302 5100 habet;
2345 5046 2508 5104 atque
2557 5035 2627 5089 ita
2681 5049 2818 5099 nos,
2864 5048 2999 5103 quos
3035 5033 3124 5086 hic
3175 5042 3388 5117 tempus

1823 5134 2086 5190 delinitet
2114 5132 2538 5196 circumscribit,
2585 5129 2942 5184 aeternitatem
2993 5130 3388 5181 consecuturus

1822 5240 1942 5280 esse
1992 5224 2269 5293 Scriptura
2322 5223 2526 5288 trudit,
2582 5237 2704 5275 cum
2747 5221 2812 5274 ad
2851 5218 3215 5275 aeternitatem
3266 5231 3386 5285 qua:

1823 5334 1929 5374 non
1980 5319 2198 5384 interit,
2250 5318 2345 5373 sed
2377 5329 2602 5387 semper
2639 5314 2828 5370 eodem
2876 5311 3036 5366 modo
3083 5323 3144 5364 se
3195 5309 3382 5372 habet,

1428 5647 1666 5704 VARUE
1709 5647 2111 5704 LECTIONES.

213 5793 254 5825 ⁹¹
293 5789 642 5861 ἐπαρκοῦσα.
681 5789 737 5845 S.
779 5790 835 5844 P.
874 5789 963 5844 Sc.
1042 5792 1087 5823 9'
1123 5786 1550 5861 περιϐάλλουσα,
1582 5787 1641 5861 l’.
1710 5789 1756 5861 9f
1790 5789 1883 5842 καὶ
1926 5786 2250 5861 ἁλόπου,ᾼ8.
2288 5786 2450 5861 ἀθλου
2486 5786 2810 5861 legissesc.
2854 5789 3086 5861 videtur.
3195 5790 3239 5822 ’⁵
3275 5803 3384 5861 σξα-

137 5864 285 5926 λαιὸς
307 5901 321 5926 ,
361 5864 414 5917 δ.
442 5862 499 5914 Ρ.
527 5861 584 5913 D.
613 5861 700 5915 Sc.

425 5953 694 6012 ιἈτιιοι..
742 5951 786 6011 G
801 5969 858 6010 ιι.
902 5949 1011 6010 ιιι,

811 5863 856 5892 ³³
893 5858 1294 5930 πρεσϐυτέρου,
1334 5861 1388 5914 S.
1416 5860 1472 5916 Ρ.
1501 5859 1559 5915 D.
1586 5860 1678 5915 Sc.
1718 5859 1838 5915 Sat.
1913 5861 1957 5893 ⁸⁸
1992 5859 2314 5928 ἀρχαιότερα
2338 5897 2352 5922 ν
2391 5858 2452 5912 Ι).

2528 5859 2571 5890 ⁸⁷
2611 5858 2841 5929 μεθέξει,
2878 5859 2937 5914 Ρ.
2978 5861 3216 5930 μέθεξιν,
3286 5858 3378 5916 SC.

3031 5959 3108 6018 30
