4176 6314
164 422 257 478 981
865 417 950 473 DE
986 411 1234 472 DlV'lNlS
1268 409 1655 475 NOMINIBUS,
1691 407 1813 462 CAP

1728 408 1840 463 ΛΡ.
1880 407 1944 463 Χ.
1980 438 2047 447 -—
2081 406 2398 461 CORDERII
2442 405 2667 460 NOTAE.
3274 403 3377 456 942

169 540 438 603 interpres
466 532 739 603 vertisset,
771 532 931 598 hujus
957 534 1075 593 aevi,
1099 533 1212 586 sive
1239 529 1577 591 aeternitatis,
1600 527 1785 603 Graece
1812 525 2021 603 aidivog.
2046 524 2215 603 Exodi
2247 539 2332 576 im
2357 542 2369 576 :
2400 523 2518 603 Erit
2538 527 2782 603 ei-sert'us
2805 541 2856 603 ni
2884 523 3152 584 swcnlum,
3180 523 3292 577 sive
3324 526 3374 576 in

168 593 454 660 reteri-iuni.
481 602 632 656 Hanc
657 593 822 671 igitur
842 593 1004 656 'vocat
1041 603 1322 670 Scriptura
1352 599 1700 671 temppralem
1733 595 2286 671 :eteriiit:item_,_sicut
2317 596 2455 662 apud
2482 593 2702 671 Paulum
2732 596 2950 671 (ﬁcitur,
2983 604 3188 671 tempus
3213 604 3375 646 astu-r-

170 692 317 730 num.
344 674 383 727 ιι
422 672 560 726 Tim.
603 689 616 724 i
648 663 840 724 :v'Ante
879 681 1110 739 tempora
1147 663 1667 728 sa'culariafGraace
1717 677 1799 719 est
1832 665 2042 739 gltbvta,
2083 665 2131 717 id
2177 674 2256 716 est
2281 674 2506 739 interna.
2542 663 2606 717 Et
2634 666 2699 716 ad
2740 663 2846 739 '_l_‘it.
2881 675 2936 716 t:
2969 665 3099 739 Ante
3142 673 3376 739 tempora

169 744 471 806 sweularia,
502 742 686 796 Graece
709 739 920 803 αἰώνια,
952 733 1001 794 id
1029 751 1109 795 est
1136 752 1356 794 aeterna.
1385 739 1450 791 Et
1481 739 1634 792 Boni.
1668 753 1789 790 xw:
1827 737 2123 789 Secundum
2156 733 2519 806 reuelationem
2542 734 2774 801 mysterii
2812 734 3126 806 temporibus
3171 736 3376 786 wternis

170 815 356 877 taciti;
397 804 536 866 idem
561 813 891 878 _vocabnlum
920 822 1002 865 est
1035 812 1249 874 Graece,
1286 813 1425 878 quod
1461 809 1510 860 in
1546 809 1643 860 hoc
1671 807 2082 878 locointerpres
2107 804 2269 878 vertit
2302 813 2583 878 aeternum,
2614 806 2742 878 etin
2774 805 2898 878 aliis
2923 804 3202 857 saeculare.

244 872 360 936 Non
385 893 464 936 est
495 872 728 935 alienum
759 883 826 934 ab
853 883 953 934 hoc
987 882 1164 946 capite
1190 920 1204 942 ,
1239 872 1318 933 rei
1365 879 1630 931 Turriano
1663 880 1713 929 in
1767 876 2120 943 Cyparissioti
2163 874 2353 946 decad.
2396 874 2427 927 8
2448 917 2460 936 ,
2508 889 2624 940 cap.
2656 875 2688 927 5
2716 913 2731 938 ,
2760 873 3035 939 explicare
3059 914 3075 939 ,
3105 875 3377 946 quomodo

171 954 579 1021 intelligendum
610 953 697 1012 sil,
730 953 874 1021 quod
904 943 1138 1016 pontifex
1169 951 1443 1021 Romaims
1475 948 1707 1021 credidit
1743 948 1807 1000 de
1844 947 2120 1021 creatione
2147 943 2461 1021 angelorum
2489 983 2503 1006 ,
2537 946 2686 1021 eiad
2719 946 3054 1021 credendum
3081 944 3377 1021 tiatliolicis

213 1013 454 1092 reposuit
497 1024 547 1075 in
573 1035 694 1088 cap.
726 1013 996 1085 Firmiter,
1027 1023 1092 1074 de
1120 1035 1328 1073 aninma
1357 1019 1638 1092 Trinitale.
1667 1015 1780 1067 Non
1830 1015 1975 1092 enim
2001 1015 2298 1092 discrepat
2345 1013 2654 1092 Decretalis
2691 1016 2758 1068 ab
2809 1015 3054 1092 c_o__q_ii_od
3097 1016 3380 1092 liic_tr:i_dit

223 1082 483 1164 ioiiysius,
517 1082 923 1153 imo-convenit,
957 1082 1078 1145 cuni
1111 1094 1209 1154 ait,
1239 1106 1400 1142 unum
1420 1089 1803 1164 universorum
1838 1086 2162 1164 principium
2191 1125 2205 1147 ,
2248 1093 2463 1164 creator
2510 1085 2750 1164 omnium
2791 1082 3082 1164 visibilium
3114 1096 3168 1137 et
3194 1086 3378 1136 invisi-

170 1154 384 1224 hiliuiii,
414 1163 503 1226 qui
533 1176 626 1214 sua
655 1164 1022 1228 omnipotente
1051 1162 1245 1212 virtute
1274 1159 1433 1212 simul
1461 1160 1525 1209 ab
1556 1157 1729 1228 initio
1778 1155 2034 1228 temporis
2090 1162 2369 1228 utramque
2397 1154 2483 1228 _de_
2533 1154 2702 1228 nihilo
2746 1156 2984 1208 condidit
3026 1166 3333 1228 creaturam
3361 1192 3376 1220 ,

169 1224 510 1302 Spiritualem
562 1239 616 1302 et
662 1224 992 1297 corporalem
1019 1270 1034 1293 ,
1081 1230 1383 1302 angelicam
1434 1226 1678 1302 videlicet
1721 1236 1774 1279 et
1815 1225 2140 1302 mundanam
2170 1263 2186 1287 ,
2239 1234 2294 1302 et
2329 1224 2520 1302 deinde
2563 1225 2850 1302 humanam
2879 1267 2890 1288 ,
2928 1224 3078 1302 quasi
3128 1239 3376 1302 commu-

171 1292 294 1357 nem
337 1317 404 1354 ex
447 1301 640 1369 Spiritu
694 1292 1032 1369 et'Corpore
1084 1292 1458 1354 constitutam.
1527 1297 1797 1350 Hactenus
1853 1294 2172 1348 Decretalis.
2238 1293 2342 1347 Sed
2403 1292 2709 1348 dilatandus
2761 1303 2843 1348 est
2898 1296 3231 1362 aliquantum
3291 1296 3382 1349 hic

169 1373 338 1426 locus.

242 1442 448 1506 Quaerit
483 1439 547 1494 B.‘
586 1439 911 1492 Athanasius
954 1441 1009 1493 in
1052 1440 1434 1504 {lucrationibus
1479 1437 1546 1491 ad
1589 1436 1899 1489 Antiochum
1934 1437 2217 1502 principem
2242 1474 2257 1498 ,
2302 1441 2492 1504 quiest.
2519 1433 2597 1506 ιτ,
2621 1433 2843 1499 Quando
2865 1475 2878 1495 .
2912 1446 2965 1488 et
2988 1437 3254 1503 quomodo
3276 1477 3290 1498 ,
3324 1448 3382 1492 et

171 1505 315 1565 unde
348 1513 472 1563 facti
508 1511 615 1563 sint
645 1509 813 1577 angeli
841 1527 854 1574 ;
883 1512 1241 1578 etrespondet
1269 1512 1334 1561 ad
1364 1508 1708 1577 quaestionem
1733 1531 1744 1560 ;
1784 1507 1892 1578 Nec
1936 1505 2152 1578 quando
2177 1546 2193 1571 ,
2229 1505 2636 1578 iiec_q_iiomodo
2676 1506 2799 1557 facti
2845 1506 2945 1578 sint
2975 1546 2989 1567 ,
3018 1507 3109 1578 hab
3141 1507 3375 1578 humana

170 1591 367 1634 natura
393 1581 496 1634 dici
523 1595 700 1646 posse,
722 1574 1083 1647 preterqu-ai'n
1110 1580 1209 1633 hoc
1246 1574 1436 1638 solum.
1467 1580 1638 1631 factos
1666 1591 1784 1629 esse
1834 1575 2010 1629 Verbo
2043 1574 2133 1627 Dei
2167 1591 2234 1629 ex
2281 1575 2467 1647 nihilo.
2496 1574 2732 1647 Quando
2781 1577 2949 1628 vero?
2981 1576 3068 1628 alii
3099 1615 3115 1641 ,
3160 1577 3378 1647 inquit,

170 1653 328 1704 aiunt
360 1642 534 1710 primo
562 1651 667 1711 die,
687 1642 784 1700 alii
813 1642 1200 1717 ante—primurn
1230 1649 1391 1706 diem.
1420 1648 1645 1717 Creaios
1673 1661 1800 1699 vero
1829 1659 1950 1698 esse
1969 1654 2206 1717 testatur
2234 1685 2258 1717 ,ν
2296 1644 2468 1717 inquit
2494 1642 2758 1712 Propheta
2783 1685 2797 1705 ,
2829 1661 2949 1699 cum
2979 1648 3097 1717 ait:
3147 1642 3382 1700 Laudare

170 1737 317 1786 eum,
355 1737 530 1773 omnes
576 1719 743 1787 angeli
772 1719 919 1786 ejus;
949 1715 1190 1787 quoniam
1215 1720 1318 1783 ipse
1344 1720 1496 1784 dixit,
1528 1726 1575 1770 et
1598 1715 1737 1785 facta
1762 1727 1916 1779 sunt;
1959 1716 2066 1779 ipse
2087 1716 2364 1787 mandavit
2390 1754 2404 1777 ,
2443 1724 2491 1766 et
2529 1726 2702 1787 creata
2739 1715 3191 1787 sunt_m.Moysen
3236 1718 3378 1770 enim

170 1791 272 1850 ait,
297 1784 420 1857 quia
453 1784 662 1842 sciebat
683 1784 895 1840 .Indaeos
919 1784 1037 1841 esse
1073 1787 1384 1841 idololatria:
1415 1784 1623 1857 deditos
1649 1825 1671 1857 ,Α
1700 1787 1901 1838 idcirco
1946 1801 2048 1857 no_n
2080 1785 2268 1838 fecisse
2292 1799 2593 1857 sermonem
2621 1786 2684 1838 de
2715 1784 2919 1857 angelis
2942 1786 3002 1857 in
3040 1784 3236 1857 Genesi
3267 1827 3281 1849 ,
3315 1803 3382 1838 ne

169 1877 268 1915 eos
296 1853 391 1913 ceu
426 1861 556 1913 deos
585 1858 842 1921 colerent,
876 1866 931 1909 ut
959 1859 1006 1909 in
1038 1858 1204 1910 vitulo
1239 1867 1292 1912 et
1323 1860 1372 1910 in
1404 1857 1523 1909 aliis
1570 1855 1724 1908 idolis
1769 1864 1948 1922 postea
1992 1853 2304 1924 fecerunt“.
2338 1853 2488 1919 Quod
2540 1869 2668 1923 ergo
2715 1870 2788 1907 ex,
2818 1856 3131 1924 ,Scriptpris
3178 1858 3381 1908 sanctis

171 1914 311 1982 disci
342 1939 573 1997 poterat,
609 1914 897 1993 utramque
919 1927 1129 1981 scilicet
1151 1939 1479 1989 creaturam,
1513 1914 1838 1997 spiritualein
1867 1934 1921 1997 et
1946 1923 2314 1997 corporalem,
2332 1914 2502 1997 simul
2521 1914 2665 1997 etei:
2683 1923 2864 1997 nihilo
2887 1914 3061 1978 esse'a
3093 1923 3204 1978 Deo
3250 1941 3382 1979 con-

171 1992 380 2063 ditam';
408 1999 596 2050 Omnia
622 1998 762 2050 enim
794 1992 884 2063 per
904 1997 1069 2062 ipsum
1101 1997 1238 2063 facta
1263 2007 1380 2050 sunt
1403 2005 1450 2048 ο.
1478 1992 1569 2050 Et:
1588 1994 1687 2057 Qui
1715 1995 1832 2046 vivit
1863 1996 1914 2046 in
1936 2004 2187 2063 wternum
2213 2032 2229 2056 ,
2269 1994 2343 2047 ait
2383 1992 2790 2048 Ecclesiaslicus
2817 2031 2832 2057 ,
2873 1997 3064 2047 creavit
3096 1997 3274 2047 omnia
3302 1998 3378 2048 si-

174 2069 288 2120 mul
309 2062 373 2120 P.
401 2067 697 2134 Utrumque
728 2062 914 2120 horum
944 2062 1235 2120 Decretalis
1263 2067 1541 2120 catholica:
1570 2065 1688 2117 lidei
1718 2063 1964 2134 subjecit.
1995 2062 2123 2115 llliid
2152 2078 2275 2117 vero
2315 2064 2470 2116 simul
2509 2063 2571 2114 ab
2617 2064 2766 2116 initio
2817 2069 3059 2131 temporis
3084 2104 3097 2124 ,
3142 2065 3285 2122 sicut
3315 2067 3380 2118 ad

171 2147 482 2191 creaturam
519 2133 876 2204 corporalem,
913 2136 961 2188 id
993 2145 1074 2188 est
1108 2137 1172 2189 ad
1201 2137 1453 2189 mundum
1477 2135 1566 2204 qui
1594 2133 1831 2187 cernitur
1855 2173 1868 2196 ,
1908 2143 1956 2185 et
1990 2148 2318 2204 quaecunque
2347 2134 2398 2184 in
2432 2147 2507 2204 eo
2529 2134 2876 2186 continentur
2903 2174 2916 2199 ,
2969 2135 3161 2187 referri
3192 2135 3379 2199 voluit,

171 2209 304 2276 quia
333 2206 590 2274 scriptum
620 2201 737 2276 est:
772 2203 835 2256 In
873 2207 1123 2272 principio
1154 2205 1342 2276 creavit
1379 2201 1517 2258 Dea}
1547 2205 1727 2256 malum
1762 2213 1809 2255 et
1847 2213 2120 2276 terramQ;
2153 2203 2324 2276 sic_ad
2357 2201 2652 2276 angelicam
2709 2215 2953 2257 naturam
3006 2220 3107 2257 non
3146 2219 3383 2276 necesse

172 2272 284 2338 est,
316 2272 610 2330 secundum
637 2275 999 2344 Scripturam,
1036 2276 1224 2329 referri
1255 2275 1506 2338 voluisse,
1531 2276 1675 2342 quia,
1708 2283 1763 2326 ut
1791 2273 1948 2340 paulo
1974 2281 2098 2344 ante
2143 2272 2324 2325 aiebat
2350 2273 2679 2324 Athanasius
2705 2312 2717 2334 ,
2755 2276 2970 2341 quando
3001 2275 3177 2340 angeli
3211 2277 3382 2328 creati

178 2347 404 2406 fuerint,
440 2346 670 2398 humana
707 2356 895 2398 natura
938 2347 1117 2399 dicere
1158 2360 1259 2399 non
1292 2353 1486 2413 potest.
1522 2347 1625 2398 Sed
1657 2344 1780 2411 quia
1817 2343 2156 2413 durationein
2181 2344 2528 2413 angelorum,
2563 2357 2680 2408 qua:
2710 2359 2812 2395 non
2848 2354 2930 2397 est
2968 2344 3204 2410 subjecta
3243 2351 3385 2398 teni-

174 2420 317 2485 pori,
349 2417 471 2483 quia
497 2424 575 2467 est
611 2425 717 2467 tota
748 2414 911 2485 simul
932 2424 989 2485 et
1020 2410 1352 2468 invariabilis
1378 2453 1393 2475 ,
1422 2430 1540 2482 qua:
1569 2422 1649 2485 est
1675 2410 1730 2465 et
1759 2411 1956 2464 dicitur
1986 2412 2037 2485 in
2069 2414 2257 2485 sacris
2285 2410 2500 2485 Litteris
2523 2425 2714 2485 aevum
2742 2452 2756 2473 ,
2813 2429 2918 2466 non
2964 2427 3249 2485 possumus
3294 2431 3386 2468 co-

175 2483 468 2555 gnoscere,
503 2498 604 2555 nec
630 2485 749 2536 aliis
775 2483 1136 2547 manifestare,
1169 2487 1270 2538 nisi
1299 2499 1394 2552 per
1429 2483 1801 2555 extensionein
1839 2483 2290 2555 nostriteniporis
2322 2497 2386 2534 ex
2417 2483 2811 2555 horis,_dielius‘
2849 2492 2904 2535 et
2938 2484 3094 2555 annis
3119 2495 3381 2538 constan-

177 2551 309 2619 tem,
343 2570 504 2622 qnam
537 2554 812 2623 Scriptura
842 2569 1012 2623 terum
1047 2571 1257 2623 quoque
1300 2551 1592 2623 aliquando
1641 2562 1834 2617 vocat,
1875 2563 1932 2604 ut
1972 2551 2252 2623 Dionysius
2304 2552 2544 2616 notavit;
2594 2552 2795 2623 idcirco
2832 2552 3072 2620 pontifex
3107 2555 3387 2622 proposuit

175 2628 248 2679 ad
281 2621 641 2688 credendum,
663 2621 825 2676 simul
854 2622 919 2674 ab
947 2621 1101 2678 initio
1131 2621 1696 2693 lélllpOI‘iSllll‘atuqtle
1726 2632 2071 2693 Cl‘eltltil‘alll‘,
2112 2621 2456 2693 spiritualem
2476 2633 2527 2676 et
2553 2622 2911 2688 corporalem,
2941 2624 3213 2676 conditam
3244 2638 3384 2678 esse.

174 2694 407 2748 Nomine
433 2697 611 2762 itaque
651 2695 904 2760 temporis
929 2709 1098 2746 aevum
1124 2704 1176 2747 et
1202 2690 1410 2762 tempus
1434 2693 1841 2760 comprehendit
1867 2690 2131 2758 pontifex,
2161 2691 2402 2762 imitatus
2432 2691 2763 2762 Dionysium.
2793 2694 2973 2758 Quare
3002 2706 3106 2744 non
3139 2693 3388 2759 prohibet

176 2768 296 2819 lia-c
327 2763 644 2826 Deeretalis,
669 2764 796 2830 quin
824 2762 980 2815 liceat
1005 2766 1204 2816 sentire
1228 2802 1242 2824 ,
1275 2761 1413 2831 quod
1445 2763 1805 2830 apostolorum
1839 2762 2088 2828 discipuli
2121 2800 2134 2823 ,
2174 2761 2421 2831 Clemens
2465 2771 2517 2815 et
2555 2761 2870 2830 Dionysius,
2917 2777 3054 2830 quos
3095 2762 3249 2815 multi
3294 2766 3387 2818 alii

177 2846 367 2904 postea
393 2833 561 2885 seculi
595 2829 751 2904 sunt,
790 2844 1074 2904 senserunt
1114 2829 1326 2886 creatos
1360 2829 1521 2884 fuisse
1549 2833 1765 2901 angelos
1789 2842 1915 2883 ante
1943 2833 2218 2904 mundum.
2249 2829 2325 2884 De
2349 2829 2730 2904 angeliscniiii
2757 2829 3147 2901 interpretatur
3186 2833 3389 2904 Diony-

175 2900 293 2958 Sius
323 2904 521 2956 dictum
550 2917 666 2956 esse
703 2902 829 2955 illud
856 2925 866 2955 ;
897 2902 1218 2967 Elevaniini,
1248 2913 1413 2972 portw
1438 2900 1708 2954 wternules
1732 2911 1752 2936 τ
1778 2918 1792 2966 ;
1833 2903 1955 2969 quia
1980 2901 2267 2972 antiquum
2315 2912 2368 2954 et
2403 2900 2750 2964 iiivariabile,
2781 2910 2836 2956 et
2873 2900 3048 2956 metiri
3091 2900 3388 2957 secundum

177 2985 358 3028 totum
389 2986 536 3036 esse,
560 2975 942 3040 proprietatem
967 2974 1062 3025 aevi
1094 2988 1214 3027 esse
1238 2969 1388 3025 dicit.
1414 2973 1591 3037 Quare
1614 2975 1655 3025 si
1683 2987 1852 3032 aevum
1881 2969 2158 3036 antiquius
2188 2981 2270 3024 est
2316 2981 2555 3037 tempore
2579 3012 2594 3034 ,
2646 2982 2699 3024 et
2723 2987 2896 3026 :evum
2943 2973 3176 3035 dicitur,
3217 2983 3270 3025 et
3306 2983 3390 3027 est

176 3044 401 3098 duratio
425 3045 770 3111 angelorum:
806 3051 930 3095 sunt
959 3043 1121 3110 igitur
1142 3045 1315 3108 angeli
1350 3055 1474 3095 ante
1508 3053 1737 3111 tempus,
1763 3051 1814 3094 et
1840 3052 1964 3093 ante
1987 3055 2047 3093 ea
2074 3057 2196 3108 qua:
2219 3050 2355 3094 sunt
2383 3042 2434 3092 in
2459 3052 2703 3109 tempore
2734 3043 2923 3096 creati.
2958 3041 3097 3094 Ideni
3135 3043 3299 3097 sentit
3328 3045 3389 3095 S.

175 3113 449 3168 Maximus
475 3114 524 3165 in
550 3114 722 3181 prima
751 3115 991 3166 centuria
1020 3113 1342 3182 theologica.
1376 3113 1431 3163 Si
1465 3113 1604 3164 enim
1632 3113 1856 3180 angelos
1881 3127 1984 3164 non
2019 3123 2262 3164 creasset
2284 3119 2408 3164 ante
2434 3119 2644 3179 tempus
2671 3127 2790 3164 cum
2816 3126 2922 3180 quo
2945 3121 3094 3165 ortus
3117 3121 3200 3166 est
3228 3129 3408 3170 ιιιιιιιο,

174 3188 304 3247 dus,
333 3187 609 3250 antiquius
635 3184 830 3235 virtute
853 3183 1061 3246 fuisset,
1099 3199 1198 3236 non
1230 3197 1348 3235 esse
1373 3183 1660 3246 virtutem;
1687 3193 1739 3234 et
1769 3182 2007 3235 bonitate
2033 3182 2306 3248 antiquius
2328 3221 2340 3244 ,
2375 3194 2478 3232 non
2503 3196 2620 3235 esse
2643 3182 2939 3234 bonitatem
2960 3221 2975 3244 ,
3007 3194 3126 3248 qna:
3154 3183 3388 3237 absurda

176 3259 239 3309 S.
265 3252 502 3307 Maximo
527 3267 646 3305 esse
681 3254 944 3306 videntur.
976 3253 1065 3305 Sic
1093 3254 1257 3305 etiam
1287 3253 1686 3318 intelligendum
1719 3267 1857 3317 esse,
1883 3251 2022 3318 quod
2055 3250 2408 3318 Epiphanius,
2440 3251 2718 3318 disputans
2743 3262 2928 3304 contra
2964 3253 3212 3304 haeresim
3237 3251 3390 3308 Pauli

174 3323 549 3383 Sainosateiii,
574 3325 672 3385 ait,
703 3339 807 3375 non
837 3337 958 3376 esse
989 3323 1207 3391 angelos
1232 3336 1357 3375 ante
1381 3324 1576 3373 cretum
1606 3333 1660 3374 et
1685 3333 1880 3374 teri-ani
1907 3329 2150 3391 creatos.
2177 3322 2308 3374 Cum
2353 3321 2528 3387 plane,
2576 3321 2783 3391 inquit,
2827 3324 2931 3374 hoc
2958 3323 3159 3374 dictum
3188 3337 3293 3376 non
3319 3326 3392 3378 sit

174 3395 465 3457 mutabile,
495 3395 636 3458 quod
661 3404 785 3445 ante
809 3393 1003 3444 cieluin
1032 3387 1087 3446 ei
1117 3403 1317 3445 terrain
1344 3392 1476 3444 nihil
1500 3402 1616 3444 erat
1646 3407 1710 3444 ex
1738 3394 1972 3454 creatis;
2001 3387 2157 3459 505
2187 3405 2306 3442 nam
2332 3394 2386 3442 in
2416 3387 2672 3459 principio
2699 3390 2821 3457 fecit
2846 3391 2986 3445 Dens
3011 3391 3195 3444 castum
3217 3404 3264 3445 ct
3288 3403 3394 3446 ter-

174 3480 296 3517 ram
320 3469 342 3496 ³
364 3502 377 3523 ,
415 3473 471 3514 ιιι
502 3463 823 3531 principium
855 3464 943 3527 sit,
973 3473 1025 3516 et
1053 3464 1185 3515 nihil
1211 3479 1277 3516 ex
1311 3463 1510 3514 creatis
1538 3471 1660 3513 ante
1687 3463 1788 3515 hoc
1818 3462 1988 3530 ipsum
2016 3473 2105 3512 sit.
2138 3461 2408 3531 Hactenus
2441 3463 2791 3528 Epiphanius.

253 3533 606 3586 V'erissinium
637 3530 739 3596 εει,
776 3545 902 3585 ante
930 3536 1126 3585 εωιιιιιι
1163 3544 1221 3587 et
1254 3543 1450 3586 terrain
1484 3531 1806 3603 niliil‘fuisse
1832 3548 1897 3585 ex
1928 3533 2151 3597 creatis,
2180 3530 2389 3584 scilicet
2415 3531 2466 3582 in
2495 3540 2736 3599 tempore
2766 3530 2869 3600 (sic
2896 3532 3036 3585 enim
3068 3533 3390 3603 intelligen-

173 3606 306 3673 dum
348 3607 475 3671 est),
510 3604 686 3669 angeli
733 3612 913 3656 autem
961 3605 1013 3657 in
1041 3618 1156 3656 aevo
1203 3603 1374 3657 creati
1411 3610 1555 3655 sunt.
1603 3599 1793 3655 divum
1839 3604 1979 3656 enim
2018 3613 2102 3658 est
2153 3615 2403 3655 mensura
2451 3615 2638 3655 eorum
2679 3599 2801 3669 qua:
2834 3617 2939 3655 non
2984 3613 3111 3656 sunt
3157 3599 3388 3673 tempori

171 3672 440 3729 subiecta.

247 3687 573 3810 i’i’iﬁiiaquod
610 3744 722 3797 haec
752 3741 1072 3806 Deeretalis,
1109 3744 1243 3797 dixit
1266 3743 1418 3812 prius
1462 3741 1713 3809 synodica
1746 3742 1971 3811 epistola
2003 3741 2291 3812 Sophronii
2338 3741 2697 3812 patriarcha
2732 3741 3195 3811 Jerosolyinitani,
3230 3746 3394 3799 missa

173 3814 245 3868 ad
279 3813 579 3866 Honorium
612 3815 652 3880 I,
684 3822 738 3867 et
773 3829 877 3867 non
905 3816 971 3866 ad
1007 3809 1978 3881 Sergiuni—Constantinopoliianum,
2026 3809 2332 3867 ut'Ptiotius
2361 3812 2411 3863 iii
2445 3827 2540 3864 sua
2581 3809 2905 3866 Bibliotheca
2945 3809 3192 3867 testatur.
3227 3813 3391 3868 Reci-

176 3895 297 3938 tata
340 3883 444 3935 l'uit
488 3886 600 3936 haec
629 3879 854 3951 epistola
890 3885 941 3936 in
991 3879 1143 3936 sexta
1184 3886 1408 3953 synodo,
1449 3886 1585 3936 etin
1617 3879 1908 3953 undecima
1955 3885 2168 3937 actione
2213 3881 2496 3953 collocata.
2543 3881 2790 3953 Laqueus
2822 3896 2965 3953 ergo
3005 3885 3395 3953 de__creatione

173 3955 368 4007 mundi
400 3967 430 4004 a
462 3955 570 4005 lico
599 3950 765 4019 facta,
798 3955 876 4006 sic
900 3956 1188 4007 eontitetur
1210 3950 1548 4021 Sophronius
1573 3970 1586 4005 :
1613 3951 1724 4005 Καὶ
1755 3956 1822 4003 τοι

1755 3955 1867 4016 τοῖς
1895 3956 2060 4006 πᾶσιν
2087 3953 2283 4022 ὥρισεν
2303 3951 2475 4022 ἀρχὴν
2497 3951 2752 4022 χρονικήν
2778 3967 2791 4004 :
2820 3952 2870 4005 id
2897 3961 2980 4006 est
3006 3967 3022 4004 :
3053 3950 3122 4003 Et
3153 3955 3394 4007 omnibus

171 4023 405 4078 decrevit
434 4025 751 4092 principium
794 4025 1038 4090 temporis
1064 4037 1082 4074 :
1115 4025 1240 4091 quia
1272 4026 1471 4092 angeli,
1507 4025 1632 4077 licet
1659 4025 1991 4077 immortales
2021 4027 2148 4089 sint,
2177 4023 2274 4075 hoc
2305 4024 2504 4075 habent
2530 4035 2818 4074 commune
2844 4038 2964 4076 cum
2998 4023 3065 4075 iis
3103 4038 3222 4090 qua:
3268 4037 3398 4078 sunt

172 4096 230 4149 in
268 4104 537 4160 tempore,
573 4100 714 4161 quod
745 4094 872 4147 facti
906 4104 1051 4157 sunt,
1088 4094 1292 4147 idcirco
1340 4105 1550 4162 tempus
1594 4095 1674 4147 eis
1718 4093 1990 4146 attribuit.
2030 4094 2186 4147 Hunc
2215 4092 2383 4162 plane
2405 4102 2623 4144 secutus
2650 4098 2734 4144 est
2773 4094 3014 4159 pontifex
3063 4094 3118 4146 in
3163 4108 3257 4146 sua
3289 4092 3395 4147 De-

173 4164 398 4237 eretali,
422 4173 477 4237 et
501 4164 849 4237 Sophronias
874 4173 1090 4237 secutus
1128 4165 1290 4232 plane
1321 4161 1663 4237 Dionysium.
1697 4178 1857 4231 quem
1897 4164 1955 4217 iii
1984 4164 2173 4218 eadem
2217 4161 2476 4232 synodica
2505 4163 2641 4214 citat
2682 4162 2772 4230 (ne
2801 4163 2926 4232 quis
2965 4164 3110 4216 dicat
3144 4163 3392 4232 ignotum

171 4234 350 4289 fuisse
385 4233 694 4302 Dionysium
728 4233 1078 4303 Sophronia).

251 4303 390 4357 Esse
417 4299 578 4370 igitur
608 4299 832 4370 angelos
863 4315 986 4357 ante
1032 4299 1287 4357 mundum
1321 4304 1466 4357 hunc
1501 4318 1822 4374 corporeum
1863 4313 2100 4374 creatos,
2133 4299 2619 4374 tradit__Dionysius
2664 4303 2765 4357 hoc
2807 4303 2950 4366 loco,
3002 4313 3057 4357 et
3097 4304 3392 4373 apostolica

163 4374 436 4430 Doctrina
477 4374 566 4426 lib.
599 4387 691 4425 vni
737 4374 1070 4436 Clementis,
1127 4391 1244 4443 cap.
1289 4374 1377 4439 i2,
1421 4384 1476 4427 et
1521 4370 1638 4427 eam
1682 4385 1900 4428 secutus
1952 4373 2246 4439 Gregorius
2297 4370 2676 4443 Nazianzenus
2725 4375 2775 4425 in
2813 4390 3061 4428 sermone
3097 4370 3174 4427 de
3207 4375 3395 4428 Natali

170 4443 418 4513 Christi,
434 4453 487 4495 et
516 4445 567 4496 in
594 4446 833 4497 secundo
863 4446 928 4496 de
965 4441 1275 4513 Pasclia,'et
1305 4446 1444 4497 hunc
1481 4455 1700 4499 secutus
1727 4444 2094 4498 Dainasceiius
2119 4445 2213 4495 lib.
2251 4459 2286 4496 ιι
2362 4441 2435 4493 De
2467 4442 2570 4508 ﬁde
2616 4444 2930 4497 orthodoxa.
2978 4443 3122 4498 Idem
3174 4461 3396 4513 quoque

172 4517 346 4585 docet
374 4512 601 4580 Magnus
626 4513 856 4568 Basilius
886 4515 937 4566 in
999 4512 1318 4566 Hexaemero
1362 4526 1417 4569 et
1442 4515 1588 4568 illum
1621 4523 1841 4570 secutus
1880 4516 2216 4582 Philoponus
2241 4514 2336 4568 lib.
2367 4525 2384 4563 ι
2451 4513 2527 4565 De
2555 4514 2816 4567 creatione
2849 4516 3031 4566 mundi
3062 4556 3078 4571 ..
3109 4512 3228 4585 cap.
3260 4512 3313 4579 8,
3339 4522 3392 4581 9,

174 4589 270 4646 1υ,
301 4584 393 4635 ubi
430 4585 885 4650 Mopsuestenuni,
916 4585 1000 4636 cui
1030 4588 1362 4637 contrarium
1391 4585 1678 4649 sentiebat,
1713 4585 1924 4640 refellit.

252 4655 541 4719 Quomodo
573 4668 697 4707 vero
732 4655 1133 4722 intelligendum
1181 4657 1249 4706 sit
1278 4668 1560 4709 creaturas
1593 4657 1909 4724 spirituales
1945 4663 1998 4709 et
2025 4654 2336 4723 corporales
2361 4652 2520 4709 simul
2544 4663 2755 4707 creatas
2785 4669 2932 4720 esse,
2959 4657 3078 4710 illas
3103 4671 3223 4711 cum
3253 4671 3388 4717 aevo,

173 4725 283 4780 has
316 4738 445 4795 cuin
478 4733 736 4795 tempore,
774 4735 830 4776 ut
856 4727 956 4795 hoc
989 4739 1207 4792 quoque
1244 4740 1349 4780 non
1381 4736 1790 4793 praetereamus,
1821 4727 2132 4795 explanavit
2173 4725 2311 4779 idem
2353 4724 2684 4778 Athanasius
2717 4725 2812 4778 lib.
2857 4740 2917 4778 iit
2968 4738 3150 4778 contra
3183 4727 3392 4792 Arium,

175 4799 404 4850 intuens
434 4793 488 4845 in
523 4793 668 4845 illum
700 4795 873 4847 locum
906 4794 1275 4848 Ecclesiastici
1319 4811 1440 4863 cap.
1483 4810 1616 4849 xvui
1645 4814 1658 4848 :
1701 4797 1802 4860 Qui
1839 4793 1958 4849 visit
2000 4799 2055 4848 in
2093 4805 2369 4860 wtcrnum,
2418 4796 2609 4846 creavit
2640 4797 2816 4847 omnia
2847 4797 3025 4848 simul.
3070 4796 3218 4850 Nihil
3248 4799 3391 4850 enim

174 4876 260 4919 ait
286 4877 355 4917 ex
397 4864 556 4916 rebus
581 4864 780 4919 creatis
816 4875 941 4917 ante
970 4865 1073 4917 alia
1101 4866 1186 4917 sui
1224 4870 1438 4932 generis
1469 4869 1745 4919 conditum
1791 4881 1935 4929 esse,
1965 4866 2058 4920 sed
2086 4867 2265 4918 omnia
2298 4867 2459 4918 simul
2488 4879 2593 4917 uno
2616 4868 2916 4933 eodemque
2951 4867 3204 4920 mandato
3251 4868 3391 4921 facta

172 4949 324 4990 esse.
359 4933 423 4986 Et
444 4934 604 5000 paulo
626 4945 751 4988 ante
781 4936 952 5002 magis
975 4936 1152 4987 adhuc
1183 4935 1436 5004 eXplicat,
1467 4951 1589 4989 cuin
1621 4937 1718 5000 ait,
1745 4937 1878 4989 nihil
1907 4952 2026 4991 esse
2053 4937 2104 4988 in
2139 4938 2298 4988 rebus
2321 4935 2519 4988 creatis
2541 4937 2684 5002 quod
2712 4937 2884 5003 ipsum
2922 4953 3084 4990 nnnin
3117 4949 3169 4990 et
3193 4941 3393 5002 solum,

172 5016 235 5060 et
264 5004 505 5076 primum
538 5015 666 5058 ante
693 5005 821 5070 alia,
852 5005 1061 5059 scilicet
1090 5004 1438 5076 suigeueris,
1483 5006 1684 5060 factum
1717 5008 1810 5071 sit,
1835 5011 1928 5062 sed
1955 5022 2077 5060 cum
2107 5007 2360 5060 omnibus
2391 5005 2572 5071 simul,
2605 5005 2742 5057 κατὰ
2778 5005 2932 5073 γένος
2962 5005 2993 5076 ἢ
3028 5007 3203 5072 τάξιν,
3238 5009 3288 5060 id
3313 5020 3398 5061 est

172 5091 306 5129 cum
338 5074 591 5128 omnibus
627 5076 709 5129 sui
748 5075 1080 5146 geiierisvcl
1104 5075 1332 5130 ordinis.
1365 5094 1382 5126 ι
1414 5076 1630 5130 Nullum
1662 5078 1828 5142 enim,
1863 5079 2058 5146 inquit,
2096 5091 2162 5128 ex
2206 5080 2387 5145 astris,
2429 5084 2524 5127 aut
2564 5092 2629 5128 ex
2667 5078 2878 5145 magnis
2921 5074 3284 5132 luininaribus
3321 5081 3393 5132 ita

173 5146 460 5213 apparuit,
497 5155 556 5197 ut
583 5150 686 5199 boc
716 5151 889 5213 prius,
940 5145 1068 5198 illud
1101 5149 1370 5217 posterius
1402 5148 1454 5199 in
1489 5163 1668 5200 reruni
1705 5145 1955 5200 naturain
1999 5157 2305 5216 emergeret
2329 5163 2361 5217 ;γ
2396 5147 2490 5198 sed
2515 5147 2694 5199 omnia
2725 5149 2914 5200 eodem
2959 5149 3045 5201 die
3091 5151 3395 5217 eodemque

166 5219 338 5283 jussu
367 5225 547 5269 urtuiii
577 5227 857 5284 ceperunt,
889 5219 1140 5283 quamvis
1163 5215 1270 5268 alia
1298 5219 1365 5270 ab
1398 5219 1520 5270 aliis
1566 5219 1852 5285 splendore
1876 5215 2456 5272 diﬂ‘erant.’Siiniliter
2488 5217 2537 5270 in
2571 5218 3033 5286 quadrupedibus,
3061 5215 3393 5280 volucribus,

170 5286 448 5355 piscibus,
491 5289 800 5352 pecoribus,
847 5287 1128 5354 stirpibus.
1168 5287 1453 5353 Similiter,
1502 5290 1711 5354 inquit,
1744 5289 1959 5353 Adam,
2008 5302 2312 5354 quanquam
2356 5289 2501 5339 solus
2537 5302 2567 5340 e
2614 5297 2757 5340 terra
2794 5288 3058 5341 l'orinatus
3109 5299 3212 5353 est,
3246 5289 3396 5343 fuere

175 5369 369 5409 tamen
396 5357 448 5407 in
477 5371 541 5409 eo
573 5356 735 5409 etiam
766 5368 893 5409 tunc
932 5357 1170 5411 rationes
1208 5359 1570 5411 successionis
1611 5360 2055 5427 posteritatisque
2096 5359 2316 5411 liuniani
2349 5361 2586 5425 generis.
2630 5355 2919 5427 Subjungit
2952 5359 3146 5412 deinde
3177 5378 3189 5411 :
3225 5360 3290 5413 Et
3330 5375 3396 5411 ex

169 5427 466 5499 creatione
495 5427 945 5499 iiiutitliuvisibilis
983 5427 1280 5499 invisibilia
1311 5433 1428 5497 ejus
1462 5428 1702 5498 (angelos
1745 5429 1897 5499 dicit)
1944 5432 2047 5482 hoc
2087 5432 2250 5481 etiam
2293 5443 2497 5496 genere
2538 5442 2787 5496 operum,
2847 5430 3044 5496 inquit,
3089 5430 3234 5483 facta
3279 5447 3398 5482 esse

170 5498 564 5564 intelligimus,
611 5496 1042 5569 colligimusque,
1069 5515 1136 5551 ne
1168 5501 1221 5551 in
1253 5496 1355 5551 illis
1387 5496 1605 5567 quidem
1641 5496 1937 5568 quidquam
1965 5514 2210 5552 seorsum
2244 5499 2295 5551 in
2325 5511 2525 5564 genere
2557 5513 2668 5569 suo
2695 5510 2785 5551 aut
2816 5499 2970 5569 prius
2996 5511 3090 5551 aut
3128 5501 3400 5569 posterius

168 5578 430 5622 creatum
471 5582 615 5637 esse,
654 5570 748 5624 sed
773 5568 957 5624 omnia
993 5569 1152 5624 simul
1182 5584 1300 5638 quae
1330 5571 1575 5639 ejusdem
1616 5567 1950 5624 cunditionis
1979 5579 2108 5624 sunt
2137 5569 2428 5625 exstitisse.
2470 5588 2489 5621 ι
2525 5567 2644 5625 Non
2671 5567 2831 5624 enim'
2858 5570 3098 5630 singulas
3129 5567 3240 5622 'res
3267 5581 3399 5620 enu-

249 5805 290 5828 -ι
328 5792 727 5919 Ρειιι.¹‹;ιιι.νιιι.
805 5803 832 5834 ι
871 5795 1040 5852 Exod.
1075 5811 1245 5852 xxxii.
1322 5803 1345 5836 ⁸
1376 5793 1534 5853 Joaii.
1572 5811 1610 5864 i,
1645 5797 1699 5852 3.
1776 5806 1802 5844 P
1837 5795 1898 5851 Et

249 5868 382 5919 Geii.
421 5881 461 5919 ι.
520 5900 534 5916 .

1776 5806 1802 5844 P
1837 5795 2000 5852 Eccli.
2051 5811 2202 5861 xvni,
2240 5795 2287 5850 l.
2365 5804 2392 5843 (ι
2427 5793 2558 5851 Gen.
2595 5809 2632 5864 i,
2672 5795 2726 5852 l.
2830 5803 2850 5832 τ
2886 5791 3024 5850 Psal.
3065 5810 3221 5861 uin,
3257 5795 3309 5863 7,
3345 5798 3396 5849 υ.

169 5881 194 5910 ⁸
236 5877 382 5924 lien.
421 5881 461 5932 ι,
486 5877 534 5919 ι.
