4176 6314
789 402 894 462 943
1965 405 2022 460 S.
2059 401 2350 459 DIONYSII

2446 401 2850 459 REOPAGI’I'E
3916 405 4022 462 ειι

793 515 1021 588 meravit
1049 515 1361 588 Apostolus,
1391 524 1450 569 ut
1483 517 1536 571 in
1572 517 1716 574 hunc
1741 517 1956 573 modum
1986 519 2192 573 diceret
2227 535 2241 570 :
2273 518 2400 574 Sive
2430 517 2656 588 angelus
2685 516 2985 588 quispiam,
3008 517 3125 588 sive
3159 515 3390 572 thronus
3440 516 3658 587 aliquis,
3698 516 3815 572 sive
3849 519 4025 572 donti-

794 589 940 643 natio
971 586 1082 650 illa,
1114 595 1205 658 aut
1253 586 1366 658 illa,
1394 596 1490 640 aut
1534 588 1648 644 lucc
1694 589 1774 642 vel
1806 589 1893 643 illa
1942 603 2008 641 ex
2041 587 2422 658 potestatibus.
2473 586 2567 655 sed
2617 590 2904 658 universos
2946 586 3128 650 simul,
3165 589 3258 656 qui
3306 586 3550 658 ejusdem
3599 588 3806 642 ordinis
3832 600 4021 653 erant,

792 657 1224 727 comprehendit.
1257 655 1402 720 Siue,
1447 658 1643 725 inquit,
1676 658 1872 719 throni,
1908 660 2012 712 sive
2042 655 2448 724 dominationes,
2490 659 2597 710 sive
2634 657 2983 724 principatus,
3021 658 3128 710 sive
3169 655 3448 722 potestates
3489 657 3538 721 ⁸,
3589 670 3697 712 etc.
3743 659 4023 714 Hactenus

791 728 1119 797 Athanasius
1149 743 1161 778 :
1201 745 1219 777 ι
1269 727 1469 781 Omnes
1512 729 1694 797 itaque
1727 728 2009 783 ein-rubini
2046 729 2205 783 simul
2248 730 2418 783 creati
2455 737 2600 790 sunt,
2643 728 2805 781 simul
2838 727 2965 780 item
3000 728 3308 793 seraphini,
3339 737 3395 782 et
3425 728 3584 782 simul
3616 729 3819 790 throni,
3869 730 4023 784 sitni-

792 800 916 852 liter
948 797 1000 851 in
1034 796 1255 865 reliquis
1282 798 1589 868 ordinibus,
1607 796 1670 852 in
1698 800 1915 868 quibus,
1942 799 2084 868 quod
2109 799 2174 852 ad
2199 798 2818 865 creatiOnem'pertinet,
2847 812 2952 850 non
2979 807 3063 852 est
3089 799 3388 863 quidquam
3416 800 3568 866 prius
3591 808 3684 852 aut
3716 800 4018 868 posterius,

795 869 924 922 licet
973 868 1145 936 gloria
1184 875 1237 920 et
1271 866 1492 938 honore
1523 869 1664 923 inter
1713 865 1772 922 se
1809 865 2081 925 dill‘er’ant.
2137 885 2156 919 ι
2204 868 2297 924 Sic
2338 869 2526 938 probat
2573 869 2906 938 Athanasius
2947 877 3136 922 contra
3187 865 3556 934 Arium,’non
3602 865 3730 923 esse
3774 865 4017 922 Verbum

791 948 1120 993 creaturam.
1166 953 1184 1008 ι
1221 937 1494 1008 Alioquin,
1545 938 1739 1008 inquit,
1769 953 1991 993 necesse
2029 950 2149 992 erat
2210 948 2268 992 ut
2299 937 2458 993 simul
2495 953 2618 992 cum
2658 937 2780 991 aliis
2821 952 2888 992 ex
2929 938 3122 991 ordine
3145 938 3410 991 virtutum
3462 949 3768 1002 crearetur,
3804 948 3858 992 et
3905 954 4018 991 non

792 1020 940 1071 ante,
970 1008 1100 1064 licet
1138 1007 1308 1078 gloria
1351 1009 1566 1062 cieteris
1603 1007 1972 1078 antecelleret.
2023 1027 2038 1062 i
2078 1009 2152 1062 Ex
2188 1024 2294 1077 quo
2334 1023 2528 1062 rursus
2569 1009 2841 1078 iieretLut
2891 1023 2997 1062 non
3037 1016 3223 1078 posset
3275 1022 3396 1062 esse
3429 1010 3661 1078 primum
3706 1016 3760 1062 et
3797 1009 4018 1062 initium

791 1079 1046 1141 aliorum,
1093 1076 1162 1132 ut
1201 1076 1390 1132 Ariani
1441 1079 1709 1133 volebant.
1752 1077 2067 1132 Tradehant
2101 1076 2243 1133 enim
2299 1089 2541 1134 creatum
2590 1092 2709 1148 esse
2736 1077 2995 1142 Verbum,
3028 1076 3082 1132 ut
3127 1094 3224 1148 per
3270 1076 3444 1146 ipsum
3498 1081 3634 1132 Deus
3670 1079 3853 1132 omnia
3907 1079 4020 1133 alia

789 1158 1025 1212 crearet,
1064 1148 1220 1218 quasi
1253 1163 1359 1201 non
1395 1159 1541 1204 esset
1572 1150 1638 1202 de
1674 1165 1900 1204 numero
1928 1150 2172 1202 omnium
2203 1167 2216 1214 ;
2251 1164 2372 1218 cum
2408 1159 2588 1202 tamen
2624 1147 2727 1203 tale
2769 1148 3092 1218 principium
3129 1147 3401 1215 omnium,
3445 1149 3526 1202 ait
3559 1150 3918 1210 Athanasius,
3955 1148 4012 1202 iu

789 1219 1046 1273 omnibus
1076 1217 1724 1288 eonvinceretur,atque
1754 1220 1826 1272 ita
1856 1219 2154 1282 concludit,
2185 1217 2404 1272 differre
2439 1219 2671 1272 Verbum‘
2698 1217 3003 1272 substantia
3036 1229 3093 1272 et
3124 1229 3314 1273 natura
3349 1234 3376 1272 a
3405 1219 3696 1283 creaturis,
3732 1219 4022 1288 solumque

790 1292 967 1359 ipsum
994 1304 1120 1343 esse
1150 1289 1320 1342 solius
1346 1290 1460 1342 veri
1497 1289 1590 1343 Dei
1627 1289 1946 1361 imaginem,
1976 1290 2049 1342 lix
2095 1291 2292 1357 quibus
2330 1298 2482 1358 patet
2520 1289 2740 1358 angelos
2774 1288 3112 1361 antiquiores
3142 1303 3263 1343 esse
3306 1291 3469 1343 rebus
3502 1290 3895 1361 temporaneis,
3917 1301 4019 1361 _ut7

787 1358 916 1427 pote
956 1361 1267 1422 aeviternos,
1301 1374 1424 1412 cum
1453 1374 1625 1412 aevum
1658 1358 1900 1427 tempore
1928 1358 2203 1427 antiquius
2228 1361 2318 1423 sit,
2350 1374 2454 1412 non
2480 1374 2599 1412 esse
2627 1369 2803 1412 tamen
2836 1359 2944 1412 Deo
2971 1370 3298 1422 cozeternos,
3323 1376 3445 1412 cum
3479 1360 3760 1413 aeternitas
3783 1374 3878 1413 sua
3915 1358 4020 1427 ipsi

791 1431 1009 1498 propria
1044 1432 1138 1492 sit,
1163 1445 1264 1483 nec
1289 1428 1380 1481 ulli
1419 1429 1570 1484 alteri
1605 1429 2074 1483 comnmnicabilis
2100 1438 2383 1483 creaturae.
2414 1427 2488 1482 Ex
2515 1443 2620 1498 quo
2645 1429 2989 1484 manifestum
3015 1431 3093 1490 lit,
3124 1430 3256 1482 nihil
3289 1444 3462 1498 neque
3485 1439 3816 1498 temporum,
3843 1443 4022 1498 neque

788 1497 1137 1564 stec’ulorum,
1176 1515 1274 1552 nec
1300 1500 1592 1568 quidquam
1640 1515 1826 1553 eorum
1873 1514 1992 1568 quae
2021 1500 2074 1552 in
2121 1499 2255 1566 ipsis
2291 1497 2625 1567 temporibus
2653 1509 2748 1553 aut
2791 1499 3007 1554 saeculis
3045 1510 3190 1562 sunt,
3239 1497 3569 1554 coaeternum
3597 1497 3719 1554 esse
3755 1497 4021 1552 lnllnitati

791 1571 908 1633 Dei,
942 1585 1060 1637 qua:
1084 1571 1325 1623 omnium
1365 1584 1532 1624 causa
1566 1579 1671 1635 est,
1707 1578 1760 1623 et
1803 1584 1968 1637 supra
1994 1573 2175 1623 omnia
2201 1578 2302 1633 est,
2338 1581 2393 1621 et
2439 1568 2594 1634 cujus
2619 1570 2895 1623 voluntate
2931 1573 3111 1623 omnia
3141 1582 3204 1623 ex
3250 1571 3420 1623 nihilo
3453 1569 3599 1622 facta
3633 1583 3786 1634 sunt,
3832 1569 3951 1622 sive
3991 1581 4023 1618 ιι

789 1645 1058 1710 tempore,
1086 1641 1201 1694 sive
1231 1655 1260 1692 a
1289 1640 1489 1693 smeulo
1513 1656 1605 1695 seu
1630 1654 1745 1694 sevo
1770 1650 1946 1692 ortum
1985 1639 2260 1699 duxerint,
2295 1639 2469 1693 Simul
2498 1639 2664 1710 etiam
2696 1642 2897 1694 decens
2924 1641 3160 1703 videtur,
3199 1649 3258 1694 ut
3296 1639 3400 1694 illae
3445 1640 3810 1708 perfectiones
3834 1654 3960 1707 quae
3993 1653 4026 1690 ιι

787 1709 1182 1772 Βεοίιηιιιιξιιιι,
1216 1725 1335 1779 qua:
1363 1724 1392 1762 a
1425 1711 1692 1764 creaturis
1727 1709 2007 1774 αίτιατῶς,
2047 1711 2098 1763 id
2129 1719 2216 1762 est
2256 1723 2446 1779 create,
2484 1709 2900 1777 participantur,
2930 1712 3270 1776 antiquiores
3304 1711 3412 1764 sint
3449 1711 3564 1777 ipso
3595 1721 3859 1778 tempore,
3897 1723 4025 1762 cum

785 1796 896 1848 quo
932 1779 1195 1834 creaturae
1219 1777 1446 1842 tempori
1471 1780 1726 1846 subjectae
1752 1781 1868 1835 illas
1896 1781 2307 1849 participarunt.
2343 1777 2526 1850 Itaque
2547 1785 2810 1835 sanctitas
2844 1791 2898 1833 et
2925 1780 3162 1846 bonitas,
3196 1781 3461 1850 charitas,
3491 1780 3624 1842 vita,
3653 1777 3932 1850 sapientia
3969 1788 4027 1830 et

787 1852 907 1904 alia:
937 1850 1300 1919 perfectiones
1323 1850 1418 1904 Dei
1459 1865 1526 1904 ex
1567 1852 1677 1904 Deo
1707 1850 2020 1913 αἰτιατικῶς
2045 1889 2059 1910 ,
2099 1851 2152 1903 id
2185 1859 2266 1904 est
2309 1849 2604 1918 eﬂicieuter,
2656 1852 2771 1904 sive
2812 1852 3110 1905 causaliter
3172 1851 3533 1921 participatis,
3584 1867 3690 1905 non
3723 1849 4032 1919 coeperunt

785 1922 961 1976 creari
992 1932 1116 1975 cum
1153 1921 1434 1992 creatione
1478 1921 1732 1992 hominis,
1765 1923 1862 1975 sed
1899 1921 2201 1990 antiquius,
2232 1930 2362 1974 ante
2399 1927 2614 1990 tempus
2646 1921 2878 1987 scilicet,
2905 1935 3030 1975 cum
3064 1920 3239 1992 angeli
3279 1920 3534 1988 αἱωνίως,
3569 1921 3625 1976 id
3667 1931 3753 1977 est
3795 1925 3849 1976 in
3891 1935 4032 1984 seru,

785 2000 842 2048 et
870 2006 979 2049 non
1005 2002 1298 2060 coactet'ne,
1330 1989 1498 2045 Deum
1527 1988 1844 2046 laudabant.

1775 2260 1936 2334 506
1972 2258 2449 2314 PARAPHRASIS
2488 2257 2935 2314 casurusne:
2966 2259 3100 2332 (46).

854 2402 883 2474 §
913 2400 954 2455 l.
979 2400 1214 2470 Tempus
1241 2409 1324 2455 est
1345 2401 1509 2454 etiam
1535 2398 1742 2454 dicendi
1777 2399 1844 2452 de
1869 2397 2260 2462 omnitenente,
2288 2408 2344 2452 et

2513 2399 2539 2468 ἕ
2592 2398 2630 2453 Ι.
2683 2398 2888 2469 Καιρός
2933 2399 3047 2451 ἐστι
3089 2399 3182 2451 καὶ
3233 2399 3361 2470 περὶ
3401 2401 3864 2471 παντοκράτορος,
3924 2404 4028 2457 καὶ

781 2495 1051 2564 quomodo
1088 2510 1116 2546 a
1164 2492 1384 2548 Danicle
1418 2492 1557 2547 Deus
1598 2491 1856 2558 antiquus
1901 2493 2109 2545 dierum
2153 2492 2345 2561 appel-

783 2586 942 2642 letur.
980 2586 1186 2640 Dicitur
1217 2586 1398 2655 itaque
1423 2587 1764 2639 omnitenens
1790 2599 1817 2636 a
1859 2568 2170 2651 metaphora
2201 2582 2346 2637 radi-

783 2691 919 2734 catze
951 2695 1016 2733 ac
1043 2680 1241 2734 nativa:
1267 2689 1453 2747 petra',
1482 2679 1534 2732 in
1563 2695 1665 2748 qua
1695 2676 2097 2731 fundamentum
2136 2677 2346 2734 aedilicii

786 2774 1087 2842 ipsumque,
1132 2772 1419 2826 aedilicium
1466 2769 1744 2824 fundatur.
1796 2769 1996 2824 Deinde
2040 2784 2161 2822 cum
2212 2769 2349 2823 dixit

780 2865 961 2919 sedem
992 2863 1176 2916 omnia
1209 2862 1598 2928 continentem,
1638 2875 1704 2915 ne
1747 2860 1868 2930 quis
1895 2862 2213 2927 opinaretur
2262 2860 2346 2927 ip—

781 2971 898 3010 sum
935 2955 1036 3008 hoc
1077 2954 1298 3015 dixisse,
1342 2953 1486 3022 quod
1530 2954 1692 3006 rebus
1738 2952 1866 3020 ipsis
1917 2952 2116 3004 creatis
2169 2952 2349 3005 coexi-

781 3048 993 3110 stendo,
1021 3046 1170 3112 juxta
1213 3045 1478 3098 rationem
1515 3055 1677 3111 petra:
1703 3043 1754 3095 in
1789 3042 2034 3110 exemplo
2064 3042 2260 3106 allatzc,
2294 3051 2349 3097 et

781 3155 888 3194 non
920 3141 1262 3194 extrinsecus
1305 3139 1448 3207 ipsas
1481 3137 1777 3201 contineat,
1829 3137 2010 3190 subdit
2053 3138 2214 3192 etiam
2241 3153 2347 3192 .se-

780 3242 1009 3302 quentes
1039 3232 1324 3285 dictiones.
1367 3230 1648 3299 Siquidem
1698 3233 1762 3284 de
1800 3241 1948 3300 petra
1991 3245 2095 3284 non
2124 3230 2345 3296 dicitur,

780 3326 923 3394 quod
952 3334 1103 3393 petra
1136 3321 1431 3385 contineat,
1470 3322 1551 3376 vel
1587 3322 1791 3388 fundet,
1820 3322 1886 3376 de
1917 3323 2025 3376 Deo
2057 3333 2239 3376 autem
2266 3324 2346 3377 di-

780 3417 940 3480 citur,
968 3415 1106 3480 quod
1158 3415 1228 3467 sit
1266 3429 1426 3468 causa
1466 3412 1721 3477 eﬂiciens,
1755 3429 1820 3468 ex
1852 3429 1980 3483 qua,
2025 3429 2122 3469 ceu
2165 3416 2346 3470 radice

779 3507 1066 3570 eﬂiciente,
1093 3507 1275 3560 omnia
1323 3507 1714 3575 producuntur,
1751 3517 1807 3560 et
1841 3508 1905 3561 ad
1932 3522 2113 3575 quem,
2152 3523 2248 3562 seu
2277 3510 2344 3564 ad

779 3601 1004 3655 fundum
1031 3598 1353 3653 eﬂicientem
1378 3616 1439 3652 ac
1475 3597 1755 3668 providum
1788 3607 2198 3652 convertuntur.
2247 3598 2348 3654 Se-

779 3689 1015 3746 cundum
1040 3703 1198 3741 unam
1226 3699 1404 3742 autem
1435 3689 1926 3756 supereminentem
1953 3690 2340 3744 continentiam

777 3783 958 3838 omnia
1000 3783 1209 3847 munit;
1253 3783 1510 3850 quoniam
1546 3782 1722 3835 omnis
1760 3782 2040 3850 processio
2074 3782 2188 3848 Dei,
2224 3782 2340 3837 sive
2376 3757 2414 3812 Β

779 3871 846 3924 ad
889 3871 1206 3934 creandum,
1254 3871 1369 3924 sive
1413 3857 1477 3921 ad
1519 3868 1933 3937 providendum,
1975 3872 2131 3926 unica
2170 3882 2250 3927 est
2288 3883 2344 3928 et

776 3965 1034 4032 simplex,
1062 3963 1274 4017 tametsi
1310 3978 1395 4017 res
1417 3974 1614 4017 creatae
1637 3979 1700 4018 ac
1728 3966 1956 4033 provisae
1980 3966 2343 4023 diversimode

781 4059 894 4111 haec
927 4072 1154 4110 munera
1200 4056 1550 4124 participent.
1590 4055 1800 4111 Dicitur
1835 4057 1999 4112 etiam
2041 4057 2147 4112 alio
2182 4060 2343 4114 modo

777 4149 1143 4210 omniteneus,
1179 4149 1305 4217 quia
1335 4148 1590 4202 omnibus
1621 4148 1874 4216 imperat,
1905 4160 1960 4202 et
1999 4150 2341 4215 dominatur,

777 4252 835 4298 et
862 4239 1058 4296 sullicit
1090 4250 1325 4310 potestas
1352 4240 1468 4309 ejus
1495 4241 1745 4295 omnibus
1768 4243 1857 4311 qui
1897 4244 1963 4297 ab
1995 4243 2112 4313 ipso
2150 4245 2345 4313 guber-

777 4343 1011 4398 nantur;
1041 4333 1183 4401 quod
1216 4332 1268 4384 iu
1302 4331 1517 4401 regibus
1546 4333 1773 4388 terrenis
1805 4335 1983 4388 locum
2017 4351 2120 4389 non
2152 4336 2339 4400 habet,

778 4425 1040 4493 quoniam
1072 4423 1202 4477 viris
1252 4423 1717 4491 prmstautioribns
1746 4439 1882 4492 opus
1907 4425 2104 4481 habent
2138 4429 2204 4481 ad
2242 4444 2345 4497 gu-

777 4513 1144 4569 bernandum.
1171 4511 1321 4578 Quod
1353 4512 1395 4566 si
1430 4526 1562 4566 vero
1583 4521 1636 4565 et
1665 4514 1765 4582 ipsi
1795 4513 2006 4583 aliquos
2043 4531 2138 4585 per
2166 4532 2224 4572 se
2258 4528 2345 4571 re-

778 4619 924 4682 gant,
956 4607 1188 4677 negotiis
1211 4606 1609 4676 quodammodo
1636 4623 1693 4661 se
1723 4609 2024 4678 implicare,
2049 4619 2104 4666 et
2132 4627 2250 4680 qua:
2279 4615 2344 4667 ad

777 4717 869 4756 eos
907 4707 1158 4770 Spectant
1203 4698 1414 4752 discere
1467 4700 1689 4765 debent,
1737 4712 1796 4753 ut
1836 4716 2027 4756 secure
2075 4703 2340 4770 praesint:

777 4810 964 4849 verum
1005 4793 1149 4847 Deus
1185 4791 1590 4859 omnipotenter
1629 4793 1966 4856 dominatur,
2005 4805 2057 4848 et
2112 4797 2345 4852 innuiste

781 4899 994 4959 pricest.
1019 4888 1228 4941 Dicitur
1257 4887 1594 4941 omnitenens
1621 4888 1807 4953 etiam,
1829 4898 1885 4942 ut
1917 4889 2167 4947 omnibus
2192 4906 2342 4942 ama-

779 4981 907 5036 bilis
942 4991 996 5033 et
1035 4979 1446 5044 desiderabilis;
1483 4978 1738 5046 quoniam
1773 4980 1839 5033 ab
1882 4982 1999 5049 ipso
2027 4984 2212 5036 omnia
2245 4999 2341 5037 vo-

780 5072 1016 5127 luntarie
1051 5073 1447 5141 gubernantur,
1485 5083 1541 5124 et
1571 5087 1695 5140 erga
1729 5073 1901 5140 ipsum
1942 5074 2128 5128 divino
2161 5090 2344 5130 amore

780 5168 1048 5228 feruntur,
1083 5165 1152 5217 ita
1186 5175 1241 5215 ut
1271 5164 1415 5217 nulla
1443 5166 1644 5218 existat
1673 5165 1966 5232 dissensio,
1997 5167 2142 5221 nulla
2173 5167 2338 5223 invita

778 5270 834 5314 et
862 5259 1098 5313 violenta
1133 5257 1347 5319 tractio,
1369 5267 1699 5325 quapropter
1720 5258 2139 5312 omnitenentem
2163 5260 2339 5330 digni-

784 5364 947 5407 tatem
977 5351 1182 5404 habere
1228 5348 1576 5416 perhibetur;
1630 5348 1761 5400 nihil
1795 5350 1938 5403 enim
1971 5351 2209 5407 habenas
2249 5369 2341 5407 ex-

780 5446 940 5504 cutit,
977 5439 1113 5495 nihil
1145 5439 1502 5500 contravenit,
1534 5438 1665 5492 nihil
1696 5441 1898 5502 obstat,
1933 5442 2063 5494 nihil
2092 5453 2339 5497 coactum

780 5534 1104 5598 succumbit,
1133 5532 1226 5586 sed
1257 5531 1437 5584 omnia
1465 5541 1716 5602 tanquam
1741 5543 2006 5588 creatura:
2038 5550 2155 5604 quae
2178 5536 2341 5592 Creo-

860 5679 875 5710 ‘
914 5674 1119 5728 Coloss.
1159 5692 1194 5736 ι,
1236 5672 1319 5726 16.

2448 2491 2596 2554 ὅπως
2620 2489 2843 2553 παλαιὸς
2861 2489 3082 2561 ἡμερῶν
3103 2489 3251 2560 παρὰ
3271 2489 3348 2562 τῷ
3369 2490 3562 2561 Δανιὴλ
3584 2491 3799 2559 λέγεται
3821 2494 3848 2545 ὁ
3869 2493 4032 2556 θεὸς,

2449 2584 2640 2635 είπεῖν.
2673 2580 2902 2650 Λέγεται
2941 2581 3117 2634 τοίνυν
3151 2581 3540 2651 παντοκράτωρ
3565 2582 3671 2635 ἀπὸ
3709 2587 4033 2655 μεταφορᾶς

2448 2675 2821 2746 ὲρῤιζωμένης
2847 2674 2940 2726 καί
2979 2673 3257 2744 συμφύτου
3284 2674 3510 2746 πέτρας,
3539 2674 3621 2743 ἐφ’
3662 2671 3729 2746 ἧς
3769 2677 3797 2730 ὅ
3831 2694 3893 2729 τε
3937 2677 4034 2730 θε-

2452 2766 2634 2837 μέλιος
2676 2766 2769 2820 τοῦ
2816 2765 3243 2837 οἰκοδομήματος
3280 2767 3374 2820 καὶ
3414 2768 3544 2820 αὐτὸ
3582 2767 3642 2820 τὸ
3682 2768 4032 2840 οἰκοδόμημα

2449 2857 2749 2928 ἐδράζεται.
2782 2852 2912 2908 Εἶτα
2937 2854 3105 2909 εἰπὼν
3134 2856 3459 2927 συνέχουσαν
3485 2855 3583 2927 τὴν
3611 2858 3792 2929 ἕδραν,
3828 2859 3915 2911 ἵνα
3943 2861 4031 2931 μή

2447 2966 2528 3013 τις
2564 2949 2859 3020 ὑπονοήσῃ,
2888 2948 2971 3000 ὅτι
2998 2944 3156 2999 τοῦτο
3191 2942 3312 3000 εἶπε
3345 2947 3432 3001 διὰ
3457 2948 3518 3001 τὸ
3545 2951 3602 3001 ἐν
3631 2950 3706 3019 τῷ
3739 2946 3879 3004 εἶναι
3922 2955 4034 3006 σὺν

2448 3042 2630 3104 αὐτοῖς
2655 3043 2768 3113 τοῖς
2813 3040 3072 3110 κτίσμασι
3105 3041 3368 3110 συνέχειν,
3409 3039 3655 3111 καθάπερ
3684 3042 3785 3111 τὴν
3825 3060 4036 3113 προτε-

2450 3133 2630 3185 θεῖσαν
2661 3133 2741 3194 εὶς
2777 3130 3170 3200 ὐπώείγματος
3200 3130 3355 3199 λόγον
3381 3131 3603 3200 πέτραν,
3637 3135 3727 3186 καὶ
3758 3135 3859 3187 οὐκ
3891 3134 4037 3200 ἔξω·

2450 3225 2569 3288 θεν,
2610 3225 2857 3296 ἐπιφέρει
2904 3225 2997 3276 καὶ
3034 3223 3133 3287 τὰς
3168 3223 3477 3287 ἐπιλοίπους
3528 3222 3717 3288 λέξεις.
3757 3225 3879 3279 Ἐπὶ
3910 3227 4035 3298 γὰρ

2445 3318 2545 3388 τῆς
2571 3318 2773 3389 πέτρας
2802 3318 2860 3371 οὐ
2889 3317 3123 3387 λέγεται,
3155 3318 3236 3369 ὅτι
3260 3319 3292 3387 ἡ
3327 3318 3503 3388 πέτρα
3531 3318 3772 3387 περιέχει
3800 3318 3834 3388 ἢ
3859 3318 4035 3389 θεμε-

2447 3411 2582 3463 λιοί·
2618 3411 2710 3464 ἐπὶ
2739 3410 2795 3462 δὲ
2827 3409 2920 3462 τοῦ
2954 3409 3088 3462 Θεοῦ
3131 3409 3368 3479 λέγεται,
3405 3410 3486 3462 ὅτι
3520 3409 3798 3479 ποιητικὸς
3848 3411 4034 3478 αἴτιός

2448 3506 2612 3569 ἐστιν,
2664 3503 2722 3569 ἐξ
2752 3498 2812 3558 οὗ
2857 3505 2951 3557 καὶ
2998 3505 3073 3567 ὼς
3111 3505 3176 3556 ἐκ
3216 3504 3371 3575 ῥίζης
3407 3505 3694 3575 ποιητικῆς
3722 3505 3792 3558 τὰ
3839 3509 4032 3562 πάντα

2447 3597 2793 3669 προάγονται,
2821 3598 2913 3650 καὶ
2940 3598 3018 3659 είς
3040 3595 3119 3661 ὃν,
3142 3595 3217 3658 ὡς
3244 3599 3323 3660 είς
3351 3597 3596 3667 πυθμένα
3623 3599 3903 3667 ποιητικὸν
3927 3602 4036 3656 καὶ

2448 3689 2822 3762 προνοητικὸν,
2843 3689 3276 3760 ἐπιστρέφονται.
3305 3689 3460 3742 Κατὰ
3491 3690 3617 3760 μίαν
3647 3691 3703 3744 δὲ
3725 3691 4036 3764 ὑπερέχου-

2443 3800 2540 3837 σαν
2571 3782 2796 3854 συνοχὴν
2819 3781 2886 3834 τὰ
2928 3781 3102 3835 πάντα
3131 3780 3569 3850 ἐξασφαλίζεται,
3606 3783 3685 3835 ὃτι
3711 3785 3862 3838 πᾶσα
3889 3787 4035 3857 πρό-

2441 3877 2556 3940 οδος
2579 3876 2671 3928 ἐπὶ
2691 3874 2846 3938 Θεοῦ,
2866 3874 2968 3926 κᾶν
2990 3876 3068 3937 είς
3093 3873 3152 3926 τὸ
3183 3874 3407 3938 κτίζειν,
3433 3875 3534 3927 κᾶν
3556 3877 3636 3939 είς
3657 3876 3717 3929 τὸ
3743 3881 4030 3947 προνοεῖν,

2443 3971 2615 4023 ἐνιαία
2645 3968 2738 4022 καὶ
2775 3966 2918 4036 άπλῆ
2949 3969 3117 4031 ἐστιν,
3160 3969 3209 4020 εί
3254 3968 3344 4021 καὶ
3378 3968 3446 4021 τὰ
3487 3969 3782 4039 κτιζόμενα
3816 3973 3912 4024 καὶ
3950 3972 4030 4028 τὰ

2443 4063 2809 4135 προνοούμενα
2836 4061 3101 4131 διαφόρως
3126 4060 3236 4113 τῶν
3266 4060 3480 4131 δωρεῶν
3505 4061 3805 4132 μετέχουσι.
3851 4063 4037 4132 Λέγε-

2443 4173 2531 4209 ται
2551 4154 2940 4224 παντοκράτωρ
2971 4153 3063 4205 κα¹ι
3090 4152 3210 4205 καθ’
3233 4152 3418 4222 ἕτερον
3442 4152 3660 4224 τρόπον,
3691 4155 3772 4206 ὃτι
3797 4156 4033 4211 πάντων

2443 4249 2650 4316 κρατεῖ,
2684 4246 2776 4298 καὶ
2797 4243 3117 4308 ἐξουσιάζει,
3145 4244 3238 4296 καὶ
3262 4245 3495 4315 ἐπαρκεῖ
3527 4246 3560 4315 ἡ
3591 4243 3806 4309 ἐξουσία
3847 4247 4030 4303 αὑτοῦ

2441 4341 2554 4400 τοῖς
2579 4337 2964 4406 διοικουμένοις
2994 4336 3216 4398 ἅπασιν,
3244 4337 3379 4407 ὅπερ
3405 4337 3496 4388 ἐπὶ
3523 4336 3630 4391 τῶν
3656 4339 3746 4390 ἐπὶ
3781 4339 3883 4408 γῆς
3917 4339 4032 4408 βα-

2447 4428 2637 4481 σιλέων
2664 4429 2763 4481 οὐκ
2786 4428 2924 4491 ἔστι,
2948 4426 3028 4479 διὸ
3056 4427 3148 4480 καὶ
3183 4427 3289 4480 τῶν
3331 4427 3585 4496 συνδιαφε
3596 4427 3794 4498 ρόντων
3831 4429 4030 4496 αὐτοῖς

2443 4521 2543 4592 τὴν
2578 4520 2752 4591 ἀρχὴν
2783 4519 3009 4571 δέονται.
3041 4518 3103 4570 Ei
3127 4517 3183 4569 δέ
3224 4533 3384 4570 τινων
3418 4518 3512 4570 καὶ
3553 4516 3643 4584 ἀφ’
3683 4517 3889 4570 ἑαυτῶν
3921 4518 4030 4589 ἀρ-

2445 4629 2644 4682 χουσιν,
2676 4609 2787 4663 ἀλλ’
2817 4605 2908 4663 οὖν
2942 4608 3257 4680 μιγνύμενοι
3299 4603 3409 4662 οἷον
3442 4610 3555 4672 τοῖς
3584 4609 3887 4679 πράγμασι,
3923 4612 4031 4663 καὶ

2447 4703 2803 4773 μανθάνοντες
2823 4701 2890 4753 τὰ
2919 4700 3046 4770 περὶ
3074 4699 3298 4763 τούτων,
3326 4698 3496 4762 οὕτως
3531 4699 3786 4768 ἀσφαλῶς
3817 4699 4030 4770 ἄρχου-

2447 4813 2546 4850 σιν.
2591 4797 2646 4847 ὐ
2670 4795 2726 4847 δὲ
2753 4794 2885 4857 Θεὸς
2927 4794 3257 4865 παγκρατῶς
3289 4793 3612 4859 ἐξουσιάζει,
3647 4794 3739 4845 καὶ
3780 4795 4032 4864 ἐπαρκεῖ

2444 4889 2677 4960 ἀμιγῶς.
2704 4888 2933 4957 Λέγεται
2959 4888 3351 4959 παντοκράτωρ
3403 4889 3494 4940 καὶ
3522 4887 3596 4951 ὼς
3630 4890 3791 4941 πᾶσιν
3820 4887 4029 4956 ἐφετδς

2446 4985 2537 5036 καὶ
2580 4981 2910 5050 ἐπέραστοςο
2951 4981 3030 5033 διὸ
3063 4981 3170 5051 γὰρ
3210 4980 3526 5044 ἐθελουσίως
3565 4980 3633 5033 τὰ
3664 4981 3840 5033 πάντα
3881 4986 4028 5054 ἰ’-..αρ’

2447 5073 2608 5128 αὑτοῦ
2632 5075 2904 5145 ἄρχονται,
2931 5075 3024 5127 καὶ
3051 5073 3192 5126 θεῖον
3234 5073 3412 5142 ἔρωτα
3435 5073 3568 5144 πρὸς
3592 5073 3751 5125 αὑτὸν
3776 5073 4028 5142 ἔχουσιν,

2446 5169 2696 5240 οὐδεμιᾶς
2735 5167 3051 5238 δυσμενείας
3084 5165 3270 5235 οὕσης,
3311 5166 3430 5218 οὐδὲ
3468 5167 3719 5218 ἀκουσίου
3755 5166 3897 5230 τινὸς
3926 5169 4031 5222 καὶ

2451 5259 2623 5329 βιαίου
2651 5257 2834 5327 ὁλκῆς,
2879 5257 2965 5309 διὰ
3001 5255 3158 5308 τοῦτο
3187 5256 3245 5307 τὸ
3285 5256 3772 5327 παντοκρατορικὸν
3797 5256 4030 5324 λέγεται

2447 5353 2588 5425 ἔχειν
2608 5350 2820 5421 ἀξίωμα
2843 5367 2855 5380 ⁸
2882 5350 3030 5403 οὐδὲν
3055 5349 3162 5420 γάρ
3183 5350 3491 5419 ἀφηνιάζει,
3515 5349 3663 5403 οὐδὲν
3692 5350 4026 5417 ἀντιϐαίνει,

2450 5446 2598 5498 οὐδὲν
2632 5444 2967 5506 ἀνθίσταται,
2996 5442 3145 5494 οὐδὲν
3172 5441 3486 5513 βιαζόμενον
3527 5441 3845 5507 ὑποπίπτει,
3879 5444 4029 5499 ἀλλὰ

2450 5539 2642 5601 πάντα,
2670 5535 2743 5600 ὡς
2770 5538 3047 5607 ποιήματα
3069 5534 3156 5587 τὸν
3182 5534 3512 5604 παραγωγέα
3534 5534 3732 5598 εἰδότα,
3756 5535 3848 5589 τὸν
3879 5537 4029 5607 πρὸς

851 5833 964 5904 (66)
1012 5833 1143 5888 Vide
1169 5832 1300 5888 Sch.
1339 5830 1396 5888 S.
1420 5830 1659 5897 Maximi,
1694 5837 1820 5885 tom.
1858 5828 1920 5898 ll,
1955 5845 2076 5902 cap.
2102 5829 2166 5883 lO
2230 5829 2307 5886 Dc
2336 5830 2497 5885 dii-in.
2533 5830 2734 5885 nomin.
