4176 6314
170 351 272 406 965

740 341 827 397 DE
859 338 1109 394 DIVINIS
1143 335 1535 397 NOMINIBUS,
1571 331 1728 390 CAP.
1767 327 1831 384 Χ.
1868 357 1938 371 ς-
1970 323 2314 380 PABAPHR.
2352 318 2820 377 PACHYMERzE.

3291 315 3394 371 θιο

163 469 324 522 αὑτὶν
357 467 500 520 θεῖον
533 462 810 518 ὠδίνουσιν
849 460 1042 530 ἔρωτα.
1092 461 1153 512 Ἦ
1184 460 1240 512 δὲ
1274 457 1438 522 λέξις,
1477 454 1581 507 ἀπὸ
1623 451 1729 504 τῶν

1837 456 2005 499 torem
2036 451 2320 514 agnoscant
2361 440 2601 493 divinum
2632 451 2756 505 erga
2792 436 2963 503 ipsum
2995 447 3233 485 amorem
3267 445 3393 495 par-

163 557 536 628 κυῖσκομένων
559 556 843 624 ληφθεῖσα,
871 552 1023 626 δηλοῖ
1054 552 1149 622 τὴν
1188 545 1298 603 οἷον
1328 549 1385 599 ὲν
1412 547 1545 616 ἡμῖν
1574 559 1728 611 φυσι-

162 651 265 721 κὴν
303 649 563 711 διάθεσιν,
589 646 682 699 καὶ
710 644 800 713 ἀφ’
824 642 980 714 ἡμῶν
1005 640 1233 710 φυσικὴν
1265 639 1438 710 ὁρμὴν
1481 635 1616 706 πρὸς
1641 634 1731 688 τὸν

160 740 494 812 δημιουργὸν
519 739 609 790 καὶ
631 736 860 807 κίνησιν.
905 734 993 798 Ὦς
1019 733 1126 803 γὰρ
1157 734 1190 802 ἡ
1211 731 1301 800 γῆ,
1334 725 1729 799 θερμαινομένη

161 832 241 902 τῷ
275 831 432 902 ἡλίῳ,
463 829 599 900 πρὸς
629 829 821 890 ὠδῖνας
848 825 1189 896 διεγείρεται,
1228 820 1367 873 οὕτω
1413 818 1504 870 καὶ
1531 818 1563 886 ἡ
1593 831 1729 884 καρ-

159 926 272 988 δία,
321 924 382 976 τὸ
419 920 646 994 ὲραστδν
689 921 746 972 ὲν
787 919 954 988 ἑαυτῇ
993 914 1380 988 περιφέρουσα,
1424 908 1600 963 ὠδίνει
1639 905 1730 960 τὸν

161 1014 368 1085 ἔρωτα.

233 1211 262 1283 §
301 1212 367 1262 ll.
406 1207 640 1272 Παλαιὸς
667 1208 722 1261 δὲ
751 1207 973 1280 ἡμερῶν
1000 1207 1249 1278 ὑμνεῖται
1305 1205 1334 1256 6
1374 1201 1506 1266 Θεὸς
1547 1200 1635 1255 διὰ
1671 1199 1733 1252 τὸ

161 1297 302 1356 εἶναι
325 1302 418 1355 τὸν
441 1300 600 1354 αὑτὸν
632 1299 802 1353 αἰῶνα
821 1301 930 1351 τῶν
956 1298 1185 1351 αἰωνίων
1211 1296 1454 1364 ἀγγέλων
1474 1311 1486 1324 ⁸
1512 1292 1732 1354 τούτους

158 1396 276 1465 γάρ
311 1390 430 1447 εἷπε
469 1393 730 1463 πρότερον
752 1391 1020 1454 αἰωνίους,
1056 1390 1130 1453 ὼς
1165 1389 1358 1453 αἰῶνος
1390 1387 1729 1461 μετέχοντας,

157 1486 221 1538 οὐ
268 1484 374 1554 μὴν
402 1483 457 1535 δὲ
484 1483 558 1546 ὼς
589 1483 877 1553 ἀνάρχους.
905 1480 1110 1550 Χρόνον
1139 1479 1195 1532 δὲ
1229 1477 1338 1530 τῶν
1380 1477 1485 1530 ὑπὸ
1525 1475 1729 1546 χρόνον,

159 1577 420 1630 ἁπάντων
448 1575 685 1643 δηλονότι
711 1573 818 1626 τῶν
849 1572 1148 1641 γεγονότων
1181 1570 1315 1642 μετά
1348 1570 1446 1641 τὴν
1477 1585 1735 1639 παραγω-

159 1668 268 1738 γὴν
305 1665 397 1718 τοῦ
427 1665 672 1736 οὐρανοῦ,
716 1661 776 1718 οὗ
820 1667 886 1734 τῇ
921 1665 1131 1734 κινήσει
1161 1665 1188 1717 6
1218 1663 1404 1734 χρόνος
1434 1660 1730 1728 εἰσάγεται.

160 1759 395 1826 Λέγεται
438 1757 493 1809 δὲ
528 1757 620 1808 καὶ
654 1756 842 1827 χρόνος
877 1757 969 1808 καὶ
1008 1754 1140 1807 αἰὼν
1181 1756 1273 1808 καὶ
1310 1755 1494 1824 ἡμέρα
1529 1756 1556 1807 6
1600 1753 1733 1818 Θεὸς

161 1849 504 1920 θεοπρεπῶς,
530 1849 604 1911 ὡς
634 1847 1025 1918 άμετάϐλητος,
1049 1846 1130 1898 ὅτι
1157 1845 1223 1898 τά
1253 1846 1426 1898 πάντα
1448 1847 1505 1897 ὲν
1527 1844 1732 1908 τούτοις

164 1941 626 2013 μεταϐάλλονται·
664 1939 800 1993 αὑτά
847 1939 904 1990 δὲ
940 1937 1289 2008 ἀμετάϐλητα
1331 1939 1547 2008 μένουσι
1595 1938 1734 1991 κατά

160 2033 227 2085 τὸ
266 2028 404 2084 εἶναι
441 2031 662 2102 χρόνους
701 2031 794 2083 καὶ
830 2029 1064 2099 ἡμέρας.
1110 2026 1172 2081 Εἰ
1210 2028 1318 2099 γὰρ
1355 2028 1736 2099 μετεϐάλλοντο

163 2126 287 2176 κατ’
314 2123 373 2174 οὺ
385 2123 522 2185 σίαν,
559 2123 706 2174 πᾶσα
739 2121 794 2172 δὲ
828 2119 1094 2190 μεταϐολὴ
1125 2123 1182 2173 ὲν
1211 2120 1405 2191 χρόνῳ,
1431 2119 1618 2190 ἔμελλε
1642 2122 1734 2174 καὶ

163 2215 199 2287 ἡ
242 2213 511 2284 μεταϐολὴ
536 2213 630 2265 τοῦ
662 2213 850 2283 χρόνου
881 2214 938 2264 έν
970 2213 1144 2283 χρόνῳ
1179 2213 1441 2281 γίνεσθαι,
1473 2213 1565 2265 καὶ
1598 2213 1736 2282 ποίῳ

161 2304 340 2375 τούτῳ
362 2305 462 2356 οὐκ
483 2299 598 2356 οἶδα
617 2320 628 2333 ·
663 2304 803 2356 κατὰ
842 2304 902 2356 τὸ
934 2301 1072 2356 εἶναι
1105 2304 1159 2356 δὲ
1193 2305 1379 2374 χρόνον
1410 2304 1499 2356 καὶ⁴
1529 2303 1735 2374 ἠμέρας

165 2392 288 2448 εἷπε
337 2395 398 2447 τὸ
440 2395 614 2447 αὐτῶν
667 2395 1060 2465 ἀμετάϐλητον.
1121 2395 1272 2448 Ἐπεὶ
1319 2394 1671 2465 παρακατιὼν
1707 2398 1735 2449 6

166 2486 322 2553 ἆγιος
365 2487 423 2537 έν
453 2485 748 2539 ἀλλοιώσειο
772 2486 914 2538 εἴποι
948 2488 1040 2540 τὸν
1069 2489 1258 2557 χρόνον
1283 2505 1294 2518 ο
1331 2487 1359 2540 ὃ
1400 2490 1491 2540 καὶ
1521 2488 1730 2540 δοτέον·

166 2573 325 2644 θέρος
358 2573 466 2644 γὰρ
501 2577 592 2627 καὶ
634 2575 750 2646 ἔαρ,
784 2576 1119 2648 φθινόπωρον
1152 2579 1240 2630 καὶ
1283 2576 1507 2647 χειμὼν,
1551 2582 1606 2632 αἱ
1641 2578 1734 2631 τοῦ

165 2669 363 2738 χρόνου
400 2666 727 2728 ἀλλοιώσεις.
754 2667 908 2720 Οὕτω
935 2668 1062 2737 γοῦν
1089 2669 1401 2740 θεοπρεπῶς
1439 2671 1530 2722 καὶ
1557 2672 1583 2723 ό
1606 2669 1735 2734 Θεὸς

166 2759 254 2811 ἀεὶ
304 2756 614 2826 κινούμενος
660 2758 744 2826 ἐφ’
792 2759 982 2811 ἑαυτοῦ
1021 2760 1189 2828 μένει.
1243 2760 1351 2812 Καὶ
1400 2760 1604 2830 τρίτον,
1653 2763 1736 2814 ὅτι

169 2852 264 2904 καὶ
297 2850 372 2912 ὡς
407 2851 572 2914 αἴτιος
605 2853 783 2906 αὐτῶν
805 2871 817 2882 ·
867 2853 1124 2924 ἐλέγομεν
1172 2854 1278 2926 γὰρ
1312 2858 1402 2909 καὶ
1451 2856 1736 2928 πρότερον,

167 2943 251 2994 ὅτι
283 2940 354 2993 τὰ
388 2942 565 2996 πάντα
610 2943 824 3011 λέγεται
857 2947 884 2997 ό
915 2945 1047 3008 Θεὸς
1079 2946 1154 3008 ὼς
1186 2946 1354 3010 αἴτιος
1406 2949 1468 3000 ἐκ
1513 2946 1620 3000 τῶν
1653 2949 1737 2999 αἰ·-

167 3031 391 3097 τιατῶν,
427 3034 473 3085 εἰ
507 3023 597 3086 καί
631 3035 768 3104 ὑπὲρ
798 3034 971 3089 πάντα
1003 3037 1138 3089 ἐστι.
1175 3037 1265 3088 Διὸ
1300 3039 1391 3090 καὶ
1424 3037 1604 3100 πολιὸς
1641 3037 1738 3106 μὲν

1835 536 2063 589 turiunt.
2123 529 2454 585 Vocabulum
2501 537 2682 581 autem
2732 526 2834 579 ltoe
2887 538 2917 577 a
2968 521 3394 592 parturientibus

1830 637 2139 693 acceptum,
2170 623 2414 678 declarat
2440 619 2841 691 quodammodo
2881 615 2932 668 in
2967 615 3121 669 nobis
3151 612 3396 667 affectio-

1832 735 1954 772 nem
1986 715 2308 778 naturalem,
2348 723 2403 767 et
2431 729 2461 765 a
2488 722 2679 766 natura
2718 711 2876 763 nobis
2907 708 3124 761 insitam
3164 721 3395 775 propen-

1831 810 2034 865 sionem
2089 824 2154 863 ac
2203 805 2493 860 motionem
2541 803 2608 857 ad
2662 802 2998 857 Creatorem.
3048 799 3201 854 Sicut
3249 800 3394 852 enim

1832 909 1974 954 terra
2003 899 2116 953 sole
2140 895 2398 952 calefacta
2434 895 2500 947 ad
2544 893 2888 963 paritudines
2918 899 3275 960 provocatur;
3312 889 3393 943 sic

1830 1001 1886 1048 et
1908 1005 2027 1055 cor,
2065 990 2116 1043 id
2146 987 2289 1057 quod
2314 985 2548 1041 amabile
2579 994 2661 1039 est
2692 983 2744 1036 in
2779 982 2955 1052 seipso
2983 980 3393 1044 circumferens,

1831 1096 2073 1138 amorem
2101 1077 2362 1150 parturit.

1904 1195 2061 1268 507
2084 1193 2112 1265 ᾗ
2141 1192 2206 1247 ιι.
2227 1191 2500 1260 Antiquus
2521 1203 2651 1242 vero
2673 1187 2880 1240 dierum
2903 1183 3211 1239 celebratur
3232 1183 3394 1248 Deus,

1831 1289 1959 1358 quia
2005 1288 2124 1355 ipse
2154 1292 2240 1338 est
2282 1296 2454 1337 aevum
2486 1279 2800 1347 angelorum
2835 1275 3255 1338 aaviternnrum;
3299 1274 3397 1326 hos

1833 1383 1978 1435 enim
2003 1388 2166 1431 antea
2195 1385 2429 1430 azternos
2459 1373 2693 1435 dixerat,
2717 1370 2860 1438 quod
2887 1368 3212 1436 participent
3242 1375 3399 1418 aeter-

1835 1477 2078 1536 nitatem,
2138 1487 2243 1523 non
2293 1482 2425 1521 vero
2471 1464 2612 1535 quod
2665 1461 2916 1532 principii
2961 1471 3210 1529 expertes
3266 1460 3395 1512 sint.

1834 1565 2068 1632 Tempus
2095 1573 2273 1614 autem
2313 1573 2501 1612 eorum
2535 1570 2654 1624 (lure
2695 1561 2822 1607 sunt
2863 1551 3109 1619 subjecta
3145 1548 3394 1617 tempori,

1834 1656 1886 1710 id
1916 1664 1999 1710 est
2030 1667 2220 1708 eorum
2254 1649 2496 1702 onmiuin
2530 1662 2648 1714 qua:
2684 1643 2826 1697 facta
2863 1652 2985 1696 sunt
3018 1651 3138 1708 post
3171 1640 3395 1702 caelum,

1834 1765 1897 1804 ex
1934 1746 2084 1814 cujus
2119 1753 2264 1798 motu
2313 1741 2498 1795 existit
2532 1750 2761 1807 tempus.
2798 1735 3003 1790 Dicitur
3038 1743 3220 1786 autem
3258 1732 3399 1783 Deus

1834 1850 1887 1896 et
1918 1851 2161 1906 tempus,
2199 1847 2252 1891 et
2282 1849 2480 1895 anum,
2531 1841 2586 1888 et
2631 1831 2747 1883 dies
2785 1842 2848 1881 eo
2884 1825 3040 1880 modo
3077 1839 3183 1893 quo
3231 1823 3397 1875 Deum

1836 1935 2008 1998 decet,
2040 1939 2310 2000 quatenus
2352 1923 2710 1980 immutabilis
2754 1929 2870 1984 est;
2918 1918 3173 1988 quoniam
3217 1913 3398 1967 omnia

1835 2044 1953 2097 qua)
1990 2033 2115 2080 sunt
2162 2025 2215 2076 in
2268 2022 2351 2075 his
2406 2016 2754 2072 mutationem
2793 2012 3035 2080 capiunt,
3083 2009 3198 2077 ipsa
3244 2019 3396 2069 vero,

1835 2130 2098 2190 quatenus
2142 2125 2382 2183 tempora
2419 2120 2472 2166 et
2511 2109 2630 2162 dies
2676 2119 2821 2167 sunt,
2863 2105 3144 2155 immutata
3183 2087 3398 2170 perma-l

1838 2221 1985 2267 nent.
2011 2209 2141 2263 Nam
2175 2207 2216 2260 si
2251 2205 2547 2261 secundum
2579 2199 2865 2254 essentiam
2893 2203 3245 2257 mutarentur,
3278 2205 3397 2245 cum

1835 2300 2009 2355 ontnis
2043 2298 2266 2351 mutatio
2307 2297 2358 2348 in
2399 2303 2641 2362 tempore
2677 2290 2790 2351 ﬁat,
2828 2289 3050 2341 deberet
3081 2285 3244 2338 etiam
3278 2297 3398 2334 mu-

1839 2391 1970 2444 tatio
2021 2385 2280 2456 temporis
2325 2384 2378 2436 in
2417 2393 2664 2449 tempore
2704 2378 2842 2441 lieri,
2880 2375 3026 2445 quali
3061 2381 3242 2426 autem
3287 2370 3399 2434 illo,

1838 2498 1943 2536 non
1975 2482 2122 2546 scio;
2164 2487 2428 2547 quatenus
2471 2486 2652 2526 autem
2691 2471 2807 2524 dies
2850 2479 3056 2535 tempus
3089 2475 3234 2529 sunt,
3266 2463 3404 2517 dixit

1838 2575 1904 2629 iis
1925 2587 2142 2642 quoque
2161 2579 2468 2637 competere
2489 2562 3002 2618 in‘nmttabilitatem.
3029 2559 3159 2612 Cum
3196 2557 3247 2608 in
3277 2570 3405 2623 pro-

1840 2682 2025 2736 gressu
2073 2666 2158 2718 hic
2205 2672 2423 2716 sanctus
2470 2659 2688 2720 dixerit,
2740 2663 2947 2719 tempus
2997 2653 3046 2703 in
3098 2649 3401 2702 imitatione

1841 2760 2178 2821 coasistere;
2215 2757 2315 2809 hoc
2348 2755 2511 2807 etiam
2543 2747 2944 2804 concedendum
2977 2755 3062 2798 εει
3092 2759 3105 2794 :
3138 2740 3402 2808 siquidem

1841 2861 2001 2905 mstas
2044 2858 2099 2902 et
2147 2863 2259 2912 ver,
2318 2854 2608 2898 autumnus
2660 2849 2715 2894 et
2765 2840 2937 2892 hiems
2971 2843 3096 2889 sunt
3149 2830 3404 2899 temporis

1843 2942 2187 2995 mutationes.
2232 2939 2324 2991 Sic
2367 2937 2550 3003 itaque
2577 2934 2738 2986 etiam
2768 2931 2927 2992 Deus,
2957 2927 3114 2980 modo
3141 2924 3248 2976 Deo
3276 2937 3403 2974 con-

1844 3028 2102 3091 venienti,
2138 3040 2352 3094 semper
2397 3033 2572 3076 motus
2625 3022 2676 3073 in
2721 3020 2898 3088 seipse
2933 3023 3230 3085 permanet.
3272 3011 3405 3064 Ter-

167 3123 329 3214 ὤφθη
362 3123 438 3194 τῷ
470 3125 685 3193 Δανιὴλ,
722 3103 916 3197 λευκὴν
962 3128 1098 3196 ἔχων
1132 3128 1371 3199 κεφαλὴν
1404 3129 1534 3180 ὡσεὶ
1566 3103 1732 3198 ἔριον,

1844 3122 1918 3175 ιίο
1941 3121 2100 3174 etiam
2133 3131 2384 3186 tanquam
2424 3125 2614 3166 auctor
2645 3125 2868 3172 eorum;
2907 3107 3216 3162 dicebamus
3260 3103 3403 3156 enim

2066 3211 2091 3214 _
2398 3207 2408 3214 .
2497 3205 2524 3214 ..
2569 3205 2579 3214 ι
2932 3213 2938 3214 ,
3119 3212 3128 3214 _
3186 3211 3228 3214 ,__
3281 3192 3372 3214 -ﬂ'.

170 3213 451 3276 νεανίσκος
470 3214 526 3266 δὲ
561 3216 719 3268 πάλιν
741 3217 817 3286 τῷ
862 3219 1140 3289 Ἀϐραάμο
1176 3220 1236 3271 τὸ
1268 3220 1384 3289 μὲν,
1416 3221 1490 3283 ὡς
1523 3222 1738 3274 πάντων

169 3306 234 3356 ὲκ
269 3302 402 3356 Θεοῦ
434 3323 493 3356 τε
527 3305 693 3359 ὄντων
727 3310 820 3362 καὶ
856 3310 973 3378 μετ’
1007 3309 1187 3372 αὑτὸν,
1212 3311 1304 3363 καὶ
1336 3312 1612 3382 νεωτέρων
1644 3313 1739 3364 αὑ-

165 3393 262 3447 τοῦ
285 3411 300 3424 ο
334 3395 394 3446 τὸ
425 3396 501 3459 δὲ,
536 3398 617 3449 ὅτι
651 3400 708 3450 ὲν
734 3400 943 3470 ἀκμαία
976 3402 1069 3453 καὶ
1102 3401 1354 3454 εὐσταθεῖ
1382 3402 1738 3474 μακαριότητι

167 3483 515 3548 ἀπαλαίωτός
547 3488 691 3538 ἐστιν
712 3504 723 3515 ·
753 3486 785 3557 ἢ
812 3487 877 3539 δι’
906 3488 1250 3559 ἀμφοτέρων,
1283 3488 1374 3541 τοῦ
1409 3505 1468 3540 τε
1502 3487 1739 3560 πρεσϐύ-

167 3593 267 3629 του
300 3576 392 3629 καὶ
422 3578 514 3629 τοῦ
548 3578 664 3631 νέου
687 3618 701 3642 ,
732 3579 982 3650 δηλοῦται
1013 3581 1073 3632 τὸ
1106 3581 1162 3646 ἐξ
1196 3581 1366 3651 ἀρχῆς
1399 3581 1524 3651 ἄχρι
1555 3581 1739 3645 τέλους

169 3667 259 3721 διὰ
293 3669 506 3721 πάντων
536 3668 642 3722 τῶν
674 3672 984 3741 κτισμάτων
1036 3673 1278 3742 προϊέναι
1324 3672 1483 3724 αὐτόν
1507 3689 1520 3702 ·
1557 3672 1588 3741 ἢ
1622 3672 1739 3742 τρί-

169 3775 286 3821 τον,
322 3760 502 3823 καθὼς
537 3762 629 3814 καὶ
673 3763 701 3813 ό
748 3763 1117 3835 ἱεροτελεστὴς
1150 3765 1242 3817 καὶ
1288 3765 1599 3828 διδάσκαλος
1646 3765 1739 3818 τοῦ

173 3850 388 3920 Πατρός
433 3852 687 3922 Ἰερόθεός
736 3872 916 3924 φησιν,
952 3857 1033 3908 ὅτι
1064 3858 1131 3910 δι’
1182 3858 1568 3928 ἀμφοτέρωνὴ
1623 3857 1740 3909 Θεία

172 3939 471 4009 ἀρχαιότης
519 3942 790 4012 δηλοῦται,
825 3945 910 3998 διὰ
948 3947 1045 4016 μὲν
1078 3947 1171 4000 τοῦ
1220 3948 1612 4019 πρεσϐυτέρου,
1659 3950 1740 4001 ὅτι

170 4029 235 4082 τὺ
269 4032 492 4100 ἀρχαῖον
553 4034 644 4085 καὶ
690 4035 903 4105 πρῶτον
936 4038 1085 4108 δηλοῖ
1114 4037 1175 4091 τὸ
1220 4038 1583 4109 πρεσϐύτερον
1607 4057 1620 4070 ·
1655 4040 1741 4093 διὰ

170 4121 229 4174 δὲ
263 4121 355 4173 τοῦ
387 4125 667 4196 νεωτέρου,
703 4127 931 4198 ἐπείπερ
957 4130 1030 4192 ὡς
1063 4132 1120 4182 ὲν
1143 4132 1392 4201 ἀριθμοῖς
1425 4131 1740 4203 ἀρχηγικώ-

171 4230 330 4284 τερον
367 4216 462 4285 μὲν
509 4218 540 4286 ή
577 4219 762 4287 μονὰς,
799 4221 892 4272 καὶ
953 4223 1071 4273 κατ’
1120 4223 1352 4293 ἀριθμὸν
1398 4223 1680 4292 νεώτερον,
1716 4226 1744 4277 6

171 4303 230 4356 δὲ
264 4306 491 4376 ἀριθμός
523 4310 636 4360 ἐστι
666 4309 743 4378 τῷ
777 4311 966 4382 πλήθει
994 4313 1331 4383 φαινόμενος,
1368 4317 1488 4368 ὅσον
1522 4315 1746 4379 αὐξάνε-

173 4410 298 4455 ται,
355 4395 588 4463 ἔμφασιν
624 4401 1036 4470 ὑστεροχρονίας
1086 4401 1216 4472 ἔχει.
1256 4403 1352 4454 Διά
1396 4403 1550 4456 τοῦτο
1582 4406 1609 4456 6
1646 4405 1744 4473 μὲν

1841 3223 2023 3277 antea,
2065 3211 2230 3263 Deum
2265 3207 2447 3260 omnia
2478 3205 2582 3258 dici
2618 3215 2874 3270 tanquam
2920 3212 3135 3252 causam
3167 3211 3233 3248 ex
3274 3192 3404 3247 ell'e-

1840 3306 1963 3368 etis,
2001 3301 2216 3356 tametsi
2260 3314 2420 3368 supra
2453 3298 2633 3351 omnia
2676 3295 2768 3347 sit.
2806 3292 2985 3358 Quare
3031 3287 3236 3342 Danieli
3279 3301 3402 3354 qut-

1843 3398 1961 3449 dem
1994 3410 2161 3449 canus
2193 3391 2469 3461 apparuit,
2506 3387 2799 3440 candidum
2837 3384 3042 3436 habens
3077 3378 3405 3449 caputvelut

1843 3491 2048 3551 lanam,
2086 3503 2297 3540 rursum
2336 3500 2463 3537 vero
2488 3481 2705 3548 juvenis
2732 3478 3046 3532 Abrahamo
3079 3493 3090 3528 :
3127 3473 3255 3526 illud
3285 3472 3405 3541 qui-

1842 3582 1986 3643 dem,
2014 3581 2152 3648 quod
2176 3576 2355 3631 omnia
2381 3590 2447 3628 ex
2479 3575 2585 3627 Deo
2606 3573 2737 3637 sint,
2770 3578 2825 3623 et
2855 3578 2974 3637 post
3004 3568 3199 3635 ipsum,
3231 3578 3404 3631 eoque

1839 3674 2090 3742 jnniora;
2130 3672 2230 3725 hoc
2270 3684 2418 3732 vero,
2456 3665 2596 3734 quod
2647 3665 2699 3717 in
2740 3661 2985 3731 vigorosa
3021 3656 3405 3722 constantique

1844 3763 2177 3817 beatitudine
2222 3762 2293 3815 sit
2337 3759 2474 3813 senii
2518 3770 2746 3822 expers;
2805 3753 2888 3807 vel
2947 3765 3041 3820 per
3090 3759 3402 3813 utrumque,

1842 3871 1961 3908 cum
2023 3867 2204 3906 senem
2259 3861 2368 3904 tum
2413 3849 2703 3914 juvenem,
2751 3842 3109 3912 significatur,
3157 3841 3326 3905 ipsum
3373 3850 3404 3887 a

1844 3943 2109 4014 principio
2135 3955 2305 4008 usque
2337 3938 2402 3990 ad
2433 3940 2592 3988 linem
2634 3949 2728 4001 per
2763 3939 3046 3984 creaturas
3066 3941 3253 3980 omnes
3286 3939 3406 3991 per-

1847 4031 2067 4095 venire;
2096 4031 2177 4084 vel
2204 4029 2381 4089 tertio,
2419 4036 2476 4079 ut
2506 4027 2718 4078 divinus
2760 4021 2920 4087 hujus
2954 4017 3127 4070 Patris
3165 4015 3408 4069 initiator

1846 4141 1909 4178 ac
1945 4132 2239 4194 prtcceplor
2270 4120 2591 4173 llierotbeus
2618 4116 2715 4178 ait,
2763 4115 2904 4181 quod
2945 4120 3176 4178 utroque
3222 4107 3404 4159 divina

1844 4217 1961 4284 ejus
1994 4216 2287 4283 antiquitas
2313 4211 2603 4272 indicetur,
2641 4209 2714 4260 ita
2759 4219 2814 4258 ut
2848 4219 2942 4274 per
2974 4217 3155 4256 senem
3189 4200 3405 4268 quidem

1845 4311 1898 4364 id
1928 4306 2072 4376 quod
2106 4307 2384 4372 antiquum
2428 4313 2483 4354 et
2525 4302 2756 4369 primum
2796 4305 2877 4350 est
2920 4294 3262 4356 declaretur;
3312 4306 3408 4358 per

1840 4399 2095 4467 juvenem
2125 4411 2273 4460 vero,
2306 4395 2560 4463 quoniam
2609 4392 2751 4444 sicut
2785 4389 2836 4441 in
2867 4385 3105 4439 numeris
3132 4383 3410 4454 principa-

172 4485 328 4548 Θεὸς,
361 4487 435 4549 ὡς
470 4488 634 4551 αἴτιος
665 4490 772 4542 τῶν
806 4495 1137 4562 κτισμάτων,
1176 4495 1349 4565 ἀρχῆς
1386 4499 1477 4549 καὶ
1515 4500 1737 4565 μονάδος

1847 4495 1947 4547 lior
1979 4491 2197 4559 quidem
2234 4499 2315 4542 est
2347 4488 2550 4548 unitas,
2579 4499 2698 4538 cum
2737 4483 2808 4536 sit
2845 4482 2897 4534 in
2933 4478 3173 4532 numeris
3213 4490 3403 4528 recen-

173 4575 331 4643 λόγον
365 4577 605 4647 ἐπέχων·
653 4579 720 4633 τὰ
755 4581 810 4633 δὲ
844 4582 1135 4650 κτίσματα,
1187 4585 1261 4646 ὡς
1307 4586 1402 4637 ἀπ’
1452 4587 1615 4639 αὐτοῦ
1652 4589 1747 4640 καὶ

172 4667 390 4719 αἰτιατά
423 4669 675 4739 πλήθους,
724 4672 943 4735 εἰκότως
974 4675 1001 4726 ό
1037 4674 1132 4742 μὲν
1162 4675 1222 4726 τὸ
1254 4677 1476 4745 ἀρχαῖον
1508 4676 1638 4742 ἕξει,
1673 4679 1740 4731 τὰ

171 4761 232 4813 δὲ
311 4761 582 4832 κτίσματα
653 4765 715 4816 τὸ
795 4764 938 4834 μετά
1015 4766 1187 4819 ταῦτα
1261 4768 1360 4838 τῆς
1416 4770 1588 4840 ἀρχῆς
1646 4772 1739 4824 καὶ

175 4872 421 4924 υστερον.

179 4963 263 5011 ro,
341 4960 591 5016 tanquam
638 4949 704 5003 ab
749 4951 867 5017 ipso
910 4961 965 5004 et
999 4965 1160 5005 causa
1211 4954 1608 5018 multitudinis;
1674 4956 1786 5023 ipse

175 5052 310 5089 vero
342 5038 390 5090 id
449 5040 590 5107 quod
629 5049 750 5107 post
777 5042 1102 5110 principium
1129 5055 1183 5096 et
1206 5047 1483 5112 posterius
1525 5046 1734 5099 existit.

248 5146 275 5217 ᾗ
326 5149 416 5199 ill.
454 5149 733 5203 Εἰσϐάλλει
780 5153 907 5224 περὶ
955 5155 1119 5208 αὐτοῦ
1165 5155 1258 5209 τοῦ
1306 5157 1494 5228 χρόνου
1530 5157 1621 5209 καὶ
1652 5155 1747 5207 τοῦ

173 5241 373 5304 αἰῶνος
427 5244 636 5307 εἰπεῖν,
709 5244 991 5314 σοφώτατα
1061 5250 1592 5320 κατασφαλιζόμενος
1655 5250 1746 5301 τὸν

175 5333 451 5402 ἀκροατὴν
501 5336 579 5396 εὶς
631 5335 930 5400 εὐσέϐειαν,
983 5340 1076 5391 καὶ
1120 5341 1365 5406 φάσκων,
1425 5343 1497 5412 μὴ
1550 5343 1743 5413 χρῆναι

175 5425 424 5476 ὑπονοεῖν
456 5423 523 5477 τά
566 5423 828 5497 λεγόμενα
859 5429 1047 5483 αἰώνια
1098 5432 1234 5484 κατά
1266 5433 1422 5486 τοῦτο
1469 5434 1560 5486 καὶ
1612 5451 1735 5485 συν-

181 5516 325 5568 ιῖδια
381 5511 517 5568 εἶναι
565 5515 683 5588 Θεῷ
714 5518 790 5588 τῷ
835 5519 939 5590 πρὸ
985 5522 1210 5576 αἰώνων.
1261 5525 1341 5577 Τὰ
1390 5525 1518 5593 γοῦν
1570 5527 1743 5594 πάντη

178 5609 271 5659 καὶ
305 5605 581 5670 ἀπολύτως
602 5609 839 5680 ἀγένητα
876 5615 964 5666 καὶ
1000 5615 1142 5667 ἀΐδια
1171 5615 1238 5666 τὰ
1264 5618 1352 5666 ἐπὶ
1382 5617 1514 5668 Θεοῦ
1543 5617 1743 5686 κυρίως

179 5697 406 5752 αἰώνων
457 5701 503 5750 οἱ
552 5699 609 5753 δὲ
660 5701 919 5772 ἄφθαρτοι
976 5707 1190 5776 ἄγγελοι
1242 5708 1442 5761 αἰώνιοι
1496 5710 1740 5776 λέγονται

1848 4586 1974 4646 tior,
2007 4599 2264 4637 numerus
2286 4593 2463 4635 autem
2494 4581 2546 4633 in
2575 4577 2917 4632 multitudine
2941 4585 3229 4641 apparens,
3250 4581 3407 4637 prout

1852 4687 2103 4744 augetur,
2136 4674 2596 4744 posterioritatem
2639 4667 2893 4734 temporis
2929 4664 3158 4717 obtinet.
3202 4660 3408 4713 ldcirco

1849 4768 1990 4822 Deus
2035 4767 2280 4835 quidem,
2325 4774 2582 4830 tanquam
2615 4773 2780 4814 causa
2818 4769 3217 4817 creaturarum,
3257 4753 3407 4820 prin-

1845 4863 1972 4930 cipii
2004 4873 2165 4928 atque
2197 4860 2420 4913 unitatis
2454 4858 2720 4910 rationem
2751 4856 2989 4915 habens;
3022 4860 3284 4904 creatum
3321 4864 3409 4900 ve-

1849 4955 2064 5022 quidem
2121 4952 2340 5005 habebit
2387 4950 2440 5002 id
2488 4947 2631 5016 quod
2678 4943 2954 5012 antiquius
2991 4953 3097 5005 est,
3148 4950 3410 4993 creatura:

1921 5153 1947 5224 §
1976 5152 2058 5206 Ill.
2091 5149 2285 5220 Incipit
2315 5149 2380 5202 de
2411 5149 2527 5217 ipso
2559 5155 2799 5214 tempore
2829 5153 2882 5199 et
2912 5145 3218 5198 aeternitate
3246 5148 3406 5200 verba

1851 5247 2052 5311 facere,
2079 5242 2481 5313 sapientissime
2506 5255 2758 5294 securmn
2785 5240 3014 5292 reddens
3033 5240 3335 5294 auditorem
3357 5242 3407 5295 in

1848 5337 2141 5407 religione,
2173 5335 2335 5406 508
2369 5351 2430 5388 ac
2456 5334 2642 5386 dicens
2673 5347 2774 5384 non
2795 5331 2991 5385 debere
3009 5331 3307 5385 existimari
3347 5347 3408 5384 ea

1847 5444 1967 5498 quae
1994 5438 2194 5483 aeterna
2231 5427 2505 5488 dicuntur,
2546 5425 2666 5477 ideo
2692 5438 2810 5477 esse
2844 5424 2953 5476 Deo
2984 5433 3277 5486 coazterna,
3316 5427 3408 5493 qui

1847 5532 1930 5575 est
1954 5532 2078 5575 ante
2109 5519 2325 5574 sa‘eula.
2366 5518 2438 5571 Ea
2466 5517 2672 5585 itaque,
2696 5530 2812 5582 qua!
2839 5514 3057 5568 omnino
3083 5525 3138 5568 et
3166 5515 3412 5569 absolute

1848 5614 2083 5682 ingenita
2121 5621 2174 5665 et
2199 5611 2532 5679 sempiterna
2568 5617 2695 5661 sunt
2725 5607 2778 5660 in
2806 5607 2937 5666 Deo,
2965 5605 3180 5674 proprie
3206 5617 3406 5659 {BlCI‘nzt

1849 5715 2010 5771 sunt;
2046 5705 2220 5773 angeli
2253 5719 2381 5758 vero
2422 5698 2884 5771 incorruptibiles,
2916 5699 3102 5753 ωιργηὶ
3131 5698 3406 5762 dicuntur,
