4176 6314
196 329 311 385 οιθ

1261 327 1348 382 DE
1383 326 1633 385 DIVINIS
1677 329 2084 394 NOMINIBUS,
2120 329 2271 385 CAP.
2312 327 2397 384 XI.

3344 329 3447 386 950

195 443 406 507 παντὸς
451 442 686 514 πόλεμον
724 441 948 514 ἐνούσης
986 443 1067 506 εἰς
1105 445 1322 516 ὁμοειδῆ
1371 447 1660 500 συνοικίαν.
1701 447 1772 517 Τῇ

1882 448 2028 516 digat
2071 446 2334 501 unitatem
2358 485 2374 509 ,
2418 452 2582 514 atque
2627 444 2944 502 intestinum
2976 441 3174 498 bellum
3203 443 3443 500 universi

199 537 410 605 μετοχῇ
455 535 554 606 τῆς
603 534 751 597 θείας
791 535 1012 606 είρήνης
1049 537 1103 589 αἱ
1142 535 1271 604 γοῦν
1328 536 1784 609 πρεσϐύτεραιηο

194 626 313 679 τῶν
343 625 672 695 συναγωγῶν
698 626 977 698 δυνάμεων
1011 627 1169 681 αὐταί
1198 645 1258 681 τε
1278 629 1300 659 ⁵
1320 629 1453 700 πρὸς
1475 628 1672 693 ἑαυτὰς
1693 629 1786 682 καὶ

195 720 344 790 πρὸς
382 719 612 791 ἀλλήλας
635 719 876 774 ἐνοῦνται
895 761 911 784 ,
952 723 1046 774 καὶ
1072 722 1208 794 πρὸς
1230 722 1328 792 τὴν
1362 721 1487 793 μίαν
1512 721 1620 775 τῶν
1650 721 1784 775 ὅλων

195 809 578 879 εἰρηναρχίαν,
598 808 690 862 καὶ
719 808 786 862 τά
815 809 902 878 ὑφ’
936 810 1130 874 ἐαυτάς
1164 810 1373 864 ἐνοῦσιν
1402 812 1539 865 αὐτά
1569 828 1626 864 τε
1652 813 1785 881 πρὸς

196 902 401 963 ὲαυτά,
438 903 530 956 καὶ
562 903 696 974 πρὸς
733 902 957 974 ἄλληλα,
988 904 1237 975 καὶπρὸς
1259 903 1356 975 τὴν
1382 905 1510 975 μίαν
1530 905 1620 958 καὶ
1651 922 1785 958 παν·

197 994 332 1065 τελῆ
358 995 458 1066 τῆς
482 996 695 1050 πάντων
716 997 932 1068 εἰρήνης
952 997 1124 1068 ἀρχὴν
1155 997 1249 1050 καὶ
1265 996 1460 1060 αἰτίαν,
1483 997 1625 1066 ἥτις,
1653 997 1784 1067 ἀμε-

201 1085 319 1154 ρῶς
362 1089 718 1158 ἐπιϐεϐηκυῖα
751 1091 865 1152 τοῖς
904 1090 1044 1152 ὅλοις
1069 1129 1084 1153 ,
1116 1087 1305 1160 ὥσπερ
1332 1089 1442 1142 τισὶ
1479 1088 1782 1158 κλείθροις’

195 1179 316 1232 τῶν
357 1180 701 1253 διῃρημένων
744 1182 1210 1252 συμπτυκτικοῖς,
1246 1180 1316 1233 τὰ
1358 1180 1534 1233 πάντα
1579 1177 1778 1250 ἐρίζει,

197 1271 304 1323 καὶ
339 1272 598 1341 περατοϊ,
637 1272 732 1324 καὶ
769 1269 1120 1339 ἀσφαλίζεται
1144 1312 1159 1336 ,
1201 1273 1294 1325 καὶ
1332 1273 1430 1325 οὐκ
1469 1272 1532 1342 ἐᾷ
1575 1272 1781 1343 διαιρε-

195 1363 372 1416 θέντα
395 1363 618 1434 χυθῆναι
647 1364 780 1434 πρὸς
805 1363 864 1416 τὸ
896 1364 1117 1435 ἄπειρον
1138 1365 1232 1418 καὶ
1261 1363 1526 1434 ἀόριστον,
1550 1362 1778 1427 ἄτακτα,

199 1454 301 1506 καὶ
340 1454 627 1523 ἀνίδρυτα,
681 1456 774 1508 καὶ
812 1455 992 1528 ἔρημα
1026 1456 1158 1509 Θεοῦ
1197 1455 1517 1526 γιγνόμενα,
1557 1455 1648 1507 καὶ
1685 1455 1782 1524 τῆς

197 1544 415 1597 ἑαυτῶν
453 1546 698 1610 ένὼσεως
736 1548 966 1612 ἐξιόντα,
991 1549 1085 1601 καὶ
1119 1550 1178 1601 ἐν
1212 1547 1457 1620 ἀλλήλοις
1483 1545 1780 1617 παμμιγῶς

199 1637 620 1709 συμφυρόμενα.
664 1641 799 1711 Περὶ
843 1641 939 1711 μὲν
979 1637 1072 1692 οὖν
1111 1640 1314 1710 αὐτῆς,
1358 1639 1385 1694 ὅ
1417 1657 1469 1691 τι
1505 1639 1632 1691 ποτέ
1667 1641 1779 1691 ἐστι

190 1727 304 1796 τῆς
341 1727 487 1791 θείας
527 1730 747 1800 εἰρήνης
785 1731 880 1782 καὶ
917 1729 1164 1800 ἡσυχίας,
1191 1730 1258 1801 ἣν
1297 1729 1324 1780 ὁ
1365 1729 1506 1798 ἱερὸς
1556 1727 1780 1790 Ἰοῦστος

197 1816 502 1886 ἀφθεγξίαν
552 1818 736 1882 καλεῖ,
799 1820 893 1873 καὶ
948 1821 1040 1873 ἐπὶ
1093 1821 1276 1874 πᾶσαν
1331 1819 1776 1890 γιγνωσκομένην

199 1909 430 1979 πρόοδον
487 1911 806 1982 ἀκινησίαν,
857 1912 1004 1975 ὃπως
1051 1927 1109 1962 τε
1153 1912 1369 1981 ἠρεμεῖ,
1413 1912 1506 1964 καὶ
1553 1910 1777 1982 ἡσυχίαν

198 2002 364 2068 ἄγει,
409 2001 502 2056 καὶ
532 2003 678 2066 ὅπως
726 2003 782 2055 ἐν
835 2004 996 2072 ἑαυτῇ
1046 2003 1139 2056 καὶ
1190 2003 1321 2056 εἴσω
1373 2003 1572 2072 ἐαυτῆς
1623 2005 1777 2062 ἐστι,

197 2094 295 2144 καὶ
365 2091 500 2162 πρὸς
547 2092 715 2163 αὐτὴν
763 2094 891 2164 ὅλην
940 2095 1035 2165 ὅλη
1081 2095 1465 2166 ὑπερήνωται,
1516 2095 1610 2147 καὶ
1652 2091 1775 2145 οὔτε

1889 539 1957 592 ad
2003 537 2332 594 concordem
2385 536 2606 593 inducat
2657 537 3159 593 commorationem.
3207 536 3348 602 Quin
3388 544 3446 590 et

1887 629 2082 684 divina:
2129 630 2280 699 pacis
2322 627 2738 699 participatione
2788 629 2977 698 prima:
3026 629 3256 683 virtutes
3304 642 3440 683 con-

1887 722 2207 785 ciliatrices,
2238 728 2292 774 et
2321 735 2504 775 secum
2549 720 2677 789 ipsa:
2711 729 2767 775 et
2796 719 2940 774 inter
2971 733 3050 786 se,
3092 728 3148 774 et
3185 735 3307 774 eum
3337 734 3443 773 una

1887 814 2075 869 mundi
2125 827 2263 892 pace
2317 813 2489 882 prima
2561 811 3008 882 coniunguntur;
3078 811 3445 879 inferioraque

1888 914 2000 959 tum
2051 906 2167 974 ipsa
2215 918 2399 959 secum
2465 911 2577 956 tum
2630 902 2774 957 inter
2819 916 2878 956 se
2929 901 3282 972 coniungunt,
3332 911 3442 955 tum

1885 1014 2005 1053 cum
2039 1013 2168 1062 uno,
2198 1010 2373 1066 eoque
2411 993 2653 1065 perfecto
2683 994 2926 1048 omnium
2980 994 3130 1062 pacis
3171 992 3444 1063 principio

1884 1099 1940 1144 et
1977 1097 2233 1156 auctore,
2286 1087 2381 1158 qui
2429 1087 2496 1142 ad
2547 1085 2729 1141 omnia
2779 1084 3056 1139 individue
3108 1099 3232 1139 cum
3271 1083 3438 1148 venit,

1885 1179 2042 1249 quasi
2092 1179 2350 1233 claustris
2394 1193 2459 1234 ac
2505 1178 2674 1246 septis
2723 1177 3045 1246 quihusdam
3095 1190 3215 1245 qua:
3267 1175 3440 1229 divisa

1884 1280 2009 1326 sunt
2034 1269 2272 1340 copulat,
2299 1269 2481 1323 omnia
2509 1269 2723 1333 delinit,
2756 1266 3104 1332 determinat,
3141 1274 3197 1320 et
3233 1265 3437 1329 munit;

1885 1379 2058 1433 neque
2097 1363 2363 1433 permittit
2408 1363 2580 1417 divisa
2627 1364 2678 1416 in
2731 1362 3000 1416 inﬁnitum
3047 1362 3163 1416 sine
3212 1359 3444 1414 termino

1883 1455 2129 1520 dill‘undi,
2164 1470 2339 1524 neque
2377 1454 2702 1518 inordinata,
2743 1463 2798 1507 et
2838 1451 2968 1506 sede
3008 1450 3276 1517 carentia,
3308 1449 3442 1502 Deo-

1883 1563 1987 1618 que
2018 1547 2295 1608 destituta,
2322 1561 2473 1601 suam
2499 1545 2762 1598 unitatem
2791 1557 3032 1614 egressa,
3072 1541 3175 1596 sibi
3211 1540 3440 1594 invicem

1886 1642 2115 1698 confuse
2166 1641 2409 1696 misceri.
2456 1639 2533 1694 De
2582 1643 2696 1709 Ipsa
2753 1640 2916 1710 igitur
2961 1639 3145 1694 divina
3199 1651 3332 1706 pace
3378 1649 3441 1690 ac

1884 1736 2124 1796 silentio,
2169 1750 2332 1804 quam
2378 1743 2600 1788 sanctus
2643 1732 2827 1788 Justus
2867 1740 3028 1787 vocat
3079 1730 3438 1785 insonantiam

1880 1836 1936 1881 et
1984 1825 2414 1879 immobililatem
2468 1825 2532 1878 ad
2587 1837 2802 1878 omnem
2867 1821 3266 1876 emauatiouem
3321 1834 3441 1887 quat

1880 1913 2246 1980 cognoscitur,
2269 1914 2527 1980 quidnam
2561 1913 2777 1966 tandem
2807 1911 2899 1976 sit,
2929 1921 2983 1965 et
3003 1910 3272 1979 quomodo
3299 1908 3441 1964 Deus

1879 2005 2127 2072 quiescat
2165 2013 2220 2057 et
2246 2004 2426 2068 sileat,
2454 2013 2507 2058 et
2537 2005 2804 2073 quomodo
2837 2003 2888 2056 in
2917 2017 2977 2057 se
3007 2012 3061 2057 et
3097 2003 3235 2056 intra
3265 2016 3323 2056 se
3348 2001 3438 2066 sit,

1881 2103 1935 2147 et
1965 2100 2108 2147 totus
2136 2107 2316 2147 secum
2359 2095 2429 2149 sit
2456 2107 2616 2163 supra
2654 2109 2812 2162 quam
2837 2094 3044 2159 unitus,
3077 2100 3130 2146 et
3164 2107 3261 2146 nec
3294 2092 3347 2145 in
3381 2105 3442 2145 se

196 2184 281 2244 εἰς
327 2181 522 2252 ἑαυτὴν
552 2182 854 2246 ἐίσιοῦσα,
910 2187 1002 2238 καὶ
1063 2184 1602 2248 πολλαπλασιάζουσα
1654 2185 1772 2236 ἐαυ-

1881 2184 2186 2253 ingrediens
2212 2223 2227 2248 ,
2271 2193 2327 2238 et
2370 2199 2427 2238 se
2464 2184 2577 2252 ipse
2625 2183 2989 2252 multiplicans
3030 2184 3246 2238 deserat
3286 2183 3440 2249 unio;

194 2274 300 2344 τὴν
329 2273 613 2327 ἀπολείπει
637 2275 734 2346 τὴν
771 2277 971 2345 έαυτῆς
999 2277 1212 2340 ἕνωσιν,
1243 2277 1374 2330 ἀλλά
1405 2279 1496 2328 καὶ
1534 2275 1775 2346 πρόεισιν

196 2366 294 2418 ἐπὶ
334 2367 510 2419 πάντα
539 2367 683 2422 ἔνδον
707 2369 801 2439 ὅλη
843 2371 1073 2440 μένουσα
1095 2371 1162 2424 δι’
1191 2372 1291 2424 ὐπε
1303 2371 1492 2442 ρὸολὴν
1518 2369 1613 2439 τῆς
1643 2369 1777 2422 πάν-

194 2475 266 2510 τα
300 2459 673 2533 ὑπερεχούσης
701 2463 966 2526 ένὼσεως,
997 2462 1121 2516 οὗτε
1149 2466 1342 2527 εἰπεῖν,
1378 2461 1501 2515 οὗτε
1532 2462 1776 2532 ἐννοῆσαί

194 2566 305 2601 τινι
331 2549 439 2603 τῶν
465 2550 653 2616 ὄντων,
682 2552 803 2605 οῦτε
830 2552 1046 2623 θεμιτὸν
1081 2553 1202 2606 οὔτε
1236 2552 1472 2620 ἐφικτόν.
1527 2551 1660 2603 Ἀλλ’
1701 2551 1776 2614 ὡς

195 2641 506 2709 ἄφθεγκτον
552 2644 842 2707 καὶτοῦτο,
887 2647 977 2698 καί
1016 2646 1288 2714 ἄγνωστον
1327 2646 1413 2698 ἐπ’
1442 2645 1606 2716 αὐτὴν
1649 2645 1776 2696 ἀνα-

196 2732 404 2796 θέντες,
430 2733 506 2798 ὡς
545 2735 757 2788 πάντων
791 2731 954 2789 οὖσαν
995 2736 1247 2790 ἐπέκεινα
1268 2776 1282 2799 ,
1322 2735 1419 2799 τὰς
1445 2735 1638 2804 νοητὰς
1669 2735 1767 2786 αὺ-

193 2823 300 2892 τῆς
347 2826 441 2877 καὶ
493 2825 661 2896 ῥητὰς
724 2828 1046 2897 μετουσίας,
1092 2829 1185 2880 καὶ
1231 2827 1388 2880 τοῦτο
1427 2829 1502 2891 ὼς
1551 2825 1769 2880 δυνατὸν

193 2915 424 2986 ἀνδράσι
450 2957 464 2980 ,
508 2918 598 2969 καὶ
637 2920 767 2988 ἡμῖν
807 2917 1014 2971 πολλῶν
1053 2919 1261 2990 ἀνδρῶν
1300 2919 1518 2988 ἀγαθῶν
1549 2919 1768 2979 ἀπολει-

193 3008 454 3078 πομένοις
480 3048 494 3073 ,
535 3008 993 3082 ἐπισκοπήσωμεν
1014 3013 1054 3066 ³.

1883 2295 2042 2343 nem;
2076 2277 2203 2347 quin
2245 2277 2422 2346 potius
2462 2279 2528 2329 ad
2567 2277 2747 2331 omnia
2793 2277 3070 2346 egreditur
3119 2284 3262 2328 totus
3296 2275 3440 2327 intus

1882 2382 2128 2433 manens,
2185 2379 2406 2438 propter
2437 2367 2818 2421 excellentiam
2867 2366 3082 2420 unionis
3121 2365 3303 2421 omnia
3353 2381 3443 2419 su-

1879 2462 2143 2534 perantis,
2185 2475 2359 2530 neque
2403 2461 2583 2515 dicere
2623 2473 2798 2528 neque
2834 2459 3074 2526 cogitare
3118 2456 3208 2512 ulli
3252 2471 3439 2527 eorum

1879 2554 1972 2622 qui
2021 2562 2149 2608 sunt
2198 2553 2281 2605 fas
2323 2561 2426 2617 est,
2475 2567 2650 2622 neque
2703 2551 2976 2622 possibile.
3025 2551 3130 2606 Sed
3173 2565 3294 2605 cum
3339 2550 3443 2603 hoc

1879 2646 2115 2712 alioquin
2197 2645 2378 2713 eloqui
2463 2659 2570 2699 non
2653 2645 2960 2714 possimus,
3050 2657 3151 2697 nec
3223 2641 3439 2710 assequi

1876 2735 2036 2806 510
2065 2734 2409 2803 intelligendo
2443 2775 2458 2800 ,
2514 2735 2580 2789 ad
2621 2735 2789 2804 ipsam
2835 2743 3010 2788 tamen
3069 2731 3302 2785 divinam
3345 2745 3443 2799 pa-

1874 2847 2026 2892 cem,
2079 2839 2138 2884 ut
2187 2830 2329 2882 ultra
2385 2829 2567 2883 omnia
2617 2829 2848 2896 positam
2892 2865 2907 2891 ,
2970 2841 3185 2880 sursum
3242 2826 3439 2890 evecti,

1872 2922 2316 2993 participationes
2346 2923 2484 2988 ejus,
2518 2936 2636 2989 qua:
2665 2920 3034 2988 intelliguntur
3060 2928 3116 2974 et
3149 2918 3439 2972 nominan-

1875 3029 1985 3084 tur,
2025 3019 2217 3088 idque,
2244 3027 2507 3086 quantum
2554 3015 2802 3070 homines
2845 3016 2922 3084 (et
2989 3029 3088 3069 nos
3138 3013 3438 3084 prmsertim

1881 3110 1973 3179 qui
2022 3109 2206 3163 multis
2249 3108 2405 3162 bonis
2445 3107 2578 3160 viris
2635 3107 2871 3176 impares
2921 3104 3131 3174 sumus)
3182 3102 3439 3174 consequi

1874 3215 2183 3272 possumus,
2216 3200 2586 3255 attendamus.

1743 3343 1769 3414 ᾗ
1814 3341 1893 3401 ll.

265 3458 376 3511 Καὶ
401 3459 613 3528 πρῶτόν
652 3477 715 3529 γε
751 3461 908 3516 τοῦτο
940 3464 1151 3534 ῥητέον,
1175 3465 1256 3518 ὅτι
1284 3464 1384 3535 τῆς
1411 3466 1765 3538 αὑτοειρήνης

1943 3465 2019 3518 Ac
2049 3465 2282 3533 primum
2328 3462 2543 3532 quidem
2583 3461 2688 3518 hoc
2729 3461 3013 3517 dicendum
3062 3469 3185 3525 est,
3222 3467 3279 3515 ut
3318 3475 3438 3516 cum

189 3549 293 3602 καὶ
321 3549 422 3618 τῆς
459 3550 584 3620 ὅλης
623 3553 717 3604 καί
751 3554 849 3623 τῆς
879 3554 1002 3607 καθ’
1031 3555 1257 3608 ἐκαστόν
1281 3559 1428 3610 ἐστιν
1455 3557 1767 3622 ὑποστάτις,

189 3641 293 3693 καὶ
331 3643 412 3694 ὅτι
455 3644 626 3696 πάντα
669 3645 801 3716 πρὸς
833 3646 1034 3718 ἄλληλα
1073 3651 1460 3718 συγκεράννυσι
1498 3650 1636 3702 κατά
1675 3649 1771 3721 τὴν

191 3730 500 3801 ἀσύγχυτον
538 3733 716 3786 αὐτῶν
755 3734 980 3800 ἕνωσιν,
1022 3738 1143 3790 καθ’
1171 3738 1236 3808 ἣν
1272 3739 1592 3810 ἀδιαιρέτως
1628 3741 1770 3810 ἡνω-

196 3819 357 3890 μένα,
385 3823 479 3874 καὶ⁵
500 3823 832 3889 ἀδιαστάτως
855 3828 1003 3897 ὅμως
1019 3829 1305 3900 ἀκραιφνῆ
1333 3830 1468 3883 κατά
1495 3831 1554 3883 τὸ
1576 3834 1772 3884 οἰκεῖον

192 3911 402 3964 ἕκαστα
441 3913 578 3976 εἶδος
629 3915 897 3986 ἕστηκεν,
939 3919 1037 3971 οὐκ
1087 3921 1475 3992 ἐπιθολούμενα
1532 3922 1618 3974 διὰ
1670 3922 1770 3991 τῆς

193 4002 333 4073 πρὸς
370 4002 437 4056 τὰ
477 4005 825 4077 ἀντικείμενα
864 4010 1110 4079 κράσεως
1133 4051 1147 4074 ,
1188 4012 1307 4065 οὐδὲ
1348 4012 1772 4082 ἀπαμϐλύνοντά

189 4112 246 4148 τι
284 4097 381 4167 τῆς
421 4099 683 4167 ἐνωτικῆς
720 4101 1004 4171 ἀκριϐείας
1050 4103 1142 4154 καὶ
1180 4104 1570 4176 καθαρότητος.
1620 4106 1766 4162 Μίαν

191 4180 286 4238 οὖν
314 4202 437 4238 τινα
481 4188 574 4239 καὶ
612 4188 789 4258 ἁπλῆν
828 4191 924 4260 τῆς
965 4193 1244 4262 εἰρηνικῆς
1284 4194 1527 4259 ἐνώσεως
1563 4197 1770 4268 θεωρή-

195 4295 379 4348 σωμεν
420 4279 613 4346 φύσιν,
655 4281 878 4335 ἐνοῦσαν
931 4281 1142 4338 ἅπαντα
1195 4287 1357 4357 ἑαυτῇ
1416 4289 1507 4341 καὶ
1563 4289 1769 4354 ἑαυτοῖς

191 4370 289 4422 καὶ
327 4369 573 4441 ἀλλήλοις
597 4411 610 4435 ,
652 4373 743 4424 καὶ
773 4374 1137 4438 διασώζουσαν
1177 4379 1353 4431 πάντα
1391 4383 1446 4432 ἐν
1483 4381 1769 4452 ἀσυγχύτῳ

193 4459 412 4514 πάντων
486 4466 680 4534 συνοχῇ
754 4465 849 4516 καὶ
913 4466 1087 4536 ἀμιγῆ
1157 4468 1252 4521 καὶ
1323 4472 1762 4542 συγκεκραμένα.

191 4553 272 4604 Δι’
312 4554 376 4624 ἣν
415 4555 462 4606 οἰ
502 4553 632 4606 θεῖοι
668 4556 784 4620 νόες
819 4558 1095 4629 ἐνούμενοι
1132 4565 1250 4624 ταῖς
1276 4564 1520 4630 νοήσεσιν
1562 4563 1766 4616 ἑαυτῶν

191 4639 437 4692 ἐνοῦνται
492 4643 584 4694 καὶ
639 4647 751 4707 τοῖς
796 4648 1131 4717 νοουμένοις·
1173 4652 1265 4704 καὶ
1320 4648 1472 4715 αὖθις
1529 4654 1619 4706 ἐπὶ
1669 4653 1765 4724 τὴν

190 4730 469 4798 ἄγνωστον
500 4733 844 4787 ἀναόαίνουσι
874 4737 979 4790 τῶν
1009 4740 1146 4809 ὑπὲρ
1175 4740 1296 4794 νοῦν
1322 4743 1619 4814 ἱδρυμένων
1648 4764 1764 4800 συν-

195 4822 360 4891 αφὴν.
381 4822 458 4874 Δι’
499 4823 564 4892 ἢν
590 4825 842 4895 αίψυχαὶ,
870 4830 994 4892 τοὺς
1027 4832 1393 4896 παντοδαπους
1425 4837 1601 4889 αὐτῶν
1626 4838 1647 4868 ⁴⁵
1680 4839 1764 4890 λό-

187 4925 320 4976 γους
371 4911 622 4976 ένοῦσαι,
672 4917 764 4966 καὶ
816 4916 949 4986 πρὸς
999 4919 1127 4988 μίαν
1186 4922 1376 4992 vosin
1439 4927 1762 4993 συνάγουσαι

188 4999 570 5070 καθαρότητα,
625 5006 1002 5075 προϐαίνουσιν
1059 5011 1269 5074 οἰκείως
1317 5015 1566 5079 ἑαυταῖς,
1621 5017 1756 5087 ὀδῷ,

187 5092 284 5144 καὶ
321 5091 474 5155 τάξει
512 5093 599 5146 διὰ
639 5095 739 5165 τῆς
779 5097 938 5150 ἀΰλου
981 5101 1072 5152 καὶ
1120 5102 1359 5174 ἀμεροῦς
1397 5108 1629 5176 νοήσεως
1669 5111 1761 5161 ἐπὶ

185 5182 286 5253 τὴν
327 5185 466 5254 ὑπὲρ
505 5187 686 5258 νόησιν
725 5189 937 5243 ἕνωσιν.
981 5195 1058 5244 Δι’
1095 5194 1160 5264 ἢν
1197 5197 1228 5265 ή
1275 5197 1370 5266 μία
1409 5199 1502 5252 καὶ
1541 5200 1757 5253 ἀδιάλυ-

183 5291 276 5338 τος
313 5279 524 5330 πάντων
565 5281 846 5353 συμπλοκὴ
886 5284 1023 5337 κατά
1061 5287 1158 5356 τὴν
1197 5287 1343 5341 θείαν
1382 5292 1550 5361 αὐτῆς
1589 5295 1759 5364 ἀρμοο

195 5367 306 5420 θίαν
343 5366 666 5436 ὑφίσταται,
706 5375 799 5426 καὶ
838 5375 1193 5446 ἐναρμόζεται
1235 5383 1522 5454 συμφωνίᾳ
1561 5403 1756 5439 παντε-

185 5455 268 5510 λεῖ
305 5461 397 5512 καί
429 5462 651 5534 ὁμονοία
690 5465 785 5517 καὶ
819 5467 1082 5536 συμφυῖᾳ,
1115 5473 1451 5544 συναγομένη
1491 5491 1550 5526 τε
1590 5478 1758 5544 ἀσυγ-

1875 3569 1971 3624 per
2011 3569 2069 3608 se
2110 3553 2294 3623 pacis,
2344 3563 2453 3607 tum
2513 3553 2834 3607 universalis
2879 3567 2940 3607 ac
2961 3551 3308 3622 particularis
3345 3565 3441 3620 pa-

1876 3645 1954 3700 cis
1984 3685 1998 3708 ,
2043 3644 2265 3698 eil'ector
2310 3645 2379 3698 sit
2419 3645 2532 3713 ipse
2564 3645 2735 3706 Deus,
2781 3654 2837 3698 et
2881 3653 2938 3698 ut
2978 3643 3162 3697 omnia
3209 3643 3353 3698 inter
3379 3657 3440 3698 se

1875 3747 2080 3800 mutuo,
2123 3736 2347 3788 minime
2387 3735 2614 3789 confusa
2673 3736 2909 3804 ipsorum
2956 3735 3102 3790 inter
3144 3749 3202 3789 se
3251 3745 3439 3788 mutuo

1872 3828 2272 3894 conjunctione,
2303 3828 2684 3892 commisceat;
2720 3843 2822 3894 qva
2853 3825 3232 3894 conjunctione
3261 3828 3439 3880 cohe-

1873 3919 2049 3972 rentia
2095 3919 2210 3972 sine
2255 3918 2526 3972 divisione
2571 3927 2624 3970 et
2669 3917 2948 3978 distantia,
2994 3916 3204 3986 singula
3253 3924 3436 3970 tamen

1871 4011 2166 4063 secundum
2209 4011 2479 4079 propriam
2519 4009 2751 4076 speciem
2792 4023 2923 4076 pura
2965 4007 3307 4072 consistunt,
3337 4022 3437 4075 per

1871 4100 2275 4154 concretionem
2342 4101 2732 4154 contrariorum
2794 4101 3016 4154 minime
3084 4099 3431 4167 perturbata,

1871 4193 2132 4261 quoniam
2183 4202 2433 4248 exactam
2499 4194 2658 4247 istam
2726 4194 2977 4247 unionem
3032 4208 3095 4247 ac
3143 4193 3434 4262 puritatem

1871 4286 2004 4338 nihil
2041 4286 2406 4355 interrumpit.
2442 4285 2613 4341 Unam
2656 4286 2818 4355 igitur
2858 4300 3087 4354 eamque
3127 4283 3433 4351 simplicem

1870 4389 2127 4431 naturam
2162 4379 2402 4448 pacilicae
2439 4379 2656 4432 unionis
2698 4379 3149 4448 contemplemur,
3185 4376 3287 4430 sibi
3331 4374 3433 4442 ipsi

1869 4481 1921 4526 et
1952 4472 2057 4526 illis
2088 4471 2218 4540 ipsis
2249 4481 2413 4541 atque
2448 4472 2678 4526 invicem
2711 4472 2889 4526 omnia
2937 4469 3300 4539 copulantem,
3335 4484 3436 4524 nec

1870 4586 1973 4624 non
2013 4572 2262 4625 universa
2291 4566 2571 4634 complexu
2610 4567 2838 4635 quodam
2871 4566 3110 4620 omnium
3146 4565 3434 4619 inconfuso

1866 4670 2270 4730 contemperata
2330 4659 2533 4728 pariter
2592 4669 2754 4728 atque
2815 4659 3148 4726 impermisla
3201 4673 3428 4712 conser-

1870 4763 2108 4808 vantem.
2155 4753 2255 4806 Per
2296 4754 2434 4808 hanc
2480 4752 2674 4808 divina:
2721 4760 2930 4806 mentes
2976 4752 3274 4822 copulata),
3319 4753 3431 4804 suis

1871 4844 1998 4912 ipsae
2019 4859 2138 4897 cum
2166 4843 2537 4913 intelligentiis
2566 4853 2678 4896 tmn
2705 4841 2865 4896 rebus
2894 4843 3182 4896 intellectis
3203 4838 3430 4907 conjun-

1871 4943 2094 5003 gnntur,
2137 4942 2298 5000 atque
2335 4935 2512 4988 denuo
2553 4935 2816 4987 scandunt
2856 4935 2922 4985 ad
2967 4931 3298 5001 incognitum
3340 4946 3432 4983 eo-

1873 5039 1987 5076 rum
2020 5039 2138 5091 quaa
2173 5024 2338 5076 menti
2373 5025 2772 5091 supereminenl
2801 5031 3132 5077 contactum.
3164 5019 3264 5074 Per
3290 5021 3430 5072 hanc

1868 5115 2084 5180 animae,
2124 5115 2450 5184 multigenas
2496 5130 2622 5168 suas
2653 5114 2893 5168 rationes
2925 5111 3317 5172 eonnectendo,
3363 5111 3429 5163 ad

1867 5207 2153 5274 quamdam
2221 5206 2516 5275 spiritalem
2572 5205 2864 5274 puritatem
2921 5205 3190 5266 redactae,
3239 5216 3430 5270 proce-

1868 5299 2021 5360 dunt,
2049 5299 2148 5351 sibi
2188 5299 2404 5367 pr0pria
2444 5300 2524 5351 via
2560 5308 2615 5351 et
2643 5299 2852 5358 ordine,
2886 5312 2979 5364 per
3012 5292 3424 5349 immaterialem

1867 5401 2026 5458 atque
2064 5391 2348 5445 indivisam
2395 5390 2828 5459 intelligentiam,
2863 5391 2930 5444 ad
2963 5390 3210 5442 unionem
3236 5402 3428 5456 quam-

1867 5480 1989 5533 dam
2023 5483 2372 5550 iutelligentia
2398 5485 2755 5554 superiorem.
2778 5483 2879 5538 Per
2899 5485 3036 5538 hanc
3058 5496 3159 5533 una
3183 5479 3426 5532 ninnium

1449 5628 1682 5685 νΑιιιΑῖ
1722 5635 2124 5692 LECTIONES.

256 5733 324 5817 ’δ’
360 5733 664 5817 εξζίῆνηὲιαξ
701 5737 1081 5817 πρξσδύῖερᾳι,
1120 5741 1174 5794 8.
1208 5742 1265 5795 Ι)-
1293 5742 1348 5798 Ρ.
1377 5745 1464 5799 Sc.
1494 5747 1612 5802 Sur.
1697 5753 1706 5780 ¹
1745 5743 1899 5805 αὗταί
1933 5770 2020 5817 τε,
2061 5755 2113 5808 5.
2143 5754 2196 5810 Ρ.
2227 5757 2284 5810 D.

180 5801 236 5856 S.
274 5801 362 5856 Sc.
388 5801 506 5856 Sar.
539 5801 543 5802 ί
587 5806 602 5834 ³
639 5801 860 5871 ἑαυτῶν,
903 5801 1098 5863 Ι’.’5;ιι’.

2398 5761 2414 5788 ³
2452 5757 2667 5826 κλήροις
2692 5799 2703 5820 ,
2743 5759 2797 5812 S.
2889 5757 2908 5788 ³
2945 5756 3382 5825 ἐπισκοπήσομεν
3410 5795 3426 5819 ,
