4176 6314
703 253 800 310 951
1858 246 1915 302 S.
1951 243 2248 301 DlONYSll
2280 239 2742 299 AREOPAGITE
3840 229 3974 285 952

702 382 760 427 et
812 358 1204 425 indissolubilis
1258 364 1556 430 connexio,
1598 364 1755 434 juxta
1803 364 2045 421 divinam
2096 364 2263 433 ipsius
2292 372 2337 425 Α

2322 362 2573 433 ιχύτως,
2614 355 2933 428 ἀδιαιρέτως
2970 372 3030 408 τε
3070 350 3397 424 συνεχομένη
3419 350 3459 402 ⁵.
3501 349 3685 420 Διήκει
3736 348 3865 417 γὰρ
3927 350 3971 417 ἡ

700 460 1152 530 congruentiam,
1202 459 1423 524 existit,
1476 466 1532 513 et
1587 457 1831 529 perfecto
1882 466 2150 512 concentu
2196 470 2260 512 ac

2363 452 2462 521 τῆς
2499 446 2792 511 παντελοῦς
2827 447 3048 516 εἰρήνης
3086 444 3274 513 ὁλότης
3324 443 3415 493 ἐπὶ
3454 440 3627 530 πάντα
3662 436 3731 530 τά
3769 435 3925 488 ὄντα
3952 473 3972 492 ,

706 552 990 610 concordia
1050 550 1518 619 consensioneque
1586 556 1902 618 coaptatur,
1963 548 2091 603 dum
2148 548 2264 602 sine

2364 543 2505 599 κατὰ
2542 541 2639 615 τὴν
2676 538 3051 609 ἀπλουστάτην
3090 536 3259 606 αὐτῆς
3298 532 3394 587 καὶ
3444 528 3619 602 ἀμιγῆ
3668 529 3769 599 τῆς
3835 528 3978 579 ἑνο-

706 636 1025 701 coMusione
1062 641 1356 711 colligitur,
1390 656 1454 695 ac
1482 641 1599 696 sine
1628 640 1985 696 dissolutione
2016 642 2263 695 contine-

2367 634 2521 689 ποιοῦ
2558 633 2837 703 δυνάμεως
2872 628 3191 701 παρουσίαν,
3219 625 3411 679 ἐνοῦσα
3440 623 3613 677 πάντα
3636 662 3649 684 ,
3675 622 3771 674 καὶ
3823 636 3976 672 συν-

711 745 817 790 tur.
859 720 1142 805 Integritas
1172 709 1428 788 nimirum
1459 731 1710 801 perfectae
1736 732 1908 800 pacis,
1938 746 2033 801 per
2060 730 2268 799 simpli-

2366 728 2556 782 δέουσα
2604 725 2672 778 τά
2720 723 2862 793 ἄκρα
2900 721 2987 774 διὰ
3024 719 3134 772 τῶν
3176 717 3355 789 μέσων
3388 717 3499 778 τοῖς
3536 714 3757 785 ἄκροις,
3806 709 3978 805 κατὰ

709 829 986 884 cissimam
1023 841 1177 881 suam
1208 839 1519 894 meramque
1544 824 1761 878 virtutis
1795 823 2005 878 uniticze
2030 837 2267 893 praesen-

2371 820 2495 892 μίαν
2521 817 2731 890 ὁμοφυῆ
2755 812 3159 883 συζευγνύμενα
3176 812 3196 842 ⁶
3213 808 3394 879 φιλίαν
3409 824 3424 838 ’
3451 806 3543 859 καὶ
3560 805 3620 857 τὸ
3643 800 3977 857 ἀπολαύειν

710 918 863 984 tiam,
888 917 954 971 ad
986 933 1048 972 ea
1085 933 1203 983 quae
1232 926 1358 972 sunt
1394 917 1573 971 omnia
1617 916 1896 986 pertingit,
1924 915 2103 969 omnia
2140 929 2270 969 con-

2368 912 2534 983 αύτῆς
2554 909 2864 981 δωρουμένη
2908 906 3001 959 καὶ
3014 908 3132 968 ταῖς
3153 902 3407 973 ὲσγάταις
3420 898 3514 952 τοῦ
3531 896 3727 959 παντὸς
3744 896 3980 949 ἀποπε-

704 1010 958 1078 iungens,
984 1019 1037 1062 et
1062 1009 1323 1063 extremis
1347 1017 1589 1063 extrema
1616 1022 1714 1077 per
1743 1007 1914 1065 media
1944 1016 2269 1063 connectens

2375 1006 2637 1080 ρατὼσεσι
2658 1044 2672 1070 ,
2711 1005 2804 1059 καὶ
2840 1002 3015 1056 πάντα
3050 999 3277 1070 ὁμόγνια
3299 994 3522 1049 ποιοῦσα
3554 994 3673 1055 ταῖς
3705 990 3977 1058 ἑνότησι,

711 1102 1006 1156 secundum
1040 1101 1253 1156 unicam
1300 1099 1712 1155 connaturaletn
1746 1098 2039 1153 amicitiam
2064 1113 2269 1164 coagu-

2371 1102 2487 1164 ταῖς
2545 1098 2831 1167 ταύτότησι
2854 1136 2870 1161 ,
2921 1097 3038 1157 ταῖς
3090 1091 3350 1159 ἑνώσεσι,
3405 1089 3526 1150 ταῖς
3566 1085 3937 1151 συναγωγαῖς
3961 1121 3976 1143 ,

712 1190 856 1257 lata;
894 1192 1023 1261 quin
1071 1200 1126 1246 et
1165 1191 1246 1245 sui
1277 1204 1493 1261 quoque
1523 1189 1603 1243 vel
1647 1189 1905 1245 extremis
1954 1189 2121 1243 tetius
2153 1188 2273 1242 uni-

2374 1190 2687 1261 ἀδιαιρέτως
2724 1186 2921 1259 δηλαδὴ
2954 1186 3051 1255 τῆς
3092 1182 3239 1246 Θείας
3275 1181 3496 1251 εἰρήνης
3534 1175 3777 1246 ἑστώσης
3804 1214 3821 1239 ,
3868 1173 3982 1225 καὶ

714 1278 853 1333 versi
898 1280 1141 1334 terminis
1170 1280 1381 1333 fruendi
1430 1280 1637 1349 copiam
1688 1277 1840 1342 facit,
1873 1279 2052 1333 omnia
2085 1294 2275 1334 conso-

2376 1285 2434 1337 ὲν
2471 1282 2551 1334 ἑνὶ
2589 1280 2764 1353 πάντα
2802 1276 3183 1346 δεικνυούσης,
3225 1272 3318 1326 καὶ
3368 1270 3457 1324 διά
3498 1268 3713 1322 πάντων
3754 1262 3981 1334 φοιτώ-

714 1370 866 1426 cians
908 1372 1239 1437 unitatibus,
1292 1371 1703 1435 identitatibus,
1758 1372 2087 1436 unionibus,
2146 1386 2274 1426 con-

2379 1392 2477 1446 σης
2502 1415 2516 1439 ,
2557 1374 2651 1427 καὶ
2687 1372 2788 1443 τῆς
2824 1370 3026 1432 οἰκείας
3055 1367 3377 1436 ταύτότητος
3414 1363 3513 1417 οὐκ
3554 1355 3976 1447 ἑξιστςιτμρλὲνης⁸

714 1462 1152 1532 κτοειιιίοιιίἰιυε,
1191 1465 1316 1518 dum
1361 1463 1572 1519 scilicet
1624 1464 1803 1518 divina
1855 1480 1957 1532 pax
2009 1463 2275 1519 indivulsa

2378 1466 2588 1536 πρόεισι
2625 1464 2735 1535 γὰρ
2773 1462 2864 1515 ἐπὶ
2902 1460 3078 1514 πάντα
3102 1498 3116 1522 ,
3157 1457 3253 1510 καλ⁸
3307 1453 3626 1525 μεταδίδωσι
3672 1446 3849 1501 πᾶσιν
3891 1446 3983 1536 οἰ-

716 1554 991 1621 persistit,
1025 1562 1079 1609 et
1102 1555 1151 1608 in
1175 1571 1279 1609 uno
1304 1562 1498 1609 cuncta
1525 1555 1883 1623 demonstrat,
1908 1565 1962 1609 et
2002 1557 2068 1608 ad
2096 1555 2276 1609 omnia

2380 1535 2540 1619 κείως
2569 1555 2749 1616 αὐτοῖς
2789 1551 2983 1622 ἑαυτῆς
3003 1589 3017 1615 ,
3059 1548 3153 1601 καὶ
3192 1542 3516 1615 ύπερὸλύζει
3542 1538 3837 1610 περιουσίᾳ
3864 1535 3983 1603 τῆς

718 1646 1007 1715 pertingit,
1058 1657 1112 1701 et
1160 1662 1189 1700 a
1231 1647 1445 1717 pr0pria
1491 1663 1754 1718 nusquam
1804 1648 2087 1702 identitate
2132 1662 2281 1701 rece—
2313 1717 2330 1718 ί

2381 1646 2661 1718 εἰρηνικῆς
2698 1642 3050 1713 γονιμότητος
3074 1656 3087 1669 ·
3117 1639 3210 1691 καὶ
3239 1637 3388 1708 μένει
3424 1634 3492 1686 δι’
3531 1629 3805 1702 ὑπεροχὴν
3834 1626 3982 1681 ἑνώ-

716 1736 833 1800 dit;
870 1752 992 1790 nam
1036 1740 1102 1791 ad
1137 1740 1317 1792 omnia
1367 1717 1631 1807 procedit,
1674 1740 1865 1808 suique
1905 1739 2281 1809 participatio-
2311 1717 2358 1777 Β

2333 1718 2358 1776 3
2387 1717 2521 1800 σεως
2564 1737 2663 1806 ὃλη
2689 1734 2823 1806 πρὸς
2855 1732 2983 1797 ὃλην
3025 1730 3118 1784 καὶ
3149 1728 3271 1783 καθ’
3300 1728 3429 1799 ὃλην
3466 1722 3662 1795 ἑαυτὴν
3682 1724 3702 1752 ⁷
3753 1722 3982 1791 ὑπερη-

721 1838 839 1877 nem
891 1827 1140 1882 omnibus
1188 1830 1425 1899 indulget
1483 1829 1781 1885 secundum
1837 1827 2098 1898 cujusque
2152 1846 2280 1899 pro-
2388 1830 2626 1901 νωμένη.

720 1917 1023 1983 prietatem,
1054 1934 1152 1974 nec
1196 1936 1299 1975 non
1337 1923 1572 1991 paciﬁca:
1614 1921 1969 1977 redundantia
2020 1923 2282 1976 bonitatis
2309 1924 2601 1987 exuberat,
2642 1920 2798 1991 511
2858 1927 3017 1989 atque
3058 1924 3238 1974 manet
3282 1930 3379 1986 per
3422 1923 3709 1969 excessum
3746 1906 3984 1961 unionis

722 2016 830 2069 tota
862 2010 929 2064 ad
971 2018 1157 2077 totam,
1186 2013 1349 2068 etiam
1380 2013 1673 2069 secundum
1708 2015 1944 2081 seipsam
1977 2022 2144 2070 totam
2171 2014 2399 2084 desuper
2424 2016 2595 2069 unita.

2260 2151 2287 2225 ς
2330 2149 2439 2210 ιιι.

794 2289 902 2346 Sed
980 2290 1270 2360 quomodo,
1350 2290 1495 2346 dicet
1571 2291 1787 2360 aliquis,
1851 2293 2029 2347 omnia
2097 2307 2283 2363 pacem

2461 2292 2584 2356 Πῶς
2612 2291 2688 2357 δὲ,
2723 2291 2854 2363 φαίη
2888 2308 2990 2356 τις,
3024 2288 3275 2359 ὲφίεται⁸
3296 2286 3471 2341 πάντα
3500 2285 3761 2355 εἰρήνης;
3796 2279 3983 2334 πολλὰ

724 2382 1020 2449 appetunt?
1065 2398 1186 2435 eum
1224 2398 1309 2438 res
1343 2383 1588 2452 plurimae
1623 2384 1940 2439 diversitate
1995 2400 2059 2439 ac
2094 2386 2288 2439 distin-

723 2472 902 2528 ctione
934 2474 1224 2543 gaudeant,
1275 2490 1447 2543 neque
1498 2492 1734 2545 unquam
1768 2486 1958 2545 sponte
1993 2493 2086 2531 sua
2121 2477 2288 2530 velint

726 2564 1028 2631 quiescere.
1078 2565 1242 2633 Atqui
1278 2566 1322 2619 si
1362 2566 1736 2620 diversitatem
1789 2576 1950 2634 atque
1986 2565 2286 2621 distinctio—

727 2669 849 2707 nem
873 2691 889 2718 ,
924 2656 1012 2722 qui
1051 2656 1130 2709 sic
1166 2655 1430 2723 loquitur,
1490 2657 1755 2727 cujusque
1787 2658 1863 2711 rei
1902 2657 2285 2725 proprietatem

729 2760 852 2799 esse
898 2756 1139 2809 asserat,
1190 2762 1312 2799 eum
1366 2764 1451 2802 res
1504 2749 1686 2813 nulla,
1736 2750 1859 2801 dum
1913 2750 1965 2802 in
2001 2764 2098 2805 suo
2143 2758 2287 2801 statu

730 2846 1040 2904 permanet,
1075 2853 1193 2891 eam
1230 2840 1408 2907 perire
1444 2840 1591 2904 velit,
1629 2856 1727 2894 nos
1762 2841 1833 2895 illi
1871 2842 2093 2895 minime
2129 2856 2292 2911 repu-

731 2927 1049 2996 gnabituus,
1088 2930 1179 2983 sed
1226 2931 1275 2983 id
1326 2932 1496 2996 ipsum
1532 2949 1745 3002 quoque
1780 2935 1929 3003 pacis
1963 2935 2289 2988 desiderium

730 3034 852 3074 esse
893 3029 1215 3075 statuemus.
1271 3026 1471 3076 Amant
1519 3023 1663 3076 enim
1711 3024 1890 3078 omnia
1938 3040 2061 3078 eutn
2094 3034 2292 3078 semet-

2388 2382 2497 2455 γὰρ
2519 2384 2793 2454 ἑτερότητι
2833 2384 2925 2435 καὶ
2952 2380 3222 2451 διακρίσει
3243 2379 3420 2449 χαίρει
3447 2391 3460 2445 ,
3495 2378 3588 2430 καὶ
3617 2378 3716 2428 οὐκ
3737 2376 3804 2430 ἀν
3837 2391 3982 2427 ποτε

2389 2476 2579 2528 ἑκόντα
2615 2478 2839 2547 ἠρεμεῖν
2874 2475 3134 2545 ἑθελήσοι.
3163 2472 3273 2524 Καὶ
3306 2474 3353 2524 εἰ
3404 2472 3500 2541 μὲν
3543 2469 3837 2539 ἑτερότητα
3875 2470 3983 2520 καὶ

2387 2569 2656 2638 διάκρισιν
2685 2568 2712 2619 ὁ
2733 2567 2903 2620 ταῦτα
2925 2567 3096 2635 λέγων
3122 2566 3254 2634 φησί
3283 2563 3379 2635 τὴν
3411 2563 3638 2616 ἑκάστου
3665 2562 3771 2613 τῶν
3798 2561 3981 2613 ὄντων

2398 2660 2651 2729 ἰδιότητα,
2672 2661 2767 2714 καὶ
2786 2660 2865 2711 ὅτι
2890 2659 3091 2730 ταύτην
3123 2658 3241 2710 οὐδὲ
3272 2656 3329 2710 ἓν
3351 2656 3457 2709 τῶν
3484 2656 3651 2708 ὄντων
3676 2655 3735 2707 ὃν
3770 2694 3785 2719 ,
3833 2654 3979 2725 ὅπερ

2396 2751 2563 2813 ἐστὶν,
2599 2750 2769 2803 ἐθέλει
2794 2751 2920 2803 ποτὲ
2948 2748 3251 2813 ἀπολλύειν,
3274 2749 3372 2801 οὐκ
3397 2749 3461 2801 ἂν
3490 2748 3610 2799 οὐδὲ
3640 2749 3798 2816 ἡμεῖς
3834 2746 3980 2815 πρὸς

2395 2841 2549 2894 τοῦτο
2590 2842 2954 2912 ἀντιφήσομεν
2974 2843 3019 2906 θ,
3049 2840 3182 2894 ἀλλὰ
3221 2842 3313 2893 καὶ
3342 2839 3544 2909 ταύτην
3577 2840 3798 2910 εἰρήνης
3844 2837 3978 2906 ἔφε-

2394 2949 2480 2992 σιν
2527 2932 2968 3003 ἀποφανούμεθα.
3026 2933 3208 2985 Πάντα
3248 2931 3354 3001 γὰρ
3400 2932 3585 3001 ἀγαπᾷ
3621 2931 3756 2998 πρὸς
3801 2930 3977 2984 ἑαυτά

2398 3024 2699 3096 εἰρηνεύειν
2732 3042 2789 3078 τε
2821 3026 2914 3078 καὶ
2940 3024 3197 3095 ἡνῶσθαι,
3233 3025 3326 3077 καὶ
3354 3023 3557 3076 ἑαυτῶν
3588 3024 3681 3076 καὶ
3702 3022 3810 3074 τῶν
3844 3025 3978 3075 ἑαυ-

734 3113 863 3187 ipsis
895 3128 1081 3180 pacem
1118 3114 1335 3178 habere,
1371 3126 1530 3184 atque
1563 3130 1681 3169 esse
1714 3116 2020 3184 conjuncta,
2057 3134 2152 3170 nec
2188 3135 2289 3171 non
2320 3116 2360 3171 C

2326 3116 2360 3171 Ε
2393 3120 2499 3171 τῶν
2542 3119 2771 3189 ἀκίνητα
2810 3120 2903 3171 καὶ
2948 3119 3167 3171 ἄπτωτα
3213 3114 3368 3170 εἶναι.
3420 3118 3529 3170 Καὶ
3571 3116 3682 3169 ἔστι
3745 3115 3975 3186 καὶτῆς

733 3217 791 3255 se
824 3216 1029 3269 suaque
1065 3204 1244 3255 omnia
1300 3203 1522 3257 imtnota
1556 3216 1608 3258 et
1646 3206 1807 3259 illaesa
1858 3206 2169 3273 persistere.
2229 3207 2293 3259 Et

734 3299 819 3345 est
862 3290 1101 3359 perfecta
1166 3292 1255 3345 illa
1310 3308 1412 3361 pax
1466 3295 1888 3364 uniuscujusque
1947 3296 2294 3363 proprietatis

735 3384 1085 3453 impermista:
1141 3386 1550 3450 conservatrix,
1588 3403 1683 3455 per
1729 3390 2100 3455 providentias
2146 3406 2295 3456 suas,

736 3476 888 3543 pacis
921 3474 1248 3543 largitrices,
1298 3477 1477 3529 omnia
1533 3476 1672 3529 inter
1722 3477 1900 3543 seipsa
1936 3489 1990 3533 et
2023 3494 2142 3531 cum
2178 3480 2298 3535 aliis

737 3568 856 3621 sine
915 3568 1183 3621 seditione
1244 3578 1299 3621 et
1352 3568 1668 3622 confusione
1724 3571 2081 3637 custodiens,
2134 3582 2295 3640 atque

734 3659 916 3712 omnia
964 3658 1141 3713 stabili
1189 3670 1241 3714 et
1277 3676 1539 3727 nusquam
1585 3660 1890 3715 declinante
1941 3664 2180 3729 potentia
2227 3665 2294 3724 ad

738 3751 978 3823 ipsorum
1012 3764 1200 3820 pacem
1235 3750 1775 3823 imn'obilitatemque
1808 3752 2110 3808 stabiliens.

2394 3210 2511 3263 καθ’
2542 3211 2768 3264 ἕκαστον
2809 3209 3041 3280 ἀμιγοῦς
3089 3210 3345 3279 ἰδιότητος
3390 3211 3423 3279 ή
3464 3208 3729 3279 παντελὴς
3777 3211 3973 3280 εἰρήνη

2397 3304 2738 3374 φυλακτικὴ,
2783 3305 2903 3365 ταῖς
2956 3302 3331 3372 εἰρηνοδιῦροις
3368 3302 3535 3372 αὐτῆς
3586 3301 3863 3372 προνοίαις
3901 3302 3973 3355 τὰ

2394 3394 2570 3446 πάντα
2589 3394 2928 3446 ἀστασίαστα
2962 3394 3054 3444 καὶ
3083 3390 3411 3460 άσύμφυρτα
3435 3392 3567 3461 πρός
3586 3407 3644 3442 τε
3680 3388 3846 3469 ἑαυτά
3875 3391 3973 3441 καὶ

2396 3489 2529 3558 πρὸς
2560 3486 2760 3555 ἄλληλα
2790 3484 3126 3547 διασώζουσα
3150 3525 3163 3547 ,
3188 3484 3282 3535 καὶ
3319 3483 3493 3536 πάντα
3524 3486 3580 3535 ὲν
3611 3480 3846 3553 σταθερᾷ
3873 3480 3972 3534 καὶ

2399 3577 2599 3645 ἁκλίτῳ
2625 3576 2849 3646 δυνάμει
2885 3574 3017 3646 πρὸς
3044 3573 3141 3645 τὴν
3166 3573 3370 3627 ἑαυτῶν
3398 3573 3618 3643 εἰρήνην
3649 3573 3743 3625 καὶ
3780 3573 3961 3644 ἀκινη-

2402 3670 2519 3722 σίαν
2544 3667 2763 3721 ἱστῶσα.

2281 3896 2307 3970 §
2358 3896 2466 3957 IV.

809 4035 868 4089 Si
947 4045 1135 4091 cuneta
1230 4053 1395 4108 porro
1484 4053 1606 4107 quae
1678 4051 1995 4107 moventur,
2071 4041 2299 4096 minime

737 4132 1043 4195 quiescere,
1078 4130 1169 4183 sed
1204 4130 1334 4185 cieri
1368 4145 1584 4199 semper
1613 4147 1712 4187 suo
1749 4143 1895 4187 motu
1932 4134 2098 4187 velint
2134 4135 2215 4189 vel
2253 4134 2298 4189 is

740 4222 855 4287 ipse
889 4224 1133 4276 movendi
1171 4239 1229 4278 se
1264 4226 1533 4293 appetitus
1566 4226 1631 4278 ad
1664 4226 1899 4279 divinam
1937 4226 2080 4279 illam
2111 4243 2297 4295 pacein

740 4314 1100 4368 universalem
1158 4316 1423 4383 pertinet,
1479 4332 1600 4385 qua:
1654 4318 1834 4371 omnia
1888 4319 1938 4370 in
1986 4319 2180 4387 seipsis
2232 4334 2299 4371 ne

738 4404 1023 4459 clabantur
1079 4417 1278 4470 servat,
1316 4418 1478 4476 atque
1509 4409 1748 4462 omnium
1785 4425 1971 4463 eorum
2009 4426 2129 4479 quae
2183 4428 2301 4464 mo-

739 4506 934 4550 ventur
961 4499 1349 4566 proprietatem
1399 4501 1790 4568 motrieemque
1815 4502 2005 4566 vitam,
2053 4517 2120 4555 ne
2152 4518 2181 4555 a
2216 4517 2303 4556 se-

742 4589 969 4656 metipsa
1006 4589 1273 4643 desciscat
1306 4590 1609 4654 excidatve,
1647 4591 1904 4653 custodit,
1948 4600 2005 4644 ut
2040 4601 2183 4644 mota
2217 4606 2302 4646 se-

741 4695 863 4732 cum
891 4696 1076 4748 pacem
1116 4681 1367 4747 habeant,
1404 4694 1458 4736 et
1489 4697 1553 4737 eo
1582 4682 1743 4739 modo
1774 4697 1833 4737 se
1866 4682 2147 4749 habentia,
2180 4698 2300 4753 quae

742 4789 837 4829 sua
872 4786 1018 4841 sunt,
1055 4786 1335 4845 peragant.

2478 4043 2587 4097 Καὶ
2617 4045 2664 4096 εἰ
2692 4042 2761 4095 τὰ
2798 4041 3089 4111 κινούμενα
3118 4040 3295 4093 πάντα
3337 4037 3421 4109 μή
3442 4038 3688 4108 ἠρεμεῖν,
3716 4035 3846 4089 ἀλλὰ
3882 4053 3967 4089 κι-

2406 4135 2610 4188 νεῖσθαι
2657 4134 2743 4187 ἀεὶ
2779 4133 2875 4205 τὴν
2922 4131 3127 4183 ἑαυτῶν
3178 4132 3387 4202 κίνησιν
3430 4128 3635 4192 ἐθέλοι,
3681 4129 3775 4179 καὶ
3816 4126 3967 4181 τοῦτο

2407 4226 2589 4296 ἔφεσίς
2624 4230 2739 4281 ἑστι
2774 4227 2871 4295 τῆς
2901 4225 3048 4288 θείας
3075 4223 3183 4275 τῶν
3227 4222 3361 4275 ὅλων
3390 4222 3612 4293 εἰρήνης
3631 4261 3644 4285 ,
3668 4221 3767 4290 τῆς
3797 4220 3965 4272 πάντα

2408 4321 2491 4388 ἐφ’
2521 4319 2722 4371 ἑαυτῶν
2762 4318 3073 4369 ἀδιάπτωτα
3096 4316 3137 4345 ¹⁰
3159 4311 3527 4383 διασωζούσης
3546 4350 3560 4375 ,
3594 4312 3686 4363 καὶ
3715 4311 3811 4380 τὴν
3834 4312 3962 4364 πάν-

2406 4431 2513 4466 των
2560 4411 2666 4464 τῶν
2713 4408 3041 4479 κινουμένων
3086 4407 3322 4476 ἰδιότητα
3364 4404 3458 4457 καὶ
3502 4404 3783 4474 κινητικὴν
3824 4402 3961 4475 ζωὴν

2408 4506 2658 4575 ἀκίνητον
2688 4504 2781 4557 καὶ
2809 4504 3051 4557 ἄπτωτον
3082 4497 3451 4568 φυλαττούσης
3469 4538 3482 4560 ,
3511 4500 3568 4549 ἑν
3595 4496 3673 4566 τῷ
3699 4497 3765 4548 τὰ
3796 4497 3957 4547 κινούο

2411 4619 2545 4671 μενα
2574 4600 2708 4669 πρὸς
2738 4598 2903 4651 ἑαυτά
2932 4595 3277 4668 εἰρηνεύοντα
3296 4633 3310 4659 ,
3340 4594 3435 4647 καὶ
3462 4591 3718 4654 ὡσαύτως
3749 4590 3956 4659 ἔχοντα,

2402 4695 2531 4765 δρᾷν
2554 4692 2621 4745 τά
2650 4689 2875 4744 ἑαυτῶν.

2279 4923 2307 4995 §
2352 4923 2431 4983 V.

838 5066 1133 5131 Caeterum,
1184 5067 1229 5119 si
1277 5068 1403 5136 quis
1454 5067 1821 5126 diversitatem
1881 5084 1911 5124 a
1969 5084 2105 5140 pace
2171 5085 2303 5139 pro-

741 5158 1041 5227 lapsionem
1100 5174 1384 5224 asserens,
1436 5162 1719 5215 confirmet
1784 5177 1970 5230 pacem
2039 5179 2144 5217 non
2180 5179 2299 5219 esse

740 5250 992 5303 omnibus
1053 5251 1378 5319 amabilem;
1442 5253 1879 5322 respondendum
1936 5255 2301 5323 potissimum,

741 5340 876 5395 nihil
912 5340 963 5397 in
1001 5351 1196 5397 natura
1234 5358 1413 5399 rerum
1446 5346 1682 5400 existere
1716 5347 1858 5415 quod
1892 5348 2035 5403 omni
2072 5363 2300 5417 prorsus

2479 5068 2541 5121 Εἰ
2582 5067 2639 5121 δὲ
2661 5106 2676 5130 ,
2718 5065 2816 5136 τὴν
2858 5065 2978 5118 κατ’
3008 5062 3279 5115 ἔκπτωσιν
3312 5060 3531 5131 εἰρήνης
3560 5055 3840 5126 ἑτερότητα
3872 5052 3953 5106 λέ.

2409 5180 2540 5230 γων,
2572 5159 2899 5231 ἰσχυρίζεται
2944 5157 3017 5229 μὴ
3056 5158 3219 5209 πᾶσιν
3250 5150 3385 5207 εῖναι
3439 5150 3670 5223 ἐραστὴν
3699 5148 3794 5218 τὴν
3822 5148 3955 5217 εἰρή-

2408 5273 2541 5327 νην,
2590 5254 2819 5325 μάλιστα
2866 5254 2961 5323 μὲν
3004 5251 3153 5305 οὐδέν
3207 5253 3323 5303 ἑστι
3368 5248 3476 5301 τῶν
3523 5246 3709 5306 ὄντων,
3740 5242 3768 5295 ὃ
3796 5245 3954 5311 πάσης

2409 5343 2686 5407 παντελῶς
2716 5342 2958 5406 ἑνώσεως
2978 5341 3155 5394 ἀποπέ
3168 5356 3342 5392 πτωκε
3367 5354 3381 5369 ·
3410 5337 3471 5389 τὸ
3489 5336 3595 5406 γὰρ
3624 5335 3795 5405 πάντη
3817 5334 3954 5386 ἀστα-

1999 5485 2233 5541 νΑῐῖἰΑΞ
2264 5482 2664 5540 LECTIONES.

813 5605 832 5633 ⁸
870 5601 1230 5672 συγκειμένη,
1307 5600 1362 5654 Ρ.
1421 5602 1504 5661 SC.

1600 5606 1617 5633 “
1656 5602 2087 5677 συνεζευγμένα,
2138 5605 2193 5662 S.
2237 5605 2295 5661 Ρ.

747 5672 789 5707 ¹⁰
823 5676 1205 5745 ἀμετάπτωτοι,
1244 5672 1297 5727 S.
1326 5674 1379 5727 ι’.

2414 5606 2433 5637 ⁷
2468 5604 2682 5675 ἑαυτῆς.
2783 5603 2801 5633 ⁸
2836 5600 2916 5654 ὅτι
2952 5597 3195 5669 ἐφίεται,
3236 5594 3294 5651 D.
3396 5596 3413 5628 9
3448 5593 3861 5663 ἁντιφήσαιμεν,
3894 5590 3949 5645 D.
