4156 6312
192 357 305 414 953

1257 357 1344 412 DE
1374 356 1627 413 DlVlNlS
1660 353 2052 416 NOMlNlBUS.
2087 353 2239 412 CAP.
2275 353 2368 411 XI.

3328 349 3435 407 ρει

190 489 313 533 τον,
347 472 439 526 καὶ
476 470 720 543 ἄπειρον,
751 470 846 524 καὶ
883 470 1183 542 ἀνίδρυτον,
1226 473 1319 524 καὶ
1354 471 1620 542 ἀόριστον,
1649 470 1761 525 οὕτε

1875 477 2065 524 careat
2117 468 2344 535 unione;
2381 465 2432 522 id
2465 466 2610 521 enim
2656 465 2800 539 quod
2835 465 3050 537 penitus
3101 466 3352 534 instabile
3383 476 3440 520 et

189 561 254 614 ὃν
286 563 450 623 ἐστιν,
473 559 594 614 οὔτε
624 563 682 613 ἐν
710 564 820 624 τοῖς
853 557 1020 624 οὖσιν.
1073 562 1136 616 Εἰ
1165 561 1222 615 δέ
1250 561 1470 624 τούτους
1500 562 1662 632 φησὶν
1691 564 1766 615 εἰ-

194 654 337 723 ρήνῃ
373 652 466 705 καὶ
508 654 728 725 εἰρήνης
753 652 974 721 ἀγαθοῖς
1005 653 1437 724 ἀπεχθάνεσθαι,
1468 653 1594 716 τοὺς
1625 652 1766 723 ἐρισι

192 746 293 798 καὶ
322 745 545 816 θυμοῖς,
584 747 679 799 καὶ
719 743 1034 799 ἀλλοιώσεσι
1069 745 1161 798 καὶ
1189 743 1612 811 ἀκαταστασίαις
1648 745 1768 815 χαί-

193 851 390 909 ροντας
409 855 422 866 ·
467 840 558 891 καὶ
587 833 732 892 οὗτοι
761 838 1027 908 ἀμαυροῖς
1064 836 1300 902 εἰδώλοις
1330 837 1610 909 εἰρηνικῆς
1640 838 1767 906 ἐφέ-

193 945 337 992 σεως
364 929 796 1001 διακρατοῦνται,
826 929 961 1000 πρὸς
987 928 1172 983 παθῶν
1207 928 1577 1000 ἐνοχλούμενοι
1610 928 1768 981 πολυ-

189 1020 452 1090 κινήτων,
491 1022 584 1075 καὶ
618 1021 788 1075 ταῦτα
816 1023 967 1094 ἰστᾷν
1001 1021 1444 1094 ἀνεπιστημόνως
1472 1020 1764 1092 ἐφιέμενοι,

191 1113 292 1166 καὶ
306 1112 537 1183 οἰόμενοι
556 1117 620 1185 τῇ
638 1115 852 1186 ἀποπλη
861 1114 1020 1186 ρώσει
1039 1114 1146 1168 τῶν
1172 1115 1258 1168 ἀεί¹
1290 1113 1663 1185 ἀπορρεόντων
1691 1115 1768 1166 εἰ-

192 1204 444 1276 ρηνεύειν
460 1207 682 1270 ἑαυτοὺς
703 1210 767 1278 τῇ
785 1208 1006 1279 ἀτευξίᾳ
1019 1208 1056 1239 ¹¹
1075 1207 1180 1261 τῶν
1195 1226 1228 1262 κ
1235 1225 1368 1279 ρατη
1376 1207 1554 1269 σασῶν
1570 1207 1766 1280 ἡδονῶν

190 1297 716 1368 ἐκταρασσομένους.
737 1297 800 1350 Τί
823 1298 886 1357 ἀν
900 1315 982 1362 τις
997 1297 1140 1352 εἴποι
1163 1298 1289 1368 περὶ
1317 1298 1416 1368 τῆς
1447 1298 1585 1350 κατά
1628 1298 1766 1368 Χρι-

189 1387 320 1442 στὸν
336 1387 678 1460 εἰρηνοχύτου
703 1388 1107 1459 φιλανθρωπίας
1128 1405 1143 1454 ;
1166 1388 1288 1442 καθ’
1314 1388 1382 1460 ἢν
1401 1389 1460 1441 ού
1490 1387 1564 1459 μὴ
1587 1387 1768 1459 μάθω-

191 1494 299 1548 μεν
339 1478 416 1536 ἔτι
456 1479 710 1550 πολεμεῖν
729 1517 744 1542 ,
775 1481 898 1535 οὔτε
926 1482 1156 1543 ἑαυτοῖς,
1184 1478 1305 1533 οὒτε
1340 1479 1609 1550 ἀλλήλοις,
1645 1479 1766 1533 οὔτε

189 1570 444 1639 ἀγγέλοις
463 1588 475 1601 ·
510 1570 641 1625 ἀλλά
665 1573 758 1625 καί
784 1573 965 1636 αὐτοῖς
981 1571 1047 1625 τὰ
1070 1571 1187 1625 θεῖα
1216 1571 1353 1624 κατὰ
1381 1569 1606 1642 δύναμιν
1643 1588 1767 1625 συν-

188 1662 516 1733 εργήσωμεν
536 1663 598 1728 ¹¹,
624 1663 764 1716 κατὰ
792 1665 1041 1735 πρόνοιαν
1091 1663 1262 1735 Ἰησοῦ
1285 1664 1376 1716 τοῦ
1407 1664 1474 1718 τά
1510 1664 1686 1717 πάντα
1710 1667 1766 1717 ἐν

193 1755 363 1808 πᾶσιν
379 1755 743 1827 ἐνεργοῦντος,
767 1759 860 1812 καὶ
883 1757 1158 1822 ποιοῦντος
1181 1759 1398 1829 εἰρήνην
1419 1757 1655 1830 ἄρρητον
1673 1757 1767 1810 καὶ

1869 561 2171 625 inﬁnitum;
2210 559 2464 631 nullaque
2496 560 2626 616 sede
2681 561 2868 614 nixum
2919 560 3439 629 interminatumque

1869 651 2112 722 ﬁngitur,
2162 665 2243 706 me
2282 651 2411 706 illud
2459 650 2632 721 ipsum
2682 666 2780 721 per
2821 667 2880 707 se
2928 652 3060 706 nihil
3095 660 3197 716 est,
3234 666 3333 706 nec
3384 652 3435 705 lit

1868 741 2051 810 aliquo
2080 741 2291 796 existit.
2333 740 2426 795 Sin
2473 740 2721 808 obiiciat,
2759 755 2854 795 eos
2887 740 3004 809 paci
3040 740 3299 808 pacisque
3344 738 3440 811 bo:

1867 833 1951 888 nis
1992 832 2308 896 adversari,
2343 831 2434 901 qui
2470 831 2654 886 litibus
2688 840 2742 886 et
2774 830 3073 894 furoribus,
3112 827 3440 884 mutationi-

1866 923 2074 994 busque
2106 932 2160 978 et
2196 923 2639 979 instabilitatibus
2662 923 3029 988 delectantur;
3055 938 3245 978 verum
3276 930 3329 976 et
3361 918 3436 974 illi

1866 1030 2085 1086 quoque
2130 1015 2382 1071 obscuris
2431 1016 2760 1086 quibusdam
2810 1015 3021 1085 paciﬁci
3059 1013 3312 1069 desiderii
3364 1012 3440 1067 si-

1868 1108 2123 1181 mulacris
2162 1107 2513 1172 detinentur,
2563 1109 2687 1162 dum
2734 1107 3240 1176 perturbationibus
3273 1105 3440 1160 variis

1867 1210 2125 1272 aguntur,
2159 1217 2294 1272 quas
2337 1200 2587 1270 imperite
2632 1200 2828 1256 sedare
2876 1186 3208 1267 desiderant,
3263 1209 3317 1254 et
3355 1215 3441 1254 ar-

1866 1289 2144 1344 bitrantur
2191 1306 2250 1346 se
2284 1306 2476 1361 pacem
2515 1291 2737 1357 habere,
2773 1291 2818 1346 si
2854 1292 3111 1346 continuo
3145 1291 3442 1346 liuentibus

1867 1381 2235 1452 voluptatibus
2271 1384 2582 1439 baurieudis
2617 1385 2907 1450 insistant;
2943 1394 2997 1438 et
3031 1371 3442 1454 perturbantur,

1867 1473 1914 1528 si
1950 1474 2111 1528 rebus
2146 1473 2229 1537 iis,
2252 1489 2287 1527 a
2313 1475 2510 1543 quibus
2544 1475 2643 1545 ipsi
2675 1476 2872 1530 devicti
2909 1484 3055 1542 sunt,
3083 1475 3440 1530 frustrentur.

1868 1570 2007 1640 Quid
2043 1587 2206 1646 porro
2240 1572 2387 1627 dicet
2429 1574 2551 1642 quis
2585 1577 2649 1628 de
2682 1573 2885 1628 Christi
2935 1573 3162 1643 paciﬁca
3198 1573 3444 1644 benigni-

1867 1666 2025 1721 tate?
2057 1681 2163 1735 qua
2199 1666 2478 1730 docemur,
2523 1683 2627 1722 non
2665 1667 2804 1721 ultra
2839 1667 3037 1722 bellum
3085 1682 3299 1736 gerere,
3329 1669 3444 1722 sive

1869 1777 1994 1818 cum
2047 1760 2204 1815 nobis
2261 1760 2434 1838 ipsis,
2485 1761 2600 1816 sive
2646 1777 2768 1815 cum
2815 1761 3113 1830 proximis,
3170 1760 3286 1815 sive
3319 1775 3442 1815 cum

188 1842 257 1908 ἐξ
273 1843 462 1907 αἰῶνος
478 1845 910 1915 προωρισμένην,
926 1844 1020 1897 καὶ
1040 1844 1601 1906 ἀπκαταλλάσσοντος
1622 1844 1761 1914 ἡμᾶς

1867 1851 2104 1921 angelis,
2186 1851 2385 1921 quibus
2448 1853 2629 1922 potius
2677 1850 2837 1922 512
2889 1867 2988 1921 pro
3053 1851 3198 1905 virili
3248 1867 3445 1920 coope-

188 1934 371 2006 ἑαυτῷ
393 1936 436 1966 ¹³
465 1937 559 1988 καὶ
587 1938 644 1988 ἐν
671 1935 848 2006 ἑαυτῷ
879 1935 955 2007 τῷ
979 1936 1153 2007 Πατρὶ
1171 1977 1184 2000 ,
1212 1936 1339 2006 περὶ
1359 1929 1432 1988 ὧν
1472 1932 1763 2006 ὑπερφυῶν

185 2025 380 2099 δώρων
420 2030 480 2081 ὲν
515 2031 636 2091 ταῖς
665 2028 1037 2098 Θεολογικαῖς
1060 2029 1525 2083 ὑποτυπώσεσιν
1567 2027 1766 2092 ἰκανῶς

185 2118 405 2189 εἴρηται
425 2158 439 2182 ,
471 2121 1126 2193 προσεπιμαρτυρούντων
1148 2122 1191 2154 ¹⁵
1213 2125 1343 2192 ἡμῖν
1367 2121 1460 2174 καὶ
1488 2121 1588 2191 τῆς
1615 2123 1767 2193 ἱερᾶς

185 2207 300 2260 τῶν
326 2208 519 2277 λογίων
543 2211 846 2274 ἐπιπνοίας.

1872 1942 2096 1996 randum
2168 1949 2253 1997 est
2287 1942 2339 1995 in
2405 1943 2470 1998 iis
2525 1959 2645 2012 qua:
2678 1945 2744 1997 ad
2778 1945 2943 1998 Deum
2980 1953 3261 2013 spectant,
3285 1941 3440 2011 juxta

1874 2033 2048 2104 ipsius
2087 2032 2214 2089 Jesu
2263 2034 2680 2103 providentiam,
2731 2051 2852 2104 quae
2885 2037 3067 2091 omnia
3105 2036 3156 2090 in
3191 2035 3444 2091 omnibus

1875 2138 2154 2196 operatur,
2195 2143 2493 2198 pacemque
2529 2127 2743 2183 confert
2777 2126 3103 2182 ineﬂ‘abilem
3144 2125 3212 2180 ab
3239 2136 3444 2180 aeterno

1877 2219 2296 2288 praedellnitam,
2332 2234 2538 2289 nosque
2585 2220 2688 2274 sibi
2738 2220 2789 2274 in
2830 2221 3020 2290 spiritu
3063 2229 3118 2274 et
3167 2233 3266 2288 per
3294 2233 3354 2272 se
3387 2217 3441 2271 in

187 2315 252 2355 se
287 2301 385 2370 ipsi
416 2301 560 2356 Patri
613 2304 952 2358 reconciliat.
1021 2305 1094 2359 De
1141 2304 1337 2374 quibus
1368 2304 1528 2362 donis
1575 2310 2080 2376 supernaturalibus
2132 2314 2267 2368 satis
2311 2325 2580 2383 superque
2637 2311 2846 2366 dictum
2899 2322 2984 2368 est
3027 2310 3082 2366 in
3119 2308 3443 2381 Theologicis

184 2393 637 2461 institutionibus,
687 2410 851 2451 sacra
887 2396 1173 2467 Scriptura
1210 2399 1369 2454 nobis
1405 2399 1776 2455 testimonium
1812 2402 2160 2470 perbibente.

1735 2545 1763 2618 §
1811 2545 1914 2606 Vl.

275 2683 410 2737 Ἀλλ’
440 2685 626 2756 ἐπειδὴ
656 2685 749 2739 καὶ
776 2685 960 2739 ἄλλοτε
997 2686 1097 2758 μοῦ
1127 2687 1194 2741 δι’
1218 2686 1506 2761 ἐπιστολῆς
1543 2689 1767 2755 ἐπύθου,

185 2774 244 2830 τί
276 2793 403 2828 ποτε
447 2775 555 2846 ἄρα
595 2777 735 2846 φημί
761 2777 822 2829 τὸ
851 2778 981 2831 αύτὸ
1008 2775 1146 2832 εἶναι
1165 2819 1180 2843 ,
1210 2782 1306 2852 τὴν
1341 2781 1639 2852 αὐτοξωὴν,
1670 2781 1767 2853 τὴν

184 2867 534 2934 αύτοσοφίαν,
565 2868 660 2919 καὶ
685 2868 818 2939 πρὸς
843 2870 1030 2922 ἑαυτὸν
1051 2870 1188 2942 ἔφης
1208 2872 1535 2943 διαπορῆσαι
1562 2874 1622 2937 ¹³,
1650 2875 1767 2938 πῶς

183 2959 282 3012 τὸν
311 2959 442 3011 Θεὸν
473 2959 598 3012 me
632 2961 727 3030 μὲν
755 2961 1036 3034 αύτοζωήν
1075 2980 1248 3033 φημι,
1285 2965 1410 3017 ποτὲ
1439 2964 1494 3017 δὲ
1531 2965 1630 3035 τῆς
1658 2967 1762 3024 αύ-

182 3057 397 3128 τοζωῆς
431 3059 737 3136 ὑποστάτην
757 3075 770 3087 ·
806 3059 1101 3126 ἀναγκαῖον
1124 3058 1329 3130 ᾠήθην,
1357 3060 1467 3130 ίερὲ
1499 3059 1591 3112 τοῦ
1630 3059 1763 3112 Θεοῦ

1944 2691 2050 2748 Sed
2109 2694 2235 2764 quia
2304 2693 2442 2749 alias
2507 2707 2596 2748 me
2675 2706 2774 2764 per
2835 2690 3118 2762 epistolam
3199 2692 3440 2750 interro-

1873 2785 2034 2853 gasti,
2099 2787 2228 2855 quid
2262 2787 2520 2855 appellem
2579 2800 2676 2856 per
2708 2800 2768 2840 se
2800 2799 2940 2850 esse,
3002 2801 3098 2854 per
3150 2799 3208 2840 se
3251 2787 3444 2853 vitam,

1875 2892 1973 2945 per
2028 2892 2088 2932 se
2148 2878 2475 2946 sapientiam
2511 2917 2526 2942 ,
2621 2887 2675 2932 et
2737 2888 2916 2932 tecum
2977 2878 3058 2932 ais
3142 2877 3444 2941 dubitasse,

1870 2968 2139 3037 quomodo
2177 2968 2346 3023 Deum
2381 2969 2671 3040 aliquando
2718 2969 2935 3037 quidem
2974 2981 3106 3022 voco
3139 2983 3234 3037 per
3267 2982 3328 3022 se
3365 2967 3446 3021 vi-

1871 3069 2014 3126 tam,
2065 3061 2357 3131 aliquando
2404 3076 2533 3117 vero
2566 3060 2876 3116 effectorem
2913 3073 3010 3129 per
3041 3074 3100 3113 se
3133 3059 3298 3123 vitae;
3351 3071 3444 3111 ne-

183 3123 462 3220 ἄνθρωπε,
507 3151 599 3202 καὶ
638 3123 842 3221 ταύτης
890 3123 1009 3202 cra“
1039 3123 1150 3220 τῆς⁷
1182 3123 1274 3218 ἐφ’.
1300 3123 1429 3220 ἡμῖν
1465 3151 1700 3222 ἀπορίας
1721 3151 1759 3180 ¹⁷

1865 3151 2160 3206 cessarium
2198 3167 2316 3207 esse
2350 3152 2648 3206 arbitratus
2685 3166 2840 3213 sum,
2883 3150 3045 3203 homo
3089 3147 3184 3203 Dei
3225 3158 3442 3211 sancte,

183 3239 473 3295 ἀπολῦσαι.
517 3242 626 3294 Καὶ
663 3240 875 3313 πρῶτον
914 3241 1030 3314 μὲν,
1069 3241 1156 3294 ἵνα
1194 3242 1261 3294 τὰ
1309 3242 1634 3313 μυριόλεκτα
1672 3243 1764 3294 καὶ

182 3331 282 3386 νῦν
321 3332 694 3402 ἀναλάϐωμεν,
743 3333 842 3384 ούκ
882 3333 1025 3385 ἔστιν
1055 3333 1314 3397 ἐναντίον,
1345 3333 1700 3403 αύτοδύναμιν
1728 3334 1760 3404 ἢ

183 3423 466 3494 αὖτοξωὴν
489 3426 661 3477 εἰπεῖν
688 3423 778 3477 τὸν
802 3424 956 3487 Θεὸν,
979 3425 1071 3477 καὶ
1092 3426 1190 3496 τῆς
1220 3427 1518 3496 αύτοζωῆς,
1551 3426 1583 3497 ἢ
1614 3427 1764 3497 εἰρή-

181 3532 285 3585 νης
305 3555 318 3579 ,
347 3516 378 3585 ἢ
410 3516 690 3585 δυνάμεως
731 3515 1039 3586 ὑποστάτην
1070 3517 1111 3547 ³⁸
1134 3532 1148 3544 ·
1180 3517 1246 3570 τὰ
1280 3517 1375 3587 μὲν
1408 3517 1517 3588 γὰρ
1558 3521 1623 3570 ἐκ
1653 3517 1762 3569 τῶν

181 3605 356 3660 ὄντων
382 3607 473 3659 καὶ
501 3606 731 3676 μάλιστα
761 3608 824 3660 ἐκ
850 3607 957 3658 τῶν
991 3607 1218 3677 πρώτως
1243 3608 1431 3673 ὄντων,
1473 3609 1547 3673 ὡς
1590 3609 1761 3673 αἴτιος

183 3697 404 3750 πάντων
429 3697 537 3749 τῶν
559 3697 746 3760 ὄντων,
778 3697 995 3764 λέγεται
1022 3714 1034 3727 ·
1076 3697 1144 3750 τά
1180 3698 1254 3763 δὲ,
1290 3699 1365 3761 ώς
1398 3696 1537 3770 ὑπὲρ
1583 3701 1761 3754 πάντα

183 3789 282 3842 καὶ
322 3789 388 3841 τά
427 3788 657 3860 πρώτως
700 3789 829 3843 ὄντα
870 3790 1089 3860 ύπερὼν
1136 3791 1472 3862 ύπερουσίως
1500 3793 1562 3847 ¹⁹.
1602 3795 1666 3846 Τί
1702 3792 1760 3847 δὲ

179 3883 343 3947 ὅλως,
374 3884 498 3951 φῂς,
526 3882 586 3934 τὸ
617 3882 749 3935 αὐτὸ
785 3879 922 3935 εἶναι
959 3882 1209 3953 λέγομεν,
1248 3883 1280 3953 ἢ
1320 3883 1417 3955 τὴν
1445 3883 1722 3957 αὑτοζωὴν
1741 3925 1757 3949 ,

177 3973 216 4044 ῆ
248 3975 348 4026 ὅσα
378 3973 659 4036 ἀπολύτως
695 3975 789 4027 καὶ
831 3975 1147 4044 ἀρχηγικῶς
1190 3973 1362 4040 εἶναι,
1412 3978 1507 4030 καὶ
1558 3981 1620 4030 ἐκ
1664 3978 1757 4030 τοῦ

177 4060 319 4118 Θεοῦ
346 4066 575 4136 πρώτως
596 4065 955 4136 ὑφεστηκέναι
981 4065 1258 4138 τιθέμεθα.
1285 4069 1454 4122 Τοῦτο
1473 4069 1528 4122 δέ
1558 4087 1754 4138 φαμεν,

178 4161 284 4212 οὐκ
311 4158 454 4212 ἔστιν
477 4160 731 4227 ἀγκύλον,
760 4161 873 4214 ἀλλ’
899 4163 1026 4215 εὐθὺ
1056 4163 1148 4216 καὶ
1163 4163 1340 4232 ἁπλῆν
1369 4164 1464 4235 τὴν
1487 4164 1756 4234 διασάφη-

181 4267 270 4302 σιν
300 4248 438 4319 ἕχον.
463 4251 536 4302 UO
561 4251 667 4322 γὰρ
688 4253 873 4306 οὐσίαν
903 4254 1021 4306 τινὰ
1045 4254 1214 4318 θείαν,
1239 4253 1270 4324 ἢ
1293 4255 1584 4325 ἀγγελικὴν
1620 4251 1756 4309 εἶναί

179 4359 364 4413 φαμεν
391 4343 450 4394 τὸ
476 4343 607 4395 αὐτὸ
627 4340 764 4396 εἶναι
782 4347 827 4376 ’θ
851 4346 943 4398 τοῦ
967 4343 1107 4400 εἶναι
1131 4347 1199 4400 τά
1224 4347 1352 4400 ὅντα
1387 4347 1558 4400 πάντα
1581 4348 1756 4401 αἰτίαν

182 4433 387 4504 (μόνον
431 4434 541 4506 γὰρ
585 4436 678 4487 τοῦ
724 4433 858 4490 εἶναι
897 4438 1070 4490 πάντα
1099 4440 1165 4491 τά
1207 4439 1364 4501 ὄντα,
1398 4441 1491 4491 καὶ
1533 4441 1662 4492 αὐτὸ
1695 4441 1754 4494 τὸ

1865 3241 1935 3294 ab
1986 3243 2087 3298 hac
2138 3243 2516 3308 dubitatione,
2567 3243 2745 3313 quoad
2794 3242 3022 3311 possim,
3079 3251 3132 3295 te
3183 3238 3442 3296 liberare.

1864 3335 1942 3388 Ac
1967 3334 2202 3402 primum
2231 3336 2470 3404 quidem,
2499 3346 2558 3387 ut
2592 3351 2734 3389 nunc
2769 3343 3075 3403 repetamus
3102 3346 3221 3402 quae
3249 3330 3443 3385 millies

1865 3426 2006 3480 dicta
2042 3436 2212 3492 sunt,
2250 3443 2356 3482 non
2391 3437 2635 3497 pugnant
2680 3443 2867 3485 secum
2901 3427 3110 3487 dicere,
3143 3425 3309 3478 Deum
3345 3437 3433 3492 pet

1865 3529 1923 3569 se
1956 3527 2299 3584 potestatem,
2341 3525 2394 3571 et
2441 3532 2539 3586 per
2588 3532 2647 3572 se
2692 3518 2902 3583 vitam;
2938 3526 2992 3570 et
3024 3515 3238 3577 dicere,
3271 3514 3438 3568 Deum

1864 3618 2168 3665 creatorem
2195 3626 2294 3680 per
2327 3625 2387 3666 se
2420 3612 2564 3675 vitae,
2589 3609 2675 3665 vel
2711 3623 2804 3678 per
2837 3624 2897 3664 se
2931 3608 3105 3678 pacis,
3133 3607 3215 3662 vel
3251 3620 3349 3675 per
3380 3620 3440 3660 se

1864 3703 2175 3769 potestatis;
2215 3703 2329 3757 haec
2365 3703 2510 3757 enim
2538 3704 2736 3758 dicitur
2763 3703 2904 3757 Deus
2934 3717 3000 3756 ex
3035 3701 3101 3756 iis
3133 3715 3253 3770 qua:
3285 3708 3436 3766 sunt,

1864 3805 1918 3850 et
1950 3798 2184 3850 maxime
2215 3810 2283 3849 cx
2317 3796 2385 3851 iis
2419 3810 2538 3865 quae
2574 3797 2749 3864 prima
2795 3807 2944 3860 sunt,
2985 3803 3240 3862 tanquam
3273 3807 3437 3847 causa

1861 3887 2106 3941 omnium
2156 3901 2277 3955 qua:
2325 3897 2488 3951 sunt;
2542 3886 2632 3940 illa
2685 3897 2867 3941 autem
2920 3886 3142 3948 dicitur,
3181 3894 3437 3952 tanquam

1860 3981 2104 4032 existens
2137 3978 2739 4047 suprasubstantialiter
2758 3994 2918 4048 supra
2943 3977 3124 4030 omnia
3148 3991 3267 4045 quae
3289 3985 3438 4042 sunt,

1860 4079 1914 4123 et
1947 4084 2064 4138 qua:
2095 4070 2268 4138 primo
2302 4079 2446 4122 sunt.
2487 4067 2696 4133 Quaeris
2728 4080 2907 4122 autem
2942 4067 3070 4135 quid
3099 4082 3326 4135 prorsus
3353 4066 3441 4120 di-

1861 4166 2046 4216 camus
2072 4177 2168 4229 per
2208 4175 2267 4215 so
2305 4175 2448 4223 esse,
2493 4168 2585 4213 aut
2617 4175 2714 4226 per
2758 4173 2817 4213 se
2853 4160 3044 4219 vitam,
3071 4165 3160 4209 aut
3189 4171 3438 4224 quaecun-

1857 4269 1966 4322 que
2013 4252 2259 4306 absolute
2303 4262 2357 4304 et
2386 4251 2760 4321 principaliter
2817 4266 2961 4313 esse,
3012 4259 3069 4302 et
3108 4265 3174 4303 ex
3209 4250 3321 4302 Deo
3373 4262 3438 4300 ac

1861 4345 2033 4411 primo
2065 4354 2244 4397 creata
2282 4359 2400 4399 esse
2439 4345 2707 4413 ponimus.
2735 4342 3141 4408 Respondemus
3181 4354 3286 4392 non
3315 4353 3438 4393 esse

1862 4437 1962 4488 hoc
2009 4444 2337 4499 contortum,
2375 4434 2470 4488 sed
2524 4443 2753 4494 rectum,
2792 4442 2845 4486 et
2878 4431 3176 4500 simplicem
3230 4428 3436 4482 habens

178 4521 320 4577 εἶναι
353 4523 690 4595 ύπερούσιον,
723 4527 883 4597 ἀρχὴ,
914 4530 1006 4580 καὶ
1035 4529 1211 4590 οὐσία,
1243 4531 1335 4581 καὶ
1375 4530 1544 4582 αἴτιον
1564 4531 1579 4599 )
1600 4570 1613 4592 ,
1637 4531 1757 4583 οὐδὲ

1865 4527 2313 4596 explanationem.
2350 4526 2465 4579 Non
2507 4525 2651 4578 enim
2708 4524 2838 4577 illud
2885 4538 2978 4591 per
3013 4536 3070 4576 se
3104 4536 3256 4586 esse,
3306 4521 3436 4574 sub-

179 4615 446 4680 ζωογόνον
472 4614 514 4644 ²¹
545 4612 678 4678 ἄλλη
722 4615 947 4686 θεότητα
979 4617 1128 4687 παρά
1156 4618 1254 4688 τὴν
1285 4619 1546 4689 ύπέρθεον
1565 4621 1607 4649 "
1632 4621 1763 4673 πάν-

174 4724 292 4760 των
335 4709 432 4760 ὅσα
476 4707 540 4778 ζῇ
566 4747 580 4770 ,
611 4709 704 4762 καὶ
741 4709 840 4778 τῆς
875 4711 1151 4781 αύτοζωῆς
1182 4713 1357 4765 αἰτίαν
1391 4714 1554 4783 ζωὴν,
1596 4713 1715 4766 οὔτε
1740 4754 1754 4776 ,

180 4796 469 4849 συνελόντα
499 4799 690 4860 εἰπεῖν,
727 4797 958 4868 ἀρχικὰς
992 4799 1098 4850 τῶν
1126 4800 1292 4853 ὄντων
1323 4802 1416 4853 καί
1441 4803 1758 4873 δημιουργι-

179 4889 287 4951 κὰς
313 4888 496 4952 οὐσίας
526 4890 618 4940 καὶ
645 4890 966 4952 ὑποστάσεις
986 4929 999 4952 ,
1053 4891 1270 4954 ἅστινας
1294 4893 1337 4923 ’³
1366 4895 1456 4945 καὶ
1478 4895 1631 4958 θεοίρς
1646 4895 1754 4948 τῶν

175 4981 351 5033 ὄντων
375 4980 467 5033 καὶ
501 4981 862 5050 δημιουργοὺς
899 4983 1411 5053 αὐτοσχεδιάσαντες
1442 4987 1753 5056 ἀπεστομά-

175 5090 359 5137 τισαν,
390 5072 481 5135 οὒς
503 5113 516 5135 ,
547 5071 760 5142 ἀληθῶς
793 5073 887 5126 καὶ
914 5076 1116 5144 κυρίως
1150 5080 1340 5139 εἰπεῖν,
1377 5077 1496 5130 οὔτε

177 5167 399 5237 ᾔδεισαν
423 5170 467 5200 ⁸⁸
484 5167 664 5238 (οὺκη
678 5167 854 5238 ὄντας)
879 5165 1002 5219 οὕτε
1038 5170 1085 5220 οί
1126 5169 1357 5240 πατέρες
1385 5169 1560 5223 αὐτῶν
1581 5187 1593 5199 ·
1638 5170 1750 5224 ἀλλ’

176 5258 486 5322 αύτοεῖναι,
527 5259 622 5312 καὶ
658 5258 968 5329 αύτοζωὴν,
1007 5259 1099 5311 καὶ
1136 5259 1498 5332 αὺτοθεότητά
1549 5279 1749 5332 φαμεν,

1600 5077 1753 5128 αὐτοὶ

1862 4620 2119 4673 stantiam
2172 4617 2459 4685 quamdam
2517 4616 2756 4668 divinam
2815 4621 2909 4666 aut
2960 4611 3262 4681 angelicam
3312 4627 3434 4665 esse

1861 4709 2120 4772 dicimus,
2157 4721 2278 4775 quae
2323 4705 2394 4758 sit
2436 4719 2600 4757 causa
2647 4715 2703 4756 ut
2754 4703 2867 4755 sint
2916 4703 3098 4756 omnia
3150 4717 3266 4769 qua:
3307 4711 3436 4755 sunt

1860 4801 2055 4872 (solum
2092 4800 2236 4854 enim
2265 4800 2354 4868 qui
2397 4806 2481 4853 est
2513 4812 2845 4866 supraquam
2893 4797 3229 4860 substantia,
3281 4795 3429 4863 priu-

1857 4894 2092 4962 cipium,
2128 4900 2183 4945 et
2227 4892 2493 4952 essentia,
2543 4899 2598 4943 et
2651 4903 2812 4942 causa
2853 4900 2936 4942 est
2991 4897 3049 4940 ut
3098 4887 3207 4940 sint
3247 4886 3428 4940 omnia

1856 4999 1976 5054 qtne
2016 4991 2162 5049 sunt,
2193 4993 2246 5037 et
2285 4983 2457 5052 ipsum
2491 4997 2586 5050 per
2614 4997 2671 5035 se
2701 4983 2866 5046 esse),
2899 4995 2996 5034 nec
3039 4979 3200 5032 aliam
3233 4978 3430 5032 divini-

1857 5089 2018 5132 tatem
2059 5093 2178 5146 quaa
2211 5077 2380 5129 vitam
2427 5077 2622 5144 pariat,
2655 5085 3012 5145 prazterquant
3063 5075 3225 5128 vitam
3261 5089 3436 5142 supra-

1854 5186 2013 5238 quam
2043 5170 2279 5224 divinam
2314 5170 2554 5224 omnium
2584 5183 2920 5238 quaecunque
2950 5168 3152 5230 vivunt,
3177 5175 3232 5220 et
3259 5166 3427 5236 ipsius

1856 5277 1952 5331 per
1982 5277 2041 5316 se
2069 5262 2193 5316 vitae
2227 5276 2470 5326 causam,
2515 5262 2803 5331 ponimus;
2851 5275 2952 5316 nec
3006 5269 3064 5314 ut
3110 5261 3421 5313 summatim

1447 5461 1679 5517 VARUE
1712 5462 2112 5518 LECTiONES.

245 5623 286 5653 ”
321 5619 518 5690 ἀταξίᾳ.
543 5661 557 5684 ,
611 5619 671 5672 Ι).

175 5695 221 5726 ¹⁵
258 5692 557 5764 ἀπορῆσαι,
595 5691 652 5744 S.
680 5691 736 5744 Ρ.
767 5692 835 5764 Ι)ἱ
914 5691 964 5764 _“‘;
996 5691 1074 5745 τό.
1156 5695 1192 5723 ¹⁷
1232 5692 1314 5761 ἐφ’

172 5762 418 5826 τοεῖναί,
457 5778 563 5817 uno
588 5764 784 5819 verbo.
823 5763 876 5815 Β.
912 5762 970 5815 D.
1051 5765 1090 5795 ²¹
1129 5762 1524 5834 μῖωυοιίίιγάρ
1560 5767 1608 5818 in
1635 5765 1691 5817 Ρ.

746 5622 787 5653 "
823 5621 1243 5692 συνεργήσομεν,
1284 5622 1341 5674 D.
1388 5620 1478 5675 Sc.
1508 5622 1628 5678 Sar.
1713 5625 1753 5654 ¹³
1788 5627 1845 5677 ὲν
1881 5624 2157 5691 Πνεύματι
2193 5622 2284 5675 καί
2306 5622 2371 5674 δι’
2406 5619 2617 5673 ἑαυτοῦ.

954 5695 964 5721 ³
996 5695 1074 5745 τό.
1156 5695 1192 5723 ¹⁷
1232 5695 1314 5761 ἐφ’
1350 5696 1498 5763 ἡμῖν.
1537 5704 1747 5748 nonest
1778 5696 1827 5746 iu
1856 5696 1894 5746 Ι)

1772 5767 1813 5797 ¹¹
1850 5765 1973 5818 τῶν.

2701 5620 2744 5651 ιι
2778 5617 3424 5691 πρφσεπιμαρτυρούσης.

2014 5689 2053 5725 ’⁸
2088 5694 2400 5762 ἐπιστάτην,
2439 5695 2494 5746 S.
2579 5693 2618 5723 ”
2654 5689 3060 5762 ὑπερκείμενος.
3236 5692 3295 5762 _‘_°
3326 5689 3422 5762 qv)-

2055 5766 2097 5796 ²³
2135 5764 2197 5825 ἆς
2231 5756 2387 5827 τινες,
2430 5764 2486 5817 Ρ.
2514 5762 2600 5818 ὃς,
2682 5763 2726 5794 ³³
2760 5756 2971 5832 ᾔδεσαν.
3054 5761 3097 5792 ’³
3121 5761 3212 5815 ἅτε
3235 5756 3292 5828 δὴ
3307 5759 3425 5813 οὐκ.
