4176 6314
195 335 294 390 957
908 338 995 392 DE
1028 338 1276 395 DlVlNlS
1309 340 1703 406 NOMINIBUS,
1740 340 1891 397 CAP.
1926 341 2018 398 XI.
2054 372 2122 382 —-
2151 341 2476 397 CORDERII
2512 342 2741 401 NOTAE.
3323 348 3423 404 958

207 455 438 522 appetit,
480 471 821 526 consequens
880 472 1021 530 esse,
1046 460 1220 526 ipsum
1269 469 1520 526 appetere
1547 461 1665 529 ejus
1700 461 1843 528 quod
1876 461 2077 528 appetit
2112 462 2537 522 assecutionem,
2561 470 2614 514 et
2645 477 2742 530 per
2769 475 3129 529 consequens,
3158 468 3422 519 remotio~

203 541 332 602 nem
353 541 539 580 eorum
571 542 689 602 quae
712 529 1109 602 assecutioiiein
1132 530 1391 602 impedire
1427 540 1670 602 possunt.
1705 530 1890 585 Potest
1910 540 2088 583 autem
2112 531 2367 602 impediri
2396 529 2672 602 assecutio
2695 530 2816 584 boni
2845 531 3135 587 desiderati
3169 549 3265 602 per
3291 551 3423 590 con-

205 596 433 669 trarium
464 597 759 664 appetitum
793 598 874 651 vel
904 599 984 650 sui
1012 599 1180 665 ipsius
1210 598 1290 650 vel
1321 598 1579 664 alterius;
1618 609 1671 654 et
1711 610 2004 668 utrumque
2036 596 2242 653 tollitur
2273 616 2365 667 per
2392 615 2602 667 paceni,
2633 601 2774 653 sit-ut
2804 617 2963 668 supra
2990 596 3193 655 dictum
3233 616 3340 669 est,
3370 617 3426 660 et

204 667 333 743 ’ἀεοή
356 680 580 743 necesse
611 675 694 743 est
724 679 783 719 ut
807 683 968 719 omne
1001 677 1507 743 appetensappetat
1542 685 1724 743 pacein
1748 686 1762 733 ;
1786 671 1850 743 in
1884 667 2151 743 quantum
2181 670 2578 743 scilicetomne
2598 681 2862 743 appetens
2878 674 3092 743 appetit
3125 667 3420 743 tranquille

210 745 258 786 et
291 735 410 786 sine
445 735 833 812 impedimento
863 739 1244 812 perveiiire‘ail
1267 739 1317 812 i_d
1349 735 1490 806 quod
1515 735 1738 812 appetit.
1784 741 1833 793 in
1865 735 1972 809 quo
2003 741 2255 812 consistit
2291 740 2431 792 ratio
2464 741 2632 807 pacis.
2663 740 2812 795 Unde
2853 735 3136 812 illii‘eiiam
3162 735 3419 812 qui'liella

205 815 457 876 qiimi-iipt
491 815 544 858 et
569 805 959 867 dissensiones,
992 822 1094 859 non
1135 805 1448 862 desiderant
1481 805 1597 862 nisi
1617 824 1804 876 pacem
1826 850 1842 871 .
1875 805 2036 876 quam
2067 825 2123 862 se
2164 809 2362 862 habere
2410 805 2514 862 non
2550 812 2886 872 existimant.
2919 811 2989 866 Ut
3033 805 3193 866 euiiu'
3222 815 3422 868 dictum

211 884 290 925 est
327 873 435 951 §_l,
471 889 575 926 non
605 887 687 928 est
722 889 824 951 pax
852 878 895 928 si
931 878 1053 944 quis
1087 878 1346 951 Cllln‘ﬂiitl
1376 873 1672 933 concordet
1701 873 1969 951 contra:iil
2003 878 2143 945 quod
2172 881 2285 951 ipse
2312 880 2484 951 inagis
2517 879 2695 933 vellet.
2725 879 2790 932 Et
2828 883 2948 934 ideo
2987 884 3240 936 homines
3269 899 3416 951 quic-

212 955 342 1020 runt
380 947 904 1020 liaiieconcordiam
944 961 1194 1020 rumpere
1224 948 1490 1009 bellando.
1526 959 1781 1016 tanquam
1815 949 2082 1002 defectum
2119 949 2281 1020 pacis
2311 949 2625 1013 habentem,
2657 959 2714 1002 ut
2746 951 2812 1003 ad
2846 968 3031 1018 pacem
3083 947 3422 1020 perveniant,

212 1016 400 1091 inqua
437 1015 570 1067 nihil
593 1031 781 1091 eorum
816 1015 1080 1091 voluntati
1135 1029 1430 1086 repugnet;
1460 1029 1515 1091 et
1562 1015 1782 1088 prOpter
1806 1020 2131 1091 hocpmnes
2183 1019 2449 1072 bellantes
2500 1030 2749 1083 quierunt
2794 1015 2889 1086 per
2933 1015 3186 1075 bella‘ail
3234 1015 3422 1091 paceni

209 1085 451 1158 aliquam
481 1084 765 1158 pervenire
798 1085 1181 1158 periectiorem
1209 1084 1371 1154 quam
1405 1084 1885 1156 priiis'liabebant.
1910 1086 2084 1141 Porro
2110 1103 2229 1141 cum
2261 1105 2362 1158 pax
2386 1091 2652 1144 consistat
2685 1091 2734 1142 in
2764 1084 3102 1151 quietatione
3130 1100 3186 1145 et
3215 1084 3421 1146 unione

215 1157 525 1229 appetitus;
562 1155 701 1207 sicut
734 1157 999 1229 appetitus
1027 1163 1204 1229 potest
1225 1172 1344 1211 esse
1373 1155 1695 1226 simpliciter
1723 1159 1869 1221 boni,
1896 1159 1979 1212 vel
2012 1157 2135 1214 boni
2179 1155 2510 1226 apparentis,
2544 1159 2615 1211 ita
2647 1159 2810 1212 etiam
2846 1176 2946 1226 pax
2981 1171 3154 1229 potest
3184 1176 3304 1217 esse
3335 1164 3420 1216 vel

209 1239 366 1298 vera,
395 1224 478 1278 vel
511 1238 802 1298 apparens.
836 1223 971 1298 Vera
998 1226 1346 1298 quideman
1383 1223 1494 1281 noii
1530 1237 1707 1297 potest
1733 1243 1852 1282 esse
1888 1229 1990 1282 nisi
2015 1230 2161 1282 circa
2203 1223 2497 1296 appetitum
2531 1229 2642 1281 veri
2675 1230 2795 1282 boni
2827 1223 3162 1298 (quia'omne
3195 1233 3417 1294 malum.

211 1296 315 1366 etsi
353 1295 647 1349 secundum
682 1294 882 1366 aliquid
918 1305 1174 1363 appareat
1228 1297 1451 1359 bonum,
1483 1294 1624 1354 unde
1673 1314 1738 1354 ex
1769 1298 1948 1366 aliqua
1990 1309 2146 1366 parte
2181 1294 2474 1366 appetitum
2511 1300 2736 1366 quietet,
2794 1294 2957 1352 habet
2999 1311 3176 1354 tamen
3224 1303 3423 1356 multos

211 1365 476 1437 defectus.
510 1379 573 1437 ex
615 1364 816 1432 quibus
844 1365 1112 1433 appetitus
1143 1377 1391 1420 remanet
1426 1367 1700 1435 inquietus
1722 1378 1775 1422 et
1798 1364 2228 1437 pertiirbatur);_
2243 1364 2385 1420 unde
2413 1364 2686 1436 pax‘vera
2719 1383 2827 1422 non
2869 1378 3045 1437 potest
3079 1385 3199 1424 esse
3231 1373 3330 1425 nisi
3369 1374 3421 1427 in

213 1435 394 1499 bonis,
426 1442 480 1487 et
529 1434 827 1505 bonorum;
864 1450 961 1501 pax
995 1444 1176 1488 autem
1206 1452 1324 1502 qua:
1370 1434 1634 1492 malorum
1665 1434 1916 1501 estfest
1959 1453 2061 1505 pax
2113 1434 2422 1505 apparens,
2463 1449 2514 1490 et
2564 1452 2670 1490 non
2706 1434 3034 1492 verm—Unde
3079 1442 3279 1494 dicitur
3319 1442 3421 1494 Sa-

211 1505 379 1569 pient.
417 1519 528 1564 xiv,
564 1503 636 1557 29
663 1517 688 1577 :_
711 1500 1257 1577 InmngiioAvivenles
1294 1507 1586 1577 inscientia:
1615 1500 1779 1570 bello,
1803 1516 1878 1560 tot
1908 1500 2092 1561 et‘tam
2127 1500 2317 1576 inagna
2358 1506 2496 1558 nulla
2527 1523 2703 1574 pacem
2751 1509 3037 1575 appellant.
3077 1508 3210 1563 Cum
3261 1511 3424 1577 igitur

211 1589 341 1646 vera
377 1589 478 1646 pax
512 1589 616 1626 non
649 1574 719 1646 sit
749 1575 848 1646 pisi
899 1575 964 1627 de
1011 1575 1343 1646 bonotsicut
1390 1576 1676 1644 duplii-iter
1712 1579 1944 1631 habetur
1975 1592 2157 1629 verum
2211 1574 2437 1637 honuni,
2481 1577 2694 1646 scilicet
2717 1574 2954 1644 perfecte
2979 1588 3032 1632 et
3079 1574 3420 1646 imperii—acte.

211 1644 283 1696 ita
317 1644 485 1696 etiam
516 1654 600 1695 est
644 1641 837 1711 duplex
873 1658 977 1716 pax
1009 1659 1154 1699 vera.
1187 1645 1300 1699 Una
1344 1641 1561 1714 quidem
1597 1647 1862 1716 perfecta,
1894 1662 2015 1715 quae
2065 1646 2318 1700 consistit
2360 1647 2408 1698 iu
2458 1645 2689 1714 perfecta
2718 1641 2986 1701 'fruitione
3037 1641 3234 1702 sumini
3270 1641 3418 1713 boni,

209 1727 307 1780 per
336 1727 717 1785 quanioniiies
741 1715 1012 1785 appetitus
1056 1718 1335 1781 uiiiuiitur,
1370 1715 1607 1785 quietati’
1631 1718 1681 1770 in
1719 1733 1862 1771 uno:
1912 1728 1966 1771 et
1994 1717 2081 1770 hic
2127 1727 2211 1767 est
2242 1717 2467 1768 iiltiinns
2513 1717 2632 1770 linis
2677 1728 2944 1771 creatura:
2977 1719 3260 1773 rationalis
3283 1758 3298 1782 ,
3339 1738 3428 1775 se—

209 1780 446 1856 cundum
482 1782 608 1856 illud
644 1780 840 1856 Psaliiii
881 1797 1080 1856 chvii.
1115 1785 1222 1856 ﬂ;
1259 1785 1360 1850 Qui
1388 1780 1559 1853 posuit
1587 1787 1718 1855 lines
1750 1797 1866 1839 tuo:
1894 1803 2094 1854 pacem.
2123 1786 2241 1856 Alia
2277 1800 2407 1838 vero
2435 1794 2513 1839 est
2548 1801 2648 1855 pax
2678 1786 3018 1854 imperfecta,
3045 1804 3164 1856 qua:
3197 1780 3428 1843 habetur

210 1850 261 1902 in
298 1853 399 1905 hoc
449 1852 682 1928 mundo;
712 1853 865 1920 quia,
901 1855 1000 1906 etsi
1050 1854 1366 1928 principalis
1392 1850 1597 1910 animai
1635 1867 1817 1911 motus
1847 1850 2090 1925 quiescat
2121 1856 2174 1908 in
2207 1855 2337 1919 Deo,
2370 1865 2497 1908 sunt
2534 1850 2711 1909 tamen
2738 1850 2843 1909 alia
2880 1850 3242 1928 repugnantia
3280 1859 3428 1915 intus

206 1930 262 1975 et
291 1934 446 1975 extra
477 1937 595 1990 qua:
627 1923 763 1974 hanc
804 1936 990 1989 paceni
1023 1923 1360 1989 perturbant.

281 1990 490 2066 Itaque.
523 2000 582 2066 ut
613 2007 676 2044 ex
711 1991 780 2066 iis
807 1993 1058 2066 quaerlioc
1081 1993 1260 2066 capit_e
1292 1995 1541 2064 exposita
1581 2006 1731 2057 sunt.
1765 1997 2004 2050 breviter
2032 1995 2228 2048 divinae
2284 1996 2434 2063 pacis
2459 1997 2818 2063 proprietates
2867 1995 3221 2066 Cyparissioti
3249 1999 3429 2054 verbis

206 2061 506 2136 ex‘decade
533 2061 585 2122 5,
614 2076 732 2136 Cap.
757 2063 810 2124 8,
838 2063 1172 2136 colligamus.
1212 2062 1306 2136 Est
1345 2061 1585 2130 quidem,
1620 2068 1818 2136 inquit,
1852 2083 1954 2135 pax
2003 2067 2206 2125 divina,
2232 2061 2351 2133 quae
2383 2061 2592 2119 iliviers'a
2624 2067 2791 2119 nectit
2826 2067 2877 2119 in
2910 2061 3096 2120 ⁷ιὶιιιιιιι
3145 2069 3312 2133 (dicta
3345 2081 3430 2123 est

207 2133 356 2184 enim
387 2134 769 2200 congregatrix
796 2140 849 2183 et
878 2132 1180 2201 colligatrix
1214 2133 1424 2189 illorum
1471 2139 1636 2189 etiam
1683 2132 1802 2204 {lum
1849 2132 2083 2189 maxime
2127 2132 2325 2189 diversi
2375 2136 2591 2206 generis
2632 2145 2688 2206 et
2729 2146 2930 2189 natura:
2954 2139 3128 2206 sunt),
3154 2139 3320 2191 multa
3371 2140 3423 2192 iii

209 2209 705 2275 temperamentum
733 2207 1111 2263 coinmisceiis,
1141 2219 1242 2275 non
1270 2207 1492 2275 confuse
1519 2222 1690 2274 neque
1725 2207 2004 2275 periiiiste,
2040 2207 2134 2259 sed
2161 2220 2385 2258 servans
2419 2207 2468 2256 in
2497 2205 2723 2274 singulis
2749 2206 3136 2260 iiiiiversitates
3162 2207 3214 2259 iii
3255 2224 3422 2262 unum

212 2271 411 2324 mentis
456 2269 752 2338 simplicem
779 2283 1110 2343 conceptum
1146 2273 1379 2343 reducit.
1431 2274 1492 2328 Ut
1533 2269 1654 2328 cuin
1690 2269 1897 2339 album,
1936 2269 1997 2327 v.
2036 2290 2090 2343 g.
2138 2285 2190 2328 et
2235 2276 2445 2342 nigrum
2478 2269 2809 2342 czeierasque
2855 2277 3062 2343 species
3115 2278 3316 2331 coloris
3366 2279 3422 2333 in

208 2357 376 2414 unum
407 2350 723 2414 conceptum
748 2341 1044 2408 simplicem
1076 2342 1270 2396 coloris
1295 2361 1447 2399 ineiis
1489 2349 1719 2406 reducit,
1753 2341 2163 2400 universitatem
2191 2341 2407 2411 generis
2450 2345 2502 2398 iii
2538 2345 2617 2398 eis
2655 2341 3082 2414 servataneque
3119 2348 3262 2400 enim
3292 2364 3427 2401 con-

207 2411 484 2484 venientia
521 2412 570 2462 iii
611 2412 963 2484 universitate
1004 2415 1221 2484 generis
1271 2415 1554 2468 confundit
1583 2418 1831 2484 species;
1885 2429 2062 2483 neque
2092 2415 2378 2468 diversitas
2428 2416 2626 2483 speciei
2680 2415 2817 2468 tollit
2865 2411 3311 2471 convenientiam
3371 2419 3425 2472 iii

208 2480 586 2555 universitate,
618 2483 711 2555 sed
742 2483 854 2555 haec
886 2483 1171 2555 consensio
1202 2494 1256 2536 et
1284 2495 1580 2541 concentus
1606 2480 1631 2538 ἑ
1669 2480 2016 2555 pacedivina
2049 2485 2431 2554 proﬁciscitur.

278 2550 479 2626 Deinde
519 2549 632 2626 haec
660 2551 842 2626 divina
869 2566 974 2626 pax
999 2552 1446 2626 VCilllidlllliouelll
1478 2549 1856 2626 multiplicium
1883 2567 1938 2610 et
1968 2549 2309 2609 diversarum
2339 2569 2528 2608 vocum
2553 2563 2607 2608 et
2633 2570 2900 2608 sonoriim-
2922 2556 3098 2612 instar
3123 2569 3428 2614 concentus

205 2630 257 2675 et
297 2621 634 2695 symphonia:
667 2622 1030 2695 pulcherrime
1064 2624 1301 2688 coniicit,
1330 2626 1462 2679 nihil
1509 2643 1572 2679 ex
1627 2621 1778 2695 gravi
1835 2635 1926 2678 aut
1958 2638 2116 2678 acuto
2149 2625 2435 2677 demutans
2462 2663 2478 2687 ,
2526 2629 2622 2678 sed
2648 2629 2824 2694 potius
2871 2641 3096 2693 manent
3125 2638 3424 2682 secundum

206 2693 608 2766 naturaiiisine
637 2694 971 2766 confusione
1013 2701 1276 2766 aptatam,
1309 2706 1368 2749 ut
1404 2693 1752 2766 iiigeneretnr
1782 2697 2075 2764 copulatio,
2126 2693 2722 2766 supraquani__cogitari
2759 2703 2954 2763 potest,
2983 2700 3269 2752 amatoriis
3297 2700 3424 2766 qui-

210 2762 439 2814 busdam
477 2759 769 2836 illecebris,
812 2763 893 2814 vel
931 2763 1114 2836 nescio
1147 2767 1272 2830 quid
1316 2759 1552 2819 divinius
1598 2769 1796 2829 dicam,
1829 2759 1879 2818 iii
1913 2767 2165 2817 unionem
2194 2759 2430 2816 redacta.
2465 2762 2539 2836 Ex
2565 2759 2771 2832 Quibus
2796 2766 2853 2817 lit
2881 2768 3250 2834 manifestum,
3278 2759 3422 2836 quod

209 2847 334 2899 pax,
367 2839 434 2901 et
469 2832 800 2899 magnitudo,
836 2843 891 2886 et
922 2834 1179 2900 parvitas,
1217 2844 1268 2886 et
1297 2840 1477 2898 statio,
1512 2845 1566 2888 et
1615 2847 1810 2898 motus,
1868 2843 1922 2888 et
1970 2836 2106 2887 idem
2149 2847 2293 2894 esse,
2342 2844 2395 2884 et
2433 2832 2704 2886 diversum
2751 2849 2906 2898 esse,
2953 2845 3006 2889 et
3066 2832 3319 2901 similem,
3372 2846 3427 2892 et

207 2900 527 2954 dissimilem
576 2903 687 2954 hinc
743 2905 926 2956 omnia
963 2919 1064 2955 una
1095 2918 1196 2970 pax
1243 2918 1369 2960 sunt
1404 2910 1453 2958 in
1488 2905 1613 2960 Deo.
1650 2905 1856 2960 idcirco
1885 2916 1939 2958 et
1967 2906 2054 2958 hic
2090 2914 2143 2956 et
2171 2904 2303 2955 alias
2324 2903 2471 2956 clare
2499 2903 2700 2956 dictmn
2727 2914 2781 2956 et
2807 2906 3233 2960 demonstratum
3269 2919 3353 2961 est
3396 2929 3424 2962 a

217 2971 498 3040 Dionysio,
531 2971 635 3048 alia
669 2981 725 3025 et
763 2976 1066 3048 contraria,
1090 2974 1270 3048 Dllillia
1298 2981 1485 3030 eodem
1519 2978 1674 3029 modo
1703 2989 1753 3028 et
1779 2977 1947 3048 unite,
1973 2985 2025 3026 et
2053 2974 2190 3024 nulla
2217 2972 2576 3042 duplicatioue
2603 2974 2656 3027 iii
2687 2974 2796 3028 Deo
2819 2990 2970 3043 esse;
3001 2987 3177 3031 tamen
3205 2982 3271 3033 ab
3310 2979 3426 3048 ipso

208 3045 470 3110 producta
498 3040 700 3093 variata
726 3057 865 3107 esse,
901 3044 969 3096 ab
1007 3045 1134 3110 ipsis
1157 3049 1587 3099 emaiiationibus
1619 3040 1984 3098 diversitatem
2015 3057 2193 3098 nacta.

277 3111 571 3188 Esl_igilttr
622 3113 796 3176 Deus,
834 3123 890 3165 ut
919 3115 1070 3181 prius
1116 3113 1546 3169 demonstratum
1592 3127 1696 3178 est,
1746 3117 1885 3188 sicut
1931 3115 2258 3176 substantia,
2293 3128 2454 3182 quam
2490 3128 2668 3188 neque
2710 3115 2891 3188 verbis
2938 3117 3268 3188 exprimere,
3324 3134 3426 3174 nec

208 3184 414 3250 eloqui,
447 3197 548 3235 nec
577 3197 907 3258 cognoscere
952 3199 1254 3251 possumus,
1284 3189 1362 3240 sic
1392 3188 1554 3239 etiam
1603 3187 1778 3239 divina
1811 3185 1929 3252 ejus
1958 3199 2097 3258 pax;
2131 3195 2411 3258 praeterea
2442 3185 2706 3252 sapientia
2763 3187 2882 3254 ejus
2925 3197 2980 3240 et
3009 3184 3132 3258 'vita
3181 3192 3320 3258 eius,
3372 3201 3423 3243 et

208 3267 544 3325 qiizecnnqiie
583 3252 686 3325 alia
715 3254 984 3316 absoluta,
1018 3263 1074 3306 et
1119 3269 1453 3324 qua-cunque
1487 3273 1631 3308 nunc
1677 3259 1726 3308 in
1761 3259 1870 3324 ipsa
1908 3257 2160 3307 videntur
2212 3255 2508 3308 secundum
2555 3252 3000 3310 contrarietatem
3035 3252 3239 3314 elIeri'i'.
3285 3259 3428 3312 Lau-

209 3323 403 3378 damus
431 3331 608 3399 autem
643 3323 782 3376 hanc
812 3325 1126 3399 secundum
1146 3323 1598 3399 participationcs
1628 3327 1743 3394 ejus
1782 3323 2086 3399 intelleCIas
2113 3334 2166 3375 et
2197 3326 2540 3399 nominatas;
2582 3327 2638 3399 id
2662 3337 2765 3389 est,
2789 3327 3078 3381 laudamus
3108 3333 3176 3383 ab
3208 3331 3272 3382 iis
3303 3344 3423 3399 qua:

212 3393 647 3467 produxit,»qu."e
675 3397 776 3446 sub
814 3395 1220 3461 intelligentiam
1248 3398 1471 3459 cadunt,
1505 3410 1556 3448 et
1581 3393 1702 3467 qua:
1739 3397 1837 3450 sub
1867 3411 2112 3456 St‘llSltlli,
2144 3395 2338 3462 quibus
2374 3411 2472 3467 nos
2506 3410 2571 3448 ex
2607 3396 2671 3448 iis
2697 3411 2815 3464 qua:
2858 3399 3108 3451 videntur
3141 3393 3425 3460 instructi.

208 3469 273 3519 ad
299 3464 685 3532 cogitationem
733 3479 1052 3531 magnorum
1083 3467 1346 3518 donorum
1389 3481 1504 3533 ejus
1537 3464 1876 3528 deducimur,
1909 3468 2055 3534 ipsas
2086 3479 2181 3530 per
2214 3480 2271 3516 se
2322 3465 2552 3531 primum
2602 3473 2851 3518 actiones
2880 3469 3062 3521 animo
3096 3478 3375 3523 versantes
3407 3487 3421 3524 :

208 3546 267 3588 ut
297 3536 340 3586 si
374 3534 498 3601 quis
534 3536 764 3604 primum
792 3546 1098 3587 creaturam
1131 3536 1209 3588 vel
1258 3545 1437 3589 mundi
1474 3540 1738 3590 l'abricam
1770 3538 1942 3603 ipsam
1992 3551 2086 3602 per
2132 3549 2190 3586 se
2233 3536 2454 3602 cogitet,
2489 3535 2632 3587 velut
2666 3538 2934 3588 actionem
2975 3536 3067 3591 Dei
3113 3551 3168 3591 et
3218 3551 3426 3594 motum

205 3610 449 3679 intuens,
477 3607 670 3658 deinde
714 3621 1020 3657 sermonem
1068 3607 1135 3658 ad
1179 3612 1440 3679 producta
1469 3617 1523 3660 et
1570 3618 1752 3661 creata
1801 3606 2019 3679 referat.
2052 3604 2426 3679 eCOIISCIlllttlls
2459 3616 2636 3657 autem
2686 3621 2872 3679 secum
2918 3607 3057 3661 idem
3110 3609 3424 3679 Dionysius,

206 3673 368 3746 515
405 3677 546 3748 sicut
577 3676 631 3726 in
666 3675 805 3737 aliis,
845 3677 917 3726 ita
958 3686 1013 3726 et
1043 3689 1206 3740 nunc,
1241 3675 1460 3730 nomina
1494 3679 1646 3744 ponit
1673 3693 1794 3729 cum
1821 3677 2171 3744 adjuncuoue
2193 3675 2508 3738 deliiiieute,
2545 3690 2643 3744 per
2674 3693 2734 3730 se
2771 3677 2912 3741 vitae,
2947 3689 3078 3743 etc.,
3113 3673 3269 3748 quae;
3300 3673 3427 3748 quia

205 3764 369 3806 supra
402 3746 668 3812 explicata
703 3754 849 3802 sunt.
883 3762 985 3799 non
1021 3748 1334 3813 repetimus.

277 3817 306 3888 ᾗ
346 3815 429 3869 Vl.
471 3817 608 3879 Quid
641 3816 892 3882 appellem
928 3831 1019 3882 per
1042 3831 1101 3888 ie
1149 3833 1279 3880 esse,
1313 3826 1423 3872 etc.
1472 3816 1607 3869 Vide
1648 3833 1767 3886 qua:
1806 3817 2052 3888 superius
2089 3832 2207 3884 cap.
2238 3815 2294 3877 5.
2351 3813 2377 3884 δ
2412 3813 2477 3876 4,
2509 3816 2563 3869 in
2617 3813 3060 3888 adnotationibus
3100 3820 3238 3872 dicta
3279 3829 3426 3874 sunt.

207 3883 306 3942 llic
353 3897 557 3957 tantum
613 3888 837 3957 observa
886 3901 1006 3938 cum
1041 3883 1309 3941 Turriano
1340 3890 1405 3941 ad
1451 3883 2078 3956 Cyparissiotzeadecad.
2111 3883 2167 3952 8,
2199 3902 2318 3955 cap.
2344 3891 2398 3950 ὗ,
2436 3900 2599 3952 quam
2650 3886 2966 3954 ingeniose,
3008 3907 3125 3957 qua:
3182 3893 3333 3943 l’lato
3374 3895 3426 3941 in

204 3959 406 4014 Timwo
436 3966 489 4009 et
521 3954 831 4008 Parmenide
875 3957 1093 4023 scripsit
1128 3960 1195 4011 de
1236 3954 1667 4026 speetebusisive
1709 3961 1841 4011 ideis
1873 3959 2146 4020 iiigeuitis,
2176 3973 2228 4009 et
2261 3954 2379 4008 sine
2405 3958 2626 4008 interitu
2659 3960 2945 4022 separatis,
2975 3954 3426 4021 iiiiiiiutabiliiiiis,

207 4040 399 4082 natura
432 4026 876 4088 consistentibus,
910 4035 1164 4095 tanquam
1199 4027 1562 4083 eﬂ'ectricibus
1600 4045 1779 4082 rerum
1813 4029 2193 4094 siiigulariuiii,
2222 4027 2513 4094 Dionysius
2543 4028 2628 4078 hic
2661 4033 2986 4092 Correxerit,
3023 4042 3075 4082 et
3122 4032 3428 4084 traduxerit

205 4101 273 4152 ad
304 4112 494 4151 verum
539 4098 727 4162 dogma
759 4101 824 4148 de
856 4098 1158 4165 principiis,
1196 4116 1297 4150 non
1332 4114 1449 4166 qua:
1473 4115 1652 4152 causa:
1684 4114 1778 4166 per
1809 4113 1868 4150 se
1907 4099 2145 4149 existant
2167 4137 2182 4160 ,
2216 4112 2386 4164 neque
2413 4099 2520 4148 sint
2550 4112 2652 4167 non
2685 4098 2852 4159 laeta,
2883 4105 2974 4152 sed
3022 4116 3140 4167 qua:
3189 4101 3428 4152 habeant

205 4174 259 4222 in
294 4168 450 4221 nobis
495 4181 615 4219 esse
648 4176 853 4219 tantum
889 4169 1222 4237 intelligibile
1254 4182 1308 4222 et
1339 4171 1674 4222 immutabile
1708 4187 1737 4221 a
1788 4168 1896 4221 Deo
1929 4184 2178 4230 manans,
2235 4171 2451 4233 sintque
2490 4166 2649 4218 veluti
2686 4166 2874 4219 fomite
2913 4166 3161 4236 quaedam
3218 4170 3424 4222 intelli-

205 4240 424 4308 gibiles,
467 4239 679 4309 ratione
735 4248 938 4289 tantum
971 4256 999 4289 a
1052 4242 1210 4292 rebus
1255 4242 1383 4308 Ipsis
1422 4250 1704 4307 separatie.
1743 4239 1895 4305 Quod
1927 4239 2069 4289 enim
2121 4247 2204 4290 est
2264 4238 2560 4304 singulare,
2597 4242 2869 4301 posterius
2919 4249 3003 4292 est
3038 4241 3420 4309 intelligentia,

203 4307 350 4377 quod
377 4307 600 4374 intelligi
627 4322 732 4360 non
765 4317 939 4375 potest
964 4324 1080 4362 suie
1109 4307 1398 4375 prioribus,
1429 4327 1549 4378 qua:
1585 4322 1707 4363 sniit
1735 4311 1994 4378 quidquid
2029 4320 2108 4358 est
2129 4321 2331 4374 specie,
2357 4315 2411 4358 et
2440 4321 2645 4373 SpeCies
2670 4310 2812 4374 ipsae,
2839 4324 2959 4376 quae
2994 4328 3022 4362 ει
3057 4307 3422 4378 singularibus

207 4376 630 4446 participantur,
655 4388 710 4428 et
744 4380 891 4445 prius
918 4394 1042 4432 esse
1076 4383 1272 4432 habent
1299 4376 1591 4432 secundum
1624 4376 1923 4433 notionem.
1949 4376 2066 4429 Non
2097 4394 2240 4430 ciiiiii
2281 4388 2424 4428 esset
2451 4380 2538 4428 hic
2571 4379 2732 4428 homo
2773 4380 2824 4430 iii
2858 4382 3100 4444 iiutione,
3136 4376 3236 4432 nisi
3263 4382 3422 4432 homo

203 4465 418 4518 species
447 4450 565 4516 ejus
593 4448 742 4516 prius
776 4449 998 4502 haberet
1031 4465 1152 4503 esse
1183 4452 1551 4518 iiiielligibile;
1596 4465 1770 4517 neque
1813 4455 1974 4502 homo
2003 4453 2278 4502 diceretur
2306 4463 2427 4499 esse
2451 4449 2746 4498 secundum
2799 4460 3096 4510 notionem,
3134 4456 3236 4502 nisi
3271 4453 3421 4518 prius

205 4521 524 4587 humanitas
548 4522 774 4573 haberet
805 4534 926 4571 eSse
958 4521 1328 4587 intelligibile;
1373 4530 1484 4574 hiec
1517 4538 1660 4573 enini
1685 4523 1930 4573 continet
1951 4527 2092 4586 quod
2121 4523 2250 4585 quid
2280 4527 2364 4568 est
2388 4519 2584 4584 speciei
2611 4520 2867 4571 hominis.
2897 4521 3165 4572 Similiter
3199 4523 3251 4572 iu
3293 4522 3422 4573 reli-

203 4592 350 4655 quis.
379 4586 494 4641 Nou
531 4600 674 4642 esset
723 4592 837 4643 hinc
873 4592 977 4641 vita
1015 4592 1064 4642 iu
1109 4586 1326 4643 notione
1352 4601 1445 4642 aut
1487 4594 1599 4644 hinc
1624 4592 1944 4652 similitudo,
1988 4589 2089 4640 nisi
2119 4600 2264 4641 esset
2309 4599 2414 4638 Vll'd
2448 4597 2502 4638 et
2547 4589 2846 4641 similitudo
2881 4593 3132 4643 universe
3165 4592 3420 4643 conside-

209 4669 370 4724 rata;
399 4675 496 4711 nec
525 4661 622 4712 ista
657 4674 819 4722 esset,
857 4661 954 4712 nisi
985 4673 1130 4713 esset
1157 4663 1305 4727 prius
1340 4675 1640 4715 secundum
1670 4674 1940 4712 notionem
1975 4662 2274 4735 quodquid
2308 4669 2388 4710 est
2421 4658 2589 4735 ipsius
2619 4669 2742 4735 vitae
2771 4667 2823 4735 et
2865 4661 3263 4723 similitudinis,
3301 4677 3421 4728 qua:

207 4741 444 4783 vocatur
486 4731 590 4782 vita
623 4732 944 4800 simpliciter
969 4742 1025 4784 et
1049 4735 1342 4785 similitudo
1369 4733 1702 4798 simpliciter,
1739 4745 1855 4782 sive
1883 4747 1976 4796 per
2001 4746 2058 4781 se
2089 4732 2196 4781 vita
2227 4742 2281 4782 et
2309 4743 2402 4795 per
2441 4744 2498 4780 se
2521 4730 2845 4786 similitudo.

278 4802 489 4872 Dicitur
516 4810 696 4854 autem
729 4799 869 4855 Deus
897 4819 1056 4870 supra
1092 4805 1266 4872 ipsum
1311 4819 1406 4870 per
1443 4819 1500 4854 se
1544 4817 1685 4866 esse,
1713 4814 1981 4872 qtiatenus
2013 4801 2216 4872 scilicet
2243 4816 2272 4852 ιι
2316 4799 2471 4852 nobis
2500 4801 2727 4866 cogitari
2772 4810 2970 4870 potest.
3006 4801 3162 4854 Sicut
3212 4800 3414 4855 dicitur

200 4871 371 4923 etiam
408 4869 550 4924 Deus
586 4888 703 4926 esse
735 4888 895 4940 supra
926 4869 1216 4935 Deuiiift'ui;
1249 4869 1392 4943 ἡμᾶς
1424 4872 1640 4935 εἰδέναι,
1676 4889 1729 4923 ιιι
1753 4874 1829 4922 ait
1861 4871 2164 4938 Dionysius,
2201 4870 2249 4922 id
2275 4882 2355 4923 est
2387 4883 2684 4922 secundam
2719 4869 2957 4926 uestram
2994 4875 3368 4940 cognitionem
3399 4889 3414 4937 ;

201 4956 369 5018 supra
398 4941 583 5018 “Deum
611 4982 624 5006 ,
660 4946 876 5012 inquam
901 4983 914 5002 ,
964 4960 1059 5010 per
1099 4941 1593 5012 participatioueni,
1623 4959 1783 5011 quem
1819 4945 1870 4993 iii
1902 4957 2168 4994 creaturis
2195 4943 2601 5018 cognoscimus,
2630 4943 2779 5018 lsicut
2830 4948 3094 5013 scriptum
3123 4953 3208 4995 est
3236 4960 3251 5018 ;
3309 4943 3418 5011 Ego

199 5010 319 5062 dixi
344 5027 360 5062 :
385 5010 470 5062 Dii
502 5013 703 5077 estisd;
735 5010 815 5066 sic
847 5015 1008 5065 etiam
1037 5010 1120 5068 est
1152 5019 1322 5068 bonus
1361 5032 1522 5082 supra
1554 5010 1885 5076 bonitatem,
1915 5027 2036 5079 qua:
2062 5031 2089 5063 a
2129 5014 2283 5064 nobis
2312 5013 2363 5063 iii
2403 5013 2671 5064 creaturis
2702 5010 2955 5081 cognosci
2998 5023 3201 5082 potest.
3231 5010 3418 5081 itaque

198 5082 425 5148 proprie
448 5092 502 5133 et
543 5099 639 5149 per
672 5100 730 5137 se
757 5101 876 5137 esse
909 5085 974 5136 de
1003 5098 1255 5138 creatura
1286 5087 1488 5139 dicitur
1523 5099 1576 5139 et
1603 5089 1668 5138 de
1700 5085 1832 5146 Deo,
1868 5098 1961 5137 sed
1993 5085 2290 5150 atquiVUCC.
2320 5097 2376 5134 ιιι
2409 5084 2601 5142 υυιιυδ.
2636 5093 2689 5135 et
2717 5083 2884 5138 Deus.

275 5152 339 5203 ὃ.
372 5151 639 5207 Maximus
666 5158 714 5207 in
743 5156 1004 5207 Centuriis
1042 5158 1371 5225 tlieotogicis,
1404 5169 1547 5211 cciit.
1579 5172 1616 5222 i,
1642 5172 1759 5223 cap.
1795 5155 1849 5217 4,
1875 5157 1926 5220 Ξ),
1956 5159 2008 5210 6.
2054 5152 2167 5205 Non
2193 5169 2297 5218 est,
2340 5157 2532 5220 inquit,
2566 5154 2706 5207 Deus
2747 5155 3075 5219 substantia,
3105 5168 3226 5223 qua}
3278 5154 3415 5207 sini-

201 5221 420 5292 pliciter
449 5236 540 5296 aiit
569 5231 801 5288 quodam
846 5233 1004 5278 modo
1050 5221 1270 5290 dicitur,
1307 5237 1394 5281 tibi
1441 5239 1493 5280 et
1525 5221 1844 5296 principium
1877 5241 1992 5293 est;
2041 5241 2212 5293 neque
2258 5237 2497 5293 potestas
2523 5235 2580 5274 ut
2618 5235 2881 5289 potestas,
2925 5243 3042 5295 quae
3087 5221 3418 5293 simpliciter

199 5303 300 5346 aut
327 5295 559 5359 quodam
596 5299 752 5350 modo
785 5298 1005 5358 dicitur,
1041 5300 1128 5349 ubi
1156 5309 1208 5350 et
1259 5303 1488 5352 medium
1519 5295 1633 5364 est;
1673 5316 1772 5350 nec
1814 5314 1952 5364 opus
1982 5310 2039 5349 ut
2081 5314 2240 5363 opus,
2267 5297 2409 5364 quod
2462 5296 2782 5361 simpliciter
2832 5314 2926 5350 aut
2967 5300 3202 5364 qnodaui
3257 5300 3420 5348 modo

198 5365 434 5437 dicitur,
468 5366 555 5418 ubi
590 5377 644 5418 et
673 5370 793 5419 linis
825 5376 908 5419 est
947 5382 1123 5421 motus
1164 5371 1213 5437 ip
1250 5373 1333 5423 ius
1370 5374 1689 5422 substantia:
1723 5377 2018 5422 secundum
2062 5381 2358 5435 potentiam
2407 5367 2554 5432 prius
2578 5376 2845 5433 cogitatae,
2879 5373 2971 5421 sed
3022 5371 3159 5420 idem
3190 5367 3302 5434 ipse
3336 5376 3420 5419 est

195 5446 255 5488 et
315 5434 632 5508 substantia:
662 5439 885 5490 ell'ector
913 5450 968 5489 et
995 5455 1155 5505 supra
1183 5434 1566 5494 'subsiaiitiani
1593 5481 1607 5504 ,
1637 5443 1968 5506 cllcctiirque
2000 5434 2251 5508 potentia:
2293 5449 2345 5490 et
2395 5451 2556 5502 supra
2601 5443 2927 5503 potentiam,
2983 5442 3214 5491 lirmitas
3258 5449 3421 5507 atque

199 5522 319 5576 vis,
345 5515 398 5557 et
430 5507 754 5560 immortalis
785 5510 1011 5561 llicultas
1035 5513 1214 5564 omnis
1240 5516 1566 5575 cllicieiitiic,
1595 5521 1669 5574 et,
1701 5521 1758 5562 ut
1793 5507 2026 5564 bi'cvi.ei'
2058 5514 2254 5571 dicain,
2293 5512 2566 5576 principii,
2598 5511 2758 5562 medii
2785 5524 2838 5562 et
2865 5513 2988 5564 linis
3017 5519 3226 5561 auctor.

278 5574 378 5631 Ubi
414 5588 539 5628 nota
570 5594 635 5631 ex
663 5579 931 5633 'l'uri'iauo
961 5599 1121 5652 supra
1153 5595 1338 5651 citato,
1369 5574 1730 5638 substantiam
1760 5586 2100 5651 simpliciter,
2131 5597 2251 5636 che
2279 5574 2637 5635 subsaiitiain
2671 5585 2947 5638 abstracti:
2979 5589 3404 5645 consideratam,

346 5773 370 5808 ά
407 5770 542 5826 Psal.
585 5788 766 5838 Lxxxi,
808 5776 856 5826 li.
