4156 6312
226 382 343 440 961

796 384 885 438 DE
917 379 1166 440 DlVlNlS
1197 383 1592 448 NUMNlBUS,
1624 384 1775 441 CAP.
1800 384 1897 441 XI.
1917 383 2338 443 -ΡΑΒΑΡΗΙὶ,
2380 385 2844 444 PACHYMERE.

3379 393 3487 449 96?.

227 498 540 568 ἀφθεγξίαν
572 496 757 564 καλεῖ,
796 500 872 562 ὡς
905 500 1260 571 σιωπωμένην
1306 499 1399 553 καὶ
1435 499 1688 571 κρυφίαψ
1722 499 1795 552 κα

1921 501 1972 554 id
1996 503 2140 569 quod
2167 516 2196 554 a
2230 502 2339 556 Deo
2366 501 2682 558 destitutum
2725 515 2832 568 est,
2866 503 3096 561 informe
3125 505 3184 560 fit
3205 518 3260 563 et
3293 521 3488 577 expers

229 588 532 660 ἀκινησίαν
575 589 693 659 μὲν,
732 588 847 641 ἀλλ’
883 590 977 643 ἐπὶ
1007 591 1186 642 πᾶσαν
1225 589 1437 660 κίνησιν
1480 589 1815 659 γινωσκομὲ-

237 697 362 754 νην·
397 679 534 752 αὕτη
579 680 688 752 γάρ
730 683 875 734 ἐστιν
915 680 1048 752 ὴτά
1093 681 1268 735 πάντα
1312 682 1692 753 εἰδοποιήσασα
1720 684 1815 736 καὶ

233 774 532 844 κινήσασα,
566 772 661 844 ὅλη
694 772 804 846 γὰρ
834 773 931 846 ὅλῃ
964 775 1126 846 ἑαυτῇ
1163 776 1528 846 ὑπερήνωται,
1563 775 1656 828 καὶ
1688 777 1814 828 ἑαυ-

229 867 341 936 τὴν
373 865 910 931 πολλαπλασιάζουσα
936 870 1056 931 ταῖς
1100 868 1221 922 καθ’
1252 869 1482 921 ἕκαστον
1512 869 1814 939 εἰρηναίαις

229 957 508 1028 προόδοις,
560 957 680 1009 οὐδέ
725 972 854 1009 ποτε
900 957 998 1028 τὴν
1047 957 1244 1028 ἑαυτῆς
1282 957 1487 1011 ἑνιαίαν
1531 957 1812 1010 ἀπολείπει

230 1046 536 1118 ἁπλότητα.
570 1047 704 1118 Περὶ
747 1048 950 1121 ταύτης
979 1049 1159 1102 τοίνυν
1203 1047 1324 1101 οὔτε
1378 1050 1550 1102 εἰπεῖν
1583 1046 1693 1102 οὔτ’
1727 1052 1814 1103 ὲν-

229 1139 430 1209 νοῆσαι
462 1137 494 1209 ἢ
526 1139 748 1192 δυνατὸν
781 1139 813 1211 ἢ
858 1139 1097 1211 Θεμιτδν,
1128 1139 1262 1193 ἀλλά
1293 1137 1496 1208 ταύτην
1526 1139 1601 1202 ὼς
1634 1138 1811 1207 ἀγνω⁴⁹

232 1246 366 1284 στον
397 1229 481 1283 ἐπ’
514 1229 680 1301 αὐτὴν
707 1230 992 1295 ἀναθέντες
1013 1271 1027 1295 ,
1070 1230 1168 1295 τὰς
1197 1233 1258 1285 ἐν
1288 1233 1408 1294 ταῖς
1439 1231 1680 1301 Γραφαϊς
1713 1231 1811 1301 ῥη-

231 1321 424 1386 θείσας
447 1322 640 1394 νοητὰς
676 1324 960 1392 μετουσίας
992 1323 1180 1393 αὐτῆς,
1212 1321 1289 1385 ὼς
1335 1322 1554 1376 δυνατὸν
1599 1319 1808 1393 ἀνθρώ-

229 1429 380 1477 ποις,
415 1413 447 1485 ἢ
481 1413 677 1485 μᾶλλον
724 1416 835 1477 τοῖς
868 1414 1132 1469 κάκείνων
1163 1413 1609 1486 ἀπολειπομένοις
1652 1414 1802 1484 ἡμῖν,

231 1504 620 1575 σκοπήσωμεν.

1923 589 2364 659 pulchritudinis.
2423 589 2497 646 De
2561 591 2664 645 hac
2720 592 2883 663 igitur
2930 594 3114 648 divina
3178 610 3310 665 pace
3358 598 3488 666 quid

1924 679 2147 733 tandem
2179 679 2271 745 sit,
2302 681 2485 736 dicere
2508 681 2741 750 refugit;
2769 682 3026 751 quoniam
3053 685 3196 739 hanc
3224 688 3394 740 etiam
3432 688 3487 742 in

1922 770 2076 824 Actis
2106 769 2123 808 ί
2158 767 2345 825 Justus
2368 811 2382 834 ,
2419 785 2578 840 quem
2609 785 2662 826 et
2696 771 2857 828 Josen
2897 778 3254 832 nominabant
3281 779 3488 848 ἀφθεγ-

1915 858 2037 926 ξίαν
2066 869 2242 922 vocat,
2278 861 2476 931 quippe
2509 862 2756 918 silentem
2789 875 2844 920 et
2872 867 3181 935 occultam;
3208 878 3261 924 et
3293 870 3487 924 inuno-

1916 949 2180 1006 biiitatem
2205 941 2444 1022 quidem.
2465 954 2564 1009 sed
2594 956 2661 1009 ab
2678 958 2824 1011 omni
2853 970 3001 1012 motu
3025 963 3483 1031 cognoscibilem;

1915 1040 2031 1097 haec
2059 1041 2204 1096 enim
2234 1053 2318 1098 est
2353 1059 2471 1113 qua:
2518 1045 2776 1101 informat
2821 1057 2874 1103 et
2910 1063 3094 1106 movet
3136 1053 3342 1118 omnia,
3376 1063 3482 1109 tota

1913 1133 2059 1186 enim
2085 1133 2186 1187 sibi
2220 1137 2319 1187 loti
2346 1138 2734 1205 superunitur;
2764 1148 2819 1192 et
2840 1144 3346 1211 cuursemetipsam
3372 1145 3486 1198 sin-

1914 1223 2058 1292 gulis
2090 1225 2332 1294 paciﬁcis
2360 1228 2804 1294 processionibus
2826 1231 3174 1302 multiplicat,
3203 1250 3480 1306 nunquam

1911 1313 2072 1385 517
2105 1326 2285 1371 tamen
2319 1319 2531 1373 unicam
2563 1320 2708 1374 illam
2739 1337 2894 1376 suam
2928 1324 3335 1393 simplicitatem
3390 1330 3482 1382 de-

1911 1411 2067 1462 Selii.
2103 1408 2174 1462 De
2207 1409 2308 1462 hac
2345 1411 2527 1478 itaque
2576 1427 2752 1481 neque
2783 1415 2997 1482 dicere,
3033 1433 3210 1488 neque
3239 1421 3484 1490 cogitare

1908 1499 2202 1568 quidquam
2229 1499 2311 1553 fas
2332 1509 2414 1554 est
2433 1501 2512 1554 vel
2531 1504 2817 1572 possibile;
2843 1512 2935 1562 sed
2961 1508 3099 1563 hanc
3131 1519 3382 1580 tanquam
3427 1514 3481 1568 in

231 1611 300 1652 se
350 1599 588 1665 ignotam
628 1604 992 1662 enarrantes,
1048 1595 1392 1653 intellectiles
1457 1597 1574 1665 ejus
1619 1594 2062 1663 participationes
2117 1591 2170 1645 in
2228 1592 2528 1663 Scripturis
2571 1598 2889 1665 recensitas,
2946 1602 3124 1670 quoad
3166 1602 3482 1661 hominibus

229 1686 321 1742 vel
349 1688 526 1756 potius
570 1687 724 1740 nobis
771 1687 892 1741 aliis
924 1687 1278 1744 inferioribus
1305 1729 1320 1753 ,
1370 1690 1628 1756 possibile
1658 1699 1742 1743 est
1764 1725 1780 1750 ,
1810 1685 2244 1741 consideremus.

308 1775 334 1848 §
372 1778 438 1831 11.
485 1775 706 1846 Πρῶτον
748 1775 929 1830 τοίνυν
975 1777 1202 1850 λέγομεν
1225 1820 1239 1844 ,
1274 1781 1354 1833 ὅτι
1386 1779 1420 1851 ἡ
1453 1779 1572 1833 θεία
1617 1777 1795 1849 ἐκείνη

1975 1774 2002 1847 §
2061 1775 2124 1830 il.
2181 1774 2426 1830 Primum
2488 1778 2671 1846 itaque
2738 1777 2968 1836 dicimus
3039 1782 3277 1838 divinam
3331 1786 3479 1844 illam

227 1868 425 1939 εἰρήνη
458 1870 491 1939 ἡ
523 1867 826 1938 ἄφθεγκτος
870 1867 969 1938 τῆς
1020 1868 1374 1943 αὑτοειρήνης
1400 1872 1546 1925 ἐστὶν
1569 1870 1804 1925 ὑποστά-

225 1976 348 2024 τις.
377 1961 516 2014 κατὰ
548 1965 672 2028 τοὺς
703 1965 892 2035 λόγους
925 1964 1048 2021 καθ’
1079 1964 1173 2029 οὒς
1208 1963 1466 2036 ἐλέγομεν
1499 1963 1804 2036 ἔμπροσθεν

227 2051 364 2122 περὶ
393 2053 493 2122 τῆς
525 2053 820 2124 αύτοζωῆς.
859 2055 1025 2127 Ὅλην
1057 2055 1111 2109 δὲ
1145 2055 1267 2109 καθ’
1299 2054 1529 2108 ἕκαστον
1580 2054 1804 2125 εἰρήνην

227 2139 382 2208 λέγει
434 2142 597 2213 ὃλην,
635 2144 754 2197 καθ’
787 2145 855 2215 ἢν
902 2147 968 2200 τά
1016 2146 1192 2199 πάντα
1238 2145 1562 2212 συνάγεται,
1598 2143 1690 2197 καὶ
1723 2144 1802 2206 εἰς

233 2229 366 2301 μίαν
413 2231 596 2301 ἔφεσιν
642 2234 977 2291 ἀνατείνεται
1025 2235 1399 2307 μεμερισμὲνα
1429 2237 1547 2298 ταῖς
1580 2233 1801 2302 φύσεσιν

226 2320 362 2376 ὄντα
385 2339 398 2352 ·
435 2323 557 2377 καθ’
589 2324 816 2381 ἕκαστον
848 2327 924 2392 δὲ,
943 2327 1063 2381 καθ’
1097 2329 1161 2398 ἦν
1194 2325 1441 2390 ἕκαστον,
1476 2325 1574 2396 τὴν
1607 2324 1798 2378 ἑαυτοῦ

225 2413 458 2485 ἑνότητα
513 2415 812 2490 φυλάττον,
864 2418 923 2472 οὐ
969 2419 1239 2489 διαχέεται
1284 2417 1421 2488 πρὸς
1465 2415 1673 2487 φθορὰν
1704 2415 1799 2469 καὶ

227 2506 600 2587 ἀνυπαρξίαν,
636 2516 672 2571 ἃ
703 2513 766 2588 δὴ
801 2512 1053 2584 ἀνωτέρω
1084 2506 1234 2565 εἶπεν
1265 2510 1488 2581 ἄπειρον
1520 2509 1614 2562 καὶ
1645 2508 1796 2580 ἀόρι-

230 2619 377 2658 στον.
413 2607 721 2679 Σημείωσαι
754 2607 830 2662 δὲ.
864 2604 946 2656 ὃτι
994 2603 1062 2656 τὰ
1099 2602 1194 2673 μὲν
1236 2602 1331 2656 ὅλα
1378 2602 1567 2654 ἕνωσιν
1617 2600 1798 2667 λέγον-

224 2716 321 2755 ται
354 2700 495 2771 ἔχειν
530 2699 664 2772 πρὸς
696 2698 937 2769 ἄλληλα,
982 2693 1043 2747 τὸ
1082 2693 1137 2748 δὲ
1189 2693 1247 2748 ἓν
1291 2693 1426 2766 πρὸς
1477 2692 1637 2745 ἑαυτὸ
1679 2691 1794 2745 ἑνό-

221 2805 368 2860 τητα
389 2805 402 2818 °
439 2788 533 2842 καὶ
563 2788 623 2842 τὸ
657 2787 756 2860 μὲν
788 2787 866 2851 ἓν,
905 2781 1396 2854 συγκρατούμενον,
1432 2780 1490 2834 ού
1524 2781 1794 2851 διακέεται

225 2879 366 2952 πρὸς
396 2879 456 2932 τδ
487 2881 731 2952 ἄπειρον,
764 2878 830 2933 τὰ
863 2879 920 2932 δὲ
951 2875 1068 2940 ὅλα,
1095 2873 1588 2945 συγκεραννύμενα,
1623 2871 1793 2941 ἀσύγ-

225 2989 368 3044 χυτα
403 2971 668 3043 μένουσιν.
717 2972 780 3025 Εἰ
811 2971 920 3043 γὰρ
953 2967 1048 3021 καὶ
1077 2967 1146 3020 τὰ
1179 2968 1416 3036 στοιχεῖα
1441 3004 1454 3028 ,
1491 2965 1657 3036 φησὶ,
1693 2965 1793 3038 τὴν

225 3061 366 3134 πρὸς
412 3061 612 3132 ἄλληλα
659 3061 975 3132 συμπλοκὴν
1007 3057 1101 3109 καὶ
1136 3055 1277 3127 μίξιν
1310 3055 1609 3126 ἀδιαίρετον
1641 3054 1793 3126 ἔχου-

225 3170 315 3207 σιν
337 3194 350 3217 ,
385 3153 496 3207 ἀλλ’
529 3155 677 3224 ὅμως
727 3153 783 3206 αἱ
832 3151 1036 3205 τούτων
1082 3146 1362 3217 ποιότητες
1393 3147 1488 3216 τὴν
1521 3145 1796 3218 ἀκρότητα

223 3244 437 3298 ἑαυτῶν
477 3245 538 3296 ού
572 3243 1073 3316 παραπολλύουσιν,
1108 3235 1218 3292 οἷον
1262 3238 1324 3290 τὸ
1355 3237 1572 3308 Θερμὸν,
1606 3237 1666 3290 τὸ
1697 3237 1793 3307 ξη-

228 3335 346 3407 ρὸν,
383 3335 476 3389 καὶ
506 3334 573 3389 τὰ
605 3333 765 3388 λοιπὰ
789 3373 803 3398 ,
838 3336 898 3387 ὲν
926 3335 993 3402 τῇ
1025 3331 1132 3384 τῶν
1165 3329 1472 3400 ὲτεροειδῶν
1505 3328 1696 3399 κράσει
1725 3331 1790 3400 τῇ

222 3430 285 3484 ιν
318 3429 393 3501 τῷ
426 3429 586 3484 παντί
613 3428 981 3502 ’θεωρουμὲνῃ.
1018 3426 1227 3495 Κρᾶσιν
1259 3423 1368 3495 γὰρ
1409 3422 1642 3476 ἐνταῦθα
1673 3441 1795 3494 νοη-

219 3522 346 3575 τέον
377 3522 436 3574 ού
470 3521 566 3592 τὴν
597 3521 671 3584 ῶς
704 3522 794 3574 ἐπὶ
825 3520 934 3574 τῶν
968 3516 1149 3588 ύγρῶν
1183 3515 1398 3588 φύρσιν,
1419 3515 1517 3587 τὴν
1539 3516 1632 3569 καὶ
1654 3515 1792 3584 ἀφα-

221 3607 476 3672 νίζουσαν
523 3609 589 3664 τὰ
638 3609 1007 3680 ὑποκείμενα,
1055 3605 1188 3658 ἀλλὰ
1233 3605 1332 3676 τὴν
1366 3606 1665 3675 σύμπνοιαν
1698 3606 1792 3658 καὶ

221 3696 578 3769 ἀλληλουχίαν
625 3698 722 3769 τὴν
768 3700 826 3751 ὲν
872 3695 1109 3768 ἁρμονίᾳ
1154 3692 1525 3764 φυλάττουσαν
1555 3693 1621 3749 τὰ
1663 3695 1793 3764 ύφε-

223 3787 426 3842 στῶτα.
475 3790 757 3860 Νοήσομεν
789 3788 918 3858 γοῦν
954 3787 1080 3859 μίαν
1124 3784 1244 3838 τινὰ
1291 3785 1467 3855 ἁπλῆν
1499 3787 1660 3839 οἱονεὶ
1693 3787 1794 3855 φύ-

222 3895 314 3933 σιν
345 3881 561 3952 εἰρήνης
594 3881 854 3951 ὲνΘεωρου
863 3879 1026 3950 μένην
1046 3879 1158 3940 τοῖς
1179 3878 1362 3941 πᾶσιν,
1387 3876 1608 3930 ἐνοῦσαν
1631 3878 1796 3931 ἃπαν-

220 3985 324 4032 τας
367 3969 530 4039 ἑαυτῇ
555 4009 569 4032 ,
623 3969 715 4022 καὶ
750 3968 817 4021 τὰ
870 3969 1046 4022 πάντα
1076 3966 1354 4038 ἀλλήλοις,
1391 3966 1484 4019 καὶ
1515 3966 1583 4020 τὰ
1617 3970 1791 4022 πάντα

220 4061 476 4124 ἑαυτοῖς,
511 4063 604 4115 καὶ
654 4062 1054 4130 φυλάττουσαν,
1090 4062 1182 4115 καὶ
1229 4060 1404 4131 ἀμιγῆ
1450 4061 1544 4113 καὶ
1594 4078 1790 4129 συγκε-

221 4152 505 4223 κραμένα·
542 4153 754 4223 ἀμιγῆ,
787 4154 853 4220 τῇ
890 4151 993 4222 ἰδίᾳ
1026 4151 1252 4203 ἑκάστου
1287 4151 1561 4222 ποιότητιο
1599 4167 1792 4218 συγκε-

220 4243 471 4314 κραμένα
495 4283 509 4306 ,
544 4246 610 4314 τῇ
645 4243 778 4313 πρὸς
811 4242 1010 4312 ἄλληλα
1040 4241 1198 4312 μίξει.
1232 4240 1329 4294 Διὰ
1360 4241 1562 4312 ταύτην
1585 4242 1633 4292 οἱ
1660 4240 1790 4293 θεῖοι

217 4332 345 4395 νόες
397 4332 638 4386 ὲνοῦνται
690 4334 784 4385 καὶ
827 4336 945 4396 ταῖς
990 4333 1236 4403 νοήσεσιν
1284 4332 1491 4385 ἑαυτῶν
1541 4332 1633 4385 καὶ
1677 4335 1790 4395 τοῖς

1910 1883 2096 1938 pacem
2130 1867 2458 1923 ineﬂabilem
2505 1869 2673 1938 ipsius
2698 1885 2794 1939 per
2818 1886 2878 1926 se
2908 1875 3056 1942 pacis
3080 1890 3200 1930 esse
3231 1876 3472 1933 eﬂ'ectri-

1906 1973 2049 2022 cem,
2094 1956 2248 2025 juxta
2296 1959 2532 2014 rationes
2575 1962 2829 2030 superius
2864 1963 3061 2019 allatas
3096 1968 3162 2022 de
3203 1967 3316 2037 ipsa
3343 1971 3475 2030 vita.

1906 2050 2100 2106 Totam
2145 2061 2331 2104 autem
2383 2052 2648 2123 cujusque
2694 2070 2882 2124 pacem
2930 2067 3089 2112 vocat
3137 2059 3474 2131 universam,

1903 2151 2174 2210 quatenus
2210 2142 2391 2196 omnia
2419 2183 2434 2209 ,
2475 2158 2596 2213 qua;
2644 2149 2860 2203 naturis
2905 2149 3076 2205 divisa
3130 2162 3280 2222 sunt,
3338 2170 3472 2211 con-

1902 2233 2176 2297 ciliantur,
2237 2245 2294 2287 et
2354 2236 2419 2288 ad
2489 2253 2653 2292 unum
2723 2241 3054 2295 desiderium
3122 2247 3470 2314 excitantur;

1902 2323 2328 2394 uniuscujusque
2385 2342 2550 2393 vero,
2603 2339 2872 2397 quatenus
2919 2333 3148 2403 quisque
3203 2337 3470 2393 unitatem

1899 2429 2054 2468 suam
2083 2430 2329 2482 servans,
2380 2417 2602 2471 minime
2632 2419 2821 2474 dillluit
2866 2424 2931 2474 ad
2965 2426 3370 2494 corruptionem
3415 2439 3473 2485 et

1900 2507 2205 2574 interitum,
2230 2526 2349 2578 qua!
2377 2511 2627 2580 superius
2657 2516 2869 2569 vocavit
2901 2516 3169 2573 infinitum
3209 2531 3261 2576 et
3294 2523 3466 2578 inter-

1899 2600 2192 2655 minatum.
2249 2601 2382 2656 Nota
2410 2618 2557 2670 vero,
2593 2613 2703 2658 tota
2733 2607 2950 2674 quidem
2984 2609 3088 2664 dici
3129 2613 3196 2665 ad
3229 2613 3465 2670 invicem

1899 2689 2100 2744 habere
2151 2691 2590 2759 conjunctionem
2625 2733 2640 2758 ,
2693 2710 2860 2750 unum
2885 2713 3052 2764 vero,
3107 2700 3172 2754 ad
3228 2705 3468 2773 seipsmn

1897 2779 2162 2834 unitatem
2188 2797 2203 2844 ;
2244 2791 2407 2852 atque
2445 2799 2609 2837 unum
2631 2787 2848 2854 quidem
2873 2788 3336 2860 contemperatum
3362 2811 3466 2852 nun

1896 2869 2119 2925 diffundi
2152 2871 2202 2926 in
2229 2872 2520 2938 infinitum,
2553 2887 2662 2930 tota
2684 2893 2810 2932 vero
2831 2882 3113 2936 commista
3142 2899 3359 2940 manere
3384 2887 3466 2942 iu-

1893 2960 2143 3016 confusa.
2177 2960 2234 3017 Si
2258 2963 2634 3034 enim,inquit,
2655 2965 2817 3019 etiam
2841 2969 3110 3023 elementa
3131 2973 3197 3026 ad
3230 2973 3462 3032 invicem

1896 3052 2286 3106 connexionem
2320 3063 2377 3108 et
2399 3055 2706 3110 mistionem
2734 3058 3057 3114 indivulsam
3085 3061 3305 3131 habent,
3323 3075 3466 3122 atta-

1898 3157 2018 3195 men
2045 3141 2234 3195 borum
2261 3143 2553 3210 qualitates
2582 3161 2707 3202 snas
2733 3152 3128 3214 extremitates,
3153 3169 3206 3206 ν.
3235 3170 3288 3223 g.
3314 3157 3464 3211 calo-

1893 3245 2032 3296 rem,
2071 3232 2393 3296 siccitatem.
2440 3245 2496 3290 et
2538 3247 2757 3302 caetera,
2797 3240 3016 3295 minime
3055 3244 3360 3312 deperdunt
3402 3249 3456 3301 iu

1893 3321 2228 3377 diversarum
2248 3324 2548 3392 specierum
2575 3330 2985 3397 temperatione.
3001 3347 3120 3400 qua:
3139 3333 3192 3388 in
3214 3335 3466 3392 universo

1893 3415 2253 3482 conspicitur.
2289 3413 2761 3485 Temperationrm
2801 3431 2979 3476 autem
3011 3425 3114 3479 hoc
3151 3425 3273 3481 loco
3301 3428 3464 3486 intel-

1894 3502 2062 3574 ligere
2102 3517 2338 3574 oportet,
2377 3521 2481 3561 non
2527 3521 2645 3562 eam
2680 3525 2800 3578 qua:
2847 3514 2901 3566 in
2932 3513 3168 3572 humidis
3199 3517 3278 3582 lit,
3309 3534 3463 3576 com~

1896 3595 2228 3663 mistionem,
2247 3615 2364 3666 quae
2391 3608 2445 3654 et
2474 3599 2715 3668 subjecta
2749 3606 3080 3674 corrumpit;
3111 3609 3204 3663 sed
3232 3613 3452 3682 conspi-

1894 3688 2160 3743 rationem
2196 3701 2292 3745 :et
2338 3692 2500 3747 unius
2541 3694 2610 3747 ab
2657 3693 2829 3748 altero
2865 3697 3306 3766 dependentiam,
3341 3720 3461 3766 qua:

1893 3775 1947 3831 in
1985 3791 2242 3848 compage
2270 3781 2507 3832 custodit
2538 3797 2601 3834 ea
2631 3797 2752 3851 quae
2791 3787 3044 3843 subsunt.
3077 3787 3456 3858 lntelligemus

1893 3869 2076 3939 itaque
2119 3886 2280 3924 uuam
2323 3872 2613 3939 quamdam
2659 3874 2962 3942 simplicem
2994 3881 3148 3946 quasi
3207 3891 3456 3937 naturam

1890 3962 2042 4030 pacis
2088 3963 2140 4016 in
2189 3965 2444 4019 omnibus
2498 3967 2929 4033 consideratam,
2963 3972 3144 4024 munia
3185 3972 3286 4026 sibi
3331 3973 3456 4044 ipsi,

1891 4065 1946 4109 et
1976 4056 2157 4108 omnia
2192 4055 2333 4112 inter
2359 4073 2438 4122 se,
2482 4067 2646 4128 atque
2693 4063 2876 4115 omnia
2924 4077 3108 4116 secum
3158 4064 3290 4134 ipsis
3323 4080 3456 4119 cou-

1884 4144 2232 4215 juugentem,
2300 4161 2402 4202 nec
2469 4163 2573 4203 non
2639 4149 2875 4204 immista
2936 4161 2992 4205 et
3053 4163 3455 4222 contemperata

1891 4247 2338 4304 conservantem;
2366 4240 2628 4305 immista,
2647 4243 2861 4311 pr0pria
2878 4243 3137 4313 cujusque
3155 4246 3452 4317 qualitate;

1889 4338 2320 4398 contemperata,
2354 4332 2422 4385 ad
2457 4330 2692 4386 invicem
2731 4335 3007 4389 mistioue.
3057 4336 3161 4390 Per
3192 4339 3332 4393 hanc
3371 4341 3455 4394 di-

221 4425 532 4494 νοουμένοις
553 4441 566 4455 °
608 4424 786 4478 νοοῦσι
815 4424 924 4496 γὰρ
959 4425 1052 4478 καὶ
1085 4424 1340 4489 ἑαυτοὺς,
1376 4426 1468 4478 καὶ
1498 4425 1623 4488 τοὺς
1655 4426 1786 4478 ἐπα-

1899 4421 2030 4474 vinae
2080 4432 2292 4476 mentes
2333 4421 2601 4478 uniuntur
2645 4439 2766 4479 cum
2811 4425 2926 4479 suis
2971 4427 3450 4496 intellectionibus,

220 4514 619 4585 ναϐεϐηκότας,
654 4515 747 4568 κα)⁹
777 4515 854 4568 ἔτι
884 4516 953 4569 τά
986 4515 1361 4587 ὑποδεέστερα.
1399 4517 1564 4569 Ὅταν
1596 4512 1687 4569 οὖν
1719 4515 1785 4568 τά

1899 4521 2005 4564 tum
2039 4512 2201 4567 rebus
2233 4512 2530 4568 intellectis
2561 4530 2576 4568 :
2608 4514 2920 4584 intelligunt
2947 4519 3091 4570 enim
3126 4527 3181 4572 et
3220 4521 3450 4588 seipsas,

221 4609 432 4662 ἑαυτῶν
465 4610 725 4681 ἐνεργῶσι
749 4651 762 4675 ,
799 4611 890 4664 καὶ
922 4610 1146 4673 ἑαυτοὺς
1188 4609 1380 4672 νοῶσι,
1412 4612 1531 4672 ταῖς
1562 4609 1788 4673 οἰκείαις

222 4697 464 4751 ὲνοῦνται
497 4701 743 4771 νοήσεσιν
764 4717 776 4730 ·
814 4701 940 4753 ὅταν
991 4700 1047 4753 δὲ
1095 4698 1164 4752 τὰ
1213 4699 1621 4770 ὑπερϐεϐηκότα
1654 4699 1685 4770 ἦ
1719 4698 1786 4751 τὰ

222 4789 600 4860 ὑποϐεϐηκότα
650 4791 844 4855 νοῶσι,
877 4791 998 4844 τότε
1043 4790 1282 4843 ὲνοῦνται
1314 4793 1424 4853 τοῖς
1457 4791 1782 4860 νοουμένοις.

221 4878 298 4932 Τὸ
313 4879 419 4951 γὰρ
438 4881 589 4934 νοοῦν
613 4883 678 4951 τῇ
704 4881 899 4949 γνώσει
925 4880 1134 4933 ἑνοῦται
1161 4879 1239 4949 τῷ
1256 4880 1567 4948 γνωσθέντι,
1587 4883 1661 4944 ὡς
1692 4883 1785 4935 καὶ

219 4970 250 5022 ὁ
283 4970 489 5038 ἀγνοῶν
542 4972 928 5035 σκεδάννυται,
962 4972 1021 5024 ού
1057 4969 1375 5024 καταλαϐὼν
1406 4971 1434 5023 ὃ
1470 4971 1542 5042 μὴ
1575 4973 1782 5042 ἐνόησε.

221 5063 374 5116 Μετά
405 5063 460 5115 δὲ
491 5062 691 5126 ταύτας
721 5063 818 5126 τὰς
840 5062 1057 5128 ὲνώσεις
1092 5063 1274 5133 (αἴπερ
1305 5063 1402 5114 οὐκ
1421 5063 1485 5115 ἂν
1517 5065 1780 5132 ἐγένοντο,

219 5149 271 5201 εἰ
295 5148 367 5220 μὴ
383 5151 622 5220 εἰρήνευε
649 5149 830 5214 καθὼς
851 5150 970 5203 καθ’
992 5151 1180 5204 ἑαυτὸν
1201 5153 1228 5203 ὀ
1247 5150 1401 5214 νοῶν,
1423 5151 1455 5222 ἢ
1480 5153 1583 5223 μὴν
1601 5155 1628 5205 ὁ
1650 5153 1784 5206 νοῶν

218 5239 358 5310 πρὸς
389 5241 457 5293 τὰ
490 5241 817 5314 νοούμενα),
852 5244 943 5297 ἐπὶ
976 5243 1074 5314 τὴν
1107 5244 1383 5313 ἄγνωστον
1426 5245 1640 5314 ἐκείνην
1689 5245 1784 5299 καὶ

221 5330 370 5385 Θείαν
414 5333 670 5400 ἀνάγεται
716 5337 972 5406 συναφήν.
1024 5335 1190 5389 Πάλιν
1233 5338 1323 5389 ἐπὶ
1363 5336 1470 5389 τῶν
1503 5337 1783 5407 ἡμετέρων

220 5422 405 5492 ψυχῶν
439 5424 707 5494 ἐνδέχεται
742 5427 1024 5497 εὑρεθῆναι
1050 5429 1231 5498 ἀμερῆ
1266 5429 1358 5482 καὶ
1391 5429 1550 5482 ἀῦλον
1577 5429 1778 5498 νόησιν,

219 5517 348 5570 ὅταν
380 5517 503 5578 τοὺς
536 5518 903 5583 παντοδαποὺς
941 5521 1228 5591 λογισμοὺς
1260 5523 1394 5593 πρὸς
1431 5523 1556 5593 μίαν
1589 5521 1779 5592 νοεράν

220 5606 563 5674 καθαρότητα
596 5610 956 5679 συναγάγωσιο
1007 5612 1119 5665 τότε
1152 5614 1258 5683 γὰρ
1289 5615 1380 5668 καὶ
1404 5615 1494 5668 ἐπὶ
1515 5613 1609 5684 τὴν
1639 5615 1776 5684 ὑπὲρ

291 5788 312 5829 ¹
347 5790 466 5846 Act.
505 5805 542 5851 ι,
582 5791 670 5845 ‘25.

1890 4613 1945 4657 et
1972 4604 2304 4673 superiores,
2333 4615 2499 4675 atque
2527 4608 2753 4675 insuper
2785 4607 3065 4663 inferiora.
3093 4611 3320 4676 Quando
3355 4614 3427 4668 ita

1890 4710 1997 4764 que
2028 4711 2149 4766 qua:
2195 4711 2290 4751 sua
2325 4706 2476 4760 sunt,
2518 4707 2734 4762 curant,
2777 4707 2834 4752 et
2877 4701 3199 4768 semctipsas
3255 4703 3452 4758 intelli-

1889 4797 2042 4858 gunt,
2090 4789 2326 4858 propriis
2378 4789 2838 4845 iutellectiouibus
2887 4792 3183 4858 uninntur;
3238 4797 3453 4862 quando

1888 4895 2019 4934 vero
2048 4880 2328 4948 superiora
2359 4880 2442 4935 vel
2479 4880 2741 4934 inferiora
2772 4882 3098 4950 intelligunt,
3133 4894 3261 4938 tunc
3291 4887 3452 4940 rebus

1891 4970 2178 5026 intellectis
2212 4969 2639 5039 conjunguntur.
2683 4973 2834 5040 Quod
2866 4974 3009 5028 enim
3041 4975 3317 5046 intelligit,
3354 4992 3451 5046 per

1887 5063 2254 5132 cognitionem
2293 5064 2370 5116 rei
2402 5064 2634 5130 cognita:
2678 5064 3058 5133 cnnjnngitnr;
3105 5067 3248 5120 sicut
3282 5071 3446 5121 etiam

1887 5154 2143 5224 ignorans
2161 5153 2428 5208 dividitur.
2458 5170 2558 5208 non
2579 5155 3043 5224 comprehenderis
3067 5157 3116 5208 id
3137 5159 3277 5225 quod
3300 5158 3450 5226 igno-

1885 5246 2356 5314 ravit.Porropost
2373 5246 2535 5301 hasce
2558 5247 2787 5300 uniones
2802 5248 2944 5316 (qua:
2969 5249 3446 5314 nonexstitisseut,

1890 5340 1990 5393 nisi
2040 5339 2342 5407 intelligens
2378 5351 2560 5392 secum
2590 5337 2706 5405 ipse
2729 5337 3150 5404 quodammodo,
3186 5338 3269 5392 vel
3299 5350 3448 5393 certe

1887 5430 2052 5500 518
2102 5446 2225 5483 cum
2279 5430 2439 5483 rebus
2503 5429 2789 5483 intellectis
2838 5443 3023 5496 pacem
3073 5429 3335 5500 inivisset)
3379 5431 3446 5483 ad

1888 5522 2127 5591 ignotum
2177 5521 2325 5575 illum
2374 5519 2721 5587 divinumque
2770 5527 3080 5573 contactum
3135 5519 3442 5584 adducitur.

1884 5607 2116 5666 Rursum
2150 5610 2200 5664 in
2228 5609 2422 5667 animis
2450 5608 2653 5664 nostris
2681 5607 2918 5678 reperire
2950 5606 3075 5663 licet
3109 5607 3440 5662 individuam
