  <div class='ocr_page' id='page_1' title='image "/cluster/home/n/w/nwhite01/storage/ocr_20150623/3/pst.000003853313/491.png"; bbox 0 0 4176 6314; ppageno 0'>
   <div class='ocr_carea' id='block_1_1' title="bbox 774 370 877 427">
    <p class='ocr_par' dir='ltr' id='par_1_1' title="bbox 774 370 877 427">
     <span class='ocr_line' id='line_1_1' title="bbox 774 370 877 427; baseline 0.01 -1"><span class='ocrx_word' id='word_1_1' title='bbox 774 370 877 427; x_wconf 77' lang='lat'><strong>963</strong></span> 
     </span>
    </p>
   </div>
   <div class='ocr_carea' id='block_1_2' title="bbox 1920 383 2799 441">
    <p class='ocr_par' dir='ltr' id='par_1_2' title="bbox 1920 383 2799 441">
     <span class='ocr_line' id='line_1_2' title="bbox 1920 383 2799 441; baseline 0.003 -4"><span class='ocrx_word' id='word_1_2' title='bbox 1920 384 1977 439; x_wconf 87' lang='lat' dir='ltr'><strong>S.</strong></span> <span class='ocrx_word' id='word_1_3' title='bbox 2016 383 2799 441; x_wconf 64' lang='lat' dir='ltr'><strong>DlONYSlLAREOPAGlT/E</strong></span> 
     </span>
    </p>
   </div>
   <div class='ocr_carea' id='block_1_3' title="bbox 3887 393 3991 449">
    <p class='ocr_par' dir='ltr' id='par_1_3' title="bbox 3887 393 3991 449">
     <span class='ocr_line' id='line_1_3' title="bbox 3887 393 3991 449; baseline -0.019 0"><span class='ocrx_word' id='word_1_4' title='bbox 3887 393 3991 449; x_wconf 70' lang='grc'><strong>964</strong></span> 
     </span>
    </p>
   </div>
   <div class='ocr_carea' id='block_1_4' title="bbox 772 490 2421 579">
    <p class='ocr_par' dir='ltr' id='par_1_4' title="bbox 772 490 2399 569">
     <span class='ocr_line' id='line_1_4' title="bbox 772 490 2399 569; baseline 0.009 -29"><span class='ocrx_word' id='word_1_5' title='bbox 772 499 826 540; x_wconf 90' lang='lat' dir='ltr'><strong>et</strong></span> <span class='ocrx_word' id='word_1_6' title='bbox 855 490 1269 548; x_wconf 88' lang='lat' dir='ltr'><strong>imntaterialem</strong></span> <span class='ocrx_word' id='word_1_7' title='bbox 1324 494 1713 564; x_wconf 92' lang='lat' dir='ltr'><strong>cognitionem,</strong></span> <span class='ocrx_word' id='word_1_8' title='bbox 1739 499 1956 565; x_wconf 82' lang='lat' dir='ltr'><strong>quando</strong></span> <span class='ocrx_word' id='word_1_9' title='bbox 2009 501 2324 569; x_wconf 85' lang='lat' dir='ltr'><strong>omnigenas</strong></span> <span class='ocrx_word' id='word_1_10' title='bbox 2357 507 2399 561; x_wconf 79' lang='grc' dir='ltr'>Α</span> 
     </span>
    </p>
   </div>
   <div class='ocr_carea' id='block_1_5' title="bbox 2340 490 3989 579">
    <p class='ocr_par' dir='ltr' id='par_1_5' title="bbox 2357 499 3989 579">
     <span class='ocr_line' id='line_1_5' title="bbox 2357 499 3989 579; baseline 0.004 -28"><span class='ocrx_word' id='word_1_11' title='bbox 2357 507 2399 561; x_wconf 78' lang='grc' dir='ltr'>Α</span> <span class='ocrx_word' id='word_1_12' title='bbox 2426 499 2607 568; x_wconf 82' lang='grc' dir='ltr'><strong>νόησιν</strong></span> <span class='ocrx_word' id='word_1_13' title='bbox 2653 500 2876 565; x_wconf 78' lang='grc' dir='ltr'>ἕνωσιν,</span> <span class='ocrx_word' id='word_1_14' title='bbox 2910 502 3120 579; x_wconf 81' lang='grc' dir='ltr'>οἰκείως</span> <span class='ocrx_word' id='word_1_15' title='bbox 3154 503 3368 566; x_wconf 77' lang='grc' dir='ltr'><strong>ἑαυταῖς</strong></span> <span class='ocrx_word' id='word_1_16' title='bbox 3394 544 3407 565; x_wconf 92' lang='grc'><strong>,</strong></span> <span class='ocrx_word' id='word_1_17' title='bbox 3441 501 3548 571; x_wconf 76' lang='grc' dir='ltr'><strong>ὀδῷ</strong></span> <span class='ocrx_word' id='word_1_18' title='bbox 3578 521 3681 558; x_wconf 91' lang='grc' dir='ltr'>τινι</span> <span class='ocrx_word' id='word_1_19' title='bbox 3715 507 3808 558; x_wconf 75' lang='grc' dir='ltr'>καὶ</span> <span class='ocrx_word' id='word_1_20' title='bbox 3839 505 3989 570; x_wconf 79' lang='grc' dir='ltr'>τάξει</span> 
     </span>
    </p>
   </div>
   <div class='ocr_carea' id='block_1_6' title="bbox 775 585 2326 657">
    <p class='ocr_par' dir='ltr' id='par_1_6' title="bbox 775 585 2326 657">
     <span class='ocr_line' id='line_1_6' title="bbox 775 585 2326 657; baseline 0.006 -20"><span class='ocrx_word' id='word_1_21' title='bbox 775 585 1220 641; x_wconf 68' lang='lat' dir='ltr'><strong>ratiocinationes</strong></span> <span class='ocrx_word' id='word_1_22' title='bbox 1247 586 1310 640; x_wconf 92' lang='lat' dir='ltr'><strong>ad</strong></span> <span class='ocrx_word' id='word_1_23' title='bbox 1337 602 1492 640; x_wconf 88' lang='lat' dir='ltr'><strong>unam</strong></span> <span class='ocrx_word' id='word_1_24' title='bbox 1522 587 1822 657; x_wconf 76' lang='lat' dir='ltr'><strong>spiritalem</strong></span> <span class='ocrx_word' id='word_1_25' title='bbox 1851 591 2140 657; x_wconf 83' lang='lat' dir='ltr'><strong>puritatem</strong></span> <span class='ocrx_word' id='word_1_26' title='bbox 2170 593 2326 647; x_wconf 91' lang='lat' dir='ltr'><strong>colli-</strong></span> 
     </span>
    </p>
   </div>
   <div class='ocr_carea' id='block_1_7' title="bbox 772 678 2326 750">
    <p class='ocr_par' dir='ltr' id='par_1_7' title="bbox 772 678 2326 750">
     <span class='ocr_line' id='line_1_7' title="bbox 772 678 2326 750; baseline 0.005 -21"><span class='ocrx_word' id='word_1_27' title='bbox 772 687 949 744; x_wconf 81' lang='lat' dir='ltr'><strong>gunt;</strong></span> <span class='ocrx_word' id='word_1_28' title='bbox 1005 687 1131 732; x_wconf 91' lang='lat' dir='ltr'><strong>tunc</strong></span> <span class='ocrx_word' id='word_1_29' title='bbox 1171 678 1314 732; x_wconf 90' lang='lat' dir='ltr'><strong>enim</strong></span> <span class='ocrx_word' id='word_1_30' title='bbox 1367 679 1430 733; x_wconf 90' lang='lat' dir='ltr'><strong>ad</strong></span> <span class='ocrx_word' id='word_1_31' title='bbox 1483 681 1736 734; x_wconf 89' lang='lat' dir='ltr'><strong>unionem</strong></span> <span class='ocrx_word' id='word_1_32' title='bbox 1783 696 1997 750; x_wconf 91' lang='lat' dir='ltr'><strong>quoque</strong></span> <span class='ocrx_word' id='word_1_33' title='bbox 2056 683 2326 738; x_wconf 87' lang='lat' dir='ltr'><strong>intellectu</strong></span> 
     </span>
    </p>
   </div>
   <div class='ocr_carea' id='block_1_8' title="bbox 773 757 2328 839">
    <p class='ocr_par' dir='ltr' id='par_1_8' title="bbox 773 757 2328 839">
     <span class='ocr_line' id='line_1_8' title="bbox 773 757 2328 839; baseline 0.007 -19"><span class='ocrx_word' id='word_1_34' title='bbox 773 769 1140 836; x_wconf 90' lang='lat' dir='ltr'><strong>superiorem,</strong></span> <span class='ocrx_word' id='word_1_35' title='bbox 1179 785 1277 838; x_wconf 91' lang='lat' dir='ltr'><strong>pro</strong></span> <span class='ocrx_word' id='word_1_36' title='bbox 1309 782 1466 836; x_wconf 87' lang='lat' dir='ltr'><strong>captu</strong></span> <span class='ocrx_word' id='word_1_37' title='bbox 1497 786 1616 833; x_wconf 88' lang='lat' dir='ltr'><strong>suo,</strong></span> <span class='ocrx_word' id='word_1_38' title='bbox 1668 771 1752 822; x_wconf 91' lang='lat' dir='ltr'><strong>via</strong></span> <span class='ocrx_word' id='word_1_39' title='bbox 1778 773 2014 839; x_wconf 89' lang='lat' dir='ltr'><strong>quadam</strong></span> <span class='ocrx_word' id='word_1_40' title='bbox 2046 757 2101 828; x_wconf 67' lang='lat' dir='ltr'><strong>et</strong></span> <span class='ocrx_word' id='word_1_41' title='bbox 2139 775 2328 831; x_wconf 85' lang='lat' dir='ltr'><strong>ordine</strong></span> 
     </span>
    </p>
   </div>
   <div class='ocr_carea' id='block_1_9' title="bbox 772 859 2327 934">
    <p class='ocr_par' dir='ltr' id='par_1_9' title="bbox 772 859 2327 934">
     <span class='ocr_line' id='line_1_9' title="bbox 772 859 2327 934; baseline 0.005 -24"><span class='ocrx_word' id='word_1_42' title='bbox 772 859 1096 928; x_wconf 79' lang='lat' dir='ltr'><strong>pertingant,</strong></span> <span class='ocrx_word' id='word_1_43' title='bbox 1131 876 1228 928; x_wconf 86' lang='lat' dir='ltr'><strong>per</strong></span> <span class='ocrx_word' id='word_1_44' title='bbox 1258 863 1395 915; x_wconf 78' lang='lat' dir='ltr'><strong>lianc</strong></span> <span class='ocrx_word' id='word_1_45' title='bbox 1444 862 1619 928; x_wconf 84' lang='lat' dir='ltr'><strong>ipsam</strong></span> <span class='ocrx_word' id='word_1_46' title='bbox 1646 862 1895 916; x_wconf 78' lang='lat' dir='ltr'><strong>videlicet</strong></span> <span class='ocrx_word' id='word_1_47' title='bbox 1941 871 2184 917; x_wconf 90' lang='lat' dir='ltr'><strong>naturam</strong></span> <span class='ocrx_word' id='word_1_48' title='bbox 2229 881 2327 934; x_wconf 91' lang='lat' dir='ltr'><strong>pa-</strong></span> 
     </span>
    </p>
   </div>
   <div class='ocr_carea' id='block_1_10' title="bbox 770 948 2323 1020">
    <p class='ocr_par' dir='ltr' id='par_1_10' title="bbox 770 948 2323 1020">
     <span class='ocr_line' id='line_1_10' title="bbox 770 948 2323 1020; baseline 0.005 -19"><span class='ocrx_word' id='word_1_49' title='bbox 770 948 848 1002; x_wconf 90' lang='lat' dir='ltr'><strong>cis</strong></span> <span class='ocrx_word' id='word_1_50' title='bbox 895 966 997 1002; x_wconf 89' lang='lat' dir='ltr'><strong>una</strong></span> <span class='ocrx_word' id='word_1_51' title='bbox 1049 952 1294 1020; x_wconf 67' lang='lat' dir='ltr'><strong>quaedam</strong></span> <span class='ocrx_word' id='word_1_52' title='bbox 1361 961 1414 1007; x_wconf 87' lang='lat' dir='ltr'><strong>et</strong></span> <span class='ocrx_word' id='word_1_53' title='bbox 1476 953 1863 1007; x_wconf 81' lang='lat' dir='ltr'><strong>indissolubilis</strong></span> <span class='ocrx_word' id='word_1_54' title='bbox 1935 954 2323 1010; x_wconf 89' lang='lat' dir='ltr'><strong>elementorum</strong></span> 
     </span>
    </p>
   </div>
   <div class='ocr_carea' id='block_1_11' title="bbox 770 1042 2327 1113">
    <p class='ocr_par' dir='ltr' id='par_1_11' title="bbox 770 1042 2327 1113">
     <span class='ocr_line' id='line_1_11' title="bbox 770 1042 2327 1113; baseline 0.006 -22"><span class='ocrx_word' id='word_1_55' title='bbox 770 1042 1006 1094; x_wconf 88' lang='lat' dir='ltr'><strong>omnimn</strong></span> <span class='ocrx_word' id='word_1_56' title='bbox 1055 1046 1320 1098; x_wconf 78' lang='lat' dir='ltr'><strong>connexio</strong></span> <span class='ocrx_word' id='word_1_57' title='bbox 1368 1045 1588 1109; x_wconf 83' lang='lat' dir='ltr'><strong>existit,</strong></span> <span class='ocrx_word' id='word_1_58' title='bbox 1620 1045 1846 1099; x_wconf 87' lang='lat' dir='ltr'><strong>collecta</strong></span> <span class='ocrx_word' id='word_1_59' title='bbox 1880 1046 2095 1113; x_wconf 88' lang='lat' dir='ltr'><strong>quidem</strong></span> <span class='ocrx_word' id='word_1_60' title='bbox 2142 1048 2327 1100; x_wconf 86' lang='lat' dir='ltr'><strong>incon-</strong></span> 
     </span>
    </p>
   </div>
   <div class='ocr_carea' id='block_1_12' title="bbox 771 1128 2325 1201">
    <p class='ocr_par' dir='ltr' id='par_1_12' title="bbox 771 1128 2325 1201">
     <span class='ocr_line' id='line_1_12' title="bbox 771 1128 2325 1201; baseline 0.005 -20"><span class='ocrx_word' id='word_1_61' title='bbox 771 1128 904 1194; x_wconf 81' lang='lat' dir='ltr'><strong>fuse,</strong></span> <span class='ocrx_word' id='word_1_62' title='bbox 938 1133 1061 1201; x_wconf 84' lang='lat' dir='ltr'><strong>quia</strong></span> <span class='ocrx_word' id='word_1_63' title='bbox 1109 1134 1235 1188; x_wconf 86' lang='lat' dir='ltr'><strong>licet</strong></span> <span class='ocrx_word' id='word_1_64' title='bbox 1279 1134 1378 1188; x_wconf 90' lang='lat' dir='ltr'><strong>sibi</strong></span> <span class='ocrx_word' id='word_1_65' title='bbox 1417 1143 1602 1187; x_wconf 90' lang='lat' dir='ltr'><strong>mutuo</strong></span> <span class='ocrx_word' id='word_1_66' title='bbox 1645 1135 2123 1199; x_wconf 85' lang='lat' dir='ltr'><strong>commisceantur,</strong></span> <span class='ocrx_word' id='word_1_67' title='bbox 2165 1135 2325 1190; x_wconf 85' lang='lat' dir='ltr'><strong>simul</strong></span> 
     </span>
    </p>
   </div>
   <div class='ocr_carea' id='block_1_13' title="bbox 772 1225 2323 1294">
    <p class='ocr_par' dir='ltr' id='par_1_13' title="bbox 772 1225 2323 1294">
     <span class='ocr_line' id='line_1_13' title="bbox 772 1225 2323 1294; baseline 0.005 -22"><span class='ocrx_word' id='word_1_68' title='bbox 772 1230 949 1276; x_wconf 90' lang='lat' dir='ltr'><strong>tamen</strong></span> <span class='ocrx_word' id='word_1_69' title='bbox 987 1229 1299 1280; x_wconf 89' lang='lat' dir='ltr'><strong>eornmdem</strong></span> <span class='ocrx_word' id='word_1_70' title='bbox 1327 1225 1617 1294; x_wconf 87' lang='lat' dir='ltr'><strong>qualitates</strong></span> <span class='ocrx_word' id='word_1_71' title='bbox 1649 1227 2019 1279; x_wconf 83' lang='lat' dir='ltr'><strong>extremitates</strong></span> <span class='ocrx_word' id='word_1_72' title='bbox 2067 1242 2193 1280; x_wconf 88' lang='lat' dir='ltr'><strong>suas</strong></span> <span class='ocrx_word' id='word_1_73' title='bbox 2221 1228 2323 1280; x_wconf 90' lang='lat' dir='ltr'><strong>mi-</strong></span> 
     </span>
    </p>
   </div>
   <div class='ocr_carea' id='block_1_14' title="bbox 771 1313 2322 1385">
    <p class='ocr_par' dir='ltr' id='par_1_14' title="bbox 771 1313 2322 1385">
     <span class='ocr_line' id='line_1_14' title="bbox 771 1313 2322 1385; baseline 0.004 -21"><span class='ocrx_word' id='word_1_74' title='bbox 771 1313 913 1365; x_wconf 85' lang='lat' dir='ltr'><strong>nime</strong></span> <span class='ocrx_word' id='word_1_75' title='bbox 959 1315 1218 1381; x_wconf 83' lang='lat' dir='ltr'><strong>perdunt;</strong></span> <span class='ocrx_word' id='word_1_76' title='bbox 1269 1316 1551 1369; x_wconf 84' lang='lat' dir='ltr'><strong>commista</strong></span> <span class='ocrx_word' id='word_1_77' title='bbox 1603 1330 1731 1368; x_wconf 89' lang='lat' dir='ltr'><strong>vero</strong></span> <span class='ocrx_word' id='word_1_78' title='bbox 1770 1315 2061 1376; x_wconf 88' lang='lat' dir='ltr'><strong>indivulse.</strong></span> <span class='ocrx_word' id='word_1_79' title='bbox 2094 1317 2220 1385; x_wconf 85' lang='lat' dir='ltr'><strong>quia</strong></span> <span class='ocrx_word' id='word_1_80' title='bbox 2256 1332 2322 1371; x_wconf 88' lang='lat' dir='ltr'><strong>ex</strong></span> 
     </span>
    </p>
   </div>
   <div class='ocr_carea' id='block_1_15' title="bbox 772 1405 2323 1476">
    <p class='ocr_par' dir='ltr' id='par_1_15' title="bbox 772 1405 2323 1476">
     <span class='ocr_line' id='line_1_15' title="bbox 772 1405 2323 1476; baseline 0.003 -18"><span class='ocrx_word' id='word_1_81' title='bbox 772 1405 872 1458; x_wconf 80' lang='lat' dir='ltr'><strong>hac</strong></span> <span class='ocrx_word' id='word_1_82' title='bbox 923 1405 1314 1461; x_wconf 86' lang='lat' dir='ltr'><strong>elementorum</strong></span> <span class='ocrx_word' id='word_1_83' title='bbox 1356 1408 1610 1462; x_wconf 91' lang='lat' dir='ltr'><strong>mistione</strong></span> <span class='ocrx_word' id='word_1_84' title='bbox 1668 1423 1772 1460; x_wconf 91' lang='lat' dir='ltr'><strong>una</strong></span> <span class='ocrx_word' id='word_1_85' title='bbox 1825 1409 2069 1476; x_wconf 66' lang='lat' dir='ltr'><strong>quaedam</strong></span> <span class='ocrx_word' id='word_1_86' title='bbox 2133 1417 2323 1462; x_wconf 89' lang='lat' dir='ltr'><strong>natura</strong></span> 
     </span>
    </p>
   </div>
   <div class='ocr_carea' id='block_1_16' title="bbox 769 1494 2323 1567">
    <p class='ocr_par' dir='ltr' id='par_1_16' title="bbox 769 1494 2323 1567">
     <span class='ocr_line' id='line_1_16' title="bbox 769 1494 2323 1567; baseline 0.003 -19"><span class='ocrx_word' id='word_1_87' title='bbox 769 1494 1068 1563; x_wconf 80' lang='lat' dir='ltr'><strong>perﬁcitur.</strong></span> <span class='ocrx_word' id='word_1_88' title='bbox 1110 1495 1233 1551; x_wconf 68' lang='lat' dir='ltr'><strong>llaec</strong></span> <span class='ocrx_word' id='word_1_89' title='bbox 1257 1500 1399 1551; x_wconf 89' lang='lat' dir='ltr'><strong>enim</strong></span> <span class='ocrx_word' id='word_1_90' title='bbox 1431 1508 1512 1551; x_wconf 88' lang='lat' dir='ltr'><strong>est</strong></span> <span class='ocrx_word' id='word_1_91' title='bbox 1538 1513 1665 1567; x_wconf 84' lang='lat' dir='ltr'><strong>pax,</strong></span> <span class='ocrx_word' id='word_1_92' title='bbox 1698 1513 1818 1566; x_wconf 66' lang='lat' dir='ltr'><strong>qum</strong></span> <span class='ocrx_word' id='word_1_93' title='bbox 1848 1510 2090 1552; x_wconf 83' lang='lat' dir='ltr'><strong>extrema</strong></span> <span class='ocrx_word' id='word_1_94' title='bbox 2142 1509 2323 1553; x_wconf 82' lang='lat' dir='ltr'><strong>extre-</strong></span> 
     </span>
    </p>
   </div>
   <div class='ocr_carea' id='block_1_17' title="bbox 766 1587 2323 1654">
    <p class='ocr_par' dir='ltr' id='par_1_17' title="bbox 766 1587 2323 1654">
     <span class='ocr_line' id='line_1_17' title="bbox 766 1587 2323 1654; baseline 0.003 -16"><span class='ocrx_word' id='word_1_95' title='bbox 766 1587 868 1639; x_wconf 90' lang='lat' dir='ltr'><strong>mis</strong></span> <span class='ocrx_word' id='word_1_96' title='bbox 897 1602 992 1654; x_wconf 91' lang='lat' dir='ltr'><strong>per</strong></span> <span class='ocrx_word' id='word_1_97' title='bbox 1032 1590 1208 1642; x_wconf 89' lang='lat' dir='ltr'><strong>media</strong></span> <span class='ocrx_word' id='word_1_98' title='bbox 1252 1591 1552 1644; x_wconf 88' lang='lat' dir='ltr'><strong>connectit.</strong></span> <span class='ocrx_word' id='word_1_99' title='bbox 1603 1590 1860 1644; x_wconf 81' lang='lat' dir='ltr'><strong>Extrema</strong></span> <span class='ocrx_word' id='word_1_100' title='bbox 1891 1604 2016 1644; x_wconf 91' lang='lat' dir='ltr'><strong>vero</strong></span> <span class='ocrx_word' id='word_1_101' title='bbox 2046 1590 2197 1653; x_wconf 79' lang='lat' dir='ltr'><strong>dicit,</strong></span> <span class='ocrx_word' id='word_1_102' title='bbox 2243 1590 2323 1642; x_wconf 85' lang='lat' dir='ltr'><strong>in-</strong></span> 
     </span>
    </p>
   </div>
   <div class='ocr_carea' id='block_1_18' title="bbox 763 1679 2322 1750">
    <p class='ocr_par' dir='ltr' id='par_1_18' title="bbox 763 1679 2322 1750">
     <span class='ocr_line' id='line_1_18' title="bbox 763 1679 2322 1750; baseline 0.002 -20"><span class='ocrx_word' id='word_1_103' title='bbox 763 1679 1026 1731; x_wconf 90' lang='lat' dir='ltr'><strong>termedia</strong></span> <span class='ocrx_word' id='word_1_104' title='bbox 1087 1680 1396 1744; x_wconf 86' lang='lat' dir='ltr'><strong>elementa,</strong></span> <span class='ocrx_word' id='word_1_105' title='bbox 1451 1690 1688 1746; x_wconf 89' lang='lat' dir='ltr'><strong>terram,</strong></span> <span class='ocrx_word' id='word_1_106' title='bbox 1744 1695 1950 1744; x_wconf 89' lang='lat' dir='ltr'><strong>acrem,</strong></span> <span class='ocrx_word' id='word_1_107' title='bbox 2001 1695 2216 1750; x_wconf 82' lang='lat' dir='ltr'><strong>aquam,</strong></span> <span class='ocrx_word' id='word_1_108' title='bbox 2268 1689 2322 1733; x_wconf 90' lang='lat' dir='ltr'><strong>et</strong></span> 
     </span>
    </p>
   </div>
   <div class='ocr_carea' id='block_1_19' title="bbox 761 1768 2320 1836">
    <p class='ocr_par' dir='ltr' id='par_1_19' title="bbox 761 1768 2320 1836">
     <span class='ocr_line' id='line_1_19' title="bbox 761 1768 2320 1836; baseline 0.001 -17"><span class='ocrx_word' id='word_1_109' title='bbox 761 1768 991 1832; x_wconf 72' lang='lat' dir='ltr'><strong>aethera,</strong></span> <span class='ocrx_word' id='word_1_110' title='bbox 1023 1781 1142 1836; x_wconf 65' lang='lat' dir='ltr'><strong>quae</strong></span> <span class='ocrx_word' id='word_1_111' title='bbox 1188 1779 1317 1823; x_wconf 91' lang='lat' dir='ltr'><strong>sunt</strong></span> <span class='ocrx_word' id='word_1_112' title='bbox 1345 1771 1505 1823; x_wconf 90' lang='lat' dir='ltr'><strong>etiam</strong></span> <span class='ocrx_word' id='word_1_113' title='bbox 1547 1768 1846 1824; x_wconf 87' lang='lat' dir='ltr'><strong>secundum</strong></span> <span class='ocrx_word' id='word_1_114' title='bbox 1884 1769 2061 1822; x_wconf 90' lang='lat' dir='ltr'><strong>omnia</strong></span> <span class='ocrx_word' id='word_1_115' title='bbox 2103 1779 2320 1823; x_wconf 87' lang='lat' dir='ltr'><strong>contra-</strong></span> 
     </span>
    </p>
   </div>
   <div class='ocr_carea' id='block_1_20' title="bbox 2428 588 3990 666">
    <p class='ocr_par' dir='ltr' id='par_1_20' title="bbox 2428 588 3990 666">
     <span class='ocr_line' id='line_1_20' title="bbox 2428 588 3990 666; baseline 0.006 -27"><span class='ocrx_word' id='word_1_116' title='bbox 2428 588 2812 656; x_wconf 74' lang='grc' dir='ltr'>προϐαίνουσι,</span> <span class='ocrx_word' id='word_1_117' title='bbox 2859 589 2944 643; x_wconf 85' lang='grc' dir='ltr'>διὰ</span> <span class='ocrx_word' id='word_1_118' title='bbox 2988 591 3190 663; x_wconf 87' lang='grc' dir='ltr'>ταύτην</span> <span class='ocrx_word' id='word_1_119' title='bbox 3242 593 3337 663; x_wconf 81' lang='grc' dir='ltr'>τὴν</span> <span class='ocrx_word' id='word_1_120' title='bbox 3381 593 3479 662; x_wconf 82' lang='grc' dir='ltr'>τῆς</span> <span class='ocrx_word' id='word_1_121' title='bbox 3525 596 3744 665; x_wconf 76' lang='grc' dir='ltr'><strong>εἰρήνης</strong></span> <span class='ocrx_word' id='word_1_122' title='bbox 3789 595 3990 666; x_wconf 81' lang='grc' dir='ltr'>δηλαδὴ</span> 
     </span>
    </p>
   </div>
   <div class='ocr_carea' id='block_1_21' title="bbox 2428 677 3994 755">
    <p class='ocr_par' dir='ltr' id='par_1_21' title="bbox 2428 677 3994 755">
     <span class='ocr_line' id='line_1_21' title="bbox 2428 677 3994 755; baseline 0.004 -27"><span class='ocrx_word' id='word_1_123' title='bbox 2428 677 2605 745; x_wconf 86' lang='grc' dir='ltr'>φύσιν,</span> <span class='ocrx_word' id='word_1_124' title='bbox 2642 681 2674 749; x_wconf 83' lang='grc' dir='ltr'><strong>ἠ</strong></span> <span class='ocrx_word' id='word_1_125' title='bbox 2712 680 2806 749; x_wconf 85' lang='grc' dir='ltr'><strong>μία</strong></span> <span class='ocrx_word' id='word_1_126' title='bbox 2840 682 3122 753; x_wconf 82' lang='grc' dir='ltr'>συμπλοκὴ</span> <span class='ocrx_word' id='word_1_127' title='bbox 3155 683 3260 736; x_wconf 85' lang='grc' dir='ltr'><strong>τῶν</strong></span> <span class='ocrx_word' id='word_1_128' title='bbox 3292 684 3543 736; x_wconf 80' lang='grc' dir='ltr'>ἁπάντων</span> <span class='ocrx_word' id='word_1_129' title='bbox 3590 687 3866 755; x_wconf 80' lang='grc' dir='ltr'><strong>στοιχείων</strong></span> <span class='ocrx_word' id='word_1_130' title='bbox 3900 686 3994 739; x_wconf 74' lang='grc' dir='ltr'><strong>καὶ</strong></span> 
     </span>
    </p>
   </div>
   <div class='ocr_carea' id='block_1_22' title="bbox 2428 769 3993 846">
    <p class='ocr_par' dir='ltr' id='par_1_22' title="bbox 2428 769 3993 846">
     <span class='ocr_line' id='line_1_22' title="bbox 2428 769 3993 846; baseline 0.006 -25"><span class='ocrx_word' id='word_1_131' title='bbox 2428 769 2705 834; x_wconf 82' lang='grc' dir='ltr'>ἀδιάλυτος</span> <span class='ocrx_word' id='word_1_132' title='bbox 2744 772 3069 840; x_wconf 83' lang='grc' dir='ltr'>ὑφίσταται,</span> <span class='ocrx_word' id='word_1_133' title='bbox 3107 775 3446 844; x_wconf 86' lang='grc' dir='ltr'>συναγομένη</span> <span class='ocrx_word' id='word_1_134' title='bbox 3496 776 3591 845; x_wconf 82' lang='grc' dir='ltr'><strong>μὲν</strong></span> <span class='ocrx_word' id='word_1_135' title='bbox 3637 776 3954 846; x_wconf 85' lang='grc' dir='ltr'>ἀσυγχύτως</span> <span class='ocrx_word' id='word_1_136' title='bbox 3979 819 3993 841; x_wconf 92' lang='grc'><strong>,</strong></span> 
     </span>
    </p>
   </div>
   <div class='ocr_carea' id='block_1_23' title="bbox 2426 863 3996 938">
    <p class='ocr_par' dir='ltr' id='par_1_23' title="bbox 2426 863 3996 938">
     <span class='ocr_line' id='line_1_23' title="bbox 2426 863 3996 938; baseline 0.005 -24"><span class='ocrx_word' id='word_1_137' title='bbox 2426 863 2527 927; x_wconf 83' lang='grc' dir='ltr'>ὅτι,</span> <span class='ocrx_word' id='word_1_138' title='bbox 2564 866 2612 916; x_wconf 90' lang='grc' dir='ltr'><strong>εἰ</strong></span> <span class='ocrx_word' id='word_1_139' title='bbox 2663 863 2756 916; x_wconf 77' lang='grc' dir='ltr'><strong>καὶ</strong></span> <span class='ocrx_word' id='word_1_140' title='bbox 2803 865 3145 936; x_wconf 81' lang='grc' dir='ltr'>συναλληλοις</span> <span class='ocrx_word' id='word_1_141' title='bbox 3192 866 3532 936; x_wconf 88' lang='grc' dir='ltr'>μιγνύονται,</span> <span class='ocrx_word' id='word_1_142' title='bbox 3585 867 3697 919; x_wconf 73' lang='grc' dir='ltr'>ἀλλ’</span> <span class='ocrx_word' id='word_1_143' title='bbox 3742 870 3892 938; x_wconf 82' lang='grc' dir='ltr'>ὅμως</span> <span class='ocrx_word' id='word_1_144' title='bbox 3936 871 3996 922; x_wconf 92' lang='grc' dir='ltr'><strong>αἰ</strong></span> 
     </span>
    </p>
   </div>
   <div class='ocr_carea' id='block_1_24' title="bbox 2423 950 3994 1026">
    <p class='ocr_par' dir='ltr' id='par_1_24' title="bbox 2423 950 3994 1026">
     <span class='ocr_line' id='line_1_24' title="bbox 2423 950 3994 1026; baseline 0.005 -24"><span class='ocrx_word' id='word_1_145' title='bbox 2423 950 2628 1003; x_wconf 85' lang='grc' dir='ltr'>τούτων</span> <span class='ocrx_word' id='word_1_146' title='bbox 2660 952 2937 1021; x_wconf 81' lang='grc' dir='ltr'><strong>ποιότητες</strong></span> <span class='ocrx_word' id='word_1_147' title='bbox 2980 953 3075 1023; x_wconf 78' lang='grc' dir='ltr'>τῆν</span> <span class='ocrx_word' id='word_1_148' title='bbox 3120 954 3392 1024; x_wconf 85' lang='grc' dir='ltr'><strong>ἀκρότητα</strong></span> <span class='ocrx_word' id='word_1_149' title='bbox 3438 955 3642 1009; x_wconf 77' lang='grc' dir='ltr'><strong>ἑαυτῶν</strong></span> <span class='ocrx_word' id='word_1_150' title='bbox 3675 957 3731 1008; x_wconf 76' lang='grc' dir='ltr'><strong>οὐ</strong></span> <span class='ocrx_word' id='word_1_151' title='bbox 3768 975 3994 1026; x_wconf 85' lang='grc' dir='ltr'>παραπ-</span> 
     </span>
    </p>
   </div>
   <div class='ocr_carea' id='block_1_25' title="bbox 2423 1039 3996 1118">
    <p class='ocr_par' dir='ltr' id='par_1_25' title="bbox 2423 1039 3996 1118">
     <span class='ocr_line' id='line_1_25' title="bbox 2423 1039 3996 1118; baseline 0.006 -26"><span class='ocrx_word' id='word_1_152' title='bbox 2423 1039 2696 1094; x_wconf 89' lang='grc' dir='ltr'>ολλύουσι·</span> <span class='ocrx_word' id='word_1_153' title='bbox 2755 1043 3090 1114; x_wconf 80' lang='grc' dir='ltr'><strong>συγχεομένη</strong></span> <span class='ocrx_word' id='word_1_154' title='bbox 3157 1045 3211 1097; x_wconf 83' lang='grc' dir='ltr'><strong>δὲ</strong></span> <span class='ocrx_word' id='word_1_155' title='bbox 3283 1046 3634 1115; x_wconf 81' lang='grc' dir='ltr'>ἀδιαιρέτως,</span> <span class='ocrx_word' id='word_1_156' title='bbox 3669 1050 3747 1100; x_wconf 81' lang='grc' dir='ltr'>ὅτι</span> <span class='ocrx_word' id='word_1_157' title='bbox 3784 1052 3847 1101; x_wconf 85' lang='grc' dir='ltr'><strong>ἑκ</strong></span> <span class='ocrx_word' id='word_1_158' title='bbox 3891 1050 3996 1118; x_wconf 79' lang='grc' dir='ltr'><strong>τῆς</strong></span> 
     </span>
    </p>
   </div>
   <div class='ocr_carea' id='block_1_26' title="bbox 2422 1132 3992 1208">
    <p class='ocr_par' dir='ltr' id='par_1_26' title="bbox 2422 1132 3992 1208">
     <span class='ocr_line' id='line_1_26' title="bbox 2422 1132 3992 1208; baseline 0.006 -24"><span class='ocrx_word' id='word_1_159' title='bbox 2422 1132 2530 1185; x_wconf 86' lang='grc' dir='ltr'><strong>τῶν</strong></span> <span class='ocrx_word' id='word_1_160' title='bbox 2576 1133 2849 1203; x_wconf 81' lang='grc' dir='ltr'>στοιχείων</span> <span class='ocrx_word' id='word_1_161' title='bbox 2904 1135 3100 1204; x_wconf 79' lang='grc' dir='ltr'>μίξεως</span> <span class='ocrx_word' id='word_1_162' title='bbox 3149 1135 3246 1204; x_wconf 86' lang='grc' dir='ltr'><strong>μία</strong></span> <span class='ocrx_word' id='word_1_163' title='bbox 3289 1154 3371 1198; x_wconf 87' lang='grc' dir='ltr'><strong>τις</strong></span> <span class='ocrx_word' id='word_1_164' title='bbox 3421 1137 3756 1191; x_wconf 74' lang='grc' dir='ltr'>ἀποτελεῖται</span> <span class='ocrx_word' id='word_1_165' title='bbox 3810 1141 3992 1208; x_wconf 81' lang='grc' dir='ltr'>φύσις.</span> 
     </span>
    </p>
   </div>
   <div class='ocr_carea' id='block_1_27' title="bbox 2421 1217 3997 1300">
    <p class='ocr_par' dir='ltr' id='par_1_27' title="bbox 2421 1217 3997 1300">
     <span class='ocr_line' id='line_1_27' title="bbox 2421 1217 3997 1300; baseline 0.009 -30"><span class='ocrx_word' id='word_1_166' title='bbox 2421 1217 2569 1288; x_wconf 82' lang='grc' dir='ltr'>Αὖτη</span> <span class='ocrx_word' id='word_1_167' title='bbox 2602 1221 2709 1291; x_wconf 87' lang='grc' dir='ltr'>γάρ</span> <span class='ocrx_word' id='word_1_168' title='bbox 2742 1222 2889 1273; x_wconf 78' lang='grc' dir='ltr'>ἐστιν</span> <span class='ocrx_word' id='word_1_169' title='bbox 2921 1225 2952 1292; x_wconf 81' lang='grc' dir='ltr'>ἡ</span> <span class='ocrx_word' id='word_1_170' title='bbox 2989 1225 3175 1293; x_wconf 75' lang='grc' dir='ltr'>εἰρήνη</span> <span class='ocrx_word' id='word_1_171' title='bbox 3209 1227 3239 1294; x_wconf 80' lang='grc' dir='ltr'>ἡ</span> <span class='ocrx_word' id='word_1_172' title='bbox 3276 1227 3341 1276; x_wconf 90' lang='grc' dir='ltr'><strong>τά</strong></span> <span class='ocrx_word' id='word_1_173' title='bbox 3375 1226 3517 1296; x_wconf 83' lang='grc' dir='ltr'>ἄκρα</span> <span class='ocrx_word' id='word_1_174' title='bbox 3546 1231 3654 1290; x_wconf 90' lang='grc' dir='ltr'>τοῖς</span> <span class='ocrx_word' id='word_1_175' title='bbox 3687 1229 3876 1300; x_wconf 82' lang='grc' dir='ltr'>ἄκροις</span> <span class='ocrx_word' id='word_1_176' title='bbox 3907 1231 3997 1284; x_wconf 70' lang='grc' dir='ltr'>διὰ</span> 
     </span>
    </p>
   </div>
   <div class='ocr_carea' id='block_1_28' title="bbox 2421 1303 3997 1382">
    <p class='ocr_par' dir='ltr' id='par_1_28' title="bbox 2421 1303 3997 1382">
     <span class='ocr_line' id='line_1_28' title="bbox 2421 1303 3997 1382; baseline 0.011 -27"><span class='ocrx_word' id='word_1_177' title='bbox 2421 1303 2527 1356; x_wconf 85' lang='grc' dir='ltr'><strong>τῶν</strong></span> <span class='ocrx_word' id='word_1_178' title='bbox 2563 1306 2740 1375; x_wconf 87' lang='grc' dir='ltr'>μέσων</span> <span class='ocrx_word' id='word_1_179' title='bbox 2775 1309 3081 1363; x_wconf 75' lang='grc' dir='ltr'>συνδέουσα.</span> <span class='ocrx_word' id='word_1_180' title='bbox 3121 1313 3298 1382; x_wconf 80' lang='grc' dir='ltr'>Ἀκρα</span> <span class='ocrx_word' id='word_1_181' title='bbox 3328 1313 3382 1364; x_wconf 81' lang='grc' dir='ltr'>δὲ</span> <span class='ocrx_word' id='word_1_182' title='bbox 3415 1314 3560 1381; x_wconf 84' lang='grc' dir='ltr'>λέγει</span> <span class='ocrx_word' id='word_1_183' title='bbox 3612 1317 3678 1368; x_wconf 85' lang='grc' dir='ltr'><strong>τά</strong></span> <span class='ocrx_word' id='word_1_184' title='bbox 3710 1318 3818 1370; x_wconf 85' lang='grc' dir='ltr'><strong>τῶν</strong></span> <span class='ocrx_word' id='word_1_185' title='bbox 3853 1337 3997 1373; x_wconf 82' lang='grc' dir='ltr'>στοι-</span> 
     </span>
    </p>
   </div>
   <div class='ocr_carea' id='block_1_29' title="bbox 2422 1393 3995 1475">
    <p class='ocr_par' dir='ltr' id='par_1_29' title="bbox 2422 1393 3995 1475">
     <span class='ocr_line' id='line_1_29' title="bbox 2422 1393 3995 1475; baseline 0.01 -30"><span class='ocrx_word' id='word_1_186' title='bbox 2422 1393 2582 1463; x_wconf 88' lang='grc' dir='ltr'>χείων</span> <span class='ocrx_word' id='word_1_187' title='bbox 2619 1396 2833 1466; x_wconf 81' lang='grc' dir='ltr'>ἑμμεσα</span> <span class='ocrx_word' id='word_1_188' title='bbox 2853 1437 2866 1460; x_wconf 92' lang='grc'><strong>,</strong></span> <span class='ocrx_word' id='word_1_189' title='bbox 2901 1399 2996 1469; x_wconf 83' lang='grc' dir='ltr'><strong>τὴν</strong></span> <span class='ocrx_word' id='word_1_190' title='bbox 3019 1399 3138 1468; x_wconf 81' lang='grc' dir='ltr'>γῆν,</span> <span class='ocrx_word' id='word_1_191' title='bbox 3168 1400 3257 1452; x_wconf 81' lang='grc' dir='ltr'><strong>τὸν</strong></span> <span class='ocrx_word' id='word_1_192' title='bbox 3281 1401 3448 1472; x_wconf 82' lang='grc' dir='ltr'>ἀέρα,</span> <span class='ocrx_word' id='word_1_193' title='bbox 3484 1403 3544 1454; x_wconf 83' lang='grc' dir='ltr'><strong>τὸ</strong></span> <span class='ocrx_word' id='word_1_194' title='bbox 3577 1403 3737 1475; x_wconf 76' lang='grc' dir='ltr'>ὕδωρ,</span> <span class='ocrx_word' id='word_1_195' title='bbox 3776 1408 3869 1458; x_wconf 82' lang='grc' dir='ltr'>καὶ</span> <span class='ocrx_word' id='word_1_196' title='bbox 3901 1408 3995 1460; x_wconf 70' lang='grc' dir='ltr'><strong>τὸν</strong></span> 
     </span>
    </p>
   </div>
   <div class='ocr_carea' id='block_1_30' title="bbox 2421 1483 3993 1556">
    <p class='ocr_par' dir='ltr' id='par_1_30' title="bbox 2421 1483 3993 1556">
     <span class='ocr_line' id='line_1_30' title="bbox 2421 1483 3993 1556; baseline 0.009 -21"><span class='ocrx_word' id='word_1_197' title='bbox 2421 1483 2644 1554; x_wconf 83' lang='grc' dir='ltr'>αἰθέρα,</span> <span class='ocrx_word' id='word_1_198' title='bbox 2682 1486 2821 1556; x_wconf 77' lang='grc' dir='ltr'>ἅπερ</span> <span class='ocrx_word' id='word_1_199' title='bbox 2873 1489 2977 1540; x_wconf 75' lang='grc' dir='ltr'>εἰσὶ</span> <span class='ocrx_word' id='word_1_200' title='bbox 3027 1490 3120 1541; x_wconf 76' lang='grc' dir='ltr'><strong>καὶ</strong></span> <span class='ocrx_word' id='word_1_201' title='bbox 3168 1489 3306 1542; x_wconf 81' lang='grc' dir='ltr'><strong>κατά</strong></span> <span class='ocrx_word' id='word_1_202' title='bbox 3353 1491 3529 1543; x_wconf 80' lang='grc' dir='ltr'>πάντα</span> <span class='ocrx_word' id='word_1_203' title='bbox 3563 1494 3797 1546; x_wconf 76' lang='grc' dir='ltr'>ἐναντία.</span> <span class='ocrx_word' id='word_1_204' title='bbox 3833 1496 3993 1549; x_wconf 82' lang='grc' dir='ltr'>Μέσοι</span> 
     </span>
    </p>
   </div>
   <div class='ocr_carea' id='block_1_31' title="bbox 2419 1563 3993 1653">
    <p class='ocr_par' dir='ltr' id='par_1_31' title="bbox 2419 1563 3993 1653">
     <span class='ocr_line' id='line_1_31' title="bbox 2419 1563 3993 1653; baseline 0.007 -26"><span class='ocrx_word' id='word_1_205' title='bbox 2419 1575 2475 1627; x_wconf 87' lang='grc' dir='ltr'>δὲ</span> <span class='ocrx_word' id='word_1_206' title='bbox 2499 1563 2521 1638; x_wconf 75' lang='grc'>,’</span> <span class='ocrx_word' id='word_1_207' title='bbox 2547 1576 2650 1645; x_wconf 80' lang='grc' dir='ltr'><strong>γῆς</strong></span> <span class='ocrx_word' id='word_1_208' title='bbox 2687 1577 2784 1646; x_wconf 83' lang='grc' dir='ltr'><strong>μὲν</strong></span> <span class='ocrx_word' id='word_1_209' title='bbox 2819 1579 2910 1631; x_wconf 71' lang='grc' dir='ltr'>καὶ</span> <span class='ocrx_word' id='word_1_210' title='bbox 2942 1579 3101 1649; x_wconf 83' lang='grc' dir='ltr'>ἀέρος</span> <span class='ocrx_word' id='word_1_211' title='bbox 3134 1580 3194 1632; x_wconf 84' lang='grc' dir='ltr'><strong>τὸ</strong></span> <span class='ocrx_word' id='word_1_212' title='bbox 3227 1579 3388 1653; x_wconf 77' lang='grc' dir='ltr'>ὕδωρ,</span> <span class='ocrx_word' id='word_1_213' title='bbox 3437 1584 3506 1653; x_wconf 80' lang='grc' dir='ltr'>γῇ</span> <span class='ocrx_word' id='word_1_214' title='bbox 3557 1585 3654 1653; x_wconf 82' lang='grc' dir='ltr'><strong>μὲν</strong></span> <span class='ocrx_word' id='word_1_215' title='bbox 3703 1586 3993 1640; x_wconf 76' lang='grc' dir='ltr'>κοινωνοῦν</span> 
     </span>
    </p>
   </div>
   <div class='ocr_carea' id='block_1_32' title="bbox 2419 1667 3992 1744">
    <p class='ocr_par' dir='ltr' id='par_1_32' title="bbox 2419 1667 3992 1744">
     <span class='ocr_line' id='line_1_32' title="bbox 2419 1667 3992 1744; baseline 0.008 -25"><span class='ocrx_word' id='word_1_216' title='bbox 2419 1667 2496 1738; x_wconf 85' lang='grc' dir='ltr'>τῷ</span> <span class='ocrx_word' id='word_1_217' title='bbox 2526 1669 2746 1740; x_wconf 76' lang='grc' dir='ltr'>ψυχρῷ,</span> <span class='ocrx_word' id='word_1_218' title='bbox 2784 1671 2903 1741; x_wconf 86' lang='grc' dir='ltr'>ἀέρι</span> <span class='ocrx_word' id='word_1_219' title='bbox 2935 1671 2993 1724; x_wconf 87' lang='grc' dir='ltr'>δὲ</span> <span class='ocrx_word' id='word_1_220' title='bbox 3023 1672 3100 1741; x_wconf 84' lang='grc' dir='ltr'>τῷ</span> <span class='ocrx_word' id='word_1_221' title='bbox 3134 1672 3314 1744; x_wconf 73' lang='grc' dir='ltr'>ὑγρῴσ</span> <span class='ocrx_word' id='word_1_222' title='bbox 3353 1675 3445 1727; x_wconf 78' lang='grc' dir='ltr'><strong>καὶ</strong></span> <span class='ocrx_word' id='word_1_223' title='bbox 3479 1674 3635 1729; x_wconf 81' lang='grc' dir='ltr'>πάλιν</span> <span class='ocrx_word' id='word_1_224' title='bbox 3668 1676 3762 1729; x_wconf 80' lang='grc' dir='ltr'>τοῦ</span> <span class='ocrx_word' id='word_1_225' title='bbox 3797 1677 3992 1742; x_wconf 80' lang='grc' dir='ltr'>ὓδατος</span> 
     </span>
    </p>
   </div>
   <div class='ocr_carea' id='block_1_33' title="bbox 2421 1759 3985 1838">
    <p class='ocr_par' dir='ltr' id='par_1_33' title="bbox 2421 1759 3985 1838">
     <span class='ocr_line' id='line_1_33' title="bbox 2421 1759 3985 1838; baseline 0.006 -27"><span class='ocrx_word' id='word_1_226' title='bbox 2421 1761 2514 1812; x_wconf 74' lang='grc' dir='ltr'><strong>καὶ</strong></span> <span class='ocrx_word' id='word_1_227' title='bbox 2544 1759 2635 1812; x_wconf 81' lang='grc' dir='ltr'>τοῦ</span> <span class='ocrx_word' id='word_1_228' title='bbox 2670 1761 2882 1833; x_wconf 85' lang='grc' dir='ltr'>αἰθέρος</span> <span class='ocrx_word' id='word_1_229' title='bbox 2914 1765 3040 1834; x_wconf 81' lang='grc' dir='ltr'>ἀὴρ,</span> <span class='ocrx_word' id='word_1_230' title='bbox 3078 1763 3226 1816; x_wconf 75' lang='grc' dir='ltr'>ὕδατι</span> <span class='ocrx_word' id='word_1_231' title='bbox 3275 1765 3370 1834; x_wconf 83' lang='grc' dir='ltr'><strong>μὲν</strong></span> <span class='ocrx_word' id='word_1_232' title='bbox 3404 1767 3668 1819; x_wconf 77' lang='grc' dir='ltr'>κοινωνῶν</span> <span class='ocrx_word' id='word_1_233' title='bbox 3699 1767 3774 1836; x_wconf 79' lang='grc' dir='ltr'>τῷ</span> <span class='ocrx_word' id='word_1_234' title='bbox 3809 1768 3985 1838; x_wconf 81' lang='grc' dir='ltr'>ὑγρῷ,</span> 
     </span>
    </p>
   </div>
   <div class='ocr_carea' id='block_1_34' title="bbox 761 1848 2410 1928">
    <p class='ocr_par' dir='ltr' id='par_1_34' title="bbox 761 1848 2388 1927">
     <span class='ocr_line' id='line_1_34' title="bbox 761 1848 2388 1927; baseline 0.002 -17"><span class='ocrx_word' id='word_1_235' title='bbox 761 1858 861 1912; x_wconf 91' lang='lat' dir='ltr'><strong>ria.</strong></span> <span class='ocrx_word' id='word_1_236' title='bbox 913 1859 1085 1913; x_wconf 75' lang='lat' dir='ltr'><strong>Media.</strong></span> <span class='ocrx_word' id='word_1_237' title='bbox 1133 1871 1334 1926; x_wconf 79' lang='lat' dir='ltr'><strong>autem,</strong></span> <span class='ocrx_word' id='word_1_238' title='bbox 1374 1863 1514 1915; x_wconf 88' lang='lat' dir='ltr'><strong>inter</strong></span> <span class='ocrx_word' id='word_1_239' title='bbox 1548 1872 1747 1916; x_wconf 85' lang='lat' dir='ltr'><strong>terram</strong></span> <span class='ocrx_word' id='word_1_240' title='bbox 1798 1861 2004 1916; x_wconf 88' lang='lat' dir='ltr'><strong>scilicet</strong></span> <span class='ocrx_word' id='word_1_241' title='bbox 2028 1869 2083 1914; x_wconf 90' lang='lat' dir='ltr'><strong>et</strong></span> <span class='ocrx_word' id='word_1_242' title='bbox 2111 1876 2312 1927; x_wconf 88' lang='lat' dir='ltr'><strong>acrem,</strong></span> <span class='ocrx_word' id='word_1_243' title='bbox 2347 1848 2388 1906; x_wconf 80' lang='grc' dir='ltr'><strong>Β</strong></span> 
     </span>
    </p>
   </div>
   <div class='ocr_carea' id='block_1_35' title="bbox 2337 1848 3986 1928">
    <p class='ocr_par' dir='ltr' id='par_1_35' title="bbox 2347 1848 3986 1928">
     <span class='ocr_line' id='line_1_35' title="bbox 2347 1848 3986 1928; baseline 0.005 -23"><span class='ocrx_word' id='word_1_244' title='bbox 2347 1848 2388 1906; x_wconf 83' lang='grc' dir='ltr'><strong>Β</strong></span> <span class='ocrx_word' id='word_1_245' title='bbox 2417 1851 2591 1922; x_wconf 83' lang='grc' dir='ltr'>αἰθέρι</span> <span class='ocrx_word' id='word_1_246' title='bbox 2624 1851 2679 1903; x_wconf 82' lang='grc' dir='ltr'>δὲ</span> <span class='ocrx_word' id='word_1_247' title='bbox 2712 1851 2788 1921; x_wconf 78' lang='grc' dir='ltr'>τῷ</span> <span class='ocrx_word' id='word_1_248' title='bbox 2821 1853 3023 1924; x_wconf 82' lang='grc' dir='ltr'>θερμῷ.</span> <span class='ocrx_word' id='word_1_249' title='bbox 3075 1854 3220 1926; x_wconf 73' lang='grc' dir='ltr'>Αὕτη</span> <span class='ocrx_word' id='word_1_250' title='bbox 3284 1857 3376 1909; x_wconf 78' lang='grc' dir='ltr'><strong>καὶ</strong></span> <span class='ocrx_word' id='word_1_251' title='bbox 3426 1861 3544 1920; x_wconf 89' lang='grc' dir='ltr'>ταῖς</span> <span class='ocrx_word' id='word_1_252' title='bbox 3589 1861 3842 1928; x_wconf 80' lang='grc' dir='ltr'>ἐσχάταις</span> <span class='ocrx_word' id='word_1_253' title='bbox 3887 1863 3986 1914; x_wconf 82' lang='grc' dir='ltr'>τοῦ</span> 
     </span>
    </p>
   </div>
   <div class='ocr_carea' id='block_1_36' title="bbox 758 1952 2309 2020">
    <p class='ocr_par' dir='ltr' id='par_1_36' title="bbox 758 1952 2309 2020">
     <span class='ocr_line' id='line_1_36' title="bbox 758 1952 2309 2020; baseline 0.003 -19"><span class='ocrx_word' id='word_1_254' title='bbox 758 1964 920 2017; x_wconf 68' lang='lat' dir='ltr'><strong>aqua;</strong></span> <span class='ocrx_word' id='word_1_255' title='bbox 948 1965 1066 2017; x_wconf 68' lang='lat' dir='ltr'><strong>quae</strong></span> <span class='ocrx_word' id='word_1_256' title='bbox 1088 1966 1209 2004; x_wconf 90' lang='lat' dir='ltr'><strong>cmn</strong></span> <span class='ocrx_word' id='word_1_257' title='bbox 1237 1961 1381 2005; x_wconf 87' lang='lat' dir='ltr'><strong>terra</strong></span> <span class='ocrx_word' id='word_1_258' title='bbox 1418 1953 1633 2020; x_wconf 90' lang='lat' dir='ltr'><strong>quidem</strong></span> <span class='ocrx_word' id='word_1_259' title='bbox 1709 1952 2069 2006; x_wconf 88' lang='lat' dir='ltr'><strong>communicat</strong></span> <span class='ocrx_word' id='word_1_260' title='bbox 2109 1953 2309 2020; x_wconf 85' lang='lat' dir='ltr'><strong>rigore,</strong></span> 
     </span>
    </p>
   </div>
   <div class='ocr_carea' id='block_1_37' title="bbox 756 2042 2309 2111">
    <p class='ocr_par' dir='ltr' id='par_1_37' title="bbox 756 2042 2309 2111">
     <span class='ocr_line' id='line_1_37' title="bbox 756 2042 2309 2111; baseline 0 -17"><span class='ocrx_word' id='word_1_261' title='bbox 756 2056 879 2094; x_wconf 90' lang='lat' dir='ltr'><strong>cum</strong></span> <span class='ocrx_word' id='word_1_262' title='bbox 912 2055 1037 2094; x_wconf 83' lang='lat' dir='ltr'><strong>aere</strong></span> <span class='ocrx_word' id='word_1_263' title='bbox 1063 2055 1190 2095; x_wconf 86' lang='lat' dir='ltr'><strong>vero</strong></span> <span class='ocrx_word' id='word_1_264' title='bbox 1220 2042 1542 2097; x_wconf 87' lang='lat' dir='ltr'><strong>bumiditate</strong></span> <span class='ocrx_word' id='word_1_265' title='bbox 1567 2063 1579 2097; x_wconf 90' lang='lat'><strong>:</strong></span> <span class='ocrx_word' id='word_1_266' title='bbox 1602 2050 1656 2096; x_wconf 85' lang='lat' dir='ltr'><strong>et</strong></span> <span class='ocrx_word' id='word_1_267' title='bbox 1689 2058 1902 2097; x_wconf 89' lang='lat' dir='ltr'><strong>rursum</strong></span> <span class='ocrx_word' id='word_1_268' title='bbox 1953 2043 2092 2096; x_wconf 88' lang='lat' dir='ltr'><strong>inter</strong></span> <span class='ocrx_word' id='word_1_269' title='bbox 2117 2058 2309 2111; x_wconf 90' lang='lat' dir='ltr'><strong>aquam</strong></span> 
     </span>
    </p>
   </div>
   <div class='ocr_carea' id='block_1_38' title="bbox 755 2133 2309 2203">
    <p class='ocr_par' dir='ltr' id='par_1_38' title="bbox 755 2133 2309 2203">
     <span class='ocr_line' id='line_1_38' title="bbox 755 2133 2309 2203; baseline 0.003 -21"><span class='ocrx_word' id='word_1_270' title='bbox 755 2139 811 2182; x_wconf 89' lang='lat' dir='ltr'><strong>et</strong></span> <span class='ocrx_word' id='word_1_271' title='bbox 850 2133 1054 2184; x_wconf 74' lang='lat' dir='ltr'><strong>aethera</strong></span> <span class='ocrx_word' id='word_1_272' title='bbox 1108 2133 1320 2186; x_wconf 89' lang='lat' dir='ltr'><strong>medius</strong></span> <span class='ocrx_word' id='word_1_273' title='bbox 1349 2141 1431 2186; x_wconf 90' lang='lat' dir='ltr'><strong>est</strong></span> <span class='ocrx_word' id='word_1_274' title='bbox 1464 2148 1579 2198; x_wconf 86' lang='lat' dir='ltr'><strong>aer,</strong></span> <span class='ocrx_word' id='word_1_275' title='bbox 1613 2135 1701 2202; x_wconf 91' lang='lat' dir='ltr'><strong>qui</strong></span> <span class='ocrx_word' id='word_1_276' title='bbox 1750 2149 1872 2188; x_wconf 91' lang='lat' dir='ltr'><strong>cum</strong></span> <span class='ocrx_word' id='word_1_277' title='bbox 1917 2149 2054 2203; x_wconf 90' lang='lat' dir='ltr'><strong>aqua</strong></span> <span class='ocrx_word' id='word_1_278' title='bbox 2097 2135 2309 2202; x_wconf 86' lang='lat' dir='ltr'><strong>quidem</strong></span> 
     </span>
    </p>
   </div>
   <div class='ocr_carea' id='block_1_39' title="bbox 755 2223 2307 2287">
    <p class='ocr_par' dir='ltr' id='par_1_39' title="bbox 755 2223 2307 2287">
     <span class='ocr_line' id='line_1_39' title="bbox 755 2223 2307 2287; baseline 0.003 -14"><span class='ocrx_word' id='word_1_279' title='bbox 755 2223 1118 2276; x_wconf 85' lang='lat' dir='ltr'><strong>communicat</strong></span> <span class='ocrx_word' id='word_1_280' title='bbox 1158 2223 1500 2287; x_wconf 89' lang='lat' dir='ltr'><strong>humiditate,</strong></span> <span class='ocrx_word' id='word_1_281' title='bbox 1535 2239 1656 2277; x_wconf 92' lang='lat' dir='ltr'><strong>cum</strong></span> <span class='ocrx_word' id='word_1_282' title='bbox 1707 2226 1911 2279; x_wconf 73' lang='lat' dir='ltr'><strong>aethere</strong></span> <span class='ocrx_word' id='word_1_283' title='bbox 1943 2241 2068 2280; x_wconf 91' lang='lat' dir='ltr'><strong>vero</strong></span> <span class='ocrx_word' id='word_1_284' title='bbox 2109 2227 2307 2280; x_wconf 88' lang='lat' dir='ltr'><strong>calore.</strong></span> 
     </span>
    </p>
   </div>
   <div class='ocr_carea' id='block_1_40' title="bbox 754 2309 2306 2386">
    <p class='ocr_par' dir='ltr' id='par_1_40' title="bbox 754 2309 2306 2386">
     <span class='ocr_line' id='line_1_40' title="bbox 754 2309 2306 2386; baseline 0.004 -22"><span class='ocrx_word' id='word_1_285' title='bbox 754 2309 879 2365; x_wconf 67' lang='lat' dir='ltr'><strong>Haac</strong></span> <span class='ocrx_word' id='word_1_286' title='bbox 905 2314 1065 2366; x_wconf 89' lang='lat' dir='ltr'><strong>etiam</strong></span> <span class='ocrx_word' id='word_1_287' title='bbox 1096 2315 1360 2370; x_wconf 77' lang='lat' dir='ltr'><strong>extremis</strong></span> <span class='ocrx_word' id='word_1_288' title='bbox 1388 2316 1629 2370; x_wconf 90' lang='lat' dir='ltr'><strong>universi</strong></span> <span class='ocrx_word' id='word_1_289' title='bbox 1685 2317 1900 2380; x_wconf 83' lang='lat' dir='ltr'><strong>ﬁnibus,</strong></span> <span class='ocrx_word' id='word_1_290' title='bbox 1932 2319 2022 2386; x_wconf 93' lang='lat' dir='ltr'><strong>qni</strong></span> <span class='ocrx_word' id='word_1_291' title='bbox 2056 2328 2182 2372; x_wconf 79' lang='lat' dir='ltr'><strong>sunt</strong></span> <span class='ocrx_word' id='word_1_292' title='bbox 2223 2319 2306 2370; x_wconf 88' lang='lat' dir='ltr'><strong>in-</strong></span> 
     </span>
    </p>
   </div>
   <div class='ocr_carea' id='block_1_41' title="bbox 753 2403 2309 2475">
    <p class='ocr_par' dir='ltr' id='par_1_41' title="bbox 753 2403 2309 2475">
     <span class='ocr_line' id='line_1_41' title="bbox 753 2403 2309 2475; baseline 0.004 -22"><span class='ocrx_word' id='word_1_293' title='bbox 753 2403 962 2457; x_wconf 84' lang='lat' dir='ltr'><strong>animes</strong></span> <span class='ocrx_word' id='word_1_294' title='bbox 992 2406 1331 2471; x_wconf 62' lang='lat' dir='ltr'><strong>substantiae,</strong></span> <span class='ocrx_word' id='word_1_295' title='bbox 1403 2407 1456 2458; x_wconf 90' lang='lat' dir='ltr'><strong>in</strong></span> <span class='ocrx_word' id='word_1_296' title='bbox 1491 2406 1689 2475; x_wconf 90' lang='lat' dir='ltr'><strong>quibus</strong></span> <span class='ocrx_word' id='word_1_297' title='bbox 1718 2407 1894 2461; x_wconf 87' lang='lat' dir='ltr'><strong>nullus</strong></span> <span class='ocrx_word' id='word_1_298' title='bbox 1922 2417 2098 2462; x_wconf 89' lang='lat' dir='ltr'><strong>motus</strong></span> <span class='ocrx_word' id='word_1_299' title='bbox 2127 2422 2309 2460; x_wconf 89' lang='lat' dir='ltr'><strong>accre-</strong></span> 
     </span>
    </p>
   </div>
   <div class='ocr_carea' id='block_1_42' title="bbox 754 2494 2304 2560">
    <p class='ocr_par' dir='ltr' id='par_1_42' title="bbox 754 2494 2304 2560">
     <span class='ocr_line' id='line_1_42' title="bbox 754 2494 2304 2560; baseline 0.002 -14"><span class='ocrx_word' id='word_1_300' title='bbox 754 2494 916 2550; x_wconf 91' lang='lat' dir='ltr'><strong>tionis</strong></span> <span class='ocrx_word' id='word_1_301' title='bbox 969 2504 1059 2548; x_wconf 88' lang='lat' dir='ltr'><strong>aut</strong></span> <span class='ocrx_word' id='word_1_302' title='bbox 1105 2495 1420 2551; x_wconf 90' lang='lat' dir='ltr'><strong>nutritionis</strong></span> <span class='ocrx_word' id='word_1_303' title='bbox 1474 2507 1569 2551; x_wconf 88' lang='lat' dir='ltr'><strong>aut</strong></span> <span class='ocrx_word' id='word_1_304' title='bbox 1624 2497 1854 2550; x_wconf 90' lang='lat' dir='ltr'><strong>aliorum</strong></span> <span class='ocrx_word' id='word_1_305' title='bbox 1908 2499 2304 2560; x_wconf 84' lang='lat' dir='ltr'><strong>consideratur,</strong></span> 
     </span>
    </p>
   </div>
   <div class='ocr_carea' id='block_1_43' title="bbox 749 2581 2306 2656">
    <p class='ocr_par' dir='ltr' id='par_1_43' title="bbox 749 2581 2306 2656">
     <span class='ocr_line' id='line_1_43' title="bbox 749 2581 2306 2656; baseline 0.004 -24"><span class='ocrx_word' id='word_1_306' title='bbox 749 2581 1046 2635; x_wconf 88' lang='lat' dir='ltr'><strong>amicitiam</strong></span> <span class='ocrx_word' id='word_1_307' title='bbox 1098 2584 1361 2652; x_wconf 91' lang='lat' dir='ltr'><strong>impertit,</strong></span> <span class='ocrx_word' id='word_1_308' title='bbox 1415 2587 1708 2653; x_wconf 83' lang='lat' dir='ltr'><strong>omniaque</strong></span> <span class='ocrx_word' id='word_1_309' title='bbox 1756 2601 2011 2656; x_wconf 85' lang='lat' dir='ltr'><strong>germana</strong></span> <span class='ocrx_word' id='word_1_310' title='bbox 2047 2587 2217 2640; x_wconf 84' lang='lat' dir='ltr'><strong>reddit</strong></span> <span class='ocrx_word' id='word_1_311' title='bbox 2254 2596 2306 2639; x_wconf 88' lang='lat' dir='ltr'><strong>et</strong></span> 
     </span>
    </p>
   </div>
   <div class='ocr_carea' id='block_1_44' title="bbox 747 2675 2302 2744">
    <p class='ocr_par' dir='ltr' id='par_1_44' title="bbox 747 2675 2302 2744">
     <span class='ocr_line' id='line_1_44' title="bbox 747 2675 2302 2744; baseline 0.005 -19"><span class='ocrx_word' id='word_1_312' title='bbox 747 2684 995 2739; x_wconf 78' lang='lat' dir='ltr'><strong>cognata,</strong></span> <span class='ocrx_word' id='word_1_313' title='bbox 1048 2675 1098 2728; x_wconf 91' lang='lat' dir='ltr'><strong>in</strong></span> <span class='ocrx_word' id='word_1_314' title='bbox 1154 2689 1410 2744; x_wconf 92' lang='lat' dir='ltr'><strong>quantum</strong></span> <span class='ocrx_word' id='word_1_315' title='bbox 1444 2693 1508 2731; x_wconf 88' lang='lat' dir='ltr'><strong>ex</strong></span> <span class='ocrx_word' id='word_1_316' title='bbox 1548 2679 1657 2731; x_wconf 88' lang='lat' dir='ltr'><strong>Deo</strong></span> <span class='ocrx_word' id='word_1_317' title='bbox 1703 2679 1884 2732; x_wconf 92' lang='lat' dir='ltr'><strong>omnia</strong></span> <span class='ocrx_word' id='word_1_318' title='bbox 1929 2690 1982 2732; x_wconf 90' lang='lat' dir='ltr'><strong>et</strong></span> <span class='ocrx_word' id='word_1_319' title='bbox 2029 2679 2091 2732; x_wconf 90' lang='lat' dir='ltr'><strong>ad</strong></span> <span class='ocrx_word' id='word_1_320' title='bbox 2137 2679 2302 2732; x_wconf 88' lang='lat' dir='ltr'><strong>Deum</strong></span> 
     </span>
    </p>
   </div>
   <div class='ocr_carea' id='block_1_45' title="bbox 747 2769 2304 2839">
    <p class='ocr_par' dir='ltr' id='par_1_45' title="bbox 747 2769 2304 2839">
     <span class='ocr_line' id='line_1_45' title="bbox 747 2769 2304 2839; baseline 0.004 -23"><span class='ocrx_word' id='word_1_321' title='bbox 747 2774 1174 2819; x_wconf 87' lang='lat' dir='ltr'><strong>convertuntur:</strong></span> <span class='ocrx_word' id='word_1_322' title='bbox 1225 2769 1304 2821; x_wconf 90' lang='lat' dir='ltr'><strong>sic</strong></span> <span class='ocrx_word' id='word_1_323' title='bbox 1346 2769 1489 2821; x_wconf 88' lang='lat' dir='ltr'><strong>enim</strong></span> <span class='ocrx_word' id='word_1_324' title='bbox 1537 2769 1700 2822; x_wconf 85' lang='lat' dir='ltr'><strong>etiam</strong></span> <span class='ocrx_word' id='word_1_325' title='bbox 1747 2770 2039 2837; x_wconf 88' lang='lat' dir='ltr'><strong>Apostolus</strong></span> <span class='ocrx_word' id='word_1_326' title='bbox 2081 2770 2304 2839; x_wconf 86' lang='lat' dir='ltr'><strong>antiquo</strong></span> 
     </span>
    </p>
   </div>
   <div class='ocr_carea' id='block_1_46' title="bbox 747 2855 2303 2926">
    <p class='ocr_par' dir='ltr' id='par_1_46' title="bbox 747 2855 2303 2926">
     <span class='ocr_line' id='line_1_46' title="bbox 747 2855 2303 2926; baseline 0.005 -18"><span class='ocrx_word' id='word_1_327' title='bbox 747 2855 891 2909; x_wconf 87' lang='lat' dir='ltr'><strong>dicto</strong></span> <span class='ocrx_word' id='word_1_328' title='bbox 927 2873 1058 2911; x_wconf 90' lang='lat' dir='ltr'><strong>usus</strong></span> <span class='ocrx_word' id='word_1_329' title='bbox 1084 2869 1186 2920; x_wconf 89' lang='lat' dir='ltr'><strong>est,</strong></span> <span class='ocrx_word' id='word_1_330' title='bbox 1221 2856 1398 2926; x_wconf 73' lang='lat' dir='ltr'><strong>Ipsius</strong></span> <span class='ocrx_word' id='word_1_331' title='bbox 1441 2860 1576 2912; x_wconf 83' lang='lat' dir='ltr'><strong>enim</strong></span> <span class='ocrx_word' id='word_1_332' title='bbox 1615 2869 1663 2911; x_wconf 77' lang='lat' dir='ltr'><strong>et</strong></span> <span class='ocrx_word' id='word_1_333' title='bbox 1689 2876 1848 2925; x_wconf 76' lang='lat' dir='ltr'><strong>genus</strong></span> <span class='ocrx_word' id='word_1_334' title='bbox 1881 2877 2059 2914; x_wconf 74' lang='lat' dir='ltr'><strong>sumus</strong></span> <span class='ocrx_word' id='word_1_335' title='bbox 2085 2871 2132 2912; x_wconf 73' lang='grc' dir='ltr'><strong>ς.</strong></span> <span class='ocrx_word' id='word_1_336' title='bbox 2163 2860 2303 2916; x_wconf 87' lang='lat' dir='ltr'><strong>Dicit</strong></span> 
     </span>
    </p>
   </div>
   <div class='ocr_carea' id='block_1_47' title="bbox 746 2951 2300 3018">
    <p class='ocr_par' dir='ltr' id='par_1_47' title="bbox 746 2951 2300 3018">
     <span class='ocr_line' id='line_1_47' title="bbox 746 2951 2300 3018; baseline 0.006 -22"><span class='ocrx_word' id='word_1_337' title='bbox 746 2956 923 3000; x_wconf 88' lang='lat' dir='ltr'><strong>autem</strong></span> <span class='ocrx_word' id='word_1_338' title='bbox 988 2963 1206 3002; x_wconf 88' lang='lat' dir='ltr'><strong>causam</strong></span> <span class='ocrx_word' id='word_1_339' title='bbox 1260 2951 1555 3003; x_wconf 86' lang='lat' dir='ltr'><strong>secundum</strong></span> <span class='ocrx_word' id='word_1_340' title='bbox 1607 2966 1768 3018; x_wconf 88' lang='lat' dir='ltr'><strong>quam</strong></span> <span class='ocrx_word' id='word_1_341' title='bbox 1818 2953 1995 3004; x_wconf 90' lang='lat' dir='ltr'><strong>omnia</strong></span> <span class='ocrx_word' id='word_1_342' title='bbox 2045 2963 2171 3006; x_wconf 90' lang='lat' dir='ltr'><strong>sunt</strong></span> <span class='ocrx_word' id='word_1_343' title='bbox 2211 2969 2300 3006; x_wconf 82' lang='lat' dir='ltr'><strong>co-</strong></span> 
     </span>
    </p>
   </div>
   <div class='ocr_carea' id='block_1_48' title="bbox 743 3039 2300 3107">
    <p class='ocr_par' dir='ltr' id='par_1_48' title="bbox 743 3039 2300 3107">
     <span class='ocr_line' id='line_1_48' title="bbox 743 3039 2300 3107; baseline 0.005 -19"><span class='ocrx_word' id='word_1_344' title='bbox 743 3047 929 3107; x_wconf 84' lang='lat' dir='ltr'><strong>gnata,</strong></span> <span class='ocrx_word' id='word_1_345' title='bbox 966 3039 1295 3092; x_wconf 87' lang='lat' dir='ltr'><strong>intellectilia</strong></span> <span class='ocrx_word' id='word_1_346' title='bbox 1335 3039 1588 3092; x_wconf 87' lang='lat' dir='ltr'><strong>videlicet</strong></span> <span class='ocrx_word' id='word_1_347' title='bbox 1630 3040 1952 3104; x_wconf 91' lang='lat' dir='ltr'><strong>nnitatibus,</strong></span> <span class='ocrx_word' id='word_1_348' title='bbox 2005 3040 2056 3094; x_wconf 89' lang='lat' dir='ltr'><strong>id</strong></span> <span class='ocrx_word' id='word_1_349' title='bbox 2093 3052 2174 3095; x_wconf 90' lang='lat' dir='ltr'><strong>est</strong></span> <span class='ocrx_word' id='word_1_350' title='bbox 2217 3057 2300 3096; x_wconf 83' lang='lat' dir='ltr'><strong>se-</strong></span> 
     </span>
    </p>
   </div>
   <div class='ocr_carea' id='block_1_49' title="bbox 743 3129 2297 3201">
    <p class='ocr_par' dir='ltr' id='par_1_49' title="bbox 743 3129 2297 3201">
     <span class='ocr_line' id='line_1_49' title="bbox 743 3129 2297 3201; baseline 0.004 -20"><span class='ocrx_word' id='word_1_351' title='bbox 743 3130 976 3181; x_wconf 89' lang='lat' dir='ltr'><strong>cundum</strong></span> <span class='ocrx_word' id='word_1_352' title='bbox 1007 3129 1059 3183; x_wconf 87' lang='lat' dir='ltr'><strong>id</strong></span> <span class='ocrx_word' id='word_1_353' title='bbox 1083 3129 1224 3197; x_wconf 88' lang='lat' dir='ltr'><strong>quod</strong></span> <span class='ocrx_word' id='word_1_354' title='bbox 1259 3130 1309 3182; x_wconf 91' lang='lat' dir='ltr'><strong>in</strong></span> <span class='ocrx_word' id='word_1_355' title='bbox 1345 3129 1476 3198; x_wconf 89' lang='lat' dir='ltr'><strong>ipsis</strong></span> <span class='ocrx_word' id='word_1_356' title='bbox 1504 3129 1630 3198; x_wconf 90' lang='lat' dir='ltr'><strong>quid</strong></span> <span class='ocrx_word' id='word_1_357' title='bbox 1664 3145 1827 3182; x_wconf 91' lang='lat' dir='ltr'><strong>unum</strong></span> <span class='ocrx_word' id='word_1_358' title='bbox 1859 3140 1915 3183; x_wconf 92' lang='lat' dir='ltr'><strong>et</strong></span> <span class='ocrx_word' id='word_1_359' title='bbox 1938 3131 2162 3201; x_wconf 76' lang='lat' dir='ltr'><strong>simplex</strong></span> <span class='ocrx_word' id='word_1_360' title='bbox 2193 3142 2297 3198; x_wconf 85' lang='lat' dir='ltr'><strong>est,</strong></span> 
     </span>
    </p>
   </div>
   <div class='ocr_carea' id='block_1_50' title="bbox 740 3220 2299 3286">
    <p class='ocr_par' dir='ltr' id='par_1_50' title="bbox 740 3220 2299 3286">
     <span class='ocr_line' id='line_1_50' title="bbox 740 3220 2299 3286; baseline 0.002 -12"><span class='ocrx_word' id='word_1_361' title='bbox 740 3229 794 3274; x_wconf 91' lang='lat' dir='ltr'><strong>et</strong></span> <span class='ocrx_word' id='word_1_362' title='bbox 839 3224 1133 3274; x_wconf 87' lang='lat' dir='ltr'><strong>secundmn</strong></span> <span class='ocrx_word' id='word_1_363' title='bbox 1190 3220 1625 3274; x_wconf 86' lang='lat' dir='ltr'><strong>immortalitatis</strong></span> <span class='ocrx_word' id='word_1_364' title='bbox 1661 3220 2027 3286; x_wconf 87' lang='lat' dir='ltr'><strong>identitatem;</strong></span> <span class='ocrx_word' id='word_1_365' title='bbox 2083 3223 2299 3277; x_wconf 86' lang='lat' dir='ltr'><strong>sensilia</strong></span> 
     </span>
    </p>
   </div>
   <div class='ocr_carea' id='block_1_51' title="bbox 739 3310 2301 3375">
    <p class='ocr_par' dir='ltr' id='par_1_51' title="bbox 739 3310 2301 3375">
     <span class='ocr_line' id='line_1_51' title="bbox 739 3310 2301 3375; baseline 0.003 -12"><span class='ocrx_word' id='word_1_366' title='bbox 739 3323 805 3363; x_wconf 86' lang='lat' dir='ltr'><strong>ex</strong></span> <span class='ocrx_word' id='word_1_367' title='bbox 837 3311 1063 3366; x_wconf 89' lang='lat' dir='ltr'><strong>diversis</strong></span> <span class='ocrx_word' id='word_1_368' title='bbox 1101 3311 1403 3375; x_wconf 90' lang='lat' dir='ltr'><strong>clementis,</strong></span> <span class='ocrx_word' id='word_1_369' title='bbox 1439 3310 1795 3374; x_wconf 89' lang='lat' dir='ltr'><strong>unitionibus,</strong></span> <span class='ocrx_word' id='word_1_370' title='bbox 1835 3326 1932 3366; x_wconf 89' lang='lat' dir='ltr'><strong>seu</strong></span> <span class='ocrx_word' id='word_1_371' title='bbox 1965 3314 2301 3369; x_wconf 89' lang='lat' dir='ltr'><strong>commistio-</strong></span> 
     </span>
    </p>
   </div>
   <div class='ocr_carea' id='block_1_52' title="bbox 742 3400 2296 3459">
    <p class='ocr_par' dir='ltr' id='par_1_52' title="bbox 742 3400 2296 3459">
     <span class='ocr_line' id='line_1_52' title="bbox 742 3400 2296 3459; baseline 0.002 -5"><span class='ocrx_word' id='word_1_372' title='bbox 742 3403 920 3459; x_wconf 82' lang='lat' dir='ltr'><strong>nibus.</strong></span> <span class='ocrx_word' id='word_1_373' title='bbox 949 3417 1013 3455; x_wconf 89' lang='lat' dir='ltr'><strong>ac</strong></span> <span class='ocrx_word' id='word_1_374' title='bbox 1043 3401 1228 3454; x_wconf 90' lang='lat' dir='ltr'><strong>talium</strong></span> <span class='ocrx_word' id='word_1_375' title='bbox 1276 3402 1594 3455; x_wconf 90' lang='lat' dir='ltr'><strong>mistionum</strong></span> <span class='ocrx_word' id='word_1_376' title='bbox 1626 3400 2059 3455; x_wconf 88' lang='lat' dir='ltr'><strong>collectionibus.</strong></span> <span class='ocrx_word' id='word_1_377' title='bbox 2106 3402 2296 3457; x_wconf 89' lang='lat' dir='ltr'><strong>Divina</strong></span> 
     </span>
    </p>
   </div>
   <div class='ocr_carea' id='block_1_53' title="bbox 738 3490 2294 3559">
    <p class='ocr_par' dir='ltr' id='par_1_53' title="bbox 738 3490 2294 3559">
     <span class='ocr_line' id='line_1_53' title="bbox 738 3490 2294 3559; baseline 0.001 -15"><span class='ocrx_word' id='word_1_378' title='bbox 738 3491 1005 3558; x_wconf 90' lang='lat' dir='ltr'><strong>siquidem</strong></span> <span class='ocrx_word' id='word_1_379' title='bbox 1031 3505 1135 3558; x_wconf 87' lang='lat' dir='ltr'><strong>pax</strong></span> <span class='ocrx_word' id='word_1_380' title='bbox 1165 3490 1215 3543; x_wconf 93' lang='lat' dir='ltr'><strong>in</strong></span> <span class='ocrx_word' id='word_1_381' title='bbox 1243 3505 1350 3544; x_wconf 93' lang='lat' dir='ltr'><strong>uno</strong></span> <span class='ocrx_word' id='word_1_382' title='bbox 1385 3500 1441 3543; x_wconf 91' lang='lat' dir='ltr'><strong>et</strong></span> <span class='ocrx_word' id='word_1_383' title='bbox 1479 3490 1670 3542; x_wconf 89' lang='lat' dir='ltr'><strong>eodem</strong></span> <span class='ocrx_word' id='word_1_384' title='bbox 1718 3490 1898 3542; x_wconf 88' lang='lat' dir='ltr'><strong>omnia</strong></span> <span class='ocrx_word' id='word_1_385' title='bbox 1928 3491 2294 3559; x_wconf 85' lang='lat' dir='ltr'><strong>demonstrat;</strong></span> 
     </span>
    </p>
   </div>
   <div class='ocr_carea' id='block_1_54' title="bbox 739 3581 2296 3651">
    <p class='ocr_par' dir='ltr' id='par_1_54' title="bbox 739 3581 2296 3651">
     <span class='ocr_line' id='line_1_54' title="bbox 739 3581 2296 3651; baseline 0.001 -17"><span class='ocrx_word' id='word_1_386' title='bbox 739 3582 999 3651; x_wconf 76' lang='lat' dir='ltr'><strong>pertingit</strong></span> <span class='ocrx_word' id='word_1_387' title='bbox 1024 3581 1166 3635; x_wconf 90' lang='lat' dir='ltr'><strong>enim</strong></span> <span class='ocrx_word' id='word_1_388' title='bbox 1195 3582 1259 3634; x_wconf 92' lang='lat' dir='ltr'><strong>ad</strong></span> <span class='ocrx_word' id='word_1_389' title='bbox 1296 3581 1499 3643; x_wconf 86' lang='lat' dir='ltr'><strong>omnia,</strong></span> <span class='ocrx_word' id='word_1_390' title='bbox 1529 3594 1695 3648; x_wconf 87' lang='lat' dir='ltr'><strong>seque</strong></span> <span class='ocrx_word' id='word_1_391' title='bbox 1723 3595 1821 3647; x_wconf 89' lang='lat' dir='ltr'><strong>pro</strong></span> <span class='ocrx_word' id='word_1_392' title='bbox 1849 3582 2106 3649; x_wconf 85' lang='lat' dir='ltr'><strong>cujusque</strong></span> <span class='ocrx_word' id='word_1_393' title='bbox 2137 3593 2296 3650; x_wconf 91' lang='lat' dir='ltr'><strong>captu</strong></span> 
     </span>
    </p>
   </div>
   <div class='ocr_carea' id='block_1_55' title="bbox 2415 1941 3988 2022">
    <p class='ocr_par' dir='ltr' id='par_1_55' title="bbox 2415 1941 3988 2022">
     <span class='ocr_line' id='line_1_55' title="bbox 2415 1941 3988 2022; baseline 0.006 -27"><span class='ocrx_word' id='word_1_394' title='bbox 2415 1941 2609 2005; x_wconf 83' lang='grc' dir='ltr'>παντὸς</span> <span class='ocrx_word' id='word_1_395' title='bbox 2673 1941 3165 2015; x_wconf 84' lang='grc' dir='ltr'>ἀποπερατὼσεσιν,</span> <span class='ocrx_word' id='word_1_396' title='bbox 3233 1948 3433 2011; x_wconf 76' lang='grc' dir='ltr'>αἵτινές</span> <span class='ocrx_word' id='word_1_397' title='bbox 3478 1953 3612 2002; x_wconf 86' lang='grc' dir='ltr'>εἰσιν</span> <span class='ocrx_word' id='word_1_398' title='bbox 3662 1953 3716 2003; x_wconf 92' lang='grc' dir='ltr'><strong>αἰ</strong></span> <span class='ocrx_word' id='word_1_399' title='bbox 3783 1952 3988 2022; x_wconf 74' lang='grc' dir='ltr'>ἀψυχοι</span> 
     </span>
    </p>
   </div>
   <div class='ocr_carea' id='block_1_56' title="bbox 2412 2030 3986 2113">
    <p class='ocr_par' dir='ltr' id='par_1_56' title="bbox 2412 2030 3986 2113">
     <span class='ocr_line' id='line_1_56' title="bbox 2412 2030 3986 2113; baseline 0.008 -30"><span class='ocrx_word' id='word_1_400' title='bbox 2412 2032 2584 2084; x_wconf 76' lang='grc' dir='ltr'>οὐσίαι</span> <span class='ocrx_word' id='word_1_401' title='bbox 2611 2074 2624 2097; x_wconf 91' lang='grc'><strong>,</strong></span> <span class='ocrx_word' id='word_1_402' title='bbox 2661 2036 2716 2086; x_wconf 86' lang='grc' dir='ltr'><strong>ἑν</strong></span> <span class='ocrx_word' id='word_1_403' title='bbox 2750 2030 2836 2098; x_wconf 76' lang='grc' dir='ltr'>αἷς</span> <span class='ocrx_word' id='word_1_404' title='bbox 2865 2036 3084 2106; x_wconf 83' lang='grc' dir='ltr'>οὐδεμία</span> <span class='ocrx_word' id='word_1_405' title='bbox 3109 2039 3317 2108; x_wconf 84' lang='grc' dir='ltr'>κίνησις</span> <span class='ocrx_word' id='word_1_406' title='bbox 3344 2040 3605 2110; x_wconf 78' lang='grc' dir='ltr'>θρεπτικὴ</span> <span class='ocrx_word' id='word_1_407' title='bbox 3635 2041 3666 2112; x_wconf 81' lang='grc' dir='ltr'><strong>ἢ</strong></span> <span class='ocrx_word' id='word_1_408' title='bbox 3693 2041 3986 2113; x_wconf 77' lang='grc' dir='ltr'>αὐξητικὴ,</span> 
     </span>
    </p>
   </div>
   <div class='ocr_carea' id='block_1_57' title="bbox 2411 2123 3989 2204">
    <p class='ocr_par' dir='ltr' id='par_1_57' title="bbox 2411 2123 3989 2204">
     <span class='ocr_line' id='line_1_57' title="bbox 2411 2123 3989 2204; baseline 0.008 -30"><span class='ocrx_word' id='word_1_409' title='bbox 2411 2123 2443 2192; x_wconf 79' lang='grc' dir='ltr'><strong>ἢ</strong></span> <span class='ocrx_word' id='word_1_410' title='bbox 2488 2125 2593 2177; x_wconf 84' lang='grc' dir='ltr'><strong>τῶν</strong></span> <span class='ocrx_word' id='word_1_411' title='bbox 2647 2125 2819 2179; x_wconf 80' lang='grc' dir='ltr'>ἄλλων</span> <span class='ocrx_word' id='word_1_412' title='bbox 2869 2145 2952 2192; x_wconf 92' lang='grc' dir='ltr'><strong>τις</strong></span> <span class='ocrx_word' id='word_1_413' title='bbox 3000 2127 3313 2200; x_wconf 85' lang='grc' dir='ltr'>θεωρεῖται,</span> <span class='ocrx_word' id='word_1_414' title='bbox 3349 2132 3446 2202; x_wconf 85' lang='grc' dir='ltr'>τὴν</span> <span class='ocrx_word' id='word_1_415' title='bbox 3480 2132 3658 2200; x_wconf 79' lang='grc' dir='ltr'>φιλίαν</span> <span class='ocrx_word' id='word_1_416' title='bbox 3692 2134 3949 2204; x_wconf 88' lang='grc' dir='ltr'>δωρεῖται</span> <span class='ocrx_word' id='word_1_417' title='bbox 3973 2173 3989 2196; x_wconf 94' lang='grc'><strong>,</strong></span> 
     </span>
    </p>
   </div>
   <div class='ocr_carea' id='block_1_58' title="bbox 2410 2215 3989 2291">
    <p class='ocr_par' dir='ltr' id='par_1_58' title="bbox 2410 2215 3989 2291">
     <span class='ocr_line' id='line_1_58' title="bbox 2410 2215 3989 2291; baseline 0.005 -26"><span class='ocrx_word' id='word_1_418' title='bbox 2410 2215 2503 2266; x_wconf 76' lang='grc' dir='ltr'>καὶ</span> <span class='ocrx_word' id='word_1_419' title='bbox 2536 2215 2712 2269; x_wconf 79' lang='grc' dir='ltr'>πάντα</span> <span class='ocrx_word' id='word_1_420' title='bbox 2745 2217 2944 2287; x_wconf 80' lang='grc' dir='ltr'>ἀδελφὰ</span> <span class='ocrx_word' id='word_1_421' title='bbox 2979 2223 3121 2272; x_wconf 84' lang='grc' dir='ltr'>ποιεῖ</span> <span class='ocrx_word' id='word_1_422' title='bbox 3154 2221 3245 2272; x_wconf 75' lang='grc' dir='ltr'><strong>καὶ</strong></span> <span class='ocrx_word' id='word_1_423' title='bbox 3279 2221 3544 2291; x_wconf 79' lang='grc' dir='ltr'>συγγενῆ,</span> <span class='ocrx_word' id='word_1_424' title='bbox 3575 2221 3761 2275; x_wconf 77' lang='grc' dir='ltr'>καθότι</span> <span class='ocrx_word' id='word_1_425' title='bbox 3795 2225 3858 2276; x_wconf 81' lang='grc' dir='ltr'>ὲκ</span> <span class='ocrx_word' id='word_1_426' title='bbox 3891 2222 3989 2275; x_wconf 82' lang='grc' dir='ltr'>τοῦ</span> 
     </span>
    </p>
   </div>
   <div class='ocr_carea' id='block_1_59' title="bbox 2409 2301 3990 2382">
    <p class='ocr_par' dir='ltr' id='par_1_59' title="bbox 2409 2301 3990 2382">
     <span class='ocr_line' id='line_1_59' title="bbox 2409 2301 3990 2382; baseline 0.006 -27"><span class='ocrx_word' id='word_1_427' title='bbox 2409 2301 2542 2356; x_wconf 74' lang='grc' dir='ltr'>Θεοῦ</span> <span class='ocrx_word' id='word_1_428' title='bbox 2575 2308 2782 2369; x_wconf 87' lang='grc' dir='ltr'>πάντα,</span> <span class='ocrx_word' id='word_1_429' title='bbox 2836 2310 2928 2361; x_wconf 70' lang='grc' dir='ltr'>καὶ</span> <span class='ocrx_word' id='word_1_430' title='bbox 2975 2310 3109 2380; x_wconf 79' lang='grc' dir='ltr'>πρὸς</span> <span class='ocrx_word' id='word_1_431' title='bbox 3160 2310 3291 2362; x_wconf 72' lang='grc' dir='ltr'>Θεὸν</span> <span class='ocrx_word' id='word_1_432' title='bbox 3338 2312 3790 2382; x_wconf 72' lang='grc' dir='ltr'><strong>ἐπιστρέφουσιν⁸</strong></span> <span class='ocrx_word' id='word_1_433' title='bbox 3841 2313 3990 2365; x_wconf 74' lang='grc' dir='ltr'>οὕτω</span> 
     </span>
    </p>
   </div>
   <div class='ocr_carea' id='block_1_60' title="bbox 2407 2395 3984 2471">
    <p class='ocr_par' dir='ltr' id='par_1_60' title="bbox 2407 2395 3984 2471">
     <span class='ocr_line' id='line_1_60' title="bbox 2407 2395 3984 2471; baseline 0.005 -25"><span class='ocrx_word' id='word_1_434' title='bbox 2407 2395 2515 2466; x_wconf 82' lang='grc' dir='ltr'><strong>γὰρ</strong></span> <span class='ocrx_word' id='word_1_435' title='bbox 2549 2399 2818 2468; x_wconf 74' lang='grc' dir='ltr'>ἐχρήσατο</span> <span class='ocrx_word' id='word_1_436' title='bbox 2851 2399 2925 2468; x_wconf 83' lang='grc' dir='ltr'>τῷ</span> <span class='ocrx_word' id='word_1_437' title='bbox 2951 2399 3164 2470; x_wconf 79' lang='grc' dir='ltr'>παλαιῷ</span> <span class='ocrx_word' id='word_1_438' title='bbox 3198 2402 3399 2471; x_wconf 71' lang='grc' dir='ltr'>ῥήματι</span> <span class='ocrx_word' id='word_1_439' title='bbox 3435 2403 3528 2453; x_wconf 64' lang='grc' dir='ltr'>καὶ</span> <span class='ocrx_word' id='word_1_440' title='bbox 3566 2402 3593 2453; x_wconf 84' lang='grc' dir='ltr'>ὸ</span> <span class='ocrx_word' id='word_1_441' title='bbox 3640 2403 3984 2466; x_wconf 73' lang='grc' dir='ltr'>’Δπόστολοςο</span> 
     </span>
    </p>
   </div>
   <div class='ocr_carea' id='block_1_61' title="bbox 2414 2487 3987 2563">
    <p class='ocr_par' dir='ltr' id='par_1_61' title="bbox 2414 2487 3987 2563">
     <span class='ocr_line' id='line_1_61' title="bbox 2414 2487 3987 2563; baseline 0.004 -24"><span class='ocrx_word' id='word_1_442' title='bbox 2414 2487 2521 2540; x_wconf 85' lang='grc' dir='ltr'><strong>Τοῦ</strong></span> <span class='ocrx_word' id='word_1_443' title='bbox 2552 2495 2658 2556; x_wconf 74' lang='grc' dir='ltr'>γὰρ</span> <span class='ocrx_word' id='word_1_444' title='bbox 2683 2490 2778 2542; x_wconf 79' lang='grc' dir='ltr'>καὶ</span> <span class='ocrx_word' id='word_1_445' title='bbox 2807 2491 2976 2560; x_wconf 72' lang='grc' dir='ltr'>γένος</span> <span class='ocrx_word' id='word_1_446' title='bbox 3000 2491 3202 2559; x_wconf 77' lang='grc' dir='ltr'>ἐσμέν.</span> <span class='ocrx_word' id='word_1_447' title='bbox 3241 2492 3403 2560; x_wconf 87' lang='grc' dir='ltr'>Λέγει</span> <span class='ocrx_word' id='word_1_448' title='bbox 3441 2493 3496 2545; x_wconf 86' lang='grc' dir='ltr'>δὲ</span> <span class='ocrx_word' id='word_1_449' title='bbox 3525 2493 3620 2563; x_wconf 76' lang='grc' dir='ltr'>τὴν</span> <span class='ocrx_word' id='word_1_450' title='bbox 3649 2495 3827 2546; x_wconf 91' lang='grc' dir='ltr'>αἰτίαν</span> <span class='ocrx_word' id='word_1_451' title='bbox 3860 2495 3987 2547; x_wconf 85' lang='grc' dir='ltr'>καθ’</span> 
     </span>
    </p>
   </div>
   <div class='ocr_carea' id='block_1_62' title="bbox 2406 2582 3986 2654">
    <p class='ocr_par' dir='ltr' id='par_1_62' title="bbox 2406 2582 3986 2654">
     <span class='ocr_line' id='line_1_62' title="bbox 2406 2582 3986 2654; baseline 0.003 -19"><span class='ocrx_word' id='word_1_452' title='bbox 2406 2585 2470 2654; x_wconf 78' lang='grc' dir='ltr'>ἣν</span> <span class='ocrx_word' id='word_1_453' title='bbox 2503 2583 2729 2652; x_wconf 89' lang='grc' dir='ltr'>ὁμόγνια</span> <span class='ocrx_word' id='word_1_454' title='bbox 2760 2582 2826 2634; x_wconf 84' lang='grc' dir='ltr'><strong>τά</strong></span> <span class='ocrx_word' id='word_1_455' title='bbox 2867 2582 3042 2645; x_wconf 79' lang='grc' dir='ltr'>πάντα</span> <span class='ocrx_word' id='word_1_456' title='bbox 3062 2600 3074 2612; x_wconf 89' lang='grc'><strong>·</strong></span> <span class='ocrx_word' id='word_1_457' title='bbox 3112 2585 3204 2636; x_wconf 77' lang='grc' dir='ltr'>καὶ</span> <span class='ocrx_word' id='word_1_458' title='bbox 3234 2584 3372 2646; x_wconf 89' lang='grc' dir='ltr'>τέως</span> <span class='ocrx_word' id='word_1_459' title='bbox 3410 2583 3477 2636; x_wconf 77' lang='grc' dir='ltr'>τὰ</span> <span class='ocrx_word' id='word_1_460' title='bbox 3518 2584 3680 2654; x_wconf 88' lang='grc' dir='ltr'>νοητά</span> <span class='ocrx_word' id='word_1_461' title='bbox 3712 2588 3831 2649; x_wconf 89' lang='grc' dir='ltr'>ταῖς</span> <span class='ocrx_word' id='word_1_462' title='bbox 3864 2589 3986 2641; x_wconf 80' lang='grc' dir='ltr'>ἑνό-</span> 
     </span>
    </p>
   </div>
   <div class='ocr_carea' id='block_1_63' title="bbox 2404 2673 3978 2744">
    <p class='ocr_par' dir='ltr' id='par_1_63' title="bbox 2404 2673 3978 2744">
     <span class='ocr_line' id='line_1_63' title="bbox 2404 2673 3978 2744; baseline 0.004 -20"><span class='ocrx_word' id='word_1_463' title='bbox 2404 2689 2527 2744; x_wconf 91' lang='grc' dir='ltr'>τησι</span> <span class='ocrx_word' id='word_1_464' title='bbox 2555 2714 2569 2738; x_wconf 93' lang='grc'><strong>,</strong></span> <span class='ocrx_word' id='word_1_465' title='bbox 2619 2674 2738 2727; x_wconf 83' lang='grc' dir='ltr'>κατ’</span> <span class='ocrx_word' id='word_1_466' title='bbox 2787 2674 2915 2726; x_wconf 79' lang='grc' dir='ltr'>αὐτὸ</span> <span class='ocrx_word' id='word_1_467' title='bbox 2959 2673 3023 2744; x_wconf 79' lang='grc' dir='ltr'>δὴ</span> <span class='ocrx_word' id='word_1_468' title='bbox 3069 2675 3127 2726; x_wconf 85' lang='grc' dir='ltr'><strong>τὸ</strong></span> <span class='ocrx_word' id='word_1_469' title='bbox 3177 2676 3372 2727; x_wconf 90' lang='grc' dir='ltr'>ἑνιαῖον</span> <span class='ocrx_word' id='word_1_470' title='bbox 3411 2675 3504 2728; x_wconf 77' lang='grc' dir='ltr'><strong>καὶ</strong></span> <span class='ocrx_word' id='word_1_471' title='bbox 3538 2676 3737 2729; x_wconf 78' lang='grc' dir='ltr'>ἁπλοῦν</span> <span class='ocrx_word' id='word_1_472' title='bbox 3771 2678 3978 2743; x_wconf 82' lang='grc' dir='ltr'>αὐτῶν,</span> 
     </span>
    </p>
   </div>
   <div class='ocr_carea' id='block_1_64' title="bbox 2405 2766 3982 2839">
    <p class='ocr_par' dir='ltr' id='par_1_64' title="bbox 2405 2766 3982 2839">
     <span class='ocr_line' id='line_1_64' title="bbox 2405 2766 3982 2839; baseline -0.001 -18"><span class='ocrx_word' id='word_1_473' title='bbox 2405 2769 2497 2821; x_wconf 80' lang='grc' dir='ltr'><strong>καὶ</strong></span> <span class='ocrx_word' id='word_1_474' title='bbox 2531 2767 2670 2820; x_wconf 84' lang='grc' dir='ltr'><strong>κατά</strong></span> <span class='ocrx_word' id='word_1_475' title='bbox 2705 2767 2764 2819; x_wconf 84' lang='grc' dir='ltr'>τὸ</span> <span class='ocrx_word' id='word_1_476' title='bbox 2798 2767 2965 2819; x_wconf 83' lang='grc' dir='ltr'>ταὺτὸ</span> <span class='ocrx_word' id='word_1_477' title='bbox 2996 2767 3092 2836; x_wconf 83' lang='grc' dir='ltr'>τῆς</span> <span class='ocrx_word' id='word_1_478' title='bbox 3118 2766 3411 2830; x_wconf 84' lang='grc' dir='ltr'>ἀθανασίας</span> <span class='ocrx_word' id='word_1_479' title='bbox 3430 2783 3443 2797; x_wconf 89' lang='grc'><strong>·</strong></span> <span class='ocrx_word' id='word_1_480' title='bbox 3470 2766 3536 2819; x_wconf 82' lang='grc' dir='ltr'>τὰ</span> <span class='ocrx_word' id='word_1_481' title='bbox 3559 2768 3789 2839; x_wconf 87' lang='grc' dir='ltr'>αἰσθητά</span> <span class='ocrx_word' id='word_1_482' title='bbox 3811 2809 3826 2832; x_wconf 95' lang='grc'><strong>,</strong></span> <span class='ocrx_word' id='word_1_483' title='bbox 3861 2773 3982 2833; x_wconf 83' lang='grc' dir='ltr'>ταῖς</span> 
     </span>
    </p>
   </div>
   <div class='ocr_carea' id='block_1_65' title="bbox 2402 2858 3975 2932">
    <p class='ocr_par' dir='ltr' id='par_1_65' title="bbox 2402 2858 3975 2932">
     <span class='ocr_line' id='line_1_65' title="bbox 2402 2858 3975 2932; baseline 0.001 -20"><span class='ocrx_word' id='word_1_484' title='bbox 2402 2862 2466 2912; x_wconf 85' lang='grc' dir='ltr'>ὲκ</span> <span class='ocrx_word' id='word_1_485' title='bbox 2509 2859 2613 2911; x_wconf 82' lang='grc' dir='ltr'><strong>τῶν</strong></span> <span class='ocrx_word' id='word_1_486' title='bbox 2658 2859 2925 2929; x_wconf 78' lang='grc' dir='ltr'>διαφόρων</span> <span class='ocrx_word' id='word_1_487' title='bbox 2969 2859 3243 2928; x_wconf 81' lang='grc' dir='ltr'>στοιχείων</span> <span class='ocrx_word' id='word_1_488' title='bbox 3275 2858 3549 2921; x_wconf 83' lang='grc' dir='ltr'>ἑνώσεσιν,</span> <span class='ocrx_word' id='word_1_489' title='bbox 3585 2861 3704 2928; x_wconf 71' lang='grc' dir='ltr'>ἦτοι</span> <span class='ocrx_word' id='word_1_490' title='bbox 3740 2861 3975 2932; x_wconf 89' lang='grc' dir='ltr'>συγκρί-</span> 
     </span>
    </p>
   </div>
   <div class='ocr_carea' id='block_1_66' title="bbox 2406 2949 3977 3019">
    <p class='ocr_par' dir='ltr' id='par_1_66' title="bbox 2406 2949 3977 3019">
     <span class='ocr_line' id='line_1_66' title="bbox 2406 2949 3977 3019; baseline 0.001 -18"><span class='ocrx_word' id='word_1_491' title='bbox 2406 2967 2558 3019; x_wconf 86' lang='grc' dir='ltr'>μασι,</span> <span class='ocrx_word' id='word_1_492' title='bbox 2594 2950 2688 3001; x_wconf 76' lang='grc' dir='ltr'><strong>καὶ</strong></span> <span class='ocrx_word' id='word_1_493' title='bbox 2718 2951 2837 3011; x_wconf 88' lang='grc' dir='ltr'>ταῖς</span> <span class='ocrx_word' id='word_1_494' title='bbox 2872 2951 3208 3016; x_wconf 78' lang='grc' dir='ltr'>συναγωγαῖς</span> <span class='ocrx_word' id='word_1_495' title='bbox 3240 2950 3346 3002; x_wconf 83' lang='grc' dir='ltr'><strong>τῶν</strong></span> <span class='ocrx_word' id='word_1_496' title='bbox 3378 2949 3628 3002; x_wconf 79' lang='grc' dir='ltr'>τοιούτων</span> <span class='ocrx_word' id='word_1_497' title='bbox 3666 2951 3977 3019; x_wconf 76' lang='grc' dir='ltr'>μιγμάτων.</span> 
     </span>
    </p>
   </div>
   <div class='ocr_carea' id='block_1_67' title="bbox 2414 3040 3982 3113">
    <p class='ocr_par' dir='ltr' id='par_1_67' title="bbox 2414 3040 3982 3113">
     <span class='ocr_line' id='line_1_67' title="bbox 2414 3040 3982 3113; baseline 0.001 -20"><span class='ocrx_word' id='word_1_498' title='bbox 2414 3042 2475 3093; x_wconf 84' lang='grc' dir='ltr'><em>Ἢ</em></span> <span class='ocrx_word' id='word_1_499' title='bbox 2509 3042 2624 3093; x_wconf 91' lang='grc' dir='ltr'>θεία</span> <span class='ocrx_word' id='word_1_500' title='bbox 2656 3040 2763 3110; x_wconf 81' lang='grc' dir='ltr'>γὰρ</span> <span class='ocrx_word' id='word_1_501' title='bbox 2791 3042 3001 3113; x_wconf 83' lang='grc' dir='ltr'>εἰρήνη,</span> <span class='ocrx_word' id='word_1_502' title='bbox 3040 3044 3096 3093; x_wconf 83' lang='grc' dir='ltr'><strong>ἑν</strong></span> <span class='ocrx_word' id='word_1_503' title='bbox 3129 3043 3208 3093; x_wconf 75' lang='grc' dir='ltr'>ἑνὶ</span> <span class='ocrx_word' id='word_1_504' title='bbox 3241 3043 3333 3094; x_wconf 75' lang='grc' dir='ltr'><strong>καὶ</strong></span> <span class='ocrx_word' id='word_1_505' title='bbox 3367 3041 3443 3110; x_wconf 81' lang='grc' dir='ltr'><strong>τῷ</strong></span> <span class='ocrx_word' id='word_1_506' title='bbox 3475 3040 3622 3109; x_wconf 82' lang='grc' dir='ltr'>αὐτῷ</span> <span class='ocrx_word' id='word_1_507' title='bbox 3667 3041 3839 3093; x_wconf 83' lang='grc' dir='ltr'>πάντα</span> <span class='ocrx_word' id='word_1_508' title='bbox 3874 3041 3982 3094; x_wconf 85' lang='grc' dir='ltr'>δει-</span> 
     </span>
    </p>
   </div>
   <div class='ocr_carea' id='block_1_68' title="bbox 2402 3129 3980 3199">
    <p class='ocr_par' dir='ltr' id='par_1_68' title="bbox 2402 3129 3980 3199">
     <span class='ocr_line' id='line_1_68' title="bbox 2402 3129 3980 3199; baseline 0 -17"><span class='ocrx_word' id='word_1_509' title='bbox 2402 3129 2668 3191; x_wconf 88' lang='grc' dir='ltr'>κνύουσα,</span> <span class='ocrx_word' id='word_1_510' title='bbox 2705 3129 2917 3199; x_wconf 77' lang='grc' dir='ltr'>πρόεισι</span> <span class='ocrx_word' id='word_1_511' title='bbox 2975 3130 3070 3198; x_wconf 82' lang='grc' dir='ltr'>μὲν</span> <span class='ocrx_word' id='word_1_512' title='bbox 3115 3131 3206 3181; x_wconf 75' lang='grc' dir='ltr'><strong>ἑπὶ</strong></span> <span class='ocrx_word' id='word_1_513' title='bbox 3253 3129 3458 3191; x_wconf 81' lang='grc' dir='ltr'>πάντα,</span> <span class='ocrx_word' id='word_1_514' title='bbox 3494 3129 3587 3181; x_wconf 74' lang='grc' dir='ltr'>καὶ</span> <span class='ocrx_word' id='word_1_515' title='bbox 3622 3129 3980 3198; x_wconf 80' lang='grc' dir='ltr'>μεταδίδωσιν</span> 
     </span>
    </p>
   </div>
   <div class='ocr_carea' id='block_1_69' title="bbox 2405 3219 3980 3291">
    <p class='ocr_par' dir='ltr' id='par_1_69' title="bbox 2405 3219 3980 3291">
     <span class='ocr_line' id='line_1_69' title="bbox 2405 3219 3980 3291; baseline 0.003 -21"><span class='ocrx_word' id='word_1_516' title='bbox 2405 3219 2601 3288; x_wconf 75' lang='grc' dir='ltr'>ἑαυτῆς</span> <span class='ocrx_word' id='word_1_517' title='bbox 2627 3220 2839 3282; x_wconf 89' lang='grc' dir='ltr'>οἰκείως</span> <span class='ocrx_word' id='word_1_518' title='bbox 2873 3221 2965 3273; x_wconf 74' lang='grc' dir='ltr'><strong>καὶ</strong></span> <span class='ocrx_word' id='word_1_519' title='bbox 2998 3221 3115 3271; x_wconf 82' lang='grc' dir='ltr'>κατ’</span> <span class='ocrx_word' id='word_1_520' title='bbox 3145 3219 3299 3285; x_wconf 83' lang='grc' dir='ltr'>ἀξίαν</span> <span class='ocrx_word' id='word_1_521' title='bbox 3326 3222 3436 3283; x_wconf 90' lang='grc' dir='ltr'>τοῖς</span> <span class='ocrx_word' id='word_1_522' title='bbox 3469 3221 3790 3291; x_wconf 86' lang='grc' dir='ltr'>πράγμασι·</span> <span class='ocrx_word' id='word_1_523' title='bbox 3828 3222 3980 3291; x_wconf 87' lang='grc' dir='ltr'>μένει</span> 
     </span>
    </p>
   </div>
   <div class='ocr_carea' id='block_1_70' title="bbox 2405 3312 3981 3384">
    <p class='ocr_par' dir='ltr' id='par_1_70' title="bbox 2405 3312 3981 3384">
     <span class='ocr_line' id='line_1_70' title="bbox 2405 3312 3981 3384; baseline 0.002 -19"><span class='ocrx_word' id='word_1_524' title='bbox 2405 3313 2497 3377; x_wconf 84' lang='grc' dir='ltr'><strong>δὲ,</strong></span> <span class='ocrx_word' id='word_1_525' title='bbox 2544 3312 2608 3364; x_wconf 86' lang='grc' dir='ltr'>δι’</span> <span class='ocrx_word' id='word_1_526' title='bbox 2655 3312 2923 3383; x_wconf 80' lang='grc' dir='ltr'>ὑπεροχὴν</span> <span class='ocrx_word' id='word_1_527' title='bbox 2957 3312 3199 3376; x_wconf 85' lang='grc' dir='ltr'>ἑνώσεως</span> <span class='ocrx_word' id='word_1_528' title='bbox 3243 3315 3337 3366; x_wconf 79' lang='grc' dir='ltr'>καὶ</span> <span class='ocrx_word' id='word_1_529' title='bbox 3383 3314 3637 3383; x_wconf 82' lang='grc' dir='ltr'>εἰρήνης,</span> <span class='ocrx_word' id='word_1_530' title='bbox 3689 3312 3786 3382; x_wconf 81' lang='grc' dir='ltr'>ὅλη</span> <span class='ocrx_word' id='word_1_531' title='bbox 3837 3314 3981 3384; x_wconf 72' lang='grc' dir='ltr'>πρὸς</span> 
     </span>
    </p>
   </div>
   <div class='ocr_carea' id='block_1_71' title="bbox 2404 3403 3979 3476">
    <p class='ocr_par' dir='ltr' id='par_1_71' title="bbox 2404 3403 3979 3476">
     <span class='ocr_line' id='line_1_71' title="bbox 2404 3403 3979 3476; baseline 0 -19"><span class='ocrx_word' id='word_1_532' title='bbox 2404 3404 2529 3474; x_wconf 85' lang='grc' dir='ltr'>ὃλην</span> <span class='ocrx_word' id='word_1_533' title='bbox 2577 3403 2809 3474; x_wconf 77' lang='grc' dir='ltr'>ἑαυτὴν,</span> <span class='ocrx_word' id='word_1_534' title='bbox 2859 3405 2984 3457; x_wconf 79' lang='grc' dir='ltr'>καθ’</span> <span class='ocrx_word' id='word_1_535' title='bbox 3017 3405 3145 3473; x_wconf 86' lang='grc' dir='ltr'>ὃλην</span> <span class='ocrx_word' id='word_1_536' title='bbox 3191 3405 3606 3475; x_wconf 81' lang='grc' dir='ltr'>ὑπερηνωμένη.</span> <span class='ocrx_word' id='word_1_537' title='bbox 3668 3405 3821 3457; x_wconf 79' lang='grc' dir='ltr'>Ἐπεὶ</span> <span class='ocrx_word' id='word_1_538' title='bbox 3866 3405 3979 3476; x_wconf 87' lang='grc' dir='ltr'><strong>γὰρ</strong></span> 
     </span>
    </p>
   </div>
   <div class='ocr_carea' id='block_1_72' title="bbox 2405 3494 3976 3568">
    <p class='ocr_par' dir='ltr' id='par_1_72' title="bbox 2405 3494 3976 3568">
     <span class='ocr_line' id='line_1_72' title="bbox 2405 3494 3976 3568; baseline 0 -21"><span class='ocrx_word' id='word_1_539' title='bbox 2405 3494 2796 3566; x_wconf 78' lang='grc' dir='ltr'>ὑπερηνωμένη</span> <span class='ocrx_word' id='word_1_540' title='bbox 2850 3495 3030 3558; x_wconf 75' lang='grc' dir='ltr'>ἐστὶν,</span> <span class='ocrx_word' id='word_1_541' title='bbox 3096 3494 3232 3564; x_wconf 78' lang='grc' dir='ltr'>αὑτὴ</span> <span class='ocrx_word' id='word_1_542' title='bbox 3295 3496 3460 3565; x_wconf 84' lang='grc' dir='ltr'>ἑαυτῇ</span> <span class='ocrx_word' id='word_1_543' title='bbox 3525 3495 3749 3548; x_wconf 82' lang='grc' dir='ltr'>καθόλου</span> <span class='ocrx_word' id='word_1_544' title='bbox 3799 3496 3976 3568; x_wconf 82' lang='grc' dir='ltr'>ταύτή</span> 
     </span>
    </p>
   </div>
   <div class='ocr_carea' id='block_1_73' title="bbox 2406 3586 2556 3636">
    <p class='ocr_par' dir='ltr' id='par_1_73' title="bbox 2406 3586 2556 3636">
     <span class='ocr_line' id='line_1_73' title="bbox 2406 3586 2556 3636; baseline 0 0"><span class='ocrx_word' id='word_1_545' title='bbox 2406 3586 2556 3636; x_wconf 87' lang='grc' dir='ltr'>ἑστιν</span> 
     </span>
    </p>
   </div>
   <div class='ocr_carea' id='block_1_74' title="bbox 737 3672 3973 3745">
    <p class='ocr_par' dir='ltr' id='par_1_74' title="bbox 737 3672 3973 3745">
     <span class='ocr_line' id='line_1_74' title="bbox 737 3672 3973 3745; baseline 0 -18"><span class='ocrx_word' id='word_1_546' title='bbox 737 3688 800 3727; x_wconf 88' lang='lat' dir='ltr'><strong>ac</strong></span> <span class='ocrx_word' id='word_1_547' title='bbox 836 3674 1099 3743; x_wconf 69' lang='lat' dir='ltr'><strong>dignitate</strong></span> <span class='ocrx_word' id='word_1_548' title='bbox 1147 3672 1306 3727; x_wconf 81' lang='lat' dir='ltr'><strong>rebus</strong></span> <span class='ocrx_word' id='word_1_549' title='bbox 1358 3673 1614 3726; x_wconf 88' lang='lat' dir='ltr'><strong>omnibus</strong></span> <span class='ocrx_word' id='word_1_550' title='bbox 1651 3673 2049 3738; x_wconf 86' lang='lat' dir='ltr'><strong>communicat;</strong></span> <span class='ocrx_word' id='word_1_551' title='bbox 2105 3685 2284 3728; x_wconf 87' lang='lat' dir='ltr'><strong>manet</strong></span> <span class='ocrx_word' id='word_1_552' title='bbox 2326 3692 2472 3739; x_wconf 86' lang='lat' dir='ltr'><strong>vero.</strong></span> <span class='ocrx_word' id='word_1_553' title='bbox 2501 3692 2595 3745; x_wconf 88' lang='lat' dir='ltr'><strong>per</strong></span> <span class='ocrx_word' id='word_1_554' title='bbox 2623 3675 2999 3732; x_wconf 77' lang='lat' dir='ltr'><strong>excellentiam</strong></span> <span class='ocrx_word' id='word_1_555' title='bbox 3032 3677 3245 3731; x_wconf 90' lang='lat' dir='ltr'><strong>unionis</strong></span> <span class='ocrx_word' id='word_1_556' title='bbox 3294 3682 3349 3728; x_wconf 85' lang='lat' dir='ltr'><strong>et</strong></span> <span class='ocrx_word' id='word_1_557' title='bbox 3404 3674 3571 3737; x_wconf 83' lang='lat' dir='ltr'><strong>pacis,</strong></span> <span class='ocrx_word' id='word_1_558' title='bbox 3626 3683 3731 3728; x_wconf 89' lang='lat' dir='ltr'><strong>tota</strong></span> <span class='ocrx_word' id='word_1_559' title='bbox 3787 3690 3973 3729; x_wconf 89' lang='lat' dir='ltr'><strong>secum</strong></span> 
     </span>
    </p>
   </div>
   <div class='ocr_carea' id='block_1_75' title="bbox 738 3764 3972 3838">
    <p class='ocr_par' dir='ltr' id='par_1_75' title="bbox 738 3764 3972 3838">
     <span class='ocr_line' id='line_1_75' title="bbox 738 3764 3972 3838; baseline 0.001 -20"><span class='ocrx_word' id='word_1_560' title='bbox 738 3776 879 3832; x_wconf 87' lang='lat' dir='ltr'><strong>tota,</strong></span> <span class='ocrx_word' id='word_1_561' title='bbox 923 3766 1216 3819; x_wconf 85' lang='lat' dir='ltr'><strong>secundum</strong></span> <span class='ocrx_word' id='word_1_562' title='bbox 1265 3774 1434 3818; x_wconf 91' lang='lat' dir='ltr'><strong>totam</strong></span> <span class='ocrx_word' id='word_1_563' title='bbox 1514 3777 1844 3832; x_wconf 88' lang='lat' dir='ltr'><strong>supraquam</strong></span> <span class='ocrx_word' id='word_1_564' title='bbox 1917 3765 2090 3819; x_wconf 88' lang='lat' dir='ltr'><strong>unita.</strong></span> <span class='ocrx_word' id='word_1_565' title='bbox 2159 3764 2436 3834; x_wconf 88' lang='lat' dir='ltr'><strong>Siquidem</strong></span> <span class='ocrx_word' id='word_1_566' title='bbox 2492 3769 2637 3837; x_wconf 86' lang='lat' dir='ltr'><strong>quod</strong></span> <span class='ocrx_word' id='word_1_567' title='bbox 2704 3782 3033 3838; x_wconf 89' lang='lat' dir='ltr'><strong>supraquam</strong></span> <span class='ocrx_word' id='word_1_568' title='bbox 3096 3766 3280 3833; x_wconf 88' lang='lat' dir='ltr'><strong>unita,</strong></span> <span class='ocrx_word' id='word_1_569' title='bbox 3331 3773 3402 3820; x_wconf 86' lang='lat' dir='ltr'><strong>stt</strong></span> <span class='ocrx_word' id='word_1_570' title='bbox 3451 3765 3562 3834; x_wconf 90' lang='lat' dir='ltr'><strong>ipsa</strong></span> <span class='ocrx_word' id='word_1_571' title='bbox 3604 3766 3703 3820; x_wconf 88' lang='lat' dir='ltr'><strong>sibi</strong></span> <span class='ocrx_word' id='word_1_572' title='bbox 3770 3781 3972 3822; x_wconf 73' lang='lat' dir='ltr'><strong>secun-</strong></span> 
     </span>
    </p>
   </div>
   <div class='ocr_carea' id='block_1_76' title="bbox 736 3856 1621 3912">
    <p class='ocr_par' dir='ltr' id='par_1_76' title="bbox 736 3856 1621 3912">
     <span class='ocr_line' id='line_1_76' title="bbox 736 3856 1621 3912; baseline -0.001 -1"><span class='ocrx_word' id='word_1_573' title='bbox 736 3859 862 3912; x_wconf 90' lang='lat' dir='ltr'><strong>dum</strong></span> <span class='ocrx_word' id='word_1_574' title='bbox 893 3872 950 3910; x_wconf 87' lang='lat' dir='ltr'><strong>se</strong></span> <span class='ocrx_word' id='word_1_575' title='bbox 976 3868 1142 3910; x_wconf 86' lang='lat' dir='ltr'><strong>totam</strong></span> <span class='ocrx_word' id='word_1_576' title='bbox 1179 3856 1370 3910; x_wconf 89' lang='lat' dir='ltr'><strong>eadem</strong></span> <span class='ocrx_word' id='word_1_577' title='bbox 1413 3856 1621 3910; x_wconf 83' lang='lat' dir='ltr'><strong>existit.</strong></span> 
     </span>
    </p>
   </div>
   <div class='ocr_carea' id='block_1_77' title="bbox 806 3949 2293 4022">
    <p class='ocr_par' dir='ltr' id='par_1_77' title="bbox 806 3949 2293 4022">
     <span class='ocr_line' id='line_1_77' title="bbox 806 3949 2293 4022; baseline 0 -18"><span class='ocrx_word' id='word_1_578' title='bbox 806 3950 835 4022; x_wconf 70' lang='grc' dir='ltr'><strong>ς</strong></span> <span class='ocrx_word' id='word_1_579' title='bbox 877 3949 963 4004; x_wconf 93' lang='lat' dir='ltr'><strong>lll.</strong></span> <span class='ocrx_word' id='word_1_580' title='bbox 1006 3950 1104 4004; x_wconf 87' lang='lat' dir='ltr'><strong>llic</strong></span> <span class='ocrx_word' id='word_1_581' title='bbox 1127 3950 1480 4019; x_wconf 86' lang='lat' dir='ltr'><strong>quorumdam</strong></span> <span class='ocrx_word' id='word_1_582' title='bbox 1514 3950 1908 4018; x_wconf 88' lang='lat' dir='ltr'><strong>quodammodo</strong></span> <span class='ocrx_word' id='word_1_583' title='bbox 1944 3951 2293 4019; x_wconf 74' lang='lat' dir='ltr'><strong>qutestionem</strong></span> 
     </span>
    </p>
   </div>
   <div class='ocr_carea' id='block_1_78' title="bbox 735 4041 2292 4112">
    <p class='ocr_par' dir='ltr' id='par_1_78' title="bbox 735 4041 2292 4112">
     <span class='ocr_line' id='line_1_78' title="bbox 735 4041 2292 4112; baseline 0 -19"><span class='ocrx_word' id='word_1_584' title='bbox 735 4041 927 4095; x_wconf 88' lang='lat' dir='ltr'><strong>inserit</strong></span> <span class='ocrx_word' id='word_1_585' title='bbox 965 4042 1259 4096; x_wconf 88' lang='lat' dir='ltr'><strong>dicentium</strong></span> <span class='ocrx_word' id='word_1_586' title='bbox 1292 4058 1306 4096; x_wconf 92' lang='lat'><strong>:</strong></span> <span class='ocrx_word' id='word_1_587' title='bbox 1343 4041 1627 4109; x_wconf 85' lang='lat' dir='ltr'><strong>Quomodo</strong></span> <span class='ocrx_word' id='word_1_588' title='bbox 1663 4043 1842 4096; x_wconf 88' lang='lat' dir='ltr'><strong>omnia</strong></span> <span class='ocrx_word' id='word_1_589' title='bbox 1895 4057 2079 4112; x_wconf 89' lang='lat' dir='ltr'><strong>pacem</strong></span> <span class='ocrx_word' id='word_1_590' title='bbox 2127 4056 2292 4111; x_wconf 89' lang='lat' dir='ltr'><strong>appe-</strong></span> 
     </span>
    </p>
   </div>
   <div class='ocr_carea' id='block_1_79' title="bbox 733 4133 2292 4202">
    <p class='ocr_par' dir='ltr' id='par_1_79' title="bbox 733 4133 2292 4202">
     <span class='ocr_line' id='line_1_79' title="bbox 733 4133 2292 4202; baseline 0 -16"><span class='ocrx_word' id='word_1_591' title='bbox 733 4141 872 4195; x_wconf 84' lang='lat' dir='ltr'><strong>tant,</strong></span> <span class='ocrx_word' id='word_1_592' title='bbox 907 4148 1029 4186; x_wconf 90' lang='lat' dir='ltr'><strong>cum</strong></span> <span class='ocrx_word' id='word_1_593' title='bbox 1083 4133 1260 4201; x_wconf 86' lang='lat' dir='ltr'><strong>aliqua</strong></span> <span class='ocrx_word' id='word_1_594' title='bbox 1305 4135 1414 4188; x_wconf 87' lang='lat' dir='ltr'><strong>sint</strong></span> <span class='ocrx_word' id='word_1_595' title='bbox 1444 4149 1565 4202; x_wconf 67' lang='lat' dir='ltr'><strong>qua:</strong></span> <span class='ocrx_word' id='word_1_596' title='bbox 1615 4133 1886 4188; x_wconf 82' lang='lat' dir='ltr'><strong>divisione</strong></span> <span class='ocrx_word' id='word_1_597' title='bbox 1931 4143 1984 4187; x_wconf 86' lang='lat' dir='ltr'><strong>et</strong></span> <span class='ocrx_word' id='word_1_598' title='bbox 2015 4134 2292 4188; x_wconf 86' lang='lat' dir='ltr'><strong>inimicitia</strong></span> 
     </span>
    </p>
   </div>
   <div class='ocr_carea' id='block_1_80' title="bbox 730 4222 2294 4291">
    <p class='ocr_par' dir='ltr' id='par_1_80' title="bbox 730 4222 2294 4291">
     <span class='ocr_line' id='line_1_80' title="bbox 730 4222 2294 4291; baseline 0 -18"><span class='ocrx_word' id='word_1_599' title='bbox 730 4222 1043 4290; x_wconf 72' lang='lat' dir='ltr'><strong>gaudeant?</strong></span> <span class='ocrx_word' id='word_1_600' title='bbox 1075 4223 1140 4277; x_wconf 85' lang='lat' dir='ltr'><strong>Et</strong></span> <span class='ocrx_word' id='word_1_601' title='bbox 1191 4238 1332 4277; x_wconf 92' lang='lat' dir='ltr'><strong>nunc</strong></span> <span class='ocrx_word' id='word_1_602' title='bbox 1376 4224 1592 4290; x_wconf 92' lang='lat' dir='ltr'><strong>quidem</strong></span> <span class='ocrx_word' id='word_1_603' title='bbox 1639 4223 1789 4278; x_wconf 89' lang='lat' dir='ltr'><strong>clare</strong></span> <span class='ocrx_word' id='word_1_604' title='bbox 1832 4223 1985 4289; x_wconf 84' lang='lat' dir='ltr'><strong>dicit,</strong></span> <span class='ocrx_word' id='word_1_605' title='bbox 2021 4239 2138 4291; x_wconf 67' lang='lat' dir='ltr'><strong>qua:</strong></span> <span class='ocrx_word' id='word_1_606' title='bbox 2185 4223 2294 4276; x_wconf 90' lang='lat' dir='ltr'><strong>sint</strong></span> 
     </span>
    </p>
   </div>
   <div class='ocr_carea' id='block_1_81' title="bbox 731 4314 2294 4381">
    <p class='ocr_par' dir='ltr' id='par_1_81' title="bbox 731 4314 2294 4381">
     <span class='ocr_line' id='line_1_81' title="bbox 731 4314 2294 4381; baseline 0.003 -18"><span class='ocrx_word' id='word_1_607' title='bbox 731 4329 850 4381; x_wconf 73' lang='lat' dir='ltr'><strong>qua:</strong></span> <span class='ocrx_word' id='word_1_608' title='bbox 902 4315 1214 4368; x_wconf 84' lang='lat' dir='ltr'><strong>diversitate</strong></span> <span class='ocrx_word' id='word_1_609' title='bbox 1264 4314 1624 4379; x_wconf 88' lang='lat' dir='ltr'><strong>delectentur,</strong></span> <span class='ocrx_word' id='word_1_610' title='bbox 1674 4315 1728 4368; x_wconf 90' lang='lat' dir='ltr'><strong>in</strong></span> <span class='ocrx_word' id='word_1_611' title='bbox 1771 4315 2120 4367; x_wconf 86' lang='lat' dir='ltr'><strong>distinctione</strong></span> <span class='ocrx_word' id='word_1_612' title='bbox 2166 4329 2294 4368; x_wconf 86' lang='lat' dir='ltr'><strong>vero</strong></span> 
     </span>
    </p>
   </div>
   <div class='ocr_carea' id='block_1_82' title="bbox 729 4403 2292 4473">
    <p class='ocr_par' dir='ltr' id='par_1_82' title="bbox 729 4403 2292 4473">
     <span class='ocr_line' id='line_1_82' title="bbox 729 4403 2292 4473; baseline 0 -17"><span class='ocrx_word' id='word_1_613' title='bbox 729 4403 892 4473; x_wconf 78' lang='lat'><strong>519</strong></span> <span class='ocrx_word' id='word_1_614' title='bbox 950 4405 1060 4457; x_wconf 74' lang='lat' dir='ltr'><strong>lucc</strong></span> <span class='ocrx_word' id='word_1_615' title='bbox 1112 4405 1282 4458; x_wconf 76' lang='lat' dir='ltr'><strong>ittsius</strong></span> <span class='ocrx_word' id='word_1_616' title='bbox 1341 4405 1580 4458; x_wconf 88' lang='lat' dir='ltr'><strong>dirimet.</strong></span> <span class='ocrx_word' id='word_1_617' title='bbox 1636 4405 1925 4472; x_wconf 88' lang='lat' dir='ltr'><strong>Triplicem</strong></span> <span class='ocrx_word' id='word_1_618' title='bbox 1981 4406 2163 4472; x_wconf 87' lang='lat' dir='ltr'><strong>itaque</strong></span> <span class='ocrx_word' id='word_1_619' title='bbox 2207 4420 2292 4458; x_wconf 90' lang='lat' dir='ltr'><strong>ra-</strong></span> 
     </span>
    </p>
   </div>
   <div class='ocr_carea' id='block_1_83' title="bbox 2471 3945 3971 4020">
    <p class='ocr_par' dir='ltr' id='par_1_83' title="bbox 2471 3945 3971 4020">
     <span class='ocr_line' id='line_1_83' title="bbox 2471 3945 3971 4020; baseline 0 -20"><span class='ocrx_word' id='word_1_620' title='bbox 2471 3947 2497 4020; x_wconf 83' lang='lat'>§</span> <span class='ocrx_word' id='word_1_621' title='bbox 2533 3951 2623 4002; x_wconf 88' lang='lat' dir='ltr'><strong>lll.</strong></span> <span class='ocrx_word' id='word_1_622' title='bbox 2679 3947 2955 4001; x_wconf 81' lang='grc' dir='ltr'>Ἐντεῦθεν</span> <span class='ocrx_word' id='word_1_623' title='bbox 2985 3947 3060 4010; x_wconf 87' lang='grc' dir='ltr'>ὡς</span> <span class='ocrx_word' id='word_1_624' title='bbox 3091 3945 3196 3998; x_wconf 89' lang='grc' dir='ltr'>ἀπό</span> <span class='ocrx_word' id='word_1_625' title='bbox 3225 3962 3388 3998; x_wconf 89' lang='grc' dir='ltr'>τινων</span> <span class='ocrx_word' id='word_1_626' title='bbox 3433 3945 3666 4015; x_wconf 85' lang='grc' dir='ltr'>ἀπορίαν</span> <span class='ocrx_word' id='word_1_627' title='bbox 3714 3949 3971 4017; x_wconf 85' lang='grc' dir='ltr'>παρενεί-</span> 
     </span>
    </p>
   </div>
   <div class='ocr_carea' id='block_1_84' title="bbox 2403 4035 3969 4111">
    <p class='ocr_par' dir='ltr' id='par_1_84' title="bbox 2403 4035 3969 4111">
     <span class='ocr_line' id='line_1_84' title="bbox 2403 4035 3969 4111; baseline -0.001 -21"><span class='ocrx_word' id='word_1_628' title='bbox 2403 4055 2503 4111; x_wconf 90' lang='grc' dir='ltr'>ρει,</span> <span class='ocrx_word' id='word_1_629' title='bbox 2540 4038 2662 4100; x_wconf 86' lang='grc' dir='ltr'><strong>Πῶς</strong></span> <span class='ocrx_word' id='word_1_630' title='bbox 2681 4077 2695 4102; x_wconf 92' lang='grc'><strong>,</strong></span> <span class='ocrx_word' id='word_1_631' title='bbox 2723 4037 3007 4105; x_wconf 83' lang='grc' dir='ltr'>λεγόντων,</span> <span class='ocrx_word' id='word_1_632' title='bbox 3039 4035 3248 4104; x_wconf 71' lang='grc' dir='ltr'>ἐφίεται</span> <span class='ocrx_word' id='word_1_633' title='bbox 3278 4035 3454 4087; x_wconf 84' lang='grc' dir='ltr'>πάντα</span> <span class='ocrx_word' id='word_1_634' title='bbox 3481 4035 3700 4104; x_wconf 75' lang='grc' dir='ltr'>αξρήνης</span> <span class='ocrx_word' id='word_1_635' title='bbox 3723 4074 3738 4096; x_wconf 89' lang='grc'><strong>,</strong></span> <span class='ocrx_word' id='word_1_636' title='bbox 3776 4036 3969 4109; x_wconf 78' lang='grc' dir='ltr'>ἐπειδὴ</span> 
     </span>
    </p>
   </div>
   <div class='ocr_carea' id='block_1_85' title="bbox 2397 4124 3971 4198">
    <p class='ocr_par' dir='ltr' id='par_1_85' title="bbox 2397 4124 3971 4198">
     <span class='ocr_line' id='line_1_85' title="bbox 2397 4124 3971 4198; baseline -0.001 -17"><span class='ocrx_word' id='word_1_637' title='bbox 2397 4129 2522 4181; x_wconf 83' lang='grc' dir='ltr'>τινά</span> <span class='ocrx_word' id='word_1_638' title='bbox 2551 4131 2655 4180; x_wconf 89' lang='grc' dir='ltr'>εἰσι</span> <span class='ocrx_word' id='word_1_639' title='bbox 2687 4130 2754 4198; x_wconf 77' lang='grc' dir='ltr'>τῇ</span> <span class='ocrx_word' id='word_1_640' title='bbox 2785 4126 3052 4198; x_wconf 89' lang='grc' dir='ltr'>διακρίσει</span> <span class='ocrx_word' id='word_1_641' title='bbox 3097 4126 3191 4179; x_wconf 71' lang='grc' dir='ltr'><strong>καὶ</strong></span> <span class='ocrx_word' id='word_1_642' title='bbox 3221 4129 3286 4196; x_wconf 82' lang='grc' dir='ltr'><strong>τῇ</strong></span> <span class='ocrx_word' id='word_1_643' title='bbox 3323 4125 3489 4196; x_wconf 79' lang='grc' dir='ltr'>ἔχθρᾳ</span> <span class='ocrx_word' id='word_1_644' title='bbox 3524 4124 3818 4195; x_wconf 88' lang='grc' dir='ltr'>χαίροντα;</span> <span class='ocrx_word' id='word_1_645' title='bbox 3856 4129 3971 4180; x_wconf 63' lang='grc' dir='ltr'><strong>Καὶ.</strong></span> 
     </span>
    </p>
   </div>
   <div class='ocr_carea' id='block_1_86' title="bbox 2399 4213 3970 4288">
    <p class='ocr_par' dir='ltr' id='par_1_86' title="bbox 2399 4213 3970 4288">
     <span class='ocr_line' id='line_1_86' title="bbox 2399 4213 3970 4288; baseline -0.004 -17"><span class='ocrx_word' id='word_1_646' title='bbox 2399 4219 2494 4272; x_wconf 83' lang='grc' dir='ltr'>νῦν</span> <span class='ocrx_word' id='word_1_647' title='bbox 2541 4215 2636 4288; x_wconf 82' lang='grc' dir='ltr'><strong>μὲν</strong></span> <span class='ocrx_word' id='word_1_648' title='bbox 2684 4217 2864 4286; x_wconf 77' lang='grc' dir='ltr'>σαφῶς</span> <span class='ocrx_word' id='word_1_649' title='bbox 2913 4217 3092 4283; x_wconf 80' lang='grc' dir='ltr'>λέγει,</span> <span class='ocrx_word' id='word_1_650' title='bbox 3137 4215 3259 4268; x_wconf 88' lang='grc' dir='ltr'>τίνα</span> <span class='ocrx_word' id='word_1_651' title='bbox 3309 4216 3414 4267; x_wconf 73' lang='grc' dir='ltr'>εἰσὶ</span> <span class='ocrx_word' id='word_1_652' title='bbox 3460 4213 3528 4266; x_wconf 88' lang='grc' dir='ltr'><strong>τά</strong></span> <span class='ocrx_word' id='word_1_653' title='bbox 3574 4217 3639 4284; x_wconf 82' lang='grc' dir='ltr'>τῇ</span> <span class='ocrx_word' id='word_1_654' title='bbox 3687 4215 3970 4286; x_wconf 76' lang='grc' dir='ltr'>ἑτερότητι</span> 
     </span>
    </p>
   </div>
   <div class='ocr_carea' id='block_1_87' title="bbox 2401 4310 3970 4384">
    <p class='ocr_par' dir='ltr' id='par_1_87' title="bbox 2401 4310 3970 4384">
     <span class='ocr_line' id='line_1_87' title="bbox 2401 4310 3970 4384; baseline -0.002 -17"><span class='ocrx_word' id='word_1_655' title='bbox 2401 4314 2673 4384; x_wconf 85' lang='grc' dir='ltr'>χαίροντα,</span> <span class='ocrx_word' id='word_1_656' title='bbox 2711 4316 2766 4365; x_wconf 84' lang='grc' dir='ltr'><strong>ἑν</strong></span> <span class='ocrx_word' id='word_1_657' title='bbox 2799 4313 2856 4364; x_wconf 82' lang='grc' dir='ltr'>δὲ</span> <span class='ocrx_word' id='word_1_658' title='bbox 2887 4315 2951 4381; x_wconf 82' lang='grc' dir='ltr'>τῇ</span> <span class='ocrx_word' id='word_1_659' title='bbox 2985 4311 3133 4363; x_wconf 85' lang='grc' dir='ltr'>λύσει</span> <span class='ocrx_word' id='word_1_660' title='bbox 3164 4311 3526 4382; x_wconf 80' lang='grc' dir='ltr'>διευκρινησει</span> <span class='ocrx_word' id='word_1_661' title='bbox 3557 4310 3730 4364; x_wconf 78' lang='grc' dir='ltr'>ταῦτα</span> <span class='ocrx_word' id='word_1_662' title='bbox 3763 4311 3970 4365; x_wconf 83' lang='grc' dir='ltr'>πλατύ-</span> 
     </span>
    </p>
   </div>
   <div class='ocr_carea' id='block_1_88' title="bbox 2397 4402 3966 4477">
    <p class='ocr_par' dir='ltr' id='par_1_88' title="bbox 2397 4402 3966 4477">
     <span class='ocr_line' id='line_1_88' title="bbox 2397 4402 3966 4477; baseline -0.003 -17"><span class='ocrx_word' id='word_1_663' title='bbox 2397 4423 2571 4477; x_wconf 89' lang='grc' dir='ltr'>τερον.</span> <span class='ocrx_word' id='word_1_664' title='bbox 2608 4405 2819 4476; x_wconf 85' lang='grc' dir='ltr'>Τριχῶς</span> <span class='ocrx_word' id='word_1_665' title='bbox 2867 4403 2996 4471; x_wconf 79' lang='grc' dir='ltr'>γοῦν</span> <span class='ocrx_word' id='word_1_666' title='bbox 3045 4407 3274 4458; x_wconf 83' lang='grc' dir='ltr'>ποιεῖται</span> <span class='ocrx_word' id='word_1_667' title='bbox 3311 4404 3408 4474; x_wconf 85' lang='grc' dir='ltr'>τὴν</span> <span class='ocrx_word' id='word_1_668' title='bbox 3441 4403 3532 4456; x_wconf 79' lang='grc' dir='ltr'>τοῦ</span> <span class='ocrx_word' id='word_1_669' title='bbox 3566 4402 3718 4472; x_wconf 79' lang='grc' dir='ltr'>λόγου</span> <span class='ocrx_word' id='word_1_670' title='bbox 3754 4405 3966 4473; x_wconf 78' lang='grc' dir='ltr'>ἔφοδον,</span> 
     </span>
    </p>
   </div>
   <div class='ocr_carea' id='block_1_89' title="bbox 729 4494 2378 4568">
    <p class='ocr_par' dir='ltr' id='par_1_89' title="bbox 729 4494 2362 4565">
     <span class='ocr_line' id='line_1_89' title="bbox 729 4494 2362 4565; baseline -0.001 -17"><span class='ocrx_word' id='word_1_671' title='bbox 729 4499 927 4549; x_wconf 83' lang='lat' dir='ltr'><strong>tinnem</strong></span> <span class='ocrx_word' id='word_1_672' title='bbox 977 4495 1166 4559; x_wconf 74' lang='lat' dir='ltr'><strong>aﬂ‘erl,</strong></span> <span class='ocrx_word' id='word_1_673' title='bbox 1209 4511 1274 4549; x_wconf 86' lang='lat' dir='ltr'><strong>ac</strong></span> <span class='ocrx_word' id='word_1_674' title='bbox 1316 4497 1544 4565; x_wconf 83' lang='lat' dir='ltr'><strong>primam</strong></span> <span class='ocrx_word' id='word_1_675' title='bbox 1592 4494 1809 4564; x_wconf 89' lang='lat' dir='ltr'><strong>quidem</strong></span> <span class='ocrx_word' id='word_1_676' title='bbox 1874 4495 2151 4562; x_wconf 88' lang='lat' dir='ltr'><strong>admittit,</strong></span> <span class='ocrx_word' id='word_1_677' title='bbox 2200 4509 2287 4548; x_wconf 87' lang='lat' dir='ltr'><strong>se-</strong></span> <span class='ocrx_word' id='word_1_678' title='bbox 2322 4500 2362 4555; x_wconf 82' lang='grc' dir='ltr'><strong>ι)</strong></span> 
     </span>
    </p>
   </div>
   <div class='ocr_carea' id='block_1_90' title="bbox 2316 4494 3965 4568">
    <p class='ocr_par' dir='ltr' id='par_1_90' title="bbox 2322 4494 3965 4568">
     <span class='ocr_line' id='line_1_90' title="bbox 2322 4494 3965 4568; baseline -0.004 -14"><span class='ocrx_word' id='word_1_679' title='bbox 2322 4500 2362 4555; x_wconf 92' lang='lat' dir='ltr'><strong>D</strong></span> <span class='ocrx_word' id='word_1_680' title='bbox 2392 4500 2485 4552; x_wconf 80' lang='grc' dir='ltr'><strong>καὶ</strong></span> <span class='ocrx_word' id='word_1_681' title='bbox 2515 4498 2604 4549; x_wconf 81' lang='grc' dir='ltr'><strong>τὸν</strong></span> <span class='ocrx_word' id='word_1_682' title='bbox 2642 4498 2738 4568; x_wconf 78' lang='grc' dir='ltr'><strong>μὲν</strong></span> <span class='ocrx_word' id='word_1_683' title='bbox 2766 4497 3026 4565; x_wconf 86' lang='grc' dir='ltr'>πρότερον</span> <span class='ocrx_word' id='word_1_684' title='bbox 3045 4494 3198 4562; x_wconf 88' lang='grc' dir='ltr'>λόγον</span> <span class='ocrx_word' id='word_1_685' title='bbox 3222 4494 3452 4563; x_wconf 87' lang='grc' dir='ltr'>δέχεται,</span> <span class='ocrx_word' id='word_1_686' title='bbox 3479 4494 3569 4546; x_wconf 79' lang='grc' dir='ltr'><strong>τὸν</strong></span> <span class='ocrx_word' id='word_1_687' title='bbox 3599 4494 3655 4546; x_wconf 82' lang='grc' dir='ltr'><strong>δὲ</strong></span> <span class='ocrx_word' id='word_1_688' title='bbox 3687 4495 3965 4566; x_wconf 83' lang='grc' dir='ltr'>δεύτερον,</span> 
     </span>
    </p>
   </div>
   <div class='ocr_carea' id='block_1_91' title="bbox 725 4583 2287 4655">
    <p class='ocr_par' dir='ltr' id='par_1_91' title="bbox 725 4583 2287 4655">
     <span class='ocr_line' id='line_1_91' title="bbox 725 4583 2287 4655; baseline -0.001 -18"><span class='ocrx_word' id='word_1_689' title='bbox 725 4586 956 4637; x_wconf 89' lang='lat' dir='ltr'><strong>cundant</strong></span> <span class='ocrx_word' id='word_1_690' title='bbox 1005 4600 1131 4638; x_wconf 79' lang='lat' dir='ltr'><strong>vero</strong></span> <span class='ocrx_word' id='word_1_691' title='bbox 1169 4596 1424 4655; x_wconf 89' lang='lat' dir='ltr'><strong>tanquam</strong></span> <span class='ocrx_word' id='word_1_692' title='bbox 1481 4585 1871 4653; x_wconf 84' lang='lat' dir='ltr'><strong>impossibilem</strong></span> <span class='ocrx_word' id='word_1_693' title='bbox 1933 4583 2129 4650; x_wconf 87' lang='lat' dir='ltr'><strong>rejicit,</strong></span> <span class='ocrx_word' id='word_1_694' title='bbox 2179 4593 2287 4637; x_wconf 72' lang='lat' dir='ltr'><strong>ter-</strong></span> 
     </span>
    </p>
   </div>
   <div class='ocr_carea' id='block_1_92' title="bbox 728 4675 2289 4746">
    <p class='ocr_par' dir='ltr' id='par_1_92' title="bbox 728 4675 2289 4746">
     <span class='ocr_line' id='line_1_92' title="bbox 728 4675 2289 4746; baseline 0 -18"><span class='ocrx_word' id='word_1_695' title='bbox 728 4677 853 4729; x_wconf 88' lang='lat' dir='ltr'><strong>tiam</strong></span> <span class='ocrx_word' id='word_1_696' title='bbox 887 4678 1120 4744; x_wconf 87' lang='lat' dir='ltr'><strong>denique</strong></span> <span class='ocrx_word' id='word_1_697' title='bbox 1176 4679 1507 4733; x_wconf 87' lang='lat' dir='ltr'><strong>moderatur.</strong></span> <span class='ocrx_word' id='word_1_698' title='bbox 1558 4679 1614 4731; x_wconf 73' lang='lat' dir='ltr'><strong>Si</strong></span> <span class='ocrx_word' id='word_1_699' title='bbox 1665 4678 1847 4746; x_wconf 81' lang='lat' dir='ltr'><strong>igitur,</strong></span> <span class='ocrx_word' id='word_1_700' title='bbox 1878 4677 2072 4746; x_wconf 85' lang='lat' dir='ltr'><strong>inquit,</strong></span> <span class='ocrx_word' id='word_1_701' title='bbox 2105 4675 2289 4743; x_wconf 83' lang='lat' dir='ltr'><strong>cujus-</strong></span> 
     </span>
    </p>
   </div>
   <div class='ocr_carea' id='block_1_93' title="bbox 724 4769 2281 4838">
    <p class='ocr_par' dir='ltr' id='par_1_93' title="bbox 724 4769 2281 4838">
     <span class='ocr_line' id='line_1_93' title="bbox 724 4769 2281 4838; baseline 0.002 -21"><span class='ocrx_word' id='word_1_702' title='bbox 724 4783 832 4834; x_wconf 90' lang='lat' dir='ltr'><strong>que</strong></span> <span class='ocrx_word' id='word_1_703' title='bbox 866 4770 943 4821; x_wconf 88' lang='lat' dir='ltr'><strong>rei</strong></span> <span class='ocrx_word' id='word_1_704' title='bbox 981 4770 1368 4838; x_wconf 82' lang='lat' dir='ltr'><strong>proprietatem</strong></span> <span class='ocrx_word' id='word_1_705' title='bbox 1421 4771 1544 4838; x_wconf 89' lang='lat' dir='ltr'><strong>quis</strong></span> <span class='ocrx_word' id='word_1_706' title='bbox 1588 4771 1756 4832; x_wconf 84' lang='lat' dir='ltr'><strong>dicat,</strong></span> <span class='ocrx_word' id='word_1_707' title='bbox 1787 4769 2082 4822; x_wconf 90' lang='lat' dir='ltr'><strong>secundum</strong></span> <span class='ocrx_word' id='word_1_708' title='bbox 2120 4783 2281 4837; x_wconf 90' lang='lat' dir='ltr'><strong>quam</strong></span> 
     </span>
    </p>
   </div>
   <div class='ocr_carea' id='block_1_94' title="bbox 725 4858 2280 4927">
    <p class='ocr_par' dir='ltr' id='par_1_94' title="bbox 725 4858 2280 4927">
     <span class='ocr_line' id='line_1_94' title="bbox 725 4858 2280 4927; baseline 0.001 -17"><span class='ocrx_word' id='word_1_709' title='bbox 725 4859 825 4910; x_wconf 82' lang='lat' dir='ltr'><strong>hoc</strong></span> <span class='ocrx_word' id='word_1_710' title='bbox 854 4859 1069 4926; x_wconf 83' lang='lat' dir='ltr'><strong>quidem</strong></span> <span class='ocrx_word' id='word_1_711' title='bbox 1125 4860 1287 4926; x_wconf 82' lang='lat' dir='ltr'><strong>ignis,</strong></span> <span class='ocrx_word' id='word_1_712' title='bbox 1334 4859 1465 4912; x_wconf 89' lang='lat' dir='ltr'><strong>illud</strong></span> <span class='ocrx_word' id='word_1_713' title='bbox 1500 4873 1629 4913; x_wconf 86' lang='lat' dir='ltr'><strong>vero</strong></span> <span class='ocrx_word' id='word_1_714' title='bbox 1674 4875 1836 4927; x_wconf 87' lang='lat' dir='ltr'><strong>aqua,</strong></span> <span class='ocrx_word' id='word_1_715' title='bbox 1868 4868 1922 4912; x_wconf 91' lang='lat' dir='ltr'><strong>et</strong></span> <span class='ocrx_word' id='word_1_716' title='bbox 1961 4858 2104 4911; x_wconf 89' lang='lat' dir='ltr'><strong>aliud</strong></span> <span class='ocrx_word' id='word_1_717' title='bbox 2138 4859 2280 4912; x_wconf 89' lang='lat' dir='ltr'><strong>aliud</strong></span> 
     </span>
    </p>
   </div>
   <div class='ocr_carea' id='block_1_95' title="bbox 721 4950 2277 5015">
    <p class='ocr_par' dir='ltr' id='par_1_95' title="bbox 721 4950 2277 5015">
     <span class='ocr_line' id='line_1_95' title="bbox 721 4950 2277 5015; baseline 0.001 -14"><span class='ocrx_word' id='word_1_718' title='bbox 721 4950 849 5015; x_wconf 90' lang='lat' dir='ltr'><strong>quid</strong></span> <span class='ocrx_word' id='word_1_719' title='bbox 874 4951 1082 5015; x_wconf 79' lang='lat' dir='ltr'><strong>existit,</strong></span> <span class='ocrx_word' id='word_1_720' title='bbox 1119 4962 1175 5005; x_wconf 94' lang='lat' dir='ltr'><strong>ut</strong></span> <span class='ocrx_word' id='word_1_721' title='bbox 1205 4952 1367 5004; x_wconf 90' lang='lat' dir='ltr'><strong>aliam</strong></span> <span class='ocrx_word' id='word_1_722' title='bbox 1413 4959 1661 5005; x_wconf 88' lang='lat' dir='ltr'><strong>naturam</strong></span> <span class='ocrx_word' id='word_1_723' title='bbox 1717 4951 1944 5014; x_wconf 87' lang='lat' dir='ltr'><strong>habens,</strong></span> <span class='ocrx_word' id='word_1_724' title='bbox 1976 4951 2277 5005; x_wconf 91' lang='lat' dir='ltr'><strong>istiusmodi</strong></span> 
     </span>
    </p>
   </div>
   <div class='ocr_carea' id='block_1_96' title="bbox 719 5039 2278 5112">
    <p class='ocr_par' dir='ltr' id='par_1_96' title="bbox 719 5039 2278 5112">
     <span class='ocr_line' id='line_1_96' title="bbox 719 5039 2278 5112; baseline -0.003 -17"><span class='ocrx_word' id='word_1_725' title='bbox 719 5043 1089 5095; x_wconf 81' lang='lat' dir='ltr'><strong>diversitatem</strong></span> <span class='ocrx_word' id='word_1_726' title='bbox 1133 5057 1233 5112; x_wconf 85' lang='lat' dir='ltr'><strong>ego</strong></span> <span class='ocrx_word' id='word_1_727' title='bbox 1262 5057 1481 5111; x_wconf 89' lang='lat' dir='ltr'><strong>quoque</strong></span> <span class='ocrx_word' id='word_1_728' title='bbox 1525 5041 1772 5102; x_wconf 88' lang='lat' dir='ltr'><strong>admitto,</strong></span> <span class='ocrx_word' id='word_1_729' title='bbox 1814 5055 1975 5107; x_wconf 86' lang='lat' dir='ltr'><strong>quam</strong></span> <span class='ocrx_word' id='word_1_730' title='bbox 2024 5055 2126 5091; x_wconf 87' lang='lat' dir='ltr'><strong>non</strong></span> <span class='ocrx_word' id='word_1_731' title='bbox 2159 5039 2278 5091; x_wconf 87' lang='lat' dir='ltr'><strong>dico</strong></span> 
     </span>
    </p>
   </div>
   <div class='ocr_carea' id='block_1_97' title="bbox 717 5131 2276 5202">
    <p class='ocr_par' dir='ltr' id='par_1_97' title="bbox 717 5131 2276 5202">
     <span class='ocr_line' id='line_1_97' title="bbox 717 5131 2276 5202; baseline -0.002 -18"><span class='ocrx_word' id='word_1_732' title='bbox 717 5134 1145 5200; x_wconf 60' lang='lat' dir='ltr'><strong>disiunctionem,</strong></span> <span class='ocrx_word' id='word_1_733' title='bbox 1171 5135 1262 5187; x_wconf 85' lang='lat' dir='ltr'><strong>sed</strong></span> <span class='ocrx_word' id='word_1_734' title='bbox 1292 5134 1471 5202; x_wconf 86' lang='lat' dir='ltr'><strong>potius</strong></span> <span class='ocrx_word' id='word_1_735' title='bbox 1504 5133 1758 5185; x_wconf 90' lang='lat' dir='ltr'><strong>unionem</strong></span> <span class='ocrx_word' id='word_1_736' title='bbox 1786 5142 1839 5184; x_wconf 90' lang='lat' dir='ltr'><strong>et</strong></span> <span class='ocrx_word' id='word_1_737' title='bbox 1868 5131 2276 5184; x_wconf 88' lang='lat' dir='ltr'><strong>consistentiam</strong></span> 
     </span>
    </p>
   </div>
   <div class='ocr_carea' id='block_1_98' title="bbox 716 5224 2279 5294">
    <p class='ocr_par' dir='ltr' id='par_1_98' title="bbox 716 5224 2279 5294">
     <span class='ocr_line' id='line_1_98' title="bbox 716 5224 2279 5294; baseline -0.005 -15"><span class='ocrx_word' id='word_1_738' title='bbox 716 5226 977 5294; x_wconf 84' lang='lat' dir='ltr'><strong>cujusque</strong></span> <span class='ocrx_word' id='word_1_739' title='bbox 1009 5227 1060 5279; x_wconf 91' lang='lat' dir='ltr'><strong>in</strong></span> <span class='ocrx_word' id='word_1_740' title='bbox 1093 5236 1237 5279; x_wconf 86' lang='lat' dir='ltr'><strong>statu</strong></span> <span class='ocrx_word' id='word_1_741' title='bbox 1266 5242 1365 5278; x_wconf 85' lang='lat' dir='ltr'><strong>suo</strong></span> <span class='ocrx_word' id='word_1_742' title='bbox 1396 5244 1410 5279; x_wconf 89' lang='lat'><strong>:</strong></span> <span class='ocrx_word' id='word_1_743' title='bbox 1441 5224 1574 5278; x_wconf 90' lang='lat' dir='ltr'><strong>nihil</strong></span> <span class='ocrx_word' id='word_1_744' title='bbox 1609 5224 1750 5277; x_wconf 87' lang='lat' dir='ltr'><strong>enim</strong></span> <span class='ocrx_word' id='word_1_745' title='bbox 1793 5237 1978 5274; x_wconf 88' lang='lat' dir='ltr'><strong>eorum</strong></span> <span class='ocrx_word' id='word_1_746' title='bbox 2005 5238 2122 5292; x_wconf 74' lang='lat' dir='ltr'><strong>qua:</strong></span> <span class='ocrx_word' id='word_1_747' title='bbox 2151 5229 2279 5274; x_wconf 87' lang='lat' dir='ltr'><strong>sunt</strong></span> 
     </span>
    </p>
   </div>
   <div class='ocr_carea' id='block_1_99' title="bbox 716 5313 2275 5386">
    <p class='ocr_par' dir='ltr' id='par_1_99' title="bbox 716 5313 2275 5386">
     <span class='ocr_line' id='line_1_99' title="bbox 716 5313 2275 5386; baseline -0.005 -14"><span class='ocrx_word' id='word_1_748' title='bbox 716 5323 861 5386; x_wconf 84' lang='lat' dir='ltr'><strong>cupit</strong></span> <span class='ocrx_word' id='word_1_749' title='bbox 889 5321 1115 5386; x_wconf 88' lang='lat' dir='ltr'><strong>perdere</strong></span> <span class='ocrx_word' id='word_1_750' title='bbox 1144 5319 1194 5371; x_wconf 93' lang='lat' dir='ltr'><strong>id</strong></span> <span class='ocrx_word' id='word_1_751' title='bbox 1225 5320 1367 5386; x_wconf 92' lang='lat' dir='ltr'><strong>quod</strong></span> <span class='ocrx_word' id='word_1_752' title='bbox 1398 5327 1516 5380; x_wconf 83' lang='lat' dir='ltr'><strong>est;</strong></span> <span class='ocrx_word' id='word_1_753' title='bbox 1551 5316 1735 5368; x_wconf 85' lang='lat' dir='ltr'><strong>volunt</strong></span> <span class='ocrx_word' id='word_1_754' title='bbox 1766 5314 1907 5367; x_wconf 89' lang='lat' dir='ltr'><strong>enim</strong></span> <span class='ocrx_word' id='word_1_755' title='bbox 1933 5313 2112 5367; x_wconf 89' lang='lat' dir='ltr'><strong>omnia</strong></span> <span class='ocrx_word' id='word_1_756' title='bbox 2153 5328 2275 5365; x_wconf 90' lang='lat' dir='ltr'><strong>cum</strong></span> 
     </span>
    </p>
   </div>
   <div class='ocr_carea' id='block_1_100' title="bbox 714 5405 2273 5479">
    <p class='ocr_par' dir='ltr' id='par_1_100' title="bbox 714 5405 2273 5479">
     <span class='ocr_line' id='line_1_100' title="bbox 714 5405 2273 5479; baseline -0.001 -18"><span class='ocrx_word' id='word_1_757' title='bbox 714 5409 1018 5479; x_wconf 83' lang='lat' dir='ltr'><strong>semetipsis</strong></span> <span class='ocrx_word' id='word_1_758' title='bbox 1061 5425 1248 5479; x_wconf 82' lang='lat' dir='ltr'><strong>pacem</strong></span> <span class='ocrx_word' id='word_1_759' title='bbox 1293 5409 1519 5469; x_wconf 87' lang='lat' dir='ltr'><strong>habere,</strong></span> <span class='ocrx_word' id='word_1_760' title='bbox 1553 5417 1717 5476; x_wconf 90' lang='lat' dir='ltr'><strong>atque</strong></span> <span class='ocrx_word' id='word_1_761' title='bbox 1747 5407 2054 5475; x_wconf 86' lang='lat' dir='ltr'><strong>proprietas</strong></span> <span class='ocrx_word' id='word_1_762' title='bbox 2086 5405 2273 5474; x_wconf 81' lang='lat' dir='ltr'><strong>cujus-</strong></span> 
     </span>
    </p>
   </div>
   <div class='ocr_carea' id='block_1_101' title="bbox 713 5504 1629 5571">
    <p class='ocr_par' dir='ltr' id='par_1_101' title="bbox 713 5504 1629 5571">
     <span class='ocr_line' id='line_1_101' title="bbox 713 5504 1629 5571; baseline 0.002 -20"><span class='ocrx_word' id='word_1_763' title='bbox 713 5517 817 5571; x_wconf 86' lang='lat' dir='ltr'><strong>que</strong></span> <span class='ocrx_word' id='word_1_764' title='bbox 853 5504 1034 5570; x_wconf 91' lang='lat' dir='ltr'><strong>potius</strong></span> <span class='ocrx_word' id='word_1_765' title='bbox 1065 5513 1255 5556; x_wconf 88' lang='lat' dir='ltr'><strong>custos</strong></span> <span class='ocrx_word' id='word_1_766' title='bbox 1285 5512 1370 5556; x_wconf 76' lang='lat' dir='ltr'><strong>est</strong></span> <span class='ocrx_word' id='word_1_767' title='bbox 1408 5513 1629 5556; x_wconf 72' lang='lat' dir='ltr'><strong>naturae.</strong></span> 
     </span>
    </p>
   </div>
   <div class='ocr_carea' id='block_1_102' title="bbox 825 5741 1300 5806">
    <p class='ocr_par' dir='ltr' id='par_1_102' title="bbox 825 5741 1300 5806">
     <span class='ocr_line' id='line_1_102' title="bbox 825 5741 1300 5806; baseline -0.013 -7"><span class='ocrx_word' id='word_1_768' title='bbox 825 5748 850 5786; x_wconf 77' lang='grc'>⁸</span> <span class='ocrx_word' id='word_1_769' title='bbox 881 5746 1000 5799; x_wconf 75' lang='lat' dir='ltr'><strong>Act.</strong></span> <span class='ocrx_word' id='word_1_770' title='bbox 1040 5757 1172 5806; x_wconf 77' lang='lat' dir='ltr'><strong>xv”,</strong></span> <span class='ocrx_word' id='word_1_771' title='bbox 1208 5741 1300 5795; x_wconf 68' lang='lat'><strong>28.</strong></span> 
     </span>
    </p>
   </div>
   <div class='ocr_carea' id='block_1_103' title="bbox 2392 4585 3969 4661">
    <p class='ocr_par' dir='ltr' id='par_1_103' title="bbox 2392 4585 3969 4661">
     <span class='ocr_line' id='line_1_103' title="bbox 2392 4585 3969 4661; baseline -0.001 -19"><span class='ocrx_word' id='word_1_772' title='bbox 2392 4592 2465 4654; x_wconf 88' lang='grc' dir='ltr'>ὼς</span> <span class='ocrx_word' id='word_1_773' title='bbox 2503 4590 2575 4661; x_wconf 86' lang='grc' dir='ltr'>μὴ</span> <span class='ocrx_word' id='word_1_774' title='bbox 2607 4590 2897 4660; x_wconf 80' lang='grc' dir='ltr'>δυνάμενον</span> <span class='ocrx_word' id='word_1_775' title='bbox 2931 4585 3088 4651; x_wconf 85' lang='grc' dir='ltr'>εἶναι,</span> <span class='ocrx_word' id='word_1_776' title='bbox 3124 4586 3502 4650; x_wconf 80' lang='grc' dir='ltr'>ἀποδάλλεται,</span> <span class='ocrx_word' id='word_1_777' title='bbox 3535 4588 3626 4638; x_wconf 85' lang='grc' dir='ltr'><strong>τὸν</strong></span> <span class='ocrx_word' id='word_1_778' title='bbox 3657 4587 3714 4640; x_wconf 85' lang='grc' dir='ltr'><strong>δέ</strong></span> <span class='ocrx_word' id='word_1_779' title='bbox 3747 4605 3810 4657; x_wconf 86' lang='grc' dir='ltr'><strong>γε</strong></span> <span class='ocrx_word' id='word_1_780' title='bbox 3844 4591 3969 4659; x_wconf 85' lang='grc' dir='ltr'>τρί-</span> 
     </span>
    </p>
   </div>
   <div class='ocr_carea' id='block_1_104' title="bbox 2390 4675 3966 4751">
    <p class='ocr_par' dir='ltr' id='par_1_104' title="bbox 2390 4675 3966 4751">
     <span class='ocr_line' id='line_1_104' title="bbox 2390 4675 3966 4751; baseline -0.003 -17"><span class='ocrx_word' id='word_1_781' title='bbox 2390 4699 2480 4734; x_wconf 90' lang='grc' dir='ltr'><strong>τον</strong></span> <span class='ocrx_word' id='word_1_782' title='bbox 2515 4680 2822 4751; x_wconf 87' lang='grc' dir='ltr'>θεραπεύει.</span> <span class='ocrx_word' id='word_1_783' title='bbox 2859 4679 2920 4730; x_wconf 89' lang='grc' dir='ltr'>Εἰ</span> <span class='ocrx_word' id='word_1_784' title='bbox 2954 4676 3083 4744; x_wconf 81' lang='grc' dir='ltr'>γοῦν</span> <span class='ocrx_word' id='word_1_785' title='bbox 3113 4676 3207 4746; x_wconf 85' lang='grc' dir='ltr'>τὴν</span> <span class='ocrx_word' id='word_1_786' title='bbox 3241 4675 3469 4730; x_wconf 84' lang='grc' dir='ltr'>ἑκάστου</span> <span class='ocrx_word' id='word_1_787' title='bbox 3506 4675 3759 4745; x_wconf 83' lang='grc' dir='ltr'>ἰδιότητα,</span> <span class='ocrx_word' id='word_1_788' title='bbox 3797 4679 3966 4747; x_wconf 70' lang='grc' dir='ltr'>φησιν</span> 
     </span>
    </p>
   </div>
   <div class='ocr_carea' id='block_1_105' title="bbox 2389 4766 3966 4840">
    <p class='ocr_par' dir='ltr' id='par_1_105' title="bbox 2389 4766 3966 4840">
     <span class='ocr_line' id='line_1_105' title="bbox 2389 4766 3966 4840; baseline -0.001 -17"><span class='ocrx_word' id='word_1_789' title='bbox 2389 4772 2416 4822; x_wconf 85' lang='grc' dir='ltr'>ὁ</span> <span class='ocrx_word' id='word_1_790' title='bbox 2450 4772 2640 4840; x_wconf 86' lang='grc' dir='ltr'>λέγων,</span> <span class='ocrx_word' id='word_1_791' title='bbox 2677 4769 2797 4822; x_wconf 78' lang='grc' dir='ltr'>καθ’</span> <span class='ocrx_word' id='word_1_792' title='bbox 2832 4770 2895 4839; x_wconf 81' lang='grc' dir='ltr'>ἦν</span> <span class='ocrx_word' id='word_1_793' title='bbox 2927 4767 3083 4820; x_wconf 79' lang='grc' dir='ltr'>τοῦτο</span> <span class='ocrx_word' id='word_1_794' title='bbox 3108 4767 3204 4838; x_wconf 83' lang='grc' dir='ltr'><strong>μὲν</strong></span> <span class='ocrx_word' id='word_1_795' title='bbox 3233 4767 3361 4837; x_wconf 63' lang='grc' dir='ltr'>πῦρ,</span> <span class='ocrx_word' id='word_1_796' title='bbox 3387 4766 3544 4819; x_wconf 78' lang='grc' dir='ltr'>τοῦτο</span> <span class='ocrx_word' id='word_1_797' title='bbox 3575 4767 3629 4819; x_wconf 76' lang='grc' dir='ltr'>δὲ</span> <span class='ocrx_word' id='word_1_798' title='bbox 3663 4767 3830 4837; x_wconf 72' lang='grc' dir='ltr'>ὕδωρ,</span> <span class='ocrx_word' id='word_1_799' title='bbox 3867 4770 3966 4821; x_wconf 71' lang='grc' dir='ltr'><strong>καὶ</strong></span> 
     </span>
    </p>
   </div>
   <div class='ocr_carea' id='block_1_106' title="bbox 2385 4856 3964 4932">
    <p class='ocr_par' dir='ltr' id='par_1_106' title="bbox 2385 4856 3964 4932">
     <span class='ocr_line' id='line_1_106' title="bbox 2385 4856 3964 4932; baseline -0.004 -17"><span class='ocrx_word' id='word_1_800' title='bbox 2385 4863 2545 4916; x_wconf 73' lang='grc' dir='ltr'>τοῦτο</span> <span class='ocrx_word' id='word_1_801' title='bbox 2565 4862 2750 4932; x_wconf 71' lang='grc' dir='ltr'>ἔτερόν</span> <span class='ocrx_word' id='word_1_802' title='bbox 2769 4879 2840 4924; x_wconf 91' lang='grc' dir='ltr'><strong>τι,</strong></span> <span class='ocrx_word' id='word_1_803' title='bbox 2870 4859 3042 4922; x_wconf 79' lang='grc' dir='ltr'>ἄλλως</span> <span class='ocrx_word' id='word_1_804' title='bbox 3065 4859 3162 4929; x_wconf 79' lang='grc' dir='ltr'><strong>τῆς</strong></span> <span class='ocrx_word' id='word_1_805' title='bbox 3189 4857 3400 4926; x_wconf 80' lang='grc' dir='ltr'>φύσεως</span> <span class='ocrx_word' id='word_1_806' title='bbox 3422 4856 3561 4927; x_wconf 78' lang='grc' dir='ltr'>ἕχον,</span> <span class='ocrx_word' id='word_1_807' title='bbox 3585 4856 3682 4926; x_wconf 85' lang='grc' dir='ltr'>τὴν</span> <span class='ocrx_word' id='word_1_808' title='bbox 3701 4857 3964 4926; x_wconf 76' lang='grc' dir='ltr'>τοιαύτην</span> 
     </span>
    </p>
   </div>
   <div class='ocr_carea' id='block_1_107' title="bbox 2387 4947 3961 5024">
    <p class='ocr_par' dir='ltr' id='par_1_107' title="bbox 2387 4947 3961 5024">
     <span class='ocr_line' id='line_1_107' title="bbox 2387 4947 3961 5024; baseline -0.002 -19"><span class='ocrx_word' id='word_1_809' title='bbox 2387 4954 2676 5024; x_wconf 80' lang='grc' dir='ltr'>ἑτερότητα</span> <span class='ocrx_word' id='word_1_810' title='bbox 2709 4950 2862 5019; x_wconf 86' lang='grc' dir='ltr'><strong>κάγὼ</strong></span> <span class='ocrx_word' id='word_1_811' title='bbox 2894 4950 3137 5020; x_wconf 87' lang='grc' dir='ltr'>δέχομαι,</span> <span class='ocrx_word' id='word_1_812' title='bbox 3161 4951 3225 5019; x_wconf 78' lang='grc' dir='ltr'>ἣν</span> <span class='ocrx_word' id='word_1_813' title='bbox 3249 4949 3307 5001; x_wconf 87' lang='grc' dir='ltr'><strong>οὐ</strong></span> <span class='ocrx_word' id='word_1_814' title='bbox 3342 4947 3482 5015; x_wconf 84' lang='grc' dir='ltr'>λέγω</span> <span class='ocrx_word' id='word_1_815' title='bbox 3513 4947 3800 5018; x_wconf 87' lang='grc' dir='ltr'>διάκρισιν,</span> <span class='ocrx_word' id='word_1_816' title='bbox 3824 4947 3961 5002; x_wconf 71' lang='grc' dir='ltr'>ἀλλὰ</span> 
     </span>
    </p>
   </div>
   <div class='ocr_carea' id='block_1_108' title="bbox 2389 5039 3957 5116">
    <p class='ocr_par' dir='ltr' id='par_1_108' title="bbox 2389 5039 3957 5116">
     <span class='ocr_line' id='line_1_108' title="bbox 2389 5039 3957 5116; baseline -0.004 -17"><span class='ocrx_word' id='word_1_817' title='bbox 2389 5046 2583 5116; x_wconf 81' lang='grc' dir='ltr'>μᾶλλον</span> <span class='ocrx_word' id='word_1_818' title='bbox 2621 5044 2810 5097; x_wconf 72' lang='grc' dir='ltr'>ἕνωσιν</span> <span class='ocrx_word' id='word_1_819' title='bbox 2864 5043 2998 5113; x_wconf 84' lang='grc' dir='ltr'>πρὸς</span> <span class='ocrx_word' id='word_1_820' title='bbox 3043 5041 3201 5094; x_wconf 85' lang='grc' dir='ltr'>ἑαυτὸ</span> <span class='ocrx_word' id='word_1_821' title='bbox 3246 5040 3472 5093; x_wconf 84' lang='grc' dir='ltr'>ἑκάστου</span> <span class='ocrx_word' id='word_1_822' title='bbox 3519 5041 3612 5092; x_wconf 71' lang='grc' dir='ltr'><strong>καὶ</strong></span> <span class='ocrx_word' id='word_1_823' title='bbox 3659 5039 3957 5102; x_wconf 80' lang='grc' dir='ltr'>σύστασιν·</span> 
     </span>
    </p>
   </div>
   <div class='ocr_carea' id='block_1_109' title="bbox 2384 5132 3956 5209">
    <p class='ocr_par' dir='ltr' id='par_1_109' title="bbox 2384 5132 3956 5209">
     <span class='ocr_line' id='line_1_109' title="bbox 2384 5132 3956 5209; baseline -0.004 -17"><span class='ocrx_word' id='word_1_824' title='bbox 2384 5141 2532 5192; x_wconf 79' lang='grc' dir='ltr'>οὐδὲν</span> <span class='ocrx_word' id='word_1_825' title='bbox 2565 5138 2673 5209; x_wconf 80' lang='grc' dir='ltr'><strong>γὰρ</strong></span> <span class='ocrx_word' id='word_1_826' title='bbox 2704 5137 2812 5189; x_wconf 84' lang='grc' dir='ltr'>τῶν</span> <span class='ocrx_word' id='word_1_827' title='bbox 2849 5136 3014 5189; x_wconf 76' lang='grc' dir='ltr'>ὄντων</span> <span class='ocrx_word' id='word_1_828' title='bbox 3061 5133 3232 5187; x_wconf 87' lang='grc' dir='ltr'>ἑθέλει</span> <span class='ocrx_word' id='word_1_829' title='bbox 3280 5132 3564 5186; x_wconf 79' lang='grc' dir='ltr'>ἀπολλύειν</span> <span class='ocrx_word' id='word_1_830' title='bbox 3612 5133 3751 5203; x_wconf 84' lang='grc' dir='ltr'>ὅπερ</span> <span class='ocrx_word' id='word_1_831' title='bbox 3798 5133 3914 5185; x_wconf 85' lang='grc' dir='ltr'>ἑστί</span> <span class='ocrx_word' id='word_1_832' title='bbox 3939 5150 3956 5165; x_wconf 79' lang='grc' dir='ltr'><strong>ο</strong></span> 
     </span>
    </p>
   </div>
   <div class='ocr_carea' id='block_1_110' title="bbox 2385 5225 3961 5301">
    <p class='ocr_par' dir='ltr' id='par_1_110' title="bbox 2385 5225 3961 5301">
     <span class='ocr_line' id='line_1_110' title="bbox 2385 5225 3961 5301; baseline -0.003 -18"><span class='ocrx_word' id='word_1_833' title='bbox 2385 5233 2561 5286; x_wconf 84' lang='grc' dir='ltr'>πάντα</span> <span class='ocrx_word' id='word_1_834' title='bbox 2593 5231 2700 5301; x_wconf 81' lang='grc' dir='ltr'><strong>γὰρ</strong></span> <span class='ocrx_word' id='word_1_835' title='bbox 2735 5229 2904 5281; x_wconf 80' lang='grc' dir='ltr'>ἐθέλει</span> <span class='ocrx_word' id='word_1_836' title='bbox 2931 5225 3229 5299; x_wconf 80' lang='grc' dir='ltr'>εἰρηνεύειν</span> <span class='ocrx_word' id='word_1_837' title='bbox 3265 5226 3398 5297; x_wconf 86' lang='grc' dir='ltr'>πρὸς</span> <span class='ocrx_word' id='word_1_838' title='bbox 3425 5225 3613 5289; x_wconf 83' lang='grc' dir='ltr'>ἑαυτὰ,</span> <span class='ocrx_word' id='word_1_839' title='bbox 3639 5226 3734 5278; x_wconf 74' lang='grc' dir='ltr'><strong>καὶ</strong></span> <span class='ocrx_word' id='word_1_840' title='bbox 3766 5227 3800 5297; x_wconf 79' lang='grc' dir='ltr'><strong>ἡ</strong></span> <span class='ocrx_word' id='word_1_841' title='bbox 3840 5225 3961 5279; x_wconf 80' lang='grc' dir='ltr'>ἰδιό-</span> 
     </span>
    </p>
   </div>
   <div class='ocr_carea' id='block_1_111' title="bbox 2377 5317 3583 5395">
    <p class='ocr_par' dir='ltr' id='par_1_111' title="bbox 2377 5317 3583 5395">
     <span class='ocr_line' id='line_1_111' title="bbox 2377 5317 3583 5395; baseline -0.002 -20"><span class='ocrx_word' id='word_1_842' title='bbox 2377 5341 2475 5394; x_wconf 88' lang='grc' dir='ltr'><strong>της</strong></span> <span class='ocrx_word' id='word_1_843' title='bbox 2509 5323 2721 5393; x_wconf 81' lang='grc' dir='ltr'>φυλακὴ</span> <span class='ocrx_word' id='word_1_844' title='bbox 2759 5320 2956 5395; x_wconf 79' lang='grc' dir='ltr'>μᾶλλον</span> <span class='ocrx_word' id='word_1_845' title='bbox 2987 5319 3087 5384; x_wconf 65' lang='grc' dir='ltr'>τῆς</span> <span class='ocrx_word' id='word_1_846' title='bbox 3121 5317 3330 5386; x_wconf 82' lang='grc' dir='ltr'>φύσεως</span> <span class='ocrx_word' id='word_1_847' title='bbox 3364 5318 3583 5387; x_wconf 80' lang='grc' dir='ltr'>γίνεται.</span> 
     </span>
    </p>
   </div>
  </div>
