  <div class='ocr_page' id='page_1' title='image "/cluster/home/n/w/nwhite01/storage/ocr_20150623/3/pst.000003853313/492.png"; bbox 0 0 4176 6314; ppageno 0'>
   <div class='ocr_carea' id='block_1_1' title="bbox 232 372 334 429">
    <p class='ocr_par' dir='ltr' id='par_1_1' title="bbox 232 372 334 429">
     <span class='ocr_line' id='line_1_1' title="bbox 232 372 334 429; baseline 0 0"><span class='ocrx_word' id='word_1_1' title='bbox 232 372 334 429; x_wconf 84' lang='grc'><strong>965</strong></span> 
     </span>
    </p>
   </div>
   <div class='ocr_carea' id='block_1_2' title="bbox 795 343 2860 430">
    <p class='ocr_par' dir='ltr' id='par_1_2' title="bbox 795 343 2860 430">
     <span class='ocr_line' id='line_1_2' title="bbox 795 343 2860 430; baseline -0 -6"><span class='ocrx_word' id='word_1_2' title='bbox 795 365 882 424; x_wconf 87' lang='lat' dir='ltr'><strong>DE</strong></span> <span class='ocrx_word' id='word_1_3' title='bbox 914 365 1164 422; x_wconf 84' lang='lat' dir='ltr'><strong>DtVINlS</strong></span> <span class='ocrx_word' id='word_1_4' title='bbox 1194 361 1583 430; x_wconf 73' lang='lat' dir='ltr'><strong>NOMINfBUS,</strong></span> <span class='ocrx_word' id='word_1_5' title='bbox 1618 362 1771 420; x_wconf 82' lang='lat' dir='ltr'><strong>CAP.</strong></span> <span class='ocrx_word' id='word_1_6' title='bbox 1796 359 1887 416; x_wconf 73' lang='lat' dir='ltr'><strong>XL</strong></span> <span class='ocrx_word' id='word_1_7' title='bbox 1915 391 1984 401; x_wconf 61' lang='grc' dir='ltr'><strong>μ-</strong></span> <span class='ocrx_word' id='word_1_8' title='bbox 2017 360 2359 417; x_wconf 74' lang='lat' dir='ltr'><strong>mmmm.</strong></span> <span class='ocrx_word' id='word_1_9' title='bbox 2399 343 2860 424; x_wconf 51' lang='lat' dir='ltr'><strong>mcuvnenie.</strong></span> 
     </span>
    </p>
   </div>
   <div class='ocr_carea' id='block_1_3' title="bbox 3383 373 3487 431">
    <p class='ocr_par' dir='ltr' id='par_1_3' title="bbox 3383 373 3487 431">
     <span class='ocr_line' id='line_1_3' title="bbox 3383 373 3487 431; baseline 0.01 -1"><span class='ocrx_word' id='word_1_10' title='bbox 3383 373 3487 431; x_wconf 86' lang='lat'><em>966</em></span> 
     </span>
    </p>
   </div>
   <div class='ocr_carea' id='block_1_4' title="bbox 300 475 1810 557">
    <p class='ocr_par' dir='ltr' id='par_1_4' title="bbox 300 478 1804 557">
     <span class='ocr_line' id='line_1_4' title="bbox 300 478 1804 557; baseline -0.008 -15"><span class='ocrx_word' id='word_1_11' title='bbox 300 487 327 557; x_wconf 62' lang='grc' dir='ltr'>ᾗ</span> <span class='ocrx_word' id='word_1_12' title='bbox 369 486 452 541; x_wconf 81' lang='lat' dir='ltr'><strong>IV.</strong></span> <span class='ocrx_word' id='word_1_13' title='bbox 489 485 602 540; x_wconf 77' lang='grc' dir='ltr'><strong>Καὶ</strong></span> <span class='ocrx_word' id='word_1_14' title='bbox 631 483 684 538; x_wconf 88' lang='grc' dir='ltr'><strong>τί</strong></span> <span class='ocrx_word' id='word_1_15' title='bbox 716 483 858 551; x_wconf 86' lang='grc' dir='ltr'>λέγω</span> <span class='ocrx_word' id='word_1_16' title='bbox 888 481 1062 536; x_wconf 83' lang='grc' dir='ltr'>ταῦτα</span> <span class='ocrx_word' id='word_1_17' title='bbox 1090 482 1182 534; x_wconf 74' lang='grc' dir='ltr'><strong>ἐπὶ</strong></span> <span class='ocrx_word' id='word_1_18' title='bbox 1210 483 1320 543; x_wconf 86' lang='grc' dir='ltr'>τοῖς</span> <span class='ocrx_word' id='word_1_19' title='bbox 1350 479 1423 550; x_wconf 82' lang='grc' dir='ltr'>μὴ</span> <span class='ocrx_word' id='word_1_20' title='bbox 1448 478 1804 550; x_wconf 84' lang='grc' dir='ltr'><strong>κινουμένοις,</strong></span> 
     </span>
    </p>
   </div>
   <div class='ocr_carea' id='block_1_5' title="bbox 1910 475 3489 557">
    <p class='ocr_par' dir='ltr' id='par_1_5' title="bbox 1987 475 3489 552">
     <span class='ocr_line' id='line_1_5' title="bbox 1987 475 3489 552; baseline 0.009 -22"><span class='ocrx_word' id='word_1_21' title='bbox 1987 475 2013 546; x_wconf 86' lang='lat'><strong>§</strong></span> <span class='ocrx_word' id='word_1_22' title='bbox 2055 477 2144 535; x_wconf 78' lang='lat' dir='ltr'><strong>IV.</strong></span> <span class='ocrx_word' id='word_1_23' title='bbox 2189 478 2254 531; x_wconf 87' lang='lat' dir='ltr'><strong>Et</strong></span> <span class='ocrx_word' id='word_1_24' title='bbox 2285 479 2413 546; x_wconf 87' lang='lat' dir='ltr'><strong>quid</strong></span> <span class='ocrx_word' id='word_1_25' title='bbox 2456 479 2578 533; x_wconf 89' lang='lat' dir='ltr'><strong>dico</strong></span> <span class='ocrx_word' id='word_1_26' title='bbox 2608 481 2722 534; x_wconf 72' lang='lat' dir='ltr'><strong>haec</strong></span> <span class='ocrx_word' id='word_1_27' title='bbox 2753 482 2818 535; x_wconf 90' lang='lat' dir='ltr'><strong>de</strong></span> <span class='ocrx_word' id='word_1_28' title='bbox 2851 478 2955 536; x_wconf 91' lang='lat' dir='ltr'><strong>illis</strong></span> <span class='ocrx_word' id='word_1_29' title='bbox 2983 497 3103 552; x_wconf 75' lang='lat' dir='ltr'><strong>qua:</strong></span> <span class='ocrx_word' id='word_1_30' title='bbox 3132 499 3236 538; x_wconf 89' lang='lat' dir='ltr'><strong>non</strong></span> <span class='ocrx_word' id='word_1_31' title='bbox 3265 502 3489 543; x_wconf 77' lang='lat' dir='ltr'><strong>moven-</strong></span> 
     </span>
    </p>
   </div>
   <div class='ocr_carea' id='block_1_6' title="bbox 230 569 1814 645">
    <p class='ocr_par' dir='ltr' id='par_1_6' title="bbox 230 569 1814 645">
     <span class='ocr_line' id='line_1_6' title="bbox 230 569 1814 645; baseline -0.006 -13"><span class='ocrx_word' id='word_1_32' title='bbox 230 579 344 632; x_wconf 80' lang='grc' dir='ltr'>ἀλλ’</span> <span class='ocrx_word' id='word_1_33' title='bbox 381 579 760 639; x_wconf 78' lang='grc' dir='ltr'><strong>ἀστασιάστοις</strong></span> <span class='ocrx_word' id='word_1_34' title='bbox 794 575 889 628; x_wconf 67' lang='grc' dir='ltr'>καὶ</span> <span class='ocrx_word' id='word_1_35' title='bbox 922 569 1301 645; x_wconf 79' lang='grc' dir='ltr'><strong>ἡσυχάζουσιν,</strong></span> <span class='ocrx_word' id='word_1_36' title='bbox 1335 571 1469 624; x_wconf 83' lang='grc' dir='ltr'>ὅπου</span> <span class='ocrx_word' id='word_1_37' title='bbox 1503 587 1565 640; x_wconf 83' lang='grc' dir='ltr'><strong>γε</strong></span> <span class='ocrx_word' id='word_1_38' title='bbox 1598 570 1694 624; x_wconf 80' lang='grc' dir='ltr'><strong>καί.</strong></span> <span class='ocrx_word' id='word_1_39' title='bbox 1726 570 1814 622; x_wconf 75' lang='grc' dir='ltr'><strong>ἐπ’</strong></span> 
     </span>
    </p>
   </div>
   <div class='ocr_carea' id='block_1_7' title="bbox 232 658 1816 733">
    <p class='ocr_par' dir='ltr' id='par_1_7' title="bbox 232 658 1816 733">
     <span class='ocr_line' id='line_1_7' title="bbox 232 658 1816 733; baseline -0.006 -12"><span class='ocrx_word' id='word_1_40' title='bbox 232 668 416 730; x_wconf 79' lang='grc' dir='ltr'>αὑτοῖς</span> <span class='ocrx_word' id='word_1_41' title='bbox 431 667 543 729; x_wconf 87' lang='grc' dir='ltr'>τοῖς</span> <span class='ocrx_word' id='word_1_42' title='bbox 562 663 896 733; x_wconf 89' lang='grc' dir='ltr'>κινουμένοις</span> <span class='ocrx_word' id='word_1_43' title='bbox 917 661 1034 715; x_wconf 77' lang='grc' dir='ltr'>καθ’</span> <span class='ocrx_word' id='word_1_44' title='bbox 1055 660 1340 715; x_wconf 77' lang='grc' dir='ltr'>ὁποιανοῦν</span> <span class='ocrx_word' id='word_1_45' title='bbox 1376 659 1609 730; x_wconf 86' lang='grc' dir='ltr'>κίνησιν,</span> <span class='ocrx_word' id='word_1_46' title='bbox 1629 658 1816 729; x_wconf 82' lang='grc' dir='ltr'>ὥσπερ</span> 
     </span>
    </p>
   </div>
   <div class='ocr_carea' id='block_1_8' title="bbox 234 746 1811 825">
    <p class='ocr_par' dir='ltr' id='par_1_8' title="bbox 234 746 1811 825">
     <span class='ocr_line' id='line_1_8' title="bbox 234 746 1811 825; baseline -0.007 -16"><span class='ocrx_word' id='word_1_47' title='bbox 234 758 326 810; x_wconf 74' lang='grc' dir='ltr'>ἐπὶ</span> <span class='ocrx_word' id='word_1_48' title='bbox 361 755 508 825; x_wconf 84' lang='grc' dir='ltr'>ήλίου</span> <span class='ocrx_word' id='word_1_49' title='bbox 545 753 642 806; x_wconf 84' lang='grc' dir='ltr'>ἰδοι</span> <span class='ocrx_word' id='word_1_50' title='bbox 674 769 759 814; x_wconf 88' lang='grc' dir='ltr'><strong>τις</strong></span> <span class='ocrx_word' id='word_1_51' title='bbox 793 751 877 812; x_wconf 87' lang='grc' dir='ltr'><strong>ἂν,</strong></span> <span class='ocrx_word' id='word_1_52' title='bbox 914 751 946 821; x_wconf 79' lang='grc' dir='ltr'>ἢ</span> <span class='ocrx_word' id='word_1_53' title='bbox 982 751 1072 802; x_wconf 77' lang='grc' dir='ltr'>ἐπὶ</span> <span class='ocrx_word' id='word_1_54' title='bbox 1102 749 1206 801; x_wconf 86' lang='grc' dir='ltr'><strong>τῶν</strong></span> <span class='ocrx_word' id='word_1_55' title='bbox 1232 747 1411 818; x_wconf 83' lang='grc' dir='ltr'>μερῶν</span> <span class='ocrx_word' id='word_1_56' title='bbox 1437 747 1530 800; x_wconf 78' lang='grc' dir='ltr'>τοῦ</span> <span class='ocrx_word' id='word_1_57' title='bbox 1563 746 1811 818; x_wconf 79' lang='grc' dir='ltr'>ούρανοῦ,</span> 
     </span>
    </p>
   </div>
   <div class='ocr_carea' id='block_1_9' title="bbox 232 835 1816 918">
    <p class='ocr_par' dir='ltr' id='par_1_9' title="bbox 232 835 1816 918">
     <span class='ocr_line' id='line_1_9' title="bbox 232 835 1816 918; baseline -0.006 -20"><span class='ocrx_word' id='word_1_58' title='bbox 232 848 265 918; x_wconf 80' lang='grc' dir='ltr'>ἢ</span> <span class='ocrx_word' id='word_1_59' title='bbox 302 847 392 897; x_wconf 72' lang='grc' dir='ltr'><strong>ἐπ’</strong></span> <span class='ocrx_word' id='word_1_60' title='bbox 425 835 1057 912; x_wconf 78' lang='grc' dir='ltr'>ἀλλωνέὑμεταϐόλων,</span> <span class='ocrx_word' id='word_1_61' title='bbox 1107 839 1202 891; x_wconf 74' lang='grc' dir='ltr'>καὶ</span> <span class='ocrx_word' id='word_1_62' title='bbox 1251 841 1328 900; x_wconf 89' lang='grc' dir='ltr'><strong>εἰς</strong></span> <span class='ocrx_word' id='word_1_63' title='bbox 1380 836 1507 890; x_wconf 78' lang='grc' dir='ltr'>ἄλλο</span> <span class='ocrx_word' id='word_1_64' title='bbox 1553 837 1646 889; x_wconf 72' lang='grc' dir='ltr'><strong>καὶ</strong></span> <span class='ocrx_word' id='word_1_65' title='bbox 1692 835 1816 889; x_wconf 85' lang='grc' dir='ltr'>ἀλλο</span> 
     </span>
    </p>
   </div>
   <div class='ocr_carea' id='block_1_10' title="bbox 234 927 1814 1009">
    <p class='ocr_par' dir='ltr' id='par_1_10' title="bbox 234 927 1814 1009">
     <span class='ocr_line' id='line_1_10' title="bbox 234 927 1814 1009; baseline -0.008 -18"><span class='ocrx_word' id='word_1_66' title='bbox 234 937 507 1009; x_wconf 71' lang='grc' dir='ltr'>ῥεπόντων</span> <span class='ocrx_word' id='word_1_67' title='bbox 533 935 641 999; x_wconf 86' lang='grc' dir='ltr'><strong>;ὼς</strong></span> <span class='ocrx_word' id='word_1_68' title='bbox 675 933 768 986; x_wconf 80' lang='grc' dir='ltr'><strong>καί</strong></span> <span class='ocrx_word' id='word_1_69' title='bbox 791 932 850 983; x_wconf 87' lang='grc' dir='ltr'><strong>τὸ</strong></span> <span class='ocrx_word' id='word_1_70' title='bbox 875 931 974 1000; x_wconf 80' lang='grc' dir='ltr'><strong>τῆς</strong></span> <span class='ocrx_word' id='word_1_71' title='bbox 1001 930 1288 1002; x_wconf 76' lang='grc' dir='ltr'><strong>ἀστραπῆς</strong></span> <span class='ocrx_word' id='word_1_72' title='bbox 1322 928 1452 999; x_wconf 74' lang='grc' dir='ltr'>ἔχει,</span> <span class='ocrx_word' id='word_1_73' title='bbox 1490 928 1688 991; x_wconf 80' lang='grc' dir='ltr'>εὐθέως</span> <span class='ocrx_word' id='word_1_74' title='bbox 1719 927 1814 997; x_wconf 81' lang='grc' dir='ltr'><strong>τὴν</strong></span> 
     </span>
    </p>
   </div>
   <div class='ocr_carea' id='block_1_11' title="bbox 233 1018 1817 1100">
    <p class='ocr_par' dir='ltr' id='par_1_11' title="bbox 233 1018 1817 1100">
     <span class='ocr_line' id='line_1_11' title="bbox 233 1018 1817 1100; baseline -0.009 -16"><span class='ocrx_word' id='word_1_75' title='bbox 233 1031 385 1084; x_wconf 81' lang='grc' dir='ltr'>κάτω</span> <span class='ocrx_word' id='word_1_76' title='bbox 417 1029 628 1100; x_wconf 88' lang='grc' dir='ltr'>κίνησιν</span> <span class='ocrx_word' id='word_1_77' title='bbox 661 1024 1019 1095; x_wconf 80' lang='grc' dir='ltr'>κινουμένης,</span> <span class='ocrx_word' id='word_1_78' title='bbox 1058 1023 1151 1076; x_wconf 76' lang='grc' dir='ltr'><strong>καὶ</strong></span> <span class='ocrx_word' id='word_1_79' title='bbox 1185 1021 1346 1074; x_wconf 86' lang='grc' dir='ltr'>πάλιν</span> <span class='ocrx_word' id='word_1_80' title='bbox 1379 1021 1478 1090; x_wconf 86' lang='grc' dir='ltr'>τὴν</span> <span class='ocrx_word' id='word_1_81' title='bbox 1514 1019 1655 1072; x_wconf 80' lang='grc' dir='ltr'>ἄνω”</span> <span class='ocrx_word' id='word_1_82' title='bbox 1691 1019 1723 1089; x_wconf 86' lang='grc' dir='ltr'>ἦ</span> <span class='ocrx_word' id='word_1_83' title='bbox 1757 1018 1817 1070; x_wconf 89' lang='grc' dir='ltr'><strong>τὸ</strong></span> 
     </span>
    </p>
   </div>
   <div class='ocr_carea' id='block_1_12' title="bbox 231 1112 1817 1194">
    <p class='ocr_par' dir='ltr' id='par_1_12' title="bbox 231 1112 1817 1194">
     <span class='ocr_line' id='line_1_12' title="bbox 231 1112 1817 1194; baseline -0.007 -20"><span class='ocrx_word' id='word_1_84' title='bbox 231 1123 331 1194; x_wconf 86' lang='grc' dir='ltr'>τῆς</span> <span class='ocrx_word' id='word_1_85' title='bbox 383 1119 692 1189; x_wconf 82' lang='grc' dir='ltr'><strong>Θαλάσσης,</strong></span> <span class='ocrx_word' id='word_1_86' title='bbox 746 1117 838 1170; x_wconf 82' lang='grc' dir='ltr'>νῦν</span> <span class='ocrx_word' id='word_1_87' title='bbox 889 1117 984 1187; x_wconf 85' lang='grc' dir='ltr'><strong>μὲν</strong></span> <span class='ocrx_word' id='word_1_88' title='bbox 1034 1113 1439 1184; x_wconf 85' lang='grc' dir='ltr'>κυμαινούσης,</span> <span class='ocrx_word' id='word_1_89' title='bbox 1475 1112 1567 1165; x_wconf 80' lang='grc' dir='ltr'>νῦν</span> <span class='ocrx_word' id='word_1_90' title='bbox 1599 1112 1654 1164; x_wconf 82' lang='grc' dir='ltr'>δὲ</span> <span class='ocrx_word' id='word_1_91' title='bbox 1688 1114 1817 1182; x_wconf 76' lang='grc' dir='ltr'>ἡσυ-</span> 
     </span>
    </p>
   </div>
   <div class='ocr_carea' id='block_1_13' title="bbox 225 1202 1816 1285">
    <p class='ocr_par' dir='ltr' id='par_1_13' title="bbox 225 1202 1816 1285">
     <span class='ocr_line' id='line_1_13' title="bbox 225 1202 1816 1285; baseline -0.009 -17"><span class='ocrx_word' id='word_1_92' title='bbox 225 1211 508 1285; x_wconf 67' lang='grc' dir='ltr'><strong>Δχαζούσης</strong></span> <span class='ocrx_word' id='word_1_93' title='bbox 529 1252 542 1275; x_wconf 87' lang='grc'><strong>,</strong></span> <span class='ocrx_word' id='word_1_94' title='bbox 577 1212 712 1263; x_wconf 86' lang='grc' dir='ltr'>ὅπου</span> <span class='ocrx_word' id='word_1_95' title='bbox 744 1227 807 1277; x_wconf 90' lang='grc' dir='ltr'><strong>γε</strong></span> <span class='ocrx_word' id='word_1_96' title='bbox 840 1207 1024 1261; x_wconf 90' lang='grc' dir='ltr'>λοιπὸν</span> <span class='ocrx_word' id='word_1_97' title='bbox 1058 1207 1151 1260; x_wconf 67' lang='grc' dir='ltr'><strong>καὶ</strong></span> <span class='ocrx_word' id='word_1_98' title='bbox 1185 1205 1321 1275; x_wconf 77' lang='grc' dir='ltr'>αὑτὴ</span> <span class='ocrx_word' id='word_1_99' title='bbox 1353 1207 1386 1276; x_wconf 80' lang='grc' dir='ltr'><strong>η</strong></span> <span class='ocrx_word' id='word_1_100' title='bbox 1420 1202 1816 1272; x_wconf 86' lang='grc' dir='ltr'>ἀλλεπάλληλος</span> 
     </span>
    </p>
   </div>
   <div class='ocr_carea' id='block_1_14' title="bbox 233 1294 1817 1376">
    <p class='ocr_par' dir='ltr' id='par_1_14' title="bbox 233 1294 1817 1376">
     <span class='ocr_line' id='line_1_14' title="bbox 233 1294 1817 1376; baseline -0.008 -18"><span class='ocrx_word' id='word_1_101' title='bbox 233 1305 453 1376; x_wconf 84' lang='grc' dir='ltr'>κίνησις</span> <span class='ocrx_word' id='word_1_102' title='bbox 485 1304 544 1356; x_wconf 87' lang='grc' dir='ltr'><strong>οὑ</strong></span> <span class='ocrx_word' id='word_1_103' title='bbox 581 1301 866 1371; x_wconf 79' lang='grc' dir='ltr'>καθίστησι</span> <span class='ocrx_word' id='word_1_104' title='bbox 912 1300 1011 1370; x_wconf 82' lang='grc' dir='ltr'>τὴν</span> <span class='ocrx_word' id='word_1_105' title='bbox 1062 1297 1324 1368; x_wconf 76' lang='grc' dir='ltr'>διαφορὰν</span> <span class='ocrx_word' id='word_1_106' title='bbox 1369 1297 1462 1349; x_wconf 71' lang='grc' dir='ltr'>καὶ</span> <span class='ocrx_word' id='word_1_107' title='bbox 1508 1294 1606 1366; x_wconf 84' lang='grc' dir='ltr'>τὴν</span> <span class='ocrx_word' id='word_1_108' title='bbox 1639 1295 1817 1366; x_wconf 86' lang='grc' dir='ltr'>έτερό-</span> 
     </span>
    </p>
   </div>
   <div class='ocr_carea' id='block_1_15' title="bbox 233 1383 1817 1467">
    <p class='ocr_par' dir='ltr' id='par_1_15' title="bbox 233 1383 1817 1467">
     <span class='ocr_line' id='line_1_15' title="bbox 233 1383 1817 1467; baseline -0.009 -18"><span class='ocrx_word' id='word_1_109' title='bbox 233 1413 406 1467; x_wconf 82' lang='grc' dir='ltr'>τητα,</span> <span class='ocrx_word' id='word_1_110' title='bbox 441 1393 574 1449; x_wconf 89' lang='grc' dir='ltr'><strong>ἀλλά</strong></span> <span class='ocrx_word' id='word_1_111' title='bbox 608 1393 668 1446; x_wconf 89' lang='grc' dir='ltr'><strong>τὸ</strong></span> <span class='ocrx_word' id='word_1_112' title='bbox 698 1391 898 1445; x_wconf 87' lang='grc' dir='ltr'>ταὺτὸν</span> <span class='ocrx_word' id='word_1_113' title='bbox 931 1392 1029 1461; x_wconf 83' lang='grc' dir='ltr'><strong>τῆς</strong></span> <span class='ocrx_word' id='word_1_114' title='bbox 1063 1386 1279 1456; x_wconf 86' lang='grc' dir='ltr'>φύσεως</span> <span class='ocrx_word' id='word_1_115' title='bbox 1313 1385 1709 1449; x_wconf 84' lang='grc' dir='ltr'>ἀποδείκνυσιν,</span> <span class='ocrx_word' id='word_1_116' title='bbox 1743 1383 1817 1446; x_wconf 84' lang='grc' dir='ltr'>ὼς</span> 
     </span>
    </p>
   </div>
   <div class='ocr_carea' id='block_1_16' title="bbox 232 1475 1815 1557">
    <p class='ocr_par' dir='ltr' id='par_1_16' title="bbox 232 1475 1815 1557">
     <span class='ocr_line' id='line_1_16' title="bbox 232 1475 1815 1557; baseline -0.009 -16"><span class='ocrx_word' id='word_1_117' title='bbox 232 1487 491 1557; x_wconf 77' lang='grc' dir='ltr'>τοιαύτην</span> <span class='ocrx_word' id='word_1_118' title='bbox 535 1485 627 1538; x_wconf 80' lang='grc' dir='ltr'>τοῦ</span> <span class='ocrx_word' id='word_1_119' title='bbox 674 1483 993 1554; x_wconf 81' lang='grc' dir='ltr'>πράγματος</span> <span class='ocrx_word' id='word_1_120' title='bbox 1042 1480 1255 1550; x_wconf 81' lang='grc' dir='ltr'>ἔχοντος</span> <span class='ocrx_word' id='word_1_121' title='bbox 1289 1477 1448 1547; x_wconf 88' lang='grc' dir='ltr'>φύσιν</span> <span class='ocrx_word' id='word_1_122' title='bbox 1496 1475 1815 1546; x_wconf 81' lang='grc' dir='ltr'>κινουμένην</span> 
     </span>
    </p>
   </div>
   <div class='ocr_carea' id='block_1_17' title="bbox 233 1565 1816 1648">
    <p class='ocr_par' dir='ltr' id='par_1_17' title="bbox 233 1565 1816 1648">
     <span class='ocr_line' id='line_1_17' title="bbox 233 1565 1816 1648; baseline -0.01 -16"><span class='ocrx_word' id='word_1_123' title='bbox 233 1579 329 1632; x_wconf 72' lang='grc' dir='ltr'><strong>καὶ</strong></span> <span class='ocrx_word' id='word_1_124' title='bbox 362 1576 802 1648; x_wconf 82' lang='grc' dir='ltr'>μεταπίπτουσαν</span> <span class='ocrx_word' id='word_1_125' title='bbox 843 1573 939 1642; x_wconf 79' lang='grc' dir='ltr'><strong>τῆς</strong></span> <span class='ocrx_word' id='word_1_126' title='bbox 992 1572 1240 1642; x_wconf 85' lang='grc' dir='ltr'>εἰρήνης,</span> <span class='ocrx_word' id='word_1_127' title='bbox 1275 1568 1368 1620; x_wconf 73' lang='grc' dir='ltr'>καὶ</span> <span class='ocrx_word' id='word_1_128' title='bbox 1398 1567 1518 1618; x_wconf 88' lang='grc' dir='ltr'>τότε</span> <span class='ocrx_word' id='word_1_129' title='bbox 1553 1567 1687 1636; x_wconf 79' lang='grc' dir='ltr'>αὑτῇ</span> <span class='ocrx_word' id='word_1_130' title='bbox 1720 1565 1816 1635; x_wconf 80' lang='grc' dir='ltr'><strong>τὴν</strong></span> 
     </span>
    </p>
   </div>
   <div class='ocr_carea' id='block_1_18' title="bbox 234 1657 1816 1740">
    <p class='ocr_par' dir='ltr' id='par_1_18' title="bbox 234 1657 1816 1740">
     <span class='ocr_line' id='line_1_18' title="bbox 234 1657 1816 1740; baseline -0.009 -17"><span class='ocrx_word' id='word_1_131' title='bbox 234 1668 519 1740; x_wconf 80' lang='grc' dir='ltr'>κινητικὴν</span> <span class='ocrx_word' id='word_1_132' title='bbox 567 1658 708 1738; x_wconf 77' lang='grc' dir='ltr'>ζωὴν</span> <span class='ocrx_word' id='word_1_133' title='bbox 758 1666 1013 1736; x_wconf 86' lang='grc' dir='ltr'>ἀκίνητον</span> <span class='ocrx_word' id='word_1_134' title='bbox 1065 1659 1455 1731; x_wconf 83' lang='grc' dir='ltr'>φυλαττούσης,</span> <span class='ocrx_word' id='word_1_135' title='bbox 1495 1661 1674 1722; x_wconf 86' lang='grc' dir='ltr'>καθὼς</span> <span class='ocrx_word' id='word_1_136' title='bbox 1707 1657 1816 1727; x_wconf 76' lang='grc' dir='ltr'>ἔχει</span> 
     </span>
    </p>
   </div>
   <div class='ocr_carea' id='block_1_19' title="bbox 234 1778 475 1833">
    <p class='ocr_par' dir='ltr' id='par_1_19' title="bbox 234 1778 475 1833">
     <span class='ocr_line' id='line_1_19' title="bbox 234 1778 475 1833; baseline -0.004 -17"><span class='ocrx_word' id='word_1_137' title='bbox 234 1778 475 1833; x_wconf 83' lang='grc' dir='ltr'>φύσεως.</span> 
     </span>
    </p>
   </div>
   <div class='ocr_carea' id='block_1_20' title="bbox 1919 556 3482 644">
    <p class='ocr_par' dir='ltr' id='par_1_20' title="bbox 1919 556 3482 644">
     <span class='ocr_line' id='line_1_20' title="bbox 1919 556 3482 644; baseline 0.007 -23"><span class='ocrx_word' id='word_1_138' title='bbox 1919 575 2032 632; x_wconf 90' lang='lat' dir='ltr'><strong>tur,</strong></span> <span class='ocrx_word' id='word_1_139' title='bbox 2062 569 2157 623; x_wconf 87' lang='lat' dir='ltr'><strong>sed</strong></span> <span class='ocrx_word' id='word_1_140' title='bbox 2201 556 2318 623; x_wconf 88' lang='lat' dir='ltr'><strong>sine</strong></span> <span class='ocrx_word' id='word_1_141' title='bbox 2351 569 2628 625; x_wconf 78' lang='lat' dir='ltr'><strong>deditione</strong></span> <span class='ocrx_word' id='word_1_142' title='bbox 2673 582 2840 641; x_wconf 89' lang='lat' dir='ltr'><strong>atque</strong></span> <span class='ocrx_word' id='word_1_143' title='bbox 2875 574 2928 628; x_wconf 92' lang='lat' dir='ltr'><strong>in</strong></span> <span class='ocrx_word' id='word_1_144' title='bbox 2959 577 3141 644; x_wconf 82' lang='lat' dir='ltr'><strong>quiete</strong></span> <span class='ocrx_word' id='word_1_145' title='bbox 3176 589 3324 642; x_wconf 89' lang='lat' dir='ltr'><strong>sunt,</strong></span> <span class='ocrx_word' id='word_1_146' title='bbox 3361 596 3482 635; x_wconf 89' lang='lat' dir='ltr'><strong>cum</strong></span> 
     </span>
    </p>
   </div>
   <div class='ocr_carea' id='block_1_21' title="bbox 1916 659 3482 733">
    <p class='ocr_par' dir='ltr' id='par_1_21' title="bbox 1916 659 3482 733">
     <span class='ocr_line' id='line_1_21' title="bbox 1916 659 3482 733; baseline 0.006 -22"><span class='ocrx_word' id='word_1_147' title='bbox 1916 659 1968 712; x_wconf 88' lang='lat' dir='ltr'><strong>id</strong></span> <span class='ocrx_word' id='word_1_148' title='bbox 2005 660 2168 713; x_wconf 89' lang='lat' dir='ltr'><strong>etiam</strong></span> <span class='ocrx_word' id='word_1_149' title='bbox 2199 660 2376 714; x_wconf 86' lang='lat' dir='ltr'><strong>locum</strong></span> <span class='ocrx_word' id='word_1_150' title='bbox 2415 660 2610 714; x_wconf 86' lang='lat' dir='ltr'><strong>habeat</strong></span> <span class='ocrx_word' id='word_1_151' title='bbox 2647 661 2698 714; x_wconf 89' lang='lat' dir='ltr'><strong>in</strong></span> <span class='ocrx_word' id='word_1_152' title='bbox 2738 662 2801 714; x_wconf 84' lang='lat' dir='ltr'><strong>iis</strong></span> <span class='ocrx_word' id='word_1_153' title='bbox 2833 679 2953 731; x_wconf 72' lang='lat' dir='ltr'><strong>qua:</strong></span> <span class='ocrx_word' id='word_1_154' title='bbox 2985 678 3306 733; x_wconf 87' lang='lat' dir='ltr'><strong>quocunque</strong></span> <span class='ocrx_word' id='word_1_155' title='bbox 3337 679 3482 721; x_wconf 86' lang='lat' dir='ltr'><strong>mutu</strong></span> 
     </span>
    </p>
   </div>
   <div class='ocr_carea' id='block_1_22' title="bbox 1915 748 3484 822">
    <p class='ocr_par' dir='ltr' id='par_1_22' title="bbox 1915 748 3484 822">
     <span class='ocr_line' id='line_1_22' title="bbox 1915 748 3484 822; baseline 0.004 -20"><span class='ocrx_word' id='word_1_156' title='bbox 1915 750 2150 810; x_wconf 91' lang='lat' dir='ltr'><strong>cientur,</strong></span> <span class='ocrx_word' id='word_1_157' title='bbox 2178 758 2233 799; x_wconf 86' lang='grc' dir='ltr'><strong>ιιι</strong></span> <span class='ocrx_word' id='word_1_158' title='bbox 2265 748 2316 800; x_wconf 91' lang='lat' dir='ltr'><strong>in</strong></span> <span class='ocrx_word' id='word_1_159' title='bbox 2352 749 2465 802; x_wconf 91' lang='lat' dir='ltr'><strong>sole</strong></span> <span class='ocrx_word' id='word_1_160' title='bbox 2490 749 2676 802; x_wconf 85' lang='lat' dir='ltr'><strong>videre</strong></span> <span class='ocrx_word' id='word_1_161' title='bbox 2709 751 2829 818; x_wconf 93' lang='lat' dir='ltr'><strong>quis</strong></span> <span class='ocrx_word' id='word_1_162' title='bbox 2869 752 3065 819; x_wconf 90' lang='lat' dir='ltr'><strong>possit,</strong></span> <span class='ocrx_word' id='word_1_163' title='bbox 3093 753 3176 806; x_wconf 88' lang='lat' dir='ltr'><strong>vel</strong></span> <span class='ocrx_word' id='word_1_164' title='bbox 3227 755 3277 807; x_wconf 90' lang='lat' dir='ltr'><strong>in</strong></span> <span class='ocrx_word' id='word_1_165' title='bbox 3312 758 3484 822; x_wconf 85' lang='lat' dir='ltr'><strong>parti-</strong></span> 
     </span>
    </p>
   </div>
   <div class='ocr_carea' id='block_1_23' title="bbox 1916 837 3480 912">
    <p class='ocr_par' dir='ltr' id='par_1_23' title="bbox 1916 837 3480 912">
     <span class='ocr_line' id='line_1_23' title="bbox 1916 837 3480 912; baseline 0.003 -19"><span class='ocrx_word' id='word_1_166' title='bbox 1916 843 2015 893; x_wconf 90' lang='lat' dir='ltr'><strong>bus</strong></span> <span class='ocrx_word' id='word_1_167' title='bbox 2042 838 2188 902; x_wconf 75' lang='grc' dir='ltr'>σωιί,</span> <span class='ocrx_word' id='word_1_168' title='bbox 2217 837 2301 892; x_wconf 80' lang='lat' dir='ltr'><strong>vel</strong></span> <span class='ocrx_word' id='word_1_169' title='bbox 2335 839 2388 891; x_wconf 91' lang='lat' dir='ltr'><strong>in</strong></span> <span class='ocrx_word' id='word_1_170' title='bbox 2427 838 2548 894; x_wconf 90' lang='lat' dir='ltr'><strong>aliis</strong></span> <span class='ocrx_word' id='word_1_171' title='bbox 2571 855 2690 908; x_wconf 59' lang='lat' dir='ltr'><strong>qua</strong></span> <span class='ocrx_word' id='word_1_172' title='bbox 2718 839 2877 894; x_wconf 86' lang='lat' dir='ltr'><strong>facile</strong></span> <span class='ocrx_word' id='word_1_173' title='bbox 2908 851 3207 908; x_wconf 81' lang='lat' dir='ltr'><strong>imitantur,</strong></span> <span class='ocrx_word' id='word_1_174' title='bbox 3239 854 3400 912; x_wconf 83' lang='lat' dir='ltr'><strong>atque</strong></span> <span class='ocrx_word' id='word_1_175' title='bbox 3429 846 3480 898; x_wconf 93' lang='lat' dir='ltr'><strong>in</strong></span> 
     </span>
    </p>
   </div>
   <div class='ocr_carea' id='block_1_24' title="bbox 1915 929 3484 1001">
    <p class='ocr_par' dir='ltr' id='par_1_24' title="bbox 1915 929 3484 1001">
     <span class='ocr_line' id='line_1_24' title="bbox 1915 929 3484 1001; baseline 0.004 -19"><span class='ocrx_word' id='word_1_176' title='bbox 1915 930 2020 983; x_wconf 89' lang='lat' dir='ltr'><strong>alia</strong></span> <span class='ocrx_word' id='word_1_177' title='bbox 2065 941 2230 997; x_wconf 87' lang='lat' dir='ltr'><strong>atque</strong></span> <span class='ocrx_word' id='word_1_178' title='bbox 2265 929 2368 982; x_wconf 91' lang='lat' dir='ltr'><strong>alia</strong></span> <span class='ocrx_word' id='word_1_179' title='bbox 2411 941 2667 1000; x_wconf 82' lang='lat' dir='ltr'><strong>vergunt;</strong></span> <span class='ocrx_word' id='word_1_180' title='bbox 2705 931 2845 984; x_wconf 89' lang='lat' dir='ltr'><strong>sicut</strong></span> <span class='ocrx_word' id='word_1_181' title='bbox 2893 933 3056 985; x_wconf 92' lang='lat' dir='ltr'><strong>etiam</strong></span> <span class='ocrx_word' id='word_1_182' title='bbox 3112 933 3161 986; x_wconf 90' lang='lat' dir='ltr'><strong>in</strong></span> <span class='ocrx_word' id='word_1_183' title='bbox 3191 934 3396 1001; x_wconf 78' lang='lat' dir='ltr'><strong>fulgure</strong></span> <span class='ocrx_word' id='word_1_184' title='bbox 3426 951 3484 989; x_wconf 88' lang='lat' dir='ltr'><strong>se</strong></span> 
     </span>
    </p>
   </div>
   <div class='ocr_carea' id='block_1_25' title="bbox 1918 1022 3488 1090">
    <p class='ocr_par' dir='ltr' id='par_1_25' title="bbox 1918 1022 3488 1090">
     <span class='ocr_line' id='line_1_25' title="bbox 1918 1022 3488 1090; baseline 0.003 -15"><span class='ocrx_word' id='word_1_185' title='bbox 1918 1037 2006 1075; x_wconf 90' lang='lat' dir='ltr'><strong>res</strong></span> <span class='ocrx_word' id='word_1_186' title='bbox 2034 1022 2224 1086; x_wconf 78' lang='lat' dir='ltr'><strong>habet,</strong></span> <span class='ocrx_word' id='word_1_187' title='bbox 2269 1022 2411 1090; x_wconf 89' lang='lat' dir='ltr'><strong>quod</strong></span> <span class='ocrx_word' id='word_1_188' title='bbox 2446 1032 2765 1090; x_wconf 83' lang='lat' dir='ltr'><strong>extcmpore</strong></span> <span class='ocrx_word' id='word_1_189' title='bbox 2811 1023 3067 1077; x_wconf 81' lang='lat' dir='ltr'><strong>deorsum</strong></span> <span class='ocrx_word' id='word_1_190' title='bbox 3115 1035 3382 1090; x_wconf 76' lang='lat' dir='ltr'><strong>movetur,</strong></span> <span class='ocrx_word' id='word_1_191' title='bbox 3430 1037 3488 1080; x_wconf 89' lang='lat' dir='ltr'><strong>et</strong></span> 
     </span>
    </p>
   </div>
   <div class='ocr_carea' id='block_1_26' title="bbox 1916 1110 3482 1184">
    <p class='ocr_par' dir='ltr' id='par_1_26' title="bbox 1916 1110 3482 1184">
     <span class='ocr_line' id='line_1_26' title="bbox 1916 1110 3482 1184; baseline 0.003 -20"><span class='ocrx_word' id='word_1_192' title='bbox 1916 1112 2110 1165; x_wconf 91' lang='lat' dir='ltr'><strong>iterum</strong></span> <span class='ocrx_word' id='word_1_193' title='bbox 2152 1125 2407 1170; x_wconf 85' lang='lat' dir='ltr'><strong>sursum;</strong></span> <span class='ocrx_word' id='word_1_194' title='bbox 2443 1110 2525 1163; x_wconf 90' lang='lat' dir='ltr'><strong>vel</strong></span> <span class='ocrx_word' id='word_1_195' title='bbox 2562 1113 2613 1164; x_wconf 90' lang='lat' dir='ltr'><strong>in</strong></span> <span class='ocrx_word' id='word_1_196' title='bbox 2647 1112 2807 1178; x_wconf 88' lang='lat' dir='ltr'><strong>mari,</strong></span> <span class='ocrx_word' id='word_1_197' title='bbox 2849 1113 3007 1164; x_wconf 89' lang='lat' dir='ltr'><strong>modo</strong></span> <span class='ocrx_word' id='word_1_198' title='bbox 3032 1114 3250 1180; x_wconf 69' lang='lat' dir='ltr'><strong>quidem</strong></span> <span class='ocrx_word' id='word_1_199' title='bbox 3274 1117 3482 1184; x_wconf 84' lang='lat' dir='ltr'><strong>procel-</strong></span> 
     </span>
    </p>
   </div>
   <div class='ocr_carea' id='block_1_27' title="bbox 1919 1202 3483 1276">
    <p class='ocr_par' dir='ltr' id='par_1_27' title="bbox 1919 1202 3483 1276">
     <span class='ocr_line' id='line_1_27' title="bbox 1919 1202 3483 1276; baseline 0.004 -22"><span class='ocrx_word' id='word_1_200' title='bbox 1919 1203 2053 1266; x_wconf 89' lang='lat' dir='ltr'><strong>loso,</strong></span> <span class='ocrx_word' id='word_1_201' title='bbox 2090 1202 2248 1254; x_wconf 92' lang='lat' dir='ltr'><strong>modo</strong></span> <span class='ocrx_word' id='word_1_202' title='bbox 2283 1217 2414 1255; x_wconf 83' lang='lat' dir='ltr'><strong>vero</strong></span> <span class='ocrx_word' id='word_1_203' title='bbox 2465 1202 2787 1270; x_wconf 86' lang='lat' dir='ltr'><strong>tranquillo,</strong></span> <span class='ocrx_word' id='word_1_204' title='bbox 2837 1206 2909 1256; x_wconf 83' lang='lat' dir='ltr'><strong>ita</strong></span> <span class='ocrx_word' id='word_1_205' title='bbox 2951 1214 3008 1256; x_wconf 91' lang='lat' dir='ltr'><strong>ut</strong></span> <span class='ocrx_word' id='word_1_206' title='bbox 3043 1206 3206 1257; x_wconf 87' lang='lat' dir='ltr'><strong>etiam</strong></span> <span class='ocrx_word' id='word_1_207' title='bbox 3256 1207 3483 1276; x_wconf 83' lang='lat' dir='ltr'><strong>ipsamct</strong></span> 
     </span>
    </p>
   </div>
   <div class='ocr_carea' id='block_1_28' title="bbox 1917 1294 3485 1355">
    <p class='ocr_par' dir='ltr' id='par_1_28' title="bbox 1917 1294 3485 1355">
     <span class='ocr_line' id='line_1_28' title="bbox 1917 1294 3485 1355; baseline 0.004 -7"><span class='ocrx_word' id='word_1_208' title='bbox 1917 1294 2125 1348; x_wconf 91' lang='lat' dir='ltr'><strong>alterna</strong></span> <span class='ocrx_word' id='word_1_209' title='bbox 2171 1296 2339 1348; x_wconf 89' lang='lat' dir='ltr'><strong>motio</strong></span> <span class='ocrx_word' id='word_1_210' title='bbox 2391 1311 2497 1349; x_wconf 92' lang='lat' dir='ltr'><strong>non</strong></span> <span class='ocrx_word' id='word_1_211' title='bbox 2546 1297 2847 1350; x_wconf 81' lang='lat' dir='ltr'><strong>constituat</strong></span> <span class='ocrx_word' id='word_1_212' title='bbox 2906 1296 3269 1352; x_wconf 71' lang='lat' dir='ltr'><strong>differentiam</strong></span> <span class='ocrx_word' id='word_1_213' title='bbox 3313 1308 3369 1354; x_wconf 92' lang='lat' dir='ltr'><strong>et</strong></span> <span class='ocrx_word' id='word_1_214' title='bbox 3404 1303 3485 1355; x_wconf 88' lang='lat' dir='ltr'><strong>di-</strong></span> 
     </span>
    </p>
   </div>
   <div class='ocr_carea' id='block_1_29' title="bbox 1917 1386 3481 1454">
    <p class='ocr_par' dir='ltr' id='par_1_29' title="bbox 1917 1386 3481 1454">
     <span class='ocr_line' id='line_1_29' title="bbox 1917 1386 3481 1454; baseline 0.004 -16"><span class='ocrx_word' id='word_1_215' title='bbox 1917 1386 2232 1439; x_wconf 84' lang='lat' dir='ltr'><strong>versitatem</strong></span> <span class='ocrx_word' id='word_1_216' title='bbox 2263 1425 2278 1447; x_wconf 93' lang='lat'><strong>,</strong></span> <span class='ocrx_word' id='word_1_217' title='bbox 2344 1387 2437 1440; x_wconf 86' lang='lat' dir='ltr'><strong>sed</strong></span> <span class='ocrx_word' id='word_1_218' title='bbox 2484 1399 2690 1440; x_wconf 73' lang='lat' dir='ltr'><strong>natura:</strong></span> <span class='ocrx_word' id='word_1_219' title='bbox 2743 1387 3078 1442; x_wconf 87' lang='lat' dir='ltr'><strong>identitatem</strong></span> <span class='ocrx_word' id='word_1_220' title='bbox 3128 1389 3481 1454; x_wconf 79' lang='lat' dir='ltr'><strong>demonstret,</strong></span> 
     </span>
    </p>
   </div>
   <div class='ocr_carea' id='block_1_30' title="bbox 1919 1477 3482 1546">
    <p class='ocr_par' dir='ltr' id='par_1_30' title="bbox 1919 1477 3482 1546">
     <span class='ocr_line' id='line_1_30' title="bbox 1919 1477 3482 1546; baseline 0.005 -19"><span class='ocrx_word' id='word_1_221' title='bbox 1919 1478 2120 1546; x_wconf 83' lang='lat' dir='ltr'><strong>quippe</strong></span> <span class='ocrx_word' id='word_1_222' title='bbox 2148 1486 2342 1531; x_wconf 87' lang='lat' dir='ltr'><strong>natura</strong></span> <span class='ocrx_word' id='word_1_223' title='bbox 2369 1477 2444 1531; x_wconf 87' lang='lat' dir='ltr'><strong>rei</strong></span> <span class='ocrx_word' id='word_1_224' title='bbox 2476 1478 2782 1531; x_wconf 85' lang='lat' dir='ltr'><strong>istiusmodi</strong></span> <span class='ocrx_word' id='word_1_225' title='bbox 2832 1489 3034 1534; x_wconf 91' lang='lat' dir='ltr'><strong>motum</strong></span> <span class='ocrx_word' id='word_1_226' title='bbox 3067 1491 3120 1534; x_wconf 92' lang='lat' dir='ltr'><strong>et</strong></span> <span class='ocrx_word' id='word_1_227' title='bbox 3149 1482 3482 1535; x_wconf 85' lang='lat' dir='ltr'><strong>vicissitudi-</strong></span> 
     </span>
    </p>
   </div>
   <div class='ocr_carea' id='block_1_31' title="bbox 1917 1568 3481 1636">
    <p class='ocr_par' dir='ltr' id='par_1_31' title="bbox 1917 1568 3481 1636">
     <span class='ocr_line' id='line_1_31' title="bbox 1917 1568 3481 1636; baseline 0.004 -18"><span class='ocrx_word' id='word_1_228' title='bbox 1917 1582 2038 1619; x_wconf 90' lang='lat' dir='ltr'><strong>nem</strong></span> <span class='ocrx_word' id='word_1_229' title='bbox 2075 1583 2173 1636; x_wconf 91' lang='lat' dir='ltr'><strong>pro</strong></span> <span class='ocrx_word' id='word_1_230' title='bbox 2197 1582 2329 1635; x_wconf 91' lang='lat' dir='ltr'><strong>pace</strong></span> <span class='ocrx_word' id='word_1_231' title='bbox 2366 1583 2459 1620; x_wconf 88' lang='lat' dir='ltr'><strong>sua</strong></span> <span class='ocrx_word' id='word_1_232' title='bbox 2493 1568 2768 1634; x_wconf 76' lang='lat' dir='ltr'><strong>exigente,</strong></span> <span class='ocrx_word' id='word_1_233' title='bbox 2797 1579 2851 1622; x_wconf 91' lang='lat' dir='ltr'><strong>et</strong></span> <span class='ocrx_word' id='word_1_234' title='bbox 2882 1582 2991 1623; x_wconf 90' lang='lat' dir='ltr'><strong>tum</strong></span> <span class='ocrx_word' id='word_1_235' title='bbox 3021 1571 3186 1625; x_wconf 89' lang='lat' dir='ltr'><strong>etiam</strong></span> <span class='ocrx_word' id='word_1_236' title='bbox 3227 1572 3481 1625; x_wconf 85' lang='lat' dir='ltr'><strong>mobilem</strong></span> 
     </span>
    </p>
   </div>
   <div class='ocr_carea' id='block_1_32' title="bbox 1919 1659 3484 1734">
    <p class='ocr_par' dir='ltr' id='par_1_32' title="bbox 1919 1659 3484 1734">
     <span class='ocr_line' id='line_1_32' title="bbox 1919 1659 3484 1734; baseline 0.003 -22"><span class='ocrx_word' id='word_1_237' title='bbox 1919 1673 2070 1712; x_wconf 89' lang='lat' dir='ltr'><strong>suam</strong></span> <span class='ocrx_word' id='word_1_238' title='bbox 2099 1660 2266 1712; x_wconf 89' lang='lat' dir='ltr'><strong>vitam</strong></span> <span class='ocrx_word' id='word_1_239' title='bbox 2308 1659 2586 1714; x_wconf 88' lang='lat' dir='ltr'><strong>immotam</strong></span> <span class='ocrx_word' id='word_1_240' title='bbox 2627 1670 3007 1733; x_wconf 82' lang='lat' dir='ltr'><strong>conservante,</strong></span> <span class='ocrx_word' id='word_1_241' title='bbox 3042 1673 3200 1731; x_wconf 81' lang='lat' dir='ltr'><strong>prout</strong></span> <span class='ocrx_word' id='word_1_242' title='bbox 3228 1664 3344 1734; x_wconf 83' lang='lat' dir='ltr'><strong>ejus</strong></span> <span class='ocrx_word' id='word_1_243' title='bbox 3384 1679 3484 1717; x_wconf 86' lang='lat' dir='ltr'><strong>na-</strong></span> 
     </span>
    </p>
   </div>
   <div class='ocr_carea' id='block_1_33' title="bbox 1922 1751 2195 1805">
    <p class='ocr_par' dir='ltr' id='par_1_33' title="bbox 1922 1751 2195 1805">
     <span class='ocr_line' id='line_1_33' title="bbox 1922 1751 2195 1805; baseline 0 0"><span class='ocrx_word' id='word_1_244' title='bbox 1922 1760 2037 1805; x_wconf 83' lang='lat' dir='ltr'><strong>tura</strong></span> <span class='ocrx_word' id='word_1_245' title='bbox 2069 1751 2195 1805; x_wconf 83' lang='lat' dir='ltr'><strong>fert.</strong></span> 
     </span>
    </p>
   </div>
   <div class='ocr_carea' id='block_1_34' title="bbox 304 1823 1810 1926">
    <p class='ocr_par' dir='ltr' id='par_1_34' title="bbox 304 1823 1808 1926">
     <span class='ocr_line' id='line_1_34' title="bbox 304 1823 1808 1926; baseline -0.008 -18"><span class='ocrx_word' id='word_1_246' title='bbox 304 1853 332 1926; x_wconf 84' lang='lat'><strong>§</strong></span> <span class='ocrx_word' id='word_1_247' title='bbox 376 1823 447 1906; x_wconf 67' lang='grc' dir='ltr'>νζ</span> <span class='ocrx_word' id='word_1_248' title='bbox 478 1853 541 1906; x_wconf 86' lang='grc' dir='ltr'>Εἰ</span> <span class='ocrx_word' id='word_1_249' title='bbox 573 1852 628 1905; x_wconf 88' lang='grc' dir='ltr'>δὲ</span> <span class='ocrx_word' id='word_1_250' title='bbox 661 1850 753 1904; x_wconf 88' lang='grc' dir='ltr'><strong>τὸν</strong></span> <span class='ocrx_word' id='word_1_251' title='bbox 785 1847 1033 1919; x_wconf 84' lang='grc' dir='ltr'>δεύτερον</span> <span class='ocrx_word' id='word_1_252' title='bbox 1077 1843 1232 1913; x_wconf 89' lang='grc' dir='ltr'>λόγον</span> <span class='ocrx_word' id='word_1_253' title='bbox 1280 1843 1467 1912; x_wconf 90' lang='grc' dir='ltr'>λέγει,</span> <span class='ocrx_word' id='word_1_254' title='bbox 1515 1842 1808 1913; x_wconf 77' lang='grc' dir='ltr'>ἑτερότητα</span> 
     </span>
    </p>
   </div>
   <div class='ocr_carea' id='block_1_35' title="bbox 1910 1823 3488 1926">
    <p class='ocr_par' dir='ltr' id='par_1_35' title="bbox 1987 1838 3488 1915">
     <span class='ocr_line' id='line_1_35' title="bbox 1987 1838 3488 1915; baseline 0.007 -26"><span class='ocrx_word' id='word_1_255' title='bbox 1987 1840 2014 1910; x_wconf 79' lang='lat'><strong>§</strong></span> <span class='ocrx_word' id='word_1_256' title='bbox 2060 1838 2121 1894; x_wconf 77' lang='grc' dir='ltr'><strong>ν.</strong></span> <span class='ocrx_word' id='word_1_257' title='bbox 2164 1838 2219 1893; x_wconf 91' lang='lat' dir='ltr'><strong>Si</strong></span> <span class='ocrx_word' id='word_1_258' title='bbox 2261 1854 2391 1894; x_wconf 88' lang='lat' dir='ltr'><strong>vero</strong></span> <span class='ocrx_word' id='word_1_259' title='bbox 2427 1840 2654 1896; x_wconf 79' lang='lat' dir='ltr'><strong>alteram</strong></span> <span class='ocrx_word' id='word_1_260' title='bbox 2706 1844 2972 1915; x_wconf 86' lang='lat' dir='ltr'><strong>rationem</strong></span> <span class='ocrx_word' id='word_1_261' title='bbox 3020 1842 3235 1911; x_wconf 76' lang='lat' dir='ltr'><strong>afferat,</strong></span> <span class='ocrx_word' id='word_1_262' title='bbox 3285 1845 3488 1901; x_wconf 84' lang='lat' dir='ltr'><strong>confir-</strong></span> 
     </span>
    </p>
   </div>
   <div class='ocr_carea' id='block_1_36' title="bbox 234 1935 1809 2017">
    <p class='ocr_par' dir='ltr' id='par_1_36' title="bbox 234 1935 1809 2017">
     <span class='ocr_line' id='line_1_36' title="bbox 234 1935 1809 2017; baseline -0.008 -18"><span class='ocrx_word' id='word_1_263' title='bbox 234 1944 644 2017; x_wconf 73' lang='grc' dir='ltr'>ἰσχυριζόμενος</span> <span class='ocrx_word' id='word_1_264' title='bbox 687 1937 827 1996; x_wconf 75' lang='grc' dir='ltr'>εἰναι</span> <span class='ocrx_word' id='word_1_265' title='bbox 874 1937 1015 1993; x_wconf 89' lang='grc' dir='ltr'><strong>κατά</strong></span> <span class='ocrx_word' id='word_1_266' title='bbox 1064 1935 1275 1990; x_wconf 88' lang='grc' dir='ltr'>τελείαν</span> <span class='ocrx_word' id='word_1_267' title='bbox 1322 1935 1422 2005; x_wconf 81' lang='grc' dir='ltr'><strong>τῆς</strong></span> <span class='ocrx_word' id='word_1_268' title='bbox 1467 1936 1685 2007; x_wconf 75' lang='grc' dir='ltr'>εἰρήνης</span> <span class='ocrx_word' id='word_1_269' title='bbox 1716 1935 1809 1988; x_wconf 86' lang='grc' dir='ltr'>ἕκ-</span> 
     </span>
    </p>
   </div>
   <div class='ocr_carea' id='block_1_37' title="bbox 221 2022 1812 2100">
    <p class='ocr_par' dir='ltr' id='par_1_37' title="bbox 221 2022 1812 2100">
     <span class='ocr_line' id='line_1_37' title="bbox 221 2022 1812 2100; baseline -0.007 -14"><span class='ocrx_word' id='word_1_270' title='bbox 221 2050 452 2100; x_wconf 85' lang='grc' dir='ltr'>πτωσιν,</span> <span class='ocrx_word' id='word_1_271' title='bbox 471 2032 714 2098; x_wconf 88' lang='grc' dir='ltr'>καθὼςοί</span> <span class='ocrx_word' id='word_1_272' title='bbox 742 2030 1030 2098; x_wconf 88' lang='grc' dir='ltr'>Μανιχαῖοι</span> <span class='ocrx_word' id='word_1_273' title='bbox 1071 2025 1256 2094; x_wconf 75' lang='grc' dir='ltr'>ελεγον</span> <span class='ocrx_word' id='word_1_274' title='bbox 1312 2023 1408 2095; x_wconf 84' lang='grc' dir='ltr'>τὴν</span> <span class='ocrx_word' id='word_1_275' title='bbox 1442 2022 1574 2094; x_wconf 85' lang='grc' dir='ltr'>ὑλην</span> <span class='ocrx_word' id='word_1_276' title='bbox 1606 2023 1812 2078; x_wconf 86' lang='grc' dir='ltr'>αὑθύπ-</span> 
     </span>
    </p>
   </div>
   <div class='ocr_carea' id='block_1_38' title="bbox 228 2116 1812 2196">
    <p class='ocr_par' dir='ltr' id='par_1_38' title="bbox 228 2116 1812 2196">
     <span class='ocr_line' id='line_1_38' title="bbox 228 2116 1812 2196; baseline -0.007 -16"><span class='ocrx_word' id='word_1_277' title='bbox 228 2142 430 2196; x_wconf 86' lang='grc' dir='ltr'>αρκτον</span> <span class='ocrx_word' id='word_1_278' title='bbox 464 2123 724 2177; x_wconf 80' lang='grc' dir='ltr'>ἀστασίαν</span> <span class='ocrx_word' id='word_1_279' title='bbox 757 2120 850 2174; x_wconf 76' lang='grc' dir='ltr'><strong>καὶ</strong></span> <span class='ocrx_word' id='word_1_280' title='bbox 905 2117 1209 2189; x_wconf 77' lang='grc' dir='ltr'>περιφοράν</span> <span class='ocrx_word' id='word_1_281' title='bbox 1252 2117 1345 2171; x_wconf 84' lang='grc' dir='ltr'><strong>καί</strong></span> <span class='ocrx_word' id='word_1_282' title='bbox 1389 2116 1645 2187; x_wconf 85' lang='grc' dir='ltr'>ἀπειρίαν</span> <span class='ocrx_word' id='word_1_283' title='bbox 1668 2156 1682 2182; x_wconf 88' lang='grc'><strong>,</strong></span> <span class='ocrx_word' id='word_1_284' title='bbox 1718 2117 1812 2170; x_wconf 75' lang='grc' dir='ltr'>καὶ</span> 
     </span>
    </p>
   </div>
   <div class='ocr_carea' id='block_1_39' title="bbox 227 2207 1809 2289">
    <p class='ocr_par' dir='ltr' id='par_1_39' title="bbox 227 2207 1809 2289">
     <span class='ocr_line' id='line_1_39' title="bbox 227 2207 1809 2289; baseline -0.008 -16"><span class='ocrx_word' id='word_1_285' title='bbox 227 2217 516 2289; x_wconf 80' lang='grc' dir='ltr'>ἀοριστίαν</span> <span class='ocrx_word' id='word_1_286' title='bbox 549 2215 794 2286; x_wconf 75' lang='grc' dir='ltr'>ἔχουσαν,</span> <span class='ocrx_word' id='word_1_287' title='bbox 833 2212 964 2264; x_wconf 80' lang='grc' dir='ltr'>ἴστω</span> <span class='ocrx_word' id='word_1_288' title='bbox 995 2211 1068 2274; x_wconf 86' lang='grc' dir='ltr'>ὡς</span> <span class='ocrx_word' id='word_1_289' title='bbox 1101 2209 1222 2262; x_wconf 86' lang='grc' dir='ltr'>οὑτε</span> <span class='ocrx_word' id='word_1_290' title='bbox 1255 2209 1314 2262; x_wconf 83' lang='grc' dir='ltr'><strong>δν</strong></span> <span class='ocrx_word' id='word_1_291' title='bbox 1347 2211 1461 2262; x_wconf 75' lang='grc' dir='ltr'>ἐστι</span> <span class='ocrx_word' id='word_1_292' title='bbox 1482 2207 1638 2262; x_wconf 84' lang='grc' dir='ltr'>τοῦτο</span> <span class='ocrx_word' id='word_1_293' title='bbox 1659 2247 1674 2273; x_wconf 90' lang='grc'><strong>,</strong></span> <span class='ocrx_word' id='word_1_294' title='bbox 1711 2208 1809 2280; x_wconf 85' lang='grc' dir='ltr'><strong>ὑλη</strong></span> 
     </span>
    </p>
   </div>
   <div class='ocr_carea' id='block_1_40' title="bbox 230 2299 1810 2383">
    <p class='ocr_par' dir='ltr' id='par_1_40' title="bbox 230 2299 1810 2383">
     <span class='ocr_line' id='line_1_40' title="bbox 230 2299 1810 2383; baseline -0.006 -19"><span class='ocrx_word' id='word_1_295' title='bbox 230 2311 467 2383; x_wconf 80' lang='grc' dir='ltr'>μένουσα</span> <span class='ocrx_word' id='word_1_296' title='bbox 500 2309 594 2362; x_wconf 80' lang='grc' dir='ltr'><strong>καί</strong></span> <span class='ocrx_word' id='word_1_297' title='bbox 632 2306 754 2360; x_wconf 82' lang='grc' dir='ltr'>καθ’</span> <span class='ocrx_word' id='word_1_298' title='bbox 788 2303 955 2375; x_wconf 80' lang='grc' dir='ltr'>αὑτὴν</span> <span class='ocrx_word' id='word_1_299' title='bbox 1006 2300 1378 2372; x_wconf 82' lang='grc' dir='ltr'>ὑφισταμένη·</span> <span class='ocrx_word' id='word_1_300' title='bbox 1432 2299 1555 2354; x_wconf 84' lang='grc' dir='ltr'>οὑτε</span> <span class='ocrx_word' id='word_1_301' title='bbox 1602 2302 1709 2373; x_wconf 83' lang='grc' dir='ltr'>μὴν</span> <span class='ocrx_word' id='word_1_302' title='bbox 1753 2303 1810 2354; x_wconf 84' lang='grc' dir='ltr'>ὲν</span> 
     </span>
    </p>
   </div>
   <div class='ocr_carea' id='block_1_41' title="bbox 225 2389 1810 2470">
    <p class='ocr_par' dir='ltr' id='par_1_41' title="bbox 225 2389 1810 2470">
     <span class='ocr_line' id='line_1_41' title="bbox 225 2389 1810 2470; baseline -0.006 -15"><span class='ocrx_word' id='word_1_303' title='bbox 225 2405 339 2466; x_wconf 78' lang='grc' dir='ltr'>τοῖς</span> <span class='ocrx_word' id='word_1_304' title='bbox 373 2397 523 2454; x_wconf 83' lang='grc' dir='ltr'>οὖσιν</span> <span class='ocrx_word' id='word_1_305' title='bbox 561 2400 903 2470; x_wconf 81' lang='grc' dir='ltr'>εὑρίσκεται,</span> <span class='ocrx_word' id='word_1_306' title='bbox 937 2395 1011 2458; x_wconf 83' lang='grc' dir='ltr'><strong>ὡς</strong></span> <span class='ocrx_word' id='word_1_307' title='bbox 1045 2389 1184 2446; x_wconf 69' lang='grc' dir='ltr'>εἶναι</span> <span class='ocrx_word' id='word_1_308' title='bbox 1216 2394 1308 2448; x_wconf 76' lang='grc' dir='ltr'>καὶ</span> <span class='ocrx_word' id='word_1_309' title='bbox 1344 2392 1512 2464; x_wconf 85' lang='grc' dir='ltr'>αὐτὴν</span> <span class='ocrx_word' id='word_1_310' title='bbox 1548 2393 1674 2464; x_wconf 90' lang='grc' dir='ltr'>μίαν</span> <span class='ocrx_word' id='word_1_311' title='bbox 1702 2393 1810 2446; x_wconf 86' lang='grc' dir='ltr'><strong>τῶν</strong></span> 
     </span>
    </p>
   </div>
   <div class='ocr_carea' id='block_1_42' title="bbox 225 2484 1810 2563">
    <p class='ocr_par' dir='ltr' id='par_1_42' title="bbox 225 2484 1810 2563">
     <span class='ocr_line' id='line_1_42' title="bbox 225 2484 1810 2563; baseline -0.006 -16"><span class='ocrx_word' id='word_1_312' title='bbox 225 2492 730 2563; x_wconf 84' lang='grc' dir='ltr'>εἰδοπεποιημένων</span> <span class='ocrx_word' id='word_1_313' title='bbox 777 2488 1110 2558; x_wconf 85' lang='grc' dir='ltr'>κτισμάτων.</span> <span class='ocrx_word' id='word_1_314' title='bbox 1160 2487 1223 2538; x_wconf 89' lang='grc' dir='ltr'>Εἰ</span> <span class='ocrx_word' id='word_1_315' title='bbox 1273 2485 1402 2554; x_wconf 81' lang='grc' dir='ltr'>γοῦν</span> <span class='ocrx_word' id='word_1_316' title='bbox 1435 2484 1557 2538; x_wconf 76' lang='grc' dir='ltr'>οὒτε</span> <span class='ocrx_word' id='word_1_317' title='bbox 1604 2485 1810 2538; x_wconf 87' lang='grc' dir='ltr'>εἰδοπε-</span> 
     </span>
    </p>
   </div>
   <div class='ocr_carea' id='block_1_43' title="bbox 226 2576 1808 2656">
    <p class='ocr_par' dir='ltr' id='par_1_43' title="bbox 226 2576 1808 2656">
     <span class='ocr_line' id='line_1_43' title="bbox 226 2576 1808 2656; baseline -0.007 -17"><span class='ocrx_word' id='word_1_318' title='bbox 226 2585 522 2656; x_wconf 82' lang='grc' dir='ltr'>ποιημένον</span> <span class='ocrx_word' id='word_1_319' title='bbox 556 2585 701 2637; x_wconf 71' lang='grc' dir='ltr'>ἐστὶν</span> <span class='ocrx_word' id='word_1_320' title='bbox 734 2584 808 2645; x_wconf 85' lang='grc' dir='ltr'>ὼς</span> <span class='ocrx_word' id='word_1_321' title='bbox 841 2580 908 2633; x_wconf 85' lang='grc' dir='ltr'>τὰ</span> <span class='ocrx_word' id='word_1_322' title='bbox 942 2580 1102 2644; x_wconf 75' lang='grc' dir='ltr'>ὅντα,</span> <span class='ocrx_word' id='word_1_323' title='bbox 1139 2577 1263 2632; x_wconf 82' lang='grc' dir='ltr'>οὑτε</span> <span class='ocrx_word' id='word_1_324' title='bbox 1298 2577 1402 2649; x_wconf 85' lang='grc' dir='ltr'>μὴν</span> <span class='ocrx_word' id='word_1_325' title='bbox 1439 2576 1673 2631; x_wconf 83' lang='grc' dir='ltr'>ἀνείδεον</span> <span class='ocrx_word' id='word_1_326' title='bbox 1711 2576 1808 2647; x_wconf 87' lang='grc' dir='ltr'>μέ-</span> 
     </span>
    </p>
   </div>
   <div class='ocr_carea' id='block_1_44' title="bbox 225 2667 1808 2741">
    <p class='ocr_par' dir='ltr' id='par_1_44' title="bbox 225 2667 1808 2741">
     <span class='ocr_line' id='line_1_44' title="bbox 225 2667 1808 2741; baseline -0.009 -9"><span class='ocrx_word' id='word_1_327' title='bbox 225 2696 316 2733; x_wconf 89' lang='grc' dir='ltr'><strong>νον</strong></span> <span class='ocrx_word' id='word_1_328' title='bbox 347 2679 407 2731; x_wconf 85' lang='lat' dir='ltr'><strong>6v</strong></span> <span class='ocrx_word' id='word_1_329' title='bbox 441 2678 588 2741; x_wconf 73' lang='grc' dir='ltr'>ἐστι,</span> <span class='ocrx_word' id='word_1_330' title='bbox 625 2674 718 2728; x_wconf 78' lang='grc' dir='ltr'><strong>καὶ</strong></span> <span class='ocrx_word' id='word_1_331' title='bbox 763 2674 884 2727; x_wconf 85' lang='grc' dir='ltr'>καθ’</span> <span class='ocrx_word' id='word_1_332' title='bbox 919 2672 1080 2725; x_wconf 88' lang='grc' dir='ltr'>αὑτὸν</span> <span class='ocrx_word' id='word_1_333' title='bbox 1125 2669 1521 2740; x_wconf 82' lang='grc' dir='ltr'>ὑφιστάμενον,</span> <span class='ocrx_word' id='word_1_334' title='bbox 1572 2668 1686 2733; x_wconf 85' lang='grc' dir='ltr'><strong>πῶς</strong></span> <span class='ocrx_word' id='word_1_335' title='bbox 1731 2667 1808 2720; x_wconf 82' lang='grc' dir='ltr'><strong>εἴ-</strong></span> 
     </span>
    </p>
   </div>
   <div class='ocr_carea' id='block_1_45' title="bbox 212 2761 1811 2842">
    <p class='ocr_par' dir='ltr' id='par_1_45' title="bbox 212 2761 1811 2842">
     <span class='ocr_line' id='line_1_45' title="bbox 212 2761 1811 2842; baseline -0.008 -17"><span class='ocrx_word' id='word_1_336' title='bbox 212 2788 445 2842; x_wconf 77' lang='grc' dir='ltr'>-ποιμεν,</span> <span class='ocrx_word' id='word_1_337' title='bbox 485 2772 564 2823; x_wconf 83' lang='grc' dir='ltr'>ὅτι</span> <span class='ocrx_word' id='word_1_338' title='bbox 612 2768 673 2821; x_wconf 88' lang='grc' dir='ltr'><strong>τὸ</strong></span> <span class='ocrx_word' id='word_1_339' title='bbox 718 2765 956 2819; x_wconf 83' lang='grc' dir='ltr'>τοιοῦτον</span> <span class='ocrx_word' id='word_1_340' title='bbox 989 2765 1211 2836; x_wconf 85' lang='grc' dir='ltr'>εἰρήνην</span> <span class='ocrx_word' id='word_1_341' title='bbox 1243 2765 1342 2816; x_wconf 73' lang='grc' dir='ltr'><strong>οὐκ</strong></span> <span class='ocrx_word' id='word_1_342' title='bbox 1375 2762 1525 2833; x_wconf 60' lang='lat' dir='ltr'><strong>exet;</strong></span> <span class='ocrx_word' id='word_1_343' title='bbox 1565 2763 1627 2815; x_wconf 85' lang='lat' dir='ltr'><strong>El</strong></span> <span class='ocrx_word' id='word_1_344' title='bbox 1664 2762 1719 2814; x_wconf 83' lang='grc' dir='ltr'>δὲ</span> <span class='ocrx_word' id='word_1_345' title='bbox 1749 2761 1811 2814; x_wconf 85' lang='grc' dir='ltr'><strong>τὸ</strong></span> 
     </span>
    </p>
   </div>
   <div class='ocr_carea' id='block_1_46' title="bbox 225 2853 1811 2934">
    <p class='ocr_par' dir='ltr' id='par_1_46' title="bbox 225 2853 1811 2934">
     <span class='ocr_line' id='line_1_46' title="bbox 225 2853 1811 2934; baseline -0.006 -18"><span class='ocrx_word' id='word_1_346' title='bbox 225 2863 407 2934; x_wconf 88' lang='grc' dir='ltr'>τρίτον</span> <span class='ocrx_word' id='word_1_347' title='bbox 431 2862 616 2933; x_wconf 65' lang='grc' dir='ltr'>φησιν,</span> <span class='ocrx_word' id='word_1_348' title='bbox 650 2861 730 2912; x_wconf 85' lang='grc' dir='ltr'>ὅτι</span> <span class='ocrx_word' id='word_1_349' title='bbox 771 2857 921 2921; x_wconf 86' lang='grc' dir='ltr'>τινές</span> <span class='ocrx_word' id='word_1_350' title='bbox 961 2859 1095 2910; x_wconf 88' lang='grc' dir='ltr'>εἰσιν</span> <span class='ocrx_word' id='word_1_351' title='bbox 1128 2853 1654 2926; x_wconf 85' lang='grc' dir='ltr'>ἀπεχθανόμενοιτῷ</span> <span class='ocrx_word' id='word_1_352' title='bbox 1676 2855 1811 2922; x_wconf 85' lang='grc' dir='ltr'>ἀγα-</span> 
     </span>
    </p>
   </div>
   <div class='ocr_carea' id='block_1_47' title="bbox 228 2947 1830 3025">
    <p class='ocr_par' dir='ltr' id='par_1_47' title="bbox 228 2947 1830 3025">
     <span class='ocr_line' id='line_1_47' title="bbox 228 2947 1830 3025; baseline -0.007 -18"><span class='ocrx_word' id='word_1_353' title='bbox 228 2954 325 3025; x_wconf 82' lang='grc' dir='ltr'>θῷ,</span> <span class='ocrx_word' id='word_1_354' title='bbox 366 2955 461 3008; x_wconf 77' lang='grc' dir='ltr'><strong>καὶ</strong></span> <span class='ocrx_word' id='word_1_355' title='bbox 492 2956 611 3016; x_wconf 88' lang='grc' dir='ltr'>ταῖς</span> <span class='ocrx_word' id='word_1_356' title='bbox 642 2951 783 3023; x_wconf 80' lang='grc' dir='ltr'>ἔρισι</span> <span class='ocrx_word' id='word_1_357' title='bbox 817 2951 911 3003; x_wconf 81' lang='grc' dir='ltr'><strong>καὶ</strong></span> <span class='ocrx_word' id='word_1_358' title='bbox 939 2953 1051 3013; x_wconf 84' lang='grc' dir='ltr'>τοῖς</span> <span class='ocrx_word' id='word_1_359' title='bbox 1091 2949 1282 3019; x_wconf 84' lang='grc' dir='ltr'>θυμοῖς</span> <span class='ocrx_word' id='word_1_360' title='bbox 1322 2949 1631 3019; x_wconf 89' lang='grc' dir='ltr'>χαίροντες,</span> <span class='ocrx_word' id='word_1_361' title='bbox 1669 2947 1830 3017; x_wconf 64' lang='grc' dir='ltr'>φημὶν</span> 
     </span>
    </p>
   </div>
   <div class='ocr_carea' id='block_1_48' title="bbox 225 3040 1808 3115">
    <p class='ocr_par' dir='ltr' id='par_1_48' title="bbox 225 3040 1808 3115">
     <span class='ocr_line' id='line_1_48' title="bbox 225 3040 1808 3115; baseline -0.006 -14"><span class='ocrx_word' id='word_1_362' title='bbox 225 3047 308 3101; x_wconf 85' lang='grc' dir='ltr'>ὃτι</span> <span class='ocrx_word' id='word_1_363' title='bbox 340 3048 438 3100; x_wconf 74' lang='grc' dir='ltr'><strong>καὶ</strong></span> <span class='ocrx_word' id='word_1_364' title='bbox 471 3042 615 3099; x_wconf 79' lang='grc' dir='ltr'>οὗτοι</span> <span class='ocrx_word' id='word_1_365' title='bbox 651 3046 922 3115; x_wconf 86' lang='grc' dir='ltr'>ἀμαυροῖς</span> <span class='ocrx_word' id='word_1_366' title='bbox 967 3042 1204 3104; x_wconf 83' lang='grc' dir='ltr'>εἰδώλοις</span> <span class='ocrx_word' id='word_1_367' title='bbox 1249 3041 1348 3110; x_wconf 80' lang='grc' dir='ltr'>τῆς</span> <span class='ocrx_word' id='word_1_368' title='bbox 1393 3041 1612 3111; x_wconf 85' lang='grc' dir='ltr'>ἀγάπης</span> <span class='ocrx_word' id='word_1_369' title='bbox 1648 3040 1808 3094; x_wconf 85' lang='grc' dir='ltr'>κατέ-</span> 
     </span>
    </p>
   </div>
   <div class='ocr_carea' id='block_1_49' title="bbox 1915 1929 3484 2005">
    <p class='ocr_par' dir='ltr' id='par_1_49' title="bbox 1915 1929 3484 2005">
     <span class='ocr_line' id='line_1_49' title="bbox 1915 1929 3484 2005; baseline 0.006 -21"><span class='ocrx_word' id='word_1_370' title='bbox 1915 1946 2088 1990; x_wconf 86' lang='lat' dir='ltr'><strong>mans.</strong></span> <span class='ocrx_word' id='word_1_371' title='bbox 2116 1929 2491 1986; x_wconf 83' lang='lat' dir='ltr'><strong>diversitatem</strong></span> <span class='ocrx_word' id='word_1_372' title='bbox 2517 1932 2759 1988; x_wconf 81' lang='lat' dir='ltr'><strong>existere</strong></span> <span class='ocrx_word' id='word_1_373' title='bbox 2786 1949 2880 2002; x_wconf 88' lang='lat' dir='ltr'><strong>per</strong></span> <span class='ocrx_word' id='word_1_374' title='bbox 2908 1936 3273 1990; x_wconf 89' lang='lat' dir='ltr'><strong>omnimodam</strong></span> <span class='ocrx_word' id='word_1_375' title='bbox 3300 1953 3330 1990; x_wconf 92' lang='lat' dir='ltr'><strong>a</strong></span> <span class='ocrx_word' id='word_1_376' title='bbox 3357 1954 3484 2005; x_wconf 85' lang='lat' dir='ltr'><strong>pace</strong></span> 
     </span>
    </p>
   </div>
   <div class='ocr_carea' id='block_1_50' title="bbox 1914 2022 3482 2092">
    <p class='ocr_par' dir='ltr' id='par_1_50' title="bbox 1914 2022 3482 2092">
     <span class='ocr_line' id='line_1_50' title="bbox 1914 2022 3482 2092; baseline 0.004 -16"><span class='ocrx_word' id='word_1_377' title='bbox 1914 2022 2334 2092; x_wconf 90' lang='lat' dir='ltr'><strong>prolapsionem,</strong></span> <span class='ocrx_word' id='word_1_378' title='bbox 2358 2024 2498 2078; x_wconf 88' lang='lat' dir='ltr'><strong>sicut</strong></span> <span class='ocrx_word' id='word_1_379' title='bbox 2536 2024 2810 2080; x_wconf 74' lang='lat' dir='ltr'><strong>Maniclnci</strong></span> <span class='ocrx_word' id='word_1_380' title='bbox 2854 2027 3154 2092; x_wconf 89' lang='lat' dir='ltr'><strong>dicebant,</strong></span> <span class='ocrx_word' id='word_1_381' title='bbox 3199 2029 3482 2083; x_wconf 88' lang='lat' dir='ltr'><strong>materiam</strong></span> 
     </span>
    </p>
   </div>
   <div class='ocr_carea' id='block_1_51' title="bbox 1913 2113 3483 2184">
    <p class='ocr_par' dir='ltr' id='par_1_51' title="bbox 1913 2113 3483 2184">
     <span class='ocr_line' id='line_1_51' title="bbox 1913 2113 3483 2184; baseline 0.004 -17"><span class='ocrx_word' id='word_1_382' title='bbox 1913 2113 2115 2168; x_wconf 87' lang='lat' dir='ltr'><strong>habere</strong></span> <span class='ocrx_word' id='word_1_383' title='bbox 2146 2128 2243 2184; x_wconf 87' lang='lat' dir='ltr'><strong>per</strong></span> <span class='ocrx_word' id='word_1_384' title='bbox 2283 2129 2350 2170; x_wconf 75' lang='lat' dir='ltr'><strong>se.</strong></span> <span class='ocrx_word' id='word_1_385' title='bbox 2373 2115 2762 2171; x_wconf 86' lang='lat' dir='ltr'><strong>subsistentem</strong></span> <span class='ocrx_word' id='word_1_386' title='bbox 2814 2117 3230 2174; x_wconf 84' lang='lat' dir='ltr'><strong>instabilitatem</strong></span> <span class='ocrx_word' id='word_1_387' title='bbox 3281 2129 3336 2174; x_wconf 89' lang='lat' dir='ltr'><strong>et</strong></span> <span class='ocrx_word' id='word_1_388' title='bbox 3377 2122 3483 2174; x_wconf 86' lang='lat' dir='ltr'><strong>cir-</strong></span> 
     </span>
    </p>
   </div>
   <div class='ocr_carea' id='block_1_52' title="bbox 1913 2202 3483 2272">
    <p class='ocr_par' dir='ltr' id='par_1_52' title="bbox 1913 2202 3483 2272">
     <span class='ocr_line' id='line_1_52' title="bbox 1913 2202 3483 2272; baseline 0.003 -15"><span class='ocrx_word' id='word_1_389' title='bbox 1913 2202 2351 2269; x_wconf 86' lang='lat' dir='ltr'><strong>cumferentiam,</strong></span> <span class='ocrx_word' id='word_1_390' title='bbox 2391 2215 2447 2260; x_wconf 92' lang='lat' dir='ltr'><strong>et</strong></span> <span class='ocrx_word' id='word_1_391' title='bbox 2486 2204 2812 2260; x_wconf 82' lang='lat' dir='ltr'><strong>inﬁnitatem</strong></span> <span class='ocrx_word' id='word_1_392' title='bbox 2857 2217 2913 2260; x_wconf 90' lang='lat' dir='ltr'><strong>et</strong></span> <span class='ocrx_word' id='word_1_393' title='bbox 2964 2209 3483 2272; x_wconf 72' lang='lat' dir='ltr'><strong>interminationem,</strong></span> 
     </span>
    </p>
   </div>
   <div class='ocr_carea' id='block_1_53' title="bbox 1913 2294 3482 2365">
    <p class='ocr_par' dir='ltr' id='par_1_53' title="bbox 1913 2294 3482 2365">
     <span class='ocr_line' id='line_1_53' title="bbox 1913 2294 3482 2365; baseline 0.001 -15"><span class='ocrx_word' id='word_1_394' title='bbox 1913 2297 2049 2350; x_wconf 82' lang='lat' dir='ltr'><strong>sciat</strong></span> <span class='ocrx_word' id='word_1_395' title='bbox 2081 2294 2290 2349; x_wconf 91' lang='lat' dir='ltr'><strong>nullum</strong></span> <span class='ocrx_word' id='word_1_396' title='bbox 2334 2311 2433 2351; x_wconf 90' lang='lat' dir='ltr'><strong>ens</strong></span> <span class='ocrx_word' id='word_1_397' title='bbox 2482 2312 2623 2363; x_wconf 89' lang='lat' dir='ltr'><strong>esse,</strong></span> <span class='ocrx_word' id='word_1_398' title='bbox 2662 2297 2807 2365; x_wconf 86' lang='lat' dir='ltr'><strong>quod</strong></span> <span class='ocrx_word' id='word_1_399' title='bbox 2852 2298 2934 2352; x_wconf 88' lang='lat' dir='ltr'><strong>sic</strong></span> <span class='ocrx_word' id='word_1_400' title='bbox 2975 2308 3198 2353; x_wconf 89' lang='lat' dir='ltr'><strong>materia</strong></span> <span class='ocrx_word' id='word_1_401' title='bbox 3246 2311 3482 2365; x_wconf 91' lang='lat' dir='ltr'><strong>maneat,</strong></span> 
     </span>
    </p>
   </div>
   <div class='ocr_carea' id='block_1_54' title="bbox 1912 2387 3485 2463">
    <p class='ocr_par' dir='ltr' id='par_1_54' title="bbox 1912 2387 3485 2463">
     <span class='ocr_line' id='line_1_54' title="bbox 1912 2387 3485 2463; baseline 0.004 -21"><span class='ocrx_word' id='word_1_402' title='bbox 1912 2398 1968 2443; x_wconf 91' lang='lat' dir='ltr'><strong>et</strong></span> <span class='ocrx_word' id='word_1_403' title='bbox 1998 2404 2096 2458; x_wconf 87' lang='lat' dir='ltr'><strong>pcr</strong></span> <span class='ocrx_word' id='word_1_404' title='bbox 2132 2404 2191 2444; x_wconf 87' lang='lat' dir='ltr'><strong>se</strong></span> <span class='ocrx_word' id='word_1_405' title='bbox 2220 2389 2515 2453; x_wconf 84' lang='lat' dir='ltr'><strong>subsistat;</strong></span> <span class='ocrx_word' id='word_1_406' title='bbox 2550 2404 2727 2456; x_wconf 89' lang='lat' dir='ltr'><strong>neque</strong></span> <span class='ocrx_word' id='word_1_407' title='bbox 2765 2387 2815 2442; x_wconf 87' lang='lat' dir='ltr'><strong>id</strong></span> <span class='ocrx_word' id='word_1_408' title='bbox 2854 2392 3019 2445; x_wconf 88' lang='lat' dir='ltr'><strong>etiam</strong></span> <span class='ocrx_word' id='word_1_409' title='bbox 3060 2394 3111 2446; x_wconf 89' lang='lat' dir='ltr'><strong>in</strong></span> <span class='ocrx_word' id='word_1_410' title='bbox 3138 2394 3299 2448; x_wconf 75' lang='lat' dir='ltr'><strong>rebus</strong></span> <span class='ocrx_word' id='word_1_411' title='bbox 3332 2408 3485 2463; x_wconf 75' lang='lat' dir='ltr'><strong>repe-</strong></span> 
     </span>
    </p>
   </div>
   <div class='ocr_carea' id='block_1_55' title="bbox 1913 2479 3486 2554">
    <p class='ocr_par' dir='ltr' id='par_1_55' title="bbox 1913 2479 3486 2554">
     <span class='ocr_line' id='line_1_55' title="bbox 1913 2479 3486 2554; baseline 0.004 -20"><span class='ocrx_word' id='word_1_412' title='bbox 1913 2481 2031 2547; x_wconf 88' lang='lat' dir='ltr'><strong>riri,</strong></span> <span class='ocrx_word' id='word_1_413' title='bbox 2060 2495 2179 2533; x_wconf 91' lang='lat' dir='ltr'><strong>cum</strong></span> <span class='ocrx_word' id='word_1_414' title='bbox 2224 2480 2337 2548; x_wconf 91' lang='lat' dir='ltr'><strong>ipsa</strong></span> <span class='ocrx_word' id='word_1_415' title='bbox 2369 2479 2535 2533; x_wconf 88' lang='lat' dir='ltr'><strong>etiam</strong></span> <span class='ocrx_word' id='word_1_416' title='bbox 2565 2496 2667 2533; x_wconf 89' lang='lat' dir='ltr'><strong>una</strong></span> <span class='ocrx_word' id='word_1_417' title='bbox 2704 2482 2775 2534; x_wconf 86' lang='lat' dir='ltr'><strong>sit</strong></span> <span class='ocrx_word' id='word_1_418' title='bbox 2815 2497 2881 2536; x_wconf 82' lang='lat' dir='ltr'><strong>ex</strong></span> <span class='ocrx_word' id='word_1_419' title='bbox 2915 2485 3192 2540; x_wconf 83' lang='lat' dir='ltr'><strong>creaturis</strong></span> <span class='ocrx_word' id='word_1_420' title='bbox 3234 2486 3339 2539; x_wconf 88' lang='lat' dir='ltr'><strong>illis</strong></span> <span class='ocrx_word' id='word_1_421' title='bbox 3366 2501 3486 2554; x_wconf 65' lang='lat' dir='ltr'><strong>quae</strong></span> 
     </span>
    </p>
   </div>
   <div class='ocr_carea' id='block_1_56' title="bbox 1913 2567 3492 2640">
    <p class='ocr_par' dir='ltr' id='par_1_56' title="bbox 1913 2567 3492 2640">
     <span class='ocr_line' id='line_1_56' title="bbox 1913 2567 3492 2640; baseline 0.005 -17"><span class='ocrx_word' id='word_1_422' title='bbox 1913 2567 2304 2626; x_wconf 78' lang='lat' dir='ltr'><strong>informantur.</strong></span> <span class='ocrx_word' id='word_1_423' title='bbox 2334 2570 2388 2623; x_wconf 88' lang='lat' dir='ltr'><strong>Si</strong></span> <span class='ocrx_word' id='word_1_424' title='bbox 2424 2570 2603 2639; x_wconf 80' lang='lat' dir='ltr'><strong>itaque</strong></span> <span class='ocrx_word' id='word_1_425' title='bbox 2632 2586 2735 2624; x_wconf 91' lang='lat' dir='ltr'><strong>non</strong></span> <span class='ocrx_word' id='word_1_426' title='bbox 2767 2571 2841 2624; x_wconf 85' lang='lat' dir='ltr'><strong>sit</strong></span> <span class='ocrx_word' id='word_1_427' title='bbox 2874 2572 3192 2640; x_wconf 80' lang='lat' dir='ltr'><strong>informata,</strong></span> <span class='ocrx_word' id='word_1_428' title='bbox 3223 2575 3366 2630; x_wconf 88' lang='lat' dir='ltr'><strong>sicut</strong></span> <span class='ocrx_word' id='word_1_429' title='bbox 3399 2591 3492 2631; x_wconf 66' lang='lat' dir='ltr'><strong>res</strong></span> 
     </span>
    </p>
   </div>
   <div class='ocr_carea' id='block_1_57' title="bbox 1912 2662 3485 2735">
    <p class='ocr_par' dir='ltr' id='par_1_57' title="bbox 1912 2662 3485 2735">
     <span class='ocr_line' id='line_1_57' title="bbox 1912 2662 3485 2735; baseline 0.004 -21"><span class='ocrx_word' id='word_1_430' title='bbox 1912 2670 2141 2724; x_wconf 59' lang='lat' dir='ltr'><strong>caetera,</strong></span> <span class='ocrx_word' id='word_1_431' title='bbox 2178 2675 2354 2726; x_wconf 89' lang='lat' dir='ltr'><strong>neque</strong></span> <span class='ocrx_word' id='word_1_432' title='bbox 2401 2662 2564 2714; x_wconf 88' lang='lat' dir='ltr'><strong>etiam</strong></span> <span class='ocrx_word' id='word_1_433' title='bbox 2612 2673 2782 2730; x_wconf 87' lang='lat' dir='ltr'><strong>certe,</strong></span> <span class='ocrx_word' id='word_1_434' title='bbox 2811 2665 2935 2718; x_wconf 92' lang='lat' dir='ltr'><strong>dum</strong></span> <span class='ocrx_word' id='word_1_435' title='bbox 2986 2665 3238 2730; x_wconf 79' lang='lat' dir='ltr'><strong>informis</strong></span> <span class='ocrx_word' id='word_1_436' title='bbox 3283 2678 3485 2735; x_wconf 88' lang='lat' dir='ltr'><strong>manet,</strong></span> 
     </span>
    </p>
   </div>
   <div class='ocr_carea' id='block_1_58' title="bbox 1913 2751 3484 2824">
    <p class='ocr_par' dir='ltr' id='par_1_58' title="bbox 1913 2751 3484 2824">
     <span class='ocr_line' id='line_1_58' title="bbox 1913 2751 3484 2824; baseline 0.006 -20"><span class='ocrx_word' id='word_1_437' title='bbox 1913 2766 2000 2806; x_wconf 88' lang='lat' dir='ltr'><strong>res</strong></span> <span class='ocrx_word' id='word_1_438' title='bbox 2027 2751 2119 2814; x_wconf 88' lang='lat' dir='ltr'><strong>sit,</strong></span> <span class='ocrx_word' id='word_1_439' title='bbox 2154 2767 2222 2805; x_wconf 90' lang='lat' dir='ltr'><strong>ne</strong></span> <span class='ocrx_word' id='word_1_440' title='bbox 2251 2767 2348 2818; x_wconf 86' lang='lat' dir='ltr'><strong>per</strong></span> <span class='ocrx_word' id='word_1_441' title='bbox 2387 2766 2445 2805; x_wconf 92' lang='lat' dir='ltr'><strong>se</strong></span> <span class='ocrx_word' id='word_1_442' title='bbox 2483 2753 2781 2820; x_wconf 85' lang='lat' dir='ltr'><strong>subsistat;</strong></span> <span class='ocrx_word' id='word_1_443' title='bbox 2822 2758 3097 2824; x_wconf 88' lang='lat' dir='ltr'><strong>quomodo</strong></span> <span class='ocrx_word' id='word_1_444' title='bbox 3148 2759 3389 2814; x_wconf 86' lang='lat' dir='ltr'><strong>dicemus</strong></span> <span class='ocrx_word' id='word_1_445' title='bbox 3423 2761 3484 2814; x_wconf 77' lang='lat' dir='ltr'><strong>id</strong></span> 
     </span>
    </p>
   </div>
   <div class='ocr_carea' id='block_1_59' title="bbox 1912 2841 3484 2916">
    <p class='ocr_par' dir='ltr' id='par_1_59' title="bbox 1912 2841 3484 2916">
     <span class='ocr_line' id='line_1_59' title="bbox 1912 2841 3484 2916; baseline 0.008 -24"><span class='ocrx_word' id='word_1_446' title='bbox 1912 2843 2056 2912; x_wconf 88' lang='lat' dir='ltr'><strong>quod</strong></span> <span class='ocrx_word' id='word_1_447' title='bbox 2089 2841 2193 2894; x_wconf 84' lang='lat' dir='ltr'><strong>tale</strong></span> <span class='ocrx_word' id='word_1_448' title='bbox 2222 2852 2307 2896; x_wconf 89' lang='lat' dir='ltr'><strong>est</strong></span> <span class='ocrx_word' id='word_1_449' title='bbox 2338 2858 2444 2896; x_wconf 92' lang='lat' dir='ltr'><strong>non</strong></span> <span class='ocrx_word' id='word_1_450' title='bbox 2475 2843 2679 2900; x_wconf 87' lang='lat' dir='ltr'><strong>habere</strong></span> <span class='ocrx_word' id='word_1_451' title='bbox 2711 2861 2894 2914; x_wconf 88' lang='lat' dir='ltr'><strong>pacem</strong></span> <span class='ocrx_word' id='word_1_452' title='bbox 2923 2849 2946 2902; x_wconf 80' lang='lat'><strong>?</strong></span> <span class='ocrx_word' id='word_1_453' title='bbox 2997 2850 3151 2916; x_wconf 89' lang='lat' dir='ltr'><strong>Quod</strong></span> <span class='ocrx_word' id='word_1_454' title='bbox 3184 2851 3230 2905; x_wconf 88' lang='lat' dir='ltr'><strong>si</strong></span> <span class='ocrx_word' id='word_1_455' title='bbox 3264 2852 3484 2905; x_wconf 86' lang='lat' dir='ltr'><strong>tertium</strong></span> 
     </span>
    </p>
   </div>
   <div class='ocr_carea' id='block_1_60' title="bbox 1912 2931 3488 3007">
    <p class='ocr_par' dir='ltr' id='par_1_60' title="bbox 1912 2931 3488 3007">
     <span class='ocr_line' id='line_1_60' title="bbox 1912 2931 3488 3007; baseline 0.006 -21"><span class='ocrx_word' id='word_1_456' title='bbox 1912 2933 2082 2999; x_wconf 83' lang='lat' dir='ltr'><strong>dicat,</strong></span> <span class='ocrx_word' id='word_1_457' title='bbox 2119 2931 2333 3002; x_wconf 88' lang='lat' dir='ltr'><strong>aliquos</strong></span> <span class='ocrx_word' id='word_1_458' title='bbox 2365 2948 2487 2988; x_wconf 83' lang='lat' dir='ltr'><strong>esse</strong></span> <span class='ocrx_word' id='word_1_459' title='bbox 2514 2937 2605 3004; x_wconf 86' lang='lat' dir='ltr'><strong>qui</strong></span> <span class='ocrx_word' id='word_1_460' title='bbox 2641 2937 2784 2991; x_wconf 93' lang='lat' dir='ltr'><strong>bono</strong></span> <span class='ocrx_word' id='word_1_461' title='bbox 2827 2939 3208 3007; x_wconf 81' lang='lat' dir='ltr'><strong>adversantur,</strong></span> <span class='ocrx_word' id='word_1_462' title='bbox 3258 2953 3315 2997; x_wconf 88' lang='lat' dir='ltr'><strong>et</strong></span> <span class='ocrx_word' id='word_1_463' title='bbox 3357 2958 3488 2996; x_wconf 84' lang='lat' dir='ltr'><strong>con-</strong></span> 
     </span>
    </p>
   </div>
   <div class='ocr_carea' id='block_1_61' title="bbox 1915 3024 3486 3097">
    <p class='ocr_par' dir='ltr' id='par_1_61' title="bbox 1915 3024 3486 3097">
     <span class='ocr_line' id='line_1_61' title="bbox 1915 3024 3486 3097; baseline 0.006 -18"><span class='ocrx_word' id='word_1_464' title='bbox 1915 3024 2245 3079; x_wconf 83' lang='lat' dir='ltr'><strong>teutiOnibus</strong></span> <span class='ocrx_word' id='word_1_465' title='bbox 2287 3035 2340 3080; x_wconf 89' lang='lat' dir='ltr'><strong>et</strong></span> <span class='ocrx_word' id='word_1_466' title='bbox 2389 3026 2487 3080; x_wconf 91' lang='lat' dir='ltr'><strong>iris</strong></span> <span class='ocrx_word' id='word_1_467' title='bbox 2527 3031 2822 3097; x_wconf 77' lang='lat' dir='ltr'><strong>gaudeant,</strong></span> <span class='ocrx_word' id='word_1_468' title='bbox 2869 3032 2992 3085; x_wconf 88' lang='lat' dir='ltr'><strong>dico</strong></span> <span class='ocrx_word' id='word_1_469' title='bbox 3023 3033 3187 3086; x_wconf 90' lang='lat' dir='ltr'><strong>etiam</strong></span> <span class='ocrx_word' id='word_1_470' title='bbox 3221 3033 3343 3087; x_wconf 91' lang='lat' dir='ltr'><strong>illos</strong></span> <span class='ocrx_word' id='word_1_471' title='bbox 3389 3036 3486 3089; x_wconf 81' lang='lat' dir='ltr'><strong>ob-</strong></span> 
     </span>
    </p>
   </div>
   <div class='ocr_carea' id='block_1_62' title="bbox 226 3118 1810 3216">
    <p class='ocr_par' dir='ltr' id='par_1_62' title="bbox 226 3133 1808 3215">
     <span class='ocr_line' id='line_1_62' title="bbox 226 3133 1808 3215; baseline -0.007 -19"><span class='ocrx_word' id='word_1_472' title='bbox 226 3158 441 3215; x_wconf 75' lang='grc' dir='ltr'>χονται*</span> <span class='ocrx_word' id='word_1_473' title='bbox 479 3141 584 3194; x_wconf 89' lang='grc' dir='ltr'><strong>ὑπὸ</strong></span> <span class='ocrx_word' id='word_1_474' title='bbox 616 3139 724 3210; x_wconf 81' lang='grc' dir='ltr'>γὰρ</span> <span class='ocrx_word' id='word_1_475' title='bbox 759 3137 945 3192; x_wconf 87' lang='grc' dir='ltr'>παθῶν</span> <span class='ocrx_word' id='word_1_476' title='bbox 987 3134 1389 3206; x_wconf 77' lang='grc' dir='ltr'>ἐνοχλούμενοι,</span> <span class='ocrx_word' id='word_1_477' title='bbox 1427 3135 1521 3187; x_wconf 73' lang='grc' dir='ltr'>καὶ</span> <span class='ocrx_word' id='word_1_478' title='bbox 1552 3133 1620 3187; x_wconf 87' lang='grc' dir='ltr'><strong>τά</strong></span> <span class='ocrx_word' id='word_1_479' title='bbox 1666 3133 1808 3205; x_wconf 85' lang='grc' dir='ltr'>πάθη</span> 
     </span>
    </p>
   </div>
   <div class='ocr_carea' id='block_1_63' title="bbox 1910 3118 3481 3216">
    <p class='ocr_par' dir='ltr' id='par_1_63' title="bbox 1915 3118 3481 3190">
     <span class='ocr_line' id='line_1_63' title="bbox 1915 3118 3481 3190; baseline 0.006 -19"><span class='ocrx_word' id='word_1_480' title='bbox 1915 3118 2089 3171; x_wconf 88' lang='lat' dir='ltr'><strong>scuris</strong></span> <span class='ocrx_word' id='word_1_481' title='bbox 2115 3119 2443 3187; x_wconf 88' lang='lat' dir='ltr'><strong>quibusdam</strong></span> <span class='ocrx_word' id='word_1_482' title='bbox 2483 3120 2790 3176; x_wconf 85' lang='lat' dir='ltr'><strong>dilectionis</strong></span> <span class='ocrx_word' id='word_1_483' title='bbox 2821 3124 3130 3180; x_wconf 87' lang='lat' dir='ltr'><strong>simulacris</strong></span> <span class='ocrx_word' id='word_1_484' title='bbox 3172 3127 3439 3180; x_wconf 86' lang='lat' dir='ltr'><strong>contineri</strong></span> <span class='ocrx_word' id='word_1_485' title='bbox 3466 3145 3481 3190; x_wconf 90' lang='lat'><strong>;</strong></span> 
     </span>
    </p>
   </div>
   <div class='ocr_carea' id='block_1_64' title="bbox 226 3225 1815 3302">
    <p class='ocr_par' dir='ltr' id='par_1_64' title="bbox 226 3225 1815 3302">
     <span class='ocr_line' id='line_1_64' title="bbox 226 3225 1815 3302; baseline -0.009 -13"><span class='ocrx_word' id='word_1_486' title='bbox 226 3234 367 3290; x_wconf 77' lang='grc' dir='ltr'>κατὰ</span> <span class='ocrx_word' id='word_1_487' title='bbox 391 3233 612 3302; x_wconf 73' lang='grc' dir='ltr'>ἄγνοιαν</span> <span class='ocrx_word' id='word_1_488' title='bbox 635 3231 711 3294; x_wconf 88' lang='grc' dir='ltr'>ὼς</span> <span class='ocrx_word' id='word_1_489' title='bbox 745 3229 884 3284; x_wconf 85' lang='grc' dir='ltr'>καλὰ</span> <span class='ocrx_word' id='word_1_490' title='bbox 913 3229 1157 3291; x_wconf 87' lang='grc' dir='ltr'>θέλοντες</span> <span class='ocrx_word' id='word_1_491' title='bbox 1189 3228 1360 3297; x_wconf 82' lang='grc' dir='ltr'>ἰστᾷν,</span> <span class='ocrx_word' id='word_1_492' title='bbox 1392 3225 1636 3279; x_wconf 80' lang='grc' dir='ltr'>δοκοῦσιν</span> <span class='ocrx_word' id='word_1_493' title='bbox 1663 3227 1815 3296; x_wconf 88' lang='grc' dir='ltr'>εἰρή-</span> 
     </span>
    </p>
   </div>
   <div class='ocr_carea' id='block_1_65' title="bbox 225 3315 1810 3398">
    <p class='ocr_par' dir='ltr' id='par_1_65' title="bbox 225 3315 1810 3398">
     <span class='ocr_line' id='line_1_65' title="bbox 225 3315 1810 3398; baseline -0.005 -21"><span class='ocrx_word' id='word_1_494' title='bbox 225 3345 324 3398; x_wconf 80' lang='grc' dir='ltr'><strong>νης</strong></span> <span class='ocrx_word' id='word_1_495' title='bbox 339 3323 644 3396; x_wconf 81' lang='grc' dir='ltr'>ὀρέγεσθαι,</span> <span class='ocrx_word' id='word_1_496' title='bbox 663 3323 936 3392; x_wconf 77' lang='grc' dir='ltr'>ἐφιέμενοι</span> <span class='ocrx_word' id='word_1_497' title='bbox 960 3319 1130 3382; x_wconf 86' lang='grc' dir='ltr'>ἀδεῶς</span> <span class='ocrx_word' id='word_1_498' title='bbox 1164 3316 1454 3371; x_wconf 85' lang='grc' dir='ltr'>ἀπολαύειν</span> <span class='ocrx_word' id='word_1_499' title='bbox 1467 3316 1575 3368; x_wconf 89' lang='grc' dir='ltr'><strong>τῶν</strong></span> <span class='ocrx_word' id='word_1_500' title='bbox 1604 3315 1810 3381; x_wconf 89' lang='grc' dir='ltr'>παθῶν,</span> 
     </span>
    </p>
   </div>
   <div class='ocr_carea' id='block_1_66' title="bbox 224 3409 1812 3492">
    <p class='ocr_par' dir='ltr' id='par_1_66' title="bbox 224 3409 1812 3492">
     <span class='ocr_line' id='line_1_66' title="bbox 224 3409 1812 3492; baseline -0.01 -16"><span class='ocrx_word' id='word_1_501' title='bbox 224 3423 320 3477; x_wconf 74' lang='grc' dir='ltr'><strong>καὶ</strong></span> <span class='ocrx_word' id='word_1_502' title='bbox 334 3421 568 3492; x_wconf 88' lang='grc' dir='ltr'>οἰόμενοι</span> <span class='ocrx_word' id='word_1_503' title='bbox 582 3416 879 3490; x_wconf 82' lang='grc' dir='ltr'>εἰρηνεύειν</span> <span class='ocrx_word' id='word_1_504' title='bbox 896 3415 1120 3476; x_wconf 76' lang='grc' dir='ltr'>ἑαυτοὺς</span> <span class='ocrx_word' id='word_1_505' title='bbox 1136 3412 1230 3465; x_wconf 74' lang='grc' dir='ltr'><strong>ἐὰν</strong></span> <span class='ocrx_word' id='word_1_506' title='bbox 1248 3410 1462 3481; x_wconf 90' lang='grc' dir='ltr'>ἀποπλη</span> <span class='ocrx_word' id='word_1_507' title='bbox 1471 3409 1682 3482; x_wconf 87' lang='grc' dir='ltr'>ρωθῶσι</span> <span class='ocrx_word' id='word_1_508' title='bbox 1706 3409 1812 3462; x_wconf 89' lang='grc' dir='ltr'><strong>τῶν</strong></span> 
     </span>
    </p>
   </div>
   <div class='ocr_carea' id='block_1_67' title="bbox 224 3500 1814 3584">
    <p class='ocr_par' dir='ltr' id='par_1_67' title="bbox 224 3500 1814 3584">
     <span class='ocr_line' id='line_1_67' title="bbox 224 3500 1814 3584; baseline -0.011 -15"><span class='ocrx_word' id='word_1_509' title='bbox 224 3515 313 3569; x_wconf 74' lang='grc' dir='ltr'><strong>ἀεὶ</strong></span> <span class='ocrx_word' id='word_1_510' title='bbox 349 3512 725 3584; x_wconf 71' lang='grc' dir='ltr'>ἀπορρεόντων</span> <span class='ocrx_word' id='word_1_511' title='bbox 755 3508 962 3572; x_wconf 88' lang='grc' dir='ltr'>παθῶν,</span> <span class='ocrx_word' id='word_1_512' title='bbox 995 3507 1082 3560; x_wconf 70' lang='grc' dir='ltr'><strong>ἀεὶ</strong></span> <span class='ocrx_word' id='word_1_513' title='bbox 1121 3505 1224 3558; x_wconf 88' lang='grc' dir='ltr'><strong>ὑπὸ</strong></span> <span class='ocrx_word' id='word_1_514' title='bbox 1254 3504 1457 3558; x_wconf 86' lang='grc' dir='ltr'>τούτων</span> <span class='ocrx_word' id='word_1_515' title='bbox 1491 3500 1814 3572; x_wconf 74' lang='grc' dir='ltr'>ἐκταραττό-</span> 
     </span>
    </p>
   </div>
   <div class='ocr_carea' id='block_1_68' title="bbox 227 3591 1813 3676">
    <p class='ocr_par' dir='ltr' id='par_1_68' title="bbox 227 3591 1813 3676">
     <span class='ocr_line' id='line_1_68' title="bbox 227 3591 1813 3676; baseline -0.008 -19"><span class='ocrx_word' id='word_1_516' title='bbox 227 3622 400 3676; x_wconf 85' lang='grc' dir='ltr'>μενοι.</span> <span class='ocrx_word' id='word_1_517' title='bbox 434 3603 496 3656; x_wconf 92' lang='grc' dir='ltr'>Τί</span> <span class='ocrx_word' id='word_1_518' title='bbox 529 3604 593 3657; x_wconf 79' lang='grc' dir='ltr'>ἄν</span> <span class='ocrx_word' id='word_1_519' title='bbox 620 3619 706 3665; x_wconf 89' lang='grc' dir='ltr'><strong>τις</strong></span> <span class='ocrx_word' id='word_1_520' title='bbox 740 3601 883 3652; x_wconf 78' lang='grc' dir='ltr'>εἴποι</span> <span class='ocrx_word' id='word_1_521' title='bbox 923 3599 1050 3669; x_wconf 88' lang='grc' dir='ltr'><strong>περί</strong></span> <span class='ocrx_word' id='word_1_522' title='bbox 1089 3597 1189 3666; x_wconf 79' lang='grc' dir='ltr'>τῆς</span> <span class='ocrx_word' id='word_1_523' title='bbox 1232 3594 1372 3648; x_wconf 72' lang='grc' dir='ltr'>κατὰ</span> <span class='ocrx_word' id='word_1_524' title='bbox 1405 3592 1637 3665; x_wconf 85' lang='grc' dir='ltr'>Χριστὸν</span> <span class='ocrx_word' id='word_1_525' title='bbox 1663 3591 1813 3662; x_wconf 87' lang='grc' dir='ltr'>εἰρή-</span> 
     </span>
    </p>
   </div>
   <div class='ocr_carea' id='block_1_69' title="bbox 224 3682 1809 3768">
    <p class='ocr_par' dir='ltr' id='par_1_69' title="bbox 224 3682 1809 3768">
     <span class='ocr_line' id='line_1_69' title="bbox 224 3682 1809 3768; baseline -0.01 -16"><span class='ocrx_word' id='word_1_526' title='bbox 224 3715 344 3768; x_wconf 89' lang='grc' dir='ltr'>νης,</span> <span class='ocrx_word' id='word_1_527' title='bbox 363 3695 483 3750; x_wconf 87' lang='grc' dir='ltr'>καθ’</span> <span class='ocrx_word' id='word_1_528' title='bbox 507 3697 572 3766; x_wconf 76' lang='grc' dir='ltr'>ἣν</span> <span class='ocrx_word' id='word_1_529' title='bbox 600 3695 743 3756; x_wconf 81' lang='grc' dir='ltr'>ἄπας</span> <span class='ocrx_word' id='word_1_530' title='bbox 769 3691 932 3761; x_wconf 72' lang='grc' dir='ltr'>ἐλύθη</span> <span class='ocrx_word' id='word_1_531' title='bbox 965 3690 1195 3759; x_wconf 87' lang='grc' dir='ltr'>πόλεμος</span> <span class='ocrx_word' id='word_1_532' title='bbox 1215 3728 1229 3752; x_wconf 85' lang='grc'><strong>,</strong></span> <span class='ocrx_word' id='word_1_533' title='bbox 1265 3688 1357 3740; x_wconf 82' lang='grc' dir='ltr'>καὶ</span> <span class='ocrx_word' id='word_1_534' title='bbox 1392 3687 1464 3758; x_wconf 85' lang='grc' dir='ltr'>μὴ</span> <span class='ocrx_word' id='word_1_535' title='bbox 1500 3685 1658 3756; x_wconf 89' lang='grc' dir='ltr'>μόνον</span> <span class='ocrx_word' id='word_1_536' title='bbox 1688 3682 1809 3736; x_wconf 84' lang='grc' dir='ltr'>οὑτε</span> 
     </span>
    </p>
   </div>
   <div class='ocr_carea' id='block_1_70' title="bbox 225 3774 1806 3855">
    <p class='ocr_par' dir='ltr' id='par_1_70' title="bbox 225 3774 1806 3855">
     <span class='ocr_line' id='line_1_70' title="bbox 225 3774 1806 3855; baseline -0.009 -13"><span class='ocrx_word' id='word_1_537' title='bbox 225 3790 470 3851; x_wconf 70' lang='grc' dir='ltr'>ἑαυτοῖς,</span> <span class='ocrx_word' id='word_1_538' title='bbox 498 3785 619 3839; x_wconf 83' lang='grc' dir='ltr'>οὑτε</span> <span class='ocrx_word' id='word_1_539' title='bbox 656 3784 905 3855; x_wconf 86' lang='grc' dir='ltr'>ἀλλήλοις</span> <span class='ocrx_word' id='word_1_540' title='bbox 927 3822 941 3846; x_wconf 98' lang='grc'><strong>,</strong></span> <span class='ocrx_word' id='word_1_541' title='bbox 983 3779 1105 3833; x_wconf 84' lang='grc' dir='ltr'>οὑτε</span> <span class='ocrx_word' id='word_1_542' title='bbox 1144 3779 1392 3848; x_wconf 83' lang='grc' dir='ltr'>ἀγγέλοις</span> <span class='ocrx_word' id='word_1_543' title='bbox 1430 3774 1806 3848; x_wconf 84' lang='grc' dir='ltr'>μαχησόμεθα,</span> 
     </span>
    </p>
   </div>
   <div class='ocr_carea' id='block_1_71' title="bbox 225 3863 1854 3943">
    <p class='ocr_par' dir='ltr' id='par_1_71' title="bbox 225 3863 1854 3943">
     <span class='ocr_line' id='line_1_71' title="bbox 225 3863 1854 3943; baseline -0.012 -9"><span class='ocrx_word' id='word_1_544' title='bbox 225 3879 360 3933; x_wconf 77' lang='grc' dir='ltr'>ἀλλὰ</span> <span class='ocrx_word' id='word_1_545' title='bbox 383 3880 478 3932; x_wconf 75' lang='grc' dir='ltr'><strong>καί.</strong></span> <span class='ocrx_word' id='word_1_546' title='bbox 495 3878 677 3940; x_wconf 85' lang='grc' dir='ltr'>αὑτοῖς</span> <span class='ocrx_word' id='word_1_547' title='bbox 694 3876 804 3938; x_wconf 72' lang='grc' dir='ltr'>τοῖς</span> <span class='ocrx_word' id='word_1_548' title='bbox 822 3872 1072 3943; x_wconf 82' lang='grc' dir='ltr'>ἀγγέλοις</span> <span class='ocrx_word' id='word_1_549' title='bbox 1091 3887 1213 3922; x_wconf 88' lang='grc' dir='ltr'>συνε</span> <span class='ocrx_word' id='word_1_550' title='bbox 1223 3871 1514 3940; x_wconf 83' lang='grc' dir='ltr'>ργήσομεν,</span> <span class='ocrx_word' id='word_1_551' title='bbox 1532 3865 1629 3935; x_wconf 85' lang='grc' dir='ltr'>τὴν</span> <span class='ocrx_word' id='word_1_552' title='bbox 1642 3863 1810 3935; x_wconf 83' lang='grc' dir='ltr'>αὑτὴν</span> <span class='ocrx_word' id='word_1_553' title='bbox 1849 3909 1854 3913; x_wconf 94' lang='grc'><strong>.</strong></span> 
     </span>
    </p>
   </div>
   <div class='ocr_carea' id='block_1_72' title="bbox 225 3955 1808 4038">
    <p class='ocr_par' dir='ltr' id='par_1_72' title="bbox 225 3955 1808 4038">
     <span class='ocr_line' id='line_1_72' title="bbox 225 3955 1808 4038; baseline -0.011 -15"><span class='ocrx_word' id='word_1_554' title='bbox 225 3971 409 4032; x_wconf 83' lang='grc' dir='ltr'>αὑτοῖς</span> <span class='ocrx_word' id='word_1_555' title='bbox 433 3969 559 4038; x_wconf 83' lang='grc' dir='ltr'><strong>περί</strong></span> <span class='ocrx_word' id='word_1_556' title='bbox 586 3967 646 4018; x_wconf 89' lang='grc' dir='ltr'><strong>τὸ</strong></span> <span class='ocrx_word' id='word_1_557' title='bbox 675 3967 826 4018; x_wconf 87' lang='grc' dir='ltr'>Θεῖον</span> <span class='ocrx_word' id='word_1_558' title='bbox 852 3964 1012 4025; x_wconf 77' lang='grc' dir='ltr'>σέϐας</span> <span class='ocrx_word' id='word_1_559' title='bbox 1039 3960 1295 4032; x_wconf 81' lang='grc' dir='ltr'>λατρείαν</span> <span class='ocrx_word' id='word_1_560' title='bbox 1320 3959 1413 4012; x_wconf 78' lang='grc' dir='ltr'><strong>καί.</strong></span> <span class='ocrx_word' id='word_1_561' title='bbox 1445 3955 1808 4028; x_wconf 87' lang='grc' dir='ltr'>προσκύνησιν</span> 
     </span>
    </p>
   </div>
   <div class='ocr_carea' id='block_1_73' title="bbox 223 4044 1803 4127">
    <p class='ocr_par' dir='ltr' id='par_1_73' title="bbox 223 4044 1803 4127">
     <span class='ocr_line' id='line_1_73' title="bbox 223 4044 1803 4127; baseline -0.009 -14"><span class='ocrx_word' id='word_1_562' title='bbox 223 4059 538 4122; x_wconf 84' lang='grc' dir='ltr'>τελοῦντες,</span> <span class='ocrx_word' id='word_1_563' title='bbox 573 4057 639 4110; x_wconf 84' lang='grc' dir='ltr'>δι’</span> <span class='ocrx_word' id='word_1_564' title='bbox 673 4052 741 4127; x_wconf 83' lang='grc' dir='ltr'>ἦς</span> <span class='ocrx_word' id='word_1_565' title='bbox 780 4056 1000 4127; x_wconf 78' lang='grc' dir='ltr'>εἰρήνης</span> <span class='ocrx_word' id='word_1_566' title='bbox 1040 4049 1373 4124; x_wconf 80' lang='grc' dir='ltr'>κατήλλαξεν</span> <span class='ocrx_word' id='word_1_567' title='bbox 1422 4049 1568 4119; x_wconf 78' lang='grc' dir='ltr'>ἡμᾶς</span> <span class='ocrx_word' id='word_1_568' title='bbox 1607 4044 1803 4117; x_wconf 79' lang='grc' dir='ltr'>ἑαυτῷ,</span> 
     </span>
    </p>
   </div>
   <div class='ocr_carea' id='block_1_74' title="bbox 223 4135 1805 4222">
    <p class='ocr_par' dir='ltr' id='par_1_74' title="bbox 223 4135 1805 4222">
     <span class='ocr_line' id='line_1_74' title="bbox 223 4135 1805 4222; baseline -0.008 -18"><span class='ocrx_word' id='word_1_569' title='bbox 223 4151 302 4222; x_wconf 83' lang='grc' dir='ltr'>τῷ</span> <span class='ocrx_word' id='word_1_570' title='bbox 336 4151 507 4221; x_wconf 89' lang='grc' dir='ltr'>Πατρί</span> <span class='ocrx_word' id='word_1_571' title='bbox 541 4166 600 4202; x_wconf 88' lang='grc' dir='ltr'><strong>τε</strong></span> <span class='ocrx_word' id='word_1_572' title='bbox 632 4150 727 4202; x_wconf 71' lang='grc' dir='ltr'><strong>καὶ</strong></span> <span class='ocrx_word' id='word_1_573' title='bbox 754 4147 832 4218; x_wconf 82' lang='grc' dir='ltr'>τῷ</span> <span class='ocrx_word' id='word_1_574' title='bbox 859 4145 1170 4217; x_wconf 87' lang='grc' dir='ltr'>Πνεύματι,</span> <span class='ocrx_word' id='word_1_575' title='bbox 1214 4143 1342 4213; x_wconf 83' lang='grc' dir='ltr'><strong>περί</strong></span> <span class='ocrx_word' id='word_1_576' title='bbox 1379 4135 1454 4195; x_wconf 78' lang='grc' dir='ltr'>ὧν</span> <span class='ocrx_word' id='word_1_577' title='bbox 1504 4140 1598 4194; x_wconf 79' lang='grc' dir='ltr'><strong>καί.</strong></span> <span class='ocrx_word' id='word_1_578' title='bbox 1643 4139 1805 4193; x_wconf 85' lang='grc' dir='ltr'>ἀλλα-</span> 
     </span>
    </p>
   </div>
   <div class='ocr_carea' id='block_1_75' title="bbox 226 4240 859 4316">
    <p class='ocr_par' dir='ltr' id='par_1_75' title="bbox 226 4240 859 4316">
     <span class='ocr_line' id='line_1_75' title="bbox 226 4240 859 4316; baseline -0.005 -19"><span class='ocrx_word' id='word_1_579' title='bbox 226 4244 354 4316; x_wconf 83' lang='grc' dir='ltr'>χόσε</span> <span class='ocrx_word' id='word_1_580' title='bbox 391 4242 590 4304; x_wconf 81' lang='grc' dir='ltr'>ἱκανῶς</span> <span class='ocrx_word' id='word_1_581' title='bbox 626 4240 859 4312; x_wconf 82' lang='grc' dir='ltr'>εἴρηται.</span> 
     </span>
    </p>
   </div>
   <div class='ocr_carea' id='block_1_76' title="bbox 300 4410 1802 4490">
    <p class='ocr_par' dir='ltr' id='par_1_76' title="bbox 300 4410 1802 4490">
     <span class='ocr_line' id='line_1_76' title="bbox 300 4410 1802 4490; baseline -0.007 -16"><span class='ocrx_word' id='word_1_582' title='bbox 300 4417 330 4490; x_wconf 77' lang='lat'><strong>§</strong></span> <span class='ocrx_word' id='word_1_583' title='bbox 353 4418 440 4475; x_wconf 87' lang='lat' dir='ltr'><strong>VI.</strong></span> <span class='ocrx_word' id='word_1_584' title='bbox 457 4417 731 4472; x_wconf 81' lang='grc' dir='ltr'>Ἐντεῦθεν</span> <span class='ocrx_word' id='word_1_585' title='bbox 746 4415 1010 4470; x_wconf 78' lang='grc' dir='ltr'>εἰσϐάλλει</span> <span class='ocrx_word' id='word_1_586' title='bbox 1028 4416 1121 4470; x_wconf 71' lang='grc' dir='ltr'><strong>καὶ</strong></span> <span class='ocrx_word' id='word_1_587' title='bbox 1141 4412 1446 4488; x_wconf 83' lang='grc' dir='ltr'>έρμηνεύει,</span> <span class='ocrx_word' id='word_1_588' title='bbox 1465 4411 1581 4476; x_wconf 87' lang='grc' dir='ltr'><strong>πῶς</strong></span> <span class='ocrx_word' id='word_1_589' title='bbox 1592 4413 1701 4465; x_wconf 87' lang='grc' dir='ltr'>νοεῖ</span> <span class='ocrx_word' id='word_1_590' title='bbox 1713 4410 1802 4464; x_wconf 88' lang='grc' dir='ltr'><strong>τὸν</strong></span> 
     </span>
    </p>
   </div>
   <div class='ocr_carea' id='block_1_77' title="bbox 1913 3209 3482 3286">
    <p class='ocr_par' dir='ltr' id='par_1_77' title="bbox 1913 3209 3482 3286">
     <span class='ocr_line' id='line_1_77' title="bbox 1913 3209 3482 3286; baseline 0.006 -25"><span class='ocrx_word' id='word_1_591' title='bbox 1913 3223 1944 3261; x_wconf 88' lang='lat' dir='ltr'><strong>a</strong></span> <span class='ocrx_word' id='word_1_592' title='bbox 1977 3209 2317 3277; x_wconf 87' lang='lat' dir='ltr'><strong>passionibus</strong></span> <span class='ocrx_word' id='word_1_593' title='bbox 2346 3211 2494 3263; x_wconf 86' lang='lat' dir='ltr'><strong>enim</strong></span> <span class='ocrx_word' id='word_1_594' title='bbox 2524 3213 2734 3280; x_wconf 78' lang='lat' dir='ltr'><strong>agitati,</strong></span> <span class='ocrx_word' id='word_1_595' title='bbox 2770 3228 2973 3283; x_wconf 87' lang='lat' dir='ltr'><strong>easque</strong></span> <span class='ocrx_word' id='word_1_596' title='bbox 3000 3230 3095 3284; x_wconf 88' lang='lat' dir='ltr'><strong>per</strong></span> <span class='ocrx_word' id='word_1_597' title='bbox 3118 3215 3482 3286; x_wconf 78' lang='lat' dir='ltr'><strong>ignorantiam</strong></span> 
     </span>
    </p>
   </div>
   <div class='ocr_carea' id='block_1_78' title="bbox 1911 3301 3486 3376">
    <p class='ocr_par' dir='ltr' id='par_1_78' title="bbox 1911 3301 3486 3376">
     <span class='ocr_line' id='line_1_78' title="bbox 1911 3301 3486 3376; baseline 0.006 -24"><span class='ocrx_word' id='word_1_598' title='bbox 1911 3301 2067 3369; x_wconf 89' lang='lat' dir='ltr'><strong>quasi</strong></span> <span class='ocrx_word' id='word_1_599' title='bbox 2096 3301 2266 3355; x_wconf 90' lang='lat' dir='ltr'><strong>bonas</strong></span> <span class='ocrx_word' id='word_1_600' title='bbox 2292 3302 2483 3355; x_wconf 90' lang='lat' dir='ltr'><strong>sedare</strong></span> <span class='ocrx_word' id='word_1_601' title='bbox 2510 3302 2772 3367; x_wconf 87' lang='lat' dir='ltr'><strong>volentes,</strong></span> <span class='ocrx_word' id='word_1_602' title='bbox 2797 3319 2985 3374; x_wconf 90' lang='lat' dir='ltr'><strong>pacem</strong></span> <span class='ocrx_word' id='word_1_603' title='bbox 3013 3316 3269 3376; x_wconf 89' lang='lat' dir='ltr'><strong>appetere</strong></span> <span class='ocrx_word' id='word_1_604' title='bbox 3300 3307 3486 3363; x_wconf 89' lang='lat' dir='ltr'><strong>viden-</strong></span> 
     </span>
    </p>
   </div>
   <div class='ocr_carea' id='block_1_79' title="bbox 1915 3388 3486 3460">
    <p class='ocr_par' dir='ltr' id='par_1_79' title="bbox 1915 3388 3486 3460">
     <span class='ocr_line' id='line_1_79' title="bbox 1915 3388 3486 3460; baseline 0.007 -19"><span class='ocrx_word' id='word_1_605' title='bbox 1915 3397 2024 3453; x_wconf 90' lang='lat' dir='ltr'><strong>tur,</strong></span> <span class='ocrx_word' id='word_1_606' title='bbox 2073 3389 2204 3442; x_wconf 89' lang='lat' dir='ltr'><strong>dum</strong></span> <span class='ocrx_word' id='word_1_607' title='bbox 2254 3388 2599 3457; x_wconf 88' lang='lat' dir='ltr'><strong>passionibus</strong></span> <span class='ocrx_word' id='word_1_608' title='bbox 2649 3390 2872 3460; x_wconf 85' lang='lat' dir='ltr'><strong>impune</strong></span> <span class='ocrx_word' id='word_1_609' title='bbox 2916 3393 3024 3448; x_wconf 87' lang='lat' dir='ltr'><strong>frui</strong></span> <span class='ocrx_word' id='word_1_610' title='bbox 3068 3397 3399 3460; x_wconf 88' lang='lat' dir='ltr'><strong>desiderant,</strong></span> <span class='ocrx_word' id='word_1_611' title='bbox 3432 3408 3486 3452; x_wconf 89' lang='lat' dir='ltr'><strong>ct</strong></span> 
     </span>
    </p>
   </div>
   <div class='ocr_carea' id='block_1_80' title="bbox 1911 3479 3485 3550">
    <p class='ocr_par' dir='ltr' id='par_1_80' title="bbox 1911 3479 3485 3550">
     <span class='ocr_line' id='line_1_80' title="bbox 1911 3479 3485 3550; baseline 0.008 -19"><span class='ocrx_word' id='word_1_612' title='bbox 1911 3479 2252 3534; x_wconf 88' lang='lat' dir='ltr'><strong>arbitrantur</strong></span> <span class='ocrx_word' id='word_1_613' title='bbox 2288 3496 2346 3534; x_wconf 88' lang='lat' dir='ltr'><strong>se</strong></span> <span class='ocrx_word' id='word_1_614' title='bbox 2374 3496 2564 3549; x_wconf 90' lang='lat' dir='ltr'><strong>pacem</strong></span> <span class='ocrx_word' id='word_1_615' title='bbox 2613 3483 2837 3550; x_wconf 86' lang='lat' dir='ltr'><strong>habere,</strong></span> <span class='ocrx_word' id='word_1_616' title='bbox 2868 3487 2913 3539; x_wconf 89' lang='lat' dir='ltr'><strong>si</strong></span> <span class='ocrx_word' id='word_1_617' title='bbox 2957 3489 3218 3543; x_wconf 86' lang='lat' dir='ltr'><strong>continuo</strong></span> <span class='ocrx_word' id='word_1_618' title='bbox 3268 3489 3485 3544; x_wconf 82' lang='lat' dir='ltr'><strong>fluenti-</strong></span> 
     </span>
    </p>
   </div>
   <div class='ocr_carea' id='block_1_81' title="bbox 1911 3571 3485 3651">
    <p class='ocr_par' dir='ltr' id='par_1_81' title="bbox 1911 3571 3485 3651">
     <span class='ocr_line' id='line_1_81' title="bbox 1911 3571 3485 3651; baseline 0.008 -27"><span class='ocrx_word' id='word_1_619' title='bbox 1911 3571 2013 3624; x_wconf 90' lang='lat' dir='ltr'><strong>bus</strong></span> <span class='ocrx_word' id='word_1_620' title='bbox 2070 3573 2414 3641; x_wconf 87' lang='lat' dir='ltr'><strong>passionibus</strong></span> <span class='ocrx_word' id='word_1_621' title='bbox 2480 3576 2812 3643; x_wconf 85' lang='lat' dir='ltr'><strong>repleantur,</strong></span> <span class='ocrx_word' id='word_1_622' title='bbox 2884 3580 2953 3633; x_wconf 87' lang='lat' dir='ltr'><strong>ab</strong></span> <span class='ocrx_word' id='word_1_623' title='bbox 3017 3581 3207 3635; x_wconf 89' lang='lat' dir='ltr'><strong>iisdem</strong></span> <span class='ocrx_word' id='word_1_624' title='bbox 3265 3598 3485 3651; x_wconf 81' lang='lat' dir='ltr'><strong>semper</strong></span> 
     </span>
    </p>
   </div>
   <div class='ocr_carea' id='block_1_82' title="bbox 1912 3662 3484 3747">
    <p class='ocr_par' dir='ltr' id='par_1_82' title="bbox 1912 3662 3484 3747">
     <span class='ocr_line' id='line_1_82' title="bbox 1912 3662 3484 3747; baseline 0.01 -31"><span class='ocrx_word' id='word_1_625' title='bbox 1912 3662 2074 3732; x_wconf 75' lang='lat'><strong>520</strong></span> <span class='ocrx_word' id='word_1_626' title='bbox 2111 3664 2399 3733; x_wconf 80' lang='lat' dir='ltr'><strong>exagitari.</strong></span> <span class='ocrx_word' id='word_1_627' title='bbox 2454 3665 2592 3731; x_wconf 86' lang='lat' dir='ltr'><strong>Quid</strong></span> <span class='ocrx_word' id='word_1_628' title='bbox 2649 3684 2814 3737; x_wconf 90' lang='lat' dir='ltr'><strong>porro</strong></span> <span class='ocrx_word' id='word_1_629' title='bbox 2865 3671 3013 3725; x_wconf 84' lang='lat' dir='ltr'><strong>dicat</strong></span> <span class='ocrx_word' id='word_1_630' title='bbox 3065 3675 3187 3741; x_wconf 87' lang='lat' dir='ltr'><strong>quis</strong></span> <span class='ocrx_word' id='word_1_631' title='bbox 3237 3676 3302 3728; x_wconf 90' lang='lat' dir='ltr'><strong>de</strong></span> <span class='ocrx_word' id='word_1_632' title='bbox 3350 3690 3484 3747; x_wconf 58' lang='lat' dir='ltr'><strong>pays</strong></span> 
     </span>
    </p>
   </div>
   <div class='ocr_carea' id='block_1_83' title="bbox 1908 3756 3485 3826">
    <p class='ocr_par' dir='ltr' id='par_1_83' title="bbox 1908 3756 3485 3826">
     <span class='ocr_line' id='line_1_83' title="bbox 1908 3756 3485 3826; baseline 0.008 -17"><span class='ocrx_word' id='word_1_633' title='bbox 1908 3756 2148 3821; x_wconf 77' lang='lat' dir='ltr'><strong>Christi,</strong></span> <span class='ocrx_word' id='word_1_634' title='bbox 2219 3771 2324 3825; x_wconf 86' lang='lat' dir='ltr'><strong>qua</strong></span> <span class='ocrx_word' id='word_1_635' title='bbox 2379 3757 2577 3811; x_wconf 86' lang='lat' dir='ltr'><strong>bellum</strong></span> <span class='ocrx_word' id='word_1_636' title='bbox 2633 3775 2794 3815; x_wconf 86' lang='lat' dir='ltr'><strong>omne</strong></span> <span class='ocrx_word' id='word_1_637' title='bbox 2848 3763 3172 3817; x_wconf 84' lang='lat' dir='ltr'><strong>dissolutum</strong></span> <span class='ocrx_word' id='word_1_638' title='bbox 3233 3775 3360 3826; x_wconf 87' lang='lat' dir='ltr'><strong>est,</strong></span> <span class='ocrx_word' id='word_1_639' title='bbox 3425 3777 3485 3822; x_wconf 94' lang='grc' dir='ltr'><strong>ιιι</strong></span> 
     </span>
    </p>
   </div>
   <div class='ocr_carea' id='block_1_84' title="bbox 1909 3847 3478 3922">
    <p class='ocr_par' dir='ltr' id='par_1_84' title="bbox 1909 3847 3478 3922">
     <span class='ocr_line' id='line_1_84' title="bbox 1909 3847 3478 3922; baseline 0.005 -21"><span class='ocrx_word' id='word_1_640' title='bbox 1909 3862 2014 3901; x_wconf 91' lang='lat' dir='ltr'><strong>non</strong></span> <span class='ocrx_word' id='word_1_641' title='bbox 2054 3847 2227 3900; x_wconf 90' lang='lat' dir='ltr'><strong>solum</strong></span> <span class='ocrx_word' id='word_1_642' title='bbox 2269 3863 2444 3917; x_wconf 88' lang='lat' dir='ltr'><strong>neque</strong></span> <span class='ocrx_word' id='word_1_643' title='bbox 2487 3849 2792 3916; x_wconf 91' lang='lat' dir='ltr'><strong>nobiscum,</strong></span> <span class='ocrx_word' id='word_1_644' title='bbox 2842 3867 3016 3921; x_wconf 83' lang='lat' dir='ltr'><strong>neque</strong></span> <span class='ocrx_word' id='word_1_645' title='bbox 3051 3870 3171 3906; x_wconf 78' lang='lat' dir='ltr'><strong>cum</strong></span> <span class='ocrx_word' id='word_1_646' title='bbox 3223 3854 3478 3922; x_wconf 83' lang='lat' dir='ltr'><strong>invicem,</strong></span> 
     </span>
    </p>
   </div>
   <div class='ocr_carea' id='block_1_85' title="bbox 1907 3938 3478 4008">
    <p class='ocr_par' dir='ltr' id='par_1_85' title="bbox 1907 3938 3478 4008">
     <span class='ocr_line' id='line_1_85' title="bbox 1907 3938 3478 4008; baseline 0.005 -17"><span class='ocrx_word' id='word_1_647' title='bbox 1907 3952 2084 4007; x_wconf 88' lang='lat' dir='ltr'><strong>neque</strong></span> <span class='ocrx_word' id='word_1_648' title='bbox 2125 3954 2246 3992; x_wconf 90' lang='lat' dir='ltr'><strong>cum</strong></span> <span class='ocrx_word' id='word_1_649' title='bbox 2276 3938 2482 4006; x_wconf 89' lang='lat' dir='ltr'><strong>angelis</strong></span> <span class='ocrx_word' id='word_1_650' title='bbox 2508 3940 2704 3993; x_wconf 89' lang='lat' dir='ltr'><strong>bellqu</strong></span> <span class='ocrx_word' id='word_1_651' title='bbox 2736 3943 3057 4008; x_wconf 85' lang='lat' dir='ltr'><strong>habeamus,</strong></span> <span class='ocrx_word' id='word_1_652' title='bbox 3095 3959 3282 3998; x_wconf 88' lang='lat' dir='ltr'><strong>verum</strong></span> <span class='ocrx_word' id='word_1_653' title='bbox 3313 3949 3478 3999; x_wconf 92' lang='lat' dir='ltr'><strong>etiam</strong></span> 
     </span>
    </p>
   </div>
   <div class='ocr_carea' id='block_1_86' title="bbox 1906 4028 3476 4104">
    <p class='ocr_par' dir='ltr' id='par_1_86' title="bbox 1906 4028 3476 4104">
     <span class='ocr_line' id='line_1_86' title="bbox 1906 4028 3476 4104; baseline 0.005 -21"><span class='ocrx_word' id='word_1_654' title='bbox 1906 4030 2042 4098; x_wconf 82' lang='lat' dir='ltr'><strong>ipsis</strong></span> <span class='ocrx_word' id='word_1_655' title='bbox 2083 4028 2293 4098; x_wconf 85' lang='lat' dir='ltr'><strong>angelis</strong></span> <span class='ocrx_word' id='word_1_656' title='bbox 2330 4043 2709 4098; x_wconf 87' lang='lat' dir='ltr'><strong>cooperemur,</strong></span> <span class='ocrx_word' id='word_1_657' title='bbox 2741 4035 2992 4088; x_wconf 89' lang='lat' dir='ltr'><strong>eumdem</strong></span> <span class='ocrx_word' id='word_1_658' title='bbox 3035 4050 3157 4090; x_wconf 91' lang='lat' dir='ltr'><strong>cum</strong></span> <span class='ocrx_word' id='word_1_659' title='bbox 3203 4036 3335 4104; x_wconf 86' lang='lat' dir='ltr'><strong>ipsis</strong></span> <span class='ocrx_word' id='word_1_660' title='bbox 3369 4037 3476 4091; x_wconf 85' lang='lat' dir='ltr'><strong>Deo</strong></span> 
     </span>
    </p>
   </div>
   <div class='ocr_carea' id='block_1_87' title="bbox 1906 4120 3476 4196">
    <p class='ocr_par' dir='ltr' id='par_1_87' title="bbox 1906 4120 3476 4196">
     <span class='ocr_line' id='line_1_87' title="bbox 1906 4120 3476 4196; baseline 0.004 -21"><span class='ocrx_word' id='word_1_661' title='bbox 1906 4120 2111 4175; x_wconf 90' lang='lat' dir='ltr'><strong>cultum</strong></span> <span class='ocrx_word' id='word_1_662' title='bbox 2145 4131 2197 4175; x_wconf 89' lang='lat' dir='ltr'><strong>et</strong></span> <span class='ocrx_word' id='word_1_663' title='bbox 2222 4123 2596 4174; x_wconf 85' lang='lat' dir='ltr'><strong>adorationem</strong></span> <span class='ocrx_word' id='word_1_664' title='bbox 2622 4122 2970 4189; x_wconf 79' lang='lat' dir='ltr'><strong>exhibentes,</strong></span> <span class='ocrx_word' id='word_1_665' title='bbox 3003 4140 3106 4194; x_wconf 88' lang='lat' dir='ltr'><strong>qua</strong></span> <span class='ocrx_word' id='word_1_666' title='bbox 3133 4127 3317 4195; x_wconf 88' lang='lat' dir='ltr'><strong>utique</strong></span> <span class='ocrx_word' id='word_1_667' title='bbox 3341 4143 3476 4196; x_wconf 86' lang='lat' dir='ltr'><strong>pace</strong></span> 
     </span>
    </p>
   </div>
   <div class='ocr_carea' id='block_1_88' title="bbox 1906 4213 3478 4286">
    <p class='ocr_par' dir='ltr' id='par_1_88' title="bbox 1906 4213 3478 4286">
     <span class='ocr_line' id='line_1_88' title="bbox 1906 4213 3478 4286; baseline 0.003 -16"><span class='ocrx_word' id='word_1_668' title='bbox 1906 4214 2221 4270; x_wconf 84' lang='lat' dir='ltr'><strong>conciliavit</strong></span> <span class='ocrx_word' id='word_1_669' title='bbox 2255 4230 2354 4266; x_wconf 85' lang='lat' dir='ltr'><strong>nos</strong></span> <span class='ocrx_word' id='word_1_670' title='bbox 2379 4214 2507 4277; x_wconf 89' lang='lat' dir='ltr'><strong>sibi,</strong></span> <span class='ocrx_word' id='word_1_671' title='bbox 2540 4222 2594 4267; x_wconf 89' lang='lat' dir='ltr'><strong>et</strong></span> <span class='ocrx_word' id='word_1_672' title='bbox 2623 4213 2794 4278; x_wconf 84' lang='lat' dir='ltr'><strong>Patri,</strong></span> <span class='ocrx_word' id='word_1_673' title='bbox 2830 4225 2892 4269; x_wconf 68' lang='lat' dir='ltr'><strong>et,</strong></span> <span class='ocrx_word' id='word_1_674' title='bbox 2910 4214 3138 4286; x_wconf 88' lang='lat' dir='ltr'><strong>Spiritui</strong></span> <span class='ocrx_word' id='word_1_675' title='bbox 3169 4229 3379 4285; x_wconf 85' lang='lat' dir='ltr'><strong>sancto,</strong></span> <span class='ocrx_word' id='word_1_676' title='bbox 3411 4219 3478 4274; x_wconf 84' lang='lat' dir='ltr'><strong>de</strong></span> 
     </span>
    </p>
   </div>
   <div class='ocr_carea' id='block_1_89' title="bbox 1906 4305 2976 4377">
    <p class='ocr_par' dir='ltr' id='par_1_89' title="bbox 1906 4305 2976 4377">
     <span class='ocr_line' id='line_1_89' title="bbox 1906 4305 2976 4377; baseline -0.002 -16"><span class='ocrx_word' id='word_1_677' title='bbox 1906 4307 2102 4377; x_wconf 87' lang='lat' dir='ltr'><strong>quibus</strong></span> <span class='ocrx_word' id='word_1_678' title='bbox 2133 4306 2296 4359; x_wconf 88' lang='lat' dir='ltr'><strong>etiam</strong></span> <span class='ocrx_word' id='word_1_679' title='bbox 2324 4305 2450 4358; x_wconf 87' lang='lat' dir='ltr'><strong>alibi</strong></span> <span class='ocrx_word' id='word_1_680' title='bbox 2478 4305 2610 4359; x_wconf 86' lang='lat' dir='ltr'><strong>satis</strong></span> <span class='ocrx_word' id='word_1_681' title='bbox 2644 4305 2844 4359; x_wconf 90' lang='lat' dir='ltr'><strong>dictum</strong></span> <span class='ocrx_word' id='word_1_682' title='bbox 2874 4317 2976 4361; x_wconf 90' lang='lat' dir='ltr'><strong>est.</strong></span> 
     </span>
    </p>
   </div>
   <div class='ocr_carea' id='block_1_90' title="bbox 1978 4393 3472 4469">
    <p class='ocr_par' dir='ltr' id='par_1_90' title="bbox 1978 4393 3472 4469">
     <span class='ocr_line' id='line_1_90' title="bbox 1978 4393 3472 4469; baseline 0.003 -20"><span class='ocrx_word' id='word_1_683' title='bbox 1978 4397 2006 4469; x_wconf 68' lang='grc' dir='ltr'><strong>ς</strong></span> <span class='ocrx_word' id='word_1_684' title='bbox 2036 4397 2121 4450; x_wconf 83' lang='lat' dir='ltr'><strong>Vl.</strong></span> <span class='ocrx_word' id='word_1_685' title='bbox 2145 4395 2244 4450; x_wconf 85' lang='lat' dir='ltr'><strong>Hic</strong></span> <span class='ocrx_word' id='word_1_686' title='bbox 2278 4395 2440 4449; x_wconf 90' lang='lat' dir='ltr'><strong>etiam</strong></span> <span class='ocrx_word' id='word_1_687' title='bbox 2488 4393 2797 4460; x_wconf 87' lang='lat' dir='ltr'><strong>introducit,</strong></span> <span class='ocrx_word' id='word_1_688' title='bbox 2825 4406 2879 4449; x_wconf 89' lang='lat' dir='ltr'><strong>et</strong></span> <span class='ocrx_word' id='word_1_689' title='bbox 2918 4397 3175 4465; x_wconf 78' lang='lat' dir='ltr'><strong>explicat,</strong></span> <span class='ocrx_word' id='word_1_690' title='bbox 3203 4400 3472 4468; x_wconf 89' lang='lat' dir='ltr'><strong>quomodo</strong></span> 
     </span>
    </p>
   </div>
   <div class='ocr_carea' id='block_1_91' title="bbox 225 4488 1810 4580">
    <p class='ocr_par' dir='ltr' id='par_1_91' title="bbox 225 4503 1798 4580">
     <span class='ocr_line' id='line_1_91' title="bbox 225 4503 1798 4580; baseline -0.006 -16"><span class='ocrx_word' id='word_1_691' title='bbox 225 4509 358 4564; x_wconf 85' lang='grc' dir='ltr'>Θεὸν</span> <span class='ocrx_word' id='word_1_692' title='bbox 387 4510 663 4580; x_wconf 75' lang='grc' dir='ltr'>αὑτοζωὴν</span> <span class='ocrx_word' id='word_1_693' title='bbox 701 4505 838 4562; x_wconf 78' lang='grc' dir='ltr'>εἶναι</span> <span class='ocrx_word' id='word_1_694' title='bbox 862 4549 876 4573; x_wconf 93' lang='grc'><strong>,</strong></span> <span class='ocrx_word' id='word_1_695' title='bbox 916 4509 1010 4562; x_wconf 86' lang='grc' dir='ltr'><strong>καί</strong></span> <span class='ocrx_word' id='word_1_696' title='bbox 1034 4508 1135 4576; x_wconf 77' lang='grc' dir='ltr'><strong>τῆς</strong></span> <span class='ocrx_word' id='word_1_697' title='bbox 1162 4506 1436 4576; x_wconf 76' lang='grc' dir='ltr'>αὑτοςωῆς</span> <span class='ocrx_word' id='word_1_698' title='bbox 1469 4503 1798 4572; x_wconf 86' lang='grc' dir='ltr'>ὑποστάτην,</span> 
     </span>
    </p>
   </div>
   <div class='ocr_carea' id='block_1_92' title="bbox 1910 4488 3476 4580">
    <p class='ocr_par' dir='ltr' id='par_1_92' title="bbox 1910 4488 3476 4558">
     <span class='ocr_line' id='line_1_92' title="bbox 1910 4488 3476 4558; baseline 0.001 -15"><span class='ocrx_word' id='word_1_699' title='bbox 1910 4489 2171 4558; x_wconf 86' lang='lat' dir='ltr'><strong>intelligat</strong></span> <span class='ocrx_word' id='word_1_700' title='bbox 2214 4489 2376 4542; x_wconf 90' lang='lat' dir='ltr'><strong>Deum</strong></span> <span class='ocrx_word' id='word_1_701' title='bbox 2419 4499 2542 4540; x_wconf 86' lang='lat' dir='ltr'><strong>esse</strong></span> <span class='ocrx_word' id='word_1_702' title='bbox 2587 4501 2684 4555; x_wconf 90' lang='lat' dir='ltr'><strong>per</strong></span> <span class='ocrx_word' id='word_1_703' title='bbox 2709 4504 2766 4540; x_wconf 88' lang='lat' dir='ltr'><strong>se</strong></span> <span class='ocrx_word' id='word_1_704' title='bbox 2795 4488 2988 4553; x_wconf 87' lang='lat' dir='ltr'><strong>vitam,</strong></span> <span class='ocrx_word' id='word_1_705' title='bbox 3025 4499 3078 4543; x_wconf 93' lang='lat' dir='ltr'><strong>et</strong></span> <span class='ocrx_word' id='word_1_706' title='bbox 3123 4506 3219 4557; x_wconf 87' lang='lat' dir='ltr'><strong>per</strong></span> <span class='ocrx_word' id='word_1_707' title='bbox 3254 4505 3316 4545; x_wconf 84' lang='lat' dir='ltr'><strong>se</strong></span> <span class='ocrx_word' id='word_1_708' title='bbox 3352 4492 3476 4545; x_wconf 77' lang='lat' dir='ltr'><strong>vita:</strong></span> 
     </span>
    </p>
   </div>
   <div class='ocr_carea' id='block_1_93' title="bbox 227 4595 1804 4671">
    <p class='ocr_par' dir='ltr' id='par_1_93' title="bbox 227 4595 1804 4671">
     <span class='ocr_line' id='line_1_93' title="bbox 227 4595 1804 4671; baseline -0.005 -17"><span class='ocrx_word' id='word_1_709' title='bbox 227 4601 322 4654; x_wconf 81' lang='grc' dir='ltr'><strong>καὶ</strong></span> <span class='ocrx_word' id='word_1_710' title='bbox 356 4598 428 4652; x_wconf 82' lang='grc' dir='ltr'>τὰ</span> <span class='ocrx_word' id='word_1_711' title='bbox 455 4601 614 4671; x_wconf 85' lang='grc' dir='ltr'>ὃμοια</span> <span class='ocrx_word' id='word_1_712' title='bbox 639 4640 653 4664; x_wconf 93' lang='grc'><strong>,</strong></span> <span class='ocrx_word' id='word_1_713' title='bbox 686 4598 874 4669; x_wconf 79' lang='grc' dir='ltr'>ἐπειδὴ</span> <span class='ocrx_word' id='word_1_714' title='bbox 905 4596 1002 4651; x_wconf 73' lang='grc' dir='ltr'><strong>καί⁵</strong></span> <span class='ocrx_word' id='word_1_715' title='bbox 1036 4601 1093 4651; x_wconf 84' lang='grc' dir='ltr'>ὲν</span> <span class='ocrx_word' id='word_1_716' title='bbox 1133 4596 1443 4659; x_wconf 77' lang='grc' dir='ltr'>ἐπιστολαῖς</span> <span class='ocrx_word' id='word_1_717' title='bbox 1480 4595 1636 4648; x_wconf 83' lang='grc' dir='ltr'>τοῦτο</span> <span class='ocrx_word' id='word_1_718' title='bbox 1680 4611 1804 4647; x_wconf 91' lang='grc' dir='ltr'>συν-</span> 
     </span>
    </p>
   </div>
   <div class='ocr_carea' id='block_1_94' title="bbox 228 4685 1800 4761">
    <p class='ocr_par' dir='ltr' id='par_1_94' title="bbox 228 4685 1800 4761">
     <span class='ocr_line' id='line_1_94' title="bbox 228 4685 1800 4761; baseline -0.005 -15"><span class='ocrx_word' id='word_1_719' title='bbox 228 4693 412 4757; x_wconf 83' lang='grc' dir='ltr'>έθετο,</span> <span class='ocrx_word' id='word_1_720' title='bbox 447 4691 540 4744; x_wconf 73' lang='grc' dir='ltr'><strong>καὶ</strong></span> <span class='ocrx_word' id='word_1_721' title='bbox 582 4694 609 4745; x_wconf 98' lang='lat'><strong>6</strong></span> <span class='ocrx_word' id='word_1_722' title='bbox 654 4691 807 4760; x_wconf 79' lang='grc' dir='ltr'>ἅγιος</span> <span class='ocrx_word' id='word_1_723' title='bbox 849 4689 1110 4761; x_wconf 86' lang='grc' dir='ltr'>Τιμόθεος</span> <span class='ocrx_word' id='word_1_724' title='bbox 1142 4689 1389 4758; x_wconf 78' lang='grc' dir='ltr'>ἠπόρησε</span> <span class='ocrx_word' id='word_1_725' title='bbox 1421 4689 1550 4758; x_wconf 86' lang='grc' dir='ltr'><strong>περί</strong></span> <span class='ocrx_word' id='word_1_726' title='bbox 1590 4685 1800 4739; x_wconf 87' lang='grc' dir='ltr'>τούτου.</span> 
     </span>
    </p>
   </div>
   <div class='ocr_carea' id='block_1_95' title="bbox 227 4778 1803 4857">
    <p class='ocr_par' dir='ltr' id='par_1_95' title="bbox 227 4778 1803 4857">
     <span class='ocr_line' id='line_1_95' title="bbox 227 4778 1803 4857; baseline -0.005 -19"><span class='ocrx_word' id='word_1_727' title='bbox 227 4787 364 4857; x_wconf 79' lang='grc' dir='ltr'>Φησί</span> <span class='ocrx_word' id='word_1_728' title='bbox 393 4785 595 4847; x_wconf 89' lang='grc' dir='ltr'>τοίνυν,</span> <span class='ocrx_word' id='word_1_729' title='bbox 627 4785 706 4836; x_wconf 83' lang='grc' dir='ltr'><strong>ὅτι</strong></span> <span class='ocrx_word' id='word_1_730' title='bbox 739 4784 839 4836; x_wconf 86' lang='grc' dir='ltr'><strong>οὑκ</strong></span> <span class='ocrx_word' id='word_1_731' title='bbox 875 4782 1021 4835; x_wconf 75' lang='grc' dir='ltr'>ἔστιν</span> <span class='ocrx_word' id='word_1_732' title='bbox 1069 4781 1309 4835; x_wconf 79' lang='grc' dir='ltr'>ἐναντίον</span> <span class='ocrx_word' id='word_1_733' title='bbox 1351 4782 1522 4833; x_wconf 87' lang='grc' dir='ltr'>εἰπεῖν</span> <span class='ocrx_word' id='word_1_734' title='bbox 1554 4779 1644 4831; x_wconf 92' lang='grc' dir='ltr'><strong>τὸν</strong></span> <span class='ocrx_word' id='word_1_735' title='bbox 1674 4778 1803 4831; x_wconf 86' lang='grc' dir='ltr'>Θεὸν</span> 
     </span>
    </p>
   </div>
   <div class='ocr_carea' id='block_1_96' title="bbox 225 4871 1804 4948">
    <p class='ocr_par' dir='ltr' id='par_1_96' title="bbox 225 4871 1804 4948">
     <span class='ocr_line' id='line_1_96' title="bbox 225 4871 1804 4948; baseline -0.005 -18"><span class='ocrx_word' id='word_1_736' title='bbox 225 4877 323 4932; x_wconf 77' lang='grc' dir='ltr'><strong>καὶ</strong></span> <span class='ocrx_word' id='word_1_737' title='bbox 368 4875 682 4948; x_wconf 80' lang='grc' dir='ltr'>αὑτοζωὴν,</span> <span class='ocrx_word' id='word_1_738' title='bbox 731 4875 825 4928; x_wconf 82' lang='grc' dir='ltr'><strong>καί</strong></span> <span class='ocrx_word' id='word_1_739' title='bbox 861 4873 1141 4943; x_wconf 75' lang='grc' dir='ltr'>αὑτοζωῆς</span> <span class='ocrx_word' id='word_1_740' title='bbox 1190 4873 1533 4942; x_wconf 81' lang='grc' dir='ltr'>ὑποστάτην·</span> <span class='ocrx_word' id='word_1_741' title='bbox 1591 4871 1804 4939; x_wconf 79' lang='grc' dir='ltr'>λέγεται</span> 
     </span>
    </p>
   </div>
   <div class='ocr_carea' id='block_1_97' title="bbox 223 4961 1800 5040">
    <p class='ocr_par' dir='ltr' id='par_1_97' title="bbox 223 4961 1800 5040">
     <span class='ocr_line' id='line_1_97' title="bbox 223 4961 1800 5040; baseline -0.005 -19"><span class='ocrx_word' id='word_1_742' title='bbox 223 4968 336 5040; x_wconf 84' lang='grc' dir='ltr'>γὰρ</span> <span class='ocrx_word' id='word_1_743' title='bbox 368 4971 398 5021; x_wconf 89' lang='lat'><strong>6</strong></span> <span class='ocrx_word' id='word_1_744' title='bbox 434 4967 565 5031; x_wconf 85' lang='grc' dir='ltr'>Θεὸς</span> <span class='ocrx_word' id='word_1_745' title='bbox 599 4967 693 5020; x_wconf 76' lang='grc' dir='ltr'><strong>καὶ</strong></span> <span class='ocrx_word' id='word_1_746' title='bbox 732 4969 795 5019; x_wconf 80' lang='grc' dir='ltr'>ἐκ</span> <span class='ocrx_word' id='word_1_747' title='bbox 831 4965 938 5018; x_wconf 89' lang='grc' dir='ltr'><strong>τῶν</strong></span> <span class='ocrx_word' id='word_1_748' title='bbox 976 4964 1141 5017; x_wconf 77' lang='grc' dir='ltr'>ὄντων</span> <span class='ocrx_word' id='word_1_749' title='bbox 1162 5004 1175 5027; x_wconf 96' lang='grc'><strong>,</strong></span> <span class='ocrx_word' id='word_1_750' title='bbox 1215 4963 1292 5025; x_wconf 85' lang='grc' dir='ltr'><strong>ὡς</strong></span> <span class='ocrx_word' id='word_1_751' title='bbox 1325 4962 1580 5017; x_wconf 92' lang='grc' dir='ltr'>αἰτιατῶν</span> <span class='ocrx_word' id='word_1_752' title='bbox 1613 4961 1800 5024; x_wconf 78' lang='grc' dir='ltr'>αἴτιος,</span> 
     </span>
    </p>
   </div>
   <div class='ocr_carea' id='block_1_98' title="bbox 224 5053 1804 5130">
    <p class='ocr_par' dir='ltr' id='par_1_98' title="bbox 224 5053 1804 5130">
     <span class='ocr_line' id='line_1_98' title="bbox 224 5053 1804 5130; baseline -0.006 -16"><span class='ocrx_word' id='word_1_753' title='bbox 224 5062 323 5114; x_wconf 76' lang='grc' dir='ltr'><strong>καὶ</strong></span> <span class='ocrx_word' id='word_1_754' title='bbox 357 5058 590 5130; x_wconf 87' lang='grc' dir='ltr'>μάλιστα</span> <span class='ocrx_word' id='word_1_755' title='bbox 613 5061 676 5111; x_wconf 83' lang='grc' dir='ltr'>ὲκ</span> <span class='ocrx_word' id='word_1_756' title='bbox 698 5057 807 5110; x_wconf 89' lang='grc' dir='ltr'><strong>τῶν</strong></span> <span class='ocrx_word' id='word_1_757' title='bbox 831 5054 1062 5128; x_wconf 86' lang='grc' dir='ltr'>πρώτως</span> <span class='ocrx_word' id='word_1_758' title='bbox 1090 5055 1276 5109; x_wconf 80' lang='grc' dir='ltr'>όντων.</span> <span class='ocrx_word' id='word_1_759' title='bbox 1317 5053 1554 5123; x_wconf 85' lang='grc' dir='ltr'>Πρώτως</span> <span class='ocrx_word' id='word_1_760' title='bbox 1592 5054 1648 5106; x_wconf 87' lang='grc' dir='ltr'>δὲ</span> <span class='ocrx_word' id='word_1_761' title='bbox 1677 5053 1804 5106; x_wconf 78' lang='grc' dir='ltr'>ὄντα</span> 
     </span>
    </p>
   </div>
   <div class='ocr_carea' id='block_1_99' title="bbox 223 5143 1803 5221">
    <p class='ocr_par' dir='ltr' id='par_1_99' title="bbox 223 5143 1803 5221">
     <span class='ocr_line' id='line_1_99' title="bbox 223 5143 1803 5221; baseline -0.004 -18"><span class='ocrx_word' id='word_1_762' title='bbox 223 5147 380 5221; x_wconf 71' lang='grc' dir='ltr'>οἶμαι</span> <span class='ocrx_word' id='word_1_763' title='bbox 408 5149 568 5203; x_wconf 84' lang='grc' dir='ltr'>αὑτὸν</span> <span class='ocrx_word' id='word_1_764' title='bbox 613 5149 889 5220; x_wconf 82' lang='grc' dir='ltr'>εἰρηκέναι</span> <span class='ocrx_word' id='word_1_765' title='bbox 917 5146 1016 5210; x_wconf 85' lang='grc' dir='ltr'>τὰς</span> <span class='ocrx_word' id='word_1_766' title='bbox 1048 5146 1445 5217; x_wconf 80' lang='grc' dir='ltr'>ὑπερκοσμίους</span> <span class='ocrx_word' id='word_1_767' title='bbox 1480 5150 1667 5214; x_wconf 83' lang='grc' dir='ltr'>φύσεις</span> <span class='ocrx_word' id='word_1_768' title='bbox 1685 5185 1700 5208; x_wconf 91' lang='grc'><strong>,</strong></span> <span class='ocrx_word' id='word_1_769' title='bbox 1728 5143 1803 5207; x_wconf 82' lang='grc' dir='ltr'><strong>ὼς</strong></span> 
     </span>
    </p>
   </div>
   <div class='ocr_carea' id='block_1_100' title="bbox 224 5236 1794 5315">
    <p class='ocr_par' dir='ltr' id='par_1_100' title="bbox 224 5236 1794 5315">
     <span class='ocr_line' id='line_1_100' title="bbox 224 5236 1794 5315; baseline -0.006 -19"><span class='ocrx_word' id='word_1_770' title='bbox 224 5242 463 5315; x_wconf 83' lang='grc' dir='ltr'>πρώτως</span> <span class='ocrx_word' id='word_1_771' title='bbox 493 5242 584 5294; x_wconf 76' lang='grc' dir='ltr'><strong>καί</strong></span> <span class='ocrx_word' id='word_1_772' title='bbox 613 5239 928 5312; x_wconf 82' lang='grc' dir='ltr'>ἀκραιφνῶς</span> <span class='ocrx_word' id='word_1_773' title='bbox 957 5239 1063 5291; x_wconf 87' lang='grc' dir='ltr'><strong>τῶν</strong></span> <span class='ocrx_word' id='word_1_774' title='bbox 1094 5238 1252 5303; x_wconf 85' lang='grc' dir='ltr'>θείων</span> <span class='ocrx_word' id='word_1_775' title='bbox 1293 5236 1509 5309; x_wconf 85' lang='grc' dir='ltr'>δωρεῶν</span> <span class='ocrx_word' id='word_1_776' title='bbox 1553 5236 1794 5308; x_wconf 81' lang='grc' dir='ltr'>μετεχού-</span> 
     </span>
    </p>
   </div>
   <div class='ocr_carea' id='block_1_101' title="bbox 227 5325 1796 5401">
    <p class='ocr_par' dir='ltr' id='par_1_101' title="bbox 227 5325 1796 5401">
     <span class='ocr_line' id='line_1_101' title="bbox 227 5325 1796 5401; baseline -0.008 -15"><span class='ocrx_word' id='word_1_777' title='bbox 227 5350 366 5395; x_wconf 87' lang='grc' dir='ltr'>σας,</span> <span class='ocrx_word' id='word_1_778' title='bbox 416 5329 594 5401; x_wconf 79' lang='grc' dir='ltr'>ζωῆς,</span> <span class='ocrx_word' id='word_1_779' title='bbox 641 5332 971 5393; x_wconf 85' lang='grc' dir='ltr'>ἀθανασίας,</span> <span class='ocrx_word' id='word_1_780' title='bbox 1019 5330 1112 5382; x_wconf 73' lang='grc' dir='ltr'><strong>καὶ</strong></span> <span class='ocrx_word' id='word_1_781' title='bbox 1153 5327 1259 5379; x_wconf 90' lang='grc' dir='ltr'><strong>τῶν</strong></span> <span class='ocrx_word' id='word_1_782' title='bbox 1298 5327 1516 5380; x_wconf 90' lang='grc' dir='ltr'>λοιπῶν.</span> <span class='ocrx_word' id='word_1_783' title='bbox 1563 5328 1657 5380; x_wconf 85' lang='grc' dir='ltr'>Ἐκ</span> <span class='ocrx_word' id='word_1_784' title='bbox 1687 5325 1796 5376; x_wconf 87' lang='grc' dir='ltr'><strong>τῶν</strong></span> 
     </span>
    </p>
   </div>
   <div class='ocr_carea' id='block_1_102' title="bbox 225 5419 1803 5494">
    <p class='ocr_par' dir='ltr' id='par_1_102' title="bbox 225 5419 1803 5494">
     <span class='ocr_line' id='line_1_102' title="bbox 225 5419 1803 5494; baseline -0.007 -14"><span class='ocrx_word' id='word_1_785' title='bbox 225 5428 401 5480; x_wconf 76' lang='grc' dir='ltr'>ὄντων</span> <span class='ocrx_word' id='word_1_786' title='bbox 442 5425 618 5478; x_wconf 83' lang='grc' dir='ltr'>τοίνυν</span> <span class='ocrx_word' id='word_1_787' title='bbox 661 5424 948 5494; x_wconf 83' lang='grc' dir='ltr'>λεγόμενος</span> <span class='ocrx_word' id='word_1_788' title='bbox 990 5425 1018 5475; x_wconf 94' lang='lat'><strong>6</strong></span> <span class='ocrx_word' id='word_1_789' title='bbox 1057 5423 1220 5487; x_wconf 87' lang='grc' dir='ltr'>Θεὸς,</span> <span class='ocrx_word' id='word_1_790' title='bbox 1265 5421 1340 5485; x_wconf 85' lang='grc' dir='ltr'><strong>ὡς</strong></span> <span class='ocrx_word' id='word_1_791' title='bbox 1383 5420 1553 5483; x_wconf 76' lang='grc' dir='ltr'>αἴτιος</span> <span class='ocrx_word' id='word_1_792' title='bbox 1595 5423 1658 5472; x_wconf 76' lang='grc' dir='ltr'>ὲκ</span> <span class='ocrx_word' id='word_1_793' title='bbox 1696 5419 1803 5471; x_wconf 86' lang='grc' dir='ltr'><strong>τῶν</strong></span> 
     </span>
    </p>
   </div>
   <div class='ocr_carea' id='block_1_103' title="bbox 225 5509 1804 5581">
    <p class='ocr_par' dir='ltr' id='par_1_103' title="bbox 225 5509 1804 5581">
     <span class='ocr_line' id='line_1_103' title="bbox 225 5509 1804 5581; baseline -0.006 -11"><span class='ocrx_word' id='word_1_794' title='bbox 225 5513 488 5570; x_wconf 77' lang='grc' dir='ltr'>αἰτιατῶν</span> <span class='ocrx_word' id='word_1_795' title='bbox 533 5512 740 5581; x_wconf 78' lang='grc' dir='ltr'>λέγοιτο</span> <span class='ocrx_word' id='word_1_796' title='bbox 780 5511 846 5565; x_wconf 83' lang='grc' dir='ltr'>ἂν</span> <span class='ocrx_word' id='word_1_797' title='bbox 888 5511 1028 5565; x_wconf 83' lang='grc' dir='ltr'>κατὰ</span> <span class='ocrx_word' id='word_1_798' title='bbox 1068 5511 1256 5575; x_wconf 80' lang='grc' dir='ltr'>τοῦτο,</span> <span class='ocrx_word' id='word_1_799' title='bbox 1304 5510 1395 5563; x_wconf 71' lang='grc' dir='ltr'><strong>καὶ</strong></span> <span class='ocrx_word' id='word_1_800' title='bbox 1436 5512 1463 5562; x_wconf 87' lang='lat'><strong>6</strong></span> <span class='ocrx_word' id='word_1_801' title='bbox 1505 5510 1602 5579; x_wconf 84' lang='grc' dir='ltr'><strong>τῆς</strong></span> <span class='ocrx_word' id='word_1_802' title='bbox 1646 5509 1804 5561; x_wconf 81' lang='grc' dir='ltr'>αὑτο-</span> 
     </span>
    </p>
   </div>
   <div class='ocr_carea' id='block_1_104' title="bbox 227 5599 1807 5675">
    <p class='ocr_par' dir='ltr' id='par_1_104' title="bbox 227 5599 1807 5675">
     <span class='ocr_line' id='line_1_104' title="bbox 227 5599 1807 5675; baseline -0.004 -17"><span class='ocrx_word' id='word_1_803' title='bbox 227 5606 378 5675; x_wconf 83' lang='grc' dir='ltr'>ζωης</span> <span class='ocrx_word' id='word_1_804' title='bbox 409 5606 714 5675; x_wconf 80' lang='grc' dir='ltr'>ὑποστάτης</span> <span class='ocrx_word' id='word_1_805' title='bbox 749 5605 843 5659; x_wconf 77' lang='grc' dir='ltr'>καὶ</span> <span class='ocrx_word' id='word_1_806' title='bbox 883 5604 1086 5668; x_wconf 83' lang='grc' dir='ltr'>αἴτιος,</span> <span class='ocrx_word' id='word_1_807' title='bbox 1111 5603 1354 5673; x_wconf 75' lang='grc' dir='ltr'>αὑτοζωὴ</span> <span class='ocrx_word' id='word_1_808' title='bbox 1395 5604 1459 5655; x_wconf 80' lang='grc' dir='ltr'>ἐκ</span> <span class='ocrx_word' id='word_1_809' title='bbox 1499 5599 1592 5654; x_wconf 83' lang='grc' dir='ltr'>τοῦ</span> <span class='ocrx_word' id='word_1_810' title='bbox 1634 5603 1807 5654; x_wconf 78' lang='grc' dir='ltr'>αἰτια-</span> 
     </span>
    </p>
   </div>
   <div class='ocr_carea' id='block_1_105' title="bbox 225 5690 1800 5768">
    <p class='ocr_par' dir='ltr' id='par_1_105' title="bbox 225 5690 1800 5768">
     <span class='ocr_line' id='line_1_105' title="bbox 225 5690 1800 5768; baseline -0.003 -20"><span class='ocrx_word' id='word_1_811' title='bbox 225 5697 344 5750; x_wconf 77' lang='grc' dir='ltr'><strong>τοὺ.</strong></span> <span class='ocrx_word' id='word_1_812' title='bbox 375 5697 440 5749; x_wconf 89' lang='grc' dir='ltr'>Τί</span> <span class='ocrx_word' id='word_1_813' title='bbox 468 5696 521 5749; x_wconf 85' lang='grc' dir='ltr'><strong>δέ</strong></span> <span class='ocrx_word' id='word_1_814' title='bbox 553 5701 696 5750; x_wconf 78' lang='grc' dir='ltr'>ἐστιν</span> <span class='ocrx_word' id='word_1_815' title='bbox 727 5699 758 5768; x_wconf 86' lang='grc' dir='ltr'>ἠ</span> <span class='ocrx_word' id='word_1_816' title='bbox 789 5696 1034 5766; x_wconf 78' lang='grc' dir='ltr'>αὑτοζωὴ</span> <span class='ocrx_word' id='word_1_817' title='bbox 1066 5695 1224 5764; x_wconf 76' lang='grc' dir='ltr'>αὕτη,</span> <span class='ocrx_word' id='word_1_818' title='bbox 1259 5692 1610 5763; x_wconf 83' lang='grc' dir='ltr'>παρακατιὼν</span> <span class='ocrx_word' id='word_1_819' title='bbox 1639 5690 1800 5744; x_wconf 81' lang='grc' dir='ltr'>εἴποι.</span> 
     </span>
    </p>
   </div>
   <div class='ocr_carea' id='block_1_106' title="bbox 227 5781 1802 5855">
    <p class='ocr_par' dir='ltr' id='par_1_106' title="bbox 227 5781 1802 5855">
     <span class='ocr_line' id='line_1_106' title="bbox 227 5781 1802 5855; baseline -0.005 -14"><span class='ocrx_word' id='word_1_820' title='bbox 227 5790 402 5842; x_wconf 79' lang='grc' dir='ltr'>Ὅταν</span> <span class='ocrx_word' id='word_1_821' title='bbox 429 5787 483 5840; x_wconf 80' lang='grc' dir='ltr'>δὲ</span> <span class='ocrx_word' id='word_1_822' title='bbox 514 5787 673 5851; x_wconf 77' lang='grc' dir='ltr'>αὐτὸς</span> <span class='ocrx_word' id='word_1_823' title='bbox 701 5788 915 5855; x_wconf 79' lang='grc' dir='ltr'>λέγεται</span> <span class='ocrx_word' id='word_1_824' title='bbox 943 5787 970 5839; x_wconf 85' lang='grc' dir='ltr'>ὀ</span> <span class='ocrx_word' id='word_1_825' title='bbox 999 5785 1127 5839; x_wconf 74' lang='grc' dir='ltr'>Θεὸς</span> <span class='ocrx_word' id='word_1_826' title='bbox 1158 5782 1422 5854; x_wconf 71' lang='grc' dir='ltr'>αὑτοζωὴ,</span> <span class='ocrx_word' id='word_1_827' title='bbox 1456 5783 1594 5853; x_wconf 79' lang='grc' dir='ltr'>ὑπὲρ</span> <span class='ocrx_word' id='word_1_828' title='bbox 1625 5781 1802 5834; x_wconf 75' lang='grc' dir='ltr'>πᾶσαν</span> 
     </span>
    </p>
   </div>
   <div class='ocr_carea' id='block_1_107' title="bbox 1905 4576 3473 4648">
    <p class='ocr_par' dir='ltr' id='par_1_107' title="bbox 1905 4576 3473 4648">
     <span class='ocr_line' id='line_1_107' title="bbox 1905 4576 3473 4648; baseline 0.002 -14"><span class='ocrx_word' id='word_1_829' title='bbox 1905 4580 2283 4643; x_wconf 89' lang='lat' dir='ltr'><strong>conditorem,</strong></span> <span class='ocrx_word' id='word_1_830' title='bbox 2311 4587 2365 4632; x_wconf 87' lang='lat' dir='ltr'><strong>et</strong></span> <span class='ocrx_word' id='word_1_831' title='bbox 2399 4576 2633 4643; x_wconf 67' lang='lat' dir='ltr'><strong>similia,</strong></span> <span class='ocrx_word' id='word_1_832' title='bbox 2659 4577 3103 4648; x_wconf 85' lang='lat' dir='ltr'><strong>quandoquidem</strong></span> <span class='ocrx_word' id='word_1_833' title='bbox 3143 4581 3194 4634; x_wconf 90' lang='lat' dir='ltr'><strong>id</strong></span> <span class='ocrx_word' id='word_1_834' title='bbox 3227 4583 3391 4635; x_wconf 87' lang='lat' dir='ltr'><strong>etiam</strong></span> <span class='ocrx_word' id='word_1_835' title='bbox 3420 4587 3473 4638; x_wconf 90' lang='lat' dir='ltr'><strong>iu</strong></span> 
     </span>
    </p>
   </div>
   <div class='ocr_carea' id='block_1_108' title="bbox 1903 4668 3473 4741">
    <p class='ocr_par' dir='ltr' id='par_1_108' title="bbox 1903 4668 3473 4741">
     <span class='ocr_line' id='line_1_108' title="bbox 1903 4668 3473 4741; baseline 0.003 -17"><span class='ocrx_word' id='word_1_836' title='bbox 1903 4670 2159 4741; x_wconf 85' lang='lat' dir='ltr'><strong>Epistolis</strong></span> <span class='ocrx_word' id='word_1_837' title='bbox 2208 4669 2493 4739; x_wconf 89' lang='lat' dir='ltr'><strong>posuerit,</strong></span> <span class='ocrx_word' id='word_1_838' title='bbox 2542 4679 2598 4722; x_wconf 87' lang='lat' dir='ltr'><strong>et</strong></span> <span class='ocrx_word' id='word_1_839' title='bbox 2641 4680 2864 4724; x_wconf 87' lang='lat' dir='ltr'><strong>sanctus</strong></span> <span class='ocrx_word' id='word_1_840' title='bbox 2907 4668 3226 4728; x_wconf 83' lang='lat' dir='ltr'><strong>&#39;l‘iniotheus</strong></span> <span class='ocrx_word' id='word_1_841' title='bbox 3269 4673 3336 4727; x_wconf 90' lang='lat' dir='ltr'><strong>de</strong></span> <span class='ocrx_word' id='word_1_842' title='bbox 3373 4674 3473 4728; x_wconf 87' lang='lat' dir='ltr'><strong>hnc</strong></span> 
     </span>
    </p>
   </div>
   <div class='ocr_carea' id='block_1_109' title="bbox 1905 4763 3475 4831">
    <p class='ocr_par' dir='ltr' id='par_1_109' title="bbox 1905 4763 3475 4831">
     <span class='ocr_line' id='line_1_109' title="bbox 1905 4763 3475 4831; baseline 0.001 -14"><span class='ocrx_word' id='word_1_843' title='bbox 1905 4764 2187 4818; x_wconf 89' lang='lat' dir='ltr'><strong>dubitarit.</strong></span> <span class='ocrx_word' id='word_1_844' title='bbox 2235 4763 2330 4816; x_wconf 80' lang='lat' dir='ltr'><strong>Ait</strong></span> <span class='ocrx_word' id='word_1_845' title='bbox 2380 4763 2562 4831; x_wconf 87' lang='lat' dir='ltr'><strong>itaque</strong></span> <span class='ocrx_word' id='word_1_846' title='bbox 2604 4777 2709 4815; x_wconf 91' lang='lat' dir='ltr'><strong>non</strong></span> <span class='ocrx_word' id='word_1_847' title='bbox 2755 4777 2997 4831; x_wconf 86' lang='lat' dir='ltr'><strong>pugnare</strong></span> <span class='ocrx_word' id='word_1_848' title='bbox 3044 4779 3252 4828; x_wconf 87' lang='lat' dir='ltr'><strong>secum,</strong></span> <span class='ocrx_word' id='word_1_849' title='bbox 3293 4765 3475 4821; x_wconf 85' lang='lat' dir='ltr'><strong>dicere</strong></span> 
     </span>
    </p>
   </div>
   <div class='ocr_carea' id='block_1_110' title="bbox 1904 4851 3473 4921">
    <p class='ocr_par' dir='ltr' id='par_1_110' title="bbox 1904 4851 3473 4921">
     <span class='ocr_line' id='line_1_110' title="bbox 1904 4851 3473 4921; baseline 0.001 -14"><span class='ocrx_word' id='word_1_850' title='bbox 1904 4853 2073 4908; x_wconf 88' lang='lat' dir='ltr'><strong>Deum</strong></span> <span class='ocrx_word' id='word_1_851' title='bbox 2119 4867 2241 4907; x_wconf 91' lang='lat' dir='ltr'><strong>esse</strong></span> <span class='ocrx_word' id='word_1_852' title='bbox 2288 4866 2386 4920; x_wconf 89' lang='lat' dir='ltr'><strong>per</strong></span> <span class='ocrx_word' id='word_1_853' title='bbox 2417 4867 2476 4906; x_wconf 85' lang='lat' dir='ltr'><strong>se</strong></span> <span class='ocrx_word' id='word_1_854' title='bbox 2513 4851 2704 4914; x_wconf 87' lang='lat' dir='ltr'><strong>vitam,</strong></span> <span class='ocrx_word' id='word_1_855' title='bbox 2735 4862 2792 4905; x_wconf 94' lang='lat' dir='ltr'><strong>et</strong></span> <span class='ocrx_word' id='word_1_856' title='bbox 2837 4867 2932 4921; x_wconf 89' lang='lat' dir='ltr'><strong>per</strong></span> <span class='ocrx_word' id='word_1_857' title='bbox 2967 4868 3027 4907; x_wconf 88' lang='lat' dir='ltr'><strong>se</strong></span> <span class='ocrx_word' id='word_1_858' title='bbox 3063 4854 3186 4908; x_wconf 69' lang='lat' dir='ltr'><strong>vita:</strong></span> <span class='ocrx_word' id='word_1_859' title='bbox 3222 4855 3473 4910; x_wconf 87' lang='lat' dir='ltr'><strong>condito-</strong></span> 
     </span>
    </p>
   </div>
   <div class='ocr_carea' id='block_1_111' title="bbox 1905 4943 3471 5016">
    <p class='ocr_par' dir='ltr' id='par_1_111' title="bbox 1905 4943 3471 5016">
     <span class='ocr_line' id='line_1_111' title="bbox 1905 4943 3471 5016; baseline 0 -15"><span class='ocrx_word' id='word_1_860' title='bbox 1905 4962 2056 5011; x_wconf 84' lang='lat' dir='ltr'><strong>rem;</strong></span> <span class='ocrx_word' id='word_1_861' title='bbox 2097 4946 2299 5000; x_wconf 90' lang='lat' dir='ltr'><strong>dicitur</strong></span> <span class='ocrx_word' id='word_1_862' title='bbox 2342 4944 2487 4998; x_wconf 88' lang='lat' dir='ltr'><strong>enim</strong></span> <span class='ocrx_word' id='word_1_863' title='bbox 2513 4943 2679 5008; x_wconf 80' lang='lat' dir='ltr'><strong>Deus,</strong></span> <span class='ocrx_word' id='word_1_864' title='bbox 2708 4945 2871 4998; x_wconf 89' lang='lat' dir='ltr'><strong>etiam</strong></span> <span class='ocrx_word' id='word_1_865' title='bbox 2922 4961 2986 4999; x_wconf 77' lang='lat' dir='ltr'><strong>ex</strong></span> <span class='ocrx_word' id='word_1_866' title='bbox 3023 4946 3182 5000; x_wconf 90' lang='lat' dir='ltr'><strong>rebus</strong></span> <span class='ocrx_word' id='word_1_867' title='bbox 3217 4957 3471 5016; x_wconf 84' lang='lat' dir='ltr'><strong>tanquam</strong></span> 
     </span>
    </p>
   </div>
   <div class='ocr_carea' id='block_1_112' title="bbox 1903 5037 3474 5108">
    <p class='ocr_par' dir='ltr' id='par_1_112' title="bbox 1903 5037 3474 5108">
     <span class='ocr_line' id='line_1_112' title="bbox 1903 5037 3474 5108; baseline 0.002 -17"><span class='ocrx_word' id='word_1_868' title='bbox 1903 5037 2191 5092; x_wconf 85' lang='lat' dir='ltr'><strong>etfectuum</strong></span> <span class='ocrx_word' id='word_1_869' title='bbox 2233 5050 2420 5102; x_wconf 87' lang='lat' dir='ltr'><strong>causa,</strong></span> <span class='ocrx_word' id='word_1_870' title='bbox 2453 5044 2507 5089; x_wconf 93' lang='lat' dir='ltr'><strong>et</strong></span> <span class='ocrx_word' id='word_1_871' title='bbox 2536 5037 2770 5090; x_wconf 76' lang='lat' dir='ltr'><strong>maxime</strong></span> <span class='ocrx_word' id='word_1_872' title='bbox 2792 5051 2858 5090; x_wconf 82' lang='lat' dir='ltr'><strong>ex</strong></span> <span class='ocrx_word' id='word_1_873' title='bbox 2901 5037 2968 5092; x_wconf 90' lang='lat' dir='ltr'><strong>iis</strong></span> <span class='ocrx_word' id='word_1_874' title='bbox 2997 5052 3116 5106; x_wconf 77' lang='lat' dir='ltr'><strong>qtne</strong></span> <span class='ocrx_word' id='word_1_875' title='bbox 3140 5039 3314 5108; x_wconf 91' lang='lat' dir='ltr'><strong>primo</strong></span> <span class='ocrx_word' id='word_1_876' title='bbox 3353 5039 3474 5094; x_wconf 88' lang='lat' dir='ltr'><strong>loco</strong></span> 
     </span>
    </p>
   </div>
   <div class='ocr_carea' id='block_1_113' title="bbox 1904 5127 3472 5200">
    <p class='ocr_par' dir='ltr' id='par_1_113' title="bbox 1904 5127 3472 5200">
     <span class='ocr_line' id='line_1_113' title="bbox 1904 5127 3472 5200; baseline 0.001 -15"><span class='ocrx_word' id='word_1_877' title='bbox 1904 5139 2048 5185; x_wconf 85' lang='lat' dir='ltr'><strong>sunt.</strong></span> <span class='ocrx_word' id='word_1_878' title='bbox 2077 5128 2341 5182; x_wconf 76' lang='lat' dir='ltr'><strong>Existimo</strong></span> <span class='ocrx_word' id='word_1_879' title='bbox 2362 5137 2543 5181; x_wconf 92' lang='lat' dir='ltr'><strong>autem</strong></span> <span class='ocrx_word' id='word_1_880' title='bbox 2588 5127 2765 5197; x_wconf 90' lang='lat' dir='ltr'><strong>ipsum</strong></span> <span class='ocrx_word' id='word_1_881' title='bbox 2793 5144 2887 5197; x_wconf 90' lang='lat' dir='ltr'><strong>per</strong></span> <span class='ocrx_word' id='word_1_882' title='bbox 2916 5145 2979 5183; x_wconf 85' lang='lat' dir='ltr'><strong>ea</strong></span> <span class='ocrx_word' id='word_1_883' title='bbox 3009 5145 3130 5200; x_wconf 73' lang='lat' dir='ltr'><strong>qua:</strong></span> <span class='ocrx_word' id='word_1_884' title='bbox 3157 5131 3331 5200; x_wconf 91' lang='lat' dir='ltr'><strong>primo</strong></span> <span class='ocrx_word' id='word_1_885' title='bbox 3355 5131 3472 5186; x_wconf 86' lang='lat' dir='ltr'><strong>loco</strong></span> 
     </span>
    </p>
   </div>
   <div class='ocr_carea' id='block_1_114' title="bbox 1903 5221 3516 5294">
    <p class='ocr_par' dir='ltr' id='par_1_114' title="bbox 1903 5221 3516 5294">
     <span class='ocr_line' id='line_1_114' title="bbox 1903 5221 3516 5294; baseline 0.002 -18"><span class='ocrx_word' id='word_1_886' title='bbox 1903 5231 2052 5287; x_wconf 87' lang='lat' dir='ltr'><strong>sunt,</strong></span> <span class='ocrx_word' id='word_1_887' title='bbox 2096 5221 2432 5275; x_wconf 78' lang='lat' dir='ltr'><strong>intellexisse</strong></span> <span class='ocrx_word' id='word_1_888' title='bbox 2474 5229 2700 5274; x_wconf 84' lang='lat' dir='ltr'><strong>naturas</strong></span> <span class='ocrx_word' id='word_1_889' title='bbox 2746 5223 3236 5289; x_wconf 89' lang='lat' dir='ltr'><strong>supramuudiales,</strong></span> <span class='ocrx_word' id='word_1_890' title='bbox 3275 5225 3472 5294; x_wconf 85' lang='lat' dir='ltr'><strong>quippe</strong></span> <span class='ocrx_word' id='word_1_891' title='bbox 3508 5237 3516 5244; x_wconf 92' lang='lat'><strong>&#39;</strong></span> 
     </span>
    </p>
   </div>
   <div class='ocr_carea' id='block_1_115' title="bbox 1903 5312 3470 5386">
    <p class='ocr_par' dir='ltr' id='par_1_115' title="bbox 1903 5312 3470 5386">
     <span class='ocr_line' id='line_1_115' title="bbox 1903 5312 3470 5386; baseline 0.002 -18"><span class='ocrx_word' id='word_1_892' title='bbox 1903 5317 2082 5386; x_wconf 92' lang='lat' dir='ltr'><strong>primo</strong></span> <span class='ocrx_word' id='word_1_893' title='bbox 2110 5314 2226 5368; x_wconf 87' lang='lat' dir='ltr'><strong>locu</strong></span> <span class='ocrx_word' id='word_1_894' title='bbox 2255 5312 2568 5381; x_wconf 89' lang='lat' dir='ltr'><strong>liquidoque</strong></span> <span class='ocrx_word' id='word_1_895' title='bbox 2593 5313 2774 5366; x_wconf 89' lang='lat' dir='ltr'><strong>divina</strong></span> <span class='ocrx_word' id='word_1_896' title='bbox 2801 5331 3022 5369; x_wconf 90' lang='lat' dir='ltr'><strong>munera</strong></span> <span class='ocrx_word' id='word_1_897' title='bbox 3058 5315 3470 5386; x_wconf 85' lang='lat' dir='ltr'><strong>participautes,</strong></span> 
     </span>
    </p>
   </div>
   <div class='ocr_carea' id='block_1_116' title="bbox 1904 5403 3469 5476">
    <p class='ocr_par' dir='ltr' id='par_1_116' title="bbox 1904 5403 3469 5476">
     <span class='ocr_line' id='line_1_116' title="bbox 1904 5403 3469 5476; baseline 0.002 -17"><span class='ocrx_word' id='word_1_898' title='bbox 1904 5418 1963 5468; x_wconf 86' lang='lat' dir='ltr'><strong>ut</strong></span> <span class='ocrx_word' id='word_1_899' title='bbox 1992 5407 2178 5468; x_wconf 88' lang='lat' dir='ltr'><strong>vitam,</strong></span> <span class='ocrx_word' id='word_1_900' title='bbox 2222 5403 2710 5469; x_wconf 86' lang='lat' dir='ltr'><strong>immortalitatem,</strong></span> <span class='ocrx_word' id='word_1_901' title='bbox 2740 5416 2794 5458; x_wconf 91' lang='lat' dir='ltr'><strong>et</strong></span> <span class='ocrx_word' id='word_1_902' title='bbox 2821 5406 3055 5474; x_wconf 87' lang='lat' dir='ltr'><strong>reliqua.</strong></span> <span class='ocrx_word' id='word_1_903' title='bbox 3087 5404 3276 5475; x_wconf 86' lang='lat' dir='ltr'><strong>Itaque</strong></span> <span class='ocrx_word' id='word_1_904' title='bbox 3309 5407 3469 5476; x_wconf 86' lang='lat' dir='ltr'><strong>Deus,</strong></span> 
     </span>
    </p>
   </div>
   <div class='ocr_carea' id='block_1_117' title="bbox 1904 5496 3467 5569">
    <p class='ocr_par' dir='ltr' id='par_1_117' title="bbox 1904 5496 3467 5569">
     <span class='ocr_line' id='line_1_117' title="bbox 1904 5496 3467 5569; baseline 0.003 -18"><span class='ocrx_word' id='word_1_905' title='bbox 1904 5499 1994 5568; x_wconf 89' lang='lat' dir='ltr'><strong>qui</strong></span> <span class='ocrx_word' id='word_1_906' title='bbox 2023 5511 2090 5552; x_wconf 79' lang='lat' dir='ltr'><strong>ex</strong></span> <span class='ocrx_word' id='word_1_907' title='bbox 2118 5497 2298 5560; x_wconf 89' lang='lat' dir='ltr'><strong>rebus,</strong></span> <span class='ocrx_word' id='word_1_908' title='bbox 2328 5503 2586 5565; x_wconf 88' lang='lat' dir='ltr'><strong>tanquam</strong></span> <span class='ocrx_word' id='word_1_909' title='bbox 2611 5510 2772 5550; x_wconf 88' lang='lat' dir='ltr'><strong>causa</strong></span> <span class='ocrx_word' id='word_1_910' title='bbox 2797 5512 2862 5551; x_wconf 81' lang='lat' dir='ltr'><strong>ex</strong></span> <span class='ocrx_word' id='word_1_911' title='bbox 2886 5496 3117 5564; x_wconf 78' lang='lat' dir='ltr'><strong>eﬂ‘ectis,</strong></span> <span class='ocrx_word' id='word_1_912' title='bbox 3145 5499 3467 5569; x_wconf 83' lang='lat' dir='ltr'><strong>appellatur,</strong></span> 
     </span>
    </p>
   </div>
   <div class='ocr_carea' id='block_1_118' title="bbox 1905 5587 3472 5660">
    <p class='ocr_par' dir='ltr' id='par_1_118' title="bbox 1905 5587 3472 5660">
     <span class='ocr_line' id='line_1_118' title="bbox 1905 5587 3472 5660; baseline 0.002 -14"><span class='ocrx_word' id='word_1_913' title='bbox 1905 5589 2202 5646; x_wconf 87' lang='lat' dir='ltr'><strong>secundum</strong></span> <span class='ocrx_word' id='word_1_914' title='bbox 2242 5589 2345 5643; x_wconf 87' lang='lat' dir='ltr'><strong>hoc</strong></span> <span class='ocrx_word' id='word_1_915' title='bbox 2373 5589 2540 5642; x_wconf 89' lang='lat' dir='ltr'><strong>etiam</strong></span> <span class='ocrx_word' id='word_1_916' title='bbox 2579 5587 2684 5642; x_wconf 91' lang='lat' dir='ltr'><strong>dici</strong></span> <span class='ocrx_word' id='word_1_917' title='bbox 2724 5591 2902 5656; x_wconf 85' lang='lat' dir='ltr'><strong>possit</strong></span> <span class='ocrx_word' id='word_1_918' title='bbox 2940 5590 3110 5660; x_wconf 89' lang='lat' dir='ltr'><strong>ipsius</strong></span> <span class='ocrx_word' id='word_1_919' title='bbox 3144 5606 3241 5660; x_wconf 83' lang='lat' dir='ltr'><strong>per</strong></span> <span class='ocrx_word' id='word_1_920' title='bbox 3266 5607 3327 5646; x_wconf 90' lang='lat' dir='ltr'><strong>se</strong></span> <span class='ocrx_word' id='word_1_921' title='bbox 3351 5594 3472 5649; x_wconf 77' lang='lat' dir='ltr'><strong>vita)</strong></span> 
     </span>
    </p>
   </div>
   <div class='ocr_carea' id='block_1_119' title="bbox 1906 5678 3470 5751">
    <p class='ocr_par' dir='ltr' id='par_1_119' title="bbox 1906 5678 3470 5751">
     <span class='ocr_line' id='line_1_119' title="bbox 1906 5678 3470 5751; baseline 0 -11"><span class='ocrx_word' id='word_1_922' title='bbox 1906 5683 2156 5740; x_wconf 89' lang='lat' dir='ltr'><strong>conditor</strong></span> <span class='ocrx_word' id='word_1_923' title='bbox 2199 5691 2256 5735; x_wconf 92' lang='lat' dir='ltr'><strong>et</strong></span> <span class='ocrx_word' id='word_1_924' title='bbox 2303 5688 2518 5744; x_wconf 86' lang='lat' dir='ltr'><strong>auctor,</strong></span> <span class='ocrx_word' id='word_1_925' title='bbox 2566 5693 2631 5732; x_wconf 81' lang='lat' dir='ltr'><strong>ex</strong></span> <span class='ocrx_word' id='word_1_926' title='bbox 2668 5678 2860 5734; x_wconf 82' lang='lat' dir='ltr'><strong>effectu</strong></span> <span class='ocrx_word' id='word_1_927' title='bbox 2905 5697 3000 5751; x_wconf 87' lang='lat' dir='ltr'><strong>per</strong></span> <span class='ocrx_word' id='word_1_928' title='bbox 3048 5697 3105 5737; x_wconf 90' lang='lat' dir='ltr'><strong>se</strong></span> <span class='ocrx_word' id='word_1_929' title='bbox 3141 5683 3282 5738; x_wconf 66' lang='lat' dir='ltr'><strong>vitae.</strong></span> <span class='ocrx_word' id='word_1_930' title='bbox 3331 5683 3470 5751; x_wconf 85' lang='lat' dir='ltr'><strong>Quid</strong></span> 
     </span>
    </p>
   </div>
   <div class='ocr_carea' id='block_1_120' title="bbox 1909 5772 3466 5846">
    <p class='ocr_par' dir='ltr' id='par_1_120' title="bbox 1909 5772 3466 5846">
     <span class='ocr_line' id='line_1_120' title="bbox 1909 5772 3466 5846; baseline 0.001 -14"><span class='ocrx_word' id='word_1_931' title='bbox 1909 5791 2038 5833; x_wconf 83' lang='lat' dir='ltr'><strong>vero</strong></span> <span class='ocrx_word' id='word_1_932' title='bbox 2094 5775 2166 5830; x_wconf 91' lang='lat' dir='ltr'><strong>sit</strong></span> <span class='ocrx_word' id='word_1_933' title='bbox 2222 5773 2335 5828; x_wconf 70' lang='lat' dir='ltr'><strong>hinc</strong></span> <span class='ocrx_word' id='word_1_934' title='bbox 2380 5787 2476 5842; x_wconf 89' lang='lat' dir='ltr'><strong>per</strong></span> <span class='ocrx_word' id='word_1_935' title='bbox 2522 5787 2580 5828; x_wconf 88' lang='lat' dir='ltr'><strong>se</strong></span> <span class='ocrx_word' id='word_1_936' title='bbox 2634 5772 2744 5828; x_wconf 87' lang='lat' dir='ltr'><strong>vita</strong></span> <span class='ocrx_word' id='word_1_937' title='bbox 2773 5813 2789 5841; x_wconf 95' lang='lat'><strong>,</strong></span> <span class='ocrx_word' id='word_1_938' title='bbox 2847 5773 2920 5828; x_wconf 91' lang='lat' dir='ltr'><strong>ita</strong></span> <span class='ocrx_word' id='word_1_939' title='bbox 2969 5789 3308 5846; x_wconf 82' lang='lat' dir='ltr'><strong>prosequens</strong></span> <span class='ocrx_word' id='word_1_940' title='bbox 3356 5781 3466 5833; x_wconf 84' lang='lat' dir='ltr'><strong>ait:</strong></span> 
     </span>
    </p>
   </div>
  </div>
