4176 6314
705 369 809 426 907

1848 365 1906 425 S.
1941 362 2240 423 DIONYSII
2273 362 2736 422 AREOPAGITA‘J

3848 361 3955 418 968

705 486 933 555 Quando
983 495 1163 541 autem
1210 480 1414 540 dicitur
1443 478 1587 539 Deus
1639 496 1737 552 per
1790 495 1851 536 se
1907 482 2060 549 vita,
2101 489 2266 564 supra

2375 478 2535 547 φύσιν
2564 477 2781 547 λέγεται
2799 516 2815 541 ,
2846 475 3009 548 ἧγουν
3038 475 3132 531 καὶ
3161 476 3302 549 ὑπὲρ
3330 475 3593 547 ἀγγέλους
3632 476 3726 531 καὶ
3770 479 3956 533 πᾶσαν

705 592 921 634 omnem
951 588 1198 632 naturam
1224 576 1442 640 dicitur,
1479 574 1531 629 id
1559 582 1643 629 est
1670 574 1836 628 etiam
1864 587 2027 641 supra
2054 572 2273 643 angelos

714 685 1041 741 omnemque
1080 671 1440 727 substantiam
1483 666 1803 736 spiritalem.
1849 667 1925 721 Ex
1957 678 2065 721 uno
2095 680 2273 721 autem

701 760 949 829 exemplo
984 760 1130 822 vitae,
1172 772 1272 813 nos
1308 756 1473 814 etiam
1502 756 1567 811 de
1601 755 1868 810 similibus
1897 755 2151 810 similiter
2180 770 2275 810 co.

700 853 884 922 gitare
929 857 1167 916 oportet.
1197 846 1666 917 Quemadmodum
1702 846 1867 913 igitur
1906 845 1958 900 ln
2003 846 2124 901 aliis
2148 845 2277 903 etle-

700 939 807 993 ctis
839 928 1164 1006 reperimus,
1203 934 1370 988 Deum
1397 933 1562 988 etiam
1600 948 1664 988 ex
1694 933 1777 988 his
1800 933 2029 1000 dictum,
2071 946 2126 990 et
2158 952 2277 991 rur-

701 1044 823 1090 sum
872 1042 1039 1096 supra
1073 1017 1204 1081 'hzec.
1254 1026 1511 1091 existere,
1565 1026 1745 1094 ignem
1793 1037 1847 1081 et
1888 1041 2048 1096 supra
2075 1027 2274 1094 ignem,

712 1129 950 1175 mentem
982 1128 1038 1173 et
1062 1132 1225 1187 supra
1265 1127 1523 1179 mentem,
1560 1117 1810 1189 spiritum
1844 1128 1900 1172 et
1928 1134 2091 1186 supra
2119 1120 2275 1189 spiri-

699 1220 841 1278 tum,
890 1212 969 1265 sic
1019 1210 1203 1265 etiam.
1240 1226 1334 1281 per
1380 1225 1438 1265 se
1482 1210 1591 1264 vita
1642 1211 1849 1265 dicitur
1901 1220 2156 1280 tanquam
2206 1226 2274 1267 ex

700 1302 920 1369 eﬂectu,
965 1313 1021 1358 et
1060 1318 1223 1373 supra
1282 1303 1479 1373 ipsam.
1527 1295 1667 1369 Quid
1706 1319 1858 1369 vero,
1913 1305 2144 1373 inquies,
2193 1311 2277 1358 est

703 1397 819 1450 haec
844 1410 942 1465 per
972 1409 1029 1449 se
1066 1394 1204 1460 vita,
1239 1394 1394 1464 cujus
1424 1394 1647 1450 eﬂ‘ector
1681 1404 1735 1450 et
1780 1411 1946 1450 causa
1980 1394 2119 1450 Deus
2149 1395 2275 1449 est?

703 1502 830 1541 num
860 1495 942 1540 est
973 1500 1057 1539 res
1084 1500 1179 1553 per
1207 1499 1265 1539 se
1312 1486 1636 1552 subsistens,
1673 1486 1834 1539 etiam
1882 1486 2178 1539 secundum
2217 1500 2275 1541 se

700 1578 1090 1633 considerata?
1121 1574 1233 1630 Non
1265 1577 1364 1630 hoc
1393 1577 1656 1642 dicimus;
1685 1592 1786 1630 non
1813 1577 1954 1631 enim
1986 1586 2068 1630 est
2096 1576 2271 1647 aliqua

701 1668 1037 1731 substantia,
1078 1669 1193 1723 sive
1230 1667 1415 1721 divina
1458 1668 1573 1723 sive
1606 1668 1884 1737 angelica,
1916 1668 2049 1721 illud
2088 1684 2184 1738 per
2214 1684 2273 1724 se

701 1773 826 1815 esse
856 1775 1020 1814 causa
1062 1760 1312 1814 essentia!
1348 1760 1611 1822 omnium,
1655 1759 1739 1813 vel
1770 1774 1863 1829 per
1900 1774 1957 1814 se
1987 1760 2119 1825 vita,
2163 1774 2267 1828 qua

2376 570 2568 642 νοερὰν
2595 571 2801 623 οὐσίαν.
2846 568 2934 635 Ἐξ
2964 568 3079 628 ἑνὸς
3106 570 3163 619 δὲ
3187 570 3289 640 τῆς
3318 569 3495 639 ζωῆς,
3539 572 3630 627 καὶ
3674 570 3803 641 περὶ
3842 568 3956 624 τῶν

2374 662 2573 733 ὁμοίων
2614 662 2815 732 ὁμοίως
2859 663 3006 732 ἡμᾶς
3045 660 3127 713 δεῖ
3164 664 3323 714 νοεῖν.
3367 661 3452 724 Ὠς
3492 659 3621 730 γοῦν
3658 663 3748 713 ἐπ’
3775 661 3956 717 ἄλλων

2376 753 2634 809 αἰτιατῶν
2669 752 2993 824 εὑρίσκομεν
3022 752 3112 805 τὸν
3139 751 3270 805 Θεὸν
3299 752 3393 805 καὶ
3422 751 3530 808 ἀπὸ
3560 751 3765 805 τούτων
3792 752 3953 821 λεγό-

2380 862 2559 916 μενον,
2594 845 2687 898 καὶ
2716 843 2877 896 πάλιν
2907 844 3047 913 ὑπὲρ
3073 843 3247 897 ταῦτα
3273 842 3401 896 ὅντα
3419 883 3433 907 ,
3459 842 3570 913 πῦρ
3596 844 3862 917 καὶιύπὲρ
3890 844 3956 898 τὸ

2377 936 2507 1007 πῦρ,
2538 935 2661 989 νοῦν
2702 935 2795 988 καὶ
2837 935 2976 1006 ὑπὲρ
3003 934 3094 986 τὸν
3121 934 3276 999 νοῦν,
3321 932 3536 1005 πνεῦμα
3577 936 3669 988 καὶ
3708 935 3850 1006 ὑπὲρ
3889 935 3955 989 τὸ

2378 1027 2627 1098 πνεῦμα·
2673 1025 2847 1088 οὕτως
2888 1026 2981 1078 καὶ
3024 1022 3266 1096 αὐτοξωη
3307 1024 3382 1087 ὠς
3429 1024 3489 1089 ἐξ
3529 1025 3806 1089 αἰτιατοῦ,
3855 1025 3955 1078 καί

2378 1120 2518 1193 ὑπὲρ
2548 1120 2737 1191 αὐτήν.
2770 1118 2834 1171 Ἡ
2876 1117 2964 1182 δὲ,
3008 1118 3213 1181 είποις,
3244 1117 3389 1171 ἔστιν
3430 1116 3566 1188 αὐτη
3598 1119 3631 1189 ἡ
3665 1114 3909 1188 αὐτοζωὴ
3931 1155 3952 1181 ,

2375 1205 2443 1282 ἦς
2470 1212 2498 1264 6
2531 1210 2662 1273 Θεὸς
2689 1209 2997 1279 ὑποστάτης
3017 1209 3111 1262 καὶ
3132 1209 3302 1272 αἴτιος
3326 1225 3340 1273 ;
3373 1205 3881 1280 ἆρααύθύπαρκτὸν
3895 1226 3955 1263 τι

2378 1306 2605 1375 πρᾶγμα
2633 1304 2725 1358 καὶ
2752 1302 2872 1357 καθ’
2902 1302 3031 1354 αὐτὸ
3073 1299 3473 1372 θεωρούμενονς
3514 1301 3586 1353 Οὐ
3612 1298 3771 1352 τοῦτο
3799 1298 3955 1367 λέγο-

2379 1410 2512 1465 μεν·
2543 1393 2663 1446 οὐδὲ
2708 1392 2816 1463 γάρ
2858 1390 2973 1445 ὲστί
3005 1407 3090 1454 τις
3131 1389 3319 1453 οὐσία,
3349 1389 3380 1459 ἢ
3410 1388 3529 1443 θεία
3569 1389 3602 1459 ἢ
3645 1387 3907 1459 ἀγγελικὴ
3932 1428 3950 1453 ,

2374 1486 2435 1540 τὸ
2460 1487 2732 1539 αὐτοεῑναι
2763 1483 2909 1537 αίτία
2946 1480 3040 1534 τοῦ
3070 1476 3209 1535 εἶναι
3240 1480 3307 1532 τὰ
3337 1480 3508 1532 πάντα
3528 1519 3544 1545 ,
3575 1480 3607 1551 ἢ
3635 1482 3668 1551 ἡ
3699 1480 3952 1552 αὐτοζωὴ

2370 1576 2467 1631 τοῦ
2499 1576 2597 1647 ζῇν
2636 1573 2705 1626 τὰ
2749 1571 2925 1637 ζῶντα
2948 1569 3141 1642 (μόνον
3168 1574 3277 1642 γὰρ
3308 1566 3403 1623 τοῦ
3447 1564 3585 1623 εἶναι
3624 1570 3691 1623 τὰ
3734 1572 3949 1636 πάντα,

2375 1670 2469 1723 καὶ
2499 1666 2593 1719 τοῦ
2623 1662 2759 1719 εῖναι
2778 1706 2792 1729 ,
2832 1664 2926 1717 καὶ
2954 1664 3084 1716 αὐτὸ
3110 1662 3170 1715 τὸ
3199 1666 3256 1716 ὲν
3277 1664 3393 1725 τοῖς
3421 1657 3571 1715 οὖσιν
3600 1658 3771 1726 εἶναι,
3800 1662 3951 1734 ἀρχὴ

2374 1761 2469 1814 καὶ
2496 1758 2643 1813 αίτία
2671 1757 2817 1810 ἐστὶν
2860 1758 2893 1827 ἡ
2935 1754 3255 1825 ὐπερούσιος
3281 1753 3490 1823 οὐσία).
3526 1754 3639 1805 Οὐκ
3664 1753 3776 1805 ἔστι
3815 1753 3954 1821 γοῦν

704 1852 944 1908 viventia
975 1853 1164 1907 vivunt
1201 1854 1396 1923 (solum
1431 1853 1574 1907 enim
1618 1852 1685 1918 is,
1723 1854 1815 1922 qui
1844 1862 1927 1906 est
1965 1851 2268 1907 substantia

2370 1854 2544 1905 εἰπεῖν
2572 1848 2806 1922 ἀρχικὰς
2838 1848 2944 1903 τῶν
2980 1848 3149 1901 ὅντων
3186 1848 3281 1901 καὶ
3316 1847 3709 1919 δημιουργικὰς
3736 1847 3953 1911 οὐσίας,

703 1942 1273 2010 suprasubstsntialis,
1334 1942 1656 2011 principium
1679 1953 1733 1996 et
1765 1956 1926 2007 causa
1954 1950 2037 1995 est
2068 1950 2124 1995 ut
2160 1943 2270 1995 sint

699 2034 886 2088 omnia
917 2050 1037 2101 qua:
1064 2044 1212 2099 sunt,
1250 2043 1305 2089 et
1332 2035 1503 2103 ipsum
1530 2033 1698 2103 esse).
1733 2031 1847 2086 Non
1887 2033 2071 2102 itaque
2089 2031 2272 2087 dicere

705 2123 851 2189 licet,
898 2124 1226 2192 principales
1274 2125 1536 2193 quasdam
1584 2139 1705 2179 esse
1752 2140 1927 2177 rerum
1976 2138 2176 2178 causas
2214 2131 2269 2178 et

701 2216 967 2272 essentias
1004 2216 1829 2286 conditrices,quemadmodum
1871 2216 2096 2287 gentiles
2134 2215 2271 2268 mul-

702 2316 791 2363 tos
821 2307 950 2364 deos
987 2309 1360 2370 eﬂ'utiverunt,
1394 2324 1531 2378 quos
1577 2324 1678 2363 nec
1723 2307 1827 2377 ipsi
1873 2294 2047 2377 neque
2085 2317 2268 2377 patres

700 2412 889 2455 eorum
928 2401 1227 2455 sciverunt.
1291 2401 1558 2455 Caeterum
1616 2401 1730 2455 haec
1772 2400 2004 2455 dicimus
2061 2399 2267 2469 princi-

697 2492 1146 2564 pialiterquidem
1189 2500 1244 2545 et
1277 2492 1574 2547 causaliter
1609 2492 1783 2561 ipsum
1820 2493 1985 2546 Deum
2028 2505 2149 2546 esse
2173 2505 2269 2558 per

701 2600 763 2638 se
795 2601 915 2648 ens.
958 2601 1055 2655 per
1100 2602 1160 2641 se
1204 2588 1422 2650 vitant,-
1456 2601 1552 2656 per
1598 2601 1657 2639 se
1693 2586 1949 2641 deitatem
1991 2600 2007 2638 :
2055 2599 2268 2639 rursum

703 2675 861 2747 521
898 2692 1027 2731 vero
1085 2680 1428 2748 participate-
1458 2678 1741 2746 iargiens,‘
1783 2677 2270 2745 inquam,ﬁrtutes

699 2769 1145 2836 pmvidentialcs.
1187 2768 1322 2824 Cum
1363 2771 1506 2823 enim
1553 2768 2183 2838 Deusimpartieipabiiis
2214 2782 2269 2824 et

701 2864 1089 2935 participabilis
1107 2862 1198 2927 sit,
1224 2856 1687 2932 imparticipabilis
1724 2863 1939 2932 quidem
1971 2866 2268 2919 secundum

700 2955 998 3012 essentiam
1018 2955 1174 3024 (nihil
1192 2954 1333 3007 enim
1354 2966 1535 3007 eorum
1556 2968 1673 3021 qua:
1695 2961 1816 3007 sunt
1835 2956 2085 3009 essentia:
2101 2953 2270 3026 ipsius

702 3041 977 3110 particeps
1027 3042 1255 3105 existit,
1306 3040 1573 3110 siquidem
1640 3031 1936 3096 secundum
1997 3046 2268 3113 propriam

2373 1944 2666 2016 καθώσπερ
2692 1945 2738 1997 οί
2766 1942 3021 2012 Ἕλληνες
3044 1980 3057 2005 ,
3092 1940 3318 2003 πολλοὺς
3352 1939 3507 2002 θεοὺς
3548 1938 3950 2010 σχεδιάσαντες,

2372 2036 2466 2101 οὓς
2507 2037 2632 2091 οὐτε
2680 2036 2831 2089 αὐτοὶ
2880 2034 3131 2105 ᾔδεισαν,
3182 2032 3304 2087 οὐτε
3354 2034 3403 2088 οἱ
3458 2033 3692 2103 πατέρες
3745 2031 3947 2085 αὐτῶν.

2385 2130 2544 2185 Ἀλλὰ
2571 2130 2744 2185 ταῦτά
2773 2146 2973 2199 φαμεν,
3005 2127 3247 2198 ἀρχικῶς
3293 2126 3389 2197 μὲν
3431 2125 3523 2178 καὶ
3565 2124 3820 2187 αίτιατῶς
3848 2124 3955 2177 αὐ·-

2369 2220 2460 2274 τὸν
2496 2219 2586 2273 τὸν
2617 2218 2781 2282 Θεὸν,
2814 2216 3022 2280 αὐτοὸν,
3054 2215 3353 2285 αὐτοζωὴν,
3385 2213 3780 2286 αὐτοθεότητα·
3812 2212 3954 2284 μεθ-

2372 2310 2546 2374 εκτῶς
2589 2310 2645 2363 δὲ
2689 2309 2851 2363 πάλιν
2880 2307 3084 2371 ταῦτα,
3126 2306 3268 2376 φημὶ
3304 2304 3403 2369 τὰς
3439 2304 3783 2376 ὲκδιδομένας
3808 2320 3953 2375 προ-

2370 2403 2624 2474 νοητικάς
2665 2401 2939 2473 δυνάμεις.
2984 2399 3197 2470 Ἐπειδὴ
3246 2398 3355 2470 γὰρ
3394 2400 3424 2451 6
3456 2398 3589 2461 Θεὸς
3633 2397 3727 2451 καὶ⁷
3765 2396 3949 2467 ἀμέθ-

2371 2496 2527 2560 εκτός
2571 2499 2687 2549 ἐστι
2733 2496 2827 2549 καὶ
2857 2492 3150 2565 μεθεκτὸς,
3182 2492 3483 2562 ἀμέθεκτος
3528 2492 3627 2563 μὲν
3666 2492 3806 2544 κατὰ
3843 2489 3951 2562 τὴν

2371 2589 2557 2641 οὐσίαν
2588 2588 2713 2658 (τῆς
2746 2586 2854 2656 γὰρ
2877 2584 3063 2648 οὐσίας
3088 2584 3251 2637 αὐτοῦ
3282 2584 3431 2637 οὐδὲν
3457 2583 3562 2635 τῶν
3593 2584 3760 2635 ὅντων
3787 2582 3953 2653 μετέ‹

2370 2696 2491 2753 χεν,
2528 2681 2669 2752 ὑπὲρ
2697 2680 2764 2733 τὰ
2793 2680 2922 2733 ὅντα
2958 2678 3065 2749 γάρ
3095 2680 3210 2730 ἐστι
3242 2676 3380 2729 κατά
3408 2675 3506 2747 τὴν
3545 2676 3677 2728 ἰδίαν
3719 2676 3884 2743 φύσιν

2374 2772 2634 2844 μεθεκτὸς
2665 2772 2720 2825 δὲ
2755 2770 2894 2825 κατά
2924 2768 3021 2832 τὰς
3065 2768 3386 2841 φιλοδώρους
3419 2769 3581 2822 αὐτοῦ
3627 2768 3951 2838 μεταδόσεις

2371 2866 2465 2920 καὶ
2513 2864 2755 2936 δωρεὰς,
2799 2863 2933 2917 καθὸ
2983 2866 3157 2918 πάντα
3195 2862 3262 2915 τὰ
3313 2862 3440 2915 ὅντα
3482 2861 3644 2914 αὐτοῦ
3690 2862 3946 2931 μετέχει,

2338 2957 2465 3010 οιαὶ
2491 2958 2558 3010 δι’
2594 2953 2755 3011 αὐτοῦ
2800 2956 3113 3026 συνέστηκε.
3150 2954 3222 3007 Τὸ
3263 2954 3370 3025 γὰρ
3404 2953 3478 3025 μὴ
3523 2953 3743 3024 μετέχον
3779 2952 3947 3006 αὐτοῦ

2338 3048 2494 3101 -οὐτε
2543 3050 2725 3112 ἐστὶν,
2756 3047 2879 3101 οὐτε
2926 3046 3112 3112 ἔσται,
3160 3045 3284 3099 οὐτε
3330 3041 3431 3117 ἦν’
3463 3046 3550 3099 διὰ
3589 3045 3743 3099 τοῦτο
3785 3046 3845 3098 τὸ
3885 3046 3950 3099 ὃν

702 3140 953 3183 naturam
998 3131 1186 3186 existit
1230 3146 1394 3199 supra
1422 3146 1483 3185 ea
1523 3145 1642 3198 quae
1686 3132 1832 3201 sunt)
1878 3130 2271 3203 participabiiis

2378 3140 2591 3212 μετέχει
2640 3136 2735 3192 τοῦ
2761 3139 3099 3201 αὐτοόντος,
3144 3138 3243 3190 οὐκ
3284 3136 3445 3190 αὐτοῦ
3484 3137 3577 3189 τοῦ
3626 3137 3801 3189 αίτίου
3846 3136 3947 3191 τοῦ

702 3234 834 3276 vero
862 3223 1157 3276 secundum
1196 3224 1396 3276 amicas
1435 3220 1552 3288 ejus
1576 3222 2025 3290 partieipatibnes
2055 3202 2121 3280 ac
2154 3225 2271 3279 dis-

2373 3202 2715 3295 6woe‘8e06,
2735 3232 2915 3301 αὐτῆς
2947 3229 3145 3300 δηλαδὴ
3170 3230 3271 3299 τῆς
3301 3229 3488 3292 οὐσίας
3506 3270 3522 3293 ,
3561 3228 3695 3282 ἀλλὰ
3724 3228 3817 3281 τοῦ
3842 3230 3947 3281 αὐ-

701 3315 1050 3379 tributiones,
1074 3324 1343 3383 quatenus
1369 3330 1454 3382 res
1486 3330 1680 3373 omnes
1714 3317 1889 3386 ipsum
1915 3316 2264 3387 participant,

700 3414 756 3460 et
782 3420 878 3474 per
909 3404 1083 3475 ipsum
1126 3406 1453 3464 consistunt.
1514 3408 1649 3463 Nam
1683 3410 1733 3463 id
1764 3409 1906 3476 quod
1941 3424 2044 3463 non
2084 3410 2272 3464 existit

698 3493 1145 3565 ejussparticeps,
1173 3512 1355 3567 neque
1381 3508 1486 3565 est,
1532 3515 1711 3569 neque
1754 3501 1878 3567 erit,
1912 3516 2089 3571 neque
2114 3507 2266 3565 erat;

700 3589 953 3657 quocirca
1008 3605 1106 3643 ens
1151 3592 1445 3661 participat
1500 3609 1599 3663 per
1649 3598 1891 3657 se'ens,
1936 3608 2042 3648 non
2072 3594 2269 3663 'ipsam

699 3692 923 3737 causam
969 3680 1216 3735 entitatis
1249 3669 1422 3736 Deum
1476 3684 1647 3753 ipsam
1697 3684 1907 3738 scilicet
1953 3684 2267 3749 essentiam,

700 3774 796 3827 sed
838 3772 1281 3827 distributionem
1337 3775 1504 3843 ipsius
1554 3789 1650 3843 per
1687 3790 1757 3828 se
1785 3775 1946 3842 entis,
1971 3776 2266 3829 secundum

698 3878 861 3933 quam
904 3865 1071 3919 etiam
1106 3865 1248 3920 Deus
1279 3866 1684 3936 participabilis
1722 3867 1931 3923 existit.
1974 3865 2271 3935 Participat

704 3955 833 4009 item
872 3953 1089 4025 idquod
1124 3958 1278 4022 vivit,
1320 3974 1415 4027 per
1450 3974 1508 4012 se
1546 3960 1740 4023 vitam,
1781 3974 1886 4014 non
1924 3961 2096 4030 ipsam
2133 3960 2269 4013 divi-

702 4059 828 4099 nam
866 4049 1190 4115 essentiam,
1224 4050 1536 4120 sed‘ipsa‘m
1576 4066 1697 4120 qua:
1735 4052 1791 4105 in
1827 4053 1946 4121 ipso‘
1969 4061 2051 4107 est
2080 4068 2174 4122 per
2212 4056 2269 4106 3e

700 4138 896 4202 vitam,
926 4140 1187 4202 divinam,
1217 4141 1457 4209 inquam,
1488 4142 1949 4209 diatributionem,
1984 4161 2079 4215 per
2108 4152 2267 4213 quain

701 4230 865 4283 etiam
894 4231 1274 4301 sparticipatur
1312 4234 1472 4287 Deus.
1504 4220 1645 4289 Haec
1671 4236 1817 4305 prius
1861 4231 2025 4291 etiam
2068 4236 2270 4295 formas

704 4330 761 4377 ct
796 4324 1129 4392 exemplaria
1171 4334 1225 4379 et
1258 4325 1717 4393 praedeliuitiones
1777 4328 2116 4397 appellabat,
2162 4339 2265 4382 non

702 4413 1035 4467 conﬁrmans
1062 4413 1396 4470 Platonicam
1432 4418 1756 4480 doctrinam,
1782 4410 1959 4484 ubisit;
1986 4422 2081 4475 sed
2105 4437 2265 4475 sensu

703 4506 791 4573 pio
815 4506 1085 4574 accipiens
1127 4508 1213 4561 illa
1240 4524 1357 4576 qua:
1383 4511 1448 4563 ab
1480 4511 1595 4580 ipso
1620 4512 1799 4566 viliter
1828 4521 1880 4567 et
1912 4514 2126 4583 indigne
2157 4515 2265 4569 Deo
2299 4540 2339 4593 ο

703 4597 849 4651 dicta
884 4607 1065 4652 erant.
1113 4599 1313 4653 Horum
1358 4601 1582 4656 eﬂ‘ector
1608 4602 1751 4658 Deus
1798 4620 1921 4659 esse
1959 4607 2179 4673 dicitur,
2208 4620 2267 4659 ut

702 4688 792 4757 qui
833 4688 943 4743 bzec
978 4690 1031 4743 in
1072 4705 1131 4743 se
1158 4692 1369 4746 habeat.
1416 4692 1619 4749 Deinde
1658 4695 1822 4750 etiam
1859 4698 2114 4752 universa
2152 4700 2267 4753 haec

702 4780 1007 4833 Condidisse
1040 4782 1359 4850 perhibetur
1385 4801 1479 4855 per
1511 4788 1799 4855 essentias,
1823 4804 1941 4857 qum
1972 4792 2265 4846 secundum

704 4874 1105 4939 processionem
1154 4876 1223 4930 ab
1282 4877 1400 4945 ipso
1445 4880 1881 4935 substantialiter
1927 4882 2261 4947 subsistunt;

705 4968 817 5016 tota
867 4977 959 5015 seu
1005 4965 1257 5020 universa
1304 4968 1526 5033 dicens,
1573 4986 1692 5039 quae
1752 4974 1972 5029 omnino
2028 4976 2267 5043 perfecte

704 5051 1040 5121 participant
1077 5065 1130 5108 et
1156 5059 1472 5122 essentiam,
1507 5069 1561 5113 et
1585 5062 1773 5127 vitam,
1804 5072 1858 5117 et
1884 5066 2269 5119 sanctiﬁcatio-

705 5157 851 5208 nem,
880 5152 933 5197 et
962 5147 1164 5210 omnia,
1198 5158 1256 5201 ut
1293 5151 1550 5219 angelica:
1590 5151 1837 5208 virtutes.
1885 5155 2069 5209 Tertio
2100 5158 2264 5210 etiam

703 5251 764 5291 ea
802 5251 920 5305 quae
937 5252 999 5290 ex
1018 5249 1170 5306 parte
1198 5250 1355 5306 sunt;
1378 5246 1624 5312 quadam
1645 5248 1789 5301 enim
1816 5250 2143 5320 participant
2179 5266 2265 5305 so-

704 5324 807 5379 lam
831 5325 1401 5397 enlitatem.qua:dam
1420 5343 1475 5388 et
1500 5336 1781 5390 entitatetu
1809 5348 1863 5392 et
1893 5339 2077 5404 vitam,
2113 5357 2263 5410 qua:-

702 5418 825 5471 dant
846 5420 1008 5473 etiam
1028 5422 1307 5476 entitatem
1327 5433 1381 5478 et
1405 5427 1568 5480 vitam
1602 5439 1656 5482 et
1684 5431 2036 5497 sapientiam;
2074 5448 2267 5503 supte-

705 5527 803 5566 mae
840 5513 982 5566 enim
1002 5514 1232 5568 virtutes
1254 5520 1494 5573 omnium
1521 5531 1646 5575 sunt
1674 5522 1983 5591 participes.
2009 5526 2113 5579 Sed
2138 5528 2263 5594 quid

706 5604 902 5658 attinet
927 5606 995 5661 de
1037 5608 1120 5663 his
1149 5611 1349 5675 dicere,
1391 5628 1513 5667 cum
1558 5624 1859 5685 praeceptor
1897 5628 2082 5672 noster
2110 5620 2265 5673 divus

707 5694 1030 5753 Hicrotbeus
1068 5702 1213 5756 dicat
1257 5704 1419 5759 Deum
1472 5705 1781 5761 effectorem
1828 5708 2068 5773 deitatis,
2104 5726 2262 5778 quem

703 5788 864 5842 etiam
899 5804 993 5857 per
1023 5808 1081 5845 se
1114 5795 1563 5861 pulchritudinem
1596 5810 1647 5853 et
1682 5800 1995 5855 universam
2023 5800 2255 5870 pulchri

2369 3324 2581 3388 τοόντος
2604 3325 2702 3395 τῆς
2734 3324 2939 3396 δωρεᾶς
2979 3323 3139 3375 αὐτοῦ
3159 3364 3173 3385 ,
3213 3323 3337 3376 καθ’
3364 3324 3429 3393 ἢν
3458 3322 3552 3376 καὶ
3582 3321 3727 3375 ἐστιν
3753 3322 3781 3374 6
3809 3321 3948 3387 Θεὸς

2372 3415 2654 3486 μεθεκτός.
2686 3415 2915 3485 Μετέχει
2947 3414 3107 3468 πάλιν
3132 3413 3192 3465 τὸ
3218 3413 3326 3477 ζῶν
3362 3414 3458 3483 τῆς
3496 3412 3775 3483 αὐτοζωῆς
3797 3453 3811 3478 ,
3844 3414 3950 3467 οὐκ

2370 3506 2537 3574 αὐτῆς
2561 3505 2660 3575 τῆς
2687 3504 2835 3567 θείας
2859 3504 3063 3567 οὐσίας,
3085 3501 3227 3556 ἀλλὰ
3244 3501 3344 3572 τῆς
3376 3504 3433 3554 ὲν
3462 3499 3609 3570 αὐτῷ
3641 3498 3946 3569 αὐτοζωῆς,

2367 3600 2465 3670 τῆς
2485 3599 2633 3662 θείας
2650 3599 2790 3668 φημὶ
2822 3598 3046 3666 δωρεᾶς,
3080 3596 3200 3650 καθ’
3217 3597 3283 3666 ἦν
3311 3596 3404 3648 καὶ
3434 3594 3713 3665 μετέχεται
3738 3597 3766 3647 6
3788 3594 3944 3657 Θεός.

2369 3690 2550 3743 Ταῦτα
2562 3690 2741 3757 ἔλεγεν
2755 3687 3058 3760 ἔμπροσθεν
3071 3689 3163 3741 καὶ
3178 3687 3288 3759 εἴδη
3301 3688 3394 3740 καὶ
3406 3685 3836 3756 παραδείγματα,
3852 3684 3949 3738 κιύ⁵

2369 3782 2769 3853 προορισμούς,
2826 3781 2883 3833 οὐ
2930 3780 3328 3851 παριστάμενος
3364 3777 3443 3848 τῷ
3484 3776 3813 3846 Πλατωνικῷ
3852 3776 3946 3828 δό-

2368 3890 2559 3943 γματι,
2624 3871 2697 3943 μή
2751 3872 2980 3941 γένοιτο·
3033 3870 3147 3923 ἀλλ’
3180 3870 3415 3941 εὐσεϐῶς
3471 3869 3825 3939 ἐκλαμϐάνων
3871 3866 3945 3921 τὰ

2368 3966 2495 4035 παρ’
2530 3965 2735 4017 ἐκείνου
2785 3962 3053 4026 ταπεινῶς
3094 3964 3189 4016 καὶ
3221 3962 3455 4030 ἀναξίως
3477 3960 3612 4015 Θεοῦ
3648 3960 3940 4031 λεγόμενα.

2368 4056 2582 4109 Τούτων
2610 4056 2915 4125 ὑποστάτης
2950 4055 3165 4123 λέγεται
3202 4056 3229 4108 ὁ
3256 4055 3385 4118 Θεὸς
3400 4051 3559 4125 εἶναι,
3594 4053 3669 4117 ὡς
3695 4055 3753 4106 ἐν
3792 4052 3945 4123 αὐτῷ

2368 4149 2503 4218 ἔχων
2517 4146 2706 4200 ταῦτα.
2724 4143 2853 4199 Εἶτα
2868 4147 2960 4200 καὶ
2978 4145 3073 4198 ὅλα
3093 4143 3230 4199 αὐτά
3251 4143 3659 4214 ὑποστήσασθαι
3699 4143 3940 4211 λέγεται,

2366 4237 2454 4289 διὸ.
2474 4237 2582 4289 τῶν
2615 4237 2756 4289 κατὰ
2787 4236 3008 4308 πρόοδον
3025 4234 3343 4288 ὐποστασῶν
3365 4233 3561 4297 οὐσιῶν
3577 4234 3671 4287 ὐπ’
3682 4230 3844 4285 αὐτοῦ
3854 4231 3945 4284 οὐ·

2372 4328 2577 4390 σιωδῶς
2598 4346 2609 4357 ·
2628 4328 2723 4381 ὅλα
2748 4328 2919 4396 λέγων
2944 4328 3011 4380 τὰ
3043 4326 3300 4392 ὅλοτελῶς
3320 4326 3611 4397 μετέχοντα
3625 4324 3719 4377 καὶ
3752 4324 3942 4389 οὐσίας

2368 4417 2458 4471 καὶ
2481 4418 2743 4481 ζωώσεως
2759 4421 2849 4471 καὶ
2864 4418 3137 4488 ἀγιασμοῦ
3155 4458 3169 4482 ,
3184 4418 3275 4471 καὶ
3290 4410 3530 4481 πάντων,
3555 4416 3629 4481 ὡς
3646 4415 3941 4485 αἱάγγελι-

2368 4509 2461 4561 καὶ
2501 4508 2774 4578 δυνάμεις.
2807 4508 2850 4559 Τ
2857 4508 3017 4579 ρίτως
3048 4500 3117 4560 τᾶ
3151 4508 3350 4578 μερικά
3372 4524 3385 4537 ·
3416 4509 3540 4561 τινὰ
3582 4511 3689 4578 γάρ
3720 4506 3941 4577 μετέχει

2372 4599 2538 4668 μόνης
2577 4599 2883 4663 όντὼσεως,
2919 4600 3040 4653 τινὰ
3076 4601 3167 4653 καὶ
3206 4599 3483 4663 ὀντώσεως
3513 4601 3606 4653 καὶ
3634 4600 3897 4664 ζωώσεως
3921 4640 3938 4663 ,

2367 4698 2487 4751 τινὰ
2516 4700 2609 4751 καὶ
2635 4699 2913 4763 ὀντώσεως
2950 4699 3041 4751 καὶ
3077 4696 3338 4764 ζωὼσεως
3367 4698 3459 4751 καὶ
3491 4697 3677 4767 σοφίας
3696 4714 3709 4727 ‘
3740 4699 3795 4751 αἱ
3828 4697 3942 4768 γὰρ

2339 4813 2341 4815 ί
2368 4790 2638 4844 ἀνώταται
2668 4791 2922 4862 δυνάμεις
2950 4790 3055 4843 τῶν
3089 4790 3343 4843 ἁπάντων
3382 4790 3699 4860 μετέχουσι.
3742 4791 3853 4843 Καὶ
3883 4792 3941 4844 τί

2368 4882 2446 4935 δεῖ
2492 4884 2703 4953 λέγειν,
2749 4884 2881 4937 ὅπου
2928 4884 3021 4936 καὶ
3079 4884 3108 4934 6
3160 4881 3473 4945 διδάσκαλος
3518 4880 3673 4952 ἡμῶν
3714 4882 3742 4933 6
3792 4883 3942 4952 ἱερὸς

2380 4976 2637 5047 Ἰερόθεος
2678 4974 2987 5047 ὑποστάτην
3021 4970 3137 5027 εἷπε
3171 4974 3260 5027 τὸν
3288 4974 3421 5027 Θεὸν
3450 4974 3549 5043 τῆς
3578 4973 3847 5044 θεότητος,
3878 4974 3942 5027 ὃν

2368 5068 2459 5120 καὶ
2492 5068 2816 5130 αὐτόκαλλος
2836 5108 2848 5131 ,
2890 5067 2985 5119 καὶ
3022 5066 3139 5119 ὅλον
3173 5065 3367 5128 κάλλος
3389 5066 3563 5135 φημὶ,
3593 5065 3687 5119 καὶ
3715 5065 3941 5135 μερικὸν

2367 5158 2597 5221 κάλλος;
2638 5158 2735 5227 οὐχ
2768 5158 2847 5209 ὅτι
2882 5156 2942 5208 τὸ
2970 5156 3099 5209 αὐτό
3127 5158 3243 5209 ἐστι
3278 5156 3372 5209 καὶ
3410 5156 3529 5208 ὅλον
3559 5156 3652 5208 καὶ
3689 5154 3939 5225 μερικὸν,

2367 5250 2480 5302 ἀλλ’
2527 5249 2635 5301 ἀπὸ
2677 5249 2786 5300 τῶν
2830 5248 3162 5319 μετεχόντων
3198 5247 3393 5309 ἀνίσως
3426 5246 3535 5300 τῶν
3572 5246 3791 5318 δωρεῶν
3821 5247 3945 5300 ὀνο-

2375 5340 2605 5411 μάζεται
2648 5341 2675 5392 6
2716 5340 2824 5391 τῶν
2866 5338 3078 5409 δωρεῶν
3106 5338 3277 5403 αἴτιος
3300 5355 3314 5368 ο
3345 5340 3439 5393 καὶ
3468 5341 3496 5391 ὁ
3522 5338 3663 5392 κατὰ
3689 5339 3787 5410 τὴν
3820 5339 3944 5392 θεό-

2365 5453 2500 5508 τητα
2539 5437 2839 5507 ἀμέθεκτος
2876 5435 3015 5489 κατὰ
3053 5435 3151 5499 τάς
3191 5436 3454 5504 ἀφθόνους
3488 5437 3673 5507 χύσεις
3701 5437 3811 5489 τῶν
3834 5438 3926 5492 δω

2371 5529 2503 5599 ρεῶν
2558 5528 2873 5599 μετέχεται,
2925 5529 2990 5580 ἵν’
3044 5527 3281 5599 ἀκριϐῶς
3341 5528 3577 5601 ὐπερέξῃ
3632 5529 3660 5581 6
3718 5529 3941 5581 πάντων

2366 5621 2534 5683 αἴτιος
2561 5621 2815 5673 ἁπάντων
2849 5620 2955 5672 τῶν
2982 5621 3100 5673 καθ’
3125 5621 3407 5673 ὁποιανοῦν
3430 5623 3613 5675 οὐσίαν
3651 5622 3745 5673 καὶ
3775 5622 3942 5689 φύσιν

2369 5714 2767 5782 συνισταμένων
2808 5714 2863 5765 ἐν
2900 5713 2976 5783 τῷ
3007 5714 3145 5767 κατά
3185 5714 3284 5777 τὰς
3315 5713 3521 5785 δωρεὰς
3555 5716 3937 5785 μετεχὸμενον,

2368 5804 2504 5858 κατά
2538 5804 2634 5873 τὴν
2664 5805 2846 5857 οὐσίαν
2882 5806 3121 5875 μηδόλως
3155 5806 3492 5878 μετέχεσθαι.
