4176 6314
825 392 927 455 971

1990 399 2045 455 S.
2077 397 2373 455 DIONYSII
2412 400 2872 459 AREOPAGITA‘J

3959 415 4063 469 975

831 523 958 577 nat,
1002 521 1057 569 et
1103 514 1170 569 ad
1205 516 1342 572 bene
1365 517 1670 572 ordinatam
1713 517 2054 572 identitatem
2090 534 2153 573 ac
2185 520 2390 574 rectitun

2510 538 2645 591 τητα
2685 522 2775 574 καὶ
2803 520 3066 591 ὀρθότητα
3103 523 3431 595 γαννυμένη,
3455 526 3548 578 καὶ
3586 528 3923 599 περιάγουσα
3938 531 3982 563 ³³
4000 533 4063 585 τὰ

830 607 1007 660 dinem
1062 606 1361 671 informat.
1414 625 1478 664 ac
1521 611 1762 664 continet
1815 610 1901 662 illa
1950 625 2068 678 quae
2098 610 2207 677 jam
2241 612 2395 680 digna

828 697 1049 753 fuerunt
1096 700 1215 770 ejus
1276 702 1733 770 participatione;
1810 702 1971 773 523
2033 703 2163 772 quin
2234 702 2398 758 etiam

828 795 912 841 est
946 786 1215 855 perfecta.
1240 798 1294 844 et
1327 792 1507 845 omnis
1540 793 1779 846 omnium
1832 808 1950 862 quae
2002 792 2229 862 pulchra
2274 802 2399 847 sunt

788 950 793 954 η
828 879 1131 947 possessio,
1163 890 1220 936 et
1256 883 1436 937 omnis
1469 883 1647 937 divina
1694 885 2028 952 providentia
2050 924 2063 950 ,
2098 899 2219 954 qua;
2268 897 2400 939 con-

829 970 1117 1039 templatur
1163 983 1217 1026 et
1258 985 1553 1029 conservat
1591 989 1653 1029 ea
1701 976 1899 1045 quibus
1935 977 2189 1042 consulit,
2232 990 2401 1045 seque

828 1059 1056 1130 benigne
1081 1059 1260 1127 eil'ert,
1304 1063 1368 1116 ad
1430 1064 1766 1120 lormandam
1798 1067 1849 1121 in
1883 1068 1963 1121 eis
2001 1068 2091 1137 qui
2118 1068 2184 1123 ad
2221 1067 2393 1137 ipsum

824 1162 1221 1207 convertuntur
1245 1153 1616 1211 divinitatem.

2507 614 2750 684 μετέχειν
2797 614 2967 684 αὐτῆς
3021 612 3327 685 ἡξιωμένω
3369 619 3516 671 πᾶσα
3568 621 3599 689 ἡ
3655 621 3919 692 παντελὴς
3976 625 4065 677 καὶ

2504 708 2717 761 πάντων
2768 706 2876 760 τῶν
2930 705 3110 759 καλῶν
3162 708 3509 779 παγκτησία,
3549 712 3694 764 πᾶσα
3730 713 3907 785 ἀγαθὴ
3938 715 4065 783 πρό-

2504 816 2620 852 νοια
2641 799 2705 863 ”,
2757 798 2957 870 θεωρὸς
3011 800 3103 852 καὶ
3175 802 3425 873 συνοχικὴ
3477 803 3585 856 τῶν
3641 806 4062 877 προνοουμένων,

2502 885 2696 956 ἑαυτὴν
2734 886 3129 959 ἀγαθοπρεπῶς
3167 889 3475 943 ὲπιδιδοῦσα
3511 893 3646 962 πρὸς
3672 892 3929 948 ὲκθέωσιν
3960 892 4065 948 τῶν

2503 977 2967 1048 ὑπεστραμμένων
2985 979 3047 1031 ³⁵.

2362 1299 2389 1371 ς
2432 1293 2539 1353 tv.

896 1434 1161 1502 Quoniam
1210 1449 1388 1495 autem
1424 1441 1799 1496 universorum
1830 1451 2021 1497 auctor
2068 1457 2248 1497 rerum
2273 1456 2389 1496 om-

822 1526 971 1582 nium
1007 1528 1357 1597 plenissimus
1391 1542 1497 1599 est,
1566 1536 1864 1589 secundum
1900 1550 2093 1602 unam,
2121 1550 2240 1604 quae
2272 1550 2390 1589 om-

821 1616 981 1673 nibus
1014 1622 1292 1676 antecellit
1323 1664 1338 1687 ,
1380 1623 1760 1678 excellentiam
1798 1624 2035 1679 Sanctus
2069 1633 2385 1679 sanctorum

819 1710 1180 1780 nominatur,
1229 1716 1303 1771 uti
1344 1730 1400 1771 et
1446 1727 1642 1772 caetera
1677 1718 1974 1771 secundum
2031 1733 2193 1787 supra
2222 1732 2384 1787 quam

2577 1434 2791 1506 Ἐπειδὴ
2844 1433 2920 1501 δὲ,
2950 1430 3310 1504 ὐπερπλήρης
3348 1432 3562 1487 πάντων
3599 1433 3747 1488 ἐστὶν
3782 1435 3811 1487 6
3852 1435 4064 1490 πάντων

2490 1528 2662 1591 αἴτιος
2680 1526 2745 1590 ³⁸,
2769 1524 2910 1579 κατὰ
2954 1525 3079 1595 μίαν
3116 1523 3213 1594 τὴν
3251 1523 3466 1576 πάντων
3504 1524 3879 1596 ὑπερέχουσαν
3902 1525 4068 1597 ὑπερ-

2490 1616 2667 1689 ϐολὴν,
2693 1616 2881 1683 ’Ἄγιος
2921 1615 3089 1682 ἁγίων
3128 1616 3395 1685 ὑμνεῖται,
3436 1616 3530 1667 καὶ
3565 1613 3634 1666 τὰ
3654 1614 3695 1645 ³⁷
3734 1614 3917 1679 λοιπὰ,
3944 1614 4064 1669 καθ’

2492 1708 2932 1782 ὑπερόλύζουσαν
2972 1706 3147 1759 αἰτίαν
3172 1747 3187 1771 ,
3229 1707 3322 1759 καὶ
3358 1705 3701 1778 ὲξῃρημένην
3754 1708 4028 1778 ὑπεροχὴν
4051 1746 4064 1768 ,

821 1802 1215 1859 exuberantem
1248 1819 1467 1861 causam
1490 1846 1505 1871 ,
1551 1816 1606 1861 et
1668 1807 1923 1862 eximiam
1954 1806 2390 1877 pracellentiam,

2492 1802 2568 1866 ὡς
2602 1802 2667 1855 ἄν
2701 1818 2782 1864 τις
2822 1800 2983 1870 φαίην
3010 1798 3147 1853 Καθ’
3182 1799 3305 1851 ὅσον
3344 1799 3666 1870 ὑπερέχουσι
3703 1798 3813 1852 τῶν
3845 1800 3948 1852 οὐκ
3983 1800 4067 1852 δν-

821 1902 881 1945 nt
911 1893 957 1947 si
985 1895 1111 1963 quis
1141 1896 1376 1951 dixerit:
1403 1898 1617 1964 Quanto
1644 1907 1903 1969 praestant
1932 1908 2117 1954 saneta
2140 1938 2155 1965 ,
2186 1900 2270 1954 vel
2303 1901 2385 1956 di-

820 1984 943 2037 vina
966 2024 981 2049 ,
1021 1985 1104 2041 vel
1145 1986 1517 2054 dominantia,
1557 1992 1641 2046 vel
1676 1994 1821 2063 regia
1856 1992 1923 2047 iis
1959 2006 2081 2061 quat
2107 2007 2215 2047 non
2252 2002 2383 2047 sunt

820 2075 967 2141 talia,
998 2086 1052 2131 et
1086 2093 1274 2133 rursus
1299 2079 1430 2149 ipsa:
1464 2096 1559 2150 per
1584 2096 1645 2137 se
1674 2083 2118 2152 participationes
2162 2083 2386 2153 partici-

815 2168 1109 2236 pantibus;
1146 2178 1298 2225 tanto
1324 2180 1409 2225 est
1440 2173 1693 2228 omnibus
1724 2173 2035 2239 sublimior,
2060 2174 2149 2244 qui
2178 2183 2262 2230 est
2294 2190 2391 2230 su-

815 2273 913 2328 pra
941 2261 1148 2326 omnia,
1170 2272 1224 2316 et
1247 2264 1491 2317 omnium
1543 2266 1982 2334 participantium
2017 2280 2072 2321 et
2102 2266 2390 2336 participa-

818 2351 1032 2405 tionum
1074 2362 1267 2407 auctor
1315 2354 1808 2425 imparticipabilis.
1849 2356 2084 2413 Sanclos
2127 2372 2292 2421 vero,
2331 2366 2389 2411 et

815 2455 1012 2511 reges,
1076 2443 1456 2514 dominosque,
1502 2461 1565 2500 ac
1610 2447 1740 2501 deos
1781 2445 2074 2516 Scriptura:
2116 2446 2389 2516 appellant

814 2533 1231 2604 principaliores
1297 2535 1352 2591 in
1419 2533 1747 2609 unoquoque
1839 2539 2104 2601 ordines,
2154 2554 2385 2608 quorum

813 2642 977 2695 opera
1008 2626 1133 2680 dum
1164 2626 1451 2684 inferiores
1486 2630 1581 2684 Dei
1610 2645 1831 2685 munera
1896 2630 2247 2699 participant,
2288 2644 2384 2683 eo—

815 2718 1062 2773 ruindem
1104 2719 1549 2779 distributionum
1595 2722 1996 2791 simplicitatem
2044 2722 2098 2783 in
2138 2722 2251 2776 suis
2280 2721 2387 2776 dis-

815 2808 1169 2863 tinctionibus
1211 2810 1598 2880 multiplicant;
1658 2814 1850 2866 borum
1911 2821 2091 2866 autem
2142 2811 2382 2864 varieta-

815 2908 924 2954 tem
971 2900 1129 2969 primi
1171 2901 1395 2957 ordines
1425 2901 1649 2972 provide
1684 2917 1748 2958 ac
1781 2903 1964 2957 divine
1997 2903 2064 2957 ad
2103 2902 2367 2957 unitatem

814 3006 966 3047 suam
1000 2992 1344 3049 contrahunt.

2493 1909 2601 1945 των
2638 1891 2705 1944 τὰ
2740 1891 2901 1955 ὄντα,
2943 1890 3106 1959 ἅγια,
3144 1891 3178 1961 ἢ
3216 1890 3367 1953 θεῖα,
3407 1890 3441 1960 ἢ
3476 1890 3669 1962 κύρια,
3708 1891 3741 1962 ἢ
3785 1891 4065 1963 βασιλικὰ,

2488 1984 2582 2037 καὶ
2635 1981 2811 2035 αὐτῶν
2867 1981 3196 2052 μετεχόντων
3232 1983 3285 2034 αἱ
3340 1982 3728 2052 αὑτομετοχαί’
3764 1981 3907 2035 κατὰ
3945 2000 4067 2035 τοσ-

2485 2073 2637 2128 οῦτον
2676 2072 3027 2144 ὑπερίδρυται
3066 2073 3280 2126 πάντων
3309 2072 3416 2127 τῶν
3445 2073 3612 2126 ὄντων
3647 2076 3675 2126 6
3706 2073 3847 2144 ὑπὲρ
3886 2074 4068 2127 πάντα

2487 2166 2555 2218 τὰ
2590 2166 2749 2229 ὄντα,
2788 2166 2880 2219 καὶ
2916 2165 3132 2219 πάντων
3169 2164 3278 2217 τῶν
3309 2165 3639 2235 μετεχόντων
3673 2165 3896 2220 καὶτῶν
3936 2184 4065 2236 μετ-

2490 2257 2630 2329 οχῶν
2670 2258 2698 2310 6
2733 2256 3029 2327 ἀμέθεκτος
3066 2255 3255 2320 αἴτιος.
3297 2254 3518 2324 Ἀγίους,
3543 2256 3621 2321 δὲ,
3669 2257 3760 2310 καὶ
3801 2256 4065 2326 βασιλεζς,

2491 2350 2585 2401 καὶ
2626 2348 2869 2420 κυρίους,
2906 2347 3000 2399 καὶ
3033 2345 3188 2409 θεοὺς
3225 2346 3380 2399 καλεῖ
3413 2346 3481 2399 τὰ
3514 2346 3668 2415 λόγια
3703 2347 3801 2411 τὰς
3837 2350 3897 2401 ὲν
3936 2350 4066 2404 ἑκά-

2492 2457 2635 2504 στοις
2667 2438 3040 2510 ἀρχικωτέρας
3077 2432 3661 2509 διακοσμήσεις,δι’ὧν
3700 2440 3751 2491 αἱ
3788 2439 4064 2512 δεύτεραι,

2488 2528 2596 2582 τῶν
2649 2530 2713 2581 ὲκ
2766 2526 2901 2580 Θεοῦ
2955 2526 3172 2597 δωρεῶν
3222 2527 3761 2598 μεταλαμϐάνουσαι,
3817 2529 3918 2600 τὴν
3966 2530 4067 2599 τῆς

2489 2621 2713 2675 ἐκείνων
2750 2620 3037 2682 διαδόσεως
3071 2619 3351 2691 ἁπλότητα
3404 2622 3532 2691 περὶ
3565 2620 3664 2684 τὰς
3702 2622 3909 2674 ἑαυτῶν
3947 2623 4065 2676 δια-

2490 2711 2662 2783 φορὰς
2700 2710 3023 2781 πληθύουσιν
3046 2725 3059 2739 ο
3098 2703 3171 2762 ὦν
3207 2712 3263 2762 αἱ
3314 2708 3615 2781 πρώτισται
3651 2711 3749 2782 τὴν
3789 2713 4065 2765 ποικιλίαν

2490 2800 2857 2873 προνοητικῶς
2914 2800 3009 2853 καὶ
3062 2800 3309 2864 Θεοειδῶς
3364 2801 3499 2872 πρὸς
3548 2800 3647 2871 τὴν
3702 2800 3933 2872 ἑνότητα
3967 2802 4067 2873 τὴν

2485 2894 2692 2948 ἑαυτῶν
2726 2893 3032 2963 συνάγουσι.

1968 3262 2500 3321 ADNOTATIONES
2545 3259 2890 3318 CORDERII.

874 3400 913 3471 «ᾗ
939 3401 977 3452 l.
1024 3398 1289 3471 Quoniam
1324 3415 1441 3471 uero
1469 3415 1528 3453 ea
1557 3416 1673 3471 quia
1704 3400 1766 3453 de
1790 3400 1870 3453 his
1894 3400 2121 3452 dicenda
2146 3413 2317 3471 erant,
2349 3407 2455 3453 etc.
2489 3401 2547 3453 S.
2571 3398 2809 3471 Thomas
2837 3402 2904 3471 ad
2931 3397 3077 3471 hunc
3098 3400 3315 3471 locum:
3349 3396 3666 3471 Postquam,
3692 3398 3893 3471 inquit,
3924 3400 4066 3454 Dio-

812 3464 999 3542 nysius
1030 3469 1283 3542 exposuit
1312 3469 1492 3542 divina
1523 3464 1747 3542 nomina
1781 3486 1876 3538 per
1903 3485 2025 3538 quaa
2075 3470 2420 3542 signiﬁcatur
2458 3467 2731 3542 emanalio
2763 3466 3162 3542 perfectionnm
3190 3480 3225 3519 a.
3248 3464 3359 3542 Deo
3405 3467 3459 3521 in
3495 3464 3801 3532 creaturas,
3834 3468 3921 3525 hic
3966 3487 4068 3525 ex-

811 3534 964 3614 ponit
993 3534 1207 3614 nomina
1247 3538 1338 3593 Dei
1363 3554 1484 3614 qua:
1505 3534 1795 3614 designant
1837 3534 2019 3614 rerum
2050 3534 2520 3614 gubernationem.
2556 3538 2612 3591 In
2638 3552 2742 3614 qua
2764 3534 2995 3604 quidem
3025 3534 3419 3614 gubernatione
3446 3545 3573 3614 sunt
3600 3548 3840 3614 quatuor
3868 3550 4067 3614 atten-

811 3606 986 3665 denda
1023 3626 1038 3657 :
1076 3607 1257 3662 Primo
1302 3606 1521 3677 quidem
1566 3610 1763 3664 divinae
1819 3606 2148 3677 cognitionis
2202 3608 2570 3678 providentia,
2621 3607 2687 3660 ad
2736 3620 2897 3678 quam
2944 3606 3177 3674 pertinet
3215 3619 3411 3678 nomen
3468 3606 3724 3678 deitatis;
3780 3612 4065 3675 secundo,

810 3688 1051 3755 potestas
1082 3673 1413 3755 exsequendi
1452 3680 1734 3755 sapientize
1760 3673 1955 3733 divinae
1992 3673 2417 3755 ordinationem,
2448 3681 2513 3755 a_d
2549 3691 2709 3747 quam
2738 3673 2971 3755 pertinet
3011 3688 3211 3755 nomen.
3236 3673 3655 3755 dominationis;
3703 3679 3887 3743 tertio,
3936 3673 4067 3755 ipsa

810 3744 1087 3824 exsecutio
1119 3744 1552 3824 gubernationis,
1586 3750 1845 3824 adquam
1871 3748 2104 3824 pertinet
2154 3764 2347 3803 nomen
2383 3748 2525 3824 regis
2545 3744 3246 3824 {quat-.to.‘gubernationis
3272 3745 3519 3824 eﬂ'ectus,
3548 3750 3638 3824 qui
3664 3744 4064 3824 est__munditia

812 3822 883 3874 ab
904 3820 1051 3873 omni
1076 3815 1503 3883 in'ortlinatione,
1533 3830 1586 3873 et
1621 3815 1822 3873 ad'boc
1851 3815 2088 3886 pertinet
2111 3834 2306 3873 nomen
2347 3815 2674 3873 sanctitatis.
2705 3815 2781 3870 De
2808 3815 2893 3887 bis
2914 3823 3074 3887 acute
3091 3815 3492 3887 Cyparissiotus
3516 3816 3630 3884 (68)
3657 3837 3671 3873 :
3702 3836 3721 3868 ι
3751 3819 4065 3887 Sanctitas,

812 3890 1005 3959 inquit,
1031 3898 1084 3941 et
1109 3890 1444 3952 dominatus,
1474 3900 1529 3943 et
1560 3904 1805 3958 regnum,
1835 3884 1889 3943 et
1913 3889 2191 3953 divinitas,
2224 3889 2469 3943 absolute
2496 3887 2712 3959 quidem
2748 3887 2801 3939 in
2832 3884 2953 3959 _Deo
2979 3884 3164 3947 dictas,
3203 3884 3475 3939 silentium
3507 3887 3626 3953 ejus
3655 3898 3778 3943 sunt
3808 3884 4064 3951 beatum,

810 3969 865 4013 et
890 3955 1052 4030 supra
1082 3960 1470 4022 substantiam,
1504 3955 1662 4030 extra
1698 3959 1864 4013 Deum
1900 3974 2028 4013 vero
2063 3959 2429 4030 praprietates
2464 3955 2742 4030 ancipiunt
2777 3955 3543 4030 adcreaturam_speclantes.
3585 3959 3761 4027 Atque
3799 3959 3887 4013 illa
3926 3964 4059 4029 qui-

812 4031 934 4107 dem
960 4024 1162 4107 '(iil__est
1202 4030 1485 4107 sanetitas)
1514 4029 1764 4083 liberatio
1793 4037 1876 4083 est
1911 4031 1982 4107 ab
2008 4024 2426 4107 on_i_ni'_scelere
2451 4038 2507 4083 et
2554 4024 2799 4107 macula;
2829 4024 3144 4107 dominatus
3171 4024 3494 4107 [iriiiitatem
3518 4024 3702 4107 verant
3729 4039 3784 4082 et
3810 4044 3841 4107 ξ
3869 4024 4068 4107 prola-

811 4096 1004 4166 psione
1031 4097 1255 4151 liberam
1288 4100 1541 4163 exhibet;
1573 4114 1799 4168 regnum
1827 4109 1909 4153 est
1931 4098 2245 4153 distributio
2272 4099 2456 4154 omnis
2483 4096 2706 4168 regulae,
2735 4107 2791 4150 et
2822 4096 3154 4160 ornamenti,
3179 4103 3234 4150 et
3258 4096 3418 4164 juris,
3447 4104 3501 4149 et
3524 4098 3766 4165 ordinis;
3792 4096 4066 4157 divinitas

813 4168 1309 4239 vero‘proividentia
1335 4170 1517 4222 omnia
1547 4170 1952 4239 contemplans.
1987 4188 2005 4221 ι

882 4232 993 4308 διιζ
1040 4237 1314 4309 Sanctitas
1339 4239 1523 4308 igitur,
1557 4249 1666 4292 etc.
1704 4232 1847 4292 Dens
1878 4240 1957 4306 (ut
1991 4240 2151 4293 docte
2187 4248 2339 4292 notat
2370 4237 2588 4292 Lessius
2622 4236 2718 4291 lib.
2746 4250 2842 4309 vni
2884 4232 2958 4287 De
2989 4234 3399 4309 perfectionibus
3438 4237 3658 4309 diuinis)
3688 4250 3925 4296 sanctus
3968 4243 4063 4297 di-

817 4306 960 4361 citur
987 4308 1170 4377 multis
1202 4306 1397 4367 modis.
1430 4309 1774 4376 potissimum
1806 4310 2065 4377 quinque.
2098 4309 2281 4363 Primo
2311 4309 2647 4371 radicaliter,
2680 4308 2805 4375 quia
2842 4307 3079 4360 essentia
3116 4306 3297 4360 divina
3326 4316 3411 4361 est
3448 4306 3826 4376 pritna'radix
3856 4323 3920 4366 et
3948 4314 4068 4367 ori-

820 4378 1015 4449 ginalis
1042 4376 1163 4449 fons
1189 4381 1363 4432 omnis
1384 4379 1690 4433 sanctitatis
1731 4390 1785 4432 et
1818 4376 2092 4447 puritatis.

883 4448 1135 4501 Secundo
1176 4449 1465 4514 objective,
1497 4451 1621 4517 quia
1653 4458 1734 4503 est
1762 4446 2033 4515 obiectum
2082 4450 2258 4503 omnis
2295 4449 2640 4514 sanctitatis;
2679 4447 2857 4500 onmis
2887 4447 3029 4500 enim
3073 4446 3332 4502 sanctitas
3384 4447 3487 4501 sita
3529 4458 3615 4502 est
3665 4450 3717 4502 in
3764 4467 3966 4507 amore
4007 4462 4069 4507 et

811 4518 1199 4587 conjunctione
1242 4533 1363 4570 cum
1396 4518 1525 4574 Deo.
1560 4523 1739 4584 Quare
1765 4522 1931 4573 etiam
1966 4528 2047 4573 est
2092 4535 2342 4572 mensura
2393 4521 2559 4573 totius
2592 4531 2646 4571 et
2687 4518 2853 4586 ipsius
2914 4517 3253 4579 sanctitatis,
3289 4519 3432 4571 unde
3470 4518 3725 4572 nimirum
3774 4524 4065 4576 sanctitas

810 4604 967 4643 suam
1004 4588 1234 4656 speciem
1261 4599 1317 4642 et
1343 4590 1559 4642 modum
1594 4592 1827 4656 accipit;
1855 4591 2118 4643 sanctitas
2146 4590 2291 4642 enim
2321 4599 2405 4643 est
2431 4591 2666 4657 puritas.
2704 4589 2858 4640 Sicut
2885 4597 3068 4639 autem
3103 4587 3388 4657 impuritas
3412 4591 3659 4643 nascitur
3682 4605 3747 4643 ex
3781 4602 4061 4647 contactu

814 4658 1159 4719 inferiorum,
1189 4668 1242 4710 ut
1270 4672 1394 4711 cum
1424 4658 1595 4712 facies
1628 4670 1723 4713 aut
1753 4661 1919 4713 vestis
1946 4658 2061 4713 luto
2090 4662 2418 4727 aspergitur,
2436 4656 2521 4711 vel
2553 4674 2674 4711 cum
2705 4658 2885 4709 anima
2922 4672 3019 4725 per
3049 4656 3305 4727 allectum
3340 4658 3695 4712 inferioribus
3725 4660 4061 4717 inordinate

808 4730 1078 4801 initiaret;
1110 4727 1182 4780 ita
1209 4728 1418 4801 puritas
1447 4730 1623 4782 oritur
1654 4744 1721 4783 ex
1767 4738 2017 4783 contactu
2054 4725 2415 4801 superiorum,
2439 4744 2562 4786 Cum
2598 4727 2823 4801 aliectus
2849 4728 2912 4801 ad
2942 4725 3259 4801 sublimiora
3294 4737 3349 4781 et
3380 4729 3647 4801 nobiliora
3680 4733 3957 4801 assurgit,
4003 4743 4061 4787 et

812 4800 879 4852 iis
902 4798 1155 4852 inhaeret.
1192 4799 1516 4869 supremum
1544 4810 1724 4851 autem
1754 4801 1995 4853 omnium
2026 4808 2081 4851 et
2118 4796 2582 4867 simplicissimum
2614 4809 2667 4851 et
2697 4798 3047 4865 purissimum
3078 4807 3169 4869 est
3200 4796 3373 4862 Deus;
3400 4798 3543 4852 unde
3572 4814 3782 4869 summa
3825 4796 4063 4869 p'uritas

813 4869 1068 4922 consistit
1101 4870 1153 4921 in
1186 4868 1501 4922 adhmsione
1526 4884 1647 4921 cum
1681 4870 1807 4924 Deo.
1831 4870 2022 4939 Itaque
2044 4885 2167 4924 cum
2197 4884 2404 4923 summa
2430 4871 2638 4939 puritas
2668 4869 3041 4931 sitsanctitas,
3073 4868 3217 4921 Deus
3242 4877 3326 4921 est
3349 4871 3485 4922 ratio
3510 4868 3779 4937 objectiva
3802 4868 3860 4924 et
3888 4888 4059 4927 men-

810 4954 935 4991 SUI‘II
966 4948 1292 4991 sanctitatis.

883 5008 1045 5078 524.
1075 5006 1259 5083 Tertio
1289 5009 1746 5083 dicitur_sanctus
1780 5009 2190 5083 exemplariter,
2235 5010 2315 5063 vel
2350 5010 2402 5083 in
2434 5008 2655 5063 modum
2697 5007 2914 5078 regulae,
2958 5010 3083 5079 quia
3114 5022 3210 5083 per
3245 5007 3415 5079 legem
3443 5020 3703 5065 aeternam
3729 5020 3814 5065 est
3854 5012 4063 5083 regula

814 5094 995 5131 omnis
1024 5080 1363 5144 sanctitatis;
1398 5079 1757 5133 conformatio
1791 5077 2194 5133 enim—allectus
2220 5096 2342 5133 cum
2380 5080 2494 5147 lege
2520 5091 2725 5133 :eterna
2752 5077 2833 5133 est
2867 5077 2991 5132 vera
3027 5077 3313 5133 sanctitas;

884 5150 1091 5219 Quarto
1133 5152 1466 5214 lormaliter;
1501 5153 1763 5204 sanctitas
1793 5150 1936 5201 enim
1973 5150 2272 5203 l‘ormaliter
2299 5160 2383 5203 est
2414 5150 2624 5219 pur-itas
2653 5149 2913 5213 affectus;
2945 5150 3154 5219 puritas
3180 5161 3360 5205 autem
3396 5150 3624 5206 allectus
3651 5163 3731 5205 est
3764 5167 3932 5207 amor
3960 5153 4068 5207 Dei

809 5218 937 5291 quia
971 5220 1324 5291 est_adh;esio
1352 5235 1475 5274 cum
1514 5232 1581 5273 eo
1612 5224 1755 5289 quod
1784 5231 1874 5291 est
1902 5221 2252 5287 purissimum
2281 5231 2337 5274 et
2366 5218 2783 5273 nobilissimum.
2814 5220 2993 5286 Quare
3022 5236 3145 5274 cum
3190 5220 3331 5276 Deus
3367 5223 3437 5276 sit
3466 5239 3620 5276 amor
3648 5224 3755 5288 sui,
3787 5223 3915 5291 ipse
3953 5228 4064 5279 bac

810 5290 1025 5344 ratione
1055 5288 1359 5344 formaliter
1386 5302 1470 5345 est
1497 5306 1593 5345 sua
1622 5288 1914 5355 sanctitas;
1948 5300 2004 5344 et
2032 5292 2159 5359 quia
2189 5306 2245 5343 se
2280 5300 2428 5344 amat
2457 5291 2692 5359 inﬁnite,
2740 5300 3003 5359 quantum
3045 5291 3301 5345 nimirum
3333 5303 3417 5348 est
3440 5292 3718 5359 amabilis,
3747 5288 3877 5350 ideo
3910 5310 4066 5366 quo-

883 5471 992 5541 (iS)
1034 5471 1231 5525 Decad.
1258 5488 1306 5537 v,
1339 5488 1458 5541 cap.
1489 5472 1541 5528 9.

2071 5675 2298 5729 γΑιιιίΕ
2343 5676 2747 5733 LECTIONES.

881 5832 926 5862 ⁸³
960 5831 1300 5898 περιέχουσα,
1340 5834 1394 5883 l‘.
1476 5837 1514 5861 ³⁸
1551 5835 1702 5904 υεϊκὴ
1739 5835 1975 5904 πρόνοια,
2014 5833 2069 5888 i‘.
2153 5836 2190 5866 ³³
2229 5838 2708 5907 ἐπεστραμμένων,
2749 5838 2802 5889 l‘.
2851 5842 2967 5892 Sat".
3049 5842 3088 5868 3"
3142 5842 3167 5888 ό
3203 5839 3511 5899 παναίτιος,
3552 5835 3606 5890 S.
3684 5840 3726 5869 ³⁷
3778 5843 3953 5897 κατά.
