4156 6312
241 337 348 394 975
769 329 858 385 DE
887 327 1139 385 DIVINIS
1172 326 1568 394 NOMINIBUS,
1602 326 1755 384 CAP.
1795 327 2340 384 .\'il.—PAR.\PHR.
2384 327 2857 386 ΡΛΟΠῩΜΕῙΚᾸΞ.

242 467 358 520 que
386 449 604 504 infinite
639 459 866 503 sanctus
897 456 1005 502 est.
1045 447 1309 502 Similiter
1339 446 1463 518 quia
1502 445 1638 500 nihil
1683 445 1904 500 omnino
1937 456 2082 501 amat
2118 447 2221 502 nisi
2258 456 2482 517 propter
2530 448 2768 516 seipsum
2792 488 2807 510 ,
2841 449 2960 503 ideo
2991 447 3155 501 etiam
3188 446 3241 499 in
3284 462 3470 500 amore

252 523 499 578 omnium
525 530 902 575 creaturarum
933 527 1155 574 sanetns
1180 526 1282 573 est.

319 592 522 657 Quinto
553 590 748 644 dicitur
776 599 998 642 sanctus
1022 590 1330 640 eminenter
1352 596 1407 640 et
1435 587 1750 657 causaliter.
1785 596 2044 657 tanquam
2081 587 2200 641 fons
2254 599 2310 643 et
2338 587 2660 654 principium
2685 588 2868 657 omnis
2931 586 3238 642 sanctitatis
3275 598 3328 640 et
3373 603 3473 652 pn-

249 655 436 716 ritatis
463 662 514 714 in
545 659 850 722 creaturis;
875 657 1201 727 principium
1224 697 1240 720 ,
1270 657 1493 727 inquam
1513 701 1526 718 ,
1552 656 1809 721 eﬂiciens,
1866 655 2115 719 formale,
2145 659 2458 725 exemplare
2482 668 2536 708 et
2569 656 2747 711 finale.
2781 657 2912 711 Vide
2955 659 3067 711 lure
3114 657 3286 709 fusius
3328 657 3468 722 apud

250 730 500 786 Lessium
528 730 647 783 loco
674 731 863 790 citato,
883 737 937 782 et
967 728 1165 782 ibidem
1190 742 1313 795 cap.
1337 727 1392 786 Ξ.
1417 727 1686 793 quodnam
1715 728 1783 781 sit
1814 727 2105 781 discrimen
2131 728 2438 781 sanctitatis
2466 727 2660 781 divina:
2691 734 2746 780 et
2768 737 3169 781 creaturarum.
3201 727 3272 780 De
3297 727 3472 780 domi-

252 803 348 856 nio
383 803 509 854 item
543 799 632 853 Dei
665 798 790 853 vide
812 798 1033 861 ibidem,
1061 798 1255 852 librum
1289 797 1579 860 decimum,
1609 797 1699 865 qui
1726 805 1808 851 est
1837 797 1905 850 de
1936 798 2039 850 boe
2068 807 2406 865 argumento.

326 872 532 925 Dicitur
557 879 736 924 autem
769 868 906 922 Deus
934 870 1151 930 deorum
1176 910 1191 933 ,
1224 882 1412 921 eorum
1436 868 1558 921 dico
1585 868 1652 920 de
1675 868 1871 933 quibus
1898 868 2155 936 scriptum
2189 876 2269 920 est
2313 884 2326 918 :
2374 867 2485 936 Ego
2512 866 2624 920 dixi
2649 882 2668 921 :
2693 867 2782 919 Dii
2811 867 2931 920 estis
2950 869 3000 921 ιι.
3034 867 3173 920 Deus
3203 867 3348 920 enim
3381 875 3468 920 est

249 943 349 1012 qui
383 941 502 995 illos
548 938 985 1012 sanctiﬁcat,ret
1033 938 1333 1012 facit__deos
1363 937 1982 1012 per_par_ticipationem.
2017 935 2168 990 Unde
2195 939 2394 1012 divina;
2419 951 2667 1012 persona;
2699 953 2727 990 a
2761 939 3019 1012 Dionysio
3042 949 3179 1012 et_a
3206 937 3467 990 Patribus

251 1003 522 1067 vocantur
549 1009 833 1081 θεαρχικαί
852 1003 952 1073 ,⁷ἰᾱ
976 1021 1059 1063 est
1089 1003 1417 1081 deificarpet
1434 1003 1700 1081 Spiritus
1719 1022 1803 1081 sat

1908 1022 1942 1081 iS_
1973 1015 2197 1081 vocatur
2227 1003 2487 1078 ὑπέρθεον
2527 1005 2774 1081 Πνεύλμα,
2804 1003 3276 1081 boc'esthSpiritus
3301 1023 3466 1075 supra

249 1083 405 1149 deos,
439 1096 575 1150 quos
597 1075 808 1133 scilicet
836 1081 1228 1134 sanctiticando
1256 1076 1389 1150 facit
1414 1075 1564 1141 deos,
1597 1080 1712 1132 sive
1745 1078 1797 1131 in
1843 1075 1980 1132 caelo
2025 1076 2139 1131 sive
2171 1077 2222 1130 in
2251 1075 2396 1132 terra
2421 1117 2440 1141 ,
2470 1087 2528 1130 ut
2559 1075 2688 1130 alibi
2716 1082 2882 1132 etiam
2919 1079 3214 1132 indicatum
3267 1088 3372 1140 est,
3415 1087 3469 1131 et

248 1167 315 1208 ex
345 1148 687 1217 generalibus
714 1151 1188 1204 observationibus
1217 1148 1506 1216 colligitur.

322 1222 350 1293 §
379 1221 461 1293 Ill.
506 1220 637 1293 ch
661 1222 837 1293 itaque
866 1221 1044 1275 omnia
1075 1221 1139 1293 de
1165 1235 1325 1293 causa
1353 1219 1448 1293 illa
1479 1217 1923 1293 transcendentali
1969 1217 2222 1293 absolute.
2248 1217 2617 1293 prwdicanda._
2643 1217 2720 1270 Ex
2773 1219 2859 1273 liis
2889 1219 3086 1293 (inquit
3123 1217 3468 1293 Qyparissiog

254 1285 613 1361 tus')ellicitur
638 1285 1004 1356 manifestum,
1038 1289 1202 1343 aliam
1234 1289 1452 1361 quidem
1482 1289 1930 1361 significationem
1963 1303 2074 1350 pra:
2110 1301 2167 1341 se
2197 1287 2343 1361 ferre
2375 1301 2436 1361 ea
2470 1288 2689 1361 n0tr_tiua
2718 1303 2836 1356 qum
2876 1289 2941 1342 de
2974 1285 3080 1340 Deo
3107 1285 3374 1361 dii-untur
3400 1285 3467 1341 ad

252 1358 494 1430 aliquid;
525 1361 687 1413 aliam
719 1374 869 1423 vero,
901 1375 1020 1428 quze
1051 1359 1346 1415 secundum
1372 1359 1963 1430 exsuperationeutscu
1999 1358 2868 1430 transcendentiam_efferoutur;
2917 1368 3078 1430 atque
3121 1359 3206 1410 illa
3248 1359 3469 1427 quidem

251 1427 542 1500 aliquando
562 1445 898 1499 supervacua
920 1427 1047 1488 esse
1076 1439 1131 1484 et
1160 1432 1337 1500 otiosa
1359 1427 1602 1500 perfecto
1625 1443 1819 1500 opere;
1840 1427 1958 1500 hate
1983 1443 2131 1490 vero,
2156 1428 2609 1500 quaesecunduni
2634 1429 3100 1500 exsuperationeui
3130 1431 3471 1500 enuntiatur,

252 1496 470 1568 semper
499 1496 686 1556 eodem
715 1502 875 1554 modo
899 1501 1278 1555 excellentiam
1310 1496 1615 1553 declarare.
1646 1499 1709 1552 Et
1739 1497 1934 1563 probat
1958 1496 2205 1566 exemplo
2237 1497 2610 1551 fabricationis
2637 1496 2899 1551 universi.
2926 1497 3157 1564 Septimo
3195 1499 3332 1550 enim
3362 1499 3469 1562 die,

257 1571 456 1641 inquit,
503 1570 763 1641 requievit?
799 1571 864 1624 ab
908 1573 1148 1624 omnibus
1189 1569 1430 1638 aperibus
1463 1568 1573 1621 suis
1597 1569 1656 1633 i;
1695 1582 1866 1636 quare
1888 1569 2124 1641 cessavit
2169 1583 2198 1620 a
2242 1568 2523 1641 creatione
2551 1568 2696 1630 cmli,
2727 1569 2883 1641 solis,
2910 1568 3178 1638 stirpium,
3217 1568 3471 1641 animan-

265 1636 425 1705 litim,
462 1651 540 1704 et,
567 1636 626 1693 ut
675 1640 929 1694 universe
953 1641 1150 1702 dicam,
1183 1636 1249 1694 ab
1274 1641 1530 1706 universo
1559 1653 1722 1706 opere
1758 1636 1901 1705 quod
1934 1648 2197 1704 patrarat.
2241 1637 2470 1704 Propter
2491 1652 2627 1706 opus
2650 1640 2792 1691 enim
2820 1636 3129 1692 dictus’est
3160 1649 3288 1689 tune
3329 1638 3471 1690 Deus

251 1709 551 1764 fabricator
582 1711 788 1764 mundi.
820 1711 914 1765 Est
949 1711 1112 1781 igitur
1136 1725 1353 1778 semper
1375 1709 1676 1781 fabricator
1707 1708 1889 1781 mundi
1920 1708 2082 1774 Deus,
2115 1711 2208 1762 sed
2250 1718 2504 1781 tanquam
2531 1708 2643 1776 jam
2671 1707 2955 1781 fabricatio
2981 1706 3168 1781 mundi
3206 1707 3468 1773 desierit;

247 1783 389 1833 sicut
425 1792 479 1833 et
507 1791 740 1846 creator,
772 1782 864 1850 qui
898 1779 1004 1840 non
1035 1795 1248 1849 semper
1274 1790 1455 1845 creat;
1490 1790 1557 1850 et_
1584 1779 1661 1850 aii
1702 1779 1984 1850 ridendum
2026 1780 2323 1850 aptus,7qui
2375 1793 2479 1830 non
2508 1793 2733 1850 semper
2763 1779 2900 1832 ridet
2928 1779 3097 1850 {haec
3144 1785 3467 1850 autemest,

251 1851 378 1918 quia
407 1850 582 1904 solum
610 1859 715 1914 est,
747 1846 906 1904 causa
941 1860 996 1904 et
1023 1846 1249 1904 effector
1281 1850 1420 1904 Deus
1448 1848 1698 1913 (infinitis
1724 1847 1865 1918 enim
1892 1858 1947 1902 et
1975 1849 2258 1902 immensis
2290 1848 2595 1901 intervallis
2621 1846 2847 1903 effector
2897 1848 3104 1902 effectis
3149 1847 3467 1912 antecellit).

244 1917 382 1974 Cum
422 1920 586 1989 igitur
611 1920 900 1990 Dionysius
923 1921 1299 1976 excellentiam
1330 1921 1383 1974 in
1414 1921 1496 1974 bis
1519 1918 1783 1990 ostendit,
1811 1917 1863 1970 in
1917 1919 2051 1990 duas
2073 1928 2254 1988 partes
2285 1918 2489 1981 divisit,
2517 1919 2575 1990 in
2597 1927 2807 1982 sancta,
2839 1928 2892 1972 et
2923 1933 3028 1971 non
3062 1928 3251 1972 sancta
3277 1927 3378 1990 ;_et
3412 1919 3467 1971 in

248 2005 348 2058 per
374 2005 431 2045 se
453 1988 929 2059 participationes,
961 2000 1014 2045 et
1053 1992 1103 2044 in
1135 1991 1544 2060 participantia.
1575 1989 1641 2042 Et
1665 1989 2120 2060 quanto,i_nqnit,
2146 2002 2206 2041 ea
2237 2002 2357 2056 qua:
2384 1996 2513 2040 sunt
2543 1989 2609 2040 iis
2632 2002 2772 2060 qum
2821 2005 2927 2042 non
2958 1999 3086 2041 sunt
3113 1988 3469 2060 antecellunt,

245 2069 304 2112 et
326 2058 778 2129 participationes
807 2060 1295 2130 participantibus;
1331 2058 1480 2114 tanto
1527 2061 1670 2114 Deus
1697 2058 1974 2111 antecellit
2001 2060 2207 2130 sanetis
2235 2068 2289 2112 et
2326 2072 2432 2130 non
2464 2059 2696 2130 sanctis,
2728 2069 2783 2109 et
2816 2074 2909 2126 per
2937 2073 2996 2112 se
3023 2059 3467 2130 participationi-

245 2130 349 2183 bus
377 2140 432 2184 et
454 2127 927 2198 participantibus.
962 2127 1296 2185 Excellentia
1328 2131 1495 2200 igitur
1523 2131 1613 2184 Dei
1640 2129 2068 2200 mquert‘ervadit
2116 2130 2168 2182 in
2198 2127 2581 2197 participantia
2613 2167 2630 2191 ,
2668 2139 2733 2200 et;
2777 2142 2877 2200 per
2893 2143 2960 2200 se
2991 2129 3470 2200 participationes;

243 2208 306 2251 et
347 2200 398 2252 in
442 2197 631 2253 sancta
658 2197 769 2254 ’aut
808 2201 1012 2266 divina,
1048 2211 1142 2254 ant
1174 2197 1534 2265 dominantia,
1573 2210 1666 2252 aut
1701 2197 1872 2268 regia,
1909 2209 1964 2250 et
1997 2201 2050 2250 in
2085 2213 2149 2252 ea
2180 2213 2300 2267 qua:
2341 2213 2445 2251 non
2477 2207 2604 2252 sunt
2645 2197 2793 2250 talia.
2847 2198 2902 2251 Si
2931 2211 3107 2252 autem
3142 2199 3283 2252 Deus
3313 2213 3469 2265 aeque

247 2275 479 2340 utraque
502 2271 923 2340 excellit,quam
960 2272 1228 2325 rationein
1261 2270 1630 2339 productionis
1658 2269 1930 2322 habebunt
1952 2283 2072 2338 qua:
2098 2282 2202 2322 non
2237 2278 2365 2322 sunt
2393 2278 2602 2340 sancta,
2632 2279 2686 2320 et
2709 2281 2830 2340 qua:
2855 2269 3201 2336 participant,
3220 2269 3468 2321 eamdem

247 2339 530 2420 babebunt
567 2338 854 2406 sancta,_et
884 2356 978 2420 per
998 2356 1056 2395 se
1081 2338 1546 2420 participationes.
1571 2340 1725 2420 Quod
1766 2339 1812 2391 si
1862 2340 2129 2420 illa'sunt
2167 2349 2432 2420 creatura;
2465 2338 2580 2418 Dei,
2610 2347 2665 2391 et
2711 2339 2827 2391 haec
2862 2340 3472 2420 igitursunt‘ereaturze

245 2405 366 2461 Dei.
386 2409 662 2480 Apparent
694 2405 1000 2480 tainen'bie
1025 2405 1188 2465 etiam
1217 2405 1611 2480 proprietates;
1653 2410 1757 2480 illa
1791 2409 1936 2461 enini
1967 2409 2201 2475 (scilicet
2231 2409 2616 2480 participantia
2653 2420 2707 2461 et
2738 2405 3213 2480 participationes)
3247 2417 3472 2476 propter

247 2477 449 2546 tinem;
466 2477 621 2549 cujus
649 2494 815 2534 causa
845 2477 1080 2550 perfecta
1111 2477 1258 2544 soni,
1286 2477 1342 2533 et
1366 2495 1552 2534 eorum
1578 2478 1883 2550 proprietas
1907 2487 1992 2533 est
2018 2479 2124 2532 dici
2165 2481 2232 2532 ad
2256 2479 2484 2548 aliquid,
2517 2478 2702 2546 aliquo
2729 2479 2887 2550 modo
2911 2495 2968 2531 se
2992 2478 3234 2541 habere;
3273 2482 3465 2550 borum

243 2560 425 2602 autem
457 2547 648 2619 (idest
675 2566 795 2619 quae
825 2547 1122 2605 secundum
1151 2551 1527 2605 excellentiam
1557 2547 1846 2618 dicuntur)
1879 2549 2186 2618 proprietas
2213 2563 2296 2603 est
2322 2547 2443 2608 ,ες
2475 2561 2631 2615 aequo
2655 2562 2778 2602 esse
2806 2548 2946 2601 infra
2988 2550 3156 2603 Deum
3200 2563 3323 2602 cum
3364 2547 3472 2601 illis

242 2631 366 2686 qua:
388 2621 735 2689 participant,
761 2632 818 2675 et
850 2630 975 2674 sunt
1007 2636 1104 2689 per
1130 2637 1190 2675 se
1217 2620 1689 2690 participationes,
1719 2622 1831 2672 Inec
1855 2621 1998 2672 enini
2025 2630 2082 2672 et
2111 2619 2198 2670 illa
2233 2619 2374 2673 facta
2417 2628 2559 2671 sunt.

3366 331 3431 386 ξιτ
3443 332 3468 383 5

1273 2844 1751 2900 PMUPHRASIS
1832 2840 2440 2916 PACHYMERAHN).

315 2981 415 3053 §l.
453 2980 590 3033 Ἀλλ’
644 2983 832 3053 ἐπειδὴ
885 2986 977 3037 καὶ
1032 2985 1158 3054 περί
1207 2983 1408 3037 τούτων
1449 2983 1682 3048 ἱκανῶς,
1731 2985 1803 3048 ὡς

1980 2985 2066 3056 §l.
2104 2986 2208 3041 Sed
2236 2985 2492 3057 quoniam
2522 2987 2683 3040 ctiam
2709 2990 2773 3042 de
2802 2989 2886 3044 bis
2915 2990 3067 3056 satis,
3095 2990 3171 3044 uti
3209 2995 3469 3062 arbitrOr,

241 3072 428 3146 οἶμαι,
467 3076 748 3141 λέλεκται,
790 3079 1053 3148 ὑμνητέω
1093 3080 1183 3132 τὸν
1220 3079 1678 3152 ἀπειροδύναμον,
1720 3081 1803 3132 καὶ

1911 3080 2112 3133 dictum
2145 3090 2248 3143 est,
2280 3080 2325 3134 is
2342 3080 2431 3147 qui
2469 3079 2674 3133 inﬂuita
2713 3090 2906 3149 potest,
2931 3093 3098 3152 atque
3127 3086 3263 3143 adeo
3301 3090 3464 3143 etiam

239 3169 333 3222 διὰ
362 3168 518 3222 τοῦτο
553 3172 646 3224 καὶ
694 3169 1096 3242 ἀπειρώνυμον,
1138 3173 1230 3224 καί
1278 3171 1352 3234 ὡς
1393 3172 1579 3241 Ἂγιον
1615 3173 1803 3240 ἁγίων,

1912 3171 2118 3224 infinita
2163 3172 2382 3226 nomina
2419 3171 2616 3238 habet,
2667 3173 2823 3228 nobis
2854 3189 3069 3244 quoque
3114 3177 3471 3237 celebrandas

241 3265 340 3318 καὶ
361 3264 589 3318 Βασιλέα
609 3263 716 3317 τῶν
739 3265 1121 3335 βασιλευόντων
1140 3305 1154 3328 ,
1175 3266 1314 3319 κατὰ
1349 3267 1410 3319 τὸ
1446 3270 1502 3320 ὲν
1532 3270 1597 3337 τῇ
1622 3267 1809 3340 πρώτῃ

241 3353 353 3424 ᾠδῇ
392 3353 482 3406 τοῦ
540 3355 814 3417 Μωῦσὲως
849 3356 1138 3426 ᾀδόμενον,
1195 3359 1287 3408 καὶ
1338 3356 1412 3420 ὼς
1466 3356 1666 3426 Κύριον
1701 3358 1808 3411 τῶν

241 3446 468 3515 κυρίων,
509 3447 602 3499 καὶ
651 3447 782 3500 Θεὸν
816 3447 924 3500 τῶν
980 3449 1135 3501 θεῶν.
1195 3451 1302 3502 Καὶ
1357 3448 1570 3519 πρῶτον
1619 3449 1808 3521 ῥητέον

245 3539 412 3608 χωρὶς
448 3538 540 3591 τοῦ
577 3538 1006 3610 διπλασιασμοῦ,
1045 3542 1096 3593 τί
1135 3544 1280 3593 ἐστιν
1316 3540 1492 3593 αὐτῶν
1546 3541 1802 3594 ἕκαστον

240 3629 338 3682 καὶ
393 3627 489 3683 εἷθ’
544 3631 714 3695 οὕτως
738 3673 754 3695 ,
792 3634 844 3684 τί
882 3632 1154 3703 βούλονται
1198 3635 1253 3685 αἱ
1290 3633 1428 3685 θεῖαι
1466 3633 1676 3704 Γραφαὶ
1725 3634 1804 3687 δι-

241 3721 634 3787 πλασιάζουσαι
671 3723 739 3775 τὰ
772 3724 1030 3794 ὀνόματα,
1069 3725 1233 3795 ήγουν
1272 3725 1456 3792 ’Ἄγιος
1495 3725 1683 3793 ἁγίων,
1715 3728 1806 3780 καὶ

239 3813 446 3885 Κύριος
480 3816 705 3886 κυρίων,
747 3817 841 3868 καὶ
876 3816 942 3868 τὰ
977 3817 1161 3886 ὅμοια.

314 3904 342 3975 §
379 3907 444 3958 11.
497 3905 741 3976 Ἀγιὸτης
782 3909 878 3977 μὲν
931 3903 1022 3960 οὖν
1066 3909 1229 3972 ἐστιν,
1275 3909 1350 3972 ὼς
1385 3909 1526 3963 κατὰ
1561 3911 1658 3981 τὴν
1699 3910 1806 3964 τῶν

236 4000 344 4066 ἔξω
369 4000 718 4069 ἐτυμολογίαν
745 4002 933 4064 εἰπεῖν,
966 4001 1030 4052 ἐκ
1059 4000 1151 4053 τοῦ
1179 4018 1218 4056 a
1245 4003 1561 4075 στερητικοῦ
1590 4006 1682 4058 καὶ
1712 4006 1805 4057 τοῦ

225 4095 376 4166 ἄγος
414 4092 473 4144 τὸ
514 4091 746 4162 μίασμα,
796 4092 958 4145 οἱονεὶ
1001 4089 1296 4158 ἁαγιότηςο
1326 4094 1418 4146 καὶ
1464 4095 1656 4164 κράσει
1697 4095 1806 4147 τῶν

233 4187 331 4240 δύο
352 4203 389 4238 α
410 4203 448 4238 a
475 4188 552 4248 εἰς
583 4203 617 4238 α
651 4185 856 4256 μακρὸν
881 4185 1255 4255 δασυνόμενον,
1286 4184 1540 4252 ἀγιότης,
1567 4187 1804 4258 δηλονότι

235 4277 572 4347 ἐστερημένη
601 4276 798 4338 παντὸς
823 4276 1004 4342 ἄγους.
1036 4274 1286 4328 Βασιλεία
1307 4275 1366 4329 δέ
1392 4279 1537 4329 ἐστιν
1572 4279 1604 4348 ή
1633 4277 1806 4332 διανέ-

1911 3271 2166 3330 tanquam
2196 3260 2428 3316 Sanctus
2459 3275 2801 3326 sanctorum,
2833 3276 2887 3320 ct
2921 3263 3032 3320 [ιω
3069 3283 3279 3336 regum,
3313 3281 3472 3342 prout

1911 3355 1963 3408 in
1998 3356 2173 3425 primo
2201 3356 2402 3427 Moysis
2433 3359 2648 3412 cantico
2678 3360 2919 3422 canitur,
2962 3369 3015 3414 et
3041 3361 3181 3416 sicut
3217 3364 3473 3420 Dominus

1909 3448 2290 3515 dominorum,
2336 3459 2391 3503 et
2425 3449 2565 3504 Deus
2592 3451 2840 3505 deorum.
2887 3453 2966 3507 Ac
3008 3454 3242 3523 primum
3287 3458 3454 3510 dicen-

1910 3540 2036 3595 dum
2087 3542 2206 3596 sine
2233 3543 2603 3610 geminatione
2625 3582 2639 3606 ,
2683 3543 2813 3613 quid
2853 3544 2924 3597 sit
2954 3545 3220 3614 quidlibet
3253 3563 3471 3612 eorum;

1908 3646 1973 3686 ac
2004 3633 2196 3687 deinde
2221 3674 2236 3697 ,
2269 3633 2396 3703 quid
2429 3634 2527 3688 sibi
2573 3634 2741 3688 velint
2787 3634 2986 3690 divina:
3034 3635 3325 3706 Scriptum
3366 3641 3465 3693 ista

1908 3725 2124 3778 nomina
2158 3725 2536 3794 (inplicantes,
2599 3726 2714 3781 sive
2751 3729 2985 3782 Sanctus
3028 3741 3373 3796 sanctorum,
3415 3744 3468 3788 et

1909 3816 2168 3870 Dominus
2198 3816 2563 3876 dominorum.
2595 3828 2646 3872 et
2676 3820 2894 3873 similia.

1977 3906 2136 3978 525
2165 3907 2192 3979 §
2230 3907 2293 3962 ll.
2319 3907 2564 3979 Ἀγιὸτης
2591 3907 2792 3977 itaque,
2821 3926 2914 3964 seu
2945 3911 3221 3975 sanctitas,
3252 3913 3470 3982 loquen-

1908 4001 1976 4054 do
2004 4001 2295 4054 secundum
2323 4011 2599 4054 externam
2632 4001 2862 4054 nominis
2904 4002 3316 4072 etymologiam,
3351 4022 3412 4059 ex
3439 4025 3470 4060 α

1910 4094 2170 4162 privativa
2189 4105 2242 4147 et
2266 4109 2396 4147 voce
2425 4094 2576 4161 ἄγος,
2605 4095 2654 4146 id
2681 4105 2763 4148 est
2790 4096 3093 4162 imperitas,
3114 4099 3265 4166 quasi
3289 4100 3470 4166 ἀαγιό-

1905 4202 2024 4255 της,
2050 4197 2102 4239 et
2124 4186 2338 4254 gemino
2365 4204 2400 4240 α
2424 4187 2474 4239 in
2493 4203 2528 4239 α
2551 4186 2763 4255 longum
2792 4187 3086 4253 aspiratum
3110 4189 3471 4252 coalescente,

1908 4281 2150 4349 ἀγιότης,
2197 4296 2252 4349 q.
2297 4279 2350 4332 d.
2402 4281 2455 4334 id
2499 4280 2639 4348 quod
2689 4281 2833 4333 omni
2881 4280 2998 4333 labe
3045 4296 3137 4334 seu
3169 4282 3473 4350 impuritate

238 4384 402 4438 μησις
431 4367 610 4437 πάσης
635 4365 858 4430 τάξεως,
900 4367 991 4418 καὶ⁸
1028 4368 1227 4430 παντὸς
1260 4367 1451 4431 τύπου,
1493 4369 1584 4421 καὶ⁸
1627 4371 1803 4439 πάσης

1911 4374 2176 4440 privatum
2232 4384 2342 4427 est.
2398 4373 2641 4440 Regnum
2694 4386 2820 4426 vero
2871 4381 2952 4425 est
2998 4373 3173 4426 omnis
3227 4375 3470 4436 ordinis,

236 4460 615 4520 καταστάσεως
655 4459 747 4509 καὶ
780 4456 1043 4520 εύθεσίας.
1086 4459 1353 4530 Κυριότης
1380 4459 1457 4521 δὲ,
1495 4461 1615 4513 ἐπεὶ
1645 4460 1808 4531 διχῶς

234 4551 476 4622 κυριεύει
514 4568 618 4613 τις,
661 4549 693 4620 ἢ
728 4551 784 4602 ἐν
817 4542 861 4616 ᾧ
896 4550 992 4618 ούχ
1034 4552 1259 4620 ἡττᾶται
1303 4552 1409 4604 τῶν
1451 4553 1726 4622 χειρόνων,
1774 4555 1806 4624 ἢ

231 4649 292 4700 ἐν
325 4640 367 4713 ᾧ
399 4647 490 4698 καὶ
517 4646 623 4697 τῶν
648 4645 965 4717 κρειττόνων
989 4643 1432 4714 ἐπιλαμϐάνεται,
1466 4645 1527 4697 τὸ
1560 4645 1808 4716 δεύτερον

228 4737 446 4808 τίθησιν
473 4739 501 4789 ό
534 4739 705 4805 ἅγιος,
749 4737 823 4799 ὡς
869 4735 961 4788 τοῦ
1000 4736 1260 4805 προτέρου
1305 4736 1558 4789 ταπεινοῦ
1601 4738 1806 4790 παντά-

230 4848 398 4883 πασιν
427 4831 574 4894 ὄντος
603 4834 692 4884 ἐπὶ
721 4831 852 4884 Θεού
876 4849 888 4860 ·
920 4831 1000 4882 διὸ
1028 4831 1119 4883 καὶ
1144 4829 1396 4901 κυριότης
1424 4830 1576 4900 παρὰ
1614 4831 1675 4882 τὸ
1704 4829 1802 4882 κῦ-

232 4942 329 4995 ρος
355 4927 386 4995 ὴ
416 4924 628 4989 ἐξουσία
655 4923 890 4991 λέγεται.
915 4924 1112 4994 Θεότης
1141 4923 1195 4975 δὲ
1232 4923 1264 4993 ἦ
1304 4924 1408 4975 ἀπὸ
1433 4922 1527 4975 τοῦ
1555 4923 1798 4986 Θεᾶσοαι,

229 5019 327 5071 καὶ
371 5019 667 5088 ἐπιτηρεῖν,
707 5018 797 5068 καὶ
839 5019 1084 5086 προνοεῖν
1109 5033 1122 5044 ·
1174 5015 1346 5086 ῆάπὺ
1393 5015 1485 5067 τοῦ
1530 5014 1800 5085 περιθέειν

228 5112 326 5164 καὶ
355 5109 592 5179 συνέχειν
619 5107 987 5177 ἁπανταχόθεν
1013 5107 1080 5160 τὰ
1111 5107 1304 5170 πάντα,
1335 5109 1427 5159 καὶ
1454 5108 1601 5170 ἐντὸς
1630 5108 1798 5178 αὐτῆς

227 5206 443 5258 ᾶπαντα
475 5201 544 5254 τὰ
573 5201 672 5269 τῆς
698 5200 945 5270 προνοίας
981 5199 1316 5252 ἀπολαύοντα
1366 5199 1752 5269 ἁποπληροῦσα
1780 5218 1792 5229 ·

228 5292 289 5343 ὲν
327 5293 392 5360 τῇ
419 5289 560 5360 χειρὶ
589 5287 694 5358 γὰρ
721 5285 884 5339 αὑτοῦ
915 5286 984 5338 τὰ
1013 5287 1209 5349 πάντα,
1242 5288 1381 5340 κατὰ
1405 5287 1502 5352 τὰς
1531 5289 1678 5358 ἱερὰς
1706 5291 1798 5341 καὶ

227 5381 380 5444 θείας
420 5382 654 5451 Γραφάς.

1910 4465 2088 4518 omnis
2118 4463 2301 4516 forma:
2353 4472 2407 4516 et
2440 4464 2617 4517 omnis
2646 4462 3053 4516 constitutionis
3092 4477 3156 4516 ac
3193 4465 3471 4516 rectitudi-

1911 4554 1995 4607 nis
2045 4554 2374 4608 distributio.
2429 4554 2731 4608 Dominatio
2785 4564 2963 4607 autent
3013 4571 3135 4608 eum
3187 4555 3472 4624 dupliciter

1910 4645 2032 4712 quis
2057 4646 2380 4710 dominetur,
2415 4648 2554 4714 quod
2583 4646 2664 4701 vel
2694 4647 2850 4700 malis
2884 4663 2989 4700 non
3023 4649 3356 4706 succumbat.
3388 4648 3470 4700 vel

1910 4739 2052 4806 quod
2093 4738 2313 4791 meliora
2366 4739 2616 4808 recipiat,
2654 4753 2748 4794 seu
2789 4740 3082 4810 possideat,
3120 4751 3341 4793 sanctus
3381 4741 3472 4793 hic

1910 4830 2201 4883 secundum
2233 4831 2401 4897 ponit,
2430 4831 2572 4900 quod
2605 4831 2730 4884 illud
2767 4833 2915 4900 prius
2959 4832 3118 4884 nimis
3163 4831 3363 4885 humile
3399 4832 3471 4884 sit

1909 4935 2006 4988 pro
2047 4922 2188 4983 Deo;
2229 4923 2580 4989 quamobrem
2619 4923 2783 4977 etiam
2821 4923 3112 4993 κυριότης,
3159 4923 3270 4976 sive
3301 4923 3468 4974 domi-

1907 5014 2081 5076 natio,
2114 5013 2262 5083 παρὰ
2300 5015 2360 5066 τὸ
2396 5014 2587 5085 κῦρος,
2621 5025 2888 5082 quatenus
2920 5026 3233 5082 potestatein
3265 5013 3470 5083 signifi-

1906 5112 2024 5163 cat,
2053 5104 2461 5169 denoniiuatur;
2493 5107 2682 5178 Οεότης
2726 5123 2852 5161 vero
2875 5147 2890 5171 ,
2918 5124 3010 5160 seu
3049 5109 3327 5167 divinitas,
3361 5105 3469 5158 ἀπὸ

1901 5196 1995 5248 τοῦ
2020 5197 2264 5260 θεᾶσθαι,
2294 5199 2448 5254 idest
2471 5217 2499 5253 a
2525 5201 2775 5261 videndo,
2803 5209 2854 5253 et
2877 5202 3235 5262 observando,
3262 5213 3325 5251 ac
3351 5212 3468 5264 pro-

1905 5288 2168 5351 videndo;
2212 5291 2294 5344 vel
2335 5291 2441 5342 ἀπὸ
2479 5291 2568 5343 τοῦ
2612 5291 2900 5362 περιθέειν,
2945 5292 2996 5343 id
3041 5298 3123 5342 est
3160 5305 3188 5340 a
3228 5290 3464 5341 circuiu-

1907 5385 2109 5447 eundo,
2170 5396 2223 5440 et
2266 5389 2501 5454 undique
2540 5388 2864 5439 continendo
2908 5388 3177 5447 universa,
3215 5399 3270 5436 ut
3313 5386 3364 5435 in
3409 5397 3467 5433 se

227 5476 408 5528 omnia
454 5475 803 5541 providentiae
837 5472 1154 5526 muneribus
1189 5472 1416 5525 fruentia
1451 5472 1769 5541 aditnplcns.
1805 5473 2070 5538 Quoniam
2108 5479 2314 5540 omnia,
2336 5477 2488 5543 juxta
2526 5492 2712 5532 sacras
2743 5488 2792 5530 et
2826 5479 3035 5530 divinas
3069 5477 3380 5540 Scripturas
3411 5477 3462 5527 iit

229 5583 393 5620 manu
434 5567 551 5634 ejus
581 5565 681 5620 sita
713 5576 839 5620 sunt

302 5685 326 5722 ιι
365 5682 504 5736 Psal.
542 5699 723 5743 Lxxtt.
759 5683 812 5737 6.
899 5687 908 5721 i
952 5685 1084 5736 Gen.
1125 5697 1184 5746 ιι,
1226 5681 1278 5732 2.

299 5776 406 5836 (Idi
455 5775 584 5830 Vide
631 5776 846 5829 Scholia
905 5775 961 5829 S.
1006 5775 1221 5828 Maviini
1272 5785 1400 5829 toni.
1444 5775 1479 5825 ll
1510 5818 1522 5840 ,
1571 5791 1686 5844 cap.
1739 5776 1797 5826 I‘l
1826 5773 1896 5824 I)»
1924 5775 2110 5826 divinis
2149 5778 2342 5826 nnmin.
