4156 6312
749 337 854 394 975

1920 334 1977 395 S,
2018 334 2309 392 DIONYSII
2346 337 2804 397 AREOPAGITA‘I

3900 350 4001 405 076

821 452 848 523 ς
891 450 975 507 Ill.
1017 451 1143 508 llaec
1200 451 1418 523 quidem
1477 451 1528 505 in
1588 451 1696 505 Deo
1749 451 1995 507 absolute
2044 452 2305 507 laudanda

2485 455 2512 527 ς
2552 455 2641 509 Ill.
2684 456 2865 509 Ταῦτα
2906 456 3005 526 μὲν
3046 454 3138 510 οὖν
3182 458 3447 541 ὲπίΘεοῦ
3491 460 3772 525 ἀπολύτως
3818 465 3999 535 ὑμνη-

747 553 898 608 sunt,
924 544 975 597 id
1011 552 1096 597 est
1140 558 1248 597 non
1294 544 1509 612 quidem
1543 544 1836 599 secundum
1864 545 2094 614 aliquid,
2128 560 2320 600 secun-

748 637 873 689 dum
899 634 1102 704 aliquid
1124 648 1252 689 vero
1276 648 1404 700 non,
1436 635 1521 689 vel
1553 644 1809 703 tanquam
1847 636 1912 690 ad
1943 636 2143 705 aliquid
2174 635 2318 691 aliud

747 727 999 793 relatum,
1054 728 1146 783 sed
1194 730 1493 783 secundum
1538 728 1839 799 simplicem
1870 745 2111 797 sensum,
2146 730 2198 785 id
2234 741 2319 786 est

746 824 988 894 proprie.
1037 821 1190 877 Sicut
1230 824 1374 878 enim
1408 838 1632 894 magnus
1670 824 1869 878 dicitur
1897 825 1963 879 de
2006 826 2113 881 Deo
2143 826 2320 881 illimi-

747 927 880 984 tate,
908 927 963 973 ct
995 919 1111 971 sine
1149 918 1577 987 comparatione,
1606 932 1669 972 ac
1701 917 1986 984 relatione,
2018 920 2100 975 sic
2130 920 2318 990 utique

744 1011 909 1064 etiam
937 1012 1049 1065 lucc
1076 1011 1317 1064 nomina.
1350 1007 1533 1078 Neque
1558 1023 1688 1065 vero
1720 1010 1893 1064 solum
1925 1012 2169 1066 absolute
2194 1027 2318 1080 pro-

748 1102 963 1156 lercnda
1015 1114 1159 1167 sunt,
1214 1105 1307 1157 sed
1356 1106 1522 1158 etiam
1570 1108 1869 1158 secundum
1914 1104 2312 1170 excellentiam,

744 1193 994 1257 dicendo,
1042 1210 1201 1263 supra
1244 1210 1407 1263 quam
1450 1196 1734 1259 sanctitas,
1767 1207 1819 1249 et
1868 1196 1988 1263 plus
2028 1211 2192 1265 quam
2230 1211 2312 1251 re-

744 1299 936 1353 gnum.
963 1295 1016 1338 et
1046 1286 1165 1355 plus
1192 1302 1353 1355 quam
1393 1284 1673 1348 Dominus.
1706 1296 1757 1340 et
1789 1287 1906 1357 plus
1942 1302 2100 1357 quam
2132 1287 2308 1353 Deus;

741 1379 1011 1447 s'quiilem
1042 1393 1105 1431 ex
1141 1378 1375 1447 ipsumet
1412 1376 1813 1445 simplicissima
1846 1380 2155 1443 divinitate,
2186 1394 2313 1434 om-

741 1472 828 1525 nis
859 1484 994 1539 pura
1024 1480 1079 1524 et
1109 1471 1472 1538 independens
1512 1471 1649 1524 ratio
1685 1487 1813 1525 cum
1856 1472 2160 1527 sanctitatis
2196 1481 2307 1527 tum

2419 547 2571 612 τέον,
2614 546 2853 620 δηλονότι
2911 548 2971 601 οὑ
3031 550 3171 603 κατά
3204 568 3256 603 τι
3300 552 3419 621 μὲν,
3462 554 3599 606 κατά
3641 571 3692 605 τι
3730 554 3787 607 δὲ
3832 552 3923 615 οὗ,
3965 555 3997 623 ἢ

2418 638 2493 703 ὼς
2532 639 2669 709 πρός
2702 658 2755 693 τι
2782 640 2987 712 ἰτερον,
3026 641 3160 695 ἀλλὰ
3192 643 3330 697 κατὰ
3370 644 3547 714 ἁπλῆν
3576 645 3803 707 ἔννοιαν,
3839 662 3971 698 τουτ

2419 724 2533 778 ἐστι
2593 724 2813 797 κυρίως.
2866 728 2950 791 Ὡς
2985 727 3093 799 γὰρ
3128 730 3189 783 τὺ
3246 730 3417 803 μέγας
3460 732 3552 786 ἐπὶ
3594 733 3729 786 Θεοῦ
3770 734 3993 802 λέγεται

2417 818 2679 889 ἀσχέτως,
2707 821 2798 874 καὶ
2846 823 3209 896 ἀσυγκρίτως,
3259 825 3353 879 καὶ
3399 826 3459 878 οὑ
3508 827 3642 899 πρός
3685 844 3738 879 τι
3782 827 3992 896 ἓτερον.

2415 910 2557 963 οὕτω
2585 911 2680 965 καὶ
2703 913 2871 966 ταῦτα
2908 915 2971 986 δὴ
3000 916 3069 968 τὰ
3094 916 3347 988 ὀνόματα.
3388 916 3478 989 Μὴ
3508 918 3663 988 μόνον
3695 918 3754 971 δὲ
3791 918 3996 971 ἀπολύ-

2413 1019 2522 1065 τως
2559 1004 2767 1074 ῥητέον,
2801 1005 2936 1059 ἀλλὰ
2975 1007 3068 1060 καὶ
3113 1006 3229 1077 μεθ’
3272 1009 3563 1080 ὑπεροχῆς,
3604 1010 3991 1081 ὑπεραγιότης,

2415 1090 2507 1141 καὶ
2532 1090 2941 1163 ὑπερϐασιλεία,
2968 1096 3059 1148 καὶ
3083 1095 3221 1168 ὑπὲρ
3249 1097 3311 1149 τὺ
3334 1097 3538 1168 κύριος,
3565 1102 3658 1152 καὶ
3682 1098 3953 1171 {Mt-£90m;
3976 1117 3991 1131 ‘

2414 1182 2505 1233 καὶ
2532 1181 2641 1253 γὰρ
2663 1183 2721 1249 ἐξ
2747 1185 2913 1255 αὐτῆς
2942 1185 3005 1256 δὴ
3031 1186 3128 1256 τῆς
3154 1186 3532 1259 ἀπλουστάτης
3561 1188 3813 1259 θεότητος
3841 1192 3991 1242 πᾶσα

2412 1272 2788 1347 διανενέμηται
2811 1280 2922 1340 τοῖς
2943 1279 3199 1342 αἰτωτοῖς
3220 1278 3421 1350 ἀμιγὴς
3451 1280 3545 1332 καὶ
3572 1280 3796 1351 ἄσχετος
3831 1284 3992 1352 ἀκρί-

2412 1364 2531 1418 σεια
2571 1368 2664 1420 καὶ
2703 1370 2801 1439 τῆς
2846 1367 3129 1442 ἁγιότητος
3174 1372 3266 1423 καὶ
3300 1372 3401 1442 τῆς
3438 1372 3706 1442 βασιλείας
3730 1392 3745 1407 ’
3777 1376 3994 1447 ,ταύτην

2409 1454 2517 1527 γὰρ
2560 1456 2709 1527 λέγει
2746 1458 2985 1526 διάταξιν
3024 1462 3134 1515 τῶν
3170 1464 3357 1528 ὄντων,
3396 1467 3633 1538 δηλονότι
3673 1468 3783 1520 τῶν
3813 1468 3990 1520 ἀπάν-

741 1562 891 1631 regni
942 1560 1222 1615 effectibus
1266 1562 1539 1628 tribuitur,
1595 1564 1736 1618 lianc
1774 1564 1917 1618 enim
1944 1573 2099 1618 vocat
2126 1580 2305 1620 rerum

2406 1562 2532 1611 των,
2569 1549 2661 1603 καὶ
2697 1550 3070 1623 διακόσμησιν,
3108 1557 3229 1625 ἧτις
3278 1558 3370 1611 καὶ
3418 1561 3595 1612 πᾶσαν
3622 1560 3847 1624 ἀταξίαν
3880 1559 3991 1624 ἑξο-

739 1652 1169 1721 dispositionem,
1197 1653 1405 1707 scilicet
1446 1656 1712 1718 omnimn,
1744 1664 1798 1707 et
1846 1656 2305 1724 distributionem,

2409 1636 2545 1706 ρίζει
2569 1677 2583 1701 ,
2618 1639 2710 1692 καὶ
2754 1640 2832 1703 εἰς
2877 1639 2973 1711 τὴν
3007 1640 3267 1697 εὔτακτον
3304 1645 3605 1716 ταύτότητα
3647 1646 3989 1717 περιάγουσα

738 1759 859 1812 qua:
898 1757 1113 1797 onmem
1153 1742 1611 1797 inordinationem
1643 1745 1985 1808 exterminat,
2022 1755 2074 1799 et
2105 1746 2171 1798 ad
2205 1746 2305 1801 rite

2406 1728 2473 1781 τὰ
2512 1729 2711 1800 ταύτης
2764 1733 3059 1803 ἠξιωμένα,
3104 1736 3328 1799 εἰκότως
3373 1737 3438 1790 ἂν
3479 1737 3575 1807 μία
3617 1740 3989 1809 προσαγορεύ-

736 1806 1043 1887 ordinatam
1083 1832 1417 1886 identitatem
1456 1832 1673 1885 adducit
1718 1833 1802 1885 illa
1835 1847 1954 1901 qua:
1974 1806 2139 1902 digna
2178 1844 2301 1887 sunt

2408 1835 2523 1872 εται
2549 1837 2562 1849 ·
2593 1822 2749 1875 τοῦτο
2781 1823 3053 1895 δέέστινη
3095 1826 3299 1898 ἑνότης,
3328 1827 3389 1881 τὸ
3412 1806 3506 1899 τῆς
3538 1806 3876 1901 ταύτότητος*
3897 1831 3989 1883 καὶ

735 1928 855 1996 ejus
879 1925 1317 1995 participatione;
1349 1924 1488 1977 unde
1518 1926 1711 1979 merito
1738 1941 1838 1977 una
1877 1925 2095 1986 dicitur,
2140 1923 2308 1991 siqui-

738 2020 857 2073 dem
887 2020 1000 2073 haec
1026 2028 1109 2073 est
1145 2018 1345 2079 unitas,
1380 2018 1707 2077 identitatis.
1738 2018 1979 2087 inquam,
2006 2028 2057 2071 et
2087 2017 2307 2086 a'quali-

737 2110 885 2163 tatis.
922 2107 1047 2163 Haec
1086 2120 1170 2162 est
1199 2123 1356 2163 causa
1387 2108 1827 2178 conspirationis.
1848 2116 1901 2161 et
1927 2108 2303 2163 consensionis

735 2210 793 2254 et
837 2200 1025 2255 salutis
1071 2200 1467 2267 universorum,
1498 2200 1727 2255 unitatis
1767 2204 1925 2264 ratio,
1952 2214 2072 2268 qua:
2109 2213 2306 2275 secun-

731 2294 863 2347 dum
910 2294 1099 2347 eadem
1144 2302 1199 2345 et
1249 2293 1437 2346 eodem
1476 2292 1636 2346 modo
1678 2306 1739 2346 se
1784 2294 1967 2347 habet.
2005 2291 2304 2346 Lactantem

730 2399 864 2440 vero
892 2386 1050 2448 dixit,
1095 2386 1207 2440 sive
1237 2385 1557 2454 gaudentem
1602 2385 1654 2439 in
1699 2386 1955 2454 operibus
1992 2384 2127 2447 suis,
2152 2385 2304 2454 juxta

734 2478 865 2531 illud
892 2476 1085 2531 Psalmi
1115 2478 1350 2531 dictum:
1381 2475 1670 2530 Laetabitur
1700 2476 1953 2529 Dominus
1984 2478 2038 2529 in
2066 2477 2305 2543 operibus

734 2570 845 2623 suis
903 2570 952 2624 ι.
996 2569 1229 2622 Rursum
1286 2584 1351 2621 ex
1402 2569 1505 2621 liac
1565 2568 1968 2636 simplicissima
2024 2568 2307 2622 divinitate

732 2661 898 2713 etiam
938 2659 1101 2729 526
1126 2659 1427 2713 dominatio
1458 2658 1671 2723 existit;
1701 2658 1840 2712 lianc
1863 2660 2005 2712 enim
2035 2659 2170 2711 dixit
2195 2658 2307 2711 nni-

733 2763 946 2802 vcrsam
982 2764 1104 2802 esse
1144 2748 1385 2800 onmium
1424 2747 1688 2801 bonorum
1722 2745 2147 2813 possessionem.
2182 2743 2305 2798 Haec

733 2850 818 2894 est
872 2839 1103 2909 benigna
1148 2838 1512 2909 providentia,
1544 2851 1663 2905 quae
1694 2836 2034 2902 semetipsam
2073 2834 2305 2897 benigne

724 2932 995 3001 impertit,
1033 2932 1098 2984 ad
1134 2945 1320 2985 eormn
1348 2930 1438 2999 qui
1473 2930 1540 2983 ad
1576 2930 1745 2996 ipsam
1774 2936 2165 2981 convertuntur
2186 2927 2302 2981 dei-

725 3025 1061 3079 licatiouem.

793 3115 833 3186 εδ
874 3114 1139 3170 lV.°Cum
1172 3122 1352 3168 autem
1387 3113 1458 3166 sit
1489 3126 1669 3166 rerum
1704 3110 1943 3164 omnium
1980 3109 2298 3180 superplena
2328 3141 2369 3197 Ο

722 3208 1029 3261 secundum
1078 3222 1241 3260 unam
1288 3206 1614 3259 eminentem
1669 3204 2047 3258 excellentiam
2093 3204 2297 3271 (neque

733 3301 878 3353 enim
926 3298 1105 3352 multa:
1149 3307 1275 3351 sunt
1333 3300 1383 3351 in
1437 3298 1544 3351 Deo
1581 3298 1942 3359 excellentiae,
1998 3296 2090 3349 sed
2158 3310 2293 3355 una,

726 3396 933 3462 iliaque
957 3394 1249 3455 eminens),
1268 3392 1464 3445 dicitur
1482 3390 1712 3444 Sanctus
1742 3401 2073 3452 sanctorum,
2101 3398 2155 3443 et
2181 3388 2294 3443 Rex

735 3501 942 3554 regum.
979 3485 1071 3537 Ait
1100 3483 1270 3547 enim,
1304 3492 1568 3552 quantum
1613 3480 1793 3535 diﬁ'ert
1830 3493 2023 3535 natura
2072 3497 2203 3550 pura
2245 3489 2300 3533 et

733 3592 897 3630 causa
942 3592 970 3628 a
1016 3575 1278 3645 qualitate
1330 3585 1385 3628 et
1430 3574 1619 3629 eil'ectu
1671 3576 1797 3642 (hoc
1844 3576 1987 3628 enim
2038 3583 2122 3627 est
2171 3572 2297 3626 illud

725 3669 875 3738 quod
918 3678 1022 3729 est.
1056 3660 1299 3736 respectu
1341 3667 1483 3721 illius
1515 3668 1657 3731 quod
1703 3667 1917 3736 proprie
1963 3681 2068 3720 non
2106 3671 2211 3727 est)
2246 3676 2299 3718 et

724 3769 992 3829 quantum
1037 3758 1164 3812 illud
1189 3758 1327 3826 quod
1368 3758 1722 3827 participatur
1758 3760 1826 3813 ab
1857 3773 1921 3811 eo
1946 3758 2090 3827 quod
2130 3758 2300 3828 parti-

734 3856 898 3922 eipat,
926 3861 1132 3904 tantum
1167 3851 1346 3905 dill'ert
1382 3852 1546 3913 Deus,
1575 3852 1699 3903 dum
1737 3850 1849 3904 lucc
1881 3850 2094 3910 dicitur,
2133 3850 2200 3903 ab
2234 3850 2299 3905 iis

730 3958 856 4009 qua:
899 3940 989 3994 illa
1038 3939 1451 4010 participatione
1509 3940 1755 4005 habent;
1810 3941 1990 3993 omnia
2040 3941 2183 3993 enim
2230 3956 2297 3993 ex

737 4034 850 4087 Deo
891 4042 1040 4096 sunt,
1078 4033 1224 4086 solus
1255 4041 1435 4085 autem
1468 4032 1607 4085 Deus
1634 4046 1701 4085 ex
1728 4032 1892 4084 nullo.
1918 4031 2186 4099 Religiose
2208 4048 2301 4085 au-

738 4138 843 4181 tem
886 4141 951 4180 ac
989 4126 1075 4192 pie
1109 4126 1335 4194 exponit
1373 4125 1483 4188 illa,
1507 4140 1628 4193 qua:
1658 4141 1686 4177 a
1721 4124 2041 4194 quibusdam
2077 4128 2143 4179 de
2174 4125 2300 4179 deo-

734 4232 854 4271 rum
883 4215 1228 4269 multitudine
1264 4217 1408 4270 dicta
1444 4218 1793 4284 putabantur,
1826 4232 1887 4269 ex
1925 4232 1989 4270 eo
2024 4217 2167 4284 quod
2200 4233 2298 4269 au-

735 4310 913 4362 dirent
938 4308 1042 4361 dici
1076 4307 1269 4361 multos
1295 4308 1457 4371 deos,
1489 4306 1639 4375 juxta
1674 4307 1801 4362 illud
1840 4325 1854 4361 :
1899 4308 2037 4362 Deus
2082 4310 2296 4360 deorum

735 4401 990 4455 Dominus
1022 4402 1224 4454 locutus
1252 4411 1324 4453 est
1352 4398 1772 4469 1.Pr:eceptores
1801 4400 1946 4453 enim
1977 4400 2065 4468 qui
2100 4400 2298 4453 virtute

2411 1910 2652 1983 ἰσότητος
2695 1912 2856 1981 λέγω.
2897 1914 3067 1968 Τοῦτο
3106 1915 3167 1967 τὸ
3208 1916 3379 1970 αίτιον
3418 1918 3518 1989 τῆς
3560 1921 3862 1990 συμπνοίας
3897 1932 3988 1975 και

2406 2004 2507 2073 τῆς
2548 2006 2885 2074 συμπαθείας
2926 2008 3017 2060 καὶ
3058 2009 3153 2079 τῆς
3198 2008 3468 2080 σωτηρίας
3502 2011 3610 2063 τῶν
3640 2012 3796 2074 ὅλων,
3830 2016 3860 2066 ό
3888 2015 3986 2083 τῆς

2406 2096 2653 2166 ένότητος
2696 2096 2871 2164 λόγος,
2914 2099 2942 2148 ὁ
2974 2098 3115 2152 κατὰ
3145 2099 3214 2152 τὰ
3239 2102 3379 2154 αὐτὰ
3410 2103 3502 2155 καὶ
3534 2103 3791 2166 ὡσαύτως
3821 2107 3981 2175 ἔχων.

2406 2188 2715 2259 Γαννυμένη
2762 2189 2818 2242 δὲ
2851 2185 3020 2253 εἶπεν,
3055 2190 3170 2261 ἦτοι
3202 2193 3465 2263 χαίρουσα
3498 2195 3588 2247 ἐπὶ
3618 2198 3731 2258 τοῖς
3761 2198 3986 2261 οἰκείοις

2406 2280 2691 2349 ποιήμασι,
2727 2281 2864 2335 κατὰ
2895 2282 2955 2336 τὸ
2987 2284 3043 2335 ὲν
3076 2283 3322 2354 Ψαλμοῖς
3354 2286 3659 2356 εἰρημένον·
3704 2288 3981 2355 Et)ng-

2407 2370 2650 2436 θήσεται
2692 2374 2905 2440 Κύριος
2950 2374 3046 2427 ἐπὶ
3096 2375 3220 2441 τοῖς
3251 2377 3444 2445 ἔργοις
3476 2378 3678 2431 αὑτοῦ.
3717 2378 3886 2431 Πάλιν
3917 2381 3983 2433 ὲκ

2404 2464 2604 2537 ταύτης
2643 2466 2743 2535 τῆς
2791 2468 3164 2539 ἁπλουστάτης
3210 2468 3456 2540 θεότητος
3501 2471 3594 2524 καὶ
3636 2474 3668 2541 ή
3724 2473 3981 2543 κυριότης

2406 2559 2521 2610 ὲστί
2544 2576 2556 2587 °
2592 2558 2795 2631 ταύτην
2827 2559 2935 2631 γὰρ
2966 2556 3086 2613 εἷπε
3119 2563 3337 2615 πάντων
3370 2563 3477 2615 τῶν
3509 2564 3687 2617 καλῶν
3731 2582 3982 2634 παγκτη-

2408 2650 2544 2702 σίαν.
2591 2650 2736 2721 Αὕτη
2785 2653 2818 2722 η
2865 2652 3041 2723 ἀγαθὴ
3089 2654 3309 2724 πρόνοια
3348 2656 3544 2727 ἑαυτὴν
3577 2657 3981 2729 ἁγαθοπρεπῶς

2404 2741 2676 2795 ἐπιδίδωσι
2705 2743 2839 2815 πρὸς
2869 2744 3126 2798 ὲκθέωσιν
3171 2747 3277 2800 τῶν
3311 2748 3443 2817 πρὸς
3474 2750 3640 2819 αὐτὴν
3669 2751 3981 2820 ἐπεστραμ-

2408 2835 2603 2905 μένων.

2475 3103 2501 3174 §
2544 3102 2628 3158 IV.
2684 3104 2899 3175 Ἐπειδὴ
2928 3105 2983 3158 δὲ
3031 3105 3384 3178 ὑπερπλήρης
3424 3108 3638 3161 πάντων
3682 3110 3801 3162 ἐστὶ
3838 3111 3977 3165 κατὰ

2408 3198 2534 3267 μίαν
2564 3198 2864 3269 ὑπερὸολὴν
2898 3199 3285 3269 ὑπερέχουσαν,
3318 3199 3458 3271 (οὐδὲ
3485 3200 3593 3273 γὰρ
3625 3201 3816 3254 πολλαί
3844 3204 3977 3255 εἰσιν

2402 3288 2458 3340 αἱ
2489 3290 2639 3359 παρὰ
2666 3289 2743 3360 τῷ
2769 3289 2886 3360 Θεῷ
2918 3290 3233 3361 ὑπερϐολαὶ,
3266 3291 3398 3345 ἀλλὰ
3428 3293 3525 3361 μία
3554 3295 3647 3345 καὶ
3676 3295 3972 3364 ὑπερέχου-

2406 3382 2516 3449 σα·)
2563 3382 2775 3449 λέγεται
2808 3384 2991 3450 ’Ἄγιος
3026 3384 3217 3451 ἁγίων,
3262 3386 3352 3436 καὶ
3398 3384 3654 3447 Βασιλεὺς
3693 3384 3970 3454 βασιλέων.

2402 3475 2540 3545 Φησὶ
2586 3475 2727 3546 γὰρ,
2780 3475 3008 3528 καθόσον
3045 3475 3285 3547 διαφέρει
3327 3475 3484 3544 φύσις
3522 3478 3827 3550 ἀκραιφνὴς
3883 3480 3970 3532 καὶ

2402 3567 2549 3619 αἰτία
2609 3566 2885 3637 ποιότητος
2912 3569 3006 3619 καὶ
3034 3567 3295 3629 αἰτιατοῦ,
3330 3567 3505 3638 (τοῦτο
3532 3570 3638 3639 γάρ
3666 3570 3783 3622 ἐστι
3810 3570 3871 3622 τὸ
3914 3570 3971 3623 δν

2404 3663 2538 3731 πρὸς
2570 3661 2628 3713 τὸ
2664 3663 2737 3731 μὴ
2770 3660 2970 3730 κυρίως
2999 3660 3101 3729 ὂψ)
3133 3661 3224 3713 καὶ
3256 3660 3482 3714 καθόσον
3517 3660 3608 3713 τοῦ
3660 3663 3972 3733 μετέχοντος

2402 3753 2534 3805 αὐτὸ
2576 3752 2636 3804 τὸ
2685 3753 3035 3823 μετεχόμενον
3060 3791 3074 3815 ,
3122 3753 3259 3805 κατὰ
3301 3753 3551 3807 τοσοῦτον
3598 3754 3897 3808 διαλλάττει
3939 3758 3968 3808 ό

2402 3846 2531 3909 Θεὸς
2562 3845 2732 3898 ταῦτα
2764 3845 3046 3915 λεγόμενος
3076 3844 3182 3897 τῶν
3216 3846 3355 3899 κατά
3384 3846 3593 3917 μέθεξιν
3624 3847 3779 3899 τοῦτο
3812 3849 3966 3918 ἐσχη-

2404 3939 2591 3991 κότων·
2625 3937 2693 3990 τὰ
2719 3936 2826 4008 γὰρ
2860 3937 3033 3990 πάντα
3067 3937 3131 3989 ἐκ
3159 3936 3291 3989 Θεοῦ
3325 3939 3458 4002 ὲστι,
3498 3939 3652 4008 μόνος
3683 3940 3740 3993 δὲ
3771 3941 3800 3991 ὁ
3842 3941 3969 4003 Θεὸς

2403 4029 2462 4093 ἐξ
2508 4030 2737 4091 οὐδενός.
2784 4028 3048 4091 Φιλοθέως
3083 4028 3146 4080 δὲ
3198 4034 3543 4099 μυσταγωγεῖ
3583 4032 3675 4083 καὶ
3714 4031 3781 4084 τὰ
3822 4034 3965 4102 παρὰ

2402 4138 2541 4175 τισιν
2594 4124 2670 4183 εἰς
2717 4121 3001 4174 πολυθεῖαν
3045 4122 3440 4193 ὑπονοούμενα,
3488 4124 3550 4176 ὲκ
3613 4123 3705 4175 τοῦ
3756 4126 3966 4178 ἀκούειν

2404 4214 2626 4275 πολλοὺς
2660 4213 2832 4277 θεοὺς,
2868 4213 3006 4267 κατὰ
3038 4214 3116 4265 τό’
3154 4218 3292 4279 Θεὸς
3324 4214 3474 4268 θεῶν
3504 4217 3718 4283 Κύριος
3748 4214 3964 4281 mox"-

2402 4322 2532 4360 σεν.
2582 4309 2643 4359 Oi
2694 4308 2801 4378 γὰρ
2849 4309 2905 4359 ἐν
2952 4309 3118 4378 ἀρετῇ
3166 4306 3491 4377 προῦχοντες
3534 4306 3839 4360 διδάσκαλοι
3870 4313 3966 4374 τὴν

2402 4401 2602 4470 ἀρετὴν
2636 4402 2691 4451 ὲν
2723 4403 2787 4469 τῇ
2999 4399 3213 4461 ένιαίως
3247 4398 3707 4468 συνηθροισμένην
3750 4399 3959 4468 ἔχουσι’

730 4501 1017 4561 prestant,
1040 4492 1292 4546 virtutem
1318 4493 1369 4543 in
1390 4493 1567 4544 anima
1594 4493 1742 4545 unite
1763 4492 2043 4545 collectam
2073 4492 2294 4554 habent,

2406 4493 2491 4545 διὰ
2520 4492 2577 4543 δὲ
2615 4493 2713 4562 τῆς
2755 4492 3118 4555 διδασκαλίας,
3153 4490 3355 4561 ἑτέροις
3396 4490 3494 4552 τὰς
3525 4490 3723 4559 ἀρετὰς
3758 4491 3964 4558 μεταδι-

737 4576 979 4640 docend'o
1024 4595 1203 4638 autem
1243 4584 1471 4637 virtutes
1515 4582 1637 4637 aliis
1677 4584 2165 4645 communicantes,
2214 4598 2299 4635 se-

737 4676 968 4731 cundum
1012 4676 1381 4729 diversitatem
1431 4673 1793 4731 multitudinis
1840 4688 2029 4728 eorum
2070 4672 2161 4740 qui
2203 4672 2299 4725 do-

737 4784 952 4838 centur,
987 4772 1149 4823 etiam
1182 4768 1435 4821 virtutem
1472 4767 1674 4821 habent
1715 4766 2148 4835 multiplicatam.
2188 4766 2298 4819 lloc

732 4866 900 4919 etiam
924 4863 1373 4916 considerandum
1406 4862 1457 4913 in
1480 4859 1771 4929 {ordinibus
1800 4859 2157 4927 int-orporeis;
2186 4861 2299 4911 hae

739 4956 924 5023 utique
949 4953 1043 5007 Dei
1074 4954 1291 5022 propria
1320 4962 1474 5014 sunt;
1505 4960 1560 5003 et
1591 4952 1730 5005 sicut
1759 4968 1823 5005 ex
1858 4960 2069 5005 cratere
2098 4951 2299 5004 exube-

740 5056 897 5100 rante
936 5045 1109 5099 vicina
1141 5046 1357 5112 quidem
1397 5058 1523 5097 vasa
1563 5043 1737 5111 prima
1777 5042 2072 5111 replentur,
2105 5043 2299 5096 deinde

741 5140 853 5206 ipsa
879 5137 1044 5189 etiam
1071 5134 1427 5187 exuberantia
1461 5134 1512 5186 in
1538 5134 1640 5186 alia
1672 5147 1797 5187 vasa
1824 5131 2215 5196 dill'unduntur,
2240 5142 2299 5185 et

738 5246 838 5300 pro
873 5228 1217 5282 multitudine
1254 5240 1313 5280 ac
1354 5227 1669 5281 diversitate
1696 5227 2101 5294 suscipientium
2127 5226 2297 5283 eiiusa

740 5320 1136 5373 distribuuntur
1164 5332 1227 5371 ac
1259 5318 1721 5386 multiplicantur;
1760 5318 1840 5371 sic
1877 5320 2130 5374 crassiori
2162 5335 2299 5389 qua-

738 5416 865 5467 dam
906 5413 1118 5465 ratione
1164 5410 1547 5464 abundantiam
1596 5409 1995 5465 distributionis
2031 5412 2297 5467 donorum

738 5508 1067 5571 divinorum,
1100 5519 1198 5573 per
1233 5504 1838 5574 printas,dispositioues
1863 5504 1915 5558 iu
1960 5520 2147 5560 omnes
2186 5506 2299 5561 dis-

742 5598 996 5653 tributam
1039 5612 1158 5651 esse
1198 5597 1543 5665 cogitandum
1577 5605 1682 5648 est.
1729 5597 2011 5667 Siquidem
2060 5600 2293 5669 Aposto-

848 5780 871 5817 ι
909 5776 1048 5833 l’sal.
1084 5794 1195 5845 cm,
1232 5778 1317 5832 3|.
1413 5776 1428 5815 ι
1469 5778 1607 5835 Psal.
1648 5793 1803 5843 χιιι,
1849 5778 1893 5830 l.

2400 4586 2595 4650 δόντες,
2632 4585 2766 4655 πρὸς
2798 4586 2895 4656 τὴν
2922 4582 3180 4653 διαφορὰν
3212 4582 3303 4635 τοῦ
3336 4583 3566 4653 πλήθους
3592 4582 3697 4635 τῶν
3730 4584 3964 4637 διδασκο-

2406 4679 2598 4748 μένων,
2624 4677 3029 4747 πληθυνομένην
3060 4676 3239 4745 έχουσι
3271 4675 3366 4744 τὴν
3399 4676 3617 4746 ἀρετήν.
3641 4676 3812 4729 Τοῦτο
3839 4677 3963 4729 θεω-

2402 4769 2591 4840 ρητέον
2637 4768 2730 4821 καὶ
2770 4769 2861 4821 ἐπὶ
2903 4768 3010 4820 τῶν
3056 4766 3356 4837 ἀσωμάτων
3402 4766 3606 4831 τάξεων
3646 4784 3660 4796 ·
3718 4769 3861 4838 ἅπερ

2400 4860 2568 4913 ταῦτα
2612 4860 2719 4913 ἴδιά
2758 4862 2862 4911 εἰσι
2905 4858 2998 4911 τοῦ
3043 4856 3177 4910 Θεοῦ
3210 4874 3225 4889 ·
3268 4858 3361 4911 καὶ
3387 4858 3573 4930 ὥσπερ
3602 4860 3666 4911 ὲκ
3699 4860 3963 4930 κρατῆρος

2404 4952 2848 5025 ὑπερδλύζοντος,
2894 4952 2962 5005 τὰ
3010 4951 3109 5021 μὲν
3152 4952 3513 5021 πλησιάζοντα
3562 4951 3729 5022 σκεύη
3779 4953 3962 5022 πρῶτα

2403 5044 2754 5115 πληροῦνται,
2796 5035 2916 5096 εἶτα
2953 5044 3045 5095 καὶ
3094 5042 3234 5096 αὐτὰ
3276 5042 3675 5113 ὑπερϐλύζοντα
3707 5044 3961 5113 διαχεῖται

2402 5138 2481 5200 εἰς
2512 5138 2671 5207 ἕτερα
2702 5135 2890 5206 σκεύη,
2923 5136 3016 5188 καὶ
3048 5136 3182 5205 πρὸς
3208 5136 3268 5187 τὸ
3299 5134 3498 5204 πλῆθος
3530 5134 3638 5186 τῶν
3666 5135 3958 5205 δεχομένων

2402 5230 2496 5281 καὶ
2551 5228 2648 5299 τὴν
2698 5227 2958 5297 διαφορὰν
3014 5227 3321 5298 μερίζονται
3381 5228 3475 5279 καὶ
3531 5226 3853 5297 πληθύονται
3897 5226 3959 5278 τὰ

2405 5320 2699 5391 ὲκχεόμενα
2719 5335 2731 5347 ’
2766 5319 2905 5371 οὕτω
2936 5320 3220 5390 παχυτέρῳ
3263 5317 3403 5388 λόγῳ
3443 5318 3541 5387 τὴν
3573 5317 3827 5385 ἀφθονίαν
3871 5316 3957 5385 τῆς

2410 5412 2742 5482 μεταδόσεως
2784 5411 2891 5465 τῶν
2934 5410 3090 5463 θείων
3134 5410 3349 5483 δωρεῶν
3397 5411 3755 5482 μεριζομένην
3800 5412 3874 5472 εἰς
3902 5411 3954 5462 ἆ-

2406 5522 2615 5568 παντας
2644 5504 2733 5558 διὰ
2761 5504 2869 5557 τῶν
2902 5502 3130 5575 πρώτων
3161 5502 3466 5573 διακόσμων
3510 5503 3746 5573 νοητέον,
3792 5502 3893 5554 Καὶ
3930 5502 3955 5550 ό

2420 5598 2733 5661 ’Λπόστολος
2763 5596 2834 5666 γὰ
2844 5615 2875 5669 ρ
2903 5596 3093 5659 σκεῦος
3126 5596 3352 5669 ἐκλογῆς
3382 5594 3690 5666 ὠνομάσθη.
3726 5596 3950 5666 Σημειω-
