4156 6312
743 404 847 461 979

1901 407 1959 464 S.
1996 405 2286 464 DlONYSlI
2319 402 2778 462 ΑΒΕΟΡΑΟΙΤᾹΞ

3877 399 3976 462 980

744 522 872 590 quid
911 530 993 576 est
1028 539 1092 578 cx
1135 525 1409 592 pluribus,
1447 527 1541 583 sed
1575 527 1716 596 quod
1757 535 1881 581 ante
1911 540 2077 580 omne
2129 542 2292 580 unum

2400 525 2507 598 γάρ
2535 529 2651 580 ἐστι
2681 523 2883 602 πλῆθος
2911 521 3174 595 ἀμέταχόν
3205 539 3280 594 πη
3307 521 3399 576 τοῦ
3432 522 3582 589 ἑνὸς,
3611 517 3749 576 ἀλλά
3781 520 3843 574 τὸ
3881 520 3972 592 μὲν

743 609 1066 684 omnemque
1106 615 1533 682 multitudinem,
1588 621 1749 673 Otnne
1805 633 1969 672 unum
2010 614 2307 680 multitudi-

743 717 975 775 nemque
1020 709 1207 762 detlnit
1252 711 1272 766 ἐ
1328 696 1502 780 neque
1547 712 1689 765 enim
1717 724 1971 781 unquam
2023 711 2307 766 multitudo

742 808 940 863 expers
970 793 1052 852 εει
1085 796 1274 864 unius,~
1301 802 1394 856 sed
1422 816 1483 857 ea
1518 818 1638 871 qua:
1671 798 1813 857 sunt
1835 803 1997 856 multa
2038 803 2304 873 partibus,

745 877 867 942 sunt
895 889 1028 959 quid
1066 907 1231 945 unum
1270 901 1417 958 toto;
1454 904 1508 948 et
1543 908 1666 969 quia:
1696 903 1820 948 sunt
1858 893 2021 949 multa
2059 895 2307 949 acciden-

745 969 904 1044 tibus,
930 978 1093 1052 528
1124 993 1248 1038 sunt
1283 980 1412 1054 quid
1447 1001 1609 1039 unum
1647 987 1913 1056 subjecto;
1946 994 1998 1040 et
2025 970 2159 1054 qme
2180 994 2305 1040 sunt

744 1069 905 1123 multa
947 1081 1172 1128 nurnero
1211 1074 1291 1128 vel
1327 1070 1634 1138 virtutibus,
1665 1084 1790 1128 sunt
1821 1074 1949 1146 quid
1985 1087 2148 1126 unum
2187 1079 2305 1138 spe-

742 1160 859 1225 cie;
890 1168 943 1216 et
973 1177 1094 1234 qua:
1125 1174 1250 1218 sunt
1279 1149 1445 1219 multa
1478 1167 1777 1237 speciebus,
1814 1174 1944 1219 sunt
1974 1163 2107 1235 quid
2137 1163 2300 1216 unum

739 1259 973 1321 genere;
1017 1266 1071 1309 et
1123 1272 1242 1327 quae
1282 1252 1412 1313 Sunt
1463 1259 1625 1312 multa
1672 1258 2131 1327 processionibus,
2176 1265 2303 1312 sunt

740 1345 869 1413 quid
907 1361 1069 1401 unum
1110 1350 1407 1419 principio;
1449 1367 1620 1421 neque
1658 1352 1946 1421 quidquam
1987 1358 2074 1405 εει
2113 1349 2165 1404 in
2211 1366 2300 1404 re-

741 1453 859 1490 rum
913 1451 1126 1507 natura,
1182 1445 1323 1511 quod
1362 1462 1464 1498 non
1504 1449 1794 1498 secundum
1835 1442 2036 1513 aliquid
2073 1444 2295 1514 partici-

739 1540 827 1595 μοι
867 1547 1029 1609 unum
1071 1535 1122 1588 in
1167 1536 1279 1602 illo,
1320 1539 1459 1607 quod
1501 1553 1594 1607 per
1629 1537 1808 1591 omnia
1843 1538 2058 1592 unicum
2097 1546 2206 1600 est,
2240 1547 2295 1590 et

736 1622 955 1687 omnia,
993 1625 1153 1679 etiam
1180 1668 1195 1692 ,
1241 1638 1348 1682 tota
1403 1630 1651 1684 universa
1707 1639 1761 1683 et
1814 1630 2094 1698 opposita,
2134 1630 2292 1684 unice

2417 616 2583 672 πολλά
2622 621 2736 680 τοῖς
2782 617 3002 688 μέρεσιν
3040 616 3098 669 ἓν
3136 616 3213 687 τῷ
3255 617 3360 687 ὅλῳ
3383 633 3395 646 ·
3443 617 3534 669 καὶ
3574 615 3638 669 τὸ
3669 608 3840 668 πολλὰ
3869 616 3974 677 τοῖς

2415 709 2816 781 συμϐεϐηκόσιν
2861 707 2920 762 ἓν
2958 707 3036 779 τῷ
3075 705 3413 779 ὖποκειμένῳ
3437 724 3450 738 ·
3481 699 3576 761 καὶ
3603 707 3664 760 τὸ
3697 701 3874 759 πολλᾶ

2412 801 2628 872 ἀριθμῷ
2666 801 2698 872 ἢ
2742 804 2861 864 ταῖς
2891 801 3179 872 δυνάμεσιν
3208 800 3265 854 ἓν
3291 799 3368 872 τῷ
3395 799 3524 853 εῖδει
3546 817 3559 829 ·
3587 799 3679 852 καὶ
3707 798 3770 851 τὸ
3807 796 3972 850 πολλά

2412 895 2523 956 τοῖς
2562 891 2756 944 εἴδεσιν
2802 892 2859 945 ἓν
2888 891 2971 962 ’τῷ
3011 886 3154 968 γένει
3176 909 3189 922 ⁸
3242 893 3342 946 καῖ
3372 891 3434 943 τὸ
3474 890 3642 943 πολλὰ
3667 892 3789 952 ταῖς
3809 887 3966 959 3:906-

2410 984 2522 1048 δοις
2557 984 2613 1037 ἓν
2767 984 2943 1055 ἀρχῇ·
2993 985 3085 1037 καὶ
3121 983 3269 1037 οὐδέν
3317 984 3429 1035 ἐστι
3467 983 3572 1035 τῶν
3609 980 3797 1043 ὄντων,
3823 980 3854 1032 ὃ
3903 980 3972 1049 μὴ

2411 1077 2624 1148 μετέχει
2655 1095 2729 1148 πη
2759 1067 2850 1130 τοῧ
2882 1076 2998 1140 ἑνὸς
3026 1075 3119 1130 τοῦ
3148 1077 3204 1129 ὲν
3233 1073 3311 1147 τῷ
3337 1059 3481 1128 κατά
3508 1074 3681 1128 πάντα
3724 1071 3891 1142 ὲνικῷ
3908 1072 3971 1134 ⁸⁸,

2408 1168 2584 1222 πάντα
2606 1169 2699 1222 καὶ
2719 1169 2814 1222 ὅλα
2840 1169 3035 1235 πάντα,
3059 1170 3152 1222 καὶ
3177 1168 3243 1221 τά
3269 1167 3610 1238 ἀντικείμενα
3640 1167 3736 1219 καὶ
3762 1164 3972 1226 ὲνιαίως

2407 1259 2791 1333 προαληφότος
2809 1261 2872 1314 ⁸⁷.
2918 1261 3027 1314 Καὶ
3066 1261 3190 1314 ἄνευ
3242 1261 3409 1330 μὲνυ
3427 1263 3521 1319 τοῦ
3544 1260 3661 1326 ἐνὸς
3693 1257 3795 1310 οὐκ
3822 1255 3971 1309 ἔσται

2407 1353 2626 1423 πλῆθος,
2660 1352 2787 1406 ἄνευ
2815 1352 2870 1405 δὲ
2897 1352 2990 1405 τοῦ
3019 1352 3252 1423 πλήθους
3279 1351 3426 1404 ἔσται
3453 1351 3513 1403 τὺ
3542 1351 3618 1413 ἓν,
3647 1350 3723 1412 ὡς
3754 1349 3847 1401 καὶ
3881 1364 3972 1417 μο-

2408 1443 2503 1506 νάς
2531 1444 2636 1515 πρὸ
2663 1444 2863 1508 παντὸς
2889 1442 3122 1515 ἀριθμοῦ
3151 1442 3595 1512 πεπληθυσμένου
3619 1458 3632 1471 ·
3665 1442 3762 1494 καὶ
3791 1441 3838 1493 εί
3870 1440 3970 1501 πᾶ-

2409 1553 2461 1589 σι
2488 1538 2555 1590 τὰ
2584 1537 2758 1591 πάντα
2782 1536 3032 1608 ἡνωμένα
3059 1554 3142 1602 τις
3162 1535 3409 1590 ὑπόθοιτο
3429 1535 3493 1602 δ’,
3521 1533 3589 1588 τὰ
3617 1533 3797 1586 πάντα
3823 1531 3972 1586 ἔστα.

2408 1629 2485 1700 τῷ
2514 1630 2618 1701 ὅλῳ
2645 1630 2727 1684 ἓν.

739 1716 1069 1785 anticipavit.
1110 1719 1188 1774 At;
1253 1723 1370 1777 sine
1423 1736 1529 1775 uno
1581 1721 1797 1790 quidem
1838 1736 1941 1775 non
1993 1721 2098 1775 erit
2171 1721 2477 1781 multitudo.
2516 1724 2612 1776 sed
2651 1721 2768 1780 sine
2804 1720 3148 1777 multitudine
3186 1717 3289 1776 erit
3329 1735 3528 1784 unum,
3563 1719 3704 1773 sicut
3743 1726 3798 1770 et
3852 1716 3971 1769 uni-

740 1819 820 1864 tas
873 1821 998 1866 ante
1052 1827 1266 1872 omnem
1319 1832 1602 1872 numerum
1660 1816 2110 1887 multiplicatum;
2164 1827 2218 1871 et
2271 1817 2316 1872 si
2361 1819 2483 1886 quis
2531 1817 2782 1872 omnibus
2829 1816 3014 1870 omnia
3059 1829 3180 1885 quae
3235 1815 3380 1869 unita
3442 1825 3564 1870 sunt
3605 1811 3972 1883 suppusuerit,

735 1903 916 1958 omnia
953 1916 1112 1963 erunt
1151 1910 1202 1962 in
1239 1918 1351 1964 toto
1387 1909 1516 1979 quid
1558 1925 1745 1964 unum.

2273 2043 2301 2120 ς
2347 2040 2453 2104 ιιι.

805 2187 942 2243 Illud
976 2200 1237 2259 praeterea
1275 2189 1578 2255 sciendum,
1614 2199 1676 2243 ut
1712 2186 2010 2244 secundum
2049 2187 2307 2240 uniuscu—
2337 2195 2381 2249 Β

731 2282 926 2350 jusque
981 2281 1214 2350 speciem
1273 2291 1694 2350 praeconceptam
1749 2279 1890 2334 uniri
1947 2279 2196 2334 dicantur
2238 2291 2302 2332 ea

734 2388 854 2442 qua:
907 2373 1053 2426 unita
1112 2381 1262 2438 sunt,
1302 2374 1478 2443 sitque
1522 2390 1684 2427 unum
1723 2375 1962 2428 omnium
1999 2371 2152 2443 quasi
2193 2370 2297 2424 ele-

735 2476 974 2519 mentum
999 2482 1012 2530 ;
1040 2453 1103 2520 ~et
1139 2466 1185 2520 si
1226 2466 1508 2520 sustuleris
1550 2467 1832 2529 unitatem.
1893 2481 2064 2535 neque
2122 2467 2305 2519 totali-

737 2563 841 2621 tas,
880 2569 1055 2623 neque
1089 2556 1376 2625 particula,
1419 2571 1592 2626 neque
1626 2557 1772 2610 aliud
1808 2556 2083 2625 quidpiam
2126 2557 2177 2610 in
2219 2571 2303 2610 re-

733 2647 836 2701 bus
871 2647 1012 2712 erit;
1047 2649 1226 2702 omnia
1261 2649 1405 2704 enim
1444 2653 1495 2702 in
1533 2664 1592 2704 se
1631 2665 1796 2702 unum
1837 2648 2178 2702 nnil'ormiter
2213 2664 2302 2700 an-

738 2740 964 2807 ticipant
1020 2753 1074 2795 et
1135 2741 1587 2810 complectuntur.
1660 2741 1773 2796 Hac
1841 2743 2022 2812 itaque
2096 2741 2301 2794 ratione

735 2830 1016 2899 Scriptura
1072 2841 1239 2888 totum
1303 2834 1508 2899 Deum,
1567 2846 1821 2904 tanquam
1877 2834 2116 2887 omnium
2170 2847 2301 2887 cau-

735 2938 872 2988 sam,
925 2925 1024 2979 sub
1080 2926 1236 2980 unius
1291 2926 1648 2995 appellatione
1701 2927 1923 2992 laudat;
1981 2939 2144 2996 atque
2199 2926 2300 2979 hoc

735 3017 895 3071 modo
952 3033 1088 3071 unus
1143 3027 1224 3074 est
1279 3020 1417 3074 Deus
1453 3031 1508 3076 et
1551 3020 1730 3082 Pater,
1769 3033 1824 3074 et
1863 3034 2001 3074 unus
2043 3019 2301 3073 Dominus

734 3106 890 3162 Jesus
927 3109 1209 3176 Christus,
1247 3119 1408 3181 atque
1445 3127 1582 3166 unus
1620 3112 1871 3182 idemque
1907 3109 2164 3178 Spiritus,
2203 3123 2300 3176 per

736 3216 1065 3272 supraquam
1107 3206 1468 3260 abundantem
1513 3207 1679 3260 totius
1714 3205 1912 3261 divina
1950 3203 2175 3257 unitatis
2213 3203 2298 3279 in-

735 3298 1183 3364 divisibilitatem,
1225 3301 1276 3354 in
1316 3314 1418 3368 qua
1457 3300 1636 3354 omnia
1692 3299 1850 3354 unice
1902 3307 2029 3353 sunt
2074 3297 2297 3366 conjun-

737 3392 818 3442 cta
844 3429 860 3451 ,
897 3400 954 3444 et
1007 3405 1334 3462 supraquam
1383 3393 1553 3454 unita,
1601 3401 1652 3445 et
1691 3391 2295 3461 praeexistentiat-supra

726 3481 1128 3536 substantiam.
1169 3482 1507 3552 Quapropter
1555 3483 1718 3538 etiam
1775 3483 1841 3536 ad
1899 3483 2068 3550 ipsam
2111 3481 2293 3537 omnia

731 3574 855 3642 3am
893 3576 1093 3631 merito
1127 3576 1454 3655 referuntur,
1493 3577 1655 3645 eique
1689 3575 2077 3640 attribuuntur,
2102 3589 2130 3628 a
2168 3588 2294 3642 qua,

731 3677 792 3721 et
829 3681 891 3720 ex
929 3683 1068 3736 qua,-
1101 3678 1158 3722 et
1193 3683 1288 3734 per
1322 3682 1514 3735 quam,
1556 3676 1611 3720 et
1649 3667 1701 3721 in
1740 3682 1844 3736 qua
1868 3706 1882 3730 ,
1919 3679 1973 3721 et
2009 3667 2076 3720 ad
2130 3681 2293 3735 quam

735 3759 917 3812 omnia
959 3769 1103 3822 sunt,
1139 3769 1197 3813 et
1233 3768 1646 3828 componuntur,
1686 3767 1740 3812 et
1779 3769 2019 3819 manent,
2060 3768 2116 3812 et
2167 3774 2297 3810 cun-

737 3854 1001 3916 tinentur,
1041 3861 1096 3906 et
1147 3852 1505 3920 complentur,
1544 3861 1596 3906 ct
1635 3861 2029 3905 convertuntur
2069 3868 2082 3903 :
2123 3865 2296 3919 neque

736 3946 1035 4016 quidquam
1069 3947 1306 4012 reperies
1340 3959 1526 3998 eorum
1567 3959 1685 4013 quae
1723 3952 1869 4007 sunt,
1907 3943 2049 4013 quod
2085 3959 2188 3999 non
2227 3959 2296 3998 ex

738 4052 844 4090 uno
882 4035 992 4096 illo.
1021 4036 1324 4090 secundum
1365 4035 1505 4103 quod
1544 4036 1720 4091 omnis
1758 4036 2018 4089 divinitas
2048 4049 2297 4103 supraes-

735 4131 1040 4188 sentialiter
1077 4128 1405 4197 nominatur,
1445 4140 1499 4186 et
1537 4130 1607 4184 sit
1647 4131 1698 4183 id
1737 4132 1879 4199 quod
1915 4139 2020 4194 est,
2065 4140 2118 4184 et
2170 4145 2294 4199 per-

734 4221 948 4277 ﬁciatur
1002 4237 1065 4275 ac
1120 4231 1489 4278 conservetur.
1527 4220 1753 4288 Oportet
1789 4223 1970 4289 itaque
2009 4233 2065 4274 et
2101 4237 2220 4285 nos,
2263 4235 2290 4271 a

736 4315 919 4368 multis
957 4315 1022 4366 ad
1065 4330 1225 4367 unum
1268 4313 1463 4367 virtute
1501 4311 1696 4368 divina:
1727 4313 1946 4366 unitatis
1977 4327 2289 4374 conversos,

735 4404 1082 4471 singulariter
1135 4403 1356 4457 laudare
1413 4413 1578 4456 totam
1636 4412 1689 4456 et
1731 4418 1889 4454 uuam
1930 4402 2287 4467 divinitatem,

739 4512 924 4556 unum,
963 4496 1105 4563 quod
1143 4504 1227 4549 est
1262 4495 1501 4550 omnium
1542 4509 1727 4560 causa,
1769 4505 1896 4549 ante
1930 4509 2086 4550 omne
2125 4510 2289 4546 unum

736 4597 790 4640 ct
842 4587 1261 4661 multitudinem,
1317 4597 1373 4642 et
1425 4597 1632 4656 partem
1671 4597 1722 4640 et
1761 4594 1951 4649 totum,
1994 4586 2288 4641 linitionem

736 4688 790 4732 et
827 4678 1207 4743 inilnitiunem,
1251 4681 1408 4733 linem
1448 4689 1502 4734 et
1541 4679 1900 4744 inﬁnitatem,
1939 4681 2117 4734 omnia
2173 4695 2291 4748 qua:

736 4780 862 4826 sunt
900 4783 952 4825 et
989 4772 1164 4840 ipsum
1201 4785 1320 4824 esse
1355 4772 1713 4836 determinat;
1753 4783 1807 4826 et
1842 4773 2082 4825 omnium
2119 4783 2174 4826 et
2210 4782 2287 4826 to-

2482 2181 2688 2245 ’Ἄλλως
2718 2199 2776 2236 τε
2805 2183 2898 2236 καὶ
2928 2181 3084 2235 τοῦτο
3113 2180 3306 2248 ίστέον,
3332 2182 3414 2235 ὅτι
3446 2192 3584 2236 κατα
3609 2183 3672 2236 τὸ
3698 2184 3816 2247 ἑνὸς
3845 2185 3970 2239 ἑκάο

2404 2292 2528 2329 στου
2559 2275 3042 2347 προεπινοούμενον
3068 2270 3206 2339 εἶδος
3243 2273 3478 2345 ἡνῶσθαι
3503 2274 3728 2346 λέγεται,
3745 2276 3812 2328 τὰ
3833 2279 3968 2347 ἡνω-

2405 2367 2560 2438 μένα,
2612 2367 2703 2420 καὶ
2745 2367 2959 2420 πάντων
2999 2368 3114 2420 ἐστὶ
3149 2367 3209 2419 τὸ
3255 2366 3311 2419 ἓν
3341 2369 3736 2436 στοιχειωτικόν
3759 2386 3772 2398 ·
3805 2370 3898 2422 καὶ
3925 2371 3972 2421 si

2402 2461 2595 2532 ἀνέλῃς
2615 2461 2660 2492 ⁸ο
2697 2460 2757 2513 τὸ
2785 2461 2863 2523 ἒν,
2893 2460 3016 2514 οὔτε
3043 2461 3259 2530 ὁλότης,
3302 2459 3424 2513 οὔτε
3461 2460 3665 2530 μόριον,
3692 2459 3814 2513 οὔτε
3849 2460 3978 2516 ἄλλο

2400 2553 2548 2606 οὐδὲν
2581 2553 2688 2607 τῶν
2730 2553 2897 2606 ὅντων
2931 2553 3081 2609 ἔσται
3105 2569 3118 2582 ·
3155 2552 3332 2607 πάντα
3360 2551 3469 2624 γάρ
3498 2553 3554 2604 ὲν
3584 2551 3758 2622 ἑαυτῷ
3810 2553 3874 2606 τὸ
3915 2552 3973 2605 ἒς

2401 2645 2642 2709 ἑνοειδῶς
2679 2646 2972 2717 προείληφε
2996 2663 3055 2698 τε
3084 2647 3176 2699 καὶ
3206 2645 3539 2717 περιείληφε.
3571 2644 3752 2717 Ταύτῃ
3778 2645 3909 2712 γοῦν
3938 2648 3972 2716 ή

2400 2738 2644 2807 θεολογία
2671 2738 2920 2810 τὴνὸλην
2948 2724 3220 2811 θεαρχίαν,
3245 2739 3322 2802 ὡς
3350 2739 3564 2792 πάντων
3593 2730 3788 2804 αἰτίαν,
3817 2739 3985 2809 ὑμνεῖ

2398 2831 2464 2900 τῇ
2509 2829 2602 2882 τοῦ
2649 2829 2764 2893 ἑνὸς
2805 2831 3111 2902 ἐπωνυμίᾳ,
3157 2832 3251 2886 καὶ
3296 2827 3376 2894 εἷς
3417 2831 3545 2894 Θεὸς
3572 2833 3600 2885 ὀ
3629 2833 3836 2902 Πατὴρ,
3879 2835 3970 2887 καὶ

2399 2917 2480 2985 εἷς
2521 2921 2724 2993 Κύριος
2741 2923 2785 2954 δι
2846 2923 3048 2995 Ἰησοῦς
3087 2923 3338 2995 Χριστὸς,
3380 2925 3471 2976 καὶ
3508 2924 3565 2976 ἒν
3608 2926 3700 2977 καὶ
3739 2926 3799 2978 τὸ
3839 2925 3971 2981 αὐτὸ

2399 3013 2644 3085 Πνεῦμα,
2690 3014 2778 3068 διὰ
2819 3014 2918 3086 τὴν
2959 3015 3397 3090 ὑπερϐάλλουσαν
3426 3017 3525 3086 τῆς
3555 3016 3683 3086 ὅλης
3706 3018 3751 3048 ⁵¹
3785 3016 3971 3088 θεῖκῆς

2400 3106 2956 3179 ἑνότητοςοάμέρειαν,
2985 3107 3043 3159 ἐν
3148 3091 3323 3160 πάντα
3352 3107 3543 3170 ἑνικῶς
3567 3108 3849 3179 συνῆκται,
3875 3112 3969 3163 καὶ

2399 3197 2760 3269 ὑπερήνωτοιι,
2825 3199 2916 3254 καὶ
2977 3200 3265 3270 πρόσεστιν
3300 3188 3671 3270 ὑπερουσίως.
3741 3200 3832 3251 Διὸ
3875 3202 3970 3253 καὶ

2399 3289 2576 3342 πάντα
2603 3291 2688 3342 ἐπ’
2717 3290 2892 3361 αὐτὴν
2915 3290 3135 3354 ἐνδίκως
3155 3291 3200 3323 ⁸³
3231 3292 3612 3362 ἀναπέμπεται
3647 3294 3742 3345 καὶ¹
3781 3294 3968 3346 ἀνατί-

2398 3379 2568 3444 θεται,
2601 3382 2687 3450 ὑφ’
2718 3377 2804 3453 ἧς,
2837 3384 2928 3439 καὶ
2958 3383 3016 3435 ὲν
3048 3377 3104 3455 ᾖ,
3135 3384 3229 3435 καὶ
3274 3386 3352 3446 εἰς
3387 3383 3452 3455 ἢν
3491 3383 3665 3437 πάντα
3704 3385 3840 3449 ἐστὶ,
3873 3387 3968 3438 καὶ

2400 3473 2770 3536 συντέτακται,
2802 3476 2895 3527 καὶ
2927 3476 3095 3545 μένει,
3130 3475 3222 3530 καὶ
3250 3475 3566 3545 συνέχεται,
3599 3479 3693 3530 καὶ
3721 3477 3966 3547 ἀποπλη-

2400 3564 2586 3634 ροῧται
2619 3567 2711 3618 καὶ
2743 3567 3164 3636 ἐπιστρέφεται·
3198 3568 3290 3625 καὶ
3317 3569 3414 3620 οὐκ
3446 3568 3509 3620 ἂν
3550 3568 3732 3639 εὕροις
3769 3587 3820 3622 τι
3859 3569 3966 3621 τῶν

2397 3654 2584 3727 ὄντων,
2617 3657 2644 3709 δ
2679 3657 2859 3728 μὴτῷ
2897 3660 2976 3711 ἑνὶ
3021 3659 3140 3712 καθ’
3182 3659 3210 3711 ὃ
3251 3660 3394 3712 πᾶσα
3434 3662 3466 3730 ἡ
3510 3659 3697 3730 θεότης
3738 3663 3965 3731 ὑπερου-

2401 3747 2527 3811 σίως
2567 3749 2907 3820 ὀνομάζεται,
2955 3753 3046 3804 καὶ
3089 3751 3199 3804 ἐστι
3243 3750 3387 3805 τοῦθ’
3415 3753 3550 3822 ὅπερ
3580 3755 3715 3814 ἐστὶ,
3751 3755 3841 3806 καὶ
3871 3768 3962 3805 τε·

2396 3839 2649 3904 λειοῦται,
2674 3841 2767 3893 καὶ
2791 3841 3127 3905 διασώζεται.
3152 3843 3258 3896 Καὶ
3285 3844 3389 3914 χρὴ
3420 3843 3512 3896 καὶ
3537 3846 3703 3914 ἡμᾶς,
3733 3845 3838 3897 ἀπὸ
3855 3845 3963 3897 τῶν

2396 3929 2602 3982 πολλῶν
2649 3932 2740 3985 ἐπὶ
2781 3933 2841 3985 τὸ
2888 3932 2943 3986 ἒν
2988 3936 3053 4004 τῇ
3091 3934 3315 4004 δυνάμει
3353 3935 3451 4005 τῆς
3489 3935 3674 4006 Θεῖκῆς
3716 3937 3964 4005 ἑνότητος

2394 4023 2904 4093 ἐπιστρεφομένους,
2941 4026 3153 4088 ἑνιαίως
3183 4029 3365 4096 ὑμνεῖν
3395 4027 3493 4098 τὴν
3521 4027 3646 4097 ὃλην
3699 4029 3793 4080 καὶ
3835 4029 3964 4098 μίαν

2394 4113 2650 4186 Θεότητα,
2679 4120 2738 4168 τὸ
2775 4116 2990 4170 πάντων
3031 4117 3198 4170 αἴτιον
3238 4117 3314 4180 ἓν,
3358 4119 3418 4171 τὸ
3466 4120 3569 4190 πρὸ
3607 4120 3807 4182 παντὸς
3847 4121 3963 4185 ἐνὸς

2395 4218 2487 4270 καὶ
2527 4217 2756 4289 πλήθους
2777 4219 2843 4284 ⁵⁵,
2897 4220 2987 4271 καὶ
3029 4221 3226 4290 μέρους
3264 4221 3354 4273 καὶ
3394 4221 3534 4282 ὅλου,
3579 4223 3671 4274 καὶ
3705 4222 3830 4292 ὅρου
3868 4223 3961 4274 καὶ

2395 4311 2687 4381 ἀοριστίας,
2730 4313 2822 4364 καὶ
2862 4312 3091 4383 πέρατος
3129 4314 3220 4365 καὶ
3265 4314 3534 4385 ἀπειρίας,
3577 4314 3636 4366 τὸ
3683 4316 3859 4367 πάντα
3893 4314 3960 4366 τὰ

2393 4402 2520 4454 ὄντα
2550 4403 2641 4455 καὶ
2674 4403 2802 4454 αὐτὸ
2833 4403 2890 4456 τὸ
2923 4400 3059 4454 εἶναι
3102 4400 3300 4473 ὁρίζον,
3331 4404 3424 4456 καὶ
3458 4405 3670 4457 πάντων
3704 4406 3797 4457 καὶ
3825 4405 3958 4458 ὅλων

2396 4494 2609 4547 πάντων
2629 4496 2695 4557 ⁵⁵,
2731 4495 2822 4547 καὶ
2854 4493 2968 4563 ἅμα
3001 4494 3094 4546 καὶ
3128 4493 3232 4564 πρὸ
3265 4494 3496 4556 πάντων,
3528 4495 3622 4548 καὶ
3655 4496 3796 4565 ὑπὲρ
3828 4497 3959 4548 πὰν-

2391 4602 2479 4650 τε,
2513 4588 2604 4638 καὶ
2649 4585 2839 4648 ἑνικῶς
2871 4584 3062 4651 αἴτιον,
3098 4587 3190 4638 καὶ
3222 4586 3361 4657 ὑπὲρ
3391 4587 3518 4638 αὐτὸ
3547 4587 3607 4639 τὸ
3639 4587 3696 4638 ἓν
3739 4588 3818 4651 ὃν,
3866 4591 3958 4642 καὶ

2393 4678 2521 4730 αὐτὸ
2563 4679 2623 4731 τὸ
2667 4679 2723 4731 ἒν
2761 4678 2817 4732 ὃν
2858 4680 3054 4749 ὁρίζον,
3100 4680 3330 4750 ἐπείπερ
3368 4682 3428 4734 τὸ
3472 4680 3529 4733 ὃν
3562 4683 3636 4746 ἒν,
3668 4683 3728 4735 τὸ
3760 4684 3817 4734 ἐν
3849 4687 3956 4745 τοῖς

2391 4766 2558 4833 οὖσιν,
2593 4770 2893 4842 ἐνάριθμόν-
2925 4773 3086 4823 ἐστιν·
3136 4771 3362 4842 ἀριθμὸς
3407 4772 3462 4824 δὲ
3508 4773 3691 4836 οὐσίας
3720 4775 3950 4844 μετέχει.

740 4875 914 4919 torum
964 4865 1236 4926 omnium,
1294 4873 1347 4918 et
1400 4865 1556 4918 simul
1609 4879 1736 4921 ante
1785 4868 1965 4920 omnia
2018 4875 2071 4920 et
2121 4882 2281 4937 supra

2400 4865 2460 4916 Γὸ
2490 4864 2545 4916 δὲ
2580 4863 2895 4934 ὑπερούσιον
2936 4863 3012 4927 ἓν,
3043 4863 3137 4915 καὶ
3174 4865 3234 4917 τὸ
3274 4865 3330 4917 ὃν
3364 4865 3441 4929 ἓν,
3476 4865 3568 4918 καὶ
3601 4865 3774 4919 πάντα
3807 4868 3954 4937 ἀριθ-

736 4958 914 5013 omnia
953 4949 1114 5010 etiam
1155 4959 1310 5011 unice
1346 4971 1598 5023 causam,
1635 4967 1688 5012 et
1723 4959 1862 5028 quod
1901 4973 2059 5026 supra
2117 4960 2287 5028 ipsum

739 5067 935 5112 unum,
974 5061 1056 5104 est
1093 5051 1142 5104 id
1181 5050 1321 5120 quod
1364 5058 1446 5105 est
1495 5058 1548 5103 et
1588 5052 1756 5117 ipsum
1816 5066 1976 5104 unum
2033 5053 2290 5106 determi-

2395 4955 2491 5027 μὸν
2535 4955 2726 5026 ὁρίζει,
2769 4958 2860 5008 καὶ
2902 4956 3030 5008 αὐτό
3072 4957 3205 5020 ἐστι,
3245 4958 3340 5010 καὶ
3383 4959 3519 5023 ἐνὸς,
3567 4959 3658 5010 καὶ
3698 4958 3949 5028 ἀριθμοῦ,

2390 5055 2483 5105 καὶ
2519 5054 2900 5116 παντδςβντος
2941 5055 3080 5132 ἀρχὴ
3121 5056 3214 5108 καὶ
3257 5056 3421 5120 αίτία,
3471 5059 3562 5110 καὶ
3600 5057 3828 5129 ἀριθμὸς
3859 5062 3950 5112 καὶ

736 5157 854 5208 nat,
891 5145 1151 5210 siquidem
1190 5144 1330 5214 quod
1367 5154 1450 5198 est
1488 5161 1673 5208 unum,
1716 5144 1876 5214 529
1913 5145 1976 5199 iis
2011 5161 2128 5214 qua:
2163 5158 2291 5200 sunt

2400 5143 2555 5209 τάξις.
2587 5147 2676 5201 Διὸ
2711 5149 2803 5201 καὶ
2847 5148 3009 5218 μονὰς
3051 5150 3380 5220 ὑμνουμένη,
3427 5151 3520 5203 καὶ
3549 5150 3765 5222 τριάςή
3813 5153 3949 5222 ὑπὲρ

738 5246 1159 5300 annumeratur;
1218 5252 1473 5292 numerus
1523 5237 1664 5290 enim
1723 5239 1993 5306 particeps
2039 5240 2287 5293 essentne

2400 5238 2562 5291 πάντα
2590 5238 2807 5310 Θεότης,
2842 5241 2940 5293 οὐκ
2970 5240 3114 5293 ἔστιν
3141 5241 3261 5293 οὐδὲ
3279 5243 3324 5272 ⁵⁸
3366 5241 3548 5312 μονὰς,
3589 5242 3706 5294 οὐδὲ
3734 5243 3886 5313 τριὰς
3916 5246 3947 5314 ἡ

733 5338 838 5384 est.
877 5326 1028 5392 Quod
1069 5337 1249 5380 autem
1287 5337 1370 5382 est
1408 5343 1570 5381 unum
1609 5344 1766 5395 supra
1803 5329 2194 5394 substantiam,
2234 5338 2288 5383 ct

2388 5330 2524 5399 πρὸς
2547 5333 2578 5402 ἡ
2588 5331 2722 5401 μῶν,
2752 5332 2784 5384 ἦ
2815 5332 2971 5385 ἄλλου
2999 5333 3140 5395 τινὸς
3169 5333 3278 5386 τῶν
3306 5333 3470 5386 ὄντων
3491 5334 3532 5365 ⁵⁷
3559 5333 3945 5405 διεγνωσμὲνη,

2020 5529 2104 5591 VA
2117 5530 2251 5584 ΙίΙίΕ
2300 5529 2698 5584 LECTIONES.

804 5716 865 5786 ‘°_
881 5715 1019 5768 κατά
1052 5717 1157 5768 πᾶν
1189 5715 1386 5779 ἑνικοῦ,
1423 5715 1476 5768 Ρ.
1508 5780 1527 5786 _
1553 5716 1596 5745 ⁸⁷
1630 5714 2130 5786 προσυνείϊηερότος,
2170 5714 2227 5771 D.

732 5786 790 5870 “\
813 5783 891 5870 εἷς
921 5787 950 5854 ὁ
981 5786 1110 5870 Θεὸς
1143 5786 1449 5870 Πατὴρικαὶ
1480 5780 1559 5848 εἷς
1589 5780 1848 5870 ὀ“Κύριος
1871 5828 1884 5844 .
2029 5788 2086 5842 Ρ.
2113 5790 2204 5870 Ml).

732 5856 983 5919 πλήθους,
1024 5855 1080 5910 D.
1186 5859 1229 5889 ³³
1265 5855 1350 5910 καὶ
1387 5857 1518 5912 ὅλων
1553 5859 1644 5912 καὶ
1678 5855 1906 5922 πέπων,
1944 5856 1983 5910 Ρ

2303 5714 2348 5746 ⁴⁸
2381 5714 2471 5765 καὶ
2500 5713 2626 5766 ἄνευ

2313 5786 2355 5818 ⁵³
2388 5786 2498 5849 τοῖς
2529 5785 2689 5849 ὅλοις,
2729 5787 2786 5838 D.

2112 5859 2154 5889 5“
2188 5857 2284 5909 οὐκ
2319 5855 2428 5908 ἔστι
2462 5855 2516 5908 δὲ
2549 5856 2687 5922 οὐδὲ,
2713 5855 2770 5910 Ρ.

2663 5715 2863 5786 μέντοι,
2889 5715 2948 5769 D.
3025 5716 3068 5748 ⁸⁸
3103 5716 3366 5780 ὑποθοῖτο,
3401 5715 3465 5770 D.
3541 5716 3586 5786 ⁵9
3610 5714 3846 5786 ἀνέλοις,
3882 5713 3944 5769 D.

2894 5787 2939 5818 ⁸³
2971 5786 3182 5849 ἑνικῶς.
3218 5789 3316 5840 Ch.
3378 5787 3437 5839 Ι).
3543 5785 3591 5816 ⁵⁸
3623 5785 3820 5849 αίῶνος
3853 5786 3946 5839 καὶ

2879 5859 2921 5891 ⁸⁷
2948 5857 3054 5910 τῶν
3085 5856 3249 5911 ὄντων
3281 5872 3384 5912 non
3420 5856 3577 5912 Itath
3603 5857 3666 5910 υ.
