4156 6312
138 283 269 342 981

1195 297 1286 353 DE
1318 298 1570 356 DIVINIS
1600 300 1995 372 NOMINIBUS,
2028 303 2181 361 CAP.
2213 304 2346 361 XIII.

3320 308 3426 364 983

140 403 309 457 ἀλλά
329 404 425 458 -ῖνα
455 407 548 459 καὶ
579 406 639 460 τὸ
668 408 1085 480 ὑπερηνωμένον
1118 412 1286 483 αὐτῆς
1314 415 1407 466 καὶ
1452 413 1513 467 τὸ
1561 413 1747 483 θεογό-

1858 419 1992 488 quod
2034 428 2117 472 est
2154 434 2322 472 unum
2351 457 2367 483 ,
2408 426 2463 472 et
2499 432 2717 473 omnem
2761 434 3042 472 numerum
3080 406 3307 484 definit,
3344 422 3429 487 ip-

143 510 263 547 νον
301 492 514 565 ἀληθῶς
556 496 883 568 ὑμνήσωμεν
902 498 982 566 ⁸⁸,
1022 502 1089 572 τῇ
1134 501 1386 574 τριαδικῇ
1428 504 1522 556 καὶ
1574 503 1751 575 ἐνιαίᾳ

145 582 483 657 οεωνυμίᾳ,
516 587 615 659 τὴν
660 588 1011 662 ὑπερώνυμον
1052 590 1419 664 ὀνομάζομεν,
1465 596 1579 658 τοῖς
1633 591 1752 649 οὖσι

141 674 270 746 τὴν
319 676 657 747 ὐπερούσιον.
694 680 931 752 υόδεμία
974 680 1032 736 δὲ
1078 682 1263 753 μονὰς,
1296 683 1533 755 ἢτριάς,
1567 684 1685 737 οὐδὲ
1706 665 1764 718 ’θ’

143 765 422 838 ἀριθμὸς,
456 767 579 822 οὕτε
607 770 815 841 ἐνότης,
846 772 879 843 ἢ
912 773 1222 845 γονιμότης,
1253 775 1373 828 οὐδέ
1406 775 1533 829 ἀλλο
1558 793 1611 829 τι
1643 775 1751 831 τῶν

144 855 344 912 ὄντων
381 861 415 931 ἡ
442 874 551 914 τινι
597 861 705 916 τῶν
749 862 918 918 ὀντων
970 867 1424 941 συνεγνωσμένων
1444 868 1520 931 ⁸⁸,
1562 865 1751 937 ἐξάγει

145 949 271 1021 τὴν
316 952 457 1024 ὑπὲρ
506 952 684 1007 πάντα
730 956 827 1009 καὶ
892 955 1046 1026 λόγον
1099 958 1193 1011 καὶ
1246 957 1369 1011 νοῦν
1418 960 1751 1032 κρυφιότητα

145 1042 272 1114 τῆς
308 1044 448 1115 ὑπὲρ
493 1045 670 1099 πάντα
710 1047 1043 1119 ὑπερουσίως
1090 1050 1397 1121 ὑπερούσης
1425 1033 1753 1124 ὅπερθεάτη..

146 1152 262 1198 τος
281 1136 361 1168 ⁸³*
393 1136 513 1189 οὐδὲ
541 1136 712 1210 ὄνομα
755 1136 925 1210 αὐτῆς
965 1142 1131 1205 ἐστιν,
1173 1140 1292 1194 οὐδὲ
1336 1142 1511 1211 λόγος,
1552 1142 1752 1197 ἀλλ’ἐν

148 1226 394 1290 ἀϐάτοις
422 1227 699 1300 ἐξῄρηται.
733 1231 843 1284 Καὶ
873 1232 1001 1286 οὑδέι
1021 1233 1153 1286 αὐτὸ
1183 1234 1244 1286 τὸ
1273 1234 1370 1305 τῆς
1398 1234 1749 1307 ἀγαθότητος,

150 1316 247 1380 ὡς
278 1315 678 1388 ἐφαρμόζοντες
708 1321 867 1392 αὐτῇ,
899 1323 1297 1395 προσφέρομεν,
1328 1324 1464 1379 ἀλλὰ
1478 1325 1626 1397 πόθῳ
1656 1325 1750 1381 τοῦ

152 1408 370 1462 ἐννοεῖν
391 1411 435 1442 ⁶²
487 1428 539 1464 τι
581 1413 676 1466 καὶ
720 1412 901 1481 λέγειν
943 1418 1069 1488 περὶ
1119 1417 1221 1491 τῆς
1256 1420 1493 1491 ἀρρήτου
1540 1418 1754 1489 φύσεως

151 1498 419 1572 ἐκείνης,
451 1500 511 1555 τὸ
538 1503 646 1556 τῶν
676 1504 956 1577 ὀνομάτων
976 1508 1021 1539 ⁸³
1062 1509 1387 1564 σεπτότατον
1424 1511 1561 1583 αὐτῇ
1605 1510 1754 1582 πρώ-

150 1609 279 1656 τως
307 1594 658 1665 ἀφιεροῦμεν·
698 1598 791 1651 καὶ
824 1602 1276 1675 συμφωνήσοιμεν
1305 1602 1370 1656 ἂν
1382 1602 1427 1635 ⁸⁵
1458 1603 1561 1657 κάν
1581 1603 1753 1676 τούτῳ

1852 523 1971 562 sum
2008 517 2092 562 est
2130 515 2188 563 et‘
2222 509 2406 574 unius,
2448 517 2503 563 et
2548 507 2782 571 numeri,
2822 517 2876 562 et
2927 507 3106 563 omnis
3152 510 3231 564 rei
3280 508 3417 578 prin.

1852 598 2051 667 cipium
2104 609 2159 653 et
2216 608 2380 654 caiisa
2411 640 2428 664 ,
2488 607 2543 655 et
2598 614 2856 654 numerus
2911 610 2966 653 et
3021 586 3174 655 ordo.
3226 599 3423 667 Quam-

1852 689 2037 745 obrem
2086 699 2142 745 et
2194 691 2377 745 unitas
2423 706 2543 761 quae
2591 682 2867 753 laudatur,
2903 699 2957 743 et
3011 690 3255 746 Trinitas
3307 706 3434 760 qua}

1852 790 1934 835 est
1971 781 2224 837 divinitas
2263 796 2425 851 supra
2470 782 2686 846 omnia,
2727 796 2831 835 non
2864 790 2947 835 est
2988 781 3204 847 unitas,
3249 796 3426 851 neque

1853 870 2091 926 Trinitas
2112 886 2141 925 a
2164 871 2320 927 nobis
2339 882 2431 927 aut
2451 870 2557 927 alio
2574 873 2830 944 quopiam
2851 887 3037 927 eorum
3058 888 3178 942 qua:
3194 885 3318 928 sunt
3336 889 3429 928 co-

1853 964 1998 1035 gnita
2016 981 2030 1029 ;
2050 964 2144 1019 sed
2165 973 2224 1018 ut
2244 966 2392 1034 quod
2416 966 2468 1020 in
2488 964 2599 1033 ipsa
2619 976 2701 1020 est
2721 970 3044 1037 supraquam
3084 962 3136 1018 in
3158 966 3322 1019 unum
3343 979 3440 1018 co-

1854 1056 2095 1126 pulatum
2116 1064 2172 1111 et
2190 1055 2574 1111 fecunditatem
2607 1053 2698 1110 Dei
2720 1070 2849 1110 vere
2886 1054 3197 1119 laudemus,
3219 1054 3429 1118 trinum

1852 1154 1909 1198 et
1928 1155 2089 1195 unum
2112 1141 2277 1197 Deum
2300 1144 2641 1198 nominamus
2664 1144 2834 1209 illum,
2860 1143 2949 1213 qui
2970 1158 3133 1212 supra
3157 1159 3316 1198 omne
3337 1160 3431 1199 no-

1853 1247 1973 1290 men
1995 1242 2101 1290 est.
2118 1235 2268 1290 Nulla
2291 1246 2469 1291 autem
2484 1226 2669 1291 unitas
2687 1238 2769 1290 vel
2795 1237 3032 1301 trinitas,
3049 1252 3220 1307 neque
3244 1252 3432 1290 nume-

1853 1342 1968 1395 rus,
1988 1343 2089 1383 nec
2111 1330 2289 1398 unitas
2310 1322 2393 1383 vel
2413 1329 2736 1394 fecunditas,
2762 1344 2859 1385 nec
2878 1329 3025 1384 aliud
3047 1328 3321 1399 quidpiam
3338 1344 3427 1383 eeo

1856 1433 1975 1472 rum
1991 1432 2111 1489 qua
2142 1416 2290 1483 sent,
2306 1427 2398 1473 aut
2418 1433 2605 1474 eorum
2631 1435 2750 1489 quae
2769 1419 2927 1475 alicui
2947 1419 3292 1474 exi‘stentium
3310 1427 3436 1474 sunt

1851 1510 2090 1581 cognita,
2114 1509 2620 1580 etplicatarcanum
2644 1506 2783 1565 illud
2823 1526 3038 1567 omnem
3074 1511 3340 1566 rationem
3377 1519 3434 1564 et

1855 1610 2089 1655 mentem
2140 1614 2404 1671 superans
2455 1600 2862 1670 superdeitatis,
2905 1599 3433 1669 superessentiaiiter

153 1686 284 1747 τοῖς
312 1678 597 1754 θεολόγοις,
629 1690 729 1760 τῆς
757 1689 814 1743 δὲ
843 1690 951 1744 τῶν
981 1694 1320 1764 πραγμάτων
1346 1694 1602 1767 ἀληθείας
1624 1696 1754 1750 ἀπο-

1858 1702 2015 1762 supra
2056 1692 2237 1747 omnia
2286 1694 2769 1761 snperexistentls;
2808 1694 2967 1763 hujus
3017 1708 3195 1762 neque
3233 1706 3432 1746 nomen

152 1773 591 1847 λειφθησόμεθα.
627 1780 719 1833 Διὸ
745 1782 839 1835 καὶ
866 1783 1020 1836 αὐτοὶ
1047 1784 1145 1855 τὴν
1174 1784 1262 1838 διὰ
1288 1785 1398 1840 τῶν
1429 1787 1754 1856 ἀποφάσεων

1858 1798 2033 1853 neque
2070 1783 2331 1839 rationem
2370 1795 2451 1842 est
2486 1784 2788 1854 assignare,
2819 1785 2912 1839 sed
2954 1784 3287 1837 inaccessum
3318 1797 3435 1836 om-

155 1865 354 1920 ἄνοδον
382 1872 863 1943 προτετιμήκασιν,
894 1874 971 1939 ὡς
997 1874 1294 1939 ἐξιστῶσαν
1321 1878 1420 1951 τὴν
1448 1878 1753 1953 ψυχὴντῶν

1858 1875 2010 1930 nibus
2049 1876 2271 1932 eminet.
2308 1871 2447 1943 Quin
2488 1891 2588 1931 nec
2627 1875 2801 1946 ipsum
2836 1875 3057 1945 quidem
3098 1886 3293 1928 nomen
3338 1872 3437 1927 bo-

155 1957 336 2030 ἑαυτῇ
373 1961 687 2044 συμφύλων,
717 1964 812 2018 καὶ
847 1964 936 2019 διά
967 1967 1157 2021 πασῶν
1186 1969 1293 2031 τῶν
1324 1969 1483 2025 θείων
1514 1974 1753 2044 νοήσεων

1858 1966 2047 2024 nitatis
2080 1967 2129 2022 ei
2170 1976 2426 2037 tanquam
2460 1977 2639 2038 aptum
2662 1969 3157 2031 accommodamus,
3180 1965 3274 2020 sed
3294 1963 3437 2019 desi-

154 2046 471 2115 ὀδεύουσαν,
496 2043 571 2105 ὧν
596 2052 855 2126 ἐξῄρηται
882 2056 953 2115 τὸ
974 2058 1114 2130 ὑπὲρ
1146 2061 1253 2112 πᾶν
1285 2056 1475 2132 ὄνομα,
1506 2063 1602 2116 καὶ
1628 2061 1754 2115 πάν-

1858 2055 2008 2110 derio
2042 2056 2245 2125 aliquid
2285 2057 2614 2128 intelligendi
2649 2069 2706 2113 et
2744 2057 2961 2113 dicendi
2998 2058 3065 2111 de
3104 2065 3296 2110 natura
3338 2054 3433 2109 illa

156 2153 239 2191 τα
269 2139 443 2208 λόγον,
476 2144 567 2197 καί⁵
597 2144 815 2212 γνῶσιν,
837 2148 922 2199 ἐπ’
954 2147 1196 2218 ἐσχάτων
1219 2149 1275 2202 δὲ
1306 2151 1413 2203 τῶν
1440 2152 1577 2213 ὅλων
1607 2152 1754 2223 αὐτῷ

1860 2158 2058 2202 arcana
2109 2159 2164 2203 et
2219 2150 2511 2216 ineffabili,
2548 2150 2691 2221 quod
2727 2160 2810 2205 est
2860 2150 3103 2205 omnium
3155 2148 3433 2203 nominum

162 2231 568 2299 συνάπτουσαν,
604 2236 725 2290 καθ’
757 2238 881 2291 ὅσον
910 2240 1004 2295 καὶ
1036 2241 1165 2311 ἡμῖν
1195 2241 1448 2314 ἐκείνῳα⁵
1484 2222 1753 2299 συνάπτεξ-

1860 2237 2098 2294 maxime
2134 2241 2445 2297 venerabile
2478 2241 2583 2311 ipsi
2622 2222 2854 2311 primum
2893 2252 3274 2295 consecramus
3315 2256 3330 2292 :
3379 2237 3432 2291 in

163 2320 297 2376 σθαι
324 2323 565 2380 δυνατόν.

1862 2346 1969 2401 quo
2023 2331 2241 2400 quidem
2296 2348 2421 2388 cum
2480 2332 2743 2400 theologis
2790 2331 3161 2395 convenimus,
3214 2329 3312 2384 sed
3366 2326 3436 2381 ab

1863 2425 1976 2493 ipsa
2041 2440 2219 2479 rerum
2286 2426 2517 2483 veritate
2582 2426 2809 2480 multum
2865 2423 3168 2479 deficimus.
3223 2420 3429 2489 Quam-

163 2501 359 2557 obrem
402 2506 497 2575 ipsi
557 2522 780 2579 quoque
818 2524 1103 2565 ascensum
1174 2511 1321 2567 illum
1358 2528 1456 2584 per
1493 2518 1806 2587 negationes
1843 2514 2220 2587 praetulerunt,
2256 2529 2313 2573 ut
2354 2519 2445 2588 qui
2483 2520 2719 2573 animam
2759 2534 2788 2571 a
2828 2517 3075 2589 cognatis
3115 2517 3273 2570 rebus
3313 2528 3441 2568 avo—

162 2610 339 2664 cans,
379 2600 446 2652 ad
496 2614 686 2659 omnes
735 2602 947 2658 divinas
999 2604 1383 2674 intelligentias
1428 2608 1573 2662 viam
1615 2618 1857 2677 sternat,
1897 2612 2093 2680 quibus
2150 2615 2421 2682 excipitur
2473 2613 2527 2669 id
2583 2613 2727 2683 quod
2784 2613 2947 2667 omni
2987 2611 3206 2666 nomine
3254 2605 3438 2664 omni-

162 2703 277 2754 1ue
329 2691 537 2746 ratione
587 2709 651 2749 ac
702 2695 1011 2765 cognitione
1083 2696 1370 2754 sublimius
1406 2700 1623 2766 existit,
1662 2716 1868 2773 nosque
1920 2704 2030 2763 Deo
2076 2708 2295 2762 tandem
2352 2708 2660 2779 coniungit,
2715 2717 2973 2777 quantum
3015 2704 3269 2758 nimirum
3306 2716 3428 2755 cum

161 2795 237 2834 ex
278 2791 495 2847 nostra,
534 2794 645 2839 tum
685 2802 747 2841 ex
794 2787 959 2857 ipsius
997 2800 1151 2860 parte
1184 2790 1301 2846 fieri
1341 2800 1539 2861 potest.

1730 2953 1759 3027 ι
1806 2950 1915 3012 1v.

243 3082 463 3149 Ταύτας
490 3086 651 3156 ἡμεῖς
682 3088 781 3151 τὰς
802 3091 997 3160 νοητὰς
1026 3089 1332 3164 θεῳνυμίας
1364 3098 1748 3167 συνῃρηκότεςν

1928 3092 2191 3149 llaecnos
2232 3093 2424 3148 divina
2445 3093 2687 3162 nomina,
2737 3108 2857 3164 quae
2883 3092 3097 3150 ratione
3116 3094 3428 3160 intelligun-

164 3172 249 3237 ὡς
276 3175 496 3244 ἐφικτὸν
526 3178 926 3252 ἀνεπτύξαμεν,
960 3184 1022 3236 οὐ
1055 3185 1213 3254 μόνον
1246 3186 1424 3240 αὐτῶν
1457 3186 1556 3257 τῆς
1597 3188 1754 3257 ἀκρι-

166 3265 327 3330 ϐείας
357 3269 797 3342 ἀπολειπόμενοι,
820 3274 999 3343 (τοῦτο
1024 3277 1133 3348 γάρ
1164 3275 1379 3348 ἀληθῶς
1407 3281 1502 3351 καὶ
1533 3279 1753 3348 ἄγγελοι

164 3360 386 3432 φαῖεν
438 3360 556 3416 οὐδὲ
604 3364 705 3435 τῆς
738 3367 877 3421 κο.τά
927 3368 1200 3441 ἀγγέλους
1236 3370 1421 3447 αὐτῶν
1448 3364 1749 3443 ὑμνῳδίαις·

169 3453 270 3505 καὶ
303 3452 409 3506 τῶν
442 3455 687 3526 ἐσχάτων
727 3457 835 3530 γὰρ
879 3460 1195 3515 ἀποδέουσιν
1239 3465 1287 3515 oi
1332 3464 1625 3534 κράτιστοι
1647 3464 1754 3518 τῶν

170 3548 308 3610 παρ’
339 3548 471 3618 ἡμῖν
504 3548 786 3619 θεολόγων⁸
824 3551 947 3604 οὕτε
983 3552 1087 3624 μὴν
1120 3553 1298 3607 αὐτῶν
1330 3554 1438 3608 τῶν
1469 3554 1753 3622 θεολόγων,

168 3631 295 3691 οὐδὲ
354 3640 463 3693 τῶν
502 3641 680 3694 αὐτῶν
730 3643 1004 3713 ἀσκητῶν,
1052 3644 1086 3715 ἢ
1131 3644 1462 3709 συνοπαδῶν,
1494 3645 1630 3699 άλλά
1662 3648 1757 3700 καὶ

169 3730 286 3782 τῶν
316 3733 447 3801 ἡμῖν
479 3734 786 3803 ὁμοταγῶν,
821 3734 1063 3805 ἐσχάτως
1094 3737 1188 3790 καὶ
1216 3737 1539 3808 ὑφειμένως.
1572 3738 1755 3801 Ὥστε,

172 3825 224 3875 εί
264 3822 361 3892 μὲν
402 3823 577 3895 ὀρθῶς
622 3824 736 3895 ἔχοι
785 3826 853 3879 τὰ
888 3829 1172 3899 εἰρημένα,
1208 3830 1303 3881 καὶ
1339 3830 1414 3892 ὡς
1458 3828 1581 3882 καθ’
1613 3831 1759 3900 ἡμᾶς

170 3914 347 3978 ὄντως
378 3916 703 3988 ἐφηψάμεθα
746 3921 811 3990 τῇ
858 3918 1067 3991 διανοίᾳ.
1109 3919 1208 3989 τῆς
1255 3912 1760 3991 θεωνυμικῆςάνα-

176 4005 442 4073 πτύξεως,
477 4008 570 4060 ἐπὶ
600 4006 691 4062 τὸν
720 4010 938 4065 πάντων
970 4010 1193 4080 ἀγαθῶν
1223 4010 1394 4064 αἴτιον
1431 4012 1494 4064 τὸ
1526 4012 1759 4081 πρᾶγμα

174 4097 506 4151 ἀναθετέονο
537 4100 629 4153 τὸν
676 4100 1014 4172 δωρούμενον
1050 4102 1267 4173 πρῶτον
1300 4105 1433 4158 αὐτὸ
1463 4104 1523 4158 τὸ
1564 4107 1755 4169 είπεῖν,

176 4189 370 4242 ἔπειτα
401 4190 462 4242 τὸ
493 4186 552 4244 εὖ
589 4194 781 4245 εἰπεῖν.
818 4194 929 4246 Καὶ
960 4193 1015 4247 εί
1041 4212 1094 4247 τι
1126 4194 1235 4249 τῶν
1266 4196 1623 4268 ὀμοδυνάμων
1657 4212 1761 4252 πα-

178 4280 543 4352 ραλέλειπται,
580 4285 799 4337 κάκεῖνο
830 4288 979 4357 ἡμᾶς
1012 4286 1153 4342 κατὰ
1171 4287 1270 4351 τάς
1298 4287 1468 4352 αὑτὰς
1504 4287 1760 4359 μεθόδους

178 4374 227 4404 ⁸⁸
257 4376 693 4445 προσυπακούειν
724 4378 923 4449 δεήσει.
977 4377 1038 4431 Ei
1070 4379 1126 4432 δέ
1158 4378 1329 4433 ταῦτα
1362 4381 1394 4451 ἢ
1427 4382 1527 4434 οὐκ
1584 4380 1760 4452 ὀρθῶς

1859 3194 1971 3248 tur,
2002 3194 2257 3253 congesta
2304 3200 2401 3253 pro
2448 3185 2658 3240 viribus
2694 3185 3075 3254 explicuimus,
3111 3199 3215 3239 non
3254 3186 3429 3240 solum

1858 3276 2110 3331 nonsatis
2127 3290 2224 3345 pro
2244 3291 2433 3330 eorum
2461 3278 2655 3331 merito
2676 3291 2912 3351 congrue
2934 3275 3060 3346 (hoc
3088 3276 3231 3329 enim
3261 3276 3426 3329 etiam

1857 3366 2031 3437 angeli
2068 3382 2195 3422 vere
2231 3367 2513 3432 dixerint),
2552 3368 2646 3423 sed
2693 3357 2867 3437 neque
2894 3366 3116 3437 paribus
3155 3364 3427 3428 laudibus.

1857 3460 2054 3531 quibus
2075 3459 2142 3513 ab
2170 3458 2375 3527 angelis
2400 3460 2781 3521 celebrantur;
2806 3442 3071 3527 siquidem
3097 3458 3431 3525 praestantis-

1857 3559 1981 3615 simi
2003 3572 2218 3627 quoqne
2249 3536 2480 3622 theologi
2507 3551 2677 3605 nostri
2705 3548 2786 3603 vel
2804 3546 3114 3605 novissimis
3145 3548 3309 3604 etiam
3334 3564 3429 3602 an-

1858 3653 1991 3724 gelis
2014 3653 2245 3715 cedunt;
2280 3663 2462 3704 verum
2490 3646 2653 3699 etiam
2690 3642 2956 3713 theologis
2995 3654 3295 3711 eorumque
3336 3658 3427 3696 as-

1858 3744 2022 3799 seclis
2043 3755 2388 3812 nequaquam
2416 3750 2700 3807 suppares,
2727 3752 2756 3789 a
2778 3732 2977 3788 nostris
3004 3746 3216 3801 quoque
3248 3746 3430 3802 aequa-

1861 3834 2002 3890 libus
2056 3812 2110 3887 in
2155 3833 2261 3887 hoc
2305 3830 2520 3884 laudum
2574 3841 2773 3898 genere
2823 3839 3163 3893 superamur.
3224 3823 3428 3893 Itaque,

1859 3925 2124 3996 siquidem
2165 3932 2314 3977 recte
2349 3921 2450 3975 ista
2478 3921 2619 3975 dicta
2648 3919 2776 3984 sint,
2814 3927 2869 3972 et
2898 3918 2949 3972 in
2979 3916 3299 3970 divinorum
3332 3928 3427 3967 no-

1863 4016 2068 4069 minmn
2094 4012 2477 4082 explanatione
2504 4027 2600 4080 pro
2621 4009 2837 4064 modulo
2864 4017 3053 4062 nostro
3083 4016 3267 4061 verum
3303 4019 3428 4058 sen-

1860 4119 1979 4162 sum
2007 4104 2366 4173 attigerimds,
2392 4103 2444 4156 in
2469 4102 2735 4157 bonorum
2758 4100 2995 4154 onmimn
3023 4113 3244 4151 causam
3275 4096 3326 4149 id
3355 4107 3431 4148 to-

1864 4206 1973 4251 tum
2007 4197 2350 4251 referendum
2378 4203 2481 4261 est,
2516 4203 2574 4247 ut
2598 4206 2720 4261 quae
2752 4192 2985 4261 primum
3013 4188 3175 4264 530
3205 4197 3313 4242 tam
3343 4185 3430 4241 di-

1862 4287 2020 4343 cendi
2056 4286 2383 4357 quambene
2404 4281 2617 4339 dicendi
2664 4281 2972 4336 facultatem
3003 4280 3233 4336 dederit.
3278 4278 3356 4333 Ac
3385 4278 3430 4333 si

1860 4376 1991 4446 quid
2018 4391 2205 4430 eorum
2233 4391 2353 4445 quae
2394 4375 2477 4429 his
2502 4372 2854 4442 equivalent,
2880 4372 2951 4425 sit
2981 4368 3430 4440 prmlermissum,

178 4469 212 4537 ἦ
249 4466 453 4530 ἀτελῶς
486 4466 617 4539 ἔχει,
638 4470 732 4522 καὶ
762 4471 860 4540 τῆς
891 4471 1146 4541 ἀληθείας
1176 4472 1208 4543 ἥ
1239 4471 1432 4535 ὀλικῶς
1464 4472 1497 4543 ἢ
1521 4471 1754 4542 μερικῶς

1865 4468 1919 4522 id
1950 4466 2141 4522 iisdem
2186 4482 2399 4536 quoque
2449 4465 2751 4520 rationibus
2783 4480 2811 4517 a
2852 4464 3007 4518 nobis
3050 4463 3116 4516 ad
3147 4461 3289 4515 hunc
3316 4476 3433 4516 mo-

178 4559 535 4631 άποπεπλανή
546 4561 702 4632 μεθα,
724 4563 823 4632 τῆς
853 4562 955 4631 σῆς
972 4566 1038 4617 ἂν
1062 4564 1146 4635 εἴη
1170 4564 1575 4637 φιλανθρωπίας
1598 4567 1758 4619 ἐπαν-

178 4650 522 4720 ορθώσασθαι
570 4654 659 4707 τὸν
693 4656 961 4719 ἀκουσίως
1002 4657 1320 4725 ἀγνοοῦντα,
1355 4659 1449 4711 καὶ
1497 4657 1755 4729 μεταδοῦ-

179 4760 270 4794 ναι
302 4742 457 4811 λόγου
490 4744 567 4815 τῷ
602 4747 790 4817 μαθεῖν
835 4749 1094 4820 δεομένῳ,
1130 4752 1225 4804 καὶ
1257 4748 1532 4820 ἐπαμῦναι
1564 4750 1642 4821 τῷ
1677 4752 1750 4823 μὴ

182 4839 432 4909 αὐτάρκη
479 4839 707 4911 δύναμιν
748 4839 944 4910 ἔχοντι,
992 4844 1086 4894 κα)⁵
1139 4842 1391 4896 ἰάσασθαι
1436 4841 1527 4895 τὸν
1578 4842 1679 4895 οὐκ
1713 4843 1755 4873 ⁸⁷

182 4930 433 4983 ἐθέλοντα
464 4932 762 5003 ἀρρωστεῖν
785 4950 796 4961 ·
831 4934 922 4987 καὶ
952 4932 1020 4985 τὰ
1054 4935 1153 5003 μὲν
1186 4934 1315 5005 παρ’
1351 4933 1565 4998 ἐαυτοῦ,
1601 4934 1670 4987 τὰ
1702 4934 1758 4986 δὲ

184 5023 315 5092 παρ’
349 5023 548 5093 ἐτέρων
582 5024 625 5056 ⁸⁸
656 5023 1057 5096 ἐξευρίσκοντα,
1109 5028 1285 5079 πάντα
1329 5026 1384 5079 δὲ
1424 5028 1489 5078 ἐκ
1520 5024 1757 5094 τάγαθοῦ

183 5116 550 5187 λαμϐάνοντα,
585 5119 677 5171 καὶ
710 5120 789 5182 εἰς
822 5120 970 5189 ἡμᾶς
1001 5118 1333 5171 διαϐιϐάσαι.
1371 5118 1518 5184 Μηδέ
1549 5119 1759 5172 ἀποκά-

1867 4563 1993 4616 dum
2020 4559 2377 4630 supplendum
2402 4560 2525 4614 erit.
2549 4556 2644 4613 Sin
2669 4574 2799 4613 vero
2831 4558 2944 4611 haec
2968 4555 3049 4609 vel
3073 4555 3251 4609 minus
3284 4562 3431 4609 recta

1866 4653 1947 4709 vel
1979 4652 2299 4723 imperfecta
2326 4662 2473 4720 sunt,
2504 4660 2559 4707 et
2582 4667 2611 4705 a
2639 4652 2866 4707 veritate
2894 4650 2977 4704 vel
3008 4651 3227 4706 omnino
3256 4633 3431 4703 vel’ex

1869 4755 2021 4815 parte
2044 4747 2439 4812 aberravimus,
2487 4745 2592 4799 erit
2635 4744 2992 4799 humanitatis
3022 4754 3125 4797 tua:
3154 4742 3433 4811 corrigere

1868 4854 1971 4893 non
2016 4850 2207 4907 sponte
2251 4841 2614 4909 ignorantem,
2651 4838 2998 4904 rationesque
3026 4847 3317 4905 suggerere
3347 4834 3431 4886 di-

1868 4946 2022 4987 scere
2051 4933 2315 4999 cupienti,
2345 4942 2399 4986 et
2420 4946 2485 4985 ex
2507 4947 2565 4986 se
2591 4930 2935 4985 insuilicienti
2964 4944 3121 4997 opem
3148 4927 3313 4990 ferre,
3338 4942 3432 4980 cu-

1866 5039 2097 5093 rareque
2123 5011 2393 5078 nolentem
2428 5034 2712 5092 aegrotare,
2743 5033 2906 5091 atque
2935 5021 3037 5074 alia
3056 5020 3274 5089 quidem
3314 5034 3349 5071 an
3380 5028 3439 5071 te

1866 5117 2193 5185 excogitata,
2224 5115 2326 5168 alia
2375 5131 2503 5168 vero
2532 5115 2600 5167 ab
2631 5114 2754 5167 aliis
2796 5123 3061 5174 mutuata,
3098 5110 3440 5177 czeteroqnin

1482 5300 1717 5356 νΑΙὶΙᾹῖ.
1756 5298 2160 5355 LECTIONES.

260 5463 305 5496 ⁸⁸
336 5463 729 5534 ἀνυμνήσωμεν
753 5503 767 5527 ,
804 5461 864 5515 D.

190 5548 377 5597 sensu,
427 5536 592 5587 semel
646 5534 916 5588 monuisse
962 5535 1093 5587 satis
1136 5536 1368 5587 videtur.

192 5605 367 5657 πάντα
399 5604 491 5655 καὶ
522 5603 676 5671 λόγον
710 5604 803 5656 καὶ
834 5604 976 5668 νοῦν,
1013 5603 1069 5655 Ρ.
1118 5604 1179 5655 Ι).
1218 5603 1306 5657 Sc.
1344 5602 1613 5671 θεότητος,
1654 5602 1710 5653 Ι).

194 5675 239 5703 ⁶⁴⁵
272 5675 715 5743 συμφωνήσωμεν
748 5674 831 5735 ἀν,
856 5674 911 5727 S.
992 5675 1034 5705 ⁸⁵
1070 5678 1263 5737 ἐκεῖνο,
1302 5675 1355 5725 S.
1410 5673 1464 5723 P.
1497 5675 1583 5724 Sc.

193 5745 312 5801 δάι’.
346 5755 614 5814 posterius
658 5763 761 5799 nun
798 5747 973 5801 habet.
1056 5748 1095 5775 ⁸⁷
1136 5748 1230 5817 μή.

964 5463 1009 5494 ⁸⁸
1042 5461 1186 5526 οὔτε,
1225 5462 1283 5516 Ρ.
1311 5462 1372 5516 D.
1411 5460 1594 5514 Variat
1623 5463 1737 5515 lucc
1760 5458 2086 5527 coniunctio,
2117 5473 2239 5510 nam
2277 5456 2413 5510 alias
2442 5453 2585 5517 οὔτε,
2622 5454 2756 5507 alias
2782 5451 2905 5506 οὐδέ
2939 5451 3215 5513 scribitur,
3243 5453 3433 5505 eodem

964 5535 1093 5580 satis
1136 5536 1368 5580 videtur.
1444 5533 1487 5562 ⁸ο
1523 5531 1998 5580 συνεγνωσιιένων.
2037 5528 2095 5579 D.
2136 5528 2223 5580 Sc.
2263 5525 2385 5579 Sar.
2426 5529 2609 5580 itaque
2639 5524 2984 5578 scribendum
3011 5520 3131 5575 fuit.
3204 5523 3245 5553 ⁶¹
3296 5523 3432 5580 ὑπὲρ

1625 5538 1998 5582 εγνωσιιένων.
2038 5538 2095 5579 υ.
2136 5538 2223 5581 διε.
2263 5538 2385 5579 sar.
2426 5538 2609 5582 Itaque
2639 5538 2984 5578 scrtnenunm
3011 5538 3131 5575 lUll.
3204 5538 3245 5553 ν·
3296 5540 3370 5573 υπ

1523 5538 1998 5601 συνεγνωσμένων,
2038 5538 2095 5579 υ.
2136 5538 2223 5581 διε.
2263 5538 2385 5579 sar.
2426 5538 2609 5594 Itaque
2639 5538 2984 5578 scrtnenunm
3011 5538 3131 5575 lllll.
3204 5538 3245 5553 ν·
3296 5538 3432 5593 υπερ

1523 5620 1613 5660 τος,
1654 5602 1710 5653 Ι).
1819 5602 1861 5631 θ’
1896 5597 1989 5651 τοῦ
2023 5601 2181 5660 νοεῖν,
2223 5598 2282 5650 Ρ.
2318 5596 2372 5649 S.
2414 5596 2472 5647 D.
2530 5596 2618 5649 Sc.
2680 5594 2798 5648 Snr.
2876 5593 2920 5624 "
2952 5592 3059 5643 τῶν
3105 5592 3294 5655 ὄντων,
3330 5593 3431 5645 (ἰὴ.

1661 5672 1705 5701 ⁸⁸
1739 5671 1877 5724 κατὰ
1910 5672 2033 5731 τοὺς
2067 5670 2259 5731 αὐτοὺς
2293 5669 2477 5737 λόγους
2513 5668 2603 5719 καὶ
2635 5666 2731 5728 τὰς
2767 5663 2935 5725 αὑτὰς
2973 5661 3242 5733 pse/1602);,
3282 5663 3339 5717 l’.
3372 5665 3431 5719 D.

1313 5745 1354 5775 δ”
1389 5744 1451 5797 δι’
1488 5741 1672 5807 αὑτοῦ,
1707 5742 1770 5795 δι’
1808 5742 2025 5811 ἐτέρων,
2066 5743 2121 5794 ὃ.
2152 5741 2270 5793 Snr.
