4156 6312
754 264 859 317 985

1906 266 1961 321 S.
1986 266 2282 322 DIONYSll
2316 268 2771 325 AREOPAGI'DE
3906 277 4004 333 88l

753 381 929 431 omnia
955 396 1017 433 ex
1047 381 1161 448 ipso
1184 380 1323 432 liuno
1352 390 1593 451 accepta,
1620 382 1670 436 in
1693 397 1789 437 nos
1811 398 2022 453 quoque
2045 385 2310 438 derivare.

2422 405 2524 457 μῃς
2558 390 2599 420 δ’
2634 390 2788 457 φίλον
2832 389 2998 460 ἄνδρα
3042 390 3374 461 εὐεργετῶνο
3419 391 3550 462 ὁρᾷς
3595 390 3726 463 γὰρ,
3771 392 3865 445 ba
3916 394 4007 445 iui

752 469 939 540 Neque
993 482 1046 525 te
1090 473 1269 543 pigeat
1310 473 1540 527 amicum
1577 474 1746 530 hocce
1780 476 2043 530 lienelicio
2066 477 2312 539 allicere;

751 564 934 618 cernis
963 564 1130 628 enim,
1166 566 1243 618 uti
1278 580 1451 633 neque
1473 581 1571 621 nos
1604 567 1701 637 ipsi
1725 569 2017 636 quidquam
2044 570 2314 624 rationum

754 655 1221 713 hierarctiicarum
1253 658 1410 712 nobis
1438 658 1869 714 concreditarum
1909 660 2049 716 intra
2082 672 2318 715 nosmet-

755 748 900 816 ipsos
942 750 1327 816 continuimus,
1369 766 1555 806 verum
1587 752 1705 807 illas
1736 753 1960 807 omnino
1994 768 2160 823 puras
2186 769 2308 807 cum

752 843 904 897 vobis
930 853 1039 897 tum
1074 846 1285 901 caneris
1306 847 1448 901 viris
1481 848 1707 909 sanctis,
1741 846 1937 916 partim
1972 846 2310 909 tradidimus,

752 936 946 1003 partim
976 938 1149 989 adhuc
1183 940 1481 1001 trademus,
1512 955 1608 1007 pro
1632 938 1843 993 dicendi
1886 949 2066 993 nostra
2097 948 2154 992 et
2183 938 2316 992 alio-

752 1044 873 1081 rum
924 1030 1253 1101 inielligeudi
1303 1031 1583 1099 facultate,
1617 1034 1667 1089 in
1705 1049 1766 1088 re
1795 1034 1937 1088 nulla
1973 1034 2313 1089 traditionem

749 1119 1040 1186 violantes,
1067 1124 1167 1177 nisi
1200 1123 1337 1179 forte
1362 1126 1444 1179 vel
1469 1127 1536 1179 ad
1573 1124 1931 1194 eloquendum
1958 1126 2039 1180 vcl
2066 1126 2130 1180 ad
2161 1124 2317 1179 intel-

753 1211 767 1264 Ι
793 1214 1021 1281 gendum
1048 1216 1426 1272 imbecilliores
1453 1219 1778 1272 exstitiiiius.
1815 1218 1918 1271 Sed
1939 1218 2050 1271 hac
2076 1217 2314 1289 quidem,

754 1313 806 1353 ut
837 1302 943 1356 Deo
972 1302 1169 1371 placet,
1232 1306 1311 1360 sic
1361 1307 1613 1373 habeant,
1664 1317 1718 1361 et
1751 1307 1893 1362 dicta
1934 1307 2084 1370 sint;
2140 1306 2316 1375 sitque

751 1397 894 1463 quod
934 1396 1000 1449 ad
1035 1412 1131 1452 nos
1166 1400 1416 1467 pertinet,
1458 1401 1543 1454 hic
1575 1401 1695 1453 linis
1728 1400 2038 1455 nominibus
2066 1401 2159 1456 Dei
2195 1416 2316 1469 quin

2422 484 2581 551 ἡμεῖς
2607 482 2796 535 οὐδένα
2822 481 2926 534 τῶν
2955 481 3360 553 παραδοθέντων
3395 486 3525 554 ἡμῖν
3561 483 3906 554 ἶεραρχικῶν
3925 484 4008 537 λό-

2422 592 2534 643 γων
2562 578 2641 639 εἰς
2671 576 2893 639 ἑαυτοὺς
2922 576 3356 646 συνεστείλαμεν,
3385 575 3519 629 ἀλλὰ
3545 575 3881 637 ἀνοθεύτυυς
3911 577 4007 629 αὐ-

2422 670 2548 731 τοὺς
2574 669 2666 721 καὶ
2687 668 2813 739 ὑμῖν
2844 669 2936 722 καὶ
2968 668 3170 739 ἑτέροις
3194 668 3353 740 ἱεροῖς
3378 669 3599 740 ἀνδράσι
3622 667 4010 740 μεταδεδώκα-

2426 757 2523 827 μέν
2563 774 2621 809 τε
2654 758 2745 810 καὶ
2783 756 3175 828 μεταδώσομεν,
3206 757 3281 821 ὡς
3308 756 3375 810 ἂν
3400 760 3559 828 ἡμεῖς
3583 776 3642 810 τε
3672 761 3857 812 εἰπεῖν
3890 760 4011 811 ἱκα-

2421 850 2501 901 νοὶ
2555 850 2648 902 καὶ
2682 843 2763 912 οἷς
2791 849 3004 918 λέγεται
3034 849 3269 913 ἀκούειν,
3298 850 3417 903 κατ’
3445 850 3596 903 οὐδὲν
3622 850 3724 922 τὴν
3755 851 4008 923 παράδο-

2426 958 2507 994 σιν
2540 941 2865 1006 ἀδικοῦντες,
2895 944 2941 995 sl
2973 942 3045 1013 μὴ
3075 943 3181 1013 ἄρα
3212 941 3344 1014 πρὸς
3369 941 3467 1014 τὴν
3493 943 3679 1013 νόησιν
3706 943 3741 1014 ἢ
3770 944 3882 1014 τὴν
3920 944 3988 996 ἐκ

2425 1049 2622 1104 φρασιν
2646 1034 2823 1089 αὐτῶν
2840 1035 3226 1106 ἀσθενήσομεν.
3262 1035 3419 1088 Ἀλλὰ
3444 1035 3615 1089 ταῦτα
3640 1037 3759 1107 μὲν,
3779 1038 3902 1106 ὅπη
3933 1034 4014 1105 τῷ

2422 1123 2541 1196 Θεῷ
2573 1127 2743 1195 φίλον,
2801 1126 2973 1199 ταύτῃ
3024 1126 3193 1197 ἐχέτω
3243 1144 3323 1191 τε,
3361 1128 3453 1181 καὶ
3490 1128 3733 1196 λεγέσθω
3760 1130 3808 1161 ⁷⁸
3832 1147 3848 1160 σ
3916 1130 4013 1182 καὶ

2424 1218 2562 1271 ἔστω
2585 1217 2650 1289 δὴ
2682 1217 2839 1270 τοῦτο
2867 1222 2984 1281 ταῖς
3014 1222 3226 1289 νοηταῖς
3260 1218 3581 1294 Θεωνυμίςξις
3607 1220 3669 1273 τὸ
3698 1221 3819 1273 καθ’
3852 1223 4014 1291 ἡμᾶς

2418 1312 2621 1382 πέρας·
2666 1312 2758 1363 ἐπὶ
2802 1311 2859 1364 δὲ
2884 1312 2981 1383 τὴν
3011 1310 3340 1384 συμὸολικὴν
3359 1312 3657 1383 Θεολογίαν,
3690 1313 4013 1385 ἡγουμένου

2417 1402 2575 1467 Θεοῦ,
2598 1403 2991 1476 μεταϐήσομαι.

754 1502 907 1542 mens
944 1490 1300 1559 excogitavit;
1341 1492 1407 1546 ad
1437 1492 1790 1553 svinbolicam
1828 1504 1959 1545 vero
1991 1491 2313 1562 theologiam

757 1580 867 1634 Deo
891 1581 1024 1635 duce
1048 1582 1307 1638 transibo.

1960 1848 2493 1906 ADNOTATIONES
2526 1849 2872 1907 CORDERII.

832 1986 871 2060 Si
898 1986 938 2039 I.
987 1986 1266 2060 Perfectus
1306 1986 1484 2060 itaque
1519 1994 1751 2060 esl,__etc.
1788 1986 2038 2060 Pulchre,
2075 1986 2335 2060 utiAsolet.
2366 2001 2429 2041 ac
2458 1990 2741 2060 perspicue
2780 1989 2869 2041 Dei
2900 1988 3283 2060 perfectionem
3317 2004 3382 2042 ex
3424 1990 3525 2044 hoc
3555 1990 3734 2060 capite
3767 1990 4004 2046 Lessins

760 2056 952 2178 probat
985 2058 1075 2113 lili.
1094 2072 1206 2178 rvii,
1233 2057 1305 2109 De
1326 2057 1735 2124 perfectionibus
1758 2056 1969 2120 divitiis,
1998 2072 2121 2125 cap.
2149 2058 2202 2122 2,
2229 2057 2440 2121 dicens,
2469 2059 2781 2130 Dionysium
2829 2059 2915 2113 hic
2942 2057 3136 2114 all'erie
3162 2070 3394 2129 quatuor
3419 2056 3655 2116 rationes
3676 2101 3692 2122 ,
3716 2078 3816 2118 cur
3854 2062 4010 2118 Deus

760 2150 772 2178 ι
798 2139 971 2178 iratur
996 2142 1089 2178 uer
1112 2137 1281 2178 ectus.

759 2130 971 2182 dicatur
996 2130 1281 2182 perfectus.

831 2142 1296 2265 ϐἔῗηξπιῖθίῖίξῖιυὲἒί
1317 2198 1626 2271 αὐτοίεελής,
1655 2197 1707 2251 id
1731 2207 1813 2271 est
1842 2213 1935 2263 per
1966 2214 2020 2251 se
2046 2198 2327 2271 perfectus,
2359 2213 2486 2271 quo
2524 2197 2860 2269 significatur
2891 2197 3036 2271 illum
3062 2216 3166 2254 non
3190 2201 3487 2271 accepisse
3508 2201 3905 2270 perfectionem
3938 2208 4012 2257 ab

762 2270 892 2334 alio,
915 2270 1043 2339 sive
1062 2279 1120 2320 ut
1146 2281 1179 2339 a
1208 2282 1369 2339 causa
1403 2266 1670 2324 cilicieute
1700 2268 1815 2339 sive
1842 2277 1900 2320 ut
1931 2282 1960 2320 a
1989 2266 2149 2322 causa
2180 2266 2412 2333 formali,
2443 2266 2669 2339 siciit'lit
2696 2271 2748 2323 iu
2777 2270 3067 2333 creaturis,
3108 2270 3199 2324 sed
3226 2266 3426 2325 habere
3449 2266 3662 2325 omnem
3701 2272 4009 2339 perfectio-

763 2356 888 2394 nem
911 2353 940 2391 a
970 2336 1079 2393 sola
1114 2336 1513 2405 simplicissima
1544 2338 1775 2393 essentia
1808 2352 1903 2408 sua
1923 2355 1937 2404 ;
1960 2340 2099 2391 unde
2130 2339 2297 2407 ipsius
2332 2338 2593 2406 perfectio
2620 2354 2721 2392 nou
2745 2342 3023 2408 consurgit
3052 2355 3117 2393 ex
3144 2340 3572 2395 accumulatioue
3598 2336 3889 2397 multarum
3920 2357 4010 2397 re-

767 2427 906 2472 rum,
931 2410 1072 2463 sicut
1112 2408 1163 2462 in
1199 2410 1490 2472 creaturis,
1510 2422 1741 2479 quarum
1771 2407 1915 2460 nulla
1942 2408 2045 2480 dici
2072 2416 2251 2477 potest
2278 2408 2591 2480 dinosci-lic.
2618 2410 2715 2462 sed
2742 2425 2804 2463 ex
2832 2426 2933 2465 una
2960 2425 3019 2465 re
3047 2409 3467 2478 simplicissima,
3485 2426 3606 2480 quae
3632 2413 3864 2477 ipsemet
3893 2421 4005 2476 est.

762 2489 815 2533 et
846 2482 919 2535 ita
948 2494 1042 2547 per
1062 2494 1142 2544 se,
1168 2480 1461 2532 secundum
1488 2477 1649 2549 omne
1676 2494 1844 2549 genus
1875 2477 2242 2549 perfectionis,
2262 2489 2346 2532 est
2371 2477 2820 2549 perfectissimus.

833 2549 1106 2621 Secunda,
1133 2549 1259 2621 quia
1290 2557 1371 2621 est
1398 2548 1726 2620 ὑπερτελής,
1759 2548 1809 2600 id
1834 2557 1913 2602 est
1947 2548 2384 2616 superperfeciu,
2421 2548 2524 2601 hoc
2549 2558 2633 2621 est
2661 2550 2805 2621 omni
2828 2549 3157 2621 perfectione
3178 2551 3523 2618 conceptibili
3550 2553 3802 2621 superior
3821 2562 3875 2606 et
3906 2568 4009 2607 ex-

763 2620 1085 2692 cellentior;
1120 2618 1254 2673 nihil
1282 2619 1428 2692 enim
1460 2634 1489 2671 a
1514 2618 1909 2692 nieiite_crea_t_a
1936 2629 2043 2671 tam
2076 2634 2356 2692 maguum,
2385 2628 2493 2671 tam
2525 2619 2793 2692 eximium
2806 2618 2861 2692 et
2895 2620 3189 2685 excellens,
3214 2630 3388 2689 potest
3417 2618 3667 2692 cogitari,
3695 2626 3826 2692 quin
3858 2624 4005 2677 Deus

766 2689 1023 2761 inliiiities
1044 2691 1116 2743 sit
1142 2688 1576 2756 excelleiitiortet
1612 2690 1801 2757 major.
1838 2687 1951 2761 Hoc
1988 2687 2280 2742 denotatur
2310 2689 2397 2742 illa
2424 2703 2553 2761 voce
2579 2688 2903 2761 ὑπερτελής.

835 2759 1043 2841 Tertia,
1076 2761 1202 2829 quia
1234 2775 1340 2813 non
1364 2770 1546 2828 poteSi
1573 2761 1760 2817 austeri
1787 2758 1870 2812 vel
1902 2760 2374 2827 niinui,tanquam
2399 2759 2582 2815 omnia
2617 2758 2907 2826 anticipata
2934 2768 2995 2817 et
3023 2770 3286 2831 praecepta
3314 2776 3411 2830 per
3438 2776 3594 2817 suam
3624 2765 3923 2818 essentiam
3952 2766 4007 2816 in

764 2846 823 2885 se
850 2839 1154 2885 continetis.

840 2900 1070 2967 Quarta,
1095 2900 1221 2981 quia
1247 2899 1318 2981 ita
1344 2898 1607 2981 pientiset
1642 2898 1994 2981 superpleuus
2013 2908 2095 2953 est
2114 2905 2365 2981 omnibus
2394 2900 2574 2967 bonis,
2605 2910 2664 2956 ut
2691 2901 2860 2956 veluti
2888 2902 3013 2957 fons
3046 2902 3397 2958 inexhaustus
3426 2902 3692 2958 exuberet
3722 2912 3777 2959 et
3805 2905 4008 2958 redue-

769 2973 859 3026 det
888 2968 1145 3040 perpctua
1177 2980 1231 3025 et
1260 2968 1563 3025 incessabili
1589 2968 1874 3039 largitione
1902 2971 2161 3023 donorum
2192 2971 2243 3024 in
2276 2987 2469 3027 omnes
2501 2988 2587 3028 res
2610 2985 2841 3026 creatas.

845 3042 994 3097 Unde
1023 3052 1187 3109 patet,
1216 3040 1379 3093 lleuni
1408 3040 1510 3113 dici
1539 3040 2134 3113 perfectuiu,_quia_est
2173 3044 2563 3113 auctoromuis
2592 3042 2946 3112 perfectionis
2982 3043 3247 3113 naturalis
3273 3051 3327 3097 et
3355 3044 3796 3113 superiiaturalis
3840 3046 3893 3099 in
3920 3059 4008 3099 re—

769 3114 873 3175 bus
892 3108 1166 3173 omnibus,
1201 3127 1229 3163 ii
1263 3111 1492 3182 suminis
1512 3120 1569 3163 et
1595 3110 1694 3182 ipsi
1725 3108 2079 3182 viciiiissiniis
2102 3126 2276 3180 usque
2308 3111 2372 3165 ad
2401 3108 2700 3177 extremas,
2726 3128 2754 3166 a
2785 3113 2955 3182 prima
2987 3112 3287 3167 substantia
3310 3108 3559 3181 separata
3590 3128 3760 3182 usque
3785 3116 3854 3168 ad
3886 3117 4008 3168 inli-

772 3187 916 3237 inain
939 3183 1248 3244 materiam,
1274 3189 1327 3251 et
1346 3179 1518 3247 ipsius
1549 3181 1758 3234 radium
1782 3180 2090 3250 pertingere
2119 3179 2410 3245 ad’onuiia,
2438 3183 2597 3251 idque
2644 3198 2747 3236 non
2772 3179 2938 3238 semel
2968 3192 3200 3245 tantum,
3234 3184 3326 3236 sed
3358 3179 3577 3237 assidue
3609 3179 4007 3239 et'indesineiic

774 3267 875 3309 ter.
899 3251 1016 3307 Non
1045 3250 1185 3305 enim
1230 3250 1360 3323 satis
1385 3257 1467 3323 est
1498 3251 1795 3323 Deuinsua
1822 3253 1961 3303 dona
1994 3251 2183 3323 semel,
2215 3252 2328 3305 sive
2365 3250 2625 3317 materiae,
2662 3252 2775 3307 sive
2813 3256 3023 3322 gratim,
3054 3253 3169 3306 sive
3192 3252 3399 3323 glorias,
3422 3252 3704 3315 infudisse,
3735 3256 3834 3308 sed
3867 3256 4007 3309 hanc

774 3324 1100 3392 inlusionem
1148 3332 1201 3373 et
1224 3320 1570 3392 largitionem
1608 3320 1807 3373 debere
1835 3335 1953 3374 esse
1984 3321 2298 3392 continuam
2333 3332 2386 3375 et
2418 3320 2840 3383 iudesineutem}
2888 3323 3123 3392 alioquin
3174 3320 3353 3376 omnia
3395 3333 3671 3376 momento
3710 3339 4008 3378 evanesce-

772 3402 913 3447 rent.
945 3391 1128 3461 Neque
1157 3390 1326 3462 solum
1364 3390 1492 3459 quia
1522 3399 1604 3462 est
1633 3400 1824 3444 auctor
1850 3400 1905 3462 ut
1931 3406 2092 3445 causa
2128 3391 2382 3455 ellicicns,
2406 3394 2503 3462 sed
2521 3393 2682 3446 etiam
2711 3392 2866 3462 531
2898 3390 3028 3460 quia
3052 3401 3134 3446 est
3160 3392 3436 3459 exemplar
3456 3402 3510 3445 et
3540 3407 3793 3446 mensura
3829 3396 4005 3447 cuiuis

770 3460 1137 3535 perfectionis.
1168 3460 1224 3514 lii
1263 3462 1422 3535 rebus
1449 3460 1819 3535 eniiuucreati-s
1835 3461 2039 3535 dicitur
2065 3462 2268 3535 aliquid
2295 3460 2677 3535 peifecwuriu
2703 3460 2924 3535 Διῖεᾷωτι,
2951 3465 3077 3531 quia
3104 3473 3186 3516 est
3206 3478 3575 3535 commensqu
3607 3477 3707 3516 suo
3729 3466 4007 3532 exempla-

773 3530 842 3600 i'i,
872 3535 1169 3587 semiudum
1198 3531 1340 3602 quod
1370 3540 1454 3584 est
1475 3531 1749 3602 conditum
1781 3530 1833 3602 iii
1868 3531 1956 3584 tali
1990 3534 2200 3602 specie;
2228 3533 2367 3587 sicut
2393 3532 2446 3585 in
2470 3532 2748 3587 artefactis
2771 3532 2821 3585 id
2854 3544 2936 3587 est
2965 3530 3288 3601 perlecniiii,
3316 3534 3456 3600 quod
3489 3542 3679 3585 exacte
3704 3530 4006 3602 respondet

773 3603 1058 3673 conceptui
1091 3613 1141 3656 et
1182 3599 1384 3673 regulis
1412 3602 1595 3673 artis;_
1615 3601 1756 3673 unde
1785 3599 1959 3668 ipsum
1990 3599 2269 3671 exemplar
2296 3612 2378 3657 est
2408 3617 2501 3672 per
2535 3618 2593 3657 se
2628 3612 2682 3657 et
2707 3599 3042 3673 Ol'igiltulllct'
3074 3599 3395 3672 perfectum,
3428 3606 3632 3673 alisque
3663 3599 3907 3671 respectu
3941 3608 4005 3657 ad

775 3669 1233 3743 alium-tanquam
1265 3672 1436 3739 prima
1474 3669 1837 3743 perfectionis
1863 3672 2069 3740 regula.
2108 3669 2294 3741 itaque
2334 3669 2446 3741 ipse
2476 3675 2745 3742 perfectus
2791 3669 3013 3735 dicitur,
3063 3669 3118 3726 et
3161 3682 3413 3741 tanquam
3448 3669 3567 3743 fons
3593 3688 3659 3725 ex
3687 3669 3794 3741 quo
3824 3676 4008 3726 omnis

775 3745 1044 3820 perfectio
1074 3741 1282 3820 natura:
1314 3742 1606 3820 in_oninia_,
1645 3754 1764 3809 qua:
1787 3742 1973 3812 aliquo
2006 3746 2165 3797 modo
2203 3752 2351 3803 sunt,
2387 3741 2591 3805 manat,
2620 3752 2675 3799 et
2714 3755 2970 3812 tauquam
3001 3757 3276 3807 mensura,
3303 3758 3369 3795 ex
3400 3741 3553 3810 cujus
3590 3744 4007 3797 commeiisione

777 3810 890 3892 ipsa
915 3816 1262 3892 perfectionis
1288 3810 1423 3892 ratio
1442 3813 1658 3881 pendet.

849 3880 982 3946 Iliiic
1006 3903 1072 3944 ex
1097 3888 1285 3941 eodem
1316 3880 1500 3936 Lessio
1531 3898 1649 3947 cap.
1678 3880 1734 3954 l,
1755 3882 1947 3954 collige
1976 3884 2313 3953 quadruplex
2350 3884 2639 3938 discrimen
2673 3884 2815 3941 inter
2844 3883 3233 3954 perfectionem
3267 3882 3359 3935 Dei
3408 3893 3463 3941 et
3513 3892 3781 3937 creatum
3833 3890 4005 3938 etiam

778 3957 1267 4021 excellentissimus.
1297 3954 1562 4015 Primum,
1593 3953 1738 4020 quod
1768 3953 1906 4007 Deus
1930 3971 2033 4008 non
2060 3956 2256 4009 habeat
2282 3957 2669 4023 perfectionem
2698 3966 2753 4008 et
2788 3953 3165 4009 excellentiam
3195 3969 3344 4005 suam
3376 3956 3443 4006 ah
3469 3954 3595 4019 alio,
3622 3955 3716 4009 sed
3740 3972 3768 4006 a
3802 3968 3861 4007 se
3885 3965 4007 4007 tan-

779 4045 916 4097 tuui,
952 4032 1064 4099 ipse
1088 4023 2281 4101 eniiiiest‘primusactus,priiiiaperlectio,
2313 4037 2368 4079 et
2390 4028 2621 4094 primum
2649 4027 2849 4081 bonum
2883 4026 3246 4101 indeiieiiileiis
3270 4023 3338 4077 ab
3359 4029 3507 4078 omni
3539 4026 3666 4101 alio,
3702 4025 3823 4101 loris
3847 4026 4005 4101 inex-

778 4091 1003 4157 haustus
1031 4098 1210 4154 omnis
1235 4094 1359 4150 boni
1381 4104 1435 4147 et
1460 4091 1651 4166 omnis
1672 4091 2052 4166 peilectionis;
2082 4106 2337 4149 creatura
2367 4091 2492 4153 vero
2515 4112 2729 4150 omnem
2760 4112 2912 4150 suam
2939 4091 3327 4166 perfectionem
3362 4105 3417 4148 et
3449 4096 3745 4149 miiitatein
3768 4096 3936 4148 habet
3980 4111 4005 4144 a

778 4176 910 4228 Deo.
947 4172 1099 4225 Sicut
1125 4170 1178 4221 in
1221 4168 1383 4287 relbus
1412 4164 1685 4231 corporeis
1709 4162 1789 4219 sol
1813 4165 1975 4222 habet
1996 4167 2177 4220 lumen
2207 4182 2237 4220 a
2284 4166 2483 4231 seipse,
2518 4166 2569 4220 id
2598 4177 2681 4222 est
2714 4182 2823 4222 iiou
2847 4168 2915 4221 ab
2940 4162 3050 4220 alio
3076 4165 3254 4231 aliquo
3276 4180 3525 4233 corpore,
3553 4166 3723 4220 stella:
3746 4178 3875 4217 vero
3901 4167 4006 4219 tia-

783 4248 911 4287 limit
941 4244 1117 4287 lumen
1150 4254 1178 4287 a
1208 4253 1267 4287 so
1291 4254 1339 4287 e.

780 4248 911 4298 bent
941 4244 1117 4297 lumen
1150 4254 1178 4290 a
1208 4244 1339 4291 sole.

855 4313 988 4367 lliuc
1006 4302 1494 4381 sequituralteruiu
1519 4304 1835 4381 discrimen,
1854 4306 1998 4377 quod
2024 4306 2283 4381 perfectio
2301 4307 2400 4363 ‘Dei
2420 4308 2505 4381 sit
2535 4323 2757 4377 prorsus
2782 4308 3049 4381 illimitata
3073 4317 3127 4381 et
3146 4305 3375 4373 inﬁnita,
3407 4315 3669 4381 creatum
3702 4304 4004 4381 vero‘liini-

784 4394 890 4437 tata
921 4392 976 4437 et
1011 4371 1232 4435 astricta
1259 4380 1326 4432 ad
1348 4389 1552 4431 certam
1576 4371 1837 4446 speciem.
1866 4371 1999 4433 Cum
2024 4371 2169 4433 cnim
2205 4380 2467 4446 perfectio
2495 4371 2673 4433 divina
2704 4396 2809 4433 non
2836 4381 2906 4432 sit
2936 4380 3003 4431 ab
3037 4377 3163 4439 alio,
3192 4394 3300 4430 non
3341 4371 3505 4433 habet
3541 4393 3569 4430 a
3599 4392 3709 4446 quo
3742 4376 4006 4429 liiiiitetur

784 4465 877 4508 aut
904 4465 1212 4507 mensuram
1240 4449 1485 4516 accipiat;
1510 4464 1571 4499 ac
1594 4449 1814 4514 proinde
1837 4464 2056 4502 necesse
2087 4458 2168 4502 est
2201 4465 2421 4503 manere
2456 4451 2778 4503 illiuiitatain
2812 4450 2865 4502 in
2896 4449 3249 4517 amplitudine
3267 4449 3349 4502 sui
3376 4460 3709 4515 conceptus;
3735 4457 4006 4500 creatura:

786 4542 911 4577 vero
948 4522 1211 4594 perfectio
1246 4537 1365 4573 cuin
1392 4521 1461 4573 sit
1490 4535 1518 4570 a
1540 4517 1963 4594 Deo,rliiiiitatur
1990 4522 2282 4594 secundum
2314 4521 2716 4594 ῃιιοαιιιιιλᾳυειιι
2760 4520 2811 4575 ei
2827 4518 3067 4594 imponit
3114 4520 3294 4573 divma
3329 4521 3614 4588 sapientia,
3647 4519 3789 4571 sicut
3819 4518 4006 4569 omnia

784 4590 1113 4663 opera'artis
1144 4606 1449 4663 mensuram
1485 4599 1539 4641 et
1564 4593 1780 4640 modum
1813 4600 1867 4663 ei
1892 4590 2181 4663 terminum
2214 4591 2572 4663 accipiuntab
2604 4600 2721 4644 arte
2752 4590 2983 4663 qpilicu-i.

857 4665 1292 4732 ἰ’θτιὶιιηιισμιυιι
1329 4660 1470 4713 Deus
1498 4674 1712 4712 omnem
1746 4660 2130 4732 perfectionem
2158 4676 2309 4713 suam

2422 4672 2527 4714 ieat
2557 4676 2655 4729 per
2680 4656 2976 4729 simplicem
3006 4676 3158 4716 suam
3187 4674 3497 4725 essentiam,
3523 4658 3664 4711 nulla
3690 4658 3794 4711 alia
3825 4656 4005 4710 forma

788 4738 873 4791 vel
902 4739 1058 4789 modo
1093 4730 1220 4787 reali
1250 4732 1565 4803 accedente;
1598 4746 1755 4783 secus
1782 4730 1835 4783 iii
1876 4733 2161 4785 creaturis.
2193 4734 2345 4784 t‘iulla
2374 4735 2518 4786 ciiiiii
2557 4742 2803 4803 creatura
2832 4735 3007 4803 liabet
3044 4748 3258 4786 omnem
3295 4734 3809 4803 perl'ectioiieingper
3844 4744 4005 4781 suain

786 4808 1101 4868 essentiam,
1142 4806 1235 4857 sed
1271 4818 1406 4870 opus
1431 4811 1514 4853 est
1541 4801 1763 4856 inliiiitis
1794 4805 2179 4870 propemodum
2211 4803 2397 4855 ferinis
2426 4813 2479 4854 et
2498 4802 2925 4871 peifectiouibus
2948 4801 3379 4869 accessoriis,_ut
3400 4804 3633 4871 perlecta
3655 4801 3747 4865 sit,
3774 4808 3829 4850 ut
3853 4811 4004 4869 patet

792 4880 844 4929 in
878 4877 1103 4943 angelis,
1137 4889 1365 4943 quormu
1398 4881 1575 4924 tamen
1615 4886 1806 4926 natura
1835 4872 1973 4924 inter
2001 4872 2327 4926 substantias
2358 4884 2570 4927 creatas
2600 4884 2683 4926 est
2714 4873 3115 4941 simplicissima
3165 4885 3218 4929 et
3261 4872 3653 4942 perfectissima
3705 4887 3720 4922 :
3768 4882 3826 4923 ut
3857 4873 4004 4943 enim

789 4942 1034 5000 omittam
1058 4942 1328 5013 potentias
1349 4950 1403 4995 et
1427 4944 1637 5009 species
1672 4944 2052 5011 iiiteiligibiles,
2085 4959 2221 5013 opus
2257 4954 2341 4997 est
2379 4944 2481 4995 illis
2521 4944 2769 5011 plurimis
2792 4943 3064 4997 habitibus
3105 4953 3159 4998 et
3204 4943 3675 5009 “lustrationibus,
3709 4950 3765 4995 et
3788 4942 4005 4995 actibus

792 5028 903 5073 tum
931 5012 1234 5069 intellectus
1268 5026 1377 5067 tum
1407 5015 1720 5076 voluntatis,
1757 5026 1810 5067 ut
1836 5012 2056 5081 perfecti
2081 5024 2209 5070 snit.

862 5088 999 5141 lliiic
1022 5088 1267 5154 sequitur
1295 5096 1544 5153 quartum
1574 5088 1886 5147 discrimen,
1910 5088 2055 5154 quod
2079 5089 2254 5139 divina
2280 5082 2542 5154 peifectio
2578 5099 2683 5138 non
2709 5087 2878 5157 possit
2907 5100 3139 5155 unquam
3158 5086 3339 5157 augeri
3364 5085 3447 5140 vel
3478 5084 3644 5138 minui
3671 5101 3686 5139 :
3711 5098 3833 5137 cum
3858 5085 4005 5137 enini

790 5168 911 5213 actu
941 5157 1136 5211 habeat
1166 5172 1379 5210 onmem
1406 5156 1787 5223 perfectionem
1825 5160 2152 5225 possibilem,
2186 5159 2328 5210 nulla
2364 5157 2411 5208 ei
2442 5158 2553 5207 lieri
2586 5156 2768 5222 potest
2812 5173 3090 5223 accessio;
3122 5170 3175 5212 et
3207 5156 3330 5212 cum
3371 5159 3567 5212 habeat
3608 5157 3751 5209 illam
3791 5170 3887 5222 per
3917 5174 4002 5208 es-

790 5231 1021 5283 sentiam
1048 5238 1103 5282 et
1137 5245 1166 5280 a
1195 5245 1273 5292 se,
1324 5242 1427 5279 non
1459 5238 1631 5295 potest
1668 5226 1720 5283 ei
1757 5228 1861 5280 ulla
1902 5231 2013 5282 lteri
2046 5230 2331 5281 detractio.
2369 5228 2593 5293 Oportet
2636 5227 2778 5279 enim
2806 5228 2979 5294 ipsum
3007 5230 3297 5283 essentiam
3328 5244 3478 5283 suam
3514 5228 3787 5285 amittere.
3837 5236 3894 5278 ut
3923 5228 4004 5279 vel

794 5302 1071 5352 iiiiiiiinuni
1093 5300 1223 5367 quid
1247 5315 1359 5352 sua:
1388 5302 1736 5366 perfectionis
1765 5302 2011 5365 deserat;
2034 5310 2297 5353 creatum:
2326 5312 2453 5369 vero
2479 5298 2741 5364 perfectio
2767 5307 2939 5364 potest
2967 5310 3019 5351 et
3043 5302 3160 5354 sine
3188 5303 3294 5353 line
3325 5301 3533 5369 augeri,
3558 5308 3611 5353 et
3644 5311 3814 5364 usque
3846 5299 3895 5349 iu
3928 5300 4000 5349 ui-

792 5369 963 5423 biliiiii
992 5370 1259 5426 imminui.
1295 5369 1519 5422 Posseiit
1548 5371 1709 5423 etiam
1736 5371 1911 5436 angeli
1937 5382 1990 5423 et
2016 5371 2261 5424 homines
2292 5368 2455 5428 beati,
2485 5373 2592 5419 Deo
2624 5370 2695 5419 ita
2728 5374 3066 5438 disponente,
3091 5386 3338 5427 crescere
3362 5385 3480 5427 sine
3512 5370 3743 5425 termino
3770 5370 3821 5421 iit
3853 5372 4000 5422 ωιτν

794 5453 902 5495 tate
932 5442 1157 5495 visionis
1184 5442 1380 5496 divina:
1402 5449 1456 5493 et
1479 5456 1661 5495 amore
1684 5444 1956 5507 beatilico,
1985 5453 2039 5500 et
2066 5444 2234 5497 etiam
2261 5453 2422 5494 omne
2453 5443 2653 5497 bouum
2680 5453 2835 5493 suum
2867 5444 3134 5497 amittere.

2104 5606 2329 5661 VARUS
2360 5605 2763 5663 LECTIONES.

937 5719 978 5751 "
1012 5720 1333 5792 ἁποκάμοις,
1369 5723 1428 5777 D.
1520 5725 1562 5755 ⁷ο
1599 5724 1689 5776 καὶ
1722 5723 1951 5794 ἀγέσθω,
1987 5725 2085 5779 Ch.
