4156 6312
206 297 323 354 995
788 295 869 351 DE
903 293 1154 351 DIVINIS
1183 291 1582 356 NOMINIBUS,
1616 291 1768 348 CAP.
1806 293 1944 348 XIII.
1973 324 2038 332 —
2073 291 2424 348 PARSPIIR.
2460 292 2906 351 PACHYMER-IE
3349 298 3453 352 986

293 411 322 482 ᾗ
449 409 551 484 ⁸υιι
595 429 615 464 ι
644 413 997 493 ᾳιιςςηιλσιιία
1020 420 1094 464 est
1111 411 1293 493 omnia
1316 411 1488 493 unice,
1507 420 1612 464 etc.
1639 407 1776 463 llinc
1799 407 2220 493 ngarissiotus,
2254 409 2454 466 decade
2485 427 2541 476 ι,
2574 410 2882 493 Ῑὴοοιοβίω
2919 411 3224 493 materiatae
3266 413 3454 493 decem

206 477 488 550 Capitibus
511 497 540 536 c
565 483 801 536 lﬂCIlldIl.
830 482 1009 536 Primo
1054 499 1066 533 :
1111 479 1225 532 Non
1251 488 1504 548 oportere
1529 493 1791 550 quaerere
1808 477 1858 530 in
1885 477 2173 550 Trinitate,
2197 494 2318 546 qua:
2342 495 2503 547 supra
2523 477 2885 535 snbstantﬁnn
2902 489 3004 550 est.
3028 481 3244 537 habitus
3267 494 3322 536 et
3345 485 3458 542 dis-

207 548 556 618 positiones;
600 568 773 620 neque
802 568 923 607 esse
959 551 1138 620 aliqua
1170 550 1316 604 circa
1346 550 1515 616 ipsam
1548 548 1669 617 quae
1713 548 2232 620 substantiam_ejus
2277 551 2603 615 compleant.
2649 550 2940 605 Secundo:
2978 549 3091 605 Non
3126 568 3247 607 esse
3285 555 3454 611 etiam

204 616 518 694 accidentia
544 616 962 694 quapiamqns
995 616 1063 674 in'
1083 620 1384 694 substantia
1409 620 1524 694 ejus
1551 616 1854 683 exsistant;
1893 633 1990 672 nec
2014 616 2344 674 diaerentias
2361 619 2744 694 substantiales
2770 621 2824 675 in
2863 622 2973 690 ipsa
3003 621 3248 694 intelligi,
3279 624 3454 693 siqni-

205 691 420 761 demet.
448 693 499 746 in
531 689 886 761 incorporeis’,
921 708 1044 760 qua:
1079 691 1148 744 ab
1175 691 1576 761 ipsaproilucta
1613 697 1759 761 sunt,
1793 697 2159 761 nonioportei
2180 704 2426 756 qmerere
2459 689 2819 761 differentiam
2846 689 3268 756 substantiaefet
3290 689 3454 751 ener-

205 759 339 841 giae,
359 777 552 833 neque,
591 758 844 841 tanquam
874 758 1018 841 ali-nd
1049 761 1265 841 a_h_alio,
1284 760 1395 841 isia
1423 770 1480 813 ut
1503 760 1776 841 exsistant
1806 759 2081 841 accidere.
2117 758 2321 841 Tertio,
2345 763 2491 841 quod
2517 760 2576 841 in
2604 763 2833 841 unitate,
2870 777 2990 841 quae
3012 765 3453 841 supra-substan-

210 828 344 883 tiam
375 828 476 896 est,
501 849 604 888 non
624 828 1008 900 sit'qnaarenda
1039 833 1236 900 ubique
1266 828 1565 884 differentia
1590 840 1871 900 ωηιξη-οι
1894 842 2110 900 causam
2140 828 2409 892 habentis,
2443 831 2531 885 ubi
2554 845 2620 885 ex
2650 833 2827 899 seipsa
2851 828 3047 886 dicitur
3072 828 3365 899 exsistere;
3399 847 3453 892 et

209 901 307 954 ubi
331 915 394 955 es
421 903 595 972 seipsa
622 898 801 972 prodit
834 919 928 956 sua
955 898 1167 972 energia
1191 901 1305 955 sive
1329 901 1604 966 operatio;
1629 906 1686 954 et
1714 898 1804 954 ubi
1831 913 1896 972 e_x_
1919 899 2118 972 seipse,
2153 911 2206 952 et
2237 915 2333 969 per
2367 903 2626 972 seipsam.
2661 898 2743 956 ad,
2761 903 2993 970 scipsam
3023 915 3246 957 remeat.
3275 898 3453 969 Quar-

207 978 294 1036 to,
325 974 467 1040 quod
497 967 782 1029 inanitate
818 967 1226 1032 Trinitatis'non
1251 979 1498 1042 oporteat
1537 983 1786 1042 querere
1819 968 1965 1042 aliud
1999 967 2384 1042 siibstaiiiiatti,
2426 967 2491 1042 et
2523 971 2668 1025 aliud
2707 967 2984 1041 energiam
3029 973 3146 1031 sive
3175 967 3451 1042 Operatio-

205 1039 370 1115 siem;
399 1056 572 1113 neque
603 1046 706 1114 tegi
729 1043 1072 1115 lionionymia
1103 1042 1249 1096 verbi
1278 1041 1538 1115 energiae,
1568 1056 1671 1115 nec
1691 1040 2131 1094 existitnaredion
2159 1039 2299 1094 idem
2329 1055 2449 1096 esse
2481 1040 2534 1095 in
2558 1055 2623 1095 ea
2672 1039 3035 1115 substantiam
3068 1053 3122 1098 et
3146 1039 3449 1115 energiam.

205 1109 441 1185 Quinto,
467 1109 610 1182 quod
643 1109 696 1168 iii
723 1109 952 1176 unitate',
984 1128 1105 1185 quae
1127 1127 1288 1182 supra
1309 1110 1674 1185 substantiam
1698 1120 1803 1185 est,
1843 1118 2232 1185 nonoporteat
2257 1126 2504 1185 querere
2533 1113 2810 1185 energiam
2845 1129 2940 1182 per
2965 1129 3028 1185 se
3043 1115 3163 1185 sine
3197 1109 3452 1171 substan-

209 1176 310 1240 tia.
344 1191 397 1236 et
423 1176 528 1237 non
553 1176 1134 1264 persgexsisteniem;
1170 1176 1353 1264 neque
1367 1182 1608 1264 cogitare
1634 1179 1792 1264 simul
1820 1179 1968 1232 aliud
1998 1176 2128 1264 quid
2152 1176 2417 1251 cum'ipsa
2453 1176 2694 1264 unitate;
2719 1176 2897 1264 neque
2923 1184 2995 1237 ab
3027 1184 3452 1264 ea_distingtt_ere

206 1265 369 1306 suam
395 1257 690 1322 energiam.
717 1255 910 1318 Sexto,
933 1255 1076 1322 quod
1103 1254 1158 1308 in
1185 1251 1393 1306 unitate
1423 1251 1707 1305 Trinitatis
1730 1266 1836 1322 non
1855 1259 2110 1322 _oporteat
2139 1265 2384 1319 quaerere
2414 1252 2562 1306 aliud
2589 1253 2944 1308 substantiam
2979 1264 3034 1309 et
3060 1254 3204 1310 aliud
3233 1251 3450 1310 lio'nita-

205 1330 346 1386 tem,
373 1339 472 1380 nec
493 1320 638 1380 aliud
673 1324 902 1380 formam
926 1320 979 1380 et
1006 1323 1151 1378 aliud
1171 1322 1555 1386 substantiam,
1589 1336 1688 1375 nec
1717 1320 1866 1374 aliud
1894 1321 2055 1374 vitam
2088 1323 2170 1373 vel
2195 1322 2521 1390 sapientiam
2557 1322 2640 1375 vel
2672 1324 2950 1387 virtutem,
2990 1323 3137 1378 aliud
3164 1339 3294 1378 vero
3315 1326 3447 1386 sub—

203 1393 748 1469 sta_niiamej_usdem._
780 1395 1051 1469 Septimo,
1087 1411 1192 1448 non
1227 1395 1356 1469 item
1387 1391 1736 1469 quati-endam
1765 1390 1931 1469 .aliud
1970 1393 2499 1469 esseucognit‘ionetn
2532 1391 2686 1469 ejus,_
2719 1396 2801 1446 vel
2844 1394 3169 1469 cli‘aritatem
3192 1393 3331 1469 ejus.
3365 1396 3449 1450 vel

204 1461 670 1530 pulchritudinem
701 1461 952 1531 elus,_vel
988 1462 1450 1519 immortalitatem
1481 1462 1616 1528 ejus,
1642 1473 1697 1514 et
1729 1461 1832 1515 alia
1861 1461 2146 1528 ejusmodi,
2179 1462 2326 1532 aliud
2352 1475 2480 1516 vero
2509 1461 2840 1532 singularem
2870 1462 2989 1531 ejus
3011 1461 3370 1519 substantiam
3395 1476 3452 1521 et

201 1533 585 1610 exsistentiam
613 1550 943 1610 supraquam
995 1532 1502 1610 divinam.0ctavo,
1528 1533 1671 1610 quod
1705 1532 1758 1586 in
1797 1533 2006 1610 unitate
2031 1546 2195 1600 supra
2227 1531 2718 1610 substantiatn_’no_n
2741 1544 2990 1610 Opo‘rteat
3025 1549 3292 1610 quaerere,
3321 1536 3448 1610 quia

203 1601 326 1674 haec
369 1615 451 1658 est
498 1601 700 1669 omnia,
732 1601 934 1660 ideirco
965 1605 1127 1659 multa
1153 1604 1268 1672 ejus
1297 1618 1454 1674 esse;
1486 1613 1540 1659 et
1582 1601 1794 1674 diversa
1820 1602 2046 1674 omnia;
2077 1614 2161 1674 est
2191 1602 2334 1674 enim
2361 1618 2424 1657 ea
2458 1601 2639 1674 omnia
2682 1601 2794 1669 ipsa
2825 1604 3010 1659 divina
3046 1601 3103 1658 et
3142 1603 3300 1659 beata
3332 1601 3452 1674 ejus

201 1671 539 1738 substantia,
564 1691 682 1744 quae
708 1677 869 1731 habet
896 1676 1101 1740 omnia,
1132 1671 1236 1744 nan
1263 1673 1448 1728 utalia
1488 1674 1539 1727 in
1574 1672 1700 1735 alio,
1731 1673 1826 1727 sed
1854 1671 1973 1745 sine
2006 1671 2325 1745 habitudine
2359 1682 2414 1726 et
2437 1673 2685 1745 collecte,
2728 1674 2862 1728 nihil
2896 1674 3101 1745 babens
3143 1671 3377 1745 duplex;
3394 1684 3452 1730 et

200 1757 370 1812 supra
395 1760 556 1800 omne
586 1743 772 1801 unum.
799 1745 975 1810 Nono,
1006 1747 1148 1814 quod
1176 1746 1230 1800 in
1261 1746 1494 1806 unitate,
1523 1759 1646 1814 qua:
1678 1757 1836 1811 supra
1856 1743 2211 1796 substantiam
2243 1753 2348 1806 est,
2379 1758 2556 1812 neque
2583 1743 2909 1812 principium
2953 1743 3072 1812 ejus
3121 1759 3178 1798 re
3215 1743 3359 1801 erire
3387 1747 3449 1798 li-

200 1825 347 1868 ceat.
382 1831 557 1868 neone
589 1819 848 1868 medium.
874 1831 1044 1868 necne
1077 1818 1235 1868 linem
1263 1832 1277 1868 :
1341 1829 1516 1868 necne
1541 1815 1611 1868 sit
1631 1811 1833 1868 aliquid
1867 1819 2057 1868 totum.
2091 1811 2216 1868 quia
2247 1812 2298 1866 in
2327 1827 2652 1868 unoouooue
2678 1828 2866 1868 eorum
2923 1831 3042 1868 nua-
3069 1762 3449 1868 intei’liizuntnr

198 1825 347 1878 ceat,
382 1831 557 1885 neque
589 1819 848 1881 medium,
874 1811 1044 1885 neque
1077 1818 1235 1870 linem
1263 1832 1277 1881 ;
1341 1829 1516 1882 neque
1541 1811 1611 1868 sit
1631 1811 1833 1882 aliquid
1867 1819 2057 1885 totum,
2091 1811 2216 1882 quia
2247 1812 2298 1866 in
2327 1811 2652 1885 unoquoque
2678 1811 2866 1869 eorum
2923 1811 3042 1885 qua-
3069 1811 3449 1884 intelliguntur

197 1893 291 1937 est
314 1894 422 1938 tota
457 1883 511 1940 et
537 1887 688 1955 sola;
737 1901 914 1956 neque
943 1883 1013 1938 sit
1045 1886 1247 1956 aliquid
1285 1898 1474 1940 eorum
1499 1899 1622 1954 quas
1647 1892 1795 1947 sunt,
1833 1883 2110 1956 quia_ipsa
2140 1892 2224 1956 est
2251 1884 2472 1948 omnia;
2516 1883 2690 1952 neque
2733 1885 2898 1940 liceat
2933 1883 3041 1939 uno
3072 1883 3292 1941 nomine
3322 1901 3446 1940 eam

196 1956 512 2024 complecti.
547 1951 791 2020 Decimo,
816 1951 957 2024 Quod
992 1951 1170 2009 unitas
1203 1953 1489 2009 Trinitatis
1516 1951 1690 2024 supra
1713 1951 1930 2024 omnem
1954 1951 2114 2024 532
2145 1955 2509 2009 substantiam
2535 1951 2628 2017 sit,
2657 1966 2710 2024 et
2735 1970 2898 2024 supra
2934 1970 3148 2010 onmem
3185 1959 3446 2011 unitatem

194 2033 250 2097 et
285 2022 589 2097 trinitatem
619 2029 774 2082 nobis
805 2022 1110 2097 cognitam;
1134 2027 1352 2097 etquod
1382 2039 1559 2097 neque
1588 2022 1890 2097 substantia
1923 2022 2143 2097 ιιὶίυιξο
2172 2024 2374 2087 unitas,
2409 2041 2583 2094 neque
2607 2022 2822 2078 trinitas
2851 2028 2918 2080 ab
2951 2027 3058 2080 ullo
3081 2027 3319 2096 cognita.
3349 2042 3449 2081 nec

196 2094 440 2162 inlinita,
476 2109 570 2152 aut
619 2099 671 2152 in
713 2092 898 2152 multis
956 2092 1262 2152 numerata.
1298 2095 1428 2148 Vide
1473 2092 1588 2150 bzec
1637 2093 1780 2162 apud
1834 2092 2263 2164 Cyparissiotum
2325 2107 2423 2162 per
2487 2092 2673 2149 decem
2729 2097 2908 2164 capita
2969 2092 3447 2163 iusius'deducta,

191 2175 253 2288 2.
287 2182 358 2248 ex
409 2165 660 2224 Patribus
695 2185 762 2224 ac
797 2167 1094 2238 Scripturis
1127 2167 1500 2235 comprobata.
1525 2165 1764 2221 Consule
1787 2162 1954 2218 etiam
1987 2165 2052 2220 Ι).
2077 2163 2362 2229 Thomam,
2403 2178 2557 2234 parte
2588 2179 2629 2230 ι,
2672 2162 2868 2234 Quaest.
2910 2166 2967 2233 ὅ,
3005 2167 3082 2222 De
3109 2162 3447 2235 simplicitate

249 2251 319 2288 et.

249 2251 319 2292 ει.

270 2306 298 2378 ς
325 2305 426 2378 Vill.
473 2307 637 2363 Nulla
672 2319 845 2363 autem
890 2310 1064 2363 unitas
1094 2307 1177 2360 ’ναί
1205 2309 1436 2372 inuitas,
1467 2313 1598 2368 etc.,
1632 2304 1856 2378 explicat
1883 2304 2134 2358 arcanum
2165 2305 2318 2360 illud.
2349 2305 2480 2359 Nota
2515 2321 2638 2361 cum
2674 2306 2922 2361 Litanuele
2953 2305 3183 2362 Caleclia
3219 2308 3270 2362 in
3303 2305 3447 2378 libro

190 2374 587 2441 Dev'l‘rmitute,
621 2382 907 2450 imagines,
945 2394 1080 2450 quas
1115 2378 1304 2450 Patres
1332 2379 1712 2450 excogitarunt
1743 2377 1808 2427 ad
1839 2378 2248 2450 assimilandum
2278 2391 2369 2450 eas
2399 2390 2671 2450 utcunque
2695 2378 2975 2450 'I'rinitati.
3008 2378 3304 2448 Gregorius
3336 2375 3444 2430 Na-

191 2461 490 2504 zianzenus
525 2466 649 2503 cum
673 2447 832 2506 oculo
856 2447 1043 2514 l'onns,
1074 2461 1126 2503 et
1153 2447 1319 2512 fonte,
1341 2461 1393 2502 et
1422 2448 1584 2501 iluvio
1613 2457 1924 2515 comparat;
1963 2448 2094 2500 item
2122 2463 2245 2501 cum
2273 2448 2407 2510 sole,
2435 2449 2610 2514 radio,
2644 2448 2884 2514 lumine;
2926 2449 3054 2503 item
3078 2447 3203 2503 cum
3238 2456 3445 2510 mente,

189 2517 510 2591 ᾴνθυμήσει,
540 2522 592 2574 id
616 2532 696 2576 est
730 2520 1189 2582 consideratione,
1212 2520 1416 2585 animo,
1446 2521 1499 2574 in
1535 2518 1732 2591 quibus
1765 2524 1978 2591 nonest
1998 2517 2193 2591 divisio
2216 2517 2312 2591 ‘vel
2341 2518 2544 2591 sectio;
2572 2521 2701 2591 item
2735 2534 2859 2572 cutn
2889 2519 3086 2588 triplici
3119 2518 3231 2574 sole
3258 2527 3312 2572 et
3337 2533 3444 2591 u_na

188 2584 415 2660 inmiins
444 2584 842 2646 commistione.
869 2591 1167 2659 Gregorius
1196 2584 1469 2660 hyssenus
1496 2584 1666 2642 in’lib.
1693 2587 1764 2660 De
1797 2584 2058 2639 Trinitate
2092 2589 2208 2642 inec
2236 2589 2341 2641 tria
2375 2589 2505 2642 dicit
2534 2584 2658 2643 esse
2689 2590 2740 2642 in
2769 2584 3108 2658 nobisfqua:
3136 2597 3264 2643 sunt
3291 2586 3441 2654 νοῦς,

187 2657 371 2733 λόγος,
406 2661 642 2733 πνεῦμα.
681 2679 700 2713 ι
736 2662 904 2727 Mens,
933 2657 1127 2729 iniquit,
1152 2657 1292 2728 parit
1321 2663 1606 2733 rationem,
1632 2658 1771 2733 ratio
1802 2665 1981 2733 movet
2010 2669 2270 2733 mentem,
2303 2667 2357 2713 et
2383 2675 2559 2733 neque
2580 2675 2731 2713 mens
2752 2657 3112 2733 sine_ratione
3141 2668 3245 2722 est,
3269 2673 3446 2728 neque

188 2727 505 2805 ratiosine
547 2727 768 2797 'mente;
823 2727 1074 2805 similiter
1121 2727 1240 2784 sine
1279 2731 1497 2798 spiritu,
1556 2729 1670 2805 qui
1704 2737 1788 2805 est
1864 2727 1918 2805 in
1972 2728 2166 2805 nobis,
2204 2745 2310 2805 non
2369 2727 2482 2785 erit
2510 2745 2576 2805 ex
2611 2740 2833 2805 _men_te.
2875 2727 3444 2805 Haec,_iiitluit,_suttt

186 2803 444 2871 gquaiia,
469 2814 523 2857 et
549 2805 788 2871 separari
814 2818 844 2855 a
868 2819 926 2856 se
952 2804 1185 2856 invicem
1219 2797 1946 2871 nonpossunt._$ic,inquit,
1978 2797 2386 2871 intelligendum
2413 2801 2572 2856 estin
2611 2798 2894 2854 Trinitate.
2929 2817 2949 2851 ι
2989 2800 3096 2855 Alii
3120 2797 3242 2853 cum
3272 2797 3440 2862 fonte,

185 2868 357 2924 ﬂuvio
395 2885 451 2927 et
481 2868 630 2940 lacn;
655 2890 777 2928 cum
807 2875 948 2943 igne,
978 2874 1190 2925 llamma
1241 2881 1296 2924 et
1320 2868 1546 2943 lumine.
1571 2868 1807 2943 Cyrinus
1833 2883 1955 2943 eum
1989 2869 2193 2943 radice,
2224 2885 2376 2924 ramo
2407 2882 2460 2924 et
2516 2872 2733 2932 fructu;
2769 2872 2910 2924 idem
2937 2885 3062 2924 cum
3094 2871 3289 2943 digito,
3321 2884 3443 2922 ma-

186 2957 261 2997 nu
303 2952 357 2997 et
407 2939 664 3009 brachio;
695 2953 750 2998 et
799 2939 936 2997 aiias
981 2959 1104 2996 cum
1139 2957 1283 3006 rosa,
1309 2941 1442 2996 ﬂore
1467 2952 1522 2995 et
1544 2943 1730 2994 odore.
1763 2941 1818 2993 in
1839 2939 1921 2993 his
1947 2941 2202 2994 omnibus
2231 2943 2581 3007 reperiuntur
2609 2944 2854 3009 quaedam
2889 2940 3269 3010 inseparabilia
3314 2953 3345 2992 a
3369 2953 3442 3010 se

185 3023 403 3078 mutuo,
433 3029 553 3082 qua:
577 3024 945 3077 assumuntur,
978 3015 1044 3066 ad
1094 3014 1480 3067 declarandum
1511 3021 1785 3078 utcunque
1820 3025 1942 3082 esse
1978 3020 2089 3082 tres
2118 3025 2380 3078 personas
2418 3012 2832 3080 inseparabiles,
2879 3009 3299 3081 proprietatibus
3327 3009 3441 3082 dis-

187 3084 417 3148 tinctas,
451 3078 508 3139 et
548 3087 709 3139 unius
735 3086 1076 3151 substantiae,
1110 3086 1182 3138 ita
1221 3093 1278 3136 ut
1315 3085 1382 3135 ab
1413 3083 1522 3136 alio
1563 3091 1806 3136 sumatur
1831 3080 1895 3134 τὸ
1920 3078 2244 3150 ἀχώριστον,
2302 3083 2358 3136 id
2391 3093 2477 3137 est
2503 3078 2925 3152 inseparabilitds
2953 3078 3334 3151 personarum,
3370 3081 3440 3135 ab

183 3156 298 3209 alio
332 3157 392 3208 τὸ
423 3154 728 3226 ὁμοούσιον,
759 3155 811 3210 id
843 3164 924 3211 est
944 3153 1484 3211 consubstantialitas.

1239 3450 1720 3510 PARAPHRASIS
1751 3447 2200 3506 PACIIYHERxE
2234 3449 2372 3517 (50).

259 3588 289 3660 ᾗ
319 3591 359 3641 ι.
410 3588 526 3641 Ἐπ’
554 3588 686 3641 αὐτὸ
713 3590 881 3659 χωρεῖ
911 3588 972 3640 τὸ
990 3588 1337 3660 ἰσχυρότατον
1359 3588 1668 3659 κεφάλαιον,
1698 3589 1756 3644 τὸ

1934 3588 1960 3660 ς
1992 3589 2030 3643 l.
2071 3587 2294 3649 Transit
2335 3590 2402 3642 ad
2429 3596 2592 3657 caput
2623 3587 2773 3653 illud,
2804 3590 2947 3655 quod
2983 3591 3322 3658 potissimum
3353 3602 3439 3649 est

179 3683 313 3752 περὶ
341 3680 543 3733 τελείου
590 3681 682 3734 καὶ
728 3680 863 3743 ἑνός.
906 3680 1029 3744 Πῶς
1071 3681 1125 3734 δὲ
1172 3680 1550 3752 ίσχυρότατονς
1592 3683 1672 3735 ὅτι
1699 3683 1758 3734 αἰ

181 3777 285 3846 μὲν
313 3774 466 3828 ἄλλαι
495 3773 790 3844 θεωνυμίαι
821 3774 918 3844 μία
957 3774 1050 3826 καὶ
1082 3772 1202 3826 καθ’
1232 3752 1409 3844 αὐτὴν
1429 3773 1666 3842 ἐλέγετο,
1697 3774 1759 3826 τὸ

176 3868 238 3921 δὲ
267 3867 466 3920 τέλειον
496 3866 819 3934 συνάγεται·
853 3867 933 3918 ὅτι
963 3865 1141 3919 πάντα
1159 3865 1372 3935 λέγεται
1400 3870 1429 3919 ὁ
1458 3868 1651 3932 αἴτιος,
1674 3870 1757 3922 οὐ·

173 3959 326 4022 δενὸς
344 3958 772 4028 ἀπολειπομένου
800 3957 907 4011 τῶν
937 3956 1192 4009 αἰτιατῶν
1213 3960 1290 4021 εἰς
1317 3958 1378 4010 τὸ
1411 3957 1484 4030 μὴ
1505 3958 1756 4027 λέγεσθαι

174 4053 246 4103 ἐκ
273 4049 478 4103 τούτου.
514 4051 684 4102 Ὅπου
716 4049 772 4102 δὲ
800 4049 952 4102 οὐδὲν
994 4049 1248 4113 ἐλλείπει,
1295 4049 1495 4103 τέλειον
1539 4051 1757 4116 πάντως

176 4142 318 4195 ἐστί.
349 4143 459 4196 Καὶ
496 4141 656 4194 πάλιν
685 4141 799 4212 ἅμα
835 4141 1010 4194 πάντα
1052 4141 1285 4210 λέγεται,
1336 4143 1428 4195 καὶ
1465 4145 1526 4195 οὐ
1557 4145 1618 4196 τὸ
1658 4145 1756 4215 μὲν

175 4235 464 4306 πρότερον,
495 4234 555 4287 τὸ
587 4234 643 4288 δὲ
674 4234 928 4307 ὕστερον·
974 4235 1006 4306 ἢ
1055 4235 1116 4288 τὸ
1147 4236 1245 4306 μὲν
1273 4236 1365 4287 ἐπὶ
1395 4235 1578 4298 πλέον,
1610 4235 1672 4288 τὸ
1700 4237 1756 4291 δὲ

173 4329 266 4380 ἐπ’
296 4327 539 4380 ἔλαττον⁹
563 4328 596 4398 ἢ
624 4328 686 4380 τὸ
720 4329 815 4398 μὲν
842 4328 1213 4400 χρονιωτέρως
1231 4329 1324 4380 καὶ
1346 4329 1753 4401 μονιμωτέρως,

171 4420 240 4473 τὸ
284 4419 339 4472 δὲ
377 4419 442 4472 δι’
473 4419 650 4488 ὀλίγου
681 4421 774 4473 καὶ
799 4421 1130 4483 ἐπιπολαίως
1152 4437 1165 4452 ·
1219 4421 1396 4475 πάντα
1425 4422 1532 4495 γὰρ
1561 4423 1758 4495 ἐπίσης

173 4510 586 4577 ἀπολείπονται,
647 4512 749 4565 κᾶν
785 4511 1011 4581 ἄγγελον
1069 4513 1263 4577 εἴποις,
1312 4513 1415 4567 κᾶν
1467 4513 1755 4588 μύρμηκα,

173 4603 367 4676 ὥσπερ
409 4605 473 4677 δὴ
507 4605 703 4678 ἐπίσης
745 4605 1128 4658 ἀπολείπονται
1155 4607 1292 4677 πρὸς
1320 4605 1379 4658 τὸ
1406 4605 1631 4678 ἄπειρον
1661 4609 1756 4662 καὶ⁸

1862 3681 1928 3734 de
1983 3678 2223 3749 perfecto
2273 3689 2328 3734 et
2377 3696 2504 3734 uno.
2557 3680 2837 3746 Quomodo
2885 3696 3013 3734 vero
3059 3683 3440 3751 potissimum?

1851 3771 2116 3838 quoniam
2139 3769 2256 3824 alia:
2281 3769 2502 3839 quidem
2531 3769 2625 3822 Dei
2654 3768 3125 3825 denominationes
3150 3771 3216 3826 de
3247 3787 3352 3826 una
3378 3787 3440 3829 re

1859 3863 2113 3932 quapiam
2146 3875 2394 3916 seorsum
2425 3861 2768 3928 dicebantur,
2797 3860 3062 3931 perfectio
3102 3877 3234 3918 vero
3269 3880 3439 3936 copu-

1860 3952 2039 4021 latur;
2072 3954 2334 4023 quoniam
2382 3969 2546 4008 causa
2595 3955 2839 4009 omnium
2883 3955 3233 4020 pradicatur,
3287 3956 3437 4012 nullo

1859 4046 2052 4102 etfectu
2083 4048 2388 4112 deiiciente,
2416 4047 2508 4116 qni
2534 4061 2640 4100 non
2669 4047 2737 4101 ab
2769 4047 2870 4100 liae
2897 4047 3276 4102 denominetur
3301 4065 3314 4101 :
3343 4049 3438 4103 ubi

1859 4151 2038 4193 autem
2062 4139 2418 4203 niliiideiicit,
2444 4137 2703 4206 perfectio
2716 4137 2830 4208 jam
2847 4137 3069 4192 omnino
3087 4140 3325 4194 exsistit.
3363 4138 3432 4194 Et

1864 4244 2076 4284 rursum
2125 4228 2286 4283 simul
2339 4231 2520 4283 omnia
2573 4228 2794 4296 dicitur,
2848 4239 2902 4282 et
2947 4245 3053 4283 non
3087 4230 3190 4290 hoc
3216 4231 3434 4300 quidem

1860 4322 2033 4391 prius,
2083 4321 2327 4376 alternm‘
2364 4337 2495 4377 vero
2561 4324 2866 4392 posterius;
2927 4323 3010 4376 Vel
3053 4324 3155 4378 lioc
3209 4327 3434 4394 quidem

1861 4415 2054 4484 magis,
2089 4414 2316 4468 alterum
2350 4429 2478 4469 vero
2528 4417 2741 4480 minus;
2795 4414 2879 4470 vel
2909 4414 3010 4469 lioe
3038 4416 3258 4485 quidem
3293 4431 3435 4474 tem-

1860 4522 1994 4575 pore
2020 4507 2273 4577 longiori.
2307 4517 2357 4560 et
2389 4509 2848 4577 perseverantius,
2881 4510 3010 4563 illud
3037 4525 3167 4563 vero
3195 4510 3436 4568 breviori

1858 4609 1913 4651 et
1959 4598 2169 4664 obiter;
2202 4600 2384 4654 omnia
2435 4602 2579 4654 enim
2627 4602 2910 4671 wqualiter
2943 4604 3012 4658 ab
3049 4606 3167 4674 ipso
3205 4606 3432 4674 distant,

170 4696 246 4748 τά
274 4697 419 4766 χίλια
455 4701 548 4751 καὶ
578 4697 646 4751 τὰ
672 4698 821 4751 δέκα.
858 4698 1060 4765 Ἤγουν
1101 4699 1200 4750 οὐκ
1228 4693 1297 4768 ἦν
1340 4698 1447 4751 ἀπό
1484 4715 1630 4762 τινος
1649 4699 1756 4752 τῶν

1859 4693 1971 4745 sive
1997 4693 2249 4762 angelum
2273 4692 2501 4756 dixeris,
2519 4693 2636 4746 sive
2661 4694 2963 4763 formicam,
2987 4697 3133 4752 sicut
3153 4699 3436 4769 aequaliter

171 4790 434 4843 αἰτιατῶν
476 4792 504 4842 ὁ
531 4792 700 4853 αἴτιος
733 4789 1014 4858 λέγεσθαι’
1047 4789 1080 4860 ἢ
1114 4791 1160 4842 εί
1189 4791 1296 4842 ἀπό
1328 4807 1491 4854 τινος,
1525 4792 1619 4843 καὶ
1650 4791 1756 4844 ἀπὸ

1859 4784 2154 4838 abiniinito
2184 4785 2551 4839 distantmille
2577 4795 2630 4839 et
2659 4788 2865 4841 decem.
2899 4787 3086 4860 Itaque
3114 4805 3220 4845 non
3250 4800 3433 4862 potest

172 4882 413 4937 πάντων.
448 4884 628 4946 Ὅθεν,
657 4886 705 4936 εί
735 4884 850 4954 ἅμα
871 4883 1047 4936 πάντα
1077 4883 1322 4951 λέγονται
1352 4885 1445 4937 ἐπὶ
1464 4882 1620 4947 Θεοῦ,
1651 4885 1752 4956 ήδη

1860 4879 1926 4930 ab
1949 4877 2130 4945 aliquo
2159 4877 2351 4933 elI'ectu
2381 4892 2548 4931 causa
2589 4879 2720 4942 dici,
2745 4880 2825 4934 vel
2855 4881 2902 4935 si
2946 4883 3014 4934 ab
3051 4883 3235 4950 aliquo
3261 4883 3430 4937 etiant

173 4976 500 5045 ἐμφαίνεται
523 4977 616 5028 καὶ⁵
643 4975 703 5027 τὸ
720 4975 778 5028 ἓν
799 4992 811 5005 ·
846 4976 892 5027 εἰ
920 4975 1028 5046 γὰρ
1062 4975 1135 5047 μὴ
1163 4970 1231 5045 ἦν
1265 4975 1604 5046 ὑπερέχουσα
1643 4977 1755 5029 ἐνό-

1859 4974 1926 5024 ab
1956 4973 2229 5025 omnibus.
2267 4971 2419 5027 Unde
2443 4973 2487 5025 si
2519 4972 2679 5026 simul
2704 4975 2883 5027 omnia
2913 4975 3166 5029 dicantur
3195 4977 3262 5030 de
3300 4977 3430 5043 Deo,

171 5083 276 5135 της
303 5067 361 5118 ὲν
388 5067 581 5136 τούτῳ,
610 5068 709 5120 οὐκ
739 5067 804 5121 ἂν
841 5067 1149 5140 ὲφήρμοζεν
1181 5067 1433 5120 ἁπάντων
1463 5068 1632 5120 ὄντων
1662 5070 1756 5121 καὶ

1859 5065 1965 5133 iam
1998 5075 2221 5133 apparet
2248 5065 2414 5118 etiam
2463 5064 2588 5118 illud
2639 5082 2802 5119 unum
2846 5084 2860 5120 :
2900 5068 3002 5120 nisi
3049 5071 3194 5122 enim
3227 5086 3335 5139 quo
3365 5071 3433 5125 ad

175 5161 315 5229 ἅμα.
362 5160 510 5213 Ἐπεὶ
528 5159 656 5228 γοῦν
676 5160 818 5214 οὕτω
832 5161 1002 5214 ταῦτα
1023 5161 1224 5213 τέλειον
1250 5160 1464 5228 λέγεται
1492 5161 1552 5213 τὸ
1581 5161 1754 5224 Θείον,

1864 5159 1964 5211 hoc
1993 5163 2172 5214 unitas
2198 5157 2286 5213 illa
2311 5159 2598 5223 emineret,
2635 5161 2823 5229 utique
2863 5162 3021 5216 simul
3063 5163 3229 5215 etiam
3269 5165 3433 5230 rebus

173 5254 242 5306 οὐ
268 5253 426 5324 μόνον
470 5254 546 5317 ὡς
594 5253 874 5324 μονοειδῶς
908 5254 1271 5325 διοριζόμενον
1303 5255 1388 5322 ἐφ’
1434 5253 1628 5306 ἑαυτοῦ
1661 5255 1756 5307 καὶ

1859 5252 2107 5306 omnibus
2131 5267 2236 5306 non
2265 5252 2602 5307 conveniret.
2626 5254 2758 5308 Cum
2785 5255 2969 5322 itaque
2999 5256 3142 5310 Deus
3160 5255 3436 5324 perfectus

175 5346 300 5399 καθ’
329 5346 509 5409 ἑαυτὸ,
561 5346 740 5416 (τοῐτο
767 5347 877 5418 γάρ
911 5347 1059 5400 ἐστιν
1107 5348 1231 5419 ὄρος
1272 5347 1513 5399 τελείουο
1556 5348 1618 5400 τὸ
1659 5349 1752 5418 ἀφ’

1859 5346 2093 5412 dicatur,
2121 5362 2223 5400 non
2250 5347 2424 5400 solum
2455 5355 2711 5416 tanquam
2745 5346 3089 5402 nnil'ormiter
3115 5363 3144 5402 a
3173 5362 3232 5402 se
3252 5357 3307 5403 et
3336 5364 3433 5417 per

175 5438 372 5492 ἑαυτοῦ
411 5442 504 5493 καὶ
539 5443 636 5494 οὐκ
683 5439 900 5506 ἔξωθεν,
949 5443 1042 5496 καὶ
1070 5442 1191 5495 καθ’
1221 5442 1374 5505 αὐτὸ,
1398 5443 1490 5494 καὶ
1521 5444 1581 5495 οὐ
1615 5443 1756 5497 κατά

1861 5453 1920 5492 se
1966 5439 2223 5495 deﬁnitus
2254 5441 2391 5510 (lucc
2416 5441 2560 5493 enim
2591 5450 2673 5494 est
2703 5440 2927 5509 perfecti
2957 5443 3201 5495 deiinitio
3231 5455 3246 5495 :
3276 5442 3431 5508 Quod

176 5532 542 5604 συμϐεϐηκὸς,
567 5535 868 5605 μονοειδῶς,
904 5537 1068 5607 ἤγουν
1097 5535 1218 5588 καθ’
1251 5535 1310 5589 ὃν
1330 5536 1394 5589 ἀν
1421 5553 1504 5598 τις
1534 5535 1756 5588 ὲπιὸἀλ-

1863 5545 1891 5582 a
1925 5545 1984 5584 se
2012 5530 2146 5599 ipso,
2174 5540 2227 5584 et
2254 5546 2356 5584 non
2390 5531 2731 5586 extrinsecus
2763 5571 2779 5598 ,
2810 5541 2864 5586 et
2892 5547 2985 5602 per
3005 5548 3082 5598 se,
3113 5542 3167 5586 et
3196 5548 3304 5588 non
3334 5548 3432 5604 per

173 5620 258 5679 λοι
274 5625 495 5696 τρόπον,
523 5627 725 5699 ὁμοίως
741 5629 835 5683 καὶ
854 5629 1066 5691 ταύτῶς
1092 5627 1487 5700 ἀφορίζεσθαι),
1511 5628 1644 5682 ἀλλά
1663 5631 1756 5682 καὶ

1864 5625 2142 5691 accidens,
2182 5623 2546 5692 uniformiter,
2593 5625 2732 5694 sive,
2763 5635 2821 5681 ut
2855 5628 2956 5684 hoc
2988 5628 3148 5685 modo
3177 5627 3300 5696 quis
3337 5641 3428 5683 ac-

247 5754 362 5820 (50l
395 5755 523 5816 Vitlc
551 5758 765 5816 Scholia
787 5759 842 5818 S.
881 5761 1098 5818 Maximi
1133 5772 1261 5819 tom.
1294 5761 1354 5830 II,
1394 5780 1510 5834 cap.
1550 5765 1636 5831 l5,
1678 5761 1748 5816 De
1773 5762 1962 5819 divinis
1995 5764 2194 5819 nomiu.
