4156 6312
746 298 850 356 987

1910 312 1966 371 S.
2002 316 2300 374 DlONYSll
2328 317 2786 378 ΑΒΕΟΡΑΟΙΤιΕ

3895 335 4004 389 988

745 415 936 505 cipiat,
959 416 1215 478 similiter
1236 432 1291 499 et
1324 426 1555 485 identiee
1584 420 1837 486 deﬁnitur
1865 474 1880 499 ,
1900 436 2164 503 quinimo,
2188 448 2305 493 tan-

2416 440 2491 503 ὼς
2524 440 2833 513 ὑπερτελὲς,
2879 442 3020 497 κατὰ
3048 443 3143 497 τὸν
3173 445 3498 499 ἀποδοθέντα
3532 449 3658 519 περὶ
3689 448 3803 503 τῶν
3836 449 3999 505 Θείωι

745 498 909 602 quam
974 511 1094 580 plus
1153 528 1317 584 quam
1385 518 1722 588 perlectum,
1754 566 1755 569 η
1788 498 2081 582 secundum
2150 498 2310 602 533

743 600 1031 669 rationem,
1074 604 1128 658 in
1175 606 1373 664 divinis
1404 611 1724 669 nominibus
1768 617 2136 688 assignatam,
2174 600 2314 690 quo;

744 690 984 747 niam‘ex
1009 694 1215 753 elfectis
1236 709 1427 754 auctor
1455 701 1856 772 denominatur,
1884 711 2130 777 quamvis
2144 714 2309 770 etiam

740 796 934 852 supra
971 785 1094 842 illos
1133 790 1224 857 sit,
1259 792 1337 846 eti
1360 807 1458 862 per
1496 784 1781 851 excessum
1832 801 2142 858 nominetur
2188 806 2310 872 plus

740 890 905 943 quam
936 879 1289 950 bonus..plus
1322 899 1485 953 quam
1518 889 1769 949 essentia.
1806 890 2072 949 Ceterum
2129 897 2197 951 ab
2222 896 2306 951 el-

740 965 979 1059 l'ectuum
1016 986 1306 1055 rerumque
1336 976 1666 1046 perfectione
1694 980 1833 1053 Deus
1870 999 2088 1056 quoque
2120 1003 2311 1059 supra-

738 1055 902 1149 quam
926 1054 1543 1144 perlectus‘przedicatur
1582 1084 1598 1123 :
1632 1063 1745 1141 ipse
1769 1054 1913 1138 enim
1941 1054 2022 1133 sui
2049 1054 2219 1149 ipsius
2254 1090 2309 1137 et

738 1148 863 1240 linis
891 1160 945 1205 et
982 1151 1135 1209 locus
1161 1166 1268 1222 est,
1306 1159 1543 1229 nihilque
1568 1162 1733 1232 supra
1768 1164 1934 1221 Deum
1954 1148 2305 1240 extenditur,

738 1239 869 1306 quin
912 1240 1078 1297 etiam
1119 1244 1349 1314 ipsemet
1402 1249 1611 1306 inﬁnita
1662 1256 1866 1311 deﬁnit.
1930 1256 2064 1313 Nam
2110 1239 2309 1318 saecula

736 1342 1007 1423 quaesout
1028 1335 1251 1412 ‘inllnita
1289 1338 1486 1409 (neque
1532 1344 1675 1398 enim
1706 1346 1864 1402 linem
1903 1349 2122 1412 habent)
2163 1354 2306 1423 ipse.-

738 1432 853 1476 ntet
870 1421 1079 1479 inﬁnita
1112 1430 1784 1499 magnitudiuexexcedens
1797 1439 2080 1509 multiplici
2099 1421 2197 1497 sua
2223 1445 2313 1498 in-

737 1507 949 1567 linitate
973 1518 1379 1586 complectitur:
1395 1532 1449 1575 et
1463 1539 1679 1580 onmem
1696 1529 1859 1581 vitam
1879 1507 2094 1586 ter—mini
2120 1546 2311 1605 exper-

739 1606 870 1661 tem,
887 1611 944 1654 ut
958 1602 1008 1681 iu
1026 1603 1426 1663 intellectilibus
1445 1628 1459 1665 :
1481 1628 1582 1666 non
1599 1616 1743 1670 enim
1760 1618 1843 1671 bis
1862 1618 1971 1672 vita
1986 1602 2308 1680 terminatur

2413 530 2691 602 ὀνομάτων
2714 534 2943 604 τρόπον,
2975 536 3055 595 ὅτι
3088 538 3157 597 ὲκ
3192 522 3301 591 τῶν
3343 539 3597 593 αἰτωτῶν
3628 541 3731 610 μὲν
3759 543 3793 593 ὁ
3822 542 3999 605 αἴτιος

2411 622 2754 693 ὀνομάζεται,
2774 625 2911 697 πλὴν
2927 628 3021 679 καὶ
3051 629 3191 700 ὑπὲρ
3208 628 3382 682 ταῦτά
3398 632 3621 685 ἐστικαὶ
3640 633 4001 703 ὑπεροχαῶς

2410 712 2622 783 λέγεται
2653 718 3013 789 ὑπεράγαθος,
3049 718 3385 791 ὑπεροὺσιος.
3414 722 3619 775 ¹Λοιπὸν
3645 721 3757 775 ἀπὸ
3775 721 3880 776 τοῦ
3908 740 3999 776 τε-

2408 803 2552 858 λείου
2598 806 2707 860 τῶν
2744 808 3003 884 αἱτιατῶν
3043 810 3383 882 πραγμάτων
3420 812 3726 884 ὑπερτελὲς.
3754 814 3821 867 τὸ
3851 814 4001 866 θεῖον

2408 894 2655 964 λέγεται·
2688 899 2819 951 αὑτὸ
2863 900 2971 973 γὰρ
2995 881 3200 954 ’ἑαυτοῦ
3244 902 3342 955 καὶ
3382 903 3505 981 ὅρος
3526 881 3631 957 Ἵκαί
3648 904 3819 967 τόπος
3850 907 3994 967 ἐστὶ.

2409 987 2504 1040 καὶ
2558 988 2708 1041 οὐδὲν
2755 989 3192 1062 ὑπερεκτείνεται
3248 990 3343 1045 τοῦ
3401 992 3556 1054 Θεοῦ,
3611 994 3746 1047 ἀλλὰ
3795 996 3897 1048 καὶ
3924 997 4000 1049 τὰ

2408 1078 2607 1151 ἄπειρα
2637 1081 2798 1145 αὑτὸς
2826 1086 3050 1155 περατοῖ
3069 1100 3084 1117 ·
3115 1085 3240 1148 τοὺς
3258 1086 3366 1156 γὰρ
3384 1085 3583 1150 αἰῶνας
3609 1087 3877 1159 ἀπείρους
3905 1089 3997 1143 ὗν-

2406 1186 2507 1232 τας
2540 1171 2622 1242 (οὑ
2654 1172 2763 1244 γὰρ
2794 1173 2978 1245 έχουσι
3019 1172 3225 1247 πέρας)
3248 1176 3417 1241 αὐτὸς
3454 1177 3531 1249 τῷ
3563 1180 3779 1249 ἀπείρῳ
3819 1184 4001 1249 μεγέ-

2408 1261 2490 1316 θει
2521 1264 2803 1335 ὑπερέχων
2847 1266 2925 1338 τῷ
2953 1268 3145 1322 ἑαυτοῦ
3164 1270 3584 1341 ’ἀπειροπλασίῳ
3612 1274 3864 1343 περιέχει
3894 1275 3996 1326 καὶ

2407 1358 2587 1410 πᾶσαν
2615 1358 2895 1430 ἀοριστίαν
2936 1361 3101 1432 ζωῆς,
3130 1362 3205 1425 ὡς
3237 1362 3329 1427 ἐπὶ
3352 1361 3461 1416 τῶν
3499 1363 3731 1435 νοητῶν·
3780 1366 3848 1417 οὐ
3879 1365 3996 1436 γὰρ

2408 1447 2635 1519 ὥρισται
2667 1452 2873 1515 τούτοις
2923 1453 2951 1505 ὁ
2970 1451 3197 1523 βίοςὼς
3238 1454 3330 1507 ἐπὶ
3359 1454 3468 1507 τῶν
3512 1455 3838 1527 ἀνθρώπων,
3870 1456 3995 1509 ἀλλ’

2407 1539 2664 1594 ἀθάνατοι
2709 1543 3072 1615 ἐκτίσθησαν·
3106 1547 3135 1598 ό
3165 1545 3296 1611 Θεὸς
3340 1546 3419 1617 τῷ
3459 1548 3802 1620 ὑπεραιωνίῳ
3835 1547 3997 1610 ἐνεὶς

2407 1629 2507 1701 τῆς
2542 1632 2675 1695 ιδίας
2693 1633 2989 1707 ἀῐδιότητος
3014 1636 3270 1707 ὁρίζεται.

735 1691 1245 1799 υιιὶιιιιιοιιιίηἰὺιιε,
1276 1701 1367 1759 sed
1404 1703 1733 1766 immortales
1790 1714 1957 1768 creati
2020 1725 2170 1781 sunt,
2201 1718 2343 1776 Deus
2367 1738 2494 1779 vero
2526 1727 2576 1779 in
2613 1738 2972 1795 superaeterua
3012 1732 3228 1799 propria
3272 1732 3583 1792 aeternitate
3620 1735 3983 1788 terminatur.

807 1783 929 1855 ﬁll.
986 1786 1160 1845 Aliter
1216 1795 1378 1848 etiam
1434 1798 1707 1866 perfectus
1756 1803 1990 1871 dicitur,
2048 1816 2302 1879 tanquam

2477 1816 2503 1888 ς
2536 1818 2601 1871 ΙΙ.
2633 1783 2745 1872 Κιαὶ
2775 1818 2946 1883 ἄλλως
2987 1783 3601 1891 τέλεῖοἶλὲῖτέιξᾷζ-ξυξι
3745 1822 3994 1890 ἀναυξὲς

735 1892 912 1947 neque
960 1890 1155 1940 auctus
1194 1902 1368 1956 neque
1405 1890 1760 1962 imminutus;
1794 1912 1969 1968 neque
2014 1902 2159 1957 enim
2186 1916 2305 1958 au-

735 1981 1011 2038 gmentum
1033 1991 1132 2031 nec
1146 1976 1560 2047 diminutionem
1581 1980 1818 2043 admittit
1835 1993 1975 2059 quod
1992 1994 2158 2049 etiam
2175 2004 2315 2067 'per-'

736 2058 991 2121 lectionis
1022 2076 1105 2121 est
1127 2070 1179 2121 in
1210 2084 1277 2125 eo
1302 2074 1445 2140 quod
1493 2058 1886 2144 perfectionem
1918 2083 2106 2139 habet.
2131 2058 2302 2153 item,

735 2156 864 2222 quia
903 2160 1095 2213 'omttia
1142 2177 1270 2231 qua:
1321 2164 1557 2233 perfecta
1602 2179 1728 2223 sunt
1756 2172 1969 2241 perlicit
2006 2178 2304 2232 secundum

736 2257 896 2328 uuam
927 2248 1291 2307 incessantem
1328 2266 1385 2310 et
1419 2260 1665 2315 eamdem
1705 2262 2107 2335 elargitionem.
2152 2268 2304 2337 Quod

733 2334 919 2405 itaque
952 2341 1110 2396 unice
1132 2352 1188 2399 et
1219 2360 1323 2398 non
1347 2346 1520 2403 divise
1548 2351 1759 2418 perlicit
1789 2334 1847 2407 et
1878 2372 1984 2410 non
2016 2334 2301 2429 minuitur,

733 2426 951 2497 plenum
979 2433 1091 2487 erit
1114 2446 1171 2489 et
1212 2451 1540 2507 supraquam
1574 2442 1811 2513 plenum.
1847 2445 2022 2503 Unum
2051 2466 2183 2507 vero
2220 2426 2305 2515 dir-

734 2518 904 2584 citur,
933 2526 1195 2595 quoniam
1248 2531 1544 2585 secundum
1579 2549 1743 2590 unum
1774 2539 1904 2607 quid
1936 2542 2117 2597 omnia
2154 2546 2304 2600 unita

734 2620 859 2664 sunt
879 2626 1074 2678 causae,
1099 2627 1155 2670 et
1171 2616 1291 2677 haec.
1311 2636 1527 2676 rursum
1549 2626 1797 2683 omnibus
1820 2634 2115 2691 secundum
2138 2650 2305 2691 unum

732 2691 979 2771 eminet;
1014 2708 1150 2761 nihil
1185 2712 1333 2765 enim
1361 2724 1446 2768 est
1471 2714 1522 2770 in
1558 2719 1720 2773 rebus
1743 2722 1885 2788 quod
1914 2726 2074 2780 unius
2097 2742 2201 2781 non
2233 2732 2317 2784 sit

733 2796 1029 2867 particeps,
1066 2800 1162 2854 sed
1191 2804 1336 2858 sicut
1363 2809 1540 2864 omnis
1567 2824 1825 2866 numerus
1867 2814 2157 2885 participat
2187 2820 2308 2873 uni-

735 2888 1013 2954 tatem,et
1061 2906 1201 2949 unus
1234 2894 1478 2951 biuarius
1510 2898 1869 2969 dcuariusqne
1917 2904 2145 2974 dicitur;
2176 2919 2230 2963 et
2260 2909 2305 2965 si

734 2978 907 3043 partis
937 2982 1286 3049 memineris,
1331 2987 1479 3044 dices
1512 3005 1675 3043 unam
1718 2993 1996 3049 dimidiam
2021 3036 2036 3063 ,
2060 3009 2116 3054 et
2144 3015 2305 3055 unam

734 3069 1067 3135 tertiam,‘et
1121 3091 1285 3131 uuam
1320 3079 1615 3148 decimam,
1647 3097 1701 3139 et
1754 3087 1834 3142 sic
1880 3090 2175 3161 deinceps,
2231 3096 2305 3149 ita

733 3163 898 3216 etiam
931 3166 1138 3232 omnia,
1170 3179 1227 3224 et
1269 3173 1448 3228 omnis
1491 3190 1619 3244 pars
1658 3181 1937 3247 omnium,
1978 3156 2305 3257 participant
2332 3156 2377 3219 Ο

752 3275 937 3328 mum;
969 3272 1023 3317 et
1052 3266 1152 3320 hoc
1176 3267 1290 3336 ipso
1315 3283 1422 3337 quo
1448 3282 1530 3325 est
1562 3290 1726 3328 unum
1752 3277 1903 3344 illud,
1932 3282 2113 3335 omnia
2139 3295 2298 3352 sunt;

734 3353 877 3407 sicut
910 3356 1011 3411 hoc
1056 3358 1179 3428 ipso
1207 3376 1317 3429 quo
1345 3374 1429 3418 est
1461 3363 1662 3433 unitas,
1706 3385 1895 3426 omnes
1920 3376 2127 3427 numeri
2159 3378 2304 3432 exsi-

735 3456 915 3513 stunt,
947 3460 1001 3503 et
1026 3452 1127 3506 hoc
1160 3470 1322 3508 unum
1355 3474 1460 3513 non
1494 3470 1580 3514 est
1604 3478 1767 3516 unum
1804 3465 2117 3523 multorum.
2163 3469 2305 3525 Deus

733 3539 879 3593 enim
930 3557 1068 3597 unus
1114 3554 1220 3612 est,
1255 3547 1420 3602 sicuti
1457 3560 1511 3603 et
1553 3551 1781 3619 simplex
1804 3593 1818 3615 ,
1847 3564 1903 3607 et
1934 3556 2214 3623 iudivisus,
2249 3569 2303 3615 et

733 3646 928 3700 expers
957 3633 1275 3693 dilfereutiae
1307 3642 1571 3709 specilicae
1600 3655 1653 3698 et
1691 3644 1760 3697 ab
1782 3648 2034 3703 omnibus
2056 3648 2300 3705 affectio-

734 3722 893 3778 nibus
948 3736 1001 3780 et
1040 3729 1410 3784 accidentibus
1467 3732 1696 3789 alienus.
1751 3736 1864 3791 Hoc
1912 3739 2086 3806 ipsum
2139 3757 2302 3811 porro

735 3829 900 3868 unum
950 3817 1094 3872 aliud
1129 3822 1244 3875 sive
1297 3823 1472 3892 majus
1516 3826 1631 3881 sive
1682 3828 1862 3884 minus
1908 3830 2113 3902 eli'ugit,
2169 3835 2299 3892 illud

734 3906 881 3960 enim
914 3922 1079 3977 supra
1112 3912 1227 3977 haec
1259 3915 1496 3983 exsistit,
1533 3928 1693 3995 atque
1721 3920 1941 3991 insuper
1990 3934 2049 3977 ut
2096 3927 2301 3995 princi-

734 3997 901 4067 pium,
931 4009 1037 4054 tam
1063 4002 1234 4071 ipsam
1263 4007 1522 4062 unitatem
1547 4026 1708 4078 quam
1736 4012 2137 4072 multitudinem
2169 4018 2302 4072 deli-

735 4091 861 4144 nit:
899 4092 951 4145 in
986 4092 1093 4147 Deo
1121 4094 1265 4149 enim
1315 4107 1441 4151 sunt
1488 4114 1677 4155 omnes
1718 4117 1858 4158 unus
1902 4114 2008 4159 tam
2041 4107 2131 4174 qui
2176 4119 2302 4165 ante

735 4182 955 4237 luerunt
993 4200 1155 4254 quam
1195 4187 1287 4256 qui
1332 4187 1500 4244 futuri
1533 4202 1695 4258 sunt;
1726 4209 1833 4249 non
1862 4196 2005 4251 enim
2040 4198 2111 4252 ibi
2156 4199 2299 4254 aliud

734 4277 951 4344 quidem
988 4284 1342 4349 prmteritum,
1374 4285 1518 4340 aliud
1551 4301 1677 4340 vero
1705 4284 1971 4355 futurum,
1998 4290 2151 4358 cujus
2175 4306 2300 4360 par-

737 4370 1052 4440 ticipatione
1081 4383 1187 4428 tam
1218 4392 1382 4431 unum
1413 4379 1515 4433 hoc
1554 4378 1724 4433 multa
1768 4381 2017 4447 deﬁniat,
2054 4384 2185 4439 licet
2211 4386 2298 4439 di-

732 4466 1059 4533 versimode,
1096 4479 1150 4523 et
1173 4485 1271 4525 nec
1299 4481 1383 4526 est
1410 4471 1549 4527 ullus
1579 4474 1789 4538 modus,
1816 4474 2111 4529 secundum
2138 4492 2297 4547 quem
2333 4511 2376 4564 υ

734 4559 899 4611 multa
925 4574 1031 4613 non
1058 4561 1109 4614 in
1132 4578 1235 4617 uno
1258 4566 1807 4633 comprehendantur.
1839 4567 1968 4633 Quae
1990 4569 2133 4623 enim
2159 4570 2300 4623 mul-

736 4659 789 4703 ta
817 4648 979 4721 535
1009 4662 1136 4706 sunt
1165 4656 1433 4722 partibus,
1462 4667 1590 4712 sunt
1620 4673 1782 4712 unum
1813 4668 1945 4723 toto,
1975 4669 2033 4713 ut
2059 4676 2255 4731 corpus
2280 4679 2295 4728 ;

734 4755 852 4809 qua:
890 4744 1059 4797 multa
1091 4752 1219 4797 sunt
1250 4745 1620 4801 accidentibus
1667 4759 1793 4803 sunt
1832 4766 1997 4803 unum
2032 4751 2295 4821 subjecto,

734 4843 793 4887 ut
826 4836 1018 4894 homo;
1049 4849 1101 4890 et
1131 4851 1249 4904 qua:
1278 4839 1441 4891 multa
1476 4850 1603 4893 sunt
1645 4856 1892 4906 numero,
1925 4843 2064 4895 sicut
2104 4842 2297 4900 Petrus

733 4936 789 4979 et
824 4926 1040 4993 Paulus,
1073 4940 1197 4984 sunt
1229 4947 1395 4984 unum
1441 4933 1648 4999 specie,
1680 4946 1906 5002 uterque
1949 4936 2089 4991 enim
2138 4939 2297 4993 homo

733 5027 837 5072 est.
870 5018 998 5084 Qua:
1024 5035 1184 5087 porro
1213 5024 1375 5076 etiam
1408 5027 1574 5077 multa
1621 5037 1745 5079 sunt
1786 5029 2105 5092 virtutibus,
2141 5031 2293 5083 verbi

732 5113 927 5182 gratia,
949 5114 1137 5177 carbo,
1167 5116 1277 5181 lux,
1304 5112 1541 5181 llatttma,
1571 5126 1700 5169 sunt
1724 5134 1887 5171 unum
1917 5120 2129 5187 forma;
2155 5122 2294 5191 ignis

730 5209 876 5263 enim
916 5211 1098 5266 omnia
1133 5229 1147 5265 :
1181 5224 1234 5266 et
1275 5227 1394 5280 quae
1432 5216 1598 5269 multa
1649 5228 1778 5271 sunt
1827 5222 2289 5288 processionibus,

732 5312 789 5353 et
814 5302 1062 5357 consiliis
1103 5304 1188 5358 vel
1235 5306 1491 5374 operibus
1513 5349 1527 5373 ,
1556 5316 1681 5362 sunt
1713 5325 1876 5363 unum
1920 5327 2084 5365 causa
2108 5351 2124 5376 ,
2154 5327 2293 5367 unus

731 5395 880 5448 enim
924 5413 989 5453 ex
1021 5412 1129 5467 quo
1167 5402 1395 5455 consilia
1432 5404 1513 5457 vel
1547 5418 1734 5471 Opera,
1765 5414 1819 5458 et
1850 5404 1981 5457 nihil
2009 5406 2166 5458 estin
2206 5421 2292 5459 re-

731 5493 838 5548 bus
885 5495 1028 5563 quod
1076 5514 1182 5553 non
1238 5500 1420 5569 aliquo
1468 5502 1627 5556 modo
1679 5501 1951 5569 particeps
1992 5502 2063 5556 sit
2114 5502 2295 5556 unius.

735 5588 911 5645 Unum
948 5590 1069 5647 dico
1098 5592 1249 5658 illud,
1280 5594 1423 5662 quod
1449 5594 1631 5648 omnia
1664 5594 2013 5663 participant,
2038 5597 2179 5664 quod
2212 5611 2299 5651 se-

734 5685 969 5739 cundum
1001 5687 1179 5739 omnia
1209 5696 1261 5741 ct
1292 5688 1501 5754 integre
1532 5687 1737 5741 unitate
1768 5704 1863 5742 sua
1906 5688 2087 5741 omnia
2132 5688 2294 5741 etiam

742 5792 872 5846 tota,
894 5783 1076 5838 omnia
1107 5784 1267 5839 etiam
1298 5782 1573 5838 contraria
1598 5782 1990 5851 complectitur.
2019 5780 2299 5847 Quomodo

2406 1908 2500 1961 καὶ
2528 1909 2813 1981 ἀμείωτον·
2844 1910 2967 1966 οὔτε
2994 1912 3103 1985 γὰρ
3124 1914 3414 1986 πρόσθεσιν
3440 1915 3561 1969 οὔτε
3598 1918 3827 1986 μείωσιν
3862 1919 3990 1970 ὲπι-

2404 2001 2636 2071 δέχεται,
2668 2004 2804 2076 ὅπερ
2832 2005 2925 2059 καὶ
2954 2005 3014 2058 τὸ
3056 2006 3257 2060 τέλειον
3285 2007 3396 2062 ἐστ’
3432 2008 3499 2062 ἂν
3592 2009 3797 2063 τέλειον
3843 2009 3982 2081 ἔχει.

2406 2093 2516 2145 Καὶ
2542 2093 2748 2158 ἄλλως,
2795 2097 2877 2150 ὅτι
2926 2097 3021 2150 καὶ
3065 2097 3135 2151 τὰ
3180 2099 3360 2152 τέλεια
3400 2099 3580 2153 πάντα
3612 2100 3990 2172 τελεσιουργεῖ

2405 2183 2547 2237 κατά
2592 2187 2719 2256 μίαν
2763 2187 2860 2258 τὴν
2889 2188 3162 2242 ἄπαυστον
3206 2191 3299 2243 καὶ
3341 2190 3554 2265 ταύτην
3582 2191 3866 2262 χορηγίαν.
3903 2192 3986 2246 Τὸ

2404 2274 2533 2342 γοῦν
2550 2277 2779 2341 Δένιαίως
2806 2281 2899 2332 καὶ
2918 2281 2978 2333 οὑ
3001 2282 3413 2353 μεμερισμένως
3440 2282 3852 2355 τελεσωυργοῦν
3880 2284 3982 2336 καὶ

2408 2366 2482 2437 μὴ
2512 2368 2899 2441 ἐλαττούμενον
2944 2373 3145 2426 τέλειον
3173 2372 3237 2427 ἂν
3264 2376 3348 2445 εἴη
3370 2376 3463 2427 καὶ
3493 2374 3853 2447 ὑπερτέλειον.
3877 2376 3983 2428 Ἐν

2403 2458 2459 2511 δὲ
2488 2459 2722 2527 λέγεται,
2754 2462 2834 2515 ὅτι
2862 2462 3059 2539 καθ’νέν
3092 2465 3267 2519 πάντα
3294 2467 3510 2529 ένιαίως
3539 2468 3653 2520 ἐστὶ
3682 2467 3759 2537 τῷ
3791 2468 3979 2539 αἰτίῳ,

2405 2552 2500 2604 καὶ
2529 2552 2689 2606 πάλιν
2718 2554 2968 2621 ἁπάντων
2991 2538 3118 2610 ’καθ’
3153 2558 3210 2611 ἓν
3241 2560 3513 2630 ὑπερέχει·
3541 2559 3690 2613 οὐδὲν
3718 2560 3827 2631 γάρ
3854 2538 3981 2614 ἐστι

2404 2644 2511 2697 τῶν
2540 2645 2706 2699 ὅντων
2736 2648 3000 2719 ἀμέτοχον
3029 2649 3121 2703 τοῦ
3148 2650 3286 2715 ἑνὸς,
3319 2651 3431 2704 ἀλλ’
3452 2651 3650 2723 ὥσπερ
3682 2653 3790 2715 πᾶς
3816 2651 3979 2723 ἀριθ-

2410 2736 2508 2807 μὸς
2559 2738 2785 2808 μονάδος
2807 2742 3061 2815 μετέχει,
3098 2742 3192 2795 καὶ
3234 2743 3331 2814 μία
3357 2743 3485 2807 δυὰς
3513 2746 3607 2797 καὶ
3631 2744 3793 2807 δεκὰς
3821 2744 3980 2813 λέγε-

2406 2844 2513 2881 ται·
2548 2830 2641 2882 καὶ
2668 2832 2715 2883 εί
2746 2832 2933 2903 μορίου
2964 2832 3338 2905 ἐπιμνησθῇς,
3383 2836 3550 2905 ἥμισυ
3582 2834 3638 2891 ἓν
3669 2836 3812 2906 ἐρεῖς
3834 2875 3847 2899 ,
3876 2837 3979 2889 καὶ

2406 2920 2585 2990 τρίτον
2606 2921 2684 2983 ἒν,
2706 2923 2800 2975 καὶ
2816 2923 3037 2977 δέκατον
3057 2907 3134 2986 ἓν,
3155 2926 3248 2978 καὶ
3267 2924 3482 2996 ἐφεξῆς·
3507 2924 3646 2978 οὕτω
3663 2928 3754 2981 καὶ
3770 2927 3974 2985 πάντα.

2408 3012 2503 3064 καὶ
2532 3015 2640 3066 πᾶν
2672 3014 2858 3085 μόριον
2886 3016 3121 3079 πάντων,
3151 3016 3244 3069 τοῦ
3272 3017 3390 3081 ἑνὸς
3420 3016 3652 3087 μετέχει·
3686 3019 3779 3070 καὶ
3808 3019 3863 3069 ὲν
3893 3017 3975 3088 τῷ

2409 3099 2545 3156 εἶναι
2586 3105 2742 3159 τοῦτο
2783 3105 2845 3159 τὸ
2888 3106 2946 3161 ἓν
2991 3108 3169 3161 πάντα
3217 3109 3386 3173 ἐστὶν,
3415 3108 3603 3180 ὥσπερ
3630 3110 3688 3163 έν
3714 3109 3793 3179 τῷ
3833 3106 3975 3163 εἶναι

2406 3195 2503 3267 τὴν
2534 3199 2735 3268 μονάδα
2784 3200 2981 3264 πάντες
3021 3202 3071 3252 οί
3115 3200 3369 3272 ἀριθμοὶ,
3414 3202 3507 3254 κα)⁵
3534 3202 3633 3254 οὐκ
3674 3201 3787 3255 ἐστι
3814 3197 3873 3254 τδ
3912 3201 3973 3257 ἐν

2404 3288 2562 3341 τοῦτο
2587 3290 2693 3343 τῶν
2724 3291 2931 3344 πολλῶν
2960 3291 3038 3345 έν.
3081 3293 3138 3345 Ὀ
3170 3293 3277 3362 μὲν
3299 3292 3407 3364 γὰρ
3426 3293 3557 3355 Θεὸς
3583 3292 3639 3345 ἓν
3666 3293 3805 3357 ἐστι,
3836 3293 3974 3347 καθὸ

2406 3380 2612 3444 ἁπλοῦς
2637 3398 2719 3445 τε,
2751 3384 2844 3436 καὶ
2873 3384 3103 3455 ἀμερὴς,
3134 3385 3226 3437 καὶ
3252 3384 3353 3454 τῆς
3383 3386 3503 3437 κατ’
3537 3378 3675 3447 εἶδος
3709 3384 3973 3456 διαφορᾶς

2404 3469 2649 3542 ἄμοιρος,
2681 3475 2775 3526 καὶ
2802 3474 3019 3529 πάντων
3051 3474 3385 3546 παθημάτων
3416 3476 3507 3529 καὶ
3556 3474 3972 3547 συμϐεϐηκότων

2403 3561 2696 3633 ἀλλότριος.
2730 3566 2802 3625 Τὸ
2829 3565 2886 3618 δὲ
2906 3566 3099 3619 ταύτὸν
3131 3565 3187 3618 ἒν
3205 3565 3389 3638 ἕτερον
3416 3566 3449 3637 ἢ
3482 3566 3663 3637 μεῖζον
3690 3566 3721 3637 ἢ
3752 3565 3971 3619 ἔλαττον

2403 3653 2819 3723 περιπέφευγεν·
2851 3657 2991 3728 ὑπὲρ
3018 3656 3126 3729 γὰρ
3143 3656 3313 3710 ταῦτα
3334 3658 3527 3721 ἐκεῖνο,
3558 3658 3651 3711 καὶ
3677 3658 3753 3711 ἔτι
3783 3658 3967 3730 ὡςάρ-

2402 3744 2472 3815 χὴ
2501 3747 2592 3799 καὶ
2620 3747 2783 3800 αὑτοῦ
2813 3748 2905 3801 τοῦ
2948 3749 3065 3812 ἐνὸς
3094 3750 3187 3802 καὶ
3216 3748 3450 3820 πλήθους
3478 3750 3768 3821 ὁριστικόν·
3801 3752 3860 3803 ὲν
3888 3751 3967 3824 τῷ

2402 3836 2520 3907 Θεῷ
2561 3837 2667 3908 γὰρ
2709 3840 2757 3891 el
2791 3839 2989 3902 πάντες
3016 3834 3117 3904 εἷς,
3150 3842 3242 3895 καὶ
3276 3842 3325 3894 οἱ
3371 3840 3627 3912 προόντες
3655 3843 3749 3894 καὶ
3777 3844 3824 3895 oi
3851 3842 3968 3895 ἑσπό-

2406 3945 2575 3998 μενοι·
2609 3931 2667 3982 οὑ
2699 3931 2805 4001 γάρ
2835 3932 2983 3985 ἐστιν
3027 3932 3142 3985 ἐκεῖ
3167 3932 3227 3985 τὸ
3268 3932 3365 4002 μὲν
3396 3932 3792 4003 παρεληλυθὸς,
3825 3933 3885 3986 τὸ
3910 3933 3966 3986 δὲ

2405 4020 2613 4091 μέλλον,
2645 4016 2705 4074 οὗ
2733 4024 2798 4093 τῇ
2842 4025 3042 4093 μετοχῇ
3074 4023 3168 4075 καὶ
3196 4023 3256 4075 τὸ
3282 4022 3339 4076 ἓν
3372 4023 3528 4076 τοῦτο
3554 4023 3623 4077 τὰ
3659 4024 3829 4079 πολλὰ
3866 4042 3964 4079 πε-

2404 4114 2646 4183 ριορίζει,
2682 4113 2817 4184 πλὴν
2856 4114 3154 4185 διαφόρως,
3202 4114 3295 4173 καὶ
3336 4115 3434 4167 οὑκ
3461 4114 3576 4167 ἐστι
3630 4115 3748 4168 καθ’
3789 4118 3965 4170 ὅντινα

2400 4206 2597 4275 τρόπον
2625 4206 2684 4257 οὑ
2714 4205 3206 4277 περιληφθήσονται
3248 4205 3316 4259 τὰ
3345 4205 3513 4259 πολλὰ
3539 4206 3618 4277 τῷ
3646 4208 3743 4261 ἐνί.
3776 4208 3846 4261 Τὸ
3859 4210 3965 4281 γὰρ

2402 4296 2570 4349 πολλὰ
2613 4300 2724 4361 τοῖς
2773 4299 3016 4369 μέρεσιν,
3066 4296 3309 4369 ὑπάρχον
3337 4298 3608 4368 δηλονότι,
3638 4299 3696 4352 ἓν
3723 4299 3800 4369 τῷ
3839 4301 3962 4371 ὅλῳ,

2401 4386 2511 4444 οἷον
2540 4384 2599 4443 τὸ
2629 4393 2805 4463 σῶμα·
2837 4392 2931 4446 καὶ
2956 4392 3018 4445 τὸ
3045 4392 3211 4445 πολλὰ
3238 4394 3351 4455 τοῖς
3378 4392 3775 4464 πμὸεὸηκόσιν
3805 4393 3862 4445 ἓν
3888 4394 3964 4463 τῷ

2403 4485 2765 4555 ὑποκειμένῳ,
2816 4479 2925 4537 οἷον
2977 4487 3005 4538 ό
3053 4484 3366 4553 ἄνθρωπος·
3422 4486 3513 4537 καὶ
3573 4486 3635 4537 τὸ
3678 4485 3842 4542 πολλὰ
3886 4484 3962 4555 τῷ

2405 4574 2640 4647 ἀριθμῷ,
2690 4570 2800 4628 οἷον
2852 4576 3057 4647 Πέτρος
3086 4575 3179 4627 καὶ
3208 4573 3437 4637 Παῦλος,
3468 4574 3524 4627 ἓν
3562 4574 3639 4645 τῷ
3677 4574 3824 4639 εῖδει,
3873 4576 3964 4628 ἇν-

2405 4667 2619 4739 θρωπος
2646 4667 2753 4739 γὰρ
2782 4668 2874 4721 καὶ
2900 4667 3214 4739 ἀμφότεροι.
3260 4666 3418 4720 Ἀλλὰ
3443 4667 3535 4719 καὶ
3561 4667 3621 4719 τὸ
3650 4666 3817 4719 πολλὰ
3846 4670 3963 4729 ταῖς

2401 4760 2711 4832 δυνάμεσιν,
2742 4756 2850 4813 οἷον
2876 4759 3100 4833 ἄνθραξ,
3132 4760 3267 4829 φῶς,
3300 4759 3449 4830 φλὸξ,
3478 4759 3534 4811 ἓν
3560 4758 3639 4830 τῷ
3671 4758 3819 4825 εῖδει,
3852 4759 3961 4831 πῦρ

2401 4859 2510 4930 γὰρ
2540 4853 2735 4907 πάντα·
2772 4854 2864 4906 καὶ
2890 4853 2950 4905 τὸ
2982 4853 3148 4905 πολλὰ
3176 4855 3296 4916 ταῖς
3323 4851 3566 4923 προόδοις
3592 4852 3687 4904 ’καὶ
3713 4854 3821 4914 τοῖς
3842 4850 3961 4921 βου-

2402 4944 2666 5015 λεύμασιν
2729 4946 2761 5015 ἢ
2807 4948 2917 5008 τοῖς
2951 4944 3131 5016 ἔργοις
3169 4944 3227 4997 ἒν
3254 4943 3333 5014 τῷ
3372 4944 3545 5013 αἰτίῳ·
3577 4937 3656 5005 εἷς
3688 4941 3795 5011 γὰρ
3824 4942 3878 5007 ἐξ
3904 4938 3960 4996 οὗ

2402 5038 2456 5090 al
2490 5036 2722 5106 βουλαὶῆ
2751 5036 2818 5088 τὰ
2849 5036 3004 5108 ἔργα,
3038 5036 3131 5089 καὶ
3160 5034 3308 5088 οὐδέν
3337 5036 3451 5088 ἐστι
3490 5034 3596 5087 τῶν
3640 5034 3805 5086 ὄντων
3833 5032 3859 5084 ὃ
3888 5034 3960 5104 μὴ

2405 5130 2616 5199 μετέχει
2635 5147 2708 5199 πη
2730 5128 2823 5181 τοῦ
2845 5129 2979 5192 ἑνός.
3004 5130 3097 5181 Ἓν
3112 5127 3327 5198 λέγωτὸ
3354 5128 3550 5180 ὲνιαίον
3580 5126 3728 5189 αὐτὸ,
3763 5120 3959 5188 οὗτινος

2403 5222 2578 5275 πάντα
2612 5221 2912 5293 μετέχουσι,
2942 5220 3001 5273 τὸ
3026 5221 3085 5272 ὲν
3114 5219 3193 5290 τῷ
3222 5218 3360 5272 κατὰ
3400 5218 3573 5271 πάντα
3594 5218 3689 5270 καί¹
3713 5217 3957 5281 ὀλοτελῶς

2401 5313 2562 5383 ἑνικῷ
2583 5330 2755 5384 προσυ
2765 5311 3006 5384 νειληφὸς
3033 5311 3208 5365 πάντα
3229 5312 3321 5364 καὶ
3346 5312 3462 5374 ὅλα,
3486 5309 3660 5361 πάντα
3682 5308 3776 5362 καὶ
3792 5308 3856 5361 τὰ
3872 5310 3957 5361 ἀν-

2399 5405 2829 5477 τικείμενα.ΙΙῶς
2842 5406 2969 5475 γοῦν
2983 5405 3373 5475 προσυνείληφε
3389 5404 3455 5456 τὰ
3469 5403 3645 5456 πάντα
3659 5402 3719 5455 τὸ
3729 5402 3806 5463 ἓν,
3828 5403 3955 5470 μετὰ

2400 5499 2571 5553 ταῦτα
2592 5498 2936 5569 λεχθήσεται,
2966 5498 3055 5550 ὅτε
3094 5494 3580 5568 προεπινοοὺμενον
3608 5494 3872 5557 ἀποδείξει
3902 5496 3957 5547 τὸ

2401 5593 2479 5647 ἓν.
2526 5592 2681 5645 Ἀλλὰ
2712 5592 2887 5645 πάντα
2915 5590 3181 5659 λέγονται,
3214 5590 3341 5641 ὅταν
3368 5589 3443 5651 ὡς
3470 5588 3582 5658 εἴδη
3603 5589 3694 5639 καὶ
3718 5587 3853 5657 μέρη
3874 5590 3958 5639 καὶ

2406 5686 2655 5756 διαφοραὶ
2683 5684 2774 5737 τοῦ
2796 5684 2912 5745 ἐνὸς
2931 5682 3327 5753 λαμϐάνωνται·
3352 5681 3469 5734 ὅλον
3496 5681 3569 5743 δὲ,
3596 5684 3717 5736 ὅταν
3742 5679 3809 5733 τὰ
3831 5682 3957 5749 μέρη

2410 5778 2774 5847 συλλεγόμεναι
2791 5777 2844 5831 ἓν
2867 5776 3150 5849 ὁλόκληρον
3174 5774 3444 5827 ἀποτελῶσ
3456 5800 3470 5840 ι
3484 5792 3521 5838 ι,
3539 5770 3648 5825 οἷον
3672 5773 3764 5825 καὶ
3780 5774 3863 5825 τὸν
3882 5772 3937 5824 ἄν
