4176 6314
213 320 314 376 989

772 317 861 373 DE
888 316 1140 373 DIVINIS
1170 307 2000 383 NOMINIBUS,CAP.'XIIL-
2039 317 2390 377 PARAPHR.
2419 315 2880 374 PACHYMERE.

213 434 448 506 θρωπον,
461 432 556 486 καὶ
566 429 634 482 τὰ
645 429 736 482 τοῦ
753 427 1036 500 ἀνθρώπου
1068 426 1353 500 σωματικὰ
1370 429 1530 500 μέρη,
1553 428 1587 500 ἢ
1603 428 1672 483 τὰ
1688 427 1777 498 τῆς

1892 439 2074 484 autem
2102 445 2268 483 unum
2297 429 2399 489 hoc
2435 429 2617 484 omnia
2648 429 2989 500 complexum
3036 430 3129 495 sit,
3162 439 3346 499 postea
3384 430 3466 485 di—

211 525 398 588 οὐσίας
424 521 590 577 αὑτοῦ
624 522 785 594 μέρη,
814 517 926 576 οἷον
952 521 1013 574 τὸ
1039 520 1273 591 λογικὸν,
1292 521 1354 575 τὸ
1373 521 1584 592 θνητόν.
1616 521 1784 575 Πάλιν

211 618 388 670 πάντα
415 616 509 669 καὶ
537 614 607 668 τὰ
633 613 998 684 ἀντικείμενα,
1021 614 1186 684 ἤγουν
1202 613 1259 666 ἒν
1276 613 1506 667 ἕκαστον
1526 614 1782 683 στοιχεῖον

214 707 339 778 ἰδία.
367 707 481 760 Καὶ
508 705 669 758 πάλιν
693 707 754 758 ὲν
773 703 956 776 ταύτῷ
982 704 1438 775 τὰςάντικείμενα,
1453 705 1582 757 ὅταν
1602 703 1658 756 ἔν
1676 720 1781 756 τινι

211 798 554 868 ὑποκειμένῳ
573 795 906 868 θεωρῶνται.
939 796 1121 849 Πάντα
1151 797 1260 867 γὰρ
1289 796 1353 848 ἐκ
1390 794 1497 848 τῶν
1526 796 1780 852 ἐναντίων

212 888 490 958 στοιχείων
515 887 857 941 συνίστανται
876 887 970 940 καὶ
1001 885 1285 949 ὲνίζονται.
1316 886 1390 939 τὸ
1417 886 1473 939 δὲ
1500 886 1781 942 ὑποθοῖτο

210 979 269 1053 ἔν
293 979 474 1042 ἀλλοις
506 979 604 1049 μὲν
644 978 706 1031 τὸ
745 978 867 1031 καθ’
888 977 1150 1031 ὑπόθεσιν
1176 976 1530 1047 λαμϐάνεται,
1559 977 1657 1031 καὶ
1688 977 1781 1030 ἐπὶ

208 1071 316 1125 τῶν
348 1071 746 1144 πραγματικῶς
773 1071 874 1124 οὐκ
911 1072 1078 1124 ὄντων
1095 1113 1110 1136 ,
1142 1069 1279 1123 ἀλλὰ
1323 1070 1465 1142 λόγῳ
1505 1056 1780 1140 τυπουμέ-

208 1180 333 1217 νων·
360 1164 598 1217 ἱνταῦθα
633 1163 812 1234 μέντοι
839 1159 938 1233 οὐχ
962 1162 1104 1215 οὕτω
1129 1162 1380 1233 ληπτέον,
1412 1163 1547 1216 ἀλλὰ
1570 1161 1780 1216 τὸκατ’

207 1255 455 1313 ἐπίνοιαν
481 1255 624 1326 λόγῳ
652 1253 812 1307 τοῦτο
838 1253 1019 1307 θετέον
1046 1253 1134 1307 διὰ
1157 1253 1257 1326 τὴν
1286 1253 1379 1306 τοῦ
1422 1253 1480 1319 ἐξ
1510 1253 1628 1318 ἑνὸς
1646 1252 1780 1306 Θεοῦ

208 1346 454 1400 ἐκτίσθαι
477 1345 778 1416 ταύτότητα
797 1388 811 1412 ,
842 1347 934 1399 καὶ
962 1346 1023 1399 το
1051 1346 1168 1400 ὅλον
1197 1346 1256 1399 ὲν
1281 1348 1393 1410 τοῖς
1428 1346 1616 1418 μέρεσι
1645 1345 1780 1420 θεω-

211 1437 443 1509 ρεῖσθαι,
473 1439 568 1492 καὶ
594 1439 653 1494 ἐν
678 1437 755 1508 τῷ
781 1437 887 1509 ὅλῳ
913 1436 982 1490 τὰ
1013 1438 1172 1510 μέρη.

1892 523 2282 591 ceturquando
2309 532 2735 594 praeconceptunt
2769 522 2899 576 illud
2923 537 3090 576 unum
3115 520 3464 578 demonstrav-

1889 614 1990 668 bit.
2039 611 2308 668 Caeterum
2383 614 2566 666 omnia
2621 613 2916 679 dicuntur,
2972 615 3193 682 quando
3248 616 3466 684 species

1885 714 1940 756 et
1985 712 2167 773 partes
2198 713 2261 757 et
2305 704 2623 780 diiIerentia:
2651 705 2814 760 maius
2861 706 3237 776 accipiuntur;
3279 716 3462 763 totum

1890 809 2039 860 vero,
2068 796 2287 865 quando
2318 808 2509 865 partes
2554 797 2780 852 collecte
2825 813 2991 851 unum
3035 798 3300 866 integrum
3341 796 3460 854 elli-

1886 888 2055 950 ciunt,
2068 920 2072 937 ς
2087 888 2236 942 verbi
2277 890 2482 958 gratia,
2516 889 2824 954 hominem,
2846 899 3031 957 partes
3063 887 3301 944 hominis
3328 903 3458 943 cor-

1887 994 2085 1048 porcae,
2105 979 2191 1033 vel
2219 990 2402 1048 partes
2426 979 2545 1050 eius
2572 980 2844 1043 essentia,
2871 988 2929 1034 ut
2949 980 3214 1036 rationale
3235 990 3290 1035 et
3312 988 3457 1035 mor-

1888 1070 2016 1127 tale.
2050 1070 2309 1135 Rursum,
2336 1074 2523 1127 omnia
2544 1073 2710 1127 etiam
2738 1073 3037 1138 contraria,
3073 1072 3224 1128 verbi
3255 1073 3456 1144 grati-.1,

1884 1164 2161 1237 quodlibet
2188 1166 2514 1221 elementum
2551 1180 2817 1220 seorsum.
2844 1165 2912 1220 Et
2939 1181 3154 1220 rursum
3185 1166 3237 1220 in
3265 1170 3455 1220 eodem

1884 1257 2182 1324 contraria,
2208 1265 2426 1327 quando
2452 1257 2507 1312 in
2537 1257 2718 1325 aliquo
2753 1258 3000 1326 subjecto
3017 1258 3454 1327 conspiciuntur;

1887 1349 2070 1402 omnia
2106 1349 2252 1404 enim
2286 1365 2353 1411 ex
2387 1350 2678 1404 contrariis
2707 1350 2991 1405 elementis
3017 1352 3449 1405 constituuntur.

1889 1434 2023 1491 illud
2057 1449 2257 1506 autem,
2290 1438 2542 1492 ὑποθοῖτό
2560 1456 2675 1504 τις,
2700 1438 2891 1510 aliquis
2927 1451 3207 1511 supponat,
3243 1442 3296 1495 in
3329 1440 3456 1496 aliis

213 1531 430 1598 quidem
466 1531 764 1587 secundum
802 1529 1129 1600 hypoth‘esin
1167 1529 1282 1584 sive
1328 1529 1752 1600 suppositionem
1786 1528 2098 1598 accipitur;
2137 1535 2316 1586 .etlam
2379 1530 2434 1585 in
2480 1532 2545 1586 iis
2586 1545 2711 1601 quae
2762 1547 2820 1588 re
2885 1531 2999 1600 ipsa
3041 1547 3147 1586 non
3180 1533 3455 1604 existunt,

205 1625 300 1676 sed
355 1621 561 1676 ratione
631 1620 935 1691 tinguuntur;
993 1620 1081 1676 hic
1137 1635 1265 1676 vero
1323 1636 1431 1675 non
1501 1623 1580 1678 sic
1653 1617 2029 1689 accipiendum
2089 1631 2209 1689 est,
2260 1623 2356 1678 sed
2419 1623 2524 1677 hoc
2582 1623 2750 1678 verbo
2810 1623 3007 1678 mentis
3069 1625 3455 1694 applicandum

205 1724 427 1784 propter
479 1711 771 1768 creationis
823 1727 891 1770 ex
952 1727 1068 1767 uno
1125 1710 1236 1768 Deo
1287 1712 1660 1781 identitatem,
1722 1725 1779 1770 et
1829 1712 1958 1780 quia
2007 1721 2176 1769 totum
2235 1715 2288 1768 in
2336 1714 2582 1784 partibus
2634 1715 3048 1781 consideratur,
3099 1725 3154 1770 et
3193 1725 3373 1784 partes
3401 1716 3456 1770 in

203 1819 339 1860 toto.

275 1898 306 1970 ᾗ
335 1899 426 1952 ill.
463 1899 607 1951 Ἀνω
639 1897 738 1970 μὲν
779 1897 987 1968 ἔλεγεν,
1016 1900 1098 1954 ὃτι
1133 1899 1194 1952 τὸ
1225 1898 1282 1952 ἓν
1311 1897 1777 1970 προσυλλαμὸάνει

1957 1897 1987 1972 ς
2034 1898 2120 1955 ιιι.
2165 1897 2426 1969 Superius
2467 1899 2684 1967 quidem
2729 1898 2883 1964 dixit,
2941 1912 3110 1954 unum
3154 1897 3457 1968 anticipare

199 1993 270 2045 τὰ
289 1991 488 2055 πάντα,
503 1989 601 2043 νῦν.
623 1990 699 2054 δὲ,
721 1989 1342 2055 κατασκευάζωντοῦτο,
1365 1992 1547 2062 φησίν·
1578 1992 1674 2044 Ἂν
1704 1993 1778 2064 μὴ

201 2083 312 2154 γὰρ
341 2082 706 2156 προεπινοηθῇ
732 2082 796 2135 τὸ
826 2084 1044 2147 ἑνιαίον,
1072 2083 1310 2154 δηλονότι
1347 2084 1408 2137 τὸ
1437 2083 1543 2136 τῶν
1572 2082 1780 2155 ἀνθρώ-

205 2193 325 2229 πων
352 2171 512 2238 εἶδος,
541 2175 709 2246 ἦγουν
730 2177 770 2245 ’ἡ
802 2173 963 2244 φύσις
983 2213 998 2238 ,
1027 2175 1127 2227 οὐκ
1156 2174 1220 2231 ἄν
1247 2191 1332 2240 τις
1359 2175 1521 2240 είποι,
1541 2177 1667 2239 τοὺς
1695 2176 1782 2229 ἀν-

201 2266 458 2342 θρώπους
483 2267 722 2338 ἡνῶσθαι
751 2266 997 2336 ἀλλήλοις
1026 2269 1145 2321 κατ’
1162 2269 1324 2321 αὑτὸν
1341 2269 1432 2322 τὸν
1447 2268 1546 2338 τῆς
1568 2268 1781 2338 φύσεως

199 2360 380 2428 λόγον.
441 2358 708 2413 Ἦνῶσθαι
754 2359 930 2412 τοίνυν
974 2360 1043 2413 τὰ
1096 2360 1350 2431 ἡνωμένα
1390 2360 1618 2431 λέγομεν
1658 2363 1778 2413 κατ’

199 2451 342 2513 εἶδος
385 2450 870 2521 προεπινοούμενον
913 2450 1032 2513 ἑνὸς
1069 2451 1318 2505 ἑκάστου.
1360 2454 1469 2505 Καὶ
1507 2453 1666 2506 πάλιν
1709 2453 1778 2506 τὰ

200 2541 318 2612 εἴδη
354 2541 448 2595 καὶ
473 2542 540 2594 τὰ
570 2541 758 2605 πολλὰ,
793 2543 1052 2613 στοιχεῖόν
1078 2560 1131 2596 τι
1174 2545 1266 2597 καὶ
1290 2543 1463 2616 ἀρχὴν
1494 2545 1555 2596 τὸ
1583 2545 1638 2596 ἒν
1669 2546 1782 2598 ἐπι-

201 2633 505 2704 γράφονται
537 2635 615 2694 ei;
635 2634 789 2702 γένος
819 2635 1152 2705 ἀναγόμενα,
1176 2628 1236 2688 οὗ
1266 2636 1454 2704 γένους
1475 2636 1590 2705 εῐδη
1617 2637 1773 2690 εἰσίν·

200 2722 314 2782 οἷον
346 2729 523 2790 ἵπποι,
558 2728 698 2797 βόες,
729 2727 1024 2800 ἄνθρωποι,
1058 2727 1246 2799 ᾦσπερ
1282 2731 1362 2792 είς
1401 2727 1458 2780 ἓν
1488 2728 1779 2796 ἀνάγονται

199 2821 446 2886 τδνζῶον.
473 2820 641 2874 Τοῦτο
665 2821 720 2874 δὲ
737 2820 904 2890 λέγει,
932 2823 1031 2891 οὐχ
1061 2822 1142 2874 ὅτι
1168 2821 1228 2873 τὸ
1246 2821 1352 2874 τῶν
1378 2822 1486 2893 πρὸ
1513 2821 1620 2874 τῶν
1651 2820 1781 2874 πολ-

201 2912 676 2982 ὶῶνὰποδέχεται,
703 2913 838 2983 ὅπερ
871 2915 898 2965 ὀ
933 2912 1156 2965 Πλάτων
1179 2912 1494 2983 ἐπρέσϐευε,
1513 2912 1609 2984 τὴν
1636 2908 1778 2966 ἰδέαν

200 3005 367 3070 λέγειν
403 3004 536 3056 ἀλλά
560 3004 620 3056 τὸ
653 3006 711 3057 ὲν
741 3008 855 3068 τοῖς
875 3004 1106 3070 πολλοῖς,
1137 3005 1231 3056 καὶ
1257 3005 1325 3057 τὸ
1345 3004 1481 3075 μετὰ
1510 3004 1580 3057 τὰ
1607 3004 1777 3058 πολλὰ

202 3096 407 3168 μᾶλλον
438 3095 740 3167 δεχόμενος,
770 3097 836 3150 ὲκ
862 3096 1065 3150 τούτων
1097 3098 1192 3150 καὶ
1220 3098 1280 3149 τὸ
1307 3097 1365 3150 ἓν
1395 3100 1652 3167 στοιχεῖον
1671 3097 1778 3152 τῶν

199 3189 413 3243 πολλῶν
436 3191 810 3260 συνίστησινοὴ
843 3189 951 3261 γὰρ
973 3189 1217 3262 ἡμετέρα
1246 3190 1478 3253 ἐπίνοια,
1503 3190 1629 3253 τοὺς
1648 3189 1779 3242 πολ-

1885 1992 2166 2056 universa;
2203 1994 2363 2046 modo
2403 2000 2582 2045 autem
2634 1988 2765 2044 illud
2811 1990 3142 2054 conﬁrmans
3186 1989 3262 2044 ait
3294 2007 3310 2044 :
3345 1987 3459 2044 Nisi

1884 2082 2026 2137 enim
2054 2082 2204 2151 prius
2235 2081 2571 2152 intelligatur
2600 2083 2806 2148 unitas,
2838 2083 2987 2137 verbi
3012 2083 3211 2153 gratia,
3244 2082 3457 2152 species

1887 2173 2169 2228 hominum
2197 2213 2213 2238 ,
2247 2174 2362 2228 sive
2399 2183 2616 2237 natura,
2645 2188 2804 2228 nemo
2839 2174 3061 2238 dixerit,
3093 2172 3343 2228 homines
3369 2173 3456 2226 in-

1883 2274 1967 2322 ter
1999 2281 2057 2321 se
2082 2267 2411 2336 conjunctos
2441 2280 2578 2321 esse
2625 2266 2922 2322 secundum
2965 2267 3208 2321 eamdem
3250 2276 3460 2321 natura

1887 2358 2178 2414 rationem.
2214 2359 2455 2413 Dicimus
2488 2339 2692 2429 itaque,
2731 2357 2820 2412 illa
2845 2372 2967 2427 quae
2991 2357 3279 2424 coniuncta
3305 2366 3456 2426 sunt,

1886 2450 2029 2504 uniri
2074 2450 2368 2505 secundum
2414 2447 2677 2519 cujusque
2721 2453 2956 2518 speciem
3001 2457 3456 2519 pratconceptam.

1882 2542 1950 2600 Et
1981 2556 2219 2608 rursum,
2249 2540 2459 2610 species
2489 2549 2545 2594 et
2575 2535 2746 2594 multa
2785 2541 2854 2594 ad
2885 2556 3050 2593 unum
3082 2552 3253 2609 genus
3289 2537 3457 2592 redu-

1881 2632 2333 2698 cta,describuut
2369 2646 2536 2685 unum
2565 2629 2897 2685 elementum
2929 2629 3168 2699 aliquod,
3214 2640 3274 2683 et
3304 2628 3458 2698 prin-

1883 2725 2086 2793 cipium
2124 2723 2268 2778 illius
2299 2723 2516 2792 generis
2541 2720 2694 2788 cuius
2724 2722 2933 2791 species
2969 2723 3270 2787 exsistunt;
3307 2721 3454 2775 verbi

1882 2820 2057 2888 gratia
2081 2819 2226 2888 equi,
2250 2818 2434 2882 boves,
2460 2818 2728 2882 homines,
2758 2816 2826 2870 ad
2857 2831 3020 2870 unum
3050 2816 3454 2885 quodammodo

1884 2909 2086 2964 animal
2118 2911 2474 2964 reducuntur.
2508 2908 2622 2964 Hoc
2655 2918 2836 2962 autem
2867 2909 3024 2972 dicit,
3059 2924 3164 2960 non
3188 2907 3330 2976 quod
3363 2905 3453 2960 illa

1885 3012 2013 3057 ante
2043 3001 2211 3057 multa
2236 3002 2622 3067 constituatur,
2647 3000 2884 3055 ut‘Plato
2908 3001 3210 3063 asserebat,
3250 2999 3454 3063 idenm,

1884 3094 2140 3163 inquam;
2168 3099 2262 3149 sed
2303 3095 2447 3163 quod
2475 3093 2528 3148 in
2563 3093 2770 3156 multis,
2801 3095 2964 3147 etiam
2996 3099 3116 3160 post
3146 3091 3333 3154 multa,
3359 3104 3458 3160 po-

1886 3186 1992 3241 tius
2007 3185 2129 3255 quis
2143 3183 2475 3261 concipiens,
2500 3198 2566 3236 ex
2595 3181 2754 3252 535
2778 3183 2862 3237 his
2884 3198 3046 3237 unum
3077 3180 3292 3251 aliquod
3319 3181 3457 3233 mul-

197 3282 327 3346 λοῖις
356 3284 436 3346 εἰς
463 3282 588 3353 μίαν
622 3283 926 3350 συνάγουσα
956 3283 1137 3352 φύσιν,
1161 3283 1298 3352 ὅπερ
1327 3282 1544 3346 πάντως
1570 3282 1777 3351 γίνεται

1884 3285 2060 3333 lorum
2093 3275 2484 3331 elementorum
2511 3287 2834 3345 componat;
2871 3284 3056 3328 noster
3077 3273 3220 3326 enim
3253 3287 3454 3326 conce-

199 3374 342 3446 μετὰ
389 3375 459 3428 τὰ
514 3374 682 3428 πολλὰ
727 3375 846 3428 τότε
892 3374 990 3446 τὴν
1042 3376 1297 3446 τοιαύτην
1340 3376 1467 3446 μίαν
1517 3375 1676 3444 φύσιν
1706 3375 1782 3439 ὡς

197 3466 400 3520 ἑνιαῖόν
452 3484 504 3519 τι
549 3467 803 3537 κατέχει,
851 3468 944 3520 καὶ
989 3467 1191 3537 ταύτην
1239 3467 1607 3538 συναγομένην
1640 3465 1781 3520 οὕτω

200 3559 339 3630 μετὰ
368 3558 435 3610 τὰ
468 3557 635 3612 πολλὰ
655 3558 764 3612 τῶν
798 3559 1004 3613 πολλῶν
1037 3563 1365 3631 πρππινοεῖ,
1411 3559 1485 3622 ὼς
1515 3558 1625 3612 τῶν
1650 3559 1781 3612 πολ-

196 3650 308 3704 λῶν
340 3649 664 3721 συστατικὴν
687 3652 780 3703 καὶ
813 3653 1117 3722 συνοχικήν.
1149 3653 1211 3704 Ei
1249 3652 1428 3705 τοίνυν
1471 3653 1779 3725 ἀναιρεθείη

194 3743 259 3796 τὸ
285 3742 367 3807 ἓν,
399 3742 522 3795 οὔτε
553 3742 694 3805 ὅλον,
721 3742 844 3795 οὕτε
877 3745 1059 3813 μόριον
1083 3743 1255 3807 ἔσται,
1284 3744 1320 3798 ἃ
1351 3744 1414 3816 δὴ
1443 3747 1536 3798 καὶ
1561 3745 1780 3809 ὲνιαίως

195 3834 680 3904 κατονομάζονται·
711 3837 914 3888 τούτων
944 3836 1000 3888 δὲ
1030 3835 1446 3907 ἀναιρεθέντων,
1489 3836 1639 3890 οὐδὲν
1667 3837 1776 3891 τῶν

192 3926 366 3978 ὄντων
399 3924 570 3978 ἔσται.
617 3926 690 3977 Τὸ
731 3920 788 3978 ἓν
837 3927 946 3997 ἄρα
996 3928 1173 3981 πάντα
1225 3928 1502 3992 ένοειδῶς,
1536 3927 1776 4001 δηλονότι

195 4019 319 4072 καθ’
352 4016 451 4070 Eva
479 4018 686 4071 καὶτὸν
715 4019 877 4071 αὐτὸν
923 4019 1095 4087 λόγον·
1136 4021 1256 4072 οὐδὲ
1284 4020 1395 4092 γὰρ
1426 4020 1597 4085 άλλως
1627 4021 1781 4090 λέγε-

193 4127 286 4163 ται
305 4109 367 4161 τὸ
403 4110 524 4164 ὅλον
567 4109 623 4162 ἓν
670 4111 762 4163 καὶ
793 4110 966 4174 ἄλλως
995 4112 1055 4164 τὸ
1087 4112 1269 4184 μέρος,
1299 4114 1390 4165 καὶ
1418 4112 1590 4177 ἄλλως
1620 4113 1779 4166 τοῦτο

194 4202 292 4254 καὶ
320 4200 495 4264 ἄλλως
534 4203 707 4254 ἐκεῖνο
740 4202 1083 4274 προείληφεν,
1116 4203 1228 4256 ἀλλ’
1275 4206 1363 4256 ἵνα
1407 4206 1481 4276 μή
1525 4222 1608 4268 τις
1648 4207 1779 4259 ὐπο-

194 4293 406 4364 πτεύσῃ
424 4293 670 4346 ἐντεῦθεν
686 4293 783 4366 τὴν
806 4296 913 4366 πρὸ
929 4294 1037 4348 τῶν
1071 4297 1279 4350 πολλῶν
1301 4297 1464 4361 ἰδέαν,
1494 4300 1646 4369 φησι,
1679 4300 1776 4354 καὶ

195 4386 583 4454 προείληφεν,
620 4387 820 4439 ὡσανεὶ
850 4388 930 4439 ὅτι
963 4389 1145 4449 αὐτοῖς
1178 4391 1290 4452 τοῖς
1318 4390 1552 4454 πολλοῖς,
1593 4393 1686 4445 καὶ
1714 4392 1776 4444 οὐ

190 4477 320 4544 καθ’
375 4477 504 4530 αὐτὸ
549 4477 828 4548 θεωρεῖται
871 4479 932 4530 τὺ
972 4479 1048 4532 έν.
1102 4482 1252 4534 Ἐπεὶ
1288 4483 1465 4536 τοίνυν
1511 4484 1572 4537 τὸ
1614 4483 1671 4537 ἓν
1707 4483 1777 4537 τὰ

195 4569 377 4622 πάντα
407 4569 819 4640 περιλαμϐάνει,
843 4571 1059 4624 πάντων
1087 4571 1143 4624 δὲ
1173 4573 1399 4646 ποιητὴς
1426 4577 1453 4626 ὁ
1484 4574 1615 4639 Θεός
1634 4577 1772 4640 ἐστι,

1884 3377 2005 3438 plus
2032 3366 2162 3421 dum
2209 3367 2376 3420 multa
2418 3367 2470 3419 in
2507 3381 2668 3419 unam
2715 3365 2923 3433 colligit
2976 3374 3253 3428 naturam,
3304 3363 3452 3432 quod

1885 3459 2070 3527 utique
2109 3457 2167 3511 iit
2209 3466 2330 3526 post
2363 3457 2569 3522 multa,
2603 3469 2714 3509 tum
2757 3456 3062 3511 istiusmodi
3108 3470 3269 3509 unam
3297 3465 3459 3508 natu~

1885 3561 2002 3602 ram
2055 3548 2209 3618 quasi
2261 3549 2470 3602 unitam
2517 3548 2900 3616 apprehendit,
2929 3557 2984 3601 et
3039 3547 3282 3602 hancita
3331 3556 3457 3616 post

1872 3641 2052 3695 .tnulta
2112 3650 2453 3695 contractam
2511 3641 2750 3710 concipit
2806 3655 2903 3709 pro
2937 3639 3140 3703 multis,
3194 3650 3452 3708 tanquam

1883 3734 2177 3812 multorum
2205 3733 2618 3787 constitutivam
2653 3742 2709 3786 et
2735 3732 3150 3800 complexivam.
3179 3732 3236 3786 Si
3270 3732 3454 3800 itaque

1882 3841 2047 3878 unum
2092 3813 2336 3890 tollatur,
2366 3841 2543 3894 neque
2575 3835 2769 3889 totum,
2802 3839 2976 3893 neque
3027 3840 3156 3890 pars
3204 3826 3454 3889 exsistet,

1880 3931 1998 3985 quae
2047 3915 2234 3986 utique
2272 3917 2438 3970 etiam
2484 3917 2638 3970 unite
2674 3915 3095 3975 denominatur;
3138 3916 3225 3968 his
3269 3926 3452 3969 autent

1879 4007 2127 4074 sublatis,
2164 4007 2308 4061 nulla
2352 4023 2440 4063 res
2465 4008 2711 4063 exsistet.
2764 4007 2938 4063 Unum
2969 4023 3101 4078 ergo
3140 4019 3225 4062 est
3265 4009 3450 4062 omnia

1881 4097 2248 4164 uniformiter,
2274 4100 2326 4153 id
2357 4112 2443 4155 est
2472 4101 2773 4154 secundum
2805 4116 2968 4154 unam
2998 4113 3056 4155 et
3083 4103 3327 4155 eatndem
3363 4117 3451 4155 ra-

1880 4193 2119 4256 tionem;
2171 4205 2346 4260 neque
2382 4193 2526 4246 enim
2572 4191 2736 4246 aliter
2787 4202 2960 4245 totum
3018 4203 3074 4246 et
3121 4193 3279 4258 aliter
3326 4209 3454 4263 pars

1879 4282 2008 4353 quid
2039 4297 2205 4336 unum
2239 4283 2462 4348 dicitur,
2488 4299 2665 4354 neque
2700 4284 2862 4338 aliter
2887 4285 2989 4338 huc
3035 4294 3090 4339 et
3131 4266 3292 4340 aliter
3320 4285 3452 4340 illud

1881 4374 2227 4439 anticipavit,
2285 4377 2379 4428 sed
2433 4390 2501 4428 ne
2555 4377 2679 4444 quis
2725 4378 2850 4432 hinc
2897 4379 3225 4448 Opinaretur
3275 4379 3452 4435 ideant

1879 4470 2168 4549 quamdam
2209 4478 2336 4522 ante
2387 4469 2577 4534 multa,
2635 4470 2782 4537 addit
2831 4471 3255 4539 comprehendit,
3305 4475 3451 4542 quod

1879 4555 2279 4633 quodammodo
2310 4563 2440 4618 illud
2471 4580 2637 4618 unum
2670 4581 2781 4618 non
2822 4567 3118 4620 secundum
3149 4581 3227 4634 se,
3273 4568 3366 4621 sed
3395 4568 3452 4622 in

193 4663 289 4714 καὶ
322 4662 384 4714 ἐκ
418 4661 632 4714 πάντων
658 4661 978 4732 ὀνομάζεται
1009 4663 1083 4726 ὡς
1104 4665 1274 4727 αἴτιος
1294 4666 1357 4718 ἐκ
1373 4665 1478 4719 τῶν
1498 4669 1773 4732 αίτιατῶν,

1882 4655 2068 4710 multis
2102 4656 2209 4710 illis
2262 4658 2624 4726 concipiatur.
2660 4656 2793 4710 Cum
2832 4659 3020 4727 itaque
3049 4675 3215 4713 unum
3270 4661 3452 4714 omnia

192 4753 420 4815 εἰκότως
452 4753 544 4805 καὶ
574 4757 638 4824 τῇ
668 4753 762 4806 τοῦ
798 4754 913 4817 ἑνὸς
939 4756 1224 4826 ἐπωνυμίᾳ
1251 4758 1519 4828 ὑμνεῖται,
1545 4759 1573 4811 ὃ
1596 4759 1658 4832 δὴ
1681 4761 1774 4815 καὶ

193 4847 260 4898 ἐκ
304 4845 398 4897 τοῦ
446 4846 804 4898 ἀποστολικοῢ
845 4847 1007 4918 ῥητοῦ
1042 4848 1375 4919 παρίστησι,
1420 4851 1636 4914 πάντως
1689 4851 1776 4904 διὰ

193 4936 300 5006 τὴν
327 4937 590 5007 ἀμέρειαν
614 4937 714 5008 τῆς
737 4936 1005 5009 ὲνότητος,
1032 4940 1111 4992 ὅτι
1141 4941 1234 4993 καὶ
1261 4941 1320 4994 τὸ
1344 4941 1400 4994 ἓν
1433 4944 1656 5015 ἀμερὲς,
1682 4945 1776 4997 καὶ

191 5029 376 5085 πάντα
407 5030 464 5081 ἐν
486 5029 565 5097 τῷ
590 5029 707 5100 Θεῴ
751 5031 1095 5102 περιέχονται
1136 5031 1275 5085 κατὰ
1302 5033 1398 5103 τὴν
1428 5035 1522 5087 τοῦ
1554 5036 1670 5098 ἑνὸς
1702 5038 1778 5088 εἰ-

192 5121 362 5174 κόνα’
399 5123 479 5174 ὅτι
513 5123 689 5176 πάντα
720 5125 814 5177 καὶ
852 5127 908 5176 έν
929 5125 1076 5195 αὐτῷ
1111 5127 1472 5198 περιέχονται,
1506 5127 1643 5198 πλὴν
1688 5129 1775 5181 ὲν-

188 5211 371 5265 ταῦθα
396 5214 490 5283 μὲν
517 5214 591 5277 ὡς
621 5216 677 5268 ὲν
706 5217 953 5288 στοιχείῳ
977 5217 1070 5270 καὶ
1098 5218 1289 5287 φύσει,
1322 5220 1413 5271 ἐπὶ
1453 5219 1508 5271 δὲ
1535 5219 1668 5272 Θεοῦ
1697 5221 1772 5284 ὡς

188 5307 254 5356 ὲν
303 5304 456 5373 αἰτίῳ
498 5307 761 5378 ποιητικῷ
795 5310 888 5361 καὶ
927 5310 1286 5380 ὑπεροχικῶς.
1331 5310 1421 5381 Τῷ
1455 5311 1512 5363 δὲ
1560 5313 1661 5380 ὑφ’
1694 5312 1769 5380 ἧς

188 5396 294 5449 καὶ
318 5396 385 5460 ἐξ
430 5395 504 5463 ἧς
533 5399 592 5450 τὸ
619 5399 749 5452 ἐστι
789 5401 883 5452 καὶ
928 5401 989 5452 τὸ
1031 5403 1423 5457 συντέτακται
1456 5405 1770 5476 ἁρμοστέον·

188 5489 292 5540 καὶ
321 5489 396 5557 τῷ
433 5489 506 5542 δι’
546 5489 620 5558 ἧς
657 5494 748 5545 καὶ
793 5493 862 5546 ἐν
905 5492 941 5560 ᾖ
981 5494 1042 5546 τὸ
1073 5495 1240 5563 μένει
1301 5498 1393 5548 καὶ
1435 5495 1769 5565 συνέχεται·

189 5579 291 5632 καὶ
319 5579 397 5650 τῷ
420 5584 506 5648 εις
541 5582 621 5650 ῆν
662 5585 722 5636 τὸ
749 5585 1199 5653 ἀποπλτιροῦται
1229 5589 1321 5640 καὶ
1358 5587 1773 5656 ἐπιστρέφεται

187 5671 500 5738 ἀποδοτέον,
526 5678 575 5728 εἰ
613 5678 705 5729 καὶ
744 5680 772 5731 ὁ
811 5679 994 5750 πατὴρ
1036 5681 1124 5749 ὑφ’
1151 5679 1207 5732 ἓν
1232 5682 1299 5734 τὰ
1333 5683 1552 5753 ῥήματα.
1590 5681 1766 5746 ἔταξε.

1877 4747 2291 4817 complectatur,
2328 4750 2570 4804 onmium
2605 4763 2736 4803 vero
2753 4764 2969 4804 creator
2993 4752 3065 4805 sit
3100 4752 3262 4817 Deus,
3297 4763 3352 4806 et
3377 4768 3449 4806 ex

1877 4842 2130 4897 omnibus
2162 4841 2373 4896 eli'ectis
2409 4851 2467 4896 ut
2497 4857 2664 4896 causa
2690 4844 3028 4908 nominetur,
3064 4845 3262 4899 merito
3281 4847 3448 4900 etiam

1877 4937 2036 4988 unius
2089 4935 2308 4987 nomine
2362 4934 2690 5002 celebratur,
2724 4937 2868 5003 quod
2902 4940 3065 4992 etiam
3110 4953 3176 4991 ex
3230 4947 3451 5008 aposto-

1878 5028 1982 5082 lico
2016 5029 2162 5082 dicto
2196 5030 2411 5097 probat,
2446 5031 2704 5098 omnino,
2740 5040 2962 5100 propter
2995 5033 3217 5087 unitatis
3252 5032 3452 5087 indivi-

1877 5121 2217 5185 sibiiitatem,
2253 5137 2416 5175 unum
2451 5121 2614 5174 etiam
2643 5121 2934 5176 iudivisum
2958 5133 3012 5178 et
3045 5125 3226 5178 omnia
3262 5126 3316 5178 in
3339 5124 3452 5180 Deo

1879 5213 2149 5268 contineri
2209 5215 2509 5267 secundum
2571 5214 2862 5283 imaginem
2930 5216 3128 5281 unius;
3189 5217 3448 5284 quoniam

1878 5307 2059 5361 omnia
2121 5307 2286 5360 etiam
2338 5307 2389 5360 in
2458 5307 2575 5375 ipso
2635 5308 3007 5374 continentur,
3075 5319 3446 5363 verumtamen

1882 5411 2139 5470 tanquam
2185 5402 2239 5456 in
2272 5403 2539 5458 elemento
2588 5414 2641 5460 et
2676 5415 2897 5468 natura,
2935 5407 2987 5457 in
3027 5405 3136 5458 Deo
3171 5418 3300 5458 vero
3327 5414 3443 5456 tan-

1877 5509 2040 5566 quam
2065 5509 2230 5548 causa
2263 5495 2550 5563 elliciente,
2585 5509 2638 5552 et
2670 5499 2989 5552 eminenter.
3024 5496 3247 5552 Vocula;
3266 5507 3446 5550 autem

1874 5606 1908 5641 α
1944 5604 2048 5656 qua
2082 5597 2140 5642 et
2173 5605 2237 5642 ex
2275 5605 2379 5658 qua
2421 5589 2613 5646 referri
2650 5591 2849 5644 debent
2881 5592 2950 5644 ad
2983 5602 3104 5644 sunt
3142 5590 3202 5645 et,
3231 5606 3434 5664 cumpo-

1875 5689 2100 5750 nuntur;
2121 5697 2215 5750 per
2248 5699 2404 5752 quam
2430 5699 2559 5739 vero
2593 5694 2648 5740 et
2679 5686 2876 5755 inqua,
2903 5686 2969 5740 ad
3005 5696 3216 5740 manent
3239 5697 3292 5740 et
3316 5703 3412 5739 con

187 5762 304 5816 Καὶ
329 5765 426 5819 οὐκ
457 5766 518 5821 ειν
549 5767 724 5838 εὕροις
752 5788 802 5823 τι
836 5772 940 5824 τῶν
980 5771 1166 5841 ὄντων,
1193 5773 1220 5825 ὃ
1250 5773 1322 5843 μὴ
1356 5775 1411 5826 ἐν
1441 5774 1516 5844 τῷ
1545 5775 1643 5840 ἐνὶ,
1677 5775 1769 5828 καὶ

1882 5777 2140 5841 tinentur;
2170 5785 2224 5832 et
2253 5778 2320 5831 ad
2345 5793 2501 5846 quam
2527 5781 2592 5835 ad
2624 5781 2946 5850 complentur
2973 5790 3025 5837 et
3051 5793 3442 5846 convertuntur,
