4176 6314
721 359 814 413 991

1850 352 1904 409 S.
1945 350 2243 408 DIONYSII
2278 349 2735 407 AREOPAGszE

3857 344 3960 399 993

724 475 820 529 etsi
860 471 1021 526 Pater
1058 470 1374 541 singillatim
1408 478 1464 525 et
1487 470 1645 525 simul
1666 470 1824 525 verba
1852 471 2155 525 collocarit.
2186 470 2281 525 Νε-

2399 468 2502 520 Ξστι
2544 465 2700 519 τοῦτο
2737 466 2871 536 ὅπερ
2904 464 3067 526 ἐστὶν,
3102 462 3120 533 (
3141 461 3283 517 οῦτω
3320 459 3429 531 γάρ
3472 458 3799 512 συντακτέον
3838 462 3959 511 καθ’

723 578 828 633 que
860 562 1157 632 quidquam
1194 559 1453 628 reperies,
1487 561 1630 629 quod
1662 574 1768 614 non
1796 559 1849 613 in
1883 574 1992 613 uno
2014 560 2177 613 etiam
2215 560 2289 613 sit

722 635 775 709 id
806 653 951 721 quod
996 663 1080 707 est
1108 653 1210 721 (sic
1239 653 1382 710 enim
1422 667 1516 722 per
1544 652 1876 721 hyperbaton
1910 652 2152 705 construi
2185 652 2284 707 de-

718 745 835 809 bet)
870 754 924 798 et
970 744 1319 815 perﬁciatur,
1368 753 1420 798 et
1470 751 1860 806 conservetur,
1918 742 1971 795 in
2023 753 2285 811 quantum

722 851 888 890 unum
915 842 968 888 et
1000 834 1255 888 divinitas
1285 832 1835 903 superessentialiter,
1863 834 2005 887 sicut
2036 834 2199 889 etiam
2233 834 2286 887 in

724 927 846 980 aliis
895 925 1223 981 nominatur.
1260 924 1375 980 Non
1418 925 1662 981 absolute
1696 940 1823 978 vero
1855 925 1999 979 omni
2037 941 2166 987 uno,
2201 940 2288 980 se-

722 1017 955 1070 cundum
977 1022 1119 1086 quod
1154 1015 1296 1071 Deus
1332 1032 1470 1072 unus
1503 1026 1552 1070 et
1589 1031 1752 1070 unum
1790 1027 2161 1086 nuncupatur;
2187 1018 2287 1071 hoc

719 1105 866 1159 enim
899 1120 1005 1159 uno
1039 1105 1155 1163 solo
1191 1119 1279 1160 res
1304 1106 1594 1169 exsistunt,
1629 1114 1681 1158 et
1714 1114 1926 1176 oportet
1976 1105 2142 1161 etiam
2193 1121 2288 1160 nos

725 1196 927 1250 idcirco
974 1212 1004 1251 a
1058 1197 1284 1261 multis,
1337 1198 1501 1251 etiam
1534 1196 1724 1251 divisis
1755 1196 2177 1267 cognitionibus,
2221 1199 2287 1252 ad

725 1305 932 1353 unum,
972 1290 1118 1359 quod
1176 1289 1418 1343 omnium
1476 1304 1636 1343 causa
1686 1297 1791 1351 est,
1847 1290 2096 1345 converti
2145 1289 2288 1359 quod

724 1383 883 1435 etiam
934 1392 1059 1435 ante
1096 1396 1256 1435 omne
1290 1396 1451 1439 unum
1498 1390 1601 1446 esl,
1651 1380 1857 1436 scilicet
1904 1393 2033 1435 ante
2074 1396 2288 1435 omnem

725 1486 999 1538 naturam,
1052 1483 1105 1527 et
1150 1482 1277 1529 ante
1332 1487 1551 1529 omnem
1604 1472 2028 1537 multitudinem,
2081 1471 2292 1529 scilicet

723 1576 940 1615 onmem
956 1560 1269 1631 singillatim
1296 1577 1310 1625 ;
1346 1562 1444 1615 hoc
1474 1562 1619 1617 enim
1650 1578 1814 1620 unum
1840 1577 2014 1631 neque
2037 1579 2287 1632 parvum,

726 1666 900 1719 neque
936 1652 1205 1707 mediocre
1239 1662 1481 1708 vocatur.
1520 1654 1657 1721 Quin
1682 1656 1869 1721 etiam,
1903 1656 1949 1710 si
1984 1656 2291 1713 audendum

724 1744 815 1807 sit,
850 1758 1025 1811 neque
1046 1742 1349 1812 pulchrum,
1376 1761 1550 1815 neque
1580 1747 1777 1801 bonum
1804 1765 1815 1799 :
1843 1748 1954 1805 hac
1982 1748 2125 1807 enim
2156 1764 2293 1817 quo-

2388 558 2732 629 ὑπερὸατόν·)
2766 558 2855 610 καὶ
2888 555 3223 619 τελειοῦται,
3270 554 3365 607 καὶ
3393 550 3750 614 διασώζεται,
3784 550 3907 603 καθ’
3935 550 3964 602 ὃ

2388 651 2445 703 ἓν
2473 652 2566 705 καὶ
2602 653 2635 721 ἠ
2683 650 2873 718 θεότης
2914 647 3270 719 ὑπερουσίως,
3315 645 3391 707 ὡς
3436 645 3530 696 καὶ
3557 644 3614 695 ὲν
3640 644 3752 704 τοῖς
3785 641 3963 705 ἄλλοις

2387 740 2727 810 ὀνομάζεται.
2761 740 2875 794 Οὐκ
2900 738 3183 801 ἀπολύτως
3210 736 3267 790 δὲ
3296 736 3459 789 παντὶ
3488 734 3587 807 ἑνὶ,
3620 735 3743 787 καθ’
3772 732 3801 785 ὅ
3833 732 3967 796 Θεὸς

2388 828 2468 896 εἷς
2496 834 2589 886 καὶ
2632 832 2688 884 ἓν
2731 830 3072 901 ὀνομάζεται·
3122 827 3296 897 τούτῳ
3341 825 3449 897 γὰρ
3485 826 3628 896 μόνῳ
3664 824 3743 895 τῷ
3783 826 3866 877 ἐνὶ
3898 824 3968 878 τὰ

2389 923 2513 977 ὄντα
2546 923 2681 985 ἐστὶ,
2712 922 2804 975 καὶ
2829 922 2934 993 χρὴ
2970 921 3062 974 κάὶ
3089 922 3237 990 ἡμᾶς
3273 918 3360 971 διά
3380 916 3537 970 τοῦτο
3564 915 3672 969 ἀπὸ
3700 916 3807 968 τῶν
3841 915 3968 968 πολ-

2388 1014 2493 1067 λῶν
2526 1016 2620 1067 καὶ
2644 1012 3056 1083 ἐσκεδασμένων
3076 1010 3332 1080 γνώσεων
3359 1009 3453 1061 ἐπὶ
3470 1007 3531 1060 τὸ
3552 1008 3767 1060 πάντων
3797 1006 3971 1060 αῖτιον

2390 1105 2447 1157 ἓν
2477 1103 2894 1175 ἐπιστρέφεσθαι
2918 1145 2933 1169 ,
2984 1103 3120 1173 ὅπερ
3172 1102 3287 1155 ἐστὶ
3333 1100 3426 1153 καὶ
3465 1100 3571 1169 πρὸ
3600 1098 3800 1160 παντὸς
3826 1098 3968 1165 ἑνὸς,

2388 1196 2626 1267 δηλονότι
2647 1195 2753 1267 πρὸ
2774 1195 2953 1265 πάσης
2983 1194 3215 1264 φύσεως,
3239 1194 3332 1246 καὶ
3354 1193 3459 1263 πρὸ
3489 1192 3687 1255 παντὸς
3706 1189 3965 1263 πλήθους,

2389 1289 2627 1359 δηλονότι
2660 1289 2858 1351 παντὸς
2897 1287 2990 1342 τοῦ
3041 1286 3158 1340 καθ’
3198 1286 3444 1339 ἕκαστον·
3491 1284 3648 1337 τοῦτο
3671 1283 3781 1353 γὰρ
3820 1282 3883 1335 τὸ
3911 1282 3973 1334 iv

2390 1381 2511 1434 οὔτε
2543 1382 2733 1453 μικρὸν
2762 1380 2884 1434 οῦτε
2919 1382 3134 1452 μέτριον
3159 1380 3420 1433 καλεῖται.
3442 1380 3505 1431 Ei
3534 1379 3592 1431 δὲ
3619 1378 3700 1430 δεῖ
3734 1377 3826 1430 καὶ
3851 1375 3973 1429 τολ-

2394 1474 2587 1544 μῆσαι,
2615 1472 2738 1525 οὔτε
2758 1473 2923 1525 καλὸν
2949 1472 3071 1525 οῦτε
3092 1472 3311 1541 ἀγαθόν·
3336 1472 3507 1533 ταῦτα
3535 1472 3644 1544 γὰρ
3674 1471 3819 1542 πάθη
3854 1487 3975 1534 πως

2391 1560 2501 1617 οἷόν
2526 1566 2627 1618 εἰσι
2660 1565 2753 1619 καὶ
2784 1564 3017 1634 σχέσεις,
3042 1566 3135 1617 καὶ¹
3158 1563 3562 1635 συμϐεϐηκότα,
3594 1564 3725 1626 αὐτὸ
3741 1564 3798 1616 δὲ
3823 1563 3885 1616 τὸ
3913 1564 3975 1615 ἓν

2393 1657 2487 1710 xai
2517 1657 2657 1728 ὑπὲρ
2690 1656 2862 1710 ταῦτα
2906 1660 3125 1709 νοεῖται·
3170 1657 3237 1709 τά
3279 1657 3337 1709 δὲ
3374 1655 3541 1727 πάθη,
3574 1656 3650 1719 ὡς
3675 1656 3735 1709 τὸ
3775 1655 3978 1726 μικρὸν

2394 1749 2487 1801 καὶ
2532 1748 2593 1801 τὸ
2651 1747 2890 1819 μέτριον,
2943 1749 3036 1801 καὶ
3084 1749 3179 1801 σὺν
3238 1747 3415 1811 ἀλλοις
3457 1747 3718 1801 νοοῦντας.
3754 1746 3829 1799 Τὸ
3875 1742 3976 1800 οὖν

725 1834 1020 1889 dammodo
1052 1834 1367 1890 affectiones
1400 1847 1548 1901 sunt,
1584 1846 1637 1889 et
1672 1837 2034 1905 habitudines,
2068 1846 2121 1893 et
2147 1838 2293 1892 arci-

2399 1840 2593 1893 άπλοῦν
2626 1840 2718 1893 καὶ
2740 1839 2947 1903 ἀπαθὲς
2977 1840 3033 1893 ἓν
3064 1839 3184 1892 οὕτε
3212 1840 3286 1903 ὡς
3315 1840 3471 1909 γένος
3518 1838 3697 1892 θετέον
3747 1838 3855 1890 τῶν
3886 1839 3975 1891 δν-

725 1926 931 1992 dentia,
964 1926 1135 1993 ipsum
1177 1941 1304 1980 vero
1342 1927 1443 1983 hoc
1469 1944 1630 1987 unum
1666 1929 1828 1982 etiam
1860 1944 2022 1997 supra
2060 1930 2173 1984 haec
2205 1929 2287 1984 in-

726 2016 1016 2085 telligitur;
1052 2015 1366 2072 affectiones
1388 2033 1537 2083 vero,
1563 2029 1619 2073 ut
1645 2034 1869 2089 parvum
1910 2015 2072 2091 533
2099 2030 2152 2073 et
2182 2036 2292 2075 me-

725 2108 933 2171 diocre,
968 2108 1133 2161 etiam
1163 2124 1285 2161 cum
1314 2110 1470 2174 aliis,
1509 2125 1604 2164 seu
1646 2110 2009 2176 dependenter
2040 2110 2109 2165 ah
2147 2109 2288 2175 aliis,

728 2198 1121 2268 intelliguntur.
1161 2200 1303 2270 Ergo
1352 2218 1517 2258 unum
1564 2202 1694 2257 illud
1742 2202 1966 2270 simplex
2002 2213 2055 2257 et
2097 2218 2293 2272 expers

726 2291 1095 2354 :tﬂ’ectionum,
1120 2298 1565 2365 nequetanqoam
1590 2310 1758 2365 genus
1777 2311 1955 2351 rerum
1980 2296 2290 2364 ponendum

727 2381 952 2451 (genera
987 2386 1128 2441 enim
1154 2386 1374 2439 omnino
1426 2384 1739 2439 dividuntur
1780 2386 1833 2440 in
1864 2384 2095 2454 species)
2119 2401 2294 2454 neque

728 2485 1029 2541 punctum,
1084 2492 1259 2546 neque
1312 2479 1531 2547 proprie
1587 2494 1807 2541 monas,
1860 2478 1947 2535 illa
1984 2481 2127 2537 enim
2158 2492 2292 2531 con-

729 2567 1016 2623 uexiouem
1044 2570 1247 2625 habent
1282 2586 1406 2624 eum
1440 2571 1822 2639 sequentibus;
1857 2571 1959 2625 hoc
1999 2583 2181 2629 autem
2210 2581 2294 2627 est

728 2656 1209 2728 simplicissimum.
1248 2662 1353 2717 Sed
1392 2678 1565 2731 neque
1599 2663 1725 2716 illud
1760 2678 1925 2717 unum
1956 2678 2055 2719 ens
2078 2664 2295 2733 aliquod

726 2753 1074 2807 statuendum
1098 2763 1217 2817 est,
1264 2754 1357 2809 sed
1398 2755 1604 2807 eutiuin
1656 2754 2005 2823 principium,
2036 2759 2291 2824 quoniam

728 2846 782 2898 id
804 2846 945 2913 quod
975 2853 1081 2907 est,
1113 2846 1348 2899 essentia
1389 2854 1493 2908 est,
1518 2859 1547 2897 a
1578 2845 1741 2899 verbo
1766 2861 1905 2909 esse,
1940 2846 2081 2901 Deus
2114 2854 2293 2901 autem

727 2936 1211 3005 su‘praessentialis
1242 2946 1345 3001 est,
1373 2946 1429 2991 et
1462 2951 1624 2999 supra
1661 2937 1710 2990 id
1728 2938 1872 3006 quod
1892 2947 2008 3003 est;
2040 2939 2294 3007 quocirca

726 3027 892 3081 etiam
944 3042 1106 3096 supra
1141 3044 1358 3081 onmem
1408 3030 1740 3094 terminum,
1775 3036 1830 3082 et
1875 3044 2039 3097 supra
2078 3045 2295 3083 omnem

729 3121 1052 3175 inanitatem
1083 3122 1339 3189 exsistit,
1380 3129 1435 3176 ει
1488 3122 1615 3176 illud
1648 3123 1821 3192 ipsum
1859 3138 1981 3179 esse
2006 3124 2217 3190 delinit,
2243 3134 2298 3179 et

730 3216 889 3270 unice
929 3231 1090 3269 causa
1118 3225 1221 3280 est,
1250 3216 1299 3269 id
1329 3226 1415 3271 est
1443 3191 1752 3274 eminenter
1779 3226 1833 3272 et
1868 3218 2291 3285 inimitabiliter,
2323 3191 2365 3248 Ο

731 3317 840 3361 tam
873 3308 1118 3361 omnium
1168 3325 1346 3363 rerum
1379 3324 1537 3378 qttam
1573 3318 1808 3365 totornm
1838 3310 2109 3375 omnium,
2150 3312 2297 3368 scili-

730 3408 818 3452 t'et
848 3399 1223 3467 integrorum;
1264 3409 1319 3456 et
1366 3401 1525 3455 simul
1552 3401 1714 3455 etiam
1745 3412 1871 3457 ante
1908 3403 2091 3460 omnia
2121 3414 2176 3458 et
2205 3419 2296 3459 su-

731 3506 826 3559 pra
866 3490 1047 3547 omnia
1101 3500 1356 3561 tanquam
1401 3508 1588 3548 causa.
1636 3492 1712 3549 Ne
1743 3496 1927 3563 itaque
1975 3496 2105 3549 illud
2140 3497 2297 3550 simul

730 3586 1051 3653 quihusdam
1101 3584 1438 3640 contrarium
1488 3587 1737 3642 videatur
1773 3586 1838 3641 iis
1872 3603 1993 3656 qua:
2039 3604 2069 3642 a
2115 3590 2295 3644 divina

735 3676 1021 3746 Scriptura
1048 3677 1190 3731 dicta
1218 3685 1366 3740 sunt,
1391 3677 1536 3748 quod
1562 3678 1803 3746 qualibet
1833 3679 1918 3732 die
1950 3678 2051 3732 hoc
2083 3688 2137 3733 et
2167 3680 2298 3734 illud

733 3771 1006 3824 creaverit
1032 3782 1086 3825 et
1107 3771 1442 3839 produxerit.
1475 3768 1647 3823 Simul
1684 3771 1845 3837 dixit,
1878 3774 2173 3826 secundum
2198 3773 2300 3826 vir-

736 3873 901 3921 tntem
950 3865 1249 3928 creatoris;
1293 3874 1509 3933 poterat
1553 3867 1714 3919 etiam
1768 3866 1818 3919 in
1864 3875 2133 3920 momento
2164 3878 2299 3920 tein-

734 3958 883 4025 poris
902 3957 1080 4010 omnia
1105 3957 1425 4025 producere,
1456 3960 1911 4017 quemadmodum
1946 3958 2161 4029 quoque
2184 3976 2300 4013 ma-

738 4065 879 4117 gnns
910 4048 1338 4119 Cbrysostomus
1367 4050 1434 4103 de
1466 4051 1565 4103 hac
1598 4065 1653 4103 re
1696 4052 1880 4104 sentit.
1915 4050 1981 4103 Et
2011 4066 2177 4120 supra
2224 4053 2302 4121 ip-

736 4156 855 4195 sum
883 4158 1050 4195 unum
1088 4141 1227 4197 Deos
1252 4154 1357 4208 est,
1391 4154 1447 4196 ut
1476 4144 1569 4212 qui
1596 4158 1757 4212 supra
1782 4144 1966 4196 omnia
1996 4145 2220 4209 eminet,
2247 4154 2303 4200 et

736 4249 897 4288 omne
944 4249 1041 4288 ens
1080 4236 1207 4303 quid
1253 4250 1415 4289 unum
1472 4236 1699 4301 deﬁnit;
1756 4250 1879 4289 nam
1930 4236 1980 4289 id
2026 4235 2168 4304 quod
2220 4242 2304 4288 est

735 4341 931 4388 unum,
958 4327 1165 4381 numeri
1200 4325 1687 4381 manifestationeui
1735 4327 1900 4381 habet
1924 4366 1939 4391 ,
1975 4341 2097 4380 cum
2136 4325 2301 4380 alicui

738 4420 816 4471 rei
848 4420 1157 4487 apponitur.
1190 4420 1331 4488 Ergo
1360 4435 1526 4473 unum
1565 4422 1616 4475 in
1651 4419 1825 4481 rebus.
1854 4419 1904 4473 id
1947 4428 2035 4475 est
2076 4429 2300 4473 creatu-

2392 1948 2519 1997 των,
2552 1930 2902 2003 (τὰγάργένη
2919 1931 3245 2002 διαιροῦνται
3277 1934 3353 1994 είς
3379 1932 3446 1984 τὰ
3476 1929 3779 2001 eiEi-1')th
3812 1948 3972 1999 στιγ-

2395 2023 2520 2094 μὴν,
2574 2020 2696 2075 οῦτε
2748 2024 2948 2094 μονάδα
2994 2026 3215 2095 κυρίως,
3266 2025 3447 2094 σχέσιν
3488 2023 3596 2095 γὰρ
3653 2022 3764 2093 ἔχει
3802 2024 3981 2077 ταῦτα

2394 2114 2533 2186 πρὸς
2560 2114 2628 2167 τά
2658 2115 2875 2185 ἐφεξῆς·
2909 2116 2969 2168 τὸ
3000 2116 3054 2168 δέ
3084 2119 3230 2169 ἐστιν
3254 2116 3641 2170 ἁπλούστατον.
3680 2114 3816 2168 Ἀλλ’
3846 2114 3981 2167 οὔτε

2392 2205 2450 2258 ὃν
2479 2205 2658 2259 θετέον
2678 2208 2807 2260 αὐτὸ
2836 2208 2896 2260 τὸ
2923 2208 3001 2274 ἓν,
3028 2208 3139 2260 ἀλλ’
3163 2208 3337 2280 ἀρχὴν
3358 2210 3543 2262 ὄντων·
3574 2209 3668 2262 καὶ
3691 2208 3751 2260 τὸ
3780 2207 3838 2261 ὃν
3862 2207 3980 2278 γὰρ

2393 2297 2550 2349 οὐσία
2582 2299 2747 2365 ἐστὶν,
2770 2299 2878 2351 ἀπὸ
2898 2298 2992 2351 τοῦ
3014 2300 3182 2352 εἶναι·
3214 2302 3241 2353 ὁ
3262 2300 3317 2353 δὲ
3345 2299 3476 2362 Θεὸς
3506 2298 3847 2371 ὑπερούσιος,
3879 2299 3981 2351 καὶ

2396 2391 2534 2461 ὑπὲρ
2562 2390 2623 2443 τὸ
2649 2390 2728 2454 ὃν,
2756 2390 2842 2443 διὰ
2874 2390 3029 2443 τοῦτο
3048 2392 3142 2444 καὶ
3175 2386 3315 2461 ὑπὲρ
3342 2390 3518 2443 πάντα
3545 2391 3691 2461 ὅρον,
3720 2391 3813 2443 καὶ
3831 2390 3982 2462 ὑπὲρ

2398 2485 2595 2539 πᾶσανλ
2622 2484 2900 2555 ἀοριστίαν
2937 2482 3075 2547 ἐστὶ,
3117 2483 3212 2535 καὶ
3242 2482 3373 2536 αὐτὸ
3399 2483 3459 2535 τὸ
3488 2478 3626 2536 εἶναι
3652 2481 3847 2552 ὁρίζει,
3881 2482 3982 2535 καὶ

2398 2576 2569 2630 αἴτιόν
2611 2576 2758 2629 ἐστιν
2793 2574 3008 2639 ἑνικῶς,
3048 2575 3289 2647 δηλονότι
3317 2576 3606 2647 ἐξαιρέτως
3638 2575 3731 2628 καὶ
3756 2574 3979 2646 ἀμιμή-

2396 2670 2631 2731 τως,καὶ
2645 2669 2858 2722 πάντων
2886 2668 2994 2721 τῶν
3018 2668 3205 2735 ὄντων,
3235 2670 3327 2721 καὶ
3343 2669 3479 2721 ὅλων
3509 2668 3750 2732 πάντων,
3787 2666 3985 2736 δηλον-

2396 2762 2477 2815 ότι
2511 2761 2842 2833 ὁλοκλήρων·
2884 2763 2975 2815 καὶ
3013 2761 3128 2831 ἃμα
3161 2763 3254 2815 καὶ
3295 2762 3401 2833 πρὸ
3440 2762 3675 2827 πάντων,
3714 2761 3809 2814 καί
3834 2760 3987 2833 ὑπὲρ

2399 2854 2574 2908 πάντα
2602 2854 2677 2916 ὡς
2704 2853 2894 2907 αἴτιον.
2931 2853 3021 2925 Μὴ
3043 2833 3173 2922 γοῦν
3201 2853 3325 2923 δόξῃ
3350 2853 3487 2905 τισὶν
3506 2853 3747 2906 ἐναντίον
3774 2852 3836 2904 τὸ
3856 2852 3989 2921 ἅμα

2399 2945 2615 3014 πρὸςτά
2638 2944 2787 3016 παρά
2820 2946 2917 3015 τῆς
2946 2945 3093 3007 θείας
3116 2945 3338 3015 Γραφῆς
3367 2944 3649 3015 εἰρημένα,
3672 2944 3753 2996 ὅτι
3778 2944 3837 2994 ὲν
3878 2945 3989 3015 μιᾷ

2399 3036 2603 3107 ἑκάστη
2634 3038 2817 3108 ἡμέρᾳ
2852 3037 2969 3089 τόδε
3003 3054 3053 3091 τι
3093 3036 3491 3107 ἐδημιούργησε
3530 3036 3621 3087 καὶ
3646 3034 3981 3104 ὑπέστησεν.

2402 3128 2556 3196 ’Ἅμα
2590 3124 2737 3190 εἷπε,
2776 3129 2915 3181 κατὰ
2942 3127 3039 3199 τὴν
3073 3128 3167 3180 τοῦ
3200 3126 3423 3197 ποιητοῦ
3455 3126 3703 3196 δύναμιν·
3748 3124 3987 3195 ἠδύνατο

2401 3220 2511 3291 γὰρ
2547 3221 2640 3273 καὶ
2664 3222 2721 3272 ὲν
2750 3222 3012 3292 ἀκαριαίᾳ
3038 3220 3230 3291 καιροῦ
3252 3223 3388 3291 ῥοπῇ
3415 3219 3483 3271 τά
3500 3219 3673 3271 πάντα
3707 3218 3985 3287 συστήσα-

2402 3311 2547 3373 σθαι,
2590 3310 2771 3375 καθὼς
2814 3312 2908 3364 καὶ
2944 3312 2973 3363 ό
3018 3312 3191 3382 μέγας
3238 3310 3588 3381 διαλαμῦἀνει
3626 3312 3754 3381 περί
3786 3311 3985 3364 τούτου

2400 3403 2799 3473 Χρυσόστομος.
2854 3403 2964 3455 Καὶ
3010 3404 3151 3474 ὑπὲρ
3195 3403 3327 3456 αὐτὸ
3361 3403 3422 3455 τὸ
3452 3402 3510 3454 ἓν
3538 3405 3567 3455 ὁ
3595 3402 3746 3467 Θεὸς,
3777 3402 3852 3464 ὡς
3881 3404 3988 3455 καὶ

2402 3494 2575 3547 πάντα
2597 3495 2896 3566 ὑπερέχων,
2928 3496 3022 3548 καὶ
3059 3497 3165 3548 πᾶν
3193 3496 3255 3547 τὸ
3282 3495 3340 3547 ὃν
3374 3495 3431 3547 ἓν
3468 3493 3656 3562 ὁρίζει·
3688 3494 3748 3546 τὸ
3778 3494 3887 3563 γὰρ
3922 3494 3986 3548 ὃν

2402 3585 2457 3641 ἒν
2488 3586 2719 3657 ἀριθμοῦ
2747 3587 2976 3657 δήλωσιν
3003 3586 3116 3657 ἕχει
3148 3589 3238 3640 ἐπί
3269 3604 3412 3650 τινος
3443 3587 3594 3650 ὄντος
3630 3587 3984 3657 ταττόμενον.

2416 3679 2537 3733 Ἐπὶ
2563 3680 2669 3732 τῶν
2695 3679 2863 3733 όντων
2892 3680 3102 3746 τοίνυν,
3136 3670 3381 3733 τοῦτέστι
3410 3679 3519 3731 τῶν
3552 3681 3884 3749 κτισμάτων,
3920 3680 3985 3733 τὸ

2401 3771 2459 3825 ἓν
2490 3771 2789 3841 τιθέμενον,
2824 3772 2965 3825 κατά
2996 3771 3231 3843 ἀριθμοῦ
3264 3772 3469 3826 ἔννοιαν
3500 3771 3727 3824 τίθεται·
3761 3771 3854 3823 καὶ
3888 3770 3987 3824 διὰ

2400 3862 2556 3916 τοῦτο
2577 3863 2638 3916 τὸ
2676 3863 2733 3916 ὃν
2770 3863 2826 3916 ἓν
2856 3864 3145 3935 ἐνάριθμον
3174 3864 3339 3932 λέγει,
3384 3863 3621 3932 δηλονότι
3659 3864 3719 3915 τὸ
3776 3864 3834 3915 ἓν
3884 3866 3990 3917 καὶ

2404 3958 2706 4010 ὑπθπῖπτον
2749 3955 2828 4027 τῷ
2874 3956 3090 4028 ἀριθμῷ
3134 3956 3191 4009 ἓν
3231 3958 3375 4009 ἐστιν
3418 3956 3989 4025 ἁντιδιαστελλόμενον

2403 4048 2537 4118 πρὸς
2568 4048 2635 4102 τά
2682 4048 2771 4101 δύο
2802 4048 2925 4119 ἢτὰ
2956 4048 3103 4119 τρία.
3147 4048 3202 4101 Ὀ
3230 4048 3286 4101 δὲ
3314 4047 3551 4111 τοιοῦτος
3582 4046 3811 4118 ἀριθμὸς
3839 4048 3986 4100 πάν-

2402 4159 2508 4204 τως
2533 4141 2719 4205 οὐσίας
2754 4141 2971 4212 μετέχει
3014 4141 3175 4205 τινός·
3206 4141 3265 4195 τὸ
3305 4142 3361 4193 δὲ
3406 4140 3727 4211 ὑπερούσιον
3764 4140 3821 4191 ἓν
3854 4141 3986 4194 καθ’

2402 4233 2533 4289 αὐτὸ
2559 4234 2652 4287 καὶ
2695 4234 3061 4287 ἀπλούστατόν
3090 4236 3225 4287 ἐστι.
3272 4234 3599 4305 Θαυμασίως
3634 4228 3726 4286 οὗν
3754 4232 3820 4285 τά
3850 4234 3988 4303 περὶ

2403 4326 2647 4398 ἀριθμῶν
2672 4327 3091 4399 φυσιολογήσας,
3133 4328 3357 4396 ἐπάγει,
3391 4329 3493 4392 ὅτι,
3541 4327 3641 4379 κᾶν
3683 4326 3775 4379 καὶ
3812 4326 3988 4395 μονὰς

2404 4419 2506 4472 κᾶν
2538 4419 2691 4490 τριάς
2720 4421 2936 4491 ὑμνοῖτο
2968 4422 3161 4492 ήὺπὲρ
3191 4422 3366 4473 πάντα
3399 4420 3608 4489 θεότης,
3653 4418 3771 4471 οὔτε
3813 4420 3987 4488 μονὰς

738 4513 831 4572 ris.
862 4512 1114 4579 positum.
1148 4514 1440 4566 secundum
1487 4513 1697 4566 numeri
1734 4512 1994 4565 rationein
2044 4510 2297 4580 ponitur;

2410 4510 2504 4563 ἀτε
2538 4510 2725 4581 μονὰς,
2756 4510 2880 4564 οὔτε
2910 4511 3069 4583 τριὰς
3090 4511 3183 4564 am
3212 4512 3369 4583 τριάς
3401 4515 3566 4575 ἐστιν,
3595 4512 3626 4582 ἦ
3659 4512 3786 4581 παρ’
3817 4512 3984 4582 ἡμῶν

736 4616 792 4657 ει
824 4604 1027 4658 idcirco
1068 4606 1211 4671 quod
1258 4620 1421 4657 unum
1460 4616 1561 4668 est,
1605 4605 1669 4657 ad
1717 4618 2001 4658 numerum
2046 4612 2297 4671 spectare

739 4697 890 4760 dicit,
916 4697 1029 4751 sive
1059 4698 1109 4750 id
1129 4698 1273 4770 quod
1292 4699 1391 4751 sub
1410 4714 1691 4752 numerum
1710 4697 1878 4761 cadit,
1913 4713 2077 4750 unum
2108 4708 2191 4751 est
2210 4712 2305 4765 per

739 4791 1130 4859 oppositionein
1158 4792 1381 4845 duorum
1416 4792 1496 4844 vel
1529 4792 1713 4845 trium.
1734 4790 1879 4844 Talis
1908 4802 2087 4844 autem
2114 4805 2305 4844 nume-

741 4897 836 4937 rus
863 4885 1083 4938 cinnino
1112 4884 1350 4953 aliquam
1391 4884 1746 4938 substantiam
1787 4884 2107 4953 participat;
2136 4900 2303 4937 unum

741 4987 923 5030 autem
966 4977 1487 5041 supersuhstantiale
1516 4979 1813 5031 secundum
1834 4993 1894 5031 se
1918 4992 2136 5047 quoque
2168 4978 2303 5030 simv

738 5069 1095 5137 plicissiinum
1120 5071 1353 5124 exsistit.
1387 5069 1706 5125 Mirabiliter
1742 5070 1920 5138 itaque
1951 5085 2302 5124 numerorum

738 5173 994 5217 naturam
1018 5164 1351 5230 investigatis
1385 5162 1589 5227 subdit,
1623 5162 1983 5228 divinitatem,
2016 5178 2141 5231 quae
2185 5178 2307 5216 om-

739 5257 831 5311 nia
894 5263 1142 5324 superat,
1188 5255 1302 5307 sive
1346 5270 1535 5309 monas
1585 5254 1700 5308 sive
1750 5254 1882 5308 trias
1948 5254 2301 5321 praedicetUr,

740 5332 920 5418 neque
980 5349 1261 5402 monadem
1328 5363 1430 5416 qua
1477 5348 1788 5413 monndem,
1848 5363 2023 5416 neque
2080 5349 2305 5402 lriadem

738 5461 849 5513 qua
902 5445 1131 5499 triadem
1166 5482 1183 5507 ,
1262 5458 1434 5511 neque
1506 5461 1535 5497 a
1599 5444 1788 5505 nobis,
1846 5457 2019 5510 neque
2078 5443 2144 5496 ab
2187 5442 2309 5496 aliis

746 5554 842 5606 per
893 5552 1150 5593 numeros
1178 5538 1450 5607 cognosci,
1490 5536 1580 5591 sed
1630 5550 1793 5606 supra
1825 5550 2042 5590 omnem
2070 5544 2306 5589 mentem

740 5640 799 5685 et
825 5646 869 5685 ei
888 5646 944 5686 se
971 5641 1025 5684 et
1054 5632 1321 5685 nominari
1354 5630 1521 5684 Deum
1545 5651 1557 5685 :
1588 5630 1816 5685 dicendo
1844 5629 1987 5682 enim
2015 5630 2155 5697 quod
2202 5644 2307 5682 non

747 5735 852 5792 est,
881 5727 1234 5796 intelligimus
1278 5727 1404 5795 quid
1437 5726 1505 5779 sit
1533 5726 1695 5780 Deus.
1733 5723 1812 5778 Ne
1854 5724 2015 5792 igitur
2045 5722 2307 5791 simplici-

750 5836 831 5877 ter
863 5823 1049 5880 audias
1074 5822 1224 5889 illud,
1270 5837 1445 5892 neque
1482 5835 1671 5875 monas
1714 5833 1889 5888 neque
1918 5819 2083 5884 trias,
2115 5817 2207 5873 sed
2240 5814 2305 5870 il-

2404 4603 2471 4655 6t‘
2516 4604 2762 4675 ἀριθμῶν
2801 4603 3173 4674 γνωριζομένη
3204 4603 3235 4674 ἢ
3277 4605 3405 4674 παρ’
3452 4604 3665 4674 ὲτέφυ,
3689 4604 3803 4656 ἀλλ’
3839 4604 3992 4676 ὑπὲρ

2405 4696 2580 4749 πάντα
2612 4697 2733 4749 νοῦν
2763 4698 2853 4749 καὶ
2876 4695 2989 4749 ἐστι
3012 4698 3104 4749 καὶ
3140 4695 3462 4766 ὀνομάζεται
3499 4699 3527 4750 ὁ
3571 4697 3721 4758 Θεός·
3750 4695 3841 4748 διὰ
3870 4697 3989 4768 γὰρ

2402 4789 2494 4842 τοῦ
2525 4792 2696 4843 εἰπεῖν
2725 4791 2861 4861 ὅπερ
2899 4792 2998 4844 οὐκ
3027 4792 3170 4852 ἔστι,
3198 4789 3423 4857 νοοῦμεν
3452 4790 3479 4841 ὃ
3506 4807 3557 4841 τι
3596 4790 3739 4841 ἐστὶν
3768 4790 3797 4839 ό
3825 4789 3986 4853 Θεός.

2404 4880 2494 4952 Μὴ
2527 4882 2702 4934 τοίνυν
2745 4882 2928 4945 ἀπλῶς
2956 4884 3036 4945 τὸ,
3068 4884 3180 4936 Οὐκ
3227 4883 3341 4935 ἔστι
3376 4881 3541 4951 μονὰς
3582 4881 3613 4951 ἦ
3647 4881 3825 4950 τριὰς,
3851 4881 4005 4945 ιῑίξασ-Δ

2406 4977 2625 5050 κούσῃς,
2660 4977 2792 5032 ἀλλά
2822 4977 2957 5050 πρὸς
2984 4975 3056 5043 τῇ
3080 4974 3482 5045 διεγνωσμένῃ
3520 4973 3772 5036 σύνταξον
3792 4972 3853 5024 τὸ
3870 4976 3991 5025 οὐκ

2404 5070 2591 5122 ἐστιν·
2624 5069 2683 5121 οὐ
2725 5069 2832 5140 γάρ
2881 5068 3089 5122 ἀνελεῖν
3120 5068 3187 5120 τὰ
3231 5068 3330 5137 τῆς
3381 5066 3632 5134 τοιαύτης
3669 5064 3987 5134 ὁμολογίας,

2406 5160 2541 5213 ἀλλά
2569 5161 2629 5213 τὸ
2662 5162 3062 5231 ἀνεξιχνίαστον
3099 5160 3127 5211 ὁ
3168 5158 3322 5228 λόγος
3364 5158 3606 5227 βούλεται
3648 5155 3877 5220 διδάξαι.
3911 5157 3990 5210 Τὸ

2407 5252 2536 5321 γοῦν
2565 5254 3022 5322 ὐπερηνωμένον
3062 5252 3193 5323 φησὶ
3237 5250 3527 5322 δηλοῦσθαι
3555 5251 3619 5303 ὲκ
3646 5250 3745 5320 τῆς
3784 5251 3990 5319 ὀνομα-

2411 5348 2530 5409 σίας
2562 5346 2659 5415 τῆς
2692 5345 2938 5416 μονάδος,
2980 5345 3041 5397 τὸ
3069 5345 3125 5397 δὲ
3157 5344 3403 5411 θεόγονον
3449 5343 3513 5395 ὲκ
3557 5342 3656 5412 τῆς
3692 5341 3989 5410 ὀνομασίας

2408 5441 2507 5509 τῆς
2536 5441 2768 5512 τριάδος·
2802 5440 2887 5493 ἵνα
2908 5438 3015 5509 γὰρ
3042 5438 3294 5507 παραστῇ
3316 5435 3426 5488 τῶν
3444 5433 3823 5502 ἀνεκλαλήτων
3852 5432 3993 5484 ὑπο-

2411 5537 2651 5587 στάσεων
2674 5538 2707 5604 ἡ
2738 5531 3084 5604 προσκυνητὴ
3112 5529 3431 5599 ἐκφανσις,ό
3450 5526 3678 5599 ἀριθμὸς
3695 5524 3989 5596 ἐπενοήθη,

2411 5630 2551 5684 καθά
2577 5630 2667 5681 καὶ
2713 5627 2987 5688 Βασίλειος
3036 5624 3128 5677 καὶ
3158 5622 3451 5693 Γρηγόριος
3479 5622 3528 5673 οἱ
3565 5620 3695 5672 θεῖοι
3742 5616 3993 5685 λέγουσι.

2412 5723 2450 5777 Γ
2455 5723 2635 5791 όνιμον
2664 5720 2720 5771 δὲ
2752 5718 2842 5771 τὸν
2885 5716 3101 5786 Πατέρα
3130 5714 3431 5783 ὠνόμασεν,
3471 5712 3565 5765 ἀτε
3604 5709 3995 5781 προσκυνητοῦ

2417 5811 2544 5869 Υίοῦ
2578 5812 2813 5885 Πατέρα,
2862 5812 2953 5864 καὶ
2985 5809 3074 5863 τοῦ
3118 5803 3599 5879 συμπροσκυνητοῦ
3632 5802 3780 5875 αὑτῷ
3813 5801 3995 5856 Πνεῦ-
