4176 6314
192 351 296 407 393

711 351 801 407 DE
827 351 1081 408 DIVINIS
1111 347 1505 420 NOMINIBUS,
1540 352 1696 409 CAP.
1735 351 1949 410 Xlll.—-
1995 353 2337 410 PARAPHR.
2373 353 2842 411 PACHYMEIUE.

3341 362 3447 417 994

186 485 363 539 ματος
390 467 569 540 πηγὴν
638 470 731 523 καὶ
763 469 1059 542 ἀρχὴνεκαὶ
1089 471 1285 524 αἰτίαν.
1327 470 1626 542 Γονιμότης
1655 470 1711 525 δὲ
1737 474 1758 525 'l

1880 470 1969 527 lud
2004 488 2020 525 :
2056 472 2180 525 Non
2222 484 2296 526 est
2335 481 2591 526 construe
2631 486 2754 525 cum
2788 472 3160 547 διεγνωσμένῃ
3194 488 3288 529 seu
3313 490 3446 531 voce

185 561 397 633 ἑνότης,
412 561 447 633 ἢ
461 560 648 632 ἕτερόν
664 578 719 613 τι
735 562 904 633 ὅνομα
919 562 1026 615 τῶν
1044 562 1496 633 συνεγνωσμένων
1513 561 1545 633 ἢ
1566 562 1775 633 ἀνθρώ-

183 669 333 716 ποις,
350 653 385 723 ἢ
414 654 507 706 καὶ
528 654 718 716 αὐταῖς
734 657 853 717 ταῖς
868 656 1086 725 νοηταῖς
1111 652 1419 725 δυνάμεσιν,
1450 653 1549 707 οὐκ
1578 652 1643 706 ἂν
1672 670 1774 707 πα-

184 746 477 816 ραστήσειε
502 740 715 816 τρανῶς
732 744 799 798 τά
828 743 900 809 ὧι,
931 746 1069 799 είσιν
1097 745 1161 800 ὲκ
1184 746 1401 800 πάντων
1420 748 1773 820 ἀποκεκρυμ-

186 835 330 906 μένα
359 834 453 889 τοῦ
483 834 647 889 Θεοῦ.’
672 835 797 900 Πῶς
829 836 937 908 γὰρ
957 837 1180 890 δυνατὸν
1208 839 1470 909 ὀνομάσαι
1498 840 1606 893 ἀπό
1630 857 1773 904 τινος

180 927 296 979 τῶν
340 927 508 981 ὄντων
548 926 639 981 τὸν
681 926 813 980 Θεὸν
832 969 846 993 ,
901 928 1065 998 μηδὲν
1102 929 1211 982 τῶν
1256 929 1472 984 πάντων
1497 930 1646 997 ὄντα,
1681 934 1772 986 καὶ

182 1019 328 1090 ὑπὲρ
365 1019 435 1072 τὰ
467 1018 644 1073 πάντα
675 1018 842 1085 owe;
893 1020 1003 1073 Καὶ
1039 1019 1092 1072 τί
1118 1019 1261 1089 λέγω
1288 1022 1416 1092 περί
1454 1020 1563 1073 τῶν
1600 1020 1771 1075 ἄλλων

177 1108 463 1180 ὀνομάτων
485 1149 500 1172 ,
560 1110 695 1163 ὅπου
760 1110 854 1163 καὶ
910 1111 1041 1164 αὐτὸ
1097 1111 1159 1165 τὸ
1212 1113 1536 1167 ππτὸτατον
1600 1116 1770 1185 ὄνομα

176 1202 214 1271 ἡ
264 1200 538 1273 ἀγαθότης
567 1200 667 1255 οὐκ
716 1203 913 1255 οίκείον
966 1199 1170 1275 κυρίως
1201 1203 1440 1275 Θεῷ;οί
1490 1205 1599 1277 γὰρ
1657 1207 1773 1261 θεο-

178 1290 332 1359 λόγοι
368 1291 455 1345 διά
499 1291 561 1345 τὸ
586 1292 724 1356 ὅλως
778 1294 918 1346 νοεῖν
953 1311 1007 1346 τι
1064 1294 1157 1348 καὶ
1200 1294 1377 1363 λέγειν
1427 1298 1554 1370 περὶ
1611 1297 1769 1363 Θεοῦ,

178 1384 261 1455 τῷ
290 1385 420 1457 περὶ
450 1384 612 1439 αὐτὸν
645 1385 792 1456 πόθῳ
822 1385 1199 1457 κατεχόμενοι,
1232 1387 1293 1440 τὸ
1316 1388 1417 1458 τῆς
1438 1388 1771 1461 ἀγαθότητος

180 1475 355 1547 ὄνομα
370 1476 633 1531 ὲπέδαλον
652 1475 728 1546 τῷ
744 1476 884 1547 Θεῷ,
916 1477 1053 1530 ἀλλά
1078 1477 1283 1548 κυρίως
1302 1480 1396 1532 καὶ
1424 1480 1769 1553 ὑπεράγαθός

181 1568 301 1621 ἐστι
333 1569 427 1624 καὶ
464 1568 783 1639 ὑπερούσιος
825 1570 853 1621 ὁ
890 1568 1039 1632 Θεός.
1087 1571 1152 1621 Ai
1183 1570 1240 1622 δὲ
1281 1571 1604 1639 ἀποφάσεις,
1650 1574 1769 1646 ἦτοι

177 1659 437 1730 ἀρνήσεις
461 1660 557 1713 καὶ
589 1661 891 1731 στερήσεις,
924 1661 1014 1714 ἐπὶ
1034 1659 1167 1713 Θεοῦ
1188 1662 1286 1733 οὐχ
1312 1663 1498 1727 ἁπλῶς
1526 1664 1768 1737 εἴρηνται

175 1754 295 1815 τοῖς
327 1750 613 1820 θεολόγοις⁵
666 1753 727 1804 οὐ
772 1752 882 1823 γὰρ
918 1751 993 1815 ὼς
1032 1752 1276 1821 λέγονται
1315 1753 1589 1821 νοοῦνται,
1652 1756 1766 1811 ἀλλ’

1874 561 2105 631 cognita,
2147 574 2328 615 sermo
2361 561 2504 616 enim
2540 575 2647 614 non
2680 560 2792 614 vult
2823 563 3190 617 condemnare
3218 580 3336 633 quze
3370 566 3441 618 ita

1873 664 1971 720 pro
2001 650 2252 706 confesso
2292 638 2577 717 habentur,
2608 652 2703 707 sed
2734 652 2897 706 Deum
2941 668 3063 709 esse
3093 654 3446 724 iniuvestiga-

1874 741 2033 796 bilem
2067 743 2244 798 docet.
2275 740 2408 797 Illud
2445 744 2623 812 itaque
2655 760 2668 795 :
2710 745 2887 813 Supra
2926 763 3084 815 quam
3128 748 3335 801 unitum
3365 749 3443 802 ait

1873 832 2165 903 signiﬁcari
2197 848 2264 888 ex
2305 834 2522 888 nomine
2563 833 2721 905 537
2756 836 3001 902 unitatis,
3044 837 3282 892 divinam
3316 855 3444 893 veru

1874 923 2259 980 fecunditatem
2307 941 2373 980 ex
2426 928 2643 980 nomine
2698 929 2987 993 trinitatis;
3043 940 3101 983 ut
3148 932 3294 985 enim
3348 934 3444 986 ad-

1872 1015 2078 1068 oranda
2125 1014 2483 1069 iueii‘abilium
2533 1030 2884 1084 personarum
2941 1018 3305 1074 manifestatio
3360 1032 3443 1077 re-‘

1872 1114 2325 1174 prazseutaretur,
2358 1119 2617 1159 numerus
2641 1107 2981 1175 excogitatas
3010 1116 3114 1172 est,
3144 1111 3286 1164 sicut
3331 1110 3439 1164 divi

1864 1193 2106 1249 Basilius
2140 1206 2199 1249 et
2233 1194 2530 1266 Gregorius
2566 1197 2736 1251 aiunt.
2767 1196 2980 1252 Patrem
3026 1210 3206 1254 autem
3256 1201 3445 1257 fecun.

1870 1285 1998 1340 dum
2024 1286 2334 1355 appellavit,
2370 1297 2628 1357 tanquam
2658 1289 2918 1343 adorandi
2963 1290 3079 1344 Filii
3116 1293 3440 1362 genitorem,

1870 1388 1925 1431 et
1955 1377 2116 1431 simul
2150 1390 2271 1433 cum
2307 1378 2422 1449 ipso
2451 1380 2709 1435 adorandi
2744 1380 2979 1448 Spiritus
3008 1384 3179 1437 sancti
3215 1383 3438 1450 fontem,

1872 1483 1935 1521 ac
1969 1469 2295 1545 principium
2324 1480 2381 1524 et
2425 1487 2667 1526 causam.
2715 1471 3044 1528 Fecunditas
3086 1486 3267 1530 autem
3322 1477 3443 1530 uui-

1872 1567 2043 1625 tasve,
2095 1570 2188 1615 aut
2238 1560 2383 1616 aliud
2424 1561 2639 1630 aliquod
2700 1578 2933 1628 nomen,
2978 1564 3287 1620 hominibus
3348 1578 3443 1622 aut

1871 1650 2032 1705 etiam
2092 1650 2339 1721 ipsismet
2390 1640 2801 1707 intellectilibus
2855 1654 3150 1710 virtutibus
3208 1669 3391 1712 notum
3422 1700 3436 1721 ,

1871 1759 1979 1797 non
2022 1753 2205 1813 posset
2268 1744 2417 1800 clare
2462 1746 2719 1800 exhibere
2774 1746 2867 1801 Dei
2918 1749 3233 1803 abscondita
3282 1762 3440 1821 prout

179 1843 740 1915 ὑπεραναϐεὸηκὰτως
769 1843 1112 1915 θεωροῦνται.
1144 1843 1216 1897 Τὸ
1231 1843 1341 1916 γάρ
1358 1841 1645 1910 ἀθάνατος,
1664 1849 1758 1900 καὶ

1868 1844 2015 1891 sunt.
2048 1836 2331 1903 Quomodo
2377 1838 2517 1892 enim
2573 1838 2737 1901 Deus,
2791 1842 2882 1909 qui
2938 1842 3072 1895 nihil
3119 1858 3299 1898 rerum
3334 1859 3435 1908 est,

175 1935 411 1999 ἀόρατος
433 1974 447 1997 ,
492 1936 587 1988 καὶ
617 1934 890 2005 ἀνενδεὴς,
939 1935 1032 1987 καὶ
1059 1934 1126 1987 τά
1158 1934 1398 2001 τοιαῦτα,
1428 1935 1527 1988 οὐκ
1558 1937 1622 1990 ἀν
1649 1955 1750 2006 τις,

180 2026 373 2095 σοφίας
406 2027 665 2099 μετέχων,
699 2026 1107 2098 δημωδέστερον
1150 2026 1411 2081 ἀπολάϐοι
1436 2067 1450 2091 ,
1482 2027 1615 2081 ἀλλά
1647 2029 1754 2081 τῶν

172 2119 517 2189 δηλουμένων
565 2117 936 2189 ἐξιστάμενος,
985 2118 1077 2169 ἐπὶ
1114 2116 1214 2180 τὰς
1245 2119 1608 2188 σεσιγημένας
1664 2120 1757 2173 καὶ

174 2208 455 2279 θειοτέρας
485 2208 691 2271 ἑννοίας
724 2207 1054 2261 ἀνανεύσειεο
1086 2208 1164 2261 διὸ
1205 2209 1297 2261 καὶ
1329 2208 1523 2279 νοητὰς
1556 2209 1756 2263 θεωνυ-

178 2301 310 2369 μίας
340 2299 537 2370 ἐφεξῆς
553 2300 730 2363 καλῶς
745 2298 916 2363 αὐτὰς
947 2299 1358 2371 προσαγορεύει.
1405 2297 1754 2372 Ἐξισταμένη

174 2391 287 2462 γὰρ
313 2393 347 2463 ἡ
381 2391 525 2463 ψυχὴ
557 2392 662 2445 τῶν
694 2391 1017 2462 σωματικῶν
1062 2392 1285 2444 ἀπασῶν
1328 2392 1628 2463 αἰσθήσεων
1661 2394 1756 2446 καὶ

176 2486 477 2557 κοσμικῶν,
509 2485 727 2557 (ταύτας
748 2486 856 2556 γὰρ
884 2484 1194 2555 συμφύλους
1222 2484 1429 2554 φησιν’)
1452 2482 1594 2536 οὕτω
1631 2501 1756 2537 συν-

172 2580 407 2632 άπτεται
451 2578 529 2649 τῷ
573 2580 864 2649 ἀκραιφνεῖ
892 2578 993 2647 τῆς
1038 2577 1291 2645 γνώσεως
1316 2575 1409 2629 τοῦ
1440 2576 1605 2641 Θεοῦ,
1634 2578 1755 2630 καθ’

171 2670 298 2722 ὅσον
328 2670 549 2723 δυνατόν
582 2672 729 2722 ἐστιν
758 2668 1071 2739 ἀνθρωπίνῃ
1102 2668 1280 2738 φύσει,
1314 2668 1389 2731 ὡς
1420 2670 1513 2720 καὶ
1538 2670 1565 2720 ό
1607 2668 1757 2721 Ἀπό-

171 2764 363 2827 στολος
392 2764 703 2825 αἰνίττεται,
736 2761 927 2831 λέγων·
976 2760 1086 2815 Kal
1140 2760 1291 2813 οὕτω
1334 2758 1588 2813 πάντοτε
1634 2760 1756 2814 σὺν

171 2858 374 2922 Κυρίῳ
400 2856 683 2924 ἐσόμεθα·
718 2855 813 2907 καὶ
851 2852 1014 2906 πάλιν
1084 2851 1215 2905 Νῦν
1240 2852 1321 2917 ὡς
1361 2852 1431 2905 ἐν
1456 2853 1752 2921 αἰνίγματι

170 2947 274 2999 καὶ
296 2947 371 2998 ἐν
396 2946 665 3013 ἐσόπτρῳ
696 2944 943 3014 ὁρῶμεν,
987 2946 1119 2996 τότε
1152 2942 1221 2995 δὲ
1248 2944 1569 3011 πρόσωπον
1600 2944 1749 3009 πρὸς

168 3037 501 3104 πρόσωπον
518 3035 802 3104 ὀψόμεθα.

1864 1927 1956 1980 sed
1991 1942 2154 1995 supra
2191 1929 2280 1982 res
2321 1942 2531 1995 omnes,
2559 1944 2626 1983 ex
2662 1946 2719 1985 re
2753 1931 2931 2000 aliqua
2966 1949 3159 1987 nomen
3190 1937 3443 2004 accipere

1861 2019 2078 2087 possit?
2103 2019 2168 2073 Et
2199 2020 2329 2088 quid
2358 2020 2481 2074 dico
2513 2022 2579 2075 de
2607 2021 2728 2076 aliis
2757 2025 3087 2088 nominibus.
3121 2041 3246 2081 cum
3274 2030 3437 2082 etiam

1863 2107 2154 2178 ipsummct
2183 2111 2626 2181 augustissimum
2662 2129 2855 2168 nomen
2906 2116 3166 2172 bonitatis
3214 2134 3317 2172 non
3367 2118 3439 2172 sit

1864 2202 2082 2270 proprie
2115 2202 2225 2257 Deo
2280 2204 2599 2273 proprium?
2647 2203 2905 2275 Theologi
2948 2208 3119 2273 enim,
3150 2220 3207 2261 ut
3234 2209 3437 2279 aliquid

1860 2293 2084 2347 omnino
2130 2293 2492 2364 intelligerent
2519 2305 2571 2348 et
2613 2296 2679 2348 de
2709 2294 2819 2350 Deo
2847 2297 3110 2361 dicerent,
3147 2300 3315 2371 ipsius
3344 2302 3439 2355 de-

1862 2386 2062 2442 siderio
2086 2388 2344 2457 correpti,
2387 2404 2581 2445 nomen
2610 2390 2872 2446 bonitatis
2901 2391 3010 2445 Deo
3041 2393 3434 2461 imposuerunt,

1860 2478 2109 2546 quamvis
2144 2480 2364 2547 proprie
2399 2477 2541 2534 Deus
2576 2482 2646 2533 sit
2679 2496 2839 2550 supra
2888 2483 3214 2547 bonitatem,
3242 2495 3297 2538 et
3344 2502 3438 2540 su-

1859 2580 1955 2636 pra
2010 2568 2324 2622 essentiam.
2390 2569 2713 2637 Ἀποφάσεις
2761 2585 2908 2638 vero,
2953 2572 3070 2627 sive
3121 2575 3439 2643 negationes

1858 2669 1913 2714 et
1941 2660 2297 2728 privationes,
2345 2661 2399 2714 in
2457 2662 2563 2715 Deo
2607 2676 2711 2715 nou
2741 2661 3059 2731 simpliciter
3096 2680 3125 2718 a
3169 2668 3437 2739 theologis

1862 2750 2155 2819 dicuntur;
2206 2767 2313 2806 non
2344 2752 2488 2807 enim
2531 2752 2672 2806 sicut
2720 2754 2975 2809 dicuntur
3005 2756 3077 2810 ita
3124 2758 3436 2829 intelligun—

1861 2854 1972 2908 tur,
1999 2846 2093 2899 sed
2125 2846 2285 2899 modo
2327 2846 2788 2899 transcendentali
2824 2847 3266 2903 considerantur.
3298 2850 3433 2906 Nam

1858 2935 2205 3000 immortalis,
2260 2945 2315 2990 et
2355 2934 2666 3001 invisibilis,
2695 2946 2752 2990 et
2787 2937 2985 2991 nul-lius
3022 2938 3253 3009 indigus,
3281 2951 3335 2996 et
3361 2944 3435 2996 si-

1856 3028 2028 3093 milia,
2058 3043 2241 3091 nemo,
2267 3028 2358 3096 qui
2390 3043 2612 3098 compos
2642 3028 2711 3082 sit
2754 3031 3059 3098 sapientiae,
3102 3033 3271 3103 modo
3319 3033 3435 3087 vul-

170 3132 289 3201 gari
323 3133 575 3199 accipiet,
620 3132 715 3186 sed
758 3147 786 3185 a
827 3128 988 3184 rebus
1031 3143 1151 3198 qua:
1209 3129 1590 3198 signiﬁcantur
1652 3127 1950 3194 recedens,
2007 3126 2073 3180 ad
2137 3128 2336 3180 tacitas
2388 3135 2442 3179 et
2490 3127 2785 3180 diviniorcs
2831 3127 3209 3196 cogitationes,
3259 3130 3434 3186 susci-

173 3227 327 3293 piet;
360 3235 583 3296 propter
611 3226 755 3295 quod
795 3228 959 3282 etiam
993 3227 1331 3283 intellectiles
1382 3227 1474 3281 Dei
1542 3228 2012 3282 deuominationes
2051 3226 2305 3294 deinceps
2349 3237 2495 3283 recte
2539 3228 2684 3295 ipsas
2741 3225 3000 3294 appellat.
3055 3223 3188 3279 Nam
3250 3228 3432 3283 anima

172 3318 269 3371 nisi
300 3317 579 3386 corporeis
613 3316 864 3371 omnibus
921 3318 1172 3373 sensibus
1200 3328 1255 3374 et
1303 3318 1463 3373 rebus
1503 3319 1793 3401 mundanis
1855 3333 1915 3372 se
1965 3316 2232 3371 abdicarit
2279 3317 2401 3383 (has
2451 3317 2594 3371 enim
2642 3318 2938 3376 familiares
2969 3325 3173 3388 vocat),
3220 3331 3431 3379 tantum

171 3408 486 3479 purissime
517 3407 611 3462 Dei
633 3409 947 3478 cognitioni,
975 3418 1234 3478 quantum
1266 3419 1473 3464 natura:
1535 3410 1783 3465 humanae
1844 3409 1992 3470 licet.
2042 3409 2431 3478 conjungitur,
2490 3409 2631 3462 sicut
2691 3413 2983 3479 Apostolus
3033 3414 3295 3479 insinuat,
3350 3415 3433 3469 di-

170 3513 355 3553 cens:
388 3496 453 3550 Et
477 3500 553 3550 sic
594 3513 795 3565 semper
828 3514 944 3551 cunt
987 3500 1215 3553 Domino
1252 3500 1448 3553 erimus
1481 3510 1547 3566 Π;
1601 3510 1654 3555 et
1698 3502 1893 3555 iterum
1936 3516 1952 3553 :
2003 3499 2251 3553 Videmus
2282 3516 2420 3553 nunc
2478 3516 2571 3567 per
2638 3504 2904 3568 speculum
2928 3516 2975 3558 et
3015 3506 3069 3559 in
3130 3506 3430 3572 aenigmate,

171 3604 303 3648 tunc
326 3604 500 3646 autem
523 3593 659 3661 facie
689 3594 758 3647 ad
787 3595 977 3663 faciem
1011 3595 1296 3650 videbimus
1327 3604 1373 3650 ο.

214 3684 399 3755 ειν.
448 3684 661 3748 Ταύτας
700 3688 861 3757 ἡμεῖς
906 3684 1003 3749 τὰς
1054 3691 1248 3759 νοητὰς
1293 3688 1627 3760 θεωνυμίας,
1680 3689 1757 3751 ὡς

1931 3685 1959 3756 §
1994 3683 2080 3739 IV.
2110 3684 2236 3740 Haec
2259 3698 2359 3739 nos
2382 3683 2561 3738 divina
2596 3683 2841 3746 nomina,
2866 3683 3047 3751 quoad
3095 3682 3289 3750 licuit,
3328 3698 3427 3739 ex-

169 3778 416 3847 ὲφικτὸν,
442 3778 839 3849 ἀνεπτύξαμεν,
855 3779 1210 3852 δηλονότιοὺχ
1230 3780 1593 3854 ὑψηλοτέρως,
1617 3783 1751 3836 ἀλλά

1861 3777 2165 3846 plicuimus,
2202 3776 2454 3831 videlicet
2484 3791 2589 3829 non
2619 3776 2932 3840 sublimius,
2979 3775 3074 3829 sed
3124 3776 3425 3832 secundum

168 3868 320 3922 κατά
350 3868 411 3922 τὸ
451 3869 683 3941 γράμμα
728 3870 1150 3942 ἀποδεδώκαμεν
1192 3874 1620 3945 ταπεινοτέρως,
1668 3874 1751 3947 μὴ

1861 3867 2092 3922 litteram
2144 3866 2407 3920 humilius
2440 3865 2762 3918 tradidimus
2800 3878 2910 3917 non
2962 3862 3136 3917 solum
3187 3862 3424 3932 angelis,

172 3958 337 4030 μόνον
367 3959 476 4012 τῶν
509 3960 775 4027 ἀγγέλων,
811 3962 838 4012 ὁ
860 3959 969 4031 γὰρ
991 3961 1195 4014 τούτων
1211 3960 1520 4023 κατώτατος
1550 3962 1751 4032 μείζων

1861 3973 1981 4013 nam
2015 3956 2234 4013 iniimus
2255 3957 2422 4011 etiam
2452 3956 2643 4010 horum
2695 3954 2869 4021 major
2916 3962 3001 4009 est
3032 3954 3282 4009 omnibus
3321 3955 3427 4012 Ec-

168 4049 392 4104 πάντων
422 4051 530 4103 τῶν
552 4055 611 4104 ὲν
642 4055 706 4122 τῇ
756 4052 1050 4124 Ἐκκλησία
1085 4053 1346 4121 θεολόγων
1373 4054 1520 4107 ἐστί·
1561 4055 1636 4126 μὴ
1665 4059 1754 4126 μό-

1861 4053 2031 4106 ιΙεδὶω
2066 4049 2372 4117 theologis;
2398 4063 2503 4102 non
2532 4047 2705 4101 solum
2742 4046 3026 4114 theologis,
3059 4046 3257 4113 inquit,
3292 4062 3425 4102 con-

168 4159 263 4195 νον
308 4142 418 4195 τῶν
464 4143 762 4210 θεολόγων,
810 4137 886 4197 ὧν
912 4162 970 4197 τε
1025 4146 1334 4200 συνοπαδῶν
1358 4148 1543 4215 λέγει,
1590 4148 1751 4201 οἱονεὶ

172 4234 457 4307 μαθητῶν,
489 4236 582 4288 καὶ
614 4228 689 4289 ὧν
722 4237 994 4308 ἀσκητῶν,
1030 4237 1270 4308 δηλονότι
1300 4240 1409 4292 τῶν
1432 4240 1529 4301 τὰς
1555 4238 1752 4305 ὲλλάμ-

167 4328 298 4398 ψεις
330 4327 431 4391 τὰς
464 4326 615 4392 θείας
648 4328 1006 4399 κτησαμένων
1037 4328 1103 4381 δι’
1126 4330 1434 4400 ἀσκήσεως,
1464 4331 1558 4382 καὶ
1590 4331 1649 4382 οὐ
1683 4331 1749 4384 δι’

166 4422 439 4495 ὁράσεως,
474 4420 614 4474 κατὰ
635 4422 761 4484 τοὺς
774 4421 1102 4485 ἀποστόλους
1120 4440 1134 4452 ο
1173 4422 1246 4493 μὴ
1269 4422 1425 4493 μόνον
1444 4422 1571 4491 γοῦν
1588 4424 1751 4495 ἐσχά-

167 4528 284 4574 τως
318 4511 413 4563 καὶ
442 4510 838 4581 ταπεινοτέρως
870 4510 1072 4564 τούτων
1105 4511 1350 4583 εἴπομεν,
1384 4512 1517 4565 ἀλλά
1552 4515 1643 4566 καὶ⁵
1662 4515 1754 4567 αὺ-

166 4602 284 4656 τῶν
316 4601 424 4654 τῶν
449 4600 732 4671 ὁμοταγῶν
780 4604 930 4672 ἡμῖν.
968 4602 1153 4656 Ταῦτα
1184 4604 1241 4656 δὲ
1272 4604 1366 4655 καὶ
1396 4603 1464 4656 τά
1496 4605 1621 4674 ἑξῆς
1657 4622 1750 4675 με-

166 4690 413 4761 τριάζων
458 4689 809 4762 ἀγιοπρεπῶς
848 4691 877 4742 ό
916 4692 1100 4761 πατήρ
1134 4707 1322 4761 φησιν.
1348 4691 1531 4755 "ﬂore,
1568 4692 1616 4741 εί
1652 4690 1749 4759 μέν

165 4798 321 4844 τινος
344 4779 882 4852 κατεστοχασάμεθα,
907 4781 1065 4851 χάρις
1092 4780 1169 4850 τῷ
1202 4779 1360 4851 αἰτίῳ
1386 4780 1495 4833 τῶν
1530 4785 1749 4833 πάντων

169 4870 399 4941 ἀγαθῶν
431 4872 569 4942 Θεῷ,
604 4871 684 4942 τῷ
714 4871 1037 4943 δωρουμένῳ
1090 4872 1184 4924 καὶ
1214 4872 1278 4924 τὸ
1322 4872 1498 4940 λέγειν
1548 4872 1642 4924 καὶ
1689 4870 1749 4923 τὸ

168 4959 235 5017 εὖ
255 4963 455 5031 λέγειν.
485 4965 547 5017 Εἰ
579 4963 709 5033 γοῦν
729 4962 1169 5034 κατωρθώσαμέν
1186 4980 1259 5027 τι,
1280 4964 1373 5016 καὶ
1393 4964 1472 5015 ἔτι
1508 4963 1749 5017 διδάσκο-

1852 4142 2131 4198 sodalibus
2159 4150 2215 4196 et
2235 4139 2390 4210 quasi
2416 4138 2723 4208 discipulis,
2752 4148 2805 4192 et
2834 4141 3058 4202 ascetis,
3088 4139 3180 4207 qui
3211 4138 3423 4195 scilicet

1850 4234 2069 4289 divinas
2096 4230 2495 4286 illustrationes
2512 4229 2803 4293 exercitio,
2825 4239 2882 4284 et
2912 4244 3017 4283 non
3045 4245 3141 4299 per
3160 4230 3423 4295 visiones,

1852 4335 2203 4397 acceperunt,
2235 4335 2293 4379 ut
2320 4324 2572 4393 apostoli.
2602 4322 2720 4377 Non
2748 4322 2920 4378 solum
2950 4324 3132 4392 itaque
3169 4323 3253 4377 his
3291 4324 3423 4377 sitn-

1851 4418 2048 4489 plicius
2085 4427 2142 4472 et
2174 4416 2432 4471 humilius
2465 4416 2727 4478 diximus,
2761 4430 2949 4469 verum
2990 4414 3155 4469 etiam
3178 4414 3422 4483 ipsistnet

1850 4508 2149 4578 aqualibus
2176 4507 2403 4562 nostris.
2435 4506 2561 4561 Haec
2586 4521 2738 4571 vero,
2772 4514 2830 4559 et
2860 4519 2981 4574 qua:
3009 4513 3336 4575 sequuntur,
3364 4516 3422 4561 ut

1850 4611 2102 4656 sanctum
2134 4603 2315 4665 decet,
2351 4601 2438 4655 hic
2453 4598 2762 4653 Paterdisit
2784 4598 2964 4653 studio
2987 4601 3285 4653 modestiae.
3318 4600 3422 4653 Ita-

1850 4698 1979 4764 que,
2002 4692 2165 4764 538
2186 4694 2228 4747 si
2248 4692 2463 4761 quidem
2502 4701 2648 4746 recte
2702 4691 2831 4759 quid
2860 4690 3222 4758 coniecimus,
3246 4691 3421 4759 gratia

1850 4787 1923 4841 sit
1953 4785 2063 4841 Deo
2086 4787 2353 4840 bonorum
2383 4783 2623 4851 omnium
2657 4782 2892 4847 auctori,
2917 4783 3006 4849 qtti
3046 4782 3196 4835 dedit
3250 4792 3310 4835 ut
3337 4781 3421 4835 di-

1849 4892 2122 4942 ceremus,
2153 4888 2209 4930 et
2239 4876 2377 4929 bene
2402 4876 2727 4929 diceremus.
2782 4873 2838 4927 Si
2868 4874 2999 4943 quid
3047 4873 3232 4943 itaque
3265 4884 3421 4928 recte

1851 4964 2109 5030 diximus,
2134 4963 2218 5016 vel
2242 4964 2422 5017 adhuc
2445 4964 2724 5026 docemus,
2755 4970 2809 5016 et
2833 4962 2877 5016 si
2906 4964 3034 5032 quid
3057 4978 3267 5027 eorum,
3296 4978 3419 5032 quae

173 5074 304 5128 μεν,
318 5057 418 5123 ὅτι,
442 5056 546 5108 κᾶν
560 5056 744 5125 ἕτεραι
757 5055 1085 5126 όμοδύναμοι
1099 5055 1392 5126 Θεωνυμίαι
1408 5058 1464 5109 ὲν
1479 5060 1543 5127 τῇ
1559 5057 1748 5128 Γραφῇ

1861 5055 1940 5110 bis
1972 5055 2316 5125 :equivalent,
2342 5056 2621 5110 nominum
2651 5054 2959 5110 divinorum
3009 5055 3061 5107 in
3117 5054 3416 5122 Scripturis

171 5146 466 5218 εὑρεθῶσι,
503 5145 608 5217 χρὴ
632 5145 726 5198 καὶ
752 5145 954 5208 ταύτας
978 5144 1116 5199 κατά
1147 5144 1247 5209 τὰς
1280 5146 1448 5210 αὑτὰς
1482 5149 1749 5214 ὲκφαντο-

171 5238 341 5311 ρικάς
377 5238 627 5309 μεθόδους
656 5238 1112 5310 προσυπακούειν.
1136 5239 1198 5291 Ei
1217 5239 1273 5292 δὲ
1303 5240 1401 5292 οὐκ
1421 5239 1594 5309 ὀρθῶς
1611 5239 1743 5311 ἔχει,

169 5331 270 5386 καὶ
304 5328 390 5383 διὰ
426 5328 583 5382 τοῦτο
622 5329 722 5399 τῆς
753 5329 1009 5401 ἀληθείας
1046 5330 1239 5394 ὁλικῶς
1288 5330 1766 5404 ἀπεπλανήθημεν,

167 5426 204 5498 ἢ
233 5422 464 5487 ἀτελῶς,
499 5425 592 5477 καὶ
622 5423 710 5479 διά
741 5424 899 5478 τοῦτο
935 5425 1172 5495 μερικῶς
1204 5426 1541 5498 ἡμάρτομεν,
1577 5428 1660 5500 εἴη
1677 5429 1743 5483 ἂν

165 5515 277 5586 τῆς
313 5513 411 5583 σῆς
445 5514 883 5585 φιλανθρωπίας,
920 5515 1029 5568 θεῖε
1064 5516 1291 5587 Τιμόθεε
1316 5556 1331 5581 ,
1367 5517 1746 5589 ἐπανορθώσα-

169 5603 406 5659 σθαιτδν
421 5604 687 5668 ἀκουσίως
718 5604 1012 5673 ἀγνοοῦντα
1038 5606 1131 5658 καὶ
1154 5604 1343 5676 μαθεῖν
1361 5605 1632 5677 δεόμενον.
1650 5608 1746 5662 καὶ

337 5794 364 5822 ιλ
398 5784 421 5839 ι
453 5786 642 5842 Thess.
681 5801 753 5849 tv,
804 5785 889 5839 iii.
988 5793 1011 5821 ο
1047 5784 1063 5838 Ι
1097 5784 1222 5839 Cor.
1262 5800 1356 5840 sm
1382 5824 1395 5850 ,
1435 5786 1522 5839 19..

1853 5148 2177 5217 reperiatur,
2225 5156 2439 5217 Oportet
2492 5147 2656 5200 etiam
2705 5144 2817 5199 haec
2872 5146 3170 5198 secundum
3194 5145 3414 5199 easdem

1851 5239 2160 5309 explicandi
2215 5240 2454 5293 rationes
2508 5237 2937 5306 subintelligere.
2988 5235 3083 5290 Sin
3112 5250 3242 5289 vero
3295 5236 3414 5289 haec

1850 5332 2034 5387 minus
2058 5340 2205 5386 recte
2241 5346 2300 5385 se
2328 5331 2588 5394 habeant,
2617 5338 2780 5400 atque
2805 5330 2942 5384 adeo
2980 5343 3010 5381 a
3044 5328 3275 5382 veritate
3326 5326 3413 5382 vel

1847 5426 2070 5479 omnino
2092 5425 2173 5479 vel
2203 5439 2271 5479 ex
2306 5434 2458 5492 parte
2490 5423 2896 5486 aberravimus,
2922 5421 3027 5477 erit
3051 5420 3414 5474 humanitatis

1851 5527 1977 5586 tute,
2004 5518 2185 5573 divine
2215 5517 2500 5572 Timothee
2519 5556 2534 5583 ,
2562 5515 2837 5584 corrigere
2861 5529 2967 5568 non
3019 5522 3208 5582 sponte
3258 5511 3413 5581 igno-

1853 5618 2087 5675 rantem,
2105 5619 2160 5666 et
2176 5610 2385 5667 discere
2410 5611 2738 5678 cupientem,
2763 5617 2818 5663 et
2836 5605 3210 5661 inﬁrmitatem
3233 5616 3409 5658 meam
