4176 6314
810 347 915 405 993

1994 344 2053 406 S.
2088 344 2379 402 DIONYSII
2410 344 2867 402 AREOPAGITXE
3948 364 4042 415 mill

812 469 1114 538 adjuvare,
1166 478 1467 536 curamque
1522 463 1791 519 nolentem
1844 471 2130 534 mgrotare.
2196 464 2373 531 Atque
2402 469 2448 527 Α

2402 469 2448 527 Α
2480 462 2738 533 βοηθῆσαι
2771 462 2850 535 τῷ
2866 464 3082 518 ἀσθενεῖ
3112 465 3254 537 ἐμοὶ,
3272 467 3367 521 καὶ
3401 468 3651 525 ἰάσασθαι
3681 471 3773 526 τὸν
3801 474 3899 528 οὐκ
3928 476 4039 530 ἐθέ-

814 562 943 616 item
998 570 1101 613 tuae
1125 558 1483 612 humanitatis
1508 558 1633 623 erit,
1668 571 1728 611 ea
1758 570 1876 624 qua:
1902 570 1930 608 a
1972 564 2022 608 te
2045 556 2160 624 ipso
2184 554 2371 617 habes,

812 651 896 707 vel
927 650 994 705 ab
1019 649 1192 704 altero
1228 647 1492 712 didicisti,
1517 646 1697 700 omnia
1729 654 1908 700 autem
1954 660 1982 698 a
2015 646 2124 699 Deo
2153 644 2373 712 accepi-

812 741 980 806 sti,in
1005 755 1105 796 nos
1136 739 1300 795 etiam
1323 737 1594 793 derivare.
1651 735 1836 805 Neque
1886 737 2069 807 pigeat
2120 751 2185 790 ex
2220 745 2374 803 parte

811 834 976 889 etiam
1000 832 1103 886 hoc
1133 844 1229 885 nos
1261 828 1522 884 beneﬂcio
1540 829 1776 892 allicere,
1806 843 1927 882 cum
1952 837 2006 883 et
2034 844 2151 892 nos,
2178 845 2222 883 st
2244 829 2373 897 quid

812 925 1179 994 cognovimus,
1216 936 1324 977 non
1381 921 1522 975 intra
1557 937 1655 976 nos
1704 921 2098 986 continuimus,
2184 935 2370 975 verum

809 1017 973 1070 etiam
1056 1011 1617 1080 communicavimus,
1684 1021 1738 1068 et
1821 1011 2367 1078 communicabimus,

812 1115 979 1174 prout
1041 1103 1303 1159 habemus
1355 1111 1409 1159 et
1482 1103 1727 1173 proferre
1779 1117 2109 1172 possumus,
2165 1116 2228 1157 ac
2275 1115 2371 1156 vos

810 1199 1018 1253 audire.
1091 1195 1206 1251 Hoc
1266 1196 1409 1250 enim
1483 1196 1756 1264 proprium
1831 1204 1916 1249 est
1973 1193 2367 1259 humanitatis,

807 1301 868 1345 ut
908 1292 962 1344 in
998 1288 1138 1341 nulla
1195 1301 1253 1341 re
1302 1295 1609 1342 sanctorum
1663 1285 2007 1339 traditionem
2058 1284 2317 1338 violemus
2350 1321 2368 1349 ,

809 1382 911 1436 nisi
966 1380 1106 1436 forte
1171 1379 1254 1433 vel
1306 1380 1372 1431 ad
1433 1376 1834 1447 intelligendum
1890 1375 1975 1429 vel
2024 1376 2088 1429 ad
2111 1374 2370 1445 eloquen-

809 1478 936 1530 duut
989 1472 1375 1527 imbecilliores
1430 1471 1761 1525 exsistimus.
1821 1467 1927 1523 Sed
1983 1468 2098 1522 hac
2127 1466 2364 1537 quidem,

808 1575 867 1620 ut
896 1566 1006 1619 Deo
1037 1563 1232 1632 placet,
1269 1561 1348 1617 sic
1406 1561 1666 1626 habeant,
1723 1569 1777 1615 et
1808 1559 1949 1614 dicta
1995 1558 2129 1625 sint,
2171 1572 2289 1627 qua:
2337 1572 2367 1610 a

807 1657 965 1711 nobis
1016 1655 1243 1710 dicenda
1297 1663 1477 1707 erant.
1513 1652 1672 1707 Modo
1725 1667 1856 1708 vero
1908 1651 2029 1706 linis
2076 1650 2153 1705 sit
2208 1647 2368 1717 hujus

805 1742 1021 1813 operis,
1074 1751 1128 1797 et
1160 1742 1226 1795 ad
1258 1741 1403 1795 aliud
1461 1749 1821 1796 transeamus.
1867 1741 2105 1817 Observa
2159 1751 2362 1806 autem,

808 1833 983 1903 ipsum
1009 1833 1192 1887 dicere
1216 1830 1570 1901 Symbolicom
1599 1830 1939 1901 theologiam,
1957 1846 2077 1901 quae
2102 1832 2366 1885 hactenus

807 1942 910 1980 non
944 1924 1166 1994 prouiit.
1199 1922 1350 1989 Quod
1379 1923 1421 1977 si
1452 1922 1585 1976 velis
1615 1921 1972 1977 differentiam
2003 1936 2161 1978 nosse
2204 1922 2362 1978 theo-

804 2016 991 2086 logica:
1016 2014 1418 2068 informationis
1465 2021 1523 2067 et
1554 2014 1868 2083 symbolice:
1897 2014 2195 2084 theologia,
2243 2013 2361 2084 lege

802 2114 964 2174 caput
989 2104 1205 2159 tertium
1228 2103 1492 2159 sermonis
1521 2103 1599 2158 De
1625 2104 1846 2174 mystica
1871 2105 2148 2176 theologia,
2168 2108 2232 2161 de
2252 2120 2359 2175 quo

800 2198 963 2252 etiam
1005 2209 1122 2260 nos,
1157 2194 1263 2249 Deo
1289 2194 1472 2261 dante,
1503 2210 1603 2251 suo
1656 2205 1898 2265 tempore
1922 2197 2186 2263 dicemus.

2480 553 2637 607 λοντα
2669 546 2987 627 ἀρρωστεῖν.
3036 557 3149 611 Καὶ
3181 558 3341 613 πάλιν
3361 561 3459 632 τῆς
3496 563 3592 633 σῆς
3639 563 4043 637 φιλανθρωπίας

2476 643 2584 714 εἴη,
2619 643 2679 697 τὸ
2709 644 2779 698 τὰ
2815 646 2912 717 μὲν
2944 650 3075 718 παρ’
3108 648 3304 702 ἑαυτοῦ
3336 650 3546 721 ἔχοντα,
3571 653 3639 707 τὰ
3670 655 3725 707 δὲ
3759 657 3892 727 παρ’
3926 658 4040 711 ἑτέ-

2478 753 2586 806 ρων
2621 736 2975 807 μανθάνοντα,
3011 738 3187 821 πάντα
3203 740 3259 793 δὲ
3293 742 3506 807 πάντως
3536 746 3599 797 ἐκ
3629 745 3723 799 τοῦ
3745 746 3878 800 Θεοῦ
3903 747 4041 818 λαμ-

2476 827 2725 892 ϐάνοντα,
2767 829 2861 882 καὶ
2883 833 2961 895 εἰς
2977 833 3125 902 ἡμᾶς
3147 832 3475 889 διαϐιϐάσαι.
3494 836 3586 908 Μὴ
3604 836 3733 906 γοῦν
3752 839 4041 915 ἀποώμῃς

2474 920 2538 971 ἐκ
2571 919 2767 991 μέρους
2788 923 2880 975 καὶ
2910 925 3070 989 αὐτὸς
3085 927 3392 999 εὐεργετῶν
3416 930 3582 1000 ἡμᾶς,
3600 931 3722 983 ἐπεὶ
3749 932 4039 1002 καὶὴμεῖςς

2473 1006 2605 1060 εἴτι
2636 1009 2701 1062 ἂν
2735 1013 2815 1075 εἰς
2846 1011 3046 1079 γνῶσιν
3065 1014 3302 1087 εἴχομεν,
3337 1017 3436 1071 οὐκ
3473 1018 3702 1091 ἔσχομεν
3744 1023 3876 1091 παρ’
3913 1022 4039 1073 ἑαυ-

2470 1101 2603 1163 τοῖς,
2656 1100 2791 1156 (me
2831 1104 2924 1157 καὶ
2974 1107 3418 1180 μεταδεδώκαμεν
3438 1150 3453 1173 ,
3488 1112 3583 1165 καὶ
3637 1112 4040 1183 μεταδώσομεν,

2471 1190 2653 1256 καθὼς
2672 1192 2866 1264 ἔχομεν
2887 1197 2977 1248 καὶ
2994 1198 3152 1266 ἡμεῖς
3173 1197 3451 1270 δυνάμεως
3476 1200 3673 1268 λέγειν,
3692 1204 3786 1255 καὶ
3804 1203 3853 1254 oi
3878 1201 4044 1256 ἀκού-

2469 1297 2619 1344 οντες
2646 1282 2882 1337 ἀκούειν.
2928 1285 3097 1338 Τοῦτο
3135 1285 3245 1358 γὰρ
3290 1287 3698 1359 φιλανθρωπίας
3734 1291 3864 1345 ἴδιον
3920 1292 4040 1345 κατ’

2468 1370 2617 1423 οὐδὲν
2645 1371 2742 1443 τὴν
2755 1372 2864 1426 τῶν
2890 1374 3060 1442 ἁγίων
3082 1374 3389 1439 ἀδικοῦντες
3414 1377 3728 1448 παράδοσιν,
3761 1382 3810 1433 εί
3837 1381 3917 1452 μὴ
3934 1382 4041 1452 ἄρα

2468 1462 2527 1513 οὐ
2549 1462 2906 1533 δυνησόμεθα,
2924 1464 3039 1518 ἀλλ’
3070 1465 3103 1537 ἢ
3137 1466 3277 1520 κατά
3314 1467 3437 1521 νοῦν
3481 1468 3726 1535 ἀσθενεῖς
3753 1472 4036 1543 φανῶμεν,

2468 1554 2500 1625 ἢ
2532 1553 2671 1607 κατὰ
2686 1553 2859 1623 λόγον.
2908 1555 3064 1609 Ἀλλὰ
3093 1556 3161 1610 τὰ
3190 1558 3326 1629 μετὰ
3357 1558 3548 1625 ταῦτα,
3581 1560 3656 1625 ὡς
3680 1562 3758 1633 τῷ
3791 1563 3914 1634 Θεῷ
3953 1565 4039 1633 φί-

2466 1645 2575 1710 λον,
2594 1645 2764 1708 οῦτως
2784 1646 2970 1717 ἐχέτω,
2991 1648 3082 1701 καὶ
3102 1647 3243 1703 οὕτω
3263 1648 3499 1718 λεγέσθω
3513 1651 3580 1705 τὰ
3595 1654 4038 1727 ἐπαγγελλόμενα

2466 1734 2712 1805 λέγεσθαι
2737 1738 2866 1809 παρ’
2888 1740 2919 1809 ἡ
2929 1738 3063 1808 μῶν.
3089 1739 3202 1793 Νῦν
3232 1741 3289 1794 δὲ
3310 1740 3449 1795 ἔστω
3482 1742 3653 1813 κτέρας
3693 1747 3759 1816 τῇ
3805 1746 4038 1822 τοιαῦτα

2468 1830 2834 1901 πραγματείᾳ,
2870 1832 2962 1884 καὶ
2993 1831 3079 1901 ἐφ’
3111 1832 3302 1905 ἑτέραν
3326 1834 3761 1907 μεταϐησόμεθα.
3784 1838 4037 1910 Σημείω-

2416 1888 2438 1939 3
2464 1888 2551 1976 σαι
2582 1888 2657 1986 δέ,
2695 1888 3532 1996 ὃτιιέυμόονίικὴι·,θεο.ὶογιάιί
3558 1888 3758 1996 λέγειν,

2466 2019 2789 2089 φερομένην.
2826 2020 2887 2072 Et
2926 2019 2984 2073 δὲ
3036 2018 3210 2089 βούλει
3248 2019 3348 2090 τὴν
3390 2020 3653 2094 διαφορὰν
3690 2022 3889 2077 εἰδέναι
3931 2026 4037 2097 τῆς

2466 2107 2775 2179 θεολογικῆς
2798 2108 3216 2174 ὑποτυπώσεως,
3252 2110 3346 2163 καὶ
3371 2110 3472 2181 τῆς
3493 2111 3824 2184 συμϐολικῆς
3859 2113 4038 2169 θεολο-

2467 2200 2609 2269 γίας,
2633 2198 2901 2269 ἀνάγνωθι
2922 2200 2983 2254 τὸ
3011 2201 3191 2270 τρίτον
3221 2202 3509 2269 κεφάλαιον
3521 2203 3615 2258 τοῦ
3645 2207 3776 2278 περὶ
3804 2209 4036 2264 Mutth

806 2288 911 2360 τῆς
942 2286 1246 2357 θεολογίας
1277 2286 1457 2357 λόγου,
1488 2289 1616 2361 περὶ
1634 2283 1694 2344 οὗ
1717 2289 1811 2343 καὶ
1859 2291 2039 2362 ἡμεῖς,
2082 2290 2216 2345 Θεοῦ
2230 2289 2481 2360 διδόντος,
2525 2292 2665 2347 κατὰ
2692 2292 2883 2366 καιρὸν
2903 2293 3144 2365 λέξομεν.
