4176 6314
198 351 336 406 1085
737 350 820 404 DE
861 349 1165 404 MYS'IICA
1203 351 1614 414 THEOLOGIA,
1655 352 1803 406 CAP.
1844 355 1847 406 Ξ

1760 353 1803 405 i'.
1844 355 1883 410 l.
1915 385 1986 393 ——
2032 355 2372 412 PAllAPHll.
2409 353 2853 412 PACIIYMEIUE
3280 358 3409 413 1οη

197 468 304 524 bis.
337 470 430 521 sed
475 471 682 523 ratione
711 469 940 521 diversa.
975 466 1164 521 Paucis
1206 480 1333 518 vero
1378 467 1556 519 verbis
1598 468 1706 534 agit
1731 467 1818 520 ubi
1865 468 1941 521 tle’
1965 467 2071 523 Deo
2119 469 2374 534 loquitur,
2421 470 2520 521 sub
2563 484 2624 522 ca
2676 469 2880 520 ratione
2915 482 3018 533 qua
3072 468 3304 522 refertur
3343 473 3408 524 ad

194 548 501 606 creaturas,
533 551 584 592 et
617 549 880 591 creatum
905 537 968 588 atl
998 539 1197 604 ipsum.
1218 537 1295 588 ttti
1332 536 1386 607 lit
1413 537 1462 589 itt
1495 537 1635 588 libro
1656 537 1732 591 De
1755 539 1944 591 divinis
1973 540 2284 592 nominibus.
2313 538 2484 594 Nullis
2509 539 2741 605 denique
2769 537 2956 592 verbis
2979 537 3167 596 utitur.
3193 541 3409 607 quando

195 607 428 678 ulterius
462 624 546 662 res
590 617 799 662 creatas
835 611 898 661 ad
935 608 1097 678 Deum
1133 622 1235 659 non
1283 606 1469 665 refert.
1504 622 1676 676 neque
1714 608 1956 678 vicissim
2005 607 2169 678 Deum
2201 609 2266 678 a_d
2309 609 2470 678 ipsas.
2501 611 2594 662 sed
2633 617 2884 674 tanquam
2919 607 3060 662 Deus
3085 606 3262 678 creata
3295 625 3412 661 om-

197 677 311 739 nia,
343 688 398 732 ct
431 679 724 732 relationes
746 691 932 732 omnes
959 675 1024 730 ad
1059 687 1267 746 creata,
1303 678 1354 729 in
1382 679 1562 745 seipse
1587 675 1952 739 transcendat,
1977 678 2067 731 nili
2096 679 2107 730 l
2133 677 2198 731 de
2225 675 2586 732 Deo'al'tirmat
2635 687 2799 746 atque
2823 686 3002 745 negat,
3031 676 3125 731 sed
3158 677 3410 745 religioso

194 746 415 828 silentio
450 748 635 809 Deum.
665 758 718 799 tit
761 761 860 812 par
885 758 986 810 est,
1017 746 1170 828 colit‘.
1201 744 1353 828 Tunc
1376 744 1589 828 demunt
1620 747 1696 800 :tit
1740 758 1962 828 sanctus
2003 747 2289 828 Diottysitts
2332 756 2568 828 mentem
2599 744 2803 828 omnem
2844 744 3076 828 omnium
3105 744 3406 801 sanctorum

195 813 538 886 fastigiorum
572 832 844 872 ascensum
880 815 1293 870 transcendendo
1336 817 1388 869 in
1431 817 1708 886 caliginem
1748 817 2034 882 absorberi,
2072 813 2158 870 ubi
2196 816 2467 871 Marsilius
2501 816 2717 870 Ficinus
2753 832 2848 885 per
2881 816 3214 884 [estigia'sett
3253 834 3409 871 cecu-

194 886 367 956 minn.
404 887 657 956 intelligit
698 895 918 941 naturas
948 888 1012 940 ad
1043 887 1303 940 unitatem
1347 888 1616 956 reductas,
1661 886 1756 940 sed
1779 887 2018 942 easdem
2053 887 2347 941 universim
2393 886 2789 956 consitleratas,
2813 901 2948 954 quas
2982 898 3105 956 tres
3133 901 3255 941 esse
3294 888 3404 947 sit;

195 953 410 1009 scilicet
439 953 800 1026 corporalem,
834 956 1143 1019 animalem,
1178 955 1616 1018 intellectualem,
1654 971 1881 1026 quarunt
1914 957 2292 1026 cogitationem
2327 955 2660 1011 et'alIectttttt
2691 953 2880 1010 debeat
2904 955 3084 1011 anima
3120 955 3406 1026 plurimum

194 1040 482 1092 superare,
514 1025 570 1078 ut
605 1028 776 1094 ipsum
821 1027 874 1079 in
918 1027 1095 1094 seipse
1128 1028 1325 1079 bonum
1360 1026 1690 1078 adiuveniat.
1735 1025 2050 1080 Hersentiits
2092 1040 2218 1080 vero
2265 1027 2433 1094 magis
2480 1026 2723 1094 mystice,
2767 1041 2867 1094 per
2907 1035 3092 1079 sancte
3124 1025 3408 1080 cacumina

194 1095 332 1166 dicit
366 1097 589 1166 intelligi
622 1096 1014 1166 eminentiores
1036 1095 1232 1148 divina:
1255 1095 1731 1166 contemplationis
1757 1097 1969 1166 aqvila
1994 1096 2254 1164 spiritalis
2276 1097 2513 1166 gradus,
2533 1096 2730 1166 quibus
2767 1105 3039 1162 eutnpetat
3066 1110 3259 1166 nomen
3289 1111 3410 1148 san-

193 1164 424 1226 ctitatis,
449 1181 515 1220 eo
542 1163 684 1234 quod
717 1166 852 1219 hanc
877 1165 1112 1220 elllciant
1149 1175 1239 1217 aut
1274 1175 1421 1220 certe
1449 1163 1771 1234 adaugeaot.
1798 1165 1865 1220 Et
1889 1163 2091 1220 idcirco
2127 1168 2201 1218 ait
2227 1176 2487 1219 sanctutn-
2503 1165 2812 1234 Dionysium
2839 1175 3137 1219 sanctorum
3166 1163 3408 1234 fastigio-

196 1249 617 1304 rttmescensum
652 1235 982 1297 nominasse,
1012 1235 1138 1304 quia
1177 1234 1432 1288 nimirum
1465 1235 1515 1286 in
1546 1237 1706 1289 rebus
1735 1236 1920 1304 gratiae
1943 1250 2005 1288 ac
2035 1236 2230 1288 divina:
2257 1234 2726 1304 contemplationis
2750 1236 2905 1303 quasi
2938 1234 3193 1304 gradibus
3221 1250 3409 1289 ascen-

195 1303 458 1374 dentium,
481 1316 536 1358 et
566 1306 781 1374 quidem
813 1303 1442 1374 seniper’ascendendtttn
1471 1313 1578 1360 est.
1597 1305 1746 1370 juxta
1779 1303 1908 1358 illud
1940 1322 1954 1357 ε
1987 1304 2179 1358 Beatus
2205 1306 2279 1357 vir
2301 1306 2453 1373 cujus
2478 1303 2554 1358 est
2581 1303 2956 1374 auxiliumnbs
2984 1314 3056 1374 te,
3079 1305 3404 1358 escensiones

192 1373 250 1443 in
275 1376 435 1426 corde
464 1376 721 1442 disposuit
750 1373 792 1426 ι.
823 1373 907 1439 Ει,
934 1373 1215 1428 Ἰασίοτιηη
1241 1375 1422 1428 semita
1455 1375 1602 1441 quasi
1625 1376 1718 1427 lux
1739 1374 2011 1442 splendens
2033 1376 2285 1443 procedit,
2311 1387 2358 1427 et
2391 1376 2572 1426 crescit
2596 1389 2757 1440 usque
2777 1373 2850 1443 ad
2871 1373 3150 1440 perfectam
3179 1375 3316 1425 diem
3343 1380 3400 1426 ’³.

191 1442 463 1496 ueterum
491 1441 589 1505 hos
619 1445 816 1498 tliviute
852 1442 1326 1510 contemplationis
1358 1445 1577 1511 gradus.
1609 1441 1906 1512 omnesque
1937 1441 2059 1499 vita
2092 1445 2366 1498 interioris
2388 1453 2544 1497 actus
2572 1458 2635 1498 ac
2671 1441 3029 1510 perfectiones
3063 1443 3240 1498 anima
3272 1459 3410 1496 cou-

196 1512 511 1582 templatrlx
554 1514 940 1567 transcendere
966 1514 1142 1576 debet,
1174 1523 1230 1564 ut
1272 1513 1338 1565 ad
1387 1513 1665 1582 mysticam
1705 1525 1759 1566 et
1789 1513 2079 1581 perfectam
2109 1530 2229 1566 cum
2282 1514 2388 1568 Deo
2427 1513 2967 1582 communicationem
3000 1513 3294 1580 perveniat.
3340 1512 3408 1582 Ut

194 1581 392 1636 sensus
423 1584 493 1636 sit
539 1600 552 1635 :
585 1582 1024 1652 Qualemcunque
1050 1584 1242 1652 anima
1274 1581 1576 1652 divinarum
1613 1597 1790 1652 rerum
1830 1585 2188 1652 cognitionem
2235 1595 2523 1637 consecuta
2566 1581 2751 1645 fuerit,
2775 1583 3205 1650 qnaletttcttnqtte
3231 1581 3411 1651 perfe-

191 1654 392 1706 ctionis
424 1653 704 1706 interioris
734 1651 1227 1722 statuntattigerit,
1258 1651 1418 1706 debet
1451 1661 1629 1706 tamen
1661 1651 1817 1722 longe
1840 1653 2171 1722 multumque
2201 1667 2360 1721 supra
2392 1653 2503 1707 lucc
2523 1652 2699 1718 evehi,
2729 1661 2785 1704 ut
2815 1653 2923 1706 Deo
2947 1653 3132 1707 intime
3156 1661 3208 1706 et
3241 1667 3405 1720 supra

193 1730 436 1777 mentem
466 1722 841 1791 conjungatur.

265 1792 322 1846 ltt
352 1793 420 1846 iis
435 1801 613 1846 autem
631 1790 748 1859 qua:
770 1803 988 1865 sanctus
1011 1792 1294 1865 Dionysius
1309 1790 1664 1865 subju'ttgit‘de
1682 1791 1862 1865 Moyse
1882 1794 1933 1846 in
1953 1792 2143 1848 nubem
2171 1794 2415 1865 ingresso
2437 1801 2579 1865 recte
2603 1801 2752 1865 notat
2772 1790 3106 1865 llersettlius,
3122 1791 3409 1865 Ιίειοιδίειιιι

193 1866 344 1920 illam
368 1879 472 1916 non
502 1873 754 1934 tanquam
778 1862 1498 1934 exeutplumpraemissorutn
1523 1861 1706 1934 afferri
1725 1863 1852 1934 (non
1873 1865 2017 1915 enim
2039 1861 2319 1934 Scriptura
2343 1862 2606 1934 narratin
2624 1863 2903 1930 caliginem
2926 1861 3402 1934 ἱιιεξιιτιιιειῇρεηι,

192 1937 260 1989 de
289 1948 397 2002 qua
424 1935 526 1987 hoc
555 1932 691 1986 libro
714 1946 892 1988 sermo
923 1941 1028 1994 est,
1052 1931 1294 2002 ibloyseut
1345 1933 1645 2002 ingressum
1677 1930 1864 1994 fuisse,
1890 1942 1982 1984 aut
2023 1935 2163 2000 quod
2208 1933 2348 1987 idem
2378 1942 2486 1994 est,
2517 1930 2626 2002 Deo
2667 1930 3192 2002 stiperessetttialite}
3239 1930 3406 2002 fuisse

192 2001 572 2073 COIIlelIClUIll;
603 2001 696 2055 sed
735 2009 941 2073 tantum
978 2001 1191 2073 nubem,
1230 2016 1349 2069 quae
1381 2001 1626 2073 montem
1652 2013 1963 2073 operuerat,
1989 2003 2242 2068 subiisse,
2281 2007 2334 2057 itt
2383 2019 2488 2071 qua
2537 2001 2679 2073 Deus
2724 2001 2997 2056 habitasse
3041 2001 3261 2073 dicitur)
3309 2003 3407 2054 sed

195 2071 453 2141 tanduam
479 2072 786 2140 allegoriam
813 2071 1777 2141 pulelterrituametappositissitnatn
1806 2071 1870 2124 iis
1898 2086 2015 2138 quae
2043 2080 2348 2127 tractantur
2376 2072 2710 2141 illustraudis
2741 2073 3028 2125 recenseri.
3065 2071 3142 2124 Ac
3164 2073 3400 2140 primum

233 2137 414 2197 uidem
450 2155 550 2211 per
577 2137 948 2210 purgationem
985 2140 1130 2193 illam
1172 2137 1334 2211 550
1363 2137 1590 2212 'Moysis,
1631 2141 1878 2213 designat
1916 2137 2188 2213 animam,
2216 2160 2336 2213 quae
2378 2145 2444 2196 ad
2477 2143 2599 2195 vita:
2645 2140 2915 2213 interioris
2957 2137 3179 2209 apicem'
3209 2142 3402 2200 tetulit,

233 2161 414 2197 utaem
450 2161 550 2211 per
577 2161 948 2210 purgationem
985 2161 1130 2193 ιιιίιιιι
1371 2161 1590 2212 ωογειδ,
1631 2161 1878 2210 αρεικιιεὶι
1935 2161 2188 2205 alllﬂlalll,
2216 2161 2336 2213 ψιω
2378 2161 2444 2196 30
2477 2161 2599 2195 vna:
2645 2161 2915 2194 IIIICI‘IOI'IS
2957 2161 3162 2209 apice"!
3209 2161 3402 2200 υτιιιηι,

189 2161 396 2268 ﬂebere
425 2213 656 2280 primum
676 2221 907 2282 peccato
924 2213 1092 2282 mori,
1119 2225 1300 2282 carnis
1324 2225 1534 2282 pravos
1565 2223 1744 2264 motus
1773 2211 2008 2274 vincere,
2045 2212 2237 2282 bisque
2271 2213 2524 2267 omnibus
2575 2210 2790 2282 purgari
2829 2219 3086 2280 quantum
3122 2213 3173 2263 in
3209 2225 3268 2263 se
3298 2221 3402 2263 est.

191 2279 437 2336 Gradum
467 2292 645 2334 autent
673 2280 814 2334 hunc
847 2280 938 2346 qui
965 2279 1089 2335 vita:
1125 2279 1387 2348 spiritalis
1413 2281 1620 2348 primus
1648 2290 1748 2347 est,
1779 2291 1832 2334 et
1872 2282 1922 2332 itt
1951 2295 2058 2348 quo
2095 2279 2330 2337 maxime
2371 2281 2776 2335 mortificattoui
2826 2279 3267 2342 incutttbetttlunt,
3304 2281 3405 2332 viri

191 2352 470 2416 spiritales
493 2352 657 2402 vitant
691 2363 781 2403 seu
811 2349 948 2421 viain
985 2352 1322 2420 purgativaut
1360 2361 1586 2414 vocant;
1618 2367 1777 2417 quam
1808 2350 2149 2420 Pythagorici
2180 2355 2410 2421 primam
2442 2361 2497 2407 et
2521 2349 2674 2420 quasi
2707 2351 3027 2421 praecipuam
3059 2351 3410 2420 philosophias

190 2439 305 2475 sua:
332 2433 538 2491 partem
568 2426 894 2473 statuerunt.
923 2419 1024 2474 Per
1058 2419 1258 2473 lumina
1290 2431 1468 2491 autem
1509 2432 1562 2475 et
1585 2419 1875 2491 sonos,via
1904 2419 2258 2475 illuutinativa
2292 2419 2631 2489 intelligitur,
2667 2421 2717 2472 in
2751 2435 2855 2488 qua
2891 2419 2981 2481 Dei
3010 2431 3065 2472 et
3093 2419 3400 2474 divinarum

193 2490 379 2544 rerum
414 2491 959 2556 cmitemplationibus
993 2501 1318 2544 exercentur
1350 2490 1542 2544 animai
1573 2490 1866 2557 spiritales,
1900 2491 2186 2557 multisque
2223 2493 2515 2546 luminibus
2551 2507 2614 2544 ac
2647 2491 2792 2543 souis
2821 2491 3207 2544 revelationutu
3236 2498 3406 2559 atque

190 2560 618 2614 illustrationutn
658 2576 692 2611 a
720 2559 829 2612 Deo
857 2559 1100 2628 exceptis
1136 2559 1494 2628 adaugeatur,
1536 2559 1717 2614 multis
1756 2561 1935 2614 verbis
1972 2560 2422 2616 iutelleetnalibus
2461 2561 2527 2614 ad
2579 2561 2746 2614 Deum
2783 2563 3020 2622 emissis,
3070 2571 3124 2614 et
3166 2561 3404 2614 vicissim

192 2631 378 2683 multis
411 2649 439 2684 a
474 2628 584 2700 Deo
614 2629 869 2700 immissis
905 2630 957 2682 iu
1000 2631 1082 2682 via
1109 2628 1203 2683 Dei
1233 2633 1750 2700 progrediuntuqet
1779 2629 2034 2698 paulatim
2064 2645 2095 2683 a
2123 2632 2300 2686 multis
2333 2639 2692 2700 segregantur,
2730 2631 2856 2684 dum
2907 2645 2934 2680 a
2975 2639 3278 2700 creatarum
3324 2644 3408 2681 re—

190 2715 310 2753 rum
345 2714 453 2753 non
496 2698 667 2751 solum
708 2699 1080 2771 intelligentia,
1118 2699 1212 2753 sed
1235 2698 1414 2753 inulto
1452 2703 1620 2770 magis
1658 2700 1852 2755 aﬂ'ectu
1887 2700 2240 2771 sejunguutur
2270 2698 2428 2771 atque
2458 2698 2737 2754 secedunt.
2780 2700 2934 2767 Quod
2979 2709 3157 2753 autem
3199 2699 3408 2771 Moyses

187 2785 309 2822 cum
339 2771 542 2839 selectis
574 2769 932 2822 sacerdotibus
972 2776 1198 2823 montem
1245 2773 1515 2836 ascendat,
1546 2769 1788 2838 solusque
1826 2770 2103 2839 caliginem
2154 2769 2504 2839 ingrediatur,
2540 2771 2799 2832 insinuat,
2833 2784 3128 2837 paucorum
3172 2769 3297 2823 esse
3339 2770 3406 2821 ad

190 2841 418 2910 mystica
448 2838 1084 2910 fastigiacottsccttdere,
1120 2841 1384 2908 siquidem
1415 2857 1603 2894 omnes
1631 2855 1662 2894 e
1690 2842 1845 2910 plebe
1886 2838 2098 2910 purgati
2135 2838 2350 2908 quidem
2377 2849 2522 2905 sunt,
2569 2850 2621 2894 et
2650 2855 2837 2895 omnes
2872 2839 3115 2910 sonitum
3160 2840 3406 2910 buccina:

187 2907 538 2978 audiverunt,
574 2907 626 2960 et
656 2907 864 2976 fulgura
903 2907 1391 2977 viderunt,paucis
1425 2922 1602 2965 tamen
1649 2907 1963 2965 concessum
1998 2908 2100 2962 fuit
2145 2907 2196 2963 in
2239 2921 2476 2964 montem
2521 2910 2833 2972 ascendere,
2869 2909 3142 2978 Deumque
3183 2909 3400 2962 intueri.

187 2977 286 3030 Sic
317 2979 498 3058 plures
541 2992 758 3062 quoque
790 2979 844 3030 itt
883 2980 967 3059 via
993 2980 1843 3062 purgativa-degaut,'pauciores
1873 2994 1997 3032 vero
2036 2981 2087 3032 iit
2127 2980 2850 3062 illumittatit‘a,‘paucissimi
2881 2996 3006 3032 vero
3044 2977 3110 3062 and
3141 2980 3404 3032 unitivatn

187 3050 535 3119 perveniunt.
561 3047 794 3119 Moyses‘
809 3049 956 3119 enim
988 3047 1132 3104 cuius
1163 3056 1245 3118 (ut
1275 3047 1506 3103 habetur
1540 3047 1708 3104 Exodi
1732 3064 1850 3117 cap.
1886 3056 1974 3117 xx)
2006 3051 2237 3104 accessit
2265 3053 2332 3104 ad
2371 3047 2655 3119 caliginem
2690 3050 2741 3102 itt
2767 3065 2869 3118 qua
2904 3062 3022 3101 erat
3059 3049 3217 3111 Dens,
3244 3065 3403 3119 quam

187 3118 473 3190 historiam
517 3116 747 3190 sanctus
769 3116 1055 3189 Dionysius
1089 3116 1465 3173 accommodat
1509 3121 1737 3190 mystico
1779 3116 2051 3188 tlteoltigo,
2085 3122 2173 3189 qui
2208 3132 2413 3176 semota
2446 3116 2501 3173 ei
2531 3122 2694 3174 veluti
2728 3134 2758 3172 a
2785 3116 2940 3186 tet-go
2984 3120 3167 3173 relicta
3197 3116 3408 3172 inielle-

185 3188 356 3260 ctuali
385 3189 710 3260 cognitione,
737 3188 788 3260 in
828 3188 1071 3260 mystica:
1107 3190 1319 3244 unionis
1342 3191 1518 3244 sinum
1557 3188 1835 3260 recipitur,
1865 3191 1953 3244 ubi
1980 3200 2063 3243 eet
2089 3188 2324 3257 perfecta
2357 3193 2533 3260 caligo
2570 3190 2947 3260 igttoratiouts,
2980 3206 3098 3256 quae
3136 3190 3404 3260 tusc-ipsa

186 3256 395 3332 nullam
440 3258 854 3332 intellectualem
888 3256 1060 3332 lucem
1089 3269 1181 3332 aut
1209 3261 1574 3329 cognitionem
1612 3256 1854 3332 admittit
1897 3268 1948 3313 et
1988 3256 2132 3326 tete,
2186 3264 2414 3332 mystica
2446 3256 2557 3327 e31,
2590 3256 2714 3330 Quia
2749 3261 2935 3313 itttitna
2969 3273 3024 3314 et
3066 3259 3297 3322 occulta,
3327 3275 3407 3313 sic

187 3334 249 3377 ut
277 3327 420 3380 nulla
452 3342 603 3382 utens
640 3327 1048 3398 rationemcjus
1073 3330 1245 3384 valeat
1281 3327 1762 3399 comprehendere.

1207 3633 1688 3692 PARAPHRASIS
1748 3636 2192 3694 PACHYMERIE
2225 3641 2358 3711 (53).

271 3766 329 3821 Ὀ
355 3767 450 3836 μὲν
484 3766 624 3837 ἱερὸς
649 3767 918 3832 Διονύσιος
959 3769 1054 3822 τοῦ
1087 3772 1225 3840 Περὶ
1257 3773 1428 3826 θείων
1449 3773 1752 3843 ὀνομάτων
1779 3796 1826 3853 Α

1779 3796 1826 3853 Α
1925 3776 2081 3830 Divus
2105 3778 2318 3845 quidem
2349 3778 2653 3848 Dionysius,
2691 3780 2824 3834 libro
2857 3799 2957 3836 suo
2990 3783 3063 3838 De
3099 3785 3284 3838 diuinis
3315 3802 3409 3838 tto-

179 3861 346 3930 λόγου
370 3859 630 3930 προέταξε
645 3861 736 3913 τὸν
751 3863 890 3931 Περὶ
916 3863 1267 3934 θεολογικῶν
1284 3865 1747 3932 ὑποτυπώσεων,

181 3953 523 4024 προθεωρίαν
553 3953 660 4006 τῶν
710 3956 980 4027 σποράδην
1015 3959 1070 4009 ἐν
1109 3960 1173 4028 τῇ
1216 3958 1401 4030 Γραφῇ
1452 3961 1575 4030 περὶ
1614 3960 1747 4014 Θεοῦ

180 4046 510 4118 εἰρημένων
539 4045 769 4111 ὑπέταξε
795 4049 849 4101 δὲ
876 4049 964 4102 τὸν
991 4051 1130 4117 Περὶ
1158 4050 1529 4120 συμϐολικῆς
1552 4056 1749 4107 θεολο-

177 4138 340 4211 τίας,
373 4140 430 4191 ἐν
457 4134 501 4208 ᾧ
530 4139 752 4208 ἐδίδαξε,
784 4143 927 4206 τίνες
958 4145 1012 4196 αἰ
1055 4144 1162 4196 ἀπὸ
1204 4143 1311 4196 τῶν
1343 4145 1610 4216 αἰσθητῶν
1658 4149 1749 4200 ἐπὶ

177 4228 258 4284 τὰ
292 4232 409 4284 θεῖα
444 4234 803 4303 μετωνυμίαι,
837 4236 929 4287 καὶ
957 4236 1023 4287 τὰ
1052 4235 1176 4306 eis;
1206 4236 1614 4309 πολυλογώτερα
1643 4239 1750 4292 τῶν

179 4323 329 4392 Περί
371 4324 726 4392 θεολογικῶν
775 4326 1237 4393 ὺποτυπώσεων,
1287 4331 1378 4382 καὶ
1416 4332 1586 4383 θείων
1619 4333 1750 4385 ὀνο-

172 4413 385 4484 μάτων
417 4416 746 4488 ὑπάρχοντα,
774 4418 838 4469 δι’
867 4419 1065 4485 αἰτίαν,
1101 4419 1165 4490 ἣν
1195 4423 1250 4473 ὲν
1271 4421 1346 4491 τῷ
1373 4423 1540 4492 τρίτῳ
1581 4440 1749 4492 nacca-

178 4504 322 4576 λαίῳ
354 4505 447 4557 τοῦ
466 4509 602 4574 Περὶ
621 4508 921 4577 μυστικῆς
944 4513 1246 4580 θεολογίας
1267 4515 1417 4583 φησί.
1444 4514 1596 4567 Μετὰ
1620 4514 1748 4582 γοῦν

175 4596 391 4659 τοῦτον,
426 4599 630 4651 ἐκεινου
660 4600 875 4670 ἧρξατο.
912 4603 1114 4670 Μηδεὶς
1153 4599 1244 4656 οὖν
1274 4605 1464 4658 οἰέσθω
1492 4607 1580 4658 τὸν
1609 4608 1746 4675 Περί

177 4689 556 4756 πμϐολικτῖς
588 4693 913 4760 θεολογίας,
946 4695 1027 4761 ἐφ’
1051 4694 1107 4746 ὃν
1141 4695 1278 4764 μετὰ
1299 4696 1386 4749 τὸν
1410 4698 1545 4765 Περί
1579 4700 1749 4752 θείων

176 4779 494 4848 ὀνομάτων
537 4784 947 4851 μετελεύσεσθαί
991 4804 1140 4857 φησι,
1171 4788 1259 4840 τὸν
1291 4791 1428 4856 Περὶ
1448 4791 1748 4859 μυστικῆς

178 4874 495 4941 θεολογίας
531 4869 688 4940 εἶναι,
715 4875 850 4928 ἀλλὰ
877 4880 990 4947 μετ’
1014 4881 1217 4932 ἐκεῖνον
1246 4881 1430 4933 τοῦτον
1461 4883 1593 4935 ἴστω
1623 4900 1746 4935 συν-

175 4961 438 5033 τετάχθαι
467 4965 543 5036 τῷ
566 4967 728 5037 πατρί
753 4983 765 4996 '
800 4968 873 5038 μὴ
901 4971 1282 5042 εὑρισκομένου
1313 4973 1368 5025 δὲ
1397 4973 1488 5026 νῦν
1516 4975 1744 5038 ἐκείνου,

175 5058 206 5111 6
227 5055 367 5123 Περὶ
390 5057 689 5126 μυστικῆς
713 5063 1019 5131 θεολογίας
1042 5063 1224 5117 ἐνθάδε
1246 5067 1520 5121 τέτακται.

255 5235 286 5306 §
317 5235 358 5287 Ῐ.
387 5235 711 5308 Ἐπειδήπερ
739 5239 877 5305 Περὶ
901 5240 1204 5309 μυστικῆς
1230 5246 1535 5313 θεολογίας
1564 5247 1742 5316 μέλλει

171 5325 475 5389 διαλαϐεῖν,
497 5329 596 5397 τῆς
617 5329 877 5382 ἀπολύτου
908 5331 1046 5399 λέγω
1075 5335 1270 5395 παντὸς
1289 5335 1550 5404 συμϐόλου
1571 5355 1630 5388 τε
1653 5342 1744 5392 καὶ

174 5418 463 5488 ὀνόματος,
495 5420 588 5473 καὶ
613 5421 700 5473 διά
723 5439 781 5475 τε
809 5424 904 5492 τῆς
933 5425 1144 5476 πάντων
1178 5428 1380 5496 νοητῶν
1408 5429 1737 5494 ἀπολύσεως,

175 5511 282 5565 καὶ
309 5511 404 5581 τῆς
449 5511 636 5565 πασῶν
675 5515 906 5586 νοήσεων
954 5518 1310 5582 ἀποπαύσεως
1354 5522 1738 5593 συναγομένης,

259 5661 282 5706 ι
318 5665 458 5722 Psal.
494 5683 716 5731 Lxuttt,
753 5669 804 5722 6.
872 5669 1084 5724 mProv.
1123 5689 1190 5733 tv,
1232 5675 1314 5728 18.

1852 3869 2072 3922 minibus
2100 3869 2436 3939 przcntiseral.
2466 3871 2614 3923 illuttt
2641 3871 2715 3924 De
2754 3873 3045 3943 ‘Iteologicis
3077 3875 3408 3941 informatio-

1851 3966 2021 4029 nibus,
2052 3979 2147 4018 ceu
2189 3966 2444 4033 prmvium
2476 3978 2754 4034 aspectum
2798 3983 2981 4021 eorum
3026 3983 3144 4037 qua:
3172 3973 3403 4037 sparsim

1852 4057 1902 4109 itt
1937 4056 2222 4125 Scriptura
2254 4056 2318 4110 de
2351 4056 2460 4111 Deo
2486 4058 2627 4111 dicta
2672 4070 2845 4129 sunt;
2877 4061 3234 4129 subjttnxerat
3279 4076 3409 4116 vero

1851 4149 2045 4203 librum
2094 4148 2168 4202 De
2210 4151 2493 4220 symbolice
2541 4150 2821 4220 theologia,
2868 4151 2920 4205 in
2972 4167 3078 4220 quo
3126 4153 3405 4216 docuerat,

1849 4257 2093 4312 quautam
2124 4257 2153 4294 a
2179 4240 2467 4296 sensilibus
2484 4242 2550 4295 ad
2579 4241 2760 4295 divina
2793 4242 3175 4297 translationes
3200 4250 3404 4303 essent.

1850 4345 1979 4397 etc.,
2007 4349 2126 4401 qua:
2153 4335 2354 4399 scripta
2391 4332 2466 4386 De
2490 4332 2790 4402 theologicis
2823 4335 3308 4402 informetionibus,
3343 4351 3407 4389 ac

1855 4424 2048 4478 Divinis
2097 4426 2389 4477 nominibus
2438 4425 2731 4494 prolixiora
2787 4435 2975 4487 erant,
3026 4425 3097 4479 ob
3147 4441 3403 4487 causam,

1851 4530 2007 4583 quam
2045 4515 2094 4566 itt
2125 4515 2284 4566 tertio
2329 4514 2507 4581 capite
2551 4513 2626 4567 De
2665 4515 2888 4582 mystica
2933 4513 3190 4581 theologia
3219 4514 3404 4574 tradit,

1851 4615 1972 4675 post
2019 4605 2137 4658 illos
2181 4606 2361 4675 itaque
2409 4613 2706 4667 tractatus,
2751 4608 2894 4658 hunc
2947 4605 3256 4673 auspicatus
3302 4614 3402 4657 est.

1847 4697 2017 4751 Nemo
2056 4699 2218 4768 igitur
2260 4698 2452 4751 librum
2495 4699 2642 4751 illttttt
2690 4699 2760 4750 De
2797 4699 3078 4768 symbolice
3125 4697 3403 4766 theologia,

1850 4792 1914 4845 ad
1946 4806 2126 4859 quem,
2155 4800 2272 4857 post
2305 4791 2452 4844 illttttt
2487 4791 2560 4844 De
2583 4791 2768 4843 divinis
2799 4791 3112 4854 nominibus,
3140 4806 3197 4843 se
3229 4800 3405 4841 trans-

1850 4884 1929 4938 ire
1959 4885 2108 4949 dicit,
2139 4885 2404 4938 existimet
2433 4884 2575 4936 hunc
2598 4897 2716 4935 esse
2746 4883 2817 4935 De
2863 4884 3080 4950 mystice
3121 4880 3402 4946 theologia,

1847 4977 1938 5030 sed
1965 4985 2084 5045 post
2116 4975 2266 5028 illum
2301 4975 2438 5027 sciat
2465 4974 2629 5028 istum
2657 4989 2685 5026 a
2729 4981 2917 5026 Sancto
2949 4971 3109 5024 Patre
3138 4972 3396 5037 composi-

1850 5078 1959 5121 tum
2004 5066 2187 5130 fuisse,
2217 5068 2306 5135 qui
2344 5082 2464 5120 cum
2496 5069 2653 5120 modo
2688 5083 2789 5119 nou
2842 5066 3161 5133 reperiatur,
3195 5064 3282 5117 ltic
3326 5063 3401 5115 De

1775 5140 1816 5194 Β
1852 5162 2066 5231 mystice
2094 5160 2352 5228 theologia
2387 5161 2487 5214 hoc
2514 5161 2633 5214 loco
2664 5160 3027 5228 sttbjttugitttr.

1921 5248 1947 5320 §
1965 5248 2002 5302 Ι.
2018 5251 2147 5302 Cum
2168 5250 2240 5302 De
2253 5253 2466 5318 mystice
2483 5251 2761 5318 theologia,
2779 5253 2844 5303 ab
2857 5249 3002 5304 omni
3028 5250 3243 5316 inquam
3261 5263 3402 5317 syztz-

1848 5341 1968 5394 bolo
1999 5341 2320 5409 nomineque
2347 5342 2612 5404 absoluta,
2644 5353 2695 5395 et
2733 5343 2971 5394 omnium
3007 5339 3400 5394 intellecliliunt

1849 5434 2219 5497 absolutione,
2261 5437 2609 5504 omniumque
2661 5435 3052 5506 cogitationum
3094 5433 3404 5488 cessatione

1849 5528 2094 5591 collecta,
2137 5529 2379 5582 dicturus
2403 5542 2565 5591 esset,
2598 5546 2755 5597 quant
2781 5531 2831 5581 itt
2853 5528 2973 5583 aliis
2995 5539 3209 5598 quoque
3231 5526 3298 5579 ab
3319 5526 3406 5581 in~

254 5777 370 5853 (53)
407 5778 536 5834 Vide
559 5779 771 5836 Scholia
802 5782 841 5837 S
893 5783 1113 5840 Maxim.
1141 5795 1268 5842 tom.
1309 5787 1368 5854 Ιι,
1400 5803 1518 5858 cap.
1552 5789 1576 5842 1
1616 5787 1776 5860 ligat.
1828 5791 1982 5846 theol.
