4176 6314
696 428 835 485 1019

702 544 755 599 id
791 551 875 596 est
908 538 996 607 qui
1041 536 1095 589 in
1136 525 1523 585 sublimissima
1580 515 1919 590 ignoratione
1973 513 2265 564 ahsconsus
2293 501 2340 558 Α

701 643 818 701 est;
856 600 981 700 quid
1039 626 1185 679 dicat
1223 610 1343 689 quis
1383 617 1448 669 de
1486 615 1547 667 iis
1569 611 1658 680 qui
1685 608 1851 677 magis
1889 600 2096 672 profani
2122 604 2266 659 sunt,

704 735 764 781 et
803 690 1103 779 idololatrze
1143 707 1448 768 exsistunt?
1483 707 1613 760 Cum
1652 714 1777 753 vero
1817 697 1945 750 dicit
1985 708 2144 777 supra
2171 690 2268 743 bos

704 774 843 871 esse
868 774 1083 868 divinas
1129 801 1513 877 mystagogias,
1557 812 1660 849 non
1698 785 1988 845 ideo'dicit
2027 774 2270 855 qunddi—

708 906 840 961 vina
882 902 1022 956 forte
1072 912 1231 965 supra
1276 894 1375 948 bos
1411 890 1626 960 quidem
1650 887 1777 947 sint,
1818 894 1921 935 non
1960 879 2067 933 sint
2090 883 2268 929 autem

711 1013 877 1066 supra
917 994 1087 1055 alios;
1125 986 1323 1041 etenim
1363 980 1492 1051 quid
1535 976 1655 1030 novi
1698 981 1837 1036 erat,
1860 968 2123 1049 siquidem
2149 966 2269 1033 ipsi,

706 1054 831 1141 cum
873 1083 1036 1137 rudes
1075 1086 1273 1140 essent,
1333 1087 1394 1126 ea
1444 1084 1553 1123 non
1608 1059 1905 1132 caperent?
1956 1056 2070 1111 Non
2129 1054 2273 1107 enim

711 1179 891 1231 dixit:
953 1173 1128 1243 Supra
1189 1169 1380 1221 borum
1437 1160 1842 1231 cognitionem,
1900 1149 2038 1205 sed:
2097 1144 2275 1213 Supra

709 1269 893 1336 ipsos;
933 1279 997 1317 ac
1035 1240 1080 1316 si
1126 1261 1369 1314 diceret:
1423 1253 1667 1309 Nondum
1710 1248 1890 1301 sciunt
1945 1240 2113 1295 Deum
2155 1250 2278 1290 esse

708 1328 883 1430 supra
910 1355 964 1409 id
1020 1352 1161 1422 quod
1220 1354 1449 1418 possunt
1502 1340 1840 1409 intelligere;
1898 1334 2026 1401 quin
2082 1338 2137 1383 et
2176 1328 2279 1381 hoc

710 1419 898 1506 eorum
936 1457 1148 1515 captum
1186 1440 1423 1501 excedit,
1448 1444 1501 1491 et
1542 1432 1877 1487 arbitrantur
1914 1439 2010 1480 sua
2052 1419 2281 1475 nmione

709 1558 770 1598 se
828 1510 1016 1595 Deum'
1051 1547 1244 1598 nosse,
1306 1527 1501 1597 duplici
1561 1524 1869 1578 taborantes
1926 1510 2273 1585 ignorantia,

711 1631 919 1689 scilicet
956 1624 1251 1681 secundum
1293 1620 1569 1683 all‘ectum,
1623 1624 1677 1668 et
1715 1612 1895 1666 divina
1937 1609 2277 1676 ignorantes,

711 1732 766 1776 et
800 1720 942 1791 quod
983 1720 1233 1789 ignorent
1290 1712 1619 1767 nescientes.
1657 1705 1795 1773 Quid
1836 1703 1999 1773 igitur
2035 1700 2279 1753 dicemus

712 1815 781 1869 de
816 1811 1078 1882 profanis,
1118 1808 1209 1877 qui
1250 1805 1416 1859 Deum
1455 1818 1523 1855 ex
1580 1799 1741 1855 rebus
1803 1794 2029 1857 intimis,
2066 1791 2277 1845 scilicet

720 1903 1033 1959 inanimatis
1081 1898 1326 1954 materiis
1362 1906 1413 1949 et
1471 1892 1660 1947 formis
1700 1883 2057 1942 describunt?
2099 1883 2272 1950 Opor-

716 2006 791 2050 tct
847 1996 1009 2047 etiam
1069 1990 1168 2059 ipsi
1228 2000 1441 2040 onmem
1500 1997 1680 2036 rerum
1741 1976 2065 2047 positionem
2114 1972 2277 2025 attri—

714 2086 900 2151 bucre,
942 2082 1081 2143 sicut
1116 2082 1167 2134 in
1210 2079 1349 2132 libro
1390 2074 1466 2128 De
1517 2073 1708 2126 divinis
1749 2068 2044 2124 nominibus
2104 2065 2276 2119 tradi-

720 2174 923 2236 dimus,
958 2170 1215 2241 quoniam
1251 2181 1317 2220 ex
1355 2163 1606 2218 omnibus
1644 2159 1887 2215 divinum
1936 2155 2139 2208 Numen
2182 2169 2279 2205 no-

718 2262 979 2327 minatur,
1024 2270 1278 2326 tanquam
1344 2269 1507 2308 causa
1573 2266 1636 2305 ex
1693 2247 1943 2310 eﬂectis;
1990 2254 2045 2299 et
2101 2244 2277 2298 omnia

718 2352 823 2419 ipsi
861 2350 1221 2410 attribuenda,
1262 2355 1511 2413 tanquam
1550 2340 1831 2396 exsistenti
1880 2352 2041 2405 supra
2078 2335 2279 2389 omnia.

718 2444 837 2499 Non
876 2440 1019 2496 enim
1058 2440 1268 2494 axioma
1330 2433 1776 2491 cuntradictionis
1832 2431 1903 2483 ibi
1958 2429 2132 2482 locum
2184 2427 2283 2478 ha—

718 2534 832 2596 bet,
856 2533 997 2585 sicut
1036 2530 1157 2583 hic:
1184 2527 1438 2595 quoniam
1488 2524 1574 2577 bic
1598 2523 1648 2575 in
1675 2537 1730 2575 re
1753 2520 1899 2575 omni
1923 2517 2008 2572 vel
2049 2515 2281 2569 aﬂirnta-

722 2626 795 2679 tio
844 2632 927 2679 est
969 2622 1054 2676 vel
1090 2621 1328 2689 negatio,
1368 2626 1423 2671 et
1459 2616 1503 2669 si
1556 2613 1839 2667 atIirmatio
1872 2626 1996 2665 vera
2037 2609 2146 2670 sit,
2189 2624 2283 2662 ne-

719 2717 868 2786 gatio
912 2715 1043 2768 falsa
1085 2722 1186 2772 est.
1230 2710 1311 2764 vel
1350 2717 1578 2771 contra;
1620 2706 1694 2760 ibi
1734 2718 1862 2758 vero
1904 2711 2011 2755 tam
2044 2699 2283 2753 aliirma-

721 2811 798 2862 tio
837 2822 998 2877 quam
1033 2801 1192 2874 55‘.
1232 2803 1447 2871 negatio
1481 2813 1607 2853 vera
1661 2807 1762 2861 est,
1826 2794 2126 2849 secundum
2166 2807 2289 2846 sen-

720 2914 815 2954 sus
848 2900 1046 2951 dictos.
1087 2895 1219 2949 Cum
1252 2908 1378 2945 vero
1419 2892 1558 2945 Deus
1613 2889 1685 2941 sit
1730 2901 1890 2955 supra
1922 2899 2137 2938 omnem
2156 2897 2283 2936 cum

722 2988 1049 3043 ablutionem
1095 2993 1207 3037 tum
1250 2980 1592 3051 positionem,
1636 2988 1692 3034 et
1730 2991 1892 3046 supra
1917 2975 1968 3028 id
1992 2974 2135 3045 quod
2180 2987 2285 3025 non

720 3109 827 3165 est,
847 3108 902 3153 et
922 3113 1083 3166 supra
1133 3097 1181 3150 id
1203 3096 1346 3164 quod
1386 3101 1494 3158 est,
1534 3099 1588 3146 et
1641 3104 1802 3157 supra
1841 3086 2204 3155 cognitionem
2237 3090 2291 3133 et

722 3204 886 3261 supra
915 3188 1332 3259 ignorationem,
1358 3184 1526 3236 multo
1546 3181 1715 3250 magis
1738 3188 1819 3232 est
1840 3194 2000 3246 supra
2026 3174 2287 3244 privatio-
2314 3169 2353 3225 C

724 3298 843 3344 nes,
868 3283 947 3333 vel
970 3294 1133 3347 supra
1156 3277 1475 3345 positiones.
1506 3273 1637 3326 Nam
1661 3272 1751 3341 qui
1776 3270 1913 3324 tollit
1935 3267 2282 3337 positionem,

724 3354 1015 3427 deﬁnitum,
1052 3372 1178 3441 quid
1243 3368 1397 3431 tollit,
1428 3377 1476 3422 et
1517 3366 1660 3419 forte
1698 3378 1848 3421 meus
1885 3363 1951 3415 ad
1986 3361 2113 3430 quid
2137 3359 2286 3413 aliud

727 3465 1030 3528 delabetur,
1055 3464 1391 3524 existimans,
1413 3475 1535 3515 cum
1560 3458 1687 3513 illud
1708 3471 1816 3519 non
1848 3465 2010 3515 esset,
2047 3452 2165 3514 hoc,
2206 3452 2285 3504 vel

729 3554 910 3621 aliud;
936 3566 987 3608 et
1010 3554 1052 3608 si
1077 3555 1257 3608 omnia
1280 3553 1401 3623 quis
1425 3551 1597 3612 tollat,
1628 3554 1879 3603 occurret
1912 3545 1984 3597 illi
2010 3544 2154 3612 quod
2180 3557 2290 3595 om-

727 3647 857 3701 nino
892 3661 997 3700 non
1033 3657 1143 3709 est;
1166 3645 1255 3713 qui
1285 3660 1413 3697 vero
1438 3639 1974 3710 tollitprivationem,
2017 3634 2071 3688 in
2125 3635 2209 3689 his
2234 3634 2286 3687 in

728 3737 923 3807 quibus
964 3752 1115 3791 mens
1142 3752 1248 3791 non
1270 3746 1452 3805 potest
1490 3733 1778 3799 concipere
1816 3729 2051 3797 aliquam
2075 3725 2289 3779 habitu-

728 3828 927 3889 dinem,
966 3828 1191 3881 omnino
1257 3826 1461 3895 praabet
1520 3820 1929 3891 suspicandum,
1998 3816 2124 3871 illud
2171 3828 2291 3868 esse

730 3916 1505 3989 aliquidincomprehensibile
1526 3913 1667 3983 quod
1712 3913 1857 3965 dico.
1902 3911 2039 3964 Ecce
2073 3908 2288 3975 positio,

730 4010 980 4078 quoniam
1010 4011 1243 4080 praedico
1273 4012 1339 4065 de
1364 4009 1474 4064 Deo
1497 4008 1672 4060 lumen
1702 4022 1716 4071 ;
1761 4004 1957 4073 aliquis
1981 4018 2104 4054 vero
2136 4009 2295 4069 ungat

732 4100 881 4165 illud,
909 4104 1033 4171 quia
1068 4095 1205 4157 Deus
1225 4116 1327 4155 non
1353 4111 1434 4154 est
1457 4100 1634 4153 lumen
1663 4116 1677 4151 :
1723 4096 1965 4165 suspicor
1990 4095 2137 4147 illum
2170 4106 2293 4145 esse

732 4195 860 4265 quid
882 4195 1023 4247 aliud
1049 4194 1341 4258 alumine;
1388 4190 1735 4260 negatetiam
1768 4188 1919 4251 illud,
1959 4197 2011 4240 et
2050 4187 2114 4239 ad
2150 4185 2292 4238 aliud

732 4284 979 4348 dilabor;
1014 4284 1059 4337 si
1093 4290 1248 4354 neget
1266 4283 1469 4347 omnia,
1518 4280 1683 4335 etiam
1710 4278 1843 4333 nihil
1882 4276 2106 4333 omnino
2147 4275 2296 4343 cogi-

735 4376 882 4429 tabo.
913 4373 1041 4428 Veni
1062 4375 1226 4429 etiam
1265 4375 1330 4427 ad
1376 4373 1756 4441 privationem.
1787 4369 1927 4423 Ecce
1949 4367 2076 4421 dicit
2105 4365 2287 4433 priva-

1869 400 1927 455 S.
1966 387 2262 450 DIONYSII
2295 371 2766 439 AllEOPAGITJE,

3790 343 3932 399 {020

2368 491 2460 563 σίᾳ
2481 484 2927 553 καλυπτόμενονν
2983 476 3035 528 τί
3074 472 3141 525 ἄν
3178 485 3262 531 τις
3296 464 3429 535 φαίη
3488 472 3611 531 περι
3644 459 3750 511 τῶν
3795 457 3935 527 μᾶλ-

2369 548 2458 634 λον
2498 548 2772 649 ἀμύστων,
2810 571 2903 624 καὶ
2938 557 3369 630 είδωλολατρῶν;
3404 554 3477 607 Τὸ
3510 550 3773 649 astans?
3811 548 3938 600 τού-

2368 687 2493 733 τους
2531 637 2666 720 εἰσιν
2719 662 2773 714 αἱ
2822 659 2961 712 θεῖαι
3011 647 3421 724 μυσταγωγίαι,
3491 642 3549 695 οὐ
3604 638 3787 706 λέγει,
3848 637 3936 688 δτι

2370 727 2529 833 τυχδν
2555 759 2695 828 ὑπὲρ
2735 753 2928 813 αὐτοὺς
2961 747 3057 820 μέν
3086 747 3190 798 εἰσι
3240 740 3308 792 τά
3335 738 3474 801 θεῖα,
3504 734 3642 803 ὑπὲρ
3668 730 3858 791 ἄλλους
3880 727 3940 780 δὲ

2371 820 2469 907 οῦκ
2490 854 2593 903 εισι
2615 865 2631 883 κ
2663 820 2757 899 καὶ
2784 844 2838 895 τί
2857 840 2965 911 γάρ
2995 837 3143 902 ξένον
3166 829 3253 903 ἦν,
3309 828 3362 884 εἴ
3407 843 3512 895 περ
3544 822 3717 883 αὑτοὶ,
3741 820 3939 911 παχεῖς

2373 944 2543 1005 ὄντες,
2572 938 2631 990 οὐ
2655 910 3096 1002 κατελάμϐανονς
3156 923 3229 976 Οὐ
3266 920 3372 991 γὰρ
3412 914 3582 979 εἶπεν,
3639 911 3811 981 Ὑπὲρ
3836 910 3938 979 τὴν

2372 1003 2573 1087 τούτῶν
2603 1028 2821 1098 γνῶσιν,
2850 1022 2963 1076 ἀλλ’
3016 1018 3185 1087 ’Υπὲρ
3235 1013 3451 1072 αὑτοὺς,
3496 1006 3693 1061 ὡσανεὶ
3739 1003 3937 1069 λέγων,

2374 1126 2491 1180 οὑδὲ
2519 1092 2677 1175 τοῦτο
2714 1112 3032 1174 κατέλαϐον,
3060 1110 3144 1167 ὅτι
3187 1108 3215 1159 6
3250 1104 3381 1166 Θεὸς
3416 1101 3555 1170 ὑπὲρ
3583 1097 3612 1150 6
3640 1097 3827 1166 νοῆσαι
3849 1092 3943 1145 δύο

2377 1232 2560 1270 νανται
2609 1206 2751 1265 οὑτοι
2801 1206 2977 1259 ἐστιν’
3049 1198 3183 1253 ἀλλά
3232 1193 3513 1249 καὶτοῦτο
3565 1187 3705 1257 ὑπὲρ
3743 1184 3943 1246 αὐτοὺς

2379 1304 2637 1374 ἐγεγόνει,
2677 1299 2772 1353 καὶ
2810 1295 3006 1349 οῐονται
3050 1293 3119 1360 τῇ
3171 1284 3399 1341 ἑαυτῶν,
3426 1281 3623 1351 γνώσει
3678 1278 3738 1331 τὸ
3787 1276 3945 1329 Θεῖον

2380 1368 2595 1457 είδέναι,
2645 1388 2923 1448 νοσοῦντες
2996 1384 3093 1453 τὴν
3144 1378 3333 1447 διπλῆν
3397 1376 3639 1443 ἄγνοιαν,
3705 1368 3944 1439 δηλονότι

2377 1486 2475 1556 τὴν
2511 1482 2648 1536 κατά
2681 1478 2935 1538 διάθεσιν,
2965 1473 3059 1527 καὶ
3101 1469 3168 1523 τά
3210 1469 3329 1521 θεῖα
3351 1462 3691 1533 ἀγνοοῦντες,
3730 1459 3825 1512 καὶ
3854 1458 3941 1509 ὅτι

2380 1549 2659 1643 ἀγνοοῦσιν
2693 1571 2791 1622 οὑκ
2836 1566 3052 1626 εἰδότες.
3095 1562 3158 1614 Τί
3217 1558 3346 1627 γοῦν
3392 1555 3638 1638 εἴποιμεν
3686 1552 3813 1621 περὶ
3838 1549 3949 1602 τῶν

2379 1666 2656 1737 ἀμύστων,
2705 1662 2816 1715 ὅσοι
2856 1658 2948 1710 τὸν
3006 1655 3139 1707 Θεὸν
3190 1656 3254 1705 ὲκ
3306 1649 3413 1702 τῶν
3454 1635 3637 1707 αὑτοῖς
3683 1642 3947 1712 ἐσχάτων,

2380 1734 2619 1829 δηλονότι
2651 1754 2758 1807 τῶν
2804 1750 3023 1820 ἀψύχων
3063 1744 3203 1798 ὑλῶν
3257 1743 3347 1796 καὶ
3410 1734 3788 1809 μορφωμάτων
3843 1749 3947 1801 χα-

2313 1832 2355 1887 B
2385 1822 2803 1921 paxtqplCouo-t;
2839 1840 2971 1894 Δέον
3008 1838 3092 1891 ἐπ’
3117 1833 3263 1904 αὑτῷ
3306 1831 3400 1885 καὶ
3425 1830 3601 1880 πᾶσαν
3644 1824 3755 1877 τῶν
3772 1822 3953 1875 ὅντων

2380 1912 2751 2006 κατασέάσκειν
2783 1932 2949 1993 θέσιν,
2980 1929 3054 1991 ὼς
3086 1930 3143 1980 ὲν
3172 1924 3248 1995 τῷ
3281 1920 3613 1988 Περὶθείων
3648 1912 3955 1983 ὀνομάτων

2385 2001 2666 2096 ἐλέγομεν,
2695 2025 2778 2076 ὅτι
2831 2024 2894 2074 ὲκ
2921 2018 3137 2073 πάντων
3184 2015 3246 2068 τὺ
3300 2012 3450 2065 Θεῐον
3498 2004 3840 2076 ὀνομάζεται,
3876 2001 3955 2064 ὡς

2381 2120 2547 2180 αἴτιος
2611 2119 2675 2169 ὲκ
2738 2113 2846 2165 τῶν
2913 2107 3195 2163 αἱτιατῶν·
3260 2103 3353 2157 καὶ
3415 2103 3520 2155 πᾶν
3571 2098 3599 2150 ὃ
3648 2094 3958 2164 κατέφησεν

2382 2210 2738 2279 ἀποφάσκειν,
2802 2203 2876 2266 ὡς
2930 2200 3069 2270 ὑπὲρ
3127 2196 3194 2250 τὰ
3244 2196 3372 2248 ὄντα
3422 2193 3552 2244 δντι.
3616 2189 3692 2241 Οὑ
3737 2186 3847 2256 γὰρ
3893 2184 3959 2237 τὸ

2385 2302 2604 2370 ἀξίωμα
2634 2299 2731 2367 τῆς
2761 2294 3096 2363 ἀντιφάσεως
3152 2291 3327 2343 ἐκεῖσε
3363 2284 3542 2356 χώραν
3573 2283 3706 2352 ἔχει,
3751 2280 3825 2341 ὼς
3866 2282 3960 2330 ὲν-

2383 2369 2589 2447 ταῦθα·
2625 2388 2857 2442 ἐνταῦθα
2899 2384 3007 2453 γάρ
3038 2383 3129 2435 ἐπὶ
3183 2379 3380 2439 παντὸς
3432 2378 3465 2446 ὴ
3515 2374 3822 2440 κατάφασις
3853 2369 3885 2439 ἢ
3919 2371 3957 2437 ἡ

2384 2482 2675 2549 ἀπόφασις,
2712 2479 2803 2530 καὶ
2836 2476 2884 2527 εί
2942 2476 2975 2544 ὴ
3031 2471 3336 2537 κατάφασις
3394 2464 3594 2534 ἀληθὴς
3620 2500 3634 2523 ,
3684 2460 3883 2529 ψευδὴς
3919 2461 3957 2527 ἡ

2385 2569 2738 2641 ἀπόφασις,ἢ
2788 2567 2847 2619 τὸ
2897 2562 3199 2618 ἀνάπαλινο
3254 2556 3513 2611 ὲκεῖσεδὲ
3564 2554 3657 2607 καὶ
3705 2554 3738 2621 ἡ
3788 2552 3967 2604 κατά-

2386 2680 2549 2731 φασις
2579 2662 2670 2713 καὶ
2734 2662 2767 2729 ἡ
2822 2655 3097 2721 ἀπόφασις
3162 2651 3373 2721 divaeei;
3407 2647 3540 2717 πρὸς
3564 2644 3663 2707 τὰς
3702 2658 3972 2713 προειρη-

2390 2730 2553 2823 μένας
2585 2751 2810 2811 ἑννοίας.
2879 2748 3028 2799 Ἐπεὶ
3053 2745 3109 2798 δὲ
3167 2742 3226 2794 τὸ
3279 2741 3429 2792 Θεῖον
3459 2737 3598 2805 ὑπὲρ
3655 2730 3966 2786 πᾶσανκαὶ

2387 2822 2674 2911 ἀφαίρεσιν
2705 2836 2972 2891 καὶθέσιν
3008 2834 3143 2895 ἐστὶ,
3189 2831 3282 2883 καὶ
3320 2828 3458 2896 ὑπὲρ
3496 2826 3554 2877 τὺ
3595 2824 3667 2894 μὴ
3722 2824 3801 2883 ὃν,
3865 2822 3966 2874 καὶ

2388 2935 2525 3003 ὑπὲρ
2554 2933 2613 2984 τὸ
2639 2932 2719 2993 ὃν,
2770 2929 2861 2981 καὶ
2891 2928 3031 2996 ὑπὲρ
3082 2923 3302 2992 γνῶσιν,
3354 2920 3447 2972 καὶ
3478 2917 3618 2986 ὑπὲρ
3662 2915 3962 2982 ἀγνωσίαν,

2389 3021 2565 3092 πολλῷ
2614 3020 2772 3073 πλέον
2807 3019 2923 3070 ἐστὶ
2949 3016 3009 3068 τὸ
3040 3014 3177 3083 ὑπὲρ
3202 3010 3301 3073 τάς
3334 3010 3611 3079 στερήσεις
3637 3008 3669 3077 ἢ
3699 3005 3838 3073 ὑπὲρ
3859 3004 3972 3067 τὰς

2391 3112 2587 3174 θέσεις.
2635 3112 2691 3162 '0
2736 3108 2845 3178 γάρ
2872 3104 3111 3176 ἀναιρῶν
3165 3102 3310 3153 θέσιν
3366 3096 3670 3169 ὡρισμένον
3704 3111 3756 3146 τι
3808 3094 3972 3145 ἀναι-

2390 3205 2489 3273 ρεῖ,
2519 3201 2610 3254 καὶ
2635 3199 2761 3262 ἴσως
2783 3201 2810 3251 6
2846 3197 2973 3259 νοῦς
2998 3197 3084 3247 ἐπ’
3116 3193 3242 3246 ἄλλο
3269 3190 3652 3261 μεταπεσεῖται
3694 3184 3969 3252 οἰόμενος,

2388 3294 2508 3346 ἐπεὶ
2535 3294 2712 3343 ἐκεῖνο
2732 3290 2831 3341 οὑκ
2855 3284 2943 3357 ἦν,
2974 3286 3129 3339 τοῦτο
3152 3279 3312 3342 εἶναι,
3345 3280 3377 3349 ἢ
3411 3278 3614 3347 ἕτερον·
3652 3275 3752 3328 κᾶν
3784 3276 3968 3328 πάντα

2389 3384 2581 3451 ἀναιρῇ
2610 3397 2714 3444 τις,
2753 3378 3079 3446 καταντήσει
3112 3375 3191 3436 είς
3221 3372 3280 3424 τὸ
3321 3368 3538 3441 μηδαμῆ
3579 3366 3839 3450 μηδαμῶς
3861 3366 3922 3417 δν
3946 3382 3960 3395 ·

2388 3477 2417 3528 6
2457 3443 2530 3527 δὲ.
2551 3443 2803 3542 στέρησιν
2833 3443 3070 3540 ἀναιρῶν
3100 3468 3192 3519 ἐπὶ
3218 3463 3446 3525 τούτοις,
3502 3443 3587 3528 etp;
3619 3456 3698 3521 οἷς
3725 3459 3823 3510 οὑκ
3848 3457 3970 3525 ἔχει

2388 3568 2417 3619 6
2448 3563 2570 3626 νοῦς
2605 3562 2720 3627 ἕξιν
2752 3559 3001 3627 ὲννοῆσαί
3027 3574 3167 3619 τινα,
3201 3554 3416 3615 πάντως
3447 3551 3691 3603 ὑπονοεῖν
3723 3546 3967 3611 δίδωσιν,

2389 3658 2468 3711 ὅτι
2506 3655 2619 3707 ἐστί
2644 3670 2695 3705 τι
2725 3651 3101 3720 ἀκατάληπτον
3137 3643 3246 3699 οἷόν
3274 3662 3326 3697 τι
3378 3643 3536 3709 λέγω.
3604 3639 3736 3692 Ἰδοὺ
3791 3638 3969 3703 θέσις,

2390 3747 2471 3799 ὅτι
2507 3745 2648 3812 λέγω
2670 3743 2760 3795 ἐπὶ
2797 3740 2927 3794 Θεοῦ
2960 3740 3103 3809 φῶς·
3150 3738 3364 3806 ἀναιρεῖ
3416 3750 3499 3796 τις
3555 3730 3735 3791 τοῦτο,
3783 3730 3864 3781 ὅτι
3898 3730 3966 3781 οὑ

2392 3838 2530 3906 φῶς,
2599 3834 2809 3888 ὑπονοῶ
2858 3834 2938 3885 ὃτι
2983 3830 3108 3885 ἄλλο
3153 3847 3204 3881 τι
3253 3826 3401 3897 παρὰ
3448 3824 3508 3877 τὸ
3552 3822 3697 3891 φῶς·
3752 3822 3975 3889 ἀναιρεῖ

2392 3929 2629 3991 κάκεῖνο,
2660 3928 2750 3978 καὶ
2794 3927 2872 3988 είς
2899 3924 3023 3979 ἄλλο
3066 3918 3505 3992 μεταπεσοῦμαι·
3558 3914 3732 3967 ἀνεῖλε
3759 3913 3969 3971 πάντα,

2394 4020 2486 4071 καὶ
2529 4017 2590 4068 τὸ
2622 4013 2843 4085 μηδαμῆ
2906 4011 3166 4083 μηδαμῶς
3208 4008 3500 4077 ὑπενόησα.
3546 4005 3692 4057 Ἐλθὲ
3723 4004 3813 4055 καὶ
3866 4003 3972 4055 ἐπὶ

2392 4109 2489 4179 τῆς
2542 4109 2867 4176 στερήσεως.
2948 4104 3073 4156 ’1δοὺ
3123 4103 3266 4169 λέγει
3318 4099 3593 4168 στέρησιν,
3643 4093 3972 4166 ὅτιήρκρο-

2392 4201 2529 4270 τάτη
2557 4200 2764 4268 κορυφὴ
2798 4194 3072 4263 ἄγνωστός
3097 4191 3242 4246 ἐστιν
3263 4208 3275 4221 ’
3323 4189 3538 4258 ἀναιρεῖ
3586 4203 3666 4249 τις
3695 4185 3752 4237 τὸ
3783 4184 3971 4251 ἀγνως-

2396 4307 2537 4353 στον,
2562 4290 2661 4341 οὑκ
2690 4288 2797 4357 ἔχει
2845 4289 2872 4339 6
2917 4284 3036 4347 νοῦς
3061 4282 3382 4355 ἑδρασθῆναι
3416 4282 3497 4333 ὅτι
3524 4278 3735 4348 γνωοτή
3789 4275 3972 4344 (τοῦτο

2395 4381 2502 4450 γὰρ
2565 4382 2771 4441 κοιναῖς
2828 4378 3055 4439 ἐννοίαις
3116 4372 3561 4444 διωμολόγηται)·
3601 4369 3979 4441 ὲναπελείφθη

735 4466 973 4530 tionem,
1044 4464 1294 4533 quoniam
1370 4477 1612 4516 summus
1670 4468 1853 4515 vertex
1910 4459 2127 4527 ignotus
2179 4463 2291 4508 est:

2396 4474 2603 4534 τοίνυν,
2650 4472 2723 4533 ῶς
2771 4470 2887 4521 ἐστι
2947 4486 2999 4519 τι
3054 4467 3127 4535 μὴ
3186 4464 3341 4534 μόνον
3388 4462 3529 4532 ὑπὲρ
3574 4460 3672 4529 τὴν
3739 4458 3967 4527 γνῶσιν,

735 4554 1037 4624 negatquis
1058 4555 1323 4625 ignotum,
1368 4568 1471 4607 non
1527 4561 1708 4623 potest
1756 4550 2060 4604 intellectus
2084 4553 2289 4605 confir-

734 4650 866 4703 mari
888 4650 1031 4718 quod
1054 4659 1209 4703 notus
1227 4650 1295 4701 sit
1323 4647 1448 4717 (hoc
1486 4646 1631 4700 enim
1670 4646 1721 4699 in
1767 4644 2120 4712 conceptibus
2142 4661 2289 4698 com-

2392 4564 2525 4619 ἀλλά
2556 4565 2646 4616 καὶ
2696 4561 3142 4632 ὑπεράγνωστονδ
3189 4557 3282 4609 καὶ
3328 4554 3567 4624 συνήχθη
3618 4550 3694 4621 τῷ
3741 4549 3857 4619 Θεῴ
3902 4554 3973 4604 ὲκ

2391 4653 2593 4707 τούτων
2624 4653 2682 4705 τὸ
2714 4652 3111 4720 ἀκατάληπτον.
3140 4644 3235 4698 Διά
3262 4643 3416 4696 τοῦτο
3443 4645 3534 4697 καὶ
3564 4645 3591 4695 6
3623 4640 3800 4710 πατὴρ
3830 4656 3975 4709 προ-

736 4740 988 4794 munibus
1030 4751 1112 4793 est
1154 4738 1521 4807 manifestum)
1561 4738 1862 4807 concipitur
1909 4737 2089 4804 itaque
2136 4737 2289 4804 quasi

2390 4745 2678 4814 τιμὸτερον
2706 4742 2886 4811 τίθησι
2944 4740 3003 4792 τὸ
3054 4737 3193 4808 ὑπὲρ
3237 4735 3336 4797 τάς
3382 4735 3663 4805 στερήσεις
3706 4732 3763 4784 τὸ
3809 4729 3974 4783 Θεῖον

734 4834 805 4885 sit
826 4832 1047 4899 aliquid.
1084 4830 1226 4900 quod
1249 4831 1319 4885 sit
1350 4845 1455 4885 non
1478 4830 1646 4884 solum
1675 4842 1841 4898 supra
1867 4829 2163 4892 notionem,
2197 4844 2290 4883 ve-

736 4935 853 4973 rum
911 4922 1075 4974 etiam
1135 4935 1298 4989 supra
1351 4922 1774 4988 ignorationem;

2391 4830 2529 4888 εἶναι
2555 4836 2645 4889 καὶ
2682 4830 2952 4899 λέγεσθαι,
2982 4829 3013 4899 ἢ
3046 4828 3185 4896 ὑπὲρ
3213 4825 3310 4888 τὰς
3341 4824 3537 4887 θέσεις.

1855 4926 1909 4971 et
1946 4933 2013 4970 ex
2055 4918 2137 4971 his
2188 4918 2294 4972 Deo
2346 4918 2960 4991 incomprehensibilitas
3014 4917 3343 4970 attribuitur.
3394 4913 3601 4968 idcirco
3662 4914 3823 4967 etiam
3878 4913 3973 4967 hic

736 5012 894 5066 Pater
959 5024 1208 5083 tanquam
1262 5013 1391 5082 quid
1458 5013 1800 5082 praestantius
1852 5011 2038 5080 ponit,
2101 5012 2274 5069 Deum

2385 5035 2435 5074 se
2500 5033 2565 5071 ac
2638 5016 2740 5071 dici
2798 5029 2959 5082 supra
3024 5009 3389 5080 privationes,
3439 5009 3523 5063 vel
3596 5025 3757 5077 supra
3820 5012 3975 5076 post.

737 5108 931 5163 tiones.

807 5205 834 5276 ς
875 5205 958 5258 Ill.
998 5206 1196 5259 Deinde
1220 5205 1565 5260 traditiOnem
1587 5204 1876 5273 quamdam
1901 5222 2006 5259 non
2030 5207 2295 5274 scriptam

738 5302 911 5352 sancti
951 5296 1333 5351 Bartbolomaai
1380 5296 1610 5368 apostoli
1661 5296 1828 5365 ponit,
1854 5297 2105 5359 dicentis,
2162 5298 2297 5349 mul-

740 5399 849 5444 tam
872 5404 992 5444 esse
1036 5389 1363 5458 theologiam
1386 5400 1439 5442 et
1462 5390 1905 5457 perexiguam,et
1949 5387 2293 5457 Evangeliuni

739 5497 863 5537 esse
922 5482 1085 5535 latum
1132 5491 1186 5534 et
1238 5496 1513 5551 magnum.
1566 5479 1846 5549 Reliquum
1912 5462 2162 5533 existimo
2210 5480 2295 5535 hic

742 5571 908 5624 ctiam
944 5571 1162 5625 silentio
1188 5585 1531 5638 suppressum
1555 5585 1569 5632 ;
1591 5571 1871 5637 oportebat
1893 5570 2033 5623 enim
2081 5571 2167 5624 hic
2200 5570 2296 5625 ite-

748 5682 863 5719 rum
885 5668 1066 5720 dicere
1110 5676 1395 5735 anguslum
1441 5672 1494 5717 et
1537 5679 1785 5733 parvum,
1828 5672 1873 5716 et
1920 5664 2157 5717 arbitror
2195 5666 2295 5717 hoc

749 5759 964 5811 silentio
998 5773 1373 5826 suppressum,
1426 5755 1509 5810 vel
1558 5757 1624 5807 ab
1666 5756 1895 5823 ipsomct
1941 5764 2127 5807 sancto
2168 5753 2301 5805 Bar-

752 5850 1059 5918 tbolomazo,
1098 5853 1314 5919 qutmdo
1365 5864 1483 5905 eam
1516 5847 1835 5903 sententiam
1861 5844 2195 5919 proferebat,
2222 5846 2304 5901 vel

2468 5203 2494 5275 §
2545 5202 2629 5255 ΙΙΙ.
2691 5200 2844 5255 Μετά
2892 5198 3066 5252 ταῦτα
3129 5198 3221 5250 καὶ
3272 5196 3533 5266 ἀγράφων
3574 5192 3973 5262 παραδοθεῖσαν

2399 5296 2593 5365 χρῆσιν
2619 5290 2711 5344 τοῦ
2764 5292 2917 5359 ἁγίου
2971 5288 3264 5342 ἀποστόλου
3316 5284 3713 5355 Βαρθολομαίου
3760 5286 3967 5355 τίθησι,

2402 5384 2599 5453 πολλὴν
2643 5384 2735 5436 καὶ
2790 5380 3075 5452 ἐλαχίστην
3129 5379 3227 5451 τὴν
3276 5376 3548 5443 θεολογίαν
3572 5376 3831 5443 λέγοντος,
3870 5381 3973 5435 καὶ

2400 5478 2459 5529 τὸ
2507 5474 2831 5542 Εὑαγγέλιον
2862 5472 3032 5524 πλατὺ
3089 5471 3183 5524 καὶ
3209 5469 3367 5540 μέγα.
3411 5468 3520 5519 Καὶ
3564 5458 3736 5529 αὖθις,
3788 5463 3969 5537 οἶμαι,

2404 5571 2635 5625 ἐνταῦθα
2670 5571 2729 5621 τὸ
2789 5568 2971 5620 λεῖπον
3029 5562 3452 5635 παρεσιωπήθη·
3516 5560 3620 5612 ἔδει
3662 5561 3769 5630 γάρ
3795 5564 3977 5617 εἰπεῖν

2408 5667 2499 5717 καὶ
2563 5659 2715 5723 αὖθις
2788 5660 2969 5712 στενὸν
3022 5660 3113 5711 καὶ
3157 5655 3379 5727 μικρὸν,
3446 5654 3537 5703 καὶ
3588 5647 3759 5720 οἶμαι,
3798 5670 3977 5725 παρε-

2412 5755 2680 5825 σιωπήθη,
2734 5753 2765 5821 ἢ
2822 5753 2911 5804 καὶ
2968 5750 3043 5821 τῷ
3094 5750 3233 5819 ἀγίῳ
3267 5744 3647 5816 Βαρθολομαίῳ
3696 5745 3834 5803 τότε,
3881 5750 3976 5801 ὅτε

2410 5846 2507 5919 τὴν
2537 5844 2691 5917 ῥῆσιν
2724 5841 2926 5911 ἔλεγεν,
2965 5840 2997 5910 ἢ
3043 5838 3239 5909 ἀρτίως
3292 5837 3367 5907 τῷ
3418 5834 3614 5904 πατρὶ,
3666 5834 3753 5887 διά
3786 5832 3847 5887 τὸ
3879 5835 3974 5891 τοῦ
