4156 6312
189 378 324 438 1091

740 381 828 434 DE
861 381 1164 437 M\STIC:\
1197 381 1610 450 THEOL‘OGM,
1660 385 1811 442 CAP.
1847 387 1890 442 l.
1926 418 1995 430 -—-
2027 384 2373 444 PARAPHR.
2411 385 2883 447 PACHYMER.~E.

3306 389 3444 445 ibi!

180 499 515 566 πράγματος
546 492 903 568 ἀπεμφάϋον.
959 499 1084 563 Πῶς
1113 499 1222 570 γὰρ
1265 499 1446 552 στενὸν
1485 500 1547 552 16
1591 501 1769 553 πᾶσαν

1877 503 2034 558 modo
2064 504 2131 557 ab
2153 502 2254 558 hoc
2282 501 2446 558 Patre
2466 545 2483 569 ,
2525 515 2752 572 propter
2785 503 2956 573 ipsius
2999 502 3075 558 rei
3099 500 3440 557 dissimilitu-

181 589 529 659 σαγηνεῦσαν
579 587 677 659 τὴν
729 589 1090 660 οἰκουμένην;
1149 592 1242 643 καὶ
1295 589 1415 652 πῶς
1472 590 1663 660 μικρὸν
1712 590 1773 642 τὸ

177 679 443 751 περιέχον
479 680 550 732 16
579 679 722 755 μέγα
760 681 858 750 τῆς
899 681 1178 745 εὐσεϐείας
1232 685 1561 754 μυστήριον;
1603 681 1772 735 Τοῦτο

174 769 319 838 γοῦν
356 770 592 834 ἐγένετο,
634 770 709 835 ὡς
763 767 939 842 οἶμαι,
994 770 1058 823 δι’
1081 771 1382 826 εὐλάϐειαν.
1441 773 1538 824 Ἐν
1573 789 1681 824 τισι
1716 771 1772 824 δέ

139 857 418 933 ἀὖρηται
454 862 515 914 16
571 845 656 916 καὶ
694 859 848 926 αὖθις
880 864 1332 934 συντετμημένον.
1375 863 1448 916 T6
1485 863 1542 917 δὲ
1575 862 1771 935 προτέ-

180 968 302 1023 ρως
338 952 511 1006 κῶλον
554 956 582 1007 6
620 955 770 1022 ἅγιος
810 951 1170 1025 ἐξηγούμενος
1205 952 1372 1022 λέγει,
1413 953 1495 1005 δτι
1528 954 1651 1024 ἐμοὶ
1685 953 1771 1005 δο-

175 1042 294 1107 κεῖ,
336 1039 410 1106 ὡς
446 1044 622 1096 ἐκεῖνο
658 1045 917 1114 ἐννοήσας
978 1047 1006 1098 6
1044 1044 1185 1107 θεῖος
1230 1043 1566 1107 Ἀπόστολος,
1601 1043 1772 1097 ταῦτα

177 1130 505 1200 ἐφθέγξατο,
539 1135 622 1186 ὅτι
677 1137 708 1206 ή
770 1135 916 1188 αἰτία
953 1136 1189 1198 πάντων,
1229 1135 1322 1188 καὶ
1358 1134 1565 1187 πολλῶν
1596 1135 1770 1190 δέεται

175 1216 382 1287 λόγων,
419 1221 514 1274 καὶ
549 1220 740 1291 ἄλογος
777 1223 872 1276 καὶ
910 1223 1276 1295 βραχύλεκτός
1316 1227 1482 1277 ἐστιν⁸
1524 1224 1644 1278 οὐδὲ
1662 1225 1770 1297 γάρ

175 1308 342 1380 λόγον
359 1311 470 1383 ἔχει
491 1313 523 1384 ἢ
546 1315 730 1385 νόησιν
762 1316 1176 1386 παραστατικὴν
1192 1316 1292 1386 τῆς
1309 1315 1512 1379 οἰκείας
1533 1316 1763 1384 φύσεως.

175 1401 260 1455 T6
297 1402 353 1456 δὲ
387 1405 732 1476 πολύλογος
761 1407 1269 1478 προπαροξυτόνως,
1293 1398 1636 1476 πολυλόγος
1661 1409 1769 1480 γάρ

172 1491 212 1544 ὀ
252 1491 420 1545 πολλὰ
457 1493 652 1564 λέγων,
693 1498 1034 1566 πολύλογος
1069 1498 1124 1551 δὲ
1161 1501 1189 1552 6
1225 1496 1431 1550 πολλῶν
1469 1496 1639 1565 λόγων
1658 1497 1769 1550 δεό-

182 1599 350 1651 μενος
372 1601 385 1613 ·
428 1584 503 1650 ὡς
540 1588 912 1655 πρωτότοκος
969 1588 1449 1660 προπαροξυτόνως
1485 1591 1512 1641 6
1553 1588 1766 1658 πρῶτος

176 1672 424 1744 τεχθείς·
485 1679 858 1745 πρωτοτόκος
901 1679 956 1732 δὲ
1011 1677 1386 1750 παροξυτόνως
1453 1681 1486 1748 ἡ
1535 1677 1764 1748 πρώτως

177 1766 414 1826 τεκοῦσα
450 1769 604 1840 γυνὴ,
641 1769 715 1833 ὼς
753 1771 846 1824 καὶ
870 1772 1114 1842 Ὄμηρος
1152 1771 1337 1842 δηλοῖ·

1879 594 2078 648 dinem.
2104 594 2390 661 Quomodo
2432 596 2573 651 enim
2613 607 2902 662 angustum
2951 595 3041 657 sit,
3091 596 3234 665 quod
3271 605 3440 649 totum

1873 683 2132 737 mundum
2177 683 2359 751 capiti
2404 693 2460 738 et
2509 685 2780 754 quomodo
2842 697 3066 750 parvum
3135 682 3226 740 id.
3301 681 3444 752 quod

1873 789 2128 843 magnum
2187 777 2406 845 pietatis
2470 778 2787 846 mysterium
2853 775 3267 844 complectitur?
3336 775 3445 828 l-loc

1874 866 2063 933 utique
2110 859 2448 930 factnm'est,
2514 867 2594 920 uti
2635 876 2788 935 puto,
2837 877 3057 936 propter
3105 866 3442 935 religionem.

1884 957 1940 1010 ln
1998 959 2320 1026 quibusdam
2376 973 2503 1013 vero
2566 960 2763 1013 iterum
2831 961 3101 1028 reperitur
3141 960 3440 1014 concisum.

1872 1045 2114 1100 Priorem
2153 1060 2335 1102 autem
2385 1047 2665 1116 periodum
2725 1048 2812 1103 bic
2863 1060 3086 1104 sanctus
3143 1051 3443 1118 explicans.

1872 1132 1970 1196 ait,
2001 1146 2068 1187 ut
2085 1136 2217 1188 mibi
2244 1138 2478 1200 videtur,
2526 1137 2683 1206 quasi
2733 1137 2955 1194 divinus
2996 1139 3285 1207 Apostolus
3317 1140 3443 1193 illud

1872 1227 2201 1296 intelligens,
2244 1229 2360 1283 huic
2406 1230 2640 1294 dixerit;
2681 1233 2937 1300 quoniam
2977 1233 3221 1286 omnium
3272 1247 3440 1286 causa

1869 1319 2056 1372 multis
2076 1321 2240 1373 etiam
2287 1322 2467 1376 verbis
2506 1337 2642 1392 Opus
2691 1323 2874 1387 liabet,
2913 1333 2965 1377 et
3012 1324 3160 1377 nullo
3197 1333 3251 1378 et
3291 1323 3444 1379 brth

1869 1412 2034 1464 verbo
2061 1411 2288 1476 dicitur;
2335 1424 2483 1466 curet
2528 1413 2672 1467 enim
2712 1415 2879 1466 verbo
2921 1423 2971 1466 et
3006 1423 3269 1484 conceptu
3317 1429 3445 1484 pro-

1867 1503 2038 1572 priam
2083 1501 2201 1570 ejus
2243 1514 2501 1557 naturam
2567 1503 2882 1574 explicante
2939 1504 3099 1576 555
3151 1505 3445 1575 πολύλογος

1867 1603 2046 1647 autem
2093 1594 2356 1649 scribitur
2407 1612 2531 1650 cum
2594 1599 2825 1650 accéntu
2889 1598 2940 1652 in
2987 1599 3442 1666 antepenultims,

1867 1701 1991 1738 nam
2029 1686 2327 1757 πολυλόγος
2387 1704 2512 1742 cum
2572 1699 2803 1743 accentu
2854 1690 2905 1743 in
2971 1691 3306 1759 penultima,
3361 1682 3446 1745 est

1864 1778 2031 1832 multa
2085 1780 2286 1845 dicens,
2341 1780 2631 1850 πολύλογος
2665 1797 2791 1835 vero
2847 1783 3027 1836 multis
3083 1784 3249 1838 verbis
3297 1784 3441 1838 indi-

172 1868 350 1924 gens:
397 1859 553 1912 sicut
597 1860 762 1914 etiam
830 1862 1170 1932 πρωτότοκος
1219 1873 1447 1917 accentu
1499 1865 1550 1918 in
1605 1877 1774 1934 antep.

1881 1868 2053 1928 ltinia.
2100 1880 2183 1923 est
2250 1871 2344 1940 qui
2391 1873 2568 1941 primo
2626 1872 2876 1943 paritur,
2930 1874 3281 1944 πρωτοτόκος
3318 1887 3448 1930 vero

174 1949 231 2004 in
281 1950 602 2017 penultima,
661 1951 855 2006 mulier
894 1966 1013 2022 quae
1058 1955 1231 2022 primo
1277 1954 1442 2021 parit,
1495 1955 1567 2007 uti
1603 1955 1765 2007 etiam
1797 1954 2066 2012 llotnerus
2087 1959 2368 2015 declarat:

246 2065 628 2132 Πρωτοτόκος
669 2069 918 2135 Κινύρη,
951 2068 1022 2121 οὐ
1063 2067 1206 2134 πρὶν
1245 2067 1438 2123 εἰδυῖα
1477 2070 1691 2122 τόκοιο.

249 2160 434 2215 Εἰπὼν
465 2157 580 2227 οῦν,
616 2149 697 2216 ὅτι
742 2160 867 2215 οὔτε
901 2163 1056 2231 λόγον
1090 2163 1200 2232 ἔχει
1233 2161 1355 2215 οὒτε
1389 2163 1591 2234 νόησιν,
1621 2163 1778 2230 ἐπεξ-

170 2251 481 2324 ηγούμενος
537 2253 705 2323 λέγει,
737 2255 798 2307 ού
826 2253 915 2309 διὰ
944 2255 1007 2307 τὸ
1039 2254 1265 2325 μηδαμῆ
1305 2253 1572 2325 μηδαμῶς
1615 2251 1773 2318 εἶναι,

174 2344 322 2399 ἀλλά
351 2344 440 2399 διὰ
483 2345 545 2398 16
581 2345 1059 2418 ὑπερεκτείνεσθαι
1098 2345 1454 2417 ὑπερουσίως,
1482 2345 1574 2398 καὶ
1600 2346 1776 2415 μόνοις

172 2437 535 2507 ἐκφαίνεσθαι
564 2442 676 2502 τοῖς
708 2426 1074 2492 διαϐαίνουσιν
1107 2438 1300 2508 ἐπίσης
1335 2439 1426 2490 καὶ
1457 2437 1524 2490 τά
1560 2438 1778 2509 μυσαρά

171 2530 276 2584 καὶ
291 2529 359 2582 τὰ
381 2529 618 2602 καθαρὰ,
636 2532 727 2584 καὶ
749 2532 853 2583 ὑπε
863 2530 1137 2601 ρϐαίνουσι
1165 2533 1344 2582 πᾶσαν
1361 2530 1658 2601 ἀκρότητα,
1678 2531 1775 2582 καὶ

170 2621 614 2692 ἀπολιμπάνουσι
648 2625 741 2676 καὶ
769 2623 946 2677 πάντα
969 2622 1144 2690 φῶτα,
1163 2622 1403 2692 δηλονότι
1433 2624 1611 2676 πᾶσαν
1638 2622 1771 2691 γνῶ-

174 2730 287 2776 σιν,
315 2713 407 2767 καὶ
440 2713 648 2777 πάντας
682 2714 845 2784 ἤχους
880 2715 972 2765 καὶ
1011 2712 1223 2782 λόγους,
1256 2713 1493 2785 δηλονότι
1526 2719 1594 2766 τά
1640 2715 1774 2786 περὶ

170 2803 314 2856 Θεοῦ
349 2805 406 2857 ἐν
449 2807 570 2867 ταῖς
603 2803 846 2875 Γραφαῖς
878 2804 1160 2874 εἰρημένα.
1198 2804 1493 2876 Οὑρανίους
1535 2805 1591 2858 δὲ
1622 2805 1769 2872 λέγει

169 2892 399 2957 τούτους
422 2893 496 2957 ὡς
520 2893 593 2965 μὴ
619 2895 758 2947 κατά
815 2895 914 2966 τὴν
948 2895 1291 2967 ἀνθρωπίνην
1325 2897 1418 2948 καὶ
1439 2896 1634 2967 γηῖνην
1667 2897 1778 2949 ἐπί-

170 3002 352 3048 νοιαν,
388 2983 523 3039 ἀλλά
556 2986 697 3041 κατά
731 2986 880 3039 θείαν
914 2988 1198 3040 ἐπίπνοιαν
1232 2988 1324 3040 καὶ
1355 2987 1660 3057 λεχθέντας,
1682 2989 1776 3041 καὶ

178 3077 614 3149 παραδοθέντας,
652 3079 745 3133 καλ¹
798 3079 1174 3149 εἰσδυομένους
1226 3081 1305 3143 εἰς
1347 3079 1438 3132 τὸν
1485 3078 1626 3133 θεῖον
1675 3081 1775 3150 τῆς

171 3170 452 3240 ἀγνωσίας
493 3171 712 3239 γνόφον,
751 3165 812 3224 οῦ
849 3171 995 3222 ἐστιν
1017 3172 1044 3223 6
1078 3170 1296 3223 πάντων
1327 3170 1600 3224 ἐπέκεινα.
1635 3172 1775 3240 Ὅρα

171 3261 256 3325 δὲ,
294 3260 410 3326 πῶς
454 3256 574 3313 εἷπε
594 3278 608 3291 ·
654 3263 766 3323 τοῖς
807 3259 1141 3319 διαϐαίνουσι
1168 3260 1262 3313 καὶ
1292 3258 1360 3311 τά
1388 3259 1556 3330 ἐναγῆ
1581 3260 1674 3313 καί
1705 3258 1776 3313 τὰ

173 3351 423 3422 καθαρὰ,
457 3352 538 3404 ὅτι
579 3352 674 3406 καὶ
714 3351 784 3404 τά
821 3351 1064 3423 ἡμέτερα
1091 3351 1307 3423 καθαρὰ
1332 3353 1472 3422 ,πρὸς
1498 3350 1596 3422 τὴν
1621 3350 1770 3405 θείαν

173 3444 397 3515 ἐκείνην
435 3443 898 3516 παραϐαλλόμενα
929 3429 1276 3517 καθαρότητα
1295 3487 1308 3510 ,
1337 3447 1501 3518 ἐναγῆ
1536 3445 1775 3515 λογίζον-

180 3551 299 3600 ται,
341 3535 483 3588 κατά
516 3536 580 3588 16
626 3534 946 3605 εἰρημένον·
971 3533 1145 3589 Πᾶσα
1181 3535 1529 3603 δικαιοσύνη
1557 3533 1778 3602 ἀνθρώ-

173 3643 330 3692 που,
383 3629 463 3694 ὡς
519 3628 708 3696 ῥάκος
746 3627 1229 3698 ἀποκαθτιμένης,
1277 3631 1343 3699 τῇ
1386 3627 1507 3703 θείᾳ
1563 3629 1779 3692 πάντως

173 3720 491 3794 δικαιοσύνῃ
543 3718 1036 3791 παραϐαλλομένη,
1067 3713 1134 3789 ἧς
1184 3719 1284 3771 οὐκ
1331 3718 1478 3771 ἐστιν
1526 3718 1775 3790 ἀριθμός.

179 3816 328 3885 ὀρα
375 3812 432 3864 δὲ
483 3813 576 3865 καὶ
606 3811 686 3875 16,
720 3813 904 3864 Πᾶσαν
931 3811 1208 3881 ἀκρότητα
1243 3810 1547 3882 ὑπερϐῆναι
1578 3813 1672 3865 καὶ
1703 3814 1781 3866 αἰ·

176 3903 393 3977 σθητῶν
427 3905 521 3958 καὶ
565 3903 769 3976 νοητῶν
805 3903 878 3977 μὴ
915 3904 1074 3974 μόνον
1122 3903 1320 3957 ὡσανεὶ
1365 3904 1506 3958 αύτά
1538 3905 1608 3959 τά
1640 3907 1773 3978 πρά-

175 4014 387 4070 γματα,
419 3995 555 4050 ἀλλὰ
595 3999 690 4049 καὶ
720 3988 819 4068 τὴν
849 3996 1053 4049 τούτων
1099 3995 1395 4066 ἀκρότητα.
1445 3996 1776 4069 Ἀκρότητας

176 4085 292 4157 γάρ
324 4086 549 4142 ἐκάλουν
582 4088 630 4140 οἰ
655 4086 873 4140 παλαιοί
903 4087 1138 4157 ἑκάστης
1162 4087 1350 4149 οὐσίας
1371 4088 1431 4140 16
1452 4087 1767 4159 καθαρώτα-

173 4195 294 4243 τον,
322 4177 380 4243 ἐξ
411 4173 471 4232 οῦ
504 4179 738 4250 ἤρτηται
794 4175 1099 4247 προσεχῶς,
1153 4175 1430 4230 τουτέστιν
1475 4178 1770 4250 ἐχομένως,

175 4271 419 4342 ἡούσία.
475 4271 560 4333 Ὠς
614 4269 792 4341 ψυχῆς
825 4269 1063 4340 ἀκρότης
1105 4267 1134 4319 6
1184 4267 1331 4332 νοῦς
1370 4269 1462 4320 καὶ
1507 4269 1707 4341 ἔρωτος
1750 4271 1778 4321 6

175 4362 290 4418 τῶν
322 4361 741 4432 ἀναϐεϐηκότων
771 4361 1031 4431 διάπυρος
1054 4359 1223 4429 πόθῳ·
1246 4361 1338 4412 καὶ
1361 4361 1459 4431 τῆς
1492 4360 1612 4412 καθ’
1635 4363 1779 4431 ἡμᾶς

181 4454 468 4527 ἰεραρχίας
510 4453 571 4505 τὸ
604 4454 770 4522 ἐγγὺς
806 4456 1080 4505 συντεῖνον
1113 4450 1327 4517 ἀῦλίας.
1375 4453 1461 4516 Ὠς
1494 4452 1652 4506 πάλιν
1688 4454 1780 4505 ἐπὶ

177 4545 293 4601 τῶν
326 4543 620 4613 αἰσθητῶν,
658 4544 829 4615 πυρὸς
861 4543 922 4595 16
952 4542 1357 4614 λαμπρότατον,
1379 4544 1471 4596 καὶ
1506 4542 1695 4607 ὕδατος
1718 4543 1780 4596 16

180 4637 443 4709 ἀχνῶδες,
479 4638 574 4690 καὶ
642 4637 710 4689 τά
775 4635 939 4688 λοιπὰ
985 4635 1279 4704 ἀναλόγως.
1332 4635 1778 4706 Παρακελεύεται

1798 2054 1840 2108 Β
1949 2049 2108 2106 Nunc
2145 2056 2373 2120 primum
2409 2053 2616 2122 pariens
2640 2049 2854 2124 Cinyre,
2881 2056 3028 2125 prius
3053 2056 3217 2109 mscia
3239 2066 3445 2122 partes.

1941 2148 2078 2202 Cum
2112 2145 2295 2217 itaque
2327 2149 2583 2212 dixisset.
2619 2151 2765 2220 quod
2796 2164 2973 2217 neque
3006 2164 3311 2204 sermonem
3352 2151 3449 2204 lis-

1877 2241 2030 2296 beret
2099 2255 2274 2310 neque
2327 2249 2678 2311 conceptum,
2735 2242 2785 2296 id
2846 2243 3127 2311 explicans
3172 2242 3269 2306 sit,
3341 2259 3448 2298 non

1877 2333 2030 2403 quasi
2090 2327 2240 2386 nullo
2273 2333 2432 2386 modo
2461 2334 2552 2398 sit,
2583 2334 2677 2388 sed
2713 2335 2855 2403 quod
2912 2331 3450 2402 supraessentialiter

1875 2426 2129 2479 onmibns
2152 2424 2480 2487 'antecellat.
2501 2436 2555 2480 et
2591 2425 2724 2480 solis
2764 2425 2829 2479 iis
2857 2434 3138 2495 appareat.
3171 2439 3290 2492 quae
3315 2441 3451 2478 cun-

1875 2527 1988 2580 cta,
2015 2533 2137 2586 qua:
2164 2517 2400 2586 impura,
2440 2532 2669 2587 quaeque
2705 2529 2836 2587 pura
2869 2525 3013 2576 sttnt.
3046 2522 3448 2586 pertranseunt,

1875 2617 1931 2664 et
1979 2611 2085 2678 qui
2131 2624 2350 2664 omnem
2407 2595 2668 2664 verticem
2707 2609 3120 2670 transcendunt,
3163 2609 3452 2676 omniaque

1877 2699 2107 2767 lumina,
2142 2702 2192 2755 id
2226 2712 2311 2755 est
2346 2716 2560 2754 omnem
2615 2699 2918 2763 notionem,
2953 2714 3251 2766 omnesque
3285 2713 3452 2755 sonu

1876 2808 1941 2847 ac
1971 2807 2276 2859 sermones,
2308 2807 2497 2846 eorum
2553 2790 2808 2845 videlicet
2837 2805 2953 2858 qua:
2987 2791 3052 2844 de
3079 2790 3186 2844 Deo
3221 2791 3274 2843 in
3298 2789 3452 2846 Sai-

1878 2886 2056 2954 pturis
2123 2884 2264 2936 dicta
2329 2892 2475 2947 sunt,
2527 2882 2864 2951 relinquunt.
2906 2880 3074 2936 Vocat
3126 2895 3306 2936 autem
3351 2881 3454 2937 bes

1875 2976 2149 3034 cmlestes.
2175 2983 2435 3041 tanquam
2469 2989 2577 3026 non
2607 2975 2900 3028 secundum
2949 2973 3241 3026 humanam
3277 2981 3452 3026 terre-

1878 3083 2110 3134 nomqne
2133 3064 2570 3134 intelligentiam,
2599 3063 2690 3119 sed
2714 3066 3007 3118 Secundum
3031 3063 3265 3117 divinam
3295 3062 3456 3132 inspi-

1878 3161 2168 3221 rationem,
2199 3167 2253 3211 et
2300 3159 2480 3212 dictos
2509 3168 2564 3211 et
2613 3155 2840 3210 traditos
2864 3167 2936 3231 yet
2973 3156 3154 3210 divina
3193 3155 3280 3209 illa
3308 3156 3458 3223 igno-

1876 3253 2102 3307 rationis
2144 3250 2378 3322 caligine
2423 3249 2728 3316 involutos,
2762 3249 2850 3302 ubi
2882 3257 2965 3301 est
2998 3249 3041 3302 is
3076 3248 3168 3318 qui
3205 3248 3457 3302 omnibus

1877 3345 2126 3414 superior
2157 3343 2400 3398 exsistit.
2427 3341 2669 3396 Observa
2699 3355 2850 3404 vero,
2886 3340 3164 3409 quomodo
3190 3339 3351 3394 dixit:
3386 3337 3459 3393 lis

1880 3441 1971 3508 qui
2011 3448 2115 3492 tam
2149 3439 2359 3506 impura
2381 3451 2544 3504 quam
2575 3450 2707 3504 pura
2739 3443 3168 3503 pertranseunt;
3199 3432 3457 3500 quoniam

1883 3531 1984 3585 illa.
2005 3531 2168 3583 etiam
2197 3545 2314 3597 qua:
2347 3528 2486 3596 apud
2519 3542 2616 3581 nos
2670 3541 2804 3595 pura
2840 3533 2987 3590 sunt,
3013 3539 3137 3578 cum
3165 3523 3345 3577 divina
3370 3522 3460 3578 iﬂa

1883 3625 2120 3694 puritate
2167 3630 2502 3690 comparata.
2568 3616 2844 3672 immunda
2905 3624 3249 3686 repetantur,
3301 3614 3461 3684 juxta

1881 3715 2027 3784 quod
2077 3714 2283 3767 dictum
2342 3720 2477 3767 est:
2541 3708 2729 3764 Omnis
2769 3707 2983 3778 justitia
3031 3706 3252 3759 hominis
3307 3705 3460 3774 quasi

1879 3822 2087 3874 pannus
2157 3812 2498 3858 menstruam:
2529 3807 2576 3865 °,
2636 3816 2759 3855 cunt
2796 3800 2981 3854 divina
3032 3798 3255 3855 omnino
3300 3795 3463 3861 justi-

1882 3900 1958 3951 tia
2010 3905 2346 3965 comparata,
2390 3892 2546 3960 cujus
2611 3906 2720 3946 non
2762 3900 2846 3945 est
2909 3903 3190 3950 numerus.
3217 3886 3458 3942 Observa

1882 3990 2011 4047 item
2059 3989 2190 4042 illud
2231 4002 2246 4040 :
2297 3985 2400 4052 Qui
2452 3999 2666 4039 omnem
2725 3971 2982 4037 verticem
3028 3981 3456 4042 transcendunt.

1883 4097 2006 4138 cum
2036 4078 2336 4139 sensilium,
2366 4089 2476 4130 tum
2504 4072 2926 4136 intelleCtilium,
2957 4089 3061 4127 non
3118 4071 3294 4128 solum
3324 4085 3463 4139 que-

1883 4173 2170 4226 dammodo
2194 4186 2278 4223 res
2302 4169 2474 4238 ipsus,
2491 4181 2679 4221 verum
2704 4165 2867 4220 etiam
2891 4179 3076 4218 eurum
3099 4163 3458 4217 summitates.

1883 4262 2236 4317 Sumtnitates
2253 4259 2396 4314 enim
2419 4269 2624 4312 veteres
2637 4254 2980 4324 appellabant.
2998 4254 3048 4309 id
3064 4255 3206 4323 quod
3227 4255 3278 4306 in
3298 4253 3464 4322 quali-

1883 4358 1972 4410 bet
1994 4354 2230 4408 essentia
2265 4351 2611 4421 purissimum
2635 4348 2873 4413 exsistit,
2905 4363 2972 4401 es
2997 4359 3104 4415 quo
3127 4346 3345 4401 assidue
3366 4360 3462 4400 seu

1886 4449 2227 4503 continenter
2259 4443 2497 4498 essentia
2535 4442 2858 4511 dependeat.
2880 4440 2972 4495 Sic
3021 4440 3218 4493 animae
3275 4449 3463 4493 vertex

1886 4558 1983 4597 seu
2010 4540 2298 4595 summitas
2331 4547 2412 4592 est
2445 4551 2616 4599 mens,
2642 4543 2698 4589 et
2728 4533 2952 4598 amoris,
2981 4533 3075 4602 qui
3099 4545 3462 4601 supernorum

1889 4633 2166 4688 desiderio
2212 4629 2600 4693 succenditur;
2655 4634 2711 4679 et
2751 4634 2953 4679 nostra
3012 4621 3357 4686 ltierarcbize,
3411 4621 3464 4673 id

176 4727 473 4797 τοιγαροῦν
505 4729 532 4780 6
564 4728 720 4796 λόγος
770 4728 864 4780 καὶ
895 4726 1076 4779 αὐτῶν
1109 4727 1219 4780 τῶν
1252 4728 1424 4795 ἁγίων
1464 4729 1774 4799 ἀκροτήτων

1889 4727 2032 4792 quod
2089 4725 2333 4795 proxime
2368 4722 2600 4776 intendit
2641 4717 3180 4774 immaterialitatetn.
3211 4715 3302 4769 Sic
3345 4728 3468 4768 rur-

178 4825 288 4893 τὴν
330 4821 593 4875 ἀνάϐασιν
654 4821 978 4892 ὑπερϐῆναι,
1013 4821 1105 4873 καί
1145 4820 1286 4873 οὕτω
1327 4820 1651 4873 καταλαϐεῖν
1683 4820 1773 4874 τὸν

178 4916 348 4969 τόπον
382 4917 439 4968 ἐν
477 4908 522 4982 ᾧ
553 4916 581 4968 6
612 4913 764 4980 Θεὸς,
799 4913 827 4965 ὅ
873 4915 968 4966 καὶ
1001 4915 1092 4966 ἐπὶ
1124 4915 1406 4977 Μωῦσέως
1435 4913 1645 4982 γέγονε.
1673 4915 1776 4982 Ση·

188 5007 415 5080 μείωσαι
448 5005 548 5076 τὴν
569 5005 723 5071 τάξιν
746 5005 854 5058 τῶν
875 5004 1234 5059 τελεσθέντων
1264 5007 1356 5058 ἐπὶ
1390 5008 1617 5076 Μωῡσῇ,
1648 5005 1778 5077 πρὶν

183 5097 484 5168 ἀξιωθῆναι
519 5100 599 5162 εἰς
658 5098 750 5150 τὸν
797 5098 998 5167 γνόφον
1062 5098 1341 5152 εἰσελθεῖν.
1395 5099 1617 5169 Πρῶτον
1669 5097 1778 5169 γάρ

186 5191 566 5263 ἀπεκαθάρθη,
602 5193 694 5245 καὶ
725 5191 867 5244 οὕτω
899 5191 1005 5244 τῶν
1036 5191 1211 5246 ἀλλων
1242 5191 1548 5262 ἀφωρίσθη.
1581 5190 1716 5244 Μεθ’
1751 5191 1781 5243 δ

189 5281 300 5353 γάρ
344 5279 483 5351 μετά
514 5280 621 5332 τῶν
683 5280 858 5334 ἄλλων
902 5281 1010 5333 τῶν
1077 5281 1390 5349 σαλπίγγων
1425 5282 1649 5351 ἀκήκοε,
1688 5281 1779 5333 καὶ

188 5371 260 5426 τὰ
299 5371 416 5424 θεῖα
465 5371 617 5440 φῶτα
657 5373 928 5436 κατεῖδεν,
964 5373 1300 5444 ἀφορίζεται,
1333 5373 1426 5426 καὶ
1479 5372 1616 5443 μετά
1675 5373 1781 5424 τῶν

192 5463 380 5534 ξερέων
407 5463 651 5516 ἵσταται·
683 5465 775 5517 καὶ
811 5467 888 5528 εἰς
919 5466 1009 5517 16v
1054 5465 1192 5518 θεῖον
1234 5466 1428 5532 γνόφον
1461 5465 1660 5526 εἰσδὺς,
1693 5464 1782 5517 τὸν

188 5557 319 5610 Θεὸν
343 5558 438 5626 μὲν
460 5556 557 5625 οὐχ
584 5558 704 5626 ὁρᾷ,
731 5557 899 5626 (Θεὸν
915 5557 1023 5628 γὰρ
1043 5557 1239 5622 οὐδεὶς
1257 5556 1473 5622 ἑώρακε
1502 5555 1778 5622 πώποτε),

188 5648 282 5702 16v
313 5647 475 5700 τόπον
502 5648 557 5700 δὲ
585 5648 641 5699 ἐν
672 5641 715 5715 ᾧ
742 5648 891 5720 ἔστην
930 5647 988 5714 ἐξ
1016 5642 1075 5702 οὗ
1108 5649 1381 5719 δηλοῦται,
1403 5648 1468 5701 τά
1496 5648 1602 5702 τῶν
1635 5665 1779 5702 νοου-

274 5835 303 5864 ⁶
336 5826 458 5884 lsui.
494 5843 643 5892 utr,
675 5825 730 5882 ϐ.

1884 4834 2006 4876 sunt
2038 4817 2092 4871 in
2121 4812 2432 4875 sensilibus,
2485 4812 2647 4882 ignis.
2683 4810 2734 4862 id
2765 4809 2908 4877 quod
2946 4806 3375 4869 lucidissitntnn;
3412 4813 3469 4858 et

1883 4925 2058 4980 aquae,
2095 4907 2144 4961 id
2179 4905 2324 4974 quod
2369 4902 2752 4956 tenuissimum
2794 4907 2899 4963 est,
2929 4907 2985 4950 et
3011 4906 3210 4951 creters
3246 4910 3470 4964 prepor-

1887 5004 2034 5057 tione
2084 5014 2202 5052 sua.
2241 4993 2505 5049 Hortatur
2547 4991 2734 5059 itaque
2778 4990 2865 5043 hic
2909 5001 3112 5051 sermo,
3150 4993 3466 5040 snt-uorum

1886 5105 2101 5162 quoque
2154 5087 2415 5141 verticttm
2445 5097 2733 5136 ascensum
2778 5092 3064 5148 superare,
3090 5086 3144 5130 et
3177 5077 3259 5130 sic
3290 5075 3468 5127 locum

1891 5180 2302 5254 apprehendere
2325 5179 2374 5231 in
2404 5191 2512 5245 quo
2543 5185 2625 5228 est
2651 5172 2810 5235 Deus,
2845 5172 2895 5225 id
2927 5171 3068 5238 quod
3101 5169 3268 5222 etiam
3297 5166 3472 5237 Moysi

1888 5274 2104 5330 aeridit.
2168 5269 2306 5324 Nota
2368 5268 2610 5320 ordinem
2679 5281 2866 5319 eorum
2931 5279 3049 5332 quae
3099 5259 3273 5331 Moysi
3332 5276 3466 5314 con-

1889 5368 2148 5435 tigerunt,
2187 5361 2504 5432 priusquam
2571 5357 2769 5426 dignus
2824 5365 2909 5410 est
2963 5355 3176 5409 habitus
3229 5355 3280 5406 in
3327 5352 3470 5407 cali-

1888 5461 2067 5528 ginem
2119 5455 2347 5526 ingredi.
2395 5454 2632 5507 Primum
2683 5453 2825 5505 enim
2879 5450 3130 5517 expiatus
3162 5447 3280 5509 fuit,
3309 5457 3359 5500 et
3391 5445 3470 5500 sic.

1887 5557 1954 5609 ab
2005 5553 2128 5606 aliis
2161 5558 2504 5618 segregatus.
2539 5545 2702 5617 556
2734 5544 2834 5600 Ubi
2871 5544 3012 5598 enim
3055 5557 3161 5596 una
3187 5555 3308 5593 cum
3344 5538 3467 5593 aliis

1891 5649 2046 5702 tubas
2091 5645 2408 5708 audivisset,
2444 5651 2495 5698 ct
2527 5639 2711 5695 divina
2741 5636 2941 5692 lumina
2991 5634 3247 5701 vidisset,
3279 5644 3466 5703 segre-
