4176 6314
739 339 880 394 1023

1877 324 1935 381 S.
1971 318 2270 378 DIONYSII
2302 313 2767 373 ABEOD\GITA§

3829 312 3971 368 1024

738 465 916 520 antur,
960 461 1012 506 et
1041 465 1162 505 cum
1191 446 1562 504 sacerdotibus
1587 443 1972 507 constituitur;
2005 448 2058 494 et
2083 440 2134 493 in
2166 435 2299 491 divi-

2407 433 2578 503 μένων
2628 432 2722 483 καὶ
2768 429 3064 500 ὁρωμένων
3109 426 3386 499 ἀκρότατα
3433 424 3784 488 ὕποθετικούς
3820 440 3978 486 τινας

741 561 862 597 nam
909 543 1193 612 caliginem
1228 543 1531 598 immersus.
1563 538 1727 590 Deum
1760 535 1974 602 quidem
2012 546 2116 586 non
2156 529 2302 582 videt

743 636 929 702 (Deum
971 635 1114 687 enim
1169 651 1316 686 nemo
1358 633 1482 685 vidit
1531 628 1871 698 unquam“),
1904 626 1997 680 sed
2028 625 2202 677 locum
2247 622 2298 674 in

743 741 847 793 quo
881 735 1132 782 sleleral:
1177 726 1315 778 unde
1342 723 1693 790 signiﬁcatur,
1726 735 1910 773 eorum
1949 732 2068 786 quae
2101 716 2301 769 intelli-

742 828 940 887 guntur
972 827 1027 871 et
1055 819 1301 871 vi-lentur
1332 818 1689 876 summitates.
1724 829 1843 868 esse
1877 812 2113 866 rationes
2143 826 2303 879 quas-

742 916 863 965 datu
899 911 1267 983 bypotbeticas
1302 925 1485 963 eorum
1527 924 1645 976 quae
1702 908 1751 960 in
1798 907 1902 961 Deo
1941 916 2084 962 sunt.
2121 905 2302 974 Hypo-

741 1004 962 1055 tlteticas
991 1017 1119 1055 vero
1158 1003 1392 1055 rationes
1421 1012 1679 1055 vocateas
1709 1015 1825 1067 quae
1855 1013 1940 1052 res
1970 998 2299 1061 describunt,

739 1100 790 1146 el
828 1096 977 1160 quasi
1013 1093 1456 1161 contemplandas
1496 1095 1752 1161 praabent,
1781 1107 1914 1160 quas
1947 1093 2020 1144 ait
2049 1106 2166 1144 esse
2195 1092 2303 1143 Deo

739 1183 1029 1247 snbjectas,
1065 1183 1115 1235 id
1148 1193 1230 1236 est
1277 1183 1500 1252 intelligi
1554 1185 1730 1236 inesse
1777 1183 1905 1252 ipsi:
1939 1197 2005 1235 ex
2046 1182 2109 1234 iis
2157 1182 2302 1235 enim

739 1275 1012 1339 docentur,
1049 1276 1220 1342 ipsum
1277 1275 1437 1328 rebus
1489 1276 1741 1328 omnibus
1790 1289 1906 1329 esse
1958 1284 2300 1342 praesentem,

741 1382 843 1418 non
899 1369 1250 1430 transeundo,
1287 1369 1379 1420 sed
1441 1367 1788 1435 providendo.
1843 1367 2125 1433 Spiritales
2172 1379 2302 1418 vero

741 1459 969 1511 vertices
1025 1470 1182 1512 vocat
1230 1461 1482 1513 cmlestes
1531 1469 1584 1512 et
1635 1458 1982 1513 intellectiles
2033 1459 2304 1512 essentias

736 1565 858 1615 qua:
908 1549 1051 1603 circa
1083 1549 1248 1602 Deum
1287 1559 1434 1608 sunt.
1475 1565 1611 1619 quas
1655 1562 1708 1603 et
1746 1552 1890 1603 locos
1932 1549 2303 1603 sanctissimos

740 1639 1051 1707 ιινῖιιιιιεινὶι,
1083 1642 1279 1708 quibus
1325 1641 1712 1708 supereminet,
1747 1652 1801 1694 et
1836 1657 1863 1694 a
1897 1641 2094 1710 quibus
2141 1638 2299 1692 abso-

739 1732 881 1785 lutus
916 1744 1019 1800 est,
1056 1738 1348 1789 secundum
1382 1735 1514 1789 nihil
1544 1737 1764 1789 omnino
1794 1736 1923 1803 ipsis
1950 1733 2298 1787 assimilatas.

738 1828 950 1900 Moyses
971 1830 1150 1896 itaque
1172 1829 1564 1894 contemplatus
1587 1827 1762 1880 locum
1788 1828 1874 1880 abi
1898 1826 2038 1880 Deus
2053 1837 2297 1894 steterat,

739 1932 964 1989 tumque
1015 1922 1081 1975 ab
1131 1922 1195 1974 iis
1245 1938 1363 1989 quae
1408 1922 1660 1974 videntur
1706 1920 2005 1984 absolutus,
2036 1921 2085 1972 id
2113 1930 2196 1974 est
2236 1921 2303 1975 ab

736 2013 986 2068 omnibus
1012 2015 1299 2069 sensilibus
1325 2026 1376 2067 et
1406 2014 1843 2084 aspectabilibus,
1867 2015 1915 2068 id
1944 2024 2022 2068 est
2052 2015 2306 2069 omnibus

740 2107 948 2161 ratione
962 2105 1118 2173 tibus,
1135 2107 1796 2175 intellectilibus,inquam,
1813 2116 1867 2162 et
1886 2108 2305 2178 intelligentibus

734 2201 1012 2264 essentiis,
1059 2210 1114 2254 et
1165 2215 1285 2252 cum
1341 2200 1425 2253 his
1471 2200 1633 2252 etiam
1676 2200 1742 2252 ab
1782 2199 2063 2253 animabus
2103 2200 2305 2255 nostris

742 2292 1028 2354 liberatus,
1061 2301 1243 2358 postea
1278 2290 1327 2341 in
1374 2288 1661 2357 caliginem
1719 2291 1994 2357 ingressus
2048 2299 2148 2355 est,
2198 2289 2298 2345 hoc

740 2390 844 2442 est.
876 2382 925 2434 in
960 2382 1049 2435 Dei
1086 2379 1505 2449 ignorationem;
1543 2381 1629 2432 ubi
1661 2395 1783 2434 cum
1825 2380 2000 2432 omnis
2041 2380 2305 2449 cognitio-

743 2473 826 2524 nis
876 2471 1115 2525 subsidia
1160 2470 1499 2531 exclusisset,
1546 2470 1643 2522 fuit
1676 2470 1727 2524 in
1778 2472 2071 2524 obscura“
2106 2480 2302 2535 mente,

742 2575 859 2626 qtne
891 2560 1057 2613 \‘ideri
1108 2561 1312 2627 nequit,
1371 2559 1484 2622 Dei,
1519 2575 1682 2628 supra
1731 2575 1920 2613 omnes
1972 2559 2303 2627 intelligendi

743 2652 1024 2706 facultates
1056 2653 1361 2712 constituti,
1391 2650 1590 2720 talique
1623 2653 1780 2706 modo
1808 2651 2128 2718 conjunctus
2155 2653 2306 2722 igno-

746 2744 939 2798 rationi
976 2755 1028 2797 et
1060 2745 1375 2798 cessationi.
1413 2744 1526 2798 Non
1562 2745 1681 2798 dico
1714 2745 1944 2812 propriae
1982 2747 2176 2798 mentis
2199 2746 2306 2798 cir-

741 2852 808 2889 ca
857 2839 1028 2906 ipsum
1065 2837 1376 2900 cessationi,
1414 2852 1586 2906 neque
1627 2849 1788 2891 etiam
1850 2838 2070 2893 alterius
2125 2853 2306 2893 cessa-

747 2933 913 2996 tioni,
972 2947 1072 2986 nec
1131 2932 1398 3000 seipsum,
1452 2947 1550 2986 nec
1609 2935 1900 3003 quidquam
1934 2934 2074 2987 aliud
2107 2936 2307 2989 intelli-

744 3028 920 3091 gendo
949 3026 1075 3094 (hoc
1106 3026 1248 3079 enim
1283 3041 1488 3079 merum
1523 3028 1691 3080 otium
1726 3029 2123 3096 stupiditasque
2156 3043 2307 3080 mens

747 3123 814 3166 t.s
849 3116 980 3181 est),
1008 3113 1098 3165 sed
1124 3114 1420 3167 secundum
1456 3115 1718 3183 potiorem
1764 3116 1958 3170 mentis
2004 3115 2304 3184 portionem
2336 3125 2377 3180 ί]
2413 3101 2518 3152 πᾶν
2582 3097 2741 3162 ἔγνω.

745 3203 831 3256 isti
878 3205 1058 3272 ignoto
1087 3206 1300 3272 penitus
1328 3203 1532 3271 unitus,
1564 3205 1741 3257 omnis
1775 3205 2097 3274 cognitionis
2129 3220 2309 3258 cessa-

747 3297 945 3348 tionem
999 3294 1322 3355 obtinendo.
1355 3307 1542 3364 sponte
1586 3297 1791 3351 scilicet
1817 3298 2312 3365 convenienterque

746 3387 1044 3440 deserendo
1068 3401 1283 3440 Omnem
1315 3388 1608 3450 notionem,
1629 3403 1749 3457 quae
1776 3390 2110 3444 extrinsecus
2139 3388 2308 3441 aﬂ‘nsa

745 3477 1149 3545 quodammodo
1214 3477 1498 3531 confundit
1564 3477 1743 3545 potius
1810 3477 2086 3545 magisque
2157 3477 2310 3527 ObeSl.

745 3583 906 3636 quam
947 3570 1136 3637 prosit,
1176 3585 1297 3622 cum
1336 3568 1451 3621 sine
1496 3569 1714 3621 notione
1750 3567 1931 3620 omnia
1958 3567 2124 3620 novit.
2157 3565 2311 3620 Nun-

747 3659 874 3725 quid
905 3675 1029 3713 νει-υ
1058 3661 1221 3713 etiam
1257 3661 1344 3713 hic
1379 3660 1554 3715 simile
1593 3661 1720 3730 quid
1744 3661 1971 3714 obscure
2003 3661 2079 3725 ﬁt,
2097 3663 2312 3729 quando

749 3755 1001 3805 volumus
1038 3753 1256 3821 quidem
1287 3752 1486 3822 aliquid
1519 3764 1699 3806 mente
1723 3753 1987 3816 volutare.
2021 3753 2113 3806 sed
2139 3767 2309 3819 sa'pe-

751 3858 974 3896 numero
1008 3847 1072 3896 ab
1106 3844 1287 3913 aliquo
1316 3844 1743 3911 interpellamur.
1774 3843 1928 3911 quasi
1969 3844 2018 3895 in
2069 3851 2307 3895 mentem

748 3935 1024 4005 quidpiam
1060 3951 1315 3990 revocare
1348 3936 1655 3997 volente,et
1688 3950 1784 3988 nos
1813 3935 1936 3987 hinc
1968 3933 2312 4000 indignamur

746 4028 889 4096 quod
924 4042 1024 4080 nos
1081 4028 1278 4091 turbet,
1311 4037 1367 4080 ct
1408 4028 1694 4082 obscuram
1747 4025 1914 4092 illam,
1942 4040 2102 4094 quam
2148 4022 2309 4076 menti

753 4117 1235 4184 impresseramus,
1290 4117 1735 4188 imaginationem
1789 4118 2120 4185 pessumdel.
2172 4113 2310 4180 Quid

749 4211 892 4263 enim
947 4226 1096 4263 mens
1147 4210 1289 4263 aliud
1323 4220 1448 4264 tunc
1484 4210 1632 4273 velit,
1669 4225 1827 4278 quam
1879 4211 1930 4263 in
1986 4219 2308 4261 exterarum

751 4301 1054 4354 cessatione
1088 4317 1291 4364 rerum,
1324 4303 1470 4356 circa
1507 4303 1557 4356 id
1591 4303 1733 4371 quod
1767 4302 1816 4354 ci
1841 4300 2176 4369 propositum
2203 4308 2306 4362 est,

748 4393 987 4445 vacare?
1036 4392 1194 4447 Circa
1245 4393 1531 4463 caliginem
1585 4408 1746 4462 porro
1803 4402 1952 4455 nota,
1987 4392 2308 4445 llebraicum

2403 520 2540 577 εἶναι
2574 523 2764 590 λόγους
2799 520 2907 573 τῶν
2951 518 3029 589 τῷ
3054 519 3172 589 Θεῷ
3210 519 3537 592 προσόντων.
3587 513 3977 578 Ὑπὸθετικοὺς

2402 613 2459 666 δέ
2493 629 2623 683 φησι
2651 612 2777 673 τοὺς
2814 611 3240 680 ὑπογραφικοὺς,
3274 609 3439 679 ἤγουν
3469 607 3832 679 θεωρητικοὺς
3865 607 3978 659 τῶν

2401 704 2590 764 ὄντων,
2614 701 2754 772 ἅπερ
2777 699 3188 770 ὑποϐεϐλημένα
3213 698 3293 769 τῷ
3321 697 3438 768 Θεῷ
3473 698 3574 768 ἔφη
3605 693 3764 759 εἶναι,
3786 696 3979 767 δηλον-

2402 795 2484 847 ότι
2523 796 2800 865 προσεῖναι
2849 791 3128 862 νοούμενα·
3168 790 3228 854 ἐξ
3270 790 3445 843 αὐτῶν
3494 789 3623 859 γὰρ,
3685 792 3796 850 τοῖς
3842 790 3980 840 πᾶσι

2403 889 2653 957 παρεῖναι
2683 884 2889 946 τοῦτον,
2921 883 3300 953 διδασκόμεθα,
3333 882 3392 934 οὐ
3438 879 3832 951 μεταϐατικῶς,
3855 878 3983 931 οὐδὲ

2401 977 2793 1052 προνοητικῶς.
2849 977 3060 1048 Νοητάς
3118 976 3174 1028 δὲ
3238 975 3542 1046 ἀκρότητας
3580 974 3678 1036 τὰς
3725 972 3982 1044 οὐρανίας

2402 1074 2496 1126 καὶ
2527 1072 2716 1143 νοεράς
2741 1070 2927 1132 οὐσίας
2958 1068 3131 1130 καλεῖ,
3162 1067 3261 1131 τὰς
3282 1067 3408 1138 περὶ
3425 1067 3554 1120 Θεὸν
3587 1065 3769 1129 οὐσας,
3795 1065 3860 1127 ἃς
3887 1064 3984 1116 καὶ

2404 1162 2601 1227 τόπους
2646 1162 2978 1232 ἀγιωτάτους
3017 1160 3316 1230 ὠνόμασεν,
3338 1152 3412 1210 ὧν
3444 1159 3536 1212 καὶ
3570 1157 3748 1210 αὐτῶν
3806 1155 3984 1225 ὺπέρ-

2403 1275 2577 1311 κειται
2610 1256 2703 1310 καὶ
2736 1254 3048 1316 ἀπολύεται,
3081 1256 3220 1307 κατὰ
3254 1252 3415 1323 μηδὲν
3439 1252 3619 1312 αὐτοῖς
3652 1249 3788 1311 ὅλως
3812 1264 3986 1318 προσ-

2406 1348 2951 1420 εοικώς.,Θεωρήσας
3000 1345 3178 1398 τοίνυν
3224 1343 3315 1395 τὸν
3355 1342 3520 1417 τόπον
3568 1339 3808 1408 Μωῦσῆς
3843 1330 3904 1391 οὗ
3955 1341 3985 1391 ὀ

2404 1442 2537 1505 Θεὸς
2559 1442 2821 1511 εἱστήκει,
2851 1439 2945 1491 καὶ
2975 1437 3095 1490 τότε
3127 1434 3411 1497 ἀπολυθεὶς
3448 1432 3556 1486 τῶν
3587 1450 3645 1484 τε
3665 1432 3986 1502 ὁρωμένων,

2402 1535 2699 1596 τουτέστιν,
2760 1530 3031 1601 αἰσθητῶν
3078 1529 3352 1591 ἁπάντων,
3409 1526 3503 1580 καὶ
3560 1526 3666 1578 τῶν
3705 1524 3988 1595 ὁρώντων,

2404 1626 2652 1680 τουτέστι
2707 1624 2815 1677 τῶν
2875 1622 3109 1692 λογικῶν
3158 1621 3431 1681 ἀπάντων,
3466 1618 3668 1687 νοητῶν
3703 1634 3842 1686 φημι
3889 1616 3992 1668 καὶ

2405 1718 2604 1788 νοερῶν
2641 1715 2858 1779 οὐσιῶν,
2903 1715 3018 1785 μεθ’
3053 1707 3125 1766 ὧν
3157 1715 3251 1766 καὶ
3281 1711 3564 1783 ἡμετέρων
3595 1708 3800 1778 ψυχῶν,
3842 1723 3994 1776 τηνι-

2405 1810 2579 1864 καῦτα
2618 1810 2696 1871 είς
2725 1808 2815 1860 τὸν
2851 1807 3044 1876 γνόφον
3077 1804 3314 1874 εἰσῆλθε,
3346 1802 3618 1854 τουτέστιν
3652 1803 3730 1861 εἰς
3759 1799 3858 1868 τὴν
3894 1814 3992 1849 πε-

2409 1904 2460 1974 ρὶ
2477 1901 2610 1955 Θεοῦ
2645 1901 2938 1970 ἀγνωσίαν·
2961 1899 3087 1952 ἔνθα
3109 1897 3287 1961 πάσας
3319 1894 3604 1963 ἀπομόσας
3635 1892 3733 1954 τὰς
3761 1908 3990 1959 γνωστι-

2407 1994 2515 2058 κάς
2562 1991 2895 2062 ἀντιλήψεις,
2938 1991 3151 2058 ἐγένετο
3183 1991 3237 2041 ὲν
3277 1987 3356 2057 τῷ
3393 1988 3587 2055 ἀφανεῖ
3606 1986 3650 2017 ³ο
3671 1983 3750 2054 τῷ
3783 1983 3877 2052 νῷ,
3906 1981 3989 2052 τῷ

2405 2087 2620 2156 ἀοράτῳ
2651 2083 2836 2137 πασῶν
2867 2083 2976 2135 τῶν
3007 2079 3319 2150 γνωστικῶν
3350 2077 3683 2147 ἀντιλήψεων
3716 2074 3810 2127 τοῦ
3842 2073 3989 2144 πέρα

2409 2177 2624 2230 πάντων
2675 2174 2829 2237 Θεοῦ,
2865 2174 2957 2226 καὶ
2992 2172 3208 2234 mea;
3260 2169 3347 2223 διά
3378 2169 3470 2222 τοῦ
3501 2168 3740 2220 τοιούτου
3780 2167 3988 2237 τρόπου

2405 2272 2470 2340 τῇ
2521 2268 2763 2338 ἀγνωσία
2813 2267 2905 2320 καὶ
2953 2268 3019 2336 τῇ
3085 2261 3463 2334 ἀνενεργησίᾳ.
3508 2261 3582 2314 Οὐ
3632 2259 3773 2326 λέγω
3801 2259 3856 2311 δὲ
3916 2261 3986 2327 τῇ

2410 2362 2536 2431 περὶ
2565 2358 2728 2412 αὐτοῦ
2772 2358 2920 2411 ἀνενε
2933 2357 3127 2427 ργησίᾳ
3157 2355 3250 2406 τοῦ
3287 2354 3414 2406 ἰδίου
3445 2351 3558 2414 νοῦ,
3581 2349 3703 2402 οὕτε
3761 2350 3865 2418 μὴν
3917 2350 3986 2418 τῇ

2408 2451 2594 2522 ἑτέρου
2624 2449 2982 2521 ἀνενεργησίᾳ
3002 2450 3058 2500 ἐν
3085 2446 3162 2517 τῷ
3199 2448 3336 2517 μήτε
3362 2444 3544 2507 αὐτὸν,
3566 2444 3700 2514 μήτε
3719 2440 3905 2511 ἕτερόν
3936 2457 3992 2492 τι

2407 2544 2545 2594 νοεῖν
2579 2539 2755 2612 (τοῦτο
2787 2541 2893 2611 γὰρ
2939 2537 3212 2601 παντελῶς
3240 2536 3512 2606 ὴλιθιότης
3543 2534 3636 2587 καὶ
3669 2532 3836 2603 ἀργία
3869 2530 3994 2592 νοός

2409 2634 2599 2704 ἐστιν),
2636 2632 2749 2686 ἀλλ’
2785 2631 3003 2694 ὲνωθεὶς
3046 2629 3185 2684 κατὰ
3221 2629 3282 2682 τὸ
3328 2631 3572 2699 κρεῖττον
3603 2625 3682 2696 τῷ
3710 2622 3996 2686 παντελῶς

2407 2726 2686 2796 ἀγνώστῳ,
2721 2727 2775 2776 ὲν
2809 2724 2886 2793 τῷ
2920 2723 3060 2793 ἔχειν
3093 2719 3478 2792 ἀνενεργησίαν
3513 2717 3691 2786 πάσης
3711 2713 3992 2783 γνώσεως,

2405 2821 2463 2872 ὲν
2509 2818 2586 2889 τῷ
2642 2818 2920 2871 ἀπολιπεῖν
2971 2815 3208 2886 δηλονότι
3258 2812 3519 2874 ἑκουσίως
3558 2810 3651 2863 καὶ
3695 2809 3988 2879 ἀραρότως

2407 2914 2585 2966 πᾶσαν
2627 2910 2827 2980 γνῶσιν
2877 2906 3072 2971 ἔξωθεν
3121 2906 3196 2968 ὡς
3249 2903 3579 2974 συγχέουσαν
3643 2900 3844 2971 μᾶλλον
3896 2897 3996 2950 xa‘t

2410 3008 2748 3079 βλάπτουσαν
2790 3001 2823 3072 ἢ
2878 2997 3346 3070 συμϐαλλομένην,
3401 2996 3523 3047 τότε
3573 2995 3639 3063 τῇ
3687 2991 3882 3061 ἀγνοίᾳ
3933 2991 3997 3042 τὸ

2798 3093 2868 3144 Ἦ
2915 3091 3024 3160 γὰρ
3071 3090 3189 3158 οὐχὶ
3226 3088 3320 3140 καὶ
3372 3083 3604 3139 ἐνταῦθα
3643 3082 3883 3153 ἀμυδρόν
3937 3098 3997 3134 τι

2411 3187 2650 3241 τοιοῦτον
2699 3184 2928 3252 γίνεται,
2981 3182 3070 3233 ὅτε
3103 3179 3327 3247 θέλομεν
3361 3176 3458 3246 μὲν
3503 3171 3874 3244 ἐνθυμηθῆναί
3914 3187 3997 3233 τι,

2413 3275 2886 3350 περικτυπούμεθα
2934 3273 2990 3326 δὲ
3036 3270 3295 3332 πολλάκις
3341 3268 3493 3338 παρά
3525 3283 3686 3327 τινος,
3724 3263 3800 3325 ὡς
3832 3263 4001 3332 δῆθεν

2416 3369 2811 3442 συμϐάλλεσθαι
2843 3368 2922 3427 εἰς
2947 3364 3045 3436 τὴν
3079 3362 3372 3432 ἐνθύμησιν
3406 3359 3668 3419 θέλοντος,
3703 3356 3799 3407 καὶ
3833 3355 4000 3424 ἡμεῖς

2411 3461 2826 3533 δυσχεραίνομεν
2856 3456 3063 3521 τοῦτον,
3103 3455 3177 3517 ὡς
3214 3452 3314 3523 ήδη
3346 3449 3567 3520 ὄχλησιν
3594 3447 3998 3518 ἐμποιήσαντα,

2413 3556 2673 3624 κάκείνην
2706 3553 2804 3623 τὴν
2830 3547 3198 3619 συναγομένην
3231 3543 3477 3616 ἀμυδρὰν
3505 3541 3660 3612 ἡμῶν
3694 3539 4000 3608 ἐνθύμησιν

2413 3647 2772 3703 ἀπολέσαντα.
2807 3640 2872 3693 Τί
2902 3641 3010 3711 γάρ
3042 3641 3188 3691 ἐστιν
3225 3637 3352 3691 ἄλλο
3392 3634 3534 3696 τότε,
3560 3633 3607 3684 εί
3645 3633 3718 3701 μὴ
3742 3630 4001 3700 βούλεται

2411 3743 2439 3793 ὁ
2469 3738 2592 3800 νοῦς
2614 3738 2671 3788 ὲν
2699 3730 3057 3803 ἀνενεργησίᾳ
3083 3729 3188 3782 τῶν
3217 3726 3391 3782 ἄλλων
3423 3723 3710 3794 γενόμενος
3732 3720 3999 3792 σχολάσαι

2413 3834 2539 3904 περὶ
2569 3832 2628 3884 τὸ
2649 3828 3036 3901 προκείμενον;
3075 3822 3208 3895 Περὶ
3240 3821 3296 3874 δὲ
3319 3819 3412 3872 τοῦ
3443 3817 3639 3886 γνόφου
3664 3816 3996 3886 σημείωσαι,

2411 3925 2491 3978 ὃτι
2533 3921 2594 3973 τὸ
2621 3920 2908 3994 Ἑϐραῐκὸν
2953 3914 3180 3985 ἁραφὲλ
3215 3913 3346 3983 ἔχει,
3391 3911 3528 3981 ὅπερ
3557 3909 3585 3960 ὁ
3621 3908 3718 3978 μὲν
3763 3904 4003 3969 Ἀκύλας

2414 4021 2506 4072 καὶ
2534 4015 2821 4070 Θεοδοτίων
2850 4012 3073 4082 γνόφων
3101 4007 3386 4072 ἐξέδωκαν,
3417 4003 3632 4071 σύναμα
3662 4003 3772 4062 τοῖς
3815 3998 4004 4050 Ἑϐδο-

2417 4111 2672 4181 μήκοντα·
2704 4106 2994 4176 Σύμμαχος
3026 4099 3205 4170 μέντοι
3225 4097 3509 4166 ὀμίχλην.
3560 4093 3616 4145 '0
3646 4091 3699 4143 δὲ
3744 4088 4004 4181 Ἐϐραῖος

2413 4178 2557 4278 λέγει
2602 4199 2663 4251 τὸ
2708 4195 2939 4265 ἁραφὲλ
2981 4192 3150 4262 ὄνομα
3192 4185 3332 4242 εἶναι
3391 4182 3766 4278 περεὼματος
3823 4181 3903 4241 εἰς
3963 4178 4001 4278 δ

2414 4268 2610 4362 ἔφθασε
2642 4289 2902 4354 Μωύσῆς·
2935 4283 3074 4337 ἐπτά
3103 4282 3211 4352 γὰρ
3250 4276 3598 4348 στερεώματα
3654 4272 3927 4340 λέγουσιν,
3962 4268 4002 4322 ἃ

2414 4387 2506 4440 καὶ
2529 4385 2588 4436 οὐ
2599 4383 2790 4455 ρανούς
2804 4376 3078 4441 καλοῦσιν,
3094 4367 3167 4427 ὧν
3189 4371 3282 4426 καὶ
3296 4369 3364 4422 τὰ
3377 4368 3615 4438 ὀνόματα
3630 4364 3748 4417 καθ’
3762 4364 4001 4415 ἕκαστον

754 4485 951 4538 habere
1000 4487 1232 4554 araphel,
1273 4453 1415 4555 quod
1445 4453 1636 4555 Aquiia
1667 4486 1883 4556 quidem
1933 4453 2094 4552 atque
2133 4481 2306 4535 Theo-

2416 4453 2683 4546 λέγουσιν.
2735 4472 2791 4524 'U
2821 4469 2878 4523 δὲ
2908 4469 3078 4536 ἅγιος,
3118 4464 3314 4532 γνόφον
3346 4459 3443 4532 τὴν
3476 4455 3746 4525 ἀγνωσίαν
3782 4453 4000 4521 ἐνόησε.

751 4573 932 4628 dotiou
956 4576 1114 4646 557
1137 4578 1331 4647 γνόφον
1363 4595 1459 4633 seu
1487 4579 1760 4647 caliginem
1792 4573 2131 4644 interpretati
2166 4581 2313 4636 sunt,
2371 4589 2493 4628 cum
2569 4564 2921 4634 Septuaginta
2969 4557 3355 4613 convenientes
3402 4569 3433 4647 εξ
3460 4548 3824 4647 ξγιιιηιίιςιιιιε
3865 4557 4003 4647 vero

749 4639 1102 4737 opiximzvid
1149 4639 1258 4734 est,
1287 4672 1541 4725 nebulam.
1580 4639 1835 4724 Debrzeus
1867 4639 1994 4722 vero
2041 4667 2172 4721 dicit
2209 4663 2425 4732 araphel
2460 4675 2578 4714 esse
2625 4673 2816 4712 nomen
2853 4651 3175 4708 ﬁrmamenti
3214 4649 3264 4701 in
3293 4645 3435 4715 quod
3479 4643 3692 4737 hloyses
3723 4639 4000 4737 pervenit;

756 4760 939 4812 dicunt
1007 4763 1148 4816 enim
1219 4780 1338 4819 esse
1394 4775 1594 4834 septem
1653 4765 2012 4827 ﬁrmamenta,
2071 4776 2189 4830 qua:
2233 4761 2394 4812 etiam
2444 4756 2614 4808 caelos
2657 4759 2870 4817 vocant,
2923 4760 3151 4816 quorum
3212 4741 3377 4796 etiam
3427 4734 3704 4807 sigillatim
3774 4732 4001 4786 nomina

756 4868 1061 4911 recensent.
1114 4858 1213 4913 llic
1262 4870 1483 4914 sanctus
1522 4875 1649 4914 vero
1701 4859 1986 4927 ealiginem
2033 4849 2713 4922 intellexitignorationem
2741 4860 2833 4900 seu
2875 4841 3110 4898 actionis
3140 4837 3490 4892 vacuitate-nt.

827 5025 876 5051 ο·
912 5016 1068 5070 Joatt.
1104 5033 1142 5074 ι.
1182 5018 1268 5071 18.

2015 5163 2252 5220 ΥΛΠΜΕ
2323 5159 2729 5217 LECTIUNES.

825 5340 875 5372 9‘
915 5336 1055 5389 Ηυξ.
1093 5333 1305 5403 ﬁngi.
1399 5331 1441 5364 ⁹¹
1481 5328 1618 5384 Mam.
1643 5327 1890 5381 intartili.
