4176 6314
221 323 361 378 ίωδ

621 624 1264 711 ΚΕΦΑΛΑΙΟΝ
1318 627 1420 708 Βν.

220 764 353 832 Πῶς
395 764 484 821 δεῖ
515 766 611 821 καὶ
640 765 916 820 ἐνοῦσθαι
935 805 948 828 ,
980 764 1077 818 καὶ
1104 765 1329 835 ὕμνους
1356 766 1688 822 ἀνατιθέναι
1712 764 1793 824 τῶ

522 836 761 890 πάντων
787 837 974 897 αἰτίῳ,
1005 836 1103 888 καὶ
1139 835 1288 905 ὑπὲρ
1314 835 1528 892 πάντα.

899 316 989 373 DE
1024 316 1324 373 MYS’I‘iCA
1361 313 1773 380 THEOLOGIA,
1808 311 1962 372 CAP.
2000 313 2060 374 il.
2097 345 2165 359 --
2194 312 2517 373 CORDERil
2556 315 2786 374 ΝΟΤΕ.

1823 628 1873 686 Α

3325 315 3464 372 ιθὶῦ

2419 633 2798 724 CAPUT
2893 635 3025 729 Il.

1899 767 2176 834 Quomodo
2220 780 2452 844 oporteat
2500 771 2657 824 etiam
2703 773 2951 834 uniri,.nc
2996 774 3179 828 laudes
3248 773 3466 844 referre.

2122 842 2353 894 omnium
2383 843 2609 906 auctori,
2636 846 2731 911 qui
2757 856 2830 897 est
2857 861 3017 913 supra
3036 848 3232 902 omnia.

1523 988 1858 1047 SYNOPSIS
1894 990 2184 1047 CAPITIS.

219 1126 719 1206 Optatintlivinam
742 1128 1016 1198 caliginem
1049 1126 1440 1206 intromittit“
1471 1125 1582 1206 sine
1625 1127 1835 1206 notione
1869 1125 2038 1206 Deum
2080 1144 2412 1206 cognoscere.
2443 1131 2582 1206 quod
2631 1132 2692 1199 ﬁt
2746 1134 3080 1200 potissimum
3104 1154 3197 1206 per
3229 1141 3464 1196 omnium

303 1200 644 1272 oblationem,
667 1215 784 1267 qua:
807 1195 910 1256 non
945 1196 1256 1272 suntDeus,
1283 1195 1538 1272 imitando
1577 1198 1886 1272 sculptor-es,
1907 1199 1995 1272 qui
2019 1213 2111 1265 per
2143 1195 2382 1253 ntateriw
2405 1195 2726 1256 oblationem
2746 1195 2984 1257 statuunt
3008 1195 3294 1272 ded'olant;
3317 1222 3366 1265 et
3388 1195 3466 1268 εέέ.

301 1273 413 1324 mut
429 1269 652 1327 ostendit
687 1279 765 1332 ut,
799 1284 892 1338 per
922 1268 1240 1332 oblationes,
1278 1267 1550 1320 contrario
1582 1268 1734 1321 modo
1762 1267 2078 1335 procedatur
2107 1286 2264 1341 quant
2288 1286 2380 1339 per
2406 1273 2691 1340 positiones
2721 1289 2810 1327 seu
2831 1275 3233 1343 aﬂirmatt‘ones.

291 1426 450 1482 Κατά
485 1424 670 1478 τοῦτον
693 1427 853 1497 ἡμεῖς
878 1424 1129 1494 γενέσθαι
1161 1425 1251 1480 τὸν
1284 1425 1604 1497 ὑπέρφωτον
1640 1425 1796 1496 εὐχό-

219 1521 364 1590 μεθα
410 1519 625 1589 γνόφον,
661 1520 752 1572 καὶ
779 1519 844 1572 δι’
891 1518 1151 1589 sanata;
1187 1520 1282 1572 καὶ
1324 1519 1598 1588 ἀγνωσίας
1642 1519 1788 1586 ἰδεῖν,

215 1614 318 1666 καὶ
357 1611 553 1682 γνῶναι
592 1611 652 1665 τὸ
699 1612 836 1683 ὑπὲρ
867 1611 994 1664 Θέαν
1024 1611 1115 1665 καί
1159 1611 1357 1681 γνῶσιν
1406 1611 1537 1666 αὐτὸ
1571 1610 1686 1664 τὸ⁹²
1719 1613 1792 1684 μὴ

217 1704 351 1758 ἰδεῖν
381 1705 512 1776 μηδὲ
541 1704 760 1773 γνῶναι·
792 1703 949 1757 τοῦτο
977 1703 1085 1774 γάρ
1110 1704 1225 1756 ἐστι
1248 1701 1311 1756 τὸ
1335 1703 1502 1766 ὄντως
1539 1703 1663 1756 ἰδεῖν
1700 1703 1794 1756 καὶ

215 1798 443 1867 γνῶναι,
476 1799 570 1851 καὶ
597 1796 686 1850 τὸν
725 1797 1048 1870 ὑπερούσιον
1081 1796 1414 1864 ὑπερουσίως
1441 1796 1677 1866 ὑμνῆσαι
1705 1796 1794 1850 διά

213 1890 323 1962 τῆς
354 1890 569 1943 πάντων
599 1889 706 1943 τῶν
734 1889 899 1942 ὄντων
930 1887 1290 1959 ἀφαιρέσεως,
1323 1888 1510 1960 ὥσπερ
1549 1890 1598 1942 οἱ
1629 1889 1789 1943 αὺτο-

1970 1425 2078 1485 Nos
2120 1427 2172 1483 in
2215 1428 2318 1484 hac
2357 1444 2680 1500 supraquam
2734 1430 2950 1490 lucente
2986 1437 3218 1503 caligine
3249 1456 3456 1498 versari

1899 1530 2242 1588 exoptamus,
2280 1528 2334 1576 et
2379 1537 2478 1589 per
2509 1523 2735 1578 visionis
2760 1529 3196 1600 cognitionisque
3221 1536 3466 1603 negatio-

1901 1627 2021 1666 nem
2070 1614 2254 1668 videre
2297 1623 2349 1668 et
2379 1628 2710 1685 cognoscere
2742 1620 2795 1674 id
2823 1622 2964 1690 quod
3005 1638 3173 1690 supra.
3203 1625 3463 1682 tisiouem

1899 1703 2369 1786 cognitionemque
2391 1722 2488 1763 exs
2511 1709 2625 1776 siit,
2656 1711 2756 1768 hoc
2788 1713 2904 1782 ipso
2927 1717 3070 1784 quod
3099 1725 3202 1770 non
3221 1719 3465 1776 tidomus

1901 1808 2074 1865 neque
2116 1801 2490 1866 cognoscimus
2527 1821 2542 1857 :
2581 1802 2684 1858 boc
2743 1805 2887 1860 enim
2917 1817 3002 1861 est
3045 1811 3170 1862 vere
3199 1810 3380 1865 videre
3410 1822 3466 1866 et

1897 1903 2246 1956 cognoscere,
2277 1905 2333 1946 et
2361 1909 2521 1972 supra
2570 1897 2914 1953 essentialem
2978 1902 3465 1968 supernaturaliter

216 1981 356 2050 φυὲς
403 1980 621 2051 ἄγαλμα
651 1979 949 2042 ποιοῦντες,
981 1978 1319 2052 ἐξαιροῦντες
1358 1978 1534 2033 πάντα
1575 1980 1640 2033 τά
1670 1984 1790 2032 ἐπι-

1897 1979 2114 2035 laudare
2163 1998 2262 2051 per
2305 1989 2547 2040 omnium
2577 2001 2756 2042 rerum
2786 1990 3140 2056 ablutionem,
3171 2010 3275 2047 non
3307 2009 3466 2049 secus

217 2073 561 2145 προσθοῦντα
600 2075 666 2144 τῇ
705 2072 922 2144 καθαρᾷ
960 2070 1054 2124 τοῦ
1085 2071 1314 2142 κρυφίου
1348 2070 1445 2142 Θέᾳ
1473 2069 1799 2142 κωλύματα,

215 2169 317 2223 καὶ
354 2167 486 2221 αὐτὸ
525 2164 608 2237 ἐφ’
638 2164 829 2219 ἑαυτοῦ
880 2167 945 2236 τῇ
998 2163 1283 2235 ἀφαιρέσει
1324 2165 1458 2236 μόνῃ
1487 2166 1548 2216 τὸ
1595 2165 1793 2218 ἀποκε-

214 2261 533 2333 κρυμμένον
560 2258 943 2329 ἀναφαίνοντες
974 2255 1183 2320 κάλλος.
1209 2257 1330 2326 Χρὴ
1350 2245 1482 2322 δὲ⁹³,
1512 2257 1588 2319 ὡς
1618 2252 1793 2327 οἶμαι,

212 2354 318 2417 τὰς
344 2353 662 2424 ἀφαιρέσεις
687 2352 942 2413 ἐναντίως
960 2349 1006 2382 ’⁸
1026 2352 1144 2414 ταῖς
1178 2349 1386 2402 Θέσεσιν
1417 2349 1677 2419 ὑμνῆσαι·
1703 2349 1796 2403 καὶ

213 2445 328 2517 γὰρ
361 2445 574 2516 ἐκείνας
607 2446 722 2515 μὲν,
751 2443 858 2496 ἀπὸ
885 2441 990 2495 τῶν
1021 2440 1338 2514 πρωτίστων
1365 2441 1677 2512 ἀρχόμενοι,
1699 2441 1793 2495 καὶ

211 2537 306 2592 διὰ
327 2537 507 2608 μέσων
528 2539 617 2589 ἐπὶ
641 2537 708 2590 τά
726 2535 927 2618 ἔσχατα
957 2534 1252 2596 κατιόντες,
1277 2532 1412 2586 ὲτίθε
1423 2550 1537 2602 μεν·
1559 2532 1790 2588 ἐνταῦθα

209 2628 297 2691 δὲ,
324 2628 432 2682 ἀπὸ
469 2628 576 2683 τῶν
617 2628 860 2698 ἐσχάτων
881 2627 972 2679 ἐπὶ
1000 2626 1066 2679 τά
1095 2625 1440 2697 ἀρχικώτατα
1467 2625 1566 2690 τὰς
1594 2628 1793 2680 ἐπανα-

212 2721 405 2785 σάσεις
438 2721 768 2792 ποιούμενοι,
804 2719 872 2773 τά
906 2720 1082 2773 πάντα
1129 2718 1486 2790 ἀφαιροῦμεν,
1523 2720 1610 2772 ἵνα
1651 2720 1788 2773 ἀπε-

214 2813 569 2884 ρικαλύπτως
599 2813 814 2884 γνῶμεν
844 2812 1056 2883 ἐκείνην
1090 2811 1187 2883 τὴν
1217 2811 1509 2879 ἀγνωσίαν,
1539 2812 1638 2882 τὴν
1684 2812 1788 2866 ὑπὸ

211 2906 436 2961 πάντων
488 2906 597 2959 τῶν
652 2906 905 2975 γνωστῶν
950 2905 1007 2957 ὲν
1033 2904 1167 2957 πᾶσι
1196 2907 1309 2967 τοῖς
1347 2901 1468 2962 οὖσι
1497 2921 1791 2975 περικεκα-

211 2997 574 3070 λυμμένην⁹³,
603 2999 696 3051 καὶ
725 2997 817 3049 τὸν
848 2996 1168 3068 ὑπερούσιον
1201 2997 1404 3049 ἐκεῖνον
1432 2997 1628 3068 ἴδωμεν
1667 2997 1790 3066 γνό-

209 3106 336 3160 φον,
359 3087 452 3144 τὸν
482 3091 590 3144 ὑπὸ
612 3090 813 3154 παντὸς
851 3087 945 3146 τοῦ
975 3091 1032 3143 ὲν
1062 3076 1174 3154 τοῖς
1203 3085 1320 3143 οὖσι
1351 3089 1528 3160 φωτὸς
1555 3091 1790 3162 ἀποκρυ-

211 3182 500 3253 πτόμινον.

1897 2089 1958 2128 ac
1981 2074 2072 2144 qui
2093 2085 2325 2131 statuam
2358 2079 2592 2135 nativam
2621 2082 2903 2151 dedolant,
2939 2085 3248 2141 auferentes
3280 2090 3463 2142 omnio

1896 2181 2014 2234 qua:
2065 2169 2444 2240 circumposita
2480 2173 2680 2229 claram
2735 2173 2925 2233 forma:
2955 2178 3172 2234 latentis
3204 2177 3461 2235 visionem

1899 2260 2287 2330 impediebant,
2320 2264 2592 2320 ablatione
2625 2266 2736 2320 sola
2770 2271 3065 2339 genuinam
3117 2273 3236 2341 ejus
3283 2275 3468 2328 occul-

1901 2360 2007 2404 tam
2059 2353 2516 2420 pulchritudinem
2565 2360 2935 2415 manifestam.
2984 2361 3212 2432 Oportet
3259 2373 3462 2428 autem,

1900 2454 1960 2498 ut
2005 2447 2276 2512 existimo,
2308 2448 2608 2505 ablationes
2652 2454 2927 2508 contrario
2967 2456 3147 2520 modo,
3185 2471 3346 2525 quam
3373 2473 3468 2525 po-

1899 2537 2127 2594 nitiones
2158 2540 2473 2609 celebrare;
2527 2543 2794 2612 siquidem
2846 2545 2966 2600 illas
3018 2563 3048 2602 a
3107 2549 3297 2615 primis
3331 2549 3468 2604 inci-

1897 2629 2128 2699 pientes,
2163 2623 2225 2686 et
2275 2647 2370 2703 per
2424 2635 2601 2689 media
2655 2647 2711 2692 et
2762 2649 3010 2693 extrema
3068 2640 3467 2696 descendentes

1899 2723 2262 2791 ponebamus;
2294 2725 2378 2780 hic
2423 2743 2552 2783 vero
2590 2729 2659 2782 ab
2683 2731 2944 2785 extremis
2967 2733 3037 2784 ad
3063 2732 3235 2806 prima
3271 2747 3465 2790 ascen-

1896 2815 2104 2879 dentes,
2135 2818 2319 2873 omnia
2384 2835 2748 2888 rentovcmus,
2782 2833 2838 2880 ut
2880 2827 3121 2880 revelate
3168 2840 3468 2895 cognoscit.

1899 2921 2016 2960 mus
2072 2906 2216 2961 illam
2263 2909 2865 2981 incognoscibilitatem,
2899 2929 3021 2985 quae
3074 2916 3142 2971 ab
3185 2915 3463 2984 omnibus,

1895 3010 2127 3066 quorum
2178 3002 2417 3069 cognitio
2452 3014 2560 3066 est,
2595 3005 2646 3059 in
2684 3007 3125 3072 rebusomnibus
3153 3007 3464 3079 obtegitur:

1895 3099 1949 3146 et
1971 3093 2438 3162 supranatnralem
2505 3095 2649 3150 illam
2675 3098 2962 3170 caliginem
2994 3102 3320 3163 intueamur,
3346 3117 3467 3172 qua:

1897 3183 1964 3238 ab
1993 3185 2166 3252 omni,
2203 3187 2345 3257 quod
2381 3188 2432 3243 in
2471 3189 2633 3246 rebus
2655 3202 2758 3259 est,
2787 3193 2993 3252 lumine
3033 3195 3320 3256 occulitur.

1283 3494 1447 3567 558
1478 3494 2006 3553 ADNOTATIONES
2051 3495 2395 3551 CORDERII.

285 3636 403 3692 Nos
431 3635 485 3693 in
509 3637 608 3692 hac
631 3651 953 3706 supraqnam
1002 3635 1204 3689 lucente
1234 3635 1482 3704 caligine.
1511 3633 1784 3704 Nusquam
1815 3634 2007 3702 magis,
2035 3635 2111 3687 ait
2138 3643 2360 3688 sanctus
2394 3632 2682 3695 Maximus.
2713 3632 2954 3688 declarat
2989 3634 3294 3705 Dionysius,
3371 3638 3460 3691 uid

327 3723 423 3762 Der
455 3707 814 3762 nescientiam
846 3721 1179 3762 cognoscere
1203 3705 1390 3762 Deum.
1429 3720 1589 3762 (tuam
1617 3706 1717 3759 hoc
1744 3717 1864 3762 can.
1900 3706 1934 3757 2
1976 3704 2212 3762 Hostiae
2245 3704 2538 3762 theoloqiw.
2591 3712 2645 3757 et
2679 3706 2730 3759 in
2766 3705 3000 3762 Eoistola
3033 3710 3218 3762 ouiuta
3250 3710 3315 3762 ad
3330 3651 3456 3762 fibo-

208 3707 285 3764 sit
327 3723 423 3777 per
455 3704 816 3777 nescientiam
846 3721 1179 3776 cognoscere
1203 3705 1390 3770 Deum,
1429 3720 1589 3774 quain
1617 3706 1717 3777 hoc
1744 3717 1864 3777 cap.
1900 3706 1934 3757 2
1976 3704 2212 3777 .llysticte
2245 3704 2538 3777 theologus.
2589 3712 2645 3777 et
2679 3706 2730 3759 in
2766 3705 3000 3773 Epistola
3033 3704 3218 3775 quinta
3250 3710 3315 3762 ad
3337 3704 3456 3766 "Do-

209 3774 490 3848 rotlieum,
519 3775 605 3832 ubi
639 3780 757 3832 vide
792 3774 1412 3848 quid‘adttotaverimus,
1447 3783 1504 3828 t'tt
1535 3777 1584 3828 in
1612 3774 1912 3848 Epistolant
1944 3779 2008 3827 ad
2041 3775 2255 3848 Caium,
2283 3790 2404 3848 qua:
2449 3775 2696 3842 ejusdem
2716 3784 2798 3848 est
2831 3774 3156 3848 argumenti.

282 3847 384 3902 llic
423 3858 631 3901 tantum
659 3845 826 3911 nota;
854 3850 955 3902 hoc
987 3861 1107 3910 esse
1141 3845 1241 3900 sub
1271 3846 1507 3898 divinam
1542 3846 1828 3912 caliginem
1873 3846 2107 3917 ingredi,
2129 3862 2233 3898 non
2272 3847 2502 3899 videndo
2532 3853 2584 3897 et
2611 3845 2904 3917 nesciendo
2939 3848 3122 3901 videre
3161 3857 3214 3899 et
3257 3864 3462 3917 cogito-

210 3933 394 3983 scere,
429 3919 571 3987 quod
605 3929 685 3973 est
717 3935 878 3987 supra
913 3918 1177 3972 visionem
1209 3925 1262 3970 et
1296 3917 1696 3987 cognitionem;
1731 3917 1938 3978 videre,
1976 3916 2218 3984 inquam,
2256 3927 2308 3970 et
2335 3929 2672 3987 cognoscere
2711 3916 2812 3969 ho‘c
2849 3917 2962 3982 ipso
2994 3925 3266 3985 quodnon
3305 3916 3456 3975 vide-

209 4004 338 4072 iuus
371 3985 545 4068 tteque
575 3985 974 4074 cognoscimus.
1014 3987 1105 4041 Sic
1145 3987 1198 4039 in
1236 3985 1472 4074 Epistula
1509 3987 1574 4066 ad
1619 3985 1968 4067 Dorotheum,
2006 3987 2152 4038 illam
2191 3985 2559 4066 caligittettt_itt
2605 3990 2768 4053 quam
2806 3988 3082 4074 iit-gressus
3115 3997 3198 4043 est
3238 3988 3462 4074 Moyses

207 4061 268 4112 itt
306 4057 489 4112 monte
517 4059 566 4110 in
615 4057 800 4112 Exodo
821 4070 867 4122 Ρ,
901 4061 1290 4124 interpretatur
1334 4057 1619 4126 Dionysius
1661 4057 1912 4125 mystice.
1947 4072 2066 4110 esse
2096 4058 2448 4110 nescientiatu
2482 4057 2643 4109 istaut
2679 4071 2782 4124 qua
2810 4057 2943 4110 dicit
2980 4059 3142 4112 Deum
3178 4057 3455 4127 cognosci,

206 4129 284 4183 ita
349 4139 406 4182 ttt
462 4129 512 4180 in
569 4131 654 4181 illa
710 4131 939 4198 caligine
990 4131 1081 4193 sit,
1109 4129 1201 4196 qui
1253 4130 1486 4181 habetur
1521 4128 1738 4195 dignus,
1780 4135 1835 4179 ut
1871 4141 1996 4180 vere
2030 4127 2296 4198 videatet
2329 4136 2627 4198 cognoscat
2667 4128 2828 4179 Deum
2860 4129 2960 4182 huc
2996 4129 3112 4195 ipso
3143 4131 3308 4198 quod,
3346 4148 3454 4185 non

206 4200 360 4270 videt
393 4213 566 4267 neque
593 4196 889 4267 cognoscit,
922 4202 1021 4253 hoc
1047 4200 1220 4270 ipsum
1243 4212 1573 4270 cognoscens
1611 4199 1756 4264 quod
1791 4205 1875 4270 est
1909 4213 2069 4270 supra
2092 4197 2280 4270 omnia
2299 4196 2645 4270 intellectilia
2679 4208 2731 4270 et
2762 4198 3004 4270 sensilia.
3039 4196 3226 4253 Divina
3267 4203 3460 4270 itaque

205 4269 408 4336 caligo,
441 4266 515 4321 ait
559 4266 864 4339 Dionysius,
898 4281 980 4323 est
1024 4270 1150 4321 iilttd
1183 4266 1360 4321 l-mneu
1401 4269 1761 4329 inaccessum,
1794 4267 1846 4319 iu
1881 4283 1987 4334 quo
2019 4267 2265 4322 habitare
2296 4266 2436 4320 Deus
2465 4268 2678 4326 dicitur.
2712 4269 2979 4339 invisibile
3029 4271 3267 4336 quidem,
3325 4266 3454 4339 pro-

205 4351 332 4409 pter
362 4337 773 4407 exsuperantettt
810 4342 1138 4400 claritatem;
1187 4340 1544 4399 inaccessum,
1585 4350 1804 4404 prepter
1859 4339 2080 4391 nimiam
2126 4347 2179 4390 et
2237 4352 2397 4404 supra
2447 4346 2693 4409 naturam
2751 4337 3223 4409 illumiuationem.
3260 4337 3454 4396 lnihac

205 4408 744 4480 ealigine‘mystiea,
784 4412 832 4462 id
889 4421 972 4463 est
1019 4412 1069 4462 in
1120 4413 1218 4463 hac
1285 4409 1698 4480 illtttniuatioue,
1761 4409 2173 4475 interpretatur,
2230 4419 2288 4461 ut
2348 4408 2506 4480 paulo
2564 4418 2690 4480 ante
2724 4408 2865 4480 dixi,
2895 4422 3012 4463 esse
3053 4410 3300 4480 eumqui
3343 4428 3450 4466 non

204 4477 530 4533 videndo'et
550 4477 876 4545 nesciendo,
908 4483 1054 4534 videt
1092 4496 1216 4534 vere
1246 4492 1300 4534 et
1326 4479 1607 4548 cognoscit
1651 4479 1840 4532 Deum.
1866 4480 1945 4532 Ad
1977 4479 2388 4549 intelligenduttt
2423 4479 2472 4530 id
2507 4477 2649 4547 quod
2682 4479 2885 4549 dictum
2923 4491 3021 4534 est.
3045 4477 3315 4549 quomodo
3342 4486 3459 4536 sci-

203 4550 338 4605 licet
368 4551 542 4619 caligo
573 4553 643 4603 sit
678 4551 1018 4614 illuminatio,
1043 4561 1096 4604 et
1139 4551 1435 4605 ncscieutia
1477 4549 1932 4616 coguitio,sume,
1959 4550 2131 4618 inquit
2169 4551 2226 4602 S.
2246 4548 2534 4611 Maximus,
2567 4548 2870 4616 exemplum
2902 4550 2972 4603 ab
3001 4548 3154 4605 oculo
3181 4555 3446 4619 corporis.

203 4621 366 4686 Quod
397 4634 540 4674 enim
575 4620 738 4674 ellicit
770 4622 1014 4674 absentia
1046 4622 1284 4687 luminis,
1314 4620 1522 4674 scilicet
1565 4622 1901 4672 vacationem
1942 4635 2136 4674 sensus
2172 4620 2475 4682 oculorum,
2521 4621 2623 4672 hoe
2647 4619 2810 4672 eliicit
2845 4620 3124 4678 intendere
3148 4627 3252 4676 lixe
3280 4624 3448 4676 aciem

199 4691 491 4746 Oculorum
517 4693 780 4746 adversus
808 4693 938 4746 solis
974 4694 1152 4745 radios
1211 4691 1469 4753 meridie;
1501 4691 1766 4758 Siquidem
1806 4700 1859 4741 ut
1894 4690 1946 4742 in
1977 4691 2237 4753 tenebris,
2273 4692 2351 4743 sic
2376 4691 2540 4742 etiam
2576 4689 2628 4741 in
2667 4690 2827 4742 nimia
2866 4691 2982 4742 luce
3013 4694 3152 4745 oculi
3189 4691 3449 4759 caligant,

202 4771 265 4814 ut
313 4759 474 4813 Petro
506 4771 560 4816 et
588 4762 706 4815 aliis
742 4763 1000 4829 apostolis
1035 4777 1085 4817 tn
1127 4772 1309 4816 monte
1349 4762 1566 4814 Thabor
1601 4773 1697 4813 usu
1737 4761 1884 4814 venit
1921 4761 1971 4812 in
2009 4760 2211 4814 celebri
2251 4761 2333 4812 illa
2371 4761 2573 4813 Christi
2619 4760 3108 4828 trausliguratione,
3145 4763 3230 4815 tibi
3268 4763 3450 4818 lumen

199 4829 358 4890 illttd,
393 4833 612 4900 quando
662 4835 919 4899 apparuit
957 4835 1007 4886 in
1043 4834 1178 4886 facie
1208 4834 1429 4895 Christi,
1461 4843 1513 4884 et
1561 4833 1780 4884 humani
1824 4846 2015 4884 sensus
2057 4830 2372 4884 facultatem
2412 4830 2576 4893 vicit,
2615 4831 2880 4898 ﬁgurabat
2919 4834 3177 4899 apostolis
3229 4835 3446 4887 modum

199 4905 452 4968 mysticae
511 4903 792 4971 lliGOiOgliB
849 4906 1142 4956 secundum
1206 4904 1572 4970 negationem,
1620 4913 1676 4953 ut
1720 4917 1841 4954 cum
1904 4901 2070 4954 Deum
2141 4903 2371 4954 dicimus
2429 4900 2722 4962 inlinitum,
2769 4902 3306 4969 incomprehensum.v
3356 4924 3441 4955 aut

196 4972 618 5043 suprahonunt.
680 4983 775 5027 aut
866 4976 1332 5042 suprasapicutem
1387 4972 1746 5043 ὑπεροχικῶς,
1793 4972 1844 5024 id
1895 4983 1976 5025 est
2011 4972 2292 5043 superlate,
2329 4986 2448 5040 qua:
2503 4973 2784 5040 negatione
2823 4975 3204 5039 declarantur;
3256 4991 3306 5030 ιιι
3339 4989 3448 5042 quo

196 5041 424 5111 quidem
463 5043 742 5111 theologia:
789 5047 946 5096 ntodo
982 5041 1245 5097 Divittitas
1295 5055 1378 5096 est
1431 5041 1724 5098 Secundum
1758 5044 2116 5094 substantiam
2159 5041 2469 5104 iuell‘abtlis,
2497 5053 2550 5094 et
2592 5045 2875 5110 plusquam
2914 5045 3207 5111 incognita,
3240 5041 3450 5098 uultum

195 5114 442 5180 penitus,
472 5126 537 5165 ne
595 5116 797 5165 nudum
869 5115 1081 5182 quidem
1124 5117 1408 5182 vestigium
1474 5124 1594 5183 post
1635 5132 1694 5167 se
1733 5113 2059 5180 relinquens,
2095 5128 2196 5166 nec
2235 5114 2341 5165 ullo
2392 5114 2552 5165 modo
2591 5115 2865 5166 notionem
2911 5115 3016 5177 sui,
3053 5116 3178 5182 quid
3224 5124 3313 5177 sat,
3354 5116 3442 5165 ulla

195 5192 544 5254 permittens.
581 5185 719 5248 Quia
752 5199 897 5252 quon
935 5187 1234 5239 increatttttt
1281 5194 1382 5251 est,
1425 5201 1454 5238 a
1499 5197 1748 5238 creatura
1792 5185 2178 5251 cotnprehendi
2224 5200 2327 5236 non
2370 5193 2579 5252 potest;
2611 5200 2707 5236 uec
2738 5199 2767 5236 a
2800 5184 2964 5238 liuitis
2991 5185 3264 5252 pernosci,
3302 5188 3444 5254 quod

194 5263 285 5306 cut
315 5251 602 5311 itumitum.
637 5254 710 5306 Ex
748 5251 1050 5324 huiusmodi
1104 5257 1362 5326 symbolis
1393 5272 1511 5326 quae
1565 5265 1691 5310 sunt
1739 5271 1898 5324 supra
1942 5269 2162 5309 sensum
2212 5251 2408 5320 (inquit
2455 5257 2512 5307 5.
2556 5255 2820 5308 Maximus
2857 5256 2908 5308 itt
2961 5251 3337 5317 speculatione
3367 5258 3442 5308 ri

275 5423 302 5462 ιδ
336 5413 508 5466 Exod.
547 5429 699 5468 xxiv.

1501 5553 1732 5607 VARIA‘I
1772 5551 2172 5612 LELTIONES.

261 5699 309 5729 "
340 5696 484 5767 αὐτῴ
516 5696 612 5763 τῷ,
650 5698 707 5753 D.
743 5696 897 5751 τοῦτο
929 5698 1006 5759 τό,
1043 5697 1098 5751 S.
1183 5699 1226 5730 9’
1261 5698 1364 5770 χρὴ
1396 5699 1502 5769 γάρ
1526 5738 1539 5756 .
1573 5698 1676 5754 Ch.
1759 5699 1802 5732 ”
1833 5696 2115 5762 ἐναντίας,
2149 5697 2189 5750 ι)
2281 5698 2326 5730 ⁸⁸
2362 5694 2798 5770 κεκαλνιιμὲιην,
2835 5695 2888 5754 3.

1183 5699 1226 5730 9³
1261 5698 1364 5774 19h
1396 5699 1502 5769 Ἰάρ
1526 5738 1539 5756 ο
1573 5698 1676 5754 Ch-
