4176 6318
250 394 393 448 109.9

792 390 877 447 DE
914 386 1211 443 MYSTICA
1246 385 1656 453 THEOLOGIA,
1693 387 1845 445 CAP.
1884 387 1944 444 ll.

2082 384 2422 441 PARAPH‘R.
2477 379 2945 439 PACHYMERJE.
3337 381 3479 441 (050

245 526 367 580 παρ
417 507 577 561 αὑτοῦ
623 505 1005 577 ὲλλάμπεσθαι.
1042 496 1263 575 Ἦέγάρ
1312 506 1429 575 οὐχὶ
1463 506 1553 558 καὶ
1586 503 1808 557 ἐνταῦθα

1916 502 2175 573 optimam
2202 502 2281 555 sui
2314 508 2519 569 partem
2543 497 2714 560 unita,
2764 504 2962 551 statum
3003 493 3400 564 quodammodo
3426 506 3483 551 et

246 602 348 655 επ).
377 599 474 669 τῆς
517 598 790 668 ἡμετέρας
834 598 1074 668 ὁράσεως
1117 598 1371 669 ἀμυδρῶς
1424 614 1538 659 πως
1585 598 1815 648 τελεῖται

240 691 441 753 τοῦτο,
492 691 579 741 ὅτε
624 690 729 741 τινὶ
774 688 1297 760 προκατειλημμένοι
1344 690 1509 757 πόθῳ,
1565 688 1657 741 καί
1692 688 1816 741 ίδεῖν

244 782 379 835 αὐτὸ
412 781 702 850 ἐφιέμενοι,
748 780 944 850 αἴφνης
990 782 1303 844 ἐπιστάντος
1333 780 1425 832 τοῦ
1462 780 1812 849 ποθουμένου,

242 874 281 942 ἠ
316 872 557 942 ἡμετέρα
590 871 683 922 επὶ
713 870 884 939 τούτῳ
918 872 1202 938 συνάγεται
1234 871 1443 940 ὅρασις,
1479 871 1539 922 οὐ
1576 869 1813 941 μερικῶς

245 962 564 1033 ὲνεργοῦσοι,
617 960 728 1013 ἀλλ’
777 961 990 1024 ὑλικῶς,
1039 961 1133 1015 καὶ
1193 962 1330 1013 κατὰ
1374 960 1528 1013 τοῦτο
1573 962 1813 1031 ἀκινητί-

242 1052 416 1116 ζουσα
441 1069 453 1116 ;
489 1052 742 1114 πολλάκις
773 1052 828 1103 δὲ
860 1052 952 1104 καί
983 1068 1125 1114 τινες
1156 1054 1219 1121 τῇ
1259 1051 1361 1123 ἰδίᾳ
1393 1052 1532 1121 χειρὶ
1563 1050 1815 1120 καταψῶ-

244 1158 300 1193 σι
337 1146 459 1207 τοὺς
491 1143 818 1212 ὀφθαλμοὺς,
852 1142 911 1194 τὸ
942 1141 1191 1212 ὁρατικὸν
1222 1142 1414 1193 ὡσανεὶ
1445 1142 1809 1211 διεγείροντες.

246 1235 324 1286 *Η
361 1234 518 1285 πόθεν
551 1234 603 1285 αἱ
638 1233 918 1293 ἐκστάσεις
965 1232 1057 1283 καὶ
1104 1228 1410 1299 ὲκπλήξεις,
1446 1232 1491 1280 εἰ
1529 1230 1600 1299 μὴ
1633 1229 1660 1279 ὑ
1692 1228 1814 1291 νοῦς

242 1326 583 1394 συμπάσχων
626 1326 737 1386 τοῖς
784 1322 978 1388 ἔξωθεν
1010 1325 1087 1385 εις
1120 1322 1307 1374 ἑαυτὸν
1350 1320 1541 1383 ὑλικῶς
1593 1319 1814 1388 συστρέ-

237 1430 421 1480 φεται,
456 1414 551 1465 καὶ
581 1413 680 1475 τὰς
718 1411 944 1483 μερικάς
976 1413 1188 1481 νοήσεις
1237 1410 1587 1479 ἀποθέμενος,
1621 1408 1812 1470 ὑλικῶς

234 1506 543 1576 ἀκινητίζει
592 1504 727 1576 πρὸς
770 1504 847 1574 τῷ
899 1504 1180 1575 πράγματι
1225 1504 1342 1563 ὅλος
1376 1501 1685 1571 γινὺμενος;
1721 1500 1813 1552 καὶ

221 1595 332 1646 διὰ
361 1594 514 1646 τοῦτο
547 1592 849 1663 ἐξεστηκὼς
880 1594 907 1645 6
940 1592 1219 1663 ἄνθρωπος
1266 1592 1535 1660 φαίνεται.
1584 1592 1673 1641 Δεῖ
1705 1588 1813 1660 γὰρ

228 1686 459 1747 ειδέναι,
506 1688 586 1739 ὅτι
638 1685 858 1757 μίμημα
901 1684 993 1736 τοῦ
1043 1685 1240 1747 παντὸς
1288 1686 1315 1737 6
1349 1683 1469 1746 νοῦς
1516 1682 1690 1754 φέρει.
1740 1682 1813 1732 Τὸ

229 1778 374 1845 γοῦν
408 1780 512 1832 πᾶν
545 1778 684 1830 κατά
716 1777 783 1829 τά
822 1776 958 1846 μέρη
994 1774 1307 1845 κινούμενόν
1343 1778 1488 1827 ἐστιν
1521 1777 1579 1826 ὲν
1611 1774 1686 1844 τῷ
1718 1774 1813 1827 νῦν

1920 593 2349 647 immobilitatetn
2380 592 2656 655 obtinens.
2683 590 2810 642 dum
2864 589 2935 643 ab
2991 586 3108 657 ipso
3153 585 3476 640 illustratur.

1920 682 2165 751 Nunquid
2191 684 2332 737 enim
2356 682 2516 735 etiam
2550 682 2634 733 hic
2665 683 2717 733 in
2748 690 2932 735 nostra
2976 678 3183 732 visione
3231 677 3332 732 hoc
3380 680 3472 730 ob-

1916 789 2071 829 scure
2106 774 2503 842 quodannnodo
2527 772 2692 842 560
2722 772 2799 837 lit,
2837 770 3076 841 quando,
3107 769 3287 836 aliquo
3331 768 3475 822 desi-

1917 866 2068 919 derio
2110 864 2489 933 praeoccupati,
2531 875 2585 916 et
2626 865 2677 919 id
2733 864 2905 931 ipsum
2954 863 3132 915 videre
3168 860 3477 931 gestientes,

1918 972 1977 1010 re
2004 942 2311 1010 desiderata
2352 956 2464 1023 jam
2501 966 2786 1025 praesente.
2831 954 2976 1007 illico
3024 965 3207 1007 nostra
3250 952 3383 1005 visio
3422 953 3474 1003 in

1915 1048 2029 1117 ipsa
2061 1048 2350 1117 colligitur,
2386 1063 2487 1099 non
2521 1047 2823 1115 partialiter
2853 1046 2945 1099 sed
2978 1045 3215 1099 totaliter
3246 1048 3473 1103 intenta.

1915 1151 2075 1209 atque
2108 1142 2242 1193 adeo
2272 1142 2490 1193 immota
2516 1138 2695 1205 ?Quin
2728 1140 2888 1192 etiam
2938 1150 3307 1205 saepenumero
3336 1149 3474 1186 non-

1916 1230 2044 1282 nulli
2090 1244 2249 1282 manu
2276 1245 2372 1282 sua
2412 1230 2597 1283 oculos
2621 1232 2931 1290 obstruunt,
2964 1226 3174 1280 videndi
3210 1226 3312 1277 vim
3342 1238 3475 1292 quo-

1914 1322 2199 1375 dummodo
2231 1323 2551 1378 excitantes.
2601 1319 2756 1374 Unde
2805 1321 2967 1373 etiam
3018 1326 3258 1373 exstases
3284 1325 3336 1370 et
3362 1326 3476 1369 stu-

1916 1428 2093 1482 pores,
2131 1414 2232 1466 nisi
2260 1414 2400 1482 quod
2433 1429 2583 1467 mens
2622 1413 2959 1465 extrinseCns
2988 1411 3267 1469 deﬁciens.
3307 1410 3356 1461 in
3381 1424 3468 1462 se-

1914 1506 2192 1573 ntetipszun
2216 1515 2321 1558 tota
2348 1505 2701 1567 convertitur,
2718 1513 2770 1557 et
2796 1503 3050 1570 partiales
3079 1500 3472 1554 inthIi-ctionca

1914 1596 2188 1651 deserens.
2250 1593 2485 1647 tomliter
2525 1595 2780 1663 quiescit.
2816 1595 2867 1646 in
2918 1610 3027 1647 rt'm
3076 1606 3309 1645 amatam
3361 1596 3470 1644 tota

1916 1685 2210 1739 translata?
2239 1688 2377 1737 unde
2426 1684 2586 1738 etiam
2633 1685 2791 1739 homo
2821 1685 3030 1738 videtur
3063 1694 3204 1737 totus
3233 1696 3381 1736 extra
3413 1698 3472 1736 se

1914 1777 2140 1844 positus.
2196 1778 2485 1829 Sciendum
2521 1778 2686 1839 enim,
2736 1787 2972 1843 mentem
3020 1775 3258 1829 universi
3310 1774 3472 1841 hujus

230 1869 514 1937 γενέσθαι,
566 1868 725 1938 τυχὸν
773 1866 929 1919 τοῦτο
972 1868 1031 1917 τὸ
1084 1866 1245 1936 μέρος
1278 1868 1333 1918 ἐν
1365 1870 1429 1936 τῇ
1476 1866 1641 1929 δύσει,
1676 1868 1808 1939 ὅπερ

1912 1866 2310 1919 similitudinem
2338 1881 2445 1935 pra:
2472 1882 2528 1920 se
2561 1867 2720 1919 l'erre.
2752 1866 3027 1935 Siquidem
3060 1865 3366 1917 universum
3392 1878 3474 1916 se-

232 1959 350 2031 πρὺ
379 1957 471 2010 τοῦ
506 1957 644 2010 κατά
675 1958 773 2027 τὴν
805 1957 1062 2028 ἀνατολὴν
1106 1952 1195 2027 ἦν,
1244 1958 1336 2009 καὶ
1386 1956 1510 2009 ἀλλο
1543 1957 1767 2028 ἀλλαχοῦ
1792 1975 1805 1989 ·

228 2051 338 2103 καὶ
368 2049 539 2112 οὕτως
573 2049 664 2101 ἐπὶ
698 2050 828 2101 πᾶσι
861 2052 976 2112 τοῖς
1013 2049 1220 2119 μέρεσι,
1257 2049 1376 2101 καθ’
1410 2050 1474 2117 ἣν
1507 2050 1567 2120 δὴ
1601 2052 1691 2102 καὶ
1724 2069 1808 2103 κι-

235 2143 447 2195 νεῖσθαι
482 2145 511 2194 ὑ
542 2141 771 2211 οὐρανὸς
818 2139 1052 2207 λέγεται,
1102 2142 1240 2193 κατά
1273 2141 1327 2193 δὲ
1360 2142 1418 2193 τὸ
1450 2141 1567 2194 ὅλον
1618 2142 1809 2212 ἀκίνη-

230 2251 333 2297 τος
369 2234 515 2304 μένει
549 2234 606 2284 ὲν
638 2232 833 2302 ἐαυτῷ,
889 2233 961 2294 ὡς
1008 2231 1064 2284 ὲν
1102 2231 1213 2301 ἰδίῳ
1246 2233 1392 2301 τόπῳ
1428 2233 1805 2303 στρεφόμενος.

231 2324 340 2377 Διά
372 2324 528 2377 τοῦτο
559 2326 652 2377 καὶ
682 2324 771 2377 τὸν
805 2321 925 2376 νοῦν
959 2324 1234 2394 ἐλέγομεν,
1282 2324 1378 2387 τὰς
1429 2325 1654 2395 μερικάς
1688 2328 1810 2397 νοή-

234 2433 356 2479 σεις
389 2416 794 2485 ἀποτιθέμενον,
839 2415 1031 2478 ὑλικῶς
1080 2414 1424 2486 ἀκινητίζειν.
1463 2418 1523 2468 Et
1557 2417 1684 2483 γοῦν
1718 2418 1809 2469 ὲπὶ

231 2510 350 2570 τοίς
401 2508 527 2578 παρ’
560 2510 691 2579 ἡμῖν
736 2507 925 2569 οὕτως,
960 2506 1011 2559 τί
1044 2507 1107 2558 ἀν
1150 2524 1231 2570 τις
1282 2508 1411 2577 φαίη
1458 2510 1544 2560 ἐπ’
1596 2509 1808 2578 ἐκείνης

228 2598 340 2666 τῆς
386 2598 532 2661 θείας
579 2596 857 2665 καλλονῆς,
905 2598 997 2650 καὶ
1048 2598 1184 2667 ὑπὲρ
1230 2598 1256 2649 ὃ
1288 2597 1428 2649 εἴποι
1474 2616 1555 2661 τις
1600 2597 1662 2651 ἂν
1715 2599 1808 2650 καὶ

228 2692 458 2760 νοήσοι;
507 2691 796 2759 Ἀνάγνωθι
830 2693 907 2753 είς
938 2689 1093 2743 τοῦτο
1126 2692 1217 2743 καὶ
1249 2691 1345 2762 τὴν
1368 2691 1501 2761 πρὸς
1534 2691 1807 2762 Δωρόθεον

227 2780 530 2850 ἐπιστολὴν
558 2780 651 2833 τοῦ
684 2781 861 2848 ἀγίου,
900 2782 971 2841 ὡς
1003 2780 1066 2832 ἂν
1105 2781 1282 2844 ποσῶς
1318 2782 1675 2853 σαφηνισθείη
1705 2798 1803 2846 σοι,

232 2870 323 2934 τίς
358 2873 447 2924 καὶ
477 2871 635 2924 ὁποία
666 2872 866 2941 ἐστινὴ
900 2874 957 2923 ἑν
980 2873 1219 2943 ἀγνωσία
1250 2872 1467 2941 γνῶσις.
1506 2874 1671 2927 Τοῦτο
1700 2876 1807 2947 γάρ

228 2962 359 3013 ἐστι
390 2962 450 3013 τὸ
484 2962 661 3025 ὅντως.
688 2963 834 3025 ίδεῖν,
868 2963 927 3014 τὸ
964 2962 1035 3032 μὴ
1078 2963 1202 3016 ἰδεῖν
1226 2981 1238 2993 ·
1276 2967 1366 3017 καὶ
1406 2966 1465 3017 τὸ
1497 2966 1713 3033 γνῶναι,
1747 2968 1808 3020 τὸ

238 3054 316 3125 μὴ
350 3054 573 3122 γνῶναι,
610 3055 701 3107 καὶ
732 3054 873 3107 οὕτω
906 3056 994 3108 τὸν
1024 3057 1342 3127 ὑπερούσιον
1362 3058 1707 3128 καταλλήλως
1738 3062 1803 3131 τῇ

235 3143 403 3196 αὑτοῦ
465 3145 874 3215 ὑπερουσιὺτητι
924 3146 1182 3216 ὑμνῆσαι.
1237 3146 1393 3211 Πῶς;
1442 3150 1506 3199 ὲκ
1552 3149 1652 3217 τῆς
1698 3149 1805 3201 τῶν

1911 1962 2146 2011 cundum
2181 1967 2359 2025 partes
2386 1968 2632 2011 movetur
2666 1959 2717 2012 in
2753 1973 2818 2012 eo
2848 1958 2989 2027 quod
3021 1971 3159 2009 nunc
3197 1955 3274 2016 ﬁt.
3306 1955 3377 2007 ita
3412 1965 3472 2007 ut

1910 2062 1961 2100 v.
1986 2064 2038 2117 ς.
2069 2063 2194 2115 pars
2226 2047 2312 2101 illa
2336 2049 2406 2101 sit
2436 2049 2487 2102 in
2520 2048 2830 2113 Occidente,
2863 2064 2982 2120 qua:
3010 2056 3165 2102 antea
3192 2048 3244 2100 in
3278 2044 3441 2119 Orien

1912 2149 1983 2202 te,
2016 2148 2069 2191 ct
2112 2140 2217 2191 alia
2262 2140 2434 2205 alibi;
2471 2154 2523 2196 et
2569 2142 2647 2195 sic
2675 2143 2741 2194 de
2779 2142 3030 2195 omnibus
3081 2138 3348 2207 partibus,
3379 2151 3469 2191 ae-

1913 2232 2146 2284 cundutn
2176 2247 2309 2299 quas
2336 2233 2521 2302 utique
2552 2234 2755 2285 moveri
2785 2246 2998 2301 quoque
3033 2231 3227 2284 etnlnm
3250 2228 3470 2292 dicitur,

1910 2322 2168 2391 quoniam
2230 2326 2527 2378 secundum
2562 2340 2621 2378 se
2652 2335 2818 2378 totutn
2870 2323 3146 2375 immobile
3194 2328 3373 2373 manet
3415 2317 3469 2369 in

1910 2412 2109 2481 seipso,
2147 2426 2397 2484 tanquam
2439 2416 2487 2469 in
2516 2417 2734 2485 proprio
2763 2416 2880 2469 loco
2895 2430 3237 2467 conversum.
3265 2415 3469 2472 Idcirco

1909 2505 2071 2557 etiam
2122 2506 2429 2559 dicebamus
2476 2517 2729 2571 tuentem,
2775 2508 3093 2575 partialibns
3152 2508 3471 2561 intellectio-

1909 2598 2067 2652 nibus
2088 2600 2360 2667 sepositis,
2397 2600 2634 2653 totaliter
2660 2600 2959 2669 quiescere.
2994 2598 3125 2654 Cum
3164 2601 3265 2656 hoc
3290 2603 3472 2671 itaque

1911 2690 1962 2741 in
1988 2689 2145 2741 rebus
2172 2689 2371 2741 nostris
2406 2690 2487 2742 sic
2509 2705 2566 2743 se
2594 2688 2808 2754 habeat,
2854 2689 2980 2759 quid
3029 2691 3227 2744 dixerit
3252 2692 3374 2759 quis
3405 2694 3470 2747 de

1907 2779 2089 2833 divina
2126 2781 2225 2834 ista
2251 2781 2676 2849 pulchritudine,
2715 2798 2874 2851 quam
2901 2798 2997 2835 nec
3020 2782 3169 2837 elIaii
3199 2798 3293 2837 nec
3325 2801 3469 2838 men-

1910 2881 1960 2925 te
1981 2872 2265 2940 concipere
2318 2874 2603 2941 quisquam
2652 2870 3037 2944 potesnLege
3094 2876 3257 2931 etiam
3309 2890 3471 2946 super

1909 2962 2008 3016 hac
2039 2978 2096 3016 re
2126 2964 2410 3030 epistolam
2475 2962 2630 3029 hujus
2676 2965 2851 3018 sancti
2899 2964 2964 3017 ad
3015 2966 3371 3037 Dorotheum,
3412 2978 3473 3023 ut

1908 3054 2090 3120 aliquo
2149 3056 2307 3107 modo
2352 3054 2442 3107 tibi
2479 3054 2803 3117 declaretur.
2834 3071 2949 3124 qua:
2988 3066 3041 3109 et
3072 3058 3249 3126 qualis
3281 3061 3471 3128 cogni-

1913 3148 1986 3197 tio
2050 3145 2120 3199 sit
2154 3146 2252 3199 ista
2300 3147 2587 3213 ignoratio.
2626 3146 2760 3201 Illud
2804 3148 3079 3202 enimnon
3110 3149 3309 3215 videre,
3340 3165 3468 3204 vera

231 3236 491 3288 ἁπάντων
554 3237 928 3307 ἀφαιρέσεως.
984 3238 1073 3307 Μὴ
1127 3238 1234 3309 γὰρ
1300 3238 1511 3308 ἔχοντες
1576 3240 1799 3304 θετικῶς

1901 3244 1982 3289 est
2015 3236 2229 3299 videre;
2257 3248 2309 3290 et
2336 3238 2473 3290 istud
2507 3238 2774 3306 ignorare,
2810 3252 2933 3290 vere
2985 3246 3069 3292 est
3099 3254 3274 3299 nosse.
3304 3250 3470 3310 atque

237 3328 360 3379 κατ’
393 3326 547 3392 ἀξίαν
578 3330 767 3391 εἰπεῖν,
801 3327 887 3381 διὰ
918 3329 978 3381 τὸ
1014 3328 1177 3398 μηδὲν
1210 3329 1316 3381 τῶν
1350 3330 1607 3383 ἀπάντων
1634 3346 1802 3402 προσ-

239 3417 375 3486 φυὲς
417 3418 561 3488 αὐτῷ
616 3421 813 3471 ἐννοεῖν
870 3412 1143 3491 ὑμνοῦμεν
1199 3420 1258 3487 ἐξ
1311 3422 1647 3493 ἀφαιρέσεως
1698 3423 1805 3476 τῶν

229 3508 514 3571 ἁπάντων,
533 3510 627 3561 καὶ
654 3510 911 3581 ποιοῦμεν
940 3513 1077 3582 ὅπερ
1111 3513 1319 3565 ποιοῦσι
1348 3514 1440 3566 καὶ⁵
1467 3515 1514 3565 οἱ
1542 3514 1805 3581 αὐτοφυὲς

230 3598 461 3669 ἄγαλμα
502 3600 913 3668 διαγλύφοντες⁶
961 3605 1155 3655 ἐκεῖνοι
1200 3604 1330 3674 γὰρ,
1374 3604 1710 3675 ἐξαιροῦντες
1737 3606 1805 3657 τὰ

238 3690 487 3757 περιττὰ,
530 3690 658 3742 αὐτὸ
700 3693 783 3758 ἐφ’
827 3692 1016 3744 ἑαυτοῦ
1060 3694 1117 3745 τὸ
1150 3694 1633 3765 ἀποκεκρυμμένον
1675 3698 1803 3750 ἀνα-

238 3779 487 3857 φαίνουσι
516 3780 725 3842 κάλλος.
747 3782 1017 3849 Δὺτοφυὲς
1046 3783 1153 3854 γάρ
1194 3784 1411 3855 ἀγαλμά
1452 3803 1634 3857 φησιν,
1666 3787 1692 3838 ὑ
1720 3788 1805 3855 γί-

232 3856 386 3918 νεται
416 3870 473 3919 ὲν
501 3866 599 3940 ῦλῃ
626 3870 869 3940 ἀτμὴτῳ,
904 3866 1012 3924 οἷον
1043 3874 1099 3923 ὲν
1145 3873 1319 3943 πέτρᾳ
1350 3873 1648 3945 ὁλοκλήρῳ,
1686 3878 1742 3927 ὲν

236 3972 322 4018 τις
362 3957 580 4026 γλύφείέ
624 3975 674 4011 τι
722 3958 927 4023 ζώδιον,
972 3961 1045 4024 ὡς
1090 3962 1238 4031 δηλοῖ
1270 3964 1362 4016 καὶ
1407 3964 1699 4034 Εὐριπίδης
1744 3967 1806 4017 ὲν

251 4048 575 4122 Ἀνδρομέδᾳ
590 4052 658 4115 ⁸⁸,
704 4052 801 4115 Ἐξ
843 4056 1217 4123 αὑτομόρερου
1256 4057 1477 4109 λαΐνων
1505 4056 1805 4125 τειχισμά-

234 4156 359 4191 των
399 4140 596 4209 σοφῆς
650 4142 884 4212 ἄγαλμα
927 4146 1144 4213 χειρὸς,
1187 4144 1376 4213 λέγων.
1421 4147 1807 4215 Δὺτόμορφον

236 4232 350 4302 γὰρ
392 4232 626 4302 ἄγαλμα
657 4235 716 4286 τὸ
756 4236 853 4305 τῆς
896 4236 1097 4307 πέτρας
1130 4237 1389 4305 αὐτοφυὲς
1420 4234 1590 4290 εἶπεν.
1650 4239 1805 4294 Ἀλλά

234 4325 337 4377 καὶ
367 4324 491 4376 ὅταν
527 4324 689 4395 μέρος
732 4342 814 4388 τις
845 4325 1055 4397 δένδρου
1089 4326 1295 4396 γλῦψας
1332 4328 1565 4392 ἑστῶτος
1597 4332 1689 4382 καὶ
1717 4333 1807 4383 ἀν-

236 4414 457 4478 θοῦντος
491 4419 688 4489 ποιήσῃ
716 4434 785 4481 τι,
818 4417 891 4481 ῶς
920 4436 1080 4488 φησιν
1128 4420 1369 4492 Ὅμηρος
1411 4422 1499 4475 τὸν
1552 4422 1805 4477 Ὀδυσσέα

237 4506 480 4576 ποιῆσαι,
515 4509 600 4559 ὅτε
632 4512 689 4560 ὲν
720 4509 917 4581 δένδρῳ
947 4512 1244 4583 κατέστησε
1275 4516 1367 4566 καὶ
1396 4513 1593 4584 ἐγλυψε
1622 4515 1804 4585 κλίνην

232 4598 498 4669 αὐτοφυῆ.
536 4598 713 4651 ’Λλλοι
742 4600 796 4652 δὲ
824 4601 923 4663 τὰς
966 4602 1150 4671 τιμίας
1190 4602 1366 4667 λίθους
1407 4606 1693 4676 ἀγάλματα
1722 4605 1806 4658 λέ-

230 4706 445 4757 γουσιν,
486 4691 626 4742 ,ὃταν
680 4690 875 4761 δηλαδὴ
904 4694 947 4762 η’
982 4693 1309 4763 σμάραγδος,
1367 4696 1803 4767 ἀποκαθαρθεϊσα

234 4781 331 4834 τιῦ
363 4780 698 4851 περιέχοντος
740 4782 905 4852 αὐτὴν
952 4783 1180 4851 γεώδους
1227 4787 1319 4838 καὶ
1363 4789 1635 4858 περιττοῦ,
1672 4792 1803 4844 ἀνα-

232 4873 380 4940 φανῇ
428 4869 665 4939 ἄγαλμα,
708 4872 982 4925 τουτέστιν
1020 4873 1319 4945 ἀγλάϊσμα.
1375 4878 1621 4931 Μάλιστα
1656 4881 1709 4933 δὲ
1744 4882 1806 4935 τὸ

234 4959 482 5013 τοιοῦτον
515 4961 741 5031 ἁρμόσει
772 4960 849 5030 τῷ
883 4963 1222 5035 προκειμένῳ
1249 4965 1280 5035 ἦ
1314 4966 1373 5018 τὸ
1406 4969 1803 5039 πρότερον.Θέ-

238 5069 355 5114 σεις
386 5052 564 5122 μέντοι
608 5053 743 5104 είσὶν
774 5053 873 5105 ὅσα
904 5054 1117 5117 οἰκείως
1151 5057 1241 5108 ἐπὶ
1283 5058 1415 5111 Θεοῦ
1456 5060 1668 5129 λέγεται
1696 5065 1723 5116 ὅ
1749 5081 1801 5116 τι

237 5144 405 5206 ἐστὶν,
448 5136 557 5195 οἷον
596 5142 658 5195 τὸ
700 5141 793 5207 ὢν,
841 5145 898 5197 τὸ
945 5145 1071 5209 ζῶν,
1115 5148 1175 5199 τὸ
1229 5148 1362 5217 φῶς,
1406 5154 1497 5204 καὶ
1539 5154 1605 5206 τὰ
1648 5156 1798 5209 ἀλλα.

253 5232 590 5301 Ἀφαιρέσεις
618 5232 691 5293 δὲ,
725 5233 913 5295 ὄσαὼς
942 5233 1190 5305 ἀλλότρια
1213 5238 1345 5291 Θεοῦ
1378 5241 1800 5309 ἀποφάσκονται,

237 5315 351 5374 οἷον
382 5323 462 5373 ὅτι
500 5321 560 5372 οὐ
597 5321 752 5391 σῶμα
784 5323 811 5372 ὑ
843 5322 991 5385 Θεὸς,
1025 5324 1081 5375 οὐ
1107 5326 1271 5397 ψυχὴ,
1302 5330 1420 5382 οὐδέ
1453 5348 1503 5383 τι
1534 5333 1640 5385 τῶν
1673 5351 1805 5402 γνω·

240 5411 381 5464 στῶν
422 5412 453 5482 ἢ
487 5413 665 5482 νοήσει
711 5412 1137 5467 ὑποπιπτόντων.
1175 5418 1307 5489 Περὶ
1334 5421 1463 5488 γοῦν
1495 5424 1601 5476 τῶν
1624 5427 1799 5479 τοιοῦ-

235 5520 347 5555 τιυν
385 5502 584 5556 θέσεων
622 5503 713 5556 καὶ
758 5504 1094 5575 ἀφαιρέσεων
1122 5510 1149 5560 6
1194 5511 1377 5583 Πατὴρ
1424 5514 1611 5582 λέγων,
1650 5518 1797 5589 εὑρί-

1906 3328 1978 3376 lta
2016 3326 2590 3393 suprasubstantialem
2624 3340 2862 3397 congrue
2910 3341 3008 3396 pro
3030 3343 3126 3381 sua
3154 3329 3458 3398 aupraaub-

1904 3414 2258 3469 stantialitate
2284 3417 2611 3471 collaudare.
2646 3416 2925 3482 Quomodo
2958 3418 3058 3471 hoc
3084 3418 3107 3471 τ
3134 3435 3197 3472 ex
3224 3421 3467 3474 onmiutn

1904 3508 2191 3562 ablatione.
2226 3509 2358 3561 Cum
2392 3511 2535 3563 enim
2580 3526 2687 3564 non
2726 3512 2994 3579 possimus
3048 3512 3321 3580 quidpiam
3365 3527 3465 3581 p0-

1906 3603 2064 3655 sitive
2097 3618 2195 3671 pro
2226 3604 2341 3671 ejus
2370 3604 2635 3669 dignitate
2682 3604 2882 3669 dicere,
2921 3618 2988 3659 eo
3018 3604 3159 3673 quod
3193 3619 3260 3659 ex
3294 3606 3469 3659 omni-

1906 3693 2003 3745 hus
2039 3695 2197 3747 rebus
2233 3696 2365 3747 nihil
2403 3697 2542 3763 quod
2580 3696 2677 3764 ipsi
2729 3695 2885 3750 aliine
2920 3698 2987 3750 sit
3023 3698 3337 3765 eXCOgitare
3373 3712 3469 3752 va-

1906 3783 2137 3849 leamus,
2175 3784 2509 3841 celebramus
2560 3786 2739 3855 ipsum
2782 3802 2845 3839 ex
2882 3787 3121 3841 muniqu
3170 3786 3465 3857 ablatidne,

1908 3874 2158 3943 idemque
2194 3875 2422 3931 facimus
2456 3878 2598 3944 quod
2632 3878 2955 3946 sculptorea,
2979 3879 3070 3946 qui
3108 3878 3343 3932 nativam
3368 3879 3468 3933 ali-

1905 3980 2063 4033 quam
2100 3975 2337 4019 statuam
2380 3967 2653 4031 dedolant,
2699 3969 2790 4037 qni
2841 3969 3111 4039 superﬂua
3146 3968 3465 4037 auferendo,

1908 4058 2161 4112 latentem
2213 4061 2263 4112 in
2312 4060 2425 4127 ipsa
2477 4060 2703 4114 formam
2760 4050 3129 4117 manifestam.
3164 4057 3465 4115 Genuinam

1906 4152 2050 4204 enim
2097 4159 2331 4205 statuam
2382 4160 2559 4215 vocat,
2611 4167 2730 4220 qnze
2775 4151 2835 4205 lit
2868 4152 2920 4204 in
2955 4151 3178 4205 materia
3215 4166 3319 4205 non
3353 4151 3470 4205 de-

1905 4251 2073 4305 secta,
2095 4252 2150 4297 tit
2184 4242 2235 4295 in
2272 4242 2443 4311 lapide
2477 4245 2654 4296 adhuc
2682 4243 2913 4312 integro,
2948 4244 2999 4296 in
3034 4259 3142 4312 quo
3174 4243 3297 4313 quia
3318 4244 3465 4299 acul-

1908 4345 1997 4404 pat
2024 4334 2241 4402 aliquod
2279 4336 2687 4398 animalculum,
2724 4346 2781 4387 nt
2814 4334 3056 4387 declarat
3088 4334 3374 4404 Euripides
3409 4335 3462 4389 in

1905 4425 2243 4481 Andromeda
2277 4425 2345 4487 ⁸⁷,
2383 4424 2569 4477 dicens
2602 4441 2616 4476 :
2657 4422 2738 4475 Ea:
2772 4421 2992 4490 lapideis
3047 4426 3261 4491 praprt’a
3309 4435 3466 4477 natu-

1909 4515 2007 4568 rali
2052 4516 2223 4583 [arma
2264 4515 2622 4567 constantibus
2677 4517 2862 4577 muria,
2915 4514 3081 4567 docta:
3123 4514 3465 4567 aintttlacrttnt

1908 4622 2114 4670 manus,
2152 4622 2272 4659 nam
2307 4606 2644 4675 αὑτόμορφον
2674 4605 2896 4675 ἄγαλμα
2929 4622 3020 4659 seu
3057 4621 3153 4674 per
3183 4620 3241 4660 se
3274 4606 3468 4659 {orma-

1906 4708 2013 4751 tam
2048 4710 2300 4760 statuam.
2341 4710 2494 4753 vocat
2527 4698 2753 4751 fortnam
2789 4710 2952 4767 petrae
2984 4699 3463 4767 naturalem.Quin

1906 4790 2067 4843 etiam
2104 4791 2327 4858 quando
2352 4791 2473 4857 quis
2517 4799 2724 4858 partem
2774 4789 2987 4843 arboris
3034 4791 3379 4843 tonsistentia
3411 4798 3466 4844 et

1892 4884 2145 4939 ﬂorentis
2193 4886 2558 4953 insculpserit,
2617 4885 2757 4939 sicut
2805 4884 2936 4937 dicit
2986 4882 3251 4938 llomerua
3297 4882 3459 4954 ὅθι

1911 4975 2156 5045 L'lyssem
2196 4974 2406 5035 fecisse,
2456 4974 2673 5041 quando
2723 4973 2776 5024 in
2822 4970 3017 5025 arbore
3076 4970 3363 5024 constituit
3410 4978 3466 5023 et

1904 5066 2129 5134 sculpsit
2179 5065 2379 5120 lectum
2426 5065 2745 5118 naturalem.
2793 5064 2897 5117 Alii
2932 5079 3058 5117 vero
3092 5064 3355 5132 pretiosos
3388 5062 3464 5116 la-

1904 5158 2053 5225 pides
2090 5169 2284 5212 vocant
2335 5158 2645 5218 simulacra,
2694 5158 2911 5224 quando
2960 5155 3209 5209 videlicet
3254 5168 3450 5208 smara-

1902 5246 2036 5312 gdos
2066 5247 2133 5298 ab
2164 5246 2311 5298 omni
2367 5246 2593 5298 materia
2648 5245 2887 5297 terrestri
2927 5245 3345 5310 circuntjacente
3362 5258 3462 5296 ex-

1904 5347 2196 5405 purgatus,
2246 5338 2464 5390 exhibet
2518 5337 2770 5407 ἄγαλμα,
2823 5339 2873 5391 id
2932 5347 3016 5390 est
3060 5336 3335 5406 ἀγλάϊσμα
3367 5350 3461 5389 seu

1903 5432 2240 5498 splendidum
2276 5442 2674 5485 ornamentum.
2730 5432 2897 5502 Magis
2931 5440 3112 5485 autem
3148 5430 3199 5483 id
3237 5431 3301 5481 ad
3336 5444 3463 5499 pro-

1906 5520 2137 5588 positum
2170 5530 2396 5591 spectat,
2438 5536 2597 5590 quam
2632 5522 2820 5591 prius;
2858 5522 3121 5592 siquidem
3169 5520 3463 5588 positiones

1532 5669 1763 5725 VARIAZ
1804 5670 2199 5727 LECTlONIsS.

397 5818 747 5891 Ἀνδρομάχῃ.
855 5821 1322 5877 "Andromache.
