4176 6318
218 300 244 355 1
260 303 368 361 037

758 301 845 357 DE
894 302 1192 358 MYSTICA
1225 303 1629 369 THEOLOGIA,
1663 305 1814 362 CAP.
1850 307 1938 364 Ill.
1971 338 2039 348 --
2069 308 2407 365 PARAPllR.

1257 303 1629 369 'llEOLOGlA,
1663 305 1814 362 CAP.
1850 307 1938 364 Ill.
1971 338 2039 348 --
2069 308 2408 365 PARAPllR.
2444 311 2906 368 PACllYMERAE.

3296 319 3431 374 1038

214 412 455 480 μάζεται
483 415 510 466 ὁ
537 413 665 477 Θεὸς
698 418 1090 482 καταφατικῶς,
1126 420 1216 472 καὶ
1251 419 1344 484 ὢν,
1387 422 1478 474 καὶ
1519 419 1650 491 ζωὴ,
1691 421 1781 474 καὶ
1810 443 1856 496 Α

1810 443 1856 496 Α
1884 425 2161 479 mansione
2202 425 2318 480 sine
2360 443 2600 496 egressu.
2644 428 2696 482 ln
2732 429 2871 483 libro
2911 436 3088 482 autem
3133 429 3208 484 De
3249 433 3433 486 diuinis

212 503 404 570 σ-οφία,
435 505 527 556 καὶ
556 505 798 574 δύναμις.
837 506 1000 560 Πάλιν
1042 511 1099 561 ὲν
1126 512 1192 579 τῇ
1222 509 1557 578 Συμϐολικῇ
1582 513 1781 563 θεολο-

209 595 340 661 Tia,
368 594 508 657 τίνες
534 596 588 648 αί
616 595 720 648 ἀπὸ
756 596 862 649 τῶν
888 597 1156 667 αἰσθητῶν
1193 600 1544 668 μετωνυμίαι,
1573 600 1664 652 καὶ
1704 598 1783 650 τί-

211 699 315 746 νες
343 686 394 736 αί
444 686 663 754 μορφαὶ,
696 684 760 748 ἂς
793 686 1132 757 περιτιθεῖσιν
1172 689 1219 740 οί
1253 689 1518 758 προφῆται
1557 687 1781 757 θεοπρε-

207 771 338 836 πῶς
387 773 462 841 τῷ
510 773 686 842 Θείῳ⁶
741 774 833 826 καὶ
865 777 987 826 ποῖα
1016 774 1083 826 τὰ
1128 776 1396 845 σχήματα,
1433 775 1523 827 καὶ
1567 775 1633 828 τὰ
1687 775 1780 828 τοῦ

211 860 470 931 σώματος
502 863 660 933 μέρη,
690 863 806 915 τίνα
836 864 1098 934 πρόσωπα
1118 865 1372 934 δηλονότι,
1403 867 1494 918 καὶ
1525 863 1655 929 ὦτα,
1685 871 1778 920 καὶ

210 955 420 1023 χεῖρες,
454 954 544 1005 καὶ
587 953 762 1017 πόδες,
797 954 889 1007 καὶ
922 956 1047 1008 ποῖα
1086 952 1152 1006 τὰ
1205 955 1426 1024 ὄργανα,
1461 956 1551 1008 καὶ
1595 957 1777 1018 τᾶλλα,

209 1041 308 1092 ἵνα
343 1041 414 1112 μὴ
440 1042 558 1094 καθ’
590 1041 815 1094 ἕκαστον
862 1043 1122 1114 λέγωμεν,
1167 1044 1202 1096 ὃ.
1238 1044 1300 1114 δὴ
1347 1045 1518 1098 πάντα
1558 1046 1614 1111 ἐξ
1643 1047 1777 1099 ἀπο-

208 1128 433 1196 φάσεως
479 1130 751 1197 ὀφείλουσι
795 1131 1040 1199 λέγεσθαι
1081 1131 1172 1185 ἐπὶ
1217 1131 1370 1184 Θεοῦ.
1426 1135 1606 1202 Ἔχεις
1653 1135 1778 1201 γοῦν

208 1217 522 1286 γινώσκειν,
560 1220 671 1282 πῶς
700 1220 768 1274 τά
813 1222 1011 1291 μᾶλλον
1042 1222 1387 1293 πορρώτερον
1425 1223 1515 1275 τοῦ
1561 1224 1712 1286 Θεοῦ,
1743 1224 1778 1278 ἃ

209 1308 280 1379 δὴ
310 1310 507 1379 ἔσχατα
533 1309 697 1377 λέγει,
730 1311 1136 1382 πολυλογώτερά
1164 1316 1317 1366 εἰσιν.
1345 1314 1492 1382 Ὃσῳ
1515 1314 1620 1384 γάρ
1645 1316 1779 1365 εἰσιν

211 1399 459 1450 ἀνοίκεια
485 1398 618 1468 Θεῷ,
661 1401 754 1452 καὶ
797 1401 870 1471 μὴ
901 1404 1258 1472 προσήκοντα,
1305 1402 1540 1470 τοσούτῳ
1572 1402 1776 1454 δέονται

210 1488 388 1555 λόγων
431 1491 509 1552 είς
549 1491 901 1559 παράστασιν,
947 1491 1060 1554 πῶς
1100 1493 1192 1544 ἐπὶ
1234 1491 1366 1543 Θεοῦ
1409 1489 1774 1562 νοηθήσονται.

208 1579 316 1630 Διὰ
373 1578 526 1632 τοῦτο
582 1582 635 1633 αί
671 1581 1008 1648 Θεολογιικαὶ
1061 1579 1471 1645 ὑποτυπώσεις
1529 1582 1664 1633 κατὰ
1715 1582 1775 1634 τὸ

1883 515 2196 578 nominibus.
2222 519 2488 584 quomodo
2533 533 2743 571 rursum
2776 527 2994 573 vocetur
3033 521 3170 576 Deus
3199 521 3434 576 afﬁrma-

1883 604 1989 657 tive
2015 614 2068 658 et
2101 621 2214 670 ens,
2247 615 2301 660 et
2333 607 2459 671 vita,
2490 617 2543 663 et
2577 609 2861 676 sapientia,
2896 619 2950 665 et
2986 612 3175 666 virtus.
3211 612 3274 666 Et
3313 628 3434 667 rur-

1880 707 1997 744 sum
2031 693 2081 746 in
2117 693 2406 762 Symbolica
2443 696 2720 766 theologia,
2742 714 2860 767 qua:
2901 700 3010 753 sint
3049 715 3225 754 rerum
3254 702 3431 756 sensi-

1883 783 2014 836 linm
2059 787 2450 851 translationes,
2481 795 2534 840 et
2570 803 2687 855 quae
2737 789 2941 856 formae,
2983 807 3115 860 quas
3158 795 3432 861 prophetze

1877 875 2260 928 convenienter
2296 876 2402 929 Deo
2439 878 2770 943 attribuunt;
2804 890 2858 932 et
2883 882 3067 949 quales
3104 883 3212 934 sint
3244 883 3428 951 ﬁgura:

1877 963 2225 1030 corporisque
2256 964 2516 1030 membra,
2542 981 2658 1034 qua:
2695 968 2859 1023 facies
2889 970 3117 1037 scilicet,
3159 981 3213 1024 et
3241 988 3424 1038 aures,

1877 1063 1929 1106 et
1961 1068 2174 1117 manus,
2206 1063 2260 1108 et
2303 1056 2480 1124 pedes,
2517 1067 2571 1111 et
2613 1059 2788 1126 qualia
2829 1059 3203 1126 instrumenta,
3239 1071 3296 1117 et
3320 1080 3423 1118 ca:-

1879 1151 2012 1206 tera,
2038 1159 2102 1198 ne
2127 1145 2330 1215 singula
2360 1161 2763 1214 recenseamus,
2789 1165 2906 1218 qua:
2939 1153 3327 1221 utiqneﬁomnia
3357 1171 3425 1210 ex

1878 1235 2163 1300 negatione
2191 1237 2294 1290 dici
2335 1237 2531 1292 debent
2571 1240 2635 1292 de
2661 1239 2785 1294 Deo.
2823 1240 2983 1294 Potes
3013 1243 3193 1310 itaque
3225 1259 3425 1313 cogno-

1875 1335 2026 1374 scere
2049 1323 2315 1390 quomodo
2348 1341 2465 1389 qua:
2497 1342 2524 1379 a
2571 1328 2676 1380 Deo
2713 1330 2878 1398 magis
2910 1341 3113 1384 remota
3150 1341 3273 1386 sunt
3305 1349 3426 1401 qua:

1876 1414 2058 1481 utique
2083 1423 2321 1468 extrema
2353 1416 2504 1478 dicit,
2531 1418 2842 1471 verbosiora
2879 1419 3006 1472 sint.
3049 1421 3258 1485 Quanto
3280 1423 3424 1476 enim

1880 1501 2051 1567 magis
2091 1517 2119 1554 a
2161 1503 2269 1555 Deo
2305 1503 2476 1557 aliena
2513 1514 2655 1570 sunt,
2689 1507 2842 1574 eique
2882 1507 3239 1573 dissentanea,
3276 1520 3426 1563 tanto

1873 1588 2116 1654 pluribus
2134 1589 2312 1644 verbis
2334 1605 2467 1657 opus
2493 1592 2688 1646 habent
2707 1605 2761 1646 ut
2785 1595 3134 1662 explicentur,
3156 1600 3425 1665 quomodo

208 1670 355 1737 Περὶ
412 1668 528 1724 τῶν
592 1671 762 1724 θείων
823 1669 1122 1739 ὀνομάτων
1171 1670 1475 1742 βραχύτερά
1509 1675 1613 1724 είσι
1675 1672 1774 1742 τῆς

1873 1677 1924 1728 ἱη
1956 1676 2062 1730 Deo
2095 1677 2479 1749 intelligantur.
2507 1678 2713 1734 Idcirco
2765 1683 3068 1753 theologica:
3095 1687 3424 1752 informatio-

209 1759 590 1829 Συμϐολικῆς
631 1762 952 1829 θεολογίας,
982 1762 1062 1813 ὅτι
1110 1763 1166 1814 ὲν
1213 1763 1435 1825 ἐκείνοις
1479 1780 1772 1832 καταφατι-
1801 1811 1844 1864 Β

1801 1811 1844 1864 Β
1873 1783 1959 1819 nes
1991 1768 2282 1821 secundum
2323 1777 2608 1823 tractatum
2641 1770 2713 1823 De
2747 1772 2935 1825 divinis
2971 1775 3263 1828 nominibus
3302 1777 3423 1830 bre-

208 1850 326 1913 κῶς
356 1850 628 1920 ἐλέγομεν,
675 1852 734 1903 ὲν
777 1851 872 1920 μὲν
909 1853 1027 1913 ταῖς
1071 1853 1440 1919 Θεολογικαῖς
1467 1853 1772 1907 ὑποτυπὼ-
1801 1850 1844 1864 ”

1801 1850 1844 1864 ”
1873 1857 2050 1910 viores
2080 1866 2200 1911 sunt
2235 1855 2524 1926 Symbolica
2558 1857 2856 1929 Theologia,
2877 1861 3129 1929 quoniam
3159 1863 3212 1917 in
3241 1864 3307 1919 iis
3343 1865 3423 1918 af-

204 1954 373 2002 σεσι,
409 1941 532 2011 περὶ
563 1936 715 2004 Θεοῦ,
759 1940 840 1993 ὅτι
887 1939 1072 2011 μονὰς.
1096 1942 1176 1994 ὅτι
1217 1943 1402 2013 Τριὰς,
1440 1945 1521 1996 ὅτι
1564 1945 1767 2016 Πατὴρ,

1875 1948 2136 2000 lirmando
2156 1948 2482 2010 dicebamus,
2509 1949 2562 2002 in
2596 1948 2916 2019 Theologicis
2938 1953 3150 2020 quidem
3173 1955 3423 2023 informa-

206 2029 298 2083 ὅτι
330 2029 476 2093 Υἱὸς,
509 2031 600 2082 καὶ
631 2027 882 2100 Πνεῦμα’
918 2034 974 2084 ὲν
1009 2031 1062 2084 δὲ
1092 2029 1168 2101 τῷ
1194 2034 1327 2100 Περὶ
1359 2036 1527 2086 θείων
1563 2035 1770 2103 ὀνομάσ-

1870 2037 2115 2102 tionibus,
2154 2036 2317 2090 Deum
2356 2051 2473 2090 esse
2523 2053 2709 2102 unum,
2758 2038 3109 2106 Trinitatem,
3157 2057 3275 2097 esse
3318 2045 3419 2097 Pa-

208 2137 350 2183 των,
378 2121 457 2172 ὅτι
479 2119 574 2184 ῶν,
607 2123 687 2173 ὄτί
715 2122 847 2192 ζωὴ,
880 2122 960 2174 ὄτι
994 2122 1172 2189 σοφία,
1213 2122 1294 2175 ὅτι
1335 2123 1557 2193 δύναμις
1578 2142 1590 2155 ·
1627 2128 1683 2179 ἐν
1714 2127 1769 2178 δὲ

1873 2135 2026 2188 trem,
2054 2135 2108 2178 et
2129 2125 2343 2188 Filium,
2371 2132 2422 2179 et
2452 2125 2708 2194 Spiritum
2732 2139 2974 2182 sanctum
3002 2147 3016 2184 :
3043 2131 3098 2184 in
3127 2131 3262 2186 libro
3291 2148 3419 2188 vera

205 2212 280 2280 τῇ
314 2209 648 2277 Συμϐολικῇ
682 2213 967 2280 θεολογίςι,
990 2212 1110 2264 ἐπεὶ
1143 2214 1268 2283 περὶ
1296 2213 1572 2282 συμϐόλων
1603 2215 1766 2284 λέγει,

208 2300 504 2371 σχημάτων
529 2339 543 2364 ,
579 2300 792 2370 μερῶν,
838 2300 1113 2371 ὀργάνων,
1156 2301 1497 2372 κραιπαλῶν,
1552 2305 1765 2374 ὁρμῶν,

208 2385 416 2454 ὕπνων,
464 2390 871 2460 ὲγρηγόρσεων,
930 2389 964 2443 ἃ
1010 2390 1073 2461 δὴ
1124 2391 1296 2444 πάντα
1346 2392 1404 2456 ἐξ
1449 2394 1767 2462 ἀποφάσεως

204 2481 480 2551 ὀφείλουσι
509 2481 772 2550 λέγεσθαι,
803 2481 876 2544 ὡς
905 2483 1144 2535 ἀνοίκεια
1174 2485 1265 2538 καὶ
1293 2485 1475 2555 πόρρω
1506 2485 1659 2546 Θεοῦ,
1690 2489 1766 2539 εί-

203 2572 385 2635 κὰεως
408 2571 807 2643 πολυλογώτερα
828 2572 894 2625 τὰ
916 2574 1134 2627 τοιαῦτα
1166 2575 1460 2646 συνέϐησαν
1487 2575 1732 2644 γενέσθαι
1749 2593 1761 2606 ⁸

205 2663 444 2732 ἐπείπερ
499 2664 607 2733 ὅσῳ
640 2662 715 2733 τῷ
759 2663 876 2733 Θεῷ
904 2664 1199 2737 οἰκειότερα
1240 2665 1485 2735 λέγομεν,
1518 2667 1609 2718 καὶ
1637 2666 1766 2720 ἀνα-

205 2753 454 2824 νεύομεν,
481 2755 573 2808 καὶ
603 2754 886 2824 ἐγγίζομεν
920 2755 1053 2825 πρὸς
1088 2756 1265 2818 αὐτὸν,
1291 2755 1524 2825 τοσούτῳ
1555 2758 1600 2808 oi
1623 2757 1766 2824 λόγοι

203 2845 330 2907 ταῖς
361 2844 605 2913 συνόψεσι
625 2844 732 2897 τῶν
744 2845 943 2915 νοητῶν
968 2845 1414 2914 περιστέλλονται.
1437 2845 1686 2915 Συνόψεις
1711 2846 1766 2900 δὲ

202 2933 320 2986 τῶν
350 2934 569 3003 νοητῶν,
592 2933 687 2998 τὰς
718 2938 782 3004 τῇ
810 2934 953 3004 ἀΰλῳ
980 2935 1152 2988 αὐτῶν
1176 2935 1433 3006 ἁπλότητι
1457 2934 1766 3007 πρεπούσας

205 3025 441 3097 θεωρίας
483 3025 722 3079 ἐκάλεσε.
753 3025 824 3077 Τὸ
867 3025 921 3078 δὲ
965 3027 1456 3093 περιστέλλονται
1509 3027 1627 3079 ἀντὶ
1670 3027 1764 3080 τοῦ

1872 2211 1946 2264 De
1979 2213 2162 2266 divinis
2209 2213 2524 2279 nominibus,
2567 2215 2730 2269 Deum
2777 2230 2896 2270 esse
2939 2233 3056 2285 ens,
3097 2220 3288 2285 vitam,
3332 2238 3422 2276 sa-

1869 2303 2145 2371 pientiam,
2193 2305 2440 2358 virtutem
2480 2323 2492 2358 :
2545 2307 2596 2359 in
2647 2305 2945 2373 Symbolica
2990 2324 3116 2365 vero
3159 2313 3418 2382 theologia

1869 2405 1988 2448 cum
2030 2395 2093 2450 de
2143 2397 2418 2466 symbolis,
2469 2398 2670 2467 ﬁguris,
2710 2401 2977 2467 partibus,
3025 2401 3415 2470 instrumentis,

1869 2483 2143 2552 crapulis,
2197 2488 2671 2554 prepensionibus,
2721 2493 2921 2544 somnis
2954 2491 3254 2562 vigiliisque
3304 2504 3415 2549 tra-

1869 2581 1999 2637 ctet,
2030 2588 2149 2640 qua:
2182 2575 2364 2642 utique
2400 2575 2578 2629 omnia
2622 2579 2871 2646 negative
2903 2579 3009 2632 dici
3054 2580 3267 2646 debent,
3299 2594 3414 2637 tan-

1867 2675 2026 2727 quam
2069 2678 2098 2714 ει
2149 2663 2257 2716 Deo
2300 2664 2471 2717 aliena
2510 2674 2564 2718 et
2609 2676 2836 2730 remota,
2883 2670 3076 2721 merito
3122 2685 3240 2738 qua
3286 2682 3416 2727 sunt

1866 2752 2185 2819 ejuscemodi
2239 2754 2481 2822 pluribus
2552 2757 2730 2811 verbis
2795 2757 3053 2826 explicari
3109 2760 3413 2826 debebant:

1865 2843 2296 2908 quandoquidem
2325 2853 2525 2911 quanto
2563 2844 2731 2915 magis
2761 2846 2973 2913 propria
3019 2847 3085 2901 de
3129 2847 3239 2902 Deo
3282 2850 3414 2904 dici-

1866 2946 2007 2995 mus,
2040 2931 2223 3002 illique
2270 2934 2440 3002 magis
2485 2936 2814 2988 assentimur
2849 2933 3008 3004 566
3039 2946 3092 2990 et
3123 2939 3414 3007 appropin-

1866 3038 2111 3092 quamus,
2141 3033 2290 3080 tanto
2317 3026 2475 3079 etiam
2513 3027 2680 3095 magis
2705 3041 2984 3084 sermones
3029 3031 3200 3086 nostri
3231 3044 3417 3084 rerum

205 3116 581 3169 συστέλλονται
593 3115 846 3168 τέθεικεν.
857 3115 1025 3187 Ὅπερ
1041 3117 1169 3185 φησὶ
1182 3117 1274 3170 καὶ
1289 3116 1380 3170 νῦν
1394 3116 1485 3170 ἐπὶ
1495 3119 1558 3187 τῇ
1581 3135 1766 3187 μυστι-
1790 3139 1835 3201 c

1762 3139 1835 3201 ιε
1867 3112 2254 3169 intelleculium
2282 3119 2589 3185 aspectibus
2631 3121 3042 3174 contrahuntur.
3080 3121 3411 3191 ConSpectus

206 3213 282 3280 κῇ
306 3207 544 3278 θεολογία
575 3207 785 3271 πάντως
813 3209 1110 3278 γενήσεται.
1140 3209 1247 3260 Kal
1267 3207 1373 3279 γὰρ
1395 3208 1665 3272 παντελῶς
1688 3210 1764 3271 εἰς

1863 3213 2042 3258 autem
2083 3220 2262 3260 rerum
2309 3207 2696 3261 intellectilium
2748 3210 2952 3263 vocavit
3003 3210 3412 3278 contemplatio-

202 3301 299 3354 τὸν
321 3301 457 3370 ὑπὲρ
484 3299 605 3352 νοῦν
632 3302 723 3352 καὶ
752 3303 943 3353 οἰκεῖον
982 3297 1100 3368 Θεῷ
1136 3299 1329 3367 γνόφον
1363 3298 1648 3362 είσδύντες,
1690 3299 1762 3371 μὴ

1757 3319 1762 3371 ι
1862 3309 1978 3358 nes,
2013 3295 2352 3349 immateriali
2393 3297 2602 3350 illarum
2656 3299 2985 3366 simplicitati
3028 3310 3406 3368 congruentes.

207 3390 369 3462 μόνον
396 3391 710 3461 βραχυλόγοι
735 3389 1087 3460 γενησόμεθα,
1110 3389 1241 3443 ἀλλὰ
1265 3389 1359 3442 καὶ
1389 3389 1605 3458 ἀλογίαν
1633 3408 1764 3443 παν-
1861 3385 2044 3440 Posuit
2084 3398 2261 3441 autem
2295 3388 2743 3457 περιστέλλονται,
2786 3405 2880 3458 pro
2928 3390 3317 3457 συστέλλονται,
3357 3393 3410 3446 id

201 3483 336 3552 τελῆ
369 3484 460 3535 καὶ
483 3482 731 3552 ἀνοησεαν
759 3483 1074 3552 εὑρήσομεν.
1130 3481 1402 3549 Ἀλογίαν
1431 3481 1484 3536 δέ
1519 3499 1668 3551 φησι,
1701 3482 1761 3533 τὸ

1756 3504 1761 3530 ι
1859 3488 1942 3532 est
1967 3479 2364 3532 contrahuntur.
2396 3478 2547 3544 Quod
2593 3489 2771 3533 autem
2802 3481 2950 3544 dicit,
2985 3481 3146 3535 etiam
3179 3497 3318 3536 nunc
3353 3486 3405 3538 in

208 3575 286 3646 μὴ
318 3574 566 3628 δύνασθαι
613 3575 752 3644 λόγῳ
785 3574 1121 3643 παραστῆσαι
1161 3573 1228 3626 τὰ
1279 3574 1415 3644 ὑπὲρ
1446 3571 1620 3642 λόγον,
1671 3574 1760 3625 καὶ

202 3669 500 3734 ἀνοησίαν
528 3667 606 3734 τὸ,
642 3667 969 3736 ἀνεννόητον,
1005 3666 1096 3718 καὶ
1126 3666 1154 3717 ό
1188 3665 1261 3736 μὴ
1285 3665 1500 3719 δύναταί
1530 3681 1612 3727 τις
1639 3665 1761 3733 νοῆ-

206 3771 319 3816 σαι,
341 3755 414 3817 ὡς
442 3753 579 3825 ὑπὲρ
607 3755 727 3808 νοῦν
760 3755 834 3808 όν.
876 3755 1048 3805 Κάκεῖ
1083 3753 1196 3824 μὲν,
1232 3754 1394 3823 ἤγουν
1428 3755 1483 3806 ὲν
1513 3751 1589 3820 τῷ
1622 3752 1756 3817 Περὶ

204 3847 379 3900 θείων
403 3847 720 3914 ὀνομάτων,
750 3845 854 3897 ἀπὸ
884 3844 974 3896 τοῦ
1016 3843 1125 3897 ἄνω
1163 3843 1296 3912 πρὸς
1339 3843 1593 3910 ἀνάλογον
1622 3843 1756 3912 πλῆ-

205 3936 298 3999 θος
324 3921 351 3989 ὃ
380 3937 532 4006 λόγος
565 3935 849 4007 ηὐρύνετο·
886 3936 946 3987 τὸ
976 3935 1082 4002 γὰρ
1103 3935 1196 3999 ὢν,
1225 3937 1415 3987 οίκεῖον
1449 3933 1505 3986 ὃν
1536 3932 1612 4001 τῷ
1643 3932 1758 4001 Θεῷ

209 4027 562 4099 βραχυλογίαν
600 4023 746 4096 εἷχε“
787 4025 846 4077 τὸ
891 4025 945 4076 δὲ
991 4026 1244 4087 Παλαιὸς
1283 4021 1531 4090 ἡμερῶν,
1571 4022 1602 4091 ἢ
1635 4020 1758 4073 ἀλλο

205 4137 262 4172 τι
294 4117 650 4190 πορρώτερον,
685 4117 902 4179 εἰκότως
936 4114 1248 4181 πολυλογίας
1287 4113 1476 4165 ἐδέετο.
1529 4111 1640 4164 Νῦν
1680 4112 1754 4174 δὲ,

207 4209 314 4262 ἀπὸ
344 4208 450 4260 τῶν
481 4209 626 4260 κάτω
655 4223 712 4257 τε
739 4207 828 4258 καί
870 4204 1073 4256 πολλῶν
1117 4203 1409 4256 συνθέσεων
1439 4203 1528 4254 καὶ
1563 4201 1758 4271 συμϐό-

207 4298 312 4350 λων
345 4297 476 4368 πρὺς
522 4298 581 4348 τὸ
623 4298 814 4348 ἐνιαῖον
852 4296 943 4346 καὶ
991 4293 1278 4363 ἀκρότατον
1311 4291 1491 4355 ἀνιὼν,
1537 4292 1755 4353 εἰκότως

205 4384 346 4436 κατά
373 4382 432 4433 τὸ
455 4382 644 4452 μέτρον
662 4383 760 4450 τῆς
790 4382 970 4433 ἀνόδου
1006 4380 1389 4451 συσταλήσεται
1412 4397 1424 4408 ·
1458 4381 1551 4432 καὶ
1579 4380 1750 4440 τόσον,

1865 3570 2088 3637 mystica
2135 3567 2393 3636 theologia
2444 3570 2662 3623 omnino
2703 3569 2813 3624 ﬁet.
2868 3571 3076 3624 Etenim
3113 3573 3165 3625 in
3212 3587 3406 3641 supra—

1858 3660 2142 3715 mentalem
2171 3661 2312 3714 illam
2337 3661 2551 3729 Deoque
2581 3664 2850 3732 propriam
2880 3663 3163 3731 caliginem
3188 3663 3408 3717 immer-

1855 3753 1924 3818 si,
1961 3769 2066 3806 non
2113 3753 2282 3807 solum
2325 3753 2622 3822 breviloqni
2671 3757 2981 3818 evademus,
3017 3770 3199 3808 verum
3243 3755 3403 3807 etiam

1855 3847 2218 3900 omnimodam
2263 3848 2525 3899 sermonis
2567 3855 2622 3898 et
2666 3845 3040 3898 intellectionis
3083 3845 3400 3898 vacuitatem

1856 3936 2199 4001 reperiemus.
2244 3934 2482 4002 Ἀλογίαν
2505 3949 2631 3988 vero
2658 3934 2804 3996 dicit,
2835 3949 2937 3988 non
2963 3949 3121 4003 posse
3155 3951 3403 3989 sermone

1856 4034 2242 4094 repraesentare
2291 4028 2379 4080 illa
2428 4043 2544 4095 qua:
2592 4041 2748 4094 supra
2794 4041 3094 4080 sermonem
3143 4041 3308 4081 sunt:
3349 4037 3402 4081 et

1854 4115 2130 4188 ἀνοησίαν,
2169 4119 2217 4170 id
2255 4117 2395 4185 quod
2438 4116 2660 4185 intelligi
2700 4116 2906 4185 nequit,
2946 4125 2996 4168 et
3043 4116 3183 4185 quod
3225 4117 3400 4170 nullus

1856 4207 2146 4275 intelligere
2175 4217 2364 4274 potest,
2394 4220 2516 4259 cum
2567 4216 2799 4260 mentem
2836 4215 3070 4274 superet.
3104 4207 3284 4273 Atque
3326 4207 3397 4262 ibi

1853 4298 2090 4365 quidem,
2128 4299 2334 4351 scilicet
2377 4299 2429 4350 in
2483 4298 2622 4350 libro
2663 4298 2738 4350 De
2787 4299 2974 4350 divinis
3018 4299 3326 4361 nominibus,
3365 4315 3396 4351 a

1852 4402 2060 4442 summo
2095 4391 2161 4442 ad
2193 4390 2656 4459 proportionatam
2691 4389 3086 4442 multitudinem
3117 4404 3291 4442 sermo
3317 4391 3396 4441 di-

207 4475 286 4525 ὃτι
322 4470 453 4540 μετὰ
487 4471 581 4541 τὴν
608 4471 786 4524 ἄνοδον
819 4470 1026 4537 ἄφωνος
1075 4470 1223 4521 ἔσται
1255 4470 1348 4521 καὶ
1394 4468 1510 4531 ὅλος
1552 4467 1753 4537 ἑνωθή-
1786 4464 1827 4516 D

1746 4499 1753 4507 -
1786 4464 1827 4516 Ῑ)
1859 4481 2156 4534 latabatur:
2187 4497 2308 4535 nam
2342 4496 2456 4545 ens,
2485 4496 2606 4536 cum
2648 4483 2919 4549 proprium
2953 4479 3022 4534 sit
3063 4480 3189 4543 Deo,
3222 4481 3395 4534 brevi-

210 4581 356 4616 σεται
386 4562 463 4632 τῷ
497 4563 779 4632 ἀφθέγκτῳ
814 4563 899 4615 διὰ
939 4564 1088 4632 σιγῆς
1121 4561 1300 4630 τιμίας
1339 4559 1506 4628 τιμῶν
1544 4559 1632 4609 τὸν
1665 4559 1754 4611 θέ-

202 4674 387 4723 μενον
427 4658 640 4720 σκότος
677 4656 1028 4723 ἀποκρυερὴν
1068 4655 1269 4707 αὐτοῦ.
1299 4653 1394 4705 Διὰ
1420 4655 1471 4704 τί
1510 4651 1562 4704 δὲ
1597 4652 1747 4712 ὅλως,

209 4751 344 4817 φῂς,
381 4747 483 4799 ἀπὸ
523 4747 617 4816 μὲν
669 4746 775 4798 τῶν
817 4746 1127 4818 πρωτίστων
1172 4745 1270 4808 τὰς
1321 4745 1513 4806 θέσεις,
1553 4743 1657 4794 ἀπὸ
1693 4741 1748 4792 δὲ

207 4839 312 4891 τῶν
345 4839 580 4906 ἐσχάτων
616 4837 712 4900 τὰς
759 4838 1050 4906 ἀποφάσεις
1089 4837 1375 4906 ποιούμεθα
1420 4834 1751 4904 καταρχόμε-

208 4944 311 4993 νοι;
363 4928 598 4997 Λέγομεν
627 4930 717 4981 ,ὅτι
769 4931 857 4980 ἐπὶ
912 4929 1006 4998 μὲν
1056 4927 1162 4981 τῶν
1209 4928 1404 4980 θέσεων
1443 4924 1750 4994 κεχρήμεθα

207 5019 271 5084 τῇ
316 5017 621 5088 ὑποθετικῇ,
663 5019 902 5071 τουτέστι
939 5023 1001 5089 τῇ
1051 5020 1472 5086 ὑπαγορευτικῇ,
1513 5016 1604 5067 καὶ¹
1642 5010 1748 5068 οἷον

207 5107 467 5176 δηλωτικῇ
509 5111 823 5177 καταφάσει,
863 5111 941 5162 ὅτι
979 5110 1126 5173 Θεὸς,
1161 5112 1239 5162 ὃτι
1278 5108 1407 5177 ζωὴ,
1448 5109 1527 5158 ὅτι
1557 5104 1751 5172 ἀγαθό-

207 5213 322 5266 της,
354 5197 385 5265 ἢ
413 5199 537 5267 ἀὴρ,
565 5199 777 5268 ἢλίθος,
819 5201 850 5270 ἢ
887 5201 1011 5272 πῦρ,
1036 5203 1066 5271 ἢ
1095 5202 1325 5269 πνεῦμα,
1365 5198 1484 5269 ἢτὰ
1509 5195 1747 5251 τοιαῦτα.

209 5286 286 5338 Τά
325 5286 450 5352 γοῦν
489 5289 720 5360 πρότερα
757 5290 829 5358 τῷ
867 5291 982 5359 Θεῷ
1019 5293 1312 5361 οἰκειότερα
1363 5290 1456 5341 καὶ
1495 5285 1747 5355 συγγενέ-

213 5392 400 5446 στερα’
443 5377 620 5430 λοιπὸν
659 5380 849 5448 μᾶλλόν
889 5385 999 5433 ἐστι
1042 5382 1149 5451 ζωὴ
1187 5383 1217 5451 ἢ
1257 5382 1379 5450 ἀὴρ,
1424 5382 1514 5434 καὶ
1554 5381 1747 5450 μᾶλλον

209 5466 335 5529 Θεὸς
359 5467 390 5537 ἧ
410 5467 568 5531 λίθος,
599 5471 688 5521 καὶ
713 5471 906 5540 μᾶλλον
939 5473 1220 5543 ἀγαθότης,
1245 5473 1275 5543 ἢ
1319 5474 1445 5544 πῦρ,
1490 5477 1577 5527 καὶ
1619 5475 1749 5546 μᾶλα

285 5652 309 5683 ι
342 5641 493 5697 Psal.
523 5657 654 5710 xvtl,
693 5645 776 5698 l2.

1854 4571 2176 4637 loquentiam
2226 4571 2484 4636 habebat;
2531 4568 2790 4639 Antiquus
2848 4584 2974 4624 vero
3021 4569 3266 4635 dierum,
3310 4571 3393 4623 vel

1855 4662 1996 4715 aliud
2033 4663 2158 4730 quid
2194 4663 2468 4726 remotius,
2523 4661 2714 4714 merito
2757 4658 2937 4712 multis
2976 4659 3153 4711 verbis
3189 4659 3392 4726 indige-

1855 4753 1962 4808 bat.
2000 4752 2145 4806 Nnnc
2174 4767 2298 4805 vero
2326 4754 2391 4804 ab
2430 4751 2768 4804 inferioribus
2804 4758 2857 4802 et
2901 4749 3079 4801 multis
3127 4749 3394 4816 composi-

1856 4842 2088 4894 tionibus
2114 4855 2175 4893 ac
2207 4841 2479 4909 symbolis,
2506 4841 2569 4891 ad
2601 4839 2813 4892 unicum
2839 4850 2891 4890 et
2912 4855 3182 4891 summum
3211 4854 3392 4893 ascen-

1855 4931 2003 4992 dens,
2053 4929 2240 4982 merito
2281 4929 2429 4994 juxta
2472 4926 2685 4981 modum
2738 4927 3070 4980 ascensionis
3111 4929 3393 4980 contrahe-

1853 5029 1971 5082 tur;
2012 5021 2165 5086 idque
2199 5020 2247 5070 in
2284 5029 2507 5082 tantum,
2536 5027 2592 5070 ut
2620 5025 2736 5085 post
2770 5031 3076 5081 ascensum,
3111 5017 3174 5069 ad
3217 5019 3393 5069 omni-

1852 5112 2064 5162 modum
2113 5110 2380 5162 silentium
2428 5109 2746 5176 redigendos
2796 5107 2885 5171 sit,
2936 5116 3096 5174 atque
3133 5105 3387 5158 ineﬂabili

1853 5200 1957 5253 Deo
1996 5208 2136 5253 totus
2179 5199 2610 5268 conjungendus,
2662 5213 2781 5251 eum
2825 5196 3129 5251 venerando
3179 5196 3392 5251 silentio

1852 5292 2182 5354 honorando,
2223 5293 2310 5358 qui
2354 5291 2525 5359 posuit
2570 5290 2802 5341 tenebras
2852 5288 3124 5340 latibulum
3163 5303 3313 5340 suum
3339 5301 3388 5340 ι.

1852 5383 2043 5435 Verum
2081 5391 2223 5449 petes
2265 5398 2357 5434 cur
2405 5397 2432 5433 a
2473 5381 2658 5450 primis
2699 5381 2986 5447 positiones
3031 5379 3237 5432 divinas
3280 5390 3394 5432 sta-

1854 5484 2080 5540 tuentes,
2115 5475 2320 5528 divinas
2362 5474 2477 5527 illas
2515 5472 2808 5526 oblationes
2839 5471 2905 5525 ab
2927 5471 3180 5525 extremis
3210 5471 3392 5538 auspi~
