4176 6314
821 345 956 404 1039

1973 351 2029 407 8.
2063 351 2357 407 DIONYSII
2389 352 2839 409 AREOPAGITAE

3876 362 4006 416 1040

821 479 1024 518 cemur.
1069 462 1324 529 Dii-imus,
1361 479 1462 519 nos
1510 465 1561 518 in
1605 464 1954 533 positionibus
1988 468 2200 536 quidem
2240 482 2363 522 usos

2463 464 2551 520 λον
2591 466 2749 534 σοφία
2789 464 2821 536 ἢ
2875 465 3103 536 πνεῦμα.
3143 466 3308 520 Τοῦτο
3343 467 3471 535 γοῦν
3503 470 3614 520 ἐστι
3657 468 3718 520 τὸ
3756 468 4009 537 ἄρχεσθαι

821 558 1329 611 esseenuntiativa.
1353 557 1412 607 id
1454 566 1536 609 est
1575 556 1841 609 delinitiva
1869 566 1921 610 et
1951 558 2103 622 quasi
2141 559 2358 611 demou-

821 643 1043 695 strativa
1082 639 1464 704 aliirmatione,
1510 652 1572 694 ut
1609 643 1769 695 Deum
1809 657 1965 707 esse,
2010 644 2172 697 vitam
2219 660 2356 706 esse,

818 731 1112 784 bonitatem
1153 745 1292 790 esse,
1320 733 1398 784 vel
1428 745 1628 792 aerem,
1651 731 1732 784 vel
1759 732 2008 800 lapidem,
2039 734 2120 787 vel
2159 734 2355 802 ignem,

820 821 902 874 vel
933 821 1198 888 spiritum,
1231 820 1311 874 vel
1347 821 1556 873 similia.
1603 819 1788 873 Priora
1820 821 2003 890 utique
2043 823 2151 876 Deo
2193 825 2360 890 magis

817 910 1034 980 propria
1066 920 1209 973 sunt,
1241 912 1517 980 magisque
1553 911 1851 976 naturalia;
1884 911 2143 980 siquidem
2191 915 2360 983 magis

819 1003 926 1055 vita
969 1011 1050 1056 est
1086 1017 1246 1071 quam
1297 1017 1412 1066 aer,
1457 1011 1506 1055 et
1555 1003 1724 1068 magis
1759 1001 1894 1056 Deus
1926 1018 2083 1068 quam
2119 1004 2272 1073 lapis,
2307 1014 2361 1057 et

819 1092 989 1162 magis
1017 1092 1229 1146 bonitas
1259 1106 1417 1154 quam
1449 1092 1603 1156 ignis,
1631 1101 1686 1148 et
1711 1093 1878 1163 magis
1911 1093 2171 1161 sapientia
2199 1109 2357 1162 quam

817 1183 1058 1250 spiritus.
1087 1182 1197 1236 Hoc
1216 1184 1394 1249 itaque
1416 1193 1497 1236 est
1521 1180 1776 1237 inchoare
1798 1199 1825 1236 a
1852 1185 2040 1251 primis
2065 1189 2116 1236 in
2140 1187 2362 1252 positio-

818 1269 996 1335 nibus,
1035 1271 1286 1340 quoniam
1321 1272 1489 1339 magis
1524 1271 1892 1339 intelliguntur
1932 1273 1986 1326 in
2037 1272 2145 1327 Deo
2189 1275 2359 1341 prima

817 1377 976 1430 quam
1024 1372 1307 1431 postrema.
1352 1361 1407 1414 ln
1457 1363 1810 1418 ablationibus
1857 1380 1985 1419 vero
2024 1374 2207 1418 contra
2261 1366 2362 1420 hoc

818 1453 974 1508 modo
999 1472 1011 1507 :
1037 1451 1152 1507 Non
1177 1452 1474 1506 inebriatur
1501 1451 1658 1516 Deus,
1685 1467 1788 1506 non
1811 1454 2074 1525 irascitur,
2097 1469 2198 1506 non
2231 1454 2362 1508 dici-

818 1554 923 1604 tur,
949 1559 1049 1596 non
1083 1542 1409 1610 intelligitur.
1446 1541 1602 1596 Illud:
1629 1541 1741 1596 Non
1783 1543 2090 1607 inebriatur,
2132 1553 2210 1597 est
2241 1543 2364 1596 ulti-

817 1633 1083 1701 mum,{e5t
1103 1630 1243 1683 enim
1264 1631 1422 1683 etiam
1443 1630 1736 1684 hominum.
1756 1631 1868 1685 Non
1888 1631 2198 1700 intelligitur
2216 1645 2360 1696 vero,

2459 556 2561 608 ὑπὸ
2596 556 2701 608 τῶν
2740 557 3083 628 πρωτίστων,
3143 558 3232 611 ἐπὶ
3274 557 3378 610 τῶν
3417 558 3646 622 θέσεων,
3685 559 3765 609 ὅτι
3817 560 4008 629 μᾶλλον

2457 648 2696 702 νοοῦνται
2729 647 2798 700 τὰ
2835 647 3119 719 πρώτιστα
3142 651 3232 701 ἐπὶ
3267 648 3420 714 Θεοῦ,
3459 649 3491 720 ἢ
3525 648 3591 702 τὰ
3626 651 3844 719 ἔσχατα.
3892 651 4012 703 Ἐπὶ

2457 737 2515 790 δὲ
2550 736 2655 789 τῶν
2689 729 3019 805 ἀφαιρέσεων
3070 739 3131 789 τὸ
3184 738 3436 802 ἐναντίον,
3476 739 3674 802 οὕτως’
3724 742 3794 792 Οὐ
3851 741 4015 810 μεθύ-

2463 841 2646 877 σκεται
2683 827 2710 877 ὁ
2746 825 2894 888 Θεὸς,
2934 827 2992 878 οὐ
3029 830 3210 897 μηνιᾷ,
3237 829 3294 880 οὐ
3334 828 3564 895 λέγεται,
3602 829 3661 881 οὐ
3701 834 3916 882 νοεῖται.
3941 831 4012 882 Τὸ

2457 914 2518 965 οὺ
2554 912 2900 984 μεθύσκεται,
2930 917 3149 984 ἔσχατον
3170 931 3182 944 ·
3209 916 3319 968 ἐστι
3353 915 3458 986 γὰρ
3488 917 3577 969 καὶ
3603 915 3917 985 ἀνθρώπων.
3941 915 4012 968 Tb

2460 998 2518 1054 οὺ
2549 1008 2762 1069 νοεῖται,
2787 1007 2978 1057 οἰκεῖον
3009 1006 3098 1058 καὶ
3113 1005 3428 1073 πρώτιστον.
3485 1007 3636 1058 Ἔστι
3659 1007 3834 1058 τοίνυν
3854 1008 3913 1058 τὸ
3938 1007 4012 1078 μὴ

2459 1090 2600 1160 λόγῳ
2637 1090 2881 1160 λέγεσθαι
2913 1093 3002 1145 τὸν
3030 1094 3176 1156 Θεὸν,
3217 1097 3308 1146 καὶ
3343 1096 3403 1147 τὸ
3535 1095 3783 1159 νοεῖσθαι,
3816 1099 4014 1149 οἰκειό-

2459 1196 2613 1250 τερον
2635 1182 2750 1252 Θεῷ
2783 1182 2976 1251 μᾶλλον
3010 1183 3042 1252 ἢ
3081 1182 3138 1234 τὸ
3171 1182 3242 1253 μὴ
3277 1185 3598 1254 κραιπαλᾷν,
3638 1185 3768 1256 μηδὲ
3796 1187 4012 1257 ὀργίζε-

2463 1272 2582 1324 σθαι
2602 1288 2615 1301 ο
2639 1271 2808 1324 ταῦτα
2833 1271 2940 1340 γὰρ
2961 1273 3053 1324 καὶ
3074 1272 3374 1343 ἀνθρώποις
3402 1277 3592 1336 οἰκεῖα,
3619 1277 3710 1328 καὶ
3744 1277 3830 1329 διὰ
3859 1277 4013 1331 τοῦτο

2459 1361 2676 1432 ἔσχατα.
2717 1364 2823 1415 Καὶ
2857 1363 3004 1432 ὅμως
3041 1365 3105 1415 ἐκ
3139 1361 3244 1414 τῶν
3284 1363 3520 1433 ἐσχάτων
3546 1366 3640 1434 τῆς
3675 1367 4012 1437 ἀφαιρέσεως

2461 1452 2753 1523 ἀρχόμεθα,
2792 1448 2897 1507 οἷον
2921 1469 2934 1482 ο
2957 1452 3168 1507 Μᾶλλον
3204 1454 3262 1505 οὐ
3304 1453 3484 1524 μεθύει
3511 1455 3547 1506 '6
3585 1455 3788 1524 Θεὸς,ἦ
3825 1457 3883 1508 οὐ
3925 1457 4012 1509 λέ-

2461 1561 2611 1612 γεται
2642 1561 2655 1574 ο
2701 1546 2794 1597 καὶ
2838 1543 3031 1613 μᾶλλον
3077 1543 3135 1596 οὐ
3185 1546 3346 1613 μηνιᾷ
3374 1544 3408 1618 ,ἢ
3455 1544 3513 1597 οὐ
3558 1549 3773 1598 νοεῖται.
3806 1547 4013 1619 ’Ὠσπερ

2461 1636 2587 1704 γοῦν
2619 1635 2708 1688 ἐπὶ
2738 1635 2841 1688 τῶν
2875 1635 3068 1689 θέσεων
3097 1634 3164 1686 τὰ
3191 1638 3363 1687 οἰκεῖα
3398 1635 3458 1686 τὸ
3493 1636 3687 1705 μᾶλλον
3728 1632 3892 1705 εἶχον,
3923 1638 4014 1690 καὶ

816 1720 1086 1788 proprium
1135 1730 1188 1772 et
1238 1720 1484 1788 primum.
1531 1719 1660 1774 Illud
1698 1723 1877 1789 itaque
1908 1720 2071 1775 Deum
2119 1736 2362 1776 sermone

2466 1726 2660 1796 μᾶλλον
2696 1725 2826 1789 Θεὸς
2870 1725 3176 1797 ἐλέγομενῆ
3209 1726 3333 1797 ἀὴρ,
3379 1727 3472 1779 καὶ
3509 1725 3704 1797 μᾶλλον
3744 1727 3945 1794 ἀγαθὸς
3980 1727 4010 1796 ἢ

815 1825 917 1864 non
943 1809 1144 1864 eﬂ'erri.
1186 1819 1240 1862 et
1275 1819 1458 1861 mente
1489 1823 1591 1862 non
1622 1812 1854 1880 concipi,
1889 1812 2060 1880 magis
2086 1813 2358 1881 proprium

2461 1783 2702 1886 irvaﬁtsw
2743 1783 2910 1881 οὕτως
2957 1783 3184 1869 ἐνταῦθα
3221 1783 3604 1886 Apamia
3633 1783 3832 1885 ἔσχατα
3860 1783 4012 1885 ἔχουλ

815 1913 896 1958 est
929 1903 1037 1956 Deo
1071 1916 1232 1968 quam
1273 1916 1377 1954 non
1418 1899 1707 1969 crapulari,
1753 1917 1924 1970 neque
1965 1903 2166 1957 irasci:
2198 1901 2356 1973 567

813 1991 1074 2066 siquidem
1110 1991 1220 2044 tunc
1253 1990 1411 2043 etiam
1445 1990 1750 2046 hominibus
1773 1995 1983 2062 propria
2015 2004 2158 2058 sunt,
2199 2006 2358 2062 atque

810 2089 1012 2143 idcirco
1047 2080 1251 2140 ultima.
1285 2079 1350 2139 Et
1391 2079 1641 2140 similiter
1670 2082 1970 2150 incipimus,
1997 2085 2064 2137 ab
2103 2074 2357 2145 extremis

809 2177 1113 2240 ablationis,
1143 2191 1194 2228 ν.
1220 2191 1301 2245 gr.
1329 2171 1495 2244 Magis
1530 2176 1669 2230 Deus
1712 2185 1816 2223 non
1866 2173 2157 2227 inebriatur
2193 2190 2353 2243 quam

811 2282 914 2322 non
940 2265 1432 2334 dicatur-,et'nxagis
1463 2282 1566 2320 non
1610 2269 1864 2321 irascitur
1884 2278 2040 2331 quam
2076 2279 2180 2318 non
2207 2267 2358 2320 intel-

807 2354 1022 2426 ligatur.
1063 2355 1514 2421 Quemadmodum
1557 2357 1716 2425 igitur
1751 2358 1804 2410 in
1849 2353 2204 2426 positionibus
2238 2371 2355 2424 quae

807 2445 1024 2515 propria
1063 2455 1186 2500 sunt
1228 2447 1579 2500 admittebant
1616 2447 1800 2514 magis,
1847 2455 1900 2501 et
1938 2446 2109 2517 magis
2143 2447 2355 2501 dicebac

807 2550 927 2589 mus
961 2537 1125 2590 Deum
1173 2551 1335 2604 quam
1382 2551 1597 2602 aerem;
1635 2545 1690 2589 et
1742 2536 1909 2606 magis
1954 2537 2149 2592 bonum
2191 2551 2352 2606 quam

806 2625 1072 2692 Spiritum,
1123 2624 1198 2679 ita
1250 2625 1338 2680 hic
1393 2626 1551 2680 etiam
1610 2634 1850 2680 extrema
1910 2629 2077 2696 magis
2127 2626 2347 2688 habent,

803 2716 1059 2781 quoniam
1103 2714 1264 2769 etiam
1313 2715 1636 2771 abstractive
1683 2716 1927 2782 dicimus,
1962 2719 2104 2772 verbi
2135 2719 2301 2788 gratia
2334 2761 2350 2788 ,

808 2801 979 2871 Magis
1044 2819 1148 2858 non
1200 2805 1510 2872 crapulatur
1547 2819 1706 2874 quam
1752 2820 1855 2859 non
1911 2807 2258 2875 intelligatur,
2295 2814 2390 2876 et.

2460 1925 2564 1970 σιν,
2593 1907 2696 1960 ,ὅτι
2739 1907 3177 1978 ἁφαιρεματικῶς
3238 1906 3484 1976 λέγομεν,
3534 1903 3642 1958 οἷον
3699 1906 3896 1976 μᾶλλον
3950 1906 4008 1958 οὐ

2443 1996 2728 2068 ικραιπαλᾷ
2758 1995 2790 2065 ἢ
2822 1996 2880 2048 οὐ
2915 1997 3131 2058 νοεῖται,
3166 1995 3258 2048 καὶ
3288 1995 3355 2048 τὰ
3393 1993 3566 2047 λοιπά.
3616 1995 3910 2064 Κραιπὰλη
3955 1992 4010 2046 δέ

2455 2088 2600 2142 ἐστιν
2632 2088 2666 2157 ἡ
2697 2086 2860 2157 πολλὴ
2897 2086 3030 2156 μέθη
3065 2087 3156 2138 καὶ
3201 2085 3546 2155 σφοδροτάτη,
3580 2080 3688 2136 οἷον
3719 2085 4008 2154 καραπάλη

2453 2196 2536 2242 τις
2565 2168 2718 2242 οὖσα,
2740 2179 2768 2230 ὃ
2799 2180 2911 2230 ἔστι
2943 2177 3001 2230 τὸ
3024 2178 3163 2246 κάρα
3185 2177 3300 2245 ἡτοι
3321 2175 3415 2244 τὴν
3448 2174 3681 2244 κεφαλὴν
3712 2175 4009 2238 πάλλουσα,

2455 2269 2547 2320 καὶ
2579 2267 2718 2320 πάνυ
2750 2265 3000 2320 κινοῦσα·
3042 2265 3196 2334 μῆνις
3247 2263 3304 2314 δὲ
3351 2261 3446 2331 οὐχ
3491 2265 3524 2333 η
3568 2261 3803 2330 τυχοῦσα
3846 2262 4006 2332 ὀργὴ,

2454 2357 2565 2411 ἀλλ’
2592 2346 2631 2428 ἡ
2664 2355 2932 2426 ἐπίμονος.
2969 2354 3075 2406 Ποῦ
3107 2353 3162 2404 δὲ
3193 2352 3298 2422 ἀὴρ
3331 2352 3537 2420 ἐλέχθη,
3569 2352 3660 2403 και
3693 2351 3792 2402 ποῦ
3825 2351 4002 2414 λίθος;

2451 2448 2609 2509 Λίθος
2644 2445 2738 2516 μὲν
2772 2444 2918 2516 παρὰ
2949 2443 3024 2512 τῷ
3057 2441 3235 2504 Δαυῖδ,
3261 2439 3440 2502 καθὼς
3465 2439 3556 2490 καὶ
3585 2441 3612 2491 ὁ
3644 2439 3843 2508 Κύριος
3878 2436 4007 2507 περὶ

2445 2537 2639 2592 ἑαυτοῦ
2687 2535 2955 2605 ἐξηγεῖται
2999 2534 3198 2601 λέγων·
3252 2532 3543 2585 Οὐδέποτε
3589 2529 3881 2599 ἀνέγνωτε
3938 2529 4007 2581 ἑν

2451 2625 2576 2691 ταῖς
2601 2623 2859 2693 Γραφαῖς
2883 2639 2897 2652 ο
2924 2624 3100 2676 Λίθον
3122 2622 3193 2674 ὃν
3223 2620 3662 2689 ἀπεδοκίμασαν
3688 2623 3740 2672 οἱ
3776 2617 4004 2670 οἰκοδο-

2455 2717 2717 2779 μοῦντες,
2743 2714 2912 2777 οὗτος
2941 2711 3187 2779 ἐγενήθη
3219 2714 3302 2776 εὶς
3333 2709 3600 2784 κεφαλὴν
3627 2710 3878 2777 τωνίιις;
3913 2708 4008 2760 καὶ

2453 2807 2610 2860 πάλιν
2649 2803 2794 2873 παρὰ
2825 2803 2900 2872 τῷ
2944 2801 3243 2870 Ἀποστόλῳ
3261 2817 3273 2830 ·
3323 2802 3390 2855 'H
3410 2799 3476 2852 δὲ
3499 2799 3679 2864 πέτρα
3707 2798 3785 2866 ἦν
3813 2801 3844 2851 ό
3866 2800 4004 2864 Χρι-

804 2903 1018 2948 cetera.
1052 2893 1273 2962 Crapula
1306 2903 1482 2947 autem
1523 2905 1605 2955 est
1637 2896 1850 2961 copiosa
1901 2906 1952 2948 et
1996 2884 2390 2950 vehementis-i

2453 2898 2630 2961 στός·
2683 2895 2791 2965 ἀὴρ
2821 2893 2875 2946 δὲ
2919 2892 3054 2946 κατὰ
3087 2893 3146 2945 τὸ
3178 2895 3236 2944 ἐν·
3274 2895 3389 2954 ταῖς
3433 2890 3731 2951 Βασιλεὶαις
3777 2889 4007 2959 εἰρημέ-

804 2984 936 3036 siina
978 2985 1244 3046 ebrietas,
1283 2986 1441 3038 veluti
1497 2985 1820 3056 καραπάλη,
1861 2987 1911 3039 id
1951 2997 2031 3040 est
2076 2986 2135 3039 τὸ
2183 2987 2344 3056 κάρα,

805 3087 896 3130 seu
954 3085 1145 3143 caput,
1200 3075 1487 3139 πάλλουσα,
1532 3079 1804 3146 quatiens,
1859 3077 2254 3144 plurimumque
2294 3091 2512 3132 movens
2567 3091 2583 3130 :

2453 3005 2540 3042 νον
2559 3003 2572 3017 ·
2607 2985 2716 3039 Καὶ
2743 2983 2867 3037 ἰδοὺ
2888 2983 3039 3050 αὖρα
3059 2981 3268 3049 λεπτὴ,
3306 2981 3400 3034 καὶ
3423 2980 3549 3034 ἐκεῖ
3573 2981 3807 3047 Κύριος.

2643 3076 2800 3146 μῆνις
2844 3085 3019 3128 autem
3071 3089 3171 3126 non
3222 3081 3322 3135 est,
3379 3082 3706 3138 quaecunque
3758 3070 3857 3131 ira,
3908 3068 4006 3121 sed

807 3179 1148 3232 permanens.
1184 3165 1280 3220 Ubi
1312 3175 1487 3218 autem
1513 3180 1606 3219 aer
1635 3167 1807 3219 dictus
1839 3175 1943 3226 est,
1971 3175 2024 3218 et
2054 3164 2143 3218 ubi
2171 3165 2343 3235 lapis?
2380 3164 2541 3234 Lapis
2582 3165 2795 3232 quidem
2820 3179 2848 3216 a
2893 3164 3090 3217 Davide
3117 3169 3169 3226 γ,
3200 3162 3339 3215 sicut
3387 3161 3548 3214 etiam
3615 3159 3873 3211 Dominus
3939 3157 4008 3212 de

803 3258 978 3324 seipso
1008 3256 1253 3322 explicat,
1288 3257 1477 3309 aiens:
1510 3253 1756 3323 Nunquid
1796 3255 1990 3322 legistis
2059 3257 2115 3308 in
2180 3256 2466 3334 Scripturis
2520 3272 2537 3308 :

2596 3254 2846 3320 Lapidem
2882 3270 3028 3322 quem
3073 3253 3467 3318 reprobavcrunt
3513 3251 3863 3317 aediﬁcantes,
3917 3252 4004 3303 hic

802 3347 973 3416 factus
999 3353 1072 3397 est
1102 3346 1156 3396 in
1176 3355 1326 3414 caput
1354 3339 1533 3414 anguli
1561 3355 1583 3381 ³
1607 3347 1629 3397 ?
1655 3347 1719 3398 Et
1747 3348 1934 3399 iterum
1968 3347 2033 3399 ab
2063 3346 2361 3414 Apostolo:
2401 3345 2558 3398 Petra
2600 3354 2767 3398 autem
2807 3354 2918 3397 erat
2959 3343 3193 3397 Christus
3224 3353 3272 3395 ι.
3328 3342 3434 3394 Aer
3466 3356 3591 3395 vero
3659 3341 3809 3408 juxta
3849 3343 4002 3412 quod

804 3440 1001 3495 dictum
1026 3446 1109 3492 est
1147 3439 1202 3493 in
1232 3439 1384 3494 libris
1405 3439 1640 3510 Regum:
1671 3436 1740 3490 Et
1777 3454 1889 3492 ecce
1926 3454 2057 3491 aura
2085 3439 2278 3499 tenuis,
2301 3447 2347 3491 et
2383 3439 2452 3491 ibi
2490 3437 2741 3490 Dominus
2764 3436 2813 3489 ιι.

816 3582 3968 3614 Mm

1244 3711 1614 3800 CAPUT
1686 3711 1847 3798 IV.

801 3848 954 3915 Quod
992 3851 1121 3901 nihil
1161 3863 1330 3900 rerum
1372 3847 1692 3898 sensibilium
1735 3847 1802 3898 sit
1833 3847 1898 3909 is,
1937 3863 2023 3914 qut
2062 3847 2226 3899 omnis
2266 3845 2340 3889 rei

951 3918 1150 3972 sentitis
1185 3915 1462 3970 secundum
1497 3915 1848 3969 excellentiam
1882 3925 1955 3969 est
1989 3927 2191 3968 auctor.

2803 3693 3435 3782 ΚΕΦΑΛΑΙΟΝ
3509 3690 3612 3777 Δ’.

2446 3840 2574 3893 Ὀτι
2593 3835 2772 3892 οὐδὲν
2800 3834 2915 3889 τῶν
2938 3833 3233 3898 αἰσθητῶν
3258 3836 3290 3885 ό
3314 3831 3535 3896 παντὸς
3547 3828 3835 3896 αἰσθητοῦ
3861 3823 3998 3881 καθ’

2945 3901 3246 3970 ὑπεροχὴν
3275 3902 3476 3966 αἴτιος.

2063 4024 2390 4082 SYNOPSlS
2421 4019 2702 4080 CAPITIS.

1165 4159 1417 4227 Exempla
1459 4161 1604 4226 ponit
1646 4159 1876 4227 negantis
1911 4157 2196 4225 theologica,
2226 4166 2274 4210 et
2300 4155 2521 4210 ostendit
2569 4152 2819 4222 quomodo
2844 4149 2975 4204 nihil
3017 4147 3202 4201 sensile
3227 4145 3332 4200 Deo
3364 4154 3635 4213 competat.

870 4301 1105 4357 Dicimus
1127 4314 1276 4369 ergo,
1299 4292 1508 4353 causam
1541 4297 1796 4358 omnium,
1823 4303 1877 4349 et
1897 4307 2013 4364 qua:
2034 4308 2188 4361 supra
2222 4307 2336 4344 om-
2365 4294 2390 4351 Ι

2504 4291 2745 4361 Λέγομεν
2780 4284 2891 4350 οὖν,
2941 4286 3014 4348 ὡς
3063 4285 3095 4356 ἡ
3145 4286 3355 4339 πάντων
3402 4286 3578 4348 αἰτία,
3623 4287 3760 4358 ὑπὲρ
3812 4291 3997 4344 πάνεα

798 4393 887 4446 nia
926 4399 1029 4454 est,
1058 4403 1153 4444 nec
1191 4387 1454 4450 essentia,
1503 4400 1600 4439 nec
1642 4385 1782 4448 vitm,
1824 4398 1923 4438 nec
1959 4383 2199 4444 rationis,
2241 4394 2338 4434 nec

803 4481 999 4534 mentis
1029 4487 1297 4548 expertem
1323 4493 1463 4538 esse,
1489 4491 1662 4544 neque
1692 4489 1886 4540 corpus
1931 4472 2213 4530 exsistere,
2243 4485 2340 4523 ne-

796 4586 899 4641 que
930 4571 1169 4640 ﬁguram,
1197 4583 1367 4637 neque
1388 4568 1692 4636 qualitatem
1723 4574 1814 4617 aut
1852 4565 2202 4632 quantitatem
2246 4568 2338 4614 aut

797 4664 990 4719 m‘olem
1026 4662 1244 4722 habere,
1284 4674 1453 4727 neque
1507 4659 1556 4712 in
1605 4659 1720 4710 loco
1763 4669 1901 4718 esse,
1934 4668 2103 4722 neque
2148 4653 2336 4715 videri,

799 4764 973 4821 neque
1012 4761 1208 4805 tactum
1256 4750 1502 4803 sensilem
1544 4747 1762 4806 habere,
1789 4757 1962 4811 neque
1992 4741 2208 4804 sentire,
2239 4757 2338 4795 nec

797 4840 896 4894 sub
917 4853 1131 4894 sensum
1172 4836 1388 4899 cadere,
1433 4850 1531 4888 nec
1568 4831 2013 4887 inordinationem
2058 4830 2337 4883 admittere

797 4938 888 4996 aut
914 4928 1364 4998 perturbationem
1396 4940 1424 4976 a
1454 4923 1788 4992 passionibus
1838 4918 2201 4973 materialibus
2237 4933 2333 4970 ex-

793 5020 1034 5081 citatam,
1067 5032 1165 5071 nec
1199 5013 1515 5068 imbecillem
1543 5027 1659 5065 esse
1698 5019 1752 5064 et
1791 5007 2074 5063 sensilibus
2120 5006 2331 5061 casibus

2431 4377 2582 4442 οῦσα,
2616 4379 2736 4432 οῦτε
2769 4376 3009 4439 ἀνοὺσιός
3042 4377 3204 4437 ἐστιν,
3239 4373 3359 4427 οὔτε
3391 4373 3579 4438 ἄζωος,
3617 4375 3734 4428 οὔτε
3771 4377 3995 4446 ἄλογος,

2431 4471 2554 4525 οὕτε
2586 4471 2758 4532 ἄνους,
2792 4469 2910 4520 οὐδὲ
2955 4467 3110 4536 σῶμά
3152 4469 3323 4518 ἐστιν·
3351 4463 3468 4517 οὔτε
3504 4467 3703 4535 σχῆμα,
3737 4467 3867 4520 οὗτε
3915 4468 3996 4522 εἷ-

2433 4560 2538 4621 δος,
2568 4556 2688 4609 οὔτε
2735 4555 3008 4624 ποιότητα,
3042 4555 3074 4623 ἢ
3111 4553 3393 4620 ποσότητα,
3427 4553 3459 4622 ἢ
3492 4554 3649 4620 δγκον
3687 4554 3835 4623 ἔχει·
3874 4558 3996 4610 οὐδὲ

2435 4651 2491 4700 ὲν
2521 4649 2664 4717 τόπῳ
2698 4646 2863 4708 ἐστὶν,
2902 4641 3021 4695 οὔτε
3069 4644 3280 4712 ὁρᾶται,
3313 4641 3431 4694 οὔτε
3463 4643 3673 4713 ἐπαφὴν
3717 4645 3997 4716 αἰσθητὴν

2436 4737 2576 4806 ἔχει·
2629 4736 2747 4787 οὐδὲ
2795 4733 3132 4793 αἰσθάνεται,
3179 4730 3300 4784 οὔτε
3353 4731 3574 4800 αἰσθητή
3625 4734 3803 4796 ἐστιν,
3870 4735 3992 4786 οὐδὲ

2433 4826 2655 4894 ἀταξίαν
2705 4825 2813 4893 ἔχει
2859 4824 2951 4876 καὶ
2986 4823 3256 4893 ταραχὴν,
3292 4822 3395 4874 ὑπὸ
3433 4821 3615 4874 παθῶν
3645 4821 3851 4875 ὑλικὼν
3903 4827 3993 4878 ὲν-

2433 4918 2754 4987 οχλουμένη·
2806 4913 2929 4966 οὔτε
2981 4912 3245 4982 ἀδύναμός
3276 4912 3419 4964 ἐστιν
3467 4912 3506 4975 ⁷,
3545 4910 3820 4980 αἰσθητοῖς
3858 4916 3996 4966 ὑπο·

2431 5006 2651 5076 κειμένη
2702 5002 3109 5074 συμπτώμασιν,
3142 5000 3262 5054 οῦτε
3307 5004 3364 5054 ὲν
3409 4999 3578 5080 ὲηδείᾳ
3621 5000 3736 5051 ἐστὶ
3780 5001 3991 5067 φωτὸς,

792 5108 1115 5170 obnoxium;
1165 5117 1336 5174 neque
1380 5102 1516 5156 lucis
1558 5101 1791 5168 indigum
1843 5096 2129 5160 exsistere,
2158 5109 2329 5163 neque

2443 5098 2544 5148 ὧδὲ
2576 5094 2873 5158 ἀλλοίωσιν,
2908 5093 2939 5162 ἢ
2974 5091 3194 5162 φθορὰν,
3241 5090 3274 5160 ἦ
3322 5088 3599 5160 μερισμὸν,
3631 5088 3666 5158 ἦ
3701 5090 3989 5161 στέρησιν,

793 5198 1137 5251 mutationem
1162 5203 1253 5248 aut
1271 5192 1693 5260 corruptionem,
1719 5201 1890 5257 neque
1911 5186 2132 5252 ﬂuxum,
2157 5197 2326 5252 neque

2443 5185 2458 5254 ἦ
2496 5183 2692 5254 ρεῦσιν,
2727 5181 2845 5234 οὕτε
2890 5180 3015 5233 ἄλλο
3058 5197 3111 5234 τι
3155 5179 3261 5234 τῶν
3305 5175 3590 5241 αἰσθητῶν,
3635 5177 3758 5232 οὔτε
3812 5179 3989 5244 ἐστὶν,

790 5289 1080 5360 quidquam
1107 5296 1252 5349 sunt,
1270 5285 1349 5339 vel
1374 5298 1513 5348 esse,
1540 5289 1623 5335 vel
1653 5284 1873 5334 habere.

2443 5273 2547 5326 ὥτε
2580 5272 2707 5342 ἔχει.

1529 5445 1549 5472 τ
1583 5434 1716 5489 Luc.
1753 5447 1842 5496 xx,
1879 5428 1965 5484 t7.
2034 5441 2061 5471 ι
2095 5429 2113 5481 l
2148 5426 2269 5483 Cor.
2305 5443 2359 5483 x.
2394 5426 2445 5478 ι.
2511 5427 2537 5466 b
2570 5423 2633 5477 lll
2669 5424 2798 5478 Rea.
2836 5440 2945 5484 xix,
2983 5423 3068 5477 12.

2041 5538 2268 5596 ΥΑΒΙᾹἙ
2331 5537 2727 5595 LECTIONES.

862 5662 1008 5722 'alia
1033 5665 1189 5722 lectio
1221 5665 1274 5720 in
1301 5663 1361 5718 D.
1393 5672 1625 5726 notatur,
1662 5659 1915 5724 ἀδύνατός
1950 5661 2115 5712 ἐστιν.

930 5449 958 5488 ν
989 5439 1134 5496 Psal.
1166 5454 1330 5502 cxvu,
1363 5436 1453 5490 2‘3.
