4180 6312
167 334 301 391 10-ιὸ

1218 333 1306 389 DE
1337 334 1639 392 MYSTICA
1670 333 2080 402 THEOLOGIA,
2113 334 2267 393 CAP.
2300 332 2344 387 ν

3273 325 3401 387 ωόθ

166 449 450 515 ἀγούσιος
496 450 808 523 παχυτέραν
843 449 955 521 ἔχει
999 449 1094 522 τὴν
1153 452 1489 523 παραλογῖαν
1517 494 1532 520 ,
1583 455 1644 509 τὸ
1682 455 1735 508 δὲ

1840 457 1982 524 quod
2016 454 2219 512 nonsit
2238 452 2559 509 substantia:
2582 461 2801 518 expers,
2834 459 2994 517 quam
3018 446 3159 515 quod
3196 452 3303 502 non
3329 446 3403 503 sit

166 541 347 609 ἄνους
378 542 729 614 λεπτοτέρανο
760 545 854 597 καὶ
882 543 970 598 διὰ
993 544 1149 598 τοῦτο
1167 545 1266 616 τὴν
1295 546 1567 615 ἀπόφασιν
1601 546 1740 600 ὲκεί-

163 649 253 685 νοιι
286 633 675 707 εὐγολωτέρως
704 633 1002 706 δέξονταιῆ
1030 636 1127 708 τὴν
1145 636 1356 691 τούτου.
1405 638 1738 705 Ἀναγκαῖως

162 724 219 777 δὲ
248 725 335 778 διὰ
364 725 569 807 τούτων
596 729 624 779 6
649 728 839 801 Πατὴρ
858 722 1299 801 προησφαλίσατο
1328 731 1417 784 τὸν
1444 732 1736 804 ἀκροατὴν,

163 812 301 868 ὥστε
337 814 508 887 μὴ’ὲν
541 816 666 880 ταῖς
697 814 824 886 ἑξῆς
856 818 1228 887 ἀποφάσεσιν,
1261 821 1349 874 ὅτε
1383 822 1527 892 λέγει
1547 841 1560 853 ο
1602 823 1737 877 Οὔτε

166 907 319 978 σῶμά
352 911 521 973 ἐστιν,
554 908 677 962 οὔτε
708 909 790 975 τὸ,
828 908 951 964 οὔτε
978 912 1060 977 τὸ,
1089 901 1295 967 οἴεσθαι
1325 914 1460 979 ὅλως
1492 916 1568 987 μὴ
1600 911 1739 970 εἶναι

160 996 220 1049 τὸ
247 998 412 1055 θεῖον.
445 998 583 1053 Ἀλλ’
606 1002 664 1053 ἐν
695 1000 902 1065 τούτοις
928 1001 1024 1071 μὲν
1045 1003 1111 1056 τὸ
1142 999 1279 1057 εῖναι
1310 1005 1455 1077 αὐτῷ
1481 1006 1733 1060 ὑπέθετο’

160 1088 327 1142 εἰπὼν
341 1089 470 1162 γὰρ,
484 1092 619 1145 οὐτε
636 1093 941 1160 ἀνσύσιος,
954 1095 1140 1148 οὐσίαν
1158 1094 1439 1167 ἐδήλωσεν*
1456 1099 1592 1152 οὔτε
1610 1096 1741 1166 dia)-

160 1196 246 1244 ος,
282 1178 463 1249 ζῶσαν
491 1180 784 1251 ἐδήλωσεν·
812 1180 950 1241 οὔτε
982 1181 1222 1252 ἄλογος,
1246 1182 1401 1252 λόγον
1431 1184 1696 1256 ἐδήλωσεν
1718 1204 1731 1218 ’

159 1271 296 1324 οὔτε
319 1272 525 1339 ἄνους,
546 1268 669 1325 νοῦν
682 1273 966 1343 ἐδήλωσεν.
985 1273 1072 1326 Ἑν
1086 1274 1291 1330 τούτοις
1302 1270 1396 1328 οὖν
1412 1275 1738 1348 ὑποθέμενος

158 1360 218 1413 τὸ
248 1356 391 1415 εἶναι
424 1362 577 1426 αὑτὸ,
602 1365 660 1416 ὲν
683 1366 797 1439 τοῖς
829 1364 1049 1435 ἑφεξῆς,
1080 1365 1167 1419 ὅτε
1190 1365 1338 1435 λέγει
1358 1364 1420 1419 τὺ
1441 1366 1618 1439 σῶμα,
1646 1369 1738 1422 καὶ

158 1448 225 1501 τὰ
275 1450 465 1514 λοιπὰ,
521 1452 585 1507 τὸ
638 1438 793 1507 κατὰ
838 1454 1002 1524 μηδὲν
1030 1452 1139 1509 τῶν
1184 1454 1351 1509 ὄντων
1391 1438 1533 1511 εἶναι
1554 1497 1571 1523 ,
1618 1452 1736 1513 ἀλλ’

160 1538 483 1609 ὑπερούσιον
534 1541 887 1613 ᾐνίξατοιτὸ
929 1545 1039 1618 γὰρ
1086 1544 1161 1617 μὴ
1210 1545 1269 1601 ὃν
1313 1546 1581 1604 ἀνούσιον.
1628 1550 1738 1604 Καὶ

160 1630 320 1683 πάλιν
353 1632 413 1685 οὐ
450 1631 627 1703 σῶμα,
660 1633 775 1688 ἀλλ’
795 1636 935 1706 ὑπὲρ
969 1638 1170 1706 πᾶσαν,
1204 1641 1395 1713 ἑτέραν
1416 1641 1623 1707 οὐσίαν,
1640 1643 1735 1697 καὶ

159 1720 271 1774 ἐστι
316 1726 411 1777 καὶ
457 1726 776 1797 ὑπεροὺσιόν
827 1731 997 1787 ἐστιν.
1055 1730 1239 1785 Εἰπὼν
1262 1733 1342 1801 δὲ,
1390 1731 1527 1788 Οὔτε
1577 1734 1736 1807 σῶμα

162 1814 337 1879 ἐστιν,
374 1816 589 1889 ἀναιρεί
620 1820 802 1875 καὶτὰ
843 1824 973 1894 περὶ
1001 1822 1063 1876 τὸ
1104 1822 1261 1895 σῶμα
1283 1842 1298 1855 ο
1329 1826 1731 1898 ἀσχημάτιστον

162 1904 291 1976 γὰρ,
353 1908 446 1961 καὶ
497 1909 759 1977 ἀνείδεον,
826 1914 921 1967 καὶ
974 1914 1199 1980 ἄποσον,
1243 1916 1338 1969 καὶ
1378 1901 1586 1983 dimov,
1640 1920 1734 1973 καὶ

155 2001 382 2067 ᾶογκον.
436 1999 574 2055 Ἀλλ’
607 2003 715 2056 οὐδ’
744 2006 802 2058 ὲν
828 2005 978 2076 τόπῳ
1013 2006 1128 2058 ἐστι
1148 2022 1162 2037 ο
1199 2008 1307 2061 πᾶν
1338 2006 1447 2079 γὰρ
1472 2026 1734 2082 περιγρα-

160 2090 289 2144 πτὸν
338 2094 399 2146 ὲν
440 2093 587 2165 τόπῳ
610 2136 625 2160 ,
660 2096 786 2149 ἐπεὶ
826 2097 856 2149 6
885 2085 1049 2162 τόπος
1082 2098 1254 2171 πέρας
1286 2100 1404 2154 ἐστὶ
1434 2085 1531 2154 τοῦ
1576 2118 1733 2171 περιέ

158 2181 404 2251 έχοντος.
464 2185 537 2237 Τὸ
580 2185 635 2239 δὲ
673 2186 848 2254 θεῖον,
901 2190 1187 2261 πανταχοῦ·
1218 2192 1421 2263 ¹ιιιςαρὸν,
1468 2195 1563 2247 καὶ
1594 2195 1733 2267 πλη-

159 2272 285 2343 ροῦν
334 2274 402 2327 τὰ
448 2276 655 2341 πάντα,
703 2279 763 2332 οὔ
813 2278 1121 2352 περιέχεται
1161 2284 1291 2356 παρ’
1334 2285 1546 2350 οὐδενός
1569 2304 1584 2319 ο
1618 2276 1733 2341 ἀλλ’

157 2363 263 2416 οὐδ’
319 2366 510 2435 δρᾶται
532 2383 546 2398 ο
599 2369 706 2421 οὐδ’
738 2398 741 2401 -
769 2370 983 2442 ἐπαφὴν
1011 2370 1171 2443 ἔχει,
1215 2374 1297 2428 ὅτι
1340 2375 1447 2429 οὐδ’
1479 2376 1733 2448 αἰσθητόν

158 2454 305 2505 ἐστιν
355 2455 432 2525 (αἱ
462 2455 571 2531 γὰρ
602 2459 882 2532 αἰσθήσεις
911 2463 1039 2534 περὶ
1069 2463 1136 2517 τὰ
1168 2467 1443 2541 αἰσθητά),
1477 2468 1603 2523 ἀλλ’.
1623 2470 1733 2523 οὐδ’

157 2545 473 2601 αἰσθάνεται
504 2566 517 2578 ·
553 2550 673 2603 οὐδὲ
705 2551 813 2623 γὰρ
846 2555 1159 2628 αἰσθητικόν
1193 2562 1376 2626 ἐστιν,
1409 2561 1520 2615 οὐδ’
1544 2562 1732 2635 αἰσθή-

160 2653 267 2700 σεις
310 2637 443 2708 ἔχει.
485 2639 620 2693 Οὔτε
651 2642 755 2695 ὑπὸ
786 2644 974 2700 παθῶν
1006 2647 1328 2718 ἐνοχλεῖται,
1360 2650 1485 2705 οὔτε
1517 2652 1577 2717 ἐξ
1607 2654 1734 2708 ἀδυ-

160 2729 363 2799 ναμίας
408 2732 686 2805 αἰσθητοῖς
732 2735 1015 2791 ὑπόκειται
1060 2740 1309 2796 πάθεσιν.
1355 2741 1493 2797 Οὔτε
1520 2726 1605 2797 δεῖ
1633 2747 1730 2799 αὑ-

1842 547 2035 602 mentis
2079 560 2293 615 expers,
2341 543 2613 615 siquidem
2658 539 2928 605 ἁνούσιος,
2975 538 3028 594 id
3076 546 3163 594 est
3206 552 3401 594 carens

1840 637 2135 693 substantia
2164 677 2182 704 ,
2254 634 2579 691 crassiorem
2657 632 2825 688 habet
2898 629 3399 709 lmproportionem,

1840 727 1997 792 ἄνους
2033 743 2185 794 vero,
2228 741 2326 783 seu
2364 723 2560 781 mentis
2584 738 2800 794 expers,
2830 722 3200 791 subtiliorem;
3234 730 3290 778 et
3318 720 3400 777 id-

1839 822 1989 878 circo
2020 821 2163 876 illius
2191 820 2529 891 negationem
2555 817 2770 875 facilius
2790 818 3097 883 admittent,
3121 829 3282 886 quam
3301 814 3401 869 bu-

1836 913 1947 984 jns.
1984 911 2303 968 Necessario
2332 919 2512 967 autem
2538 910 2624 966 hic
2657 908 2815 964 Pater
2842 924 2939 978 per
2972 907 3075 962 ista
3098 905 3402 977 praemuniit

1840 1004 2177 1080 auditorem,
2209 1017 2276 1058 ne
2304 1004 2357 1057 in
2383 1001 2740 1073 sequentibus
2771 997 3167 1071 negationibus,
3186 997 3400 1067 quando

1840 1096 1970 1152 dicit
1999 1115 2013 1150 :
2040 1095 2228 1165 Neque
2266 1109 2466 1164 corpus
2511 1104 2620 1160 est,
2670 1105 2846 1163 neque
2884 1091 3010 1155 hoc,
3046 1105 3218 1161 neque
3245 1087 3398 1153 illud,

1837 1189 2148 1244 existiment
2176 1186 2353 1242 Deum.
2375 1185 2598 1243 omnino
2622 1200 2729 1241 non
2759 1198 2904 1241 esse.
2938 1182 3043 1238 Sed
3074 1182 3127 1238 in
3156 1180 3241 1237 bis
3273 1179 3397 1250 qui-

1838 1279 1959 1335 dem
2014 1276 2189 1349 ipsu'm
2221 1277 2477 1349 supponit
2513 1272 2637 1333 esse
2670 1290 2689 1333 :
2723 1290 2847 1332 cum
2885 1274 3030 1331 enim
3058 1261 3282 1339 diceret,
3304 1288 3397 1327 ne-

1836 1386 1935 1441 que
1963 1370 2184 1425 essentia
2213 1386 2390 1425 carere
2412 1412 2428 1439 ,
2486 1368 2780 1426 essentiam
2822 1366 3197 1438 signiﬁcabat;
3239 1379 3401 1434 neque

1835 1465 1939 1518 vita
1969 1461 2131 1533 57]ι
2150 1474 2365 1529 carere,
2390 1463 2556 1518 vitam
2584 1461 2939 1527 declarabat;
2982 1473 3145 1529 neque
3192 1456 3404 1510 irratio-

1840 1554 2007 1608 nalem
2038 1568 2183 1622 esse,
2228 1555 2494 1610 rationem
2529 1553 2975 1622 demonstrabat;
3014 1565 3175 1621 nequ
3216 1563 3400 1602 aurea-

1838 1655 1938 1699 tem
1959 1647 2230 1711 exsistere,
2256 1653 2492 1701 mentem
2536 1645 2941 1701 manifestabat.
2997 1642 3055 1698 In
3096 1642 3181 1697 his
3218 1640 3399 1708 itaque

1837 1752 2145 1807 supponens
2188 1740 2363 1807 ipsum
2402 1750 2545 1801 esse,
2582 1736 2638 1793 in
2678 1736 2744 1792 iis
2772 1750 2893 1806 quae
2921 1741 3244 1804 sequuntur,
3274 1743 3398 1786 cum

1837 1830 1968 1885 dicit
1991 1842 2214 1896 corpus,
2243 1836 2298 1883 et
2324 1837 2547 1893 cetera,
2569 1825 2863 1881 secundum
2901 1822 3035 1879 nihil
3060 1834 3248 1878 eorum
3278 1832 3400 1888 qua:

1833 1919 2123 1985 exsistunt,
2152 1930 2294 1985 esse,
2312 1918 2408 1975 sed
2432 1931 2597 1987 supra
2627 1914 2985 1972 substantiam
3017 1926 3137 1968 esse
3159 1909 3402 1966 insinua-

1834 2009 1948 2077 vit;
1991 2010 2137 2080 quod
2170 2009 2314 2064 enim
2350 2024 2457 2063 non
2479 2017 2587 2073 est,
2628 2007 2685 2062 id
2715 2006 2950 2062 essentia
2984 2013 3154 2059 caret.
3187 2000 3253 2055 Et
3278 2014 3401 2054 rur-

1834 2114 1953 2153 sum
1990 2098 2043 2153 id
2078 2099 2219 2169 quod
2262 2114 2369 2154 non
2403 2112 2621 2168 corpus,
2667 2098 2765 2159 sed
2801 2110 2963 2165 supra
2988 2107 3203 2150 omnem
3238 2090 3401 2145 aliam

1833 2192 2183 2247 substantiam
2208 2192 2446 2257 exsistit,
2466 2190 2522 2246 id
2556 2198 2740 2256 etest,
2773 2197 2830 2243 et
2854 2200 3016 2255 supra
3039 2181 3400 2240 substantiam

1833 2284 2084 2339 est.Cum
2108 2298 2238 2339 vero
2265 2283 2396 2339 dicit
2416 2300 2431 2337 :
2451 2282 2634 2353 Neque
2653 2294 2850 2350 corpus
2871 2287 2975 2344 est,
2997 2278 3133 2332 tollit
3153 2276 3314 2331 etiam
3337 2289 3401 2328 ea

1832 2389 1953 2443 qua:
1970 2374 2115 2428 circa
2143 2387 2340 2444 corpus
2364 2382 2508 2440 sunt;
2534 2373 2801 2442 siquidem
2824 2382 2878 2427 et
2903 2371 3097 2440 ﬁgura,
3126 2375 3183 2422 et
3208 2363 3400 2429 forma,

1831 2476 1886 2520 et
1911 2465 2232 2535 quantitate,
2250 2476 2307 2521 et
2330 2466 2616 2537 qualitate,
2632 2474 2688 2520 et
2722 2464 2862 2520 mole
2887 2471 3057 2519 caret.
3089 2458 3196 2515 Sed
3224 2471 3404 2526 neque

1833 2558 1887 2612 in
1930 2558 2051 2613 loco
2087 2568 2201 2628 est;
2229 2571 2391 2613 omne
2436 2556 2583 2612 enim
2633 2554 2779 2625 quod
2820 2550 3310 2612 circumscribitur,
3349 2546 3404 2600 id

1832 2660 1917 2706 est
1946 2650 2001 2705 in
2032 2649 2177 2717 loco,
2200 2649 2456 2719 quoniam
2486 2648 2640 2704 locus
2661 2656 2746 2704 est
2770 2646 3032 2703 terminus
3055 2639 3401 2698 continentis.

1837 2742 1977 2798 Deus
1998 2751 2176 2798 autem
2194 2741 2287 2812 qui
2304 2742 2503 2813 ubique
2528 2754 2769 2811 presens
2792 2746 2899 2803 est,
2917 2745 2974 2793 et
2997 2734 3183 2804 implet
3201 2731 3402 2797 omnia,

157 2818 235 2889 τῷ
276 2820 376 2873 τοῦ
431 2823 642 2891 φωτὸς,
699 2825 822 2879 οὔτε
865 2818 1203 2905 ἀλλοιοῦται,
1248 2833 1371 2886 οὔτε
1419 2835 1728 2909 φθείρεται⁶

1834 2850 1865 2889 a
1897 2833 2043 2890 nullo
2067 2835 2398 2899 continetur,
2426 2831 2521 2889 sed
2541 2845 2722 2901 neque
2749 2829 2986 2895 videtur,
3004 2839 3177 2897 neque
3202 2833 3403 2878 tactum

158 2910 654 2985 ἀναλλοίωτονςγὰρ
687 2916 779 2969 καὶ
810 2917 1095 2973 ἀθάνατον.
1146 2921 1279 2975 Οὐδὲ
1305 2910 1588 2994 ’μερισμὸν
1611 2923 1733 2993 ὑφί-

1840 2929 2022 2995 babet,
2052 2927 2179 2998 quia
2224 2941 2399 2997 neque
2444 2923 2717 2982 sensibilis
2755 2922 2985 2978 exsistit
3008 2921 3231 2993 (sensus
3260 2918 3403 2972 enim

160 3012 351 3054 σταται
402 3004 460 3055 ὲν
534 3003 612 3075 τῷ
671 3006 771 3070 τὰς
830 3011 978 3079 τρεῖς
1039 3009 1374 3082 ζωαρχικὰς.
1409 3014 1731 3082 ὑποστάσεις

1833 3022 1983 3076 circa
2009 3034 2074 3075 ea
2102 3028 2393 3075 versantur
2413 3034 2535 3089 quae
2561 3016 2899 3087 sentiuntur)
2926 3013 3103 3083 neque
3134 3013 3401 3074 sentitur;

162 3089 580 3192 ῖδιοϋποστάτως
611 3092 749 3151 εἶναί
775 3116 834 3153 τε
867 3101 960 3154 καὶ
986 3090 1244 3156 νοεῖσθαι.
1275 3105 1410 3159 Οὐδὲ
1443 3107 1693 3178 στέρησιν
1714 3125 1729 3136 ³

1838 3126 2009 3182 neque
2049 3113 2193 3170 enim
2238 3110 2439 3171 sensile
2460 3110 2592 3183 quid
2634 3119 2739 3177 est,
2783 3122 2958 3177 neque
2993 3119 3190 3199 sensus
3219 3103 3403 3199 habet.

157 3179 223 3235 τὰ
255 3181 371 3253 γὰρ
404 3186 673 3255 προσόντα
702 3187 779 3259 τῷ
804 3190 925 3261 Θεῷ
956 3191 1132 3260 ἀγαθὰ
1164 3195 1258 3259 καὶ
1292 3195 1617 3269 ὑπερπλήρη
1640 3198 1735 3251 καὶ

1842 3179 2029 3274 Neque
2072 3204 2413 3275 passionibus
2463 3179 2734 3267 turbatur,
2783 3213 2957 3269 neque
2980 3212 3049 3253 ex
3090 3194 3406 3265 impotentia

160 3275 367 3341 φυσικά
401 3278 570 3335 ἐστιν.
588 3279 724 3334 Οὐδὲ
746 3280 929 3352 ρεῧσιν
952 3284 1275 3353 ὑφίσταται,
1290 3285 1606 3357 ἀρῤεύστως
1627 3287 1735 3359 γὰρ

1845 3295 2129 3351 sensilibus
2178 3294 2518 3362 passionibus
2582 3292 2851 3349 obnoxius
2912 3298 3014 3346 est.
3063 3287 3249 3356 Neque
3307 3285 3407 3354 ipsi

158 3369 185 3420 6
234 3371 530 3443 μονογενὴς
575 3373 747 3440 Λόγος
798 3377 862 3429 ὲκ
909 3376 1003 3429 τοῦ
1051 3378 1265 3450 Πατρὸς
1307 3380 1593 3449 γεννᾶται,
1648 3378 1735 3433 καὶ

1846 3397 1980 3451 opus
2006 3382 2088 3437 est
2115 3382 2337 3447 lumine,
2378 3395 2555 3453 neque
2581 3382 2923 3444 immutatttr,
2957 3392 3139 3449 neque
3159 3390 3405 3431 corrum-

161 3458 388 3523 ἀπαθῶς
418 3463 491 3527 ,ὲκ
521 3462 616 3515 τοῦ
650 3465 865 3536 Πατρὸς
906 3468 1357 3539 ἐκπορεύεται-τὸ
1392 3471 1543 3540 ἆγιον
1566 3470 1735 3525 Πνεῦ-

1849 3474 1994 3544 pitur
2024 3474 2413 3530 :yitmnutabilis
2437 3474 2582 3531 enim
2608 3482 2662 3529 et
2690 3472 3009 3530 immortalis
3044 3471 3277 3527 exsistit.
3304 3466 3409 3524 Ne-

165 3564 261 3615 μα.
308 3544 447 3602 Οὔτε
494 3551 623 3606 ἄλλο
661 3572 713 3608 τι
758 3556 867 3609 τῶν
910 3559 1182 3632 αἰσθητῶν
1226 3559 1350 3614 οὔτε
1387 3562 1568 3626 ἐστὶν,
1614 3561 1735 3615 οὔτε

1848 3580 1954 3636 que
1985 3564 2307 3620 divisionem
2339 3564 2509 3631 subit,
2535 3565 2662 3620 dum
2692 3576 2805 3619 tres
2843 3561 3233 3634 personzevvitm
3254 3560 3408 3630 prin-

163 3635 293 3709 ἔχει.
329 3641 406 3693 Τὸ
448 3643 547 3713 μὲν
590 3645 743 3712 ἐστι,
779 3648 866 3702 διὰ
893 3650 961 3705 τὰ
995 3650 1115 3704 καθ’
1151 3652 1288 3706 αὐτὰ
1329 3652 1613 3722 ὑφεστῶτα
1646 3653 1733 3707 λέ-

1839 3658 1988 3727 cipes
2030 3669 2127 3728 per
2175 3658 2454 3729 propriam
2504 3672 2656 3712 suam
2699 3655 3102 3711 subsistentiam
3143 3662 3199 3709 et
3233 3648 3406 3709 subsi-

162 3746 266 3799 γει,
308 3734 475 3804 ἤγουν
520 3738 754 3809 πνεῦμα,
788 3742 917 3813 ἀὴρ,
952 3743 1094 3808 λίθος
1115 3764 1128 3777 ·
1170 3745 1230 3800 τὸ
1253 3746 1307 3799 δὲ
1332 3748 1477 3817 ἔχει,
1510 3746 1597 3802 διὰ
1630 3748 1731 3814 τὰς

1836 3754 2009 3816 stunt,
2063 3758 2119 3803 et
2171 3747 2565 3819 intelliguntur.
2592 3747 2785 3818 Neque
2832 3747 3190 3818 privationem
3227 3759 3243 3798 :
3281 3758 3407 3799 nam

164 3820 494 3893 δηλωθείσας
540 3832 854 3900 σωματικὰς
895 3836 1201 3906 ποιότητας.

1832 3839 1973 3894 bona
2015 3854 2134 3909 qua:
2164 3841 2273 3897 lico
2303 3840 2519 3907 insunt,
2536 3848 2590 3897 et
2646 3853 2975 3913 supraquam
3002 3836 3177 3907 plena
3202 3843 3328 3890 sunt
3353 3848 3408 3897 et

165 3918 452 3972 naturalia.
491 3920 675 3991 Neque
720 3924 921 3979 ﬂuxum
978 3928 1257 3997 sustinet,
1298 3929 1565 3999 siquidem
1614 3930 1734 3988 sine
1762 3930 1910 3986 lluxu
1937 3932 2265 4002 unigenitum
2292 3932 2532 3987 Verbum
2564 3945 2632 3987 ex
2660 3930 2827 3990 Patre
2855 3929 3112 4000 gignitur,
3177 3939 3233 3983 et
3286 3941 3407 3980 san-

166 4016 283 4062 ctus
325 4009 415 4065 ille
458 4011 694 4081 Spiritus
729 4016 847 4072 sine
885 4018 1134 4085 passione
1172 4033 1239 4075 ex
1285 4020 1444 4077 Patre
1506 4023 1774 4091 procedit.
1808 4023 1993 4095 Neque
2044 4024 2343 4097 quidquam
2386 4022 2531 4080 aliud
2574 4038 2755 4079 rerum
2802 4021 3139 4080 sensibilium
3184 4019 3264 4074 vel
3326 4026 3408 4074 est

165 4099 246 4151 vel
277 4100 461 4155 habet.
494 4104 633 4159 Dicit
662 4108 878 4176 quidem
910 4108 1038 4165 illud
1064 4120 1162 4177 est,
1193 4122 1409 4182 propter
1436 4128 1499 4167 ea
1535 4128 1655 4183 quae
1674 4130 1769 4184 per
1796 4131 1855 4169 se
1882 4115 2203 4182 subsistunt,
2228 4124 2289 4169 ut
2302 4115 2547 4181 spiritus,
2570 4128 2684 4184 aer,
2715 4114 2887 4187 lapis;
2912 4114 3043 4170 illud
3071 4128 3197 4169 vero
3230 4112 3404 4176 habet,

167 4203 390 4261 propter
412 4193 521 4261 jam
553 4197 851 4254 declaratus
893 4216 1183 4271 curporeas
1221 4205 1533 4275 qualitates.

196 4325 3390 4363 _______________________________________________________

559 4508 1204 4597 ΚΕΦΑΛΑΙΟΝ
1234 4507 1342 4599 Ε’.
1766 4506 1811 4562 θ

176 4641 301 4697 Ὀτι
333 4645 513 4699 οὐδὲν
573 4645 952 4723 τῶν-νοητῶν
999 4655 1031 4705 ὀ
1088 4652 1313 4717 παντὸς
1356 4655 1579 4723 νοητοῦ
1608 4657 1744 4711 καθ*

683 4720 989 4790 ὑπεροχὴν
1014 4724 1217 4788 αἴτιος.

2237 4500 2396 4572 ⁵⁷2
2464 4519 2839 4609 CAPUT
2889 4520 3001 4609 v.

1846 4654 2004 4722 Quod,
2037 4658 2181 4712 nihil
2214 4674 2387 4711 rerum
2425 4657 2802 4711 intellectilium
2838 4657 2903 4709 sit
2947 4657 2990 4711 is
3018 4659 3107 4727 qui
3138 4659 3303 4710 omnis
3333 4658 3405 4711 rei

1951 4728 2267 4783 intellectilt's
2292 4732 2580 4782 secundum
2603 4727 2975 4787 excellentiam.
2992 4740 3065 4785 est
3094 4738 3296 4784 auctor.

1446 4881 1783 4941 SYNOPSIS
1817 4882 2109 4941 CAPITIS.

183 5014 360 5079 Docet,
392 5012 560 5069 Deum
591 5015 720 5071 nihil
749 5032 858 5071 esse
886 5034 1065 5073 eorum
1093 5038 1208 5091 qua:
1238 5040 1332 5100 _n_os
1356 5026 1713 5100 cognoscimus
1737 5024 1885 5100 aged
1917 5042 2026 5100 esse
2053 5041 2215 5100 supra
2257 5029 2433 5081 omnia
2476 5029 2582 5081 ista
2610 5043 2933 5097 quarumque
2951 5026 3407 5100 quomodocumque

1100 5110 1133 5146 a
1161 5094 1307 5149 nobis
1330 5096 1530 5164 concipi
1554 5095 1630 5149 vel
1653 5095 1994 5164 intelligentia
2018 5098 2212 5165 percipi
2233 5106 2470 5166 possunt.

247 5221 411 5287 Αὖθις
428 5225 483 5277 δὲ
496 5224 733 5288 ἀνιόντες
748 5226 975 5298 λέγομεν
988 5229 1027 5293 ⁸,
1042 5228 1114 5292 ὡς
1131 5228 1251 5284 οὔτε
1268 5226 1411 5303 ψυχή
1431 5234 1595 5296 ἐστιν,
1611 5232 1732 5286 οὔτε

187 5317 297 5381 δοῦς
318 5334 332 5347 ’
352 5317 473 5371 οὔτε
492 5320 806 5387 φαντασίαν,
834 5320 865 5389 ἢ
886 5320 1061 5386 δόξαν,
1080 5322 1110 5392 ἢ
1133 5321 1306 5390 λόγον,
1330 5322 1361 5392 ἢ
1384 5324 1565 5394 νόησιν
1584 5323 1693 5393 ἔχει
1714 5341 1727 5353 ·

179 5410 294 5462 οὑδὲ
327 5411 481 5479 λόγος
525 5414 702 5477 ἐστὶν,
749 5410 872 5465 οὔτε
920 5413 1133 5483 νόησις·
1171 5414 1291 5467 οὐδὲ
1340 5414 1552 5485 λέγεται
1606 5416 1728 5468 οὔτε

180 5504 408 5553 νοεῖται·
430 5500 552 5554 οὔτε
569 5503 797 5574 ἀριθμός
820 5505 986 5569 ἐστιν,
1002 5504 1126 5560 οὔτε
1156 5505 1324 5573 τάξις,
1346 5506 1466 5559 οὔτε
1491 5506 1735 5575 μέγεθος,

1913 5234 2122 5288 Rursus
2166 5242 2347 5286 autem
2389 5233 2746 5288 ascendentes
2786 5234 3053 5298 dicimus,
3108 5237 3247 5302 quod
3307 5246 3407 5289 nec

1844 5328 2021 5379 anima
2052 5326 2145 5387 sit,
2179 5338 2349 5392 neque
2374 5338 2542 5387 mens,
2576 5339 2676 5379 nec
2700 5324 3164 5393 imaginationem,
3188 5325 3267 5379 vel
3291 5325 3407 5393 opi-

1846 5418 2085 5479 nionem,
2141 5413 2224 5468 vel
2271 5413 2553 5475 rationem,
2589 5414 2671 5468 vel
2720 5414 3128 5486 intelligentiam
3174 5415 3403 5479 habent;

1850 5522 2025 5577 neque
2069 5519 2259 5561 sermo.
2287 5513 2385 5568 est,
2438 5520 2611 5575 neque
2650 5506 3038 5577 intelligentia;
3070 5520 3244 5575 neque
3273 5506 3403 5563 ιυρί-

1460 5665 1692 5719 νΑΙιΙέΕ
1752 5665 2148 5721 LECTlONES.

252 5780 273 5810 ⁸
306 5779 571 5852 λέγωμεν,
610 5783 665 5837 S.
691 5782 749 5838 P.
777 5782 865 5838 Sc.
