4180 6312
791 327 930 384 1059

1942 332 1998 386 S.
2036 328 2334 387 DlONYSll
2366 328 2832 386 AREOPAGl'LE

3898 339 3919 392 l
3931 338 4038 395 060

788 442 1054 512 positive;
1091 458 1233 498 nunc
1268 443 1431 499 etiam
1477 446 1812 502 demonstrat
1855 446 2214 511 intellectilia,
2262 446 2310 500 di

2414 493 2423 510 _
2451 462 2596 498 νεται
2625 445 2719 498 καὶ
2746 445 2814 498 τὰ
2844 447 3028 516 νοητὰ,
3063 446 3143 514 τὸ,
3175 446 3310 500 Οὔτε
3345 446 3512 518 ψυχὴ,
3543 447 3667 501 οὗτε
3697 449 3842 514 νοῦς.
3888 453 4037 526 Πλὴν

786 535 994 588 cendo:
1035 534 1218 604 Neque
1247 538 1446 601 anima,
1475 553 1652 606 neque
1686 554 1856 592 mens.
1885 539 2083 593 Verum
2124 555 2222 594 nec
2252 539 2350 593 ha-

785 627 876 680 bet
929 626 1040 691 illa,
1077 630 1331 696 quoniam
1379 631 1544 684 etiam
1599 631 1669 685 ibi
1715 633 1781 684 de
1829 631 2040 686 ratione
2074 646 2139 684 ac
2171 641 2349 688 mente

782 720 1114 775 mentionem
1154 721 1305 785 fecit,
1351 723 1538 778 dicens
1585 741 1599 778 :
1651 723 1839 789 Neque
1893 724 2125 779 rationis
2174 739 2348 792 neque

781 813 978 865 mentis
1007 827 1240 880 expers;
1290 823 1343 867 et
1376 815 1708 885 cmteroquin
1751 816 1914 869 etiam
1945 815 2013 870 ibi
2060 816 2347 871 intellecti-

779 902 847 956 lia
879 904 1230 959 demonstrat.
1266 904 1372 959 Sed
1418 907 1558 960 scito
1614 907 1684 961 ibi
1728 906 1818 961 illa
1851 922 1969 975 quae
2019 907 2141 961 talia
2195 916 2343 973 sunt,

776 996 997 1050 sensilia
1029 1011 1150 1051 esse
1177 1014 1192 1050 :
1227 997 1407 1064 'neque
1435 999 1579 1052 enim
1609 998 1853 1052 declarat
1893 998 2154 1051 rationem
2185 1002 2343 1053 abso-

775 1086 969 1153 lutam,
1005 1089 1084 1142 vel
1140 1100 1372 1144 mentem
1432 1106 1462 1143 a
1514 1090 1806 1144 sensilibus
1856 1101 2199 1158 separatam;
2249 1090 2342 1145 sed

776 1179 1006 1232 rationis
1057 1182 1357 1249 mentisque
1400 1183 1724 1244 carentiam,
1784 1181 2040 1235 animalia
2088 1183 2339 1236 nimirum

773 1271 1015 1333 sensilia,
1071 1281 1284 1326 ratione
1339 1284 1634 1343 menteque
1679 1274 1924 1344 privata;
1989 1287 2176 1326 verum
2227 1274 2339 1328 haec

771 1360 923 1427 dicit,
957 1379 1129 1432 neque
1160 1366 1396 1418 animam
1424 1381 1564 1430 esse,
1606 1381 1780 1435 neque
1807 1365 2100 1434 quidquam
2125 1365 2336 1419 illorum

766 1469 888 1523 qua:
930 1456 1125 1509 anima:
1182 1459 1464 1527 portiones
1523 1458 1681 1526 idque
1737 1457 2036 1510 secundum
2088 1458 2335 1511 ordinem

766 1547 1111 1617 participant,
1143 1559 1201 1602 ut
1239 1564 1412 1617 neque
1443 1551 1640 1603 habeat
1684 1547 2126 1618 imaginationem
2164 1549 2334 1602 solam

767 1638 1136 1693 irrationalem
1177 1649 1232 1694 et
1267 1641 1500 1695 debilem
1531 1642 1677 1696 illam
1707 1643 1933 1698 formam
1974 1657 2135 1711 quam
2169 1641 2331 1694 etiam

763 1727 919 1782 bruta
956 1729 1194 1796 habent;
1241 1748 1414 1802 neque
1463 1735 1799 1802 opinionem,
1842 1734 2132 1787 obscuram
2185 1731 2328 1785 illam

2455 536 2529 607 μὴ
2557 536 2674 606 ἔχῃ,
2707 537 2786 588 ὅτι
2817 537 3038 590 κάκεῖσε
3071 540 3197 610 περὶ
3227 539 3382 606 λόγου
3413 540 3507 592 καὶ
3551 540 3668 604 νοὸς
3697 541 4035 612 ἐμνημόνευ-

2453 644 2563 693 σεν,
2595 627 2731 679 Οῦτε
2752 627 2962 695 ἄλογος,
2995 629 3185 696 εἰπὼν,
3215 629 3352 683 οὔτε·
3367 630 3540 694 ἄνους·
3575 633 3670 684 καὶ
3697 633 3882 685 λοιπὸν
3898 636 4032 688 ἀπο-

2449 721 2695 788 φαίνεται
2741 721 2900 774 κάκεῖ
2944 722 3012 774 τὰ
3067 723 3267 792 νοητά.
3313 722 3450 779 Ἀλλ’
3499 723 3630 788 τσθι,
3662 726 3742 777 ὃτι
3797 727 3914 778 ἐκεῖ
3959 728 4029 782 τὰ

2444 811 2689 874 τοιαῦτα,
2722 812 2954 882 αἰσθητά
2973 815 3128 865 εἰσιν·
3158 815 3276 868 οὐδὲ
3305 815 3412 886 γὰρ
3443 816 3800 885 ἀποφαίνεται
3831 819 4028 872 ἀπόλυ-

2443 921 2534 957 τον
2561 903 2650 956 τὸν
2668 905 2843 973 λόγον,
2875 905 2908 976 ἢ
2934 907 3025 959 τὸν
3047 907 3447 978 κεχωρισμένον
3461 909 3566 961 τῶν
3587 910 3856 979 αἰσθητῶν
3873 911 4020 963 νοῦν·

2444 995 2578 1049 ἀλλὰ
2609 997 2668 1049 τὸ
2714 997 2906 1064 ἄλογον
2959 999 3050 1050 καὶ
3080 998 3141 1050 τὸ
3177 998 3357 1064 ἄνουν,
3390 999 3502 1062 ζῶα
3540 1000 3738 1070 δηλαδὴ
3765 1000 4022 1072 αἰσθητὰ,

2439 1087 2777 1157 ἐστερημένα
2809 1088 2965 1156 λόγου
2996 1106 3055 1141 τε
3083 1089 3175 1142 καὶ
3216 1089 3352 1151 νοός.
3398 1089 3533 1142 Ἀλλ’
3577 1090 3811 1145 ἐνταῦθα
3839 1092 3984 1160 λέγει
4007 1136 4024 1158 ,

2440 1177 2514 1240 ὡς
2539 1177 2661 1230 οὔτε
2685 1179 2829 1251 ψυχή
2861 1181 3030 1243 ἐστιν,
3059 1180 3180 1234 οὔτε
3201 1198 3250 1233 τι
3279 1181 3386 1233 ἀπὸ
3413 1182 3519 1234 τῶν
3538 1182 3766 1250 ἐχόντων
3787 1183 3854 1235 τὰ
3877 1184 4024 1254 μέρη

2438 1269 2658 1338 ταύτης,
2709 1273 2801 1323 καὶ
2829 1270 3000 1324 ταῦτα
3029 1272 3168 1326 κατά
3209 1272 3383 1336 τάξιν·
3425 1274 3548 1326 οὔτε
3580 1293 3631 1328 τι
3659 1275 3780 1345 ἔχον
3817 1294 4026 1344 φαντα-

2440 1362 2558 1413 σίαν
2606 1361 2770 1432 μόνην
2808 1362 3021 1430 ἄλογον,
3053 1364 3144 1415 καὶ
3172 1363 3342 1416 τύπον
3385 1363 3605 1434 ἀσθενῆ,
3637 1367 3702 1435 ἢν
3735 1367 3798 1436 δὴ
3838 1368 4024 1437 έχουσι

2437 1452 2530 1505 καὶ
2558 1451 2625 1504 τὰ
2657 1452 2846 1520 ἄλογα·
2889 1452 3011 1505 οὗτε
3038 1453 3214 1518 δόξαν,
3265 1455 3643 1524 ἀσυλλόγιστον
3675 1461 3873 1526 γνῶσιν
3917 1463 4023 1514 καὶ

2433 1546 2700 1618 ἀμυδρὰν,
2737 1548 2802 1618 ἣν
2832 1547 2898 1600 τὰ
2927 1547 3118 1615 λογικὰ
3145 1546 3379 1618 ἔχουσιν·
3412 1547 3534 1600 οὕτε
3563 1549 3740 1617 λόγον,
3774 1551 4021 1620 δηλονότι

2431 1639 2665 1692 διάνοιαν
2696 1641 2789 1692 καὶ
2834 1640 3162 1710 ἐπιστήμην·
3195 1638 3320 1692 οὗτε
3363 1639 3467 1712 μὴν
3513 1641 4021 1714 νόησιν,ἐνέργειαν

2432 1730 2568 1797 νοὸς,
2603 1731 2798 1801 μέρους
2829 1730 3132 1801 κρείττονος
3162 1731 3259 1801 τῆς
3277 1730 3480 1801 ψυχῆς.
3512 1732 3662 1784 Μετὰ
3688 1731 3858 1786 ταῦτα
3883 1734 4027 1787 duci.-

761 1819 1123 1888 cognitiouem
1149 1837 1267 1891 quat:
1292 1825 1396 1876 nod
1428 1825 1804 1888 ratiocinatur,
1836 1839 1996 1892 quam
2036 1825 2236 1877 habent
2264 1838 2310 1876 e:

2431 1839 2515 1890 γει
2545 1823 2633 1874 τὸν
2661 1822 2812 1890 λόγον
2840 1824 2916 1886 εἰς
2948 1821 3115 1884 αὑτὰς
3134 1822 3344 1891 γυμνὰς
3371 1823 3468 1885 τὰς
3489 1822 3741 1893 δυνάμεις
3760 1825 3881 1893 δίχα
3904 1826 4019 1879 τῶν

759 1924 881 1980 quae
909 1922 1136 1968 utuntur
1175 1916 1418 1980 ratione;
1464 1930 1638 1983 neque
1667 1915 1952 1980 rationem,
1987 1916 2037 1968 id
2068 1925 2152 1969 est
2184 1918 2333 1985 cogi-

759 2000 1017 2054 tationem
1073 2010 1127 2055 et
1177 2003 1480 2068 scientiam,
1536 2019 1708 2073 neque
1765 2004 2186 2061 intellectiouem
2235 2019 2329 2060 seu

755 2090 952 2144 mentis
985 2093 1380 2161 operationem,
1410 2109 1530 2162 quae
1555 2096 1833 2164 potissima
1861 2111 1985 2164 pars
2009 2097 2204 2150 anima:
2222 2105 2325 2150 est.

752 2179 944 2235 Postea
987 2182 1198 2237 derivat
1240 2201 1546 2240 sermonem
1590 2188 1654 2240 ad
1697 2188 1841 2256 ipsas
1886 2189 2058 2242 nudas
2099 2187 2328 2240 virtutes

750 2273 870 2325 sine
916 2274 1023 2328 illis
1069 2277 1161 2344 qui
1205 2291 1299 2329 eas
1338 2278 1562 2342 habent,
1589 2288 1643 2332 et
1672 2281 1744 2333 ait
1779 2297 1792 2333 :
1823 2278 2006 2349 Neque
2032 2293 2212 2332 sermo
2239 2287 2326 2332 est

751 2366 1086 2435 prolatitius,
1119 2383 1295 2439 neque
1345 2369 1663 2432 intellectio,
1699 2372 1812 2425 sive
1853 2370 2054 2425 locutio
2088 2372 2321 2424 interna.

749 2461 922 2526 Atque
978 2460 1174 2513 iterum
1226 2462 1404 2515 adhuc
1449 2463 1667 2517 adducit
1713 2464 2000 2527 rationem,
2047 2473 2213 2532 atque
2253 2480 2320 2517 ex

750 2548 832 2602 his
876 2548 1042 2602 Deum
1085 2550 1296 2616 eximit,
1355 2551 1538 2622 aitque
1573 2567 1586 2602 :
1655 2551 1853 2622 thuid
1893 2555 2008 2608 haec
2043 2554 2321 2608 memoro?

749 2655 923 2710 neque
951 2642 1065 2711 ipsa
1092 2644 1254 2709 ratio,
1286 2659 1463 2714 neque
1493 2645 1790 2700 intellectio
1823 2647 1963 2701 valet
1989 2649 2159 2702 Deum
2190 2663 2322 2702 con-

743 2733 944 2801 cipere.
1003 2732 1134 2790 Post
1181 2735 1293 2790 haec
1348 2737 1532 2790 omnia
1572 2749 1856 2793 enumerat
1886 2754 2006 2808 quae.
2063 2739 2118 2794 in
2162 2741 2319 2795 nobis

742 2823 1018 2888 videntur,
1066 2825 1160 2878 sed
1209 2834 1336 2880 sunt
1381 2828 1724 2896 incorporea,
1774 2837 1938 2899 atque
1987 2830 2122 2885 adeo
2163 2831 2319 2886 intel-

740 2915 966 2979 lectilia,
1027 2919 1293 2974 hactenus
1349 2929 1532 2974 tamen
1589 2923 1640 2973 in
1699 2921 1958 2988 subjectis
2003 2935 2315 2991 conspecta.

740 3007 1078 3062 lntellectilis
1106 3025 1270 3080 porro
1309 3021 1510 3074 tactus,
1551 3022 1634 3066 est
1667 3014 1865 3068 mentis
1902 3016 2161 3083 cognitio.
2196 3016 2318 3071 Sic-

739 3108 796 3152 ut
819 3100 963 3153 enim
997 3110 1174 3156 tactus
1204 3103 1443 3169 scnsilis,
1469 3112 1552 3157 cst
1582 3105 1843 3169 sensatio,
1882 3105 2007 3173 quia
2042 3114 2167 3159 tunc
2191 3121 2316 3160 sen-

2432 1914 2662 1984 ἐχόντων
2692 1913 2859 1976 αὐτὰς
2881 1956 2895 1976 ,
2937 1914 3030 1965 καὶ
3058 1913 3202 1981 λέγει
3220 1954 3234 1980 ,
3259 1911 3392 1966 Οὔτε
3419 1913 3574 1981 λόγος
3604 1916 3723 1966 ἐστί
3749 1932 4019 1987 προφορι-

2431 2005 2545 2071 κδς,
2577 2003 2699 2057 οὕτε
2721 2005 2923 2076 νόησις,
2953 2004 3152 2076 δηλαδὴ
3182 2004 3480 2068 ἐνδιάθετος
3508 2005 3682 2072 λόγος.
3717 2007 3825 2058 Καὶ
3849 2003 4016 2070 αὖθις

2430 2096 2508 2150 ἔτι
2537 2096 2726 2164 ἀνάγει
2753 2099 2842 2149 τὸν
2871 2097 3044 2164 λόγον,
3081 2097 3176 2150 καὶ
3218 2096 3397 2149 αὐτῶν
3425 2095 3716 2168 ἐξαιρεῖται
3738 2097 3798 2150 τὸ
3827 2098 4012 2164 Θεῖον,

2428 2189 2522 2242 καὶ
2558 2189 2725 2257 λέγει·
2765 2188 2829 2240 Τί
2855 2188 2995 2256 λέγω
3025 2187 3197 2241 ταῦτα
3220 2205 3234 2253 ;
3257 2186 3380 2240 οὔτε
3408 2188 3567 2250 αὐτὸς
3596 2189 3623 2239 ό
3653 2188 3809 2256 λόγος
3846 2191 3938 2242 καὶ
3968 2192 4008 2261 ἡ

2425 2281 2605 2353 νόησις
2621 2283 2914 2350 ἐφικνεῖται
2935 2282 3013 2342 εἰς
3041 2280 3100 2332 τὸ
3115 2280 3266 2334 Θεῖον
3293 2279 3633 2333 καταλαϐεῖν.
3659 2282 3812 2333 Μετὰ
3827 2281 4010 2336 ταῦτα

2423 2369 2729 2440 ἀριθμεῖται
2758 2369 2933 2422 πάντα
2961 2369 3030 2422 τὰ
3049 2371 3104 2422 ἐν
3122 2373 3254 2441 ἡμῖν
3276 2372 3371 2441 μὲν
3395 2371 3711 2442 φαινόμενα,
3733 2372 4009 2443 ἀσώματα

2420 2462 2512 2521 δὲ,
2547 2461 2641 2514 καὶ
2687 2461 2774 2513 διὰ
2819 2461 2975 2514 τοῦτο
3012 2463 3210 2533 νοητὰ,
3241 2462 3377 2525 τέως
3422 2463 3479 2515 δὲ
3519 2465 3576 2515 ἐν
3621 2465 4011 2534 ὑποκειμένοις

2422 2551 2784 2623 θεωρούμενα.
2817 2552 2997 2624 Νοητὴ
3036 2553 3092 2605 δὲ
3138 2555 3320 2624 ἐπαφή
3363 2553 3508 2606 ἐστιν
3534 2555 3566 2624 ή
3598 2553 3688 2606 τοῦ
3715 2555 3834 2618 νοὸς
3862 2555 4012 2622 γνῶ-

2421 2661 2527 2707 σις.
2573 2645 2659 2708 Ὠς
2697 2645 2804 2716 γὰρ
2843 2646 3025 2717 ἐπαφὴ
3056 2646 3284 2718 αἰσθητή
3314 2647 3460 2699 ἐστιν
3497 2648 3529 2718 ή
3562 2646 3831 2717 αἴσθησις·
3877 2647 4007 2701 τότε

2424 2737 2532 2808 γὰρ
2565 2737 2952 2809 αἰσθανόμεθα,
2990 2739 3064 2792 ὅτ’
3089 2739 3270 2809 ἐπαφὴ
3309 2738 3419 2792 τῶν
3467 2738 3737 2809 αἰσθητῶν
3765 2741 3879 2802 τοῖς
3911 2741 4005 2792 αι-

2424 2828 2773 2899 σθανομένοις
2805 2829 2836 2900 ἦ
2861 2832 2926 2900 τῇ
2957 2830 3203 2902 αἰσθήσει
3232 2831 3461 2899 γίνεται,
3481 2832 3574 2884 καὶ
3601 2830 3870 2901 μακρόθεν
3888 2828 4005 2902 γὰρ

2417 2919 2510 2972 τοῦ
2540 2921 2708 2990 πυρὸς
2735 2920 3056 2990 καθημένων
3102 2922 3287 2992 ήμῶν,
3315 2920 3471 2994 εἰπερ
3505 2921 3662 2992 μόνον
3709 2921 4004 2992 θερμαινό-

2421 3012 2577 3083 μεθα,
2609 3012 2792 3083 ἐπαφὴ
2837 3012 3054 3080 λέγεται
3082 3007 3240 3066 εἶναι·
3292 3014 3386 3066 καὶ
3419 3013 3510 3066 ἐπὶ
3541 3013 3639 3083 τῆς
3675 3014 4000 3082 ὀσφρήσεως

2418 3104 2511 3157 καὶ
2529 3105 2620 3156 ἐπὶ
2655 3104 2761 3155 τῶν
2790 3102 2960 3157 ἄλλων
2991 3103 3147 3156 τοῦτο
3176 3104 3480 3175 συμϐαίνει·
3515 3105 3633 3157 οὐδὲ
3665 3106 3772 3176 γὰρ
3800 3105 3996 3169 ἁπλῶς

737 3192 923 3258 timus,
953 3197 1171 3262 quando
1219 3204 1394 3250 tactus
1423 3197 1702 3251 sensilium
1744 3213 1771 3250 a
1811 3199 2170 3254 sentientibus
2198 3201 2310 3254 sive

2414 3197 2446 3266 ἡ
2477 3195 2656 3266 ἐπαφὴ
2684 3195 2967 3266 σωματικὴ
2995 3196 3202 3263 γίνεται
3232 3197 3289 3247 ἐν
3320 3195 3398 3264 τῷ
3426 3195 3494 3248 τὰ
3524 3195 3749 3264 σώματα
3779 3197 3997 3267 συνεχε-

734 3298 894 3338 sensu
947 3287 1280 3356 percipitur;
1337 3289 1610 3356 siquidem
1659 3289 1824 3341 etiam
1890 3290 2046 3342 nobis
2095 3290 2309 3345 eminus

733 3373 846 3443 igni
900 3377 1294 3443 assidentibus,
1353 3379 1645 3434 dummodo
1693 3378 2036 3444 caleliamus,
2087 3381 2306 3450 quidam

731 3473 1015 3522 contactus
1042 3469 1239 3522 dicitur
1278 3470 1566 3524 exsistere.
1596 3469 1661 3522 Et
1686 3471 1737 3521 in
1769 3468 1967 3523 olfactu
1993 3470 2308 3539 ueterisque

729 3559 895 3611 etiam
937 3559 1076 3613 idem
1116 3561 1338 3620 accidit;
1373 3576 1546 3630 neque
1569 3562 1714 3615 enim
1755 3562 2076 3629 simpliciter
2114 3573 2299 3616 conta-

730 3659 852 3705 ctus
895 3665 1194 3720 corporeus
1232 3653 1444 3705 litdum
1489 3666 1715 3721 corpora
1751 3652 2176 3724 coniunguntur,
2211 3654 2303 3707 sed

731 3742 855 3796 dum
892 3743 944 3795 in
987 3742 1280 3796 sensilibus
1322 3745 1566 3797 excitant
1601 3745 1988 3798 sensationem.
2023 3745 2175 3797 Sicut
2205 3743 2304 3797 ita-

727 3849 832 3905 que
858 3836 994 3897 haac,
1024 3835 1268 3902 inquam,
1299 3851 1356 3890 se
1390 3836 1552 3906 582
1583 3837 1786 3890 habent
1819 3839 1870 3890 in
1899 3847 2049 3890 tactu
2088 3836 2297 3896 sensili.

726 3931 808 3982 sic
835 3930 996 3980 etiam
1028 3928 1203 3996 c0gita
1237 3929 1288 3981 in
1331 3938 1470 3983 tactu
1499 3929 1802 3984 intellectili
1832 3931 1944 3982 sive
1967 3929 2296 3997 cognitione.

725 4018 908 4089 Neque
954 4034 1082 4072 vero
1129 4020 1332 4073 veritas
1377 4031 1480 4084 est,
1528 4035 1701 4090 neque
1748 4021 2034 4090 sapientia,
2086 4022 2296 4074 tametsi

725 4110 984 4165 D0minus
1015 4111 1198 4164 dicat:
1231 4109 1342 4180 Ego
1375 4128 1488 4165 sum
1512 4113 1701 4165 veritas
1737 4111 1793 4176 ῖς
1827 4122 1881 4165 et
1909 4113 2068 4165 divus
2100 4111 2296 4164 Paulus

725 4203 1000 4274 apostolus
1031 4217 1046 4254 :
1079 4202 1315 4256 Christus
1357 4202 1448 4255 Dei
1494 4206 1682 4265 virtus,
1723 4214 1770 4256 et
1819 4203 1916 4256 Dei
1951 4202 2206 4270 sapientia
2237 4203 2291 4264 ες

723 4296 852 4368 quia
887 4295 997 4364 ipsa
1033 4310 1126 4361 per
1164 4309 1221 4348 se
1254 4295 1474 4357 veritas,
1514 4303 1565 4346 et
1604 4307 1697 4362 per
1724 4309 1782 4347 sc
1812 4293 2075 4361 sapientia
2108 4302 2211 4354 est,
2242 4300 2294 4343 ct

723 4407 882 4461 supra
949 4398 1190 4443 nostram
1251 4387 1532 4441 \eritatem
1607 4397 1661 4440 et
1722 4386 2067 4461 sapientiam.
2123 4385 2292 4438 Aliter

721 4484 911 4546 etiam,
944 4482 1068 4549 quia
1117 4493 1215 4533 nec
1258 4481 1374 4533 lucc
1415 4481 1507 4532 Dei
1555 4479 1915 4533 substantiam
1964 4476 2284 4545 significant.

726 4573 895 4628 Unum
925 4582 1104 4625 autem
1132 4582 1185 4625 et
1218 4571 1398 4625 Unitas
1425 4572 1494 4623 ab
1522 4571 1751 4622 invicem
1789 4567 2078 4630 diﬂcrtttit;
2118 4566 2288 4634 siqui-

723 4667 841 4719 dem
879 4679 1043 4716 unum
1088 4663 1358 4731 significat
1414 4662 1740 4729 subjectum,
1789 4661 1969 4712 unitas
2026 4673 2151 4710 vero
2208 4660 2289 4724 ip-

717 4763 950 4806 sammet
975 4751 1324 4819 qualitatem;
1361 4751 1493 4804 sicut
1539 4751 1719 4802 album
1763 4758 1817 4802 ct
1849 4749 2058 4812 albedo,
2093 4749 2286 4800 bonum

718 4852 772 4895 et
802 4841 1030 4893 bonitas.
1070 4838 1254 4908 Neque
1293 4856 1416 4892 vero
1448 4842 1702 4893 divinitas
1728 4838 2028 4893 substantia
2061 4847 2141 4890 est
2173 4837 2286 4901 Dei,

717 4934 1166 5005 quemadmodum
1210 4950 1383 5002 neque
1419 4935 1667 4996 bonitas;
1715 4944 1887 4998 neque
1929 4931 2151 4998 spiritus
2180 4941 2283 4992 est,

719 5029 933 5082 taiuctsi
978 5028 1030 5080 in
1075 5027 1273 5080 divinis
1315 5027 1622 5094 livangeliis
1674 5027 1954 5077 audiamus
2001 5040 2014 5073 :
2056 5019 2280 5087 Spiritus

713 5132 787 5174 est
817 5120 954 5173 Deus
979 5120 1040 5182 h;
1071 5130 1124 5171 et
1153 5134 1366 5172 rursum
1399 5138 1413 5172 ε
1450 5119 1679 5184 Spiritus
1709 5117 1976 5177 veritatis;
2017 5115 2110 5165 sed
2144 5113 2283 5165 sicut

717 5227 814 5264 nos
843 5213 985 5264 scire
1019 5211 1093 5262 ait
1125 5212 1275 5264 beata
1313 5211 1402 5262 illa
1433 5220 1731 5276 sanctaque
1773 5207 1984 5260 nomina
2023 5220 2281 5274 personu-

717 5321 832 5357 rum
887 5305 1246 5358 sanctissimae
1294 5304 1610 5366 Trinitatis;
1661 5303 1758 5354 hoc
1795 5299 1937 5352 enim
1997 5299 2083 5351 hic
2119 5299 2278 5349 etiam

713 5397 914 5465 accipe,
971 5405 1026 5449 et
1073 5397 1123 5448 in
1166 5395 1311 5447 omni
1358 5397 1666 5463 negatione,
1700 5401 1858 5461 prout
1899 5389 2146 5442 videlicet
2181 5404 2277 5441 nos

711 5489 1101 5558 intelligimus,
1147 5489 1260 5540 sive
1300 5490 1596 5542 secundum
1650 5498 1891 5539 nostram
1941 5481 2272 5550 intelligendi

712 5582 1041 5637 facultatem.
1076 5581 1192 5635 Non
1221 5583 1364 5635 enim
1387 5595 1448 5634 ea
1471 5581 1578 5649 jam
1603 5587 1914 5638 emunerata
1948 5585 2004 5629 ut
2035 5575 2271 5641 bonitas,

1810 5758 1833 5795 ³
1873 5755 2027 5810 Joan.
2068 5773 2138 5823 ιγ,
2174 5757 2264 5812 ἳί.

779 5761 796 5800 θ
834 5761 984 5816 Joan.
1017 5776 1124 5825 xxv,
1163 5764 1210 5815 6.
1297 5762 1318 5798 ⁸
1356 5761 1370 5813 |
1406 5758 1530 5812 Cor.
1569 5774 1606 5819 ι,
1641 5758 1728 5810 “ll.

2413 3287 2620 3353 ζεσθαι,
2653 3287 2766 3340 ἀλλ’
2798 3289 2853 3340 ἐν
2879 3285 2957 3357 τῷ
2984 3286 3081 3358 τὴν
3112 3286 3362 3356 αἴσθησιν
3385 3286 3742 3358 προσϐάλλειν
3778 3292 3892 3348 τοῖς
3911 3290 3996 3339 αῖ-

2412 3379 2646 3450 σθητοῖς.
2689 3377 2775 3442 Ὠς
2803 3377 2930 3446 γοῦν
2953 3377 3094 3431 οῦτω
3122 3377 3293 3430 ταῦτα
3323 3379 3414 3430 ἐπὶ
3441 3379 3542 3450 τῆς
3562 3378 3826 3447 αἰσθητῆς
3857 3380 3998 3431 ἐπα-

2409 3472 2534 3542 φῆς,
2563 3471 2704 3523 οὓτω
2730 3471 2837 3522 νόει
2857 3471 2950 3522 καὶ
2973 3469 3064 3521 ἐπὶ¹
3094 3470 3192 3539 τῆς
3220 3469 3417 3540 νοητῆς
3444 3469 3681 3539 ἐπαφῆς,
3703 3470 3873 3539 ήγουν
3891 3471 3992 3539 τῆς

2406 3561 2677 3630 γνώσεως.
2709 3560 2847 3613 Οὔτε
2869 3560 2926 3613 δὲ
2955 3560 3180 3631 ἀλήθειά
3211 3563 3377 3623 ἐστιν,
3428 3560 3548 3612 οῦτε
3593 3560 3773 3630 σοφία,
3807 3563 3990 3613 καίτοι

2405 3670 2467 3722 γε
2488 3653 2582 3706 τοῦ
2620 3653 2823 3723 Κυρίου
2869 3652 3134 3720 λέγοντος·
3182 3651 3317 3721 Ἐγώ
3344 3654 3460 3720 εἰμι
3493 3653 3532 3721 ἡ
3574 3652 3841 3719 ἀλήθεια·
3891 3655 3991 3707 καὶ

2402 3744 2496 3796 τοῦ
2529 3743 2672 3797 θείου
2715 3744 3009 3797 ἀποστόλου
3044 3742 3275 3796 Παύλου·
3323 3743 3575 3811 Χριστὸς
3609 3743 3756 3797 Θεοῦ
3799 3743 3987 3796 δύνα-

2399 3854 2519 3903 μις,
2551 3835 2648 3887 καὶ
2679 3834 2826 3887 Θεοῦ
2847 3835 3047 3902 σοφία·
3072 3834 3153 3886 ὃτι
3182 3833 3540 3902 αὑτοαλήθεια
3566 3833 3659 3886 καὶ
3686 3835 3987 3902 αὑτοσοφία

2400 3926 2537 3990 ἐστὶ,
2574 3926 2667 3978 καὶ
2708 3925 2849 3997 ὑπὲρ
2883 3925 2981 3996 τὴν
3018 3925 3292 3996 ἡμετέραν
3323 3923 3581 3995 ἀλήθειαν
3623 3925 3718 3977 καὶ
3763 3927 3981 3994 σοφίαν.

2399 4019 2507 4070 Καὶ
2535 4016 2723 4082 ἄλλως,
2755 4018 2836 4069 ὃτι
2862 4017 2980 4069 οὐδὲ
3021 4016 3193 4069 ταῦτα
3222 4016 3354 4069 Θεοῦ
3395 4015 3584 4068 οὐσίαν
3615 4017 3968 4085 σημαίνουσι.

2398 4109 2470 4163 Τὸ
2497 4111 2553 4162 δὲ
2595 4109 2652 4160 ἓν
2687 4111 2842 4180 καιή
2885 4110 3070 4179 ἐνότης
3107 4107 3349 4179 ἀλλήλων
3393 4108 3725 4180 διαφέρουσι·
3769 4109 3829 4160 τὸ
3877 4111 3983 4178 μὲν

2396 4204 2503 4274 γὰρ
2537 4201 2592 4253 ἓν
2620 4201 2767 4271 δηλοῖ
2793 4201 2853 4253 τὸ
2881 4201 3254 4271 ὑποκείμενον·
3299 4203 3330 4271 ή
3365 4200 3420 4252 δὲ
3449 4200 3638 4269 ἐνότης
3678 4201 3847 4269 αὐτὴν
3876 4199 3981 4269 τὴν

2396 4292 2670 4362 ποιότητα·
2719 4292 2904 4362 ὥσπερ
2944 4291 3134 4344 λευκὸν
3175 4293 3268 4345 καὶ
3305 4291 3582 4361 λευκότης,
3636 4291 3836 4359 ἀγαθὸν
3877 4292 3978 4342 καὶ

2393 4381 2679 4453 ὰγαθότης.
2722 4381 2858 4434 Οὔτε
2907 4382 2963 4434 δέ
3003 4385 3035 4452 ή
3081 4381 3269 4451 θεότης
3318 4381 3473 4433 οὐσία
3512 4381 3630 4432 ἐστὶ
3669 4380 3760 4432 τοῦ
3812 4379 3972 4441 Θεοῦ,

2392 4471 2577 4545 ὥσπερ
2607 4473 2725 4525 οὐδὲ
2756 4475 2789 4544 ὴ
2822 4472 3109 4543 ἁγαθότης·
3136 4473 3252 4525 οὐδὲ
3286 4472 3502 4542 πνεῦμά
3531 4473 3668 4537 ἐστι,
3700 4473 3874 4523 καίτοι
3907 4489 3972 4538 γε

2391 4569 2446 4619 ἐν
2482 4569 2593 4629 τοῖς
2624 4566 2781 4630 θείοις
2797 4566 3144 4633 Εὑαγγελίοις
3172 4561 3460 4633 ἀκούομεν,
3483 4563 3726 4631 Πνεῦμα
3745 4567 3774 4615 c'
3801 4564 3968 4626 Θεός·

2393 4660 2487 4712 καὶ
2511 4658 2690 4722 πάλιν,
2733 4659 2799 4710 Τὸ
2828 4657 3068 4725 Πνεῦμα
3097 4657 3204 4722 τῆς
3234 4656 3534 4721 ἀληθείας·
3569 4653 3683 4705 ὰλλ“
3714 4654 3786 4716 ὼς
3818 4655 3972 4721 ἡμᾶς

2389 4751 2583 4803 εἰδέναι
2607 4751 2738 4818 φησὶ
2765 4751 2831 4801 τὰ
2870 4749 3235 4819 μακαριστικὰ
3274 4748 3364 4799 καὶ
3392 4746 3687 4814 ὰγιαστικὰι
3727 4744 3969 4812 ὀνόματα

2389 4842 2495 4895 τῶν
2519 4843 2617 4911 τῆς
2660 4842 2816 4909 ἁγίας
2846 4839 3071 4911 Τριὰδος
3111 4838 3476 4892 ὑποστάσεων·
3508 4837 3666 4888 τοῦτο
3696 4835 3800 4905 γὰρ
3829 4835 3967 4887 λαεέ

2387 4936 2481 4988 καὶ
2512 4935 2742 4987 ἐνταῦθα
2775 4934 2867 4986 καὶ
2901 4933 2993 4984 ἐπὶ
3032 4932 3210 5002 πάσης
3251 4929 3575 4998 ἀποφάσεως
3598 4929 3659 4980 τὸ
3702 4929 3774 4990 ὡς
3810 4929 3967 4996 ἡμᾶς

2387 5027 2600 5086 εἰδέναι,
2631 5027 2793 5095 ἦγουν
2827 5024 2967 5077 κατὰ
2997 5023 3091 5093 τὴν
3121 5023 3393 5093 ἡμετέραν
3437 5020 3687 5089 δύναμιν.
3726 5019 3796 5070 Ού
3833 5019 3967 5086 μέν·

2383 5135 2463 5168 τοι
2491 5133 2552 5184 γε
2594 5117 2746 5168 ούσία
2786 5116 2852 5167 τὰ
2897 5114 3322 5185 ὰπηριθμημένα
3358 5111 3512 5172 Θεοῦ,
3547 5109 3894 5180 ῆὰγαθότης,
3929 5113 3960 5181 ὴ

2384 5209 2590 5279 θεότης,
2625 5210 2717 5260 καὶ
2761 5207 2826 5258 τὰ
2857 5207 3035 5270 λοιπὰ,
3066 5191 3204 5259 ἀλλὰ
3241 5207 3363 5270 δόξα
3409 5207 3535 5277 περὶ
3574 5205 3734 5257 αὐτόν
3781 5204 3958 5255 ἐστιν.

2383 5300 2536 5356 Οῦτω
2564 5302 2656 5352 καὶ
2684 5301 2710 5351 ὁ
2746 5299 2990 5367 θεολόγος
3023 5299 3318 5369 Γρηγόριος
3346 5301 3400 5351 ἐν
3433 5297 3509 5368 τῷ
3538 5299 3706 5366 τρίτῳ
3732 5293 3838 5345 τῶν
3862 5295 3962 5346 αὑ·-

2381 5392 2473 5444 τοῦ
2505 5391 2837 5458 Θεολογικῶν
2865 5391 3036 5459 λόγων
3061 5391 3235 5458 λέγει,
3267 5391 3341 5451 ὡς
3369 5388 3490 5441 οὔτε
3523 5391 3554 5458 ή
3583 5388 3792 5454 θέτης,
3828 5385 3959 5437 οῦτε

2378 5485 2436 5535 τὸ
2465 5484 2776 5552 ἀγέννητον,
2808 5481 2974 5551 οῦτεή
3001 5483 3270 5553 πατρότης
3301 5482 3484 5533 ούσίαν
3518 5479 3760 5549 σημαίνει
3780 5476 3951 5528 Θεοῦ.

2377 5578 2466 5649 Μὴ
2499 5579 2808 5647 ταραττέτω
2845 5576 2899 5628 δέ
2933 5592 2989 5627 σε
3019 5577 3098 5628 τό·
3135 5576 3268 5630 Οὔτε
3297 5576 3324 5626 ό
3363 5573 3495 5635 Θεὸς
3524 5568 3628 5625 οἶδε
3656 5570 3720 5622 τὰ
3747 5569 3885 5621 ὄντα
