4176 6318
326 285 473 342 1061

868 284 958 339 DE
996 282 1299 341 MYSTICA
1339 283 1752 349 'l‘llEOLOGlA,
1793 283 1946 338 CAP.
1987 282 2054 339 Υ.
2093 314 2161 324 -
2198 281 2544 339 PARAPHR.
2580 282 3053 343 PACIIYMER/E.

3437 288 3582 346 £003

320 401 465 455 ὄντα
483 398 608 454 εἰσί·
642 398 843 463 σκοπὸς
859 400 971 470 γὰρ
999 397 1078 470 τῷ
1108 398 1247 470 ἁγίῳ
1277 395 1445 463 δεῖξαι
1462 398 1554 452 τὸν
1583 397 1715 451 Θεὸν
1748 398 1889 469 μηδὲε

2014 397 2287 462 divinitas,
2323 407 2378 452 et
2415 407 2636 462 cmtera,
2668 399 2972 453 substantia
3017 407 3147 454 sunt
3182 400 3300 465 Dei,
3339 399 3438 458 'sea‘
3470 405 3582 472 glo-

331 496 478 567 μήτε
498 492 607 546 τῶν
635 494 820 558 ὄντων,
847 493 949 564 μήτ
965 528 981 552 ,
1011 491 1117 563 μὴν
1134 491 1241 544 τῶν
1260 491 1357 544 οὐκ
1375 491 1540 544 ὄντων
1565 489 1711 543 ὄντα.
1734 490 1807 543 Τὸ
1825 490 1900 556 δὲ,

323 585 516 654 Μηδὲν
535 583 642 636 τῶν
667 584 767 636 οὐκ
793 583 959 636 ἰοντων
1009 582 1376 653 ὐπερϐολικῶς
1394 582 1620 636 τέθεικε*
1651 584 1769 636 τίνα
1794 584 1905 654 γάρ

323 677 437 728 εἰσι
468 674 534 727 τά
567 673 639 746 μὴ
671 675 817 741 ὄντα,
841 675 915 737 ὠς
943 673 1009 727 ἂν
1037 676 1304 744 εἴποιμεν,
1325 676 1406 728 ὅτι
1435 674 1533 728 οὐκ
1565 673 1680 727 ἔστι
1709 692 1760 727 τι
1793 674 1904 727 τῶν

325 767 407 838 μὴ
437 765 624 830 ὄντων,
657 766 791 820 ἀλλὰ
829 766 978 819 οὐδὲν
1016 766 1123 819 τῶν
1155 766 1322 819 όντων
1359 765 1547 830 οὓτωςσ
1577 767 1806 831 ὃτι,ὲπε¹ι
1834 766 1903 820 τὰ

318 858 506 911 πάντα
539 859 848 930 παρήγαγε,
893 857 1009 921 πῶς
1035 857 1148 928 ἔχει
1178 858 1464 928 εὑρεθῆναι
1494 857 1552 910 ἓν
1592 874 1645 909 τι
1673 858 1780 910 τῶν
1817 857 1903 909 ὸν-

316 965 461 1014 των;
491 950 630 1016 Λέγε
680 949 884 1013 τοίνυν,
937 951 1018 1002 ὅτι
1054 949 1174 1002 οὐδὲ
1227 949 1295 1002 τά
1337 949 1464 1003 ὅντα
1510 950 1762 1018 γινώσκει
1811 953 1901 1005 τὸν

318 1041 544 1093 πάντων
598 1038 767 1093 αἴτιον
803 1039 959 1093 Θεόν·
1006 1040 1142 1094 ἀλλά
1203 1041 1408 1111 ταχέως
1459 1042 1592 1094 αὐτὸ
1645 1044 1900 1114 ἐσαφήνι-

322 1147 438 1194 σεν,
473 1129 641 1184 εἰπών
660 1148 674 1161 ο
700 1123 775 1203 τῌ
803 1131 966 1195 αὐτός
995 1149 1130 1198 εστι,
1160 1133 1455 1194 τουτέστιν,
1481 1132 1644 1188 Οὐδὲν
1680 1135 1786 1186 τῶν
1815 1135 1901 1186 ὸν-

317 1240 429 1275 των
457 1223 711 1291 γινώσκει
729 1223 858 1276 Θεὸν
879 1223 1013 1277 καθό
1031 1226 1196 1289 ἐστιν,
1214 1227 1334 1279 ἀιντί⁵
1359 1225 1452 1278 τοῦ
1468 1226 1564 1297 τὴν
1585 1227 1899 1298 ἀνεννόητον

319 1319 416 1367 καὶ
443 1314 762 1386 ὑπερούσιον
805 1315 968 1369 αὐτοῦ
1015 1316 1201 1369 οὐσίαν
1242 1317 1334 1370 καὶ
1383 1316 1632 1389 ὓπαρξιψ
1687 1320 1898 1390 εἴρηται

317 1407 447 1476 γάρ’
501 1406 709 1472 Οὐδεὶς
745 1405 1019 1480 γινώσκει
1063 1407 1166 1461 τὸν
1205 1407 1360 1470 Υίὸν,
1411 1408 1570 1477 εἰμὴ
1608 1412 1640 1461 ό
1670 1409 1894 1478 Πατὴρ,

320 1499 418 1552 καὶ
446 1498 550 1552 τὸν
574 1499 818 1567 Πατέρα,
849 1501 900 1552 εὶ
925 1499 1010 1568 μὴ
1058 1502 1090 1553 ό
1119 1501 1268 1565 Υἱός.
1303 1501 1410 1553 Καὶ
1441 1502 1505 1553 ἐκ
1531 1501 1622 1554 τοῦ
1653 1504 1894 1566 ἐναντίου

319 1591 515 1660 ἐπάγει
545 1591 573 1643 ὁ
602 1592 788 1662 Πατὴρ
816 1585 987 1654 οὗτος,
1012 1590 1101 1644 καί
1121 1609 1302 1660 φησιν,
1327 1593 1513 1656 Οὐδεὶς
1532 1593 1784 1662 γινώσκει
1807 1594 1896 1647 τὸν

318 1682 450 1736 Θεὸν
544 1685 710 1749 ἐστιν,
747 1683 866 1737 οὐδὲ
893 1685 1056 1748 αὐτὸς
1083 1684 1110 1735 ὁ
1140 1683 1269 1746 Θεὸς
1313 1684 1566 1751 γινώσκει
1595 1684 1662 1737 τά
1693 1685 1819 1738 ὄντα

2009 489 2088 542 ria
2120 489 2266 544 circa
2312 489 2507 557 ipsum.
2548 489 2640 544 Sic
2675 490 2839 544 etiam
2868 489 3170 561 Gregorius
3200 493 3483 565 theologus
3521 495 3570 543 li-

2006 582 2106 636 bro
2135 581 2295 635 tertio
2319 579 2613 650 Theologiw
2634 595 2745 635 suae
2766 581 2924 646 dixit,
2949 584 3091 645 quod
3113 597 3287 652 neque
3305 585 3558 642 divinitas

2005 683 2184 739 neque
2237 670 2567 740 ingenitum,
2617 686 2793 740 neque
2847 673 3151 740 paternitas
3208 676 3578 734 substantiam

2008 762 2101 818 Dei
2142 763 2469 830 signiﬁcent.
2524 761 2709 832 Neque
2772 775 2823 819 te
2877 765 2980 818 hoc
3035 776 3251 820 moveat
3300 769 3555 825 turbetve

2002 853 2144 920 quod
2169 853 2313 907 dicat
2347 854 2510 907 Deum
2541 870 2646 908 non
2674 871 2838 910 nosse
2875 857 3134 910 entitatos
3163 864 3430 926 quatenus
3454 869 3582 916 sunt

2002 945 2284 1008 entitatos;
2333 945 2666 1014 propositum
2722 947 2864 1000 enim
2920 955 3002 1003 est
3059 947 3185 1003 huic
3240 957 3434 1005 sancto
3485 952 3581 1007 de-

2005 1046 2328 1102 monstrare,
2363 1036 2526 1090 Deum
2567 1035 2695 1092 nihil
2724 1052 2844 1093 esse
2875 1054 3067 1094 eorum
3120 1055 3238 1108 quae
3287 1052 3436 1106 sunt,
3479 1059 3577 1098 ne-

2002 1143 2108 1197 que
2139 1138 2319 1183 tamen
2346 1130 2638 1198 quidquam
2672 1146 2793 1185 esse
2820 1145 3008 1186 eorum
3042 1146 3162 1201 quae
3203 1146 3311 1186 non
3344 1143 3490 1188 sunt.
3523 1132 3578 1188 Id

2001 1229 2204 1276 autem.
2255 1219 2438 1288 Neque
2462 1234 2647 1275 eorum
2679 1237 2797 1290 quae
2834 1237 2941 1277 non
2983 1233 3130 1286 sunt,
3162 1238 3261 1292 per
3292 1238 3578 1280 excessum

2001 1311 2209 1379 posuit;
2245 1311 2495 1380 quaedam
2536 1312 2680 1364 enim
2721 1322 2847 1366 sunt
2887 1328 2991 1367 non
3025 1314 3206 1377 entia;
3247 1328 3310 1368 ac
3341 1311 3387 1368 si
3430 1314 3578 1368 dice-

2002 1417 2203 1468 remus,
2234 1403 2376 1472 quod
2406 1417 2510 1455 non
2548 1401 2621 1456 sit
2657 1401 2863 1472 aliquid
2911 1418 3099 1458 eorum
3137 1420 3256 1474 qua
3288 1421 3394 1460 non
3426 1415 3578 1475 sunt,

1997 1503 2053 1547 et
2083 1495 2182 1547 hoc
2211 1495 2370 1547 modo
2403 1493 2472 1548 sit
2507 1493 2638 1548 nih’il
2689 1509 2876 1548 eorum
2918 1511 3039 1565 qua:
3069 1506 3230 1562 sunt;
3285 1498 3488 1552 etenim
3520 1501 3566 1556 si

1998 1585 2114 1654 ipse
2143 1587 2325 1639 omnia
2367 1586 2642 1656 produxit,
2671 1587 2942 1656 quomodo
2977 1597 3157 1657 potest
3197 1605 3315 1644 esse
3368 1591 3575 1660 aliquid

1998 1691 2186 1731 eorum
2219 1691 2338 1745 quae
2377 1679 2542 1732 sunt?
2573 1677 2716 1732 Dicit
2763 1679 2964 1748 itaque,
3007 1679 3149 1747 quod
3197 1696 3302 1734 nec
3355 1697 3417 1735 ea
3457 1696 3576 1750 qua:

317 1773 445 1826 ὄντα
469 1775 604 1827 ἐστί·
627 1768 928 1842 τουτέστιν,
959 1777 1058 1829 οὐκ
1076 1772 1212 1829 οἶδεν
1239 1776 1544 1830 ἐπιϐάλλειν
1562 1781 1672 1840 τοῖς
1702 1779 1889 1848 αἰσθη-

1997 1777 2147 1834 sunt,
2197 1776 2528 1836 cognoscant
2579 1769 2748 1824 Deum
2781 1785 3000 1824 causam
3047 1770 3328 1834 omnium;
3383 1786 3571 1825 verum

316 1868 429 1928 τοῖς
456 1867 727 1939 αἰσθητῶς
755 1867 788 1938 ἢ
825 1871 947 1931 ταῖς
976 1868 1204 1932 οὐσίαις,
1241 1868 1317 1932 ὡς
1350 1869 1578 1933 οὐσίαις·
1628 1870 1891 1924 ἀνοίκειον

316 1955 426 2026 γὰρ
453 1957 610 2010 τοῦτο
639 1957 795 2012 Θεοῦ.
826 1960 888 2012 Oi
924 1959 1031 2029 γὰρ
1049 1959 1323 2030 ἄνθρωποι
1355 1959 1422 2013 τὰ
1455 1961 1553 2031 μὲν
1597 1962 1828 2034 αἰσθητά
1855 1963 1889 2034 ἢ

312 2047 401 2101 διὰ
441 2048 584 2112 θέας,
615 2049 648 2119 ἢ
675 2050 745 2103 δι’
773 2051 938 2120 ἀερῆς,
981 2051 1014 2122 ἢ
1053 2049 1139 2104 διὰ
1165 2051 1410 2120 γεύσεως
1429 2052 1655 2124 νοοῦμεν
1682 2055 1734 2106 τί
1761 2057 1884 2108 εἰσι·

315 2140 384 2195 τά
409 2141 465 2194 δὲ
494 2141 658 2212 νοητὰ
686 2141 793 2195 ἀπὸ
826 2143 1132 2214 μαθήσεως,
1163 2143 1586 2215 ῆδιδασκαλίας,
1625 2145 1656 2215 ἢ
1696 2145 1892 2218 ἐλλάμ-

314 2235 460 2304 ψεως
487 2235 995 2306 καταλαμϐάνομεν.
1033 2236 1089 2288 Ὁ
1118 2235 1173 2288 δὲ
1193 2236 1322 2299 Θεὸς
1343 2236 1464 2289 οὐδὲ
1488 2235 1548 2300 ἐξ
1568 2236 1684 2299 ἐνὸς
1715 2237 1889 2290 τοιού-

313 2343 406 2379 του
435 2327 633 2397 τρόπου
672 2323 877 2380 οἶδε’τὰ
903 2326 1050 2390 ὄντα,
1082 2326 1218 2380 ἀλλά
1246 2326 1444 2396 γνῶσιν
1470 2328 1580 2398 ἔχει
1607 2327 1704 2399 τὴν
1743 2329 1891 2400 αὐτῷ

314 2418 650 2488 πρέπουσαν·
705 2418 864 2473 τοῦτο
920 2418 1029 2491 γὰρ
1076 2420 1364 2474 αἰνίττεται
1403 2419 1481 2473 τό’
1533 2421 1586 2472 Ὁ
1627 2420 1790 2487 εἰὶὼς
1818 2421 1890 2475 τὰ

313 2509 509 2564 πάντα
533 2511 675 2578 πρὶν
702 2510 994 2580 γενέσεως
1013 2511 1228 2576 αὐτῶν,
1246 2513 1506 2582 δηλονότι,
1539 2513 1600 2565 οὐ
1629 2512 1770 2565 κατὰ
1799 2513 1888 2566 τὸν

311 2601 466 2671 λόγον
490 2601 590 2672 τῆς
610 2603 874 2671 γενέσεως
887 2603 995 2656 τῶν
1012 2603 1179 2656 ὄντων
1204 2600 1342 2658 οἶδεν
1379 2604 1520 2658 αὐτά
1538 2606 1564 2656 ὁ
1581 2604 1732 2667 Θεὸς,
1754 2605 1890 2677 ὅπερ

311 2693 464 2746 ἐστὶν
492 2693 786 2765 αἰσθητῶς,
833 2694 966 2748 ἀλλὰ
997 2695 1116 2748 καθ’
1164 2694 1350 2767 ἕτερον
1380 2695 1631 2764 γνώσεως
1665 2695 1885 2767 τρόπον.

311 2787 376 2839 Οἱ
403 2785 622 2855 ἄγγελοι
649 2787 705 2840 δὲ
732 2787 1048 2855 γνωπικῶς
1075 2788 1171 2841 καὶ
1214 2788 1392 2851 άΰλως
1423 2787 1561 2842 αὐτά
1594 2787 1890 2856 γινώσκου-

313 2894 416 2943 σιν,
452 2879 549 2948 οὐχ
588 2879 664 2941 ὡς
709 2879 869 2949 ἡμεῖς
902 2879 1192 2949 αἰσθητῶς.
1231 2878 1416 2943 Οὓτως
1443 2875 1535 2933 οὖν
1569 2881 1660 2933 καὶ
1697 2881 1724 2933 ὁ
1759 2880 1890 2944 Θεὸς

309 2969 654 3041 ἁσυγκρίτως
683 2972 776 3024 καὶ
811 2970 1385 3042 ὐπεραναϐεϐηκότως,
1414 2973 1473 3024 οὐ
1510 2972 1612 3044 μὴν
1643 2976 1762 3036 ταῖς
1795 2970 1886 3025 οὐ-

311 3063 455 3125 σίαις
485 3061 822 3132 συμϐάλλων,
851 3059 960 3117 οἶδε
999 3063 1066 3116 τὰ
1101 3064 1246 3117 ὅντα.
1276 3064 1474 3117 Λοιπὸν
1503 3065 1569 3117 τὰ
1599 3065 1725 3118 ὄντα
1755 3066 1885 3118 Θεὸν

308 3153 408 3207 οὐκ
430 3149 567 3207 οἶδεν
657 3155 773 3207 ἐστι
793 3155 942 3218 Θεός’
970 3155 1109 3226 ὑπὲρ
1131 3155 1239 3226 γὰρ
1259 3155 1357 3226 τὴν
1385 3156 1579 3208 ἑαυτοῦ
1613 3155 1771 3225 φύσιν
1788 3157 1882 3209 ὲκ-

306 3246 542 3316 ταθῆναι
571 3249 691 3309 ταῖς
719 3248 966 3318 νοήσεσιν
996 3246 1057 3300 οὐ
1094 3247 1363 3301 δύνανται.
1398 3247 1637 3310 Εἰκότως
1682 3243 1774 3300 οὖν
1808 3251 1886 3312 εἰς

308 3337 476 3391 ἑαυτά
507 3338 798 3408 βλέποντα,
847 3339 1030 3407 ἀγνοεῖ
1061 3340 1159 3410 τὴν
1190 3338 1339 3392 θείαν
1372 3339 1532 3406 φύσιν
1569 3339 1703 3393 καθὸ
1745 3342 1880 3413 αὐτή

307 3431 474 3482 ἔστιν.
505 3427 688 3491 Οὕτως
707 3425 799 3482 οὖν
829 3429 924 3482 καὶ⁵
951 3431 984 3500 ἡ
1020 3429 1139 3483 θεία
1176 3429 1334 3498 φύσις
1363 3431 1558 3501 ἑαυτὴν
1593 3431 1880 3500 βλέπουσα,

305 3520 405 3573 οὐκ
433 3515 568 3574 οἶδεν
596 3523 652 3573 ὲν
684 3524 850 3592 ἑαυτῇ
884 3521 951 3574 τὰ
984 3521 1112 3574 ὄντα
1159 3522 1298 3574 κατὰ
1329 3521 1418 3574 τὸν
1447 3522 1547 3592 τῆς
1584 3523 1770 3587 οὐσίας
1798 3524 1883 3576 λό-

305 3626 421 3679 γον,
453 3613 638 3685 ὲπειδὴ
670 3614 807 3684 ὑπὲρ
836 3612 1012 3665 πάντα
1043 3613 1109 3665 τὰ
1137 3613 1264 3666 ὄντα
1291 3616 1426 3678 ἐστὶ,
1453 3617 1545 3667 καὶ
1567 3616 1697 3669 αὐτὸ
1727 3618 1786 3671 τὸ
1805 3613 1882 3670 εἶ-

305 3719 393 3754 ναι
422 3703 678 3774 κέκτηται
723 3705 1076 3775 ὐπερουσίως.
1127 3704 1235 3757 Καὶ
1269 3705 1427 3759 πάλιν
1476 3707 1734 3780 ἀνωτέρω
1779 3711 1880 3780 μὲν

306 3789 475 3860 εἶπεν,
501 3793 637 3848 Οὐτε
670 3795 804 3864 φῶς,
838 3795 960 3848 οὐτε
989 3795 1229 3866 ἀλήθειαο
1272 3796 1366 3850 νῦν
1393 3798 1468 3863 δὲ,
1501 3798 1637 3851 Οὐτε
1669 3801 1876 3867 σκότος,

304 3883 425 3938 οὐτε
458 3887 591 3955 φῶς,
623 3887 746 3940 οὐτε
775 3888 972 3959 πλάνη,
1014 3887 1135 3940 οὐτε
1169 3887 1410 3956 ἀλήθεια.
1465 3891 1573 3942 Καὶ
1621 3891 1766 3946 ἔστιν
1803 3897 1878 3948 εί-

306 3984 444 4044 πεῖν,
469 3983 550 4035 ὃτι
577 3983 636 4036 τὸ
668 3985 764 4054 μὲν
789 3985 1004 4056 πρῶτον
1034 3985 1148 4054 φῶς
1176 3986 1368 4053 λέγων,
1399 3988 1527 4060 περί
1557 3987 1648 4042 τοῦ
1675 3989 1877 4042 ἀπολύ-

304 4089 410 4136 τως
440 4074 614 4142 φωτὸς
640 4075 806 4142 λέγει,
838 4078 1003 4148 ήγουν
1034 4077 1289 4147 περὶτῶν
1323 4078 1629 4146 ἀγγελικῶν
1659 4079 1874 4147 οὐσιῶν,

305 4165 398 4217 καὶ
427 4164 677 4236 ἀλήθειαν
705 4167 803 4237 τὴν
857 4168 1418 4241 αὐτοαπολελυμένως·
1451 4171 1511 4222 οὐ
1550 4171 1654 4241 μὴν
1683 4171 1738 4224 δὲ
1777 4171 1877 4244 τὴν

304 4256 680 4326 ἀντικειμένην
708 4257 786 4327 τῷ
815 4258 997 4314 ψεύδει
1027 4259 1303 4330 ἀλήθειαν,
1336 4262 1432 4330 ἀφ’
1461 4255 1536 4316 ὧν
1569 4263 1874 4333 ἀποφάσκει

305 4346 363 4399 τὸ
390 4347 560 4414 Θεῖον,
589 4349 669 4401 ὅτι
703 4350 796 4401 καὶ
826 4351 964 4422 ὑπὲρ
993 4350 1162 4404 ταῦτα
1191 4351 1522 4423 ἐξῃρημένον
1562 4355 1725 4408 ἐστίν.
1770 4356 1876 4421 Ἐν-

304 4438 472 4492 ταῦθα
499 4440 555 4492 δὲ
575 4439 737 4509 λέγει,
770 4442 850 4494 ὅτι
881 4442 1017 4494 Οὐτε
1053 4443 1159 4497 τῶν
1185 4445 1320 4516 πρός
1350 4462 1423 4508 τι,
1457 4445 1652 4516 μᾶλλον
1681 4446 1736 4500 δὲ
1762 4448 1868 4500 τῶν
1905 4466 1944 4521 ο

305 4531 442 4584 κατὰ
473 4532 724 4603 στέρησιν
746 4535 837 4586 καὶ
869 4534 998 4598 ἕξιν·
1033 4529 1163 4597 οἷον,
1195 4536 1277 4588 ὅτι
1309 4535 1429 4590 οὐτε
1451 4540 1513 4590 ὲκ
1547 4538 1769 4602 σκότους
1794 4542 1873 4603 είς

307 4619 418 4691 φῶς
447 4623 758 4692 μετέϐαλεν,
791 4625 988 4678 ὡσανεὶ
1017 4627 1079 4679 ὲκ
1121 4626 1216 4679 τοῦ
1243 4628 1467 4698 δυνάμει
1499 4629 1673 4697 φωτὸς
1706 4632 1783 4692 εἰς
1811 4631 1871 4684 τὸ

306 4713 550 4783 ἐνεργείᾳ
576 4715 846 4782 φῶςοούτε
869 4716 1028 4769 πάλιν
1057 4719 1120 4769 ὲκ
1151 4718 1244 4770 τοῦ
1275 4718 1479 4789 πλάνην
1500 4717 1656 4785 εἶναι,
1688 4721 1871 4790 δηλον-

305 4804 382 4855 ότι
426 4803 648 4875 δυνάμει
692 4805 966 4876 ἀλήθειαν,
1014 4811 1093 4870 εἰς
1129 4808 1382 4880 ἀλήθειαν
1425 4811 1671 4881 ἐνεργείᾳ
1714 4812 1870 4881 μετέ-

307 4894 450 4947 ϐαλεο
492 4897 668 4950 πάντα
713 4898 820 4968 γὰρ
848 4899 1018 4951 ταῦτα
1048 4900 1271 4971 δεύτερα
1309 4900 1490 4964 αὐτοῦ,
1535 4904 1629 4954 καὶ
1669 4903 1727 4954 τὸ
1759 4902 1870 4970 φῶς

308 4989 397 5040 καὶ
424 4989 456 5058 ὴ
485 4988 728 5060 ἀλήθεια,
764 4991 821 5053 ἐξ
852 4991 1013 5044 αὐτοῦ
1050 4994 1418 5063 προνοητικῶς
1447 4995 1700 5063 φανέντα.
1735 4994 1868 5046 Οὐδέ

307 5082 416 5132 ἐστι
447 5082 718 5145 παντελῶς
761 5083 926 5136 αὐτοῦ
971 5084 1136 5151 θέσις,
1171 5086 1246 5148 ὡς
1275 5081 1411 5138 εἶναι
1443 5087 1474 5156 ἢ
1509 5085 1703 5157 ζωὴνῆ
1740 5086 1868 5156 ἀλή-

307 5173 530 5244 θειαν,ἧ
572 5173 696 5226 ἄλλο
741 5192 791 5234 τι
821 5175 928 5227 τῶν
969 5176 1153 5228 ὄντων.
1200 5176 1330 5229 Οὐδὲ
1370 5178 1528 5231 πάλιν
1583 5177 1868 5248 ἀφαίρεσις

306 5265 594 5328 παντελῶς,
619 5265 693 5328 ὡς
727 5268 948 5337 μηδαμῆ
976 5268 1234 5337 μηδαμῶς
1263 5263 1420 5333 εἶναι,
1445 5269 1578 5322 ἀλλά
1609 5269 1715 5321 τῶν
1753 5271 1866 5338 μετ’

307 5355 482 5417 αὐτὸν,
512 5357 746 5426 δηλονότι
773 5358 877 5409 τῶν
906 5360 1216 5428 κτισμάτων
1249 5360 1347 5422 τὰς
1381 5361 1556 5424 θέσεις
1582 5362 1675 5413 καὶ
1707 5362 1866 5429 ἀφαι-

310 5450 479 5518 ρέσεις
523 5448 816 5512 ποιοῦντες·
854 5450 1028 5513 θέσεις
1063 5452 1179 5520 μὲν,
1228 5446 1338 5504 οἷον
1385 5451 1556 5523 ζωὴν,
1594 5451 1868 5523 ἀλήθειαν,

307 5541 380 5593 δν·
414 5541 728 5611 ἀφαιρέσεις
756 5536 956 5601 δὲ,οἷον
971 5543 1029 5594 οὐ
1058 5543 1220 5614 ζωὴν,
1244 5545 1340 5596 οὐκ
1360 5544 1631 5614 ἀλήθειαν,
1656 5545 1754 5596 οὐκ
1786 5543 1863 5595 ὸν.

399 5718 413 5755 ί
455 5716 641 5771 Matth.
683 5733 754 5780 ιιι,
790 5720 878 5771 27.
967 5719 989 5756 ιι
1037 5718 1170 5771 Dan.
1212 5732 1326 5780 xm,
1370 5718 1458 5770 4‘2.

1993 1862 2178 1916 statim
2221 1861 2362 1915 idem
2392 1860 2666 1929 exposuit,
2707 1861 2938 1916 dicens:
2981 1865 3264 1927 Quatenus
3301 1863 3416 1930 ipse
3447 1872 3569 1929 est:

1992 1953 2134 2023 quod
2165 1953 2392 2022 perinde
2425 1962 2512 2008 est
2541 1968 2604 2007 ac
2656 1954 2701 2008 si
2749 1954 2964 2008 dicatur
3004 1971 3019 2007 :
3054 1952 3200 2007 Nihil
3251 1969 3316 2008 ex
3352 1955 3417 2008 iis
3453 1970 3572 2023 qua:

1991 2054 2140 2110 sunt,
2176 2046 2460 2114 cognoscit
2488 2044 2656 2099 Deum
2684 2053 2950 2113 quatenus
2980 2053 3085 2110 εει,
3121 2045 3172 2100 id
3200 2053 3284 2099 est
3311 2045 3570 2100 substan-

1992 2138 2121 2192 tiam
2154 2139 2271 2207 ejus
2313 2155 2432 2207 quac
2461 2153 2623 2208 supra
2657 2139 3026 2194 substantiam
3054 2149 3162 2202 est.
3191 2149 3246 2195 et
3274 2156 3394 2210 quae
3421 2140 3574 2195 intel-

1992 2231 2081 2301 ligi
2111 2248 2216 2286 non
2249 2243 2427 2301 potest
2465 2232 2591 2286 :vel
2621 2233 2738 2303 ejus
2773 2233 3188 2298 exsistentiam;
3243 2235 3446 2290 dictum
3489 2244 3572 2290 est

1990 2324 2134 2377 enim
2161 2343 2172 2377 :
2196 2324 2364 2378 Nemo
2390 2325 2529 2379 novit
2559 2323 2786 2392 Filium,
2806 2327 2910 2380 nisi
2930 2325 3095 2380 Pater
3117 2340 3136 2377 :
3164 2344 3325 2397 neque
3354 2326 3571 2382 Patrem

1989 2415 2106 2484 quis
2131 2417 2290 2480 novit,
2309 2417 2413 2470 nisi
2441 2415 2614 2471 Filius
2643 2418 2689 2471 ί.
2721 2417 2900 2486 Atque
2932 2432 2962 2473 e
2986 2421 3262 2474 contrario
3293 2419 3574 2488 subjungit

1991 2504 2080 2558 hic
2110 2505 2468 2574 Pater,atque
2485 2507 2560 2560 ait
2592 2523 2606 2559 :
2633 2506 2800 2560 Nemo
2827 2507 3082 2576 cognovit
3111 2507 3276 2561 Deum
3301 2518 3571 2577 quatenus

1991 2606 2098 2659 est,
2134 2612 2233 2650 nec
2258 2597 2375 2665 ipse
2409 2599 2550 2653 Deus
2588 2599 2874 2667 cognoscit
2899 2614 2962 2653 ea
2993 2614 3112 2668 qua:
3141 2611 3266 2654 sunt
3303 2611 3572 2669 quatenus

1997 2699 2158 2751 sunt;
2187 2687 2237 2740 id
2263 2696 2368 2754 est,
2390 2703 2495 2742 non
2521 2691 2667 2742 novit
2696 2689 2984 2743 intendere
3012 2700 3247 2745 mentem
3275 2693 3568 2746 secundum

1991 2777 2151 2848 583
2180 2793 2399 2833 sensum
2435 2780 2501 2832 ad
2539 2795 2603 2834 ea
2637 2793 2758 2848 quae
2785 2789 2911 2834 sunt
2941 2781 3189 2845 sensilia,
3215 2795 3315 2835 nec
3346 2783 3414 2836 ad
3443 2783 3573 2837 sub-

1990 2869 2230 2922 stantias
2277 2877 2549 2937 quatenus
2585 2868 2905 2924 substantia:
2936 2880 3096 2936 sunt;
3135 2871 3236 2925 hoc
3267 2873 3410 2925 enim
3461 2887 3569 2926 non

1994 2961 2256 3014 convenit
2282 2960 2413 3016 Deo.
2434 2960 2541 3016 Nos
2564 2961 2707 3015 enim
2723 2962 2816 3030 qui
2844 2962 3094 3019 homines
3124 2979 3336 3030 sumus,
3362 2981 3424 3020 ea
3449 2980 3570 3035 quae

1990 3065 2155 3104 sensu
2205 3049 2605 3120 percipiuntur,
2653 3061 2748 3105 aut
2795 3062 3019 3123 aSpectu
3065 3063 3158 3108 aut
3210 3064 3428 3124 gustattt
3478 3064 3570 3111 aut

1988 3152 2142 3199 tactu
2200 3146 2552 3216 intelligimus
2609 3148 2741 3217 quid
2800 3149 2941 3215 sint;
2991 3163 3053 3203 ea
3107 3164 3239 3205 vero
3291 3164 3412 3218 qua
3468 3152 3570 3207 sub

1989 3238 2402 3308 intelligentiam
2465 3239 2700 3304 cadunt,
2762 3249 2855 3293 aut
2913 3256 3011 3310 per
3052 3242 3419 3311 discipliu:un,
3476 3251 3569 3298 aut

1986 3329 2318 3394 doctrinam,
2374 3341 2468 3386 aut
2525 3347 2622 3402 per
2661 3331 3113 3387 illutninationem
3163 3335 3564 3403 cognoscimus.

1985 3423 2126 3477 Deus
2162 3434 2342 3477 autem
2389 3423 2536 3477 nullo
2565 3426 2724 3480 modo
2754 3440 2819 3478 ex
2854 3427 2970 3480 istis
2998 3426 3146 3480 novit
3173 3441 3239 3480 ea
3261 3443 3382 3496 qua:
3415 3438 3564 3496 sunt,

1983 3516 2076 3569 sed
2099 3515 2281 3580 potius
2307 3532 2372 3570 ex
2413 3517 2592 3586 seipso
2625 3519 2988 3589 cognitionem
3012 3518 3112 3574 sibi
3139 3533 3437 3589 congruam
3471 3522 3566 3576 ha-

1983 3606 2107 3672 bet;
2154 3607 2253 3661 boc
2298 3606 2444 3661 enim
2507 3609 2747 3663 insinuat
2787 3608 3093 3678 Scriptura,
3136 3625 3260 3663 cum
3305 3611 3421 3664 ait:
3457 3611 3566 3676 Qui

1983 3698 2122 3751 novit
2160 3715 2335 3753 omnia
2365 3711 2645 3770 antequam
2678 3701 2861 3770 ﬁerent
2901 3700 2952 3766 ιι,
2996 3701 3201 3756 scilicet
3238 3717 3342 3756 non
3375 3717 3566 3757 secun-

1981 3789 2108 3842 dutu
2159 3793 2425 3845 rationem
2474 3795 2845 3862 generationis
2889 3808 3070 3848 rerum
3103 3794 3253 3846 novit
3292 3809 3354 3847 ea
3397 3796 3562 3864 Deus,

1979 3883 2123 3951 quod
2154 3891 2241 3937 est
2289 3884 2643 3945 sensibiliter.
2691 3884 2786 3938 sed
2833 3887 3129 3938 secundum
3163 3885 3328 3938 alium
3367 3887 3562 3939 intelli-

1977 3972 2140 4040 gendi
2171 3974 2410 4027 modum.
2439 3972 2630 4044 Augeli
2662 3987 2792 4026 vero
2827 3973 2914 4027 illa
2946 3985 3282 4043 cognoscunt
3323 3976 3562 4028 scienter

1978 4072 2035 4117 et
2070 4061 2526 4127 immaterialiter,
2574 4079 2680 4118 non
2725 4064 3025 4128 seusiliter,
3072 4075 3131 4118 ut
3178 4079 3295 4118 nos.
3333 4066 3424 4118 Sic
3453 4065 3554 4118 uti-

1977 4166 2084 4219 que
2120 4152 2280 4206 etiam
2311 4151 2449 4206 Deus
2477 4153 2682 4222 absque
2723 4155 3134 4224 comparatione
3174 4163 3228 4208 et
3275 4165 3525 4210 transcen

1978 4242 2286 4309 dentalitcr,
2331 4259 2438 4297 non
2489 4254 2670 4298 autem
2715 4261 2839 4300 cum
2875 4247 3196 4301 substantiis
3227 4262 3548 4316 comparati.

1977 4349 2066 4388 res
2122 4337 2292 4389 novit.
2351 4336 2617 4390 Caeterum
2675 4352 2737 4390 ea
2787 4353 2905 4406 qua:
2949 4347 3101 4403 sunt,
3146 4351 3249 4393 non
3291 4349 3556 4392 noverunt

1979 4427 2144 4481 Deum
2175 4429 2229 4482 in
2267 4439 2531 4497 quantum
2564 4429 2705 4483 Deus
2748 4439 2850 4493 est,
2898 4431 3153 4498 quoniam
3194 4446 3296 4484 non
3327 4446 3556 4499 possunt

1973 4534 2137 4588 supra
2165 4530 2412 4574 naturam
2437 4536 2588 4575 suam
2613 4519 2740 4574 l'erri
2768 4520 3141 4590 intelligendo.
3169 4520 3553 4576 Consentance

1977 4610 2146 4679 igitur
2168 4627 2292 4665 cum
2323 4627 2381 4666 se
2413 4612 2709 4674 intuentur,
2737 4612 2976 4665 divinam
3017 4624 3266 4666 naturam
3301 4614 3553 4683 ignorant

1977 4704 2276 4758 secundum
2329 4704 2458 4757 illud
2493 4705 2636 4772 quod
2679 4705 2794 4773 ipsa
2856 4713 2959 4759 est.
3021 4705 3112 4759 Sic
3162 4707 3324 4775 igitur
3370 4709 3550 4762 divina

1977 4806 2170 4849 natura
2209 4796 2262 4848 in
2305 4797 2538 4864 scipsatn
2584 4796 2818 4859 intuens,
2863 4811 2969 4850 non
3035 4797 3183 4851 novit
3227 4797 3279 4850 in
3325 4812 3383 4852 sc
3431 4814 3551 4852 esse

1977 4897 2278 4951 creaturas,
2321 4889 2621 4943 secundum
2668 4893 2932 4942 rationem
2978 4889 3294 4943 substantiae
3336 4907 3546 4953 earum,

1975 4982 2240 5048 siquidem
2273 4989 2352 5035 est
2389 4996 2549 5048 supra
2579 4981 2757 5034 omnia
2797 4995 2917 5050 qua:
2947 4991 3094 5046 sunt,
3136 4994 3188 5035 et
3221 4985 3393 5050 ipsum
3429 4997 3550 5037 esse

1976 5071 2494 5140 suprasubstantiam
2534 5067 2713 5128 habet.
2756 5068 2820 5121 Et
2881 5089 3090 5127 rursum
3129 5075 3378 5144 superius
3428 5077 3549 5143 qui-

1975 5167 2095 5220 dem
2125 5169 2261 5220 dixit
2295 5185 2308 5222 :
2343 5167 2526 5236 Neque
2562 5167 2674 5231 lux,
2704 5183 2880 5237 neque
2909 5170 3146 5232 veritas;
3188 5184 3328 5222 nunc
3368 5183 3494 5221 vero
3527 5183 3542 5221 :

1975 5258 2158 5329 Neque
2215 5258 2474 5320 tenebrae,
2524 5273 2701 5326 neque
2756 5257 2870 5325 lux,
2926 5273 3098 5327 neque
3149 5275 3323 5324 error,
3370 5274 3543 5326 neque

1975 5355 2192 5408 veritas.
2249 5352 2316 5408 Et
2362 5353 2543 5407 dicere
2596 5352 2780 5415 liceat,
2827 5353 3064 5420 primum
3106 5355 3320 5424 quidem
3350 5393 3364 5415 ,
3419 5370 3539 5407 cum

1974 5446 2150 5500 lumen
2184 5446 2332 5506 dicit.
2383 5446 2556 5514 ipsqu
2608 5447 2751 5516 loqui
2790 5446 2856 5502 de
2895 5447 3095 5503 lumine
3123 5449 3390 5511 absoluto,
3425 5450 3539 5503 sive

1971 5537 2040 5594 de
2082 5536 2397 5593 substantiis
2446 5537 2738 5609 angelicis,
2785 5549 2838 5596 et
2872 5554 2993 5596 esse
3035 5542 3316 5596 veritatem
3352 5556 3535 5597 earum
