4180 6312
720 380 741 434 ί
753 382 857 437 063

1897 382 1950 438 S.
1992 381 2289 440 DlONYSll
2326 383 2780 441 AREOPAGITAZ

3807 390 3931 444 «tu

715 514 810 569 per
832 510 890 553 se
921 499 1244 563 absolutam,
1274 511 1378 551 non
1418 506 1597 550 autem
1641 512 1759 552 esse
1789 504 2071 552 veritatem
2124 514 2272 553 men-
2302 510 2346 564 Α

2302 510 2346 564 Α
2388 498 2569 552 Ταῦτα
2600 498 2729 567 γοῦν
2756 499 2822 551 τὰ
2855 502 2968 569 μετ’
2991 500 3153 552 αὑτὸν
3184 502 3275 553 καὶ
3304 504 3536 564 τιθέντες
3564 504 3654 556 καὶ
3673 505 3946 576 ἀφαιροῦν-

714 595 881 650 daciis
925 595 1250 664 oppositam,
1288 606 1408 666 qua:
1442 594 1495 646 in
1536 592 1645 646 Deo
1683 602 1861 663 negat,
1895 596 2149 662 quoniam
2183 612 2271 648 su-

714 700 809 755 pra
842 686 941 739 ista
975 696 1257 754 exemptus
1278 696 1382 739 est.
1410 684 1505 738 Hic
1532 695 1709 739 autem
1745 686 1874 739 dicit
1902 707 1912 740 :
1948 684 2055 739 Nec
2084 701 2268 739 corum

712 792 833 847 quae
860 778 924 831 ad
960 779 1184 846 aliquid,
1217 778 1388 845 magis
1417 789 1595 833 autem
1620 794 1803 832 eorum
1832 794 1948 847 quae
1977 782 2269 834 secundum

713 869 1069 943 privationem
1096 882 1149 925 et
1181 872 1422 925 habitum
1452 874 1747 935 exsistunt;
1772 882 1825 923 ut
1856 873 1993 939 quod
2024 887 2087 924 ex
2125 883 2269 926 tene-

710 960 824 1014 bris
850 960 901 1013 in
928 960 1104 1015 lumen
1137 975 1239 1014 non
1266 960 1336 1015 sit
1370 970 1753 1029 commutatus,
1787 964 1937 1032 quasi
1970 978 2035 1015 ex
2068 963 2269 1017 lumine

710 1050 854 1118 quod
906 1059 1110 1104 tantum
1170 1061 1253 1105 est
1298 1054 1522 1117 virtute,
1574 1064 1810 1108 mutatus
1863 1055 1929 1107 sit
1977 1057 2028 1107 in
2086 1054 2263 1108 lumen

708 1141 851 1210 quod
885 1153 1006 1195 actu
1039 1152 1120 1195 est
1149 1142 1360 1206 lumen;
1386 1157 1558 1210 neque
1591 1160 1799 1198 rursum
1830 1162 1892 1200 ex
1922 1161 2103 1200 errore
2124 1148 2267 1202 exsi-

706 1241 834 1297 stat,
880 1233 1088 1287 scilicet
1125 1248 1190 1287 ex
1239 1235 1469 1290 veritate
1495 1235 1735 1299 virtttali,
1775 1236 1828 1289 in
1860 1239 2144 1291 veritatem
2175 1252 2266 1291 ac-

2374 606 2484 653 τες,
2508 581 2677 643 αὑτὸν
2704 591 2793 643 τὸν
2832 590 2962 645 Θεὸν
3003 591 3124 645 οὔτε
3167 592 3406 662 τίθεμεν,
3452 594 3614 663 ἡγουν
3658 595 3718 660 ἐξ
3761 598 3931 651 αὐτῶν

2373 681 2469 752 τὴν
2489 681 2673 735 οὐσίαν
2703 683 2865 736 αὑτοῦ
2896 684 3250 755 γνωρίζομεν,
3288 684 3407 736 οὔτε
3445 686 3780 757 ἀφαιροῦμεν
3805 704 3926 741 tav-

2370 775 2537 837 τελῶς
2581 775 2719 827 ὥστε
2761 774 2956 839 τελέως
2996 777 3231 846 ἄληπτον
3261 772 3417 839 εἶναι,
3467 778 3486 845 (
3507 777 3567 830 τὸ
3593 778 3701 850 γὰρ
3742 780 3929 844 τελέως

2372 864 2629 935 ἄληπτον,
2664 866 2975 919 ἀνέλπιστον
3004 869 3098 920 καὶ
3121 868 3571 941 ἀνεπιχείρητον)·
3587 869 3700 921 ἀλλ’
3725 871 3929 934 εἰκόνας

2369 956 2519 1019 τινὰς
2551 958 2613 1008 ὲκ
2641 956 2747 1008 τῶν
2776 958 2903 1027 περὶ
2930 946 3090 1009 αὕτὺν
3134 958 3586 1029 ἀναματτόμενοι,
3621 959 3857 1032 ἀμυδρόν
3882 979 3928 1013 τι

2371 1047 2667 1118 συνάγομεν
2696 1048 2793 1117 τῆς
2829 1049 3081 1118 ἀληθείας
3122 1049 3501 1120 ῐνδαλμα,ὲπεὶ
3530 1052 3621 1103 καὶ
3654 1052 3794 1122 ὑπὲρ
3827 1054 3927 1105 πᾶα

2371 1155 2465 1191 σαν
2482 1140 2627 1192 θέσιν
2646 1142 2812 1204 ἐστὶν,
2834 1139 2908 1204 ὡς
2930 1141 3235 1213 ἐξῃρημένη
3258 1144 3403 1196 αἰτία
3426 1144 3658 1197 πάντων·
3681 1147 3774 1197 καὶ
3796 1145 3927 1214 ὑπὲρ

2369 1232 2547 1284 πᾶσαν
2588 1230 2871 1304 ἀφαίρεσιν
2911 1234 2968 1285 ὲν
3017 1233 3095 1303 τῷ
3141 1233 3279 1285 κατά
3330 1234 3593 1304 μηδεμίαν
3626 1234 3735 1287 τῶν
3764 1235 3925 1287 ὀντων

710 1320 905 1375 tualem
939 1330 1339 1387 commutatus;
1377 1321 1491 1377 haec
1518 1324 1661 1376 enim
1695 1324 1875 1377 omnia
1925 1322 2041 1391 ipso
2085 1330 2263 1391 poste~

2369 1323 2654 1393 ἀφαίρεσιν
2675 1322 2734 1376 τὸ
2768 1325 2919 1377 Θεῖον
2959 1324 3345 1392 γινώσκεσθαι·
3385 1325 3777 1396 ἀπολελυμένον
3824 1327 3927 1397 γὰρ

708 1412 851 1466 riora
880 1422 1040 1477 sunt;
1088 1419 1141 1468 et
1168 1414 1372 1475 lumen.
1404 1422 1460 1467 et
1496 1414 1698 1467 veritas
1732 1413 1901 1482 ipsius
1928 1412 2261 1481 providentia

1773 1414 1901 1467 tsius
1928 1412 2261 1481 providentia
2372 1415 2606 1475 πάντων,
2642 1411 2734 1466 καὶ
2762 1412 2975 1467 πάντων
2994 1415 3137 1466 ἐστὶν
3158 1412 3424 1467 ἐπέκεινα.

706 1507 905 1563 lucent.
940 1506 1124 1577 Neque
1166 1509 1382 1576 penitus
1418 1506 1534 1575 ejus
1568 1514 1649 1560 est
1688 1505 1906 1575 positio,
1932 1513 1992 1559 ut
2038 1506 2108 1560 sit
2139 1506 2222 1560 vel
2255 1507 2385 1570 vita,
2421 1510 2503 1561 vel
2535 1510 2755 1572 veritas,
2788 1508 2867 1563 vel
2911 1510 3200 1577 quidquam
3236 1509 3379 1561 aliud
3414 1522 3601 1561 eorum
3632 1522 3753 1576 quae
3779 1520 3919 1561 sunt.

704 1599 888 1668 Neque
916 1598 1465 1653 rursumomnimoda
1511 1598 1729 1665 ablatio,
1785 1609 1842 1652 ut
1872 1596 2015 1651 nullo
2058 1596 2216 1651 modo
2244 1598 2535 1667 quidquam
2568 1601 2672 1664 sit;
2707 1602 2800 1653 sed
2838 1615 3022 1654 earum
3055 1614 3172 1669 qua:
3201 1612 3321 1670 post
3354 1599 3516 1671 584
3551 1600 3724 1667 ipsum
3760 1608 3883 1652 sunt
3906 1640 3919 1662 ,

704 1691 910 1747 scilicet
940 1704 1339 1758 creaturarum,
1385 1693 1544 1746 etiam
1583 1694 1873 1761 positiones
1909 1700 1965 1746 et
2008 1691 2308 1745 ablationes
2339 1692 2575 1758 faciunt;
2603 1696 2893 1762 positiones
2924 1696 3164 1763 quidem,
3198 1694 3359 1749 veluti
3395 1695 3587 1755 vitam,
3619 1693 3918 1758 veritatem,

703 1802 836 1851 ens;
862 1785 1164 1841 ablationes
1192 1802 1339 1849 vero,
1378 1785 1539 1841 veluti
1584 1802 1693 1841 non
1723 1787 1911 1850 vitam,
1946 1800 2051 1839 non
2081 1787 2391 1851 veritatem,
2417 1802 2521 1840 non
2560 1802 2676 1842 ens.
2719 1786 2841 1841 Haec
2868 1788 3048 1855 itaque
3075 1802 3191 1856 quae
3224 1798 3343 1856 post
3375 1788 3545 1857 ipsum
3576 1795 3722 1847 sunt,
3756 1793 3808 1838 et
3834 1803 3923 1852 [m-

706 1888 899 1934 neutcs
929 1886 982 1930 et
1007 1877 1337 1942 aulerentes,
1368 1878 1531 1931 Deum
1558 1879 1728 1948 ipsum
1767 1892 1937 1948 neque
1965 1879 2370 1947 ponimus,sive
2392 1893 2458 1931 ex
2504 1880 2634 1948 ipsis
2662 1881 3016 1933 substantiam
3052 1880 3166 1949 ejus
3202 1879 3496 1945 noscimus,
3520 1893 3695 1946 neque
3727 1876 3922 1930 auferi-

704 1983 824 2023 tnus
880 1967 1122 2034 onmino,
1161 1978 1216 2022 ut
1264 1970 1355 2038 qui
1397 1970 1633 2040 perfecte
1690 1972 2251 2041 incomprehensibilis
2309 1972 2521 2027 exsistit
2577 1974 2737 2041 (quod
2763 1975 2903 2027 enim
2945 1972 3181 2041 perfecte
3224 1983 3308 2027 est
3354 1971 3916 2041 incomprehensibita,

700 2069 754 2115 ct
792 2074 943 2130 spem
990 2069 1047 2116 et
1090 2070 1347 2117 conatum
1388 2064 1647 2133 excedit),
1700 2080 1883 2119 verum
1947 2066 2210 2135 imagines
2262 2066 2523 2135 quasdam
2563 2081 2625 2119 ex
2676 2066 2742 2119 iis
2782 2080 2899 2135 quae
2945 2066 3088 2120 circa
3144 2066 3319 2135 ipsum
3374 2076 3501 2120 sunt
3548 2064 3915 2128 conciuantes,

701 2153 993 2208 obscurum
1026 2154 1315 2223 quemdam
1348 2156 1599 2209 veritatis
1636 2166 1951 2225 conceptum
1976 2156 2827 2226 componimus,quandoquidem
2863 2157 2934 2212 sit
2957 2173 3118 2225 supra
3142 2172 3354 2212 omnem
3381 2158 3544 2211 etiam
3569 2158 3913 2225 positionem,

703 2257 961 2315 tauquam
998 2260 1248 2318 exempta
1296 2266 1478 2305 rerum
1513 2251 1751 2304 omnium
1777 2267 1961 2313 causa,
1995 2262 2047 2306 et
2078 2268 2237 2323 supra
2283 2267 2494 2307 omnem
2544 2251 2870 2307 ablationem
2897 2250 3179 2316 collocata,
3219 2265 3340 2305 cum
3387 2251 3684 2304 secundum
3718 2249 3913 2303 nullum

700 2354 881 2394 rerum
914 2338 1236 2397 ablutionem
1262 2340 1403 2397 Deus
1439 2352 1827 2412 ceguoscatur;
1857 2343 2124 2413 siquidem
2157 2343 2224 2397 ab
2251 2345 2501 2399 omnibus
2541 2343 2840 2410 absolutus,
2866 2344 3031 2398 etiam
3061 2358 3225 2413 supra
3250 2341 3430 2396 omnia
3471 2341 3704 2396 exsistit.
