4180 6312
767 350 905 403 τοτα

1919 355 1972 412 S.
2018 357 2314 415 DIONYSII
2343 359 2804 417 AREOPAGITIE

3819 370 3952 426 {C80

766 471 807 521 si
840 484 962 522 vera
1000 470 1136 523 ratio
1172 471 1276 552 rite
1305 470 1464 524 fuerit
1496 471 1753 535 stabilita,
1782 475 2099 543 ueterisque
2121 478 2299 530 omni-
2329 478 2417 539 At

2329 483 2374 539 Α
2400 478 2443 528 δ’
2476 475 2705 543 ἀληθοῦς
2735 473 2896 527 αὐτοῦ
2933 475 3172 539 τεθέντος
3187 478 3229 508 ³⁸
3268 478 3440 549 ὀρθῶς
3470 479 3659 547 λόγου,
3691 482 3783 535 καὶ
3819 484 3952 554 πρὸς

765 550 863 605 bus
908 548 1294 623 irrefragabilis
1331 562 1604 624 persistat,
1644 559 1901 629 quidquid
1941 577 2059 616 cum
2091 580 2151 617 ea
2195 581 2300 620 non

762 645 946 696 eodem
977 646 1139 697 mod‘o
1160 660 1255 713 per
1281 646 1457 699 omnia
1497 660 1554 700 se
1581 648 1759 713 babet,
1799 649 1851 704 id
1885 639 2053 719 ipsum
2087 669 2181 721 per
2219 671 2299 717 se,

764 733 1108 802 insuperabili
1145 734 1259 803 ejus
1299 738 1440 805 quod
1474 738 1703 793 omnino-
1742 754 1928 793 verum
1970 751 2052 796 est
2099 744 2302 798 stabili-

764 834 895 885 tate,
929 825 1197 894 dejicitur.
1241 826 1348 881 Hoc
1384 829 1563 900 itaque
1591 846 1736 895 curn,
1770 846 1887 885 mea
1924 834 2135 901 quidem
2170 851 2297 889 sen-

765 914 970 978 tentia,
1039 918 1205 981 probe
1254 931 1489 980 nossem,
1538 920 1756 972 minime
1804 921 1921 973 dedi
1976 937 2189 989 operam
2242 934 2299 978 ut

759 1004 1016 1057 adversus
1046 1005 1271 1073 gentiles
1312 1008 1516 1061 aliosve
1556 1010 1820 1071 dicerem,
1858 1010 1949 1062 sed
1987 1011 2117 1066 mibi
2162 1013 2300 1067 satis

758 1099 862 1153 est,
911 1091 959 1145 si
1012 1092 1141 1145 mihi
1189 1093 1354 1147 donet
1390 1096 1570 1161 Deus,
1618 1105 1673 1150 ut
1714 1093 1781 1153 de
1810 1101 2031 1153 veritate
2064 1100 2296 1169 primum

758 1181 975 1248 quidem
1024 1191 1171 1239 recte
1205 1185 1457 1249 sentiam,
1486 1201 1548 1240 ac
1575 1187 1771 1241 deinde
1812 1191 1948 1243 scite
1987 1190 2213 1258 eloquar
2244 1198 2300 1242 ut

757 1282 993 1339 oportet.

2411 567 2518 621 τῶν
2546 567 2716 620 ἄλλων
2748 566 2962 620 πάντων
2994 566 3371 635 ἀνεξελέγκτου
3413 570 3720 639 μείναντος,
3750 574 3855 624 πᾶν
3891 575 3949 626 τὺ

2413 656 2486 727 μὴ
2518 657 2655 709 οὖτω
2688 656 2829 709 κατά
2855 656 3027 709 πάντα
3058 657 3196 728 ἕχον,
3228 658 3356 710 αὐτὸ
3384 660 3466 727 ἐφ’
3500 660 3689 713 ἑαυτοῦ
3726 664 3789 732 τῇ
3818 663 3945 732 ἀητ-

2405 750 2551 817 τήτῳ
2612 748 2791 800 στάσει
2845 747 2937 800 τοῦ
2979 748 3145 811 ὅντως
3190 749 3418 817 ἀληθοῦς
3448 750 3492 781 ⁸⁸
3540 751 3943 805 καταϐάλλεται.

2405 838 2573 890 Τοῦτο
2616 838 2711 908 μὲν
2753 834 2877 901 οὗν,
2925 839 2999 901 ὡς
3054 834 3235 907 οἶμαι,
3284 839 3461 902 καλῶς
3515 840 3798 907 ἐγνωκὼς,
3852 844 3952 896 οὐκ

2404 929 2640 982 ἔσπευσα
2669 928 2803 1000 πρὶς
2843 929 3104 999 Ἕλληνας
3132 930 3166 998 ἢ
3193 929 3325 1000 πρὸς
3356 930 3570 1001 ἑτέρους
3605 934 3770 985 εἰπεῖν
3789 950 3802 962 ”
3836 934 3949 986 ἀλλ’

2402 1020 2577 1073 ἱκανόν
2609 1037 2729 1090 μοι,
2764 1020 2856 1072 καὶ
2882 1020 3036 1073 τοῦτο
3060 1020 3187 1083 Θεὸς
3214 1021 3357 1091 δοίηί
3393 1022 3517 1091 περϊ
3546 1022 3797 1092 ἀληθείας
3819 1024 3946 1076 είδέ-

2400 1127 2486 1163 ναι
2516 1109 2747 1182 πρῶτον,
2779 1110 2963 1163 ἔπειτα
2990 1111 3161 1163 είδότα
3189 1109 3261 1172 ὡς
3288 1110 3391 1181 χρὴ
3421 1110 3594 1179 λέγειν
3607 1114 3669 1166 ³⁸.

2289 1394 2316 1465 §
2356 1392 2433 1453 ll.

826 1528 902 1583 Tu
959 1539 1137 1585 autem
1205 1531 1328 1595 ais,
1378 1532 1674 1598 sopbistam
1722 1530 2138 1600 Apollophanem
2203 1543 2289 1583 me

756 1620 1072 1683 conviciari,
1111 1635 1173 1675 ae
1212 1620 1537 1688 parricidam
1574 1620 1870 1689 appellare,
1908 1630 1963 1674 ut
1998 1621 2087 1689 qui
2120 1621 2299 1689 genti-

757 1713 883 1763 lium
938 1711 1127 1774 dictis,
1194 1711 1452 1765 adversus
1512 1712 1657 1781 ipsos
1722 1725 1825 1766 non
1890 1712 2097 1765 sincere
2148 1719 2291 1765 utar.

2464 1528 2533 1579 Σὺ
2563 1527 2618 1579 δὲ
2644 1529 2748 1598 φῂς
2782 1526 3130 1597 λοιδορεῖσθαί
3164 1546 3250 1600 μοι
3282 1532 3370 1583 τδν
3407 1530 3660 1602 σοφιστὴν
3689 1535 3945 1588 Ἀπολλοο

2397 1618 2536 1688 φάνη
2561 1657 2580 1679 ,
2610 1618 2701 1670 καὶ
2736 1619 3064 1689 πατραλοίαν
3094 1619 3399 1685 ἀποκαλεῖν,
3430 1621 3504 1685 ὡς
3533 1625 3640 1685 τοίς
3684 1621 3949 1695 Ἑλλήνων

2397 1709 2486 1760 ἐπὶ
2515 1709 2639 1770 τοὺς
2674 1708 2935 1778 ’Έλληνας
2963 1709 3059 1779 οὐχ
3084 1710 3245 1773 ὁσίως
3272 1710 3553 1781 χρωμένῳ.
3595 1714 3785 1765 Καίτοι
3812 1715 3947 1785 πρὸς

755 1798 916 1870 594
964 1799 1127 1869 Atqui
1179 1814 1274 1855 nos
1350 1801 1423 1854 illi
1484 1802 1663 1856 verius
1708 1801 1939 1871 objicere
1984 1816 2295 1871 possemus,
2326 1782 2406 1850 Bc

2293 1847 2295 1857 ,
2326 1782 2367 1839 Β
2396 1799 2553 1851 αὑτὸν
2581 1802 2612 1869 ἡ
2622 1800 2726 1869 μᾶς
2751 1795 2820 1869 ἦν
2847 1800 3202 1871 ἀληθέστερον
3237 1803 3425 1865 εἰπεῖν,
3451 1801 3524 1866 ὡς
3556 1803 3811 1873 Ἕλληνες
3836 1782 3944 1867 τοῖς

755 1888 981 1955 gentiles
1031 1889 1188 1956 illos,
1249 1890 1503 1943 adversus
1553 1889 1729 1945 divina
1787 1882 1978 1944 divinis
2040 1891 2306 1961 sacrilege
2396 1894 2406 1943 t

2293 1913 2306 1940 μ
2396 1892 2557 1955 θείοις
2599 1893 2695 1961 οὐχ
2720 1892 2880 1952 ὁσίως
2908 1891 2999 1942 ἐπὶ
3025 1890 3094 1943 τά
3121 1890 3235 1943 θεῖα
3274 1890 3543 1962 χρῶνται,
3591 1892 3677 1944 διὰ
3720 1893 3819 1961 τῆς
3862 1910 3944 1946 σο-

757 1979 926 2043 abuti,
959 1978 1082 2030 dum
1119 1992 1213 2045 per
1246 1978 1336 2033 Dei
1381 1980 1723 2047 sapientiam,
1774 1980 1967 2033 divinae
2017 1980 2294 2049 religionis

753 2067 953 2119 cultum
1012 2068 1231 2121 abolere.
1289 2070 1603 2123 moliuntur.
1678 2069 2037 2138 Neque-vero
2088 2072 2175 2126 hic
2229 2073 2295 2125 de

755 2155 1112 2209 multitudinis
1145 2159 1395 2224 opinione
1427 2160 1639 2228 loquor,
1667 2174 1784 2227 qua:
1812 2170 2089 2227 poetarum
2126 2161 2295 2216 ﬁctio-

754 2245 908 2298 nibus
937 2246 1287 2302 materialiter
1316 2252 1682 2318 tenaciterque
1710 2251 2009 2317 adhaerens,
2033 2263 2294 2306 creatura

753 2339 931 2405 potius
984 2355 1143 2409 quam
1201 2341 1432 2394 creatori
1500 2340 1820 2407 famulatur;
1889 2358 2077 2397 verum
2131 2346 2290 2399 etiam

754 2428 975 2495 ipsemet
998 2430 1393 2500 Apollophanes
1438 2431 1636 2487 divinis
1688 2433 1945 2487 adversus
1980 2434 2159 2487 divina
2198 2451 2288 2488 ne-

753 2518 886 2573 farie
919 2522 1119 2586 utitur;
1157 2537 1277 2575 nam
1302 2537 1397 2590 per
1421 2521 1559 2575 hanc
1594 2522 1758 2591 ipsam
1784 2539 1963 2577 rerum
1987 2525 2288 2591 scientiam,

752 2625 867 2675 qua:
915 2611 982 2665 ab
1018 2612 1131 2681 ipso
1178 2624 1322 2667 recte
1377 2613 1711 2683 philosophia
1764 2615 1979 2679 dicitur,
2025 2625 2077 2669 et
2109 2631 2136 2668 a
2169 2616 2291 2669 divo

750 2700 917 2755 Paulo
964 2702 1224 2770 sapientia
1253 2702 1344 2757 Dei
1384 2704 1695 2758 nominatur
1725 2704 1771 2769 ι,
1820 2708 1885 2759 ad
1924 2720 2103 2760 rerum
2146 2707 2291 2774 ipsa-

752 2806 867 2844 rum
901 2791 1248 2860 scientizeque
1280 2793 1424 2847 illius
1440 2804 1737 2862 auctorem,
1769 2809 1924 2851 veros
1952 2797 2295 2866 philosophos

751 2884 1047 2939 ascendere
1112 2887 1414 2953 oportebat.
1482 2886 1558 2941 Ac
1609 2902 1674 2941 ne
1725 2897 1920 2956 praeter
1989 2888 2287 2943 institutum

750 2989 949 3039 meum,
998 2976 1225 3029 aliorum
1258 2978 1437 3044 potius
1479 2993 1636 3045 quam
1675 2979 1842 3047 ipsius
1890 2982 2209 3034 sententiam
2260 2994 2288 3031 a

750 3068 976 3123 veritate
992 3064 1272 3121 deﬂectere
1299 3070 1632 3131 convincam,
1656 3070 1796 3123 scire
1825 3070 2052 3124 debebat
2074 3072 2286 3139 Apollo-

750 3156 977 3221 phanes,
1008 3171 1127 3209 cum
1162 3158 1376 3225 sapiens
1410 3168 1577 3223 esset,
1619 3159 1753 3211 nihil
1788 3175 2020 3228 unquam
2062 3162 2291 3216 cmlestis

751 3244 959 3296 ordinis
1010 3258 1074 3296 ac
1122 3254 1299 3299 motus
1349 3244 1620 3299 immutari
1672 3244 1783 3299 ullo
1828 3247 1985 3300 modo
2033 3248 2288 3315 potuisse,

751 3336 867 3386 sine
902 3333 1163 3388 instinctu
1215 3335 1452 3389 auctoris
1504 3334 1608 3399 sui,
1656 3350 1686 3389 a
1714 3350 1820 3404 quo
1852 3345 1910 3388 et~
1939 3345 1995 3388 ut
2038 3345 2178 3389 esset
2210 3352 2292 3390 ac-

750 3426 911 3492 cepit,
953 3434 1005 3478 et
1052 3424 1209 3493 cujus
1248 3426 1483 3495 potentia
1530 3440 1900 3492 conservatur,
1947 3430 2062 3497 qui,
2099 3445 2291 3483 secun-

748 3514 873 3565 dum
921 3512 1215 3581 Scriptum
1267 3516 1634 3569 testimonium
1666 3557 1682 3581 ,
1740 3530 1931 3573 cuncta
1979 3520 2184 3588 perficit
2226 3536 2290 3575 ac

749 3614 941 3660 mutat.
976 3604 1083 3659 Cur
1116 3606 1279 3673 igitur
1313 3623 1414 3661 non
1450 3608 1579 3661 colit
1612 3624 1765 3675 eum,
1812 3626 1969 3677 quem
2008 3613 2127 3664 hinc
2159 3627 2291 3679 quo-

749 3710 852 3762 que
880 3696 1226 3764 cognovimus
1260 3690 1524 3751 veraciter
1556 3712 1681 3752 esse
1703 3703 1940 3753 omnium
1965 3701 2151 3765 Deum,
2192 3704 2289 3756 ad-

750 3787 998 3840 mirando
1035 3772 1170 3853 ejus,
1206 3802 1232 3839 a
1259 3801 1363 3856 quo
1397 3799 1593 3843 cuncta
1641 3791 1954 3855 subsistunt,
2004 3793 2290 3846 admirabi-

749 3879 851 3932 lem
908 3880 1266 3947 potestatem?‘
1316 3879 1753 3949 Quandoquidem
1807 3886 1873 3937 ab
1935 3884 2050 3953 ipso
2099 3885 2178 3939 sol
2236 3893 2289 3937 et

749 3966 894 4035 luna,
941 3971 1175 4038 potentia
1223 3977 1473 4038 statuque
1518 3972 1772 4038 mirabili,
1808 3974 1962 4026 simul
2023 3989 2140 4026 cum
2191 3976 2290 4028 hac

750 4073 928 4112 rerum
962 4060 1329 4125 universitate,
1356 4063 1418 4114 ad
1452 4062 1819 4116 omnimodam
1855 4065 2285 4118 immobilitatetn

753 4151 967 4202 redacta
1001 4151 1141 4214 sint,
1189 4167 1286 4205 nec
1322 4167 1422 4212 non
1460 4154 1523 4206 ad
1557 4154 1750 4221 integri
1790 4155 1893 4208 diei
1942 4156 2198 4224 spatium,
2236 4159 2287 4209 in

752 4238 943 4291 iisdem
976 4239 1227 4293 universa
1256 4241 1421 4309 signis
1453 4243 1823 4308 constiterint;
1862 4244 1965 4307 vel,
1998 4246 2137 4313 quod
2171 4262 2287 4299 am-

750 4330 891 4398 plius
922 4338 1021 4391 est,
1052 4332 1211 4383 etiam
1241 4334 1452 4387 cunctis
1483 4335 1704 4389 orbibus
1735 4334 2027 4404 primariis,
2059 4339 2148 4403 qui
2183 4352 2288 4391 cte-

2395 1985 2521 2051 φίας
2547 1983 2640 2035 τοῦ
2670 1982 2801 2035 Θεοῦ
2829 1983 2888 2034 τὸ
2918 1982 3058 2035 θεῖον
3093 1982 3371 2035 ἐκϐάλλειν
3412 1982 3738 2053 πειρώμενοι
3765 1983 3941 2045 σέϐας.

2392 2075 2502 2127 Καὶ
2536 2075 2595 2127 οὐ
2625 2073 2722 2146 τὴν
2750 2074 2855 2125 τῶν
2884 2073 3089 2125 πολλῶν
3117 2072 3288 2141 ἔγωγέ
3322 2090 3461 2142 φημι
3499 2072 3671 2137 δόξαν,
3703 2076 3814 2136 τοῖς
3839 2075 3943 2126 τῶν

2393 2164 2625 2234 ποιητῶν
2654 2163 2932 2233 προσύλως
2962 2163 3053 2216 καὶ
3081 2161 3337 2232 ἐμπαθῶς
3363 2164 3821 2232 ὲναπομενόντων,
3852 2166 3941 2218 καὶ

2390 2257 2455 2324 τῇ
2495 2253 2665 2306 κτίσει
2699 2254 2845 2323 παρά
2871 2255 2961 2305 τὸν
2998 2255 3251 2307 κτίσαντα
3278 2253 3659 2324 λατρευόντων,
3691 2255 3825 2306 ἀλλὰ
3847 2257 3939 2308 καὶ

2393 2344 2551 2406 αὐτὸς
2592 2343 2987 2413 Ἀπολλοφάνης
3024 2344 3119 2413 οὐχ
3168 2344 3327 2405 ὁσίως
3382 2346 3491 2405 τοῖς
3543 2342 3705 2406 θείοις
3756 2344 3847 2395 ἐπὶ
3875 2344 3939 2397 τά

2393 2434 2506 2486 θεῖα
2540 2433 2766 2503 χρῆται·
2800 2436 2865 2504 τῇ
2906 2434 3013 2504 γὰρ
3047 2433 3153 2486 τῶν
3184 2434 3347 2486 ὄντων
3383 2434 3605 2501 γνώσει,
3636 2433 3817 2495 καλῶς
3857 2434 3939 2486 λε-

2391 2527 2593 2598 γομένῃ
2615 2564 2630 2589 ,
2669 2526 2804 2597 πρὸς
2835 2524 2995 2577 αὑτοῦ
3038 2525 3317 2593 φιλοσοφία
3336 2564 3350 2587 ,
3389 2524 3483 2576 καὶ
3512 2522 3645 2592 πρὸς
3673 2522 3765 2574 τοῦ
3795 2523 3938 2575 θείου

2393 2617 2601 2668 Παύλου
2631 2615 2789 2685 σοφίᾳ
2821 2613 2952 2666 Θεοῦ
2983 2614 3289 2685 κεκλημένῃ
3313 2652 3327 2677 ,
3367 2614 3502 2683 πρὸς
3526 2613 3615 2665 τὸν
3645 2607 3813 2665 αἴτιον
3850 2613 3940 2667 καὶ

2391 2706 2565 2759 αὐτῶν
2610 2705 2717 2759 τῶν
2762 2707 2927 2757 ὄντων
2973 2706 3065 2757 καὶ
3114 2704 3212 2773 τῆς
3255 2701 3503 2772 γνώσεως
3546 2702 3721 2755 αὐτῶν
3777 2702 3941 2772 ἐχρῆν

2390 2796 2679 2864 ἀνάγεσθαι
2708 2797 2831 2858 τοὺς
2864 2796 3077 2865 ἀληθεῖς
3102 2794 3433 2863 φιλοσόφους.
3464 2794 3570 2845 Καὶ
3603 2794 3689 2845 ’ίνα
3724 2792 3796 2861 μὴ
3844 2792 3940 2862 τὴν

2390 2888 2495 2940 τῶν
2522 2887 2695 2941 ἄλλων
2713 2887 2755 2917 ³⁷
2798 2886 2832 2955 ἢ
2877 2885 2970 2955 τὴν
2999 2883 3159 2937 αὐτοῦ
3190 2882 3339 2953 παρά
3367 2882 3426 2934 τὸ
3455 2881 3644 2935 δοκοῦν
3673 2879 3943 2949 ἐξελέγχοι

2396 2994 2482 3047 μοι
2514 2976 2699 3054 δέξαν,
2738 2976 2842 3028 ἔδει
2877 2975 3102 3027 συνιδεῖν
3142 2971 3534 3041 Ἀπολλοφάνη,
3584 2971 3741 3039 σοφὸν
3778 2970 3940 3029 ὄντα.

2399 3067 2469 3137 μὴ
2498 3062 2764 3127 arma;
2800 3066 2927 3117 ποτέ
2953 3063 3241 3133 δυνηθῆναι
3266 3063 3362 3132 τῆς
3392 3061 3641 3131 οὐρανίας
3678 3077 3730 3112 τι
3762 3076 3940 3129 παραο

2392 3156 2663 3225 τραπῆναι
2687 3156 2888 3219 τάξεως
2920 3153 3012 3205 καὶ
3054 3154 3314 3223 κινήσεως
3333 3190 3346 3216 ,
3381 3153 3427 3203 εί
3464 3149 3540 3219 μὴ
3569 3150 3656 3201 τὸν
3684 3148 3776 3201 τοῦ
3806 3144 3943 3201 εἶναι

2392 3246 2556 3316 αὐτὴν
2586 3248 2676 3298 καὶ
2708 3244 2963 3314 συνοχέα,
3008 3244 3100 3296 καὶ
3140 3241 3309 3295 αἴτιον
3351 3241 3505 3309 ἔσχεν
3541 3242 3620 3302 είς
3659 3239 3815 3291 τοῦτο
3861 3257 3942 3291 κι-

2392 3335 2609 3401 νοῦντα,
2665 3335 2753 3386 τὸν
2798 3333 3057 3386 ποιοῦντα
3099 3330 3166 3383 τὰ
3211 3330 3413 3394 πάντα,
3462 3330 3553 3382 καὶ
3608 3330 3944 3399 μετασκευά-

2393 3425 2581 3488 ζοντα,
2616 3426 2754 3477 κατὰ
2782 3424 2870 3476 τὸν
2908 3423 3051 3493 ἱερὸν
3078 3422 3252 3488 λόγον.
3287 3420 3408 3482 Πῶς
3439 3416 3531 3473 οὖν
3562 3421 3623 3473 οὐ
3667 3420 3812 3474 σέϐει
3852 3420 3949 3475 τὸν·

2390 3516 2722 3585 ἐγνωσμένον
2762 3518 2890 3586 ἡμῖν
2936 3515 3043 3567 κάκ
3063 3513 3247 3565 τούτου
3269 3552 3284 3574 ,
3324 3511 3417 3564 καὶ
3457 3511 3621 3573 ὅντως
3663 3510 3792 3563 ὄντα
3833 3511 3943 3565 τῶν

2390 3608 2522 3658 ὅλων
2550 3607 2678 3659 Θεὸν
2696 3645 2711 3669 ,
2746 3607 3011 3674 ἀγάμενος
3038 3604 3193 3656 αὑτὸν
3220 3603 3318 3670 τῆς
3344 3602 3623 3654 παναιτίου
3654 3602 3747 3653 καί
3781 3602 3940 3672 ὑπερο

2391 3701 2624 3770 αρῤήτου
2665 3698 2978 3766 δυνάμεως
3010 3696 3135 3749 ὃταν
3168 3696 3315 3763 ἥλιος
3336 3692 3380 3724 ³⁸
3414 3692 3503 3744 ὑπ’
3536 3690 3697 3743 αὑτοῦ
3730 3692 3824 3743 καὶ
3852 3708 3939 3745 σε·-

2390 3791 2557 3861 λήνη,
2607 3789 2746 3841 κατά
2800 3788 3022 3856 δύναμιν
3080 3787 3172 3839 καὶ
3234 3784 3418 3837 στάσιν
3469 3782 3937 3851 ὐπερφυεστάτην,

2390 3882 2507 3951 ἅμα
2534 3881 2609 3950 τῷ
2630 3880 2788 3933 παντὶ
2815 3880 2947 3949 πρὸς
2966 3878 3024 3929 τὸ
3047 3877 3217 3946 πάντη
3244 3877 3491 3947 ἀκίνητον
3512 3866 3817 3943 ὀρίζὼνται,
3848 3873 3944 3926 καὶ

2390 3974 2467 4033 είς
2502 3972 2693 4040 μέτρον
2744 3970 2951 4039 ἡμέρας
2990 3969 3117 4036 ὅλης
3149 3969 3239 4019 ἐπὶ
3281 3966 3387 4019 τῶν
3436 3965 3611 4020 αὐτῶν
3658 3965 3843 4015 ἑστᾶσι
3874 3963 3944 4015 τά

2391 4062 2565 4113 πάντα
2598 4060 2861 4131 σημείωνσ
2898 4059 2929 4128 ἢ
2962 4060 3021 4110 τὸ
3061 4058 3245 4110 τούτου
3272 4074 3334 4124 γε
3378 4056 3593 4120 πλεῖον,
3625 4053 3801 4123 εἴπερ,
3835 4052 3942 4105 τῶν

2390 4152 2523 4205 ὅλων
2545 4152 2636 4206 καὶ
2663 4152 2769 4204 τῶν
2797 4151 3113 4221 κρειττόνων
3133 4151 3223 4203 καὶ
3242 4148 3592 4220 περιεχόντων
3609 4146 3651 4177 ³³
3673 4144 3815 4196 οὕτω
3845 4161 3941 4212 φε-

2394 4246 2653 4316 ρομένων,
2686 4246 2745 4297 οὐ
2770 4245 3164 4315 συμπεριήγετο
3188 4240 3255 4292 τὰ
3275 4238 3659 4310 περιεχόμενα·
3693 4236 3785 4288 καὶ
3818 4237 3942 4287 ὅταν

2391 4336 2520 4404 άλλη
2554 4353 2635 4398 τις
2668 4336 2846 4404 ἡμέρα
2876 4333 3014 4386 κατὰ
3047 4331 3319 4401 συνέχειαν
3349 4329 3529 4399 σχεδδν
3551 4325 3942 4399 τριπλασιάζη-

751 4431 897 4471 teros
936 4418 1214 4485 complexu
1256 4433 1352 4473 suo
1385 4421 1687 4484 continent,
1724 4435 1873 4473 more
1918 4436 2015 4473 suo
2049 4422 2289 4489 gyranti-
2320 4426 2402 4477 De

2286 4426 2363 4477 Ἰ)
2390 4441 2511 4487 ται,
2559 4425 2651 4477 καὶ
2700 4426 2756 4477 ἐν
2795 4425 2963 4475 είκοσι
3005 4426 3123 4485 ταῖς
3161 4421 3359 4483 πάσαις
3407 4419 3607 4490 ὥραις.
3647 4418 3680 4487 ἢ
3727 4417 3789 4468 τὸ
3835 4419 3937 4470 πᾶν

712 4530 718 4533 ·
747 4509 870 4573 bus,
900 4523 962 4564 ea
995 4522 1113 4576 quae
1145 4508 1354 4562 illorum
1390 4511 1675 4576 complexu
1703 4511 2146 4573 continebantur,
2181 4525 2287 4564 non

751 4610 852 4649 una
897 4596 948 4649 in
994 4597 1178 4650 orbem
1226 4598 1533 4651 circumlata
1576 4598 1711 4665 sint;
1745 4599 1872 4667 quin
1916 4608 1968 4653 et
1999 4599 2134 4653 alius
2177 4601 2292 4669 qui-

757 4687 872 4739 dam
901 4688 1013 4741 dies
1046 4690 1446 4743 continuatione
1468 4690 1577 4745 fere
1612 4690 1772 4759 triplo
1801 4691 2007 4761 ιοηείοΓ
2040 4692 2288 4755 effectus,

2390 4516 2640 4568 τοσούτου
2673 4516 2859 4585 χρόνου
2894 4514 3062 4584 φορὰς
3090 4513 3331 4573 ἐναντίας
3368 4508 3657 4579 ἀναποδίζῃ
3685 4508 3778 4559 καὶ
3810 4508 3934 4559 ἐπα-

2392 4606 2662 4677 ναστρέφῃ
2692 4608 2808 4667 ταῖς
2839 4604 3008 4666 οὕτως
3050 4603 3187 4670 ἄγαν
3220 4599 3681 4667 ὑπερφυεστάταις
3720 4598 3937 4649 ἀντιπε-

2397 4700 2693 4768 ριαγωγαῖς
2712 4713 2724 4725 θ
2782 4695 2813 4764 ἢ
2843 4697 2870 4746 ὁ
2900 4694 3065 4763 ἥλιος,
3104 4695 3159 4744 ἐν
3182 4694 3226 4723 ⁵⁸
3262 4692 3373 4760 ίδίῳ
3404 4690 3584 4760 δρόμῳ
3615 4690 3714 4755 τὴν
3746 4690 3945 4739 πεντά-

759 4786 803 4828 at
841 4777 965 4830 totis
996 4777 1184 4846 viginti
1236 4778 1418 4842 horis,
1470 4779 1777 4832 universum
1831 4780 2019 4848 aequali
2072 4781 2291 4834 omnino
2392 4803 2410 4837 τι

2392 4803 2585 4856 τροπον
2621 4784 2780 4838 αὑτοῦ
2820 4785 3028 4853 κίνησιν
3058 4781 3312 4851 ἐνγῶραις
3347 4780 3473 4832 δέκα
3522 4776 3771 4839 συνελὼν,
3810 4778 3943 4829 ἀνα-

758 4864 1011 4933 tcmporis
1056 4867 1247 4933 spatio,
1286 4881 1433 4923 motu
1477 4871 1747 4924 contrario
1815 4882 2138 4941 supraquam
2191 4872 2287 4925 ad-

753 4955 1008 5009 mirandis
1043 4960 1561 5028 retrogyrationibus
1601 4971 1981 5029 retrogressnm
2009 4979 2071 5017 ac
2107 4978 2288 5015 rever-

2393 4875 2622 4937 λυτικῶς
2652 4872 2800 4937 αὖθις
2830 4875 2955 4941 ὃλην
2986 4873 3150 4943 αὐτὴν
3182 4874 3238 4923 ἐν
3264 4873 3384 4931 ταῖς
3420 4869 3629 4935 ἑτέραις
3656 4867 3787 4919 δέκα
3818 4882 3943 4917 και-

2394 4968 2488 5036 νήν
2523 4984 2642 5019 τινα
2682 4966 2879 5036 τρίϐων
2911 4964 3023 5016 ὁδὸν
3068 4961 3390 5032 ἁναποδίζῃ·
3435 4958 3591 5010 τοῦτο
3629 4957 3693 5026 δὴ
3742 4956 3804 5007 τὸ
3847 4965 3945 5007 και

754 5045 1003 5101 sumsit:
1031 5046 1109 5101 vel
1142 5044 1253 5116 ipse
1281 5052 1360 5105 sol
1393 5049 1445 5103 in
1480 5067 1639 5106 cursu
1675 5068 1791 5117 suo,
1825 5054 2290 5122 quinqueformem
2397 5057 2405 5107 ]

2397 5056 2759 5119 Βαϐυλωνίους
2790 5057 3006 5117 εἰκότως
3038 5052 3325 5122 ὲκπλῆξαν,
3353 5053 3444 5103 καὶ
3478 5050 3653 5120 μάχης
3681 5048 3836 5111 ἐκτὸς
3864 5045 3943 5115 τῷ

898 5203 916 5243 ί
953 5208 1127 5263 ICor.
1166 5225 1224 5273 Il,
1260 5211 1309 5263 7.

2026 5370 2252 5424 VARUE
2294 5371 2685 5426 LECTIUNES.

816 5538 858 5569 “
888 5542 977 5592 καί
999 5540 1091 5615 τοῦ
1100 5541 1339 5615 fil-(160:5;
1361 5542 1519 5615 αὑτοῦ
1556 5547 1896 5614 προτεθέντος
1916 5590 1928 5610 ,
1969 5551 2025 5599 D.
2054 5548 2108 5603 S.
2195 5549 2237 5578 ³⁵
2268 5548 2358 5600 τοῦ
2392 5548 2555 5609 ὅντως
2587 5546 2737 5609 ὅντος
2768 5545 3013 5615 ἀληθοῦς,
3051 5546 3110 5598 D.
3193 5545 3237 5574 ³⁸
3267 5543 3345 5615 ὡς
3374 5541 3535 5611 ἐχρῆν
3555 5578 3569 5602 9

3761 5538 3802 5567 ³⁷
3833 5533 3941 5587 τῶν

755 5600 856 5686 {mn
898 5620 979 5661 est
1010 5612 1059 5663 it;
1100 5612 1158 5665 D.
1187 5600 1349 5686 S._P:_
1374 5614 1416 5645 ³⁸
1449 5600 1669 5683 έῆλιος.
1710 5617 1766 5670 S.
1841 5600 1894 5651 ³9³
1919 5600 2074 5686 εἴπερ
2097 5600 2203 5670 Ἵκαὶ
2236 5618 2341 5669 τῶν
2373 5618 2509 5671 ὅλων
2539 5600 2638 5671 ’καὶ
2670 5600 2775 5668 τᾶν
2810 5600 3126 5686 κρειττὸνων
3160 5615 3252 5669 καὶ
3282 5612 3387 5667 τῶν
3405 5600 3805 5679 ’ἆεριεχόντωνν
3869 5606 3930 5657 υ*

751 5678 802 5707 ⁸⁴
832 5680 891 5731 ἐν
924 5695 1026 5731 non
1062 5692 1141 5735 est
1169 5683 1219 5734 in
1242 5682 1299 5737 S.
1328 5681 1386 5734 Ρ.
