4176 6318
190 388 317 439 ’08!

1545 370 1870 426 EPISTOLA
1907 368 2016 422 ΥΠ.

3235 364 3372 414 1032

184 501 401 572 Ἐζεκία
434 498 842 561 καθυποτάξαν,
876 498 949 561 ὡς
980 498 1047 562 ἂν
1092 493 1280 564 ίσοθέῳ
1309 492 1413 545 τινὶ
1444 491 1535 543 καὶ
1575 492 1738 558 ὑπερ-
1766 496 1811 546 Α

1721 518 1738 527 -
1766 496 1811 546 Α
1838 487 1996 540 istum
2031 492 2231 539 motum
2276 481 2343 535 ad
2371 481 2555 534 decem
2588 478 2752 532 horas
2798 485 3167 543 contractum,
3198 480 3370 534 denuo

182 592 357 662 έχοντι
388 592 513 653 τοὺς
543 587 877 659 ἀνθρώπους.
907 588 1015 640 Καὶ
1058 586 1117 638 οὐ
1156 584 1322 655 δήπου
1353 583 1491 653 φημὶ
1532 581 1629 645 τὰς
1674 584 1731 635 ὲν

181 683 438 751 Αίγύπτῳ
472 680 897 751 μεγαλουργίας,
934 678 965 748 ἡ
998 677 1159 741 ἀλλας
1189 675 1339 738 τινὰς
1365 676 1591 745 ἀλλαχοῦ
1626 676 1733 730 θεο-

182 774 412 843 σημείας
441 770 835 840 γεγενημένας,
871 767 1005 823 ἀλλά
1040 766 1110 821 τὰ
1147 765 1300 826 κοινά
1344 766 1436 819 καὶ
1478 766 1729 836 οὐράνια,

181 863 277 916 καὶ
309 864 364 914 ὲν
404 862 481 932 τῷ
512 861 672 914 παντὶ
704 860 795 913 καὶ
828 861 957 913 πᾶσι
987 856 1430 928 θριαμϐευθέντα.
1461 856 1595 925 Φησὶ
1614 855 1669 907 δὲ
1688 856 1729 886 ⁶¹

179 957 398 1018 πάντως
462 952 891 1020 ’Δπολλοφάνης,
954 948 1054 1001 οὐκ
1107 943 1242 999 εἶναι
1292 945 1460 999 ταῦτα
1525 944 1727 1015 ἀληθῆο

181 1045 413 1114 μάλιστα
477 1044 572 1113 μὲν
629 1037 719 1095 οὖν
772 1040 927 1092 τοῦτο
968 1040 1086 1100 ταῖς
1150 1035 1372 1107 Περσῶν
1438 1035 1734 1107 ίερατικαῖς

176 1136 475 1206 ἐμφέρεται
509 1135 711 1204 φήμαις
734 1171 748 1195 ,
784 1131 876 1184 καλ⁸
906 1128 1069 1181 εἰσέτι
1105 1127 1266 1197 μάγοι
1306 1125 1374 1178 τὰ
1420 1124 1733 1195 μνημόσυνα

174 1226 273 1278 τοῦ
304 1224 616 1296 τριπλασίου
660 1220 863 1292 Μίθρου
894 1217 1152 1273 τελοῦσιν.
1187 1216 1325 1269 Ἀλλ’
1357 1215 1555 1279 ἐξέστω
1586 1215 1731 1287 αὐτῷ

173 1316 385 1378 τούτοις
423 1314 509 1372 διὰ
539 1314 635 1382 τὴν
671 1312 887 1379 ἄγνοιαν
929 1309 961 1381 ἢ
992 1309 1089 1379 τὴν
1120 1308 1370 1379 ἀπειρίαν
1388 1307 1431 1337 δ’
1466 1309 1728 1359 ἀπιστεῖν.

175 1404 313 1457 Είπὲ
345 1403 399 1454 δὲ
432 1400 607 1471 αὐτῷ’
651 1398 714 1451 Τί
745 1398 920 1465 λέγεις
964 1397 1092 1467 περὶ
1131 1396 1227 1465 τῆς
1272 1398 1328 1449 ὲν
1370 1395 1446 1465 τῷ
1485 1393 1731 1465 σωτηρίῳ

177 1492 396 1564 σταυρῷ
425 1489 702 1558 γεγονυίας
735 1486 1058 1555 ὲκλείψεωςς
1108 1485 1398 1555 ἀμφοτέρω
1441 1484 1548 1554 γὰρ
1591 1484 1729 1546 τότε,

174 1582 317 1635 κατά
360 1579 687 1633 Ἡλιούπολιν
705 1578 747 1609 ⁸⁸
777 1577 890 1646 ἅμα
932 1576 1159 1647 παρόντε
1190 1592 1247 1627 τε
1288 1576 1379 1629 καὶ
1412 1574 1729 1639 συνεστῶτε,

174 1671 490 1743 παραδόξως
509 1671 585 1741 τῷ
599 1671 731 1741 ἡλίῳ
761 1669 857 1739 τὴν
891 1667 1117 1736 σελήνην
1149 1667 1519 1736 ἐμπίπτουσαν
1552 1664 1730 1735 ἑωρῶ-

177 1760 403 1830 μεν(ού
449 1759 555 1827 γὰρ
598 1755 664 1828 ἦν
710 1758 921 1809 συνόδου
968 1753 1219 1826 καιρός)·
1268 1750 1419 1817 αὖθίς
1457 1770 1514 1806 τε
1565 1753 1731 1825 αὐτὴν

1832 575 1998 645 gradu
2056 571 2406 640 retrogrado,
2454 569 2572 624 aliis
2605 570 2731 623 item
2762 569 2945 623 decem
3000 568 3149 621 horis
3181 583 3372 621 novam

1828 650 2115 734 quamdam
2158 662 2400 717 semitam
2436 661 2691 724 ineumlo,
2739 658 3054 727 reperierit;
3093 660 3234 727 quod
3269 658 3374 710 uti-

1830 734 1935 822 que
1975 751 2298 823 Babylonios
2334 750 2459 818 jure
2504 749 2699 804 merito
2752 750 3241 812 consternavit,.et
3281 763 3374 801 eos

1831 846 2072 899 Ezechiae
2110 853 2362 912 tanquam
2400 842 2507 896 Deo
2549 842 2765 909 suppari
2801 840 3050 903 similive,
3086 849 3245 907 atque
3280 840 3374 892 ho-

1831 937 2065 991 minibus
2098 933 2495 1003 praestantiori,
2529 932 2645 986 sine
2687 946 2863 1001 pugna
2906 931 3139 999 subegit.
3175 930 3375 983 Omitto

1830 1043 1949 1096 qua:
1983 1028 2034 1080 in
2059 1024 2292 1096 Egypto
2340 1024 2629 1090 magnifice
2680 1032 2827 1092 gesta
2881 1031 3028 1083 sunt,
3063 1031 3226 1087 atque
3272 1019 3373 1073 alia

1830 1122 2071 1191 quaedam
2106 1121 2293 1189 signa,
2346 1130 2465 1186 qua'
2512 1115 2636 1169 alibi
2671 1114 2926 1169 divinitus
2981 1123 3189 1181 patrata
3229 1122 3373 1177 sunt;

1830 1212 1945 1267 haec
1981 1220 2187 1267 tantum
2233 1222 2473 1265 memoro
2505 1221 2626 1277 quze
2661 1213 2788 1260 sunt
2819 1204 2971 1257 obvia
3004 1203 3371 1271 cmlestiaque.

1830 1313 1885 1357 et
1925 1316 2020 1371 per
2050 1301 2361 1354 universum
2412 1297 2599 1354 orbem
2660 1297 2727 1350 ab
2775 1295 3025 1349 omnibus
3079 1294 3371 1349 celebrata.

1832 1392 1935 1447 Sed
1968 1392 2187 1446 omnino
2229 1389 2369 1444 dicet
2412 1386 2831 1457 Apollophanes,
2868 1386 2967 1437 ista
3003 1384 3221 1436 minime
3250 1399 3375 1438 vera

1830 1497 1982 1548 esse;
2021 1490 2252 1535 attamen
2288 1480 2336 1534 id
2367 1479 2446 1531 vel
2493 1479 2724 1530 maxime
2770 1475 2929 1544 595
2978 1474 3150 1527 sacris
3184 1472 3377 1526 Persa-

1830 1587 1946 1625 rum
2014 1569 2370 1624 monumentis
2438 1566 2780 1626 celebratur,
2851 1572 3020 1631 atque
3080 1562 3376 1615 etiamnum

1832 1662 1970 1731 magi
1996 1659 2221 1729 triplicis
2240 1657 2438 1720 Mitliri,
2462 1657 2574 1709 sive
2602 1654 2749 1717 solis,
2777 1653 3085 1706 memoriam
3110 1651 3372 1703 recolunt.

1831 1754 2031 1809 Verum
2081 1751 2156 1804 illi
2206 1750 2368 1803 liceat
2416 1748 2530 1801 sive
2569 1761 2665 1813 per
2711 1744 3087 1814 ignorantiam,
3140 1741 3250 1795 sive
3284 1756 3376 1808 per

173 1814 283 1902 ἇπδ
318 1814 417 1919 ἒῆς
453 1814 674 1917 ἑνὲάτής
714 1846 860 1917 ὧρας
898 1845 1023 1915 ἀχρι
1062 1814 1179 1915 ὲῆξ
1207 1814 1439 1914 ἑσπέραις
1480 1846 1559 1906 εἰς
1589 1845 1648 1897 τδ
1683 1814 1730 1876 ιι
1761 1814 1801 1869 Β

1723 1855 1730 1875 ν
1761 1814 1801 1869 Β
1832 1822 2128 1904 inscitiam,
2164 1837 2284 1890 istis
2330 1836 2487 1889 fidem
2527 1834 2815 1901 derogare;
2853 1832 2943 1884 sed
2979 1830 3064 1883 dic
3106 1830 3175 1883 illi
3204 1854 3214 1883 ;
3239 1830 3372 1894 Quid

169 1938 267 1990 τοῦ
290 1938 438 2007 ἡλίου
461 1938 741 2006 διάμετρον
765 1936 1055 2006 ὑπερφυῶς
1076 1935 1559 1986 ἀντικαταστᾶσαν.
1586 1933 1734 1987 ’Δνώ-

1725 1960 1734 1975 ι
1833 1928 1999 1984 sentis
2032 1927 2098 1981 de
2132 1926 2221 1979 illa
2250 1924 2375 1978 solis
2404 1923 2727 1984 defectione,
2755 1936 2873 1988 qua!
2911 1920 3102 1973 accidit
3136 1919 3186 1972 in
3216 1934 3374 1973 cruce

174 2046 377 2100 μνησςιν
420 2029 477 2080 δέ
521 2046 572 2079 τι
614 2029 706 2079 καὶ
749 2028 930 2097 ἓτερον
977 2025 1168 2079 αὐτόν’
1204 2023 1309 2078 οἶδε
1341 2025 1467 2096 γὰρ,
1515 2027 1595 2078 ὅτι
1640 2026 1733 2079 καὶ

168 2118 270 2186 τὴν
302 2116 576 2186 ἔμπτωσιν
619 2116 783 2187 αὐτὴν
814 2116 872 2183 ἐξ
904 2115 1174 2172 ἀνατολῶν
1206 2118 1527 2188 ἑωράκαμεν
1567 2116 1733 2186 ἀρξα-

171 2207 374 2276 μένην,
426 2208 515 2258 καὶ
566 2208 724 2277 μέχρι
765 2206 856 2259 τοῦ
904 2207 1125 2276 ἡλιακοῦ
1172 2208 1401 2277 πέρατος
1441 2206 1728 2272 ἐλθοῦσαν,

167 2292 289 2348 εἶτα
322 2297 733 2361 ἀναποδίσασαν,
770 2299 861 2350 καὶ
892 2294 1043 2360 αὖθις
1087 2299 1183 2350 οὐκ
1224 2299 1287 2351 ἐκ
1317 2296 1410 2350 τοῦ
1439 2296 1601 2350 αὑτοῦ
1630 2299 1723 2350 καὶ

164 2386 268 2456 τὴν
314 2386 590 2454 ἔμπτωσιν
633 2388 724 2439 καὶ
768 2388 867 2457 τὴν
913 2387 1310 2459 ἀνακάθαρσιν,
1364 2386 1476 2438 ἀλλ’
1524 2388 1587 2439 ὲκ
1630 2385 1722 2440 τοῦ

166 2475 314 2528 κατά
339 2475 622 2546 διάμετρον
654 2478 893 2529 ἐναντίου
923 2478 1307 2548 γεγενημένην.
1338 2476 1585 2529 Τοσαῦτά
1609 2478 1723 2529 ἐστι

163 2566 263 2617 τοῦ
291 2565 411 2617 τότε
447 2567 635 2637 καιροῦ
679 2566 747 2621 τά
791 2568 1036 2639 ὑπερφυῆ
1067 2570 1160 2621 καὶ
1207 2569 1349 2637 μόνῳ
1392 2566 1607 2639 Χριστῷ
1646 2566 1723 2637 τῷ

165 2657 439 2726 παναιτίῳ
466 2654 661 2710 δυνατὰ
685 2697 698 2718 ,
728 2657 803 2727 τῷ
842 2657 1078 2712 ποιοῦντι
1110 2658 1315 2729 μεγάλα
1354 2659 1447 2711 καὶ
1474 2657 1681 2721 ἐξαίσια
1703 2697 1719 2721 ,

164 2741 245 2800 ὧν
274 2749 373 2801 οὐκ
399 2750 541 2800 ἐστιν
568 2749 812 2819 ἀριθμός.

1830 2018 2096 2074 salutari?
2128 2016 2277 2070 Tune
2311 2016 2457 2070 enitn
2504 2015 2664 2068 ambo
2692 2014 2845 2081 juxta
2881 2011 3197 2081 Heliopolim
3235 2026 3373 2079 pric-

1833 2118 2010 2167 sentes
2043 2107 2199 2163 simul
2232 2117 2284 2162 et
2315 2115 2575 2170 asuntes,
2611 2105 2844 2159 mirabili
2896 2105 3103 2157 ratione
3151 2102 3248 2155 soli
3297 2094 3376 2154 lu-

1834 2216 1957 2254 nam
1984 2200 2290 2267 coincidere
2334 2197 2684 2250 cernebamus
2715 2194 2910 2264 (neque
2946 2204 3122 2247 tamen
3170 2202 3377 2261 tempus

1827 2289 2215 2361 coniunctionis
2265 2290 2427 2355 erat),
2465 2288 2745 2356 ipsamque
2797 2301 3005 2349 rursus,
3040 2288 3138 2340 sub
3185 2285 3374 2338 horam

1830 2395 2027 2437 nonam
2065 2379 2451 2447 vespertinam,
2483 2377 2745 2432 diametro
2789 2378 2885 2431 soli
2918 2377 3158 2447 opposito
3189 2389 3377 2444 super-

1831 2473 2147 2527 naturaliter
2198 2470 2428 2525 restitui.
2477 2469 2614 2535 Quin
2648 2469 2811 2522 etiam
2864 2469 2914 2522 in
2954 2468 3265 2521 memoriam
3303 2462 3373 2517 illi

1830 2579 2023 2619 revoca
2071 2563 2331 2631 quiddam
2375 2561 2551 2625 aliud;
2587 2559 2691 2613 scit
2721 2560 2887 2624 enim,
2932 2560 3197 2628 quomodo
3226 2557 3376 2611 vide-

1829 2655 1995 2710 rimus
2045 2655 2192 2709 illum
2244 2654 2383 2709 luna
2431 2665 2717 2706 occursum
2770 2651 2838 2704 ab
2866 2650 3076 2705 oriente
3121 2649 3372 2717 coepisse,

1826 2756 1881 2800 et
1910 2760 2078 2814 usque
2105 2746 2170 2797 ad
2214 2744 2343 2800 solis
2376 2745 2775 2798 extremitatem
2806 2740 3140 2808 pervenisse,
3165 2755 3227 2791 ac
3262 2749 3371 2789 tum

166 2840 385 2890 dentom
421 2838 692 2902 resiliisse,
720 2850 776 2893 et
805 2853 1036 2901 rursum,
1076 2852 1183 2893 non
1223 2852 1289 2892 ex
1334 2838 1523 2892 eadem
1556 2846 1707 2905 parte
1738 2849 2027 2891 occursum
2062 2832 2211 2888 illum
2250 2844 2305 2887 et
2337 2846 2607 2887 recessum
2649 2830 2945 2891 exstitisse,
2996 2828 3090 2883 sed
3146 2841 3212 2881 ex
3276 2826 3375 2879 ad-

169 2943 332 2981 verso
359 2930 628 2985 diametri.
662 2929 765 2984 ista
796 2940 942 2995 sunt,
972 2945 1091 2998 quae
1122 2939 1246 2984 tunc
1284 2944 1446 3001 supra
1480 2940 1728 2983 naturam
1760 2927 1979 2985 omnino
2013 2926 2377 2996 contigerunt,
2412 2935 2466 2978 et
2499 2938 2527 2976 a
2583 2922 2701 2978 solo
2734 2937 2915 2976 rerum
2947 2921 3185 2975 omnium
3250 2934 3375 2971 cou-

168 3021 351 3072 ditore
392 3020 606 3075 Christo
640 3021 756 3076 ﬁeri
805 3031 1025 3089 possunt
1053 3060 1069 3087 ,
1116 3022 1207 3090 qui
1252 3022 1381 3075 facit
1427 3035 1618 3091 magna
1644 3035 1708 3077 ac
1742 3018 2010 3087 stupenda
2045 3032 2273 3084 quorum
2298 3032 2403 3069 non
2431 3025 2514 3071 est
2538 3030 2817 3076 numerus.

1687 3177 1719 3249 ι
1762 3176 1877 3238 III.

240 3312 424 3364 Ταῦτα
448 3350 463 3374 ,
505 3313 556 3364 εί
596 3331 677 3366 σοι
722 3314 937 3385 θεμιτὸν
963 3356 976 3379 ,
1024 3317 1178 3381 εἰπὲ,
1225 3312 1352 3382 καὶ,
1396 3320 1442 3372 εί
1480 3320 1719 3385 δυνατὸν,
1749 3329 1792 3385 C

1749 3329 1792 3385 α
1893 3321 2051 3386 Haec,
2088 3321 2134 3375 si
2174 3317 2260 3375 fas
2285 3330 2402 3383 est.
2443 3320 2493 3375 ei
2525 3320 2713 3385 dicito,
2772 3330 2934 3388 tuque
2978 3321 3373 3390 Apoll0phanes

164 3404 593 3472 Ἀπολλόφανες,
640 3405 882 3476 ἐξέλεγχε
912 3407 956 3438 ⁸⁵
1000 3410 1092 3461 καὶ
1142 3408 1278 3479 πρὸς
1322 3410 1420 3479 ἐμὲ
1465 3410 1555 3465 τὸν
1602 3426 1719 3465 τοτε

166 3496 266 3548 καὶ
301 3496 648 3566 συμπαρόντα
679 3514 781 3561 σοι,
814 3498 906 3550 καὶ
936 3501 1332 3572 συνεωρακότα,
1364 3503 1456 3555 καὶ
1489 3521 1719 3557 συνανα-

164 3588 429 3657 κρίναντα
457 3588 633 3639 πάντα
652 3628 667 3652 ,
696 3591 789 3642 καὶ
819 3591 1204 3661 ωναγάμενον.
1235 3594 1447 3663 Ἀμέλει
1476 3596 1565 3647 καὶ
1588 3613 1720 3665 μαν-

163 3677 320 3738 τείας
345 3677 483 3741 τότε,
512 3680 609 3731 οὐκ
637 3676 730 3731 οἷδ’
760 3680 899 3746 ὅθεν,
932 3683 1373 3754 όἈπολλοφάνης
1396 3686 1718 3755 ἀπάρχεται,

164 3767 265 3818 καὶ
297 3767 428 3836 πρὸς
459 3770 576 3838 ἐμὲ,
606 3770 790 3842 ὥσπερ
812 3772 881 3824 τά
911 3774 1196 3845 γιγνόμενα
1227 3777 1561 3846 συμϐάλλων,
1598 3779 1719 3847 ἔφη·

164 3857 373 3922 Ταῦτα,
404 3853 447 3911 ὧ
477 3861 605 3913 καλὲ
634 3863 889 3925 Διονύσιε,
919 3864 1073 3917 θείων
1100 3866 1321 3935 ἀμοιϐαὶ
1349 3868 1682 3938 πραγμάτων
1705 3910 1719 3923 .

164 3949 416 4002 Τοσαῦτα
458 3951 534 4013 ὡς
573 3954 690 4005 κατ’
734 3954 1016 4025 ἐπιστολὴν
1058 3959 1188 4025 ἡμῖν
1232 3958 1485 4027 εἰρήσθω.
1549 3960 1619 4011 Σὺ
1666 3959 1721 4011 δὲ

167 4039 354 4103 ἱκανὸς
409 4043 502 4094 καὶ
544 4043 611 4094 τά
657 4044 963 4098 ἐλλείποντα
1008 4047 1574 4118 προσαναπληρῶσαι,
1628 4052 1721 4103 καὶ

165 4136 533 4200 προσαγαγεῖν
573 4134 766 4197 τελέως
814 4136 888 4204 τῷ
935 4136 1049 4207 Θεῷ
1090 4138 1179 4189 τὸν
1225 4140 1424 4209 ἄνδρα,
1462 4140 1621 4209 σοφὸν
1653 4140 1720 4193 τά

162 4216 334 4273 πολλὰ
375 4223 534 4288 ὄντα,
595 4227 687 4278 καὶ
742 4226 866 4287 ἴσως
920 4230 1017 4279 οὐκ
1070 4228 1444 4292 ἀπαξιὼσοντα
1504 4231 1721 4300 πραέως

164 4309 360 4381 μαθεῖν
404 4314 501 4378 τὴν
548 4316 850 4382 ὑπέρσοφον
893 4318 992 4385 τῆς
1038 4319 1328 4387 Θρησκείας
1384 4320 1536 4390 ἡμῶν
1588 4321 1719 4393 aut"

162 4398 333 4454 θειαν.

1825 3414 2011 3470 refelle
2041 3415 2086 3469 si
2113 3422 2287 3483 potes,
2315 3411 2796 3487 idque‘adversum
2829 3426 2934 3475 me,
2969 3412 3058 3480 qui
3091 3422 3214 3466 tunc
3238 3428 3374 3480 prte-

1823 3521 1946 3559 scns
1980 3520 2082 3558 una
2114 3514 2287 3557 tecum
2320 3501 2484 3566 adl'ui,
2512 3509 2565 3554 et
2590 3501 2750 3554 simul
2776 3503 2980 3568 aspexi,
3009 3511 3063 3555 et
3088 3502 3371 3555 observavi

1822 3596 2002 3649 omnia
2036 3608 2156 3648 cum
2188 3592 2565 3652 admiratione.
2619 3592 2859 3661 Denique
2898 3601 3023 3645 tunc
3054 3594 3232 3647 nescio
3264 3610 3372 3663 quo

1825 3688 2011 3754 spiritu
2044 3684 2272 3749 aﬂlatus,
2308 3685 2359 3737 in
2391 3684 2777 3738 divinationem
2809 3697 3020 3751 quoque
3044 3684 3371 3753 Apollopha-

1824 3790 1917 3829 nes
1944 3775 2205 3843 prorupit,
2233 3782 2285 3825 et
2312 3774 2377 3827 ad
2409 3788 2490 3827 me
2520 3788 2812 3826 conversus
2843 3790 2855 3826 :
2896 3772 3038 3838 Isne,
3074 3774 3368 3841 inquiebat,

1821 3879 1853 3917 ο
1885 3863 2142 3931 prteclare
2180 3862 2422 3932 Dionysi,
2458 3863 2761 3916 divinarum
2809 3874 2935 3921 sunt
2974 3865 3367 3917 vicissitudines

1824 3970 2022 4009 rerum.
2076 3952 2197 4007 Haec
2233 3970 2261 4007 a
2295 3955 2450 4008 nobis
2481 3966 2730 4023 tanquam
2774 3969 2869 4022 per
2897 3956 3181 4023 epistolam
3223 3957 3364 4009 dicta

1822 4047 1929 4098 sint
1964 4046 2117 4101 satis.
2179 4046 2343 4101 Potes
2374 4062 2536 4116 porro
2577 4048 2687 4114 ipse
2728 4047 2975 4114 supplere
3007 4061 3121 4113 Qu-t:
3154 4047 3365 4105 desunt.

1819 4150 1872 4193 et
1902 4140 1967 4191 ad
2000 4141 2161 4192 Deum
2197 4139 2435 4208 perfecte
2474 4140 2649 4193 virum
2692 4139 2978 4199 adducere,
3017 4136 3201 4191 multis
3235 4152 3367 4191 sane

1821 4234 1872 4285 in
1917 4233 2076 4286 rebus
2120 4235 2448 4300 sapientem;
2502 4246 2677 4300 neque
2721 4232 2952 4285 fortasse
2986 4230 3365 4299 dedignahitur

1820 4332 2097 4377 mansuete
2120 4338 2183 4377 ac
2207 4322 2481 4376 humiliter
2508 4322 2715 4375 discere
2742 4322 3037 4390 plusquam.
3067 4322 3369 4390 sapientem

1820 4415 2097 4484 religionis
2122 4426 2319 4472 nostra:
2341 4420 2646 4472 veritatem.

1315 4721 1835 4779 ADNOTATIONES
1870 4724 2207 4779 CORilEllll.

236 4845 264 4915 §
313 4844 898 4930 l-.}‘918.__epjstolatn
950 4852 1084 4930 hanc
1133 4854 1415 4930 seripta_m_
1446 4869 1631 4914 sancto
1679 4860 2011 4930 Polycarpo,
2064 4859 2309 4930 Smyrna:
2356 4861 2407 4913 in
2454 4860 2578 4912 Asia
2610 4858 2878 4930 episeopo,
2926 4858 3096 4930 sancti
3136 4853 3352 4910 Joannis

160 4916 508 4997 evangelistze
565 4918 856 4997 discipulo,
910 4922 1061 4997 cujus
1114 4916 1288 4997 exstat
1326 4924 1556 4997 Epistula
1610 4932 1675 4983 ad
1716 4916 2099 4997 Philippenses.

2181 4930 2291 4983 lnic
2334 4931 2513 4999 itaque
2554 4943 2778 4982 sanctus
2820 4927 3100 4999 Dionysius
3137 4930 3355 4999 modum

161 4987 692 5071 [trtestripbilﬂagendi
726 5006 867 5071 cum.
901 4991 1263 5071 ApolAOphane
1302 4987 1654 5071 philosopho,
1707 5011 1761 5071 et
1811 4987 2124 5071 argumenta
2171 4987 2446 5067 suggerit;
2491 4999 2683 5071 quibus
2706 5036 2720 5058 ,
2756 5007 2934 5071 utpote
2954 4987 3356 5063 philosophus.

162 5061 397 5140 nani'Iite
431 5064 713 5140 putaretur
754 5061 1081 5140 capiendus,
1126 5071 1179 5140 et
1206 5065 1445 5140 suaviter
1475 5061 1807 5140 inducendus
1835 5061 1898 5140 ad
1933 5071 2087 5140 Iidem
2119 5061 2441 5140 catholicam
2463 5061 2907 5140 amplectendam.

235 5122 263 5193 §
308 5121 368 5173 ll.
390 5124 600 5207 'Atfivo
639 5121 1089 5207 f’aiilo'sanientio
1121 5130 1215 5207 Dei
1248 5133 1566 5207 nominatur.
1602 5138 1821 5191 Scilicet
1850 5121 2060 5207 Epist.l
2092 5121 2156 5191 ad
2195 5121 2445 5192 Corinth.
2474 5121 2592 5205 cap.
2628 5152 2688 5196 tt.
2723 5137 2774 5190 7.
2807 5136 2894 5207 ubi
2919 5134 2994 5207 ait
3024 5150 3039 5163 ο
3074 5133 3357 5207 Loquimttr

161 5190 682 5281 ρξξεξίιρξςιξζξρξιιῃξιι
721 5200 981 5281 mysterio.
1012 5215 1126 5277 qum
1156 5200 1458 5281 abscondita
1481 5218 1585 5281 ρει,
1617 5190 1722 5281 etc.
1784 5190 2161 5281 vocatautent
2186 5190 2500 5281 sapientiam
2534 5190 2585 5259 in
2616 5190 2907 5273 mysterio,
2934 5204 3049 5256 sive
3083 5190 3353 5272 my'sterii,

158 5263 362 5346 δωξξσίῖι
387 5264 563 5346 "millia
596 5263 736 5346 mults.
768 5276 823 5343 et
854 5263 1031 5346 ξτευηὶ
1065 5270 1284 5346 consilii
1303 5271 1367 5324 de
1402 5263 1767 5346 redemptione
1801 5278 2074 5331 hominum
2103 5292 2195 5342 per
2217 5263 2512 5331 Christum.

231 5331 655 5416 Quisecundum
699 5332 983 5403 Scriptum
1025 5338 1396 5395 testimonium.
1439 5331 1671 5401 Dan.'tt.
1714 5346 1824 5400 21:
1862 5347 2034 5401 Mutat
2079 5331 2309 5416 tempora
2352 5358 2398 5401 ct
2440 5356 2658 5412 atates,
2702 5345 2954 5412 transfert
2998 5358 3155 5412 regna
3200 5353 3347 5410 atque

158 5400 448 5452 constituit.

635 5570 643 5579 .
1404 5505 1635 5561 VARIAB
1670 5508 2066 5565 LECTIONES.

298 5628 336 5656 “
375 5628 533 5695 φήσει
565 5628 640 5695 δέ,
678 5631 743 5685 D.
776 5631 834 5686 Ρ.
952 5633 995 5666 ⁸⁸
1028 5634 1275 5703 ἀπορίαν,
1335 5637 1387 5693 S.
1498 5643 1538 5673 "‘
1574 5642 1713 5696 κατὰ
1757 5644 1853 5711 τὴν
1912 5643 2267 5709 Ἡλιούπολιν,
2315 5644 2368 5699 D.
2421 5640 2569 5712 ἡλίου
2596 5638 2773 5707 πόλιν,
2804 5638 2863 5695 Ρ.
2973 5638 3016 5669 ⁸⁸
3048 5637 3141 5691 ἐπὶ
3170 5636 3257 5699 τόν
3285 5637 3346 5693 δα

165 5695 206 5727 ⁸³
241 5695 445 5767 ἔλεγχε.
