4176 6318
249 437 387 494 1085

1613 431 1946 489 EPISTOLA
1981 432 2114 489 VIII.

3335 441 3469 497 l086

245 555 337 615 δὲ,
370 553 452 606 ὅτι
485 549 604 604 λίαν
644 546 1157 617 ἀπαυθαδιαζομένῳ
1194 549 1286 601 καὶ
1317 548 1810 610 ἀντιτείνοντιταῖς

1911 547 2320 603 mansuetudine
2357 548 2671 610 excludunt.
2731 547 2834 618 Ipsi
2875 549 3084 605 scilicet
3123 550 3464 626 insulsam-nti

246 642 420 705 θείαις
471 640 682 712 βουλαῖς
719 639 763 671 ⁸⁸
804 637 1045 710 ὠργίσθη
1081 637 1236 707 θυμῷ
1280 638 1501 709 Κύριος.
1549 639 1716 690 Ὅταν
1758 638 1817 690 δὲ

245 733 409 788 αὐτὸν
441 732 815 801 ἀνακήρυκτον
857 727 1048 782 ποιῶσι
1088 731 1205 790 ταῖς
1253 728 1553 799 θεοκρίτοις
1598 725 1775 792 ἀξίαις
1799 768 1816 794 ,

245 827 313 877 ὲκ
344 823 443 893 τῆς
476 819 816 892 προύχούσης
844 818 1080 886 τάγαθοῦ
1122 818 1480 889 θεομιμησίας
1511 817 1819 889 ἀνακηρύτ-

245 931 398 968 τεται
421 929 434 943 ⁶
472 912 567 965 καὶ
596 911 704 982 γὰρ
735 906 802 980 ἦν
835 912 1009 980 πρᾶος
1052 909 1281 980 σφόδρα,
1324 910 1416 963 καὶ
1449 907 1587 980 ὑπὲρ
1628 907 1816 962 τούτου

243 1003 460 1071 λέγεται
493 1001 744 1073 Θεράπων
791 998 958 1062 Θεοῦ,
995 999 1087 1052 καὶ
1128 1001 1205 1062 είς
1252 998 1532 1054 θεοπτείαν
1566 1000 1818 1059 ἀπάντων

247 1093 539 1164 προφητῶν
572 1088 882 1162 ἀξιώτερος.
928 1088 1084 1142 ’Δλλά
1118 1089 1211 1142 καὶ
1241 1089 1328 1142 ὅτε
1358 1090 1495 1161 πρὸς
1525 1091 1686 1151 αὐτὸν
1725 1093 1818 1145 καὶ

244 1184 338 1236 τὸν
400 1182 607 1254 Ἀαρὼν
664 1183 841 1252 ίταμοί
889 1198 1032 1245 τινες
1088 1180 1225 1252 ὑπὲρ
1277 1181 1682 1252 ἀρχιερωσύνης
1725 1183 1822 1237 καὶ

245 1274 534 1345 ἐθναρχίας
567 1273 944 1342 ἐφιλονείκουν,
980 1273 1230 1344 ὑπερεῖχε
1255 1272 1353 1342 μὲν
1375 1271 1590 1348 ἀπάσης
1617 1273 1819 1340 φιλοτι-

249 1366 378 1435 μίας
427 1365 519 1417 καὶ
570 1362 887 1434 φιλαρχίας,
941 1363 1034 1416 καὶΙ
1086 1360 1395 1434 παρεχώρει
1440 1362 1518 1432 τῷ
1556 1363 1817 1433 θεοκρίτῳ

242 1457 343 1525 τὴν
380 1455 472 1508 τοῦ
509 1455 636 1508 λαοῦ
671 1455 1021 1525 προστασίαν.
1073 1453 1287 1524 Ἐπειδὴ
1332 1453 1390 1507 δὲ
1430 1453 1526 1509 καὶ
1565 1454 1817 1507 ἐπισυνέ-

245 1563 445 1617 στησαν
479 1546 658 1616 αὐτῷ,
692 1547 784 1600 καὶ
827 1547 951 1616 περὶ
990 1544 1097 1598 τῶν
1146 1545 1427 1617 προτέρων
1468 1544 1816 1609 ὀνειδίζοντες

243 1636 528 1706 ἠπείλουν,
565 1638 658 1690 καὶ
697 1622 796 1708 ῆδή
844 1636 1026 1705 σχεδὸν
1066 1635 1332 1707 ἐπῄεσαν,
1367 1635 1627 1688 ἐπεϐοᾶτο
1660 1636 1755 1705 μὲν
1787 1638 1816 1689 ό

245 1728 417 1796 πρᾶος
463 1726 551 1778 τὸν
599 1726 801 1794 ἀγαθὸν
834 1728 912 1788 είς
962 1726 1261 1797 σωτηρίαν,
1297 1724 1730 1796 ἐπαρρησιάζετο
1757 1726 1813 1778 δὲ

243 1819 359 1874 λίαν
401 1818 684 1880 ἐπιεικῶς,
715 1818 798 1869 ὅτι
831 1815 1046 1869 πάντων
1084 1815 1166 1884 εἴη
1207 1815 1388 1868 κακῶν
1427 1817 1538 1877 τοῖς
1579 1815 1812 1885 ἀρχομέ-

1916 637 2241 699 admodum,
2284 647 2338 691 et
2378 637 2576 704 divinis
2629 637 2873 693 consiliis
2929 639 3213 694 reluctanti
3270 642 3464 696 iratum

1917 737 2166 781 asserunt
2207 727 2388 782 furore
2416 728 2723 784 Dominum.
2775 729 2875 784 Ubi
2901 745 3027 785 vero
3054 731 3293 788 decretis
3323 734 3397 788 illi
3434 750 3463 788 a

1917 814 2028 870 Deo
2079 815 2432 884 dignitatibus
2474 815 2736 873 illustrem
2781 819 3122 888 praedicant,
3160 835 3189 874 a
3224 824 3467 890 prteemi-

1919 915 2079 959 nente
2118 905 2334 973 benigni
2378 905 2469 961 Dei
2526 907 2825 962 imitatione
2881 911 3317 978 commendatus;
3352 908 3469 967 erat

1916 993 2058 1048 enim
2087 994 2368 1049 admodum
2402 1005 2725 1060 mansuetus,
2760 1007 2922 1066 atque
2961 998 3081 1052 ideo
3109 1001 3201 1055 Dei
3235 1000 3469 1057 famulus

1915 1095 2279 1155 nuncupatur,
2331 1087 2646 1156 ueterisque
2680 1089 2967 1158 prOphetis
3017 1092 3229 1160 dignior
3277 1093 3347 1148 ad
3388 1095 3469 1147 vi-

1916 1173 2149 1232 dendum
2209 1178 2400 1236 Deum.
2469 1180 2720 1246 Quinimo
2771 1195 2892 1235 cum
2945 1184 3206 1238 adversus
3256 1201 3374 1240 eum
3415 1196 3470 1241 et

1913 1266 2182 1322 Aaronem
2213 1270 2278 1324 de
2306 1270 2616 1338 pontiﬁcatu
2648 1287 2711 1326 ac
2743 1272 2918 1342 gentis
2947 1274 3252 1344 principatu
3295 1277 3469 1345 impu-

1915 1357 2106 1412 dentes
2135 1358 2298 1428 aliqui
2332 1373 2585 1429 proterve
2634 1363 2981 1427 dimicarent,
3014 1366 3158 1419 omni
3204 1382 3333 1423 sane
3370 1370 3466 1422 ho-

1913 1449 2065 1503 noris
2111 1464 2174 1504 ac
2201 1451 2464 1520 primatus
2507 1451 2802 1506 ambitione
2856 1454 3072 1521 celsior,
3112 1457 3159 1510 ei
3184 1458 3275 1525 qui
3306 1473 3332 1510 a
3363 1459 3467 1511 Deo

1911 1538 2223 1609 eligeretur,
2267 1543 2446 1610 populi
2495 1542 2877 1612 praefecturam
2903 1545 3182 1601 deferebat
3205 1549 3251 1605 ⁸.
3295 1548 3467 1602 Crete-

1914 1643 2033 1683 rum
2063 1631 2152 1683 ubi
2186 1630 2238 1684 in
2271 1631 2442 1701 ipsum
2471 1627 2868 1698 conjurasseftt,
2905 1635 3244 1704 pristinaque
3277 1652 3467 1705 expro-

1911 1719 2120 1774 brando
2163 1713 2336 1777 minas
2388 1722 2766 1784 intentassent,
2805 1721 3026 1794 jamque
3066 1725 3182 1782 fere
3211 1729 3464 1798 impetum

1912 1809 2186 1880 fecissent,
2221 1820 2333 1864 tum
2364 1813 2579 1867 demum
2627 1826 2939 1870 mansuetus
2985 1817 3073 1872 ille
3103 1818 3299 1872 bonum
3347 1823 3468 1888 qui-

242 1925 352 1971 νοις
378 1908 613 1970 ἀναίτιος
638 1925 650 1937 ·
679 1908 792 1976 ᾔδει
819 1907 946 1976 γὰρ,
971 1908 1050 1958 ὅτι
1081 1904 1186 1976 χρὴ
1214 1906 1304 1958 τὸν
1332 1904 1617 1975 ὁμιλοῦντα
1641 1903 1810 1975 Θεῷ⁴’

1915 1902 2031 1955 dent
2067 1901 2231 1956 Deum
2267 1904 2317 1956 in
2348 1903 2577 1958 salutem
2615 1906 2930 1971 advocabat,
2959 1924 3149 1977 magna
3182 1925 3310 1963 vero
3335 1924 3468 1962 cou-

239 1997 460 2069 τάγαθῷ
493 1999 626 2068 πρὸς
652 1999 712 2050 τὸ
742 1999 822 2050 ὅτι
849 1998 1077 2067 μάλιστα
1104 1997 1434 2066 ὁμοιότατον,
1468 1996 1543 2059 ὡς
1572 1996 1811 2064 ἐφικτὸν,

239 2087 716 2151 ἀποτετυπιῖισθαι,
747 2088 838 2140 καὶ
870 2086 1049 2157 ἐαυτῷ
1085 2086 1375 2139 συνειδέναι
1413 2085 1510 2148 τὰς
1547 2086 1812 2156 ἀγαθοφι-

238 2180 350 2241 λεῖς
386 2179 672 2250 ὲργατείας
692 2178 759 2232 ⁸ο.
794 2178 855 2230 Τί
887 2179 940 2244 δὲ
981 2179 1071 2230 τὸν
1100 2178 1408 2249 θεοπάτορα
1444 2176 1611 2233 Δαυτδ
1644 2178 1811 2231 ἐποίει

239 2270 495 2342 θεοφιλῆ;
544 2271 651 2323 Καὶ
694 2267 800 2340 γὰρ
842 2269 1043 2337 ἀγαθὸν
1083 2269 1210 2322 ὄντα
1234 2309 1248 2333 ,
1289 2270 1381 2322 καὶ
1423 2270 1550 2340 περὶ
1586 2268 1812 2339 ἐχθροὺς

236 2360 437 2429 ἀγαθόν
460 2377 474 2392 °
515 2360 740 2432 Εῦρηκα
765 2400 779 2423 ,
822 2361 982 2430 φησὶν
1011 2362 1038 2412 ὁ
1072 2359 1416 2432 ὑπεράγαθος
1441 2361 1535 2414 καὶ
1578 2360 1810 2429 φιλάγα-

237 2452 329 2515 θος
350 2455 430 2517 δι,
489 2453 656 2523 ἄνδρα
705 2451 848 2505 κατά
894 2450 989 2522 τὴν
1035 2452 1260 2522 καρδίαν
1315 2468 1434 2522 μου.
1485 2452 1674 2504 Καίτοι
1716 2453 1809 2505 καὶ

236 2539 436 2614 θεσμὸς
461 2543 660 2611 ἀγαθὸς
683 2542 994 2615 ἐδεδώρητο,
1018 2542 1111 2595 καὶ
1133 2543 1436 2611 ὑποζυγίων
1457 2541 1652 2612 ,ἐχθροῦ
1678 2560 1809 2612 προ-

233 2639 396 2688 νοεῖν.
448 2636 560 2687 Καὶ
622 2635 740 2689 Ἰὼϐ
786 2635 861 2697 ὡς
908 2634 1141 2697 ἀκακίας
1185 2635 1439 2704 ἐχόμενος
1488 2633 1804 2688 ὲδικαιοῦτο.

233 2728 344 2780 Καὶ
380 2728 571 2797 Ἰωσὴφ
593 2728 719 2790 τοὺς
746 2725 1060 2788 ἐπιϐούλους
1089 2726 1346 2793 ἀδελφοὺς
1372 2727 1469 2778 οὐκ
1489 2725 1721 2796 ἠμύνετο
1736 2728 1804 2790 δ’,

234 2818 330 2870 καὶ
367 2817 528 2869 ’Ἅϐελ
569 2817 752 2880 άπλῶς
793 2819 886 2870 καὶ
932 2816 1252 2882 ἀνυπόπτως
1304 2817 1690 2888 συνεπορεύετο
1727 2817 1805 2886 τῷ

234 2907 624 2978 ἀδελφοκτόνῳ.
657 2910 765 2962 Καὶ
799 2909 1005 2970 πάντας
1037 2909 1069 2974 ἡ
1103 2907 1345 2976 θεολογία
1365 2909 1490 2971 τοὺς
1509 2907 1740 2976 ἀγαθοὺς
1758 2909 1804 2941 ⁵³

231 2998 625 3069 ἀνακηρύττει,
679 2999 752 3069 μὴ
818 2999 1238 3069 προεννοοῦντας
1294 2991 1362 3046 τὰ
1405 2994 1590 3061 κακὰ,
1632 2994 1706 3068 μὴ
1754 2995 1800 3027 ⁵⁵

233 3089 693 3158 προσποιοῦντας,
725 3088 858 3141 ἀλλά
890 3088 1023 3158 μηδὲ
1057 3088 1190 3158 πρὸς
1216 3088 1313 3157 τῆς
1343 3086 1511 3140 ἄλλων
1531 3089 1576 3119 ⁵⁵
1607 3087 1802 3150 κακίας

231 3179 298 3232 ὲκ
327 3176 562 3245 τάγαθοῦ
599 3180 1082 3248 μεταποιουμένους
1101 3219 1115 3243 ,
1142 3178 1447 3230 τούναντίον
1474 3177 1530 3228 δὲ
1559 3176 1800 3239 θεοειδῶς
1827 3212 1867 3268 C

231 3268 328 3322 καὶ
354 3269 477 3330 τοὺς
504 3269 706 3332 κακοὺς
724 3269 1087 3337 ἀγαθύνοντας
1107 3270 1201 3322 καὶ
1228 3266 1598 3336 ὲφαπλοῦντας
1613 3267 1678 3330 ⁸⁸,
1705 3268 1798 3320 καὶ

230 3359 332 3412 ἐπ’
359 3360 551 3421 αὐτοὺς
578 3361 674 3430 τὴν
708 3360 904 3430 πολλὴν
945 3361 1122 3414 αὐτῶν
1151 3359 1458 3428 ἀγαθότητα
1478 3396 1492 3420 ,
1535 3358 1628 3410 καὶ
1664 3359 1798 3427 πρὸς

229 3449 293 3503 τὸ
315 3450 493 3518 ὅμοιον
521 3451 774 3513 ἐπιεικῶς
797 3451 1026 3504 ὲκκαλου
1035 3450 1244 3520 μένους.
1278 3448 1412 3501 Ἀλλ’
1441 3449 1532 3501 ἐπὶ
1556 3447 1616 3500 τὸ
1641 3448 1800 3502 ἀναν-

229 3555 322 3600 τες
353 3541 762 3609 ἀνανεύσωμεν,
807 3541 904 3593 ούκ
931 3541 1135 3610 ἀνδρῶν
1169 3539 1327 3610 ίερῶν
1369 3539 1692 3603 ἐπιεικείας,
1736 3541 1797 3593 ού

232 3631 625 3702 φιλανθρώπων
664 3632 905 3700 ἀγγέλων
933 3631 1269 3702 ἀγαθότητας
1299 3629 1710 3699 ἐξαγγέλλοντας
1729 3630 1796 3694 ⁵⁷,

230 3720 520 3772 ἐλεούντων
546 3720 670 3792 ἔθνη
701 3722 792 3774 καὶ
817 3721 1221 3792 ὑπερδεομένων
1250 3721 1424 3774 αὐτῶν
1454 3719 1679 3788 ἀγαθοῦ,
1706 3719 1800 3772 καὶ

229 3813 352 3872 ταῖς
365 3810 629 3881 όλεθρίαις
646 3812 740 3864 καὶ
765 3813 1138 3881 κακεργέτισιν
1157 3811 1526 3882 ἐπιτιμώντων
1542 3809 1712 3880 πληθύ
1721 3826 1794 3875 σι,

232 3902 325 3954 καὶ
353 3900 661 3972 ἀχθομένων
692 3901 788 3971 μὲν
816 3903 907 3955 ἐπὶ
936 3905 1153 3968 κακοῖς,
1177 3901 1610 3974 εὐφραινομένων
1641 3900 1697 3952 δὲ
1729 3903 1795 3972 τῇ

233 3993 476 4064 σωτηρίᾳ
497 3992 603 4044 τῶν
631 3995 711 4055 είς
735 3993 800 4045 τά
820 3993 996 4061 ἀγαθά
1029 3993 1507 4064 μετακαλουμένων
1527 4009 1540 4024 ο
1569 3991 1674 4045 οὐδ’
1700 3993 1799 4044 ὅσα

231 4083 366 4137 ἄλλα
406 4083 665 4155 περὶτῶν
691 4083 1039 4156 ἀγαθοεργῶν
1066 4085 1309 4152 ἀγγέλων
1337 4086 1370 4154 ή
1407 4083 1652 4151 θεολογία
1692 4099 1788 4136 πα-

236 4175 518 4248 ραδίδωσιν
538 4192 550 4204 ·
584 4174 717 4227 ἀλλὰ
744 4175 836 4227 τοῦ
869 4176 1036 4239 ὄντως
1065 4175 1269 4244 ἀγαθοῦ
1317 4175 1410 4228 καὶ
1455 4173 1798 4245 ὑπεραγάθου

233 4265 465 4334 Χριστοῦ
505 4265 602 4328 τὰς
633 4266 990 4334 ἀγαθοποιοὺς
1023 4268 1241 4329 ἀκτῖνας
1285 4265 1341 4317 ὲν
1388 4263 1586 4336 ἡσυχία
1624 4281 1801 4335 παρα-

231 4355 540 4425 δεχόμενοι,
577 4357 711 4428 πρὸς
739 4358 915 4410 αὐτῶν
936 4359 980 4390 ⁵⁸
1006 4359 1098 4410 ἐπὶ
1130 4358 1226 4420 τὰς
1256 4357 1403 4420 θείας
1436 4356 1801 4427 ἀγαθουργίας

234 4445 398 4501 αὑτοῦ
440 4448 946 4518 φωταγωγηθῶμεν.
982 4445 1126 4521 Ἀρα
1153 4448 1260 4519 γὰρ
1289 4449 1387 4501 οὐκ
1420 4447 1564 4501 ἐστιν
1592 4447 1796 4515 ἀφάτου

1915 1993 2108 2045 stantia
2160 1993 2527 2064 singularique
2575 1997 2832 2051 modestia
2889 2008 3222 2052 contestatus
3275 2008 3376 2061 est,
3411 2014 3466 2054 se

1914 2084 2182 2138 insontem
2221 2100 2340 2141 esse
2383 2086 2747 2142 calamitatum
2797 2091 3034 2144 omnium
3084 2106 3203 2160 qua:
3239 2091 3466 2145 subditis

1911 2173 2293 2240 obvenissent;
2342 2177 2537 2244 quippe
2569 2186 2810 2244 noverat,
2855 2180 2902 2232 ei
2941 2179 3034 2247 qui
3065 2179 3206 2233 bono
3235 2179 3342 2233 Deo
3383 2180 3464 2233 ίαν

1912 2263 2194 2318 miliariter
2221 2265 2414 2329 tttitur,
2457 2283 2551 2336 pro
2581 2268 2789 2332 viribus
2819 2270 3150 2334 conandum,
3184 2281 3239 2322 ut
3267 2271 3464 2335 eidem,

1909 2365 2167 2424 quantum
2217 2369 2394 2426 potest
2441 2361 2579 2423 ﬁeri,
2625 2361 2928 2415 simillimus
2979 2362 3208 2425 evadat,
3255 2365 3467 2433 sibique

1910 2447 2168 2525 bonorum
2217 2462 2436 2517 operum
2485 2451 2730 2505 conscius
2754 2450 2972 2505 existat.
2997 2451 3136 2517 Quid
3168 2468 3330 2521 porro
3360 2454 3467 2506 Da:

1909 2538 1994 2591 vid
2029 2537 2176 2591 illum
2222 2540 2309 2594 Dei
2357 2542 2774 2610 progenitorem,
2801 2543 3033 2596 amicum
3065 2543 3170 2597 Deo
3204 2545 3470 2600 reddidit?

1909 2627 2108 2697 Nempe
2156 2629 2300 2697 quod
2348 2639 2493 2684 esset
2543 2630 2738 2694 bonus,
2771 2640 2822 2684 et
2869 2630 2921 2683 in
2956 2631 3138 2686 hostes
3172 2633 3464 2704 benignus:

1908 2714 2108 2780 Inveni,
2157 2716 2337 2786 inquit
2390 2718 2477 2772 ille
2517 2718 2890 2787 przebeuignus
2917 2719 3269 2791 benignitatis
3315 2741 3463 2780 ama-

1909 2815 2012 2870 tor,
2036 2806 2308 2860 hominem
2338 2809 2630 2861 secundum
2662 2824 2758 2862 cor
2789 2825 2962 2864 meum
2991 2811 3041 2866 ιι.
3088 2812 3341 2878 Quiuimo
3371 2816 3463 2870 be-

1905 2893 2068 2962 nigna
2120 2895 2235 2964 lege
2283 2897 2550 2950 sancitum
2593 2905 2731 2960 erat,
2759 2909 2816 2951 ut
2845 2899 3217 2966 jumentorum
3249 2920 3465 2973 quoque

1903 2983 2103 3042 inimici
2136 2999 2264 3038 cura
2308 2995 2586 3055 gereretur
2617 2989 2660 3042 ί.
2693 2987 2793 3044 Job
2835 2991 3020 3055 etiam,
3051 3003 3108 3045 ut
3139 2992 3463 3050 innocentiae

1901 3081 2084 3137 tenax,
2113 3074 2444 3144 justiﬁcatus
2473 3086 2554 3130 est
2585 3075 2633 3130 ι.
2682 3077 2853 3147 Atque
2873 3078 3068 3150 Joseph
3100 3071 3471 3140 insidiatores

1901 3162 2101 3220 fratres
2153 3182 2256 3222 non
2309 3179 2390 3223 est
2438 3170 2583 3224 ultus
2615 3171 2664 3237 ι,
2700 3172 2938 3242 Abelque
2978 3175 3316 3240 simpliciter,
3364 3193 3463 3230 nec

1899 3259 2189 3328 quidquam
2242 3263 2543 3331 suspicans,
2573 3265 2862 3319 comitatus
2904 3275 2989 3320 est
3034 3264 3371 3321 fratricidam
3395 3277 3469 3328 ⁸.,

1898 3347 2097 3404 Omnes
2139 3350 2370 3420 denique
2417 3353 2687 3421 theologia
2735 3355 2904 3409 bonos
2933 3358 3205 3424 praedicat,
3241 3358 3331 3424 qui
3367 3349 3470 3410 ne;

1896 3453 2001 3506 que
2051 3438 2187 3492 mala
2237 3442 2597 3511 prassagiunt.
2660 3457 2832 3512 neque
2891 3444 3173 3512 simulant,
3227 3447 3321 3499 sed
3391 3461 3460 3500 ne

1897 3528 2123 3584 aliorum
2186 3530 2404 3598 quidem
2473 3532 2633 3604 598
2682 3533 2882 3586 malitia
2924 3532 3123 3589 bonum
3176 3535 3455 3597 deserunt,

1897 3620 1994 3674 sed
2055 3635 2087 3675 e
2135 3621 2350 3677 diverso
2407 3622 2748 3678 deiformiter
2801 3624 2982 3691 pravis
3028 3623 3456 3686 benefacientes,

1898 3725 2253 3780 magnamque
2297 3711 2645 3781 benignitatis
2684 3729 2794 3768 suae
2825 3714 3034 3782 cupiam
3075 3715 3126 3767 in
3158 3729 3251 3768 eos
3284 3711 3456 3767 eﬁ‘un-

1897 3801 2106 3866 dentes,
2149 3802 2379 3873 benigne
2421 3803 2540 3858 illos
2575 3804 2642 3857 ad
2681 3803 2858 3858 simile
2886 3820 3097 3876 quoque
3140 3817 3453 3875 provocant.

1897 3889 2164 3945 Caeterum
2190 3891 2255 3945 ad
2281 3892 2472 3945 altiora
2506 3893 2914 3958 contendamus,
2949 3902 3258 3948 sanctorum
3304 3910 3455 3947 man-

1897 3981 2209 4036 suetudines
2269 3983 2508 4036 virorum
2564 3992 2724 4052 atque
2778 3985 3079 4039 amicorum
3143 3985 3452 4041 hominibus

1897 4060 2205 4140 angelorum
2230 4072 2591 4142 benignitates
2611 4072 3218 4144 omittentes,quomodo
3250 4075 3455 4129 scilicet

1898 4161 1972 4214 illi
2035 4163 2280 4232 gentibus
2351 4165 2745 4232 misereantur,
2792 4179 2855 4219 ac
2914 4180 3013 4236 pro
3067 4167 3197 4234 ipsis
3257 4167 3452 4220 divinae

1895 4251 2127 4308 bonitati
2166 4269 2356 4323 preces
2402 4253 2634 4310 offerant
2665 4266 2715 4322 υ,
2746 4257 3184 4327 perniciosasque
3243 4272 3304 4311 ac
3333 4270 3453 4324 per-

1897 4343 2038 4398 ditas
2063 4346 2243 4402 turbas
2287 4347 2653 4414 inerepent°;
2693 4363 2754 4402 ac
2788 4347 2942 4402 malis
2980 4349 3194 4416 quidem
3248 4347 3450 4400 nostris

1898 4435 2294 4502 condoleantp,
2327 4429 2486 4492 saluti
2521 4453 2649 4493 vero
2685 4453 2870 4492 eorum
2901 4438 2992 4506 qui
3043 4437 3108 4492 ad
3150 4438 3288 4491 bona
3321 4453 3448 4489 con-

235 4539 329 4590 καὶ
367 4539 504 4609 ὑπὲρ
539 4540 718 4610 νόησιν
761 4538 1090 4610 ἀγαθότητος
1113 4579 1128 4602 ,
1175 4538 1256 4593 ὅτι
1305 4539 1372 4592 τὰ
1419 4539 1546 4592 ὅντα
1579 4540 1623 4572 ⁸⁸
1663 4535 1801 4593 εἶναι

1903 4529 2044 4582 versi
2087 4538 2212 4583 sunt
2254 4532 2696 4599 congratulentur
2721 4539 2782 4593 1;
2813 4539 2865 4583 et
2895 4545 3225 4598 quaecunque
3255 4530 3358 4582 alia
3383 4528 3451 4582 de

235 4631 407 4691 ποιεί,
439 4632 531 4682 καὶ
561 4632 639 4683 ὅτι
681 4632 855 4684 πάντα
887 4632 1022 4685 αύτά
1052 4632 1185 4702 πρὸς
1218 4633 1278 4684 τὺ
1315 4627 1450 4684 εἶναι
1479 4633 1796 4702 παρήγαγε,

236 4721 331 4774 καὶ
361 4720 533 4772 πάντα
559 4720 801 4790 βούλεται
820 4724 903 4774 ἀεὶ
922 4722 1166 4789 γενέσθαι
1189 4721 1542 4792 παραπλήσια
1570 4720 1715 4790 αὐτῷ
1731 4722 1796 4785 ⁸ο,

237 4812 330 4863 καὶ
361 4812 647 4864 κοινωνικὰ
671 4814 769 4875 ,τοῦ
804 4815 965 4866 αὑτοῦ
997 4813 1134 4867 κατὰ
1160 4813 1255 4884 τὴν
1283 4813 1511 4866 ἑκάστου
1534 4813 1576 4843 ⁸³
1613 4813 1802 4883 ἐπιτη-

236 4899 515 4972 δειότητα;
560 4902 623 4954 Τί
655 4903 711 4955 δὲ
732 4943 745 4964 ,
775 4905 856 4957 ὅτι
890 4905 1113 4961 καὶτῶν
1150 4904 1562 4972 ἀποφοιτώντων
1583 4906 1625 4936 ⁸⁸
1665 4905 1802 4975 έρω-

237 4991 403 5054 τικῶς
433 4992 642 5062 ἔχεται,
673 4997 764 5046 καὶ
795 4995 1102 5062 φιλονεικεῖ,
1136 4998 1226 5048 καὶ
1259 4996 1427 5047 δεῖται
1461 4996 1532 5065 μὴ
1561 4995 1801 5057 ἀπαξιώ-

239 5081 396 5150 θῆναι
439 5084 544 5135 τῶν
588 5085 876 5156 ἐρωμένων
915 5087 1004 5138 καὶ
1047 5085 1428 5156 θρυπτομένων
1469 5085 1672 5138 αὐτῶν·
1706 5084 1800 5137 καὶ

306 5239 328 5274 ε
363 5236 518 5289 Num.
558 5254 663 5291 xvt.
739 5237 768 5278 δ
800 5236 941 5292 Psal.
988 5255 1248 5305 Lxsxvm,
1284 5241 1371 5294 21.

241 5321 312 5368 ιν,
347 5311 398 5357 ὅ.
479 5317 503 5342 η
538 5307 696 5361 lat-ll.
737 5329 774 5361 t.

851 5318 876 5344 ο
909 5309 1073 5376 Apoc.
1113 5326 1205 5363 νιι.
1283 5321 1310 5358 P
1345 5312 1478 5364 Dan.
1519 5327 1569 5362 χ.
1645 5321 1672 5358 τι
1707 5309 1836 5360 Luc.
1872 5322 1963 5359 αν.

1907 4617 2164 4676 beneﬁcis
2222 4622 2430 4691 angelis
2482 4621 2750 4690 theologia
2795 4622 2954 4674 tradit
2986 4631 3045 4687 r;
3097 4622 3187 4675 sed
3239 4623 3449 4690 penitus

1904 4710 2123 4781 benigni
2179 4726 2244 4766 ac
2295 4711 2623 4781 prmbenigni
2671 4711 2876 4766 Christi
2942 4711 3214 4766 beneﬁcos
3271 4711 3448 4764 radios

1903 4803 2190 4872 tranquillo
2217 4803 2396 4858 animo
2433 4805 2802 4873 suscipientes,
2829 4803 2896 4856 ab
2927 4804 3112 4857 iisdem
3142 4803 3206 4855 ad
3239 4803 3449 4856 divinas

1901 4894 2017 4961 ejus
2059 4897 2445 4950 benelicentias
2491 4896 2790 4949 luculenter
2830 4895 3181 4948 adducamur.
3255 4897 3444 4948 Annon

1904 4988 2186 5043 iueﬁ‘ahilis
2219 4986 2879 5056 incomprehensibilisque
2911 4985 3185 5049 bonitatis,
3214 4987 3352 5054 quod
3383 4998 3442 5035 ea

1902 5096 2019 5148 quae
2059 5087 2204 5144 sunt,
2237 5092 2356 5132 esse
2385 5075 2572 5139 faciat,
2601 5089 2770 5144 eaque
2802 5075 2980 5129 omnia
3011 5074 3075 5127 ad
3106 5088 3222 5128 esse
3255 5075 3446 5141 produ-

1457 5241 1472 5281 ί
1514 5239 1680 5292 Exod.
1721 5255 1804 5291 xu

1909 5236 1962 5288 4.
2045 5236 2069 5274 ι
2107 5234 2205 5287 Job
2265 5250 2300 5294 t,
2337 5233 2388 5295 8;
2429 5247 2556 5294 xw,
2593 5231 2645 5282 7.
2727 5227 2746 5266 ι
2835 5229 3048 5294 Gen.t.,
3075 5226 3162 5280 20.
3228 5237 3266 5264 ω
3303 5226 3437 5279 Gen.

2047 5315 2066 5342 ι
2107 5303 2240 5356 Tol).
2283 5318 2377 5354 vm
2411 5313 2465 5354 et
2497 5317 2572 5352 ιχ.

1531 5423 1760 5474 VARUS
1798 5420 1961 5474 LEC'I
1975 5418 2190 5472 IONES.

314 5528 356 5557 ⁸⁸
388 5528 484 5589 τὰς
505 5527 650 5589 θείας
673 5529 880 5601 βουλάς.
961 5533 1003 5564 ⁸³
1029 5533 1102 5601 τῷ
1122 5534 1255 5601 Θεῷ,
1283 5535 1342 5586 D.
1421 5536 1464 5565 ⁵ο
1483 5534 1582 5585 alia
1618 5534 1776 5586 lectio
1798 5544 2012 5586 notatur
2043 5535 2090 5582 in
2119 5531 2178 5582 ι).
2215 5526 2493 5601 ἐργασίας.
2539 5527 2612 5601 Αδξ
2641 5527 2666 5576 ὁ
2701 5520 3094 5601 ύπεράγαθοςρ
3129 5518 3434 5598 φιλάγαθος,

241 5597 298 5668 l‘.
339 5587 604 5668 postrema
633 5587 757 5651 duo
794 5587 947 5654 verba
988 5589 1086 5653 nati
1126 5587 1284 5655 habet
1332 5607 1388 5656 ι).
1417 5605 1513 5656 Ch.
1593 5605 1635 5634 ³²
1672 5603 1931 5668 ἠμύνατο,
1972 5603 2028 5654 Ρ.
2066 5603 2124 5651 ll.

1555 5675 1598 5704 ⁵⁵
1637 5665 1738 5738 πρί)
1771 5672 1866 5740 τῆς
1899 5671 2094 5744 ἀλλων,
2119 5665 2269 5744 82)),
2360 5667 2416 5744 δῖ

1332 5743 1373 5771 ⁵9
1411 5743 1471 5792 τὰ
1512 5743 1582 5811 μὴ
1618 5733 1763 5805 ὄντα,
1805 5733 1861 5796 ι).
1910 5740 1965 5793 S.
1996 5742 2092 5793 Ch.
2172 5740 2213 5769 ‘°
2249 5733 2446 5802 ἑαυτῷ,
2487 5733 2546 5785 υ.
2587 5735 2641 5788 5.

244 5665 526 5733 legendum
573 5665 754 5737 itaque
792 5675 984 5724 lmiwut
1011 5673 1198 5735 optimi
1231 5675 1464 5723 milii-ee.

244 5751 350 5786 τες.
393 5737 447 5785 Ι).
495 5733 550 5784 S.
585 5735 632 5786 Ρ,
734 5740 777 5769 ⁵³*
813 5741 942 5786 πρὸξ
977 5740 1154 5786 αὐτόν-
1198 5743 1252 5786 ι)-
1332 5743 1373 5771 ⁵9
1411 5743 1464 5786 τὲ

240 5751 350 5795 τες.
393 5751 447 5785 ιι.
495 5751 550 5784 δ.
585 5751 632 5787 ι’.

734 5740 777 5769 ⁵³*
813 5741 942 5807 πρὸς
977 5740 1154 5805 αὐτόν,
1198 5743 1252 5795 ι).

242 5819 269 5853 τ
280 5807 415 5856 πων
425 5845 437 5867 ,
480 5807 537 5856 D.

2966 5591 3009 5619 5"
3046 5591 3434 5656 προποιοῦντας

3013 5660 3053 5689 ⁸7
3089 5658 3305 5722 ἐξαγγέ)
3317 5659 3403 5710 λον
3418 5691 3436 5702 -

3139 5728 3180 5757 “
3213 5731 3434 5796 ἀποφοι-

2234 5594 2278 5628 ⁸³
2314 5594 2660 5661 ἁγαθοειδεῖς,
2702 5595 2758 5646 Ι).
2800 5596 2858 5645 Ρ.

2360 5667 2404 5695 ⁵⁸⁵
2439 5664 2832 5731 ἀφαπλοῦνταςο
2860 5661 2916 5712 S.

2721 5735 2759 5763 ⁶¹
2799 5731 3060 5782 ἑκάστων.
