4176 6318
758 366 782 420 1
792 365 895 420 087

1871 366 1930 422 S.
1969 363 2266 421 DIONYSH
2298 364 2780 421 ABEOPAGITJE.

3844 371 3986 427 {093

758 488 897 539 xerit
926 494 973 547 θ,
1006 496 1305 552 cunctaque
1342 493 1469 537 vent
1512 487 1613 535 sibi
1661 496 1877 551 semper
1925 496 2044 536 esse
2091 482 2307 546 similia,
2339 490 2383 542 Α

2339 490 2383 542 Α
2412 481 2531 551 εἰκῆ
2565 479 3042 552 κατεγκαλούντων
3071 479 3349 551 ἀνέχεται,
3380 486 3472 538 καὶ
3499 484 3659 545 αυτος
3690 484 3986 551 απολογεῐ-

756 585 808 626 ιιι
839 587 937 641 pro
975 571 1234 640 cujusque
1282 580 1439 639 captu
1490 560 1931 623 communicare?
1993 568 2130 634 Quid
2166 568 2307 636 quod

754 682 785 720 a
815 679 873 719 se
899 662 1215 716 deficientes
1261 675 1445 715 amore
1476 667 1858 729 prosequatur,
1908 658 2308 725 contendatque

752 769 817 807 ac
853 760 1028 818 roget,
1064 765 1129 804 ne
1165 749 1518 818 dedignentur
1565 762 1780 801 amores
1809 748 1863 813 ‘;
1914 747 2046 816 quin
2095 754 2148 800 et
2175 746 2310 801 deli-

754 843 934 896 ciosos
962 842 1107 910 ipsos
1143 854 1205 893 ac
1238 850 1436 893 temere
1470 846 1822 908 provocantes
1862 838 2113 900 sustinet,
2147 848 2310 906 atque

755 936 982 997 ipsemet
1030 938 1276 996 excusat,
1314 944 1486 999 eoque
1518 931 1689 998 magis
1725 944 1784 984 se
1820 928 2013 998 recipit
2054 927 2175 982 illus
2215 943 2311 981 cu-

755 1032 1018 1085 raturum,
1073 1021 1311 1090 ipsisque
1359 1018 1471 1087 jam
1513 1018 1686 1073 adhuc
1741 1019 2089 1083 distantibus,
2150 1017 2309 1073 simul

755 1122 935 1166 tamen
967 1111 1381 1165 adventantibus
1427 1111 1666 1164 occurrit
1713 1119 1766 1163 et
1800 1111 2023 1175 obviat,
2054 1117 2309 1178 totusque

757 1212 897 1258 totos
933 1204 1263 1271 amplectens
1304 1202 1605 1267 osculatur,
1644 1217 1815 1271 nequc
1845 1204 1909 1257 de
1941 1203 2185 1271 pristinis
2215 1217 2309 1257 eos

755 1296 951 1365 arguit,
984 1297 1077 1350 sed
1107 1295 1280 1363 diligit
1308 1296 1614 1363 praesentia,
1660 1295 1961 1364 festumque
1988 1295 2127 1349 diem
2171 1297 2305 1363 agit,

752 1404 815 1441 ac
844 1395 1103 1442 convocat
1132 1388 1358 1448 amicos.
1383 1386 1632 1441 videlicet
1664 1388 1853 1449 bonos,
1890 1397 1946 1439 ut
1972 1387 2043 1440 sit
2065 1388 2305 1441 omnium

753 1478 1046 1531 laetantium
1080 1477 1343 1532 habitatio
1370 1489 1416 1532 α.
1451 1477 1617 1530 Porro
1644 1477 2005 1547 Demophilus,
2032 1488 2087 1531 et
2110 1478 2154 1532 si
2185 1479 2308 1546 quis

753 1570 891 1622 altus
946 1569 1101 1622 bonis
1168 1569 1503 1633 adversatur,
1557 1565 1678 1634 jure
1729 1567 1919 1621 merito
1977 1567 2303 1636 corripitur,

752 1665 1000 1730 bonaque
1044 1663 1269 1717 docetur
1320 1674 1374 1716 ut
1416 1663 1754 1716 emendetur.
1816 1662 2095 1727 Quomodo
2134 1663 2303 1729 enim,

751 1755 945 1821 inquit,
974 1769 1078 1807 non
1107 1754 1389 1827 oportebat
1415 1769 1536 1808 eum
1562 1756 1654 1823 qui
1684 1753 1855 1808 bonus
1885 1763 1990 1817 est,
2022 1755 2087 1809 de
2115 1769 2303 1810 eorum

751 1843 843 1911 qui
887 1844 1160 1910 perierant
1202 1844 1396 1911 salute,
1430 1860 1527 1898 nec
1574 1861 1677 1898 non
1722 1860 1908 1899 eorum
1946 1847 2036 1913 qui
2065 1845 2305 1901 defuncti

752 1942 911 1985 erant
953 1934 1062 1986 vita
1116 1933 1338 1986 lunari?
1402 1933 1678 2002 Siquidem
1728 1936 1892 1989 etiam
1955 1937 2008 1991 in
2053 1938 2308 1992 humeros

753 2025 893 2077 tollit
928 2025 1146 2082 vixdum
1180 2027 1246 2077 ab
1281 2040 1471 2079 errore
1520 2042 1863 2093 conversum,
1909 2036 1963 2080 et
1996 2028 2168 2082 bonos
2212 2044 2307 2082 an-

750 2113 897 2181 gelos
938 2114 1001 2166 ad
1050 2113 1287 2167 lmtitiam
1336 2116 1559 2177 excitat,
1614 2118 1745 2184 quin
1797 2127 1853 2169 et
1896 2117 2125 2187 ingratis
2156 2117 2308 2173 beni-

751 2218 887 2270 gnus
918 2205 1122 2271 existit,
1153 2213 1198 2257 et
1228 2206 1357 2257 oriri
1398 2204 1527 2271 facit
1577 2208 1739 2260 solem
1782 2224 1933 2259 suum
1964 2224 2119 2275 super
2146 2209 2306 2261 bonos

748 2303 797 2346 et
830 2294 995 2347 malos
1018 2303 1068 2359 ν,
1102 2302 1262 2363 atque
1293 2293 1464 2363 ipsam
1494 2309 1646 2348 suam
1675 2295 1909 2350 animam
1941 2312 2039 2366 pro
2068 2297 2307 2369 profugis

750 2384 902 2451 ponit
924 2392 973 2439 ι.
1000 2383 1078 2436 Tu
1108 2400 1257 2446 vero.
1290 2395 1347 2438 ut
1377 2393 1477 2437 tuae
1503 2386 1696 2441 litterae
1724 2386 2022 2453 declarant,
2056 2390 2305 2443 acciden-

753 2485 861 2530 tem
910 2476 1202 2542 sacerdoti,
1243 2476 1392 2530 illum
1424 2492 1583 2545 quem
1632 2477 1852 2546 impium
1886 2493 1951 2533 ac
1972 2487 2307 2547 peccatorem

752 2566 922 2631 dicis,
965 2566 1150 2621 nescio
1194 2567 1462 2633 quomodo
1508 2582 1603 2635 per
1637 2576 1689 2621 te
1730 2582 1967 2637 praesens
2009 2569 2303 2637 repuleris;

754 2665 863 2713 tum
886 2655 972 2708 ille
993 2654 1209 2723 quidem
1227 2657 1615 2723 deprecabatur
1640 2666 1694 2711 et
1715 2656 1983 2724 fatebatur
2012 2671 2069 2714 se
2100 2660 2166 2712 ad
2195 2674 2307 2713 ma-

752 2747 925 2799 lorum
956 2747 1276 2801 medicinam
1301 2749 1601 2814 advenisse;
1624 2759 1678 2805 tu
1704 2757 1901 2815 autem,
1923 2750 2057 2805 nihil
2085 2751 2306 2817 veritus,

750 2840 949 2891 bonum
982 2840 1201 2907 insuper
1230 2841 1564 2899 sacerdotem
1599 2858 1719 2896 cum
1748 2846 1980 2912 quadam
2025 2844 2309 2898 insolentia

752 2930 1085 2984 conviciatus
1131 2946 1226 2997 es,
1254 2932 1397 2999 quod
1449 2932 1737 2987 miseratus
1784 2944 1930 2988 esset
1974 2935 2307 3003 paenitentis,

751 3030 912 3088 atque
968 3021 1189 3088 impium
1227 3022 1611 3092 justilicasset;
1666 3040 1731 3080 ac
1790 3024 2047 3090 tandem,
2098 3028 2304 3093 «Exi,»

2410 589 2500 625 ται
2527 588 2542 636 ;
2588 566 2681 624 καί
2726 571 2921 642 μᾶλλον
2961 572 3344 640 ἐπαγγέλλεται
3370 570 3744 643 θεραπεύσειν,
3778 576 3874 626 καὶ
3899 576 3987 627 ἑτι

2410 664 2592 725 αὐτοῖς
2618 662 2930 732 ἀπέχουσιν,
2961 662 3113 732 ὅμως
3138 658 3479 732 προσιοῦσι⁶⁸
3518 663 3856 734 προστρέχειν
3886 667 3991 717 καὶ

2410 754 2653 824 ὑπαντᾷ,
2683 755 2777 806 καὶ
2806 754 2925 818 ὅλος
2953 748 3110 817 ὅλους
3137 756 3369 825 περιφὺς
3395 753 3725 818 ἀσπάζεται,
3755 754 3857 807 καὶ
3879 754 4004 822 οὐκ,

2408 843 2629 912 ἐγκαλεῖ
2665 843 2792 915 περὶ
2828 842 2935 897 τῶν
2979 843 3454 920 προτέρωνηάλλά
3494 845 3679 914 ἀγαπᾷ
3718 844 3789 897 τὰ
3834 861 3990 914 παρ-

2407 936 2536 989 όντα
2558 976 2572 998 ,
2621 936 2715 989 καὶ⁸
2744 934 2935 1006 ἑορτὴν
2971 934 3117 1002 ἀγει,
3144 935 3234 987 καὶ
3251 934 3505 1003 συγκαλεῖ
3525 934 3571 967 ⁸⁸
3597 935 3725 996 τοὺς
3750 934 3953 1001 φίλους
3970 974 3987 994 ,

2406 1025 2605 1097 δηλαδὴ
2641 1025 2767 1087 τοὺς
2796 1024 3065 1092 ἀγαθοὺς,
3101 1024 3186 1076 ἵνα
3285 1025 3497 1078 πάντων
3532 1025 3990 1096 εὐφραινομένων

2409 1118 2442 1186 ὴ
2485 1116 2754 1169 κατοικία.
2792 1115 3094 1185 Δημόφιλος
3124 1114 3180 1167 δὲ
3203 1153 3217 1180 ,
3252 1116 3344 1168 καὶ
3371 1114 3422 1167 εί
3454 1131 3536 1177 τις
3566 1115 3721 1177 ἀλλος
3750 1113 3991 1181 ἀγαθοῖς

2407 1206 2764 1276 ἀπεχθάνεται
2785 1244 2800 1269 ,
2832 1206 2923 1258 καὶ
2953 1205 3070 1259 λίαν
3098 1204 3317 1267 ἐνδίκως
3343 1205 3676 1275 ἐπιτιμᾶται,
3712 1206 3811 1257 καὶ
3839 1204 3991 1255 ἐκδι-

2406 1297 2660 1350 δάσκεται
2704 1296 2774 1349 τά
2815 1296 2987 1360 καλὰ,
3033 1298 3126 1349 καὶ
3172 1295 3521 1364 ἀγαθύνεται.
3556 1294 3679 1357 Πῶς
3718 1295 3833 1365 γὰρ
3880 1296 3990 1347 οὐκ

2407 1386 2542 1450 ἔδει,
2587 1388 2750 1459 φησὶ,
2791 1387 2883 1440 τὸν
2931 1386 3134 1453 ἀγαθὸν
3165 1386 3257 1438 ἐπὶ
3286 1384 3530 1456 σωτηρίᾳ
3552 1385 3659 1437 τῶν
3703 1384 3991 1436 ἀπολωλό-

2405 1494 2514 1530 των
2559 1478 2973 1548 εὐφραίνεσθαι,
3018 1478 3110 1529 καὶ
3164 1476 3278 1547 ζωῇ
3318 1475 3426 1528 τῶν
3480 1473 3986 1544 τεθανατωμένων;

2420 1568 2631 1639 Ἀμέλει
2667 1570 2757 1621 καὶ
2792 1570 2886 1621 ἐπ’
2916 1567 3080 1638 ὤμων
3109 1567 3313 1638 utpar."
3340 1566 3401 1620 τὸ
3431 1566 3579 1637 μόλις
3620 1566 3729 1619 ἀπὸ
3771 1566 3989 1635 πλάνης

2407 1661 2733 1733 ἐπιπραφέν
2751 1662 2815 1725 ⁸⁵,
2845 1660 2937 1712 καὶ
2963 1659 3089 1722 τοὺς
3117 1657 3352 1726 ἀγαθοὺς
3388 1656 3650 1725 ἀγγέλους
3674 1657 3755 1718 είς
3784 1657 3989 1725 εὐφρο-

2412 1754 2577 1825 σύνην
2614 1753 2812 1823 ἐγείρει
2831 1792 2847 1816 ,
2871 1752 2965 1804 καὶ
2994 1750 3225 1822 χρηστός
3262 1751 3406 1803 ἐστιν
3423 1749 3465 1778 ⁸⁷
3495 1747 3586 1800 ἐπὶ
3624 1747 3749 1808 τοὺς
3780 1746 3985 1816 ἀχαρί-

2411 1862 2584 1907 στους.
2604 1844 2699 1897 καὶ
2714 1841 3028 1897 ἀνατέλλει
3040 1840 3146 1893 τὸν
3160 1840 3337 1908 ἣλιον
3362 1838 3545 1893 αὐτοῦ
3562 1836 3660 1890 ἐπὶ
3677 1836 3987 1904 πονηροὺς

2407 1937 2501 1989 καὶ
2519 1935 2795 2005 ἀγαθοὺς,
2811 1934 2902 1987 καὶ
2914 1932 3078 2004 αὐτὴν
3108 1933 3204 2003 τὴν
3225 1932 3400 2002 ψυχὴν
3419 1926 3581 1984 αὐτοῦ
3605 1928 3825 1998 τίθησιν
3841 1928 3985 1997 ὑπὲρ

2405 2028 2511 2080 τῶν
2554 2026 2966 2096 ἀποφευγόντων
2983 2025 3047 2077 ⁸⁸.
3091 2024 3161 2076 Σὺ
3190 2022 3277 2085 δὲ,
3317 2021 3393 2084 ὡς
3431 2020 3498 2073 τά
3538 2020 3843 2091 γράμματά
3884 2035 3983 2070 σου

2405 2117 2581 2189 δηλοῖ,
2614 2118 2708 2170 καὶ
2736 2114 3108 2185 προσπεσόντα
3136 2113 3215 2183 τῷ
3244 2114 3408 2182 ἱερεῖ,
3439 2112 3528 2163 τὸν
3560 2110 3635 2173 ὡς
3669 2113 3776 2181 φῂς
3805 2110 3982 2177 ἀσεϐῆ

2407 2210 2500 2261 καὶ
2542 2206 2882 2278 ἁμαρτωλὸν,
2918 2206 3017 2258 οὐκ
3055 2201 3157 2261 οἷδ’
3198 2206 3344 2265 ὅπως
3385 2201 3512 2254 καθ’
3549 2202 3739 2255 ἐαυτοῦ
3788 2200 3983 2274 παρὼν

2406 2298 2800 2360 ἀπελάκτισας’
2851 2290 3000 2359 εἶτα,
3042 2296 3070 2349 ὁ
3130 2294 3224 2365 μὲν
3284 2292 3451 2346 ἐδεῖτο
3484 2293 3526 2325 ⁶⁹
3568 2292 3663 2346 καὶ
3703 2290 3977 2361 ὡμολόγει

2408 2390 2543 2460 πρὸς
2575 2389 2815 2459 ἰατρείαν
2843 2386 3025 2441 κακῶν
3056 2383 3387 2455 ἐληλυθέναι,
3426 2383 3488 2435 σὺ
3517 2382 3573 2435 δὲ
3601 2384 3701 2435 οὐκ
3730 2382 3977 2451 ἔφριξας,

2408 2480 2543 2534 ἀλλά
2570 2480 2664 2533 καὶ
2694 2480 2784 2532 τὸν
2813 2478 3016 2549 ἀγαθὸν
3046 2477 3191 2550 ἱερέα
3234 2475 3370 2547 μετά
3411 2473 3641 2547 θράσους
3660 2475 3705 2503 ⁷ο
3740 2489 3975 2544 προεπη-

2406 2572 2657 2635 λάκιζες,
2697 2570 2914 2642 ἐλεητὸν
2958 2566 3094 2624 εῖναι
3127 2566 3519 2639 μετανοοῦντα,
3564 2565 3774 2619 καὶτὸν
3806 2565 3975 2632 ἀσεσῆ

2406 2661 2796 2718 δικαιώσανταο
2842 2664 2934 2716 καὶ
2964 2661 3146 2726 τέλος,
3182 2679 3201 2712 ι
3242 2657 3436 2724 Ἔξιθι,
3478 2676 3496 2708 ι
3542 2656 3677 2728 ἔφης
3704 2656 3781 2727 τῷ
3812 2658 3974 2726 ἱερεῖ,

2412 2757 2545 2827 μετά
2587 2757 2694 2809 τῶν
2736 2755 2934 2824 ὁμοίων
2972 2753 3065 2806 καὶ
3106 2750 3496 2821 είσεπήδησας,
3523 2748 3621 2801 οὐκ
3648 2747 3800 2808 ὄντος
3824 2746 3973 2815 θεμι-

2407 2847 2501 2899 τυῦ
2523 2888 2537 2911 ,
2576 2847 2710 2918 πρὸς
2741 2845 2808 2898 τά
2841 2844 3028 2907 ἄδυτα,
3060 2844 3153 2895 καὶ
3178 2842 3247 2895 τά
3278 2840 3443 2909 Ἀγια
3476 2838 3582 2891 τῶν
3613 2836 3785 2906 ἀγίων
3815 2837 3973 2888 συνέ-

2412 2936 2622 2998 στειλας
2642 2973 2656 2997 ,
2690 2935 2782 2987 καὶ
2811 2932 3041 3004 γράφεις
3081 2932 3232 3001 ἡμῖν,
3260 2930 3342 2981 ὅτι
3387 2927 3644 2998 μέλλοντα
3679 2925 3973 2994 ὃιαφθαρῆο

2410 3042 2497 3079 ναι
2524 3025 2592 3078 τά
2625 3024 2745 3097 ίερά
2780 3018 3156 3111 προνοητικῶς
3186 3017 3443 3070 ἀπέσωσα
3462 3056 3477 3081 ,
3512 3017 3603 3068 καὶ
3630 3014 3708 3067 ἔτι
3734 3014 3971 3099 ἀχραντσ

752 3110 1006 3178 inquiens
1029 3112 1333 3179 sacerdoti,
1371 3111 1533 3183 599
1563 3129 1683 3167 cum
1718 3116 1792 3169 tui
1820 3116 2087 3169 similibus
2120 3128 2306 3171 contra
2337 3128 2380 3190 ο

2337 3128 2380 3190 c
2410 3096 2941 3189 διαφυλάττω.’Νῦν.
2966 3108 3059 3164 οὖν
3090 3109 3253 3163 ἄκουε
3295 3107 3401 3160 τῶν
3429 3107 3708 3175 ἡμετέρων
3730 3121 3745 3135 ο
3782 3096 3853 3156 03
3886 3103 3970 3155 θε-

751 3197 835 3253 fas
879 3200 932 3253 in
965 3200 1125 3271 adyta
1163 3202 1424 3271 irrupisti,
1462 3219 1524 3257 ac
1552 3204 1748 3259 Sancta
1781 3217 2089 3261 sanctorum
2118 3218 2309 3262 conta-

752 3291 991 3358 minasti,
1038 3302 1093 3347 et
1134 3294 1328 3348 scribis
1373 3295 1529 3349 nobis
1556 3306 1630 3349 -te
1662 3308 1874 3361 sancta,
1915 3312 2036 3352 cum
2064 3300 2307 3354 violanda

750 3394 950 3445 essent,
981 3396 1189 3436 summa
1212 3398 1339 3437 cura
1366 3384 1811 3454 providentiaque
1852 3402 2116 3453 servasse,
2139 3402 2310 3456 eaque

753 3472 1018 3527 hactenus
1064 3473 1271 3527 illibata
1323 3474 1624 3531 custodire.
1687 3475 1841 3530 Nunc
1889 3490 2018 3547 ergo
2059 3476 2183 3531 audi
2217 3492 2313 3537 uo-

751 3569 920 3613 stram
963 3563 1287 3615 sententiam
1322 3578 1338 3614 :
1369 3561 1528 3616 Nefas
1561 3572 1643 3617 est
1678 3564 2017 3617 sacerdotem
2070 3579 2099 3617 a
2136 3572 2187 3619 te
2225 3564 2310 3618 di-

754 3652 1033 3718 gnioribus
1074 3652 1361 3716 ministris,
1405 3653 1549 3707 tuive
1596 3652 1805 3707 ordinis
1852 3654 2135 3709 monachis
2190 3669 2312 3709 cor-

756 3742 897 3810 ripi,
954 3742 1299 3809 quantumvis
1366 3742 1419 3794 in
1472 3742 1657 3796 divina
1712 3743 1906 3812 impius
1955 3746 2217 3809 videatur,
2261 3754 2315 3800 et

754 3834 973 3886 etiamsi
1020 3834 1148 3901 quid
1207 3833 1350 3887 aliud
1412 3834 1635 3886 vetitum
1700 3835 1875 3905 egisse
1937 3836 2310 3890 convincatur.

758 3924 891 3977 Nam
935 3923 978 3977 si
1015 3923 1379 3978 distinctionis
1423 3927 1736 3996 ordinisque
1778 3926 2048 3990 confusio,
2084 3928 2313 3981 divinis-

755 4018 1017 4072 simarum
1076 4019 1523 4073 conmitutionum
1592 4020 1877 4089 legumque
1910 4078 1911 4081 η
1950 4020 2312 4090 transgressio

756 4120 875 4173 est;
915 4093 1060 4162 nulla
1093 4120 1239 4164 certe
1290 4111 1427 4165 ratio
1465 4120 1547 4166 est
1592 4122 1813 4181 propter
1838 4112 2003 4169 Deum
2056 4115 2312 4167 traditum

756 4202 1017 4256 divinitus
1047 4203 1290 4256 ordinem
1329 4206 1741 4260 intervertendi.
1783 4205 1970 4274 Neque
1999 4208 2144 4261 enim
2174 4208 2225 4261 in
2256 4220 2314 4261 se

759 4294 903 4346 Deus
928 4294 1131 4349 divisus
1164 4306 1271 4359 est,
1308 4296 1542 4365 alioquin
1579 4299 1845 4366 quomodo
1887 4299 2052 4352 stabit
2089 4314 2313 4369 regnum

757 4383 875 4451 ejus
908 4395 936 4434 γ
965 4385 986 4436 ?
1011 4385 1075 4438 Et
1102 4386 1145 4439 si
1177 4386 1267 4441 Dei
1304 4397 1387 4441 est
1427 4386 1718 4454 judicium,
1753 4399 1809 4443 ut
1842 4389 2064 4457 Eloquia
2115 4398 2313 4445 testan-

2412 3208 2563 3278 μιτδν
2595 3204 2745 3277 ἱερέα
2788 3202 2923 3274 πρὸς
2962 3199 3069 3253 τῶν
3117 3199 3255 3269 ὑπὲρ
3301 3198 3359 3250 σὲ
3400 3195 3755 3266 λειτουργῶν,
3797 3194 3830 3263 ἢ
3868 3194 3972 3245 τῶν

2407 3296 2688 3371 ὁμοταγῶν
2713 3309 2795 3346 σοι
2817 3293 2860 3323 τί
2898 3288 3243 3364 θεραπευτιῖΝ
3273 3284 3606 3347 εὐθύνεσθαι,
3634 3283 3733 3336 κᾶν
3760 3282 3974 3335 ἀσεϐεῖν

2408 3390 2487 3450 είς
2532 3385 2600 3438 τά
2644 3384 2762 3437 θεῖα
2813 3382 2977 3452 δοκῇ,
3028 3378 3130 3433 κᾶν
3176 3378 3303 3433 ἄλλο
3355 3394 3407 3430 τι
3451 3376 3559 3428 τῶν
3595 3374 3976 3443 ἀπειρημένων

2410 3477 2742 3546 ἐξελέγχοιτο
2779 3472 3000 3545 δράσας.
3033 3471 3093 3523 Εἰ
3120 3469 3229 3540 γὰρ
3251 3467 3492 3537 ἀκοσμία
3514 3466 3609 3518 καὶ
3638 3464 3832 3530 ἀταξία
3864 3464 3977 3515 τῶν

2410 3568 2696 3625 θειοτάτων
2737 3566 2853 3619 ἐστὶ
2889 3563 2982 3617 καὶ
3014 3563 3153 3633 ὅρων
3187 3562 3282 3614 καὶ
3325 3558 3539 3629 θεσμῶν
3572 3556 3823 3621 ἔκϐασις,
3872 3555 3976 3607 οὐκ

2411 3660 2521 3729 ἔχει
2551 3658 2703 3727 λόγον
2733 3657 2872 3726 ὑπὲρ
2897 3654 3032 3708 Θεοῦ
3056 3654 3101 3685 τ’
3128 3652 3224 3725 τὴν
3255 3650 3647 3721 θεοπαράδοτον
3678 3647 3976 3715 ἀνατρέπε-

2413 3750 2534 3803 σθαι
2580 3747 2751 3813 τάξιν.
2798 3748 2872 3800 υύ
2918 3745 3026 3817 γάρ
3072 3745 3169 3815 ἐφ’
3207 3741 3397 3796 ἑαυτὸν
3429 3744 3456 3793 ό
3488 3739 3616 3802 Θεὸς
3668 3736 3970 3808 ἐμερίσθη’

2410 3842 2527 3904 πῶς
2560 3840 2667 3911 γάρ
2698 3838 3020 3909 σταθήσεται
3060 3838 3092 3906 ὴ
3130 3834 3374 3904 βασιλεία
3418 3830 3613 3895 aurci};
3657 3830 3765 3881 Καὶ
3797 3828 3843 3879 εί
3882 3827 3975 3878 τοῦ

2409 3931 2543 3987 Θεοῦ
2569 3933 2737 3992 ἐστιν,
2770 3930 2844 3993 ὡς
2869 3928 2937 3981 τὰ
2966 3928 3119 3996 λόγια
3149 3942 3332 3997 φησιν,
3355 3926 3388 3995 ἡ
3417 3922 3625 3994 κρίσις,
3652 3920 3701 3972 oi
3728 3918 3786 3972 δὲ
3813 3920 3976 3989 ἱερεῖς

2411 4022 2627 4092 ἄγγελοι
2672 4022 2763 4074 καὶ
2796 4020 3069 4089 ὑποφῆται
3110 4016 3245 4088 μετά
3287 4016 3411 4076 τοὺς
3452 4012 3704 4083 ἱεράρχας
3734 4010 3839 4061 είσ¹ι
3868 4009 3977 4060 τῶν

2414 4116 2571 4169 θείων
2618 4114 2926 4185 κριμάτων,
2961 4110 3097 4183 πρὸς
3128 4107 3303 4161 αὐτῶν
3331 4105 3400 4157 τά
3438 4104 3555 4156 θεῖα
3594 4100 3976 4173 προσηκόντως

2415 4225 2494 4260 σοι
2532 4205 2621 4259 διά
2664 4206 2838 4276 μέσων
2864 4204 2907 4234 ⁷³
2938 4202 3045 4255 τῶν
3090 4196 3453 4268 λειτουργῶν,
3501 4196 3622 4247 ὅταν
3748 4193 3974 4261 καιρὸς,

2414 4297 2725 4351 ἐκδιδάσκου
2743 4334 2757 4358 ,
2784 4295 2851 4348 δι’
2880 4286 2953 4347 ὧν
2984 4295 3078 4346 καὶ
3107 4292 3168 4344 τὸ
3199 4286 3334 4343 εἶναι
3362 4286 3695 4358 θεραπευτὴς
3718 4282 3972 4351 tamen;

2418 4390 2488 4441 ’Ἡ
2520 4389 2639 4457 ούχὶ
2670 4388 2764 4439 καὶ
2804 4386 2873 4439 τὰ
2926 4384 3045 4455 ἱερά
3098 4382 3337 4453 σύμϐολα
3371 4380 3526 4432 τοῦτο
3568 4377 3695 4447 god;
3742 4376 3834 4427 καὶ
3865 4372 3976 4443 γὰρ

760 4485 849 4529 :ur
881 4485 924 4538 ι,
962 4479 1270 4531 sacerdmcs
1296 4489 1472 4532 autem
1520 4481 1695 4549 angeli
1745 4491 1870 4536 sunt
1900 4494 1948 4545 ιι,
1984 4492 2038 4537 et
2067 4490 2181 4551 post
2215 4498 2311 4536 an-
2343 4460 2386 4513 D

2343 4460 2386 4513 D
2414 4480 2511 4549 οὐχ
2538 4478 2719 4540 ἁπλῶς
2740 4477 2988 4531 ἁπάντων
3016 4474 3112 4546 μὲν
3130 4472 3385 4544 ἐξῄρηται
3396 4471 3463 4523 τὰ
3476 4469 3639 4537 Ἅγια
3657 4466 3761 4518 τῶν
3784 4464 3970 4531 ἁγίων·

760 4564 956 4617 tistites
1006 4564 1310 4619 divinorum
1371 4568 1697 4637 interpretes
1738 4570 2089 4640 iudiciorum,
2129 4573 2197 4626 ab
2245 4571 2311 4626 iis

756 4653 967 4719 ordine,
999 4665 1158 4725 prout
1187 4665 1236 4711 te
1260 4657 1433 4721 decet,
1466 4661 1823 4715 mediantibus
1870 4662 2158 4726 miniStris,
2183 4663 2308 4717 dum

756 4747 862 4799 erit
886 4756 1268 4817 Opportunum,
1304 4752 1481 4804 divina
1513 4754 1683 4817 disce,
1728 4767 1824 4821 per
1850 4768 1987 4822 quos
2031 4754 2219 4821 etiam,
2252 4766 2312 4809 ut

761 4838 1055 4890 monachus
1114 4853 1285 4905 esses,
1311 4840 1567 4895 habuisti.
1615 4842 1695 4895 An
1725 4857 1857 4897 vero
1894 4857 1998 4897 non
2044 4842 2096 4897 id
2136 4844 2312 4913 ipsum

760 4938 911 4977 sacra
959 4925 1107 4995 signa
1151 4929 1525 4997 proclamant?
1582 4946 1755 5001 neque
1808 4931 1951 4987 enim
1994 4932 2311 5002 simpliciter

761 5017 959 5071 Sancta
1038 5030 1343 5074 sanctorum
1392 5022 1460 5075 ab
1514 5024 1762 5079 ornnibus
1816 5032 2094 5094 segregata
2148 5032 2303 5088 sunt;

833 5205 855 5233 '
890 5196 1042 5251 Joan.
1075 5212 1111 5259 ι,
1146 5197 1181 5250 2
1259 5199 1275 5233 ί
1312 5197 1498 5253 Matth.
1533 5214 1608 5252 3t.
1684 5211 1711 5238 ιι
1743 5199 1869 5253 Luc.
1928 5215 2015 5253 xv-

762 5283 890 5328 xxx,
930 5270 1014 5327 18;
1054 5267 1211 5322 ltum.
1249 5283 1306 5329 ιι,
1340 5268 1424 5322 16.
1498 5282 1525 5310 ι
1550 5268 1781 5324 Malacb.
1816 5284 1876 5333 ιι,
1914 5270 1963 5323 7.

2091 5209 2117 5233 '
2150 5201 2341 5258 Matth.
2379 5218 2430 5266 v,
2479 5202 2567 5258 43.

2420 4570 2702 4641 πλησιάζει
2732 4570 2788 4621 δὲ
2824 4568 3018 4641 μᾶλλον
3045 4567 3226 4628 αὐτοῖς
3258 4566 3286 4616 ὁ
3322 4563 3427 4615 τῶν
3463 4555 3827 4631 ἱερατελεστῶν
3857 4553 3975 4607 διά.-

2419 4678 2652 4731 κοσμος,
2683 4658 2801 4715 εἶτα
2830 4660 2938 4713 τῶν
2972 4659 3157 4730 ίερὲων
3200 4658 3232 4726 ἡ
3269 4654 3621 4722 διακόσμησις
3643 4692 3658 4715 ,
3700 4645 3978 4714 ἑπομένως

2419 4753 2475 4805 δὲ
2519 4753 2727 4815 τούτοις
2770 4756 2803 4823 ἡ
2846 4751 2953 4804 τῶν
2998 4746 3351 4819 λειτουργῶνο
3392 4748 3501 4805 τοῖς
3533 4742 3587 4794 δὲ
3630 4737 3978 4806 τεταγμένοις

2422 4845 2775 4916 θεραπευταῖς
2796 4844 2852 4898 αί
2876 4841 3040 4895 πύλαι
3064 4839 3169 4893 τῶν
3191 4838 3395 4891 ἀδύτων
3424 4835 3555 4887 εἰσὶν
3585 4826 3976 4901 ἀφωρισμέναι,

2421 4936 2543 4989 καθ’
2560 4936 2625 5000 ἀς
2657 4938 2748 4990 καὶ
2776 4934 3048 4989 τελοῦνται
3074 4932 3165 4985 καὶ
3194 4929 3543 5000 παρεστᾶσιν.
3562 4924 3621 4977 οὑ
3646 4922 3777 4992 πρὸς
3809 4918 3979 4986 φυλα-

2411 5028 2511 5097 κὴν
2540 5028 2745 5090 αὐτῶν,
2775 5024 2909 5078 ἀλλά
2942 5024 3075 5093 πρὸς
3106 5021 3255 5087 τάξιν
3302 5019 3397 5072 καὶ
3439 5018 3724 5085 ἐπίγνωσιν
3770 5008 3979 5063 ἑαυτῶν

2649 5217 2673 5245 κ
2706 5200 2863 5257 Joan.
2918 5219 2971 5268 ι,
3029 5203 3112 5256 li.
3189 5209 3218 5248 ⁷
3252 5198 3441 5253 Μειιιι.
3488 5211 3587 5255 xu,
3640 5188 3710 5243 25
3813 5196 3834 5222 ⁸
3869 5184 3977 5240 [sai

2050 5424 2282 5481 VABUE
2321 5422 2715 5481 LECTIONES.

874 5612 917 5643 ⁸³
950 5611 1217 5680 προϊοῦσι,
1254 5610 1311 5663 S.
1354 5610 1398 5639 “
1431 5612 1527 5661 και
1574 5612 1942 5672 συγκαλεῖται,
1980 5607 2041 5656 υ.
2069 5603 2126 5656 S.
2154 5602 2213 5657 P.
2291 5604 2334 5635 “
2370 5601 2540 5673 φέρει,
2580 5603 2635 5659 S.
2715 5603 2758 5634 “
2794 5607 3138 5677 ἐπιστρέφον,
3260 5600 3316 5652 P.

874 5699 931 5726 ιν-
968 5683 1065 5726 (.Ιι-
1102 5683 1159 5726 Ι)-
1194 5682 1250 5726 P-
1329 5681 1372 5711 σε
1404 5678 1805 5726 ὰποαυγόντων.
1844 5678 1899 5726 S.
1977 5677 2018 5707 θ’
2054 5674 2247 5726 ἠδεῖτο.
2273 5673 2328 5726 S.
2360 5671 2419 5726 P.
2501 5676 2542 5706 ⁷ο
2577 5674 2824 5726 θάρσους.
2904 5674 2942 5703 ⁷¹
2981 5673 3263 5726 όιιοταγων
3297 5686 3316 5721 ο

2076 5706 2247 5743 Γιςιιν,
2276 5706 2328 5728 \‘u
2360 5706 2379 5726 Ι
2408 5715 2419 5727 ο

768 5684 932 5736 ἐστιν.
968 5678 1065 5733 (.lt.
1102 5683 1159 5735 υ.
1192 5682 1251 5733 Ρ.
1329 5681 1372 5711 ⁸⁸
1404 5678 1805 5747 ἀποφυγόντων,
1844 5678 1899 5730 S.

771 5752 813 5782 ⁷³
852 5755 913 5805 σὺ
946 5751 1032 5804 διὰ
1071 5752 1266 5820 μέσων,
1308 5750 1365 5804 υ.
1399 5750 1453 5801 ὃ.

3418 5598 3461 5625 ⁸τ
3496 5596 3589 5650 καὶ
3622 5593 3973 5664 χρηστότατος

2501 5676 2542 5706 ⁷ο
2577 5674 2824 5745 θάρσους.
2874 5663 3263 5740 ’⁷¹’όμοταγῶν
3297 5685 3409 5731 σου,
3433 5666 3489 5719 S.
3568 5668 3612 5697 ⁷³
3647 5663 3709 5717 ἐκ
3740 5663 3893 5723 Θεοῦ,
3919 5665 3970 5715 5.
