4176 6318
223 372 371 428 1089

1599 363 1937 423 ΕΡΙΞΤΟΙΛ
1964 363 2105 422 VIII.

3347 370 3483 427 I090

223 487 431 560 μᾶλλον
456 487 535 559 τῷ
574 487 689 558 λαῷ
717 488 869 560 παρά
904 488 1030 551 τοὺς
1074 484 1384 559 ίερατικοὺς
1406 484 1453 515 ’⁷⁸
1483 482 1813 555 πλησιάζον-

1918 497 2108 537 verum
2151 481 2218 536 ad
2257 481 2372 537 hanc
2417 481 2666 553 proxime
2707 482 2918 538 accedit
2962 482 3100 538 ordo
3146 483 3484 553 pontiﬁcum.

223 596 339 644 τες.
378 580 537 634 Ὅθεν
570 582 601 651 ή
628 580 734 633 τῶν
765 579 922 652 ἱερῶν
966 580 1095 648 ἁγία
1134 577 1427 648 ταξιαρχία
1459 574 1811 647 μεταλαμϐά-

225 687 343 723 νειν
374 670 569 733 αὐτοὺς
598 669 857 741 ίεροθετεῖ
880 669 988 723 τῶν
1023 669 1202 732 θείων,
1232 668 1437 739 ἑτέροις
1467 666 1666 739 δηλαδὴ
1700 670 1812 731 τοῖς

223 763 527 835 ἐνδοτέροις
565 762 742 841 αὐτῶν
772 762 871 834 τὴν
904 761 1187 831 μετάδοσιν
1216 759 1586 831 ἐγχειρήσασα
1606 758 1685 791 ⁷⁸’·
1719 759 1815 812 καὶ

224 856 341 927 γὰρ
365 858 413 909 oi
447 855 575 926 περὶ
601 855 662 908 τὸ
689 854 830 908 θεῖον
857 852 1200 925 συμϐολικῶς
1229 852 1316 905 ἀεὶ
1341 850 1747 922 παρεστηκότες
1766 850 1813 884 ⁷⁸

226 947 638 1020 θυσιαστήριον,
670 946 841 1019 ὁρῶσι
875 931 970 1001 καὶ
998 944 1255 999 ἀκούουσι
1285 943 1352 997 τὰ
1382 942 1499 996 θεῖα
1525 940 1812 1012 τηλαυγῶς

226 1040 414 1104 αὐτοῖς
456 1038 972 1110 ἀνακαλυπτόμενα,
1017 1037 1111 1091 καὶ
1156 1035 1438 1109 προϊόντες
1483 1033 1814 1102 ἀγαθοειδῶς

230 1135 329 1187 ἐπὶ
358 1134 427 1187 τὰ
456 1133 562 1197 ἔξω
588 1131 696 1187 τῶν
733 1132 894 1187 θείων
936 1128 1452 1203 παραπετασμάτων
1476 1170 1492 1191 ,
1524 1130 1638 1191 τοῖς
1668 1128 1811 1200 ὑπη-

230 1224 383 1288 κόοις
416 1224 776 1295 θεραπευταῖς
799 1265 814 1289 ,
844 1224 939 1277 καὶ
973 1222 1052 1293 τῷ
1088 1222 1219 1295 ἱερῷ
1249 1221 1361 1292 λαῷ
1381 1264 1395 1288 ,
1431 1221 1525 1275 καὶ
1553 1224 1675 1285 ταῖς
1711 1240 1807 1275 κα-

231 1317 588 1388 θαιρομέναις
618 1315 856 1381 τάξεσιν,
889 1314 1207 1385 ἐκφαίνουσι
1235 1316 1354 1368 κατ’
1386 1313 1544 1379 ἀξίαν
1574 1313 1643 1368 τὰ
1672 1315 1813 1387 ἱερὰ,

230 1408 303 1461 τά
332 1407 510 1471 καλῶς
537 1408 780 1479 ἄκραντα
813 1406 1236 1477 διαφυλαχθέντα
1255 1449 1270 1475 ,
1316 1409 1509 1480 μέχρις
1550 1408 1636 1462 ὅτε
1659 1451 1675 1476 ,
1717 1426 1814 1462 τυ-

237 1500 504 1572 ραννικῶς
548 1500 730 1563 αὐτοῖς
776 1500 1184 1571 ἐπεισπηδήσας
1206 1538 1221 1567 ,
1250 1499 1699 1572 ἐκπομπευθῆναί
1733 1518 1815 1555 σοι

234 1593 306 1648 τὰ
351 1596 518 1663 Ἀγια
564 1594 671 1647 τῶν
704 1593 874 1662 ἁγίων
914 1593 1233 1664 ἠνάγκασας
1271 1594 1370 1648 οὐκ
1411 1592 1677 1647 ἐθέλοντα⁸
1722 1595 1816 1649 καὶ

235 1685 381 1757 ἐχειν
407 1686 516 1757 φῂς
546 1686 615 1739 τά
649 1685 771 1758 ἱερά
807 1684 902 1739 καὶ
934 1685 1332 1755 διαφυλάττειν,
1362 1684 1538 1739 καίτοι
1576 1684 1699 1739 οὔτε
1739 1680 1817 1739 εἷ-

234 1778 359 1845 δες,
393 1778 515 1832 οὕτε
549 1779 790 1850 ἤκουσας
814 1818 829 1843 ,
870 1778 996 1832 οῦτε
1033 1778 1177 1850 ἔχεις
1210 1796 1263 1832 τι
1292 1779 1402 1834 τῶν
1434 1778 1816 1852 προσηκόντων

1914 574 2115 630 deinde
2145 574 2425 629 distinctio
2462 574 2835 636 sacerdotum.
2866 590 3007 644 quos
3028 575 3282 644 deinceps
3324 578 3485 632 mini-

1914 677 2151 725 strorum
2192 668 2394 738 gradus
2424 668 2716 737 sequitur;
2768 667 3040 723 ordinatis
3069 676 3250 724 autem
3298 686 3486 726 mona-

1913 758 2032 814 chis
2083 757 2372 829 adytorum
2422 766 2607 827 postes
2650 767 2780 813 sunt
2824 759 3135 827 assignatas,
3170 759 3327 828 juxta
3357 775 3485 829 quas

1914 848 2078 902 etiam
2115 847 2402 902 initiantur
2436 856 2491 902 et
2536 855 2739 912 astant,
2788 862 2896 903 non
2937 848 3023 903 ad-
3051 851 3353 906 custodiam
3402 868 3486 907 ca-

1916 941 2188 1007 rumdem,
2220 942 2314 996 sed
2348 950 2406 995 ut
2443 950 2742 1011 agnoscant
2786 950 2896 995 tam
2937 956 2997 996 se
3033 957 3195 1012 quam
3240 946 3491 1001 ordinem

1914 1049 2072 1088 suum
2112 1034 2283 1105 magis
2316 1032 2515 1105 papulo
2542 1048 2655 1104 prae
2692 1035 3070 1091 sacerdotibus
3104 1038 3489 1107 propinquare.

1915 1123 2074 1179 Unde
2118 1138 2406 1179 sacrorum
2455 1136 2613 1178 sacer
2658 1122 2868 1178 ordinis
2904 1124 3264 1193 principatus,
3310 1139 3490 1181 rerum

1914 1231 2009 1272 eos
2039 1216 2345 1279 divinarum
2377 1214 2673 1284 participes
2708 1215 2860 1269 reddi
2902 1225 3093 1270 sancte
3122 1219 3336 1282 statuit,
3370 1216 3493 1271 aliis

1916 1308 2195 1371 videlicet,
2245 1307 2341 1376 qui
2381 1307 2451 1362 iis
2495 1306 2790 1364 interiores
2844 1317 2995 1372 sunt,
3042 1309 3357 1363 earumdem
3406 1310 3495 1363 ad-

1916 1398 2639 1472 ministrationemcedens;
2676 1399 2747 1454 illi
2783 1399 3046 1469 siquidem
3071 1400 3163 1468 qui
3196 1400 3494 1471 symbolice

1917 1506 2133 1561 semper
2172 1488 2415 1543 divinum
2465 1490 2635 1544 altare
2682 1490 3065 1558 circumstant,
3118 1491 3412 1547 intuentur
3438 1502 3495 1547 et

1915 1581 2145 1637 audiunt
2169 1581 2355 1637 divina
2389 1580 2539 1636 clare
2577 1580 2680 1636 sibi
2726 1580 2989 1647 revelata,
3026 1583 3494 1651 procedentesque

1916 1674 2176 1731 benevole
2217 1674 2284 1730 ad
2325 1688 2389 1729 ea
2419 1688 2541 1744 qua:
2592 1683 2721 1729 sunt
2760 1685 2913 1730 extra
2955 1676 3138 1731 divina
3165 1675 3489 1742 velamenta,

1918 1770 2205 1841 morigeris
2256 1771 2547 1841 religiosis,
2601 1785 2869 1841 sacroque
2919 1770 3142 1842 populo,
3192 1780 3249 1825 et
3302 1771 3368 1826 iis
3396 1769 3489 1840 qui

233 1873 349 1934 τοῖς
388 1870 650 1942 ἱερεῦσιν,
694 1869 882 1942 ὥσπερ
922 1871 1042 1924 οὐδὲ
1072 1870 1171 1943 τὴν
1202 1870 1455 1942 ἀλήθειαν
1486 1870 1592 1924 τῶν
1623 1870 1817 1939 λογίων

1922 1874 2248 1935 purgantur,
2285 1864 2598 1929 ordinibus,
2637 1880 2795 1921 sacra
2841 1864 3102 1935 mysteria
3153 1879 3251 1933 pro
3285 1863 3493 1918 meritis

235 1961 488 2030 ἔγνωκας
511 2004 525 2029 ,
561 1963 798 2036 ἑκάστης
828 1962 1043 2036 ἡμέρας
1073 1962 1214 2017 αύτά
1238 1962 1559 2035 λογομαχῶν
1587 1963 1680 2017 ἐπὶ
1714 1980 1815 2018 κα-

233 2057 516 2127 ταστροφῇ
549 2054 656 2109 τῶν
686 2056 1016 2110 ἀκουόντων.
1058 2056 1169 2110 Καὶ
1212 2058 1259 2109 εί
1300 2056 1400 2128 μὲν
1430 2056 1691 2128 ἐθναρχία
1734 2073 1819 2120 τις

235 2147 582 2220 ἐνεχείρησεν
601 2150 646 2180 ’⁷
679 2148 739 2202 ού
773 2148 1246 2220 προστεταγμένον
1288 2147 1436 2219 αύτῷ
1483 2148 1633 2220 παρὰ
1669 2146 1820 2218 βασι-

236 2241 405 2307 λέως,
454 2241 675 2306 ἐνδίκως
700 2242 1055 2312 ἐτιμωρεῖτοο
1101 2239 1195 2295 καὶ
1226 2239 1273 2293 εί
1323 2236 1416 2293 τὸν
1456 2241 1694 2312 ἄρχοντα
1739 2238 1817 2293 δι-

236 2332 502 2387 καιοῦντά
527 2350 679 2396 τινας
714 2332 747 2403 ἢ
798 2331 1255 2396 καταδικάζοντα,
1291 2330 1577 2403 παρεστώς
1604 2348 1688 2394 τις
1711 2330 1818 2385 τῶν

236 2424 342 2477 ὑπ’
363 2424 511 2496 αύτῷ
535 2424 897 2496 ταττομένων,
913 2413 1297 2495 ἐπανακρίνειν
1314 2423 1608 2495 ἐτόλμησεν
1636 2422 1821 2494 (οὔπω

234 2516 351 2590 γάρ
393 2535 533 2589 φημι
568 2516 1065 2589 προπηλακίζειν)
1116 2516 1232 2586 ἅμα
1258 2514 1353 2569 καὶ
1384 2515 1485 2586 τῆς
1520 2515 1696 2587 ἀρχῆς
1730 2516 1822 2569 ἐκ-

236 2608 454 2663 ϐάλλειν
484 2607 629 2674 ἔδοξε
651 2609 734 2675 ⁷⁸;
782 2609 855 2662 Σὺ
888 2608 977 2675 δὲ,
1020 2598 1306 2679 ἄνθρωπε,
1356 2605 1498 2661 οὕτω
1551 2605 1821 2680 τολμηρὸς

235 2695 293 2754 εἷ
325 2700 464 2754 κατά
493 2700 587 2755 τοῦ
620 2702 798 2773 πράου
831 2700 925 2754 καὶ
964 2700 1169 2769 ἀγαθοῦ
1193 2741 1209 2767 ,
1238 2699 1334 2753 καὶ
1370 2698 1472 2771 τῆς
1499 2698 1820 2772 ίεραρχικῆς

234 2792 402 2845 αὐτοῦ
444 2792 815 2864 θεσμοθεσίας.
872 2777 983 2846 Καὶ
1025 2791 1200 2847 ταῦτα
1237 2792 1404 2863 ἐχρῆν
1439 2793 1635 2858 εἰπεῖν,
1668 2792 1815 2860 ὅταν,

234 2881 382 2956 ὑπὲρ
407 2882 561 2948 ἀξίαν
589 2901 674 2948 τις
699 2882 986 2956 ἐγχειρῶν,
1017 2885 1166 2955 ὅμως
1192 2883 1382 2937 είκότα
1421 2884 1680 2956 πράττειν
1709 2883 1823 2937 ἐδό-

234 2992 326 3029 κει
350 2991 365 3006 ·
395 2975 492 3029 καὶ
522 2976 631 3048 γὰρ
658 2976 779 3049 οὐδὲ
805 2975 963 3030 τοῦτο
992 2975 1212 3046 ἐφικτὸν
1238 2975 1434 3029 οὐδενί.
1469 2975 1534 3029 Τί
1564 2975 1673 3048 γὰρ
1699 2976 1821 3030 ἀτο-

235 3086 340 3123 πον
380 3068 562 3134 Ὀζίας
588 3069 796 3133 ἐποίει,
828 3067 1038 3140 θυμιῶν
1066 3066 1143 3139 τῷ
1170 3057 1289 3138 Θεῷ
1310 3068 1390 3132 ⁷ος
1416 3067 1481 3120 Τί
1507 3066 1563 3120 δέ
1586 3068 1615 3119 6
1646 3066 1818 3121 Σαοὺλ

1919 1958 2201 2027 pandunt;
2258 1974 2381 2028 quae
2426 1961 2673 2030 profecto
2724 1958 2831 2013 rite
2887 1956 3233 2013 immaculata
3304 1956 3493 2011 tandiu

1919 2057 2135 2103 servata
2165 2057 2316 2116 sunt,
2341 2048 2513 2105 donec
2556 2050 2671 2120 ipse
2709 2048 3001 2120 tyranuice
3045 2048 3099 2103 in
3130 2062 3194 2101 ea
3226 2046 3492 2115 irrupisti,

1919 2151 1974 2197 et
1996 2142 2196 2197 Sancta
2225 2150 2539 2197 sanctorum
2566 2140 2647 2195 vel
2667 2141 2832 2195 invita
2864 2139 2957 2193 tibi
2989 2137 3251 2208 publicari
3283 2137 3496 2208 coegis-

1922 2233 1996 2297 ti,
2026 2241 2081 2287 et
2121 2231 2321 2287 habere
2362 2240 2414 2287 te
2433 2232 2611 2301 jactas
2650 2240 2707 2287 et
2743 2230 3028 2286 custodire
3060 2242 3243 2293 sacra,
3272 2243 3394 2284 cum
3427 2242 3492 2283 ea

1921 2337 2097 2394 neque
2146 2323 2373 2389 videris,
2428 2336 2602 2393 neque
2654 2322 2925 2389 audieris,
2978 2331 3154 2387 neque
3198 2317 3495 2387 quidquam

1920 2417 2122 2471 habeas
2172 2432 2359 2472 eorum
2402 2431 2524 2487 qua
2575 2414 2915 2471 sacerdotem
2966 2412 3183 2479 decent,
3219 2408 3493 2479 siquidem

1921 2521 1989 2562 ne
2034 2506 2316 2562 veritatem
2373 2507 2590 2576 quidem
2652 2506 3061 2575 Scripturarum
3119 2503 3318 2569 nosti,
3368 2515 3495 2557 cum

1919 2613 2017 2654 eas
2073 2597 2322 2666 quotidie
2388 2595 2573 2653 verbis
2623 2595 2910 2664 impugnes
2963 2594 3031 2649 ad
3088 2590 3496 2649 subversiouem

1920 2690 2277 2747 audientium.
2326 2688 2539 2745 Etenim
2589 2689 2635 2744 si
2666 2687 2790 2759 quis
2844 2686 3101 2756 gentilem
3131 2684 3495 2755 principatum

1921 2796 1950 2835 a
1990 2796 2118 2853 rege
2180 2779 2281 2835 sibi
2322 2794 2669 2851 nequaquam
2703 2777 2871 2850 σου
2907 2776 3295 2832 demandatum
3337 2791 3500 2832 usur-

1924 2877 2101 2939 paret,
2137 2868 2263 2939 jure
2311 2871 2510 2925 merito
2558 2870 2867 2938 puniretur.
2930 2867 3075 2934 Quid
3129 2866 3200 2932 si,
3248 2866 3498 2935 principe

1917 2960 2229 3030 quunnpiam
2282 2959 2365 3016 vel
2413 2958 2727 3014 absolvente
2759 2958 2844 3013 vel
2876 2958 3192 3025 damnante,
3227 2957 3495 3026 quispiam

1918 3068 1987 3110 ex
2020 3052 2325 3109 astantibus
2358 3052 2593 3107 subditis
2623 3058 2976 3121 praesumeret
3013 3049 3178 3103 latam
3208 3064 3236 3103 ιι
3267 3049 3498 3103 Domino

234 3161 417 3228 θύων;
450 3162 516 3215 τι
550 3162 606 3214 δὲ
637 3162 686 3215 οι
729 3139 1040 3233 τυραννικοὶ
1072 3160 1355 3231 δαίμονες,
1387 3158 1603 3231 ἀληθῶς
1642 3159 1818 3213 θεολο-

1920 3144 2253 3199 sententiam
2313 3151 2662 3205 retractare,
2708 3140 2905 3194 nedum
2950 3139 3130 3193 dicam
3178 3139 3500 3208 proculcare

1925 3247 1987 3255 Α-
2024 3233 2084 3255 Δ--
2111 3230 2414 3255 --ζ....ζ..-ι..
2459 3229 2749 3255 ιιι-ι..-ιι-..ι.
2789 3228 2935 3255 ηερε..-
2970 3228 3151 3255 Διηηιιο
3180 3228 3257 3255 ⁸1⁸..
3288 3239 3470 3255 -..ιιιηι

235 3252 462 3323 γοῦντες
502 3252 592 3307 τὸν
628 3228 868 3325 Ἰησοῦνς
913 3247 1054 3305 Ἀλλ’
1095 3228 1434 3323 ἐκκήρυκτος
1575 3250 1818 3323 θεολογίᾳ

1924 3247 1989 3287 ac
2017 3233 2086 3287 de
2110 3230 2416 3302 principatu
2456 3229 2751 3285 deturbare
2789 3228 2938 3284 visus
2968 3228 3151 3283 esset?
3180 3228 3259 3283 Tu
3288 3239 3497 3295 autem,

236 3348 349 3410 πᾶς
380 3346 409 3398 6
435 3341 1163 3418 ἀλλοτριοεπίσκοποςθθ.καὶ
1199 3343 1429 3407 ἕκαστος
1468 3344 1527 3396 ἐν
1571 3346 1636 3415 τῇ
1670 3343 1822 3409 τάξει

235 3437 341 3507 τῆς
366 3435 704 3507 λειτουργίας
716 3434 881 3490 αὐτοῦ
902 3434 1072 3502 ἔσται,
1091 3436 1185 3488 καὶ
1202 3436 1361 3506 μόνος
1376 3437 1403 3488 6
1422 3435 1711 3508 ἀρχιερεὺς
1745 3438 1824 3500 είς

236 3529 312 3583 τὰ
330 3530 493 3598 Ἅγια
513 3527 620 3582 τῶν
650 3528 818 3597 ἁγίων
838 3527 1216 3593 εἰσελεύσεται,
1240 3529 1332 3581 καὶ
1352 3528 1499 3593 ἅπαξ
1518 3527 1611 3581 τοῦ
1641 3529 1822 3583 ἐνιαυ-

238 3621 372 3687 τοῦ,
409 3622 503 3675 καὶ
540 3619 699 3674 τοῦτο
746 3622 803 3674 ἐν
846 3620 995 3693 πάσῃ
1038 3623 1105 3692 τῇ
1153 3620 1295 3673 κατὰ
1338 3620 1501 3691 νόμον
1535 3621 1820 3692 ίεραρχικῇ

241 3700 594 3785 καθαρότητι.
624 3712 737 3766 Καὶ
763 3714 811 3765 οἱ
837 3713 879 3745 ⁸⁸
916 3715 1080 3784 ἱερεῖς
1107 3711 1514 3783 περιστέλλουσι
1540 3711 1607 3765 τὰ
1637 3713 1819 3781 Ἅγια,

240 3804 339 3857 καὶ
383 3806 431 3856 oi
484 3805 693 3858 λευῖται
740 3805 800 3857 ού
847 3803 920 3875 μὴ
969 3804 1193 3874 ἅψονται
1229 3804 1338 3859 τῶν
1381 3805 1583 3873 ἀγίων,
1622 3806 1708 3858 ἵνα
1748 3806 1822 3877 μὴ

241 3893 585 3953 ἀποθάνωσι.¹
608 3895 719 3950 Καὶ
756 3895 1001 3967 ὠργίσθη
1055 3895 1210 3967 θυμῷ
1238 3895 1443 3968 Κύριος
1471 3897 1563 3950 ἐπὶ
1590 3898 1655 3968 τῇ
1690 3915 1823 3969 προ-

242 3986 434 4057 πετεία
470 3986 616 4050 Ὀζία
635 4026 649 4049 ,
678 3988 773 4041 καὶ
803 3990 1034 4059 Μαριὰμ
1052 3986 1343 4059 λεπροῦται
1365 3989 1433 4051 ⁸⁸,
1457 3986 1531 4059 τῷ
1560 3987 1823 4063 νομοθέτῃ

245 4076 586 4147 θεσμοθετεῖν
615 4080 1017 4150 ἐγχειρήσασα⁸
1050 4079 1144 4133 καὶ
1187 4080 1279 4133 ἐπὶ
1311 4081 1437 4143 τοὺς
1472 4081 1651 4133 Σκευᾶ
1676 4081 1823 4144 υἱοὺς

244 4167 479 4241 ἐφήλατο
500 4170 544 4201 ⁸³
572 4170 639 4223 τά
668 4170 915 4241 δαιμόνια
933 4212 948 4237 ,
978 4170 1102 4235 καὶ,
1156 4173 1278 4225 Οὐκ
1306 4171 1689 4225 ἀπέστελλον
1714 4172 1821 4226 αὑ-

242 4258 419 4324 τοὺς,
449 4259 573 4329 ἔφη,
618 4260 715 4312 καὶ
743 4260 909 4313 αὐτοὶ
946 4261 1214 4329 ἔτρεχον,
1255 4263 1369 4327 καὶ,
1398 4265 1519 4316 Οὐκ
1561 4261 1823 4316 ἐλάλουν

238 4351 387 4416 πρὸς
406 4347 647 4413 αὐτοὺς,
669 4348 765 4402 καὶ
792 4348 961 4402 αὐτοὶ
994 4349 1424 4419 προεφήτευον,
1456 4351 1571 4417 καὶ,
1597 4352 1655 4405 Ὀ
1686 4352 1809 4405 άσεο

238 4440 361 4509 σὴς,
379 4439 406 4491 6
423 4438 563 4492 θύων
587 4458 675 4511 μοι
699 4439 914 4511 μόσχον,
940 4440 1015 4503 ὡς
1044 4443 1073 4494 6
1100 4443 1435 4498 ἀποκτείνων
1450 4443 1497 4476 ⁸⁸
1514 4428 1668 4498 κύνα.
1694 4446 1805 4498 Καὶ

1924 3341 1959 3384 o
1993 3328 2191 3390 homo,
2250 3325 2325 3379 ita
2374 3324 2703 3379 temerarius
2735 3335 2795 3377 es
2836 3322 2889 3376 in
2941 3322 3009 3376 iis
3051 3336 3172 3391 quae
3213 3320 3499 3385 clementis

1921 3416 2247 3487 benignique
2292 3414 2434 3485 (Dei)
2467 3424 2616 3478 sunt,
2649 3423 2703 3466 et
2732 3411 3067 3481 pentiticium
3119 3411 3289 3481 ipsius
3333 3411 3493 3466 insti-

1924 3517 2098 3563 tutum
2128 3508 2420 3576 attingunt.
2445 3507 2625 3576 Atque
2654 3505 2767 3559 bzcc
2790 3502 3008 3573 quidem
3032 3501 3257 3555 dicenda
3290 3510 3496 3570 essent,

1922 3598 1966 3653 si
1995 3592 2137 3669 quis,
2175 3611 2300 3652 cum
2331 3596 2539 3665 majora
2585 3592 2798 3648 meritis
2826 3591 2944 3645 suis
2972 3598 3296 3654 attentaret,
3342 3606 3497 3659 aequa

1925 3702 2103 3748 tamen
2145 3691 2247 3745 sibi
2286 3687 2484 3744 aﬂ‘erre
2524 3687 2836 3752 videretur;
2870 3700 2995 3739 nam
3028 3698 3204 3753 neque
3236 3685 3341 3739 hoc
3373 3686 3496 3739 cui-

1923 3801 2083 3855 quam
2116 3786 2199 3841 fas
2228 3793 2331 3838 est.
2362 3782 2499 3849 Quid
2542 3783 2685 3836 enim
2719 3780 2936 3836 absurdi
2964 3778 3128 3835 Ozias
3156 3778 3345 3849 gessit,
3375 3794 3494 3833 cum

1880 3908 1885 3915 ~
1924 3880 2202 3934 incensum
2234 3876 2341 3931 Deo
2371 3868 2666 3930 obtulit”?
2700 3870 2837 3939 Quid
2872 3870 3021 3937 Saul,
3055 3870 3183 3924 dum
3220 3870 3492 3925 sacriﬁca.

1921 3971 2096 4024 vite?
2138 3967 2283 4034 Quid
2333 3964 2624 4020 truculenti
2674 3963 2972 4025 daemones,
3019 3977 3142 4016 cum
3178 3960 3364 4016 Jesum
3405 3962 3490 4016 Dei

1923 4062 2117 4117 Filium
2144 4059 2425 4114 verissime
2456 4057 2822 4126 praedicarunt
2852 4053 2923 4108 d?
2962 4052 3155 4109 Verum
3202 4055 3253 4107 in
3286 4052 3486 4107 theolo-

1922 4156 2007 4224 gia
2039 4152 2338 4221 ejiciendus
2378 4149 2557 4204 omnis
2584 4148 2677 4217 qui
2727 4147 2901 4202 aliena
2952 4156 3181 4215 spectat,
3212 4147 3305 4200 sed
3338 4146 3485 4215 quili-

1921 4249 2012 4303 bet
2043 4246 2252 4301 ordinis
2282 4244 2365 4299 sui
2406 4241 2723 4297 ministeriis
2760 4241 2976 4295 vacabit
3003 4250 3050 4305 ο,
3075 4239 3333 4307 solusque
3366 4253 3485 4307 pon-

1924 4339 2052 4395 tifex
2083 4340 2134 4393 in
2167 4353 2310 4392 anno
2340 4336 2510 4393 semel
2546 4337 2612 4390 ad
2642 4337 2840 4391 Sancta
2871 4342 3187 4389 sanctorum
3222 4332 3487 4396 introibit,

1923 4434 2084 4504 idque
2131 4449 2253 4488 cum
2306 4432 2451 4488 omni
2494 4446 2658 4502 quam
2705 4430 2788 4485 ler
2841 4427 3147 4499 praescribit
3197 4426 3491 4497 pontificali

237 4522 425 4595 ἀπλῶς
451 4534 645 4596 εἰπεῖν,
668 4532 917 4602 ἀνέχεται
936 4530 989 4599 ,⁸⁸
1006 4533 1113 4586 τῶν
1135 4535 1464 4605 παρανόμων
1486 4538 1518 4608 ἡ
1542 4537 1805 4609 παντελὴς

1924 4527 2164 4597 puritate
2206 4524 2251 4579 ί.
2298 4524 2628 4580 Sacerdotes
2675 4536 2804 4578 vero
2836 4521 3034 4575 Sancta
3071 4520 3493 4589 circumtegunt,

236 4624 330 4679 τοῦ
365 4623 499 4677 Θεοῦ
540 4624 871 4696 δικαιοσύνη·
910 4623 1172 4693 λεγόντων
1202 4625 1259 4678 δὲ
1303 4626 1504 4692 αὐτῶν,
1548 4629 1679 4682 Ἐπὶ
1726 4629 1805 4694 τῷ

234 4716 481 4785 ὀνόματί
507 4731 623 4771 σου
647 4716 928 4787 δυνάμεις
954 4718 1189 4783 πολλὰς
1214 4717 1601 4789 ἐποιήσαμεν,
1625 4723 1717 4776 καὶ
1735 4724 1802 4786 ⁸⁸,

236 4810 359 4863 οὐκ
386 4804 517 4862 οἶδα
544 4808 719 4877 ὑμᾶς,
748 4809 1135 4881 ἀποκρίνεται,
1168 4810 1494 4878 πορεύεσθε
1524 4812 1626 4867 ἀπ’
1659 4812 1804 4881 ἐμοῦ

242 4890 464 4959 πάντες
472 4896 525 4947 οὶ
535 4894 770 4965 ἐργάται
781 4895 890 4965 τῆς
900 4897 1167 4966 ἀνομίας.
1177 4899 1337 4951 Ὥστε
1347 4900 1408 4953 ού
1422 4899 1660 4972 θεμιτὸν,
1672 4902 1825 4967 ὼςτὰ

246 4982 367 5056 ιερὰ
383 4983 536 5054 λόγιά
552 5004 735 5058 φησιν,
754 4988 875 5042 οὐδὲ
891 4986 961 5041 τὰ
979 4988 1159 5042 δίκαια
1184 4990 1258 5061 μὴ
1280 4993 1399 5044 κατ’
1418 4992 1571 5059 ἀξίαν
1589 4993 1820 5049 διώκειν.

322 5142 346 5180 δ
381 5143 419 5197 ΙΙ
454 5143 631 5199 Paral.
669 5160 817 5208 nrt,
852 5146 906 5201 9.

1014 5158 1036 5186 ε
1075 5146 1093 5201 1
1129 5146 1259 5219 Reg.
1310 5165 1430 5212 χιιι,
1483 5151 1583 5216 I0;
1623 5169 1713 5217 xv,
1751 5153 1836 5206 12.

242 5211 299 5275 9;
336 5211 499 5268 Ilelnr.
537 5229 612 5279 Ix,
646 5216 702 5269 Ἰ.
781 5219 805 5257 ε
840 5217 998 5272 Num.
1039 5234 1114 5283 ιν,
1143 5211 1236 5273 ΞΓ
1268 5220 1295 5259 h
1333 5220 1372 5273 II
1409 5211 1581 5276 I’arali
1620 5211 1767 5288 xxvi,
1807 5224 1893 5279 I9.

1923 4632 2112 4672 verum
2175 4617 2354 4671 levita!
2402 4631 2470 4670 ne
2520 4625 2708 4671 sancta
2782 4613 3001 4682 quidem
3061 4613 3376 4682 attingunt,
3428 4623 3498 4663 ne

1926 4713 2232 4767 moriantur
2262 4712 2309 4764 ⁸.
2339 4709 2403 4764 Ει
2430 4709 2600 4763 iratus
2632 4707 2731 4762 fuit
2761 4706 2945 4762 furore
2971 4705 3228 4759 Dominus
3256 4704 3326 4758 ob
3354 4702 3498 4758 01in:

1927 4804 2293 4861 temeritatem
2316 4803 2366 4866 Ιι,
2428 4802 2704 4869 Mariaque
2739 4800 2951 4867 Ieprosa
2980 4798 3059 4863 [ιι.
3096 4795 3387 4865 Iegislatori
3421 4796 3497 4850 ie-

1929 4914 2048 4969 getn
2083 4911 2283 4968 ponere
2313 4906 2509 4951 conata
2541 4894 2553 4933 ί
2583 4911 2597 4949 :
2629 4904 2680 4949 et
2712 4893 2764 4947 in
2797 4893 2938 4947 ﬁlios
2968 4890 3154 4947 Scevae
3189 4888 3497 4944 insilierunt

1928 4989 2195 5045 daemonia
2230 4989 2283 5055 ι,
2317 4998 2417 5044 et:
2471 4987 2594 5042 Non
2637 4986 2903 5041 mittebam
2960 5007 3081 5052 eos.
3127 4982 3277 5047 dicit,
3315 4990 3361 5035 et
3396 4979 3496 5049 ipsi

1939 5150 1965 5189 δ
2003 5150 2168 5205 Marc.
2233 5166 2315 5215 ιιι,
2354 5144 2465 5208 1°,
2523 5158 2546 5186 ε
2580 5147 2595 5199 1
2631 5147 2754 5201 Cur.
2792 5159 2903 5207 XIV,
2940 5144 3030 5215 25.
3114 5144 3133 5182 ί
3172 5141 3345 5198 Levii.
3381 5155 3493 5208 xu,

1978 5224 1993 5262 ί
2036 5221 2196 5277 Num.
2234 5238 2332 5285 xu,
2370 5218 2457 5278 10.
2538 5220 2559 5257 lt
2597 5219 2720 5271 Aet.
2759 5231 2872 5279 xu,
2918 5214 3005 5267 I4.

1554 5442 1789 5498 VA“IIE
1825 5439 2226 5497 LECTIONES.

310 5617 496 5692 ’δεοῖς
546 5620 873 5692 ἱερατικοῖς,
912 5620 968 5676 S.
1005 5623 1067 5675 Ι).
1139 5622 1183 5652 ⁷⁸
1217 5622 1570 5692 ἐγχειρίσασα
1593 5661 1607 5685 ,
1657 5622 1721 5676 D.

245 5688 307 5744 Ω.
359 5688 666 5764 ἐθναρχίας,
721 5691 779 5746 Ρ.
836 5688 1318 5764 ἐπεχείρησεν,γι⁷.

1401 5733 1414 5745 .
1489 5692 1536 5723 ⁷³
1569 5662 1714 5759 ἔδοξε
1780 5708 1883 5745 ιιοη
1932 5662 2019 5745 es:
2045 5694 2096 5744 in
2143 5662 2245 5746 (ΣΙιῖ
2292 5692 2350 5745 D.
2422 5694 2467 5725 ⁷⁸
2499 5690 2576 5760 τῷ
2610 5662 2689 5742 Ita

1828 5623 1873 5653 ⁷⁸
1908 5622 2249 5692 συμὸολικῶς
2294 5623 2465 5674 εἰπεῖν
2512 5619 2833 5692 ἑστηκότες,
2972 5617 3030 5673 Ρ.
3069 5618 3151 5692 __"
3171 5614 3491 5692 ἐθναρχίαν,

2804 5730 2818 5747 .
2871 5689 2970 5744 Ch.
3064 5689 3111 5721 ⁸⁸
3134 5758 3139 5759 ν
3158 5685 3492 5759 ἀλλοτριεπίι

245 5691 307 5744 D.
359 5691 522 5760 ἐθναρ
564 5692 666 5755 ίας,
721 5691 779 5746 Ρ.
836 5694 1211 5764 ἐπεχείρησεν,
1264 5691 1318 5745 δ.
1354 5691 1414 5745 P.
1489 5692 1536 5723 "
1569 5692 1714 5759 ἔδοξε
1780 5708 1883 5745 ιιοη
1932 5691 2014 5745 cSt
2045 5694 2096 5744 in
2143 5694 2242 5746 Ch.
2292 5692 2350 5745 D.
2422 5694 2467 5725 ⁷⁸
2499 5691 2576 5760 τῷ
2610 5691 2689 5742 Κυ
2735 5691 2818 5760 ίῳ.
2871 5691 2970 5744 Ch.
3064 5691 3111 5721 '°
3158 5691 3487 5759 ἀλλοτριεπί-

243 5776 463 5841 σκοπος,
681 5764 709 5813 6
744 5781 859 5841 ιιυιιΔ
881 5775 961 5841 est
993 5780 1043 5817 ιιι
1197 5761 1239 5792 ⁸¹
1273 5764 1331 5841 oi
1358 5779 1463 5841 non
1495 5772 1577 5841 est
1612 5764 1746 5841 iul}.
1774 5762 2286 5841 mppzslobehﬁli.
2327 5763 2386 5818 D.
2411 5763 2469 5817 S.
2500 5763 2593 5841 __“
2640 5707 2786 5841 ᾯΞᾶ,
2814 5760 2875 5813 D.
2913 5760 3099 5841 Magis.
3131 5758 3487 5841 λελὲπρωται,

242 5831 340 5883 (λιι.
410 5831 455 5861 ⁸³
483 5831 729 5898 ἐσήλατο.
822 5835 867 5865 ⁸⁸
901 5833 1260 5897 άποκτέννων,
1301 5834 1357 5887 υ.
1398 5832 1454 5889 S.
1494 5832 1555 5899 Ρ,
1632 5834 1675 5865 ⁸³
1711 5830 1987 5904 legendum
2021 5833 2119 5886 οὐκ
2152 5834 2420 5905 ἀνέχεται.
2500 5833 2543 5865 ⁸⁸
2578 5833 2669 5885 καί
2707 5847 2813 5889 nou
2847 5843 2929 5888 est
2966 5830 3020 5887 in
3054 5831 3110 5886 S.
3147 5830 3207 5884 Ρ.
3249 5830 3309 5883 ι).
