4176 6318
766 324 892 379 1091
1924 320 1977 375 S.
2018 319 2311 375 DIONYSII
2343 319 2800 375 AREOPAGITJE
3832 322 3962 373 l0!!!

757 435 1073 497 currebant;
1113 443 1167 487 et
1226 444 1327 485 non
1381 431 1626 500 loquebar”
1687 431 1754 483 ad
1802 440 1925 494 eos,
1961 442 2007 485 et
2056 433 2154 498 ipsi
2196 444 2386 499 pro-A

2313 464 2314 471 ι
2342 444 2386 498 Α
2417 434 2703 502 Προσέχειν
2734 434 2789 484 δὲ
2821 433 3042 484 ἕκαστον
3076 430 3249 499 ἐαυτῷ
3273 432 3372 501 χρὴ
3396 473 3411 496 ,
3441 431 3533 484 καὶ
3566 430 3638 501 μὴ
3667 431 3737 484 τὰ
3765 432 3962 501 ὑψηλό-

760 528 1037 593 phetabant
1067 522 1111 590 1;
1142 533 1216 589 et,
1248 522 1445 591 impius
1490 522 1578 590 qui
1614 522 1741 575 mihi
1788 521 2026 576 immolat
2059 523 2307 587 vitulum,

2412 540 2541 593 τερα
2584 526 2673 575 καὶ
2713 523 2980 593 βαθύτερα
3006 526 3202 576 ἐννοεῖν
3223 565 3236 589 ,
3267 522 3582 575 διανοεῖσθαι
3622 524 3677 574 δὲ
3726 525 3863 591 μόνα
3896 524 3962 575 τὰ

760 619 899 669 sicut
944 617 1034 684 qui
1082 616 1275 669 occidit
1320 629 1511 667 canem
1552 620 1610 665 ‘.
1656 612 1856 681 Atque,
1891 621 1949 665 ut
1995 612 2311 681 simpliciter

1734 627 1856 681 que,
1891 621 1949 665 ut
1995 612 2311 681 simpliciter
2414 616 2534 666 κατ’
2570 614 2722 677 ἀξίαν
2755 612 2900 682 αὐτῷ
2933 614 3383 684 προστεταγμένα.

762 707 957 768 dicam,
1007 721 1109 759 non
1158 706 1351 758 tolerat
1400 702 1579 771 legum
1627 703 1929 757 violatores
1980 699 2216 770 perfecta
2262 700 2355 753 Dei
2382 701 2613 769 justitia,
2657 702 3063 767 dicentibusque
3097 700 3239 755 illis:
3286 700 3350 751 1η
3390 700 3594 753 nomine
3627 713 3717 752 tuo
3748 703 3961 753 virtutes

762 797 951 849 multas
1003 798 1254 863 fecimus,
1305 794 1631 865 resptndet:
1683 785 1872 847 Nescio
1911 810 2044 857 υυοε,
2096 786 2319 843 recedile
2364 806 2399 843 a
2446 810 2527 847 me
2576 805 2750 844 omnes
2802 791 3031 861 operarii
3086 788 3376 857 iniquitatis
3442 801 3489 844 ιι.
3540 790 3715 843 Nefas
3757 792 3958 857 itaque,

760 889 834 940 ati
880 902 1033 939 sacra
1084 896 1348 938 testantur
1391 886 1627 952 eloquia,
1668 897 1731 935 ea
1775 880 1938 936 etiam
1989 889 2112 943 qua:
2151 873 2297 943 justa
2332 889 2479 941 sunt,
2526 893 2631 933 non
2674 881 2967 934 secundum
2995 879 3326 949 dignitatem
3376 883 3667 949 exscqui°.
3734 882 3953 950 Oportet

761 989 939 1031 autem
999 993 1433 1046 unumquemque
1484 977 1582 1031 sibi
1628 976 1727 1045 ipsi
1791 968 2109 1030 attendere,
2155 982 2222 1020 ne
2265 984 2328 1023 se
2379 971 2577 1027 altiora
2622 971 3082 1046 profundioraque
3120 974 3330 1041 sapiat,
3371 974 3655 1043 solumque
3710 974 3958 1031 intendat

760 1073 828 1126 iis
858 1088 975 1141 qum
1004 1072 1165 1139 ipsius
1203 1072 1405 1126 meritis
1435 1072 1634 1126 iuerint
1667 1066 1978 1125 coordinata
2002 1071 2050 1113 P.

2286 1228 2314 1299 ς
2360 1223 2442 1283 ιι.

831 1368 969 1435 Quid
1027 1368 1473 1437 igitur,inquis,
1538 1383 1641 1421 non
1702 1378 1911 1437 oportet
1970 1370 2299 1433 sacerdotes,

759 1462 848 1529 qui
891 1461 975 1514 vel
1019 1462 1177 1529 impie
1203 1461 1291 1514 vel
1334 1474 1619 1530 perperam
1670 1460 1867 1528 aliquid
1911 1461 2087 1515 facere
2117 1462 2306 1527 depre-

759 1552 908 1605 hensi
946 1550 1165 1615 fuerint,
1200 1551 1418 1619 corrigi,
1454 1550 1692 1619 solisque
1730 1547 1913 1604 licebit
1947 1550 2303 1620 gloriantihus

756 1657 808 1695 tn
856 1642 971 1711 lege
1015 1658 1110 1711 per
1143 1642 1642 1711 prmvaricationem
1687 1642 1823 1710 legis
1864 1644 2026 1697 Deum
2072 1644 2300 1697 inhono-

757 1748 878 1788 rare
900 1736 965 1785 (ιζ)
997 1744 1055 1788 et
1091 1734 1358 1803 quomodo
1407 1734 1712 1787 sacerdotes
1738 1733 1828 1788 Dei
1868 1746 1991 1788 sunt
2035 1734 2271 1801 interpre

757 1825 881 1877 tes?
947 1838 1054 1891 quo
1110 1824 1257 1877 ettim
1324 1832 1485 1891 pacto
1559 1822 1769 1876 divinas
1822 1823 2019 1892 populo
2075 1823 2302 1876 virtutes

752 1914 1062 1976 enuntiant,
1092 1928 1211 1966 cum
1239 1916 1548 1967 earumdem
1590 1916 1695 1967 vim
1743 1914 2032 1983 ignorent?
2055 1913 2136 1966 vel
2167 1928 2301 1981 quo-

757 2002 914 2055 modo
963 2001 1346 2055 itluminabunt
1392 2003 1482 2070 qui
1534 2011 1660 2055 sunt
1701 2001 2083 2055 obtenebrati?
2129 2016 2299 2070 quave

2477 1364 2539 1416 Τί
2578 1358 2689 1424 οὖν,
2729 1362 2869 1432 φῂς,
2908 1363 2966 1415 οὐ
2998 1361 3101 1434 χρὴ
3148 1364 3271 1425 τοὺς
3316 1363 3492 1433 ἱερέας
3533 1362 3895 1427 ἀσεδοῦνταςν
3929 1367 3959 1433 ἢ

2404 1457 2529 1511 ἄλλο
2553 1474 2603 1507 τι
2627 1454 2733 1507 τῶν
2762 1455 2972 1507 ἀτόπων
3002 1454 3460 1525 ἐξελεγχομένους,
3495 1454 3829 1517 εὐθύνεσθαι,
3869 1458 3963 1526 μό-

2402 1564 2512 1609 νοις
2552 1546 2607 1599 δέ
2647 1546 2859 1610 ἐξέσται
2897 1549 3009 1608 τοῖς
3049 1546 3416 1616 καυχωμένοις
3447 1548 3503 1597 ἐν
3542 1546 3687 1617 νόμῳ
3733 1548 3821 1599 διὰ
3864 1548 3962 1616 τῆς

2402 1637 2759 1709 παραὸάσεως
2786 1636 2879 1689 τοῦ
2913 1637 3074 1707 νόμου
3105 1636 3194 1689 τὸν
3223 1636 3351 1690 Θεὸν
3373 1637 3691 1706 ἀτιμάζειν;
3723 1639 3813 1690 καὶ
3846 1638 3961 1701 πῶς

2400 1732 2445 1782 οί
2471 1731 2634 1800 ἱερεῖς
2657 1729 2980 1798 ἐκφάντορές
3009 1731 3110 1781 είσι
3143 1728 3234 1781 τοῦ
3264 1728 3424 1792 Θεοῦ;
3456 1728 3570 1792 πῶς
3595 1729 3701 1799 γάρ
3733 1730 3959 1799 ἐξαγγε-

2399 1820 2609 1874 λοῦσι⁸⁷
2638 1820 2715 1891 τῷ
2756 1820 2868 1891 λαῷ
2910 1819 3009 1884 τὰς
3045 1820 3194 1881 θείας
3240 1820 3474 1890 ἀρετὰς,
3521 1822 3618 1873 οὐκ
3660 1822 3962 1888 ἐγνωκότες

2399 1911 2573 1964 αὐτῶν
2602 1913 2697 1983 τὴν
2738 1912 2961 1981 δύναμιν
2986 1926 2999 1975 ;
3034 1910 3066 1981 ἢ
3100 1910 3219 1973 πῶς
3246 1910 3534 1979 φωιοῦσιν
3566 1913 3613 1963 οἱ
3643 1912 3962 1981 ἐσκοτισμέ-

2398 2018 2511 2066 νοις
2554 2001 2668 2065 πῶς
2696 2002 2751 2053 δὲ
2778 2001 2870 2054 τοῦ
2901 2002 3041 2053 θείου
3075 2000 3434 2071 μεταδώσουσι
3460 2001 3771 2070 Πνεύματος
3789 2042 3805 2067 ,
3836 2000 3957 2054 οὔτε

754 2091 971 2143 ratione
995 2091 1236 2145 divinum
1268 2090 1528 2159 Spiritum
1578 2092 1978 2158 impertientur,
2008 2092 2098 2160 qui
2131 2105 2303 2160 neque
2333 2100 2374 2153 Β
2402 2130 2403 2137 η

2333 2100 2374 2153 Β
2402 2094 2449 2145 εἱ
2479 2092 2589 2145 ἑστι
2624 2083 2842 2163 Πνεῦμα
2873 2093 3023 2159 ἅγιον
3069 2093 3177 2156 ἕξει
3218 2093 3309 2145 καὶ
3349 2091 3572 2163 ἀληθείᾳ
3600 2093 3955 2144 πεπιστευκό-

752 2179 941 2233 affectu
990 2197 1161 2250 neque
1203 2184 1431 2237 veritate
1473 2183 1727 2251 Spiritum
1770 2192 2012 2236 sanctum
2060 2182 2299 2236 credide-

756 2282 879 2325 runt
922 2272 943 2301 '
968 2272 990 2325 Ξ)
1046 2275 1125 2327 Ad
1178 2276 1292 2329 haec
1354 2276 1449 2329 tibi
1510 2277 1621 2343 ipse
1669 2274 2001 2342 respondebo
2064 2270 2299 2341 :Neque

748 2364 904 2433 σοι
941 2368 1081 2419 enim
1117 2366 1364 2421 inimicus
1404 2366 1747 2436 Demophilus
1799 2375 1911 2429 est,
1968 2380 2143 2434 neque
2208 2378 2300 2431 pa-

753 2456 960 2508 tiarte
1006 2471 1034 2509 a
1085 2456 1286 2511 Satana
1334 2457 1741 2511 circumveniri.
1803 2456 2015 2510 Etenim
2072 2454 2300 2524 quilibet

748 2545 893 2597 circa
930 2546 1098 2599 Deum
1148 2549 1477 2603 versantium
1534 2548 1705 2614 ordo,
1741 2547 2052 2603 deiformior
2098 2556 2183 2602 est
2235 2561 2299 2601 eo

748 2636 839 2704 qui
884 2638 1053 2705 magis
1092 2638 1290 2703 distat;
1324 2653 1423 2693 nec
1455 2656 1558 2695 non
1600 2638 1862 2695 lucidiora
1892 2638 2049 2693 simul
2081 2646 2208 2690 sunt
2237 2651 2300 2690 ac

749 2727 1098 2789 luculentiora
1121 2768 1135 2791 ,
1171 2743 1289 2797 quae
1329 2744 1473 2784 vera:
1511 2729 1613 2784 luci
1648 2731 1817 2801 magis
1846 2730 2297 2799 appropinquant.

748 2814 921 2869 Nolim
968 2826 1144 2870 autem
1183 2832 1253 2871 ex
1303 2817 1417 2871 loco
1457 2834 1639 2874 sumas
1682 2818 2156 2889 propinquitatem,
2203 2814 2298 2871 sed

747 2921 811 2961 ex
841 2909 1143 2975 capacitate
1183 2910 1479 2978 recipiendi
1510 2912 1699 2965 Deum.
1747 2911 1898 2976 Quod
1928 2910 1974 2964 si
2010 2914 2190 2977 itaque
2214 2923 2300 2962 sa-

747 3002 1025 3053 cerdotum
1070 3001 1202 3056 ordo
1238 3002 1542 3056 illustrandi
1580 3002 1685 3055 vim
1720 3001 1902 3068 habet,
1936 3000 2175 3070 profecto
2209 3013 2299 3066 pe-

745 3090 887 3143 nitus
937 3090 1195 3143 abhorret
1249 3106 1277 3143 a
1309 3091 1653 3145 sacerdotum
1703 3090 1895 3145 ordine
1925 3105 1988 3144 ac
2020 3088 2297 3152 facultate.

745 3182 992 3251 quisquis
1038 3182 1339 3236 illustrandi
1382 3182 1435 3235 vi
1487 3192 1672 3248 caret;
1727 3181 2000 3250 multoque
2054 3180 2222 3247 magis
2255 3180 2299 3235 is

746 3272 834 3339 qui
870 3273 1097 3326 necdum
1133 3272 1442 3327 illustratus
1473 3280 1573 3327 est.
1616 3272 1693 3326 Ac
1728 3270 1858 3326 mihi
1891 3272 2105 3340 quidem
2140 3272 2297 3327 nimis

746 3361 1064 3417 temerarius
1096 3361 1309 3417 videtur
1344 3362 1681 3429 huiusmodi,
1717 3362 1761 3416 si
1795 3362 2150 3417 sacerdotalia
2193 3360 2293 3416 sibi

745 3452 999 3517 vindicet,
1033 3467 1207 3522 neque
1242 3463 1382 3506 metu
1419 3468 1593 3521 neque
1624 3454 1826 3521 pudore
1855 3468 1885 3506 a
1909 3454 2105 3509 divinis
2135 3469 2294 3522 supra

745 3543 1055 3610 dignitatem
1107 3559 1257 3597 suam
1307 3544 1682 3598 consectandis
1728 3552 2003 3607 arceatur,
2036 3553 2295 3614 putetque

744 3648 805 3688 ea
841 3632 1011 3687 latere
1046 3633 1495 3704 Deum,'quorum
1529 3636 1633 3690 sibi
1670 3637 1783 3706 ipse
1815 3637 2068 3692 conscius
2097 3637 2207 3704 sit;
2241 3647 2296 3693 et

745 3743 803 3781 se
837 3726 1001 3779 Deum
1038 3725 1223 3781 fallere
1255 3727 1557 3794 existimat,
1589 3742 1747 3797 quem
1782 3728 1918 3784 falso
1952 3730 2171 3785 nomine
2201 3746 2295 3800 ap-

745 3815 943 3884 pellant
999 3815 1239 3881 Patrem,
1303 3818 1569 3887 audetqde
1626 3818 1882 3875 scelestas
1937 3819 2294 3889 blasphemias

743 3924 869 3962 suas
904 3908 1121 3977 (neque
1152 3909 1297 3962 enim
1332 3923 1521 3978 preces
1554 3908 1821 3977 dixerim)
1870 3912 1921 3965 in
1956 3911 2151 3966 divinis
2184 3926 2293 3981 my-

743 4001 927 4054 steriis
978 3999 1429 4055 Christiformiter
1477 4002 1851 4072 pronuntiare.
1899 4002 2015 4057 Non
2062 4011 2144 4058 est
2192 4004 2296 4059 istc

2398 2200 2521 2247 τες;
2556 2183 2696 2252 Ἐγὼ
2722 2184 2779 2237 δέ
2806 2183 3208 2254 ἀπολογήσομαί
3236 2200 3315 2235 σοι
3343 2183 3475 2254 πρὸς
3500 2182 3667 2235 ταῦτα
3689 2199 3703 2211 ·
3735 2184 3828 2234 καὶ
3852 2184 3958 2249 γὰο

2397 2277 2497 2329 οὐκ
2524 2276 2711 2346 ἐχθρὸς
2737 2277 2765 2327 ὁ
2793 2274 3118 2346 Δημόφιλος,
3140 2276 3257 2328 οὐδὲ
3275 2270 3531 2343 ἀνέξομαί
3560 2291 3617 2325 σε
3637 2273 3958 2332 πλεονεκτη-

2399 2364 2554 2435 θῆναι
2598 2365 2674 2435 τῷ
2698 2366 2948 2435 Σατανᾷ·
2994 2367 3087 2418 καὶ
3132 2366 3237 2436 γάρ
3268 2365 3467 2435 ἑκάστη
3509 2364 3615 2431 τῶν
3660 2365 3786 2434 περὶ
3828 2363 3959 2421 Θεὸν

2397 2456 2752 2526 διακόσμησις
2812 2456 3172 2526 θεοειδεστέρα
3205 2457 3305 2527 τῆς
3349 2456 3544 2527 μᾶλλον
3587 2457 3955 2524 ἀφεστηκυίας

2400 2547 2547 2600 ἐστί·
2598 2549 2688 2601 καὶ
2734 2550 3092 2619 φωτεινότερα
3132 2550 3244 2619 ἅμα
3282 2550 3375 2602 καὶ
3412 2547 3853 2618 φωτιστικώτερα
3891 2546 3955 2599 τά

2403 2638 2597 2709 μᾶλλον
2627 2639 2705 2710 τῷ
2736 2640 2922 2711 ἀληθεῖ
2951 2641 3085 2709 φωτὶ
3104 2640 3149 2672 ⁸⁸
3178 2640 3549 2709 πλησιαίτερα.
3595 2639 3703 2693 Καὶ
3750 2636 3823 2707 μὴ
3867 2652 3953 2688 το-

2399 2731 2571 2795 πικῶς
2602 2730 2881 2795 ἑκλάὄοις,
2911 2730 3042 2784 ἀλλά
3073 2729 3213 2784 κατὰ
3239 2730 3336 2799 τὴν
3374 2729 3615 2797 θεοδόχον
3656 2726 3947 2796 ἐπιτηδειό-

2397 2840 2535 2894 τητα
2554 2861 2568 2886 ,
2606 2824 2696 2875 τὸν
2725 2823 3079 2893 πλησιασμόν.
3112 2822 3177 2874 Εί
3207 2820 3436 2890 τοίνυνή
3466 2819 3572 2872 τῶν
3615 2818 3802 2889 ἱερέων
3840 2817 3954 2869 δια-

2398 2914 2663 2986 κόσμησις
2695 2915 2838 2966 ἐστιν
2869 2915 2900 2983 ἡ
2932 2910 3247 2980 φωτιστικὴ,
3278 2909 3551 2971 παντελῶς
3593 2909 3815 2961 ἀποπέπ

2397 3008 2496 3078 τῆς
2528 3006 2804 3079 ἱερατικῆς
2842 3003 3045 3067 τάξεως
3074 3002 3166 3055 καὶ
3198 3000 3474 3070 δυνάμεως
3514 3001 3542 3051 ὁ
3589 2998 3663 3068 μὴ
3708 3012 3955 3065 φωτιστι-

2398 3100 2525 3162 κός·
2570 3094 2605 3169 ἦ
2652 3096 2753 3149 πού
2799 3112 2862 3165 γε
2909 3094 3102 3165 μᾶλλον
3138 3094 3165 3145 ὁ
3200 3090 3519 3159 ἀφώτιστος.
3551 3090 3660 3141 Καὶ
3689 3086 3952 3157 τολμηρὸς

2399 3189 2585 3259 ἔμοιγε
2617 3188 2763 3241 δοκεῖ
2791 3188 2903 3248 τοῖς
2942 3202 3000 3237 τε
3035 3185 3325 3254 ἱερατικοῖς
3350 3183 3378 3234 ὁ
3404 3180 3639 3242 τοιοῦτος
3670 3177 3951 3249 ἐγχειρῶν,

2398 3280 2577 3334 καἱού
2611 3279 2846 3332 δέδοικεν
2882 3275 3003 3329 οὐδὲ
3034 3272 3341 3343 αἱσχύνεται
3383 3272 3451 3325 τά
3495 3272 3615 3325 θεῖα
3660 3270 3813 3341 παρὰ
3857 3272 3951 3341 τὴν

2397 3370 2552 3434 ἀξίαν
2577 3368 2804 3432 διώκων,
2834 3367 2928 3420 καὶ
2958 3365 3197 3435 οἰόμενος
3224 3362 3353 3416 Θεὸν
3375 3364 3603 3431 ἀγνοεῖν,
3628 3364 3770 3433 ἀπερ
3798 3362 3953 3425 αὐτὸς

2397 3459 2574 3530 ἑαυτῷ
2604 3458 2935 3527 συνέγνωκε,
2968 3458 3062 3511 καὶ
3095 3456 3305 3524 suast
3330 3453 3536 3523 νομίζει
3568 3452 3657 3505 τὸν
3688 3452 3952 3521 ψευδωνύ-

2400 3567 2513 3621 μως
2554 3550 2644 3603 ὑπ’
2672 3547 2834 3600 αὑτοῦ
2873 3546 3089 3617 Πατέρα
3124 3543 3471 3614 διαλυόμενον,
3515 3541 3609 3595 καὶ
3650 3540 3823 3611 τολμᾷ
3859 3541 3953 3603 τὰς

2395 3642 2607 3709 ἐναγεῖς
2642 3636 2804 3692 αὑτοῦ
2830 3635 3135 3706 δυσφημίας
3154 3635 3196 3666 ⁸³
3226 3632 3315 3703 (οὐ
3343 3631 3451 3703 γάρ
3482 3629 3689 3700 εἴποιμι
3729 3645 3953 3699 προσευ-

2396 3729 2550 3803 χάςν)
2604 3730 2697 3783 ἐπὶ
2742 3727 2810 3782 τὰ
2844 3726 2963 3782 θεῖα
2995 3725 3233 3797 σύμϐολα
3278 3719 3620 3794 χριστοειδῶς
3666 3718 3947 3784 ἐπιλέγειν.

2398 3823 2512 3876 οὐκ
2542 3822 2686 3876 ἑστιν
2718 3814 2874 3884 οὗτος
2906 3819 3113 3890 ἱερεὺς,
3140 3816 3241 3870 οὐκ
3272 3816 3436 3877 ἐστιν,
3478 3811 3610 3867 ἀλλά
3653 3810 3948 3881 δυσμενὴς,

2396 3913 2593 3979 δόλιος,
2628 3912 2936 3983 ἐμπαίκτης
2978 3907 3169 3963 ἑαυτοῦ
3190 3946 3205 3970 ,
3244 3906 3338 3960 καὶ
3382 3904 3540 3967 λύκος
3578 3904 3670 3956 ἐπὶ
3696 3902 3787 3954 τὸν
3815 3901 3951 3954 θεῖον

2382 4001 2514 4057 λαὸν
2546 4002 2624 4073 τῷ
2651 4004 2695 4036 ⁸ο
2726 4002 2903 4071 κωδίῳ
2935 3998 3393 4069 καθωπλισμένος.

745 4088 1020 4153 sacerdos,
1090 4105 1195 4145 non
1259 4096 1368 4155 est,
1418 4091 1511 4144 sed
1561 4088 1832 4157 inimicus,
1883 4089 2124 4157 dolosus,
2173 4089 2362 4147 illusor
2395 4092 2510 4159 sui,
2557 4101 2612 4147 et
2663 4090 2818 4162 lupus
2863 4092 2916 4146 in
2982 4089 3313 4144 Dominicum
3362 4099 3578 4156 gregem
3629 4084 3784 4139 ovina
3820 4080 3948 4150 pelle

745 4190 982 4236 armatus
1002 4192 1049 4236 ³.

2271 4257 2299 4329 5
2337 4252 2443 4314 In.

817 4376 882 4428 At
912 4374 1224 4445 Demophilo
1276 4375 1356 4429 l'as
1387 4390 1493 4430 non
1549 4382 1633 4430 est
1666 4374 1769 4429 ista
1798 4374 2095 4446 corrigere.
2153 4373 2286 4430 Nam

746 4466 790 4520 si
823 4464 1036 4519 divinus
1062 4478 1237 4519 sermo
1262 4464 1408 4535 juSta
1459 4464 1599 4533 juste
1646 4464 1895 4533 prosequi
1948 4463 2103 4532 jubet
2128 4462 2290 4533 (iuste

745 4568 875 4608 vero
905 4554 1173 4623 prosequi,
1214 4564 1297 4609 est
1322 4555 1613 4624 unicuique
1671 4554 1813 4624 quod
1858 4569 2010 4609 suum
2047 4562 2132 4609 est
2194 4568 2291 4623 pro

2476 4370 2612 4424 ’ἀλλ’
2649 4369 2708 4423 οὐ
2759 4366 3045 4439 Δημοφίλῳ
3087 4364 3255 4417 ταῦτα
3311 4360 3525 4432 θεμιτὸν
3574 4360 3831 4413 εὐθύνειν.
3887 4360 3945 4411 El

2394 4464 2502 4535 γὰρ
2521 4465 2553 4534 ἡ
2571 4460 2811 4529 θεολογία
2834 4456 3053 4520 δικαίως
3076 4454 3146 4508 τά
3163 4455 3341 4507 δίκαια
3365 4450 3570 4506 κελεύει
3605 4448 3945 4520 μεταδιώκειν

2398 4556 2595 4628 (δίκαια
2620 4553 2676 4607 δέ
2710 4554 2825 4605 ἐστι
2856 4547 3224 4622 μεταδιώκειν,
3246 4547 3371 4598 ὅταν
3405 4542 3692 4612 ἀπονέμειν
3713 4540 3880 4593 ἐθέλοι
3904 4542 3941 4571 ⁹¹

750 4646 957 4700 meritis
980 4646 1251 4716 reddere),
1262 4646 1403 4715 iuste
1430 4646 1555 4700 illud
1576 4647 1824 4702 omnibus
1851 4650 2299 4716 prosequendum,
2332 4662 2395 4717 ι)

2295 4690 2299 4708 ,
2332 4662 2485 4717 Dicte
2516 4644 2726 4715 ἑκάστῳ
2750 4643 2818 4696 τά
2833 4643 2951 4695 κατ’
2979 4639 3130 4705 ἀξίαν
3150 4637 3187 4709 ·)
3216 4634 3435 4697 δικαίως
3460 4633 3613 4686 τοῦτο
3646 4634 3775 4684 πᾶσι
3797 4647 3944 4699 μετα-

750 4750 855 4789 non
888 4746 1081 4804 praeter
1122 4752 1274 4792 suam
1315 4737 1629 4807 dignitatem
1661 4744 1754 4791 aut
1781 4736 2062 4813 ordinem;
2096 4752 2217 4791 nam
2242 4747 2296 4795 et

752 4826 959 4895 angelis
1001 4826 1207 4895 justum
1242 4837 1326 4882 est
1348 4826 1519 4881 cilicia
1550 4828 1841 4883 secundum
1871 4828 2063 4884 merita
2111 4828 2292 4889 tribui.

752 4930 817 4969 ac
859 4915 1091 4984 deﬁniri,
1127 4934 1233 4973 non
1269 4927 1449 4973 tamen
1478 4933 1507 4972 a
1559 4918 1730 4983 nobis,
1766 4934 1799 4973 o
1837 4918 2178 4990 Demophile,
2203 4918 2295 4973 sed

752 5020 845 5074 per
872 5021 968 5063 eos
1000 5008 1149 5062 nobis
1174 5023 1241 5062 ex
1276 5008 1401 5072 Deo,
1435 5018 1489 5062 et
1543 5008 1671 5077 ipsis
1727 5010 1794 5064 ab
1823 5010 2027 5078 angelis
2055 5010 2299 5079 superio-

754 5098 923 5153 ribus.
987 5102 1067 5155 Ac
1121 5099 1433 5169 simpliciter
1452 5100 1737 5170 loquendo,
1770 5100 1823 5155 in
1852 5102 2101 5156 omnibus
2137 5102 2297 5155 rebus

936 5246 955 5287 ί
989 5254 1099 5311 Jcr.
1136 5271 1291 5318 χχιιι,
1324 5255 1411 5308 21.
1486 5262 1524 5285 ’³
1559 5253 1681 5307 lsai.
1718 5268 1869 5315 LXVI,
1902 5254 1954 5307 5.
2032 5262 2061 5291 ιι
2095 5251 2289 5306 Matth.
2325 5265 2419 5315 vn,
2450 5250 2540 5305 25.

756 5338 784 5379 ιι
818 5327 969 5381 Rom.
1005 5341 1064 5391 tt,
1097 5326 1187 5379 25.
1267 5334 1289 5360 τ
1323 5326 1442 5378 Act.
1479 5338 1589 5388 xu,
1624 5325 1677 5377 2.
1756 5334 1777 5361 ι
1815 5322 2004 5377 Matth.
2043 5338 2139 5387 vn,
2178 5320 2262 5374 15.

1267 5334 1289 5360 ³
1323 5326 1442 5378 Act.
1479 5338 1589 5388 xu,
1624 5325 1677 5377 2.

2394 4735 2666 4798 διωκτέον,
2693 4734 2750 4787 οὐ
2782 4732 2930 4803 παρά
2963 4730 3060 4801 τὴν
3096 4728 3301 4782 ἑαυτῶν
3351 4724 3505 4791 ἀξίαν
3548 4724 3582 4794 ἢ
3616 4724 3800 4789 τάξιν
3830 4721 3943 4771 ἐπεὶ

2396 4830 2488 4881 καὶ
2521 4826 2767 4895 ἀγγέλοις
2800 4824 3003 4877 δίκαιον
3032 4818 3393 4889 ἀπονέμεσθαι
3422 4815 3492 4868 τά
3510 4816 3629 4868 κατ’
3655 4813 3828 4877 ἀξίαν,
3855 4812 3943 4865 καί

2398 4913 2747 4987 ἀφορίζεσθαι
2770 4913 2815 4944 ⁹³
2836 4951 2850 4975 ,
2877 4910 3010 4981 πλὴν
3035 4910 3095 4963 οὐ
3118 4910 3251 4979 πρὸς
3280 4906 3454 4977 ἡμῶν,
3486 4898 3530 4956 ὧ
3565 4900 3855 4973 Δημόφιλε,
3878 4900 3941 4950 δι’

2398 5006 2573 5060 αὐτῶν
2596 5006 2654 5059 δέ
2682 5005 2809 5075 ἡμῖν
2828 5004 2890 5057 ἐκ
2919 5001 3070 5065 Θεοῦ,
3096 5001 3187 5055 καὶ
3208 5000 3388 5062 αὐτοῖς
3423 4995 3511 5049 διὰ
3540 4996 3647 5049 τῶν
3676 4995 3754 5047 ἔτι
3782 4990 3941 5062 προὺ-

2399 5096 2598 5169 χόντων
2638 5094 2900 5164 ἀγγέλων.
2948 5092 3055 5145 Καὶ
3093 5090 3279 5152 ἀπλῶς
3334 5088 3525 5149 εἰπεῖν,
3572 5087 3631 5137 ἐν
3681 5085 3811 5137 πᾶσι
3840 5081 3941 5141 τοῖς

2619 5247 2685 5302 οι
2718 5248 2850 5316 Reg.
2888 5260 2973 5310 xv,
3012 5242 3102 5299 22.
3206 5253 3233 5294 P
3268 5241 3423 5297 Rom.
3460 5256 3534 5305 ιι,
3584 5239 3675 5306 2ος
3711 5256 3807 5303 xu,
3857 5237 3906 5292 5.

2036 5475 2265 5531 VARIxE
2305 5470 2699 5528 LECTIONES.

861 5617 905 5650 "
937 5615 1328 5686 ἑξαγγέλλουσι,
1366 5615 1422 5669 S.
1461 5613 1519 5668 Ρ.
1596 5613 1641 5644 ⁸⁸
1672 5611 1747 5682 τῷ
1779 5610 2012 5736 ἀλιὶθινῴ
2044 5610 2200 5678 φωτί,
2225 5608 2281 5662 S.
2317 5608 2377 5663 Ρ.
2453 5607 2498 5639 ⁸⁸
2534 5603 2898 5676 βλασφημίας,
2932 5603 2991 5660 C.
3067 5599 3198 5671 ⁸⁸τῷ
3223 5614 3327 5658 non
3361 5606 3446 5657 est
3477 5599 3532 5655 in
3568 5596 3627 5653 S.
3697 5596 3739 5631 ⁸⁸
3776 5593 3933 5656 Nili}.

924 5690 967 5735 ο·
1000 5689 1201 5736 δίκαιος
1232 5683 1579 5736 ἀφορίζεσθαι
1609 5682 1677 5736 τὰ
1710 5682 1827 5736 κατ’
1894 5681 2036 5736 ξίαν.
2071 5681 2161 5733 καὶ
2194 5678 2524 5736 ἀφορίζεται.
2568 5676 2604 5728 8

761 5689 822 5745 Ι).
924 5682 1201 5750 υδίκάιος
1232 5683 1579 5755 ἀφορίζεσθαι
1609 5682 1677 5737 τὰ
1710 5682 1827 5737 κατ’

1894 5676 2036 5749 ξίαν,
2059 5676 2161 5733 ’καὶ
2194 5678 2525 5747 ἀφορίζεται,
2568 5676 2604 5728 S
