4176 6318
169 272 205 325 ί
222 271 331 327 095

1606 256 1941 312 EPISTOLA
1972 254 2104 310 Vill.

3305 252 3441 315 1094

160 389 304 446 οὖσι
332 390 417 445 διὰ
441 388 549 443 τῶν
585 388 815 459 πρώτων
851 386 962 448 τοῖς
985 382 1253 453 δεπέροις
1277 380 1609 451 ἀπονέμεται
1625 380 1669 410 ’³
1691 380 1760 433 τὰ

1865 392 1960 446 per
1993 375 2198 444 primas
2227 372 2498 437 secundis,
2524 386 2555 426 a
2580 380 2740 431 recta;
2756 367 3176 440 aequissimaqae
3198 371 3439 427 omnium

165 485 307 539 κατ’
330 483 484 548 ἀξίαν
512 480 618 534 ὑπὸ
643 482 742 551 τῆς
774 478 989 531 πάντων
1022 476 1282 530 εὐτάκτου
1306 474 1400 527 καὶ
1417 472 1761 543 δικαιοτάτης

165 576 439 647 προνοίας
465 592 479 604 ο
516 576 563 625 oi
602 573 699 643 μὲν
725 566 816 625 οὖν
843 572 934 623 καὶ
967 569 1140 623 ἄλλων
1170 567 1429 639 ἐπάρχειν
1480 565 1585 619 ὑπὸ
1625 564 1759 618 Θεοῦ

163 667 473 738 ταχθέντες
498 656 834 733 ἀπονείμωσι
859 662 907 694 ⁸⁸
966 660 1084 732 μεθ’
1109 660 1332 721 ἑαυτοὺς
1364 658 1457 711 καὶ
1486 659 1598 721 τοῖς
1621 657 1762 727 ὑπη-

165 763 333 823 κόοις
361 760 429 812 τὰ
466 760 585 812 κατ’
624 756 800 821 ἀξίαν.
846 754 1151 825 Δημόφιλος
1188 751 1244 805 δὲ
1280 751 1419 823 λόγῳ
1460 762 1555 805 και
1584 750 1757 821 θυμῷ,

169 853 283 907 καὶ
312 850 574 922 ἐπιθυμίᾳ
590 848 657 902 τὰ
694 848 813 902 κατ’
837 846 992 912 ἀξίαν
1034 843 1367 916 ἀφοριξέτω,
1419 845 1513 899 καὶ
1545 843 1619 914 μὴ
1648 843 1763 895 ἀδι-

170 945 353 998 κείτω
382 945 479 1016 τὴν
516 941 710 997 ἑαυτοῦ
748 940 925 1007 τάξιν,
982 938 1117 993 ἀλλ”
1142 936 1429 1009 ὲπαρχέτω
1473 936 1581 990 τῶν
1607 937 1761 1003 ὑφει-

176 1038 364 1107 μένων
392 1038 419 1088 6
456 1035 851 1107 ὑπερκείμενος
904 1031 1081 1100 λόγος.
1132 1031 1197 1084 Εἰ
1254 1030 1363 1100 γὰρ
1410 1030 1500 1082 ἐπ’
1556 1021 1763 1099 ἀγορᾶς

176 1129 385 1191 ἰδόντες
412 1129 457 1158 ’³
487 1126 702 1196 οἰκέτην
722 1123 972 1198 δεσπότῃ,
999 1122 1094 1177 καὶ
1114 1120 1466 1193 πρεσϐυτέρῳ
1482 1119 1759 1192 νεώτερον,

171 1217 214 1287 ἦ
260 1216 355 1269 καὶ
382 1215 496 1268 υίδν
520 1216 685 1293 πατρὶ
698 1210 1023 1282 διαλοιδορού
1033 1226 1211 1281 μενον,
1242 1210 1356 1281 ἆμα
1378 1211 1473 1264 καὶ
1514 1210 1758 1274 ἐπιόντα,

174 1310 282 1363 καὶ
334 1308 548 1380 πληγὰς
577 1305 886 1360 ἐπιτιθέντα
913 1307 980 1370 ⁸⁸,
1012 1306 1103 1359 καὶ
1132 1305 1350 1358 ἀσεϐεῖν
1376 1303 1682 1375 ἐδοκοῦμεν,
1713 1307 1761 1357 εί

181 1401 289 1471 μὴ,
308 1402 419 1465 τοῖς
448 1399 753 1471 κρείττοσιν
779 1395 1187 1468 ἐπιδραμόντες,
1218 1395 1613 1468 ἐϐοηθήσαμεν,
1640 1396 1761 1449 καί-

175 1508 269 1543 τοι
293 1507 356 1559 γε
389 1489 517 1553 ἴσως
549 1491 743 1543 ἐκεῖνοι
774 1488 1130 1561 προηδίκηντο
1159 1504 1171 1518 ·
1208 1487 1325 1551 πῶς
1354 1487 1451 1541 οὐκ
1475 1486 1763 1558 αίσχυνθη-

181 1582 397 1655 σόμεθα
440 1582 799 1654 παρορῶντες
844 1581 947 1636 ὑπὸ
970 1580 1141 1652 θυμοῦ
1171 1582 1263 1635 καὶ
1308 1581 1602 1652 ἐπιθυμίας
1648 1582 1762 1635 ἀδι-

178 1674 454 1746 κούμενον
487 1674 664 1743 λόγον,
693 1674 785 1728 καὶ
837 1674 934 1744 τῆς
981 1675 1046 1727 ἐκ
1104 1674 1237 1727 Θεοῦ
1293 1673 1540 1745 δοθείσης
1591 1674 1762 1746 ἀρχῆς

1862 468 2226 540 providentia,
2262 468 2458 537 cuique
2508 467 2659 537 justa
2716 481 2817 537 pro
2851 464 3066 521 meritis
3106 466 3440 531 tribuuntur,

1865 570 1922 613 ut
1962 561 2217 613 nimirum
2265 558 2299 613 ii
2330 558 2420 628 qui
2467 576 2495 613 a
2545 560 2655 615 Deo
2710 557 2949 613 ordinati
2999 566 3126 613 sunt
3177 558 3441 627 pmsides

1862 654 2114 717 aliorum,
2155 652 2505 708 inferioribus
2538 667 2755 723 quoque
2804 653 3146 722 subditisque
3176 654 3288 707 suis
3335 668 3435 721 pro

1865 745 2075 799 meritis
2112 744 2461 799 distribuant.
2501 744 2854 814 Demophilus
2882 745 3066 813 itaque
3097 745 3335 798 sermoni
3367 760 3440 799 ac

1864 836 2036 892 furori
2073 836 2640 906 concupiscentiaeque
2673 852 2806 898 suae,
2831 837 2973 891 sicut
2997 836 3175 903 decet,
3224 837 3441 891 modum

1863 938 2091 993 statuat,
2144 941 2318 996 neque
2360 928 2605 983 ordinem
2636 928 2826 991 violet,
2856 928 2949 982 sed
3013 926 3155 981 ratio
3188 927 3442 998 superior

1865 1020 2216 1078 inferioribus
2246 1020 2578 1076 dominetur.
2624 1019 2759 1075 Nam
2789 1020 2858 1082 si,
2889 1034 3010 1073 eum
3045 1018 3097 1073 in
3126 1018 3243 1073 foro
3292 1020 3445 1074 vide-

1864 1131 1982 1170 mus
2012 1113 2271 1168 famulum
2299 1113 2546 1178 domino,
2576 1112 2780 1167 seniori
2803 1110 3297 1175 adolescentulum,
3325 1112 3445 1168 sive

1862 1205 2026 1261 etiam
2086 1203 2253 1257 ﬁlium
2310 1201 2452 1272 patri
2511 1200 2872 1264 maledicere,
2913 1200 3185 1269 simulque
3232 1200 3439 1269 impetu

1865 1296 2013 1351 facto
2046 1294 2231 1365 plagas
2265 1292 2490 1357 inferre,
2538 1293 2795 1361 pietatem
2823 1290 3026 1347 violare
3047 1291 3311 1357 videmur,
3336 1292 3440 1347 nisi

1864 1397 2235 1452 accurrentes,
2259 1386 2733 1457 praestantioribns
2750 1399 2907 1454 opem
2926 1384 3073 1440 ferre
3096 1385 3437 1451 studeamus,

1863 1479 2257 1550 quantumlibet
2290 1475 2363 1531 illi
2404 1475 2635 1531 fortasse
2668 1476 2817 1546 prius
2847 1475 3128 1531 intulerint
3149 1473 3437 1550 injnriam:

1863 1589 1962 1628 cur
1991 1588 2096 1626 non
2127 1570 2532 1633 erubescimus,
2559 1569 2649 1639 qnl
2703 1569 3066 1623 rationem'ab
3100 1568 3177 1622 ira
3202 1575 3258 1621 et
3280 1545 3439 1639 δοθη-

1863 1662 2198 1731 cnpiscentia
2232 1658 2449 1723 violari,
2493 1670 2547 1712 et
2576 1673 2607 1711 a
2633 1658 2831 1711 tradito
2854 1657 2962 1721 sibi
2998 1657 3256 1712 divinitus
3283 1658 3438 1726 prin-

178 1751 605 1836 ἐκϐαλλόμενον,
674 1767 769 1820 καὶ
816 1766 875 1819 ὲν
935 1766 1143 1829 ἑαυτοῖς
1214 1765 1384 1834 ἀσεϐῆ
1427 1764 1523 1818 καὶ
1572 1764 1755 1819 ἄδικον

1865 1751 2036 1821 cipatu
2070 1751 2227 1822 dejici
2251 1751 2495 1806 videmus
2515 1760 2676 1821 atque
2710 1749 3056 1821 negligimus,
3088 1760 3250 1820 atque
3292 1749 3437 1803 intra

178 1856 433 1923 ἀταξίαν,
463 1856 554 1910 καὶ
588 1857 791 1921 στάσιν,
821 1855 914 1909 καὶ
937 1856 1209 1926 ἀκοσμίαν
1232 1855 1533 1927 ἐγείροντες
1558 1873 1571 1922 ;
1600 1857 1757 1910 Είκό-

174 1967 294 2013 τως
324 1952 352 2003 6
385 1950 651 2021 μακάριος
678 1952 709 2021 η
720 1949 836 2020 μῶν
883 1952 946 2003 ὲκ
981 1949 1113 2003 Θεοῦ
1140 1950 1431 2021 νομοθέτης
1487 1952 1587 2005 οὐκ
1617 1950 1759 2018 ἀξιοῖ

174 2040 282 2110 τῆς
320 2040 641 2112 Ἐκκλησίας
676 2039 769 2093 τοῦ
810 2038 942 2093 Θεοῦ
993 2040 1349 2111 προΐστασθαι
1410 2041 1502 2095 τὸν
1561 2043 1639 2114 μὴ’
1661 2042 1755 2096 τοῦ

181 2131 319 2186 ἰδίου
344 2130 493 2185 οἴκου
518 2130 697 2195 καλῶς
721 2131 823 2203 ἥδη
851 2131 1229 2203 προεστηκότα
1248 2148 1261 2161 ·
1288 2132 1381 2185 καὶ
1411 2131 1521 2203 γὰρ
1548 2131 1756 2199 ότάξας

177 2222 377 2276 ἑαυτὸν
399 2225 492 2276 καὶ
526 2222 709 2294 ἕτερον
731 2223 880 2289 τάξει
905 2238 919 2254 ο
950 2224 1042 2276 καὶ
1068 2223 1096 2284 6
1126 2223 1313 2294 ἕτερον
1336 2223 1428 2277 καὶ
1452 2218 1599 2276 οἷκον
1621 2239 1634 2252 ’
1661 2224 1755 2277 καὶ

176 2314 210 2366 6
238 2309 387 2367 οἷκον
414 2315 507 2367 καὶ
529 2314 683 2367 πόλιν
707 2330 720 2344 ’
749 2316 845 2367 καὶ
878 2314 905 2367 6
936 2314 1088 2369 πόλιν
1117 2314 1213 2368 καὶ
1244 2314 1393 2378 ἔθνος
1415 2330 1428 2343 ο
1448 2315 1541 2368 καὶ
1571 2312 1755 2377 ἁπλῶς

179 2406 381 2470 εἰπεῖν,
404 2406 480 2469 ὡς
504 2405 573 2458 τά
600 2406 758 2475 λόγιά
783 2424 966 2478 φησιν,
993 2410 1022 2461 6
1044 2408 1100 2460 ὲν
1135 2406 1299 2478 ὀλίγῳ
1324 2404 1540 2471 πιστὸς,
1576 2406 1669 2459 καὶ
1699 2409 1757 2460 ὲν

180 2496 369 2569 πολλῷ
402 2498 590 2563 πιστός
646 2500 763 2554 ἐστι
785 2516 799 2529 ⁸
833 2500 1053 2555 καὶόὲν
1096 2499 1260 2571 ὀλίγῳ
1311 2499 1667 2569 ἀπιστος,καὶ
1699 2503 1757 2557 ὲν

180 2588 368 2661 πολλῷ
392 2591 617 2655 ἄπιστός
657 2593 823 2644 ἐστιν.

1865 1844 2246 1914 nosmetipsos,
2275 1844 2441 1915 602
2470 1842 2691 1912 impiam
2732 1841 3103 1911 iniustamque
3152 1840 3439 1897 temerita-

1866 1945 1971 1991 tem
2022 1950 2086 1990 ac
2150 1936 2471 1991 seditionem
2538 1931 3027 2003 contusionomque
3086 1932 3440 2011 excitamus?

1864 2028 2060 2083 Merito
2098 2043 2230 2084 sane
2281 2026 2498 2082 divinus
2558 2034 2743 2080 noster
2786 2025 2995 2095 legifer,
3049 2024 3307 2080 Ecclesiae
3335 2025 3438 2081 Dei

1862 2120 2063 2188 praeﬁci
2112 2119 2362 2188 prohibet
2407 2118 2575 2172 eum‘
2612 2119 2701 2187 qui
2734 2128 2899 2173 antea
2948 2118 3133 2173 domui
3176 2133 3289 2174 suae
3332 2133 3438 2172 non

1860 2210 1999 2265 bene
2049 2210 2360 2280 praefuit“:
2405 2210 2499 2280 qui
2524 2208 2670 2263 enim
2719 2210 2958 2280 seipsum
3011 2225 3200 2279 regere
3266 2211 3439 2275 novit,

1861 2311 1917 2358 et
1937 2302 2169 2356 alterum
2205 2310 2393 2371 reget;
2422 2302 2514 2369 qui
2550 2300 2805 2366 alterum,
2860 2302 3026 2356 etiam
3052 2302 3309 2366 domum;
3345 2301 3440 2372 qui

1864 2396 2105 2457 domum,
2128 2393 2301 2448 etiam
2330 2392 2651 2457 civitatem;
2690 2399 2745 2447 et
2794 2392 2885 2462 qni
2942 2391 3243 2453 civitatem,
3274 2392 3439 2447 etiam

1865 2495 2117 2555 gentem;
2162 2494 2345 2553 atque,
2373 2493 2433 2537 ut
2465 2482 3022 2546 summatim‘dicam,
3050 2482 3204 2552 juxta
3249 2497 3437 2537 vocent

1868 2577 2153 2643 Veritatis,
2196 2578 2365 2647 quiin
2396 2576 2611 2630 modico
2647 2573 2819 2629 ﬁdelis
2846 2583 2952 2640 est,
2984 2573 3236 2630 etiamin
3270 2574 3442 2629 multo

1869 2671 2047 2727 ﬁdelis
2076 2671 2219 2735 erit;
2248 2680 2303 2723 et
2334 2669 2428 2740 qui
2474 2669 2529 2723 in
2575 2666 2791 2724 modico
2818 2667 3073 2733 inﬁdelis,
3102 2678 3156 2723 et
3183 2668 3235 2723 in
3271 2666 3440 2721 multo

1867 2779 2085 2837 quoque
2116 2760 2349 2819 inﬁdelis
2378 2761 2481 2816 erit
2511 2770 2567 2806 '-

1736 2925 1767 3001 5
1811 2922 1922 2987 IV.

258 3074 430 3138 Αὐτὸς
473 3074 572 3146 μὲν
604 3068 700 3128 οῦν
736 3073 1022 3146 ἐπιθυμίᾳ,
1050 3070 1144 3127 καὶ
1184 3070 1358 3145 θυμῷ,
1393 3071 1489 3127 καὶ⁹
1512 3071 1657 3142 λόγῳ
1679 3070 1760 3124 ’τὰ

1938 3066 2055 3139 Ipse
2080 3080 2211 3137 ergo
2241 3062 2521 3135 cupiditati
2559 3076 2626 3119 ac
2658 3060 2853 3129 furori,
2880 3064 3178 3135 rationique
3210 3058 3285 3115 uti
3342 3071 3440 3142 par

182 3168 313 3220 κατ’
351 3165 508 3233 ἀξίαν
544 3166 794 3238 ἀφόριζε,
836 3168 918 3219 σοὶ
956 3166 1012 3218 δὲ
1053 3168 1099 3218 οί
1140 3165 1271 3219 θεῖοι
1310 3164 1637 3237 λειτουργοὶ,
1669 3164 1762 3219 καὶ

181 3257 398 3322 τούτοις
435 3258 483 3311 οἱ
522 3260 705 3330 ἱερεῖς,
738 3258 986 3330 ίεράρχαι
1017 3258 1071 3311 δὲ
1110 3261 1220 3321 τοῖς
1250 3257 1473 3329 ἱερεῦσι,
1523 3258 1616 3310 καὶ
1652 3260 1762 3321 τοῖς

186 3346 476 3417 ίεράρχαις
514 3348 561 3399 oi
600 3345 907 3412 ἀπόστολοι,
944 3347 1038 3400 καὶ
1074 3349 1122 3401 oi
1150 3347 1259 3401 τῶν
1296 3345 1607 3400 ἀποστόλων
1644 3346 1761 3399 διά-

184 3435 353 3507 δοχοι.
394 3437 505 3490 Καὶ
519 3435 574 3489 εῐ
590 3437 689 3490 πού
709 3455 793 3502 τις
816 3440 873 3509 ἐν
890 3438 1115 3501 ἐκείνοις
1136 3438 1226 3491 τοῦ
1249 3438 1614 3509 προσήκοντος
1630 3437 1763 3489 ἀπο-

188 3526 441 3597 σφαλείη,
455 3527 605 3599 παρά
626 3528 734 3583 τῶν
748 3528 1032 3599 ὁμοταγῶν
1043 3528 1214 3597 ἁγίων
1234 3526 1759 3598 ἐπανορθωθήσεται,

186 3619 286 3673 καὶ
299 3620 358 3672 οὐ
377 3637 443 3672 πε
450 3622 871 3692 ριστραφήσεται
887 3618 1037 3689 τάξις
1053 3621 1141 3673 ἐπὶ
1154 3617 1442 3685 τάξιν,ἀλλ“
1462 3618 1687 3682 ἕκαστος
1704 3621 1762 3673 ἐν

185 3714 255 3782 τῇ
274 3711 422 3776 τάξει
436 3712 599 3766 αὑτοῦ
617 3716 709 3767 καὶ
728 3714 785 3766 ὲν
797 3716 862 3784 τῇ
879 3713 1185 3785 λειτουργίᾳ
1204 3712 1367 3766 αὑτοῦ
1380 3713 1549 3768 ἔσται.
1567 3712 1764 3767 Τοσαῦ-

186 3802 259 3856 τά
280 3819 359 3856 σοι
380 3805 506 3874 παρ’
524 3805 555 3875 ἡ
564 3804 677 3874 μῶν
704 3806 843 3876 ὑπὲρ
858 3805 950 3858 τοῦ
979 3806 1171 3859 ειδέναι
1188 3805 1281 3859 καὶ
1303 3808 1432 3878 δρᾷν
1452 3806 1520 3859 τὰ
1548 3805 1758 3859 ἑαυτοῦ.

189 3896 328 3965 Περὶ
365 3895 421 3949 ὁὲ
448 3897 545 3967 τῆς
579 3898 658 3958 εἰς
682 3896 775 3950 τὸν
825 3896 992 3969 ἄνδρα
1021 3898 1133 3962 τὸν,
1183 3897 1255 3961 ὡς
1295 3898 1418 3971 φῂς,
1459 3898 1629 3971 ἀσεϐῆ
1669 3899 1763 3952 καὶ

191 3985 468 4059 ἀλιτήριον
498 3990 911 4061 ἀπανθρωπίας,
944 3992 1042 4044 οὐκ
1097 3986 1194 4045 οἶδ’
1225 3993 1372 4054 ὅπως
1386 3992 1435 4024 ’⁷
1457 3990 1760 4060 κλαύσομαι

190 4077 252 4130 τὸ
292 4077 604 4150 σύντριμμα
631 4077 725 4133 τοῦ
764 4080 1049 4152 ἀγαπητοῦ
1092 4098 1193 4152 μου
1215 4096 1230 4112 ο
1268 4079 1413 4145 τίνος
1450 4082 1560 4153 γὰρ
1596 4080 1681 4154 οἵῃ
1716 4082 1761 4115 ⁸⁸

192 4168 534 4241 θεραπευτὴς
573 4171 663 4240 ὑφ’
687 4171 841 4242 ἡμῶν
879 4171 1142 4254 ταχθῆναι
1165 4190 1177 4239 ;
1202 4175 1295 4227 καὶ
1325 4172 1454 4246 γὰρ.
1484 4177 1531 4227 εί
1570 4174 1643 4247 μὴ
1667 4175 1760 4229 τοῦ

191 4262 416 4331 ἀγαθοῦ,
444 4264 662 4327 πάντως
698 4264 791 4317 τοῦ
831 4265 939 4325 καὶ,
962 4265 1116 4337 ἡμῶν
1159 4266 1371 4339 ἀνάγκη
1413 4284 1472 4320 σε
1504 4264 1637 4322 εἶναι
1670 4266 1763 4322 καὶ

190 4354 291 4425 τῆς
316 4353 435 4408 καθ’
462 4356 608 4427 ἡμᾶς
638 4353 931 4427 θεραπείας
958 4355 1085 4428 ὅλης
1112 4356 1404 4431 ἀλλότριον,
1427 4360 1518 4413 καὶ
1538 4358 1654 4431 ὥρα
1680 4378 1760 4413 σοι

1864 3168 1969 3225 est,
2002 3174 2097 3215 sua
2137 3160 2335 3229 cuique
2362 3157 2544 3213 munia
2576 3157 2894 3229 praescribe,
2932 3154 3026 3209 tibi
3070 3154 3287 3209 interim
3347 3153 3445 3209 da-

1865 3254 2014 3317 coni.
2040 3264 2094 3309 et
2119 3253 2203 3307 bis
2226 3252 2560 3319 sacerdotes,
2590 3250 2849 3321 praesules
2872 3264 3003 3306 vero
3032 3248 3443 3308 sacerdotibus,

1866 3358 2027 3419 atque
2054 3348 2377 3418 praesulibus
2410 3346 2667 3416 apostoli,
2698 3357 3154 3413 successoresque
3207 3350 3430 3412 aposto.

1865 3439 2058 3496 lorum.
2097 3443 2166 3495 At
2190 3441 2234 3496 si
2266 3440 2387 3511 quis
2427 3442 2566 3496 forte
2591 3438 2756 3495 etiam
2800 3437 2944 3491 inter
2992 3434 3111 3492 illos
3151 3451 3179 3489 τι
3240 3435 3443 3491 decoro

1864 3534 2154 3599 aberrarit,
2194 3534 2242 3589 is
2287 3548 2316 3587 a
2344 3533 2551 3587 sanctis
2599 3532 2681 3586 sui
2722 3528 2932 3589 ordinis
2984 3526 3313 3596 corrigatur,
3352 3528 3436 3580 sic

1866 3642 2040 3697 neque
2071 3627 2204 3680 ordo
2234 3624 2408 3680 ordini
2442 3622 2883 3694 permiscebitur,
2932 3633 3121 3672 verum
3155 3618 3207 3673 in
3247 3617 3443 3673 ordine

1848 3720 2091 3790 quisque
2118 3732 2219 3773 suo
2266 3727 2315 3773 et
2350 3715 2529 3773 ofﬁcio
2554 3713 2889 3781 versabitur.
2922 3712 3103 3781 Atque
3155 3709 3271 3766 haec
3314 3709 3441 3779 qni-

1865 3813 1985 3867 dem
2022 3811 2115 3866 tibi
2157 3826 2186 3866 s
2222 3808 2380 3865 nobis
2430 3810 2574 3865 dicta
2601 3815 2747 3873 sunt,
2791 3814 2851 3859 ut
2891 3813 2946 3858 et
2979 3804 3145 3858 [scias
3186 3810 3240 3856 et
3271 3799 3441 3855 facias

1864 3917 1985 3971 qua:
2017 3902 2091 3957 tui
2140 3910 2268 3957 sunt
2300 3900 2562 3955 muneris.
2618 3897 2790 3954 Porro
2813 3897 2893 3965 ,de
2925 3894 3014 3951 illa
3064 3894 3116 3948 in
3145 3888 3362 3961 virum't
3383 3901 3443 3945 ut

1865 3993 1970 4065 ais)
2004 3994 2229 4065 impium
2286 4007 2349 4048 ac
2378 3991 2651 4062 perditum
2701 3988 3062 4053 immanitate,
3120 3984 3307 4039 nescio
3337 3997 3445 4052 quo

1864 4086 1994 4142 ﬁetu
2019 4086 2274 4156 plangam
2321 4084 2702 4140 con'tritionem
2751 4077 3087 4135 dilectissimi
3130 4075 3259 4139 mei,
3286 4072 3442 4145 cujus

1864 4180 2077 4235 scilicet
2103 4179 2381 4234 cultorem.
2403 4184 2454 4230 te
2489 4173 2780 4231 arbitraris
2812 4188 2841 4228 a
2877 4171 3033 4228 nobis
3082 4168 3441 4224 constitutum

1865 4285 2008 4337 esse,
2062 4273 2167 4326 nisi
2228 4278 2377 4326 certe
2406 4268 2549 4325 illius
2576 4266 2773 4322 summi
2822 4264 2950 4321 boni
2983 4263 3161 4319 cultor
3197 4277 3255 4317 es
3277 4300 3292 4324 ,
3318 4274 3445 4331 pro—

1865 4362 2012 4419 fecto
2058 4373 2113 4418 et
2144 4379 2171 4417 a
2208 4363 2388 4426 nobis,
2440 4360 2664 4416 omnino
2698 4367 2753 4414 et
2797 4358 2866 4422 ab
2927 4356 3078 4411 omni
3109 4365 3310 4409 nosme
3364 4367 3442 4406 re-

191 4446 286 4502 καὶ
310 4448 441 4501 Θεὸν
461 4448 711 4520 ζητῆσαι,
754 4450 846 4503 καὶ
868 4450 1062 4532 ίε-ρέαςν
1084 4451 1319 4523 ἐτέρους,
1349 4454 1444 4539 κα)ἲ
1468 4457 1601 4526 παρ’
1622 4454 1760 4507 ὲκεί-

1868 4455 2101 4526 ligionis
2131 4455 2276 4511 cultu
2318 4455 2527 4512 alienus
2577 4455 2659 4511 sis
2686 4466 2911 4508 necesse
2932 4462 3046 4516 est;
3085 4449 3288 4518 tibique
3327 4444 3440 4515 jam

191 4558 302 4604 νοις
340 4540 673 4613 θηριωθῆναι
715 4542 913 4611 μᾶλλον
948 4542 979 4612 ἢ
1019 4530 1353 4618 τελεσθῆναι,
1378 4530 1481 4601 καὶ
1508 4545 1646 4602 εἶναι
1666 4551 1764 4622 τῆς

192 4631 353 4701 φίλης
389 4631 783 4701 ἀπανθρωπίας
805 4632 1117 4703 ἀμείλικτον
1156 4634 1451 4709 ὑπηρέτην.
1493 4634 1637 4711 Ἀρα
1656 4639 1765 4713 γὰρ

193 4725 351 4795 ἡμεῖς
390 4724 543 4777 αὐτοὶ
595 4724 730 4795 πρὸς
766 4724 828 4778 τὸ
866 4726 1038 4799 πάντη
1081 4725 1233 4795 ἀγιον
1275 4729 1761 4803 ἀποτετελέσμεθα,

194 4816 288 4868 καὶ
311 4815 369 4867 οὐ
406 4814 637 4887 δεόμεθα
652 4817 751 4883 τῆς
791 4815 939 4881 θείας
977 4818 1063 4887 ἐφ’
1090 4819 1301 4885 ἑαυτοῖς
1322 4821 1762 4895 φιλανθρωπίας;

194 4907 226 4978 ἢ
264 4907 359 4977 τὴν
394 4907 585 4978 διπλῆν
630 4909 905 4981 ἁμαρτίαν
928 4951 942 4975 ,
980 4911 1055 4974 ὡς
1091 4911 1159 4966 τὰ
1204 4911 1359 4983 λόγιά
1408 4933 1560 4988 φησι,
1618 4918 1763 4973 κατά

193 5000 317 5064 τοὺς
352 5002 566 5066 ἀσεϐεῖς
590 5003 991 5075 ἁμαρτάνομεν,
1025 5006 1125 5059 οὐκ
1177 5008 1375 5073 εἰδότες
1405 5011 1462 5062 ὲν
1492 5010 1596 5065 τίνι
1614 5032 1775 5082 προσ-

198 5083 476 5161 κόπτομεν
506 5130 519 5153 ,
585 5089 718 5144 ἀλλά
782 5091 875 5144 καὶ
946 5086 1277 5158 δικαιοῦντες
1340 5090 1596 5162 ἑαυτοὺς,
1666 5101 1762 5155 καὶ

194 5189 423 5251 διόμενοι
458 5182 692 5253 βλέπειν,
725 5170 937 5255 ἀληθῶς
974 5185 1031 5238 δὲ
1065 5186 1124 5238 οὐ
1163 5186 1486 5256 βλέποντες;
1542 5192 1761 5265 Ἐξέστη

194 5276 224 5327 6
276 5273 499 5344 οὐρανὸς
562 5275 653 5328 ἐπὶ
708 5275 906 5347 τούτῳ,
949 5276 1043 5331 καὶΙ
1106 5277 1299 5351 ἔφριξα
1335 5282 1464 5351 ἐγὼ,
1517 5284 1612 5339 καὶ
1650 5284 1764 5340 δια-

289 5432 308 5466 ί
346 5431 361 5485 l
397 5431 539 5487 Tim.
577 5448 636 5498 ιι,
668 5434 724 5491 Ξ.
816 5443 845 5472 ι
877 5433 983 5490 Tit.
1016 5454 1063 5493 ι.
1134 5445 1161 5474 ν
1194 5436 1324 5496 Luc.
1363 5454 1472 5505 χιιι,
1512 5442 1595 5497 lO.

1871 4547 2013 4605 Deus
2048 4549 2189 4605 alius
2238 4549 2710 4620 quaerendus'est,
2749 4555 2910 4617 atque
2963 4544 3054 4599 alii
3107 4540 3441 4602 sacerdotes,

1872 4655 1931 4699 ut
1952 4645 2114 4714 .apud
2140 4642 2261 4698 illos
2280 4641 2725 4712 elfereris-potius
2753 4656 2915 4711 quam
2942 4636 3196 4700 initieris,
3221 4630 3443 4688 evadas-

1872 4750 1976 4806 que
2008 4736 2197 4790 amicae
2229 4733 2325 4790 tibi
2358 4732 2699 4791 crudelitatis
2750 4730 3004 4787 minister
3056 4725 3440 4797 implacabilis.

1872 4827 2092 4882 Scilicet
2128 4842 2226 4881 nos
2257 4826 2354 4897 ipsi
2400 4827 2557 4897 plane
2600 4824 2775 4880 sancti
2800 4834 2854 4877 et
2882 4820 3107 4892 perfecti
3148 4833 3362 4881 sumus,
3385 4826 3441 4871 et

1872 4918 2069 4973 divinae
2099 4916 2400 4974 clementiae
2434 4918 2657 4973 minime
2682 4930 2926 4987 egemus.
2958 4910 3211 4980 Nunquid
3244 4910 3442 4981 duplici

1871 5021 2095 5081 peccato
2130 5013 2210 5081 (ut
2246 5012 2464 5067 oracula
2504 5012 2822 5083 loquuntur)
2848 5008 3139 5078 impiorum
3174 5021 3324 5062 more
3350 5006 3444 5058 dc-

1868 5102 2187 5173 linqulmus,
2220 5104 2347 5163 dum
2384 5103 2689 5159 nescientes
2712 5102 2766 5157 in
2798 5115 2905 5170 quo
2933 5098 3280 5164 oﬁ‘endimus,
3314 5110 3441 5153 nos-

1869 5198 2126 5267 metipsos
2171 5198 3181 5269 insuperjustificamus,putamusque
3229 5206 3329 5245 nos
3362 5190 3441 5242 vi-

1870 5289 2038 5357 dere,
2083 5307 2206 5346 cum
2246 5291 2467 5347 minime
2520 5287 2855 5346 videamus?
2899 5284 3188 5357 Obstupuit
3239 5283 3437 5339 cmlum

1490 5558 1723 5616 VARUS
1764 5561 2166 5624 LECTIONES.

296 5652 341 5739 ξ’
373 5663 651 5739 ἀπονέμει,
701 5667 759 5724 S.

866 5670 907 5701 ’ν
945 5669 1277 5743 ἀπονέμωσι,
1317 5670 1373 5727 S.

199 5730 243 5763 "
278 5733 394 5800 bist,
431 5737 493 5793 Β.

1482 5674 1527 5706 ’³
1560 5675 1776 5740 εἰδότες,
1830 5676 1884 5733 S.
1929 5680 1984 5733 P.

2092 5682 2136 5712 '~"
2180 5679 2455 5763 ⁶ξττιθέντιι,
2511 5677 2566 5733 S.
2617 5676 2674 5733 P.
2784 5677 2826 5707 θ’
2880 5676 2977 5731 οὐκ
3022 5671 3136 5732 ciba
3186 5679 3331 5743 ’τῶκ
3380 5677 3423 5735 D
