  <div class='ocr_page' id='page_1' title='image "/cluster/home/n/w/nwhite01/storage/ocr_20150623/3/pst.000003853313/557.png"; bbox 0 0 4176 6318; ppageno 0'>
   <div class='ocr_carea' id='block_1_1' title="bbox 797 343 938 405">
    <p class='ocr_par' dir='ltr' id='par_1_1' title="bbox 797 343 938 405">
     <span class='ocr_line' id='line_1_1' title="bbox 797 343 938 405; baseline 0 0"><span class='ocrx_word' id='word_1_1' title='bbox 797 343 938 405; x_wconf 70' lang='grc' dir='ltr'>ιοσε</span> 
     </span>
    </p>
   </div>
   <div class='ocr_carea' id='block_1_2' title="bbox 1970 353 2859 414">
    <p class='ocr_par' dir='ltr' id='par_1_2' title="bbox 1970 353 2859 414">
     <span class='ocr_line' id='line_1_2' title="bbox 1970 353 2859 414; baseline 0.006 -6"><span class='ocrx_word' id='word_1_2' title='bbox 1970 353 2027 409; x_wconf 84' lang='lat' dir='ltr'><strong>S.</strong></span> <span class='ocrx_word' id='word_1_3' title='bbox 2066 353 2361 412; x_wconf 81' lang='lat' dir='ltr'><strong>DlONYSlI</strong></span> <span class='ocrx_word' id='word_1_4' title='bbox 2398 354 2859 414; x_wconf 64' lang='lat' dir='ltr'><strong>AREOPAGITIE</strong></span> 
     </span>
    </p>
   </div>
   <div class='ocr_carea' id='block_1_3' title="bbox 3914 359 4053 421">
    <p class='ocr_par' dir='ltr' id='par_1_3' title="bbox 3914 359 4053 421">
     <span class='ocr_line' id='line_1_3' title="bbox 3914 359 4053 421; baseline 0 0"><span class='ocrx_word' id='word_1_5' title='bbox 3914 359 4053 421; x_wconf 69' lang='grc'><strong>1096</strong></span> 
     </span>
    </p>
   </div>
   <div class='ocr_carea' id='block_1_4' title="bbox 799 461 2360 550">
    <p class='ocr_par' dir='ltr' id='par_1_4' title="bbox 799 461 2358 534">
     <span class='ocr_line' id='line_1_4' title="bbox 799 461 2358 534; baseline 0.004 -19"><span class='ocrx_word' id='word_1_6' title='bbox 799 476 961 531; x_wconf 75' lang='lat' dir='ltr'><strong>super</strong></span> <span class='ocrx_word' id='word_1_7' title='bbox 992 462 1113 529; x_wconf 88' lang='lat' dir='ltr'><strong>hoc,</strong></span> <span class='ocrx_word' id='word_1_8' title='bbox 1132 470 1196 518; x_wconf 88' lang='lat' dir='ltr'><strong>et</strong></span> <span class='ocrx_word' id='word_1_9' title='bbox 1216 462 1476 518; x_wconf 70' lang='lat' dir='ltr'><strong>exhorrui</strong></span> <span class='ocrx_word' id='word_1_10' title='bbox 1506 476 1632 531; x_wconf 87' lang='lat' dir='ltr'><strong>ego,</strong></span> <span class='ocrx_word' id='word_1_11' title='bbox 1658 461 1909 533; x_wconf 83' lang='lat' dir='ltr'><strong>mihique</strong></span> <span class='ocrx_word' id='word_1_12' title='bbox 1931 463 2029 534; x_wconf 86' lang='lat' dir='ltr'><strong>ipsi</strong></span> <span class='ocrx_word' id='word_1_13' title='bbox 2060 466 2153 520; x_wconf 81' lang='lat' dir='ltr'><strong>vix</strong></span> <span class='ocrx_word' id='word_1_14' title='bbox 2174 469 2358 523; x_wconf 83' lang='lat' dir='ltr'><strong>credo.</strong></span> 
     </span>
    </p>
   </div>
   <div class='ocr_carea' id='block_1_5' title="bbox 2457 461 4051 550">
    <p class='ocr_par' dir='ltr' id='par_1_5' title="bbox 2463 469 4051 545">
     <span class='ocr_line' id='line_1_5' title="bbox 2463 469 4051 545; baseline 0.003 -23"><span class='ocrx_word' id='word_1_15' title='bbox 2463 472 2640 523; x_wconf 89' lang='grc' dir='ltr'>πιστῶ</span> <span class='ocrx_word' id='word_1_16' title='bbox 2694 469 2933 541; x_wconf 67' lang='grc' dir='ltr'>ἐμαυτῷ.</span> <span class='ocrx_word' id='word_1_17' title='bbox 2976 472 3083 524; x_wconf 74' lang='grc' dir='ltr'><strong>Καὶ</strong></span> <span class='ocrx_word' id='word_1_18' title='bbox 3126 473 3175 525; x_wconf 85' lang='grc' dir='ltr'><strong>εί</strong></span> <span class='ocrx_word' id='word_1_19' title='bbox 3215 472 3288 544; x_wconf 78' lang='grc' dir='ltr'>μὴ</span> <span class='ocrx_word' id='word_1_20' title='bbox 3342 473 3454 536; x_wconf 84' lang='grc' dir='ltr'>τοῖς</span> <span class='ocrx_word' id='word_1_21' title='bbox 3510 474 3618 537; x_wconf 81' lang='grc' dir='ltr'>σοῖς</span> <span class='ocrx_word' id='word_1_22' title='bbox 3656 476 3937 545; x_wconf 72' lang='grc' dir='ltr'>ἐνέτυχον,</span> <span class='ocrx_word' id='word_1_23' title='bbox 3977 476 4051 539; x_wconf 79' lang='grc' dir='ltr'>ὡς</span> 
     </span>
    </p>
   </div>
   <div class='ocr_carea' id='block_1_6' title="bbox 800 553 2368 627">
    <p class='ocr_par' dir='ltr' id='par_1_6' title="bbox 800 553 2368 627">
     <span class='ocr_line' id='line_1_6' title="bbox 800 553 2368 627; baseline 0.003 -19"><span class='ocrx_word' id='word_1_24' title='bbox 800 553 1045 621; x_wconf 86' lang='lat' dir='ltr'><strong>llludque</strong></span> <span class='ocrx_word' id='word_1_25' title='bbox 1078 554 1175 608; x_wconf 89' lang='lat' dir='ltr'><strong>tibi</strong></span> <span class='ocrx_word' id='word_1_26' title='bbox 1243 564 1453 609; x_wconf 88' lang='lat' dir='ltr'><strong>eertum</strong></span> <span class='ocrx_word' id='word_1_27' title='bbox 1515 554 1624 616; x_wconf 84' lang='lat' dir='ltr'><strong>sit,</strong></span> <span class='ocrx_word' id='word_1_28' title='bbox 1668 554 1771 608; x_wconf 83' lang='lat' dir='ltr'><strong>nisi</strong></span> <span class='ocrx_word' id='word_1_29' title='bbox 1814 564 1936 609; x_wconf 86' lang='lat' dir='ltr'><strong>tuas</strong></span> <span class='ocrx_word' id='word_1_30' title='bbox 1994 556 2109 627; x_wconf 85' lang='lat' dir='ltr'><strong>ipse</strong></span> <span class='ocrx_word' id='word_1_31' title='bbox 2159 558 2368 613; x_wconf 72' lang='lat' dir='ltr'><strong>litteras</strong></span> 
     </span>
    </p>
   </div>
   <div class='ocr_carea' id='block_1_7' title="bbox 802 647 2368 719">
    <p class='ocr_par' dir='ltr' id='par_1_7' title="bbox 802 647 2368 719">
     <span class='ocr_line' id='line_1_7' title="bbox 802 647 2368 719; baseline 0.002 -18"><span class='ocrx_word' id='word_1_32' title='bbox 802 647 1051 716; x_wconf 78' lang='lat' dir='ltr'><strong>legissem</strong></span> <span class='ocrx_word' id='word_1_33' title='bbox 1084 650 1245 719; x_wconf 85' lang='lat' dir='ltr'><strong>(quas</strong></span> <span class='ocrx_word' id='word_1_34' title='bbox 1276 650 1482 704; x_wconf 87' lang='lat' dir='ltr'><strong>utinam</strong></span> <span class='ocrx_word' id='word_1_35' title='bbox 1531 648 1790 705; x_wconf 75' lang='lat' dir='ltr'><strong>vidissem</strong></span> <span class='ocrx_word' id='word_1_36' title='bbox 1855 650 2156 719; x_wconf 87' lang='lat' dir='ltr'><strong>nunquam)</strong></span> <span class='ocrx_word' id='word_1_37' title='bbox 2205 665 2368 708; x_wconf 86' lang='lat' dir='ltr'><strong>nemo</strong></span> 
     </span>
    </p>
   </div>
   <div class='ocr_carea' id='block_1_8' title="bbox 802 742 2369 813">
    <p class='ocr_par' dir='ltr' id='par_1_8' title="bbox 802 742 2369 813">
     <span class='ocr_line' id='line_1_8' title="bbox 802 742 2369 813; baseline 0.002 -20"><span class='ocrx_word' id='word_1_38' title='bbox 802 755 934 796; x_wconf 96' lang='lat' dir='ltr'><strong>sane</strong></span> <span class='ocrx_word' id='word_1_39' title='bbox 974 742 1101 797; x_wconf 86' lang='lat' dir='ltr'><strong>ullis</strong></span> <span class='ocrx_word' id='word_1_40' title='bbox 1150 743 1486 813; x_wconf 70' lang='lat' dir='ltr'><strong>argumentis</strong></span> <span class='ocrx_word' id='word_1_41' title='bbox 1574 746 1642 803; x_wconf 92' lang='lat' dir='ltr'><strong>de</strong></span> <span class='ocrx_word' id='word_1_42' title='bbox 1692 756 1749 805; x_wconf 89' lang='lat' dir='ltr'><strong>te</strong></span> <span class='ocrx_word' id='word_1_43' title='bbox 1792 746 1854 802; x_wconf 78' lang='lat' dir='ltr'><strong>id</strong></span> <span class='ocrx_word' id='word_1_44' title='bbox 1915 743 2049 799; x_wconf 85' lang='lat' dir='ltr'><strong>mibi</strong></span> <span class='ocrx_word' id='word_1_45' title='bbox 2140 756 2369 812; x_wconf 80' lang='lat' dir='ltr'><strong>persua-</strong></span> 
     </span>
    </p>
   </div>
   <div class='ocr_carea' id='block_1_9' title="bbox 795 832 2365 904">
    <p class='ocr_par' dir='ltr' id='par_1_9' title="bbox 795 832 2365 904">
     <span class='ocr_line' id='line_1_9' title="bbox 795 832 2365 904; baseline 0.002 -19"><span class='ocrx_word' id='word_1_46' title='bbox 795 832 978 897; x_wconf 78' lang='lat' dir='ltr'><strong>sisset,</strong></span> <span class='ocrx_word' id='word_1_47' title='bbox 1006 841 1063 887; x_wconf 82' lang='lat' dir='ltr'><strong>in</strong></span> <span class='ocrx_word' id='word_1_48' title='bbox 1088 835 1361 889; x_wconf 83' lang='lat' dir='ltr'><strong>crederem</strong></span> <span class='ocrx_word' id='word_1_49' title='bbox 1384 834 1754 904; x_wconf 83' lang='lat' dir='ltr'><strong>Dentopbilum</strong></span> <span class='ocrx_word' id='word_1_50' title='bbox 1784 848 1889 888; x_wconf 89' lang='lat' dir='ltr'><strong>non</strong></span> <span class='ocrx_word' id='word_1_51' title='bbox 1914 833 2173 888; x_wconf 87' lang='lat' dir='ltr'><strong>arbitrari</strong></span> <span class='ocrx_word' id='word_1_52' title='bbox 2201 834 2365 888; x_wconf 86' lang='lat' dir='ltr'><strong>Deum</strong></span> 
     </span>
    </p>
   </div>
   <div class='ocr_carea' id='block_1_10' title="bbox 796 924 2365 996">
    <p class='ocr_par' dir='ltr' id='par_1_10' title="bbox 796 924 2365 996">
     <span class='ocr_line' id='line_1_10' title="bbox 796 924 2365 996; baseline 0.002 -20"><span class='ocrx_word' id='word_1_53' title='bbox 796 938 963 991; x_wconf 86' lang='lat' dir='ltr'><strong>super</strong></span> <span class='ocrx_word' id='word_1_54' title='bbox 992 926 1173 979; x_wconf 88' lang='lat' dir='ltr'><strong>omnia</strong></span> <span class='ocrx_word' id='word_1_55' title='bbox 1216 927 1291 996; x_wconf 90' lang='lat' dir='ltr'><strong>(in</strong></span> <span class='ocrx_word' id='word_1_56' title='bbox 1314 928 1529 994; x_wconf 83' lang='lat' dir='ltr'><strong>omnes)</strong></span> <span class='ocrx_word' id='word_1_57' title='bbox 1568 925 1768 979; x_wconf 85' lang='lat' dir='ltr'><strong>bonum</strong></span> <span class='ocrx_word' id='word_1_58' title='bbox 1789 934 1848 979; x_wconf 81' lang='lat' dir='ltr'><strong>et</strong></span> <span class='ocrx_word' id='word_1_59' title='bbox 1878 924 2167 995; x_wconf 87' lang='lat' dir='ltr'><strong>benignum</strong></span> <span class='ocrx_word' id='word_1_60' title='bbox 2221 940 2365 989; x_wconf 87' lang='lat' dir='ltr'><strong>esse,</strong></span> 
     </span>
    </p>
   </div>
   <div class='ocr_carea' id='block_1_11' title="bbox 796 1015 2360 1086">
    <p class='ocr_par' dir='ltr' id='par_1_11' title="bbox 796 1015 2360 1086">
     <span class='ocr_line' id='line_1_11' title="bbox 796 1015 2360 1086; baseline 0.003 -20"><span class='ocrx_word' id='word_1_61' title='bbox 796 1015 1011 1083; x_wconf 80' lang='lat' dir='ltr'><strong>sibique</strong></span> <span class='ocrx_word' id='word_1_62' title='bbox 1035 1026 1234 1083; x_wconf 73' lang='lat' dir='ltr'><strong>putare</strong></span> <span class='ocrx_word' id='word_1_63' title='bbox 1266 1016 1361 1070; x_wconf 85' lang='lat' dir='ltr'><strong>Dei</strong></span> <span class='ocrx_word' id='word_1_64' title='bbox 1395 1016 1707 1071; x_wconf 76' lang='lat' dir='ltr'><strong>miserantis</strong></span> <span class='ocrx_word' id='word_1_65' title='bbox 1747 1023 1841 1069; x_wconf 80' lang='lat' dir='ltr'><strong>aut</strong></span> <span class='ocrx_word' id='word_1_66' title='bbox 1884 1016 2147 1071; x_wconf 85' lang='lat' dir='ltr'><strong>salvsntis</strong></span> <span class='ocrx_word' id='word_1_67' title='bbox 2182 1019 2360 1086; x_wconf 85' lang='lat' dir='ltr'><strong>gratia</strong></span> 
     </span>
    </p>
   </div>
   <div class='ocr_carea' id='block_1_12' title="bbox 793 1108 2362 1181">
    <p class='ocr_par' dir='ltr' id='par_1_12' title="bbox 793 1108 2362 1181">
     <span class='ocr_line' id='line_1_12' title="bbox 793 1108 2362 1181; baseline 0.004 -24"><span class='ocrx_word' id='word_1_68' title='bbox 793 1120 899 1158; x_wconf 90' lang='lat' dir='ltr'><strong>non</strong></span> <span class='ocrx_word' id='word_1_69' title='bbox 957 1120 1092 1175; x_wconf 82' lang='lat' dir='ltr'><strong>opus</strong></span> <span class='ocrx_word' id='word_1_70' title='bbox 1139 1123 1301 1173; x_wconf 89' lang='lat' dir='ltr'><strong>esse;</strong></span> <span class='ocrx_word' id='word_1_71' title='bbox 1355 1111 1600 1178; x_wconf 90' lang='lat' dir='ltr'><strong>quinimo</strong></span> <span class='ocrx_word' id='word_1_72' title='bbox 1668 1108 1984 1164; x_wconf 75' lang='lat' dir='ltr'><strong>sacerdotes</strong></span> <span class='ocrx_word' id='word_1_73' title='bbox 2038 1109 2362 1181; x_wconf 85' lang='lat' dir='ltr'><strong>degradare,</strong></span> 
     </span>
    </p>
   </div>
   <div class='ocr_carea' id='block_1_13' title="bbox 791 1198 2367 1273">
    <p class='ocr_par' dir='ltr' id='par_1_13' title="bbox 791 1198 2367 1273">
     <span class='ocr_line' id='line_1_13' title="bbox 791 1198 2367 1273; baseline 0.006 -25"><span class='ocrx_word' id='word_1_74' title='bbox 791 1198 881 1265; x_wconf 87' lang='lat' dir='ltr'><strong>qui</strong></span> <span class='ocrx_word' id='word_1_75' title='bbox 922 1210 1237 1253; x_wconf 85' lang='lat' dir='ltr'><strong>meruerunt</strong></span> <span class='ocrx_word' id='word_1_76' title='bbox 1265 1216 1366 1270; x_wconf 75' lang='lat' dir='ltr'><strong>pro</strong></span> <span class='ocrx_word' id='word_1_77' title='bbox 1389 1217 1489 1255; x_wconf 83' lang='lat' dir='ltr'><strong>sua</strong></span> <span class='ocrx_word' id='word_1_78' title='bbox 1534 1202 1863 1273; x_wconf 74' lang='lat' dir='ltr'><strong>benignitate</strong></span> <span class='ocrx_word' id='word_1_79' title='bbox 1898 1201 2069 1271; x_wconf 86' lang='lat' dir='ltr'><strong>plebis</strong></span> <span class='ocrx_word' id='word_1_80' title='bbox 2104 1202 2367 1272; x_wconf 80' lang='lat' dir='ltr'><strong>ignoran-</strong></span> 
     </span>
    </p>
   </div>
   <div class='ocr_carea' id='block_1_14' title="bbox 2468 558 4049 635">
    <p class='ocr_par' dir='ltr' id='par_1_14' title="bbox 2468 558 4049 635">
     <span class='ocr_line' id='line_1_14' title="bbox 2468 558 4049 635; baseline 0 -20"><span class='ocrx_word' id='word_1_81' title='bbox 2468 563 2569 617; x_wconf 85' lang='grc' dir='ltr'>οὑκ</span> <span class='ocrx_word' id='word_1_82' title='bbox 2604 563 2843 632; x_wconf 75' lang='grc' dir='ltr'>ὢφελονῑ</span> <span class='ocrx_word' id='word_1_83' title='bbox 2884 558 2943 615; x_wconf 76' lang='grc' dir='ltr'>εὖ</span> <span class='ocrx_word' id='word_1_84' title='bbox 2999 562 3497 635; x_wconf 82' lang='grc' dir='ltr'>ῐσθι,γράμμασιν,</span> <span class='ocrx_word' id='word_1_85' title='bbox 3541 564 3639 618; x_wconf 84' lang='grc' dir='ltr'>οὐκ</span> <span class='ocrx_word' id='word_1_86' title='bbox 3682 564 3750 618; x_wconf 77' lang='grc' dir='ltr'>ἂν</span> <span class='ocrx_word' id='word_1_87' title='bbox 3794 566 4049 627; x_wconf 72' lang='grc' dir='ltr'>ἔπεισαν,</span> 
     </span>
    </p>
   </div>
   <div class='ocr_carea' id='block_1_15' title="bbox 2468 650 4051 724">
    <p class='ocr_par' dir='ltr' id='par_1_15' title="bbox 2468 650 4051 724">
     <span class='ocr_line' id='line_1_15' title="bbox 2468 650 4051 724; baseline 0.001 -19"><span class='ocrx_word' id='word_1_88' title='bbox 2468 650 2628 724; x_wconf 75' lang='grc' dir='ltr'>εἴπερ</span> <span class='ocrx_word' id='word_1_89' title='bbox 2670 652 2819 705; x_wconf 69' lang='grc' dir='ltr'>ἄλλοι</span> <span class='ocrx_word' id='word_1_90' title='bbox 2861 650 2928 722; x_wconf 77' lang='grc' dir='ltr'>μέ</span> <span class='ocrx_word' id='word_1_91' title='bbox 2969 669 3128 716; x_wconf 72' lang='grc' dir='ltr'><strong>τινεςΔ</strong></span> <span class='ocrx_word' id='word_1_92' title='bbox 3154 655 3279 724; x_wconf 74' lang='grc' dir='ltr'>περὶ</span> <span class='ocrx_word' id='word_1_93' title='bbox 3335 653 3428 707; x_wconf 87' lang='grc' dir='ltr'><strong>σοῦ</strong></span> <span class='ocrx_word' id='word_1_94' title='bbox 3469 655 3673 707; x_wconf 77' lang='grc' dir='ltr'><strong>πείθειν</strong></span> <span class='ocrx_word' id='word_1_95' title='bbox 3703 655 3935 723; x_wconf 71' lang='grc' dir='ltr'>ἠξίουν,</span> <span class='ocrx_word' id='word_1_96' title='bbox 3971 658 4051 709; x_wconf 80' lang='grc' dir='ltr'>ὅτι</span> 
     </span>
    </p>
   </div>
   <div class='ocr_carea' id='block_1_16' title="bbox 2467 732 4049 814">
    <p class='ocr_par' dir='ltr' id='par_1_16' title="bbox 2467 732 4049 814">
     <span class='ocr_line' id='line_1_16' title="bbox 2467 732 4049 814; baseline 0.001 -17"><span class='ocrx_word' id='word_1_97' title='bbox 2467 743 2772 814; x_wconf 80' lang='grc' dir='ltr'><strong>Δημόφιλος</strong></span> <span class='ocrx_word' id='word_1_98' title='bbox 2808 744 2977 798; x_wconf 81' lang='grc' dir='ltr'>οἴεται</span> <span class='ocrx_word' id='word_1_99' title='bbox 3015 742 3105 798; x_wconf 81' lang='grc' dir='ltr'>τὸν</span> <span class='ocrx_word' id='word_1_100' title='bbox 3134 732 3334 814; x_wconf 81' lang='grc' dir='ltr'>άγαθδν</span> <span class='ocrx_word' id='word_1_101' title='bbox 3370 747 3463 799; x_wconf 75' lang='grc' dir='ltr'><strong>ἐπὶ</strong></span> <span class='ocrx_word' id='word_1_102' title='bbox 3497 746 3672 799; x_wconf 89' lang='grc' dir='ltr'>πάντα</span> <span class='ocrx_word' id='word_1_103' title='bbox 3689 748 3735 779; x_wconf 86' lang='grc'><strong><em>⁹⁹</em></strong></span> <span class='ocrx_word' id='word_1_104' title='bbox 3772 745 3918 800; x_wconf 73' lang='grc' dir='ltr'>Θεὸν</span> <span class='ocrx_word' id='word_1_105' title='bbox 3954 748 4049 799; x_wconf 70' lang='grc' dir='ltr'>οὐκ</span> 
     </span>
    </p>
   </div>
   <div class='ocr_carea' id='block_1_17' title="bbox 2466 829 4046 908">
    <p class='ocr_par' dir='ltr' id='par_1_17' title="bbox 2466 829 4046 908">
     <span class='ocr_line' id='line_1_17' title="bbox 2466 829 4046 908; baseline 0.003 -21"><span class='ocrx_word' id='word_1_106' title='bbox 2466 829 2607 889; x_wconf 77' lang='grc' dir='ltr'>εἶναι</span> <span class='ocrx_word' id='word_1_107' title='bbox 2660 836 2756 889; x_wconf 74' lang='grc' dir='ltr'>καὶ</span> <span class='ocrx_word' id='word_1_108' title='bbox 2815 835 3192 908; x_wconf 80' lang='grc' dir='ltr'>φιλάνθρωπον</span> <span class='ocrx_word' id='word_1_109' title='bbox 3251 837 3317 868; x_wconf 81' lang='grc'><strong>¹⁰⁰</strong></span> <span class='ocrx_word' id='word_1_110' title='bbox 3342 875 3358 901; x_wconf 86' lang='grc'><strong>,</strong></span> <span class='ocrx_word' id='word_1_111' title='bbox 3398 836 3521 890; x_wconf 76' lang='grc' dir='ltr'>οὔτε</span> <span class='ocrx_word' id='word_1_112' title='bbox 3584 837 3777 891; x_wconf 69' lang='grc' dir='ltr'>ἑαυτὸν</span> <span class='ocrx_word' id='word_1_113' title='bbox 3836 839 4046 892; x_wconf 82' lang='grc' dir='ltr'>δεῖσθαι</span> 
     </span>
    </p>
   </div>
   <div class='ocr_carea' id='block_1_18' title="bbox 2466 919 4046 999">
    <p class='ocr_par' dir='ltr' id='par_1_18' title="bbox 2466 919 4046 999">
     <span class='ocr_line' id='line_1_18' title="bbox 2466 919 4046 999; baseline 0.006 -28"><span class='ocrx_word' id='word_1_114' title='bbox 2466 919 2559 973; x_wconf 93' lang='grc' dir='ltr'><strong>τοῦ</strong></span> <span class='ocrx_word' id='word_1_115' title='bbox 2598 920 2872 986; x_wconf 72' lang='grc' dir='ltr'><strong>ἐλεοῦντος</strong></span> <span class='ocrx_word' id='word_1_116' title='bbox 2910 923 2943 993; x_wconf 80' lang='grc' dir='ltr'>ἦ</span> <span class='ocrx_word' id='word_1_117' title='bbox 2992 922 3251 989; x_wconf 74' lang='grc' dir='ltr'>σώζοντος</span> <span class='ocrx_word' id='word_1_118' title='bbox 3287 926 3302 956; x_wconf 83' lang='grc'>¹</span> <span class='ocrx_word' id='word_1_119' title='bbox 3334 940 3350 955; x_wconf 69' lang='grc' dir='ltr'><strong>ο</strong></span> <span class='ocrx_word' id='word_1_120' title='bbox 3390 925 3524 979; x_wconf 82' lang='grc' dir='ltr'>ἀλλὰ</span> <span class='ocrx_word' id='word_1_121' title='bbox 3560 926 3652 978; x_wconf 75' lang='grc' dir='ltr'>καὶ</span> <span class='ocrx_word' id='word_1_122' title='bbox 3701 927 3832 991; x_wconf 77' lang='grc' dir='ltr'>τοὺς</span> <span class='ocrx_word' id='word_1_123' title='bbox 3881 929 4046 999; x_wconf 68' lang='grc' dir='ltr'>ἱερεῖς</span> 
     </span>
    </p>
   </div>
   <div class='ocr_carea' id='block_1_19' title="bbox 2466 1014 4045 1090">
    <p class='ocr_par' dir='ltr' id='par_1_19' title="bbox 2466 1014 4045 1090">
     <span class='ocr_line' id='line_1_19' title="bbox 2466 1014 4045 1090; baseline 0.003 -23"><span class='ocrx_word' id='word_1_124' title='bbox 2466 1014 2868 1086; x_wconf 86' lang='grc' dir='ltr'>ἀποχειροτονεί</span> <span class='ocrx_word' id='word_1_125' title='bbox 2894 1017 3017 1079; x_wconf 81' lang='grc' dir='ltr'>τοὺς</span> <span class='ocrx_word' id='word_1_126' title='bbox 3048 1014 3380 1086; x_wconf 73' lang='grc' dir='ltr'><strong>ἠξιωμένους</strong></span> <span class='ocrx_word' id='word_1_127' title='bbox 3416 1017 3707 1087; x_wconf 73' lang='grc' dir='ltr'>ἀγαθότητι</span> <span class='ocrx_word' id='word_1_128' title='bbox 3748 1018 3945 1090; x_wconf 76' lang='grc' dir='ltr'>φέρειν</span> <span class='ocrx_word' id='word_1_129' title='bbox 3980 1020 4045 1072; x_wconf 68' lang='grc' dir='ltr'>τὰ</span> 
     </span>
    </p>
   </div>
   <div class='ocr_carea' id='block_1_20' title="bbox 2464 1104 4046 1177">
    <p class='ocr_par' dir='ltr' id='par_1_20' title="bbox 2464 1104 4046 1177">
     <span class='ocr_line' id='line_1_20' title="bbox 2464 1104 4046 1177; baseline 0.002 -17"><span class='ocrx_word' id='word_1_130' title='bbox 2464 1106 2789 1177; x_wconf 72' lang='grc' dir='ltr'>ἀγνοήματα</span> <span class='ocrx_word' id='word_1_131' title='bbox 2838 1106 2933 1160; x_wconf 87' lang='grc' dir='ltr'><strong>τοῦ</strong></span> <span class='ocrx_word' id='word_1_132' title='bbox 2965 1107 3116 1173; x_wconf 85' lang='grc' dir='ltr'>λαοῦ,</span> <span class='ocrx_word' id='word_1_133' title='bbox 3144 1108 3237 1162; x_wconf 75' lang='grc' dir='ltr'>καὶ</span> <span class='ocrx_word' id='word_1_134' title='bbox 3288 1104 3344 1163; x_wconf 78' lang='grc' dir='ltr'>εὖ</span> <span class='ocrx_word' id='word_1_135' title='bbox 3373 1109 3575 1173; x_wconf 86' lang='grc' dir='ltr'>είδότας</span> <span class='ocrx_word' id='word_1_136' title='bbox 3597 1112 3638 1175; x_wconf 75' lang='grc'>⁸,</span> <span class='ocrx_word' id='word_1_137' title='bbox 3663 1112 3747 1162; x_wconf 84' lang='grc' dir='ltr'>ὅτι</span> <span class='ocrx_word' id='word_1_138' title='bbox 3770 1110 3868 1163; x_wconf 72' lang='grc' dir='ltr'><strong>καὶ</strong></span> <span class='ocrx_word' id='word_1_139' title='bbox 3894 1112 4046 1163; x_wconf 75' lang='grc' dir='ltr'>αὐτοὶ</span> 
     </span>
    </p>
   </div>
   <div class='ocr_carea' id='block_1_21' title="bbox 2467 1197 4043 1273">
    <p class='ocr_par' dir='ltr' id='par_1_21' title="bbox 2467 1197 4043 1273">
     <span class='ocr_line' id='line_1_21' title="bbox 2467 1197 4043 1273; baseline 0.003 -22"><span class='ocrx_word' id='word_1_140' title='bbox 2467 1197 2799 1270; x_wconf 82' lang='grc' dir='ltr'><strong>περίκεινται</strong></span> <span class='ocrx_word' id='word_1_141' title='bbox 2816 1198 3115 1253; x_wconf 81' lang='grc' dir='ltr'>ἀσθένειαν.</span> <span class='ocrx_word' id='word_1_142' title='bbox 3153 1200 3290 1254; x_wconf 76' lang='grc' dir='ltr'>Ἀλλ’</span> <span class='ocrx_word' id='word_1_143' title='bbox 3309 1202 3337 1254; x_wconf 99' lang='lat'><strong>6</strong></span> <span class='ocrx_word' id='word_1_144' title='bbox 3357 1201 3638 1273; x_wconf 84' lang='grc' dir='ltr'>θεαρχικδς</span> <span class='ocrx_word' id='word_1_145' title='bbox 3666 1203 4043 1272; x_wconf 66' lang='grc' dir='ltr'>ίεροτελεστὴς</span> 
     </span>
    </p>
   </div>
   <div class='ocr_carea' id='block_1_22' title="bbox 2467 1288 4043 1363">
    <p class='ocr_par' dir='ltr' id='par_1_22' title="bbox 2467 1288 4043 1363">
     <span class='ocr_line' id='line_1_22' title="bbox 2467 1288 4043 1363; baseline 0.003 -24"><span class='ocrx_word' id='word_1_146' title='bbox 2467 1288 2657 1359; x_wconf 79' lang='grc' dir='ltr'><strong>ἑτέραν</strong></span> <span class='ocrx_word' id='word_1_147' title='bbox 2670 1289 2997 1360; x_wconf 74' lang='grc' dir='ltr'><strong>πεπόρευται</strong></span> <span class='ocrx_word' id='word_1_148' title='bbox 3021 1308 3034 1321; x_wconf 89' lang='grc'><strong>·</strong></span> <span class='ocrx_word' id='word_1_149' title='bbox 3060 1291 3330 1345; x_wconf 72' lang='grc' dir='ltr'>καὶταῦτα</span> <span class='ocrx_word' id='word_1_150' title='bbox 3352 1292 3458 1345; x_wconf 86' lang='grc' dir='ltr'>τῶν</span> <span class='ocrx_word' id='word_1_151' title='bbox 3484 1293 3847 1363; x_wconf 75' lang='grc' dir='ltr'><strong>ἁμαρτωλῶν,</strong></span> <span class='ocrx_word' id='word_1_152' title='bbox 3876 1294 3956 1356; x_wconf 81' lang='grc' dir='ltr'><strong>ὡς</strong></span> <span class='ocrx_word' id='word_1_153' title='bbox 3978 1294 4043 1343; x_wconf 72' lang='grc' dir='ltr'>τὰ</span> 
     </span>
    </p>
   </div>
   <div class='ocr_carea' id='block_1_23' title="bbox 2468 1378 4042 1454">
    <p class='ocr_par' dir='ltr' id='par_1_23' title="bbox 2468 1378 4042 1454">
     <span class='ocr_line' id='line_1_23' title="bbox 2468 1378 4042 1454; baseline 0.003 -23"><span class='ocrx_word' id='word_1_154' title='bbox 2468 1379 2587 1450; x_wconf 81' lang='grc' dir='ltr'><strong>ίερά</strong></span> <span class='ocrx_word' id='word_1_155' title='bbox 2617 1378 2771 1449; x_wconf 86' lang='grc' dir='ltr'>λόγιά</span> <span class='ocrx_word' id='word_1_156' title='bbox 2792 1398 2975 1451; x_wconf 84' lang='grc' dir='ltr'>φησιν,</span> <span class='ocrx_word' id='word_1_157' title='bbox 3000 1382 3379 1454; x_wconf 80' lang='grc' dir='ltr'><strong>ἀφωρισμένος</strong></span> <span class='ocrx_word' id='word_1_158' title='bbox 3408 1420 3422 1447; x_wconf 93' lang='grc'><strong>,</strong></span> <span class='ocrx_word' id='word_1_159' title='bbox 3479 1384 3571 1437; x_wconf 69' lang='grc' dir='ltr'>καὶ</span> <span class='ocrx_word' id='word_1_160' title='bbox 3595 1383 3694 1453; x_wconf 78' lang='grc' dir='ltr'>τῆς</span> <span class='ocrx_word' id='word_1_161' title='bbox 3737 1386 3818 1447; x_wconf 87' lang='grc' dir='ltr'><strong>είς</strong></span> <span class='ocrx_word' id='word_1_162' title='bbox 3853 1383 4042 1436; x_wconf 76' lang='grc' dir='ltr'>ἑαυτὸν</span> 
     </span>
    </p>
   </div>
   <div class='ocr_carea' id='block_1_24' title="bbox 792 1291 2346 1363">
    <p class='ocr_par' dir='ltr' id='par_1_24' title="bbox 792 1291 2346 1363">
     <span class='ocr_line' id='line_1_24' title="bbox 792 1291 2346 1363; baseline 0.005 -20"><span class='ocrx_word' id='word_1_163' title='bbox 792 1292 896 1344; x_wconf 87' lang='lat' dir='ltr'><strong>tias</strong></span> <span class='ocrx_word' id='word_1_164' title='bbox 930 1291 1187 1356; x_wconf 84' lang='lat' dir='ltr'><strong>tolerare,</strong></span> <span class='ocrx_word' id='word_1_165' title='bbox 1234 1294 1399 1361; x_wconf 80' lang='lat' dir='ltr'><strong>probe</strong></span> <span class='ocrx_word' id='word_1_166' title='bbox 1430 1304 1841 1363; x_wconf 74' lang='lat' dir='ltr'><strong>cognoscentes,</strong></span> <span class='ocrx_word' id='word_1_167' title='bbox 1870 1293 2127 1361; x_wconf 87' lang='lat' dir='ltr'><strong>quoniam</strong></span> <span class='ocrx_word' id='word_1_168' title='bbox 2156 1301 2211 1346; x_wconf 89' lang='lat' dir='ltr'><strong>et</strong></span> <span class='ocrx_word' id='word_1_169' title='bbox 2244 1294 2346 1361; x_wconf 67' lang='lat' dir='ltr'><strong>ipsi</strong></span> 
     </span>
    </p>
   </div>
   <div class='ocr_carea' id='block_1_25' title="bbox 786 1382 2361 1460">
    <p class='ocr_par' dir='ltr' id='par_1_25' title="bbox 786 1382 2361 1460">
     <span class='ocr_line' id='line_1_25' title="bbox 786 1382 2361 1460; baseline 0.006 -25"><span class='ocrx_word' id='word_1_170' title='bbox 786 1382 1109 1437; x_wconf 79' lang='lat' dir='ltr'><strong>circumdati</strong></span> <span class='ocrx_word' id='word_1_171' title='bbox 1138 1395 1268 1437; x_wconf 85' lang='lat' dir='ltr'><strong>sunt</strong></span> <span class='ocrx_word' id='word_1_172' title='bbox 1302 1385 1637 1439; x_wconf 70' lang='lat' dir='ltr'><strong>inﬁrmitate.</strong></span> <span class='ocrx_word' id='word_1_173' title='bbox 1693 1388 1761 1438; x_wconf 78' lang='lat' dir='ltr'><strong>At</strong></span> <span class='ocrx_word' id='word_1_174' title='bbox 1822 1386 2361 1460; x_wconf 81' lang='lat' dir='ltr'><strong>divino-principalis</strong></span> 
     </span>
    </p>
   </div>
   <div class='ocr_carea' id='block_1_26' title="bbox 790 1470 2360 1553">
    <p class='ocr_par' dir='ltr' id='par_1_26' title="bbox 790 1472 2360 1553">
     <span class='ocr_line' id='line_1_26' title="bbox 790 1472 2360 1553; baseline 0.009 -28"><span class='ocrx_word' id='word_1_175' title='bbox 790 1472 878 1529; x_wconf 88' lang='lat' dir='ltr'><strong>ille</strong></span> <span class='ocrx_word' id='word_1_176' title='bbox 915 1476 1159 1543; x_wconf 75' lang='lat' dir='ltr'><strong>pontifex</strong></span> <span class='ocrx_word' id='word_1_177' title='bbox 1188 1476 1349 1549; x_wconf 84' lang='lat' dir='ltr'><strong>longe</strong></span> <span class='ocrx_word' id='word_1_178' title='bbox 1392 1479 1550 1532; x_wconf 87' lang='lat' dir='ltr'><strong>aliam</strong></span> <span class='ocrx_word' id='word_1_179' title='bbox 1588 1480 1725 1533; x_wconf 84' lang='lat' dir='ltr'><strong>viain</strong></span> <span class='ocrx_word' id='word_1_180' title='bbox 1757 1480 1917 1551; x_wconf 72' lang='lat'><strong>603</strong></span> <span class='ocrx_word' id='word_1_181' title='bbox 1941 1481 2222 1553; x_wconf 79' lang='lat' dir='ltr'><strong>ingressus</strong></span> <span class='ocrx_word' id='word_1_182' title='bbox 2252 1496 2360 1547; x_wconf 77' lang='lat' dir='ltr'><strong>est,</strong></span> 
     </span>
    </p>
   </div>
   <div class='ocr_carea' id='block_1_27' title="bbox 2457 1470 4042 1553">
    <p class='ocr_par' dir='ltr' id='par_1_27' title="bbox 2459 1470 4042 1545">
     <span class='ocr_line' id='line_1_27' title="bbox 2459 1470 4042 1545; baseline 0.002 -23"><span class='ocrx_word' id='word_1_183' title='bbox 2459 1471 2685 1541; x_wconf 80' lang='grc' dir='ltr'>ἀγάπης</span> <span class='ocrx_word' id='word_1_184' title='bbox 2714 1470 2990 1537; x_wconf 78' lang='grc' dir='ltr'>ἀπόδειξιν</span> <span class='ocrx_word' id='word_1_185' title='bbox 3026 1476 3253 1525; x_wconf 76' lang='grc' dir='ltr'>ποιεῖται</span> <span class='ocrx_word' id='word_1_186' title='bbox 3290 1474 3388 1545; x_wconf 83' lang='grc' dir='ltr'>τὴν</span> <span class='ocrx_word' id='word_1_187' title='bbox 3417 1474 3523 1526; x_wconf 82' lang='grc' dir='ltr'><strong>τῶν</strong></span> <span class='ocrx_word' id='word_1_188' title='bbox 3548 1474 3839 1545; x_wconf 86' lang='grc' dir='ltr'>προϐάτων</span> <span class='ocrx_word' id='word_1_189' title='bbox 3870 1475 4042 1526; x_wconf 71' lang='grc' dir='ltr'>ἐπιει-</span> 
     </span>
    </p>
   </div>
   <div class='ocr_carea' id='block_1_28' title="bbox 790 1560 2360 1644">
    <p class='ocr_par' dir='ltr' id='par_1_28' title="bbox 790 1564 2360 1644">
     <span class='ocr_line' id='line_1_28' title="bbox 790 1564 2360 1644; baseline 0.007 -26"><span class='ocrx_word' id='word_1_190' title='bbox 790 1564 951 1635; x_wconf 79' lang='lat' dir='ltr'><strong>ithue</strong></span> <span class='ocrx_word' id='word_1_191' title='bbox 980 1582 1126 1630; x_wconf 91' lang='lat' dir='ltr'><strong>cum,</strong></span> <span class='ocrx_word' id='word_1_192' title='bbox 1172 1578 1231 1622; x_wconf 88' lang='lat' dir='ltr'><strong>ut</strong></span> <span class='ocrx_word' id='word_1_193' title='bbox 1267 1584 1422 1625; x_wconf 81' lang='lat' dir='ltr'><strong>sacra</strong></span> <span class='ocrx_word' id='word_1_194' title='bbox 1461 1578 1729 1625; x_wconf 81' lang='lat' dir='ltr'><strong>testantur</strong></span> <span class='ocrx_word' id='word_1_195' title='bbox 1775 1573 2013 1641; x_wconf 82' lang='lat' dir='ltr'><strong>eloquia,</strong></span> <span class='ocrx_word' id='word_1_196' title='bbox 2047 1584 2360 1644; x_wconf 85' lang='lat' dir='ltr'><strong>segregatus</strong></span> 
     </span>
    </p>
   </div>
   <div class='ocr_carea' id='block_1_29' title="bbox 2457 1560 4041 1644">
    <p class='ocr_par' dir='ltr' id='par_1_29' title="bbox 2465 1560 4041 1634">
     <span class='ocr_line' id='line_1_29' title="bbox 2465 1560 4041 1634; baseline 0.003 -21"><span class='ocrx_word' id='word_1_197' title='bbox 2465 1560 2733 1629; x_wconf 85' lang='grc' dir='ltr'>κεστάτην</span> <span class='ocrx_word' id='word_1_198' title='bbox 2769 1563 3149 1633; x_wconf 85' lang='grc' dir='ltr'>ποιμαντικήν.</span> <span class='ocrx_word' id='word_1_199' title='bbox 3191 1564 3298 1615; x_wconf 71' lang='grc' dir='ltr'><strong>Καὶ</strong></span> <span class='ocrx_word' id='word_1_200' title='bbox 3334 1564 3563 1634; x_wconf 82' lang='grc' dir='ltr'>πονηρὸν</span> <span class='ocrx_word' id='word_1_201' title='bbox 3617 1565 3718 1634; x_wconf 77' lang='grc' dir='ltr'>μὲν</span> <span class='ocrx_word' id='word_1_202' title='bbox 3768 1565 4041 1618; x_wconf 76' lang='grc' dir='ltr'>ἀποκαλεί</span> 
     </span>
    </p>
   </div>
   <div class='ocr_carea' id='block_1_30' title="bbox 784 1650 2360 1733">
    <p class='ocr_par' dir='ltr' id='par_1_30' title="bbox 784 1661 2360 1733">
     <span class='ocr_line' id='line_1_30' title="bbox 784 1661 2360 1733; baseline 0.004 -23"><span class='ocrx_word' id='word_1_203' title='bbox 784 1666 929 1711; x_wconf 80' lang='lat' dir='ltr'><strong>esset</strong></span> <span class='ocrx_word' id='word_1_204' title='bbox 971 1673 999 1709; x_wconf 89' lang='lat' dir='ltr'><strong>a</strong></span> <span class='ocrx_word' id='word_1_205' title='bbox 1026 1661 1400 1726; x_wconf 84' lang='lat' dir='ltr'><strong>peccatoribus</strong></span> <span class='ocrx_word' id='word_1_206' title='bbox 1434 1674 1481 1728; x_wconf 77' lang='grc' dir='ltr'><strong>ι,</strong></span> <span class='ocrx_word' id='word_1_207' title='bbox 1514 1672 1565 1717; x_wconf 94' lang='lat' dir='ltr'><strong>et</strong></span> <span class='ocrx_word' id='word_1_208' title='bbox 1613 1665 1715 1717; x_wconf 81' lang='lat' dir='ltr'><strong>hoc</strong></span> <span class='ocrx_word' id='word_1_209' title='bbox 1761 1663 1976 1718; x_wconf 74' lang='lat' dir='ltr'><strong>eximia:</strong></span> <span class='ocrx_word' id='word_1_210' title='bbox 2022 1680 2149 1733; x_wconf 87' lang='lat' dir='ltr'><strong>erga</strong></span> <span class='ocrx_word' id='word_1_211' title='bbox 2186 1680 2246 1719; x_wconf 88' lang='lat' dir='ltr'><strong>se</strong></span> <span class='ocrx_word' id='word_1_212' title='bbox 2276 1665 2360 1718; x_wconf 80' lang='lat' dir='ltr'><strong>di-</strong></span> 
     </span>
    </p>
   </div>
   <div class='ocr_carea' id='block_1_31' title="bbox 2457 1650 4041 1733">
    <p class='ocr_par' dir='ltr' id='par_1_31' title="bbox 2462 1650 4041 1728">
     <span class='ocr_line' id='line_1_31' title="bbox 2462 1650 4041 1728; baseline 0.005 -26"><span class='ocrx_word' id='word_1_213' title='bbox 2462 1650 2554 1703; x_wconf 83' lang='grc' dir='ltr'>τὸν</span> <span class='ocrx_word' id='word_1_214' title='bbox 2588 1650 2661 1721; x_wconf 81' lang='grc' dir='ltr'>μὴ</span> <span class='ocrx_word' id='word_1_215' title='bbox 2684 1651 2886 1720; x_wconf 75' lang='grc' dir='ltr'>ἀφέντα</span> <span class='ocrx_word' id='word_1_216' title='bbox 2914 1652 2990 1723; x_wconf 81' lang='grc' dir='ltr'>τῷ</span> <span class='ocrx_word' id='word_1_217' title='bbox 3015 1654 3294 1727; x_wconf 78' lang='grc' dir='ltr'>συνοικέτῃ</span> <span class='ocrx_word' id='word_1_218' title='bbox 3328 1655 3425 1726; x_wconf 81' lang='grc' dir='ltr'><strong>τὴν</strong></span> <span class='ocrx_word' id='word_1_219' title='bbox 3447 1655 3681 1727; x_wconf 78' lang='grc' dir='ltr'><strong>ὀφειλὴν,</strong></span> <span class='ocrx_word' id='word_1_220' title='bbox 3713 1658 3857 1728; x_wconf 77' lang='grc' dir='ltr'>μήτε</span> <span class='ocrx_word' id='word_1_221' title='bbox 3894 1674 4041 1728; x_wconf 84' lang='grc' dir='ltr'>μερι-</span> 
     </span>
    </p>
   </div>
   <div class='ocr_carea' id='block_1_32' title="bbox 786 1742 2360 1823">
    <p class='ocr_par' dir='ltr' id='par_1_32' title="bbox 786 1747 2360 1823">
     <span class='ocr_line' id='line_1_32' title="bbox 786 1747 2360 1823; baseline 0.006 -22"><span class='ocrx_word' id='word_1_222' title='bbox 786 1747 1037 1803; x_wconf 82' lang='lat' dir='ltr'><strong>lectionis</strong></span> <span class='ocrx_word' id='word_1_223' title='bbox 1065 1760 1444 1820; x_wconf 76' lang='lat' dir='ltr'><strong>argumentum</strong></span> <span class='ocrx_word' id='word_1_224' title='bbox 1475 1757 1683 1819; x_wconf 85' lang='lat' dir='ltr'><strong>statuit,</strong></span> <span class='ocrx_word' id='word_1_225' title='bbox 1713 1755 1757 1808; x_wconf 92' lang='lat' dir='ltr'><strong>si</strong></span> <span class='ocrx_word' id='word_1_226' title='bbox 1790 1770 1923 1810; x_wconf 87' lang='lat' dir='ltr'><strong>oves</strong></span> <span class='ocrx_word' id='word_1_227' title='bbox 1952 1754 2069 1823; x_wconf 86' lang='lat' dir='ltr'><strong>ejus</strong></span> <span class='ocrx_word' id='word_1_228' title='bbox 2112 1773 2360 1812; x_wconf 86' lang='lat' dir='ltr'><strong>mansue-</strong></span> 
     </span>
    </p>
   </div>
   <div class='ocr_carea' id='block_1_33' title="bbox 2457 1742 4038 1823">
    <p class='ocr_par' dir='ltr' id='par_1_33' title="bbox 2465 1742 4038 1819">
     <span class='ocr_line' id='line_1_33' title="bbox 2465 1742 4038 1819; baseline 0.004 -24"><span class='ocrx_word' id='word_1_229' title='bbox 2465 1742 2576 1807; x_wconf 85' lang='grc' dir='ltr'>κῶς</span> <span class='ocrx_word' id='word_1_230' title='bbox 2618 1744 2911 1814; x_wconf 81' lang='grc' dir='ltr'>μεταδόντα</span> <span class='ocrx_word' id='word_1_231' title='bbox 2959 1746 2980 1777; x_wconf 88' lang='grc'>⁸</span> <span class='ocrx_word' id='word_1_232' title='bbox 3016 1746 3116 1815; x_wconf 82' lang='grc' dir='ltr'>τῆς</span> <span class='ocrx_word' id='word_1_233' title='bbox 3159 1745 3490 1819; x_wconf 86' lang='grc' dir='ltr'>δωρηθείσης</span> <span class='ocrx_word' id='word_1_234' title='bbox 3525 1748 3671 1818; x_wconf 83' lang='grc' dir='ltr'><strong>αὺτῷ</strong></span> <span class='ocrx_word' id='word_1_235' title='bbox 3710 1749 4038 1819; x_wconf 77' lang='grc' dir='ltr'>παμπόλλης</span> 
     </span>
    </p>
   </div>
   <div class='ocr_carea' id='block_1_34' title="bbox 786 1837 2360 1917">
    <p class='ocr_par' dir='ltr' id='par_1_34' title="bbox 786 1839 2353 1917">
     <span class='ocr_line' id='line_1_34' title="bbox 786 1839 2353 1917; baseline 0.006 -24"><span class='ocrx_word' id='word_1_236' title='bbox 786 1839 990 1894; x_wconf 85' lang='lat' dir='ltr'><strong>tissima</strong></span> <span class='ocrx_word' id='word_1_237' title='bbox 1020 1844 1419 1911; x_wconf 79' lang='lat' dir='ltr'><strong>gubernatione</strong></span> <span class='ocrx_word' id='word_1_238' title='bbox 1469 1860 1754 1914; x_wconf 79' lang='lat' dir='ltr'><strong>pascamus</strong></span> <span class='ocrx_word' id='word_1_239' title='bbox 1786 1854 1838 1900; x_wconf 70' lang='grc'>1.</span> <span class='ocrx_word' id='word_1_240' title='bbox 1891 1848 2069 1917; x_wconf 80' lang='lat' dir='ltr'><strong>Atque</strong></span> <span class='ocrx_word' id='word_1_241' title='bbox 2120 1864 2353 1917; x_wconf 87' lang='lat' dir='ltr'><strong>nequam</strong></span> 
     </span>
    </p>
   </div>
   <div class='ocr_carea' id='block_1_35' title="bbox 2457 1837 4035 1917">
    <p class='ocr_par' dir='ltr' id='par_1_35' title="bbox 2462 1837 4035 1909">
     <span class='ocr_line' id='line_1_35' title="bbox 2462 1837 4035 1909; baseline 0.003 -20"><span class='ocrx_word' id='word_1_242' title='bbox 2462 1837 2795 1909; x_wconf 84' lang='grc' dir='ltr'>ἀγαθότητος</span> <span class='ocrx_word' id='word_1_243' title='bbox 2816 1854 2830 1868; x_wconf 75' lang='grc' dir='ltr'><strong><em>ο</em></strong></span> <span class='ocrx_word' id='word_1_244' title='bbox 2852 1839 3050 1891; x_wconf 87' lang='grc' dir='ltr'>δικαιοῖ</span> <span class='ocrx_word' id='word_1_245' title='bbox 3066 1838 3123 1892; x_wconf 82' lang='grc' dir='ltr'>δὲ</span> <span class='ocrx_word' id='word_1_246' title='bbox 3140 1838 3247 1893; x_wconf 81' lang='grc' dir='ltr'><strong>τῶν</strong></span> <span class='ocrx_word' id='word_1_247' title='bbox 3268 1839 3480 1892; x_wconf 83' lang='grc' dir='ltr'>οίκείων</span> <span class='ocrx_word' id='word_1_248' title='bbox 3500 1839 3793 1894; x_wconf 72' lang='grc' dir='ltr'>ἀπολαύειν</span> <span class='ocrx_word' id='word_1_249' title='bbox 3808 1841 3977 1894; x_wconf 73' lang='grc' dir='ltr'>αὐτὸν</span> <span class='ocrx_word' id='word_1_250' title='bbox 3997 1842 4035 1905; x_wconf 70' lang='grc'>⁸,</span> 
     </span>
    </p>
   </div>
   <div class='ocr_carea' id='block_1_36' title="bbox 786 1931 2360 2005">
    <p class='ocr_par' dir='ltr' id='par_1_36' title="bbox 786 1933 2359 2005">
     <span class='ocr_line' id='line_1_36' title="bbox 786 1933 2359 2005; baseline 0.008 -21"><span class='ocrx_word' id='word_1_251' title='bbox 786 1933 1187 2000; x_wconf 69' lang='lat' dir='ltr'><strong>enmappeilat.</strong></span> <span class='ocrx_word' id='word_1_252' title='bbox 1238 1936 1330 2005; x_wconf 85' lang='lat' dir='ltr'><strong>qui</strong></span> <span class='ocrx_word' id='word_1_253' title='bbox 1376 1952 1644 1993; x_wconf 85' lang='lat' dir='ltr'><strong>conservo</strong></span> <span class='ocrx_word' id='word_1_254' title='bbox 1680 1956 1779 1994; x_wconf 85' lang='lat' dir='ltr'><strong>suo</strong></span> <span class='ocrx_word' id='word_1_255' title='bbox 1836 1942 2077 1995; x_wconf 82' lang='lat' dir='ltr'><strong>debitum</strong></span> <span class='ocrx_word' id='word_1_256' title='bbox 2136 1943 2359 1996; x_wconf 86' lang='lat' dir='ltr'><strong>minime</strong></span> 
     </span>
    </p>
   </div>
   <div class='ocr_carea' id='block_1_37' title="bbox 2457 1931 4035 2005">
    <p class='ocr_par' dir='ltr' id='par_1_37' title="bbox 2457 1931 4035 2003">
     <span class='ocr_line' id='line_1_37' title="bbox 2457 1931 4035 2003; baseline 0.003 -20"><span class='ocrx_word' id='word_1_257' title='bbox 2457 1932 2591 2003; x_wconf 83' lang='grc' dir='ltr'>ὅπερ</span> <span class='ocrx_word' id='word_1_258' title='bbox 2619 1931 2913 2003; x_wconf 79' lang='grc' dir='ltr'>ἀναγκαῖον</span> <span class='ocrx_word' id='word_1_259' title='bbox 2938 1931 3296 2003; x_wconf 84' lang='grc' dir='ltr'>εὐλαϐηθῆναι</span> <span class='ocrx_word' id='word_1_260' title='bbox 3324 1933 3417 1985; x_wconf 77' lang='grc' dir='ltr'>καὶ</span> <span class='ocrx_word' id='word_1_261' title='bbox 3451 1934 3547 2003; x_wconf 70' lang='grc' dir='ltr'><strong>ἐμὲ</strong></span> <span class='ocrx_word' id='word_1_262' title='bbox 3571 1934 3666 1985; x_wconf 88' lang='grc' dir='ltr'><strong>καί</strong></span> <span class='ocrx_word' id='word_1_263' title='bbox 3701 1934 4035 2002; x_wconf 75' lang='grc' dir='ltr'>Δημόφιλον.</span> 
     </span>
    </p>
   </div>
   <div class='ocr_carea' id='block_1_38' title="bbox 783 2020 2360 2097">
    <p class='ocr_par' dir='ltr' id='par_1_38' title="bbox 783 2020 2355 2096">
     <span class='ocr_line' id='line_1_38' title="bbox 783 2020 2355 2096; baseline 0.009 -25"><span class='ocrx_word' id='word_1_264' title='bbox 783 2020 1066 2077; x_wconf 69' lang='lat' dir='ltr'><strong>dimiserat</strong></span> <span class='ocrx_word' id='word_1_265' title='bbox 1093 2033 1137 2088; x_wconf 83' lang='grc' dir='ltr'><strong>ι,</strong></span> <span class='ocrx_word' id='word_1_266' title='bbox 1175 2040 1350 2095; x_wconf 85' lang='lat' dir='ltr'><strong>neque</strong></span> <span class='ocrx_word' id='word_1_267' title='bbox 1419 2027 1470 2079; x_wconf 92' lang='lat' dir='ltr'><strong>in</strong></span> <span class='ocrx_word' id='word_1_268' title='bbox 1491 2037 1699 2096; x_wconf 88' lang='lat' dir='ltr'><strong>partem</strong></span> <span class='ocrx_word' id='word_1_269' title='bbox 1754 2031 1944 2083; x_wconf 84' lang='lat' dir='ltr'><strong>saltem</strong></span> <span class='ocrx_word' id='word_1_270' title='bbox 1994 2031 2214 2085; x_wconf 71' lang='lat' dir='ltr'><strong>indulta:</strong></span> <span class='ocrx_word' id='word_1_271' title='bbox 2251 2032 2355 2085; x_wconf 83' lang='lat' dir='ltr'><strong>sibi</strong></span> 
     </span>
    </p>
   </div>
   <div class='ocr_carea' id='block_1_39' title="bbox 2457 2020 4036 2097">
    <p class='ocr_par' dir='ltr' id='par_1_39' title="bbox 2458 2023 4036 2097">
     <span class='ocr_line' id='line_1_39' title="bbox 2458 2023 4036 2097; baseline 0.001 -21"><span class='ocrx_word' id='word_1_272' title='bbox 2458 2024 2566 2077; x_wconf 78' lang='lat' dir='ltr'><strong>Kal.</strong></span> <span class='ocrx_word' id='word_1_273' title='bbox 2603 2024 2713 2095; x_wconf 83' lang='grc' dir='ltr'>γὰρ</span> <span class='ocrx_word' id='word_1_274' title='bbox 2739 2026 2831 2077; x_wconf 83' lang='grc' dir='ltr'>καὶ</span> <span class='ocrx_word' id='word_1_275' title='bbox 2874 2028 2988 2088; x_wconf 75' lang='grc' dir='ltr'>τοῖς</span> <span class='ocrx_word' id='word_1_276' title='bbox 3030 2026 3109 2088; x_wconf 83' lang='grc' dir='ltr'><strong>είς</strong></span> <span class='ocrx_word' id='word_1_277' title='bbox 3151 2025 3309 2077; x_wconf 68' lang='grc' dir='ltr'>αὑτὸν</span> <span class='ocrx_word' id='word_1_278' title='bbox 3344 2023 3629 2077; x_wconf 85' lang='grc' dir='ltr'>ἀσεϐοῦσιν</span> <span class='ocrx_word' id='word_1_279' title='bbox 3666 2027 3727 2077; x_wconf 82' lang='grc' dir='ltr'>ὲν</span> <span class='ocrx_word' id='word_1_280' title='bbox 3768 2026 3925 2097; x_wconf 73' lang='grc' dir='ltr'>αὐτῷ</span> <span class='ocrx_word' id='word_1_281' title='bbox 3963 2026 4036 2097; x_wconf 70' lang='grc' dir='ltr'>τῷ</span> 
     </span>
    </p>
   </div>
   <div class='ocr_carea' id='block_1_40' title="bbox 784 2112 2360 2191">
    <p class='ocr_par' dir='ltr' id='par_1_40' title="bbox 784 2112 2356 2191">
     <span class='ocr_line' id='line_1_40' title="bbox 784 2112 2356 2191; baseline 0.009 -27"><span class='ocrx_word' id='word_1_282' title='bbox 784 2112 1099 2180; x_wconf 61' lang='lat' dir='ltr'><strong>largissimae</strong></span> <span class='ocrx_word' id='word_1_283' title='bbox 1171 2117 1517 2187; x_wconf 83' lang='lat' dir='ltr'><strong>benignitatis</strong></span> <span class='ocrx_word' id='word_1_284' title='bbox 1577 2120 1679 2174; x_wconf 88' lang='lat' dir='ltr'><strong>sibi</strong></span> <span class='ocrx_word' id='word_1_285' title='bbox 1741 2122 1927 2176; x_wconf 90' lang='lat' dir='ltr'><strong>venire</strong></span> <span class='ocrx_word' id='word_1_286' title='bbox 1986 2125 2356 2191; x_wconf 81' lang='lat' dir='ltr'><strong>permiserat;</strong></span> 
     </span>
    </p>
   </div>
   <div class='ocr_carea' id='block_1_41' title="bbox 2457 2112 4035 2191">
    <p class='ocr_par' dir='ltr' id='par_1_41' title="bbox 2457 2117 4035 2191">
     <span class='ocr_line' id='line_1_41' title="bbox 2457 2117 4035 2191; baseline 0.004 -22"><span class='ocrx_word' id='word_1_287' title='bbox 2457 2118 2685 2187; x_wconf 79' lang='grc' dir='ltr'>πάσχειν</span> <span class='ocrx_word' id='word_1_288' title='bbox 2713 2118 2907 2186; x_wconf 79' lang='grc' dir='ltr'>ἄφεσιν</span> <span class='ocrx_word' id='word_1_289' title='bbox 2958 2119 3187 2190; x_wconf 78' lang='grc' dir='ltr'>προάγει</span> <span class='ocrx_word' id='word_1_290' title='bbox 3224 2118 3372 2189; x_wconf 82' lang='grc' dir='ltr'>παρὰ</span> <span class='ocrx_word' id='word_1_291' title='bbox 3402 2117 3495 2171; x_wconf 91' lang='grc' dir='ltr'><strong>τοῦ</strong></span> <span class='ocrx_word' id='word_1_292' title='bbox 3534 2118 3777 2189; x_wconf 80' lang='grc' dir='ltr'>Πατρὸς,</span> <span class='ocrx_word' id='word_1_293' title='bbox 3807 2122 4035 2191; x_wconf 79' lang='grc' dir='ltr'>ἐπιτιμᾷ</span> 
     </span>
    </p>
   </div>
   <div class='ocr_carea' id='block_1_42' title="bbox 777 2202 2360 2284">
    <p class='ocr_par' dir='ltr' id='par_1_42' title="bbox 777 2202 2359 2284">
     <span class='ocr_line' id='line_1_42' title="bbox 777 2202 2359 2284; baseline 0.008 -28"><span class='ocrx_word' id='word_1_294' title='bbox 777 2202 1031 2274; x_wconf 81' lang='lat' dir='ltr'><strong>justeque</strong></span> <span class='ocrx_word' id='word_1_295' title='bbox 1069 2222 1192 2260; x_wconf 87' lang='lat' dir='ltr'><strong>eum</strong></span> <span class='ocrx_word' id='word_1_296' title='bbox 1232 2212 1464 2277; x_wconf 81' lang='lat' dir='ltr'><strong>propriis</strong></span> <span class='ocrx_word' id='word_1_297' title='bbox 1492 2220 1814 2267; x_wconf 87' lang='lat' dir='ltr'><strong>contentum</strong></span> <span class='ocrx_word' id='word_1_298' title='bbox 1847 2227 1969 2269; x_wconf 82' lang='lat' dir='ltr'><strong>esse</strong></span> <span class='ocrx_word' id='word_1_299' title='bbox 1992 2212 2166 2284; x_wconf 77' lang='lat' dir='ltr'><strong>jubet,</strong></span> <span class='ocrx_word' id='word_1_300' title='bbox 2213 2216 2359 2283; x_wconf 82' lang='lat' dir='ltr'><strong>quod</strong></span> 
     </span>
    </p>
   </div>
   <div class='ocr_carea' id='block_1_43' title="bbox 2457 2202 4034 2284">
    <p class='ocr_par' dir='ltr' id='par_1_43' title="bbox 2457 2208 4034 2281">
     <span class='ocr_line' id='line_1_43' title="bbox 2457 2208 4034 2281; baseline 0 -20"><span class='ocrx_word' id='word_1_301' title='bbox 2457 2208 2514 2260; x_wconf 82' lang='grc' dir='ltr'>δὲ</span> <span class='ocrx_word' id='word_1_302' title='bbox 2540 2210 2633 2262; x_wconf 73' lang='grc' dir='ltr'>καὶ</span> <span class='ocrx_word' id='word_1_303' title='bbox 2675 2211 2787 2272; x_wconf 85' lang='grc' dir='ltr'>τοῖς</span> <span class='ocrx_word' id='word_1_304' title='bbox 2820 2210 3103 2281; x_wconf 82' lang='grc' dir='ltr'>μαθηταῖς,</span> <span class='ocrx_word' id='word_1_305' title='bbox 3129 2210 3210 2263; x_wconf 81' lang='grc' dir='ltr'>ὅτι</span> <span class='ocrx_word' id='word_1_306' title='bbox 3239 2211 3331 2264; x_wconf 76' lang='grc' dir='ltr'>καὶ</span> <span class='ocrx_word' id='word_1_307' title='bbox 3358 2209 3611 2273; x_wconf 88' lang='grc' dir='ltr'>ἀσεϐείας</span> <span class='ocrx_word' id='word_1_308' title='bbox 3640 2210 3891 2281; x_wconf 79' lang='grc' dir='ltr'>ἀνηλεῶς</span> <span class='ocrx_word' id='word_1_309' title='bbox 3920 2211 4034 2279; x_wconf 71' lang='grc' dir='ltr'><strong>ἠξίο</strong></span> 
     </span>
    </p>
   </div>
   <div class='ocr_carea' id='block_1_44' title="bbox 780 2286 2360 2374">
    <p class='ocr_par' dir='ltr' id='par_1_44' title="bbox 780 2299 2349 2371">
     <span class='ocr_line' id='line_1_44' title="bbox 780 2299 2349 2371; baseline 0.005 -21"><span class='ocrx_word' id='word_1_310' title='bbox 780 2308 834 2350; x_wconf 91' lang='lat' dir='ltr'><strong>et</strong></span> <span class='ocrx_word' id='word_1_311' title='bbox 886 2299 1018 2351; x_wconf 88' lang='lat' dir='ltr'><strong>mihi</strong></span> <span class='ocrx_word' id='word_1_312' title='bbox 1067 2300 1231 2353; x_wconf 88' lang='lat' dir='ltr'><strong>etiam</strong></span> <span class='ocrx_word' id='word_1_313' title='bbox 1282 2301 1603 2371; x_wconf 78' lang='lat' dir='ltr'><strong>Deutophilo</strong></span> <span class='ocrx_word' id='word_1_314' title='bbox 1666 2314 1910 2358; x_wconf 85' lang='lat' dir='ltr'><strong>metuere</strong></span> <span class='ocrx_word' id='word_1_315' title='bbox 1976 2319 2203 2360; x_wconf 88' lang='lat' dir='ltr'><strong>necesse</strong></span> <span class='ocrx_word' id='word_1_316' title='bbox 2246 2316 2349 2359; x_wconf 90' lang='lat' dir='ltr'><strong>est.</strong></span> 
     </span>
    </p>
   </div>
   <div class='ocr_carea' id='block_1_45' title="bbox 2457 2286 4028 2374">
    <p class='ocr_par' dir='ltr' id='par_1_45' title="bbox 2457 2286 4028 2374">
     <span class='ocr_line' id='line_1_45' title="bbox 2457 2286 4028 2374; baseline -0.001 -17"><span class='ocrx_word' id='word_1_317' title='bbox 2457 2321 2605 2357; x_wconf 85' lang='grc' dir='ltr'>ωσαν</span> <span class='ocrx_word' id='word_1_318' title='bbox 2642 2306 2820 2373; x_wconf 76' lang='grc' dir='ltr'>κρίναι</span> <span class='ocrx_word' id='word_1_319' title='bbox 2867 2304 2990 2366; x_wconf 79' lang='grc' dir='ltr'>τοὺς</span> <span class='ocrx_word' id='word_1_320' title='bbox 3024 2286 3404 2366; x_wconf 80' lang='grc' dir='ltr'>ἐκδεδιωκότας</span> <span class='ocrx_word' id='word_1_321' title='bbox 3459 2303 3621 2356; x_wconf 81' lang='grc' dir='ltr'>αὐτὸν</span> <span class='ocrx_word' id='word_1_322' title='bbox 3660 2302 4028 2374; x_wconf 74' lang='grc' dir='ltr'>Σαμαρείτας.</span> 
     </span>
    </p>
   </div>
   <div class='ocr_carea' id='block_1_46' title="bbox 781 2382 2360 2466">
    <p class='ocr_par' dir='ltr' id='par_1_46' title="bbox 781 2387 2351 2465">
     <span class='ocr_line' id='line_1_46' title="bbox 781 2387 2351 2465; baseline 0.008 -27"><span class='ocrx_word' id='word_1_323' title='bbox 781 2387 989 2457; x_wconf 78' lang='lat' dir='ltr'><strong>Quippe</strong></span> <span class='ocrx_word' id='word_1_324' title='bbox 1034 2390 1151 2443; x_wconf 88' lang='lat' dir='ltr'><strong>suis</strong></span> <span class='ocrx_word' id='word_1_325' title='bbox 1196 2391 1360 2444; x_wconf 83' lang='lat' dir='ltr'><strong>etiam</strong></span> <span class='ocrx_word' id='word_1_326' title='bbox 1392 2393 1737 2449; x_wconf 84' lang='lat' dir='ltr'><strong>occisorihus</strong></span> <span class='ocrx_word' id='word_1_327' title='bbox 1783 2393 2036 2451; x_wconf 80' lang='lat' dir='ltr'><strong>Christus</strong></span> <span class='ocrx_word' id='word_1_328' title='bbox 2078 2396 2351 2465; x_wconf 81' lang='lat' dir='ltr'><strong>passionis</strong></span> 
     </span>
    </p>
   </div>
   <div class='ocr_carea' id='block_1_47' title="bbox 2457 2382 4030 2466">
    <p class='ocr_par' dir='ltr' id='par_1_47' title="bbox 2457 2382 4030 2466">
     <span class='ocr_line' id='line_1_47' title="bbox 2457 2382 4030 2466; baseline -0.003 -17"><span class='ocrx_word' id='word_1_329' title='bbox 2457 2394 2628 2449; x_wconf 83' lang='grc' dir='ltr'>Τοῦτο</span> <span class='ocrx_word' id='word_1_330' title='bbox 2650 2394 2714 2465; x_wconf 83' lang='grc' dir='ltr'>δὴ</span> <span class='ocrx_word' id='word_1_331' title='bbox 2736 2393 2799 2446; x_wconf 83' lang='grc' dir='ltr'>τὸ</span> <span class='ocrx_word' id='word_1_332' title='bbox 2830 2393 3175 2464; x_wconf 84' lang='grc' dir='ltr'>μυριόλεκτόν</span> <span class='ocrx_word' id='word_1_333' title='bbox 3206 2412 3298 2447; x_wconf 86' lang='grc' dir='ltr'><strong>σου</strong></span> <span class='ocrx_word' id='word_1_334' title='bbox 3317 2394 3412 2464; x_wconf 83' lang='grc' dir='ltr'>τῆς</span> <span class='ocrx_word' id='word_1_335' title='bbox 3441 2393 3697 2466; x_wconf 78' lang='grc' dir='ltr'>θρασείας</span> <span class='ocrx_word' id='word_1_336' title='bbox 3716 2382 4030 2463; x_wconf 75' lang='grc' dir='ltr'>ἐπιστολῆς,</span> 
     </span>
    </p>
   </div>
   <div class='ocr_carea' id='block_1_48' title="bbox 781 2478 2360 2559">
    <p class='ocr_par' dir='ltr' id='par_1_48' title="bbox 781 2483 2351 2557">
     <span class='ocr_line' id='line_1_48' title="bbox 781 2483 2351 2557; baseline 0.007 -24"><span class='ocrx_word' id='word_1_337' title='bbox 781 2491 1021 2548; x_wconf 86' lang='lat' dir='ltr'><strong>tempore</strong></span> <span class='ocrx_word' id='word_1_338' title='bbox 1072 2483 1287 2536; x_wconf 76' lang='lat' dir='ltr'><strong>veniam</strong></span> <span class='ocrx_word' id='word_1_339' title='bbox 1336 2500 1365 2536; x_wconf 87' lang='lat' dir='ltr'><strong>a</strong></span> <span class='ocrx_word' id='word_1_340' title='bbox 1418 2486 1577 2541; x_wconf 84' lang='lat' dir='ltr'><strong>Patre</strong></span> <span class='ocrx_word' id='word_1_341' title='bbox 1629 2488 1951 2557; x_wconf 87' lang='lat' dir='ltr'><strong>precabatur</strong></span> <span class='ocrx_word' id='word_1_342' title='bbox 1972 2499 2021 2553; x_wconf 83' lang='grc' dir='ltr'>ι,</span> <span class='ocrx_word' id='word_1_343' title='bbox 2055 2488 2351 2555; x_wconf 75' lang='lat' dir='ltr'><strong>discipulos</strong></span> 
     </span>
    </p>
   </div>
   <div class='ocr_carea' id='block_1_49' title="bbox 2457 2478 4031 2559">
    <p class='ocr_par' dir='ltr' id='par_1_49' title="bbox 2460 2478 4031 2559">
     <span class='ocr_line' id='line_1_49' title="bbox 2460 2478 4031 2559; baseline -0.006 -14"><span class='ocrx_word' id='word_1_344' title='bbox 2460 2491 2571 2545; x_wconf 79' lang='grc' dir='ltr'>ἀνω</span> <span class='ocrx_word' id='word_1_345' title='bbox 2590 2489 2700 2559; x_wconf 86' lang='grc' dir='ltr'><strong>γὰρ</strong></span> <span class='ocrx_word' id='word_1_346' title='bbox 2730 2488 2821 2542; x_wconf 73' lang='grc' dir='ltr'>καὶ</span> <span class='ocrx_word' id='word_1_347' title='bbox 2845 2478 2993 2540; x_wconf 65' lang='grc' dir='ltr'>κάέω</span> <span class='ocrx_word' id='word_1_348' title='bbox 3014 2485 3276 2558; x_wconf 83' lang='grc' dir='ltr'>θρυλλεῖς,</span> <span class='ocrx_word' id='word_1_349' title='bbox 3308 2487 3381 2550; x_wconf 85' lang='grc' dir='ltr'>ὼς</span> <span class='ocrx_word' id='word_1_350' title='bbox 3405 2488 3502 2558; x_wconf 84' lang='grc' dir='ltr'><strong>οὐχ</strong></span> <span class='ocrx_word' id='word_1_351' title='bbox 3529 2487 3741 2548; x_wconf 71' lang='grc' dir='ltr'>ἑαυτὸν,</span> <span class='ocrx_word' id='word_1_352' title='bbox 3763 2485 3906 2539; x_wconf 82' lang='grc' dir='ltr'>ἀλλὰ</span> <span class='ocrx_word' id='word_1_353' title='bbox 3940 2485 4031 2537; x_wconf 71' lang='grc' dir='ltr'>τὸν</span> 
     </span>
    </p>
   </div>
   <div class='ocr_carea' id='block_1_50' title="bbox 782 2573 2360 2651">
    <p class='ocr_par' dir='ltr' id='par_1_50' title="bbox 782 2573 2346 2649">
     <span class='ocr_line' id='line_1_50' title="bbox 782 2573 2346 2649; baseline 0.008 -27"><span class='ocrx_word' id='word_1_354' title='bbox 782 2584 913 2627; x_wconf 87' lang='lat' dir='ltr'><strong>vero</strong></span> <span class='ocrx_word' id='word_1_355' title='bbox 947 2573 1278 2643; x_wconf 78' lang='lat' dir='ltr'><strong>increpabat,</strong></span> <span class='ocrx_word' id='word_1_356' title='bbox 1309 2579 1452 2646; x_wconf 89' lang='lat' dir='ltr'><strong>quod</strong></span> <span class='ocrx_word' id='word_1_357' title='bbox 1502 2588 1893 2649; x_wconf 82' lang='lat' dir='ltr'><strong>persequentes</strong></span> <span class='ocrx_word' id='word_1_358' title='bbox 1942 2596 2003 2635; x_wconf 81' lang='lat' dir='ltr'><strong>se</strong></span> <span class='ocrx_word' id='word_1_359' title='bbox 2042 2581 2346 2635; x_wconf 86' lang='lat' dir='ltr'><strong>Samarita-</strong></span> 
     </span>
    </p>
   </div>
   <div class='ocr_carea' id='block_1_51' title="bbox 2457 2573 4027 2651">
    <p class='ocr_par' dir='ltr' id='par_1_51' title="bbox 2458 2577 4027 2651">
     <span class='ocr_line' id='line_1_51' title="bbox 2458 2577 4027 2651; baseline -0.004 -17"><span class='ocrx_word' id='word_1_360' title='bbox 2458 2580 2589 2634; x_wconf 78' lang='grc' dir='ltr'>Θεὸν</span> <span class='ocrx_word' id='word_1_361' title='bbox 2622 2579 2938 2651; x_wconf 81' lang='grc' dir='ltr'>ὲξεδίκησας</span> <span class='ocrx_word' id='word_1_362' title='bbox 2957 2578 3007 2610; x_wconf 75' lang='grc'><strong>’⁸</strong></span> <span class='ocrx_word' id='word_1_363' title='bbox 3027 2577 3117 2631; x_wconf 82' lang='grc' dir='ltr'>διὰ</span> <span class='ocrx_word' id='word_1_364' title='bbox 3143 2580 3358 2642; x_wconf 85' lang='grc' dir='ltr'>κακίας,</span> <span class='ocrx_word' id='word_1_365' title='bbox 3375 2579 3497 2631; x_wconf 74' lang='grc' dir='ltr'>εἰπέ</span> <span class='ocrx_word' id='word_1_366' title='bbox 3526 2596 3637 2650; x_wconf 80' lang='grc' dir='ltr'>μοι,</span> <span class='ocrx_word' id='word_1_367' title='bbox 3668 2579 3759 2631; x_wconf 73' lang='grc' dir='ltr'>τὸν</span> <span class='ocrx_word' id='word_1_368' title='bbox 3788 2578 4027 2646; x_wconf 84' lang='grc' dir='ltr'>ἀγαθόν;</span> 
     </span>
    </p>
   </div>
   <div class='ocr_carea' id='block_1_52' title="bbox 782 2668 4022 2743">
    <p class='ocr_par' dir='ltr' id='par_1_52' title="bbox 782 2668 4022 2743">
     <span class='ocr_line' id='line_1_52' title="bbox 782 2668 4022 2743; baseline 0.002 -26"><span class='ocrx_word' id='word_1_369' title='bbox 782 2681 882 2720; x_wconf 88' lang='lat' dir='ltr'><strong>nos</strong></span> <span class='ocrx_word' id='word_1_370' title='bbox 932 2668 1225 2737; x_wconf 86' lang='lat' dir='ltr'><strong>impietatis</strong></span> <span class='ocrx_word' id='word_1_371' title='bbox 1252 2673 1544 2726; x_wconf 88' lang='lat' dir='ltr'><strong>crudeliter</strong></span> <span class='ocrx_word' id='word_1_372' title='bbox 1570 2674 1923 2727; x_wconf 84' lang='lat' dir='ltr'><strong>condemnari</strong></span> <span class='ocrx_word' id='word_1_373' title='bbox 1987 2674 2311 2743; x_wconf 75' lang='lat' dir='ltr'><strong>petivissent</strong></span> <span class='ocrx_word' id='word_1_374' title='bbox 2361 2673 2412 2726; x_wconf 71' lang='grc' dir='ltr'>δ.</span> <span class='ocrx_word' id='word_1_375' title='bbox 2453 2673 2569 2727; x_wconf 88' lang='lat' dir='ltr'><strong>lloc</strong></span> <span class='ocrx_word' id='word_1_376' title='bbox 2616 2672 2802 2742; x_wconf 86' lang='lat' dir='ltr'><strong>utique</strong></span> <span class='ocrx_word' id='word_1_377' title='bbox 2834 2672 3028 2727; x_wconf 90' lang='lat' dir='ltr'><strong>millies</strong></span> <span class='ocrx_word' id='word_1_378' title='bbox 3077 2673 3129 2726; x_wconf 92' lang='lat' dir='ltr'><strong>in</strong></span> <span class='ocrx_word' id='word_1_379' title='bbox 3168 2670 3462 2739; x_wconf 88' lang='lat' dir='ltr'><strong>impudenti</strong></span> <span class='ocrx_word' id='word_1_380' title='bbox 3516 2673 3617 2725; x_wconf 84' lang='lat' dir='ltr'><strong>ista</strong></span> <span class='ocrx_word' id='word_1_381' title='bbox 3647 2671 3907 2740; x_wconf 79' lang='lat' dir='ltr'><strong>_epistola</strong></span> <span class='ocrx_word' id='word_1_382' title='bbox 3940 2683 4022 2725; x_wconf 69' lang='lat' dir='ltr'><strong>tua</strong></span> 
     </span>
    </p>
   </div>
   <div class='ocr_carea' id='block_1_53' title="bbox 780 2760 4024 2835">
    <p class='ocr_par' dir='ltr' id='par_1_53' title="bbox 780 2760 4024 2835">
     <span class='ocr_line' id='line_1_53' title="bbox 780 2760 4024 2835; baseline 0.002 -21"><span class='ocrx_word' id='word_1_383' title='bbox 780 2760 1103 2825; x_wconf 83' lang='lat' dir='ltr'><strong>inculcatur,</strong></span> <span class='ocrx_word' id='word_1_384' title='bbox 1131 2762 1256 2817; x_wconf 84' lang='lat' dir='ltr'><strong>dum</strong></span> <span class='ocrx_word' id='word_1_385' title='bbox 1295 2777 1493 2832; x_wconf 84' lang='lat' dir='ltr'><strong>susque</strong></span> <span class='ocrx_word' id='word_1_386' title='bbox 1532 2764 1708 2835; x_wconf 88' lang='lat' dir='ltr'><strong>deque</strong></span> <span class='ocrx_word' id='word_1_387' title='bbox 1754 2766 1977 2835; x_wconf 85' lang='lat' dir='ltr'><strong>repetis,</strong></span> <span class='ocrx_word' id='word_1_388' title='bbox 2042 2774 2097 2820; x_wconf 88' lang='lat' dir='ltr'><strong>te</strong></span> <span class='ocrx_word' id='word_1_389' title='bbox 2148 2782 2255 2821; x_wconf 83' lang='lat' dir='ltr'><strong>non</strong></span> <span class='ocrx_word' id='word_1_390' title='bbox 2294 2777 2346 2819; x_wconf 82' lang='lat' dir='ltr'><strong>te</strong></span> <span class='ocrx_word' id='word_1_391' title='bbox 2385 2766 2583 2834; x_wconf 88' lang='lat' dir='ltr'><strong>ipsum,</strong></span> <span class='ocrx_word' id='word_1_392' title='bbox 2649 2766 2743 2821; x_wconf 89' lang='lat' dir='ltr'><strong>sed</strong></span> <span class='ocrx_word' id='word_1_393' title='bbox 2804 2767 2967 2820; x_wconf 85' lang='lat' dir='ltr'><strong>Deum</strong></span> <span class='ocrx_word' id='word_1_394' title='bbox 3004 2764 3174 2819; x_wconf 89' lang='lat' dir='ltr'><strong>ultum</strong></span> <span class='ocrx_word' id='word_1_395' title='bbox 3220 2778 3360 2818; x_wconf 87' lang='lat' dir='ltr'><strong>esse.</strong></span> <span class='ocrx_word' id='word_1_396' title='bbox 3422 2763 3620 2817; x_wconf 81' lang='lat' dir='ltr'><strong>Verum</strong></span> <span class='ocrx_word' id='word_1_397' title='bbox 3664 2764 3755 2818; x_wconf 85' lang='lat' dir='ltr'><strong>dic</strong></span> <span class='ocrx_word' id='word_1_398' title='bbox 3804 2764 4024 2821; x_wconf 78' lang='lat' dir='ltr'><strong>amabo.</strong></span> 
     </span>
    </p>
   </div>
   <div class='ocr_carea' id='block_1_54' title="bbox 779 2853 2488 2925">
    <p class='ocr_par' dir='ltr' id='par_1_54' title="bbox 779 2853 2488 2925">
     <span class='ocr_line' id='line_1_54' title="bbox 779 2853 2488 2925; baseline 0.001 -18"><span class='ocrx_word' id='word_1_399' title='bbox 779 2867 876 2919; x_wconf 86' lang='lat' dir='ltr'><strong>per</strong></span> <span class='ocrx_word' id='word_1_400' title='bbox 926 2853 1184 2907; x_wconf 87' lang='lat' dir='ltr'><strong>malitiam</strong></span> <span class='ocrx_word' id='word_1_401' title='bbox 1240 2869 1362 2909; x_wconf 91' lang='lat' dir='ltr'><strong>eum</strong></span> <span class='ocrx_word' id='word_1_402' title='bbox 1412 2856 1508 2925; x_wconf 90' lang='lat' dir='ltr'><strong>qui</strong></span> <span class='ocrx_word' id='word_1_403' title='bbox 1569 2872 1783 2913; x_wconf 89' lang='lat' dir='ltr'><strong>summe</strong></span> <span class='ocrx_word' id='word_1_404' title='bbox 1833 2858 2009 2912; x_wconf 81' lang='lat' dir='ltr'><strong>bonus</strong></span> <span class='ocrx_word' id='word_1_405' title='bbox 2049 2865 2133 2912; x_wconf 88' lang='lat' dir='ltr'><strong>est</strong></span> <span class='ocrx_word' id='word_1_406' title='bbox 2183 2857 2488 2912; x_wconf 76' lang='lat' dir='ltr'><strong>vindicas?</strong></span> 
     </span>
    </p>
   </div>
   <div class='ocr_carea' id='block_1_55' title="bbox 2318 3011 2458 3088">
    <p class='ocr_par' dir='ltr' id='par_1_55' title="bbox 2318 3011 2458 3088">
     <span class='ocr_line' id='line_1_55' title="bbox 2318 3011 2458 3088; baseline 0.029 -19"><span class='ocrx_word' id='word_1_407' title='bbox 2318 3011 2458 3088; x_wconf 55' lang='grc' dir='ltr'>δι’.</span> 
     </span>
    </p>
   </div>
   <div class='ocr_carea' id='block_1_56' title="bbox 850 3154 2420 3235">
    <p class='ocr_par' dir='ltr' id='par_1_56' title="bbox 850 3154 2420 3235">
     <span class='ocr_line' id='line_1_56' title="bbox 850 3154 2420 3235; baseline 0.001 -27"><span class='ocrx_word' id='word_1_408' title='bbox 850 3154 1027 3219; x_wconf 82' lang='lat' dir='ltr'><strong>Absit,</strong></span> <span class='ocrx_word' id='word_1_409' title='bbox 1082 3171 1186 3209; x_wconf 83' lang='lat' dir='ltr'><strong>non</strong></span> <span class='ocrx_word' id='word_1_410' title='bbox 1228 3155 1477 3209; x_wconf 67' lang='lat' dir='ltr'><strong>habemus</strong></span> <span class='ocrx_word' id='word_1_411' title='bbox 1514 3156 1812 3224; x_wconf 73' lang='lat' dir='ltr'><strong>pontiﬁcem</strong></span> <span class='ocrx_word' id='word_1_412' title='bbox 1834 3157 1924 3227; x_wconf 83' lang='lat' dir='ltr'><strong>qui</strong></span> <span class='ocrx_word' id='word_1_413' title='bbox 1968 3159 2348 3235; x_wconf 10' lang='lat' dir='ltr'><strong>compatirnon</strong></span> <span class='ocrx_word' id='word_1_414' title='bbox 2379 3172 2420 3228; x_wconf 71' lang='grc' dir='ltr'>ο</span> 
     </span>
    </p>
   </div>
   <div class='ocr_carea' id='block_1_57' title="bbox 774 3246 2350 3315">
    <p class='ocr_par' dir='ltr' id='par_1_57' title="bbox 774 3246 2350 3315">
     <span class='ocr_line' id='line_1_57' title="bbox 774 3246 2350 3315; baseline 0.003 -17"><span class='ocrx_word' id='word_1_415' title='bbox 774 3248 936 3315; x_wconf 70' lang='lat' dir='ltr'><strong>possit</strong></span> <span class='ocrx_word' id='word_1_416' title='bbox 972 3246 1375 3313; x_wconf 75' lang='lat' dir='ltr'><strong>inﬁrmitatibus</strong></span> <span class='ocrx_word' id='word_1_417' title='bbox 1400 3248 1591 3300; x_wconf 81' lang='lat' dir='ltr'><strong>nostris</strong></span> <span class='ocrx_word' id='word_1_418' title='bbox 1614 3258 1663 3309; x_wconf 75' lang='grc' dir='ltr'>ο,</span> <span class='ocrx_word' id='word_1_419' title='bbox 1697 3248 1790 3301; x_wconf 87' lang='lat' dir='ltr'><strong>sed</strong></span> <span class='ocrx_word' id='word_1_420' title='bbox 1812 3258 1867 3302; x_wconf 85' lang='lat' dir='ltr'><strong>et</strong></span> <span class='ocrx_word' id='word_1_421' title='bbox 1905 3248 2167 3303; x_wconf 89' lang='lat' dir='ltr'><strong>innocens</strong></span> <span class='ocrx_word' id='word_1_422' title='bbox 2189 3248 2350 3303; x_wconf 86' lang='lat' dir='ltr'><strong>mise-</strong></span> 
     </span>
    </p>
   </div>
   <div class='ocr_carea' id='block_1_58' title="bbox 779 3335 2346 3410">
    <p class='ocr_par' dir='ltr' id='par_1_58' title="bbox 779 3335 2346 3410">
     <span class='ocr_line' id='line_1_58' title="bbox 779 3335 2346 3410; baseline 0.002 -19"><span class='ocrx_word' id='word_1_423' title='bbox 779 3338 947 3391; x_wconf 79' lang='lat' dir='ltr'><strong>ricors</strong></span> <span class='ocrx_word' id='word_1_424' title='bbox 977 3345 1079 3390; x_wconf 88' lang='lat' dir='ltr'><strong>est.</strong></span> <span class='ocrx_word' id='word_1_425' title='bbox 1114 3335 1237 3390; x_wconf 74' lang='lat' dir='ltr'><strong>Non</strong></span> <span class='ocrx_word' id='word_1_426' title='bbox 1271 3338 1567 3402; x_wconf 79' lang='lat' dir='ltr'><strong>contendet,</strong></span> <span class='ocrx_word' id='word_1_427' title='bbox 1609 3354 1770 3406; x_wconf 79' lang='lat' dir='ltr'><strong>neque</strong></span> <span class='ocrx_word' id='word_1_428' title='bbox 1816 3340 2065 3394; x_wconf 79' lang='lat' dir='ltr'><strong>clamabit</strong></span> <span class='ocrx_word' id='word_1_429' title='bbox 2094 3340 2163 3406; x_wconf 72' lang='grc' dir='ltr'><strong>ἀς</strong></span> <span class='ocrx_word' id='word_1_430' title='bbox 2195 3342 2346 3410; x_wconf 84' lang='lat' dir='ltr'><strong>atqui</strong></span> 
     </span>
    </p>
   </div>
   <div class='ocr_carea' id='block_1_59' title="bbox 2529 3155 4023 3230">
    <p class='ocr_par' dir='ltr' id='par_1_59' title="bbox 2529 3155 4023 3230">
     <span class='ocr_line' id='line_1_59' title="bbox 2529 3155 4023 3230; baseline -0.001 -18"><span class='ocrx_word' id='word_1_431' title='bbox 2529 3160 2762 3227; x_wconf 74' lang='grc' dir='ltr'>Ἄπαγε,</span> <span class='ocrx_word' id='word_1_432' title='bbox 2784 3160 2889 3212; x_wconf 79' lang='grc' dir='ltr'>οὐκ</span> <span class='ocrx_word' id='word_1_433' title='bbox 2917 3159 3109 3229; x_wconf 81' lang='grc' dir='ltr'>ἔχομεν</span> <span class='ocrx_word' id='word_1_434' title='bbox 3145 3155 3405 3230; x_wconf 69' lang='grc' dir='ltr'>ἀρχιερέα</span> <span class='ocrx_word' id='word_1_435' title='bbox 3445 3158 3520 3228; x_wconf 81' lang='grc' dir='ltr'>μὴ</span> <span class='ocrx_word' id='word_1_436' title='bbox 3557 3156 3853 3228; x_wconf 81' lang='grc' dir='ltr'>δυνάμενον</span> <span class='ocrx_word' id='word_1_437' title='bbox 3891 3174 4023 3227; x_wconf 77' lang='grc' dir='ltr'>συμ-</span> 
     </span>
    </p>
   </div>
   <div class='ocr_carea' id='block_1_60' title="bbox 2453 3249 4019 3321">
    <p class='ocr_par' dir='ltr' id='par_1_60' title="bbox 2453 3249 4019 3321">
     <span class='ocr_line' id='line_1_60' title="bbox 2453 3249 4019 3321; baseline -0.001 -19"><span class='ocrx_word' id='word_1_438' title='bbox 2453 3251 2692 3321; x_wconf 85' lang='grc' dir='ltr'>παθῆσαι</span> <span class='ocrx_word' id='word_1_439' title='bbox 2722 3253 2841 3315; x_wconf 81' lang='grc' dir='ltr'>ταῖς</span> <span class='ocrx_word' id='word_1_440' title='bbox 2864 3251 3169 3313; x_wconf 82' lang='grc' dir='ltr'>ἀσθενείαις</span> <span class='ocrx_word' id='word_1_441' title='bbox 3194 3250 3370 3320; x_wconf 77' lang='grc' dir='ltr'>ἡμῶν,</span> <span class='ocrx_word' id='word_1_442' title='bbox 3397 3249 3529 3303; x_wconf 88' lang='grc' dir='ltr'><strong>άλλά</strong></span> <span class='ocrx_word' id='word_1_443' title='bbox 3557 3250 3650 3302; x_wconf 73' lang='grc' dir='ltr'>καὶ</span> <span class='ocrx_word' id='word_1_444' title='bbox 3681 3249 3888 3312; x_wconf 75' lang='grc' dir='ltr'>ἄκακός</span> <span class='ocrx_word' id='word_1_445' title='bbox 3907 3250 4019 3301; x_wconf 77' lang='grc' dir='ltr'>ἐστι</span> 
     </span>
    </p>
   </div>
   <div class='ocr_carea' id='block_1_61' title="bbox 2449 3342 4022 3415">
    <p class='ocr_par' dir='ltr' id='par_1_61' title="bbox 2449 3342 4022 3415">
     <span class='ocr_line' id='line_1_61' title="bbox 2449 3342 4022 3415; baseline 0 -19"><span class='ocrx_word' id='word_1_446' title='bbox 2449 3344 2713 3413; x_wconf 77' lang='grc' dir='ltr'>ἐλεήμων.</span> <span class='ocrx_word' id='word_1_447' title='bbox 2769 3344 2882 3397; x_wconf 87' lang='grc' dir='ltr'><strong>Οὐκ</strong></span> <span class='ocrx_word' id='word_1_448' title='bbox 2926 3343 3094 3414; x_wconf 74' lang='grc' dir='ltr'>ἐρίσει</span> <span class='ocrx_word' id='word_1_449' title='bbox 3164 3342 3283 3395; x_wconf 83' lang='grc' dir='ltr'>οὐδὲ</span> <span class='ocrx_word' id='word_1_450' title='bbox 3333 3343 3669 3415; x_wconf 80' lang='grc' dir='ltr'>κραυγάσει,</span> <span class='ocrx_word' id='word_1_451' title='bbox 3718 3343 3813 3395; x_wconf 71' lang='grc' dir='ltr'>καὶ</span> <span class='ocrx_word' id='word_1_452' title='bbox 3864 3342 4022 3406; x_wconf 73' lang='grc' dir='ltr'>αὐτὸς</span> 
     </span>
    </p>
   </div>
   <div class='ocr_carea' id='block_1_62' title="bbox 777 3426 2348 3499">
    <p class='ocr_par' dir='ltr' id='par_1_62' title="bbox 777 3426 2348 3499">
     <span class='ocr_line' id='line_1_62' title="bbox 777 3426 2348 3499; baseline 0.003 -18"><span class='ocrx_word' id='word_1_453' title='bbox 777 3428 893 3496; x_wconf 85' lang='lat' dir='ltr'><strong>ipse</strong></span> <span class='ocrx_word' id='word_1_454' title='bbox 927 3426 1075 3481; x_wconf 82' lang='lat' dir='ltr'><strong>mitis</strong></span> <span class='ocrx_word' id='word_1_455' title='bbox 1103 3438 1209 3491; x_wconf 81' lang='lat' dir='ltr'><strong>est,</strong></span> <span class='ocrx_word' id='word_1_456' title='bbox 1240 3427 1347 3482; x_wconf 89' lang='lat' dir='ltr'><strong>imo</strong></span> <span class='ocrx_word' id='word_1_457' title='bbox 1393 3428 1501 3497; x_wconf 79' lang='lat' dir='ltr'><strong>ipse</strong></span> <span class='ocrx_word' id='word_1_458' title='bbox 1532 3440 1609 3481; x_wconf 84' lang='lat' dir='ltr'><strong>est</strong></span> <span class='ocrx_word' id='word_1_459' title='bbox 1640 3432 1944 3497; x_wconf 84' lang='lat' dir='ltr'><strong>propitiatio</strong></span> <span class='ocrx_word' id='word_1_460' title='bbox 1986 3448 2079 3499; x_wconf 85' lang='lat' dir='ltr'><strong>pro</strong></span> <span class='ocrx_word' id='word_1_461' title='bbox 2116 3434 2348 3499; x_wconf 74' lang='lat' dir='ltr'><strong>peccatis</strong></span> 
     </span>
    </p>
   </div>
   <div class='ocr_carea' id='block_1_63' title="bbox 777 3514 2348 3588">
    <p class='ocr_par' dir='ltr' id='par_1_63' title="bbox 777 3514 2348 3588">
     <span class='ocr_line' id='line_1_63' title="bbox 777 3514 2348 3588; baseline 0.004 -19"><span class='ocrx_word' id='word_1_462' title='bbox 777 3514 1395 3585; x_wconf 71' lang='lat' dir='ltr'><strong>nostris°.Neqttaqttant</strong></span> <span class='ocrx_word' id='word_1_463' title='bbox 1474 3517 1656 3586; x_wconf 86' lang='lat' dir='ltr'><strong>itaque</strong></span> <span class='ocrx_word' id='word_1_464' title='bbox 1720 3520 2068 3588; x_wconf 88' lang='lat' dir='ltr'><strong>probabimus</strong></span> <span class='ocrx_word' id='word_1_465' title='bbox 2126 3522 2348 3576; x_wconf 91' lang='lat' dir='ltr'><strong>minime</strong></span> 
     </span>
    </p>
   </div>
   <div class='ocr_carea' id='block_1_64' title="bbox 776 3603 2349 3672">
    <p class='ocr_par' dir='ltr' id='par_1_64' title="bbox 776 3603 2349 3672">
     <span class='ocr_line' id='line_1_64' title="bbox 776 3603 2349 3672; baseline 0.006 -16"><span class='ocrx_word' id='word_1_466' title='bbox 776 3603 1030 3658; x_wconf 80' lang='lat' dir='ltr'><strong>zelandos</strong></span> <span class='ocrx_word' id='word_1_467' title='bbox 1056 3614 1464 3672; x_wconf 65' lang='lat' dir='ltr'><strong>conatustuos,</strong></span> <span class='ocrx_word' id='word_1_468' title='bbox 1493 3608 1707 3662; x_wconf 89' lang='lat' dir='ltr'><strong>etiamsi</strong></span> <span class='ocrx_word' id='word_1_469' title='bbox 1738 3609 1933 3664; x_wconf 89' lang='lat' dir='ltr'><strong>millies</strong></span> <span class='ocrx_word' id='word_1_470' title='bbox 1980 3609 2241 3665; x_wconf 84' lang='lat' dir='ltr'><strong>Pliineem</strong></span> <span class='ocrx_word' id='word_1_471' title='bbox 2292 3623 2349 3667; x_wconf 83' lang='lat' dir='ltr'><strong>et</strong></span> 
     </span>
    </p>
   </div>
   <div class='ocr_carea' id='block_1_65' title="bbox 777 3684 2346 3771">
    <p class='ocr_par' dir='ltr' id='par_1_65' title="bbox 777 3684 2346 3771">
     <span class='ocr_line' id='line_1_65' title="bbox 777 3684 2346 3771; baseline 0.008 -26"><span class='ocrx_word' id='word_1_472' title='bbox 777 3692 980 3747; x_wconf 89' lang='lat' dir='ltr'><strong>lleliam</strong></span> <span class='ocrx_word' id='word_1_473' title='bbox 1005 3693 1260 3760; x_wconf 84' lang='lat' dir='ltr'><strong>jactites:</strong></span> <span class='ocrx_word' id='word_1_474' title='bbox 1293 3684 1409 3752; x_wconf 70' lang='lat' dir='ltr'><strong>haec</strong></span> <span class='ocrx_word' id='word_1_475' title='bbox 1439 3699 1584 3753; x_wconf 88' lang='lat' dir='ltr'><strong>enim</strong></span> <span class='ocrx_word' id='word_1_476' title='bbox 1616 3698 1763 3760; x_wconf 74' lang='lat' dir='ltr'><strong>Jesu,</strong></span> <span class='ocrx_word' id='word_1_477' title='bbox 1790 3715 1819 3755; x_wconf 87' lang='lat' dir='ltr'><strong>a</strong></span> <span class='ocrx_word' id='word_1_478' title='bbox 1874 3701 2156 3771; x_wconf 89' lang='lat' dir='ltr'><strong>discipulis</strong></span> <span class='ocrx_word' id='word_1_479' title='bbox 2192 3718 2346 3758; x_wconf 91' lang='lat' dir='ltr'><strong>man-</strong></span> 
     </span>
    </p>
   </div>
   <div class='ocr_carea' id='block_1_66' title="bbox 778 3790 2347 3865">
    <p class='ocr_par' dir='ltr' id='par_1_66' title="bbox 778 3790 2347 3865">
     <span class='ocr_line' id='line_1_66' title="bbox 778 3790 2347 3865; baseline 0.008 -25"><span class='ocrx_word' id='word_1_480' title='bbox 778 3791 920 3843; x_wconf 86' lang='lat' dir='ltr'><strong>sueti</strong></span> <span class='ocrx_word' id='word_1_481' title='bbox 954 3790 1131 3845; x_wconf 84' lang='lat' dir='ltr'><strong>adliuc</strong></span> <span class='ocrx_word' id='word_1_482' title='bbox 1178 3792 1521 3863; x_wconf 72' lang='lat' dir='ltr'><strong>benigneque</strong></span> <span class='ocrx_word' id='word_1_483' title='bbox 1587 3795 1813 3863; x_wconf 89' lang='lat' dir='ltr'><strong>spiritus</strong></span> <span class='ocrx_word' id='word_1_484' title='bbox 1862 3797 2197 3865; x_wconf 79' lang='lat' dir='ltr'><strong>expertibus,</strong></span> <span class='ocrx_word' id='word_1_485' title='bbox 2250 3812 2347 3851; x_wconf 87' lang='lat' dir='ltr'><strong>au-</strong></span> 
     </span>
    </p>
   </div>
   <div class='ocr_carea' id='block_1_67' title="bbox 776 3882 2346 3958">
    <p class='ocr_par' dir='ltr' id='par_1_67' title="bbox 776 3882 2346 3958">
     <span class='ocr_line' id='line_1_67' title="bbox 776 3882 2346 3958; baseline 0.006 -23"><span class='ocrx_word' id='word_1_486' title='bbox 776 3882 944 3935; x_wconf 83' lang='lat' dir='ltr'><strong>dienti</strong></span> <span class='ocrx_word' id='word_1_487' title='bbox 990 3884 1210 3937; x_wconf 88' lang='lat' dir='ltr'><strong>minime</strong></span> <span class='ocrx_word' id='word_1_488' title='bbox 1245 3886 1585 3954; x_wconf 88' lang='lat' dir='ltr'><strong>placuerunt.</strong></span> <span class='ocrx_word' id='word_1_489' title='bbox 1643 3885 1781 3951; x_wconf 82' lang='lat' dir='ltr'><strong>Quin</strong></span> <span class='ocrx_word' id='word_1_490' title='bbox 1842 3897 1898 3942; x_wconf 89' lang='lat' dir='ltr'><strong>et</strong></span> <span class='ocrx_word' id='word_1_491' title='bbox 1928 3898 2111 3943; x_wconf 86' lang='lat' dir='ltr'><strong>noster</strong></span> <span class='ocrx_word' id='word_1_492' title='bbox 2134 3905 2346 3958; x_wconf 88' lang='lat' dir='ltr'><strong>quoque</strong></span> 
     </span>
    </p>
   </div>
   <div class='ocr_carea' id='block_1_68' title="bbox 776 3974 2340 4047">
    <p class='ocr_par' dir='ltr' id='par_1_68' title="bbox 776 3974 2340 4047">
     <span class='ocr_line' id='line_1_68' title="bbox 776 3974 2340 4047; baseline 0.005 -20"><span class='ocrx_word' id='word_1_493' title='bbox 776 3974 1144 4030; x_wconf 86' lang='lat' dir='ltr'><strong>divinissimus</strong></span> <span class='ocrx_word' id='word_1_494' title='bbox 1173 3977 1479 4047; x_wconf 68' lang='lat' dir='ltr'><strong>Praaceptor</strong></span> <span class='ocrx_word' id='word_1_495' title='bbox 1508 3978 1560 4031; x_wconf 89' lang='lat' dir='ltr'><strong>in</strong></span> <span class='ocrx_word' id='word_1_496' title='bbox 1600 3982 2018 4035; x_wconf 82' lang='lat' dir='ltr'><strong>nmusuetudine</strong></span> <span class='ocrx_word' id='word_1_497' title='bbox 2048 3983 2207 4035; x_wconf 81' lang='lat' dir='ltr'><strong>docet</strong></span> <span class='ocrx_word' id='word_1_498' title='bbox 2244 3995 2340 4035; x_wconf 87' lang='lat' dir='ltr'><strong>eos</strong></span> 
     </span>
    </p>
   </div>
   <div class='ocr_carea' id='block_1_69' title="bbox 774 4067 2343 4139">
    <p class='ocr_par' dir='ltr' id='par_1_69' title="bbox 774 4067 2343 4139">
     <span class='ocr_line' id='line_1_69' title="bbox 774 4067 2343 4139; baseline 0.002 -20"><span class='ocrx_word' id='word_1_499' title='bbox 774 4067 869 4135; x_wconf 86' lang='lat' dir='ltr'><strong>qui</strong></span> <span class='ocrx_word' id='word_1_500' title='bbox 922 4067 1012 4121; x_wconf 80' lang='lat' dir='ltr'><strong>Dei</strong></span> <span class='ocrx_word' id='word_1_501' title='bbox 1064 4070 1325 4125; x_wconf 65' lang='lat' dir='ltr'><strong>doctrina:</strong></span> <span class='ocrx_word' id='word_1_502' title='bbox 1373 4070 1729 4125; x_wconf 80' lang='lat' dir='ltr'><strong>adversantur</strong></span> <span class='ocrx_word' id='word_1_503' title='bbox 1779 4069 1799 4108; x_wconf 76' lang='grc' dir='ltr'><strong><em>ῖ</em></strong></span> <span class='ocrx_word' id='word_1_504' title='bbox 1850 4084 1865 4121; x_wconf 80' lang='lat'><strong>2</strong></span> <span class='ocrx_word' id='word_1_505' title='bbox 1916 4071 2094 4124; x_wconf 88' lang='lat' dir='ltr'><strong>doceri</strong></span> <span class='ocrx_word' id='word_1_506' title='bbox 2143 4073 2343 4139; x_wconf 77' lang='lat' dir='ltr'><strong>quippe</strong></span> 
     </span>
    </p>
   </div>
   <div class='ocr_carea' id='block_1_70' title="bbox 775 4158 2336 4231">
    <p class='ocr_par' dir='ltr' id='par_1_70' title="bbox 775 4158 2336 4231">
     <span class='ocr_line' id='line_1_70' title="bbox 775 4158 2336 4231; baseline 0.003 -21"><span class='ocrx_word' id='word_1_507' title='bbox 775 4158 993 4227; x_wconf 89' lang='lat' dir='ltr'><strong>ignaros</strong></span> <span class='ocrx_word' id='word_1_508' title='bbox 1022 4162 1193 4226; x_wconf 81' lang='lat' dir='ltr'><strong>decet,</strong></span> <span class='ocrx_word' id='word_1_509' title='bbox 1228 4178 1334 4216; x_wconf 91' lang='lat' dir='ltr'><strong>non</strong></span> <span class='ocrx_word' id='word_1_510' title='bbox 1370 4163 1648 4231; x_wconf 88' lang='lat' dir='ltr'><strong>suppliciis</strong></span> <span class='ocrx_word' id='word_1_511' title='bbox 1681 4160 1852 4228; x_wconf 72' lang='lat' dir='ltr'><strong>allici;</strong></span> <span class='ocrx_word' id='word_1_512' title='bbox 1880 4161 2336 4230; x_wconf 87' lang='lat' dir='ltr'><strong>quemadmodum</strong></span> 
     </span>
    </p>
   </div>
   <div class='ocr_carea' id='block_1_71' title="bbox 772 4251 2338 4315">
    <p class='ocr_par' dir='ltr' id='par_1_71' title="bbox 772 4251 2338 4315">
     <span class='ocr_line' id='line_1_71' title="bbox 772 4251 2338 4315; baseline 0.001 -13"><span class='ocrx_word' id='word_1_513' title='bbox 772 4257 824 4302; x_wconf 88' lang='lat' dir='ltr'><strong>et</strong></span> <span class='ocrx_word' id='word_1_514' title='bbox 863 4266 1035 4305; x_wconf 64' lang='lat' dir='ltr'><strong>caecos</strong></span> <span class='ocrx_word' id='word_1_515' title='bbox 1075 4252 1297 4307; x_wconf 90' lang='lat' dir='ltr'><strong>minime</strong></span> <span class='ocrx_word' id='word_1_516' title='bbox 1336 4254 1665 4315; x_wconf 89' lang='lat' dir='ltr'><strong>cruciamus.</strong></span> <span class='ocrx_word' id='word_1_517' title='bbox 1712 4253 1804 4308; x_wconf 88' lang='lat' dir='ltr'><strong>sed</strong></span> <span class='ocrx_word' id='word_1_518' title='bbox 1855 4267 2017 4307; x_wconf 87' lang='lat' dir='ltr'><strong>manu</strong></span> <span class='ocrx_word' id='word_1_519' title='bbox 2064 4251 2338 4307; x_wconf 88' lang='lat' dir='ltr'><strong>ducimus.</strong></span> 
     </span>
    </p>
   </div>
   <div class='ocr_carea' id='block_1_72' title="bbox 770 4332 2338 4415">
    <p class='ocr_par' dir='ltr' id='par_1_72' title="bbox 770 4332 2338 4415">
     <span class='ocr_line' id='line_1_72' title="bbox 770 4332 2338 4415; baseline 0.008 -29"><span class='ocrx_word' id='word_1_520' title='bbox 770 4332 974 4388; x_wconf 84' lang='lat' dir='ltr'><strong>Contra</strong></span> <span class='ocrx_word' id='word_1_521' title='bbox 1027 4354 1155 4392; x_wconf 87' lang='lat' dir='ltr'><strong>vero</strong></span> <span class='ocrx_word' id='word_1_522' title='bbox 1207 4350 1263 4393; x_wconf 89' lang='lat' dir='ltr'><strong>tu</strong></span> <span class='ocrx_word' id='word_1_523' title='bbox 1297 4342 1416 4395; x_wconf 88' lang='lat' dir='ltr'><strong>viro</strong></span> <span class='ocrx_word' id='word_1_524' title='bbox 1451 4345 1721 4415; x_wconf 88' lang='lat' dir='ltr'><strong>respirare</strong></span> <span class='ocrx_word' id='word_1_525' title='bbox 1753 4346 1808 4399; x_wconf 90' lang='lat' dir='ltr'><strong>in</strong></span> <span class='ocrx_word' id='word_1_526' title='bbox 1844 4345 2019 4399; x_wconf 88' lang='lat' dir='ltr'><strong>lucem</strong></span> <span class='ocrx_word' id='word_1_527' title='bbox 2068 4346 2338 4399; x_wconf 89' lang='lat' dir='ltr'><strong>inchoanti</strong></span> 
     </span>
    </p>
   </div>
   <div class='ocr_carea' id='block_1_73' title="bbox 769 4424 2339 4505">
    <p class='ocr_par' dir='ltr' id='par_1_73' title="bbox 769 4424 2339 4505">
     <span class='ocr_line' id='line_1_73' title="bbox 769 4424 2339 4505; baseline 0.014 -30"><span class='ocrx_word' id='word_1_528' title='bbox 769 4424 1057 4494; x_wconf 81' lang='lat' dir='ltr'><strong>colaphum</strong></span> <span class='ocrx_word' id='word_1_529' title='bbox 1121 4430 1466 4501; x_wconf 82' lang='lat' dir='ltr'><strong>impingetido</strong></span> <span class='ocrx_word' id='word_1_530' title='bbox 1518 4437 1822 4502; x_wconf 86' lang='lat' dir='ltr'><strong>obstitisti,</strong></span> <span class='ocrx_word' id='word_1_531' title='bbox 1884 4436 2339 4505; x_wconf 79' lang='lat' dir='ltr'><strong>accedentemqlte</strong></span> 
     </span>
    </p>
   </div>
   <div class='ocr_carea' id='block_1_74' title="bbox 2450 3433 4019 3509">
    <p class='ocr_par' dir='ltr' id='par_1_74' title="bbox 2450 3433 4019 3509">
     <span class='ocr_line' id='line_1_74' title="bbox 2450 3433 4019 3509; baseline -0.002 -20"><span class='ocrx_word' id='word_1_532' title='bbox 2450 3437 2656 3509; x_wconf 80' lang='grc' dir='ltr'>πραῢς,</span> <span class='ocrx_word' id='word_1_533' title='bbox 2692 3436 2785 3490; x_wconf 79' lang='grc' dir='ltr'>καὶ</span> <span class='ocrx_word' id='word_1_534' title='bbox 2823 3435 2984 3498; x_wconf 82' lang='grc' dir='ltr'>αὐτὸς</span> <span class='ocrx_word' id='word_1_535' title='bbox 3025 3433 3247 3505; x_wconf 82' lang='grc' dir='ltr'>ἱλασμός</span> <span class='ocrx_word' id='word_1_536' title='bbox 3282 3434 3398 3485; x_wconf 71' lang='grc' dir='ltr'>ἐστι</span> <span class='ocrx_word' id='word_1_537' title='bbox 3434 3435 3560 3503; x_wconf 77' lang='grc' dir='ltr'>περὶ</span> <span class='ocrx_word' id='word_1_538' title='bbox 3593 3434 3699 3486; x_wconf 85' lang='grc' dir='ltr'>τῶν</span> <span class='ocrx_word' id='word_1_539' title='bbox 3739 3434 4019 3505; x_wconf 73' lang='grc' dir='ltr'>ἀμαρτιιῖιν</span> 
     </span>
    </p>
   </div>
   <div class='ocr_carea' id='block_1_75' title="bbox 2448 3522 4018 3601">
    <p class='ocr_par' dir='ltr' id='par_1_75' title="bbox 2448 3522 4018 3601">
     <span class='ocr_line' id='line_1_75' title="bbox 2448 3522 4018 3601; baseline -0.004 -19"><span class='ocrx_word' id='word_1_540' title='bbox 2448 3529 2625 3601; x_wconf 72' lang='grc' dir='ltr'>ἡμῶν.</span> <span class='ocrx_word' id='word_1_541' title='bbox 2670 3530 2829 3581; x_wconf 83' lang='grc' dir='ltr'>Ὥστε</span> <span class='ocrx_word' id='word_1_542' title='bbox 2867 3527 2966 3580; x_wconf 80' lang='grc' dir='ltr'>οὐκ</span> <span class='ocrx_word' id='word_1_543' title='bbox 3022 3524 3392 3595; x_wconf 83' lang='grc' dir='ltr'>άποδεξόμεθά</span> <span class='ocrx_word' id='word_1_544' title='bbox 3439 3540 3532 3576; x_wconf 88' lang='grc' dir='ltr'><strong>σου</strong></span> <span class='ocrx_word' id='word_1_545' title='bbox 3571 3522 3671 3587; x_wconf 80' lang='grc' dir='ltr'>τὰς</span> <span class='ocrx_word' id='word_1_546' title='bbox 3703 3522 4018 3593; x_wconf 74' lang='grc' dir='ltr'>ἀζηλώτους</span> 
     </span>
    </p>
   </div>
   <div class='ocr_carea' id='block_1_76' title="bbox 2445 3608 4019 3692">
    <p class='ocr_par' dir='ltr' id='par_1_76' title="bbox 2445 3608 4019 3692">
     <span class='ocr_line' id='line_1_76' title="bbox 2445 3608 4019 3692; baseline -0.008 -19"><span class='ocrx_word' id='word_1_547' title='bbox 2445 3621 2642 3692; x_wconf 83' lang='grc' dir='ltr'>ὁρμὰς,</span> <span class='ocrx_word' id='word_1_548' title='bbox 2682 3621 2790 3673; x_wconf 80' lang='grc' dir='ltr'>οὐδ’</span> <span class='ocrx_word' id='word_1_549' title='bbox 2818 3623 2869 3673; x_wconf 75' lang='grc' dir='ltr'><strong>εί</strong></span> <span class='ocrx_word' id='word_1_550' title='bbox 2900 3620 3154 3690; x_wconf 85' lang='grc' dir='ltr'>μυριάκις</span> <span class='ocrx_word' id='word_1_551' title='bbox 3191 3615 3480 3678; x_wconf 85' lang='grc' dir='ltr'>ἀναλάϐοις</span> <span class='ocrx_word' id='word_1_552' title='bbox 3502 3616 3522 3647; x_wconf 81' lang='grc'><strong>⁸</strong></span> <span class='ocrx_word' id='word_1_553' title='bbox 3558 3616 3648 3667; x_wconf 83' lang='grc' dir='ltr'>τὸν</span> <span class='ocrx_word' id='word_1_554' title='bbox 3695 3618 3885 3680; x_wconf 63' lang='grc' dir='ltr'>Φινεὲς</span> <span class='ocrx_word' id='word_1_555' title='bbox 3923 3608 4019 3670; x_wconf 84' lang='grc' dir='ltr'>καὶ</span> 
     </span>
    </p>
   </div>
   <div class='ocr_carea' id='block_1_77' title="bbox 2448 3708 4012 3782">
    <p class='ocr_par' dir='ltr' id='par_1_77' title="bbox 2448 3708 4012 3782">
     <span class='ocr_line' id='line_1_77' title="bbox 2448 3708 4012 3782; baseline -0.006 -13"><span class='ocrx_word' id='word_1_556' title='bbox 2448 3716 2537 3769; x_wconf 76' lang='grc' dir='ltr'>τὸν</span> <span class='ocrx_word' id='word_1_557' title='bbox 2597 3714 2818 3769; x_wconf 84' lang='grc' dir='ltr'>Ἠλίαν·</span> <span class='ocrx_word' id='word_1_558' title='bbox 2859 3712 3032 3765; x_wconf 86' lang='grc' dir='ltr'>ταῦτα</span> <span class='ocrx_word' id='word_1_559' title='bbox 3069 3710 3177 3782; x_wconf 86' lang='grc' dir='ltr'><strong>γάρ</strong></span> <span class='ocrx_word' id='word_1_560' title='bbox 3220 3709 3485 3763; x_wconf 85' lang='grc' dir='ltr'>ἀκούοντα</span> <span class='ocrx_word' id='word_1_561' title='bbox 3521 3709 3613 3762; x_wconf 82' lang='grc' dir='ltr'>τὸν</span> <span class='ocrx_word' id='word_1_562' title='bbox 3664 3708 3874 3776; x_wconf 81' lang='grc' dir='ltr'>Ἰησοῦν</span> <span class='ocrx_word' id='word_1_563' title='bbox 3918 3710 4012 3760; x_wconf 71' lang='grc' dir='ltr'>οὐκ</span> 
     </span>
    </p>
   </div>
   <div class='ocr_carea' id='block_1_78' title="bbox 2446 3798 4013 3877">
    <p class='ocr_par' dir='ltr' id='par_1_78' title="bbox 2446 3798 4013 3877">
     <span class='ocr_line' id='line_1_78' title="bbox 2446 3798 4013 3877; baseline -0.007 -17"><span class='ocrx_word' id='word_1_564' title='bbox 2446 3806 2769 3877; x_wconf 73' lang='grc' dir='ltr'>ἧρεσκον,οἱ</span> <span class='ocrx_word' id='word_1_565' title='bbox 2808 3802 2900 3856; x_wconf 89' lang='grc' dir='ltr'><strong>τοῦ</strong></span> <span class='ocrx_word' id='word_1_566' title='bbox 2941 3802 3143 3873; x_wconf 84' lang='grc' dir='ltr'>πραέος</span> <span class='ocrx_word' id='word_1_567' title='bbox 3179 3801 3298 3855; x_wconf 85' lang='grc' dir='ltr'>τότε</span> <span class='ocrx_word' id='word_1_568' title='bbox 3338 3801 3430 3855; x_wconf 74' lang='grc' dir='ltr'>καὶ</span> <span class='ocrx_word' id='word_1_569' title='bbox 3466 3798 3668 3867; x_wconf 80' lang='grc' dir='ltr'>ἀγαθοῦ</span> <span class='ocrx_word' id='word_1_570' title='bbox 3709 3798 4013 3867; x_wconf 79' lang='grc' dir='ltr'>πνεύματος</span> 
     </span>
    </p>
   </div>
   <div class='ocr_carea' id='block_1_79' title="bbox 2444 3881 4011 3961">
    <p class='ocr_par' dir='ltr' id='par_1_79' title="bbox 2444 3881 4011 3961">
     <span class='ocr_line' id='line_1_79' title="bbox 2444 3881 4011 3961; baseline -0.006 -18"><span class='ocrx_word' id='word_1_571' title='bbox 2444 3892 2695 3961; x_wconf 84' lang='grc' dir='ltr'>ἀμέτοχοι</span> <span class='ocrx_word' id='word_1_572' title='bbox 2738 3888 2992 3960; x_wconf 89' lang='grc' dir='ltr'>μαθηταί.</span> <span class='ocrx_word' id='word_1_573' title='bbox 3058 3889 3168 3941; x_wconf 76' lang='grc' dir='ltr'><strong>Καὶ</strong></span> <span class='ocrx_word' id='word_1_574' title='bbox 3212 3886 3321 3958; x_wconf 84' lang='grc' dir='ltr'><strong>γὰρ</strong></span> <span class='ocrx_word' id='word_1_575' title='bbox 3359 3886 3452 3939; x_wconf 69' lang='grc' dir='ltr'>καὶ</span> <span class='ocrx_word' id='word_1_576' title='bbox 3485 3888 3513 3939; x_wconf 89' lang='lat'><strong>6</strong></span> <span class='ocrx_word' id='word_1_577' title='bbox 3549 3884 3823 3946; x_wconf 87' lang='grc' dir='ltr'>θειότατος</span> <span class='ocrx_word' id='word_1_578' title='bbox 3863 3881 4011 3952; x_wconf 78' lang='grc' dir='ltr'>ἡμῶν</span> 
     </span>
    </p>
   </div>
   <div class='ocr_carea' id='block_1_80' title="bbox 2446 3974 4009 4054">
    <p class='ocr_par' dir='ltr' id='par_1_80' title="bbox 2446 3974 4009 4054">
     <span class='ocr_line' id='line_1_80' title="bbox 2446 3974 4009 4054; baseline -0.007 -19"><span class='ocrx_word' id='word_1_579' title='bbox 2446 3982 2718 4054; x_wconf 80' lang='grc' dir='ltr'>ίεροθέτης</span> <span class='ocrx_word' id='word_1_580' title='bbox 2767 3983 2826 4034; x_wconf 84' lang='grc' dir='ltr'>ὲν</span> <span class='ocrx_word' id='word_1_581' title='bbox 2876 3980 3144 4052; x_wconf 86' lang='grc' dir='ltr'>πραότητι</span> <span class='ocrx_word' id='word_1_582' title='bbox 3192 3977 3430 4031; x_wconf 81' lang='grc' dir='ltr'>διδάσκει</span> <span class='ocrx_word' id='word_1_583' title='bbox 3477 3978 3603 4040; x_wconf 77' lang='grc' dir='ltr'>τοὺς</span> <span class='ocrx_word' id='word_1_584' title='bbox 3640 3974 4009 4041; x_wconf 76' lang='grc' dir='ltr'>ἀντιδιαθεμέ-</span> 
     </span>
    </p>
   </div>
   <div class='ocr_carea' id='block_1_81' title="bbox 2442 4067 4010 4148">
    <p class='ocr_par' dir='ltr' id='par_1_81' title="bbox 2442 4067 4010 4148">
     <span class='ocr_line' id='line_1_81' title="bbox 2442 4067 4010 4148; baseline -0.008 -18"><span class='ocrx_word' id='word_1_585' title='bbox 2442 4094 2565 4141; x_wconf 85' lang='grc' dir='ltr'>νους</span> <span class='ocrx_word' id='word_1_586' title='bbox 2588 4077 2605 4108; x_wconf 77' lang='grc'><strong>⁷</strong></span> <span class='ocrx_word' id='word_1_587' title='bbox 2626 4079 2692 4148; x_wconf 78' lang='grc' dir='ltr'>τῇ</span> <span class='ocrx_word' id='word_1_588' title='bbox 2716 4075 3031 4146; x_wconf 76' lang='grc' dir='ltr'>διδασκαλίᾳ</span> <span class='ocrx_word' id='word_1_589' title='bbox 3042 4074 3135 4127; x_wconf 88' lang='grc' dir='ltr'><strong>τοῦ</strong></span> <span class='ocrx_word' id='word_1_590' title='bbox 3161 4072 3293 4125; x_wconf 86' lang='grc' dir='ltr'>Θεοῦ</span> <span class='ocrx_word' id='word_1_591' title='bbox 3314 4090 3325 4103; x_wconf 81' lang='grc'><strong>·</strong></span> <span class='ocrx_word' id='word_1_592' title='bbox 3348 4069 3690 4125; x_wconf 87' lang='grc' dir='ltr'>διδάσκεσθαι</span> <span class='ocrx_word' id='word_1_593' title='bbox 3707 4067 3837 4137; x_wconf 79' lang='grc' dir='ltr'>γὰρ,</span> <span class='ocrx_word' id='word_1_594' title='bbox 3860 4067 3916 4120; x_wconf 78' lang='grc' dir='ltr'>οὐ</span> <span class='ocrx_word' id='word_1_595' title='bbox 3934 4083 4010 4117; x_wconf 86' lang='grc' dir='ltr'>τι-</span> 
     </span>
    </p>
   </div>
   <div class='ocr_carea' id='block_1_82' title="bbox 2446 4158 4007 4239">
    <p class='ocr_par' dir='ltr' id='par_1_82' title="bbox 2446 4158 4007 4239">
     <span class='ocr_line' id='line_1_82' title="bbox 2446 4158 4007 4239; baseline -0.008 -18"><span class='ocrx_word' id='word_1_596' title='bbox 2446 4168 2745 4239; x_wconf 83' lang='grc' dir='ltr'>μωρεῖσθαι</span> <span class='ocrx_word' id='word_1_597' title='bbox 2773 4167 2877 4239; x_wconf 85' lang='grc' dir='ltr'><strong>χρὴ</strong></span> <span class='ocrx_word' id='word_1_598' title='bbox 2904 4168 3032 4229; x_wconf 78' lang='grc' dir='ltr'>τοὺς</span> <span class='ocrx_word' id='word_1_599' title='bbox 3064 4164 3412 4234; x_wconf 87' lang='grc' dir='ltr'>ἀγνοοῦντας,</span> <span class='ocrx_word' id='word_1_600' title='bbox 3443 4162 3633 4232; x_wconf 84' lang='grc' dir='ltr'>ὥσπερ</span> <span class='ocrx_word' id='word_1_601' title='bbox 3658 4161 3753 4213; x_wconf 78' lang='grc' dir='ltr'>καὶ</span> <span class='ocrx_word' id='word_1_602' title='bbox 3778 4158 4007 4227; x_wconf 50' lang='lat' dir='ltr'><strong>melo-2t;</strong></span> 
     </span>
    </p>
   </div>
   <div class='ocr_carea' id='block_1_83' title="bbox 2439 4250 4005 4329">
    <p class='ocr_par' dir='ltr' id='par_1_83' title="bbox 2439 4250 4005 4329">
     <span class='ocr_line' id='line_1_83' title="bbox 2439 4250 4005 4329; baseline -0.005 -18"><span class='ocrx_word' id='word_1_603' title='bbox 2439 4259 2503 4311; x_wconf 80' lang='grc' dir='ltr'>οὐ</span> <span class='ocrx_word' id='word_1_604' title='bbox 2556 4258 2872 4329; x_wconf 77' lang='grc' dir='ltr'>κολάζομεν,</span> <span class='ocrx_word' id='word_1_605' title='bbox 2916 4257 3049 4310; x_wconf 84' lang='grc' dir='ltr'>ἀλλὰ</span> <span class='ocrx_word' id='word_1_606' title='bbox 3088 4256 3182 4310; x_wconf 72' lang='grc' dir='ltr'>καὶ</span> <span class='ocrx_word' id='word_1_607' title='bbox 3220 4253 3682 4326; x_wconf 84' lang='grc' dir='ltr'>χειραγωγοῦμεν.</span> <span class='ocrx_word' id='word_1_608' title='bbox 3725 4253 3797 4305; x_wconf 72' lang='grc' dir='ltr'><strong>Σὺ</strong></span> <span class='ocrx_word' id='word_1_609' title='bbox 3831 4253 3890 4305; x_wconf 76' lang='grc' dir='ltr'>δὲ</span> <span class='ocrx_word' id='word_1_610' title='bbox 3919 4250 4005 4304; x_wconf 77' lang='grc' dir='ltr'>καὶ</span> 
     </span>
    </p>
   </div>
   <div class='ocr_carea' id='block_1_84' title="bbox 2443 4341 4005 4417">
    <p class='ocr_par' dir='ltr' id='par_1_84' title="bbox 2443 4341 4005 4417">
     <span class='ocr_line' id='line_1_84' title="bbox 2443 4341 4005 4417; baseline -0.006 -16"><span class='ocrx_word' id='word_1_611' title='bbox 2443 4348 2721 4401; x_wconf 81' lang='grc' dir='ltr'>ἀνανεύειν</span> <span class='ocrx_word' id='word_1_612' title='bbox 2747 4349 2838 4400; x_wconf 74' lang='grc' dir='ltr'><strong>ἐπὶ</strong></span> <span class='ocrx_word' id='word_1_613' title='bbox 2856 4347 2917 4401; x_wconf 82' lang='grc' dir='ltr'>τὸ</span> <span class='ocrx_word' id='word_1_614' title='bbox 2944 4346 3057 4415; x_wconf 86' lang='grc' dir='ltr'><strong>φῶς</strong></span> <span class='ocrx_word' id='word_1_615' title='bbox 3086 4347 3370 4417; x_wconf 82' lang='grc' dir='ltr'>ἀρχομένῳ</span> <span class='ocrx_word' id='word_1_616' title='bbox 3404 4344 3589 4415; x_wconf 65' lang='grc' dir='ltr'><strong>τάνδρὶ¹</strong></span> <span class='ocrx_word' id='word_1_617' title='bbox 3612 4341 3753 4395; x_wconf 87' lang='grc' dir='ltr'><strong>κατά</strong></span> <span class='ocrx_word' id='word_1_618' title='bbox 3772 4342 3873 4410; x_wconf 74' lang='grc' dir='ltr'>τῆς</span> <span class='ocrx_word' id='word_1_619' title='bbox 3892 4342 4005 4411; x_wconf 74' lang='grc' dir='ltr'>κόρ-</span> 
     </span>
    </p>
   </div>
   <div class='ocr_carea' id='block_1_85' title="bbox 2448 4432 4003 4509">
    <p class='ocr_par' dir='ltr' id='par_1_85' title="bbox 2448 4432 4003 4509">
     <span class='ocr_line' id='line_1_85' title="bbox 2448 4432 4003 4509; baseline -0.017 -6"><span class='ocrx_word' id='word_1_620' title='bbox 2448 4440 2545 4509; x_wconf 74' lang='grc' dir='ltr'>ρης</span> <span class='ocrx_word' id='word_1_621' title='bbox 2584 4438 2757 4499; x_wconf 76' lang='grc' dir='ltr'>διδοὺς</span> <span class='ocrx_word' id='word_1_622' title='bbox 2795 4438 3070 4501; x_wconf 82' lang='grc' dir='ltr'>ἀντὼθεις,</span> <span class='ocrx_word' id='word_1_623' title='bbox 3112 4436 3205 4489; x_wconf 75' lang='grc' dir='ltr'>καὶ</span> <span class='ocrx_word' id='word_1_624' title='bbox 3227 4435 3360 4506; x_wconf 86' lang='grc' dir='ltr'>μετὰ</span> <span class='ocrx_word' id='word_1_625' title='bbox 3383 4433 3582 4504; x_wconf 82' lang='grc' dir='ltr'>πολλῆς</span> <span class='ocrx_word' id='word_1_626' title='bbox 3622 4432 3804 4495; x_wconf 79' lang='grc' dir='ltr'>αἰδοῦς</span> <span class='ocrx_word' id='word_1_627' title='bbox 3843 4448 4003 4503; x_wconf 74' lang='grc' dir='ltr'>προσ-</span> 
     </span>
    </p>
   </div>
   <div class='ocr_carea' id='block_1_86' title="bbox 773 4516 2360 4598">
    <p class='ocr_par' dir='ltr' id='par_1_86' title="bbox 773 4521 2338 4597">
     <span class='ocr_line' id='line_1_86' title="bbox 773 4521 2338 4597; baseline 0.01 -30"><span class='ocrx_word' id='word_1_628' title='bbox 773 4532 985 4571; x_wconf 85' lang='lat' dir='ltr'><strong>summa</strong></span> <span class='ocrx_word' id='word_1_629' title='bbox 1021 4521 1363 4587; x_wconf 85' lang='lat' dir='ltr'><strong>verecundia,</strong></span> <span class='ocrx_word' id='word_1_630' title='bbox 1400 4527 1685 4581; x_wconf 88' lang='lat' dir='ltr'><strong>temerarie</strong></span> <span class='ocrx_word' id='word_1_631' title='bbox 1717 4527 1963 4597; x_wconf 84' lang='lat' dir='ltr'><strong>repulisti</strong></span> <span class='ocrx_word' id='word_1_632' title='bbox 1992 4522 2338 4595; x_wconf 87' lang='lat' dir='ltr'><strong>illum,quetn</strong></span> 
     </span>
    </p>
   </div>
   <div class='ocr_carea' id='block_1_87' title="bbox 2457 4516 4002 4598">
    <p class='ocr_par' dir='ltr' id='par_1_87' title="bbox 2457 4521 4002 4598">
     <span class='ocr_line' id='line_1_87' title="bbox 2457 4521 4002 4598; baseline -0.005 -19"><span class='ocrx_word' id='word_1_633' title='bbox 2457 4528 2590 4580; x_wconf 83' lang='grc' dir='ltr'>,όντα</span> <span class='ocrx_word' id='word_1_634' title='bbox 2604 4526 2847 4598; x_wconf 75' lang='grc' dir='ltr'>θρασέως</span> <span class='ocrx_word' id='word_1_635' title='bbox 2870 4524 3226 4589; x_wconf 78' lang='grc' dir='ltr'>ἀπελάκτιςες</span> <span class='ocrx_word' id='word_1_636' title='bbox 3250 4527 3263 4578; x_wconf 91' lang='lat'><strong>!</strong></span> <span class='ocrx_word' id='word_1_637' title='bbox 3295 4523 3471 4595; x_wconf 90' lang='grc' dir='ltr'>(τοῦτο</span> <span class='ocrx_word' id='word_1_638' title='bbox 3492 4523 3554 4594; x_wconf 81' lang='grc' dir='ltr'>δὴ</span> <span class='ocrx_word' id='word_1_639' title='bbox 3580 4522 3639 4575; x_wconf 80' lang='grc' dir='ltr'>τὸ</span> <span class='ocrx_word' id='word_1_640' title='bbox 3660 4522 3863 4592; x_wconf 83' lang='grc' dir='ltr'>πολλῆς</span> <span class='ocrx_word' id='word_1_641' title='bbox 3896 4521 4002 4591; x_wconf 79' lang='grc' dir='ltr'>φρί-</span> 
     </span>
    </p>
   </div>
   <div class='ocr_carea' id='block_1_88' title="bbox 772 4609 2338 4681">
    <p class='ocr_par' dir='ltr' id='par_1_88' title="bbox 772 4609 2338 4681">
     <span class='ocr_line' id='line_1_88' title="bbox 772 4609 2338 4681; baseline 0.006 -21"><span class='ocrx_word' id='word_1_642' title='bbox 772 4609 939 4673; x_wconf 82' lang='lat' dir='ltr'><strong>tquod</strong></span> <span class='ocrx_word' id='word_1_643' title='bbox 1007 4610 1235 4667; x_wconf 87' lang='lat' dir='ltr'><strong>horrore</strong></span> <span class='ocrx_word' id='word_1_644' title='bbox 1270 4614 1492 4681; x_wconf 82' lang='lat' dir='ltr'><strong>dignum</strong></span> <span class='ocrx_word' id='word_1_645' title='bbox 1523 4618 1643 4675; x_wconf 83' lang='lat' dir='ltr'><strong>esti</strong></span> <span class='ocrx_word' id='word_1_646' title='bbox 1674 4618 1922 4673; x_wconf 84' lang='lat' dir='ltr'><strong>Christus</strong></span> <span class='ocrx_word' id='word_1_647' title='bbox 1978 4617 2031 4672; x_wconf 91' lang='lat' dir='ltr'><strong>in</strong></span> <span class='ocrx_word' id='word_1_648' title='bbox 2067 4617 2338 4671; x_wconf 88' lang='lat' dir='ltr'><strong>montibus</strong></span> 
     </span>
    </p>
   </div>
   <div class='ocr_carea' id='block_1_89' title="bbox 772 4700 2339 4781">
    <p class='ocr_par' dir='ltr' id='par_1_89' title="bbox 772 4700 2339 4781">
     <span class='ocr_line' id='line_1_89' title="bbox 772 4700 2339 4781; baseline 0.013 -33"><span class='ocrx_word' id='word_1_649' title='bbox 772 4700 1135 4757; x_wconf 81' lang='lat' dir='ltr'><strong>errabundum</strong></span> <span class='ocrx_word' id='word_1_650' title='bbox 1169 4703 1572 4778; x_wconf 79' lang='lat' dir='ltr'><strong>fugientemque</strong></span> <span class='ocrx_word' id='word_1_651' title='bbox 1604 4716 1843 4776; x_wconf 75' lang='lat' dir='ltr'><strong>revocat,</strong></span> <span class='ocrx_word' id='word_1_652' title='bbox 1889 4713 2089 4781; x_wconf 82' lang='lat' dir='ltr'><strong>vixque</strong></span> <span class='ocrx_word' id='word_1_653' title='bbox 2148 4723 2339 4780; x_wconf 86' lang='lat' dir='ltr'><strong>reper-</strong></span> 
     </span>
    </p>
   </div>
   <div class='ocr_carea' id='block_1_90' title="bbox 776 4792 2340 4871">
    <p class='ocr_par' dir='ltr' id='par_1_90' title="bbox 776 4792 2340 4871">
     <span class='ocr_line' id='line_1_90' title="bbox 776 4792 2340 4871; baseline 0.011 -30"><span class='ocrx_word' id='word_1_654' title='bbox 776 4798 885 4843; x_wconf 88' lang='lat' dir='ltr'><strong>tum</strong></span> <span class='ocrx_word' id='word_1_655' title='bbox 915 4792 965 4845; x_wconf 91' lang='lat' dir='ltr'><strong>in</strong></span> <span class='ocrx_word' id='word_1_656' title='bbox 1014 4797 1271 4853; x_wconf 85' lang='lat' dir='ltr'><strong>humeros</strong></span> <span class='ocrx_word' id='word_1_657' title='bbox 1314 4799 1450 4854; x_wconf 86' lang='lat' dir='ltr'><strong>tollit</strong></span> <span class='ocrx_word' id='word_1_658' title='bbox 1476 4804 1522 4854; x_wconf 71' lang='grc' dir='ltr'>ις.</span> <span class='ocrx_word' id='word_1_659' title='bbox 1556 4801 1654 4865; x_wconf 77' lang='lat' dir='ltr'><strong>Ne,</strong></span> <span class='ocrx_word' id='word_1_660' title='bbox 1694 4818 1897 4871; x_wconf 60' lang='lat' dir='ltr'><strong>quasso,</strong></span> <span class='ocrx_word' id='word_1_661' title='bbox 1927 4813 2038 4858; x_wconf 89' lang='lat' dir='ltr'><strong>tam</strong></span> <span class='ocrx_word' id='word_1_662' title='bbox 2072 4801 2212 4859; x_wconf 90' lang='lat' dir='ltr'><strong>male</strong></span> <span class='ocrx_word' id='word_1_663' title='bbox 2246 4819 2340 4858; x_wconf 87' lang='lat' dir='ltr'><strong>no-</strong></span> 
     </span>
    </p>
   </div>
   <div class='ocr_carea' id='block_1_91' title="bbox 774 4882 2335 4965">
    <p class='ocr_par' dir='ltr' id='par_1_91' title="bbox 774 4882 2335 4965">
     <span class='ocr_line' id='line_1_91' title="bbox 774 4882 2335 4965; baseline 0.01 -30"><span class='ocrx_word' id='word_1_664' title='bbox 774 4882 855 4936; x_wconf 85' lang='lat' dir='ltr'><strong>bis</strong></span> <span class='ocrx_word' id='word_1_665' title='bbox 889 4882 1022 4955; x_wconf 86' lang='lat' dir='ltr'><strong>ipsis</strong></span> <span class='ocrx_word' id='word_1_666' title='bbox 1046 4888 1413 4957; x_wconf 89' lang='lat' dir='ltr'><strong>consulamus,</strong></span> <span class='ocrx_word' id='word_1_667' title='bbox 1428 4908 1611 4962; x_wconf 85' lang='lat' dir='ltr'><strong>neque</strong></span> <span class='ocrx_word' id='word_1_668' title='bbox 1634 4895 1870 4963; x_wconf 84' lang='lat' dir='ltr'><strong>gladium</strong></span> <span class='ocrx_word' id='word_1_669' title='bbox 1902 4896 1952 4949; x_wconf 91' lang='lat' dir='ltr'><strong>in</strong></span> <span class='ocrx_word' id='word_1_670' title='bbox 1976 4896 2335 4965; x_wconf 86' lang='lat' dir='ltr'><strong>nosmetipsos</strong></span> 
     </span>
    </p>
   </div>
   <div class='ocr_carea' id='block_1_92' title="bbox 846 5140 2222 5210">
    <p class='ocr_par' dir='ltr' id='par_1_92' title="bbox 846 5140 2222 5210">
     <span class='ocr_line' id='line_1_92' title="bbox 846 5140 2222 5210; baseline 0.004 -15"><span class='ocrx_word' id='word_1_671' title='bbox 846 5154 871 5181; x_wconf 78' lang='grc' dir='ltr'><strong>ι</strong></span> <span class='ocrx_word' id='word_1_672' title='bbox 914 5140 1077 5198; x_wconf 80' lang='lat' dir='ltr'><strong>Hebr.</strong></span> <span class='ocrx_word' id='word_1_673' title='bbox 1102 5159 1201 5208; x_wconf 77' lang='lat' dir='ltr'><strong>vit,</strong></span> <span class='ocrx_word' id='word_1_674' title='bbox 1234 5146 1325 5202; x_wconf 72' lang='lat'><strong>26.</strong></span> <span class='ocrx_word' id='word_1_675' title='bbox 1402 5156 1431 5195; x_wconf 71' lang='grc' dir='ltr'><strong><em>γ</em></strong></span> <span class='ocrx_word' id='word_1_676' title='bbox 1464 5145 1621 5200; x_wconf 83' lang='lat' dir='ltr'><strong>Joan.</strong></span> <span class='ocrx_word' id='word_1_677' title='bbox 1661 5161 1713 5209; x_wconf 70' lang='grc' dir='ltr'><strong>κ,</strong></span> <span class='ocrx_word' id='word_1_678' title='bbox 1751 5144 1836 5210; x_wconf 57' lang='lat' dir='ltr'><strong>li;</strong></span> <span class='ocrx_word' id='word_1_679' title='bbox 1872 5143 2003 5210; x_wconf 71' lang='lat' dir='ltr'><strong>Luc.</strong></span> <span class='ocrx_word' id='word_1_680' title='bbox 2042 5161 2131 5207; x_wconf 76' lang='lat' dir='ltr'><strong>xv,</strong></span> <span class='ocrx_word' id='word_1_681' title='bbox 2170 5146 2222 5198; x_wconf 90' lang='lat'><strong>6.</strong></span> 
     </span>
    </p>
   </div>
   <div class='ocr_carea' id='block_1_93' title="bbox 2304 5145 2868 5209">
    <p class='ocr_par' dir='ltr' id='par_1_93' title="bbox 2304 5145 2868 5209">
     <span class='ocr_line' id='line_1_93' title="bbox 2304 5145 2868 5209; baseline 0 -12"><span class='ocrx_word' id='word_1_682' title='bbox 2304 5156 2324 5182; x_wconf 77' lang='grc' dir='ltr'><strong>ι</strong></span> <span class='ocrx_word' id='word_1_683' title='bbox 2364 5147 2550 5199; x_wconf 76' lang='lat' dir='ltr'><strong>Matth.</strong></span> <span class='ocrx_word' id='word_1_684' title='bbox 2586 5160 2742 5209; x_wconf 77' lang='lat' dir='ltr'><strong>xvttt,</strong></span> <span class='ocrx_word' id='word_1_685' title='bbox 2778 5145 2868 5199; x_wconf 72' lang='grc'><strong>34.</strong></span> 
     </span>
    </p>
   </div>
   <div class='ocr_carea' id='block_1_94' title="bbox 836 5207 2360 5282">
    <p class='ocr_par' dir='ltr' id='par_1_94' title="bbox 836 5207 2349 5282">
     <span class='ocr_line' id='line_1_94' title="bbox 836 5207 2349 5282; baseline 0.003 -17"><span class='ocrx_word' id='word_1_686' title='bbox 836 5212 1002 5268; x_wconf 80' lang='lat' dir='ltr'><strong>ltebr.</strong></span> <span class='ocrx_word' id='word_1_687' title='bbox 1048 5229 1123 5279; x_wconf 85' lang='lat' dir='ltr'><strong>tv,</strong></span> <span class='ocrx_word' id='word_1_688' title='bbox 1160 5207 1248 5271; x_wconf 70' lang='lat' dir='ltr'><strong>t5.</strong></span> <span class='ocrx_word' id='word_1_689' title='bbox 1314 5217 1342 5259; x_wconf 72' lang='grc' dir='ltr'><strong>ἀ</strong></span> <span class='ocrx_word' id='word_1_690' title='bbox 1378 5217 1568 5271; x_wconf 77' lang='lat' dir='ltr'><strong>Matth.</strong></span> <span class='ocrx_word' id='word_1_691' title='bbox 1606 5207 1707 5281; x_wconf 76' lang='lat' dir='ltr'><strong>xu,</strong></span> <span class='ocrx_word' id='word_1_692' title='bbox 1742 5207 1856 5282; x_wconf 32' lang='lat'><strong>19’;</strong></span> <span class='ocrx_word' id='word_1_693' title='bbox 1899 5207 2005 5267; x_wconf 81' lang='lat' dir='ltr'><strong>lsa.</strong></span> <span class='ocrx_word' id='word_1_694' title='bbox 2059 5228 2189 5280; x_wconf 77' lang='lat' dir='ltr'><strong>aut,</strong></span> <span class='ocrx_word' id='word_1_695' title='bbox 2236 5214 2293 5269; x_wconf 73' lang='grc'><strong>2.</strong></span> <span class='ocrx_word' id='word_1_696' title='bbox 2329 5220 2349 5243; x_wconf 88' lang='grc'><strong>⁹</strong></span> 
     </span>
    </p>
   </div>
   <div class='ocr_carea' id='block_1_95' title="bbox 2457 5207 2771 5282">
    <p class='ocr_par' dir='ltr' id='par_1_95' title="bbox 2457 5207 2771 5280">
     <span class='ocr_line' id='line_1_95' title="bbox 2457 5207 2771 5280; baseline 0.006 -12"><span class='ocrx_word' id='word_1_697' title='bbox 2457 5214 2595 5269; x_wconf 64' lang='lat' dir='ltr'><strong>loatt.</strong></span> <span class='ocrx_word' id='word_1_698' title='bbox 2631 5230 2690 5280; x_wconf 86' lang='lat' dir='ltr'><strong>tt,</strong></span> <span class='ocrx_word' id='word_1_699' title='bbox 2716 5207 2771 5271; x_wconf 63' lang='lat'><strong>‘3.</strong></span> 
     </span>
    </p>
   </div>
   <div class='ocr_carea' id='block_1_96' title="bbox 2446 4614 3997 4689">
    <p class='ocr_par' dir='ltr' id='par_1_96' title="bbox 2446 4614 3997 4689">
     <span class='ocr_line' id='line_1_96' title="bbox 2446 4614 3997 4689; baseline -0.002 -19"><span class='ocrx_word' id='word_1_700' title='bbox 2446 4635 2547 4689; x_wconf 87' lang='grc' dir='ltr'><strong>κης</strong></span> <span class='ocrx_word' id='word_1_701' title='bbox 2582 4618 2759 4682; x_wconf 75' lang='grc' dir='ltr'>ἀξιονῑ</span> <span class='ocrx_word' id='word_1_702' title='bbox 2790 4619 2807 4689; x_wconf 91' lang='grc'><strong>)</strong></span> <span class='ocrx_word' id='word_1_703' title='bbox 2845 4618 2903 4671; x_wconf 86' lang='grc' dir='ltr'>ὃν</span> <span class='ocrx_word' id='word_1_704' title='bbox 2952 4620 2979 4672; x_wconf 92' lang='lat'><strong>6</strong></span> <span class='ocrx_word' id='word_1_705' title='bbox 3018 4618 3246 4689; x_wconf 84' lang='grc' dir='ltr'>Χριστὸς</span> <span class='ocrx_word' id='word_1_706' title='bbox 3268 4658 3283 4680; x_wconf 90' lang='grc'><strong>,</strong></span> <span class='ocrx_word' id='word_1_707' title='bbox 3323 4617 3525 4685; x_wconf 84' lang='grc' dir='ltr'>ἀγαθὸς</span> <span class='ocrx_word' id='word_1_708' title='bbox 3555 4617 3649 4680; x_wconf 83' lang='grc' dir='ltr'>ὢν,</span> <span class='ocrx_word' id='word_1_709' title='bbox 3685 4618 3777 4669; x_wconf 73' lang='grc' dir='ltr'><strong>ἐπὶ</strong></span> <span class='ocrx_word' id='word_1_710' title='bbox 3808 4614 3875 4667; x_wconf 79' lang='grc' dir='ltr'><strong>τὰ</strong></span> <span class='ocrx_word' id='word_1_711' title='bbox 3904 4615 3997 4685; x_wconf 72' lang='grc' dir='ltr'>ὅρη</span> 
     </span>
    </p>
   </div>
   <div class='ocr_carea' id='block_1_97' title="bbox 2446 4707 3995 4781">
    <p class='ocr_par' dir='ltr' id='par_1_97' title="bbox 2446 4707 3995 4781">
     <span class='ocr_line' id='line_1_97' title="bbox 2446 4707 3995 4781; baseline -0.005 -18"><span class='ocrx_word' id='word_1_712' title='bbox 2446 4711 2790 4781; x_wconf 85' lang='grc' dir='ltr'>πλανώμενον</span> <span class='ocrx_word' id='word_1_713' title='bbox 2804 4710 3063 4781; x_wconf 73' lang='grc' dir='ltr'>ἐπιζητεῖ,</span> <span class='ocrx_word' id='word_1_714' title='bbox 3082 4711 3175 4763; x_wconf 73' lang='grc' dir='ltr'>καὶ</span> <span class='ocrx_word' id='word_1_715' title='bbox 3187 4708 3581 4777; x_wconf 84' lang='grc' dir='ltr'>ἀποφεύγοντα,</span> <span class='ocrx_word' id='word_1_716' title='bbox 3602 4707 3995 4778; x_wconf 83' lang='grc' dir='ltr'>προσκαλεῖται,</span> 
     </span>
    </p>
   </div>
   <div class='ocr_carea' id='block_1_98' title="bbox 2442 4797 3991 4875">
    <p class='ocr_par' dir='ltr' id='par_1_98' title="bbox 2442 4797 3991 4875">
     <span class='ocr_line' id='line_1_98' title="bbox 2442 4797 3991 4875; baseline -0.005 -20"><span class='ocrx_word' id='word_1_717' title='bbox 2442 4804 2532 4855; x_wconf 74' lang='grc' dir='ltr'>καὶ</span> <span class='ocrx_word' id='word_1_718' title='bbox 2564 4803 2850 4875; x_wconf 81' lang='grc' dir='ltr'>εὑρεθέντα</span> <span class='ocrx_word' id='word_1_719' title='bbox 2885 4801 3033 4872; x_wconf 91' lang='grc' dir='ltr'>μόλις</span> <span class='ocrx_word' id='word_1_720' title='bbox 3065 4801 3156 4853; x_wconf 82' lang='grc' dir='ltr'>ἐπί</span> <span class='ocrx_word' id='word_1_721' title='bbox 3184 4799 3289 4853; x_wconf 84' lang='grc' dir='ltr'><strong>τῶν</strong></span> <span class='ocrx_word' id='word_1_722' title='bbox 3320 4798 3483 4869; x_wconf 79' lang='grc' dir='ltr'>ὤμων</span> <span class='ocrx_word' id='word_1_723' title='bbox 3514 4798 3676 4869; x_wconf 80' lang='grc' dir='ltr'>αἴρει.</span> <span class='ocrx_word' id='word_1_724' title='bbox 3710 4797 3801 4867; x_wconf 79' lang='grc' dir='ltr'><strong>Μὴ</strong></span> <span class='ocrx_word' id='word_1_725' title='bbox 3835 4814 3991 4867; x_wconf 76' lang='grc' dir='ltr'>παρα-</span> 
     </span>
    </p>
   </div>
   <div class='ocr_carea' id='block_1_99' title="bbox 2441 4887 3989 4968">
    <p class='ocr_par' dir='ltr' id='par_1_99' title="bbox 2441 4887 3989 4968">
     <span class='ocr_line' id='line_1_99' title="bbox 2441 4887 3989 4968; baseline -0.007 -19"><span class='ocrx_word' id='word_1_726' title='bbox 2441 4896 2587 4951; x_wconf 80' lang='grc' dir='ltr'>καλῶ</span> <span class='ocrx_word' id='word_1_727' title='bbox 2611 4937 2625 4961; x_wconf 93' lang='grc'><strong>,</strong></span> <span class='ocrx_word' id='word_1_728' title='bbox 2664 4897 2738 4968; x_wconf 82' lang='grc' dir='ltr'>μὴ</span> <span class='ocrx_word' id='word_1_729' title='bbox 2770 4895 2953 4959; x_wconf 87' lang='grc' dir='ltr'>κακῶς</span> <span class='ocrx_word' id='word_1_730' title='bbox 2984 4894 3125 4947; x_wconf 79' lang='grc' dir='ltr'>οὕτω</span> <span class='ocrx_word' id='word_1_731' title='bbox 3174 4893 3302 4963; x_wconf 75' lang='grc' dir='ltr'>περὶ</span> <span class='ocrx_word' id='word_1_732' title='bbox 3333 4890 3541 4944; x_wconf 71' lang='grc' dir='ltr'>ἑαυτῶν</span> <span class='ocrx_word' id='word_1_733' title='bbox 3587 4887 3989 4958; x_wconf 67' lang='grc' dir='ltr'>βουλευώμεθα,</span> 
     </span>
    </p>
   </div>
   <div class='ocr_carea' id='block_1_100' title="bbox 2963 5135 3988 5202">
    <p class='ocr_par' dir='ltr' id='par_1_100' title="bbox 2963 5135 3988 5202">
     <span class='ocr_line' id='line_1_100' title="bbox 2963 5135 3988 5202; baseline -0.012 -2"><span class='ocrx_word' id='word_1_734' title='bbox 2963 5156 2989 5184; x_wconf 75' lang='grc' dir='ltr'>ι</span> <span class='ocrx_word' id='word_1_735' title='bbox 3026 5146 3149 5199; x_wconf 85' lang='lat' dir='ltr'><strong>Luc.</strong></span> <span class='ocrx_word' id='word_1_736' title='bbox 3186 5158 3340 5202; x_wconf 76' lang='lat' dir='ltr'><strong>uiti,</strong></span> <span class='ocrx_word' id='word_1_737' title='bbox 3374 5142 3465 5200; x_wconf 75' lang='grc'><strong>54.</strong></span> <span class='ocrx_word' id='word_1_738' title='bbox 3563 5139 3592 5178; x_wconf 72' lang='grc' dir='ltr'><strong>ι’</strong></span> <span class='ocrx_word' id='word_1_739' title='bbox 3625 5138 3759 5193; x_wconf 87' lang='lat' dir='ltr'><strong>Luc.</strong></span> <span class='ocrx_word' id='word_1_740' title='bbox 3795 5154 3871 5201; x_wconf 70' lang='grc' dir='ltr'><strong>ιι,</strong></span> <span class='ocrx_word' id='word_1_741' title='bbox 3907 5135 3988 5191; x_wconf 75' lang='grc' dir='ltr'><strong>ει.</strong></span> 
     </span>
    </p>
   </div>
   <div class='ocr_carea' id='block_1_101' title="bbox 2871 5206 3848 5280">
    <p class='ocr_par' dir='ltr' id='par_1_101' title="bbox 2871 5206 3848 5280">
     <span class='ocr_line' id='line_1_101' title="bbox 2871 5206 3848 5280; baseline -0.009 -11"><span class='ocrx_word' id='word_1_742' title='bbox 2871 5214 2890 5253; x_wconf 72' lang='grc' dir='ltr'><strong>ί</strong></span> <span class='ocrx_word' id='word_1_743' title='bbox 2952 5214 2972 5268; x_wconf 83' lang='grc'><strong>1</strong></span> <span class='ocrx_word' id='word_1_744' title='bbox 3007 5218 3146 5271; x_wconf 88' lang='lat' dir='ltr'><strong>&#39;liin.</strong></span> <span class='ocrx_word' id='word_1_745' title='bbox 3204 5231 3243 5280; x_wconf 93' lang='grc' dir='ltr'><strong>ι,</strong></span> <span class='ocrx_word' id='word_1_746' title='bbox 3281 5214 3371 5271; x_wconf 80' lang='grc'><strong>10.</strong></span> <span class='ocrx_word' id='word_1_747' title='bbox 3452 5213 3476 5251; x_wconf 73' lang='grc'><strong>³</strong></span> <span class='ocrx_word' id='word_1_748' title='bbox 3510 5208 3641 5265; x_wconf 87' lang='lat' dir='ltr'><strong>Luc.</strong></span> <span class='ocrx_word' id='word_1_749' title='bbox 3678 5226 3768 5269; x_wconf 75' lang='lat' dir='ltr'><strong>xv,</strong></span> <span class='ocrx_word' id='word_1_750' title='bbox 3794 5206 3848 5260; x_wconf 88' lang='lat'><strong>5.</strong></span> 
     </span>
    </p>
   </div>
   <div class='ocr_carea' id='block_1_102' title="bbox 2061 5368 2735 5426">
    <p class='ocr_par' dir='ltr' id='par_1_102' title="bbox 2061 5368 2735 5426">
     <span class='ocr_line' id='line_1_102' title="bbox 2061 5368 2735 5426; baseline 0.004 -5"><span class='ocrx_word' id='word_1_751' title='bbox 2061 5368 2296 5426; x_wconf 75' lang='lat' dir='ltr'><strong>VARUE</strong></span> <span class='ocrx_word' id='word_1_752' title='bbox 2336 5368 2735 5426; x_wconf 81' lang='lat' dir='ltr'><strong>LECTIONES.</strong></span> 
     </span>
    </p>
   </div>
   <div class='ocr_carea' id='block_1_103' title="bbox 839 5506 1254 5571">
    <p class='ocr_par' dir='ltr' id='par_1_103' title="bbox 839 5506 1254 5571">
     <span class='ocr_line' id='line_1_103' title="bbox 839 5506 1254 5571; baseline 0.007 -13"><span class='ocrx_word' id='word_1_753' title='bbox 839 5506 883 5537; x_wconf 85' lang='lat'>&quot;</span> <span class='ocrx_word' id='word_1_754' title='bbox 918 5507 995 5569; x_wconf 86' lang='grc' dir='ltr'><strong>είς</strong></span> <span class='ocrx_word' id='word_1_755' title='bbox 1030 5507 1107 5563; x_wconf 86' lang='grc' dir='ltr'><strong>πά</strong></span> <span class='ocrx_word' id='word_1_756' title='bbox 1170 5525 1254 5571; x_wconf 89' lang='grc' dir='ltr'><strong>ας.</strong></span> 
     </span>
    </p>
   </div>
   <div class='ocr_carea' id='block_1_104' title="bbox 772 5574 1284 5645">
    <p class='ocr_par' dir='ltr' id='par_1_104' title="bbox 772 5574 1284 5645">
     <span class='ocr_line' id='line_1_104' title="bbox 772 5574 1284 5645; baseline 0.014 -19"><span class='ocrx_word' id='word_1_757' title='bbox 772 5574 793 5605; x_wconf 82' lang='grc'><strong><em>³</em></strong></span> <span class='ocrx_word' id='word_1_758' title='bbox 829 5576 1190 5645; x_wconf 70' lang='grc' dir='ltr'>μεταδιδόντα,</span> <span class='ocrx_word' id='word_1_759' title='bbox 1228 5579 1284 5633; x_wconf 87' lang='lat' dir='ltr'><strong>S.</strong></span> 
     </span>
    </p>
   </div>
   <div class='ocr_carea' id='block_1_105' title="bbox 775 5646 2791 5721">
    <p class='ocr_par' dir='ltr' id='par_1_105' title="bbox 775 5646 2791 5721">
     <span class='ocr_line' id='line_1_105' title="bbox 775 5646 2791 5721; baseline 0.001 -24"><span class='ocrx_word' id='word_1_760' title='bbox 775 5646 1164 5721; x_wconf 56' lang='lat' dir='ltr'><strong>interrogandi,</strong></span> <span class='ocrx_word' id='word_1_761' title='bbox 1198 5660 1250 5705; x_wconf 90' lang='lat' dir='ltr'><strong>ct</strong></span> <span class='ocrx_word' id='word_1_762' title='bbox 1286 5651 1467 5708; x_wconf 81' lang='lat' dir='ltr'><strong>statim</strong></span> <span class='ocrx_word' id='word_1_763' title='bbox 1504 5661 1762 5721; x_wconf 86' lang='lat' dir='ltr'><strong>sequatur</strong></span> <span class='ocrx_word' id='word_1_764' title='bbox 1794 5648 1991 5718; x_wconf 75' lang='grc' dir='ltr'>ἄπαγε.</span> <span class='ocrx_word' id='word_1_765' title='bbox 2031 5649 2121 5705; x_wconf 89' lang='lat' dir='ltr'><strong>Sic</strong></span> <span class='ocrx_word' id='word_1_766' title='bbox 2157 5648 2360 5705; x_wconf 87' lang='lat' dir='ltr'><strong>habent</strong></span> <span class='ocrx_word' id='word_1_767' title='bbox 2392 5646 2791 5707; x_wconf 29' lang='lat' dir='ltr'><strong>boui’codices.</strong></span> 
     </span>
    </p>
   </div>
   <div class='ocr_carea' id='block_1_106' title="bbox 774 5712 1007 5778">
    <p class='ocr_par' dir='ltr' id='par_1_106' title="bbox 774 5712 1007 5778">
     <span class='ocr_line' id='line_1_106' title="bbox 774 5712 1007 5778; baseline -0.009 -11"><span class='ocrx_word' id='word_1_768' title='bbox 774 5730 915 5778; x_wconf 74' lang='grc' dir='ltr'>νους,</span> <span class='ocrx_word' id='word_1_769' title='bbox 951 5712 1007 5777; x_wconf 43' lang='grc' dir='ltr'><strong>Ρέ</strong></span> 
     </span>
    </p>
   </div>
   <div class='ocr_carea' id='block_1_107' title="bbox 1336 5501 3981 5571">
    <p class='ocr_par' dir='ltr' id='par_1_107' title="bbox 1336 5501 3981 5571">
     <span class='ocr_line' id='line_1_107' title="bbox 1336 5501 3981 5571; baseline -0.003 -10"><span class='ocrx_word' id='word_1_770' title='bbox 1336 5508 1402 5539; x_wconf 82' lang='grc'><strong>¹⁶⁶</strong></span> <span class='ocrx_word' id='word_1_771' title='bbox 1438 5509 1529 5562; x_wconf 88' lang='grc' dir='ltr'><strong>καί</strong></span> <span class='ocrx_word' id='word_1_772' title='bbox 1563 5525 1669 5565; x_wconf 89' lang='lat' dir='ltr'><strong>non</strong></span> <span class='ocrx_word' id='word_1_773' title='bbox 1702 5516 1785 5563; x_wconf 79' lang='lat' dir='ltr'><strong>est</strong></span> <span class='ocrx_word' id='word_1_774' title='bbox 1819 5509 1871 5561; x_wconf 91' lang='lat' dir='ltr'><strong>in</strong></span> <span class='ocrx_word' id='word_1_775' title='bbox 1907 5507 1969 5562; x_wconf 89' lang='lat' dir='ltr'><strong>D.</strong></span> <span class='ocrx_word' id='word_1_776' title='bbox 2045 5509 2061 5539; x_wconf 89' lang='grc'>¹</span> <span class='ocrx_word' id='word_1_777' title='bbox 2096 5508 2190 5562; x_wconf 76' lang='grc' dir='ltr'>καὶ</span> <span class='ocrx_word' id='word_1_778' title='bbox 2223 5504 2504 5571; x_wconf 79' lang='grc' dir='ltr'>σώζοντος,</span> <span class='ocrx_word' id='word_1_779' title='bbox 2542 5510 2607 5559; x_wconf 86' lang='grc' dir='ltr'><strong>υ.</strong></span> <span class='ocrx_word' id='word_1_780' title='bbox 2685 5508 2705 5537; x_wconf 80' lang='grc'><em>³</em></span> <span class='ocrx_word' id='word_1_781' title='bbox 2738 5506 2830 5559; x_wconf 60' lang='grc' dir='ltr'><strong>καλ⁸</strong></span> <span class='ocrx_word' id='word_1_782' title='bbox 2866 5504 3199 5569; x_wconf 79' lang='grc' dir='ltr'>ἱλάσκεσθαι,</span> <span class='ocrx_word' id='word_1_783' title='bbox 3235 5505 3335 5561; x_wconf 90' lang='lat' dir='ltr'><strong>Ch.</strong></span> <span class='ocrx_word' id='word_1_784' title='bbox 3378 5504 3440 5560; x_wconf 84' lang='grc' dir='ltr'><strong>Ι).</strong></span> <span class='ocrx_word' id='word_1_785' title='bbox 3475 5504 3551 5568; x_wconf 82' lang='grc' dir='ltr'><strong>ὡς</strong></span> <span class='ocrx_word' id='word_1_786' title='bbox 3585 5501 3643 5559; x_wconf 81' lang='grc' dir='ltr'>εὖ</span> <span class='ocrx_word' id='word_1_787' title='bbox 3679 5503 3903 5565; x_wconf 78' lang='grc' dir='ltr'>εἰδότας,</span> <span class='ocrx_word' id='word_1_788' title='bbox 3931 5505 3981 5555; x_wconf 79' lang='lat' dir='ltr'><strong>ll.</strong></span> 
     </span>
    </p>
   </div>
   <div class='ocr_carea' id='block_1_108' title="bbox 1362 5574 3980 5647">
    <p class='ocr_par' dir='ltr' id='par_1_108' title="bbox 1362 5574 3980 5647">
     <span class='ocr_line' id='line_1_108' title="bbox 1362 5574 3980 5647; baseline -0.003 -16"><span class='ocrx_word' id='word_1_789' title='bbox 1362 5578 1383 5609; x_wconf 72' lang='lat'><strong>‘</strong></span> <span class='ocrx_word' id='word_1_790' title='bbox 1414 5578 1612 5643; x_wconf 80' lang='grc' dir='ltr'>αὐτῶν,</span> <span class='ocrx_word' id='word_1_791' title='bbox 1646 5578 1744 5633; x_wconf 90' lang='lat' dir='ltr'><strong>Ch.</strong></span> <span class='ocrx_word' id='word_1_792' title='bbox 1808 5579 1829 5609; x_wconf 87' lang='lat'><strong>&#39;</strong></span> <span class='ocrx_word' id='word_1_793' title='bbox 1864 5578 2011 5634; x_wconf 84' lang='lat' dir='ltr'><strong>Finis</strong></span> <span class='ocrx_word' id='word_1_794' title='bbox 2052 5587 2134 5633; x_wconf 91' lang='lat' dir='ltr'><strong>est.</strong></span> <span class='ocrx_word' id='word_1_795' title='bbox 2180 5578 2480 5639; x_wconf 66' lang='lat' dir='ltr'><strong>sententiae,</strong></span> <span class='ocrx_word' id='word_1_796' title='bbox 2529 5574 2895 5647; x_wconf 83' lang='lat' dir='ltr'><strong>punctumun</strong></span> <span class='ocrx_word' id='word_1_797' title='bbox 2929 5577 3343 5647; x_wconf 83' lang='lat' dir='ltr'><strong>subjiciendum,</strong></span> <span class='ocrx_word' id='word_1_798' title='bbox 3384 5586 3442 5647; x_wconf 84' lang='lat' dir='ltr'><strong>ut</strong></span> <span class='ocrx_word' id='word_1_799' title='bbox 3476 5586 3598 5647; x_wconf 73' lang='lat' dir='ltr'><strong>post</strong></span> <span class='ocrx_word' id='word_1_800' title='bbox 3633 5574 3980 5647; x_wconf 36' lang='grc' dir='ltr'>ἀγαθόν-ηομ</span> 
     </span>
    </p>
   </div>
   <div class='ocr_carea' id='block_1_109' title="bbox 2900 5642 3982 5712">
    <p class='ocr_par' dir='ltr' id='par_1_109' title="bbox 2900 5642 3982 5712">
     <span class='ocr_line' id='line_1_109' title="bbox 2900 5642 3982 5712; baseline -0.005 -12"><span class='ocrx_word' id='word_1_801' title='bbox 2900 5648 2922 5681; x_wconf 85' lang='grc'><strong><em>⁸</em></strong></span> <span class='ocrx_word' id='word_1_802' title='bbox 2956 5642 3333 5712; x_wconf 69' lang='grc' dir='ltr'>ἐπαναλάϐοις,</span> <span class='ocrx_word' id='word_1_803' title='bbox 3372 5646 3430 5701; x_wconf 90' lang='lat' dir='ltr'><strong>S.</strong></span> <span class='ocrx_word' id='word_1_804' title='bbox 3476 5642 3527 5680; x_wconf 74' lang='grc'><strong>’⁷</strong></span> <span class='ocrx_word' id='word_1_805' title='bbox 3563 5642 3982 5710; x_wconf 71' lang='grc' dir='ltr'>ἁντιδιατιθεμέο</span> 
     </span>
    </p>
   </div>
  </div>
