4176 6318
151 376 290 431 1097

1579 346 1915 408 EPISTOLA
1959 342 2087 396 VIII.

3280 332 3414 401 I098

151 489 291 561 μηδὲ
324 486 404 551 είς
437 484 662 546 ἑαυτοὺς
692 478 1014 551 ὼθῶμεν,τὸ
1049 474 1197 546 ξίφος
1221 495 1232 506 ·
1270 479 1318 528 ol
1356 475 1452 546 μὲν
1476 473 1585 543 γὰρ
1624 470 1736 523 ἀδι-

1845 460 2187 531 impellamus
2214 474 2227 510 :
2258 455 2524 524 siquidem
2557 455 2648 524 qui
2673 454 2815 509 alios
2846 453 3064 524 injuriis
3101 454 3303 512 violare
3329 458 3411 511 vel

143 580 264 631 κεῖν
297 576 319 608 ⁸
355 591 526 638 τινας,
559 573 594 642 ἢ
627 571 933 625 τούναντίον
977 568 1284 639 εὐεργετεῖν
1315 563 1734 637 ἐπιχειροῦντες,

146 664 391 728 ἐκείνους
428 663 528 734 μὲν
546 661 606 714 οὐ
630 661 846 720 πάντως
867 657 1099 728 ἔδρασαν
1132 656 1276 726 ἅπερ
1307 653 1599 724 ἠθέλησαν,
1619 653 1738 704 ἑαυ-

144 759 262 820 τοῖς
294 755 352 809 δὲ
385 752 583 808 κακίαν
615 750 981 821 ἣάγαθότητα
1009 748 1423 817 συνοικήσαντες
1443 744 1542 815 ’,ἢ
1576 743 1735 797 θείων

145 846 385 915 ἀρετῶν,
415 845 448 915 ἢ
480 842 787 898 ἀτιθάσσων
817 839 1102 912 ἕμπλεοι¹⁰
1143 837 1334 893 παθῶν
1361 837 1594 890 ἔσονται.
1624 833 1737 888 Καὶ

146 930 296 991 οὗτοι
331 938 427 1008 μὲν
457 936 702 1005 ἀγγέλων
744 933 964 1003 ἀγαθῶν
994 931 1183 986 ὀπαδοὶ
1223 932 1316 984 καὶ
1347 927 1732 1000 ξυνοδοιπόρω,

146 1031 245 1083 καὶ
277 1028 462 1082 ἐνθάδε
496 1029 590 1081 καὶ
618 1028 734 1080 ἐκεῖ
765 1028 860 1080 σὺν
902 1024 1052 1098 πάσῃ
1086 1025 1276 1096 εἰρήνῃ
1307 1023 1401 1076 καὶ
1453 1019 1736 1091 ἐλευθερίᾳ

146 1123 369 1176 πάντων
399 1121 605 1184 κακῶν,
638 1121 719 1183 είς
745 1119 835 1172 τὸν
863 1119 948 1172 ἀεὶ
976 1118 1104 1171 ὅντα
1133 1116 1304 1170 αίῶνα
1332 1113 1428 1178 τὰς
1463 1130 1738 1186 μακαριω-

147 1214 319 1277 τάτας
376 1210 863 1284 ἁποκληρὼσονται
920 1210 1122 1280 λήξεις,
1154 1209 1248 1262 καὶ
1281 1207 1418 1278 μετὰ
1478 1203 1613 1258 Θεοῦ
1648 1205 1733 1257 ἀεὶ

146 1305 362 1359 ἔσονται
384 1306 424 1336 ¹²
445 1344 460 1367 ,
487 1304 548 1357 τὸ
576 1303 794 1357 πάντων
839 1301 1058 1371 ἀγαθῶν
1094 1301 1375 1372 μέγιστον’
1473 1292 1620 1351 οὗτοι
1678 1295 1735 1348 δὲ

147 1397 553 1452 ἀποπεσοῦνται
580 1396 679 1468 τῆς
710 1396 859 1458 θείας
886 1394 1003 1465 ἅμα
1024 1395 1117 1447 καὶ
1144 1393 1242 1464 τῆς
1267 1389 1732 1459 έαυτῶνειρήνης,

147 1490 245 1543 καὶ
273 1489 458 1544 ὲνθάδε
481 1489 575 1542 καὶ
609 1487 746 1560 μετά
775 1486 1004 1541 θάνατον
1023 1483 1139 1558 ἄμα
1159 1489 1273 1551 τοῖς
1302 1480 1735 1557 ἀνημέροις¹²ο¹³

146 1583 397 1653 δαίμοσιν
425 1581 657 1636 ἔσονται.
691 1575 766 1634 Ob
794 1579 857 1650 δὴ
892 1579 1054 1632 ἕνεκα
1091 1578 1220 1648 ἡμῖν
1248 1577 1280 1647 ἡ
1331 1575 1497 1646 πολλὴ
1532 1575 1733 1646 σπουδὴ

151 1674 294 1745 μετὰ
320 1673 454 1727 Θεοῦ
476 1673 570 1727 τοῦ
602 1670 807 1741 ἀγαθοῦ
837 1669 1087 1739 γενέσθαι
1105 1669 1170 1731 ’⁸,
1201 1666 1296 1721 καὶ
1322 1662 1461 1720 εἶναι
1493 1666 1589 1720 σὺν
1619 1667 1730 1718 Κυ-

1842 562 2032 608 contra
2065 549 2252 604 fovere
2285 546 2563 602 beneﬁciis
2597 546 2864 611 nituntur,
2899 546 2945 601 si
2969 545 3106 602 forte
3157 561 3279 615 qure
3318 565 3413 606 vo-

1842 641 2060 706 luerim,
2094 639 2278 694 I‘acere
2312 637 2678 707 nequiverint,
2730 638 2833 692 sibi
2892 647 3073 692 tamen
3131 648 3228 692 aut
3261 642 3412 695 mali.

1841 736 1996 797 tiam,
2042 731 2337 786 secundum
2366 730 2702 798 propositum
2760 743 2949 795 suum,
2990 740 3084 784 aut
3116 732 3410 787 bonitatem

1840 825 2456 893 consciscunt,adeoqne
2480 824 2561 879 vel
2593 823 2884 877 virtutibus
2909 824 3127 887 divinis,
3163 826 3245 880 vel
3274 824 3388 879 fero

1841 919 1994 972 cibus
2048 914 2392 986 passionibus
2443 913 2830 985 implebuntur.
2883 914 3063 983 Atque
3097 915 3170 970 illi
3197 917 3412 984 quidem

1839 1019 2156 1064 sanctorum
2191 1008 2506 1078 angelorum
2542 1015 2842 1062 sectatores
2881 1022 2945 1062 ac
2974 1009 3204 1063 comites
3236 1019 3291 1064 et
3324 1010 3414 1064 hic

1837 1110 1892 1156 et
1923 1101 1997 1156 ibi
2028 1115 2150 1155 curn
2171 1101 2319 1156 omni
2348 1109 2680 1170 pace,atque
2708 1115 2738 1154 a
2774 1099 2932 1155 malis
2966 1101 3218 1156 omnibus
3252 1101 3412 1158 liber-

1857 1199 2004 1255 tate,
2037 1191 2089 1243 in
2131 1191 2464 1258 sempiterno
2485 1189 2683 1244 sarculo
2717 1191 3089 1246 beatissimam
3143 1191 3288 1245 illam
3326 1208 3412 1246 re-

1836 1283 2018 1350 quiem
2067 1282 2489 1344 ltmreditabunt,
2516 1281 2682 1354 604
2712 1285 2967 1352 quodque
3002 1284 3299 1338 maximum
3329 1295 3415 1338 est

1841 1375 2388 1437 bonorumomnium,
2411 1390 2535 1428 cum
2569 1375 2678 1429 Deo
2707 1387 3134 1444 sempererunt;
3173 1378 3226 1432 hi
3260 1393 3413 1442 vero,

1839 1467 1929 1536 qui
1960 1482 1986 1517 a
2022 1467 2200 1521 divina
2219 1466 2379 1520 simul
2404 1482 2467 1521 ac
2485 1482 2578 1520 sua
2601 1481 2731 1535 pace
2749 1468 3024 1535 decidunt,
3045 1484 3168 1524 cum
3189 1471 3415 1537 hic,tum

1841 1567 1966 1628 post
1996 1568 2226 1611 mortem
2255 1569 2381 1613 'cum
2427 1559 2702 1614 atrocibus
2735 1559 2860 1613 istis
2887 1560 3224 1616 daemonibus
3244 1564 3415 1618 Iuturi

1837 1659 1984 1704 sunt.
2014 1649 2374 1716 Quamobrem
2418 1650 2574 1704 nobis
2633 1665 2845 1705 summo
2877 1650 3057 1708 studio
3109 1655 3414 1710 curandum

147 1767 254 1837 ρίῳ
290 1766 541 1828 πάντοτε,
574 1766 668 1818 καὶ
698 1764 771 1835 μὴ
801 1765 912 1826 τοῖς
943 1764 1132 1824 κακοῖς
1160 1763 1224 1814 ὲκ
1249 1758 1342 1813 τοῦ
1375 1756 1664 1812 δικαιωτθῦ
1688 1759 1731 1789 ¹⁸

1842 1748 1942 1804 est,
1971 1748 2030 1793 ut
2056 1739 2199 1793 bono
2224 1738 2331 1794 Deo
2361 1739 2759 1805 adhaereamus,
2798 1754 3124 1810 semperque
3157 1757 3280 1796 cum
3311 1741 3417 1797 Do-

149 1857 611 1929 συναφορισθῆναι
665 1856 734 1909 τὰ

801 1818 935 1908 κατ’
990 1818 1146 1919 ἀξίαν
1207 1852 1267 1917 ἐξ
1336 1850 1544 1905 ἑαυτῶν
1600 1851 1732 1903 ὑπο-

1843 1831 1988 1891 mino
2020 1844 2322 1897 versemur,
2355 1839 2411 1886 et
2440 1845 2547 1884 non
2580 1845 2704 1885 cum
2766 1830 2924 1886 malis
2973 1830 3284 1902 iustissimo
3319 1834 3416 1889 Dei

149 1922 432 2021 μένοντας,
458 1922 593 2021 ὅπερ
627 1947 736 2018 ἐγὼ
770 1948 986 2002 πάντων
1008 1949 1052 1980 ¹⁸
1083 1943 1619 2018 μάλισταξφοὸοῦμαι
1640 1945 1735 1998 καὶ

1842 1922 2043 1990 iudicio
2071 1937 2434 1992 segregemur,
2481 1933 2644 1991 atque
2696 1938 2761 1980 ex
2809 1924 2965 1980 nobis
3025 1923 3159 1994 ipsis
3225 1939 3416 1994 pamas

148 2042 373 2114 εὔχομαι
412 2040 551 2098 εἶναι
590 2042 806 2096 πάντων
840 2041 1024 2096 κακῶν
1059 2040 1342 2111 ἀμέτοχος.
1374 2039 1484 2091 Καὶ
1523 2039 1572 2090 εί
1612 2037 1734 2106 βού-

140 2139 263 2199 ist,
299 2138 392 2190 καὶ
421 2137 570 2200 θείας
614 2135 856 2207 ὁράσεως
896 2135 1050 2202 ἁγίου
1099 2133 1243 2196 τινὸς
1281 2130 1470 2202 ἀνδρὸς
1500 2130 1732 2202 ἐπιμνη-

151 2227 422 2300 σθήσομαι
447 2246 459 2258 ’
497 2227 697 2299 καὶ⁴μὴ
729 2227 983 2300 γελάσῃς,
1015 2224 1186 2296 ἀληθῆ
1219 2224 1328 2294 γὰρ
1350 2224 1390 2254 ¹⁷
1421 2222 1548 2294 ἐρῶ.

1842 2014 2051 2069 debitas
2072 2015 2386 2077 subeamus,
2409 2015 2552 2083 quod
2575 2029 2675 2083 ego
2699 2014 2931 2070 maxime
2959 2016 3202 2071 omnium
3228 2018 3415 2079 timeo.

1843 2109 2220 2177 malorumque
2265 2108 2504 2162 omnium
2538 2123 2730 2164 exsors
2775 2123 2896 2164 csse
2946 2110 3227 2179 percupio.
3263 2109 3419 2177 Quod

1841 2197 1883 2250 si
1917 2189 2110 2268 placet,
2144 2198 2384 2252 divinam
2416 2213 2634 2267 quoque
2667 2199 2842 2253 sancti
2872 2197 3154 2267 cujusdam
3205 2198 3307 2252 viri
3336 2198 3386 2251 vi
3408 2227 3422 2237 -

1839 2289 2046 2343 sionem
2074 2290 2390 2343 memorabo
2425 2306 2439 2342 :
2473 2303 2645 2359 neque
2687 2304 2816 2345 vero
2857 2290 3058 2354 rideas,
3117 2305 3241 2346 vera
3270 2292 3418 2346 enim

1837 2383 2035 2438 dicam.

1689 2544 1856 2617 ενι.

221 2685 514 2757 Γενόμενόν
547 2686 613 2756 μέ
643 2703 774 2739 ποτε
819 2685 961 2739 κατά
1009 2686 1107 2756 τὴν
1143 2684 1388 2757 Κρήτην,
1418 2686 1446 2736 ὁ
1485 2684 1629 2755 ἱερὸς
1680 2686 1738 2735 ὲ-

153 2778 505 2849 ξεναγώγησε
536 2777 784 2849 Κάρπος,
808 2778 1076 2849 ἀνὴρ,καὶ
1096 2778 1148 2830 εῐ
1167 2795 1251 2840 τις
1281 2777 1458 2840 ἄλλος,
1487 2775 1576 2828 διά
1604 2775 1732 2828 πολ-

147 2871 246 2943 λὴν
275 2869 620 2941 καθαρότητα
648 2868 740 2922 νοῦ
775 2867 910 2940 πρὸς
957 2868 1239 2923 θεοπτείαν
1279 2868 1730 2940 ἐπιτηδειότατος.

150 2964 263 3016 Καὶ
289 2961 417 3030 γοῦν
463 2961 582 3014 οὐδὲ
611 2964 731 3024 ταῖς
760 2961 944 3030 ἁγίαις
974 2961 1082 3013 τῶν
1126 2962 1439 3032 μυστηρίων
1491 2960 1736 3023 τελεταῖς

151 3049 438 3126 ἐνεχείρει,
477 3054 550 3125 μὴ
585 3055 848 3125 πρότερον
895 3054 1043 3125 αὐτῷ
1075 3054 1217 3107 κατά
1247 3054 1347 3117 τὰς
1386 3042 1734 3126 προτελείους

1918 2685 2050 2740 Cum
2099 2683 2389 2754 aliquando
2449 2683 2501 2738 in
2549 2683 2767 2741 Cretam
2823 2688 3135 2753 venissem,
3198 2698 3421 2743 sanctus

1846 2777 2055 2846 Carpus
2085 2792 2169 2832 me
2198 2774 2432 2844 hospitio
2461 2777 2693 2847 excepit,
2728 2779 2829 2842 vir,
2885 2779 2931 2834 si
2987 2780 3108 2849 quis
3135 2777 3294 2843 alius,
3351 2781 3422 2832 ob

1847 2861 2118 2941 insignem
2146 2871 2343 2927 mentis
2385 2872 2698 2943 puritatem,
2733 2873 2802 2926 ad
2858 2871 2952 2926 Dei
3008 2870 3422 2940 contemplatio-

1847 2977 1970 3019 nem
2016 2963 2354 3032 aptissimus.
2400 2964 2585 3035 Neque
2611 2967 2758 3022 enim
2805 2978 2993 3022 sacros
3027 2964 3416 3035 mysteriorum

1846 3057 1984 3112 ritus
2011 3057 2418 3127 auspicabatur,
2454 3059 2557 3114 nisi
2587 3061 2739 3130 prius
2772 3060 2873 3130 ipsi
2903 3060 3043 3114 inter
3083 3064 3420 3128 praeparato-

149 3122 649 3219 εὑχάςψίεράςξκαλ⁷
701 3122 965 3216 εὐμενοῦς
991 3122 1233 3218 όρὰσεως
1288 3122 1732 3217 ἐπιφαινομένης.

1846 3148 1955 3204 rias
1982 3149 2257 3204 orationes
2285 3162 2440 3205 sacra
2459 3152 2711 3222 quzedam
2734 3160 2790 3206 et
2821 3150 3052 3221 propitia
3087 3149 3226 3203 visio
3249 3164 3422 3218 appa-

153 3242 382 3312 Ἔλεγεν
413 3237 530 3306 οὖν,
561 3241 642 3294 ὅτι
694 3240 1056 3310 λελυπηκότος
1088 3240 1249 3294 αὐτόν
1278 3255 1408 3293 ποτε
1458 3240 1568 3292 τῶν
1607 3240 1738 3293 ἀπί-

151 3352 295 3389 στων
334 3335 478 3397 τινός
501 3352 516 3366 ·
541 3335 573 3405 ή
607 3331 748 3404 λύπη
771 3333 827 3385 δὲ
857 3328 946 3403 ἦν,
965 3333 1045 3386 ὅτι
1075 3333 1174 3404 τῆς
1205 3332 1499 3404 ἐκκλησίας
1532 3330 1739 3396 ἐκεῖνός

148 3445 276 3482 τινα
307 3428 444 3499 πρὸς
471 3426 531 3479 τὸ
569 3427 726 3482 ἄθεον
764 3426 1145 3497 ἀπεπλάνησεν
1167 3465 1181 3489 ,
1235 3425 1316 3479 ἔτι
1370 3425 1478 3480 τῶν
1513 3425 1736 3496 ίλαρίων

150 3520 376 3591 ἡμερῶν
397 3518 544 3589 αὐτῷ
576 3518 942 3588 τελουμένων·
993 3518 1110 3571 δέον
1154 3517 1481 3590 ἀμφοτέρων
1533 3517 1736 3586 ἀγαθο-

155 3615 387 3686 πρεπῶς
416 3612 837 3684 ὑπερεύξασθαι,
861 3614 954 3666 καὶ
982 3613 1112 3665 Θεὸν
1144 3614 1365 3684 σωτῆρα
1395 3611 1738 3683 συλλήπτορα

152 3710 410 3772 λαϐόντα,
444 3708 534 3760 τὸν
571 3708 666 3777 μὲν
695 3706 1040 3777 ἐπιπρέψαι,
1071 3705 1162 3758 τὸν
1189 3705 1245 3758 δὲ
1273 3703 1566 3773 ἀγαθότητι
1595 3703 1741 3774 νικῆ-

151 3816 277 3852 σαι·
316 3799 409 3853 καὶ
445 3797 517 3868 μὴ
537 3797 802 3850 διαλιπεῖν
845 3794 1200 3849 νουθετοῦντα
1251 3794 1338 3847 διὰ
1373 3793 1486 3866 βίου
1518 3793 1737 3854 παντὸς,

151 3891 315 3961 ἄχρις
370 3884 430 3942 οὗ
457 3888 518 3940 τὸ
575 3889 835 3958 σήμερον,
871 3887 966 3939 καὶ
993 3884 1166 3947 οὕτως
1204 3885 1296 3936 ἐπὶ
1326 3882 1423 3953 τὴν
1457 3880 1605 3934 θείαν
1637 3881 1737 3933 αὐ-

148 3978 282 4039 τοὺς
320 3976 546 4044 ἀγαγεῖν
581 3975 804 4043 γνῶσιν,
837 3973 914 4037 ὡς
941 3974 1007 4027 ἂν
1039 3973 1138 4044 ἥδη
1173 3972 1269 4026 καὶ
1326 3971 1434 4024 τῶν
1463 3970 1740 4041 ἀμφισϐη-

151 4069 402 4139 τησίμων
435 4069 619 4131 αὐτοῖς
650 4065 1006 4138 κρινομένων,
1040 4066 1135 4119 καὶ¹
1165 4065 1272 4118 τῶν
1299 4063 1509 4132 ἀλόγως
1537 4062 1738 4134 θρασυ-

149 4161 395 4230 νομένων
455 4160 663 4231 ἐννόμῳ
706 4159 828 4229 δίκῃ
890 4161 1182 4229 σωφρονεῖν
1244 4154 1698 4225 ἀναγκαζομένων
1723 4172 1735 4184 ·

154 4250 272 4305 ἀλλ’
318 4252 375 4303 ὲν
421 4251 598 4321 ἐαυτῷ
647 4249 722 4319 μὴ
772 4248 1035 4319 πρότερον
1081 4247 1236 4300 τοῦτο
1269 4245 1478 4310 παθὼν,
1513 4247 1612 4298 οὐκ
1643 4241 1740 4297 οἷδ’

153 4345 310 4404 ὁπως
341 4341 485 4405 τότε,
521 4339 724 4410 πολλήν
755 4355 878 4390 τινα
909 4337 1005 4408 τὴν
1034 4337 1356 4408 δυσμένειαν
1395 4337 1488 4390 καὶ
1518 4337 1618 4408 τὴν
1651 4353 1742 4388 πι-

152 4434 318 4504 κρίαν
345 4434 386 4464 ’⁸
416 4432 662 4504 ὲντήξας,
691 4429 981 4501 ἐκοιμήθη,
1030 4429 1334 4501 κατεδὰρθη
1368 4429 1410 4460 ¹⁹
1449 4430 1567 4500 μὲν,
1600 4427 1742 4480 οὕτω

154 4524 349 4588 κακῶς
381 4524 542 4594 ἔχων,
577 4523 810 4593 (ἑσπέρα
842 4521 951 4593 γὰρ
1170 4521 1298 4592 περὶ¹
1329 4521 1384 4574 δὲ
1419 4523 1588 4591 μέσας
1643 4520 1729 4573 νύ-

155 4627 314 4674 κτας,
347 4610 671 4682 (είώθειγάρ
704 4613 782 4673 είς
814 4610 959 4662 τόνδε
989 4609 1078 4662 τὸν
1107 4611 1295 4682 καιρὸν
1316 4611 1476 4674 αὐτὸς
1506 4612 1590 4679 ἐφ’
1615 4611 1742 4664 ἑαυ-

153 4704 251 4757 τοῦ
275 4706 411 4776 πρὸς
443 4706 567 4767 τοὺς
606 4705 781 4768 θείους
815 4704 1014 4774 ὖμνους
1043 4705 1447 4776 ἐγρηγορέναι),
1473 4705 1742 4758 διανίστα-

155 4814 246 4850 ται
283 4797 381 4861 μὲν
420 4796 538 4848 οὐδὲ
569 4795 675 4847 τῶν
721 4795 902 4848 ὕπνων
958 4794 1156 4859 αὐτῶν,
1217 4794 1424 4854 πολλῶν
1456 4812 1520 4863 γε
1551 4795 1738 4856 ὄντων,

157 4891 254 4943 καὶ
287 4890 374 4941 ἀεὶ
403 4889 819 4958 ὲγκοπτομένων
841 4890 908 4950 ³ο,
957 4888 1059 4952 ἔξω
1081 4887 1324 4958 ταραχῆς
1385 4886 1741 4958 παραπολαύ-

160 5004 299 5049 σαςο
372 4989 540 5050 ἑτι-τως
591 4987 647 5040 δὲ
692 4988 840 5056 ὅμως
899 4989 978 5049 εἰς
1025 4987 1121 5056 τὴν
1176 4986 1324 5040 θείαν
1383 4986 1595 5057 ὁμιλίαν
1645 4988 1743 5040 οὐκ

157 5078 376 5147 εὐαγῶς
419 5068 609 5148 ἠνιᾶτο
643 5117 656 5140 ,
706 5080 800 5130 καὶ
855 5078 1263 5148 ἐδυσχέραινεν,
1322 5079 1420 5132 οὐκ
1485 5075 1622 5132 εἶναι
1667 5080 1745 5132 δί-

160 5190 317 5228 καιον
373 5173 565 5240 λέγων,
614 5175 661 5224 εί
717 5171 853 5241 ζῷεν
897 5170 1085 5241 ἄνδρες
1140 5170 1307 5233 ἄθεοι,
1349 5173 1443 5225 καὶ
1491 5171 1740 5243 διαστρέ-

161 5283 356 5334 ξοντες
386 5265 485 5328 τὰς
518 5265 667 5327 ὀδοὺς
721 5264 924 5334 Κυρίου
958 5263 1056 5325 τὰς
1107 5263 1336 5325 εὐθείας.
1386 5266 1494 5316 Καὶ
1569 5263 1738 5317 ταῦτα

1842 3241 2061 3296 ruisset.
2096 3238 2274 3307 Ipsum
2302 3256 2433 3314 ergo
2479 3241 2580 3312 (uti
2642 3242 2936 3312 referebat)
2989 3240 3222 3296 inﬁdelis
3271 3242 3424 3311 quis-

1842 3330 1985 3400 piam
2016 3331 2436 3386 contristaverat
2484 3331 2799 3402 aliquando,
2832 3326 3198 3404 ,Alristitiaque
3249 3345 3420 3386 causa

1842 3434 1983 3488 erat,
2010 3425 2153 3494 quod
2180 3425 2268 3480 ille
2307 3425 2378 3480 ab
2411 3425 2658 3480 Ecclesia
2689 3427 2978 3495 quemdam
3023 3425 3090 3478 ad
3124 3424 3424 3478 infidelita-

1846 3518 1913 3571 tis
1963 3533 2206 3572 errorem
2261 3518 2567 3572 seduxisset
2609 3534 2624 3583 ;
2670 3533 2793 3572 cum
2860 3518 3038 3572 adhuc
3086 3516 3422 3573 celebritatis

1843 3628 1962 3682 quae
2013 3613 2080 3666 ab
2111 3612 2385 3665 hilaritate
2436 3625 2632 3665 nomen
2693 3609 2924 3680 accepit,
2951 3610 3068 3664 dies
3103 3620 3418 3680 agerentur.

1843 3709 1922 3757 Ac
1957 3719 2054 3773 pro
2087 3707 2330 3774 utrisque
2379 3703 2640 3758 benevole
2671 3703 2813 3758 Deus
2848 3701 3063 3756 ‘fuisset
3112 3703 3424 3756 exorandus

1847 3805 1904 3848 ut
1929 3794 2130 3847 auxilio
2156 3793 2379 3848 salutari
2403 3792 2635 3847 alterum
2689 3792 2908 3861 quidem
2939 3790 3006 3845 ab
3057 3806 3242 3847 errore
3287 3805 3422 3846 con-

1841 3896 2101 3952 verteret,
2126 3886 2356 3941 alterum
2387 3899 2515 3940 vero
2575 3885 2816 3940 bonitate
2863 3894 3190 3953 superaret;
3244 3898 3422 3954 nequc

1844 3979 2214 4036 dcs‘Stendum
2242 3978 2433 4034 fuisset
2464 3978 2532 4032 ab
2562 3992 2750 4032 eorum
2785 3991 2881 4046 per
2914 3987 3080 4031 totam
3113 3976 3276 4030 vitam
3321 3976 3422 4030 ad-

1847 4073 2171 4137 monitione,
2202 4072 2373 4126 donec
2404 4072 2618 4127 tandem
2650 4069 2811 4124 hodie
2841 4069 2925 4123 vel
2957 4069 3035 4123 sic
3070 4068 3138 4122 ad
3178 4067 3417 4122 divinam

1845 4163 2210 4232 cognitionem
2251 4171 2722 4232 promoverentur,
2767 4169 2988 4229 tumque
3035 4159 3250 4214 demum
3310 4159 3421 4214 illis

1845 4271 1964 4325 quae
2017 4254 2265 4326 ambigua
2303 4255 2625 4311 videbantur
2664 4265 2718 4308 et
2747 4254 2980 4308 obscura
3002 4292 3018 4318 ,
3051 4260 3416 4321 patescerent,

1844 4357 1898 4400 et
1930 4347 1997 4399 ab
2033 4347 2099 4400 iis
2135 4361 2255 4416 qua:
2286 4357 2481 4416 pratter
2503 4347 2769 4401 rationem
2804 4345 3102 4399 temerarie
3132 4344 3421 4399 commise-

1845 4447 1990 4501 rant,
2020 4437 2346 4506 resipiscere
2396 4436 2634 4506 legitima
2666 4436 2894 4489 veritate
2924 4445 3288 4505 cogerentur;
3321 4450 3416 4488 ne-

1845 4529 1959 4584 scio
1988 4543 2094 4598 quo
2119 4537 2300 4597 pacto,
2328 4543 2449 4582 cum
2493 4528 2546 4581 id
2571 4527 2646 4581 illi
2674 4538 2829 4581 antea
2883 4542 3156 4596 nunquam
3211 4529 3423 4581 evenis-

1848 4629 1950 4686 set,
2001 4631 2130 4674 tunc
2178 4621 2485 4675 vehementi
2521 4621 2755 4691 quadam
2788 4621 3159 4691 indignatione
3185 4631 3238 4677 et
3268 4637 3421 4676 aina-

1852 4710 2089 4764 ritudinc
2120 4720 2378 4780 concepta
2417 4712 2784 4766 obdormierat
2817 4715 3033 4781 (ve-Sper
3077 4713 3221 4767 enim
3252 4717 3416 4783 erat);

1851 4804 1995 4856 circa
2022 4801 2251 4857 mediam
2279 4816 2405 4857 vero
2437 4811 2674 4867 noctem,
2707 4818 2812 4871 quo
2844 4812 3083 4873 tempore
3112 4805 3180 4858 ad
3205 4805 3419 4860 divinos

1853 4895 2086 4965 hymnos
2117 4893 2373 4964 evigilare
2400 4907 2781 4956 consueverat,
2805 4910 3165 4965 experrectus
3197 4901 3417 4968 quidem

1849 4987 2040 5058 surgit,
2073 5001 2194 5042 cum
2225 5002 2447 5043 somnos
2504 5003 2694 5056 parum
2742 4988 2955 5057 quietos
2997 4991 3302 5060 crebroque
3334 4991 3386 5045 in

1850 5087 2144 5148 terruptos,
2171 5093 2271 5134 nec
2297 5079 2501 5149 absque
2534 5080 2944 5148 perturbatione
2973 5082 3240 5149 cepisset;
3263 5091 3386 5135 stan

1849 5184 2028 5228 tamen
2081 5172 2149 5226 ad
2206 5174 2387 5228 divina
2434 5173 2748 5243 colloquia,
2811 5189 2914 5227 non
2993 5175 3125 5230 satis
3172 5175 3390 5243 religios

1851 5265 2189 5330 tristabatur,
2223 5265 2571 5334 graviterque
2611 5267 2841 5327 terebat,
2911 5266 3153 5334 iniquum
3187 5281 3308 5321 esse
3339 5266 3409 5321 di-

1451 5441 1682 5496 VARIAS
1726 5440 2129 5496 LECTIONES.

230 5577 594 5651 “germine;
618 5619 633 5642 ,
672 5579 732 5632 D.
767 5579 828 5651 λθ
865 5578 977 5651 lege
1012 5577 1442 5651 συνοικίσαντες.

165 5722 266 5774 Ch.
319 5719 378 5771 Ι).
484 5722 524 5751 ³⁸
558 5721 650 5770 καὶ
692 5718 789 5787 τὴν
832 5721 1067 5786 πικράν,
1107 5718 1164 5771 S.

168 5793 212 5822 '°
250 5789 680 5859 ὲκκοπτομένων,
715 5793 813 5841 (Jb.
852 5788 908 5842 S.
946 5787 1010 5840 Ι).

450 5884 720 5944 Parnm"
760 5885 854 5945 Gn
914 5885 1022 5946 III.

1481 5591 1538 5633 ut
1573 5582 1737 5635 habet
1772 5583 1831 5637 ί).
1913 5583 1954 5612 ¹⁰
1989 5582 2260 5643 ἕκπλεοι,’
2297 5579 2356 5635 S.
2394 5580 2454 5634 Ρ.
2494 5581 2555 5636 D.

167 5653 230 5729 ρ,
263 5643 648 5729 ¹¹·.ξ³ἀνιέροιςι,
676 5648 825 5729 ἱιιΙ).
859 5643 1168 5729 δξιςεὶιιις.
1237 5643 1590 5729 ’Ἆγίνεσθαῃ
1725 5651 1784 5704 Ρ.

2663 5580 2701 5608 “
2739 5581 2828 5632 καὶ
2860 5580 2946 5632 ἀεὶ
2981 5581 3221 5642 ἔσονται,
3259 5579 3317 5635 8.
3353 5582 3414 5638 Ρ.

1894 5653 1935 5683 ¹⁵
1968 5652 2358 5731 δικαιοτάςιτου-ἶ
2493 5651 2552 5731 P:
2633 5650 2672 5731 ’ξ
2703 5651 2829 5702 τῶν,
2913 5651 2951 5680 ⁸⁷
2986 5651 3376 5731 ἀλήθειανκαὶρ
3399 5692 3415 5718 ,

1266 5721 1307 5751 "
1354 5723 1505 5791 prius
1552 5723 1774 5778 verbum
1823 5738 1927 5776 non
1973 5733 2055 5778 cst
2108 5725 2158 5777 in
2210 5723 2271 5774 ι).
2323 5722 2470 5790 Ρ.;ἱιι
2516 5721 2573 5773 S.
2621 5720 2892 5788 glossema
2939 5732 3024 5777 est
3076 5720 3420 5790 posterioris.

3023 5882 3098 5945 35
