4176 6318
816 325 839 373 1
852 319 956 375 099

1975 321 2030 377 S.
2076 319 2374 378 DIONYSII
2406 317 2867 379 AREOPAGI'UE

3908 334 4036 391 “00

815 452 943 494 cens
966 436 1159 507 impios
1193 437 1370 493 adhuc
1403 438 1671 505 homines,
1706 450 1994 511 rectasque
2026 444 2239 498 Domini
2267 445 2350 499 via

2486 445 2660 514 λέγων
2698 448 2864 500 ἐδεῖτο
2891 446 2985 500 τοῦ
3030 441 3164 501 Θεοῢ
3202 447 3475 520 πρηστῆρι
3520 464 3626 502 τινι
3673 449 3774 514 τὰς
3808 451 4038 522 ἀμφοτέ-

811 540 1183 601 pervertentes
1238 532 1438 589 virere.
1512 533 1579 587 Et.
1633 535 1749 590 lucc
1782 536 1993 599 dicens,
2046 539 2373 605 precabatur

812 622 977 676 Deum
1016 633 1073 676 ut
1124 623 1284 678 simul
1338 625 1619 678 amborum
1650 625 1817 679 vitam
1853 624 2088 695 fulgetra
2118 626 2369 697 quopiam

816 716 1325 770 immisericorditer
1363 716 1734 785 abrumperet.
1788 714 1885 771 His
1936 718 2119 781 dictis,
2151 728 2373 787 repente

806 825 865 863 se
915 809 1114 864 vidisse
1146 807 1415 862 referebat
1459 810 1697 874 domum,
1766 810 1820 864 in
1867 825 1973 879 qua
2006 811 2358 879 consistebat,

806 898 1035 965 primunt
1073 906 1488 965 conquassatam
1520 915 1547 951 a
1569 914 1778 953 summo
1802 900 1963 970 605
1991 902 2193 956 vertice
2222 901 2365 957 bifa-

806 992 1049 1059 riamqne
1081 990 1336 1056 divisam,
1382 999 1434 1043 et
1459 991 1745 1059 quemdam
1771 1004 1897 1049 ante
1948 1008 2007 1049 se
2039 996 2268 1065 ingentis
2295 995 2369 1051 lu-

802 1082 965 1134 minis
1020 1096 1229 1150 rogum,
1255 1096 1486 1151 eumque
1515 1082 1639 1151 (sub
1668 1084 1758 1137 dio
1787 1085 1929 1139 enim
1960 1086 2070 1154 jam
2094 1086 2247 1142 locus
2279 1086 2369 1143 illo

800 1173 1107 1241 videbatur)
1136 1188 1165 1227 e
1215 1173 1353 1227 cmlu
1406 1175 1473 1226 ad
1535 1190 1594 1229 se
1634 1190 1804 1244 usque
1852 1176 2132 1242 delatum;
2164 1178 2363 1232 caelum

801 1274 981 1318 autem
1016 1265 1190 1333 ipsum
1227 1274 1499 1333 apertum,
1528 1274 1584 1319 et
1614 1266 1666 1319 in
1722 1267 1849 1321 cmli
1893 1269 2119 1323 cardine
2175 1268 2362 1325 Jesutn

799 1357 1097 1411 innumeris
1152 1356 1224 1410 illi
1281 1358 1514 1411 humana
1570 1358 1751 1428 Specie
1795 1360 2002 1431 angelis
2040 1362 2362 1418 astantibus.

797 1451 973 1519 Atque
1002 1452 1101 1504 ista
1131 1450 1348 1519 quidem
1379 1464 1596 1504 sursum
1636 1453 1986 1522 conspexissc
2010 1495 2025 1519 ,
2081 1455 2363 1511 miratum-

797 1560 901 1614 qne
934 1544 1118 1599 fuisse.
1158 1545 1325 1599 Porro
1368 1543 1618 1598 deorsum
1680 1546 2036 1615 respectando
2067 1547 2276 1619 Carpus
2304 1564 2363 1604 se

795 1638 996 1691 vidisse
1024 1637 1323 1701 asserebat,
1348 1637 1520 1705 ipsum
1547 1651 1761 1706 quoque
1798 1639 2164 1705 pavimentum
2194 1640 2364 1696 instar

795 1738 964 1782 vasta:
996 1728 1271 1795 cujusdam
1326 1728 2222 1800 tenebricosissimmquevoraginis
2262 1730 2362 1787 dif-

2477 552 2586 606 ρων
2613 535 2846 602 εἰσάπαξ
2888 536 3127 607 ἀνηλεῶς
3172 536 3490 591 ἀποπαῦσαι
3538 538 3699 603 ζωάς.
3752 541 3942 596 Ταῦτα
3984 545 4039 597 δὲ

2472 625 2661 691 εἰπὼν,
2696 626 2847 695 ἔλεγε
2885 626 3031 691 δόξαι
3067 627 3192 680 ἰδεῖν
3246 629 3399 698 ἄφνω
3448 628 3540 681 τὸν
3570 625 3714 683 οἶκον
3738 669 3755 695 ,
3788 631 3846 683 ἑν
3893 626 4039 702 ᾧπερ

2470 719 2730 791 εἱστήκει,
2759 720 3133 792 διαδονηθέντα
3159 723 3424 794 πρότερον
3442 763 3458 788 ,
3490 725 3585 777 καὶ
3614 725 3660 757 ¹¹
3706 726 3773 779 ἐκ
3800 727 3903 797 τῆς
3932 728 4041 797 dpo-

2469 813 2575 883 φῆς
2607 814 2687 877 εἰς
2712 813 2806 866 δύο
2840 814 3002 885 μέσον
3055 814 3417 886 διαιρεθέντα,
3450 817 3543 872 καί
3582 834 3702 872 τινα
3734 818 3917 889 παρὰν
3949 838 4038 872 πο.

2470 902 2711 972 λύφωτον
2741 904 3069 975 ἐπίπροσθεν
3097 905 3262 959 αὐτοῦ
3284 907 3327 938 ²²
3360 906 3454 959 καὶ
3487 906 3691 977 ταύτην
3710 907 3909 978 (ἐδόκει
3937 907 4038 979 γὰρ

2468 994 2652 1050 λοιπὸν
2710 995 2974 1068 ὕπαιθρος
3018 998 3273 1072 όέτόπος)
3307 998 3371 1051 ἐκ
3415 997 3509 1051 τοῦ
3559 999 3808 1071 οὐρανίου
3863 1000 4040 1071 χώρου

2471 1086 2663 1157 μέχρις
2689 1087 2852 1140 αὐτοῦ
2874 1089 3319 1161 καταφερομένην
3342 1106 3356 1119 ο
3389 1089 3482 1144 τὸν
3523 1089 3579 1141 δέ
3610 1090 3835 1162 οὐρανὸν
3883 1090 4040 1143 αὑτὸν

2465 1178 2916 1251 ἀναπεπταμένον
2938 1220 2953 1245 ,
2986 1182 3081 1235 καὶ
3124 1183 3215 1236 ἐπὶ
3252 1179 3332 1252 τῷ
3368 1181 3521 1253 νώτῳ
3555 1182 3649 1235 τοῦ
3686 1182 3923 1256 οὐρανοῦ
3956 1186 4041 1237 τὸν

2480 1268 2703 1339 Ἰησοῦν,
2732 1270 2973 1343 ἀπείρων
3008 1272 3419 1345 άνθρωποειδῶς
3446 1272 3591 1344 αὐτῷ
3619 1278 4041 1346 παρεστηκότων

2464 1361 2729 1429 ἀγγέλων.
2766 1366 2874 1417 Καὶ
2902 1364 3074 1419 ταῦτα
3108 1365 3206 1436 μὲν
3238 1364 3441 1420 ἀνωθεν
3473 1366 3723 1435 ὁρᾶσθαι,
3744 1368 3841 1419 καὶ
3879 1367 4038 1419 αὐτὸν

2465 1451 2784 1525 θαυμάζειν.
2822 1456 2986 1509 Κάτω
3010 1457 3067 1509 δὲ
3102 1454 3281 1525 κύψας
3305 1458 3333 1509 ό
3363 1454 3608 1527 Κάρπος,
3646 1457 3772 1511 ἰδεῖν
3811 1457 3919 1528 ἔφη
3953 1459 4041 1511 καὶ

2462 1543 2724 1614 τοῦδαφος
2760 1546 2891 1599 αὐτὸ
2912 1546 3046 1617 πρὸς
3076 1546 3273 1617 ἀχανές
3308 1564 3361 1599 τι
3395 1547 3587 1617 χάσμα
3638 1548 3734 1600 καὶ
3768 1550 4041 1601 σκοτεινὸν

2462 1635 2872 1708 διερῤηγμένον,
2912 1638 3147 1701 καὶτοὺς
3208 1638 3304 1708 μὲν
3360 1637 3555 1709 ἄνδρας
3618 1639 3904 1705 ἐκείνους,
3964 1635 4039 1703 οἷς

2464 1728 2725 1801 ἐπηρᾶτο,
2766 1729 2872 1801 πρὸ
2899 1728 3063 1783 αὐτοῦ
3095 1729 3238 1782 κατά
3267 1730 3328 1782 τὸ
3359 1730 3576 1800 στόμιον
3618 1732 3911 1802 ἐστηκέναι
3950 1730 4038 1784 τοῦ

794 1819 1007 1882 fissum,
1043 1817 1267 1884 illosque
1292 1817 1439 1871 viros
1472 1832 1607 1885 quos
1636 1818 1769 1872 diris
1803 1819 2115 1884 devoverat,
2150 1828 2275 1874 ante
2304 1836 2355 1876 se

2463 1818 2743 1889 χάσματος
2776 1817 3134 1888 ὑποτρόμους,
3170 1817 3433 1880 ἐλεεινοὺς
3454 1857 3471 1882 ,
3509 1814 3631 1871 ὅσον
3667 1817 3821 1872 οὔπω
3873 1838 4039 1873 κατα-

793 1911 859 1964 ad
891 1924 952 1964 os
997 1908 1275 1978 voraginis
1324 1918 1618 1962 trementes
1668 1918 1833 1973 stare,
1881 1925 1944 1964 ac
1996 1911 2357 1979 miserabiles,

795 2012 1050 2071 tanquam
1076 2002 1187 2068 jam
1214 2000 1435 2068 jamque
1467 2014 1580 2067 pra:
1611 1999 1803 2069 pedum
1846 2000 2152 2055 lubricitate
2195 2003 2359 2057 colla-

794 2107 985 2162 psuros
1022 2109 1035 2145 :
1072 2090 1280 2145 inferne
1308 2099 1487 2144 autem
1519 2105 1549 2143 e
1579 2091 1834 2157 voragine
1862 2100 2144 2159 serpentes
2182 2106 2362 2146 emer-

791 2201 919 2255 gere
967 2184 1245 2248 cernebat,
1308 2184 1457 2239 circa
1512 2192 1620 2238 tam
1654 2184 1844 2238 labiles
1909 2183 2126 2237 illorum
2171 2184 2359 2252 pedes,

791 2281 949 2334 modo
987 2279 1204 2349 quidem
1238 2279 1290 2331 in
1319 2292 1508 2347 gyrum
1548 2286 1720 2339 actos,
1745 2287 1799 2330 et
1858 2274 2152 2346 implicitos
2197 2276 2359 2330 simul

788 2369 1185 2437 pertrahentes,
1218 2371 1378 2420 modo
1404 2380 1621 2436 quoque
1651 2365 1908 2421 dentibus
1959 2375 2014 2419 et
2043 2365 2233 2421 caudis
2274 2368 2357 2421 in-

788 2458 1078 2513 cendentes
1107 2472 1171 2511 ac
1193 2456 1579 2522 demulcentes,
1610 2456 1967 2525 omnibusque
1990 2458 2161 2510 modis
2181 2472 2274 2511 eos
2303 2457 2359 2511 in

789 2551 1099 2618 voraginem
1132 2547 1436 2618 prazcipites
1456 2546 1587 2602 dare
1617 2546 1904 2601 molientes
1932 2567 1944 2602 :
1979 2545 2149 2600 fuisse
2177 2556 2357 2601 autem

785 2650 842 2694 et
869 2640 1013 2693 viros
1041 2638 1303 2708 quosdam
1353 2638 1406 2691 in
1456 2638 1655 2704 medio,
1691 2638 1785 2706 qui
1813 2638 2076 2692 adversus
2116 2650 2211 2692 eos
2249 2653 2356 2693 una

785 2745 908 2784 cum
939 2728 1282 2796 serpentibus
1312 2727 1571 2796 impetum
1598 2729 2210 2798 facerent,exagitando
2225 2745 2354 2795 una,

786 2829 842 2874 et
890 2819 1217 2890 impcllendo
1267 2827 1430 2889 atque
1472 2816 1751 2884 feriendo;
1798 2820 1945 2873 visos
2008 2830 2187 2874 autem
2236 2836 2358 2877 esse

785 2918 935 2971 viros
980 2916 1103 2970 illns
1149 2915 1321 2983 lapsui
1369 2916 1829 2985 appropinquare,
1884 2916 2080 2984 partim
2128 2917 2354 2985 quidem

786 3010 1004 3073 invitos,
1033 3008 1227 3077 partim
1280 3021 1407 3060 vero
1435 3015 1643 3076 sponte,
1679 3022 1708 3060 a
1740 3006 1883 3061 malo
1926 3008 1999 3061 ita
2031 3009 2232 3063 sensim
2255 3023 2351 3063 co-

786 3111 938 3155 actos
967 3109 1021 3153 et
1050 3099 1207 3153 simul
1237 3112 1549 3168 persuasos.
1580 3096 1881 3154 Referebat
1911 3108 2090 3153 autem
2121 3098 2349 3169 Carpus,

2463 1908 2795 1980 φερομένους
2827 1908 2932 1959 ὑπὸ
2962 1907 3063 1977 τῆς
3109 1906 3216 1962 τῶν
3251 1907 3465 1962 οἰκείων
3513 1907 3687 1964 ποδῶν
3732 1910 4000 1972 ἀστασίας
4023 1928 4035 1938 ·

2463 1997 2708 2051 κάτωθεν
2738 1996 2795 2049 δὲ
2824 1996 2931 2049 ἀπὸ
2969 1996 3063 2049 τοῦ
3096 1997 3373 2068 χάσματος
3402 1997 3554 2069 ὄφεις
3602 1998 3898 2070 ἀνέρπειν,
3946 2000 4038 2053 καὶ

2463 2090 2594 2161 περὶ
2624 2089 2751 2151 τοὺς
2783 2087 2946 2151 πόδας
2973 2088 3149 2141 αὐτῶν
3170 2088 3216 2120 ’³
3248 2089 3723 2160 ὑποκινουμένους,
3769 2092 3906 2143 ποτέ
3940 2092 4037 2161 μὲν

2461 2181 2776 2252 ἀποσύρειν,
2810 2179 3289 2251 ἐπανειλουμένους
3326 2182 3441 2252 ἅμα
3484 2184 3577 2235 καὶ
3616 2182 4035 2254 ἐπιϐαροῦντας,

2462 2275 2555 2326 καὶ
2586 2272 2979 2338 ἐπανιλκοντας
2993 2274 3061 2341 ’⁸,
3088 2274 3217 2328 ποτέ
3254 2274 3309 2326 δὲ
3335 2278 3449 2338 τοῖς
3478 2273 3706 2336 ὀδοῦσιν,
3739 2276 3774 2345 ἢ
3807 2278 3925 2338 τοίς
3952 2277 4039 2328 οὐ·

2462 2363 2636 2433 ραίοις
2696 2363 3085 2433 ὑποτύφοντας,
3137 2364 3172 2433 ἢ
3220 2362 3772 2433 ὑπογαρταλίζοντας,
3811 2366 3912 2418 καὶ
3952 2364 4035 2417 διὰ

2460 2456 2659 2519 παντὸς
2688 2457 2769 2519 εἰς
2797 2456 2859 2509 τὸ
2890 2457 3087 2527 ἀχανὲς
3122 2455 3372 2527 ἐμϐαλεῖν
3404 2456 3831 2527 μηχανωμένους
3849 2474 3862 2486 ·
3900 2452 4036 2509 εἶναι

2458 2548 2515 2601 δὲ
2546 2548 2638 2600 καὶ
2666 2546 2864 2618 ἀνδρας
2894 2547 3049 2611 τινὰς
3095 2548 3155 2599 ἐν
3208 2547 3356 2619 μέσῳ
3386 2549 3500 2611 τοῖς
3539 2547 3718 2615 ὄφεσι,
3752 2547 3898 2600 κατὰ
3930 2547 4035 2599 τῶν

2459 2637 2669 2708 ἀνδρῶν
2721 2637 3230 2709 συνεπιτιθεμένους
3254 2678 3270 2703 ,
3324 2636 3695 2701 διαδονοῦντας
3770 2638 3892 2709 ἄμα
3944 2639 4036 2693 καὶ

2458 2729 2806 2792 ὐπωθοῦντας
2828 2730 2922 2784 καὶ
2940 2730 3341 2792 καταπαίοντας
3362 2746 3375 2759 ’
3394 2726 3610 2782 ἐδόκουν
3640 2727 3695 2780 δὲ
3725 2725 3870 2781 εἶναι
3903 2730 4037 2800 πρὸς

2456 2822 2517 2874 τὸ
2554 2824 2741 2874 πεσεῖν
2773 2822 2992 2885 ἐκεῖνοι,
3044 2821 3113 2873 τὰ
3151 2820 3250 2893 μὲν
3278 2804 3525 2885 ἄκοντες,
3582 2820 3650 2873 τά
3687 2818 3746 2872 δὲ
3791 2819 4031 2883 ἑκόντες,

2458 2912 2561 2964 ὑπὸ
2591 2910 2685 2963 τοῦ
2719 2911 2888 2964 κακοῦ
2922 2910 3044 2966 κατ’
3087 2909 3266 2980 όλεγον
3305 2910 3611 2982 βιαζόμενοι
3644 2912 3761 2982 ἅμα
3788 2914 3889 2965 καὶ
3918 2929 4035 2965 ται-

2456 3002 2692 3075 θόμενοι.
2727 3002 2917 3071 Ἔλεγε
2950 3002 3007 3055 δὲ
3044 3003 3072 3056 ό
3099 3002 3344 3074 Κάρπος,
3378 3001 3569 3056 ἑαυτὸν
3608 3003 3834 3073 ἥδεσθαι
3886 3006 4033 3058 κάτω

2459 3091 2744 3161 βλέποντα,
2794 3092 2901 3145 τῶν
2934 3093 3048 3148 ἀνω
3078 3093 3136 3147 δὲ
3160 3093 3379 3163 ἀμελεῖν
3399 3110 3415 3124 ο
3458 3093 3832 3164 δυσχεραίνειν
3864 3095 3922 3147 δὲ
3941 3098 4033 3148 καί

785 3205 886 3256 se,
928 3190 1052 3245 dum
1102 3188 1361 3245 inferiora
1404 3190 1733 3259 respiceret,
1783 3188 1954 3244 fuisse
2000 3190 2349 3253 delectatum,

2458 3180 2754 3253 ὀλιγωρεῖν,
2787 3182 2869 3235 ὅτι
2887 3180 2962 3252 μὴ
2996 3182 3347 3240 πεπτώκασιν
3385 3183 3507 3254 ήδη,
3537 3186 3631 3237 καὶ
3651 3184 3729 3254 τῷ
3748 3187 4029 3255 πράγματι

784 3282 1064 3350 superiora
1093 3280 1418 3350 negligenda
1440 3298 1454 3346 ;
1480 3296 1603 3334 cum
1628 3295 1755 3341 vero
1783 3281 2023 3350 graviter
2048 3290 2102 3334 et
2134 3281 2354 3349 indigne

784 3367 953 3422 ferret
980 3367 1101 3421 illos
1132 3368 1358 3422 necdum
1388 3368 1681 3432 cecidisse,
1719 3376 1882 3438 atque
1929 3370 1995 3421 ad
2046 3369 2188 3423 hanc
2238 3385 2351 3425 rem

783 3474 925 3529 smpe
954 3458 1158 3513 frustra
1191 3459 1552 3523 incubuisset,
1589 3460 1929 3529 indignatum
1972 3460 2039 3514 iis
2064 3471 2117 3515 et
2153 3461 2357 3532 impre-

783 3561 963 3605 catum
990 3565 1130 3605 esse.
1181 3551 1247 3605 Et
1269 3566 1391 3606 cum
1418 3552 1510 3605 vix
1560 3549 1775 3606 tandem
1807 3551 2076 3608 revocatis
2128 3554 2196 3608 ad
2252 3569 2351 3608 su-

783 3658 951 3713 perna
984 3642 1300 3705 luminibus,
1323 3641 1551 3697 vidisset
1577 3642 1795 3711 quidem
1834 3642 2012 3697 denuo
2041 3643 2182 3697 sicut
2204 3644 2354 3713 prius

782 3735 1002 3799 caelum,
1031 3732 1215 3788 Jesum
1246 3717 1395 3800 vero,
1426 3735 1745 3787 miseratam
1774 3734 1920 3803 quod
1967 3734 2154 3801 fiebat,
2182 3736 2349 3791 desu-

783 3843 879 3895 per
938 3827 1142 3881 caelesti
1198 3826 1393 3881 throno
1447 3826 1831 3891 descendisse,
1880 3837 2045 3895 atque
2092 3826 2157 3880 ad
2204 3828 2350 3896 ipsos

782 3920 1128 3973 accedentem
1153 3918 1442 3988 benignam
1504 3919 1573 3973 iis
1622 3933 1840 3973 manum
1888 3918 2218 3988 porrexisse,
2253 3934 2351 3973 an-

782 4010 1043 4080 gelosque
1076 4024 1182 4062 una
1207 4024 1363 4077 opem
1413 4008 1777 4076 conferentes,
1820 4009 2051 4064 alterum
2106 4011 2348 4065 virorum

783 4116 851 4155 ex
896 4100 1063 4153 altera
1107 4109 1261 4169 parte
1314 4099 1629 4165 retinuisse,
1664 4098 1958 4168 Jesumque
2018 4099 2115 4169 ipsi
2171 4100 2348 4168 Carpo

781 4192 989 4246 dixisse
1021 4211 1034 4245 :
1070 4191 1227 4244 Manu
1254 4190 1363 4259 iam
1387 4203 1611 4245 extensa
1642 4199 1864 4260 percute
1918 4207 2024 4251 mc.
2084 4191 2349 4258 siquidem

780 4285 959 4337 adhuc
994 4294 1214 4353 paratus
1248 4298 1366 4338 sunt
1406 4286 1580 4338 denuo
1611 4299 1708 4353 pro
1738 4284 2049 4339 hominibus
2073 4283 2349 4337 salvandis

780 4377 915 4446 pati,
946 4377 1184 4443 illudque
1211 4376 1593 4440 libentissime,
1627 4392 1694 4430 ne
1722 4377 1937 4430 demunt
1975 4377 2064 4429 alii
2100 4377 2347 4430 homines

2456 3271 2714 3333 πολλάκις
2750 3271 3070 3341 ἐπιθέμενον
3109 3273 3207 3328 καὶ
3257 3270 3686 3343 ἀδυνατήσαντα,
3718 3275 3815 3327 καὶ
3870 3274 4029 3344 ἀχθε-

2456 3360 2649 3431 σθῆναι
2694 3360 2789 3413 καὶ
2821 3355 3218 3432 ἐπαράσασθαι.
3258 3360 3369 3416 Καὶ
3422 3362 3790 3417 ἀνανεύσαντα
3848 3364 4027 3434 μόλις,

2456 3454 2581 3507 ἰδεῖν
2612 3452 2709 3524 μὲν
2741 3448 2896 3517 αὖθις
2939 3454 3032 3506 τὸν
3066 3453 3328 3524 οὐρανὸν,
3388 3454 3577 3526 ὥσπερ
3619 3457 3715 3508 καὶ
3763 3456 4029 3527 πρότερον

2452 3545 2707 3615 ἑωράκει,
2766 3544 2937 3598 τὸνδέ
2981 3544 3211 3617 Ἰησοῦν,
3241 3544 3536 3615 ἐλεήσαντα
3582 3546 3644 3597 τὸ
3682 3547 4024 3615 γιγνόμενον,

2452 3636 2807 3709 ἐξαναστῆναι
2828 3635 2922 3689 τοῦ
2955 3635 3350 3706 ὑπερουρανίου
3396 3634 3605 3708 θρόνου,
3664 3636 3762 3688 καὶ
3788 3634 3895 3697 ἕως
3924 3636 4023 3687 αὑ-

2450 3727 2559 3781 τῶν
2602 3728 2918 3782 καταϐάντα
2939 3767 2955 3792 ,
3010 3727 3105 3780 καὶ
3158 3728 3315 3797 χεῖρα
3367 3726 3579 3796 ἀγαθὴν
3632 3725 3884 3797 ὀρέγειν,
3934 3728 4024 3779 καὶ

2450 3821 2577 3884 τοὺς
2608 3820 2872 3890 ἀγγέλους
2900 3818 3047 3889 αὺτῷ
3078 3816 3727 3889 συνεπιλαμὸανομένους,
3761 3819 3917 3873 ἄλλον
3935 3819 4025 3873 ἀλ-

2450 3914 2602 3968 λοθεν
2636 3912 2951 3983 ἀντέχεσθαι
2969 3914 3080 3965 τοῖν
3115 3910 3351 3983 ἀνδροῖν.
3382 3912 3475 3965 καὶ
3510 3914 3683 3964 εἰπεῖν
3702 3912 3780 3983 τῷ
3810 3913 4022 3985 Κάρπῳ

2450 4007 2543 4060 τὸν
2582 4005 2821 4077 ’ῐησοῦνο
2882 4003 2994 4073 Τῆς
3040 4001 3219 4075 χειρὸς
3275 4002 3376 4074 ἤδη
3424 4003 3855 4074 προπταμένης,
3898 4007 4023 4058 παῖε

2450 4100 2569 4152 κατ’
2610 4098 2744 4168 ἐμοῦ
2771 4096 2955 4149 λοιπόν
2984 4112 2997 4123 ³
3032 4095 3248 4164 ἕτοιμος
3284 4093 3393 4165 γάρ
3430 4097 3546 4165 εἰμι
3574 4096 3665 4148 καὶ
3695 4092 3856 4159 αὖθις
3886 4096 4022 4166 ὑπὲρ

2450 4191 2749 4263 ἀνθρώπων
2779 4187 3205 4259 ἀνασωζομένων
3236 4187 3449 4253 παθεῖν,
3487 4190 3580 4241 καὶ
3611 4189 3908 4260 προσφιλὲς
3933 4204 4022 4259 μοι

2448 4286 2623 4350 τοῦτο,
2676 4285 2751 4357 μὴ
2810 4284 2985 4337 ἄλλων
3047 4282 3469 4353 ἁμαρτανόντων
3507 4281 3831 4353 ἀνθρώπιον.
3878 4282 4021 4352 Πλὴν

2446 4379 2547 4449 δρα
2597 4380 2641 4410 ³⁵
2667 4381 2716 4431 εἰ
2746 4377 2925 4441 καλῶς
2969 4377 3081 4448 ἔχει
3125 4392 3205 4429 σοι
3257 4374 3357 4445 τὴν
3416 4377 3477 4429 ἐν
3498 4371 3575 4445 τῷ
3631 4376 3872 4445 χάσματι
3928 4377 4021 4429 καὶ

781 4478 1024 4537 peccent.
1076 4468 1339 4521 Caeterum
1392 4469 1716 4532 considera,
1756 4484 1881 4521 num
1942 4468 2036 4523 tibi
2096 4468 2345 4535 expediat

2458 4468 2589 4540 μετά
2640 4468 2750 4521 τῶν
2798 4468 2974 4537 ὄφεων
3036 4466 3200 4538 μονὴν
3259 4463 3684 4529 ἀνταλλάξασθαι
3732 4467 3834 4537 τῆς
3886 4467 4021 4537 μετᾶ

782 4563 921 4613 hanc
952 4558 1254 4613 istiusmodi
1285 4560 1465 4613 hiatus
1494 4569 1697 4613 etcum
1728 4561 2075 4629 serpentibus
2106 4560 2345 4612 mansio—

2458 4528 2584 4614 beoo
2635 4560 2727 4613 και
2786 4528 2895 4613 τών
2954 4528 3173 4627 exesa;
3241 4556 3337 4608 καὶ
3394 4528 3825 4627 φιλανθρώπων.-
3859 4528 4020 4626 aint.

781 4670 901 4706 nem
944 4651 1036 4704 Dei
1077 4666 1139 4704 ac
1179 4652 1445 4703 bonorum
1494 4651 2153 4719 clementissimorumque
2181 4665 2347 4720 ange-

781 4746 952 4797 lurum
986 4743 1262 4796 consortio
1294 4742 1571 4811 praeferre.
1602 4743 1727 4798 “an
1750 4752 1899 4808 sunt,
1937 4757 2058 4812 qua:
2092 4758 2192 4812 ego
2221 4758 2343 4796 cum

781 4836 1048 4889 audierim
1106 4849 1230 4888 vera
1274 4848 1395 4888 esse
1421 4835 1607 4888 credo.

2370 4956 2439 4966 ..-

2448 4654 2575 4705 λων.
2650 4651 2834 4705 Ταῦτά
2872 4653 3020 4705 ἐστιν
3056 4649 3093 4708 ἃ
3135 4647 3246 4717 ἐγὼ
3284 4645 3536 4718 ἀκηκοὼς
3574 4649 3815 4702 πιστεύω
3846 4650 4015 4722 ἀληθῆ

2449 4739 2610 4797 εἶναι.

1862 5037 2025 5108 606
2060 5034 2589 5093 ADNOTATIONES
2626 5029 2963 5088 CORDERII.

852 5149 1279 5223 §I.Ilebrworum
1297 5152 1681 5221 Ilistoriae,etc.
1710 5152 1909 5206 Alludit
1942 5154 2006 5205 ad
2050 5155 2209 5210 Num.
2259 5170 2381 5223 cap.
2430 5170 2532 5217 xu,
2582 5153 2635 5214 5,
2668 5151 2757 5205 ubi
2796 5150 2862 5203 de
2906 5145 3315 5223 mansuetudine
3357 5143 3849 5223 Moysisdegitar:
3884 5146 4009 5200 Era:

784 5214 991 5290 Moyses
1021 5222 1099 5273 vir
1131 5224 1443 5294 mitissimus
1468 5214 1625 5286 super
1656 5240 1831 5274 omnes
1864 5224 2095 5276 homines
2128 5228 2215 5294 qui
2242 5214 2588 5277 morabamar
2619 5223 2674 5274 in
2710 5231 2871 5294 terra.
2896 5221 3079 5294 Atque
3102 5217 3241 5279 ideo,
3271 5214 3464 5294 inquit,
3616 5214 4008 5294 ἰηιιιμΙυΞ-ιιιιιε-

788 5282 1038 5360 (rumpatur,
1074 5293 1393 5359 caaterisque
1422 5282 1699 5359 prophetis
1728 5294 1943 5357 dignior
1975 5297 2041 5345 ad
2072 5282 2360 5349 videndum
2395 5295 2584 5353 Deum,
2618 5294 2692 5344 uti
2731 5291 2929 5360 ibidem
2964 5282 3541 5360 Scripturasubjungit
3568 5301 3682 5339 ver.
3711 5286 3784 5360 ϐε
3812 5283 3869 5339 Si
3894 5287 4007 5353 quis

778 5355 937 5431 fuerit
966 5366 1108 5432 inter
1138 5377 1231 5412 vos
1260 5355 1864 5427 pfoyliela'Dominifin
1900 5363 2097 5418 visione
2127 5365 2388 5432 apparebo
2417 5364 2485 5425 ei,
2520 5362 2595 5414 vel
2622 5362 2880 5432 somnium
2913 5359 3099 5432 loquar
3125 5358 3192 5432 ad
3236 5355 3407 5432 illum.
3435 5355 3501 5406 At
3535 5364 3654 5410 ’ποτε
3690 5357 3811 5407 talis
3839 5371 4007 5432 sertas

778 5425 923 5483 incus
956 5429 1187 5498 Moyses,
1221 5425 1395 5502 qniin
1431 5434 1571 5483 onmi
1604 5436 1757 5483 domo
1788 5448 1903 5485 mea
1929 5425 2268 5499 ﬁdelissimus
2297 5444 2423 5502 est_:
2456 5448 2546 5485 ore
2575 5432 2713 5485 enim
2741 5430 2809 5481 ad
2843 5445 2897 5482 os
2928 5425 3110 5498 loquor
3140 5428 3211 5492 ei,
3241 5433 3289 5478 et
3317 5425 3515 5492 palam,
3544 5436 3594 5478 et
3624 5442 3727 5479 non
3760 5441 3852 5493 per
3887 5425 4009 5478 (ni-

777 5514 952 5570 gmnta
984 5511 1030 5552 et
1062 5502 1260 5569 ﬁguras
1297 5499 1581 5552 Dominum
1612 5504 1767 5555 videt.

2057 5597 2289 5652 VARIIE
2330 5594 2725 5653 LECTIONES.

882 5687 925 5717 ’ί
990 5686 1082 5740 καί
1147 5700 1249 5741 non
1300 5696 1385 5742 est
1442 5686 1495 5742 lu
1531 5684 1589 5743 S.
1624 5685 1685 5741 P.

775 5757 895 5818 ῧοα,
932 5756 990 5811 S.

1795 5689 1839 5719 "
1872 5689 2093 5761 ἐαυτοῦ,
2122 5688 2182 5743 1).
2221 5690 2278 5745 S.
2314 5689 2375 5749 P.

2449 5690 2494 5724 ”
2526 5687 2705 5752 αὐτόν,
2743 5684 2800 5741 S.
2910 5684 2957 5715 "’
2986 5683 3257 5754 ἕλκοντας,
3309 5680 3374 5737 Ι).
3420 5678 3478 5735 S.
3553 5679 3602 5713 “
3648 5680 3789 5750 πλὴν
3849 5678 3914 5732 σὺ
3955 5676 4006 5730 ἃ
