4176 6318
770 349 907 405 “03
1932 345 1987 399 S.
2027 348 2317 402 υιυΜδιι
2372 347 2835 403 ΑΗΕΟΡΑΟΙΤᾸΞ
3875 352 4028 409 ΗΜ

770 466 1004 535 primum
1071 473 1310 534 tempore
1370 463 1449 518 sol
1504 462 1644 518 diem
1694 462 1992 534 longiorem
2043 474 2205 520 nocte
2252 464 2543 532 protendit.
2594 465 2671 521 De
2716 465 2800 520 his
2851 464 3099 520 meminit
3145 464 3361 521 Flavius
3410 465 3673 535 Vopiscus
3730 467 3784 521 in
3842 473 4021 525 Aure-

774 539 939 590 Iiano.

843 606 995 659 Circa
1026 606 1250 678 mediam
1294 621 1413 659 rero
1455 614 1677 678 noctem,
1722 616 1826 678 etc.
1858 604 2009 660 Unde
2046 604 2257 673 collige,
2304 620 2508 678 morem
2545 605 2716 678 fuisse
2759 605 2869 678 jam
2922 604 3047 659 inde
3082 621 3110 659 a
3133 605 3338 678 primis
3371 606 3623 661 Ecclesiae
3656 610 4024 678 temporibus.

774 685 831 731 ut
866 678 1181 730 sacerdotes
1217 676 1281 728 de
1316 684 1475 729 nocte
1530 676 1595 727 ad
1645 676 1911 729 orandum
1965 685 2270 742 surgerent.
2326 675 2534 744 Carpus
2580 677 2745 739 enim,
2783 676 3069 745 episcopus
3121 676 3315 740 Cretae,
3366 682 3729 744 apostolorum
3773 675 4025 745 auditor,

770 748 918 800 circa
952 747 1185 799 mediam
1226 756 1460 807 noctein,
1497 753 1555 817 ut
1591 746 1677 799 hic
1714 747 1772 800 S.
1810 746 2099 815 Dionysius
2134 760 2354 817 memor:

2462 746 2688 816 vigilare
2733 745 2937 799 solebat
2971 746 3105 816 πρὸς
3136 746 3261 817 τους
3294 746 3472 817 θείους
3522 745 3746 817 ὕμνους,
3784 750 3856 801 ad
3896 752 4017 803 diei.

776 818 1119 889 nosltynmos
1156 819 1241 883 p’e
1276 828 1329 889 et
1363 816 1618 889 religiose
1653 817 1762 889 Deo
1795 814 2187 889 coucineudos.
2245 814 2303 869 S.
2358 814 2780 889 Clirysostomus
2840 817 2895 868 in
2943 814 3061 889 cap.
3115 831 3147 868 ν
3189 814 3641 889 Isa_ite_nominat
3687 820 4026 889 παννυχίδας

773 884 952 957 ἱεράςζ
989 903 1142 939 sacra
1178 888 1656 957 pervigilia,_diem,
1694 886 1894 955 inquit,
1931 902 2047 938 cum
2086 897 2234 940 nocte
2271 884 2598 953 copulantia.
2630 888 2761 957 Qua:
2793 901 2821 939 a
2858 884 3032 940 media
3071 894 3228 940 nocte
3276 884 3521 957 inchoata
3574 888 3764 950 fuisse,
3816 884 4028 943 ibidem

776 954 858 1008 his
894 957 1072 1011 verbis
1106 954 1377 1024 signiticet
1405 974 1416 1008 :
1458 954 1652 1009 Omnes
1676 954 1845 1009 somni
1877 957 2209 1027 tyrannidem
2240 956 2857 1027 generosocontentione
2897 965 3224 1027 superantes,
3272 956 3337 1027 ὲκ
3373 958 3759 1027 μεσονυκτίων,
3790 977 3821 1011 a
3850 962 4028 1013 media

774 1028 941 1079 noctis
983 1044 1143 1095 usque
1178 1028 1245 1078 ad
1296 1027 1462 1079 lucem
1509 1024 1925 1092 perseverabant.
1963 1025 2017 1081 ια
2052 1041 2082 1080 e
2114 1024 2265 1081 fonte
2298 1025 2593 1096 apostolico
2640 1041 2922 1093 manasse,
2964 1024 3105 1082 dicit
3154 1024 3434 1095 perspicue
3466 1026 3524 1082 S.
3561 1026 3829 1083 Maximus
3880 1031 4029 1084 hunc

778 1096 950 1151 locutu
986 1112 1285 1166 eXponens,
1324 1112 1485 1165 quem
1523 1098 1644 1150 vide
1678 1098 1731 1150 iu
1772 1097 2028 1151 Scholiis.

852 1208 983 1261 Vide
1026 1211 1207 1266 Schol.
1241 1210 1300 1265 S.
1336 1211 1559 1265 Maximi
1591 1222 1637 1264 et
1678 1210 1944 1281 Paraplir.
1989 1212 2240 1282 Pachyni.
2270 1213 2323 1266 in
2360 1212 2529 1281 Epist.
2565 1212 2619 1277 8,
2660 1223 2788 1269 tom.
2830 1212 2917 1267 ΙΙ.

1158 1566 1735 1658 EPISTOLA
1792 1572 1962 1659 IX.

1272 1704 1440 1761 TITU
1484 1705 1851 1761 EPISCOPO

784 1804 1006 1873 Roganti
1056 1819 1147 1871 per
1197 1800 1467 1869 epistolam
1520 1816 1635 1870 qua:
1688 1802 1753 1873 sit
1802 1802 1986 1873 domus
2038 1802 2343 1869 sapientia',

917 1876 1033 1943 quis
1067 1884 1254 1936 crater,
1285 1882 1331 1925 et
1371 1874 1609 1939 quisnam
1637 1872 1777 1924 cibus
1804 1872 1917 1940 ejus
1944 1889 2005 1925 ac
2029 1884 2201 1941 potus.

2374 1564 2422 1619 Α

2866 1566 3425 1653 ΕΠΙΣΤΟΛΗ
3471 1566 3593 1655 Θ’.

2955 1707 3112 1775 ΤΙΤῼ
3161 1706 3497 1779 ἸΕΡΑΡΧῌ

2465 1795 2979 1887 ἜρφτήσαιςτιΙδΰ
3027 1796 3389 1887 εέδπξιοντολῇςι
3437 1797 3753 1887 τίςιόητῆς
3793 1802 4027 1887 σοφίας

2520 1867 2701 1932 οἶκος,
2734 1868 2826 1931 τίς
2863 1870 2894 1920 d
2922 1867 3175 1935 κρατὴρ,
3210 1868 3306 1921 καὶ
3336 1869 3467 1921 τίνα
3496 1868 3567 1921 τὰ
3598 1867 3896 1937 ,βρώματα
3917 1874 4025 1924 ab-

2531 1935 2659 2005 τῆς,
2694 1938 2791 1990 καί
2819 1936 2890 1991 τὰ
2924 1939 3172 2007 πόματα.

2038 2092 2365 2148 SYNUPSIS
2405 2093 2780 2150 EPISTOLE.

758 2206 842 2279 gl.
862 2212 1127 2271 Ostendit,
1155 2212 1493 2283 symbolicam
1524 2211 2174 2283 theologiamgrndioribus
2205 2220 2253 2264 et
2290 2210 2487 2283 ignaris
2519 2208 2706 2283 multas
2743 2208 3000 2283 absurdus
3026 2209 3299 2283 imagines
3352 2219 3505 2283 atque
3550 2210 3921 2283 cogitationes
3943 2212 4019 2283 in-

849 2300 1133 2351 genet'are;
1165 2277 1211 2337 et
1237 2290 1331 2335 hac
1365 2284 1636 2336 occasione
1662 2277 1883 2348 efrempli
1912 2298 2072 2334 causa
2105 2277 2572 2349 diversa'symbola
2602 2280 2831 2351 exponit,
2872 2294 2989 2344 qua:
3018 2279 3071 2331 in
3111 2277 3400 2345 Scripturis
3440 2277 3790 2351 reperiuntur.
3821 2278 4019 2332 Deinde

852 2348 1163 2421 theologiam
1195 2354 1378 2405 dividit
1415 2354 1469 2404 in
1509 2354 1780 2422 mysticam
1816 2367 1876 2403 ac
1904 2348 2381 2422 demonstrantem,
2411 2360 2455 2422 et
2490 2364 2608 2422 qua:
2638 2348 2889 2417 cujusque
2919 2358 3111 2422 partes
3133 2351 3237 2422 sint
3277 2349 3506 2422 caponit.
3548 2348 3609 2403 ΙΙ.
3644 2349 3845 2422 Docet,
3886 2366 4018 2419 sgm~

851 2422 968 2474 bola
1001 2417 1203 2475 diversa
1242 2417 1586 2475 diversimode
1618 2438 1725 2474 esse
1754 2422 2102 2489 explicanda;
2134 2434 2181 2473 et
2219 2420 2375 2473 simul
2405 2421 2663 2482 declarat,
2710 2419 2970 2488 quomodo
3002 2418 3139 2486 ignis
3183 2417 3387 2489 deﬂeo
3424 2428 3473 2470 et
3518 2420 3716 2488 angelis
3760 2417 4014 2487 accipien-

850 2494 949 2546 dus
986 2495 1075 2548 sit.
1111 2493 1244 2545 Item
1275 2492 1400 2561 quid
1433 2510 1550 2561 esca
1582 2486 1835 2560 designet.
1868 2491 1950 2545 Ill.
1995 2489 2242 2558 Exponit,
2275 2490 2402 2559 quid
2445 2503 2613 2561 crater
2644 2486 2857 2561 mystice
2900 2490 3174 2561 signiﬁcet.
3215 2486 3303 2561 lV_._
3349 2487 3490 2561 Quid
3524 2486 3707 2561 Acibus_
3726 2486 3931 2561 solidus
3973 2500 4017 2541 et

852 2564 1080 2633 liquidus
1114 2557 1367 2632 designet.
1412 2563 1472 2616 V.
1510 2560 1647 2626 Quid
1679 2557 1800 2615 iiem
1828 2561 1924 2614 Dei
1955 2563 2200 2627 ebrietas,
2231 2557 2457 2629 quidque
2493 2559 2778 2611 discubitus
2809 2560 3073 2611 beatorum
3106 2559 3160 2610 in
3192 2558 3351 2612 caelis.
3385 2557 3466 2616 νι.
3508 2558 3645 2623 Quid
3677 2558 3771 2613 Dei
3802 2576 4019 2613 somnus

849 2646 896 2686 et
926 2634 1214 2701 evigilatio.

2332 2748 2451 2808 SI.

853 2912 1084 2967 Sanctus
1108 2913 1323 2981 quidem
1344 2913 1683 2977 Timotheus,
1708 2911 1908 2983 optime
1925 2910 2063 2976 Tite,
2092 2912 2273 2967 nescio
2301 2913 2344 2965 si
2382 2918 2420 2973 ﬂ

774 3005 1047 3075 quidpiam
1088 3005 1253 3075 608
1311 3006 1673 3075 symbolorum
1724 3004 2145 3074 theologicorum
2194 3020 2222 3057 a
2257 3019 2343 3058 me

778 3097 1099 3151 traditorum
1125 3112 1228 3151 non
1250 3097 1508 3164 audierit;
1533 3096 1785 3163 quoniam
1805 3095 1855 3149 in
1880 3097 2175 3165 Symbolica
2201 3097 2345 3151 thea-

775 3190 918 3259 logia
977 3189 1230 3243 distincte
1282 3189 1382 3259 ipsi
1445 3188 1833 3257 exposuimus,
1888 3202 2226 3261 quaecunque
2287 3190 2341 3244 in

776 3281 982 3337 oraculi
1033 3281 1338 3352 prodigiosa
1385 3281 1633 3350 plurimis
1673 3281 1786 3334 visa
1820 3282 1886 3334 de
1918 3281 2029 3336 Deo
2057 3284 2343 3336 enuntian-

779 3385 887 3432 tur.
915 3374 1109 3429 Gravis
1136 3376 1334 3429 etenim
1362 3377 1581 3430 absurtli
1615 3377 1849 3444 speciem
1883 3377 2077 3430 animis
2111 3376 2344 3430 rudiori-

776 3469 879 3521 bus
908 3469 1224 3538 imprimunt
1252 3469 1438 3524 Patres
1489 3470 1560 3525 illi
1590 3472 1679 3540 qui
1715 3486 1966 3526 arcanam
2002 3471 2218 3526 tradunt
2260 3487 2343 3525 sa-

779 3561 1058 3628 pientiam,
1110 3563 1234 3615 dum
1281 3562 1512 3616 divinam
1572 3563 1717 3617 illam
1770 3565 2048 3633 mysticam
2106 3572 2159 3617 et
2220 3578 2344 3632 pro-

781 3651 919 3703 fanis
945 3651 1275 3704 inaccessam
1317 3653 1600 3705 veritatem
1649 3652 1748 3707 sub
1780 3653 1994 3707 arcanis
2020 3653 2339 3721 quibusdam

780 3740 1160 3793 audacioribus
1205 3728 1580 3810 aenigmatibus
1642 3754 1965 3812 proponunt.
2006 3746 2341 3813 Quapropter

778 3833 939 3886 etiam
989 3834 1041 3886 in
1079 3834 1273 3887 divinis
1318 3835 1585 3903 mysteriis
1630 3835 1951 3903 quandoque
1990 3838 2168 3891 verbis
2211 3837 2342 3905 ipsis

781 3926 868 3976 vix
899 3924 1198 3985 credimus,
1232 3924 1353 3975 dum
1408 3924 1493 3976 illa
1529 3926 1790 3980 duntaxat
1827 3942 1922 3995 per
1959 3938 2152 3995 agnata
2192 3944 2339 3999 sym-

778 4016 896 4069 bola
926 4016 1143 4070 sensilia
1190 4016 1573 4085 conspicimus.
1609 4015 1806 4071 Verum
1855 4020 1936 4073 bis
1964 4020 2185 4084 amoris,
2226 4021 2340 4088 ipsa

778 4109 830 4161 itt
862 4108 1051 4176 seipsis
1092 4109 1231 4161 nuda
1285 4123 1523 4176 puraque
1562 4108 1821 4163 intuenda
1874 4121 2032 4176 sunt;
2080 4111 2159 4165 sic
2195 4113 2339 4165 enim

778 4201 1205 4268 contemplantes
1229 4200 1608 4254 venerabimur
1630 4201 1830 4255 fontem
1855 4202 2001 4265 vitae,
2028 4203 2079 4255 in
2105 4202 2337 4271 seipsum

2532 2911 2589 2963 '0
2613 2909 2710 2979 μὲν
2729 2909 2870 2979 ἱερὸς
2896 2908 3172 2979 Τιμόθεος,
3193 2902 3238 2961 ὧ
3258 2908 3387 2962 καλὲ
3416 2909 3561 2972 Τίτε,
3590 2910 3689 2963 οὐκ
3718 2903 3838 2965 οἶδα
3867 2910 3925 2964 ετ
3944 2929 3991 2965 τι
4009 2946 4024 2956 -

2447 3020 2536 3065 νος
2562 3002 2669 3054 τῶν
2713 3002 3120 3072 διεγνωσμένων
3165 3020 3253 3073 μοι
3298 3002 3619 3070 θεολογικῶν
3646 3005 3691 3035 ’⁸
3743 3004 4019 3075 συμϐόλων

2447 3093 2779 3165 ἀπελήλυθεν
2806 3095 3036 3164 ἀνήκοος
3060 3111 3071 3123 ·
3108 3094 3221 3147 ἀλλ’
3250 3095 3306 3146 ὲν
3335 3096 3398 3165 τῇ
3431 3094 3773 3163 Σιμμόολικῇ
3817 3100 4017 3149 θεολο-

2446 3188 2544 3257 γίᾳ
2591 3187 3087 3258 διηυκρινησάμεθα
3124 3186 3301 3249 πάσας
3346 3186 3494 3255 αὐτῷ
3533 3185 3631 3248 τὰς
3672 3187 3781 3239 τῶν
3831 3187 4019 3255 λογίων

2448 3280 2571 3349 περὶ
2601 3278 2734 3331 Θεοῦ
2762 3279 3022 3342 δοκούσας
3058 3276 3193 3331 εἶναι
3222 3283 3331 3341 τοῖς
3378 3277 3590 3341 πολλοῖς
3619 3279 4017 3349 τερατολογίας,

2445 3372 2553 3423 Καὶ
2580 3371 2687 3442 γὰρ
2715 3371 2943 3423 ἀτοπίαν
2974 3370 3147 3441 δεινὴν
3193 3370 3694 3440 ὲναπομόργνυνται
3738 3374 3861 3434 ταῖς
3901 3372 4005 3424 ἀτεα

2444 3463 2558 3516 λέσι
2604 3462 2709 3515 τῶν
2752 3462 2957 3533 ψυχῶν,
2999 3463 3195 3516 ὁπόταν
3235 3465 3282 3515 οἱ
3329 3462 3428 3528 τῆς
3471 3463 3781 3534 ἀπορρήτου
3835 3465 4017 3533 σοφίας

2444 3555 2699 3625 πατέρες,
2734 3554 2820 3608 διὰ
2848 3556 2911 3627 δή
2943 3556 2985 3586 ²⁷
3016 3572 3173 3608 τινων
3222 3556 3464 3625 κρυφίων
3514 3556 3605 3607 καὶ
3654 3556 4015 3627 ἀποτετολμηο

2446 3647 2619 3718 μένων
2646 3647 2978 3717 αἰνιγμάτων
3010 3647 3305 3715 ὲκφαίνωσι
3335 3644 3432 3715 τὴν
3455 3646 3601 3699 θείαν
3632 3648 3726 3699 καὶ
3758 3652 4015 3720 μυστικὴν

2445 3742 2538 3793 καὶ
2567 3740 2765 3794 ἄϐατον
2794 3744 2905 3802 τοῖς
2937 3738 3181 3810 βεϐήλοις
3210 3738 3484 3809 ἀλήθειαν.
3521 3739 3613 3790 Διὸ
3641 3741 3736 3792 καὶ
3767 3742 4005 3795 ἀπιστοίι

2446 3849 2543 3901 μεν
2572 3833 2621 3883 οἱ
2650 3831 2831 3883 πολλοὶ
2858 3834 2969 3893 τοῖς
3003 3832 3132 3903 περὶ
3158 3831 3263 3884 τῶν
3289 3830 3446 3884 θείων
3478 3832 3793 3903 μυστηρίων
3815 3833 4012 3901 λόγοις·

2443 3922 2691 3993 θεώμεθα
2707 3923 2813 3994 γάρ
2830 3924 2984 3993 μόνον
3001 3922 3138 3975 αὑτά
3153 3922 3238 3975 διὰ
3252 3922 3357 3975 τῶν
3370 3924 3832 3994 προσπεφυκότων
3844 3927 4014 3988 αὐτοῖς

2441 4016 2710 4087 αἰσθητῶν
2748 4016 3045 4086 συμϐόλων.
3108 4018 3199 4067 Δεῖ
3226 4016 3282 4068 δὲ
3310 4017 3405 4069 καὶ
3439 4016 3740 4079 ἀποδύντας
3774 4018 3910 4070 αὑτά
3938 4019 4015 4086 ἐφ’

2444 4108 2649 4161 ἑαυτῶν
2680 4108 2859 4179 γυμνά
2888 4108 2981 4161 καὶ⁵
3013 4108 3225 4177 καθαρά
3254 4109 3517 4179 γενόμενα
3551 4108 3705 4161 ίδεῖν·
3741 4109 3884 4162 οὕτω
3915 4112 4012 4179 γὰρ

2443 4201 2507 4254 ἂν
2537 4201 2792 4271 θεώμενοι
2823 4201 3148 4272 σεφθείημεν
3179 4203 3360 4271 πηγὴν
3392 4202 3533 4272 ζωῆς
3563 4204 3642 4264 είς
3675 4204 3875 4274 ἑαυτὴν
3905 4220 4011 4273 xeo-

778 4288 1040 4354 ell‘usum,
1091 4296 1148 4344 et
1196 4290 1247 4344 in
1301 4290 1478 4358 seipso
1528 4291 1913 4346 consistentem
1961 4293 2233 4357 videntes,
2290 4305 2345 4349 et

2448 4293 2634 4363 μένην,
2666 4294 2760 4345 καὶ
2789 4294 2872 4360 ἐφ’
2920 4293 3116 4362 ἑαυτῆς
3163 4292 3406 4344 ἑστῶσαν
3456 4292 3723 4363 ὁρῶντες,
3766 4295 3860 4345 καὶ
3895 4294 4013 4363 μίαν

778 4397 941 4434 unam
971 4383 1253 4449 quamdam
1290 4393 1610 4451 potestatem
1646 4384 1967 4453 simplicem,
2002 4400 2098 4453 per
2136 4401 2195 4439 se
2225 4402 2340 4441 mo—

779 4474 961 4539 bilem,
1003 4489 1097 4542 per
1137 4490 1193 4529 se
1239 4484 1505 4544 agentem,
1555 4476 1784 4543 seipsam
1837 4493 1941 4529 non
1980 4479 2341 4543 deserentem,

778 4567 869 4619 sed
900 4568 1174 4620 notionem
1224 4570 1498 4620 notionum
1531 4568 1793 4633 omnium,
1825 4583 1888 4621 ac
1923 4583 2132 4637 semper
2161 4585 2219 4624 se
2248 4585 2344 4639 per

777 4661 1009 4729 seipsam
1064 4660 1536 4733 contemplantem.
1602 4662 1925 4737 Censuimus
1994 4662 2159 4729 igitur
2228 4671 2339 4716 tum

778 4751 901 4817 ipsi,
936 4762 1045 4804 tum
1072 4752 1213 4815 aliis,
1238 4752 1412 4821 quoad
1443 4753 1555 4806 ﬁeri
1588 4762 1798 4823 poterat
1817 4794 1831 4814 ,
1858 4753 2200 4823 exponendas
2222 4769 2341 4808 esse

777 4843 954 4897 omnis
984 4846 1194 4913 generis
1219 4844 1440 4910 formas,
1474 4846 1779 4915 symbolicae
1825 4845 1966 4898 illius
1996 4861 2113 4915 qua:
2142 4846 2207 4899 de
2234 4847 2340 4900 Deo

778 4945 861 4988 est
890 4950 1058 4989 sacra:
1086 4934 1453 5005 eﬂigiationis;
1483 4936 1638 5004 hujus
1677 4937 1817 4989 enim
1860 4938 2149 5002 exteriora,
2181 4954 2339 5007 quam

778 5028 932 5097 plena
960 5036 1086 5080 sunt
1108 5027 1435 5082 incredibilis
1458 5038 1510 5081 et
1539 5028 1889 5082 commentitii
1918 5030 2182 5083 monstri?
2203 5046 2250 5083 v.
2286 5047 2336 5101 g.

779 5122 903 5172 dum
936 5119 989 5172 in
1038 5119 1543 5186 suprasubstantiali
1590 5120 1683 5173 Dei
1734 5121 2097 5187 generatione,
2128 5130 2338 5176 uterum

782 5210 875 5263 Dei
906 5225 1166 5279 corporee
1197 5222 1542 5279 generantem
1573 5210 1774 5280 eﬂingit
1801 5212 1849 5275 ιι,
1888 5220 1940 5265 et.
1975 5227 2067 5266 cor
2112 5213 2340 5267 hominis

779 5311 1034 5355 eructans
1080 5302 1303 5355 verbum
1352 5303 1402 5355 in
1449 5317 1626 5355 aerem
1654 5301 1880 5356 eﬂusum
1912 5304 1957 5366 ί.
1997 5313 2049 5357 et
2096 5304 2339 5372 spiritum

782 5411 843 5449 ex
881 5410 975 5448 ore
1010 5398 1303 5463 spirantem
1331 5393 1587 5449 describit
1619 5393 1668 5460 k,
1699 5408 1762 5447 ac
1791 5393 1943 5447 sinus
1972 5392 2226 5463 deigenos
2254 5393 2343 5447 Fi-

854 5507 878 5544 ὶι
916 5505 1064 5560 Psal.
1095 5523 1203 5572 etx,
1233 5508 1287 5562 5.
1376 5505 1559 5568 iPsal,
1590 5522 1731 5569 κων,
1764 5508 1815 5561 i.

1910 5508 1936 5546 κ
1964 5506 2107 5563 Psal.
2133 5524 2310 5572 xxxn,
2343 5510 2392 5563 ϐ.

2442 4386 2564 4438 τινὰ
2597 4386 2841 4455 δύναμιν,
2874 4386 3068 4455 ἁπλῆν,
3100 4386 3471 4457 αὐτοκίνητον,
3502 4386 3922 4456 αὐτοενέογητον
3951 4388 4010 4450 ⁸³,

2446 4478 2640 4547 ἑαυτὴν
2673 4478 2771 4530 οὐκ
2804 4478 3221 4543 ἀπολείπουσαν,
3252 4478 3386 4530 ἀλλά
3429 4478 3627 4545 γνῶσιν
3657 4478 3847 4530 πασῶν
3880 4478 4010 4545 γνὼ-

2446 4587 2579 4623 σεων
2612 4571 2976 4641 ὑπάρχουσαν,
3009 4571 3101 4622 καὶ
3131 4570 3216 4622 ἀεὶ
3258 4570 3326 4622 δι’
3355 4570 3550 4639 ἑαυτῆς
3590 4570 3783 4640 ἑαυτὴν
3814 4570 4007 4639 θεωμέο

2444 4680 2557 4733 νην.
2592 4664 2803 4733 Χρῆναι
2834 4662 2961 4730 γοῦν
2983 4661 3129 4731 αὐτῷ
3155 4680 3214 4714 τε
3244 4662 3336 4714 καὶ
3364 4662 3539 4725 ἄλλοις
3571 4662 3701 4732 παρ’
3729 4664 3760 4731 ή
3771 4663 3884 4732 μῶν

2446 4753 2635 4823 θημεν,
2668 4756 2741 4817 ὡς
2769 4749 2877 4806 οἶόν
2905 4772 2963 4807 τε
2992 4752 3057 4825 ἦν
3090 4757 3155 4819 '9,
3179 4756 3585 4825 ἀναπτυχθῆναι
3615 4756 3682 4808 τά
3706 4757 4007 4809 παντοδαπὰ

2449 4844 2784 4914 μορφώματα
2815 4845 2913 4913 τῆς
2945 4846 3070 4915 περὶ
3098 4845 3230 4896 Θεοῦ
3257 4846 3587 4916 συμϐολικῆς
3619 4847 4001 4917 ίεροπλαστίας·

2445 4935 2511 4987 τὰ
2554 4936 2659 5007 γὰρ
2687 4936 2841 4999 ἐκτὸς
2886 4936 3055 5004 αὐτῆς
3086 4937 3287 5006 ὁπόσης
3326 4937 3737 5008 ἀναπέπλησται
3766 4940 3863 5009 τῆς
3894 4941 4004 4991 ἀπι-

2447 5025 2605 5077 θάνου
2665 5028 2757 5078 καὶ
2812 5025 3233 5095 πλασματώὸους
3272 5029 3590 5097 τερατείας;
3639 5022 3749 5080 οἷον
3789 5031 3880 5080 ἐπὶ
3918 5030 4001 5097 μὲν

2446 5119 2543 5186 τῆς
2574 5120 2891 5189 ὑπερθυσίου
2928 5120 3220 5187 θεογονίας,
3251 5122 3493 5190 γαστέρα
3525 5120 3659 5173 Θεοῦ
3694 5122 4001 5191 σωματικῶς

2445 5209 2575 5261 Θεὸν
2606 5211 2875 5278 γεννῶσαν
2907 5210 3368 5283 ἀναπλαττούσης,
3420 5214 3513 5265 καὶ
3560 5213 3716 5282 λόγον
3768 5216 3846 5278 εἰς
3883 5215 4000 5283 ἀέρα

2445 5304 2801 5373 προχεόμενον
2823 5303 2928 5355 ἀπὸ
2948 5304 3172 5373 καρδίας
3200 5304 3455 5375 ἀνδρικῆς
3475 5305 3896 5377 ὲξερευγομένης
3918 5308 3993 5357 air

2445 5394 2553 5460 τὸν,
2590 5396 2682 5447 καὶ
2710 5393 2923 5465 πνεῦμα
2956 5396 3311 5465 ἐκωεόμενον
3340 5396 3447 5449 ἀπὸ
3489 5398 3755 5467 στόματος
3782 5401 3999 5467 ἀναγρα·

2092 5643 2323 5699 VARI/13
2357 5645 2753 5701 LECTIONES.

898 5758 939 5786 "
974 5755 1311 5826 θεολογικῶς.
1348 5757 1405 5809 S.
1446 5755 1503 5809 P.
1580 5756 1621 5787 "
1658 5755 1719 5823 δή
1758 5772 1865 5812 non
1897 5769 1980 5813 est
2012 5758 2064 5813 in
2100 5758 2163 5813 D.
2240 5760 2283 5792 "
2320 5759 2728 5831 αὺτενέργητον,
2768 5760 2828 5813 ι).
2869 5758 2923 5814 S.
2962 5759 3019 5812 P.

3102 5760 3147 5792 ’θ
3179 5760 3252 5823 ὡς
3284 5755 3383 5812 οἷοί
3416 5776 3473 5812 τε
3510 5754 3667 5831 ἦμεν.
3706 5760 3761 5819 S.
