4176 6318
204 398 344 454 1105

1587 399 1926 458 EPISTOLA
1984 403 2071 457 IX.

3325 407 3456 464 1106

201 511 431 582 φούσης,
485 512 576 563 xui
626 511 854 574 κόλπους
899 511 1236 579 θεογονικοὺς
1266 512 1786 584 ὲναγκαλιζομένους

1889 514 2017 569 lium
2051 515 2143 570 Dei
2169 514 2615 583 complectentes,
2648 515 2702 568 in
2729 516 2944 569 modum
2990 518 3233 586 corporis
3261 521 3459 574 collau-

201 601 344 655 Θεοῦ
373 601 528 665 Υἱὸν,
578 603 1023 674 σωματοπρεπῶς
1053 605 1187 674 ἡμῖν
1229 602 1584 675 ὲξυμνούσης,
1618 604 1651 674 ἢ
1680 622 1780 675 φυ-

204 694 376 760 σικῶς
413 695 586 749 ταῦτα
625 695 1074 766 διαπλαττούσης,
1125 697 1218 749 καὶ
1267 697 1456 768 δένδρα
1501 696 1642 760 τινὰ,
1686 697 1782 750 xui

203 789 489 860 βλαστοὺς,
523 792 616 843 καὶ
647 789 801 858 ἄνθη,
835 791 926 842 xui
957 788 1108 857 ῥίζας
1129 787 1585 860 προϐαλλομένης,
1616 788 1649 859 ἢ
1677 807 1784 862 πη-

201 884 312 952 γὰς
358 884 564 938 ὑδάτων
610 882 1110 954 ἁναϐλυξούσας,ῆ
1156 883 1604 955 ἁπαυγασμὰτων
1650 903 1782 956 προ-

201 977 488 1046 αγωγικὰς
531 977 882 1045 φωτογονίας,
937 974 969 1045 ἢ
1019 976 1183 1038 ἄλλας
1239 975 1391 1038 τινὰς
1445 977 1782 1049 ὑπερουσίων

205 1067 496 1136 θεολογιῶν
519 1065 915 1137 ἐκφαντορικὰς
937 1065 1307 1137 ἱερογραφίας.
1327 1067 1446 1118 Ἐπὶ
1464 1066 1520 1119 δὲ
1535 1067 1642 1120 τῶν
1661 1085 1783 1139 νοη-

201 1158 311 1212 τῶν
327 1159 418 1212 τοῦ
437 1157 570 1210 Θεοῦ
585 1156 866 1226 προνοιῶν,
883 1158 914 1227 ἢ
931 1157 1167 1228 δωρεῶν,
1187 1157 1218 1229 ἢ
1237 1158 1570 1226 ὲκφὰνσεων,
1586 1159 1618 1228 ἢ
1635 1159 1783 1212 δυνά-

203 1270 372 1322 μεων,
407 1249 439 1321 ἧ
485 1251 779 1320 ίδιοτήτων,
811 1249 843 1320 ἢ
878 1250 1370 1321 λήξεων,ἢμονῶν,
1400 1251 1433 1322 ἦ
1467 1252 1780 1324 προόδων,ἢ

199 1344 546 1415 διακρίσεων,
578 1342 609 1412 ἢ
644 1341 908 1405 ἑνώσεων,
940 1340 1365 1412 ἁνδροπλαστίαν
1397 1341 1474 1412 τῷ
1505 1341 1643 1414 Θεῷ,
1690 1342 1782 1395 xui

199 1433 426 1504 θηρίων,
460 1433 552 1485 xui
582 1431 734 1496 ζώων
766 1431 959 1493 ἄλλων,
996 1433 1088 1483 xui
1120 1431 1323 1500 φυτῶν,
1359 1433 1449 1485 xui
1481 1431 1643 1484 λίθων
1666 1449 1783 1485 ποι-

201 1524 556 1595 κιλομορφίαν
585 1523 1052 1596 περιπλαττούσης
1075 1541 1087 1552 ·
1123 1524 1214 1576 xui
1243 1524 1480 1595 κόσμους
1512 1523 1661 1595 αὑτῷ
1682 1541 1781 1592 γυ-

203 1617 497 1680 ναικείους,
543 1616 574 1688 ἢ
624 1614 961 1686 βαρϐαρικὰς
1015 1615 1330 1678 ὁπλοποιίας
1377 1616 1778 1688 περιτιθείσης’

203 1709 298 1762 xui
326 1708 616 1778 κεραμίαν,
654 1707 744 1760 xui
773 1707 1153 1778 χωνευτήριον,
1185 1706 1259 1769 ὡς
1290 1706 1356 1760 ἂν
1391 1706 1642 1778 βαναύσῳ
1673 1708 1782 1759 τινὶ

201 1797 585 1870 προστιθείσης
614 1797 658 1829 ³⁰
683 1814 696 1828 ’
730 1798 823 1850 xui
854 1798 1052 1860 ἵππους
1084 1796 1254 1867 αὐτῷ,
1286 1798 1379 1851 xui.
1417 1797 1658 1868 ἅρματα,
1689 1800 1782 1851 καὶ

1884 608 1999 673 dat,
2041 616 2134 661 aut
2171 608 2223 660 in
2259 608 2477 661 modum
2505 608 2689 675 stirpis
2718 609 2832 663 lucc
2863 609 2974 677 ipsa
3003 612 3260 681 depingit,
3293 624 3345 668 et
3371 631 3460 668 ar-

1883 701 2043 755 bores
2070 698 2365 768 quasdam,
2396 707 2452 753 et
2487 699 2752 764 surculos,
2781 708 2835 754 et
2866 699 3024 757 liores
3055 711 3219 773 atque
3249 705 3459 762 radices

1881 791 2164 859 proponit;
2191 798 2280 842 aut
2308 788 2486 843 fontes
2526 791 2682 857 aquis
2723 801 3029 856 manantes,
3057 803 3148 846 aut
3183 793 3461 864 lucigenas

1883 881 2233 951 Splendorum
2255 879 2639 945 fecunditates,
2663 891 2751 934 aut
2770 884 3031 952 quasdam
3056 884 3187 938 alias
3205 902 3461 955 superna-

1883 970 2085 1026 turales
2100 987 2284 1026 sacras
2306 985 2482 1025 rerum
2507 970 2809 1026 divinarum
2836 974 3238 1042 explanatorias
3256 978 3459 1031 descri-

1882 1063 2117 1132 ptiones.
2161 1062 2216 1115 ln
2257 1061 2593 1130 spiritalibus
2638 1071 2814 1116 autem
2843 1063 2935 1116 Dei
2968 1064 3345 1133 providentiis,
3375 1067 3458 1120 vel

1883 1159 2040 1212 donis
2075 1157 2158 1210 vel
2190 1155 2739 1222 manifestationibus,
2765 1157 2847 1210 vel
2878 1157 3196 1223 virtutibus,
3224 1168 3315 1212 aut
3338 1175 3462 1227 pro-

1882 1248 2223 1320 prietatibus,
2249 1256 2340 1300 aut
2367 1246 2617 1311 statibus,
2644 1254 2736 1300 aut
2771 1247 3165 1309 mansionibus,
3199 1255 3291 1299 aut
3313 1261 3460 1300 ema-

1885 1338 2219 1404 nationibus,
2241 1347 2333 1392 aut
2354 1338 2770 1401 secretiouibus,
2787 1346 2880 1391 aut
2913 1339 3206 1392 unionihus
3230 1339 3458 1392 formam

1885 1431 1984 1485 viri
2009 1431 2116 1485 Deo
2139 1439 2192 1483 et
2217 1429 2479 1496 ferarum,
2506 1430 2843 1498 aliorumque
2873 1431 3230 1485 animantium
3258 1441 3312 1486 et
3336 1433 3461 1485 stir-

1885 1520 2031 1591 pium
2055 1529 2217 1588 atque
2243 1519 2477 1590 lapidum
2513 1517 3004 1575 multiformitatem
3045 1521 3275 1592 aﬂiugit;
3330 1521 3459 1590 quin

1883 1613 2045 1668 etiam
2080 1620 2305 1665 ornatus
2329 1611 2641 1677 muliebres,
2673 1623 2728 1665 et
2762 1613 3022 1667 barbaras
3051 1626 3356 1668 armaturas
3384 1616 3458 1670 illi

1883 1703 2274 1773 circumpouit:
2293 1713 2347 1756 et
2370 1702 2606 1772 liglinam
2627 1703 2943 1760 conflatoria
2955 1721 3112 1774 mque
3132 1718 3329 1772 artem,
3355 1717 3462 1761 tan-

1883 1809 2044 1863 quam
2074 1793 2254 1863 opilici
2283 1794 2521 1863 cuipiam
2557 1796 2877 1850 mechanico
2901 1797 3181 1858 attribuit;
3216 1809 3268 1853 et
3291 1814 3462 1859 equos

201 1891 422 1962 θρόνους
452 1889 904 1960 ὑποστρωννύσης
924 1906 936 1918 ο
970 1889 1062 1941 xui
1089 1889 1274 1953 δαῖτὰς
1294 1891 1336 1922 ³¹
1365 1907 1514 1953 τινας
1535 1889 1779 1960 ὀψοποιη-

1889 1889 2010 1959 ipsi,
2029 1896 2311 1952 etcurrus,
2329 1899 2382 1941 et
2399 1887 2556 1941 sedes
2571 1889 2847 1957 supponit,
2867 1897 2922 1942 ct
2939 1890 3185 1943 convivia
3213 1892 3457 1959 quadam

205 1982 356 2046 τικὰς
387 1982 430 2013 ³³
460 1980 942 2053 ἐπισκευαζούσης,
973 1983 1067 2034 xui
1097 1982 1408 2045 πεπωκότα,
1440 1984 1533 2036 καὶ
1566 1981 1788 2054 μεθύον·

208 2092 290 2137 τα,
321 2075 416 2128 καὶ
437 2072 805 2137 ὑπνώττοντα,
830 2076 924 2127 xui
940 2074 1325 2145 κραιπαλῶντα
1340 2075 1783 2145 διαπλαττούσης.

199 2169 268 2223 Τί
282 2168 346 2221 ἄν
365 2184 447 2230 τις
468 2167 609 2219 εἴποι
627 2165 724 2230 τὰς
743 2166 932 2239 ὀργὰς,
949 2167 1047 2231 τὰς
1066 2167 1259 2232 λύπας,
1276 2168 1402 2231 τοὺς
1426 2168 1789 2233 παντοδαπους

202 2260 415 2330 ὅρκους,
437 2259 535 2323 τὰς
582 2260 960 2332 μεταμελείας,
987 2260 1085 2323 τὰς
1120 2261 1278 2332 ἀρὰς,
1315 2260 1413 2324 τὰς
1446 2262 1688 2332 μήνιδας,
1719 2261 1787 2313 τὰ

202 2352 450 2424 πολυειδῆ
470 2355 560 2406 καὶ
575 2353 701 2417 λοξὰ
716 2354 816 2424 τῆς
836 2355 1109 2426 ἁμαρτίας
1127 2355 1234 2407 τῶν
1250 2353 1588 2422 ἐπαγγελιῶν
1613 2355 1790 2424 σοφίσ-

202 2463 369 2516 ματα,
403 2445 500 2516 τὴν
530 2446 587 2499 ὲν
613 2449 681 2518 τῇ
714 2447 926 2499 Γενέσει
947 2447 1393 2518 γιγαντομαχίαν,
1425 2448 1544 2501 καθ’
1575 2451 1642 2519 ἢν
1671 2450 1791 2502 ἑπι-

201 2537 471 2592 6ουλεὺειν
491 2540 554 2591 ὲκ
585 2539 748 2609 φόϐου
779 2539 994 2608 λέγεται
1023 2543 1135 2602 τοῖς
1163 2539 1406 2603 δυνατοῖς
1434 2541 1658 2604 ἐκείνοις
1691 2543 1786 2594 ἁν-

201 2634 381 2706 δρὰσι,
405 2634 499 2686 xui
525 2632 697 2685 ταῦτα
729 2633 828 2703 τὴν
860 2631 1165 2704 οἰκοδομὴν,
1189 2632 1291 2684 οὑκ
1309 2633 1394 2684 ἐπ’
1417 2633 1600 2704 ἀδικίᾳ
1628 2632 1788 2685 τινῶν

202 2723 556 2796 ὲτέρων,,ἁλλ’
577 2725 714 2796 ὑπὲρ
745 2724 1018 2795 σωτηρίας
1039 2724 1138 2794 τῆς
1155 2724 1362 2778 ἑαυτῶν
1396 2725 1788 2795 μεμηχανημέ-

203 2834 331 2879 νοις,
356 2818 448 2869 καὶ
476 2815 535 2868 τὸ
558 2833 620 2868 συ
629 2816 878 2886 μϐούλιον
894 2819 1067 2869 ὲκεῖνο
1086 2817 1147 2870 τὸ
1163 2817 1282 2870 κατ’
1299 2817 1525 2888 οὐρανὸν
1546 2819 1638 2870 ἐπὶ
1654 2818 1789 2890 δόλῳ

202 2911 293 2964 xui
319 2910 500 2982 ἁπὰτῃ
533 2907 626 2963 τοῦ
669 2909 871 2980 Ἀχαὰὁ
902 2908 1294 2980 σκευαζόμενον
1311 2909 1356 2940 ³⁸
1375 2926 1389 2938 ·
1425 2910 1519 2962 καὶ
1545 2909 1646 2974 τὰς
1679 2909 1788 2963 τῶν

201 3002 461 3072 ᾀσμάτων
490 3001 790 3073 προσύλους
836 3001 929 3054 xui
974 3001 1252 3073 ὲταιρικὰς
1280 3000 1667 3066 πολυπαθείας,
1698 3003 1790 3055 καὶ

199 3096 302 3150 ὅσα
331 3096 464 3150 ἄλλα
494 3096 594 3166 τῆς
621 3097 798 3148 πάντα
825 3095 1107 3166 τολμώσης
1137 3096 1252 3148 ἐστὶ
1283 3093 1640 3159 θεοπλαστίας
1671 3094 1789 3166 ίερὰ

201 3186 524 3258 συνθήματα
574 3187 869 3258 φαινόμενα
915 3187 1022 3241 τῶν
1081 3187 1324 3259 κρυφίων
1372 3186 1787 3258 προδεδλημένα

1888 1981 2063 2051 epulis
2104 1981 2367 2034 instructa
2397 1989 2647 2049 apparat,
2676 1990 2842 2050 atque
2866 1983 3139 2037 bibentem
3159 1985 3459 2047 etebrium,

1888 2081 1944 2126 et
1989 2071 2461 2125 dormiturientem
2511 2084 2572 2123 ac
2628 2071 3003 2140 crapulantem
3048 2070 3286 2124 exhibet.
3323 2072 3460 2137 Quid

1889 2161 2084 2215 attinet
2115 2160 2295 2217 dicere
2319 2160 2450 2224 iras,
2479 2159 2713 2220 dolores,
2751 2159 2896 2211 varia
2925 2158 3258 2228 jurameuta,
3294 2160 3464 2226 pinni—

1891 2254 2090 2309 tentias
2130 2251 2294 2322 609
2325 2261 2379 2306 et
2415 2250 2823 2305 maledictiones
2849 2289 2864 2315 ,
2901 2251 3014 2304 iras
3051 2250 3380 2304 inveteratas
3408 2259 3464 2302 et

1889 2344 2239 2414 multiplices,
2271 2353 2326 2398 et
2355 2342 2606 2413 obliquas
2644 2343 2881 2397 rationes
2910 2342 3204 2397 frustrandi
3231 2341 3463 2410 promis-

1889 2432 2101 2503 sion'es;
2138 2437 2265 2491 item
2313 2436 2459 2490 illam
2510 2437 2562 2489 in
2614 2435 2812 2490 Genesi
2855 2451 2976 2488 cum
3007 2434 3314 2505 gigantibus
3360 2450 3460 2503 pu-

1889 2546 2071 2603 gnam,
2096 2531 2150 2584 in
2170 2545 2272 2599 qua
2293 2529 2492 2584 dicitur
2516 2528 2658 2584 Deus
2687 2528 2922 2584 robustis
2951 2528 3057 2582 illis
3081 2527 3214 2582 viris
3239 2535 3463 2596 propter

1891 2636 2092 2680 metum
2128 2623 2449 2689 insidiatus,
2484 2638 2607 2678 cum
2643 2623 2903 2691 alioquin,
2952 2639 3057 2676 non
3101 2633 3158 2676 ut
3195 2622 3331 2674 alios
3372 2621 3464 2674 la:-

1891 2721 2101 2784 derent,
2137 2719 2232 2772 sed
2268 2725 2329 2769 ut
2360 2730 2417 2770 se
2449 2715 2753 2771 incolumes
2785 2725 3093 2777 servarent,
3132 2715 3264 2768 illud
3288 2713 3461 2766 a-dili-

1890 2813 2031 2867 cium
2082 2812 2250 2867 moliti
2287 2818 2470 2866 essent
2501 2827 2513 2863 :
2547 2815 2601 2863 et
2633 2805 2928 2861 concilium
2976 2805 3105 2859 illud
3135 2806 3186 2858 in
3219 2805 3360 2858 crs-lo
3396 2805 3462 2856 ad

1890 2901 2270 2970 decipiendum
2298 2899 2487 2953 Achab
2524 2896 2850 2951 fabricatum
2882 2893 2934 2960 1;
2967 2905 3020 2950 et
3047 2894 3166 2949 illas
3212 2893 3465 2948 Cantico-

1895 3009 2009 3047 rum
2045 2993 2211 3047 veluti
2253 3005 2548 3062 corporeas
2596 3002 2653 3044 et
2697 2988 3044 3044 meretricias
3079 2988 3361 3043 illecebras
3390 2995 3459 3042 ἰ

1889 3096 1944 3140 et
1970 3100 2307 3155 quaecunque
2343 3085 2447 3139 alia
2493 3097 2650 3139 sacra
2696 3084 2848 3151 signa
2895 3083 2952 3134 in
3001 3081 3112 3135 Deo
3146 3081 3338 3134 audaci
3400 3080 3463 3132 li—

1892 3181 2073 3234 ctione
2093 3177 2310 3243 format,
2334 3177 2576 3243 potentia
2598 3175 2857 3239 occultis;
2889 3173 3243 3242 multiplicata
3267 3184 3320 3228 et
3342 3189 3466 3241 par-

202 3281 298 3334 xui
348 3249 813 3350 πεπληθύσμένα,
847 3279 941 3332 xui
988 3249 1217 3349 μεριστὰ
1265 3277 1372 3331 τῶν
1416 3249 1665 3332 ’ἑνιαίων-
1691 3279 1785 3330 xui

1894 3271 1989 3324 lita
2019 3270 2350 3340 simplicibus
2377 3279 2538 3338 atque
2569 3267 2859 3322 individuis
2904 3267 3183 3336 figurativa
3230 3279 3286 3321 et
3331 3267 3464 3320 mul-

201 3374 535 3444 ἀμερίστων,
563 3375 654 3426 xui
684 3371 988 3435 τυπωτικὰ,
1018 3372 1112 3424 καὶ
1140 3369 1465 3442 πολύμορφα
1492 3369 1598 3423 τῶν
1618 3371 1789 3442 ἁμορο

202 3463 399 3535 φώτων
431 3465 526 3518 καὶ
551 3462 882 3519 ἁτυπώτων·
917 3457 994 3518 ὧν
1022 3463 1077 3516 εἴ
1117 3481 1202 3527 τις
1250 3463 1375 3516 ίδεῖν
1413 3463 1661 3536 δυνηθείη
1691 3464 1788 3537 τὴν

200 3556 355 3621 ἐντὸς
387 3558 668 3629 ὰποκεκρυ
689 3556 885 3628 ιμένην
919 3556 1270 3628 εὐπρέπειαν,
1302 3558 1520 3629 εὑρήσει
1556 3558 1789 3629 μυστικὰ

201 3649 300 3705 καὶ
330 3649 534 3720 θεομιδῆ
562 3651 763 3712 πόντα,
793 3651 884 3703 καὶ
920 3647 1114 3703 πολλοῦ
1147 3648 1241 3702 τοῦ
1273 3649 1581 3718 θεολογικοῦ
1617 3650 1791 3720 φωτὸς

200 3740 672 3814 ἐναπεπλησμένα
725 3742 816 3814 Μὴ
845 3742 954 3814 γὰρ
983 3741 1220 3812 οἰώμεθα
1249 3741 1318 3795 τὰ
1361 3743 1655 3814 φαινόμενα
1683 3743 1790 3795 τῶν

204 3834 566 3906 συνθημάτων
600 3836 741 3907 ὑπὲρ)
771 3835 974 3888 ἑαυτῶν
1006 3834 1436 3898 ἀναπεπλάσθαι,
1487 3834 1788 3906 προδεὸλῆ-

205 3927 333 3979 σθαι
347 3927 401 3980 δὲ
412 3928 510 3998 τῆς
522 3928 838 3999 ἁπορῤιιτου
860 3928 954 3980 xui
971 3927 1196 3980 ἀθεάτου
1217 3931 1329 3989 τοῖς
1344 3926 1555 3990 πολλοῖς
1572 3928 1790 3997 ἐπιστή·

208 4038 338 4091 μης,
353 4021 428 4084 ὼς
441 4019 513 4092 μὴ
528 4021 698 4092 τοίςεδδ
717 4020 962 4091 βεὸήλοις
982 4021 1278 4092 εὐχείρωτα
1297 4015 1432 4073 εἶναι
1451 4019 1518 4073 τὰ
1537 4020 1787 4089 πανίερα·

207 4113 390 4184 μόνοις
416 4112 471 4165 δὲ
501 4113 970 4167 ἀνακαλύπτεσθαι
1007 4116 1119 4176 τοῖς
1163 4113 1262 4188 τῇς
1292 4114 1565 4183 ὁσιότητος
1582 4113 1625 4144 ³³
1660 4129 1787 4182 γνη-

207 4207 344 4269 σίοις
372 4207 645 4277 ἐρασταῖς,
676 4207 750 4270 ὡς,
792 4208 968 4259 πᾶσαν
1001 4205 1096 4277 τὴν
1125 4204 1456 4277 παιδαριώδη
1493 4205 1792 4274 φαντασίαν

205 4300 232 4350 ὲ
242 4299 302 4350 πὶ
317 4298 423 4351 τῶν
443 4300 486 4351 is
495 4299 598 4369 ρῶν
619 4316 682 4352 συ
691 4299 763 4370 μϐ
771 4299 793 4351 ό
801 4300 900 4353 λων
921 4297 1260 4362 ἀποσκευαζο
1266 4299 1465 4369 μένοις,
1477 4298 1569 4351 xui
1592 4298 1793 4361 ἱκανοῖς

204 4390 502 4444 διαδαίνειν
536 4391 795 4462 ἁπλότητι
826 4389 920 4444 νοῦ
950 4429 964 4452 ,
1010 4391 1102 4443 καὶ
1146 4390 1482 4462 θεωρητικῆς
1513 4389 1793 4460 δυνάμεως

207 4483 628 4553 ἐπιτηδειότητι,
642 4483 777 4554 πρὸς
798 4482 896 4554 τὴν
914 4482 1111 4552 ἁπλῆν,
1126 4483 1219 4536 καὶ
1236 4483 1509 4555 ὑπερφυῆ,
1527 4482 1621 4536 xui
1637 4484 1792 4553 ὑπερ-

214 4578 329 4649 ιδρυ
338 4578 502 4648 μένην
517 4578 622 4631 τῶν
640 4595 702 4630 συ
711 4577 918 4649 μῦὁλων
938 4574 1209 4644 ἀλήθειαν.
1229 4574 1434 4638 ’Δλλως
1451 4590 1510 4628 τε
1529 4574 1793 4629 καὶτοῦτο

211 4669 461 4740 ἐννοῆσαι
494 4670 619 4742 χρὴ,
652 4669 713 4722 τὸ
743 4669 921 4742 διττὴν
953 4663 1090 4721 εἶναι
1119 4667 1216 4738 τὴν
1243 4668 1349 4720 τῶν
1379 4666 1641 4733 θεολόγων
1684 4684 1789 4720 πα-

215 4762 448 4834 ράδοσιν,
481 4762 578 4833 τὴν
628 4764 726 4833 μὲν
774 4761 1084 4834 ἀπόρρητον
1130 4761 1223 4814 xui
1277 4760 1563 4831 μυστικὴν,
1605 4759 1703 4829 τὴν
1733 4757 1790 4811 δὲ

215 4854 433 4924 ἐμφανῆ
462 4856 555 4908 καὶ
585 4854 1009 4927 γνωριμωτέραν
1028 4870 1042 4883 ⁸
1078 4853 1172 4906 καὶ
1201 4851 1298 4923 τὴν
1331 4851 1428 4922 μὲν
1462 4848 1791 4921 συμδολικὴν

214 4949 307 5003 xui
329 4945 663 5016 τελεστικὴν.
696 4947 794 5017 τὴν
823 4945 878 4999 δὲ
924 4944 1206 5016 φιλόσοφον
1249 4945 1343 4997 xui
1386 4941 1787 5011 ἁποδεικτικὴν,

212 5039 307 5090 xui
341 5037 744 5108 συμπέπλεκται
774 5037 849 5108 τῷ
883 5037 1033 5108 ῥητῷ
1073 5037 1135 5089 τὸ
1179 5036 1432 5107 ἄρρητον.
1464 5034 1573 5087 Καὶ
1599 5034 1660 5085 τὸ
1695 5035 1792 5102 μὲν

216 5129 389 5182 πείθει
422 5129 514 5183 xui
547 5130 855 5184 καταδεῖται
885 5129 993 5184 τῶν
1036 5129 1340 5200 λεγομένων
1371 5129 1468 5199 τὴν
1511 5125 1787 5197 ἀλήθειαν,

212 5221 274 5274 τὸ
301 5222 356 5277 δὲ
399 5222 501 5294 δρᾷ
540 5224 633 5275 xui
665 5222 894 5294 ἐνιδρύει
922 5222 983 5292 τῇ
1027 5220 1144 5292 Θεῷ
1188 5223 1307 5283 ταῖς
1337 5219 1637 5280 ἀδιδάκτοις
1687 5236 1786 5287 μυ-

215 5315 568 5383 σταγωγίαις.
599 5316 708 5368 Καὶ
741 5314 846 5386 μὴν
872 5314 991 5368 οὑδὲ
1024 5313 1164 5371 κατὰ
1204 5311 1302 5375 τὰς
1330 5312 1436 5364 τῶν
1470 5309 1784 5380 ἁγιωτάτων

299 5517 314 5551 ³
348 5510 414 5566 ΙΙΙ
439 5511 573 5583 Reg.
605 5528 753 5566 xxxx.
831 5521 868 5547 ὐ
900 5512 1054 5566 Cant.
1094 5527 1140 5565 tv
1169 5519 1223 5564 et
1254 5525 1304 5562 v.

1893 3361 2168 3428 tiformia,
2215 3363 2398 3432 figura:
2442 3361 2742 3429 forumque
2789 3359 3103 3429 expertibus
3149 3358 3460 3423 obduccus;

1889 3469 2120 3525 quorum
2151 3453 2609 3523 pulchritudinem
2654 3456 2800 3508 intus
2836 3454 3092 3508 latentem
3127 3452 3171 3506 si
3212 3452 3335 3520 quis
3383 3453 3462 3505 in-

1893 3545 2030 3601 tueri
2076 3545 2265 3615 possit,
2302 3546 2536 3614 reperiet
2576 3545 2757 3600 omnia
2808 3546 3036 3613 mystica
3087 3551 3141 3596 et
3188 3543 3370 3596 divina
3409 3553 3464 3596 et

1893 3638 2064 3693 multo
2095 3636 2301 3692 lumine
2329 3636 2631 3704 theologico
2661 3641 2883 3706 repleta.
2912 3634 3094 3704 Neque
3118 3650 3246 3689 vero
3276 3636 3465 3688 existi-

1893 3743 2106 3784 memus
2149 3728 2304 3798 signa
2354 3727 2652 3781 formarum
2691 3729 3066 3798 apparentium
3116 3743 3214 3780 sua
3257 3735 3462 3780 tantum

1893 3835 2054 3876 causa
2099 3829 2156 3873 et
2190 3819 2404 3874 ratione
2453 3817 2627 3874 efIicta
2682 3832 2822 3886 esse,
2878 3820 2970 3873 sed
3024 3819 3199 3886 potius
3254 3818 3464 3887 integu-

1895 3923 2078 3968 menta
2111 3927 2235 3969 esse
2278 3912 2523 3967 scientiae
2566 3926 2818 3976 arcanae,
2869 3921 2923 3963 et
2975 3910 3132 3980 vulgo
3183 3909 3462 3964 hominum

1892 4007 2138 4073 occultae,
2167 4016 2227 4060 ut
2248 4021 2312 4060 ea
2340 4020 2459 4075 quae
2485 4005 2829 4060 sanctissima
2877 4016 3020 4066 sunt,
3056 4019 3161 4056 non
3199 4004 3308 4056 sint
3341 4017 3465 4071 pro-

1894 4101 2036 4157 fanis
2087 4101 2270 4156 facilia
2321 4099 2386 4153 ad
2439 4097 2876 4168 intelligendum;
2932 4097 3026 4151 sed
3067 4106 3278 4148 tantum
3341 4110 3466 4150 vere

1894 4193 2151 4250 studiosis
2203 4192 2514 4248 sanctitatis
2574 4191 2911 4260 aperiantur,
2962 4197 3150 4258 utpote
3195 4187 3466 4253 expeditis

1895 4291 1963 4344 ab
1991 4287 2140 4342 omni
2173 4286 2367 4357 puerili
2403 4284 2737 4354 cogitatione
2775 4283 2828 4336 in
2871 4283 3044 4337 sacris
3091 4282 3372 4353 symbolis,
3413 4293 3467 4337 et

1893 4380 1986 4452 qui
2021 4381 2138 4434 acie
2164 4377 2361 4433 mentis
2393 4387 2448 4432 et
2473 4375 2675 4446 ingenii
2699 4373 2958 4433 facultate
2989 4374 3056 4428 ad
3087 4373 3463 4443 contemplan-

1895 4475 2022 4529 dum
2055 4472 2273 4532 idonea,
2306 4471 2590 4524 veritatem
2631 4468 2964 4537 simplicem,
3008 4477 3062 4522 et
3106 4483 3269 4537 supra
3305 4478 3467 4521 natu-

1899 4581 2016 4620 ram
2042 4563 2408 4637 symbolarum
2455 4560 2801 4624 collocatam,
2846 4560 3062 4629 assequi
3093 4561 3324 4628 possint.
3349 4562 3466 4616 Ca}-

1899 4670 2074 4712 terum
2105 4657 2206 4712 hoc
2229 4655 2624 4709 advertendum
2679 4662 2779 4718 est,
2817 4652 3083 4720 duplicem
3127 4668 3249 4708 esse
3295 4653 3466 4707 tradi-

1897 4752 2102 4806 tionem
2155 4749 2564 4820 theologorum,
2611 4763 2776 4801 unam
2822 4746 3038 4817 quidem
3105 4763 3360 4801 arcanam
3411 4757 3464 4801 et

1898 4841 2203 4912 mysticam,
2228 4840 2455 4894 alteram
2479 4853 2607 4894 vero
2636 4851 2886 4909 apertam
2916 4849 2970 4894 et
3001 4839 3460 4903 manifestiorem;

1900 4932 2046 4986 illam
2086 4933 2301 5002 quidem
2352 4931 2707 5002 symbolicaui
2760 4942 2814 4986 et
2868 4932 2935 4986 ad
2989 4933 3244 5000 mysteria
3299 4933 3464 5001 perti-

1904 5036 2142 5092 nentem,
2181 5025 2320 5079 hanc
2370 5041 2501 5080 vero
2534 5026 2960 5095 philosophicam
2991 5042 3053 5081 ac
3080 5025 3464 5081 demonstrau-

1901 5127 2036 5182 tem;
2065 5127 2256 5187 estque
2283 5132 2539 5172 arcanum
2564 5134 2687 5172 cum
2715 5128 2906 5186 aperto
2931 5133 3258 5172 connexum.
3287 5122 3462 5188 Atque

1897 5212 2000 5266 hoc
2029 5211 2244 5281 quidem
2289 5210 2447 5264 fidem
2492 5210 2645 5276 facit,
2673 5222 2727 5265 et
2769 5211 3021 5281 astringit
3052 5213 3336 5266 veritatem
3365 5227 3461 5264 eo-

1893 5321 2008 5360 rum
2035 5319 2157 5374 quue
2194 5304 2638 5370 dicuntur,-illud
2665 5318 2795 5360 vero
2823 5301 2984 5360 eﬂicit
3013 5315 3068 5359 et
3119 5305 3170 5358 in
3218 5306 3347 5367 Deo,
3395 5305 3461 5358 iis

1520 5623 1750 5680 ΥΛΙΗΛ]
1792 5620 2178 5680 ΙδΕΟΤΙΟΝΕέἀ

325 5773 367 5801 ³⁵
403 5771 767 5841 προτιθείσης,
805 5771 865 5824 Il.
909 5773 965 5826 ὃ,
1008 5771 1062 5823 1³.

220 5843 278 5897 υ,
395 5842 436 5870 ·¹⁵
465 5843 558 5906 τῆς
591 5841 862 5908 θεὸτητος.
904 5845 959 5895 ὃ,
1010 5842 1070 5896 1'.

1221 5769 1260 5798 ³’
1296 5769 1527 5830 διαίτας.
1577 5773 1628 5824 S.

1748 5774 1788 5804 δ’
1817 5771 2079 5840 osor-saec.
2202 5769 2239 5822 ιι

2403 5772 2438 5798 τί·
2473 5768 3022 5829 Αατασκ;·ααξνίμ;νοι.
3136 5767 3172 5789 ³·
3199 5767 3329 5831 pro”;
3360 5767 3460 5821 τι,
