4176 6318
767 309 901 366 “07

762 614 888 661 stne
901 607 1014 663 sive
1032 608 1287 667 Mosaicae
1312 615 1607 687 disciplinae
1636 635 1666 674 a
1696 626 1955 693 symbolis
1989 628 2097 685 Deo
2124 648 2327 691 conve-

760 699 1063 766 nientibus,
1095 703 1516 775 abstinuerunt;
1550 714 1679 782 quin
1719 718 1895 786 potius
1942 722 2187 781 videmus
2229 743 2327 781 an-

757 796 906 864 gelos
954 798 1103 852 omni
1150 802 1444 858 sanctitate
1489 805 1715 874 plenos,
1758 825 1856 880 per
1900 819 2186 886 aenigmata
2236 836 2325 877 res

758 886 973 942 divinas
999 892 1226 960 mystice
1252 909 1523 964 promere,
1549 907 1605 952 et
1632 899 1817 955 Jesum
1844 904 1898 958 in
1930 908 2230 976 parabolis.
2258 913 2325 968 de

757 978 959 1035 divinis
990 982 1157 1053 loqui,
1209 1000 1273 1039 ac
1324 986 1515 1043 deiﬁea
1563 1004 1908 1051 sacramenta
1954 1012 2053 1067 per
2085 1001 2323 1069 typicum

754 1088 957 1131 mensae
989 1090 1311 1146 apparatum
1348 1086 1584 1140 tradere.
1618 1086 1725 1145 Par
1752 1090 1895 1145 enim
1943 1101 2082 1159 erat,
2113 1103 2174 1148 ut
2216 1110 2323 1151 non

754 1168 927 1223 solum
954 1168 1153 1226 Sancla
1185 1186 1498 1233 sanctorum
1528 1196 1881 1239 servarentur
1912 1188 2069 1259 vulgo
2093 1192 2321 1249 inteme-

754 1268 916 1324 rata,
976 1265 1075 1318 sed
1127 1275 1187 1320 ut
1231 1267 1345 1336 ipsa
1380 1270 1487 1323 vita
1535 1272 1811 1343 humana,
1856 1295 1976 1348 quae
2044 1283 2323 1340 individua

752 1354 913 1409 simul
964 1363 1019 1413 et
1065 1357 1279 1414 dividua
1332 1376 1451 1429 eat,
1502 1365 1675 1421 lncetn
1740 1370 1933 1425 divina:
1997 1376 2323 1442 cognitionis

751 1449 1140 1506 convenienter
1168 1454 1272 1511 sibi
1306 1466 1559 1526 caperet;
1597 1470 1652 1515 et
1698 1475 1760 1516 ea
1812 1477 1938 1530 pars
1980 1466 2173 1522 animae
2203 1485 2323 1540 qua:

750 1551 780 1587 a
814 1538 1059 1604 patiendi
1112 1545 1437 1600 necessitate
1492 1548 1661 1604 libera
1712 1561 1830 1620 est,
1880 1538 2231 1626 simplicibus
2267 1571 2322 1617 et

750 1625 959 1685 intimis
982 1629 1289 1688 divinarum
1324 1636 1616 1708 imaginum
1645 1644 1928 1711 speciebus
1955 1652 2323 1722 contemplan-

750 1718 835 1774 dis
885 1721 1270 1794 destinaretur,
1307 1729 1397 1784 illa
1452 1748 1581 1788 vero
1627 1749 1748 1809 qua:
1797 1740 2141 1806 passionibus
2177 1718 2322 1800 τιυὶ)-

750 1808 891 1880 iecta
928 1823 1034 1880 est,
1072 1826 1129 1872 ut
1162 1830 1371 1876 natura:
1391 1824 1555 1896 610
1575 1827 1692 1892 ejus
1723 1834 2002 1900 convenit,
2036 1851 2321 1893 curaretur

749 1902 932 1971 simul,
969 1923 1023 2000 et
1056 1909 1109 1965 in
1144 1912 1512 1973 divinissimas
1546 1935 1635 1976 res
1666 1936 1764 1991 per
1816 1926 1993 1996 typica
2040 1930 2312 2000 symbols,

748 1996 830 2050 eis
862 1999 1156 2059 artiﬁciose
1188 2005 1425 2063 abducta
1457 2015 1889 2083 protenderetur,
1914 2028 1972 2072 ut
2003 1996 2089 2076 cui
2126 1996 2314 2078 istius?

749 2088 888 2179 modi
945 2091 1309 2164 integumenta
1376 2113 1606 2172 cognata
1669 2106 1814 2175 sint,
1858 2115 2309 2179 quemadmodum

748 2176 1043 2247 declarant,
1081 2184 1243 2239 etiam
1296 2188 1413 2257 qui,
1450 2193 1635 2248 audita
1669 2209 1857 2266 aperta
1876 2176 2153 2274 iheologia
2187 2206 2306 2264 sine

1929 326 1981 383 S.
2020 329 2317 390 DlONYSH
2353 338 2812 401 ΑΒΕΟΡΑΟΙΤᾹΞ

764 440 885 500 qua?
908 440 1011 480 non
1040 428 1329 496 docentur,
1364 431 1790 494 institutionibus
1818 440 2018 502 ﬁrmat.
2038 448 2201 519 Atqui
2228 467 2319 509 nec

2431 464 2743 534 μυστηρίων
2769 467 3008 533 τελετὰς,
3041 471 3092 523 οἱ
3118 472 3215 534 τῆς
3243 473 3365 527 καθ’
3385 476 3549 534 ἡμᾶς,
3581 476 3612 534 ἢ
3647 479 3709 534 τί

763 514 817 568 in
851 517 1211 573 sanctissimis
1237 524 1510 591 mysteriis
1554 530 1728 584 sancti
1760 535 2006 603 magEstri
2044 514 2161 597 sive
2221 558 2328 599 no-
2355 514 2400 518 η
2431 514 2699 623 inpagis;

2424 734 2492 788 δι’
2521 739 2856 809 αἰνιγμάτων
2882 743 2950 796 τά
2970 743 3087 798 θεῖα
3112 749 3386 817 μυστικῶς
3405 752 3739 822 προάγοντας
3758 756 3999 829 ὁρῶμεν,

2426 828 2521 881 καὶ
2566 831 2729 884 αὐτὸν
2769 833 2814 871 ³⁵
2860 835 3064 906 Ἰησοῦν
3109 840 3170 892 ὲν
3231 843 3562 913 παραϐολαῖς
3617 845 3998 917 θεολογοῦντα,

2426 923 2518 975 καὶ
2547 924 2615 977 τά
2647 924 2877 997 θεουργά
2908 932 3175 1003 μυστήρια
3205 935 3561 1007 παραδιδόντα
3580 938 3667 993 διὰ
3694 942 3934 1013 τυπικῆς
3954 944 3998 975 ³⁷

2424 1015 2838 1084 τραπεζὼσεως.
2872 1022 2981 1076 Καὶ
3006 1023 3115 1095 γάρ
3157 1020 3226 1097 ἦν
3253 1028 3417 1092 είκὸς,
3463 1032 3524 1083 οὺ
3561 1033 3715 1103 μόνον
3750 1033 4005 1106 ἀχραντα

2423 1109 2536 1171 τοῖς
2569 1108 2781 1175 πολλοῖς
2809 1114 3186 1170 ἀποσεσῶσθαι
3217 1118 3284 1172 τά
3315 1121 3481 1189 Ἅγια
3508 1124 3617 1175 τῶν
3646 1125 3837 1193 ἁγίων,
3858 1126 3999 1181 ἀλλὰ

2424 1200 2517 1253 καὶ
2565 1200 2696 1254 αὐτὸ
2743 1204 2842 1276 τὴν
2874 1205 2920 1237 ⁸⁸
2967 1208 3308 1281 ἀνθρωπίνην
3356 1212 3501 1283 ζωὴν
3545 1216 3835 1287 ἀμέριστον
3881 1220 3996 1289 ἅμα

2423 1290 2515 1343 καὶ
2550 1295 2811 1366 μεριστὴν
2839 1297 3207 1371 ὑπάρχουσαν,
3239 1304 3454 1369 οἰκείως
3498 1307 3663 1379 ἑαυτῇ
3706 1308 3806 1372 τὰς
3845 1311 3994 1375 θείας

2423 1382 2790 1455 ἑλλάμπεσθαι
2820 1391 3077 1459 γνώσειςν
3110 1396 3203 1449 καὶ
3231 1397 3292 1450 τὸ
3326 1398 3422 1469 μὲν
3450 1399 3656 1464 ἀπαθὲς
3676 1402 3775 1471 τῆς
3792 1403 3995 1474 ψυχῆς,

2422 1474 2503 1536 είς
2532 1474 2598 1527 τὰ
2631 1476 2777 1531 ἁπλᾶ
2806 1482 2901 1533 καὶ
2946 1482 3201 1537 ὲνδότατα
3235 1485 3344 1539 τῶν
3381 1486 3625 1543 θεοειδῶν
3668 1491 3999 1562 ἀγαλμάτων

2421 1564 2675 1636 ἀφορίσαι
2723 1568 3005 1641 θεάματα·
3055 1575 3115 1628 τὺ
3163 1577 3459 1648 παθητικὸν
3503 1580 3560 1633 δὲ
3608 1583 3806 1653 αὐτῆς,
3859 1600 4005 1653 συμ-

2423 1656 2573 1727 φυῶς
2601 1660 2922 1731 θεραπεύειν
2955 1666 3070 1737 ἅμα
3101 1670 3196 1721 καὶ
3225 1670 3519 1724 ἀνατείνειν
3551 1673 3643 1725 ἐπὶ
3687 1674 3754 1726 τὰ
3788 1676 4000 1728 θειότα-

2418 1765 2507 1815 τα,
2540 1755 2653 1816 τοῖς
2685 1761 3270 1830 προμεμηχανημένοις
3296 1762 3404 1816 τῶν
3446 1766 3690 1819 τυπικῶν
3716 1767 3760 1798 ³⁹
3792 1770 3979 1838 συμϐὸ

2350 1877 2395 1932 Β
2419 1840 2527 1896 λων
2573 1845 2968 1920 ἀναπλασμοῖς,
3013 1852 3089 1915 ὡς
3131 1855 3366 1924 συγγενῆ
3417 1855 3484 1909 τὰ
3533 1857 3752 1910 τοιαῦτα
3785 1860 3995 1929 πέφυκε

2422 1940 2918 2012 παραπετάσματα,
2956 1946 3051 2000 καὶ
3080 1946 3327 2018 δηλοῦσιν
3369 1952 3505 2014 ὅσοι,
3539 1952 3634 2004 καὶ
3679 1954 4000 2024 προκαλυμ-

2423 2027 2607 2096 μάτων
2639 2033 2795 2096 ὲκτὸς
2824 2034 3097 2105 θεολογίας
3128 2040 3331 2108 σαφοῦς
3361 2042 3674 2113 ἀκηκοότες,
3693 2044 3751 2096 ὲν
3784 2045 3998 2101 ἑαυτοῖς

2417 2120 2813 2179 ἀναπλάττουσι
2841 2128 3010 2182 τύπον
3039 2131 3161 2184 τινὰ
3192 2131 3327 2203 πρὸς
3344 2132 3441 2203 τὴν
3466 2133 3650 2205 νόησιν
3679 2136 3877 2199 αὐτοὺς
3899 2136 3992 2207 τῆς

2412 2213 2704 2287 εἰρημένης
2736 2216 3012 2289 θεολογίας
3038 2224 3497 2294 χειραγωγοῦντα.

746 2271 1058 2345 involucris,
1112 2279 1368 2355 ellingunt
1416 2286 1470 2340 in
1502 2301 1561 2343 se
1594 2300 1778 2361 typum
1810 2271 2096 2364 quemdam
2118 2342 2133 2367 ,
2167 2303 2256 2372 qui
2291 2303 2411 2361 illos
2444 2271 2814 2378 a'd'przed'ictm
2847 2271 3153 2388 ιΙιιεξιῖιίῶιιιΓ
3175 2271 3581 2392 intelligentiam
3636 2325 3983 2378 manuducat.

814 2546 955 2614 Quin
984 2556 1039 2603 et
1069 2550 1242 2620 ipsius
1271 2567 1489 2624 quoque
1512 2557 1696 2612 mundi
1723 2561 2070 2631 aspectabilis
2101 2563 2310 2620 fabrica

740 2640 1103 2699 invisibilibus
1123 2644 1214 2700 Dei
1252 2645 1488 2704 obducta
1513 2658 1617 2714 est,
1662 2651 1806 2708 sicut
1846 2652 2145 2722 Paulns_et
2182 2672 2313 2712 vera

746 2734 884 2789 ratio
909 2743 1160 2794 testatur.
1186 2738 1552 2805 Quamobrem
1580 2744 1743 2799 etiam
1777 2747 2014 2819 theologi
2060 2749 2165 2803 alia
2188 2751 2310 2818 qui-

746 2824 863 2881 dem
900 2829 1136 2885 civiliter
1184 2832 1538 2905 legaliterquc
1584 2838 1961 2904 considerant,
2020 2839 2125 2895 alia
2176 2856 2307 2897 vero

743 2930 877 2985 pure
918 2929 976 2973 et
1029 2923 1398 2992 intemerate;
1437 2937 1601 2997 atque
1653 2928 1745 2984 illa
1795 2932 2013 3001 quidem
2062 2934 2304 2991 humano

743 3027 1029 3095 medioque
1052 3026 1235 3090 modo,
1269 3025 1382 3080 bzec
1406 3037 1587 3082 autem
1635 3033 2063 3098 supramundiali
2094 3050 2159 3089 ac
2182 3051 2306 3105 per-

742 3120 905 3175 fecto.
934 3119 1113 3188 Atqne
1141 3117 1413 3171 interdum
1440 3120 1656 3187 quidem
1699 3136 1764 3175 ex
1802 3128 2186 3192 apparentibus
2228 3127 2306 3183 le-

2490 2574 2600 2628 Καὶ
2628 2575 2764 2648 αὐτὴ
2788 2576 2845 2631 δὲ
2873 2578 2972 2633 τοῦ
3003 2581 3327 2652 φαινομένου
3357 2582 3557 2646 παντὸς
3588 2584 3622 2653 ἡ
3652 2586 3985 2655 κοσμουργίσ

2414 2666 2525 2719 τῶν
2561 2669 2808 2741 ἀοράτων
2844 2672 2939 2725 τοῦ
2980 2673 3116 2727 Θεοῦ
3162 2676 3544 2747 προϐέϐληται,
3570 2675 3823 2746 καθάπερ
3860 2680 3983 2746 φησι

2415 2758 2626 2823 Παῦλός
2648 2777 2708 2812 τε
2730 2763 2822 2815 καὶ
2849 2764 2877 2816 ὁ
2900 2763 3102 2835 ἀληθὴς
3131 2765 3305 2834 λόγος.
3338 2766 3429 2818 Διὸ
3452 2767 3546 2820 καὶ
3573 2768 3621 2819 οἱ
3652 2766 3892 2834 θεολόγοι
3924 2767 3984 2819 τὰ

2414 2853 2514 2923 μὲν
2544 2854 2835 2919 πολιτικῶς
2874 2858 2968 2910 καὶ
3012 2858 3251 2928 ἐννόμως
3289 2859 3669 2922 ἐπισκοποῦσι,
3709 2859 3777 2911 τὰ
3807 2859 3863 2911 δὲ
3892 2876 3982 2911 κα-

2408 2947 2678 3014 θαρτικῶς
2705 2950 2797 3002 καὶ
2813 2949 3113 3021 ἀχράντως,
3128 2952 3223 3004 καὶ
3242 2951 3308 3005 τὰ
3333 2954 3428 3023 μὲν
3447 2952 3810 3024 ἀνθρωπικῶς
3832 2952 3877 2983 υ
3896 2954 3981 3004 καὶ

2420 3039 2618 3107 μέσως,
2645 3040 2712 3094 τὰ
2736 3041 2793 3095 δὲ
2823 3043 3207 3113 ὑπερκοσμίως
3240 3045 3334 3098 καὶ
3358 3044 3831 3115 τελεσιουργικῶς.
3879 3045 3984 3098 Καὶ

2413 3134 2535 3185 τοτὲ
2580 3135 2678 3202 μὲν
2714 3134 2821 3187 ἀπὸ
2855 3136 2962 3187 τῶν
3003 3136 3179 3206 νόμων
3210 3137 3317 3190 τῶν
3362 3138 3722 3207 φαινομένων,
3773 3136 3894 3189 τοτὲ
3932 3135 3983 3187 δὲ

741 3209 918 3279 gibus,
959 3209 1230 3263 interdum
1267 3223 1397 3263 vero
1442 3224 1511 3262 ex
1555 3211 1785 3267 occultis
1829 3215 2098 3280 oraculis,
2149 3226 2308 3286 prout

2414 3224 2520 3280 ἀπὸ
2538 3226 2648 3280 τῶν
2670 3227 2889 3297 ἀφανῶν
2921 3228 3138 3299 θεσμῶν
3166 3229 3306 3282 κατά
3325 3230 3387 3282 τὸ
3408 3231 3682 3301 προσῆκον
3709 3233 3825 3292 τοῖς
3848 3231 3981 3282 {mo-

740 3300 1001 3368 subjectis
1029 3300 1193 3354 rebus
1218 3302 1406 3356 sacris.
1446 3302 1833 3372 mentibusque
1864 3314 1920 3359 et
1946 3307 2145 3362 animis
2171 3322 2306 3363 con-

2414 3316 2683 3387 κειμένοις
2709 3319 2874 3389 ἱεροῖς
2896 3320 3187 3390 γράμμασι
3211 3319 3253 3351 δι
3277 3320 3371 3373 καὶ
3401 3300 3513 3382 νοῖς
3542 3322 3636 3373 καὶ
3661 3320 3858 3389 ψυχαῖς
3875 3338 3889 3350 ·
3921 3322 3977 3372 οὐ

741 3394 923 3463 gruit;
951 3394 1131 3448 omnis
1161 3394 1304 3447 enim
1336 3407 1541 3459 sermo,
1578 3395 1669 3464 qui
1716 3395 1824 3449 illis
1859 3397 2060 3467 ubique
2108 3415 2308 3470 propo-

742 3486 883 3539 situs
904 3495 1004 3551 est,
1037 3500 1142 3540 non
1164 3485 1361 3539 exilem
1406 3484 1643 3555 aliquam
1685 3486 1995 3553 historiam,
2026 3493 2123 3546 sed
2167 3493 2305 3546 vivi-

743 3576 901 3631 ﬁcam
927 3558 1599 3645 continetperl'ectionem.
1623 3576 1806 3644 Quare
1828 3581 1992 3634 etiam
2017 3597 2119 3637 nos
2144 3597 2309 3651 opor-

745 3676 842 3736 tet,
872 3670 1077 3724 omissa
1109 3668 1354 3740 pOpulari
1384 3669 1450 3723 de
1482 3670 1568 3725 his
1598 3670 1873 3739 opinione,
1896 3671 2127 3740 ipsamet
2149 3689 2308 3729 sacra

743 3761 919 3831 signa,
945 3777 1125 3828 sacra,
1159 3763 1233 3816 uti
1270 3776 1373 3831 par
1404 3772 1509 3830 est,
1557 3764 1768 3818 ratione
1794 3774 2105 3833 penetrare,
2135 3780 2310 3836 neque

743 3855 935 3910 eadem
960 3856 1313 3922 inhonorare,
1339 3873 1459 3911 cutn
1501 3859 1682 3911 nativa
1710 3858 1819 3911 sint
1848 3867 1903 3911 et
1923 3873 2186 3926 expressa
2223 3874 2308 3914 re-

744 3960 863 3998 rum
892 3944 1201 4000 divinarum
1230 3948 1541 4014 simulacra,
1570 3964 1670 4005 nec
1720 3965 1825 4005 non
1875 3950 2138 4021 imagines
2180 3964 2307 4020 per-

745 4035 947 4103 spicua:
973 4050 1299 4091 arcanorum
1329 4046 1383 4091 et
1424 4039 1924 4108 supranaturalium
1969 4039 2310 4110 spectaculo-

748 4144 891 4185 rum.
918 4128 1129 4183 Etenim
1167 4145 1272 4183 non
1314 4130 1488 4184 solum
1517 4131 2090 4202 suprasubstantialia,
2122 4142 2176 4186 et
2222 4134 2309 4187 in-

746 4220 1047 4282 tellectilia.
1073 4230 1127 4275 et
1147 4220 1472 4290 simpliciter
1503 4223 1684 4278 divina
1715 4223 1915 4279 lumina
1961 4225 2219 4296 symbolis
2244 4227 2308 4281 ii-

747 4314 952 4382 guratis
972 4315 1335 4385 variegantnr,
1362 4325 1420 4371 ut
1446 4332 1568 4371 cum
1599 4319 2135 4389 suprasubstantialis
2167 4322 2311 4377 Deus

747 4408 887 4477 ignis
915 4407 1115 4462 dicitur
1137 4416 1188 4473 ³,
1222 4420 1277 4465 et
1301 4424 1421 4480 quae.
1454 4411 1733 4467 intellectu
1765 4415 2145 4482 percipiuntur
2190 4417 2312 4473 Elo-

746 4500 871 4568 quia
904 4499 997 4553 Dei
1028 4500 1184 4570 ignea
1210 4508 1263 4565 °,
1296 4503 1388 4556 sed
1420 4514 1680 4571 przeterea
1704 4506 1869 4561 etiam
1901 4506 2068 4561 divini
2090 4508 2311 4565 ordines

2408 3406 2517 3478 γὰρ
2557 3409 2797 3478 ἱστορίαν
2834 3410 3014 3482 ψιλήν,
3055 3409 3188 3463 ἀλλά
3228 3409 3463 3481 ζωτικὴν
3502 3411 3614 3481 ἔχει
3656 3411 3929 3463 τελείωσιν
3954 3413 3981 3463 ὁ

2407 3500 2767 3570 προκείμενος
2806 3502 2989 3566 αὐτοῖς
3032 3502 3175 3566 ἄπας
3211 3520 3269 3554 τε
3309 3503 3402 3555 καὶ
3440 3503 3526 3556 διὰ
3564 3503 3781 3557 πάντων
3808 3505 3978 3572 λόγος.

2409 3585 2530 3658 Χρὴ
2557 3588 2735 3641 τοίνυν
2758 3590 2853 3642 καὶ
2875 3592 3040 3661 ἡμᾶς,
3077 3591 3197 3644 ἀντὶ
3222 3592 3321 3661 τῆς
3344 3591 3623 3662 δημώδους
3649 3595 3777 3662 περὶ
3803 3595 3977 3647 αὐτῶν

2411 3680 2748 3752 ὑπολήψεως,
2762 3680 2892 3733 εἴσω
2912 3682 3019 3735 τῶν
3045 3683 3202 3754 ἱερῶν
3228 3683 3269 3714 δ’
3284 3684 3563 3753 συμϐόλων
3583 3688 3627 3739 is
3637 3704 3801 3757 ροπρε
3812 3689 3921 3751 πῶς
3939 3690 3977 3720 ⁸³

2410 3769 2739 3833 διαϐαίνειν,
2782 3772 2877 3825 καὶ
2931 3771 3063 3841 μηδὲ
3115 3770 3401 3841 ἀτιμάζειν
3448 3772 3625 3835 αὐτὰ,
3667 3773 3780 3825 τῶν
3827 3774 3977 3827 θείων

2410 3864 2540 3917 ὄντα
2572 3866 2936 3936 χαρακτήρων
2976 3864 3174 3934 ἔκγονα
3206 3866 3251 3897 ⁸⁸
3290 3866 3385 3919 καὶ
3422 3864 3857 3936 άποτυπώματα,
3890 3870 3977 3921 καὶ

2410 3956 2625 4019 εἰκόνας
2647 3958 2910 4027 ἐμφανεῖς
2937 3957 3044 4011 τῶν
3065 3957 3391 4029 ἀπορρήτων
3421 3959 3514 4010 καὶ
3544 3957 3839 4029 ὑπερφυῶν
3868 3959 3976 4011 θεα-

2414 4047 2619 4116 μάτων.
2651 4048 2761 4100 Καὶ
2783 4047 2892 4119 γὰρ
2918 4049 2978 4100 οὐ
3012 4047 3170 4118 μόνον
3202 4048 3245 4079 ⁸⁵
3268 4047 3335 4100 τά
3366 4047 3668 4119 ὑπεροόσια
3694 4048 3867 4117 φῶτα,
3890 4048 3976 4101 καὶ

2410 4139 2479 4193 τά
2509 4141 2694 4210 νοητὰ,
2732 4141 2826 4208 καὶ
2872 4139 3057 4203 ἀτελῶς
3097 4139 3165 4192 τά
3204 4140 3323 4193 θεῖα
3363 4143 3474 4205 τοῖς
3508 4144 3833 4203 ωπωτικοίς
3870 4140 3975 4192 δια-

2414 4234 2745 4287 ποικίλλεται
2776 4232 3081 4304 συμϐόλοις,
3109 4233 3183 4297 ὡς
3211 4233 3320 4304 πῦρ
3341 4236 3369 4286 ὁ
3396 4234 3719 4306 ὑπερούσιος
3746 4234 3876 4297 Θεὸς
3897 4233 3974 4285 λε·-

2412 4326 2667 4395 γόμενος,
2701 4326 2795 4379 καὶ
2821 4325 2888 4379 τά
2918 4323 3085 4397 νοητά
3114 4324 3206 4377 τοῦ
3229 4324 3363 4377 Θεοῦ
3391 4324 3546 4391 λόγια
3571 4326 3935 4396 πεπυρωμένα
3956 4342 3969 4354 ο

2415 4415 2639 4486 προσέτι
2668 4414 2723 4469 δὲ
2746 4415 2840 4468 καὶ
2870 4414 2977 4468 τῶν
3006 4413 3210 4483 νοητῶν
3242 4415 3357 4486 ἃμα
3385 4415 3481 4468 καὶ
3500 4417 3700 4488 νοερῶν
3741 4418 3973 4485 ἀγγέλων

2413 4508 2462 4559 οἱ
2487 4506 2739 4569 θεοειδεῖς
2766 4506 3047 4577 διάκοσμοι
3072 4505 3342 4569 ποικίλαις
3385 4510 3619 4578 μοριραῖς
3654 4507 3971 4579 διαγράφον-

747 4588 1082 4657 angelorum,
1121 4591 1213 4659 qui
1238 4592 1398 4647 simul
1414 4604 1539 4648 sunt
1562 4596 1899 4653 intellectiles
1917 4607 1972 4652 et
1996 4599 2305 4669 intelligen-

2414 4616 2501 4653 ται
2526 4601 2620 4654 καὶ
2645 4598 2966 4663 πολυειδέσι,
2994 4599 3088 4652 καὶ
3124 4598 3409 4670 ὲμπυρίοις
3438 4604 3855 4670 σχηματισμοῖς.
3874 4602 3973 4654 Καὶ

750 4685 1038 4746 tes,variis
1068 4684 1259 4740 formis
1282 4700 1345 4740 ac
1372 4687 1661 4757 multiplici
1696 4690 1900 4759 specie,
1934 4700 1991 4745 et
2036 4692 2210 4762 igneis
2248 4695 2309 4747 li-

748 4776 900 4846 guris
949 4776 1331 4849 depinguntur.
1385 4779 1667 4850 Aliterqne
1712 4783 1957 4836 eamdem
2019 4784 2309 4855 imaginem

749 4868 888 4937 ignis
914 4870 1164 4937 accipere
1186 4879 1425 4939 oportet,
1471 4885 1593 4925 cum
1627 4872 1693 4926 de
1716 4872 1827 4926 Deo
1865 4874 2070 4928 dicitur
2093 4878 2182 4944 qui
2224 4878 2309 4931 in-

752 4960 1107 5030 telligentiam
1156 4973 1415 5031 snperat;
1459 4963 1618 5018 aliter
1658 4979 1779 5019 cum
1829 4966 1895 5020 de
1955 4968 2311 5036 providentiis

738 5053 883 5121 'cjus,
913 5068 1050 5122 quas
1080 5054 1431 5124 intelligentia
1460 5058 1809 5126 percipimus,
1836 5072 1929 5114 aut
1960 5064 2025 5117 de
2043 5062 2311 5117 sermoni-

751 5147 879 5211 bus;
911 5154 967 5200 et
992 5144 1150 5199 aliter
1180 5162 1301 5201 cum
1339 5148 1405 5201 de
1439 5149 1666 5215 angelis.
1707 5150 1883 5220 Atque
1919 5152 2064 5206 illam
2091 5154 2308 5223 quidem

752 5239 1039 5309 imaginem
1084 5240 1227 5310 ignis
1252 5240 1318 5294 de
1360 5239 1469 5294 Deo
1492 5241 1717 5309 dictam,
1758 5245 2053 5301 secundum
2081 5260 2307 5302 causam

750 5387 778 5415 η
813 5378 968 5436 Deut.
995 5394 1066 5432 iv.
1144 5386 1168 5412 °
1200 5377 1341 5433 Psal.
1383 5396 1515 5445 xvu,
1555 5381 1643 5435 51.

2417 4686 2589 4751 ἄλλως
2622 4686 2925 4758 τὴνσαὺτὴν
2965 4686 3059 4740 τοῦ
3102 4687 3271 4759 πυρὸς
3307 4688 3490 4741 εἰκόνα
3526 4690 3665 4743 κατὰ
3703 4690 3796 4747 τοῦ
3844 4692 3973 4762 ὑπὲρ

2418 4779 2599 4850 νόησιν
2640 4779 2686 4811 ⁸⁸
2717 4778 2851 4837 Θεοῦ
2898 4778 3195 4849 λεγομένην
3224 4778 3503 4833 ἐκλαϐεῖν·
3536 4780 3707 4845 άλλως
3745 4782 3800 4835 δὲ
3844 4786 3972 4837 κατὰ

2419 4875 2525 4928 τῶν
2552 4872 2756 4945 νοητῶν
2791 4874 2835 4905 ⁵⁷
2874 4871 3036 4928 αὑτοῦ
3076 4872 3398 4945 προνοιῶνῆ
3430 4872 3599 4942 λόγων
3618 4891 3632 4904 ·
3680 4878 3777 4931 καὶ
3810 4878 3973 4941 ἄλλως

2420 4970 2512 5023 ἐπὶ
2548 4969 2655 5023 τῶν
2684 4966 2944 5037 ἀγγέλων.
2991 4967 3101 5021 Καὶ
3139 4967 3238 5038 τήν
3283 4967 3378 5037 μὲν
3417 4968 3536 5020 κατ’
3560 4969 3759 5032 αἰτίαν,
3803 4971 3899 5041 τὴν
3923 4972 3971 5025 ἃ

2422 5059 2541 5113 καθ’
2567 5058 2817 5130 ὓπαρξιν,
2835 5059 2933 5129 τὴν
2958 5058 3016 5113 δὲ
3052 5056 3192 5111 κατά
3218 5056 3452 5127 μέθεξιν,
3484 5060 3577 5112 καὶ
3613 5060 3747 5113 ἄλλα
3789 5062 3968 5124 ἄλλως.

2416 5152 2491 5214 ὡς
2528 5154 2561 5222 ή
2606 5150 2725 5203 κατ’
2754 5150 2890 5203 αὐτά
2926 5148 3127 5219 θεωρία
3172 5150 3263 5201 καὶ
3306 5151 3701 5222 ἐπιστημονικὴ
3746 5152 3969 5219 διάταξις

2415 5244 2674 5316 ὁροθετεῖ.
2713 5245 2822 5297 Καὶ
2856 5244 2931 5314 μὴ
2966 5243 3040 5308 ὡς
3061 5243 3213 5315 ἔτυχε
3248 5244 3316 5299 τὰ
3342 5244 3463 5315 ἱερά
3499 5247 3746 5317 σύμϐολα
3777 5247 3946 5318 cup?)

2052 5498 2281 5558 VARI/l3
2319 5494 2715 5555 LEC’I‘IONES.

820 5616 863 5645 35

756 5704 943 5755 γμαςε,
985 5692 1044 5740 Ι).
1083 5690 1137 5743 S.
1180 5690 1231 5741 Β.
1312 5692 1355 5721 δ’
1390 5695 1493 5742 τὼν
1532 5694 1889 5762 tramam-Av.
1926 5694 2020 5745 till.

758 5763 1073 5825 "35.0/5-1‘7-5‘1
1113 5778 1219 5821 TOU.
1260 5760 1316 5811 Ῐδ.
1360 5764 1493 5813 22:1
1540 5763 1604 5819 ri,
1645 5760 1697 5814 l’v
1780 5764 1819 5792 "
1859 5780 1993 5815 κατ’(
2034 5781 2051 5815 ·.

896 5618 1002 5669 τίν.
1083 5618 1124 5649 ³⁷
1160 5617 1485 5689 τυπωτικῆς,
1523 5618 1577 5672 S.
1653 5620 1695 5652 ³⁸
1728 5620 1874 5681 αὐτὸ,
1914 5619 1972 5671 D.
2013 5618 2177 5687 αὐτὴν
2208 5620 2326 5689 τήν,
2362 5616 2421 5671 Ρ.

2133 5694 2179 5719 ³³
2214 5689 2390 5759 ﬁlatim,
2426 5690 2503 5743 Ch

2157 5764 2281 5824 τοῖιν,
2319 5762 2376 5815 S.
2416 5759 2471 5813 Ρ.
2513 5762 2734 5827 νοητῶν.
2770 5777 2877 5814 non
2912 5773 2994 5815 est
3030 5764 3083 5814 in
3118 5763 3214 5817 illi.

2530 5618 2572 5649 ³³
2603 5620 2943 5681 τυπωτικῶν,
2981 5616 3041 5674 S.

3147 5618 3190 5649 ’⁵ο
3223 5619 3594 5690 ἀνθρωπίνως,
3634 5620 3690 5672 S.
3773 5623 3811 5652 δ’
3852 5622 3967 5691 πρέ-

3051 5688 3107 5741 Ρ.
3201 5691 3242 5720 ³⁵
3281 5691 3433 5741 μέγα.
3472 5693 3528 5741 S-
3642 5694 3685 5721 “
3722 5696 3855 5741 κατὰ
3891 5709 3967 5741 ττι.

2626 5691 2668 5719 ⁸⁵
2701 5689 2914 5758 ἓγγονα,
2954 5690 3011 5743 S.
3051 5689 3107 5742 Ρ.

3201 5691 3242 5720 ⁵⁵
3280 5691 3433 5759 μέγα.
3472 5693 3528 5746 5.
3642 5694 3685 5721 ³⁴
3722 5696 3855 5745 κατὰ
3891 5709 3967 5757 τηε.
