4176 6318
203 361 350 419 "09

1616 364 1949 423 EPISTOLA
1987 367 2072 424 IX.

3298 378 3431 436 1110

202 495 344 550 ρειν,
388 478 522 534 ἀλλά
570 479 953 552 προσηκόντως
997 479 1134 534 αὐτὰ
1167 481 1287 546 ταῖς
1321 481 1540 549 αίτίαις,
1588 483 1767 555 ἢταῖς

1892 486 2125 554 recipere
2174 493 2433 556 oportet;
2489 485 2649 542 aliam
2700 485 2993 542 secundum
3023 484 3428 549 exsistentiam,

202 557 524 640 ὑπάρξὲσιν,
548 569 581 642 ἢ
604 572 725 634 ταῖς
745 568 1054 642 δυνάμεσιν,
1092 570 1126 641 ἢ
1156 575 1279 637 ταῖς
1317 573 1552 640 τάξεσιν,
1592 572 1626 645 ἢ
1655 578 1776 639 ταῖς

202 659 384 728 ἀξίαις
399 659 778 726 ἀναπτύσσειν,
802 651 877 715 ὧν
904 661 997 716 καὶ
1020 662 1168 717 ἐστιν
1194 663 1556 736 ὲκφαντορικά
1582 664 1777 736 συνθή-

207 769 373 825 ματα.
401 753 510 806 Καὶ
522 753 670 817 ὅπως
688 752 762 825 μὴ
786 754 927 826 πέρα
941 755 1034 809 τοῦ
1050 756 1259 820 δέοντος
1285 755 1690 828 ὲπιστὲλλοιμεν
1706 757 1772 824 ⁸³,

203 846 297 902 ἐπ’
333 845 502 918 αὐτὴν
539 843 641 916 ἤδη
678 843 776 916 τὴν
828 847 1181 917 προτεθεῖσαν
1222 848 1312 917 ὑφ’
1349 847 1504 920 ὑμῶν
1550 845 1774 920 ζήτησιν

208 935 369 992 ἰτέον.
393 937 500 990 Καὶ
523 936 768 1008 λέγομεν,
791 939 874 992 ὅτι
903 942 1053 994 πᾶσα
1064 940 1235 1014 τροφὴ
1257 940 1632 1013 τελεσιουργός
1658 943 1774 995 ἐστι

203 1024 317 1081 τῶν
341 1027 705 1099 τρεφομένων,
737 1028 835 1102 τὴν
859 1030 1101 1084 ἀτέλειαν
1130 1030 1310 1086 αὐτῶν
1339 1033 1432 1087 καὶ
1451 1033 1552 1104 τὴν
1568 1031 1773 1086 ενδειαν

205 1115 619 1189 ἀποπληροῦσα,
660 1119 754 1174 κα)⁴
784 1120 846 1175 τὸ
873 1118 1096 1186 ἀσθενὲς
1126 1121 1520 1194 θεραπεύουσα,
1559 1123 1654 1178 καὶ
1677 1123 1775 1196 τὴν

199 1207 356 1289 ζωὴν
385 1208 563 1263 αὐτῶν
589 1210 921 1285 φρουροῦσα,
946 1213 1039 1267 καὶ
1067 1212 1382 1269 ἀναθάλλειν
1406 1213 1652 1278 ποιοῦσα,
1683 1214 1776 1267 καὶ

208 1299 600 1367 ἁνανεάζουσα,
635 1304 728 1357 καὶ
754 1302 990 1375 ζωτικὴν
1021 1303 1206 1369 αὐτοῖς
1242 1303 1535 1358 εὐπάθειαν
1576 1303 1778 1376 δωρου-

211 1392 371 1466 μένη,
397 1394 492 1448 καὶ
512 1395 699 1460 ἀπλῶς
724 1395 819 1449 τοῦ
845 1396 1102 1462 ἀνιῶντος
1137 1399 1232 1452 καὶ
1267 1397 1361 1451 τοῦ
1391 1395 1611 1461 ἀτελοῦς
1653 1396 1776 1451 ἑλά-

207 1502 386 1556 τειρα,
415 1484 509 1539 καὶ
530 1487 629 1557 τῆς
657 1487 992 1560 εὐφροσύνης
1019 1489 1197 1544 αὐτῶν
1214 1491 1308 1545 καὶ
1329 1490 1430 1562 τῆς
1448 1490 1778 1562 τελειότητος

210 1576 467 1648 χορηγός.

1880 574 2042 630 aliam
2070 589 2198 631 vero
2222 576 2520 632 secundum
2554 577 3073 647 participationem;
3111 584 3167 631 et
3197 577 3302 630 alia
3329 575 3428 629 ali-

1879 674 1981 731 ter,
2007 674 2066 720 ut
2096 681 2285 722 eorum
2317 666 2706 736 contemplatio
2747 677 2803 722 et
2842 667 3162 723 constitutio
3198 666 3438 721 scienter

1876 756 2015 813 facta
2030 757 2351 828 praescribit.
2369 755 2481 813 Nec
2507 757 2649 812 enim
2676 766 2893 827 oportet
2917 757 3214 813 furtuitoac
3232 765 3438 811 temere

1878 851 2108 907 miseere
2123 850 2390 922 symbola,
2403 852 2496 907 sed
2511 851 2688 922 potius
2709 851 3002 922 explanare
3027 865 3088 906 ea
3107 864 3206 905 con
3216 849 3438 904 venien-

1876 952 1962 998 ter
1981 943 2160 999 causis
2198 952 2295 998 aut
2318 943 2671 1008 exsistentiis,
2703 951 2796 996 aut
2825 942 3208 1010 potestatibus,
3231 948 3324 994 aut
3352 955 3443 993 or-

1880 1035 2116 1103 dinibus,
2148 1043 2240 1090 aut
2284 1033 2663 1105 dignitatibus,
2696 1049 2816 1104 quae
2844 1033 3025 1088 omnia
3055 1034 3227 1104 signis
3258 1031 3442 1087 decla-

1879 1137 2089 1184 rantur.
2116 1125 2381 1182 Cazterum
2422 1141 2489 1183 ne
2526 1126 2770 1196 epistola:
2820 1125 3041 1181 modum
3089 1125 3439 1186 excedamus,

1874 1221 2080 1293 jamad
2110 1221 2282 1290 ipsam
2313 1221 2644 1291 propositam
2687 1233 2718 1274 a
2766 1219 2923 1275 nobis
2965 1218 3319 1289 quaestionem
3345 1231 3440 1270 ve-

1881 1313 2116 1370 niamus.
2148 1311 2388 1368 Dicimus
2423 1313 2627 1382 itaque,
2659 1325 2874 1366 omnem
2903 1326 3084 1367 escam
3109 1311 3214 1364 vim
3240 1309 3442 1370 habere

1885 1405 2200 1479 perficiendi
2241 1404 2363 1460 illos
2401 1420 2540 1475 quos
2563 1406 2756 1471 nutrit,
2786 1408 2914 1459 dum
2942 1402 3320 1473 imperfectum
3348 1416 3439 1454 eo-

1887 1511 2004 1550 rum
2048 1505 2104 1551 et
2155 1487 2507 1567 indigentiam
2554 1493 2749 1565 replet,
2778 1503 2832 1549 et
2859 1494 3232 1548 inﬁrmitatem
3278 1491 3438 1563 6n

1887 1594 2066 1654 curat,
2119 1585 2394 1655 vitamque
2442 1593 2646 1650 servat,
2703 1593 2758 1639 et
2807 1583 3159 1639 reﬂorescere
3211 1578 3340 1635 facit
3381 1593 3446 1633 ac

213 1677 463 1736 renovat,
525 1676 581 1724 et
619 1669 840 1726 vitalem
873 1671 982 1728 illis
1050 1672 1304 1730 aﬂ'ectnm
1373 1673 1562 1742 donat,
1635 1675 2062 1749 simpliciterque
2111 1678 2388 1734 tristitiam
2427 1686 2482 1736 et
2522 1676 2991 1748 imperfectionem
3035 1674 3221 1746 abigit,
3284 1681 3447 1744 atque

211 1756 460 1816 lctitiam
490 1761 992 1837 perfectionemque
1025 1768 1299 1825 conciliat.

1730 1890 1758 1963 ς
1799 1885 1910 1947 ιιι.

287 1995 484 2062 Καλῶς
511 1990 603 2053 οῦν
626 1998 670 2032 ⁸³
697 2001 730 2072 ἡ
763 2001 1067 2074 ύπέρσοφος
1101 2007 1192 2060 καὶ
1229 2007 1407 2079 ἀγαθὴ
1454 2008 1615 2078 σοφία
1647 2008 1782 2081 πρὸς

1953 2006 2318 2074 Quamobrem
2365 2013 2516 2062 recte
2575 2017 2904 2076 supraquam
2942 1999 3163 2071 sapiens
3189 1998 3344 2067 juxta
3380 2013 3447 2052 ac

210 2088 324 2142 τῶν
348 2088 540 2159 λογίων
563 2092 831 2163 ὑμνεῖται,
873 2097 1124 2170 κρατῆρα
1153 2099 1414 2169 μυστικὸν
1445 2099 1666 2165 ίστῶσα,
1697 2102 1788 2155 καὶ

212 2177 277 2231 τὺ
314 2178 459 2251 ίερὺν
504 2179 668 2236 αὐτοῦ
704 2183 852 2254 πόμα
891 2186 1195 2257 προχέουσα
1229 2188 1298 2253 ⁸⁸,
1336 2189 1535 2260 μᾶλλον
1576 2191 1632 2244 δὲ
1682 2191 1788 2260 πρὸ

210 2271 419 2327 τούτων
459 2273 560 2338 τὰς
607 2276 834 2346 στερεὰς
877 2279 1086 2350 τροφὰς
1132 2281 1470 2354 προτιθεῖσα,
1513 2286 1607 2338 καὶ
1651 2286 1789 2356 μετὰ

210 2363 421 2436 ὑψηλοῦ
459 2365 810 2439 κηρύγματος
839 2370 973 2442 αὑτὴ
1006 2374 1113 2426 τῶν
1155 2373 1423 2446 δεομένων
1448 2377 1616 2448 αὐτῆς
1649 2378 1788 2446 ἀγα-

212 2456 505 2529 θοπρεπῶς
524 2459 818 2531 ἐφιεμένην
846 2463 912 2515 ⁸⁸.
943 2463 1136 2535 Διττὴν
1162 2461 1254 2519 οῦν
1282 2466 1381 2538 τὴν
1396 2467 1648 2540 τροφὴνὴ
1670 2469 1789 2524 θεία

215 2549 379 2616 σοφία
418 2549 723 2622 προτίθησι,
761 2551 869 2624 τὴν·
904 2554 1001 2624 μὲν
1031 2556 1257 2626 στερεὰν
1284 2560 1376 2611 καὶ
1417 2559 1658 2630 μόνιμον,
1690 2560 1788 2631 τὴν

211 2638 274 2694 δὲ
293 2636 468 2710 ὑγρὰν
487 2643 578 2695 καὶ
607 2644 981 2716 προχεομένην
999 2663 1011 2677 ·
1045 2647 1140 2700 καὶ
1171 2649 1265 2702 ἐπὶ
1303 2652 1540 2721 κρατῆρι
1566 2655 1791 2722 χορηγεῖ

213 2729 318 2793 τὰς
334 2733 694 2804 πῳνοητικάς
718 2735 888 2805 αὐτῆς
912 2738 1270 2810 ἀγαθότητας.
1315 2741 1370 2794 '0
1403 2743 1500 2812 μὲν
1532 2739 1623 2796 οὖν
1651 2761 1787 2815 κραη

213 2819 345 2891 τὴρ,
390 2823 689 2894 περιφερὴς
725 2823 800 2878 ὢν
849 2828 941 2880 καὶ
988 2827 1468 2899 ἀναπεπταμένος,
1527 2832 1788 2902 σύμϐολον

213 2909 361 2964 ἔστω
391 2913 492 2985 τῆς
526 2914 924 2988 ἀνηπλωμένης
956 2918 1071 2990 ἅμα
1099 2920 1192 2974 καὶ
1224 2922 1314 2974 ἐπὶ
1357 2921 1531 2974 πάντα
1566 2941 1789 2995 περιττο-

219 3003 520 3080 ρευομένης
548 3006 782 3078 ἀνάρχου
821 3009 914 3062 καὶ
945 3009 1300 3082 ἀτελευτήτου
1339 3014 1444 3066 τῶν
1482 3013 1617 3067 ὅλων
1656 3032 1788 3086 προ-

213 3093 383 3158 νοίας.
413 3093 558 3166 Πλὴν
593 3097 780 3169 ἐπειδὴ
812 3099 904 3152 καὶ
925 3101 1016 3153 ἐπὶ
1044 3101 1217 3155 πάντα
1243 3103 1525 3173 προϊοῦσα,
1562 3106 1708 3176 μένει
1732 3109 1787 3159 ὲν

217 3186 387 3256 ιαυτῇ
410 3187 502 3240 καὶ
526 3187 755 3261 ἔστηκεν
786 3192 845 3244 ἐν
869 3193 1110 3265 ἀκινήτῳ
1138 3195 1444 3267 ταύτότητι,
1475 3199 1568 3252 καὶ
1590 3217 1786 3255 παντε-

216 3274 327 3340 λῶς
354 3277 724 3351 ἀνεκφοιτήτῳ
741 3283 937 3353 ἑαυτῆς
961 3284 1239 3357 ἱδρυμένη,
1270 3289 1510 3357 μονίμως
1537 3291 1630 3342 καὶ
1648 3293 1786 3362 ἀρα-

1891 2097 2122 2167 benigna
2169 2095 2437 2167 sapientia
2472 2095 2541 2165 _in
2610 2093 2842 2163 eloquiis
2881 2092 3084 2146 divinis
3131 2087 3450 2159 perhibetur

1888 2198 2156 2245 craterem
2189 2187 2478 2258 mysticum
2516 2199 2843 2257 proponere,
2874 2197 2938 2239 ac
2969 2197 3180 2239 sacram
3213 2181 3329 2252 ejus
3356 2195 3451 2250 po-

1890 2281 2090 2335 tionem
2115 2280 2427 2349 propinare,
2461 2278 2620 2348 prius
2651 2286 2831 2332 tamen
2869 2277 3021 2332 cibos
3052 2273 3252 2331 solidos
3285 2290 3453 2345 appo-

1890 2385 2041 2436 nere,
2069 2379 2234 2439 atque
2261 2370 2403 2425 elata
2433 2385 2570 2426 voce
2595 2383 2786 2424 omnes
2810 2368 2926 2437 ejus
2952 2367 3165 2436 indigos
3189 2366 3452 2422 benevole

1890 2464 2144 2520 invitare.
2177 2461 2451 2532 Duplicem
2470 2464 2602 2532 erg'o
2619 2474 2798 2516 escam
2817 2458 2996 2512 divina
3029 2457 3298 2526 sapientia
3329 2470 3454 2526 pro-

1890 2557 2064 2628 ponit,
2097 2555 2303 2611 scilicet
2322 2569 2482 2608 unam
2511 2553 2738 2609 solidam
2759 2560 2920 2620 atque
2948 2549 3274 2612 durabilem,
3294 2547 3453 2602 aliam

1886 2665 2018 2704 vero
2048 2649 2302 2719 liquidam
2337 2663 2401 2704 ac
2429 2647 2644 2703 fusilem
2691 2646 2745 2700 in
2786 2654 3001 2700 cratere
3029 2645 3303 2712 propinat,
3334 2655 3456 2710 qua:

1889 2743 2159 2798 beneﬁcas
2181 2742 2302 2812 ejus
2330 2739 2703 2812 providentias
2729 2738 3037 2806 designant.
3065 2736 3258 2790 Crater
3291 2734 3457 2803 igitur

1891 2849 2013 2887 cum
2048 2833 2120 2888 sit
2153 2831 2418 2888 rotundus
2459 2840 2515 2888 et
2564 2841 2807 2901 apertus,
2840 2829 3140 2901 symbolum
3176 2838 3260 2883 est
3294 2842 3459 2897 gene-

1892 2922 2019 2976 ralis
2043 2922 2398 2992 providentim
2414 2936 2536 2991 qua:
2561 2921 2830 2991 principii;
2858 2923 3072 2990 ‘ineque
3095 2926 3268 2984 caret,
3296 2929 3460 2986 atque

1889 3015 2074 3069 omnia
2103 3013 2344 3068 continet
2374 3021 2754 3084 penetratque.
2809 3010 2916 3066 bed
2940 3011 3197 3081 quoniam
3231 3009 3356 3062 dum
3386 3006 3458 3061 ad

1888 3105 2071 3158 omnia
2105 3104 2377 3174 procedit,
2426 3104 2481 3158 in
2535 3103 2827 3173 semetipsa
2868 3113 3086 3171 quoque
3126 3107 3328 3161 manet,
3359 3099 3458 3152 im-

1893 3193 2100 3255 mobili,
2128 3208 2160 3247 a
2183 3208 2289 3262 qua
2321 3207 2598 3266 nunquam
2630 3192 2851 3258 excidit,
2887 3189 3170 3246 identitate
3204 3187 3460 3255 formata,

1891 3295 2072 3341 crater
2100 3285 2266 3340 etiam
2316 3291 2630 3339 constanter
2653 3284 2908 3337 immotus
2935 3279 3282 3352 persistebat.
3318 3279 3462 3333 Dici-

222 3369 393 3442 ρότως
419 3371 463 3404 ⁵³
485 3371 645 3436 αὑτός
666 3390 724 3426 τε
752 3374 781 3424 ὁ
811 3375 1022 3446 κρατὴρ
1054 3375 1300 3448 ἔστηκεν.
1334 3381 1704 3452 Οἰκοδομοῦσα
1732 3385 1788 3437 δὲ

1894 3389 1980 3434 ιιιι·
2011 3389 2192 3432 autem
2222 3377 2488 3446 sapientia
2529 3376 2632 3432 sibi
2669 3374 2886 3430 domum
2937 3373 3235 3436 aediﬁcare,
3268 3372 3323 3425 in
3355 3387 3462 3441 qua

219 3461 318 3516 καὶ
349 3464 382 3534 ὴ
429 3462 587 3531 σοφία
620 3463 766 3516 οῖ-κον
800 3467 962 3535 ἑαυτῇ
998 3465 1231 3535 λέγεται,
1267 3469 1360 3521 καὶ
1401 3471 1457 3522 ὲν
1500 3472 1649 3544 αὐτῷ
1697 3475 1793 3527 καὶ⁵

219 3553 322 3617 τὰς
355 3553 578 3625 στερεὰς
619 3556 842 3626 τροφὰς,
895 3559 989 3610 καὶ
1020 3557 1088 3610 τὰ
1134 3559 1371 3630 πόματα,
1407 3565 1500 3616 καὶ
1531 3565 1623 3617 τὸν
1658 3583 1794 3637 κρα-

219 3645 365 3718 τῆρα
397 3645 781 3719 προτιθεμὲνη,
815 3649 890 3712 ὡς
922 3646 1058 3704 εἶναι
1091 3654 1203 3715 τοῖς
1232 3652 1301 3706 τὰ
1332 3654 1450 3709 θεῖα
1481 3656 1796 3727 θεοπρεπῶς

225 3738 592 3810 συμϐάλλουσι
623 3741 800 3812 δῆλον,
834 3743 916 3796 ὅτι
966 3745 1058 3797 καὶ
1092 3746 1320 3817 πρόνοια
1352 3749 1618 3820 παντελής
1650 3753 1796 3804 ἐστιν

218 3831 252 3884 ὁ
281 3831 376 3885 τοῦ
409 3826 546 3885 εἶναι
580 3835 674 3886 καὶ
704 3833 795 3887 τοῦ
830 3829 888 3888 εὖ
923 3830 1060 3888 εἶναι
1109 3837 1178 3890 τὰ
1227 3837 1402 3891 πάντα
1446 3839 1617 3904 αἴτιος
1637 3884 1649 3906 ,
1704 3843 1798 3896 καὶ

222 3923 318 3978 ἀπὶ
349 3925 525 3980 πάντα
558 3926 805 3998 πρόεισι,
843 3930 936 3982 καὶ
969 3929 1026 3980 ὲν
1057 3929 1136 4000 τῷ
1179 3932 1340 3982 παντὶ
1379 3932 1655 4001 γίγνεται,
1706 3937 1797 3987 καὶ

222 4017 473 4088 περιέχει
516 4015 586 4070 τὰ
623 4019 820 4081 πάντα,
871 4020 964 4104 καὶ
994 4016 1150 4084 αὖθις
1181 4023 1208 4074 ὁ
1241 4022 1400 4086 αὐτὸς
1442 4025 1500 4076 ἐν
1541 4024 1619 4095 τῷ
1651 4026 1798 4097 αὐτῷ

225 4107 348 4161 καθ’
371 4109 662 4181 ὑπεροχὴν,
693 4111 847 4163 οὐδὲν
873 4112 930 4163 ὲν
959 4112 1132 4165 οὐδενὶ
1160 4115 1278 4167 κατ’
1305 4115 1456 4168 οὐδέν
1485 4117 1651 4169 ἐστιν’
1684 4118 1797 4171 ἀλλ’

223 4197 485 4272 ἑξήρηται
526 4201 635 4253 τῶν
675 4201 840 4266 ὅλων,
887 4203 1049 4267 αὐτὸς
1080 4204 1137 4256 ἐν
1168 4205 1347 4277 ἑαυτῷ
1384 4206 1430 4238 ⁸⁸
1463 4207 1673 4272 ταύτῶς
1706 4210 1800 4263 καὶ

221 4291 411 4359 ἀιδίως
441 4290 546 4356 ὢν,
581 4294 675 4347 καὶ
707 4295 951 4365 ἑστηκὼς
983 4297 1073 4350 καὶ
1118 4297 1321 4368 μένων,
1370 4299 1466 4353 κα)⁸
1517 4300 1605 4354 ἀεὶ
1659 4301 1800 4356 κατὰ

225 4383 396 4439 ταύτά
427 4385 520 4439 καὶ
547 4385 808 4449 ὡσαύτως
839 4386 997 4458 ἔχων,
1032 4388 1127 4442 καὶ
1157 4389 1408 4461 οὐδαμῶς
1439 4390 1543 4457 ἔξω
1571 4391 1733 4447 αὑτοῦ
1753 4394 1800 4426 ⁵³

222 4475 574 4547 γιγνόμενος,
604 4477 724 4530 οὐδὲ
759 4479 860 4549 τῆς
890 4479 1094 4544 οἰκείας
1139 4481 1300 4554 ἔδρας
1330 4483 1376 4516 ⁸³
1409 4485 1502 4539 καὶ
1540 4485 1798 4558 ἀκινήτου

226 4567 397 4644 μονῆς
429 4568 522 4622 καὶ⁵
543 4569 725 4633 ἑστίας
755 4569 1200 4642 ἀπολειπόμενος·
1238 4574 1373 4629 ἀλλά
1399 4577 1492 4629 καὶ
1511 4577 1568 4630 ὲν
1600 4577 1736 4649 αὐτῇ
1753 4579 1800 4611 ⁸⁸

219 4658 325 4724 τὰς
353 4660 481 4724 ὅλας
513 4662 605 4714 καὶ
645 4662 924 4727 παντελεῖς
972 4663 1225 4737 προνοίας
1268 4667 1654 4742 ἀγαθουργῶν,
1706 4671 1799 4725 καὶ

225 4749 434 4823 προῖὼν
461 4753 551 4805 ὲπὶ
581 4753 777 4817 πάντα,
813 4755 904 4809 καὶ⁸
939 4757 1235 4826 μένων-ἐρ’
1257 4759 1473 4824 ἑαυτοῦ,
1505 4761 1598 4814 καὶ
1625 4761 1797 4827 ἑστὼς

223 4841 313 4896 ἀεὶ
345 4843 438 4896 καὶ
470 4843 802 4915 κινούμενος,
824 4847 916 4900 κα)⁸
946 4845 1068 4900 οῦτε
1093 4848 1284 4913 ἑστὼς,
1305 4848 1428 4904 οὔτε
1461 4851 1796 4924 κινούμενος,

222 4931 434 4997 ἀλλ’ὡς
463 4934 529 4991 ἄν
558 4953 642 4998 τις
673 4937 805 5008 φαίη
839 4937 936 5001 τάς
969 4939 1326 5012 προνοητικάς
1342 4943 1620 5014 ἐνεργείας
1649 4945 1708 4998 ὲν
1730 4948 1798 5017 τῇ

229 5027 570 5099 μονιμότητι,
600 5029 694 5082 xui.
723 5029 820 5100 τὴν
857 5031 1023 5103 μονὴν
1054 5033 1112 5086 ἐν
1143 5032 1221 5104 τῷ
1250 5039 1514 5105 προνοεῖν,
1538 5038 1800 5108 συμφυῶς

225 5113 347 5188 ἅμα
373 5118 467 5173 καὶ
498 5118 788 5192 ὑπερφυῶς
821 5121 977 5193 ἔχων.

1898 3471 2048 3526 cibos
2076 3470 2298 3533 solidus,
2339 3480 2396 3525 et
2420 3468 2636 3538 pocula,
2669 3477 3051 3535 crateremque
3091 3464 3373 3536 proponit,
3405 3471 3467 3515 ut

1898 3560 2154 3615 omnibus
2185 3560 2370 3615 divina
2397 3559 2502 3614 rite
2533 3555 2951 3614 conferentibus
2985 3555 3335 3625 perspicuum
3368 3553 3460 3619 sit,

1898 3669 2045 3719 eum,
2073 3654 2230 3721 cujus
2260 3663 2344 3708 est
2372 3651 2733 3722 providentia,
2754 3651 3046 3720 pert'ectam
3075 3662 3197 3704 esse
3217 3661 3459 3709 causam,

1899 3753 1955 3798 ut
1995 3743 2104 3798 sint
2143 3753 2194 3799 et
2234 3743 2372 3799 bene
2408 3743 2730 3798 sint-omnia
2757 3781 2771 3805 ,
2815 3753 3053 3808 eumque
3101 3740 3168 3794 ad
3208 3739 3462 3793 universa

1899 3835 2231 3904 pertingere,
2279 3844 2333 3889 ct
2371 3834 2424 3889 in
2465 3835 2720 3888 omnibus
2739 3834 3026 3897 exsistere,
3075 3840 3241 3900 atque
3284 3831 3466 3884 omnia

1899 3927 2201 3988 continere.
2235 3941 2533 3996 rursusque
2560 3927 2787 3982 eumden
2819 3965 2832 3991 ,
2871 3942 2989 3980 cum
3018 3925 3090 3979 sit
3112 3925 3164 3978 in
3195 3938 3250 3979 se
3280 3922 3464 3977 excel-

1902 4017 2096 4086 lenter,
2117 4018 2251 4073 nihil
2284 4019 2338 4071 in
2363 4017 2471 4071 ulla
2496 4031 2575 4085 re,
2595 4017 2699 4072 ulla
2718 4034 2782 4073 ex
2819 4028 2973 4086 parte
2995 4032 3134 4078 esse.
3159 4017 3251 4071 sed
3281 4030 3464 4070 scere-

1903 4119 2015 4163 tum
2049 4124 2172 4165 esse
2205 4111 2274 4164 ab
2299 4110 2569 4177 omnibus,
2605 4124 2727 4164 cum
2757 4111 2807 4164 in
2843 4123 2902 4163 se
2941 4110 3058 4179 ipso
3086 4111 3277 4164 eodem
3302 4119 3466 4163 mter-

1901 4217 2080 4271 noque
2112 4201 2271 4257 modo
2300 4201 2394 4267 sit,
2429 4211 2745 4271 perstetque
2781 4211 2834 4257 et
2865 4211 3108 4266 maneat,
3132 4210 3291 4270 atque
3327 4215 3468 4256 scm-

1900 4306 1998 4363 per
2028 4292 2168 4346 idem
2197 4294 2292 4357 sit,
2320 4291 2626 4360 eodemque
2663 4291 2824 4345 modo
2873 4306 2931 4346 se
2964 4291 3185 4356 habeat,
3224 4305 3324 4343 nec
3356 4287 3468 4342 ullo

1901 4382 2062 4439 modo
2089 4397 2148 4438 se
2177 4383 2292 4453 ipse
2329 4383 2564 4449 deserat,
2594 4399 2768 4454 neque
2798 4385 2980 4438 sedem
3014 4398 3170 4439 suam
3216 4383 3469 4437 immobi-

1900 4477 2116 4549 lemque
2157 4479 2518 4544 mansionem,
2563 4487 2617 4532 et
2655 4477 2810 4546 quasi
2845 4477 3013 4530 larem
3043 4476 3337 4546 relinquat,
3372 4478 3468 4531 sed

1903 4569 1957 4624 in
1987 4585 2053 4626 ea
2076 4570 2260 4625 omnia
2299 4567 2659 4640 perfectaque
2696 4568 3058 4638 providentia:
3088 4584 3199 4623 suae
3242 4584 3466 4621 munera

1901 4664 2172 4734 perﬁciat,
2201 4672 2256 4720 et
2283 4662 2544 4734 procedat
2576 4661 2644 4716 ad
2659 4663 2860 4722 omnia.
2894 4670 2946 4714 et
2966 4661 3020 4714 in
3055 4675 3114 4716 se
3145 4672 3389 4725 maneat;
3415 4671 3469 4715 et

1904 4757 2119 4813 lnsistat
2140 4769 2357 4826 semper
2385 4768 2453 4810 ac
2476 4761 2776 4818 moveatur;
2799 4763 2852 4805 et
2868 4753 3273 4822 nequeinsistat
3291 4768 3469 4820 neque

1903 4858 2216 4916 moveatur;
2242 4846 2337 4904 sed
2361 4860 2426 4901 ac
2447 4846 2495 4901 si
2525 4845 2646 4914 quis
2681 4845 2842 4908 dicat,
2877 4855 2933 4897 ut
2958 4844 3052 4914 qui
3089 4844 3330 4897 actiones
3358 4859 3468 4895 sum:

1902 4940 2255 5012 providentia
2285 4939 2339 4994 in
2371 4937 2783 5010 perseverantia
2805 4978 2819 5003 ,
2847 4950 2901 4995 ct
2925 4941 3384 5012 perseverantiam
3413 4937 3467 4989 in

1902 5033 2242 5104 providentia
2267 5031 2700 5090 connaturaliter
2745 5031 2907 5088 simul
2928 5047 2996 5089 ac
3023 5046 3188 5102 supra
3215 5039 3468 5086 naturain

1904 5127 2123 5185 habeat.

1751 5255 1780 5328 ᾗ
1823 5252 1930 5314 ιν.

311 5358 470 5414 Ἀλλά
498 5359 583 5425 τίς
613 5361 648 5433 ἡ
679 5363 876 5435 στερεά
893 5367 1086 5440 τροφὴ,
1121 5368 1214 5424 καὶ
1239 5367 1322 5434 τίς
1341 5371 1374 5442 ή
1395 5371 1568 5444 ύγρά;
1599 5372 1798 5439 ταύτας

228 5450 339 5524 γὰρ
388 5452 422 5524 ἡ
479 5452 658 5526 ἀγαθὴ
715 5456 876 5526 σοφία
924 5458 1210 5530 δωρεῖσθαι
1248 5461 1364 5532 ἅμα
1411 5465 1505 5518 καὶ
1553 5467 1798 5537 προνοεῖν

1979 5369 2173 5430 Verum
2211 5370 2463 5444 quisnam
2503 5372 2712 5430 solidus
2750 5375 2926 5438 cibus,
2966 5385 3021 5428 et
3061 5375 3184 5444 quis
3229 5373 3464 5442 iiquiilus

1903 5466 2024 5524 est?
2043 5467 2144 5524 hos
2165 5469 2312 5524 enim
2341 5467 2573 5539 benigna
2596 5468 2860 5539 sapientia
2879 5467 3062 5536 largiri
3084 5467 3242 5521 simul
3265 5475 3317 5522 et
3343 5479 3454 5534 pro-

1534 5626 1766 5684 VARl/E
1805 5627 2198 5687 LECTIONES.

292 5725 857 5815 δέιπεεττέλλυιμενιΡ-
931 5731 1443 5815 ξ,’ρδνηειη,ιιαιεοι
1481 5741 1541 5815 11-
1702 5743 2029 5815 πρρνάσρυσα,
2067 5745 2123 5800 s.
2163 5744 2357 5801 Incu-
2395 5745 2456 5800 υ.
2533 5745 2574 5775 δ’
2612 5741 3143 5815 ἐφιεμὲ·λη›¹)·8·¹ὀ
3221 5739 3467 5807 "mi"

231 5810 358 5865 τως.
440 5801 485 5834 ⁸³
520 5803 577 5855 ἐν
610 5801 845 5872 abstini).
928 5807 969 5838 ³⁵
1008 5808 1220 5870 ἑαυτοῦ.
1261 5810 1319 5866 υ.
1361 5810 1418 5866 S.
1497 5812 1540 5844 ³³
1579 5811 1712 5876 ἰδίας
1745 5801 1984 5880 ἓδραίας,
2019 5801 2079 5871 S.

2176 5818 2222 5848 ³⁸⁵
2256 5819 2310 5870 ἐν
2346 5817 2531 5885 ἑαυτῆ,
2570 5816 2628 5872 S.
2669 5815 2728 5870 Ρ.
