4176 6318
774 325 909 380 ΗΜ

1930 341 1987 399 S.
2052 343 2346 404 DIONYSII
2404 352 2865 415 ABEOPAGIT/E

3881 383 4016 440 1112

768 441 954 498 videre
984 445 1333 513 pradicatur.
1369 445 1622 504 Arbitror
1653 453 1834 522 itaque
1857 494 1873 519 ,
1915 455 2145 513 solidum
2187 459 2307 513 illttr

768 533 945 569 nihnm
991 535 1318 569 ἷηΙΔΙΙΔΛΙῖιῖο
1357 556 1418 569 ..η
1453 546 1855 569 ._....-....._.......:-
1889 548 2210 569 ---ι----εμ-

2409 467 2709 536 λὺμνετται.
2765 473 2873 545 Τὴν
2918 477 3016 546 μὲν
3061 475 3151 533 οῦν
3194 485 3417 554 στερεὰν
3469 490 3704 561 τροφὴν,
3765 496 4014 569 σύνθημα

766 533 945 588 cibum
991 535 1321 595 intellectilis
1357 556 1420 596 ac
1453 546 1858 612 perseverantis
1889 548 2242 616 perfectionis
2279 565 2333 609 et

767 625 1068 682 identitatis
1094 631 1305 701 signum
1329 650 1441 704 prae
1473 649 1532 690 se
1580 637 1750 703 ferre,
1797 655 1905 707 quo
1945 642 2218 712 spiritales
2241 646 2331 702 isti

761 731 952 774 sensus
985 727 1283 780 secundum
1310 738 1649 784 constantem
1675 745 1739 787 ac
1756 734 2094 801 potissimam
2125 747 2182 793 et
2212 740 2327 794 sin-

759 815 1000 884 gularem
1029 817 1170 874 illam
1205 821 1534 878 individuam
1563 826 1849 882 scientiam
1885 829 2067 885 divina
2097 834 2328 901 partici-

758 917 912 975 pant,
945 925 1081 980 quos
1126 912 1500 970 divinissimus
1526 933 1742 988 quoque
1781 918 1981 978 Paulus
2001 922 2160 979 solidi
2195 940 2326 982 vere

756 997 862 1052 cibi
890 1015 919 1054 a
953 1002 1221 1070 sapientia
1254 1006 1462 1074 accepti
1496 1007 1790 1079 participes
1839 1009 1992 1066 facit.
2033 1013 2320 1083 Liquidum

754 1102 885 1146 vero
925 1090 1107 1148 cibum
1144 1093 1457 1163 signiﬁcare
1498 1097 1805 1153 doctrinam
1843 1101 1991 1155 illam
2022 1103 2321 1172 profusam,

752 1197 872 1252 qua:
897 1183 1019 1239 dum
1045 1186 1207 1258 612
1240 1204 1334 1259 per
1361 1191 1553 1246 omnia
1575 1203 1822 1264 vagatur,
1851 1195 2010 1249 simul
2039 1199 2201 1253 etiam
2227 1215 2322 1269 per

751 1274 901 1328 varia
929 1276 1020 1331 illa
1053 1279 1482 1352 multipliciaque
1505 1285 1660 1354 signa
1685 1286 1753 1341 ad
1778 1286 2084 1356 simplicem
2116 1300 2171 1345 et
2191 1306 2321 1346 con-

748 1371 982 1420 stantem
1017 1368 1109 1423 Dei
1147 1371 1535 1441 cognitiouem,
1581 1388 1675 1428 eos
1710 1390 1847 1444 quos
1875 1379 2068 1445 nutrit,
2097 1395 2195 1449 per
2230 1395 2309 1434 ac-

748 1461 1145 1516 commodatam
1165 1464 1428 1534 cujusque
1451 1467 1632 1535 eaptui
1657 1468 1952 1524 bonitatem
1980 1474 2313 1528 manuducit.

749 1550 899 1606 Hanc
927 1552 996 1607 ob
1023 1569 1243 1609 causam
1267 1557 1480 1626 eloquia
1509 1558 1595 1611 illa
1623 1560 1807 1614 divina
1841 1562 2234 1635 spiritaliaque,
2263 1577 2318 1622 et

748 1645 957 1708 rori,et
978 1660 1158 1715 aquae,
1189 1657 1244 1702 et
1269 1647 1418 1711 lacti,
1444 1658 1499 1703 et
1524 1650 1654 1704 vino
1681 1666 1744 1707 ac
1776 1654 1923 1708 melli
1958 1660 2152 1711 merito
2176 1659 2315 1714 assi-

747 1739 1028 1802 tnilantur,
1061 1740 1184 1808 quia
1209 1740 1516 1794 viviﬁcaudi
1543 1757 1607 1795 ac
1626 1740 1950 1800 fecundaudi
1981 1758 2039 1800 ut
2072 1748 2123 1802 in
2150 1765 2312 1820 aqua,

746 1843 799 1885 et
835 1833 900 1886 ad
933 1834 1333 1888 incrementum
1368 1835 1699 1903 perducendi
1742 1847 1800 1891 ut
1845 1839 1896 1892 in
1951 1839 2110 1908 lacte,
2144 1853 2198 1896 et
2229 1860 2313 1897 rc-

745 1925 964 1977 i-rcandi
1007 1935 1066 1978 ut
1106 1927 1158 1980 in
1205 1926 1357 1990 vino,
1388 1929 1765 1998 purgandique
1796 1932 1958 1986 simul
1987 1947 2053 1987 ac
2091 1949 2315 1990 conser-

745 2017 902 2070 vandi
934 2025 993 2070 ut
1027 2018 1079 2070 in
1110 2017 1264 2074 melle
1291 2020 1400 2074 vim
1431 2021 1634 2075 habent
1664 2037 1678 2072 :
1716 2021 1815 2078 ista
1850 2026 2103 2080 nimirum
2130 2027 2309 2084 divina

742 2108 1006 2178 sapientia
1037 2109 1206 2165 donat
1231 2112 1343 2166 suis
1377 2113 1620 2174 asseclis.
1654 2115 1781 2170 dum
1809 2117 2229 2175 redundantiunt
2253 2132 2310 2178 et

743 2201 1171 2257 Indeﬁcientium
1225 2203 1547 2259 deliciarum
1600 2219 1822 2261 suarum
1858 2208 2187 2266 afﬂuentiam
2227 2214 2309 2268 eis

742 2294 967 2363 prabet,
1002 2304 1056 2350 et
1080 2297 1254 2351 adhuc
1282 2295 1640 2366 superciliuit.
1674 2297 1819 2354 Istud
1872 2317 2064 2371 nempe
2095 2306 2308 2360 veraci-

741 2397 820 2441 ter
847 2396 932 2442 est
962 2389 1216 2457 .epulari:
1253 2403 1326 2457 et,
1369 2393 1576 2448 idcirco
1617 2403 1672 2448 ut
1709 2394 2000 2451 vivificaris
2047 2397 2210 2451 simul
2252 2407 2308 2452 et

740 2481 997 2546 parvulos
1030 2484 1302 2546 nutriens.
1350 2503 1729 2557 renovansque
1761 2503 1824 2542 ac
1854 2491 2146 2559 perliciens
2172 2492 2309 2546 cele-

739 2580 944 2632 bratur.

2438 561 2624 656 φέρειν
2656 565 2835 637 οἴομαι
2855 570 2953 640 τῆς
2973 576 3165 644 νοερᾶς
3185 577 3276 628 καί
3310 579 3534 650 μονίμου
3561 585 3904 656 τελειότητος
3918 561 4013 644 καὶ

2436 654 2782 727 ταύτότητος,
2805 662 2926 714 καθ’
2947 662 3013 731 ἢν
3033 665 3099 717 τὰ
3133 665 3250 721 θεῖα
3283 672 3421 725 κατὰ
3454 675 3694 729 ἑστῶσαν
3731 683 3826 732 καὶ
3855 683 4012 735 δυνα-

2433 745 2532 814 τὴν
2576 749 2669 801 καὶ
2715 751 2919 806 ἑνιαίαν
2952 757 3060 814 ,καί
3110 758 3410 833 ἀδιαίρετον
3467 768 3667 834 γνῶσιν
3723 774 4008 843 μετέχεται

2432 837 2567 908 πρὸς
2598 841 2705 894 τῶν
2736 846 2935 915 νοερῶν
2962 848 3327 924 αἰσθητηρίων
3357 856 3596 926 ἐκείνων,
3631 837 3774 925 οἷς-ὁ
3803 837 3995 920 05:61a-

2429 945 2519 992 τος
2551 932 2760 998 Παῦλος
2774 937 2840 990 ἐκ
2869 939 2966 1010 τῆς
2987 943 3174 1010 σοφίας
3203 946 3455 1017 εἰληφὼς,
3483 951 3581 1022 τῆς
3595 953 3764 1018 ὅντως
3781 961 4008 1028 στερεᾶς

2428 1025 2654 1120 τροφῆς,
2677 1029 3017 1098 μεταδίδωσι.
3056 1037 3165 1107 Τὴν
3208 1039 3265 1091 δὲ
3314 1041 3506 1113 ὑγρὰν,
3558 1046 3660 1116 τῆς
3688 1025 4008 1120 διαχυτικῆς

2428 1113 2544 1183 ἅμα
2577 1119 2670 1170 καὶ
2701 1120 2794 1173 ἐπὶ
2838 1123 3013 1178 πάντα
3045 1130 3290 1199 προϊέναι
3329 1113 3659 1209 σπευδούσης
3703 1113 3974 1213 επὲρροῆξ

2427 1208 2519 1258 καὶ
2552 1207 2632 1260 ἔτι
2663 1210 2750 1264 διά
2785 1216 3046 1270 ποικίλων
3077 1222 3172 1274 καὶ
3205 1207 3413 1277 πολλῶν
3446 1228 3540 1280 καὶ
3574 1207 3874 1302 μεριστῶν,

2423 1297 2522 1368 τὴν
2551 1301 2731 1373 ἁπλῆν
2763 1306 2856 1359 καὶ
2888 1308 3102 1382 ἀτρεμῆ
3137 1312 3460 1385 θεογνωσίαν
3492 1320 3537 1350 ⁸⁷
3573 1297 3700 1384 τούς
3727 1328 4002 1396 τρεφομέ-

2423 1407 2548 1455 νους
2588 1396 2803 1462 οίκείως
2845 1402 3028 1468 αὐτοῖς
3076 1405 3389 1479 ἀγαθὸτητα
3447 1414 3492 1445 ³⁸
3537 1416 4004 1489 χειραγωγοῦσηςο

2421 1486 2511 1538 Διὸ
2559 1491 2651 1541 καὶ
2694 1491 2870 1564 δρόσῳ
2902 1497 2995 1549 καὶ
3028 1497 3178 1551 ὕδατι
3208 1500 3278 1553 τά
3309 1500 3428 1556 θεία
3472 1505 3564 1556 καὶ
3607 1486 3776 1574 νοητά
3806 1486 3998 1575 λόγια,

2421 1579 2512 1631 καὶ
2544 1580 2793 1649 γάλακτι,
2828 1587 2922 1639 καὶ
2953 1589 3080 1660 οἴνῳ
3109 1594 3201 1645 καὶ
3238 1592 3411 1662 μέλιτι
3443 1597 3862 1668 παρεικάζεται,
3911 1599 3998 1653 διὰ

2418 1672 2514 1744 τὴν
2548 1675 2811 1744 ζωογόνον
2845 1679 3023 1733 αὐτῶν
3054 1682 3130 1745 ὡς
3161 1685 3218 1737 ὲν
3251 1684 3400 1738 ὐδατι
3430 1686 3679 1758 δύναμιν,
3713 1690 3808 1742 καὶ
3841 1690 4001 1762 αἰδῇ-

2418 1766 2573 1839 τικὴν
2601 1768 2677 1832 ὡς
2718 1771 2775 1822 ὲν
2820 1772 3070 1840 γάλακτι,
3118 1778 3208 1830 καὶ
3255 1778 3598 1851 ἀναζωτικὴν
3643 1782 3720 1845 ὡς
3753 1783 3811 1834 ὲν
3845 1782 3994 1853 οἴνῳ,

2421 1863 2512 1915 καὶ
2545 1864 2882 1937 καθαρτικὴν
2915 1866 3029 1938 ἅμα
3063 1870 3156 1922 καὶ
3190 1872 3558 1943 φρουρητικὴν
3591 1874 3665 1937 ὡς
3701 1876 3760 1927 ἐν
3795 1876 3991 1946 μέλιτι·

2417 1955 2588 2010 ταῦτα
2619 1957 2727 2028 γὰρ
2772 1961 2805 2029 ἡ
2850 1960 2969 2015 θεία
3015 1962 3173 2030 σοφία
3217 1964 3468 2035 δωρεῖται
3516 1970 3626 2030 τοῖς
3675 1969 3993 2039 προσιοῦσιν

2416 2048 2660 2118 ἀφθόνων
2692 2051 2894 2116 αὐτοῖς,
2928 2055 3021 2106 καὶ
3052 2056 3413 2110 ἀνεκλείπτων
3434 2058 3673 2129 εὐωχιῶν
3707 2062 3994 2132 ἐπίρροιαν

2411 2145 2725 2216 χορηγοῦσα
2766 2147 2860 2201 καὶ
2902 2148 3330 2218 ὐπερὸλύξουσα.
3376 2150 3545 2204 Τοῦτο
3587 2153 3650 2224 δὴ
3684 2153 3746 2206 τὸ
3779 2153 3992 2223 ἀληθῶς

2415 2242 2638 2313 εὐωχεῖν
2670 2246 2735 2276 ⁸⁸⁸
2771 2246 2862 2297 καὶ
2898 2244 2985 2298 διά
3016 2244 3188 2297 ταῦτα
3219 2244 3478 2309 ζωοποιὸς
3512 2247 3627 2316 ἅμα
3659 2249 3757 2300 καὶ
3796 2263 3990 2316 κουρο-

2411 2339 2637 2409 τρόφος,
2674 2340 2767 2392 καὶ
2812 2337 3178 2410 ἀνανεωτικὴ,
3228 2340 3321 2393 καὶ⁸
3364 2339 3740 2412 τελεσιουργὸς
3786 2341 3959 2410 ὕμνου

2417 2431 2572 2500 μένη.

2289 2707 2439 2781 gv.

803 2857 1171 2929 Nempejuxta
1206 2861 1347 2917 hanc
1384 2879 1595 2919 sacram
1626 2869 1858 2923 convivii
1902 2865 2300 2938 expositionem

735 2950 897 3005 etiam
937 2952 1163 3022 ipsemet
1204 2955 1468 3012 bonorum
1511 2960 1754 3014 omnium
1790 2973 1982 3017 auctor
2007 2961 2152 3016 Deus
2188 2963 2302 3017 ine-

731 3042 897 3100 briari
924 3044 1139 3111 dicitur,
1165 3055 1384 3116 propter
1409 3049 1802 3119 plenissimam,
1831 3063 1902 3117 et,
1938 3068 2058 3121 quae
2081 3067 2297 3107 omnem

2482 2868 2638 2922 Κατὰ
2668 2869 2866 2939 ταύτην
2899 2870 2954 2923 δὲ
2986 2869 3082 2938 τὴν
3116 2869 3263 2939 ἱερὰν
3294 2868 3394 2938 τῆς
3425 2869 3658 2940 εὐωχίας
3690 2870 3987 2937 ἀνάπ-τύξινητ

2412 2961 2503 3013 καὶ
2525 2961 2683 3025 αὐτὸς
2718 2963 2746 3013 6
2779 2962 2997 3014 πάντων
3033 2961 3252 3030 ἀγαθῶν
3285 2963 3454 3024 αἴτιος
3482 2962 3612 3025 Θεὸς
3646 2963 3867 3032 μεθύειν
3899 2964 3985 3017 λέ-

2411 3069 2597 3120 γεται,
2655 3054 2743 3107 διὰ
2791 3055 2889 3126 τὴν
2936 3055 3258 3126 ὑπερπλήρη
3307 3055 3400 3108 καὶ
3461 3056 3602 3125 ὑπὲρ
3651 3057 3836 3126 νόησιν
3884 3059 3984 3126 τῆς

735 3135 1146 3204 totelligentiam
1191 3151 1444 3211 superat,
1494 3142 1692 3197 divinae
1740 3144 2109 3215 epulationis,
2175 3144 2295 3210 vel,

2409 3146 2657 3215 εὐωχίας,
2692 3146 2724 3216 ἥ
2756 3146 3081 3217 κυριώτερον
3101 3149 3290 3209 εἰπεῖν,
3315 3145 3523 3211 εὐεξίας
3555 3147 3646 3200 τοῦ
3679 3149 3816 3201 Θεοῦ
3852 3168 3984 3202 παν-

734 3225 908 3294 magis
936 3229 1154 3296 proprie
1181 3229 1472 3300 loquendo,
1501 3231 1658 3288 bonae
1692 3235 2028 3290 habitudiuis
2061 3235 2153 3290 Dei
2177 3250 2301 3305 per-

733 3311 1086 3372 !ectissimam
1140 3331 1196 3374 et
1246 3321 1573 3378 inell'abilem
1647 3327 2090 3384 immensitatem.
2149 3328 2302 3384 Sicut

733 3406 873 3460 enim
903 3423 964 3462 ea
996 3425 1117 3479 quae
1141 3415 1286 3481 apud
1330 3428 1428 3468 nos
1455 3423 1543 3469 est
1570 3417 1830 3483 ebrietas,
1878 3419 1931 3472 in
1968 3420 2296 3475 deteriorem

732 3506 944 3566 partem
968 3502 1205 3569 capitur,
1222 3515 1422 3573 .estque
1454 3506 1744 3564 immodica
1785 3509 2034 3579 repletio,
2075 3521 2299 3580 propter

732 3605 894 3658 quam
939 3602 1118 3648 mente
1162 3608 1438 3664 sensuque
1483 3597 1865 3665 destituimur;
1899 3602 1979 3656 sic
2018 3603 2070 3657 in
2105 3603 2213 3657 Deo
2249 3605 2293 3658 si

731 3678 1011 3734 meliorem
1055 3683 1108 3735 in
1143 3691 1351 3751 partem
1381 3687 1631 3756 capiatur
1660 3691 1926 3756 ebrietas,
1969 3692 2105 3747 nillil
2147 3694 2294 3748 aliud

730 3781 810 3825 est
841 3771 1212 3842 intelligenda.
1233 3792 1393 3845 quam
1423 3779 1736 3848 plenissima
1761 3784 2030 3840 bonorum
2049 3788 2293 3842 omnium

729 3866 1086 3934 immensitas,
1131 3883 1249 3938 qua:
1296 3870 1421 3927 dum
1452 3883 1692 3941 emanat,
1747 3877 1798 3930 in
1847 3878 1962 3946 ipso
1992 3881 2289 3936 secundum

728 3973 944 4013 causam
967 3962 1311 4028 praecxsistit.
1337 3965 1472 4031 Quin
1506 3977 1559 4022 et
1586 3969 1759 4036 ipsum
1778 3984 1971 4026 sensus
1987 3987 2290 4040 excessum,

729 4050 817 4117 qui
856 4049 1174 4106 ebrietatem
1199 4054 1516 4122 comitatur,
1543 4059 1794 4131 accipere
1811 4071 2150 4133 oportetpro
2186 4069 2290 4120 ista

727 4142 821 4197 Dei
861 4145 1224 4213 praecellentia
1276 4165 1397 4220 qua:
1437 4162 1733 4220 exsuperat
1771 4169 1987 4209 omnem
2035 4170 2289 4225 sensum,

725 4251 1003 4306 perquam
1036 4242 1103 4296 ab
1147 4242 1487 4314 intelligendi
1542 4248 1751 4302 ratione
1795 4251 2132 4316 secernitur,
2163 4267 2286 4306 cum

725 4329 796 4383 sit
821 4345 986 4400 supra
1019 4333 1069 4386 id
1094 4337 1234 4401 quod
1260 4337 1515 4408 intelligit
1544 4348 1597 4393 et
1624 4340 1963 4414 intelligitur,
1996 4345 2105 4400 imo
2123 4360 2285 4414 supra

723 4424 775 4480 Id
797 4427 940 4497 quod
972 4437 1073 4482 est.
1098 4429 1306 4486 Etcum
1340 4432 1664 4502 simpliciter
1687 4439 1826 4493 Deus
1852 4439 2009 4493 bonis
2039 4439 2289 4492 omnibus

2403 3237 2527 3308 τελῆ
2562 3239 2655 3290 καὶ
2699 3238 2902 3307 ἄφατον
2936 3238 3219 3310 ἀμετρίαν.
3269 3239 3354 3302 Ὠς
3384 3239 3493 3310 γὰρ
3534 3242 3618 3310 ἐφ’
3653 3243 3807 3310 ἡμῶν
3843 3242 3981 3295 κατά

2401 3329 2460 3382 τὸ
2492 3333 2670 3400 χεῖρον
2697 3332 2728 3400 ἡ
2765 3330 2901 3402 μέθη
2938 3332 3030 3384 καὶ
3064 3331 3412 3401 ἀσύμμετρος
3431 3333 3822 3404 ἀποπλήρωσίς
3843 3335 3979 3397 ἐστι,

2402 3422 2494 3474 καὶ
2520 3421 2610 3473 νοῦ
2644 3423 2736 3475 καὶ
2762 3422 2975 3494 φρενῶν
3003 3423 3275 3486 ἔκστασις·
3312 3423 3455 3476 οὕτω
3481 3424 3620 3477 κατὰ
3642 3426 3702 3477 τὸ
3731 3429 3980 3496 κρεῖττον

2399 3515 2492 3568 ἐπὶ
2521 3515 2654 3568 Θεοῦ
2684 3516 2781 3587 τὴν
2815 3515 2983 3586 μέθην
3009 3516 3108 3569 οὐκ
3129 3515 3255 3568 ἄλλο
3279 3533 3330 3567 τι
3355 3516 3459 3587 χρὴ
3485 3517 3809 3570 διανοεῖσθαι
3828 3518 3978 3588 παρά

2398 3607 2496 3678 τὴν
2525 3609 2985 3680 ὑπερπλήρη“κατ’
3012 3608 3187 3662 αἰτίαν
3217 3608 3486 3678 προοῦσαν
3519 3610 3562 3642 ⁸ο
3587 3610 3644 3662 ὲν
3667 3610 3815 3681 αὐτῷ
3843 3611 3979 3664 πάν-

2397 3719 2504 3754 των
2531 3702 2639 3755 τῶν
2667 3702 2883 3771 ἀγαθῶν
2911 3701 3195 3773 ἀμετρίαν.
3247 3699 3404 3754 Ἀλλά
3436 3702 3529 3754 καὶ
3559 3701 3656 3772 τὴν
3681 3701 3975 3756 ἐπακολου-

2397 3795 2594 3850 θοῦσαν
2626 3800 2691 3868 τῇ
2724 3796 2860 3867 μέθῃ
2892 3794 2985 3848 τοῦ
3026 3797 3240 3864 φρονεῖν
3269 3794 3310 3824 ⁶¹
3337 3793 3616 3856 ἔκστασιν,
3647 3796 3747 3864 τὴν
3777 3795 3948 3864 ὐπερο

2397 3891 2496 3960 χὴν
2516 3889 2610 3942 τοῦ
2632 3888 2766 3943 Θεοῦ
2785 3889 2885 3960 τὴν
2913 3888 3053 3956 ὑπὲρ
3085 3886 3268 3958 νόησιν
3297 3887 3526 3957 οἰητέον,
3555 3887 3674 3940 καθ’
3691 3888 3758 3956 ἢν
3779 3889 3975 3959 ἐξῄρη-

2393 3999 2484 4035 ται
2514 3981 2606 4034 τοῦ
2631 3984 2770 4034 νοεῖν
2804 3981 2943 4053 ὑπὲρ
2967 3981 3027 4034 τὸ
3055 3981 3191 4033 νοεῖν
3218 3981 3313 4042 ῶν,
3345 3981 3439 4033 καὶ
3459 3980 3600 4052 ὑπὲρ
3628 3981 3688 4033 τὸ
3713 3982 3969 4043 νοεῖσθαι,

2395 4075 2488 4128 καὶ
2522 4075 2662 4144 ὑπὲρ
2687 4074 2814 4127 αὐτὸ
2833 4074 2894 4127 τὸ
2913 4070 3071 4135 εἶναι,
3099 4073 3191 4126 καὶ
3213 4072 3398 4135 ἁπλῶς
3418 4074 3671 4126 ἁπάντων
3703 4074 3804 4127 ὅσα
3828 4075 3973 4127 ἐστὶν

2393 4166 2572 4234 ἀγαθά
2601 4166 3004 4237 μεμεθυσμένπ
3022 4167 3136 4237 ἅμα
3157 4166 3248 4218 καὶ
3267 4164 3571 4236 ἐξεστηκὼς
3596 4168 3744 4218 ἐστιν
3764 4167 3793 4218 6
3819 4166 3970 4229 Θεὸς,

2390 4258 2465 4322 ὡς
2499 4259 2716 4312 πάντων
2739 4257 2917 4312 αὐτῶν
2946 4260 3062 4328 ἆμα
3082 4259 3176 4311 καὶ
3197 4257 3553 4330 ὑπερπλήρης
3581 4257 3676 4321 ὢν,
3705 4259 3972 4330 ἀμετρίας

2395 4353 2574 4422 πάσης
2618 4351 2909 4423 ὑπερϐολὴ,
2960 4351 3052 4404 καὶ
3095 4347 3247 4414 αὖθις
3289 4349 3394 4415 ἔξω
3439 4352 3530 4404 καὶ
3561 4351 3820 4404 ἐπέκεινα
3861 4350 3967 4403 τῶν

2394 4443 2529 4495 ὅλων
2549 4443 2934 4513 ἀνῳκισμένος·
2967 4442 3073 4496 ἀπὸ
3100 4442 3162 4514 δὴ
3184 4442 3386 4495 τούτων
3422 4441 3753 4514 ὁρμώμενοι,
3783 4446 3875 4497 καὶ
3901 4445 3970 4496 τὰ

721 4536 840 4590 qua:
870 4531 1020 4589 sunt,
1052 4523 1350 4582 inebriatus
1381 4541 1504 4582 esse
1544 4530 1763 4598 dicitur,
1794 4532 2084 4602 omniaque
2130 4547 2287 4589 exce-

2409 4554 2450 4587 ;ν
2482 4539 2546 4606 τῇ
2593 4535 2836 4606 βασιλείᾳ
2873 4534 2966 4587 τοῦ
3005 4535 3139 4588 Θεοῦ
3170 4535 3277 4588 τῶν
3305 4534 3465 4588 ὁσίων
3507 4537 3782 4606 συμπόσια
3829 4539 3970 4590 κατὰ

719 4617 874 4678 dere,
909 4625 1095 4683 utpote
1126 4617 1218 4684 qui
1249 4617 1328 4672 eis
1373 4620 1661 4688 omnibus,
1697 4622 1863 4678 totius
1897 4623 2287 4681 immensitatis

718 4720 830 4760 suae
861 4708 1226 4775 praecellentia
1261 4725 1591 4780 supraquam
1639 4714 1830 4785 plenus
1877 4717 1981 4783 sit,
2029 4728 2084 4772 et
2129 4728 2284 4772 extra

718 4798 921 4865 omnia,
954 4807 1009 4853 et
1038 4814 1203 4868 supra
1246 4803 1430 4856 omnia
1471 4818 1688 4860 sursum
1729 4807 1940 4864 habitet
1972 4829 1986 4867 :
2020 4810 2170 4867 hisce
2208 4813 2288 4867 lo-

718 4889 919 4958 quendi
972 4891 1278 4946 rationibus
1332 4893 1576 4959 indueti,
1639 4909 1953 4955 sanctorum
2011 4903 2174 4957 etiam
2230 4904 2282 4958 in

717 4996 886 5049 regno
904 4982 996 5037 Dei
1022 4985 1290 5052 convivia,
1307 4987 1495 5041 eodem
1521 4989 1681 5045 modo
1703 4993 2051 5062 accipiemus.
2077 4996 2283 5053 Trans-

717 5073 835 5127 iens
868 5076 1276 5148 cni_m,iinquit,
1310 5081 1425 5151 ipse
1455 5099 1572 5151 rex,
1619 5085 1783 5141 faciet
1827 5102 1922 5145 eos
1968 5091 2281 5148 discumbe-

717 5181 798 5230 re,
826 5179 882 5221 et
905 5171 1228 5228 ministrabit
1268 5177 1420 5244 eiSP;
1448 5195 1571 5250 qua:
1609 5182 1797 5253 utique
1826 5184 2104 5240 declarant
2129 5202 2280 5241 com-

716 5275 932 5315 munem
957 5269 1244 5332 quamdam
1278 5281 1328 5324 et
1366 5277 1686 5332 concordem
1719 5287 2032 5334 sanctorum
2071 5281 2121 5334 in
2149 5281 2283 5334 divi-

797 5431 824 5470 p
859 5421 992 5476 Luc.
1028 5439 1126 5489 xu,
1162 5426 1250 5481 '57.

2393 4629 2484 4682 τὸν
2513 4628 2672 4680 αὐτὸν
2701 4626 3044 4698 ἐκληψόμεθα
3071 4627 3289 4697 τρόπον.
3324 4627 3615 4698 Παρελθὼν
3643 4630 3752 4700 γάρ
3782 4646 3964 4699 φησιν,

2395 4721 2558 4784 αὐτὸς
2581 4723 2609 4773 6
2633 4720 2885 4791 βασιλεὺς
2913 4720 3186 4774 ἀνακλινεῖ
3208 4720 3252 4751 ⁸⁸
3279 4715 3498 4780 αὐτοὺς,
3544 4723 3637 4774 καὶ
3667 4722 3830 4786 αὐτὸς
3856 4724 3968 4775 δια-

2395 4817 2610 4886 κονήσει
2653 4816 2862 4878 αὐτοῖς·
2898 4814 3149 4885 ἐμφαίνει
3191 4814 3246 4866 δὲ
3289 4813 3459 4867 ταῦτα
3498 4816 3682 4887 κοινήν
3713 4833 3834 4868 τινα
3877 4816 3967 4868 καὶ

2398 4908 2756 4980 ὀμονοητικὴν
2821 4907 2928 4961 τῶν
2976 4907 3144 4976 ἁγίων
3193 4908 3286 4959 ἐπὶ
3351 4910 3466 4970 τοῖς
3518 4907 3686 4971 θείοις
3744 4909 3966 4977 ἀγαθοῖς

2400 5003 2703 5064 κοινωνίαν,
2737 5003 2831 5056 καὶ
2877 5000 3201 5071 Ἐκκλησίαν
3228 4999 3583 5070 πρωτοτόκων
3613 5002 3966 5071 ἀπογεγραμ-

2399 5096 2576 5165 μένων
2605 5096 2648 5127 ⁸³
2677 5098 2732 5148 ὲν
2769 5096 3044 5164 οὐρανοῖς,
3089 5093 3182 5146 καὶ
3219 5094 3507 5162 πνεύματα
3535 5094 3756 5147 δικαίων
3805 5096 3965 5147 πᾶσιν

2397 5190 2620 5257 ἀγαθοῖς
2645 5188 3057 5259 τετελειωμένα,
3109 5188 3199 5240 καὶ
3243 5187 3460 5240 πάντων
3501 5187 3722 5256 ἀγαθῶν
3754 5189 3963 5241 ἀποπε-

2397 5282 2679 5352 πλησμένα
2711 5282 2775 5335 ⁸⁸⁸.
2810 5281 2916 5334 Καὶ
2945 5280 3043 5351 τὴν
3079 5279 3358 5334 ἀνάκλισιν
3387 5280 3706 5334 ἀνάπαυλαν
3744 5280 3961 5352 οἰόμεθα

2018 5553 2246 5610 VAle
2285 5557 2680 5613 LECTlUNES.

826 5659 1152 5738 ⁸¹κθείοιρέανλ
1192 5662 1250 5716 D.
1358 5665 1400 5694 ³⁸
1431 5667 1738 5738 ἀγαθοτητι,
1775 5670 1835 5724 Π.
1873 5671 1929 5723 Ρ.

2015 5675 2060 5703 ⁵³
2094 5673 2290 5744 ἀληθές
2322 5671 2379 5728 εὖ
2418 5679 2475 5744 ἔγ

2479 5695 2587 5735 ειν,
2625 5677 2721 5730 Ch.
2764 5673 2819 5729 εὖ
2855 5678 3015 5744 ἔχειν,
3057 5678 3110 5731 S.
3187 5679 3228 5708 ‘°
3268 5676 3601 5748 προσοῦσαν,
3650 5677 3707 5726 S.
3751 5676 3956 5748 προϊοῦ-

723 5745 845 5810 ρτπινἱ
878 5728 933 5781 Ρ.
1009 5731 1050 5816 ⁶ξ
1087 5728 1594 5820 τ‹ἷ›νρᾳρενι·ων,’(ἰῇ.
1655 5728 2094 5809 “innisa/ei,
2126 5728 2193 5800 D'
2222 5745 2278 5798 P.

2427 5728 2527 5801 arlta
2567 5728 2724 5803 lectio
2759 5728 2974 5804 notatur
3004 5751 3053 5802 in
3095 5750 3132 5803 Ι)
3170 5728 3688 5820 ἀπογεγραμμὲνην.
3773 5728 3816 5780 ⁸³
3839 5753 3941 5801 ἀπο

723 5801 1150 5872 πετῖιηρωμέγα,
1191 5803 1242 5858 S.
