4176 6318
252 278 285 333 1
308 280 405 333 121
1540 269 1823 327 EPISTOL

1933 270 2022 326 ΧΙ.
3361 281 3501 337 “22

300 402 567 457 uenatus,
595 398 644 444 et
672 398 727 444 tu
765 390 891 443 mihi
924 388 1086 457 ferme
1109 388 1339 458 coa’vus)
1361 389 1445 442 die
1486 390 1714 457 quadam
1759 398 1928 453 sexta,
1973 399 2022 444 et
2054 390 2185 442 hora
2228 389 2349 443 item
2386 391 2495 458 fere
2535 399 2702 451 sexta,
2738 390 2818 443 sol
2864 390 3208 453 horribiliter,
3253 394 3503 450 subeunte

291 481 420 527 una,
444 463 753 515 obscuratus
787 460 945 527 fuerit
977 461 1102 529 (non
1139 460 1275 527 quod
1322 457 1481 522 Deus,
1512 461 1603 512 sed
1640 461 1780 528 quod
1818 460 1912 513 Dei
1956 477 2086 526 opus
2118 458 2232 523 (66)
2260 461 2313 513 in
2356 457 2489 514 verte
2528 462 2695 526 ipsius
2726 461 2860 513 lucis
2904 460 3144 513 accubitu
3185 461 3359 517 lucere
3396 481 3501 519 non

261 532 538 602 quiverit),
579 543 789 597 tumque
810 540 944 602 exte
967 538 1344 602 percunctatus
1371 530 1492 602 sim.
1513 530 1664 602 quid
1691 531 1804 602 tibi,
1850 531 1930 584 vir
1957 530 2395 602 prudentissime,
2417 546 2573 602 super
2598 532 2693 583 hoc
2737 530 3020 602 videretur,
3062 540 3117 582 tu
3150 542 3322 584 autem
3355 533 3503 602 ejus-

265 598 415 655 inodi
455 598 757 665 responsum
796 600 1024 660 dederis,
1056 598 1195 668 quod
1223 600 1382 651 menti
1406 600 1609 665 penitus
1640 601 1885 667 inﬁxum,
1917 599 2064 651 nulla
2092 616 2309 669 prorsus
2344 600 2626 659 oblivione.
2656 600 2803 652 nulla
2833 601 2908 652 vel
2943 602 3125 653 mortis
3158 598 3390 669 imagine
3413 603 3502 655 tli-

263 673 381 725 labi
405 674 587 739 possit.
606 671 734 725 Cum
759 670 893 721 enim
911 679 1047 722 totus
1068 669 1205 721 orbis
1223 676 1357 721 tetra
1379 669 1706 739 tenebrarum
1727 670 1950 734 caligine
1975 668 2313 739 uniformiter
2340 670 2595 739 obductus
2621 671 2831 739 fuisset,
2853 686 2914 721 ac
2929 668 3044 737 jam
3078 668 3350 735 repurgari
3374 676 3502 727 solis

262 737 454 808 globus
479 754 525 795 et
546 741 849 794 renitescere
870 742 1174 801 accepisset,
1193 750 1300 790 tttm
1321 750 1589 806 assumpta
1612 737 1841 805 Philippi
1870 738 2068 793 Aridtci
2095 738 2297 805 regula,
2317 748 2364 790 et
2391 737 2749 805 contemplatis
2769 740 2881 791 ειεΙί
2909 740 3127 793 orbibus
3159 740 3504 807 deprehendi-

262 828 411 882 mus,
436 814 579 882 quod
596 820 705 863 erat
729 826 929 882 quoque
953 808 1098 882 alias
1115 809 1466 882 notissimum,
1493 825 1593 882 non
1617 809 1928 882 potuisseid
1961 812 2207 882 temporis
2236 809 2577 882 defectionem
2602 809 2727 862 solis
2763 811 2963 882 evenire
2988 824 3007 862 :
3031 811 3217 861 deinde
3260 811 3500 865 observa-

262 878 461 942 vimus,
492 882 672 935 Iunoni
702 880 764 931 ab
789 880 990 933 oriente
1020 879 1184 932 solem
1226 879 1500 938 subivisse,
1532 878 1745 947 eiusque
1771 879 1948 931 radios
1970 878 2312 939 obstruxisse.
2338 881 2500 931 donec
2524 888 2689 931 totum
2719 878 2999 940 occuleret,
3026 896 3142 947 qutc
3170 889 3338 932 tamen
3368 881 3501 935 alias

263 952 337 1002 ab
369 953 630 1004 occidente
656 950 809 1003 solita
834 959 962 1020 esset
991 964 1303 1011 occurrere;
1342 950 1466 1016 quin
1501 948 1647 1020 illam
1684 965 1883 1018 quoque
1912 947 2228 1020 notavimus,
2257 965 2372 1001 cum
2420 948 2487 1000 ad
2514 958 2743 1020 extrema
2777 948 2900 999 solis
2931 950 3263 1015 pervenisset,
3292 953 3501 1020 ejusque

262 1022 568 1074 universum
613 1021 783 1073 orbem
816 1019 1112 1083 obtexisset,
1158 1028 1268 1071 tum
1313 1028 1453 1071 retro
1482 1019 1733 1071 orientem
1772 1035 1944 1071 versus
1976 1019 2278 1080 recurrisse,
2310 1020 2543 1085 quamvis
2570 1019 2625 1070 id
2651 1029 2779 1071 esset
2814 1027 3033 1083 tempus,
3078 1020 3215 1087 quod
3243 1036 3333 1073 nec
3362 1022 3501 1075 luna:

259 1093 631 1157 prtcsentiam,
660 1106 754 1142 nec
777 1087 903 1141 solis
942 1105 1255 1142 concursum
1294 1088 1604 1155 postularet.
1633 1087 1745 1156 Ego
1770 1088 2014 1157 igitur,'o
2055 1088 2368 1151 multiplicis
2396 1088 2707 1141 eruditionis
2739 1088 3060 1157 sacrarium,
3113 1090 3248 1141 tanti
3282 1092 3499 1157 mysteri

264 1105 631 1157 prtcsentiam,
660 1106 754 1142 nec
777 1105 903 1141 sam
942 1105 1255 1142 concursum
1294 1105 1604 1155 postutaret.
1633 1105 1745 1156 rogo
1770 1105 2014 1208 τίμιαι-,νο
2055 1105 2368 1151 mutttpttcts
2396 1105 2707 1141 eruditionis
2739 1105 3060 1149 sacrarium,
3113 1105 3248 1141 tantt
3282 1105 3498 1157 mystert

264 1162 476 1215 nescius
502 1177 618 1213 cum
646 1175 828 1218 essent,
862 1160 937 1211 sic
961 1168 1007 1211 te
1030 1158 1335 1228 alloquebar
1360 1172 1379 1211 :
1413 1157 1553 1221 Quid
1580 1159 1682 1210 sibi
1716 1175 1779 1211 ru
1804 1170 1820 1210 t
1856 1159 1954 1210 hoc
1984 1158 2057 1210 rei
2084 1196 2098 1217 .
2127 1174 2156 1209 ο
2185 1159 2440 1228 doctrina:
2483 1157 2758 1228 speculum,
2791 1156 3179 1228 Apollophanes
3205 1160 3230 1211 ?
3273 1158 3499 1212 Insolita

262 1230 373 1281 ista
408 1241 647 1297 portenta
674 1243 1078 1297 ecquorumnam
1107 1225 1199 1280 tibi
1236 1229 1606 1297 mysteriorum
1639 1228 1882 1281 videntur
1914 1228 2110 1279 indicia
2134 1228 2159 1280 ?
2185 1225 2261 1279 Tu
2291 1238 2488 1292 autem,
2532 1243 2619 1279 ore
2656 1227 2830 1279 divino
2856 1227 3021 1297 magis
3053 1244 3209 1295 quam
3258 1230 3501 1283 humanae

262 1294 415 1353 vocis
431 1316 685 1363 sermone,
717 1294 750 1349 ι⁷
785 1295 885 1350 Har
916 1306 1059 1363 sunt,
1093 1315 1122 1351 ο
1154 1294 1555 1367 ὁοηεᾨὶοηῃεί,
1597 1298 1889 1367 inquiebas,
1922 1299 2220 1350 divinarum
2253 1314 2428 1349 rerum
2478 1298 2815 1350 mutationes.
2855 1314 2873 1346 ι
2924 1294 3176 1367 Denique,
3209 1314 3326 1349 cum
3365 1299 3499 1367 diem

261 1384 568 1437 annumque
592 1368 949 1430 adnotassem,
981 1377 1026 1418 et
1055 1378 1256 1436 tempus
1279 1366 1555 1420 illud’cum
1585 1366 1672 1431 eo,
1693 1368 1832 1437 quod
1860 1367 2068 1422 Paulus
2095 1366 2219 1419 mihi
2249 1369 2515 1436 quondam
2538 1369 2601 1418 ab
2634 1383 2722 1420 ore
2753 1381 2847 1437 suo
2884 1435 2891 1437 Α
2923 1366 3164 1431 pendenti
3214 1366 3504 1437 annuntia-

261 1450 433 1509 t'erat.
459 1434 623 1509 signis
659 1437 1111 1509 conclamantibus
1140 1434 1462 1509 concordare
1489 1434 1785 1509 sensissem,
1812 1448 1921 1491 tum
1946 1448 1993 1491 et
2023 1438 2231 1490 veritati
2258 1434 2609 1509 manusdedi,
2636 1447 2684 1509 et
2714 1434 3074 1509 mefalsitatis
3101 1436 3320 1509 nexibus
3343 1453 3497 1509 e:t_:pe-

258 1507 363 1563 dii.
394 1504 562 1572 Quam
587 1509 806 1576 proinde
833 1507 1120 1570 veritatem,
1145 1517 1191 1559 et
1218 1506 1443 1575 miriﬁce
1469 1508 1720 1575 pra'dico,
1750 1520 1795 1559 et
1824 1510 1922 1561 tibi
1944 1510 2144 1575 iugero,
2170 1523 2286 1576 qua:
2311 1515 2387 1560 est
2415 1508 2518 1560 vita
2546 1516 2592 1559 et
2618 1508 2698 1558 via
2724 1516 2769 1559 et
2796 1506 2890 1557 lux
2916 1520 3060 1576 vera,
3081 1521 3201 1576 quae
3235 1504 3501 1559 illuminat

259 1593 485 1632 onmem
526 1574 794 1631 hominem
824 1577 1130 1630 venientem
1170 1576 1223 1631 in
1254 1578 1397 1630 hunc
1429 1574 1688 1630 mundum
1720 1580 1761 1630 ι.
1806 1576 1905 1631 Cui
1934 1586 1983 1630 et
2008 1574 2067 1629 tu
2098 1574 2332 1642 tandem,
2377 1586 2431 1628 ut
2463 1593 2577 1629 vere
2612 1578 2846 1642 sapiens,
2870 1574 3265 1628 cessistiiNam
3295 1577 3497 1628 cessisti

260 1651 404 1712 vitaz,
450 1665 565 1701 cum
612 1657 830 1699 mortem
888 1646 1172 1701 abdicasti.
1220 1646 1286 1699 Et
1328 1648 1522 1715 optime
1566 1663 1691 1700 sane
1729 1648 1972 1715 deinceps
2012 1647 2221 1715 feceris,
2254 1648 2297 1699 si
2344 1646 2511 1699 eident
2545 1646 2751 1699 veritati
2785 1660 3011 1715 prorsus
3054 1644 3375 1709 adha'seris;
3424 1647 3499 1698 ita

256 1718 472 1786 quidem
504 1717 651 1771 nobis
682 1719 881 1769 arctius
911 1717 1250 1785 conjungere.
1296 1714 1443 1769 Illud
1486 1719 1647 1781 enim,
1676 1717 1810 1769 illud
1854 1714 1919 1770 os
1957 1714 2225 1770 nobiscum
2276 1716 2490 1780 posthac
2538 1718 2658 1779 erit,
2707 1714 3162 1786 cujussplendore
3206 1715 3497 1786 verborum.

257 1784 452 1840 mentis
479 1804 605 1840 mete
632 1788 985 1854 perstringens
1006 1784 1199 1849 faciem,
1226 1786 1412 1840 solitus
1435 1801 1574 1847 eras,
1604 1789 1872 1840 accersitis
1898 1788 2015 1839 hinc
2051 1787 2173 1839 inde
2206 1786 2490 1848 coloribus,
2533 1796 2579 1838 et
2624 1786 2801 1854 fucata
2833 1784 3140 1851 eloquentia:
3175 1784 3341 1854 nitore
3370 1785 3499 1837 inti-

256 1874 371 1911 mos
408 1858 634 1925 pectoris
668 1856 833 1909 nostri
860 1853 1094 1909 recessus
1123 1866 1442 1920 pertentare,
1471 1855 1575 1908 imo
1602 1867 1649 1909 et
1679 1857 1951 1910 nonnullis
1982 1858 2249 1925 interdum
2275 1856 2655 1909 maledicentiw
2679 1853 2872 1907 aculeis
2902 1870 2996 1905 nos
3025 1855 3205 1906 acrius
3237 1853 3493 1921 fodicare.

262 1927 445 1992 Quare
490 1926 930 1995 quemadmodum
965 1928 1212 1991 antehac,
1270 1937 1323 1979 ut
1364 1936 1473 1979 tute
1516 1927 1774 1994 fatebarc,
1816 1928 2072 1979 doctrina:
2104 1924 2441 1988 Christiantc,
2491 1940 2867 1988 sacrarumque
2923 1925 3217 1976 litterarum
3263 1926 3498 1990 quamvis

254 1998 448 2059 sapida
472 1996 704 2065 cognitio
738 1996 830 2047 tibi
874 2011 981 2049 non
1008 1996 1267 2065 sapiebat,
1298 1996 1390 2049 sed
1421 2012 1538 2047 cum
1570 1998 1638 2047 ad
1673 2013 1788 2049 eam
1826 1997 1904 2049 rel
1936 1996 2318 2064 degustandum
2342 2004 2550 2048 tantum
2580 1998 2877 2053 accederes,
2915 2010 2946 2043 a
2976 1996 3159 2065 mentis
3194 2003 3299 2065 tua:
3322 1995 3498 2061 palato

257 2063 617 2128 resiliens,'ac
646 2066 782 2117 velut
814 2063 1105 2135 dedignaris
1130 2067 1186 2120 in
1216 2080 1421 2128 pectore
1468 2076 1555 2117 tuo
1594 2072 1767 2119 sedem
1810 2063 2298 2134 ponereresistebat
2332 2082 2350 2119 :
2384 2065 2459 2117 ita
2488 2065 2641 2117 modo
2674 2076 2945 2131 postquam
2979 2080 3069 2135 cor
3106 2063 3403 2135 intelligens
3434 2079 3496 2115 ac

254 2136 535 2202 providum
572 2151 622 2187 es
664 2148 870 2215 nactus,
910 2134 1111 2215 tete-ad
1143 2152 1368 2204 superna
1397 2136 1553 2215 erige,
1592 2151 1754 2204 neque
1777 2153 1871 2215 pro
1900 2136 1965 2189 iis
1987 2152 2104 2202 qua:
2146 2151 2248 2186 non
2292 2144 2434 2201 sunt,
2462 2150 2523 2215 ea
2553 2150 2668 2215 qua:
2694 2150 2808 2187 vere
2836 2144 2953 2185 sunt
2988 2134 3223 2215 dimitte;
3267 2135 3501 2215 adeoque

254 2216 445 2257 contra
488 2221 600 2265 eos.
642 2206 734 2271 qui
766 2216 815 2257 te
851 2207 919 2258 ad
969 2205 1107 2274 falsa
1150 2203 1569 2273 provocaverint,
1619 2203 1857 2259 tantoin
1890 2218 2155 2272 posterum
2191 2216 2299 2257 esto
2340 2206 2681 2269 pertinacior,
2724 2216 2919 2274 quanto
2961 2212 3016 2253 tu
3055 2203 3223 2265 nobis,
3262 2218 3379 2254 cum
3429 2204 3499 2252 ad

254 2276 526 2327 veritatem
563 2278 693 2328 vatis
722 2275 962 2328 omnibus
992 2276 1354 2339 invitaremus,
1379 2275 1623 2328 exstitisti
1648 2277 1990 2343 peroicacior.
2024 2275 2115 2329 Sic
2135 2276 2273 2327 enim
2295 2290 2386 2343 ego
2417 2276 2471 2328 in
2505 2274 2725 2327 Domino
2748 2273 2898 2336 Jesu,
2936 2274 3138 2341 (quiest
3168 2288 3277 2325 esse
3299 2288 3499 2327 meeum

251 2355 300 2397 et
346 2343 533 2413 virere)
572 2344 724 2398 ltetus
756 2346 942 2399 dehinc
964 2345 1188 2411 ntoriar,
1222 2345 1646 2415 quandoquidem
1673 2356 1720 2397 et
1749 2354 1806 2398 tu
1836 2346 1896 2400 in
1920 2362 1979 2399 eo
2006 2346 2172 2398 vivas.

1469 2498 1676 2553 PETRI
1714 2499 2069 2557 LANSSELII
2100 2501 2337 2559 NOTAE.

328 2636 446 2709 (64)
485 2635 717 2706 Jamjam
753 2638 825 2691 ad
872 2643 918 2689 te
961 2638 1135 2693 cordis
1163 2653 1333 2704 amor,
1359 2645 1469 2692 etc.
1506 2635 1604 2691 Illa
1648 2637 1826 2692 sancti
1854 2645 1905 2700 Α
1930 2637 2217 2707 aliquando
2242 2639 2517 2701 incidisse,
2543 2636 2633 2692 sed
2666 2651 2808 2690 nunc
2838 2635 3089 2691 eamdem
3127 2635 3492 2690 intercidisse.

254 2728 500 2800 Dionysii
526 2729 762 2798 Epistola
785 2729 851 2782 ad
869 2729 1297 2800 Apollophanem
1318 2730 1429 2799 jam
1453 2730 1827 2786 Christianum

256 2820 642 2891 rudiore-stylo
667 2820 921 2889 primitus
944 2835 974 2875 e
994 2820 1186 2877 θηερο
1210 2822 1263 2875 in
1289 2820 1543 2876 Latinum
1566 2837 1827 2878 conversa

255 2913 382 2975 fuit,
411 2921 471 2965 ut
498 2913 717 2980 quidem
750 2923 1175 2981 repraesentatur
1215 2913 1283 2967 ab
1327 2909 1583 2968 Hilduino
1609 2914 1825 2985 abbate,

252 3005 308 3056 in
337 3003 454 3056 Vita
495 2998 557 3055 S.
587 3006 832 3076 Dionysii
852 3004 951 3075 (α),
995 3005 1323 3075 octingentis
1351 3016 1477 3061 ante
1510 3006 1665 3062 annis
1690 3007 1826 3061 scri-

251 3103 368 3163 pta.
402 3094 466 3147 Et
488 3094 663 3163 stylus
694 3097 785 3148 vix
817 3096 1065 3165 Latinus,
1097 3112 1160 3153 ac
1189 3112 1260 3153 ne
1287 3098 1378 3152 vix
1404 3098 1623 3168 quidem
1646 3100 1827 3171 arguit

253 3201 286 3239 e
320 3186 509 3242 Graeco
538 3202 658 3242 esse
684 3204 921 3242 versam.

323 3278 644 3349 Exemplum
688 3293 870 3335 autem
928 3281 1181 3336 Grmcum
1239 3282 1455 3337 venisse
1500 3285 1715 3339 videtur
1765 3281 1823 3337 in

252 3386 449 3427 manus
494 3367 552 3427 S.
600 3373 848 3439 Maximi,
880 3375 974 3428 sed
1024 3384 1209 3444 postea
1256 3375 1539 3440 amissum,
1585 3392 1708 3432 cum
1760 3377 1825 3431 ad

253 3462 553 3532 Epistulam
600 3465 843 3536 Dionysii
888 3466 977 3527 10.
1027 3480 1145 3534 quae
1188 3475 1275 3521 est
1308 3466 1373 3520 ad
1422 3465 1705 3534 Joannem,
1746 3468 1821 3523 ita

252 3558 485 3609 scribat:
518 3556 875 3628 ’Υποθώμεθα
902 3558 1058 3610 δὲτὸν
1074 3558 1212 3611 Θεῖον
1236 3559 1630 3625 Διονύσιον,ὃτε
1645 3559 1711 3611 τὰ
1733 3562 1823 3614 ὲπὶ

253 3646 329 3717 τῷ
359 3647 575 3719 σταυρῷ
595 3648 690 3700 τοῦ
716 3650 921 3720 Κυρίου
938 3645 1095 3714 εἶδεν,
1113 3646 1249 3702 εἶναι
1279 3657 1354 3702 κε’
1376 3650 1532 3714 ἐτῶν,
1556 3650 1649 3704 ἅτε
1671 3647 1822 3722 οἶμαι

254 3740 345 3791 καὶ
382 3738 462 3790 ἔτι
491 3739 951 3808 ἀναγινώσκοντα.
992 3740 1362 3810 Supponamus
1394 3752 1591 3809 autem,
1627 3744 1820 3813 inquit,

255 3842 488 3883 sanctum
534 3830 849 3901 Dionysium
881 3872 896 3898 ,
949 3836 1161 3902 quando
1206 3833 1309 3886 ista
1358 3844 1567 3902 propter
1609 3834 1821 3890 Domini

254 3934 456 3971 crucem
508 3921 752 3991 prodigia
806 3926 1093 3988 conspexit,
1138 3922 1307 3989 fuisse
1364 3925 1544 3992 viginti
1594 3929 1820 3994 quinque

255 4026 533 4078 annorum,
563 4015 1007 4081 quemadmodum
1040 4031 1122 4069 me
1148 4018 1322 4069 adhuc
1354 4017 1537 4086 legisse
1566 4018 1814 4074 arbitror.

255 4102 341 4154 Sic
366 4102 475 4155 ille.
504 4104 639 4157 Cum
680 4115 859 4159 autem
896 4108 949 4161 id
980 4108 1183 4163 diserte
1224 4110 1277 4163 in
1318 4109 1420 4162 hac
1460 4110 1526 4164 ad
1564 4109 1816 4181 Appollo-

246 4194 485 4261 plianem
530 4194 770 4265 Epistola
822 4213 1143 4267 expressum
1200 4202 1528 4271 reperiatur,
1589 4212 1643 4256 et
1687 4202 1817 4259 alibi

248 4298 517 4352 nusquam
548 4289 810 4343 credibile
842 4301 926 4345 est
951 4290 1243 4347 Maximum
1274 4294 1329 4348 in
1366 4309 1487 4351 eam
1518 4294 1813 4365 Epistolam

322 4445 341 4478 ί
373 4439 530 4497 Joan.
562 4459 602 4509 t,
640 4443 696 4498 9.

309 4622 381 4746 ﬂ
400 4620 963 4697 Patrologitelattntet.
990 4625 1107 4683 CVI,
1134 4627 1223 4697 col.
1250 4627 1328 4675 55.

331 4692 369 4744 ιι,
408 4684 565 4733 A'iter
584 4698 779 4735 omnino
800 4691 1025 4746 plerique
1072 4693 1294 4739 sentiunt

1928 2732 2174 2797 Accedit,
2226 2731 2370 2801 quod
2424 2740 2532 2785 tam
2579 2738 2958 2800 argumentum
3006 2728 3178 2798 ipsius
3221 2727 3495 2798 Epistolas,

1929 2838 2092 2893 quam
2119 2824 2244 2893 διγιί
2270 2822 2444 2878 (Ξτκοὶ
2473 2823 2698 2891 vestigia
2736 2822 2881 2891 (quae
2921 2820 3095 2890 magis
3127 2821 3182 2874 in
3216 2820 3335 2874 rudi
3377 2835 3498 2875 ver—

1928 2917 2083 2971 sione
2123 2916 2295 2971 notari
2329 2924 2557 2986 possunt
2601 2924 2655 2968 et
2699 2914 2899 2980 solent,
2933 2928 3094 2985 quam
3139 2912 3190 2966 in
3220 2912 3493 2983 politiOre)

1928 3008 2177 3078 spiritum
2206 3017 2263 3063 et
2298 3008 2601 3063 orationem
2631 3006 2841 3077 spirent
2873 3006 3048 3061 sancti
3106 3003 3353 3075 Dionysii
3395 3003 3492 3074 (b).

1999 3099 2116 3170 (65)
2145 3099 2298 3169 Stcpe
2328 3101 2465 3154 enim
2496 3100 2589 3153 tibi
2630 3109 2677 3152 et
2708 3099 2915 3167 quidem
2959 3104 3205 3151 accurate
3247 3097 3488 3163 exposui,

1927 3201 2033 3248 etc.
2060 3191 2185 3246 Haec
2211 3191 2455 3246 indicant
2492 3190 2803 3260 frequentes
2843 3188 3085 3259 Dionysii
3121 3204 3241 3243 cum
3271 3188 3493 3257 Apollo-

1928 3284 2109 3352 phane
2147 3284 2565 3353 congressiones
2611 3292 2665 3337 et
2714 3282 3133 3350 disputationes,
3176 3282 3253 3335 uti
3300 3292 3355 3335 et
3401 3281 3493 3335 illa

1925 3389 2045 3444 quae
2074 3382 2193 3442 post
2223 3372 2446 3428 subdit:
2481 3373 2681 3438 Quibus
2707 3373 2833 3427 mihi
2854 3388 2957 3426 non
2981 3371 3161 3436 semel,
3186 3373 3274 3426 sed
3304 3375 3495 3441 sa'pius

1926 3467 2261 3535 respondisti,
2291 3477 2398 3520 etc.

1997 3558 2109 3628 (66)
2142 3556 2264 3611 Non
2289 3558 2429 3628 quod
2460 3556 2625 3624 Deus,
2653 3558 2743 3610 sed
2772 3559 2913 3626 quod
2948 3556 3045 3610 Dei
3078 3572 3231 3625 opus,
3261 3565 3368 3610 etc.
3400 3555 3497 3609 Est

1925 3650 2167 3721 Dionysii
2198 3650 2743 3720 ad-Apollopltanem
2768 3650 3081 3719 occupatio,
3114 3662 3219 3718 qua
3253 3648 3497 3703 occurrit

1925 3744 2105 3798 tacita:
2151 3743 2464 3813 oltjectioni,
2494 3758 2657 3812 quam
2705 3757 2925 3798 movere
2966 3741 3233 3811 potuisset
3275 3741 3495 3809 Apollo-

1922 3836 2152 3905 phanes,
2169 3838 2584 3900 dicens,extrao
2596 3834 2893 3889 rdinarium
2917 3834 3047 3889 solis
3059 3845 3114 3889 et
3138 3834 3278 3887 luna:
3297 3847 3493 3886 occur-

1923 3943 2041 3982 sum
2104 3943 2225 3982 cum
2261 3928 2447 3983 densis
2477 3928 2734 3993 tenebris,
2758 3929 2941 3982 vocari
2970 3926 3279 3980 divinarum
3313 3938 3491 3978 rerum

1925 4022 2289 4087 mutationes;
2322 4023 2449 4090 quia
2475 4021 2685 4076 scilicet
2706 4020 2787 4074 sol
2823 4030 2877 4074 et
2912 4018 3039 4072 luna
3072 4018 3146 4073 dii
3176 4018 3284 4072 sint
3311 4026 3366 4071 et
3390 4017 3493 4070 ha-

1924 4112 2191 4178 beantur;
2247 4114 2473 4182 ideoque
2539 4128 2728 4168 eorum
2778 4112 3117 4183 prodigiosae
3165 4109 3492 4164 mutationes

1924 4220 2105 4259 rerum
2151 4219 2275 4260 esse
2314 4205 2618 4260 divinarum
2665 4206 3073 4262 conversiones.
3128 4203 3203 4257 De
3247 4200 3488 4272 quoiam

1924 4298 2010 4366 egi
2038 4299 2196 4353 initio
2223 4298 2415 4368 capitis
2445 4297 2640 4354 fusius.

408 4684 565 4733 A'iter
584 4684 779 4735 omnino
800 4688 1025 4749 plerique
1072 4686 1294 4739 sentiunt
1331 4690 1551 4740 editores
1595 4690 1815 4753 Operum
1844 4685 1895 4735 S.
1921 4685 2167 4751 Dionysii.
2196 4687 2320 4741 Vide
2343 4688 2720 4750 Protegomena,
2743 4686 2835 4735 col.
2862 4686 2940 4738 56,
2965 4686 3097 4737 Eutr.
3126 4685 3275 4733 Pun.
