4176 6318
722 309 861 363 1125
1889 298 1945 348 5,
1990 295 2285 347 ΙιιυΝἱδΙΙ

2340 290 2800 342 Ακιιυιδλωτπε

3852 283 3980 335 llis

724 439 3951 486 πμ

1243 575 2020 715 LITUBGIA
2081 567 2647 703 SANCT'I
2724 568 3427 697 DIONYSII

1867 786 2307 849 ATHENARUM
2347 784 2656 842 EPISCOPI
2696 786 2797 856 (ι).

760 945 1109 1014 (Liturgiarum
1133 940 1452 993 Orientalium
1478 934 1702 991 Collectio
1723 942 1875 995 opera
1897 936 1953 981 et
1974 925 2311 1050 ἃιὲῗοιξᾶῗε

2411 921 2711 1045 Bitiam?
2747 922 2976 983 Parlslnl,
3008 915 3129 974 edit.
3162 924 3393 985 secunda,
3418 924 3695 976 Francfurti
3719 928 3785 976 ad
3829 928 3953 980 Mte-

1061 1215 1310 1276 Primum
1345 1216 1530 1272 Oratio
1560 1224 1678 1267 ante
1710 1209 1926 1265 Pacem.

2317 1113 2388 1125 ...ο

2314 1208 2361 1263 Α
2390 1208 2792 1253 cramentorum
2824 1196 3241 1263 t'ivilieantium,
3278 1210 3374 1266 per
3401 1198 3717 1265 pontiﬁcem
3813 1194 3980 1249 ciete-

787 1318 1071 1375 Sacerdos.
1131 1314 1361 1369 Domine
1412 1310 1552 1363 Deus
1602 1306 1694 1375 qui
1746 1319 1808 1359 es
1858 1298 2126 1368 simplex,
2186 1309 2294 1347 non
2393 1287 2725 1346 stemlesum
2753 1289 3031 1345 Christum
3060 1290 3399 1359 unigenitum
3434 1290 3631 1345 Filium
3668 1304 3850 1357 tuum,
3884 1310 3987 1363 per

715 1412 1050 1479 compositus
1112 1402 1574 1469 absconditusquc
1629 1399 1683 1449 in
1744 1392 1980 1448 essentia
2040 1386 2298 1449 sublimi,

715 1513 857 1563 Deus
896 1500 1059 1553 Pater
1091 1513 1119 1550 a
1160 1511 1268 1564 quo
1324 1506 1519 1547 nomen
1565 1489 1727 1543 habet
1772 1484 1951 1540 omnis
1998 1479 2301 1550 paternitas

717 1609 836 1661 qua:
867 1594 920 1646 in
948 1591 1090 1645 caelo
1116 1597 1202 1643 est
1240 1596 1295 1641 et
1334 1586 1385 1639 in
1414 1594 1579 1644 terra,
1615 1579 1946 1646 Principium
1978 1570 2299 1635 divinitatis,

724 1701 916 1738 eorum
950 1684 1043 1751 qui
1073 1690 1280 1735 naturas
1313 1679 1509 1731 divina:
1541 1672 1893 1742 participant,
1932 1678 1985 1721 et
2031 1665 2304 1737 perfector

725 1791 915 1830 eorum
947 1775 1037 1842 qui
1070 1769 1461 1840 perfectionem
1496 1771 1909 1830 consequuntur
1941 1775 1958 1813 :
2000 1758 2176 1812 bonus
2206 1770 2303 1809 su-

732 1884 829 1937 per
863 1867 1045 1919 omnia
1086 1867 1227 1919 bona
1270 1860 1607 1929 pulcherque
1631 1869 1795 1925 supra
1822 1853 2014 1912 omnia
2037 1849 2259 1921 pulchra
2287 1864 2299 1901 :

723 1957 1093 2024 tranquillitas
1122 1954 1365 2025 pacilica,
1414 1945 1853 2020 pax,concordia
1908 1957 1963 1996 et
2013 1941 2144 1995 unio
2174 1953 2305 1993 om-

730 2057 877 2107 nium
903 2052 1229 2104 animorum.
1255 2045 1529 2111 Compone
1551 2038 1772 2095 dissidia
1794 2052 1919 2105 qua:
1942 2048 2041 2089 nos
2068 2032 2307 2087 invicem

736 2142 1009 2203 dividurt,
1027 2148 1082 2190 et
1105 2138 1273 2189 reduc
1298 2150 1359 2187 ea
1374 2133 1439 2186 ad
1462 2134 1712 2185 unionem
1737 2124 2181 2193 charitatis,qu:e
2206 2120 2310 2174 ali-

723 2249 888 2302 quam
906 2228 1158 2285 essentia
1176 2236 1278 2280 tua:
1301 2224 1546 2279 sublimis
1567 2220 1981 2276 similitudinem
2006 2217 2224 2272 habeat.
2243 2214 2311 2268 Et

726 2326 869 2377 sicut
899 2336 1038 2374 mnis
1062 2334 1121 2373 es
1137 2331 1298 2387 super
1318 2314 1521 2376 omnia,
1544 2313 1628 2365 fac
1655 2326 1755 2365 nos
1783 2323 1971 2372 unum,
1991 2322 2095 2381 per
2108 2305 2310 2360 unani-

725 2415 969 2469 mitatem
998 2412 1152 2466 bonae
1180 2410 1398 2471 mentis,
1426 2416 1484 2460 ut
1512 2404 1804 2473 simplices,
1830 2410 1887 2461 et
1912 2415 2016 2454 non
2039 2398 2201 2455 divisi
2229 2397 2313 2451 in-

725 2506 1013 2561 veniamur
1053 2516 1237 2557 coram
1272 2508 1325 2553 te
1366 2499 1419 2552 in
1455 2510 1700 2565 tempore
1732 2496 1831 2548 hoc
1865 2490 2107 2564 mysterii
2153 2505 2315 2561 pera-

732 2596 925 2662 gendi:
952 2604 1117 2662 utque
1142 2606 1239 2661 per
1261 2590 1540 2658 amplexus
1568 2587 1871 2667 charitatis,
1893 2594 1949 2639 et
1979 2596 2153 2637 nexus
2179 2581 2313 2636 dile-

733 2687 955 2749 ctionis,
971 2681 1327 2754 spiritualiter
1341 2696 1507 2734 unum
1523 2680 1715 2740 simus,
1732 2662 1839 2730 tam
1860 2676 2140 2731 nobiscum
2156 2673 2306 2743 ipsis,

730 2792 894 2847 quam
924 2777 993 2829 ad
1026 2776 1279 2835 invicem,
1305 2786 1403 2837 per
1428 2785 1615 2841 pacein
1638 2770 1788 2822 illam
1820 2777 1968 2821 tuam
1992 2766 2180 2823 omnia
2211 2781 2311 2833 ρει-

731 2880 972 2932 cantem,
1011 2884 1109 2938 per
1150 2866 1380 2936 gratiam
1414 2874 1469 2918 et
1496 2862 1926 2917 misericordiam
1952 2872 2308 2927 amoremque

731 2976 861 3029 erga
890 2960 1143 3014 homines
1167 2957 1431 3027 unigeniti
1462 2955 1585 3009 Filii
1625 2954 1729 3016 tui,
1785 2967 1884 3021 per
1917 2967 2079 3021 quem
2103 2960 2161 3005 et
2185 2966 2312 3003 cum

736 3070 841 3124 quo
866 3062 917 3107 te
947 3054 1103 3108 decet
1130 3050 1325 3122 gloria,
1347 3051 1520 3104 honor
1538 3056 1593 3103 et
1615 3046 1923 3117 imperium,
1953 3059 2079 3101 cum
2103 3043 2311 3115 Spiritu

736 3162 831 3201 tuo
862 3144 1230 3199 sanctissimo.

803 3238 1065 3306 Populus.
1099 3237 1297 3291 Amen.

803 3328 1089 3384 Sacerdos.
1115 3328 1251 3382 Pax.

806 3418 1067 3486 Populus.
1102 3419 1169 3472 Et
1202 3433 1327 3471 eum
1366 3417 1558 3487 spiritu
1593 3424 1707 3471 tuo.

809 3514 1098 3567 Diaconus.
1133 3512 1228 3565 Det
1253 3523 1439 3580 pacem
1463 3510 1848 3579 unusquisque.

806 3605 1071 3674 Populus.
1102 3603 1330 3660 Omnes.

809 3698 1096 3752 Diaconus.
1128 3694 1277 3749 Post.

810 3787 1068 3857 Populus.
1096 3788 1295 3841 Coram
1328 3794 1381 3841 te
1410 3785 1659 3841 Domine.

2400 1395 2563 1451 quem
2589 1391 2789 1435 etcum
2818 1396 2929 1451 quo
2968 1389 3021 1435 te
3053 1381 3210 1437 decet
3230 1381 3399 1451 gloria
3422 1390 3476 1435 et
3509 1383 3707 1438 honor.

2492 1483 2743 1556 Populus.
2778 1484 2961 1537 Amen.

2485 1583 2772 1640 Sacerdos.
2804 1585 3088 1641 Exsistens
3129 1584 3491 1640 essentialiter
3544 1595 3599 1640 et
3639 1587 3707 1640 ab
3752 1597 3984 1647 aeterno.

2402 1677 2562 1744 cujus
2588 1687 2786 1731 natura
2821 1676 3396 1747 incomprehensibilis
3424 1687 3530 1745 est,
3562 1678 3656 1747 qui
3699 1695 3873 1748 prope
3902 1694 3985 1740 es.

2404 1779 2457 1825 et
2480 1783 2718 1841 praesens
2746 1769 3021 1835 omnibus,
3053 1769 3265 1839 absque
3313 1769 3422 1824 ulla
3472 1769 3839 1826 sublimitatis
3882 1784 3990 1827 tua

2406 1861 2748 1917 mutatione:
2782 1861 2940 1930 cujus
2990 1861 3291 1915 bonitatem
3349 1861 3556 1930 appetit
3600 1872 3654 1916 et
3704 1863 3990 1916 desiderat

2408 1954 2771 2020 quodcunque
2824 1952 3459 2022 exsistit;intelligibiles
3500 1952 3717 2022 quidem
3743 1963 3803 2007 et
3830 1953 3989 2006 intel-

2416 2044 2561 2100 lectu
2597 2044 2839 2114 prmditze
2864 2053 3148 2110 creatum,
3184 2043 3616 2114 intelliglbiliter,
3648 2060 3817 2099 sensu
3858 2061 3990 2099 vero

2411 2136 2656 2207 praedita:
2677 2176 2692 2200 ,
2716 2136 3072 2191 sensibiliter.
3114 2135 3215 2202 Qui
3242 2152 3364 2191 cum
3397 2153 3536 2192 unus
3573 2138 3648 2192 sis
3682 2138 3992 2193 essentiaii—

2415 2242 2526 2296 ter,
2578 2237 2762 2284 tamen
2817 2230 2949 2283 ades
3000 2228 3284 2283 nobiscum
3335 2238 3390 2283 et
3419 2230 3561 2284 inter
3594 2245 3713 2292 nos,
3780 2212 3838 2284 in
3885 2231 3990 2285 hac

2410 2320 2571 2387 hora,
2595 2334 2700 2389 qua
2734 2320 2801 2372 ad
2827 2317 2943 2372 base
2967 2316 3221 2387 mysteria
3257 2326 3347 2370 tua
3371 2326 3559 2371 sancta
3585 2316 3798 2371 vocasti
3821 2317 3990 2371 etad-

2414 2412 2615 2467 duxisti
2647 2424 2786 2465 nos:
2813 2420 2868 2464 et
2898 2406 3077 2463 standi
3111 2423 3297 2463 coram
3337 2407 3555 2462 sublimi
3590 2407 3824 2462 Throno
3869 2424 3991 2461 ma-

2410 2503 2627 2571 iestatis
2676 2511 2781 2556 tuae
2828 2501 3023 2571 dignos
3078 2500 3277 2565 fecisti,
3316 2507 3482 2567 atque
3546 2500 3821 2553 tractandi
3861 2515 3989 2553 vasa

2414 2605 2603 2652 sancta
2631 2594 2919 2649 ministerii
2948 2594 3023 2649 tui
3050 2592 3300 2649 manibus
3325 2592 3527 2648 nostris
3550 2593 3803 2662 impuris.
3824 2594 3993 2647 Aufer

2414 2699 2599 2743 autem
2657 2704 2688 2742 a
2747 2688 2926 2754 nobis,
2970 2686 3223 2753 Domine,
3270 2695 3479 2740 vestem
3532 2684 3842 2753 iniquitatis
3887 2700 3991 2755 qua

2416 2778 2604 2832 amicti
2658 2792 2851 2832 sumus
2878 2816 2894 2842 ,
2938 2786 2998 2830 ut
3043 2792 3074 2829 a
3120 2773 3247 2831 Jesu
3281 2774 3393 2828 lilio
3434 2773 3665 2829 Josedek
3706 2775 3995 2828 sacerdote

2416 2884 2613 2939 magno
2656 2869 2982 2923 vestimenta
3026 2866 3247 2922 sordida
3296 2865 3572 2920 abstulisti
3620 2882 3634 2917 :
3686 2876 3741 2918 et
3793 2866 3995 2934 pietate

2416 2970 2581 3030 atque
2603 2960 2815 3029 iustitia
2860 2972 3065 3015 exorna
3098 2973 3222 3021 nos.
3265 2958 3407 3013 sicut
3450 2957 3599 3011 illum
3655 2957 3994 3011 vestimento

2416 3052 2607 3122 gloria:
2639 3052 2885 3118 ornasti;
2922 3062 2983 3104 ut
3018 3060 3071 3106 te
3101 3050 3217 3104 solo
3253 3057 3513 3119 tanquam
3562 3058 3886 3117 legumento
3913 3048 3970 3102 in

2420 3144 2561 3211 duti,
2594 3154 2650 3198 et
2676 3144 2821 3197 sicut
2846 3140 3044 3212 templa
3085 3149 3346 3195 coronata
3366 3140 3533 3210 gloria
3563 3140 3916 3202 exsistentes,
3944 3150 3995 3193 te

2422 3235 2631 3300 absque
2677 3234 2943 3289 velamine
2986 3232 3291 3297 videamus,
3333 3240 3513 3286 mente
3554 3230 3821 3285 dit-initus
3869 3231 3996 3285 illu-

2420 3337 2690 3393 strata,et
2728 3328 2796 3380 ad
2824 3338 3066 3381 mensam
3099 3326 3249 3392 regni
3280 3324 3355 3377 tui
3387 3324 3692 3393 epulamur,
3726 3323 3855 3377 dum
3890 3323 3993 3376 hoc

2424 3419 2701 3475 sacriﬁcio
2746 3433 2932 3473 coram
2982 3416 3140 3471 nobis
3194 3414 3475 3485 proposito
3525 3414 3994 3490 communicantes

2425 3512 2792 3583 perfruemur,
2826 3523 2883 3564 et
2918 3509 3222 3565 referemus
3263 3508 3357 3563 tibi
3402 3507 3631 3577 gloriam
3669 3516 3727 3561 et
3756 3505 3991 3561 laudem.

2492 3604 2749 3674 Populus.
2781 3604 2973 3657 Amen.

2495 3697 2780 3751 Diaconus.
2809 3695 3028 3751 Stemus
3058 3693 3336 3749 decenter.

2496 3792 2752 3862 Populus.
2781 3788 3168 3845 Misericordia:
3196 3787 3312 3842 Dei.

811 3880 1093 3936 Sacerdos.
1122 3880 1289 3932 Dator
1314 3876 1625 3933 sanctitatis
1650 3884 1706 3932 et
1728 3877 1962 3946 largitor
1979 3876 2160 3934 omnis
2184 3875 2309 3932 boat
2337 3897 2381 3952 ο
2486 3884 2764 3939 Sacerdos.
2805 3882 3077 3941 Charitas.

741 3973 990 4039 Domine,
1013 3973 1105 4041 qui
1136 3987 1354 4027 omnem
1386 3982 1701 4027 creaturam
1748 3970 2071 4026 rationalem
2102 3973 2312 4027 sancti-

743 4076 853 4119 late
887 4080 1006 4132 qua:
1035 4083 1064 4117 a
1101 4076 1153 4119 te
1178 4074 1282 4130 est,
1316 4066 1626 4121 sanetilicas
1656 4079 1672 4117 :
1700 4066 1979 4121 suuctiiica
2011 4080 2111 4136 per
2139 4064 2315 4138 Spiri—

744 4169 856 4210 tum
905 4167 1053 4209 tuum
1090 4165 1360 4220 sanctum,
1392 4174 1491 4213 nos
1534 4174 1721 4213 servos
1765 4170 1915 4224 tuos,
1960 4159 2052 4230 qui
2081 4158 2315 4216 inclina-

743 4266 865 4303 tnur
892 4265 1077 4303 coram
1116 4260 1168 4303 te
1194 4268 1207 4302 :
1240 4248 1411 4303 libera
1443 4266 1542 4304 nos
1573 4252 1641 4305 ab
1672 4252 1929 4306 omnibus
1959 4252 2314 4321 passionin

742 4341 1032 4395 servilibus
1077 4341 1309 4409 peccati,
1366 4342 1435 4395 ab
1490 4342 1723 4406 invidia,
1773 4342 1920 4407 dolo,
1971 4340 2316 4409 deceptione.

743 4434 893 4496 odio,
928 4434 1250 4499 inimicitiis,
1284 4445 1339 4488 et
1377 4434 1449 4487 ab
1480 4449 1545 4488 eo
1582 4434 1676 4503 qui
1716 4434 1905 4488 eadem
1953 4444 2231 4502 operatur,
2258 4442 2321 4491 ιιι

746 4541 1053 4579 mereamur
1082 4535 1269 4580 sancte
1297 4527 1561 4596 perlicere
1586 4526 1953 4580 ministerium
1996 4525 2191 4580 horum
2224 4541 2319 4582 sa-

815 4656 893 4725 (l)
921 4656 1301 4729 Areopagitatn
1354 4658 1441 4711 hic
1486 4655 1747 4729 Jacobita:
1786 4657 2117 4729 intelligunt,
2153 4673 2314 4728 quem

745 4727 910 4780 etiam
966 4728 1201 4781 Arabice
1259 4728 1547 4790 Baulonsi,
1613 4727 1896 4782 Paulinum
1948 4727 2318 4783 vocant’sive

748 4797 902 4849 Pauli
950 4799 1295 4867 discipulum.
1344 4798 1471 4863 Ejus
1512 4798 1655 4850 enim
1713 4798 1881 4853 libros
1928 4814 2025 4866 pro
2066 4800 2320 4868 genuinis

751 4870 976 4939 habent,
1028 4879 1081 4920 et
1128 4870 1362 4939 majores
1406 4883 1596 4939 eorum
1646 4869 2053 4939 Monopltysitze,
2096 4870 2185 4936 qui
2218 4869 2320 4923 sub

748 4937 1078 5004 Iustiniano,
1112 4954 1253 4991 anno
1288 4936 1339 4991 «Ι.
1374 4939 1435 4992 C.
1470 4937 1597 5001 552,
1621 4936 2089 5007 Constantinopoli
2119 4942 2185 4992 de
2215 4940 2319 4992 fide

749 5009 1093 5061 collationem
1141 5025 1261 5061 cum
1320 5010 1641 5063 orthodoxis
1690 5010 2036 5071 habuerunt,
2102 5009 2315 5062 illorunt

749 5079 916 5145 primi
945 5080 1274 5148 testimoniis
1307 5080 1390 5133 usi
1416 5089 1567 5142 sunt,
1595 5082 1738 5148 quod
1764 5097 1793 5131 ει
1827 5082 1956 5131 viris
1987 5080 2321 5136 doctissimis

752 5149 953 5200 tludum
1000 5147 1103 5201 fuit
1144 5149 1491 5201 observatum
1529 5147 1626 5218 (a).
1671 5148 1727 5201 ln
1762 5150 1925 5202 variis
1961 5149 2321 5204 Collectaueis

2490 3973 2750 4042 Populus.
2777 3972 2844 4025 Et
2869 3988 2992 4025 cum
3016 3972 3210 4041 spiritu
3237 3980 3353 4026 tuo.

2490 4066 2776 4121 Sacerdos.
2806 4066 3038 4118 Sursum
3068 4065 3255 4120 corda.

2490 4156 2750 4226 Populus.
2785 4155 3062 4211 Habemus
3092 4150 3159 4210 nil
3191 4156 3500 4210 Dominum.

2490 4252 2774 4307 Sacerdos.
2798 4249 3022 4305 Gratias
3053 4265 3281 4319 agamus
3309 4248 3560 4302 Domino.

2487 4339 2753 4411 Populus.
2793 4341 3020 4409 Dignqu
3046 4339 3323 4405 etjustum
3352 4348 3453 4393 est.

2489 4436 2752 4491 Sacerdos
2782 4432 3089 4487 inclinatus.
3121 4430 3261 4486 Vere
3289 4433 3436 4487 enim
3464 4430 3685 4497 mentis,
3717 4432 3990 4487 sermonis

2419 4536 2475 4584 et
2500 4527 2849 4599 cogitationis
2882 4526 3026 4580 vires
3044 4524 3259 4581 excedit
3282 4522 3577 4579 celebratio
3604 4520 3985 4576 beneﬁciorum

2416 4664 2634 4719 siastica
2672 4663 3006 4723 lucrare/tia;
3072 4676 3198 4714 nam
3242 4669 3510 4729 quantum
3542 4657 3609 4710 ad
3648 4656 3984 4729 disciplinam

2422 4734 2845 4787 eucharisttcam
2896 4740 3127 4799 spectat,
3162 4728 3526 4797 vix’unquam
3556 4728 3773 4799 illorum
3802 4728 3983 4799 memi-

2421 4809 2638 4856 nerunt.
2678 4802 2880 4854 Eodem
2927 4797 3146 4855 nomine
3188 4802 3330 4854 edita
3363 4810 3447 4853 est
3492 4801 3545 4851 in
3595 4798 3797 4851 Hissali
3837 4797 3987 4849 Chal-

2419 4873 2575 4927 daico
2607 4872 2873 4941 Liturgia,
2914 4872 3009 4924 sed
3050 4886 3172 4940 qua:
3217 4882 3417 4941 prmter
3463 4868 3679 4941 titulum
3723 4882 3853 4941 cum
3885 4871 3983 4920 ista

2420 4958 2708 5000 commune
2758 4939 2892 4995 nihil
2946 4939 3129 5005 habet,
3186 4957 3309 4995 cum
3366 4940 3419 5006 in
3473 4939 3674 4992 Missali
3724 4939 3988 4991 tribuatur

2429 5015 2695 5083 Dionysio
2726 5012 2993 5083 Barsalibi
3030 5014 3285 5080 episcopo
3316 5011 3588 5064 Amideuo
3622 5008 3884 5083 Jacobita:
3912 5008 3990 5083 [ετ

2424 5079 2763 5151 ιιιοειέδὶιιιο,
2802 5082 2870 5135 de
2911 5097 3017 5151 quo
3054 5079 3266 5136 dicetur
3318 5083 3368 5134 iu
3406 5079 3879 5134 observationibus
3924 5079 3987 5129 ad

2420 5157 2665 5208 eamdem
2694 5152 3017 5220 Liturgiam,
3038 5162 3092 5205 et
3122 5152 3325 5222 passim
3354 5151 3480 5204 alibi
3505 5151 3706 5205 dictum
3740 5159 3845 5209 est,
3870 5163 3986 5201 cum

754 5219 1150 5306 sente‘ntiarmn
1204 5235 1269 5272 ex
1326 5222 1563 5287 antiquis
1622 5220 1888 5306 Patrilbus,
1940 5223 2011 5298 ad
2046 5222 2317 5306 opinipqis
2350 5253 2393 5306 Β
2422 5226 2565 5277 illius
2593 5219 2916 5306 testimoniis
2955 5225 3005 5277 in
3041 5219 3154 5277 toto
3193 5225 3296 5306 hoc
3323 5236 3495 5306 opere
3535 5221 3837 5289 swpissitne
3868 5229 3983 5297 uta-

753 5303 865 5340 sua:
892 5289 1289 5351 defensionem,
1318 5301 1537 5343 exstant
1567 5290 1839 5344 nonnullus
1865 5306 1929 5343 ex
1966 5290 2227 5357 ejusmodi
2255 5292 2318 5344 li-

754 5359 869 5411 bris
900 5375 916 5410 :
945 5370 999 5431 et
1026 5374 1099 5431 e_a
1129 5361 1369 5431 ratione,
1405 5362 1693 5431 Dionysius
1726 5362 1867 5413 inter
1897 5362 2151 5414 Ecclesia:
2210 5364 2319 5417 Do-

753 5439 940 5481 ctores
963 5430 1015 5481 in
1040 5429 1321 5499 Diptycltis
1348 5429 1662 5500 frequenter
1681 5444 2012 5487 numeratur.
2032 5434 2211 5499 Atque
2232 5435 2318 5489 illa

756 5500 1065 5572 verisimilis
1099 5517 1262 5553 causa
1307 5512 1413 5563 est,
1450 5518 1549 5555 cur
1594 5505 1712 5572 ejus
1754 5506 1973 5555 nomine
2017 5502 2318 5572 Liturgiam

754 5570 891 5637 siugt
920 5571 1082 5622 larem
1116 5574 1539 5639 composuerint,
1580 5570 1685 5625 nun
1722 5575 1873 5640 quod
1915 5574 2083 5626 multa
2128 5570 2197 5625 ad
2232 5594 2318 5628 sa-

756 5655 877 5693 cros
912 5640 1049 5693 ritus
1077 5645 1379 5709 spectantia
1427 5643 1708 5697 hauserint
1745 5660 1810 5695 ex
1846 5646 2003 5697 libris
2033 5647 2101 5697 de
2136 5644 2320 5701 Eccle-

819 5758 887 5817 (ιι)
925 5756 1041 5803 Mor.
1071 5757 1138 5808 De
1172 5770 1296 5807 διιεῖ.
1333 5759 1425 5808 0rd
1472 5770 1501 5817 ν
1544 5762 1589 5821 2,

2427 5312 2567 5348 mur.
2600 5295 2789 5361 Neque
2816 5296 2953 5347 ullus
2983 5306 3065 5349 est
3106 5292 3450 5362 ambiguitati
3482 5288 3656 5356 locus,
3687 5299 3783 5343 aut
3814 5288 3977 5362 suspi-

2427 5368 2573 5421 cioni
2602 5371 2670 5420 de
2702 5360 2909 5417 incuria
2944 5360 3296 5419 librariorum
3321 5378 3338 5418 :
3362 5378 3486 5415 cum
3522 5364 3574 5416 in
3620 5364 3809 5418 iisdem
3843 5360 3986 5413 codi-

2423 5438 2579 5491 cibus
2612 5447 2841 5503 utraque
2861 5434 3103 5507 Liturgia
3132 5449 3274 5503 saepe
3302 5434 3627 5507 reperiatur.
3653 5432 3707 5487 In
3741 5435 3842 5485 ista
3870 5445 3987 5507 iero

2422 5520 2593 5575 pauca
2620 5500 2918 5563 occurrunt
2945 5500 3065 5579 qui:
3093 5500 3334 5578 aliquant
3360 5500 3803 5576 inplicationem
3851 5500 3986 5557 desi-

2423 5582 2631 5636 derent.

1679 5760 1716 5807 l.
1750 5760 1961 5821 Lautmj'.
2002 5763 2069 5811 De
2095 5761 2275 5815 duobus
2300 5766 2497 5822 Dianas.
