4176 6318
226 349 357 405 "25

1658 332 2006 389 LlTURGlA.

3296 333 3434 389 MSS

224 470 463 525 tuorum,
495 458 738 524 Domine,
782 468 956 527 neque
984 454 1259 510 sufficiunt
1280 467 1461 507 omnia
1490 465 1608 513 ora,
1633 464 1785 501 men-
1814 457 1859 511 Α
1960 446 2181 498 Elevans
2209 458 2400 499 υοεεηι,
2425 441 2523 508 Qui
2557 451 2865 510 conceptus,
2900 442 3163 497 formatus
3191 455 3246 499 et
3269 448 3439 502 conli-

226 564 314 607 tes
334 565 545 613 omnes,
574 558 630 604 et
654 548 871 616 linguae,
904 547 970 601 ad
1001 556 1073 612 te,
1107 554 1165 600 ut
1192 546 1409 615 dignum
1442 554 1542 608 est,
1571 544 1778 613 gloritl-

224 644 482 698 candum.
510 640 687 695 Verbo
714 639 858 693 enim
886 648 978 692 tuo
1006 639 1135 691 facti
1168 647 1294 691 sunt
1314 637 1461 701 cmli,
1491 646 1546 692 et
1586 638 1781 707 spiritu

222 739 338 789 oris
370 734 445 787 tui
479 742 672 787 omnes
694 730 931 784 virtutes
956 744 1205 797 supernae
1234 745 1247 781 :
1282 728 1566 782 luminaria
1599 730 1783 784 omnia

220 838 345 893 qua:
377 824 429 877 in
463 822 805 876 firmamento
831 829 978 886 sunt,
1015 820 1095 874 sol
1125 829 1179 873 et
1211 819 1357 886 luna,
1385 834 1535 873 mare
1562 828 1615 874 et
1633 820 1785 874 arida

221 922 280 969 et
312 926 662 982 quaecumque
691 914 743 967 in
772 913 853 967 eis
877 922 1023 967 sunt.
1052 913 1180 979 Quae
1210 928 1396 967 vocem
1426 930 1532 967 non
1558 913 1783 977 habent,

223 1002 458 1057 silentiis
485 1003 599 1057 suis
626 1018 641 1058 :
678 1016 798 1070 quae
822 1017 1074 1056 sermone
1098 1002 1329 1072 praedita
1361 1012 1508 1067 sunt,
1540 1003 1782 1068 vocibus,

222 1093 567 1147 sermonibus
612 1101 665 1146 et
711 1092 926 1162 hymnis
967 1102 1233 1161 perpetuo
1279 1093 1373 1146 tibi
1420 1094 1779 1159 benedicunt;

222 1185 353 1253 quia
387 1194 442 1237 tu
471 1198 531 1238 es
558 1195 747 1238 natura
782 1184 973 1248 bonus,
1006 1194 1059 1239 et
1080 1200 1240 1254 supra
1266 1200 1456 1239 omnes
1486 1184 1693 1251 laudes,
1726 1186 1782 1240 in

222 1274 460 1328 essentia
488 1283 576 1326 tua
608 1274 1235 1343 incomprehensibiliter
1258 1276 1548 1331 exsistens.

293 1360 518 1414 Elevans
548 1377 740 1415 vocem.
768 1360 845 1416 Te
882 1361 1067 1415 laudat
1094 1369 1345 1415 creatura
1397 1362 1513 1416 haec
1558 1361 1785 1416 visibilis

222 1461 281 1505 et
306 1465 463 1505 sensu
487 1452 732 1521 praedita,
760 1452 1008 1519 Domine,
1043 1462 1102 1508 ut
1125 1455 1288 1507 etiam
1323 1453 1415 1506 illa
1447 1453 1787 1507 intellectua-

223 1539 317 1606 lis,
343 1552 395 1594 et
435 1557 597 1610 supra
631 1557 889 1596 sensuum
937 1543 1315 1597 conditionem
1335 1544 1529 1612 posita.
1578 1543 1783 1598 leum

222 1641 277 1684 et
316 1642 458 1685 terra
504 1642 555 1685 te
585 1632 917 1703 gloriﬁcant,
951 1648 1100 1687 mare
1126 1643 1179 1687 et
1224 1650 1319 1688 aer
1363 1646 1414 1689 te
1456 1636 1783 1703 pradicant;

232 1723 317 1777 sol
369 1724 421 1776 in
472 1740 632 1779 cursu
668 1741 766 1779 suo
798 1738 849 1780 te
888 1726 1114 1782 laudat:
1154 1727 1276 1780 luna
1316 1728 1367 1780 in
1400 1727 1787 1781 mutationibus

1890 544 2120 605 guratus
2152 549 2181 585 a
2216 532 2421 600 Spiritu
2462 542 2671 595 sancto,
2702 542 2758 585 et
2790 545 2854 585 ex
2893 534 3155 602 sanguine
3193 535 3440 602 virgineo

1887 625 2124 694 Virginis
2171 632 2371 678 sancte
2426 622 2725 677 Genitricis
2769 622 2862 676 Dei
2910 621 3091 675 Maria:
3151 635 3312 679 natus
3358 634 3443 679 est

1883 716 2099 785 quidem
2129 717 2311 778 homo,
2346 720 2402 766 et
2426 728 2491 766 ex
2516 728 2744 781 corpore
2766 711 3004 779 ejusdem
3034 728 3169 782 puro
3194 725 3251 768 et
3304 724 3440 765 san-

1873 804 2408 875 ctissimo,princeps
2450 803 2600 870 vitaz,
2649 802 3062 871 suscipiensque
3104 804 3439 858 divinitatem

1886 896 1939 950 in
1971 910 2155 959 carne,
2189 895 2524 951 conservatis
2546 902 2752 947 natura:
2778 893 2894 963 lege
2919 904 2975 949 et
2997 895 3441 963 pr0prietatibus,

1885 990 1980 1043 sed
2008 989 2167 1042 modo
2208 1002 2372 1055 supra
2408 996 2693 1053 naturam;
2734 988 3056 1057 agnitusqne
3092 996 3172 1041 est
3216 987 3356 1043 Deus
3386 987 3442 1042 in

1884 1080 2109 1148 Spiritu,
2138 1089 2192 1131 et
2218 1079 2379 1131 homo
2415 1078 2468 1131 in
2507 1092 2689 1131 carne.
2736 1078 2913 1145 Atque
2952 1078 3006 1131 in
3034 1089 3293 1147 quantum
3324 1087 3444 1131 erat

1886 1164 2118 1219 Verbum
2148 1173 2272 1217 ante
2298 1165 2516 1229 saecula,
2544 1179 2610 1218 ex
2633 1175 2685 1219 te
2714 1173 2773 1218 ut
2802 1165 2911 1219 Deo
2937 1166 3155 1233 dignum
3179 1176 3319 1229 erat,
3346 1183 3443 1219 na—

1888 1264 1972 1308 tus
2004 1262 2105 1319 est,
2127 1263 2179 1307 et
2210 1254 2507 1309 virtutibus
2537 1265 2700 1323 atque
2729 1254 3032 1320 miraculis,
3053 1254 3231 1323 qualia
3259 1253 3442 1324 opifici

1884 1345 2123 1397 omnium
2149 1343 2569 1409 conveniebant,
2611 1345 2773 1397 talem
2808 1360 2868 1399 se
2896 1360 3015 1399 esse
3048 1354 3280 1398 testatus
3310 1356 3393 1399 est
3424 1363 3440 1398 :

1887 1443 1998 1486 tum
2031 1434 2196 1487 etiam
2227 1437 2372 1503 quod
2412 1435 2756 1489 sanationem
2811 1436 3135 1501 absolutam,
3188 1437 3446 1491 salutem-

1884 1540 1990 1592 que
2046 1523 2341 1592 perfectam
2384 1526 2640 1578 universo
2688 1526 2871 1593 generi
2919 1527 3158 1578 humano
3215 1527 3444 1595 largitus

1885 1623 1985 1669 est.
2014 1613 2072 1669 In
2107 1616 2213 1667 line
2238 1623 2417 1668 autem
2445 1624 2500 1668 et
2528 1614 3000 1667 consummatione
3024 1614 3446 1681 dispensationis

1890 1721 2024 1771 sum,
2055 1716 2277 1775 pr0pter
2300 1720 2417 1769 nos,
2440 1714 2495 1759 et
2522 1714 2649 1759 ante
2693 1719 2907 1759 crucem
2938 1720 3089 1759 suam
3126 1705 3445 1765 salutarem,

224 1814 339 1868 suis
363 1824 414 1868 te
433 1826 725 1871 veneratur
751 1836 763 1870 :
793 1825 986 1871 turma:
1012 1818 1550 1887 arebangclorum,ct
1571 1819 1783 1888 agmina
1816 1829 1858 1883 Β
1887 1800 2097 1864 accep“
2127 1813 2319 1867 Panem
2353 1798 2404 1849 in
2438 1813 2629 1851 manus
2683 1813 2809 1852 ⁵⁸⁸³⁵
2836 1813 3003 1865 Fur“
3032 1806 3085 1851 ει
3120 1809 3361 1861 sana”,
3391 1807 3449 1851 ει

224 1906 565 1975 angelorum,
596 1908 824 1961 virtutes
852 1907 956 1961 illa:
996 1909 1195 1961 mundo
1224 1919 1278 1962 et
1296 1910 1493 1963 mentis
1534 1909 1788 1964 facultate

224 1997 591 2064 sublimiores,
619 2000 1027 2055 benedictiones
1056 2002 1122 2055 ad
1159 2001 1431 2070 regionem
1467 2012 1611 2055 tuam
1658 2002 1784 2055 mit-

222 2099 365 2144 tunt.
393 2091 549 2145 Radii
578 2091 715 2146 lucis
736 2092 1051 2147 excellentis
1087 2102 1141 2147 et
1166 2081 1519 2157 absconditae,
1545 2094 1788 2147 sanctiﬁ-

221 2183 465 2235 cationes
490 2181 671 2251 glortaa
708 2192 813 2236 tua:
842 2182 1163 2248 demittunt;
1194 2182 1527 2251 principatus
1552 2192 1607 2237 et
1635 2184 1786 2236 ordi-

223 2286 323 2326 nes
347 2280 400 2325 te
442 2288 563 2326 cum
612 2272 783 2340 iubilo
826 2273 1081 2339 laudant;
1110 2280 1423 2343 'potestates
1452 2282 1506 2326 et
1540 2271 1788 2327 domina-

222 2361 403 2417 tiones
450 2372 501 2415 te
548 2373 917 2424 venerantur;
971 2361 1241 2427 virtutes,
1290 2362 1467 2415 throni
1518 2370 1573 2414 et
1633 2364 1786 2416 sedes

220 2452 628 2509 inaccessibiles
660 2464 712 2509 te
741 2451 999 2517 exaltant,
1033 2451 1351 2521 splendores
1374 2453 1511 2508 lucis
1546 2463 1786 2520 aeternae,

221 2545 441 2615 specula
476 2546 594 2599 sine
622 2544 858 2608 macula,
899 2526 1218 2597 substantiae
1241 2553 1461 2607 sanetze,
1495 2546 1789 2614 susceptri—

222 2650 317 2689 ces
359 2636 643 2704 sapientia:
674 2633 949 2698 sublimis,
988 2648 1101 2703 prae
1146 2634 1397 2689 omnibus
1438 2638 1789 2691 scrutatrices

221 2725 526 2781 voluntatis
570 2725 640 2779 ab
685 2724 938 2779 omnibus
983 2724 1341 2786 absconditae,
1386 2724 1625 2779 motibus
1652 2740 1789 2795 pra:—

222 2814 389 2873 claris
422 2827 674 2872 tonorum
721 2815 1164 2882 inimitabilium,
1229 2816 1557 2885 vocibusque
1612 2818 1789 2887 dignis

222 2919 475 2966 creatura
521 2908 777 2965 rationali
815 2927 829 2965 :
865 2908 1149 2963 cherubim
1193 2910 1530 2976 multioculi,
1561 2926 1788 2979 quorum

227 3012 408 3059 motus
460 3002 826 3066 subtilissimi,
862 3012 914 3056 te
961 2998 1327 3056 benedicunt:
1375 3001 1650 3069 serapbim
1702 3003 1788 3065 iu-

225 3099 417 3149 sti-m-ti
451 3112 549 3150 sex
582 3094 685 3148 alis
724 3093 995 3163 implexis.
1027 3094 1279 3164 plenique
1303 3093 1524 3163 plumis,
1552 3104 1602 3149 te
1661 3106 1791 3146 san-

1889 1892 2098 1957 aspexit
2130 1892 2196 1943 ad
2254 1899 2306 1943 te
2347 1890 2490 1944 Deus
2533 1888 2715 1953 Pater,
2752 1891 2954 1958 gratias
2984 1906 3148 1957 agens
3192 1889 3233 1959 ηι-
3288 1891 3449 1943 ικξιιεσ

1891 1982 2027 2035 dixit
2054 1980 2487 2051 1,sanctifica\'it
2512 1982 2575 2049 1-,
2633 1980 2819 2050 fregit,
2850 1982 3116 2050 fdeditque
3168 1981 3449 2047 discipulis

1893 2074 2010 2128 suis
2040 2074 2300 2143 apostolis
2342 2075 2570 2138 Sanctis,
2595 2075 2813 2128 dicens:
2844 2075 3083 2143 Accipite
3118 2085 3173 2129 et
3218 2076 3444 2129 mandu-

1888 2174 2007 2218 cate
2034 2180 2100 2219 ex
2133 2180 2219 2229 eo,
2252 2175 2308 2219 et
2339 2167 2546 2220 credite
2582 2168 2726 2235 quod
2770 2180 2967 2236 corpus
3010 2185 3187 2222 meum
3231 2180 3313 2222 est
3346 2166 3446 2237 (2),

1888 2255 2017 2309 illud
2053 2258 2224 2325 ipsum
2251 2258 2391 2324 quod
2421 2272 2518 2325 pro
2545 2257 2699 2311 vobis
2739 2269 2793 2311 et
2826 2274 2925 2326 pro
2955 2258 3139 2312 multis
3180 2259 3449 2327 frangitur

1886 2358 1941 2401 et
1968 2348 2151 2413 datur,
2190 2348 2257 2400 ad
2287 2349 2651 2415 expiationem
2693 2348 3035 2415 delictorum,
3075 2350 3447 2405 remissionem

1886 2448 2231 2509 peccatorqu
2269 2448 2326 2494 et
2361 2439 2523 2494 vitam
2556 2449 2837 2496 :eternam.

1962 2531 2222 2599 Papulas.
2252 2532 2444 2587 Amen.

1958 2622 2241 2677 Sacerdos.
2288 2624 2491 2678 Eodem
2520 2632 2702 2679 autem
2733 2626 2894 2691 modo
2935 2634 2992 2680 et
3030 2642 3193 2694 super
3226 2626 3447 2682 calicem

1887 2728 2049 2782 quem
2077 2715 2296 2769 miscuit
2326 2717 2449 2770 vino
2475 2725 2531 2769 et
2572 2730 2733 2786 aqua,
2785 2721 2989 2788 gratias
3013 2722 3126 2789 egit
3169 2720 3234 2791 τ,
3282 2723 3449 2776 bene-
3528 2702 3531 2705 S

1890 2806 2032 2860 dixit
2059 2804 2124 2875 τ,
2161 2806 2523 2861 sanctiﬁcavit
2549 2808 2591 2877 τ
2611 2849 2627 2871 ,
2655 2819 2709 2864 et
2744 2810 2893 2863 dedit
2934 2812 3126 2866 iisdem
3174 2813 3453 2881 discipulis

1890 2896 2005 2950 suis
2034 2906 2091 2951 et
2129 2896 2389 2965 apostolis
2433 2900 2657 2963 sanctis,
2689 2900 2878 2955 dicens
2910 2920 2925 2956 :
2962 2904 3209 2971 Accipite
3232 2941 3249 2966 ,
3281 2904 3451 2958 bibite

1892 3003 1960 3042 ex
1991 3005 2056 3044 eo
2087 3004 2182 3045 vos
2206 3006 2417 3055 omnes,
2457 3000 2511 3044 et
2555 2992 2763 3046 credite
2798 2998 2940 3061 quod
2971 2995 3059 3048 hic
3102 3004 3187 3049 est
3222 2996 3449 3065 sanguis

1891 3096 2044 3136 meus
2065 3082 2398 3137 Testamenti
2428 3081 2584 3148 Novi,
2614 3085 2705 3152 qui
2735 3099 2834 3155 pro
2864 3087 3017 3140 vobis
3042 3082 3100 3140 et
3126 3101 3226 3155 pro
3261 3087 3453 3143 multis

218 3180 481 3248 cunmm,
508 3185 587 3240 ίιιί
616 3184 739 3251 ipsi.
772 3157 861 3254 q'ui
910 3157 1163 3241 alis—sui,
1189 3157 1377 3242 ’[δοξρε
1412 3157 1539 3241 sua",
1581 3196 1785 3255 legum,
1817 3157 1861 3214 (ἶ
1892 3171 2190 3227 effunditur
2225 3182 2280 3227 et
2300 3174 2473 3241 ,ilatur
2494 3175 2561 3227 ad
2592 3177 2958 3244 espiationem
3005 3178 3348 3244 delictorum,
3372 3196 3454 3234 re-

225 3274 527 3341 pennisque
565 3275 727 3341 pedes
764 3289 892 3333 suos
914 3278 1119 3341 velant,
1152 3289 1205 3331 et
1232 3281 1586 3349 undequaque
1611 3279 1791 3332 volan-

228 3372 311 3415 tes
338 3372 393 3415 et
419 3364 736 3432 plaudentes
761 3367 864 3421 alis
894 3368 1033 3422 alter
1058 3371 1125 3422 ad
1158 3370 1409 3435 alterum,
1436 3379 1496 3423 ut
1522 3384 1628 3424 non
1657 3370 1785 3423 adu-

227 3463 419 3506 rantur
442 3456 509 3508 ab
536 3456 660 3523 igne
691 3466 784 3509 tuo
814 3457 1131 3521 devorante,
1158 3469 1352 3513 cantus
1379 3475 1601 3523 suaves,
1638 3470 1695 3513 et
1720 3460 1789 3515 ab

225 3544 378 3596 Omni
410 3547 637 3598 materia
682 3561 871 3615 puros,
912 3549 1107 3617 mquali
1139 3553 1382 3603 omnium
1428 3552 1788 3605 consonantia

222 3646 467 3697 canunt,
526 3636 623 3690 tibi
674 3637 901 3705 gloriam
958 3646 1214 3692 aeternam
1275 3640 1616 3709 referentes,
1682 3658 1790 3698 uno

227 3724 428 3794 hymno
458 3726 564 3779 Deo
595 3727 759 3796 digno
788 3727 1083 3781 clamantes
1109 3737 1163 3781 et
1193 3728 1453 3784 dicentes.

297 3813 555 3884 Populus.
583 3817 835 3882 Sanctus,
870 3818 1123 3884 Sanctus,
1151 3819 1402 3874 Sanctus.

299 3904 557 3961 Sacerdos
582 3911 885 3963 inclinatus.
918 3910 1152 3965 Sanctus
1178 3928 1257 3977 es,
1286 3912 1425 3966 Deus
1446 3911 1606 3968 Pater
1624 3917 1792 3971 omni-

226 4006 439 4065 potens,
465 4002 645 4069 Opifex
670 4012 725 4055 et
750 4013 970 4057 creator
1000 4004 1177 4057 omnis
1200 4014 1462 4059 creatura:
1484 4007 1790 4075 invisibilis,

226 4099 285 4143 et
309 4092 558 4157 visibilis,
597 4102 762 4161 atque
792 4094 1089 4148 sensibilis.
1132 4094 1366 4149 Sanetus
1393 4111 1471 4161 es,
1502 4097 1641 4152 Deus
1674 4101 1795 4155 nni-

228 4182 441 4249 genitus
470 4184 657 4247 Filius,
681 4184 856 4238 virtus
876 4195 929 4239 et
955 4184 1226 4254 sapientia
1266 4186 1467 4254 Patris,
1496 4188 1722 4245 Domine
1740 4198 1797 4245 et

230 4271 487 4331 Salvator
513 4285 701 4330 noster
720 4275 847 4330 Jesu
869 4275 1106 4331 Christe.
1143 4276 1375 4333 Sanctus
1401 4295 1480 4345 es,
1512 4278 1653 4336 Dens
1678 4282 1797 4349 Spi-

232 4371 370 4423 ritus
389 4378 596 4429 sancte,
632 4367 905 4436 perfector
944 4376 1000 4421 et
1035 4368 1411 4423 sanctificator
1452 4381 1788 4428 sanctorum.

1892 3269 2202 3322 missionem
2228 3279 2599 3336 peccatorum,
2634 3277 2691 3323 et
2722 3269 2889 3322 vitam
2914 3279 3200 3325 a'ternam.

1961 3359 2221 3430 Populus.
2244 3364 2434 3417 Amen.

1964 3451 2245 3504 Sacerdos.
2292 3451 2410 3517 Ipse
2465 3452 2633 3506 etiam
2678 3462 3009 3522 prmceptum
3054 3455 3151 3507 toti
3187 3455 3351 3508 ςαξιυί
3396 3462 3451 3509 et

1890 3544 2296 3610 congregationi
2328 3544 2561 3597 fidelium
2601 3560 2697 3612 per
2724 3547 2944 3599 eosdem
2988 3546 3270 3613 apostolos
3318 3560 3450 3600 san-

1890 3644 2010 3688 ctos
2044 3634 2226 3701 dedit,
2263 3636 2491 3690 dicens:
2533 3635 2643 3690 Hoc
2666 3637 2827 3690 facile
2867 3638 2920 3690 in
2967 3641 3073 3691 mei
3111 3654 3449 3700 memoriam,

1891 3727 2321 3796 quotiescunque
2363 3728 2767 3782 mandacabitis
2781 3744 2977 3798 panem
3002 3729 3143 3783 hunc
3157 3741 3209 3783 et
3233 3730 3451 3784 mistum

1900 3818 2045 3885 quod
2097 3818 2151 3871 in
2185 3817 2287 3871 hoc
2324 3818 2497 3872 calice
2533 3829 2615 3873 est
2644 3820 2862 3883 bibetis,
2899 3828 2953 3874 et
3002 3820 3106 3874 hoc
3146 3821 3450 3874 convivium

1894 3910 2258 3973 celebrabitis,
2299 3911 2492 3966 mortis
2536 3927 2667 3967 mea:
2696 3912 3261 3968 commemorationem
3283 3915 3453 3982 agetis

1894 4000 2065 4054 donec
2092 4000 2323 4053 veniant.

1969 4090 2229 4160 Populus.
2258 4092 2443 4146 Mortis
2477 4090 2852 4157 tum,Domine,
2884 4091 3197 4145 memoriam
3222 4090 3448 4160 agimus.

1964 4180 2243 4237 Sacerdos.
2294 4182 2570 4252 Prmcepto
2612 4185 2781 4253 igitur
2817 4182 3101 4237 Dominico
3151 4191 3245 4236 tuo
3289 4182 3452 4237 obse-

1900 4285 2154 4343 quentes,
2184 4278 2757 4329 commemorationem
2787 4276 2980 4329 mortis
3012 4283 3068 4329 et
3098 4273 3455 4328 resurrectio-

1894 4369 1980 4422 nis
2010 4376 2116 4422 tua
2138 4383 2237 4437 per
2263 4368 2587 4422 sacriﬁcium
2621 4370 2722 4422 hoc
2744 4378 3005 4437 perpetuo
3037 4351 3452 4421 celebrantes-in

232 4456 470 4515 Trinitas
496 4469 686 4513 sancta
716 4468 772 4512 et
802 4460 1057 4525 indivisa,
1092 4463 1791 4535 consubstantialis,:equa-
1822 4491 1867 4545 ο
1896 4459 2155 4529 mysterio
2179 4477 2193 4512 :
2216 4467 2597 4527 exspectamus
2622 4475 2837 4529 quoque
2866 4464 3157 4514 adventum
3186 4468 3333 4511 tuum
3368 4472 3455 4512 se-

232 4548 409 4616 lisque
439 4550 664 4618 glorias:
696 4549 851 4615 cujus
887 4550 1261 4605 misericordia
1294 4566 1421 4622 erga
1456 4568 1627 4623 genus
1684 4571 1789 4609 no-

234 4652 406 4697 strum
431 4641 757 4696 ell'usissima
787 4650 892 4695 est.
917 4640 995 4695 Tu
1021 4653 1243 4698 sanctus
1269 4659 1329 4698 es
1362 4656 1417 4701 et
1445 4646 1797 4703 sanctificans

230 4733 413 4787 Mnia
450 4751 465 4789 :
519 4734 613 4801 qui
660 4749 766 4786 non
801 4733 1070 4803 reliquisti
1100 4734 1231 4788 illud
1277 4736 1457 4803 ipsum
1490 4752 1664 4807 genus
1693 4754 1795 4794 no-

233 4840 408 4882 strum
438 4828 493 4882 in
515 4827 705 4881 exsilio
726 4842 792 4881 ex
815 4829 1092 4897 paradiso,
1118 4842 1242 4883 cum
1271 4828 1477 4884 interea
1498 4833 1645 4885 omni
1670 4842 1794 4900 pet:-

232 4919 343 4974 cati
368 4934 562 4987 genere
597 4932 744 4974 esset
774 4920 1123 4989 implicitum,
1157 4921 1253 4976 sed
1296 4921 1374 4975 illi
1414 4924 1793 4979 manifestatus

233 5022 295 5061 es
321 5021 417 5077 per
441 5008 664 5061 verbum
704 5011 849 5077 quod
894 5025 1079 5064 coram
1115 5012 1315 5065 mundo
1342 5022 1634 5079 egestatem
1665 5030 1792 5083 pas-

233 5114 353 5154 sum
399 5110 484 5153 est
524 5120 540 5155 :
582 5102 757 5169 ipsum
802 5116 933 5155 vero
984 5102 1178 5171 (genus
1226 5103 1543 5175 humanum)
1583 5108 1794 5174 accepit

234 5188 421 5256 (Deus)
472 5186 706 5243 Verbum
739 5229 755 5255 ,
824 5190 879 5243 in
936 5188 1190 5244 omnibus
1258 5189 1361 5256 ipsi
1422 5189 1789 5253 assimilatus,

235 5289 461 5348 excepto
492 5289 737 5347 peccato,
780 5288 839 5333 ut
886 5287 1251 5349 praeparatum
1289 5294 1412 5332 eum
1453 5278 1694 5335 efﬁceret
1722 5284 1790 5335 ad

235 5373 599 5438 sanctitatem,
626 5373 1057 5442 dispositumque
1088 5374 1158 5427 ad
1189 5371 1499 5427 convivium
1526 5374 1627 5428 hoc
1656 5374 1792 5428 vivi-

236 5463 414 5518 ﬁcum.

310 5598 388 5666 (2)
422 5600 524 5653 Ista
560 5616 660 5653 vox
692 5600 875 5655 addita
923 5599 1106 5653 verbis
1136 5600 1337 5653 Christi
1370 5608 1477 5652 tam
1511 5600 1565 5653 in
1609 5597 1785 5651 forma

235 5670 407 5733 panis,
435 5685 592 5737 quam
632 5671 683 5721 in
727 5670 893 5721 altera
924 5670 1110 5722 calicis
1154 5669 1531 5730 consecrandi,
1575 5668 1785 5721 nullum

231 5737 287 5787 in
322 5740 539 5793 vetustis
562 5738 761 5793 Graecis
791 5738 1043 5808 Liturgiis
1070 5737 1374 5806 exemplum
1404 5738 1580 5803 habet,
1616 5745 1673 5791 ut
1698 5750 1784 5791 ne-

1899 4554 2161 4618 cundum,
2184 4553 2591 4608 reuovationem
2639 4554 2857 4622 generis
2898 4552 3093 4615 nostri,
3118 4563 3175 4605 et
3209 4549 3455 4606 viviﬁca-

1900 4641 2105 4694 tionem
2156 4641 2512 4695 mortalitatis
2538 4651 2754 4695 nostrae.
2793 4640 2908 4693 Non
2939 4639 3081 4692 enim
3114 4639 3451 4707 simpliciter,

1895 4735 1990 4788 sed
2014 4748 2139 4788 cum
2171 4734 2342 4803 gloria
2376 4735 2487 4788 Deo
2519 4734 2699 4803 digna,
2725 4734 2780 4786 in
2811 4730 3019 4801 Spiritu
3056 4728 3315 4784 ineﬂ'abili
3346 4739 3454 4782 ter-

1898 4822 2129 4877 ribiliter
2155 4823 2433 4888 advenies,
2460 4834 2518 4877 et
2547 4837 2713 4887 super
2737 4823 2995 4875 thronum
3025 4818 3301 4872 excelsum
3339 4832 3455 4869 ma-

1890 4912 2107 4982 iestatis
2162 4924 2265 4969 tua:
2321 4916 2539 4979 sedens,
2586 4914 2918 4983 agnitionem
2971 4912 3135 4980 regiae
3167 4910 3453 4979 potestatis

1895 5014 2001 5059 tuae
2019 5008 2091 5061 ab
2119 5006 2370 5060 omnibus
2398 5006 2624 5070 creatis,
2651 5014 2704 5057 et
2732 5003 2891 5058 factis
2916 5004 3137 5070 exiges;
3169 5002 3453 5055 ultionem-

1893 5109 2001 5163 que
2028 5096 2283 5166 imaginis
2310 5106 2437 5159 tuae,
2479 5098 2548 5150 ab
2598 5096 2667 5149 iis
2694 5093 2789 5163 qui
2833 5108 2933 5164 per
2966 5093 3134 5146 malas
3170 5095 3454 5160 passiones

1891 5200 2012 5240 eam
2062 5195 2447 5255 corruperunt,
2501 5185 2652 5253 juste
2698 5183 2891 5239 facies.
2926 5182 3270 5238 Sacriﬁcium
3329 5184 3453 5246 hoc,

1894 5280 2005 5334 illic
2034 5280 2393 5343 celebratum,
2442 5279 2537 5333 tibi
2584 5291 3093 5341 commemoramus,
3126 5275 3376 5338 Domine,
3401 5281 3455 5325 et

1891 5370 2175 5437 passiones
2212 5383 2347 5438 quas
2371 5383 2471 5436 pro
2504 5367 2661 5422 nobis
2690 5365 2996 5423 sustinuisti
3020 5366 3075 5418 in
3102 5378 3290 5419 cruce.
3315 5362 3449 5416 Pro-

1890 5462 2061 5530 pitius
2088 5473 2226 5527 esto,
2258 5477 2292 5516 o
2338 5463 2482 5516 bone
2529 5468 2585 5516 et
2636 5468 2852 5514 amator
2900 5458 3200 5520 hominum,
3230 5457 3282 5509 in
3312 5456 3447 5508 hora

1890 5594 2515 5721 gue‘inﬁlexandrinis,
2545 5593 2641 5651 sed
2682 5600 2889 5649 tantum
2918 5592 2975 5647 in
3014 5606 3120 5647 una
3158 5598 3248 5645 aut
3278 5588 3446 5640 altera

1934 5680 1997 5721 vr
2017 5678 2149 5720 acts.

1930 5678 2149 5734 yrtacrs.
