4176 6318
730 359 868 415 “27

1887 362 1941 417 S.
1980 362 2275 418 DIONYSII
2312 360 2774 417 ΑΒΕΟΡΑΟΙΤᾹΞ

3874 360 4020 418 “9.8

728 472 817 528 iila
851 472 1009 544 plena
1048 475 1282 543 timoris,
1324 483 1379 533 et
1423 477 1827 547 trepidationis,
1880 481 2296 550 congregationi
2328 488 2374 541 Α
2403 489 2753 550 peccatorum
2799 486 2853 531 et
2902 477 3067 531 vitam
3125 484 3380 531 aeternam
3440 489 3502 530 ea
3556 471 4024 541 suscipientibuss

727 567 857 621 huic
915 569 1260 625 adorantium
1312 583 1382 638 te,
1440 582 1496 628 et
1550 574 1805 628 omnibus
1860 574 1986 630 ﬁliis
2050 577 2307 633 Ecclesiae

726 670 931 715 sanctze
975 664 1270 731 redempta:
1313 666 1576 734 sanguine
1601 667 1840 734 pretioso
1871 675 1983 721 tuo.
2014 668 2304 737 Depellan-

725 764 816 807 tur
847 756 1116 810 carbones
1152 757 1290 826 ignis
1319 758 1385 810 ab
1438 758 1541 813 illis
1570 759 1661 829 qui
1702 760 1851 815 tincti
1881 770 2009 815 sunt
2036 764 2305 828 sanguine

724 857 839 908 tuo.
884 847 1158 917 etsignati
1201 847 1569 905 Sacramentis
1604 853 1707 906 tuis
1733 854 1832 922 (5),
1860 854 1910 907 in
1951 856 2171 910 nomine
2213 866 2303 911 tuo

722 950 933 1007 sancto,
965 942 1113 996 velut
1146 942 1278 995 olim
1306 942 1521 997 ﬂamma
1550 945 1904 1017 Babylonica,
1938 962 1966 1002 a
2000 950 2183 1018 pueris
2206 951 2304 1006 do-

721 1046 841 1085 mus
866 1030 1150 1087 Hananiaa.
1178 1033 1363 1102 Neque
1389 1036 1531 1088 enim
1564 1034 1698 1089 alios
1728 1045 1928 1106 prreter
1950 1047 1999 1093 te
2030 1039 2300 1105 novimus,

720 1124 884 1191 Deus,
920 1140 1094 1194 neque
1127 1127 1182 1179 in
1218 1127 1329 1181 alio
1376 1142 1526 1194 spem
1578 1128 1845 1183 habemus
1889 1132 2079 1186 salutis
2107 1148 2300 1187 conse-

718 1218 974 1288 quendre,
1024 1219 1067 1272 i
1114 1220 1336 1287 quidem
1370 1220 1686 1284 auxiliator,
1727 1231 1780 1275 et
1814 1223 2052 1277 salvator
2078 1226 2298 1293 generis

717 1311 890 1365 nostri
931 1320 983 1363 tu
1023 1325 1102 1367 es.
1139 1311 1205 1365 Et
1239 1322 1529 1380 capropter
1550 1314 1767 1382 sapiens
1793 1314 2032 1369 Ecclesia
2064 1326 2177 1379 tua,
2203 1330 2299 1385 per

715 1417 810 1455 ora
840 1414 892 1457 et
922 1402 1131 1471 linguas
1184 1403 1427 1456 omnium
1469 1413 1716 1457 nostrum
1771 1405 2097 1473 deprecatur
2142 1416 2214 1473 te,
2242 1418 2297 1463 et

715 1510 813 1563 per
841 1506 911 1560 te,
944 1505 997 1549 et
1027 1505 1200 1549 tecum
1238 1497 1454 1550 Patrem
1490 1505 1663 1553 tuum.
1702 1497 1929 1553 dicens:

786 1585 1047 1654 Populus.
1084 1587 1364 1643 Miserere.

783 1680 1069 1734 Sacerdos.
1106 1680 1215 1733 Nos
1252 1694 1492 1748 quoque.

782 1770 1071 1825 Diaconus.
1102 1771 1270 1835 Quam
1299 1772 1536 1825 timenda
1564 1780 1648 1827 est
1680 1772 1797 1827 haec
1826 1773 1983 1829 hora.

714 1882 972 1938 Sacerdos
1030 1885 1323 1938 inclinatus
1376 1885 1506 1938 dicit
1559 1883 1869 1939 Orationem
1925 1885 2289 1945 Invocationt's

1271 1953 1508 2021 Spiritus
1540 1958 1734 2009 sancti.

778 2040 856 2098 Te
888 2045 1102 2109 invoco,
1136 2044 1279 2097 Deus
1308 2042 1506 2099 Pater:
1541 2044 1802 2100 miserere
1826 2048 2023 2114 nostri,
2053 2058 2109 2104 et
2134 2049 2292 2105 ablue

710 2150 808 2205 per
832 2136 1066 2205 gratiam
1095 2147 1266 2199 tuam,
1323 2135 1725 2191 immunditiam
1773 2154 1999 2209 cperum
2045 2158 2289 2197 meorum

711 2228 974 2282 malorum
1036 2228 1177 2292 dele,
1210 2242 1307 2296 per
1338 2228 1771 2283 misericordiam
1814 2242 1987 2299 tuam,
2014 2249 2135 2303 quze
2166 2234 2290 2290 odio

709 2321 867 2389 digna
893 2320 1165 2375 commisi.
1208 2319 1426 2374 Etenim
1469 2334 1576 2374 non
1605 2324 1840 2377 extendo
1880 2324 1945 2376 ad
1984 2334 2034 2380 te
2074 2340 2195 2381 cum
2230 2330 2292 2381 ti-

706 2414 864 2467 ducia
900 2426 1091 2465 manus
1133 2426 1309 2476 meas;
1347 2426 1522 2480 neque
1557 2413 1703 2467 enim
1751 2429 1970 2483 possum
2006 2417 2058 2471 in
2091 2418 2289 2474 caelum

705 2505 969 2574 aspicere.
1027 2512 1253 2572 propter
1284 2504 1689 2559 multitudinem
1742 2506 2094 2577 iniquitatum
2143 2526 2289 2566 mea-

704 2612 847 2661 rum,
881 2605 934 2649 et
958 2595 1281 2664 spurcitiam
1310 2595 1621 2651 facinorum
1658 2612 1930 2653 meorum.
1967 2599 2076 2655 Sed
2111 2603 2163 2656 in
2190 2604 2284 2659 be-

704 2689 988 2760 nignitatc,
1042 2691 1216 2756 gratia
1292 2696 1348 2743 et
1402 2686 1821 2759 longanimitate
1876 2700 1992 2759 tua,
2048 2695 2286 2751 animum

704 2780 1054 2845 confirmans,
1082 2780 1349 2849 Spiritum
1377 2788 1530 2833 tuum
1556 2790 1804 2834 sanctum
1832 2793 1985 2851 peto,
2015 2795 2075 2838 ut
2100 2787 2287 2843 mittas

703 2889 827 2928 eum
865 2887 1030 2942 super
1062 2888 1168 2936 me,
1206 2882 1261 2926 et
1293 2887 1457 2941 super
1490 2871 1592 2926 has
1622 2871 1927 2929 oblationes
1954 2880 2283 2947 pr0positas,

703 2965 1072 3035 p0pulumque
1108 2972 1261 3017 tuum
1287 2963 1518 3018 fidelem.

773 3055 1051 3111 Sacerdos.
1079 3055 1287 3109 Exaudi
1320 3068 1425 3122 me,
1459 3056 1710 3113 Domine.

2486 572 2742 641 Populus.
2771 570 2970 625 Amen.

2486 660 2770 717 Sacerdos.
2818 657 3127 715 Secundum
3162 667 3342 712 autem
3374 657 3721 713 traditionem
3766 667 3827 714 et
3856 674 3983 713 eam
4013 690 4020 698 -

2408 752 2817 808 mendationem
2851 750 3087 806 divinam
3122 762 3335 811 eorum,
3378 749 3468 815 qui
3504 759 3850 815 spectatores
3882 749 4011 802 fue-

2410 854 2541 899 runt
2560 844 2946 915 mysteriorum
2974 852 3209 904 tuorum,
3228 850 3285 893 et
3312 840 3637 909 interpretes
3664 840 4011 893 mirabilium

2411 948 2651 1002 tuorum,
2703 934 3093 991 eucharistiam
3146 933 3286 986 hanc
3336 930 3617 987 otferimus
3674 947 3870 986 coram
3931 942 3991 985 te

2406 1032 2653 1092 Domine.
2674 1041 2728 1085 et
2744 1044 2837 1100 per
2854 1042 2971 1082 eam
2991 1028 3354 1082 commemora
3366 1040 3483 1079 mus
3500 1024 3827 1078 charitatem
3845 1034 4008 1076 tuam

2402 1141 2531 1196 erga
2570 1138 2697 1186 nos,
2742 1123 3161 1187 universamque
3200 1117 3655 1186 dispensationem
3722 1114 4005 1184 unigeniti

2402 1218 2479 1272 tui
2514 1218 2565 1271 in
2595 1217 2694 1271 hoc
2722 1214 2945 1278 mundo,
2977 1220 3037 1267 ut
3066 1220 3118 1264 tu
3141 1209 3306 1264 etiam
3334 1208 3631 1263 recorderis
3676 1224 3774 1277 per
3828 1223 3989 1266 eam,

2401 1308 2794 1364 misericordia:
2833 1306 2935 1361 tibi
2975 1304 3278 1375 congenitaz
3303 1313 3355 1356 et
3385 1302 3671 1364 naturalis,
3697 1317 3823 1371 quae
3856 1301 3997 1355 liora

2408 1411 2731 1469 quacunque
2776 1413 2941 1468 super
2962 1408 3245 1452 creaturas
3269 1405 3392 1450 tuas
3424 1394 3744 1449 diffunditur
3762 1433 3778 1455 ,
3808 1401 3867 1446 et
3892 1407 4001 1446 nos

2404 1493 2604 1562 eripias
2628 1492 2696 1546 ab
2725 1492 2804 1547 ira
2834 1490 3037 1561 iniquis
3070 1498 3367 1553 reservata,
3395 1497 3449 1543 et
3474 1502 3503 1541 a
3535 1486 3817 1556 suppliciis
3854 1499 3995 1553 0pc-

2400 1588 2643 1644 rantium
2676 1586 3004 1657 nequitiam,
3031 1592 3085 1637 et
3108 1599 3137 1636 a
3169 1582 3379 1638 crudeli
3414 1580 3823 1650 impugnatione
3880 1580 3995 1631 dee-

2394 1696 2640 1742 monum,
2677 1678 2767 1748 qui
2808 1683 3129 1747 oppugnant
3167 1673 3379 1726 animas
3421 1680 3658 1735 nostras,
3689 1685 3812 1724 cum
3860 1669 3996 1724 hinc

2393 1773 2664 1829 exibimus
2703 1790 2716 1827 :
2749 1784 2957 1839 nosque
2989 1770 3185 1839 dignos
3218 1765 3426 1821 elficias
3453 1778 3619 1833 regno
3659 1773 3771 1821 tuo.
3802 1772 3858 1815 et
3882 1764 3993 1814 ba-

2396 1864 2655 1919 bitaculis
2678 1877 2891 1926 eorum,
2926 1860 3019 1930 qui
3063 1866 3421 1914 servaverunt
3470 1864 3739 1925 prmcepta
3774 1863 3890 1921 tua,
3929 1862 3993 1908 et

2395 1958 2698 2012 referemus
2725 1956 2822 2011 tibi
2857 1954 3088 2026 gloriam
3117 1961 3172 2007 et
3208 1952 3508 2014 gratiarum
3543 1951 3839 2015 actionem,
3873 1960 3987 2003 etc.

2470 2048 2724 2117 Populus.
2756 2048 2948 2101 Amen.

2469 2140 2728 2196 Sacerdos
2757 2138 3068 2192 inclinatus.
3099 2134 3293 2203 Verbis
3329 2136 3433 2190 tuis
3466 2151 3570 2189 non
3601 2134 3984 2197 mendacibus,

2394 2232 2768 2300 doctrinisque
2794 2229 3159 2285 veracissimis
3177 2230 3282 2283 tuis
3305 2227 3510 2291 dixisti,
3530 2226 3777 2290 Domine,
3810 2227 3986 2280 maxi-

2393 2342 2538 2381 mum
2570 2340 2690 2380 esse
2717 2306 2971 2395 gaudium
3008 2324 3059 2375 in
3110 2320 3250 2377 cmlo
3297 2330 3352 2375 et
3399 2322 3451 2374 in
3487 2330 3627 2374 terra
3671 2335 3839 2388 super
3872 2334 3985 2372 uno

2392 2429 2678 2493 peccatore
2704 2418 3087 2489 ptenitentiam
3119 2424 3331 2488 agente.
3364 2414 3577 2469 laetare
3619 2413 3788 2482 igitur
3810 2422 3980 2466 nunc,

2393 2517 2638 2578 Domine,
2668 2515 2719 2569 in
2746 2514 3099 2569 conversione
3132 2522 3415 2565 servorum
3461 2516 3702 2566 tuorum,
3747 2504 3843 2573 qui
3878 2518 3976 2556 co-

2404 2624 2520 2664 ram
2545 2616 2600 2661 te
2635 2606 2724 2661 hic
2749 2604 3083 2668 consistunt;
3119 2600 3350 2670 adiunge
3374 2598 3539 2654 etiam
3552 2597 3977 2652 exsultationem

2393 2698 2459 2753 de
2508 2698 2689 2759 nobis.
2718 2695 3007 2750 animabus
3036 2694 3249 2762 piorum
3282 2701 3339 2746 et
3375 2689 3678 2759 iustorum,
3724 2686 3973 2749 Patrum,

2395 2790 2872 2853 Patriarcharum,
2897 2786 3320 2858 Prophetarum,
3343 2781 3744 2853 Apostolorum,
3768 2778 3967 2833 Praedi-

2388 2892 2660 2948 catorum,
2685 2879 3181 2949 Evangelistarum,
3211 2874 3533 2945 Martyrum,
3556 2872 3969 2932 Confessorum,

2390 2974 2692 3029 zelatorum
2720 2970 2901 3027 cultus
2929 2970 3093 3025 divini
3119 3010 3134 3033 ,
3174 2969 3563 3031 beneficorum,
3594 2965 3974 3033 eleemosyuas

2387 3065 2735 3128 facientium,
2786 3076 2979 3117 eorum
3039 3060 3132 3131 qui
3189 3058 3613 3116 necessitatibus
3670 3070 3967 3126 pauperum

769 3148 1028 3219 Populus.
1062 3148 1227 3219 Kyrie
1254 3149 1480 3217 eleison,
1507 3149 1676 3221 Kyrie
1702 3152 1926 3221 eleison,
1965 3154 2128 3226 Kyrie
2152 3157 2282 3213 elei-
2309 3177 2350 3235 (ς
2388 3156 2821 3220 communicant,
2849 3162 2905 3209 et
2929 3156 2997 3209 ab
3023 3153 3296 3218 omnibus,
3325 3168 3431 3207 una
3462 3150 3700 3205 laudatio
3750 3150 3821 3201 sit
3873 3149 3970 3201 hc-

699 3257 796 3298 SOD
805 3281 819 3295 .

767 3333 1046 3390 Sacerdos.
1081 3333 1184 3389 Per
1217 3335 1465 3404 illapsum
1491 3346 1696 3402 autem,
1723 3348 1777 3394 et
1801 3341 2278 3397 obumbrationem

702 3444 859 3484 suam
890 3429 993 3497 (4),
1026 3428 1231 3483 efﬁciat
1260 3444 1451 3498 panem
1480 3432 1696 3500 quidem
1731 3434 1890 3488 istum
1922 3434 1962 3503 -Ῑ-
1985 3451 2181 3506 corpus
2208 3437 2281 3490 vi-

701 3538 829 3577 vum
864 3534 918 3576 et
947 3523 1112 3575 vitam
1150 3530 1415 3590 praestans
1450 3522 1737 3579 animabus
1760 3528 1980 3588 nostris,
2008 3528 2047 3597 1-
2078 3544 2278 3599 corpus

695 3614 954 3676 salutare,
986 3619 1026 3680 -ξ-
1050 3627 1247 3681 corpus
1277 3615 1506 3666 caaleste
1544 3628 1557 3665 :
1593 3627 1789 3681 corpus
1824 3615 2042 3671 salvans
2067 3619 2279 3673 animas

693 3716 751 3760 et
775 3719 1004 3772 corpora
1050 3712 1258 3765 nostra,
1279 3718 1493 3771 .corpus
1520 3703 1733 3758 Domini
1761 3706 1853 3759 Dei
1885 3717 1939 3760 et
1972 3707 2276 3765 Salvatoris

696 3796 863 3851 nostri
888 3795 1013 3851 Jesu
1045 3795 1275 3857 Christi,
1310 3794 1376 3847 ad
1412 3796 1787 3849 remissionem
1822 3811 2193 3866 peccatorum,
2220 3812 2275 3857 et

693 3893 858 3947 vitam
894 3901 1172 3954 aeternam,
1210 3889 1339 3943 illud
1365 3891 1806 3961 suscipientibus.

765 3983 1028 4052 Populus.
1060 3984 1253 4039 Amen.

757 4077 1039 4133 Sacerdos.
1081 4075 1147 4128 Et
1183 4076 1400 4129 miStum
1441 4090 1563 4129 cum
1617 4077 1668 4132 in
1706 4078 1811 4135 hoc
1842 4081 2014 4137 calice
2041 4093 2125 4138 est
2148 4084 2273 4139 efﬁ-

691 4173 802 4229 ciat
831 4173 870 4242 ῒ
896 4171 1221 4241 sanguinem
1268 4170 1453 4224 vivum
1485 4182 1539 4227 et
1574 4175 1739 4228 vitam
1774 4187 2038 4245 praestans
2067 4178 2273 4233 anima—

691 4266 795 4320 bus
841 4274 1090 4320 nostrum
1126 4266 1394 4331 omnium,
1425 4269 1464 4337 -Ῑ-
1490 4269 1811 4336 sanguinem
1863 4268 2180 4332 salutarem,
2232 4270 2272 4341 -ι-

690 4357 1009 4427 sanguinem
1041 4357 1343 4423 caelestem,
1372 4360 1691 4427 sanguinem
1722 4359 2024 4415 salvantem
2056 4364 2268 4416 animas

690 4461 907 4503 nostras
968 4456 1023 4501 et
1083 4463 1345 4517 corpora,
1403 4451 1717 4519 sanguinem
1791 4450 2005 4505 Domini
2071 4453 2161 4508 Dei
2216 4464 2269 4507 et

692 4541 1218 4605 Salvatorisnostri
1274 4538 1397 4595 Jesu
1462 4540 1702 4609 Christi,
1769 4545 1834 4597 ad
1892 4545 2263 4599 remissionem
2300 4520 2344 4574 θ

762 4678 837 4749 ('5)
884 4676 992 4731 Ora
1043 4677 1275 4749 fidelium
1318 4692 1413 4745 per
1460 4679 1807 4733 eucharistire
1864 4678 2261 4749 susceptionem

694 4747 823 4818 tingi
856 4751 1117 4812 sanguine
1150 4747 1379 4818 gliristi,
1417 4758 1473 4801 ut
1503 4758 1687 4815 postes
1710 4751 1997 4802 domorum
2032 4748 2254 4818 Israeli-

700 4816 799 4871 tici'
822 4818 999 4885 populi
1036 4818 1088 4869 in
1122 4816 1357 4888 Aigypto
1388 4820 1584 4888 tinctos
1624 4820 1891 4887 sanguine
1944 4821 2069 4888 agni
2158 4817 2259 4871 Pa-

685 4887 1223 4958 schalis.¢0mmpnis
1251 4896 1335 4939 est
1377 4886 1745 4941 Orientalium
1780 4886 2045 4951 doctrina,
2096 4905 2256 4958 quam

690 4960 810 5009 luse
835 4957 1059 5027 explicat
1091 4956 1324 5027 Severus
1342 4958 1628 5025 cpiscopus
1650 4960 2004 5023 Aschmonin,
2022 4960 2074 5013 in
2096 4956 2257 5027 opere

692 5030 756 5077 de
782 5027 933 5105 agno
968 5024 1210 5105 Paschali
1264 5036 1318 5078 et
1360 5024 1750 5105 Eucharistia.”
1777 5030 1918 5082 Idem
1961 5024 2160 5098 legitur
2202 5032 2256 5084 in

689 5096 856 5148 variis
905 5096 1262 5168 orationibus,
1324 5100 1626 5166 prmsertim
1679 5098 1784 5152 illis
1829 5114 1947 5168 qua:
2000 5096 2256 5154 dicuntur

689 5174 811 5233 post
862 5165 1333 5228 communionem,
1365 5169 1428 5219 ad
1463 5168 1763 5234 gratiarum
1811 5165 2102 5224 actionem.
2164 5170 2254 5224 Si-

690 5236 839 5305 gnati
892 5237 1252 5290 sacramentis
1284 5236 1540 5309 dicuntur
1579 5240 1871 5292 Christiani
1921 5256 2018 5309 per
2071 5242 2251 5309 bapti-

690 5303 886 5369 smum,
923 5319 1228 5377 pergmyrou
1262 5321 1353 5377 seu
1386 5303 1717 5377 _chrismatis
1744 5303 2253 5377 iunpressioneni,ct

690 5392 783 5445 per
820 5375 1231 5428 eucharistiam.
1262 5375 1337 5429 Ea
1384 5374 1655 5432 locutione
1694 5374 1832 5433 nihil
1864 5382 1917 5433 in
1954 5382 2073 5435 istis
2128 5381 2254 5435 oili-

690 5447 792 5498 ciis
814 5446 1175 5513 frequentius.

761 5516 837 5596 (ᾖ)
868 5516 945 5596 De
972 5516 1191 5596 vocibus
1220 5530 1354 5596 quae
1401 5516 1453 5571 in
1496 5520 1595 5596 hac
1634 5521 1881 5596 oratione
1928 5533 2258 5596 usurpantur

692 5588 758 5639 ab
789 5586 1174 5649 Orientalibus,
1202 5587 1405 5638 dietum
1438 5598 1518 5641 est
1548 5589 1720 5643 fusius
1750 5594 1798 5645 in
1835 5595 1977 5647 notis
2000 5586 2070 5646 ad
2110 5596 2254 5647 hunc

690 5658 867 5709 locum
910 5656 1166 5724 Liturgize
1213 5657 1399 5710 Basilii
1445 5660 1679 5728 Coptica:
1734 5663 1831 5733 (η).
1887 5663 2258 5733 Ἐπιφοίτησιν

751 5796 822 5919 in;
858 5796 979 5843 Vide
1003 5796 1051 5843 S.
1077 5796 1247 5862 Basilii
1270 5797 1432 5859 Opera
1458 5802 1691 5850 editionis
1718 5805 1901 5849 nostra:
1950 5800 2084 5850 Eutr.
2114 5800 2250 5851 Pna
2268 5837 2281 5850 .

776 5858 801 5904 ί)
850 5856 985 5905 Ηωη,
1020 5858 1047 5903 2
1071 5871 1115 5905 ηε
1141 5858 1377 5910 Hexaem.

776 5856 820 5910 ὁ)
850 5856 985 5905 Ηωη,
1020 5858 1047 5903 2
1071 5856 1115 5905 in
1141 5856 1377 5910 Hexaem.

2386 3251 2473 3305 die
2503 3264 2691 3305 coram
2724 3258 2801 3313 te,
2836 3246 2903 3301 ad
2934 3245 3109 3299 altare
3136 3245 3237 3299 hoc
3267 3250 3516 3299 sanctum
3563 3250 3618 3296 et
3657 3241 3708 3294 in
3741 3239 3965 3295 Jerusa-

2385 3340 2490 3394 lem
2518 3337 2751 3393 caelesti.

2454 3431 2684 3486 Elevans
2715 3446 2913 3485 vocem.
2951 3428 3019 3483 Et
3043 3437 3267 3499 propter
3317 3428 3430 3482 hazc
3467 3436 3630 3497 atque
3678 3425 3784 3479 alia
3821 3425 3964 3494 ejus-

2382 3526 2526 3580 modi
2560 3524 2874 3579 stabiliatur
2920 3521 3164 3577 Ecclesia
3202 3530 3289 3574 tua
3323 3530 3515 3574 sancta
3539 3559 3554 3584 ,
3588 3532 3708 3586 qua:
3737 3527 3869 3571 est:
3896 3514 3961 3569 ii-

2382 3617 2545 3670 nibus
2580 3630 2749 3685 usque
2775 3614 2841 3668 ad
2879 3614 3212 3677 linesterraz,
3244 3620 3705 3678 conserveturque
3728 3609 3783 3662 in
3809 3617 3959 3661 tran-

2381 3708 2657 3779 quillitate
2722 3717 2775 3762 et
2827 3721 2997 3775 pace,
3070 3704 3439 3773 doctrinisque
3491 3702 3857 3771 evangelicis.
3903 3711 3959 3754 et

2380 3801 2690 3870 apostolicis
2720 3838 2734 3865 ,
2764 3813 2860 3869 per
2886 3798 3164 3853 antistites
3189 3796 3401 3851 divinos
3435 3806 3581 3850 recte
3631 3794 3955 3864 dispensan-

2382 3904 2462 3948 tes
2518 3893 2742 3950 verbum
2804 3890 3074 3953 veritatis,
3134 3898 3187 3945 et
3232 3890 3568 3944 instruentes
3613 3885 3953 3956 dogmatibus

2379 3997 2522 4037 verte
2574 3980 2851 4051 religionis
2879 3996 2893 4033 :
2923 3993 3023 4049 per
3054 3979 3361 4034 sacerdotes
3411 3987 3654 4041 sanctos,
3687 3974 3779 4045 qui
3834 3990 3951 4029 am-

2381 4076 2698 4146 plectuntur
2727 4072 2956 4126 verbum
3003 4070 3148 4133 vitae,
3185 4081 3242 4125 et
3272 4068 3540 4139 praeclare
3568 4084 3626 4125 se
3670 4078 3864 4139 gerunt
3894 4068 3947 4122 iu

2377 4166 2758 4236 dispensandis
2812 4164 3090 4235 mysteriis
3136 4163 3243 4217 tuis
3290 4162 3609 4218 cmlestibus
3640 4180 3655 4215 :
3692 4178 3791 4232 per
3825 4162 3945 4214 dia—

2376 4276 2541 4316 conos
2564 4260 2863 4324 modestos,
2887 4256 3237 4328 perficientes
3267 4255 3629 4309 ministerium
3664 4270 3858 4325 purum
3892 4263 3947 4308 et

2376 4361 2554 4429 regale
2579 4358 2785 4427 absque
2810 4353 3020 4409 macula
3051 4371 3065 4407 :
3098 4367 3197 4423 per
3220 4350 3404 4405 fideles
3440 4364 3621 4412 veros,
3653 4348 3744 4418 qui
3785 4362 3945 4401 occuc

2376 4464 2571 4523 pantur
2601 4452 2855 4519 Operibus
2888 4459 2942 4503 et
2983 4447 3194 4502 actibus
3244 4442 3558 4500 Christiano
3598 4441 3809 4509 dignis;
3848 4456 3941 4507 per

2376 4547 2608 4600 choreas
2638 4542 2905 4611 virginum
2934 4540 3218 4606 utriusque
3259 4549 3444 4597 sexus,
3471 4532 3936 4587 mortiﬁcationem

2371 4698 2475 4751 qua
2516 4695 2645 4734 voce
2674 4679 2844 4734 (ιι-ξρεί
2892 4677 3230 4751 potissimum
3269 4672 3345 4727 uti
3391 4678 3593 4751 solent,
3626 4670 3935 4751 exprimunt

2372 4742 2492 4824 Syri
2536 4767 2632 4815 per
2656 4765 2776 4824 eam
2804 4742 2971 4824 quam
2996 4746 3244 4824 itlapsum
3287 4742 3737 4824 ve_rtintus_:.qua
3774 4742 3933 4822 etiam

2377 4812 2622 4883 uiuntur,
2660 4821 2786 4873 dum
2821 4812 3119 4871 mirabilem
3166 4816 3457 4869 adventum
3491 4812 3728 4879 Spiritus
3767 4814 3932 4883 sancti

2371 4889 2904 4961 supervenientisin
2954 4887 3011 4940 Β.
3068 4883 3489 4961 _Yirgincm,"in
3549 4882 3931 4961 Incarnationis

2369 4948 2651 5033 my'sterio,
2687 4960 3018 5033 exprimunt.
3052 4948 3237 5033 Al_tera
3264 4969 3368 5008 vox
3390 4948 3676 5033 Hebraicaa
3707 4952 3933 5033 originis

2367 5021 2471 5093 est,
2532 5021 2840 5100 legiturque
2895 5028 3050 5081 initio
3099 5026 3372 5081 Geneseos
3412 5037 3476 5076 eo
3507 5022 3625 5100 loco
3657 5039 3671 5075 :
3705 5021 3932 5100 Spiritus

2368 5091 2883 5167 Dontinivfereb'atur
2906 5114 3062 5166 super
3090 5112 3276 5167 aquas,
3308 5104 3562 5167 tanquam
3592 5091 3858 5145 incubans
3882 5102 3932 5167 et

2368 5172 2577 5234 fovens,
2602 5164 3007 5242 genitalemque
3039 5164 3144 5221 vim
3178 5166 3478 5242 imminens
3500 5183 3511 5242 ε
3532 5178 3694 5231 quam
3713 5164 3929 5242 exposio

2368 5232 2573 5297 tionem
2601 5235 2667 5295 ab
2698 5232 2968 5307 Ephrenio
2998 5246 3270 5307 acceptam
3298 5233 3543 5307 laudavit
3566 5242 3619 5307 et
3652 5232 3929 5307 amplexus

2363 5322 2445 5367 est
2473 5310 2709 5366 Basilius
2741 5302 2840 5382 (ὁ).
2878 5310 2972 5382 llis
3005 5302 3169 5382 igitur
3199 5305 3378 5360 verbis
3408 5302 3717 5382 significant
3742 5302 3928 5357 Orien-

2368 5384 2501 5436 tales
2531 5374 3302 5437 virtutet'n'cmlitus'missam,
3348 5391 3468 5438 quae
3517 5375 3570 5427 in
3613 5374 3751 5426 dona
3806 5387 3927 5434 pro-

2366 5456 2537 5519 posita
2582 5452 2908 5506 mirabiliter
2940 5460 3219 5518 operetur,
3256 5456 3314 5500 ut
3346 5448 3399 5499 in
3434 5444 3728 5499 creationis
3770 5442 3924 5495 initio

2364 5535 2416 5577 et
2449 5523 2825 5579 Incarnatioue
2854 5521 3053 5575 factum
3086 5527 3169 5574 est
3194 5539 3205 5572 :
3237 5531 3358 5571 nam
3388 5526 3620 5581 utraque
3645 5526 3925 5581 compara-

2371 5594 2532 5657 tione,
2568 5593 2890 5647 miraculum
2917 5590 3159 5660 quotidie
3198 5589 3248 5642 in
3290 5586 3626 5641 eucharistia
3662 5583 3778 5639 ﬁeri
3816 5582 3928 5635 soli-

2371 5675 2483 5718 tum
2508 5664 2795 5733 explicant.
2834 5672 2887 5717 et
2912 5664 3103 5717 iisdem
3138 5660 3317 5715 verbis
3350 5667 3588 5712 utuntur.
