4176 6318
148 429 292 483 H29

1587 411 1935 466 LITURGIA.

3239 411 3374 468 1150

146 548 420 602 vivificam
479 541 733 611 unigeniti
765 537 885 592 Filii
919 537 996 591 ιιιί
1057 537 1108 589 in
1145 534 1402 592 mentbris
1441 533 1553 585 suis
1603 532 1710 586 cir-
1743 535 1788 590 Α
1891 529 2118 583 Elevmis
2155 545 2341 581 rorem.
2381 528 2442 581 Et
2485 530 2700 596 quando
2724 528 2938 597 quidem
2990 536 3143 596 potes
3172 532 3371 587 omnia.

145 639 537 695 cumferentes.
586 638 763 704 Atque
809 633 936 686 binc
999 646 1108 684 uno
1160 628 1377 699 agmine
1431 626 1716 679 mittamur

145 747 346 787 omnes
390 731 457 785 ad
488 726 789 784 Ecclesiam
830 723 981 779 illam
1026 721 1352 781 Jerusalem.
1385 715 1718 787 primogeni-

147 834 330 879 tornm
353 823 755 891 descriptorum
789 821 844 875 in
871 817 1053 881 ctelis,
1082 825 1248 882 atque
1279 812 1390 866 illic
1419 803 1717 879 spiritualiv

151 925 241 970 ter
270 914 642 985 glorificemus
676 923 748 977 te,
786 911 930 966 Deus
955 909 1137 969 Pater,
1165 915 1218 958 et
1253 903 1585 975 unigenitum
1625 899 1718 954 Fi-

149 1005 287 1060 lium
322 1016 493 1072 tuum,
516 1015 571 1060 et
597 1005 857 1076 Spiritum
877 1011 1024 1058 tuum
1049 1007 1318 1056 sanctum.

227 1097 483 1169 Populus.
510 1100 704 1152 Amen.

227 1187 483 1244 Sacerdos
518 1189 826 1242 inclinatus.
857 1184 1064 1254 Adjnva
1107 1191 1312 1248 autem,
1352 1181 1601 1245 Domine,
1626 1194 1721 1235 eos

148 1297 346 1336 omnes
375 1281 465 1349 qui
499 1279 764 1348 adjuvant
797 1277 1094 1333 Ecclesiam
1127 1287 1271 1330 tuam
1319 1282 1590 1337 sanctam,
1625 1285 1719 1325 vo-

149 1375 246 1435 tis.
314 1374 573 1433 decimis,
638 1371 942 1426 ministerio
989 1377 1042 1422 et
1093 1366 1512 1421 oblationibus:
1562 1374 1723 1433 atque

150 1466 278 1519 illos
312 1467 474 1519 etiam
510 1464 604 1532 qui
652 1462 931 1533 postulant
969 1460 1246 1513 orationes
1293 1457 1572 1511 tenuitatis
1629 1471 1724 1509 no:

150 1570 303 1621 stne,
332 1559 398 1610 da
429 1554 534 1608 illis
556 1555 713 1608 linem
747 1552 1169 1623 postulationum
1206 1555 1466 1619 ipsorum,
1497 1546 1723 1601 Domine

150 1658 367 1703 amator
401 1647 700 1700 hominum.

229 1734 493 1789 Sacerdos
523 1734 730 1788 elevans
760 1749 954 1787 rorem.
985 1732 1139 1788 Mitte
1167 1742 1348 1786 autem
1388 1745 1572 1784 curam
1603 1744 1718 1797 per-

157 1828 382 1891 fectam,
403 1829 736 1895 salutemque
761 1827 996 1895 plenam,
1021 1826 1270 1879 omnibus
1292 1823 1396 1878 illis
1419 1823 1508 1892 qui
1533 1837 1720 1876 curam

157 1927 352 1988 gerunt
391 1931 717 1986 pauperum,
743 1919 832 1985 qui
870 1919 1128 1971 alimenta
1169 1917 1410 1987 pratbent
1463 1915 1724 1983 orpltanis

156 2023 213 2064 et
245 2013 443 2074 viduis,
476 2013 808 2081 visitantque
831 2011 1074 2065 inﬁrmos
1101 2019 1156 2064 et
1183 2009 1434 2064 afﬂictos.
1464 2007 1724 2063 Retribue

155 2102 287 2163 illis,
320 2102 405 2156 hic
445 2102 664 2170 quidem
717 2102 1102 2155 abundantiam
1151 2112 1207 2156 et
1249 2103 1421 2164 bona,
1457 2101 1566 2155 illic
1596 2114 1725 2154 vero

149 2194 379 2248 delicias
406 2195 867 2262 incorruptibiles,
894 2196 1022 2264 quia
1052 2205 1104 2248 tu
1133 2195 1392 2248 Danubius
1428 2209 1487 2247 es
1520 2193 1724 2246 utrius-

148 2297 263 2353 que
285 2284 492 2346 saecli,
524 2294 578 2338 et
609 2283 834 2353 largitor
865 2285 1140 2338 immensae
1176 2284 1462 2346 ntercetlis,
1517 2283 1725 2350 tibique

146 2372 409 2423 convenit.
436 2371 809 2436 beneﬁcentia,
841 2381 947 2425 tant
986 2372 1072 2426 bic
1103 2389 1264 2440 quant
1303 2371 1434 2438 illic,
1464 2382 1520 2425 et
1546 2373 1728 2440 unige-

151 2461 272 2515 ttito
307 2461 441 2514 Filio
477 2473 592 2516 tuo.

229 2548 485 2618 Populus.
519 2554 710 2607 Amen.

225 2639 488 2695 Sacerdos
533 2644 846 2698 inclinatus.
900 2643 1038 2699 Iram
1095 2660 1279 2715 regum
1330 2649 1660 2716 comprime,
1695 2664 1729 2701 ο

150 2733 271 2788 Bex
317 2751 542 2805 regum,
582 2737 818 2801 furorem
864 2739 1093 2792 militum
1143 2753 1456 2807 compesce;
1504 2741 1644 2795 bella
1675 2751 1722 2794 el

149 2828 455 2883 seditiones
505 2829 680 2892 aufer,
737 2829 938 2884 fastunt
988 2832 1374 2886 haereticorum
1420 2834 1619 2903 dejice,
1677 2844 1729 2887 ct

148 2922 455 2974 sententias
499 2937 524 2973 a
550 2921 763 2989 jitstitia
816 2933 905 2975 tua
944 2933 1138 2976 contra
1185 2939 1282 2979 nos
1316 2927 1725 2994 pronuntians,

147 3019 378 3082 superet
408 3027 560 3064 amor
591 3026 720 3082 erga
763 3015 1008 3068 homines
1054 3029 1197 3079 tuus,
1243 3028 1296 3072 et
1342 3027 1626 3073 convertat
1661 3021 1718 3076 in

151 3105 637 3159 titansuetitdinem
671 3107 1025 3175 benignitatis
1049 3118 1170 3163 tua).

1823 622 2056 675 ctetibus
2087 619 2300 673 illorum
2331 619 2678 682 dilectorttm,
2717 628 2772 673 et
2801 619 3224 672 domesticorum
3264 629 3382 671 ttio-

1824 728 1943 765 rum
1983 709 2214 777 adjunge
2247 706 2619 760 infirmitatem
2662 715 2924 768 nostram,
2965 703 3187 758 Domine
3213 720 3227 756 :
3253 717 3381 758 con-

1822 801 2118 874 gregationi
2159 801 2232 854 illi
2263 801 2456 862 beatae,
2489 798 2630 868 parti
2662 797 2790 851 huic
2821 796 3038 860 divinae,
3063 805 3123 848 ut
3155 810 3251 864 per
3285 810 3380 848 eos

1823 893 2192 963 suscipiantur
2219 891 2523 945 oblationes
2551 897 2606 943 et
2653 889 2935 942 orationes
2973 896 3176 941 nostra:
3200 898 3380 941 coram

1827 986 2020 1041 throno
2047 981 2262 1038 excelso
2295 980 2595 1048 maiestatis
2628 987 2750 1042 tute,
2781 993 2846 1032 eo
2875 979 3020 1048 quod
3049 977 3295 1033 imbelles
3331 985 3384 1030 et

1823 1077 2023 1131 infirmi
2077 1089 2285 1137 sumtis,
2317 1072 2731 1141 ittdlgentesqiie
2777 1070 2968 1124 fiducia
3015 1071 3155 1140 apud
3183 1079 3256 1124 te.
3293 1070 3387 1122 Ni-

1826 1166 2022 1221 mirum
2078 1173 2356 1234 peccatum
2403 1171 2648 1215 nostrum
2682 1167 2737 1216 et
2757 1159 2968 1228 iustitia
3023 1172 3208 1214 nostra
3252 1162 3384 1215 nihil

1826 1267 1974 1322 sunt,
2007 1256 2073 1309 ad
2108 1254 2334 1324 pelagus
2363 1252 2591 1306 eflusuiu
2623 1259 2677 1304 et
2713 1252 3032 1306 immensum
3075 1253 3388 1305 misericor-

1823 1349 1929 1402 dia:
1961 1358 2084 1402 tute.
2115 1346 2169 1400 In
2204 1347 2371 1402 corda
2430 1345 2600 1415 igitur
2651 1344 2986 1414 singulorum
3030 1343 3388 1412 perspiciens,

1826 1440 2214 1495 retributiones
2247 1441 2420 1493 bonas
2452 1439 2777 1509 petitionum
2824 1450 3045 1492 suarum
3094 1437 3389 1503 unicuique

1826 1532 2000 1596 mitte,
2033 1541 2091 1584 ut
2121 1532 2172 1584 in
2197 1532 2454 1585 omnibus
2479 1540 2533 1584 et
2565 1530 2616 1583 in
2650 1528 2876 1599 singulis
2911 1529 3170 1584 adoretur
3197 1538 3252 1582 et
3276 1528 3391 1582 lau-

1828 1624 1986 1678 detur
2015 1624 2270 1694 majestas
2297 1633 2386 1676 tua
2415 1633 2467 1677 et
2496 1622 2759 1693 unigeniti
2793 1615 2916 1676 Filii
2951 1621 3048 1675 tui.

1901 1715 2160 1784 Populus.
2195 1716 2383 1770 Amen.

1899 1806 2162 1862 Sacerdos
2215 1807 2523 1863 inclinatus.
2557 1805 2846 1872 Memento,
2877 1804 3123 1872 Domine,
3151 1807 3390 1860 omnium

1824 1898 2203 1967 episcoporum
2229 1937 2243 1960 ,
2275 1897 2558 1950 doctorum
2605 1907 2655 1948 et
2695 1897 2982 1964 pratsulum
3012 1895 3268 1950 Ecclesire
3289 1906 3392 1949 tuze

1826 1996 2028 2040 sanctae
2054 2001 2240 2040 eorum
2270 1986 2359 2054 qui
2401 2001 2429 2038 a
2466 1984 2665 2040 Jacobo
2707 1985 2782 2057 (5)
2824 1986 3102 2056 apostolo,
3139 1988 3392 2054 episcopo

1827 2088 1880 2132 et
1924 2088 2164 2147 martyre
2204 2093 2377 2146 usque
2405 2079 2471 2133 ad
2513 2078 2837 2134 hodiernum
2873 2078 3034 2144 diem,
3069 2079 3394 2148 placuerunt

1827 2176 1882 2224 et
1911 2169 2122 2239 placent
2149 2169 2268 2225 tibi.

1904 2264 2125 2319 Elevans
2143 2279 2335 2320 vocem.
2357 2262 2538 2318 Insere
2561 2264 2737 2332 nobis,
2756 2265 3002 2328 Domine,
3022 2263 3178 2318 fidem
3203 2276 3389 2316 eorum

1829 2371 2039 2420 veram,
2067 2363 2120 2411 et
2142 2357 2314 2411 zelum
2343 2371 2532 2410 eorum
2558 2371 2655 2425 pro
2684 2372 2808 2411 vera
2844 2356 3122 2426 religione,
3155 2356 3391 2411 charita-

1832 2458 1938 2502 tcnt
1972 2462 2160 2502 eorum
2190 2448 2461 2502 sinceram
2486 2489 2499 2511 ,
2533 2454 2587 2501 et
2630 2447 2758 2501 nulli
2805 2447 3036 2501 defcctui
3080 2446 3389 2510 obnoxiam,

1832 2553 2011 2593 mores
2041 2552 2229 2592 eorum
2273 2538 2630 2610 iuculpabiles
2665 2559 2678 2594 :
2711 2548 2769 2594 ut
2797 2540 3043 2611 vestigiis
3075 2555 3261 2596 eorum
3313 2540 3394 2594 in-

1832 2630 2118 2694 haerentes,
2162 2629 2456 2700 participes
2493 2631 2759 2686 mercedis
2783 2647 2972 2686 eorum
3006 2634 3196 2697 simus,
3230 2641 3283 2687 et
3305 2647 3395 2686 co-

1834 2736 2090 2777 ronarum
2131 2722 2386 2784 victoriae,
2423 2740 2542 2793 qua:
2591 2725 2694 2779 illis
2731 2735 2930 2793 parata:
2959 2736 3084 2780 sunt
3131 2726 3182 2778 in
3230 2741 3396 2794 regno

1835 2829 1925 2871 tuo
1949 2817 2159 2872 cmlesti
2195 2833 2212 2871 :
2250 2818 2464 2886 illicquo
2503 2818 2665 2874 simul
2703 2834 2824 2874 cum
2881 2818 2987 2872 illis
3010 2833 3272 2873 canamus
3302 2819 3393 2872 tibi

1834 2907 2058 2976 gloriam
2094 2910 2511 2975 iadesineutem,
2544 2921 2598 2967 et
2628 2911 2904 2980 unigenito
2936 2909 3070 2965 Filio
3101 2920 3211 2964 tuo.

1901 3001 2154 3071 Populus.
2185 3005 2380 3058 Anien.

1905 3115 2165 3170 Sacerdos
2213 3116 2518 3171 inclinatus.
2565 3116 2858 3181 Memento,
2885 3115 3131 3178 Domine,
3156 3127 3395 3169 omnium

229 3196 462 3251 Elaeam
489 3214 686 3251 vocem.
717 3198 1189 3269 Tranquillitatcm
1227 3214 1282 3256 et
1326 3219 1512 3270 pacein
1558 3221 1678 3274 qua:
1706 3221 1733 3257 a
1763 3219 1804 3277 ε
1838 3206 2216 3260 defunctorum
2251 3209 2342 3278 qui
2375 3209 2898 3262 decubueruntcum
2931 3219 3028 3277 ape
3054 3215 3162 3272 tua,
3202 3205 3254 3258 in
3294 3207 3400 3260 fide

152 3298 209 3342 te
234 3298 339 3352 est,
358 3291 597 3344 concede
622 3300 782 3346 terra:
807 3303 860 3345 et
887 3294 1136 3346 omnibus
1164 3294 1556 3349 habitatoribus
1581 3297 1720 3364 ejus,

151 3381 319 3434 visita
355 3396 474 3435 eam
501 3397 596 3451 per
637 3384 903 3438 beneﬁcia
940 3395 1052 3447 tua,
1096 3397 1150 3439 et
1189 3401 1376 3439 curam
1419 3389 1728 3443 misericor-

153 3471 259 3526 dia:
289 3483 413 3536 tute,
445 3489 541 3541 per
570 3474 769 3528 bonum
801 3486 854 3529 ct
883 3487 1241 3544 temperatam
1280 3477 1422 3531 aeris
1468 3480 1730 3531 constitu-

153 3565 382 3627 tionem,
417 3565 689 3620 fructuuin
723 3569 1046 3634 ubertatem,
1080 3569 1402 3637 frugumque
1453 3570 1728 3626 abundan-

153 3657 316 3717 tiatn,
372 3659 799 3728 varietatemque
877 3658 1087 3716 florum.
1156 3659 1428 3712 Prwservn
1479 3675 1600 3713 eam
1659 3662 1726 3715 ab

153 3747 410 3801 omnibus
443 3748 615 3818 plagis
646 3747 869 3813 furoris,
895 3761 949 3802 et
977 3750 1044 3803 ab
1069 3749 1359 3802 insultibus
1399 3749 1601 3817 iniquis
1635 3750 1728 3804 ini-

156 3842 450 3905 micorum,
488 3848 595 3892 tam
645 3839 1011 3908 spiritualium
1058 3855 1219 3907 quant
1274 3839 1639 3902 sensibilium,
1673 3849 1728 3893 ut

155 3933 366 3998 absque
422 3931 527 3984 ulla
577 3932 892 4003 passionum
940 3947 1100 3993 noxa,
1162 3941 1452 4000 perpetuos
1497 3933 1727 3997 hymnos

156 4024 346 4095 gloria:
374 4038 634 4077 canamus
672 4023 789 4082 tibi.
815 4032 868 4074 et
899 4022 1179 4092 tinigeiiito
1215 4021 1354 4074 Filio
1380 4033 1489 4076 tuo.

231 4115 489 4184 Populus.
521 4116 712 4170 Anien.

233 4207 493 4264 Sacerdos
545 4208 852 4261 inclinatus.
898 4208 978 4261 Ad
1025 4207 1198 4259 altare
1233 4207 1354 4270 hoc,
1389 4217 1441 4260 et
1494 4207 1561 4260 ad
1599 4207 1726 4260 illud

157 4305 302 4360 enato
325 4301 632 4363 sublimius,
660 4300 922 4353 memoria
954 4300 1093 4355 bona
1127 4303 1201 4355 sit
1228 4301 1335 4355 illis
1363 4300 1613 4355 omnibus
1635 4301 1726 4368 qui

156 4411 225 4447 ex
265 4393 464 4446 mundo
499 4393 592 4445 tibi
623 4392 968 4458 placuerunt.
1015 4391 1294 4460 Prtecipue
1346 4405 1475 4445 vero
1527 4403 1728 4446 saitctze

156 4484 455 4542 Genitricis
497 4481 626 4544 Dei,
661 4481 889 4536 Joannis
938 4484 1146 4549 nuntii,
1181 4482 1440 4552 Baptista:
1487 4493 1541 4536 et
1589 4499 1726 4552 prae—

1831 3317 1954 3356 vera
1990 3321 2000 3355 :
2032 3304 2328 3372 praesertim
2361 3317 2488 3356 vero
2515 3312 2569 3355 et
2599 3301 2957 3366 nominatim,
2993 3311 3228 3371 patrum,
3282 3300 3398 3353 fra-

1833 3403 2009 3455 trum,
2073 3393 2564 3460 ntagistroruinque
2634 3403 2977 3456 nostrorum,
3033 3393 3398 3459 corporalium

1830 3495 1917 3535 aut
1948 3481 2334 3550 spiritualium,
2387 3491 2440 3535 et
2475 3497 2662 3534 eorum
2703 3498 2799 3550 pro
2847 3481 3046 3552 quibus
3073 3490 3127 3535 et
3161 3495 3397 3552 quorum

1829 3573 2027 3640 gratia,
2057 3573 2260 3626 oblatio
2294 3573 2406 3624 haec
2445 3582 2630 3625 sancta
2655 3572 2835 3626 oblata
2867 3581 2968 3627 est.

1906 3663 2129 3715 Elevans
2155 3678 2346 3715 vocent.
2376 3661 2643 3732 Adjunge,
2668 3661 2913 3730 Domine,
2935 3662 3150 3718 nomina
3183 3663 3396 3720 illorum

1831 3769 1951 3807 cum
1986 3754 2297 3806 nominibus
2341 3763 2658 3807 sanctorum
2712 3762 2928 3807 tuorum
2965 3754 3016 3807 in
3063 3754 3397 3808 habitatione

1839 3846 1998 3899 beata
2043 3860 2227 3898 eorum
2261 3846 2350 3912 qui
2412 3845 2606 3898 festum
2639 3851 2804 3912 agunt
2842 3854 2896 3900 et
2933 3844 3191 3898 laztautur
3229 3846 3279 3899 in
3310 3855 3392 3908 te;

1833 3953 1938 3990 non
1970 3952 2231 3990 revocans
2270 3937 2374 3990 illis
2404 3939 2720 3991 memoriam
2761 3946 3106 4003 peccatorum
3147 3953 3391 3999 suorum,

1832 4045 2006 4096 neque
2029 4045 2460 4084 commemorans
2487 4030 2620 4099 ipsis
2644 4047 2738 4098 qur:
2791 4032 3110 4101 insipienter
3133 4040 3389 4100 egerunt;

1832 4121 1962 4187 quia
2006 4121 2185 4174 nullus
2215 4131 2297 4176 est
2328 4122 2476 4175 carni
2514 4123 2787 4192 alligatus,
2823 4132 2880 4184 et
2907 4124 3164 4176 innocens
3204 4138 3391 4176 coram

1835 4219 1886 4262 te
1936 4227 1949 4262 :
1980 4226 2116 4262 unus
2149 4211 2290 4263 enim
2327 4213 2700 4266 tantummodo
2722 4227 2881 4280 super
2910 4221 3107 4266 terram
3139 4214 3284 4266 visus
3311 4223 3393 4266 est

1831 4305 2038 4372 absque
2068 4313 2313 4371 peccato,
2369 4302 2525 4357 Jesus
2565 4303 2817 4356 Christus
2865 4304 3176 4371 unigenitus
3226 4304 3393 4357 Filius

1833 4405 1955 4446 tuus
1985 4411 1997 4446 ε
2029 4394 2251 4462 simplex
2297 4395 2387 4462 qui
2418 4395 2483 4447 ad
2513 4394 2961 4462 compositionem
2993 4395 3140 4448 venit
3163 4394 3263 4462 (6),
3299 4411 3394 4464 per

1830 4500 1989 4554 quem
2029 4502 2124 4540 nos
2161 4501 2374 4554 quoque
2410 4487 2790 4541 misericordia:
2812 4489 3209 4554 consequentia:
3243 4503 3390 4556 spem

162 4575 405 4628 cursoris
431 4612 444 4635 ,
480 4573 620 4628 Petri
653 4581 706 4625 et
740 4572 912 4634 Pauli,
951 4573 1220 4640 totiusque
1260 4582 1430 4626 cretus
1459 4574 1724 4641 apostolo-
1759 4564 1798 4617 Ι)
1831 4578 2104 4630 habemus.

165 4681 310 4732 runt,
365 4666 623 4734 Stephani
683 4678 917 4733 quoque,
973 4674 1027 4718 et
1067 4666 1335 4718 universa:
1385 4666 1553 4718 turba:
1581 4679 1724 4716 mar-

166 4771 366 4830 tyrum,
397 4771 450 4813 et
481 4775 664 4814 eorum
699 4759 963 4821 ontuium,
996 4758 1085 4826 qui
1116 4767 1238 4811 ante
1283 4773 1398 4822 eos,
1433 4772 1553 4812 cum
1601 4757 1724 4822 illis,

164 4862 220 4906 et
244 4863 369 4922 post
395 4867 487 4906 eos
522 4852 862 4921 placuerunt,
897 4862 952 4905 et
980 4850 1192 4918 placent
1221 4850 1340 4904 tibi.

237 4989 314 5057 (5)
351 4989 632 5058 Sumptuin
665 4989 716 5042 id
742 5005 805 5042 ex
838 4989 1022 5043 Grzaca
1055 4986 1237 5042 Jacobi
1271 4985 1504 5056 Liturgia
1538 4985 1730 5058 Hiero-

170 5055 504 5130 solymitaute
562 5061 822 5113 Ecclesia:
875 5062 1118 5128 propria,
1160 5073 1285 5130 quae
1329 5055 1597 5130 fundatae
1635 5055 1728 5130 Ja-

169 5127 306 5184 cobo
339 5129 506 5183 fratre
527 5131 758 5188 Domini.
782 5127 1183 5184 successionem
1222 5128 1342 5180 lidei
1366 5137 1420 5180 et
1444 5127 1730 5180 Calltedra:

169 5201 234 5252 ad
269 5214 392 5252 eum
426 5202 618 5254 merito
659 5202 964 5264 reiciebat,
995 5213 1165 5265 neque
1189 5196 1402 5266 proprie
1431 5199 1496 5249 ad
1539 5198 1730 5249 Antio-

169 5271 396 5323 chenam
429 5270 722 5324 Ecclesiam
773 5286 801 5322 a
859 5266 1020 5322 Petro
1072 5270 1347 5321 fundatam
1402 5266 1725 5335 pertinebat.

173 5341 276 5393 Sed
304 5356 424 5393 cum
458 5356 574 5392 eam
619 5339 917 5408 Liturgiam
967 5339 1018 5392 in
1063 5338 1241 5391 vicina
1274 5335 1554 5389 Palaestina
1589 5336 1728 5390 cele-

173 5412 322 5463 brem
353 5411 417 5462 ad
449 5425 506 5463 se
539 5412 962 5472 transtulissent,
994 5408 1131 5460 hanc
1168 5408 1452 5459 formulam
1489 5408 1729 5459 retittuea-

175 5488 340 5532 runt:
373 5489 428 5532 et
451 5495 512 5533 ea
547 5494 778 5549 quoque,
803 5489 861 5531 ut
898 5479 1020 5533 alibi
1044 5485 1298 5549 notatum
1328 5487 1431 5541 est,
1466 5475 1729 5549 Jacobita:

173 5550 321 5601 abusi
355 5563 501 5603 sunt.
543 5545 620 5602 lia
663 5545 806 5602 enim
842 5547 1333 5602 denominationem
1365 5561 1525 5614 quant
1567 5562 1594 5596 a
1640 5545 1729 5598 Ja-

171 5619 305 5671 tubo
353 5619 622 5672 Baraduto
660 5622 774 5671 sive
817 5617 1052 5671 Zanzalo
1085 5634 1177 5669 eos
1209 5619 1507 5683 accepisse,
1551 5616 1726 5667 Gnaei

172 5698 446 5755 auctores,
477 5705 578 5742 non
628 5692 806 5742 minus
834 5706 994 5756 quam
1026 5687 1332 5740 Orientales
1376 5686 1644 5739 Melchitu:
1674 5696 1727 5738 et

172 5761 468 5813 Austoriani
500 5769 784 5821 testantur,
818 5763 885 5812 ad
910 5758 1224 5826 Apostolum
1260 5756 1526 5809 referunt.

241 5835 316 5899 tu)
358 5828 481 5883 llazc
514 5832 673 5882 verba
705 5845 877 5898 magis
920 5825 1190 5883 rhetorice
1223 5843 1380 5896 quam
1426 5825 1725 5896 theologice

443 5923 707 5982 ιἠιιυι..
743 5924 855 5981 Gtt.
893 5923 996 5982 lll.

1904 4667 2157 4736 Populus.
2189 4669 2431 4735 Quietem
2463 4681 2681 4740 praesta.

1901 4760 2156 4814 Sacerdos
2203 4763 2514 4816 inclinatus.
2561 4763 2790 4816 Peccata
2848 4772 3027 4815 nostra
3078 4775 3132 4815 et
3185 4756 3390 4815 illorum

1831 4852 2156 4916 voluntaria,
2187 4855 2422 4908 scienter
2453 4865 2506 4907 et
2537 4853 2851 4921 iguoranter
2881 4853 3169 4907 CUtllllliSDJ
3209 4857 3393 4909 remit-

1831 4983 1991 5046 dicta,
2038 4983 2215 5056 minus
2260 4993 2416 5056 recte
2455 4984 2822 5039 Jacobitarum
2861 4985 3171 5055 opinionem
3224 4987 3392 5056 expli-

1832 5064 1980 5106 cant.
2035 5051 2142 5105 Nec
2185 5055 2330 5107 enim
2383 5056 2829 5122 compositionem
2894 5051 3231 5123 agnoscunt,
3286 5051 3388 5109 nisi

1832 5124 2008 5191 qualis
2037 5133 2118 5194 e_st
2149 5123 2235 5176 illa
2260 5139 2378 5192 qua:
2410 5127 2460 5176 in
2506 5124 2754 5194 symbolo
2785 5126 3066 5178 Athanasii
3098 5126 3261 5183 dicto.
3295 5139 3389 5178 hn-

1833 5195 2007 5245 betur.
2040 5192 2192 5246 Sicut
2218 5195 2394 5247 anima
2429 5192 2703 5246 rationalis
2733 5205 2778 5246 et
2809 5211 2931 5246 caro
2956 5209 3087 5246 unus
3112 5205 3186 5246 est
3212 5198 3386 5258 homo,

1831 5264 1902 5314 ita
1922 5262 2061 5315 Deus
2085 5275 2130 5314 et
2158 5265 2309 5316 homo
2336 5281 2468 5316 unus
2482 5275 2556 5316 est
2589 5265 2844 5324 Christus,
2876 5281 2994 5331 qua:
3022 5279 3378 5332 eoinparatio,

1832 5333 2079 5400 quamvis
2107 5347 2136 5384 a
2167 5335 2421 5386 nonnulis
2449 5333 2700 5387 l’atribus
2733 5346 3011 5400 usurpata,
3049 5335 3303 5387 Facundo
3335 5347 3388 5386 et

1832 5405 1953 5455 aliis
1987 5419 2088 5454 non
2123 5402 2344 5469 placuit.
2379 5405 2484 5457 Sed
2505 5408 2630 5456 duttt
2654 5419 2815 5456 unam
2846 5414 3093 5456 naturain
3128 5411 3386 5472 profiten-

1836 5483 1940 5533 tur,
1978 5473 2048 5524 ita
2079 5472 2447 5526 confusionem
2499 5474 2915 5543 ittistionemque
2956 5474 3276 5536 excludunt,
3331 5487 3388 5526 ut

1832 5543 2152 5610 compositio
2203 5545 2418 5609 proprie
2470 5544 2612 5596 dicta
2657 5545 2802 5595 nulla
2856 5545 2944 5605 sit,
2985 5546 3086 5596 nisi
3120 5556 3388 5611 quatenus

1831 5627 2052 5664 stultitia:
2106 5614 2465 5681 perl'ecucqtie
2521 5613 2851 5680 simplicitati
2909 5613 3003 5665 llci
3078 5627 3386 5682 opponitur,

1831 5699 1988 5749 quatit
2035 5698 2138 5734 non
2176 5685 2338 5735 habet
2370 5687 2527 5737 homo
2562 5693 2872 5750 assumptus
2915 5701 2979 5735 cx
3017 5684 3253 5751 Virgine,
3301 5701 3385 5735 ιω

1837 5753 2061 5805 Verbum
2095 5769 2222 5805 caro
2259 5755 2464 5823 factum
2498 5757 2621 5806 dum
2659 5755 2864 5806 unitum
2887 5765 2988 5814 est,
3023 5756 3073 5806 iii
3101 5757 3389 5822 qunnulaiit

1830 5826 2267 5891 compositionem
2299 5825 2456 5876 venit.

3001 5921 3077 5978 36
