4176 6318
788 409 912 465 1151

1966 408 2023 465 S.
2060 406 2357 464 DlONYSll
2432 406 2776 464 LlTU'RGlA.

3880 405 4026 460 H32

785 539 927 593 tens,
974 526 1240 596 pronitius
1278 535 1433 590 esto,
1483 525 1744 594 Domine,
1782 534 1995 581 amator
2043 528 2339 582 hominum.
2374 535 2424 593 Α
2449 526 2557 581 vita
2587 527 2819 596 gloriosa
2859 534 2914 583 et
2940 525 3145 595 absque
3178 524 3281 579 ﬁne
3310 525 3359 580 iu
3390 524 3709 581 habitacqu
3738 524 4020 593 spirituali

858 618 1081 674 Elevans
1118 634 1310 673 vocem.
1334 618 1399 673 Et
1421 629 1617 690 praesta
1648 619 1805 675 nobis
1831 619 1997 673 ﬁnem
2035 619 2340 688 pacificum.

783 710 988 766 exitum
1015 724 1137 763 cum
1165 706 1538 763 misericordia
1582 726 1595 763 :
1628 716 1793 777 utque
1836 716 2039 763 stemus
2084 709 2340 777 inculpati

785 808 851 862 ad
880 807 1179 870 dexteram,
1210 810 1265 858 et
1297 816 1418 858 cum
1468 802 1609 857 facie
1651 800 1893 859 revelata
1927 812 1983 856 et
2008 800 2227 865 ﬁducia,
2251 816 2347 857 oc-

783 911 1073 953 curramus
1098 896 1164 951 ad
1191 904 1370 951 ortum
1401 895 1666 966 unigeniti
1699 893 1822 949 Filii
1850 894 1960 960 tui,
1992 902 2047 949 et
2071 893 2138 948 ad
2169 894 2347 948 mani-

788 990 1136 1044 testationem
1164 984 1281 1055 eius
1314 985 1609 1040 secundam
1644 994 1699 1040 et
1732 984 2022 1053 gloriosam
2074 983 2141 1039 de
2170 985 2341 1051 coelo;

784 1084 1176 1152 audiamusque
1201 1080 1270 1137 ab
1290 1089 1359 1137 eo‘
1379 1096 1566 1138 vocem
1592 1078 1739 1135 illam
1765 1079 2000 1144 beatam,
2027 1095 2187 1150 quam
2218 1078 2343 1133 bea-

785 1176 855 1230 tis
887 1177 938 1229 in
975 1174 1080 1229 ﬁne
1111 1174 1516 1243 pronuntiabit,
1568 1171 1821 1225 benedicti
1868 1168 2047 1225 Patris
2080 1171 2205 1235 mei,
2258 1186 2347 1223 ca-

782 1266 974 1337 pessite
1000 1265 1361 1320 Ita'reditamtt
1412 1264 1559 1333 regni
1598 1263 1838 1327 caelestis,
1876 1271 1936 1317 ut
1966 1262 2018 1316 in
2051 1262 2155 1317 hoc
2200 1261 2345 1316 sicut

784 1368 841 1412 et
874 1359 925 1411 in
964 1358 1216 1412 omnibus
1257 1355 1591 1427 gloriﬁcetur
1612 1362 1669 1408 et
1699 1353 1945 1407 laudetur
1972 1366 2165 1407 nomen
2194 1360 2343 1405 tuum

782 1448 1017 1503 maxime
1042 1448 1430 1504 venerandum.

853 1542 1109 1610 Populus.
1139 1541 1228 1597 Ut.

852 1634 1136 1690 Sacerdos.
1171 1634 1306 1690 Pax.

853 1724 1110 1797 Populus.
1147 1725 1214 1782 Et
1236 1740 1357 1781 cum
1392 1724 1583 1796 spiritu
1610 1732 1721 1777 tuo.

784 1837 1044 1895 Sacerdos
1068 1837 1269 1908 frangit
1309 1837 1557 1908 hostiam.
1601 1844 1647 1889 et
1678 1834 1803 1889 dicit
1855 1830 2189 1899 Orationem,
2220 1842 2346 1889 ante

1370 1906 1529 1961 Pater
1557 1913 1760 1960 noster.

855 2000 1016 2055 Pater
1071 1998 1311 2054 omnium
1360 2007 1420 2052 et
1466 1997 1794 2067 principium
1850 1997 1993 2067 quod
2042 2005 2127 2051 est
2181 2010 2345 2067 super

778 2095 983 2157 omnia,
1034 2092 1123 2147 lux
1167 2100 1366 2148 acterna
1410 2100 1465 2145 et
1504 2090 1626 2146 fons
1680 2090 1838 2154 lucis,
1896 2106 2018 2162 quae
2074 2090 2347 2145 illuminat

779 2199 972 2243 omnes
999 2194 1227 2238 naturas
1257 2182 1468 2237 ratione
1505 2180 1785 2250 praeditas,
1818 2181 1908 2251 Qui
1943 2194 2108 2236 vocas
2132 2194 2197 2235 ex
2228 2178 2347 2249 pul-

779 2291 911 2331 vere
940 2277 1175 2346 inopem,
1207 2282 1263 2329 et
1291 2273 1357 2328 de
1384 2283 1629 2328 stercore
1652 2272 1819 2344 erigis
1841 2286 2151 2343 pauperem,
2171 2279 2225 2326 et
2249 2284 2348 2324 nos

773 2369 1027 2439 jnctatos,
1063 2368 1295 2435 rejectos
1327 2375 1384 2421 et
1411 2366 1658 2421 inﬁrmos
1684 2368 1753 2420 ad
1801 2364 2105 2421 libertatem
2152 2371 2210 2419 et
2244 2366 2349 2419 do-

782 2464 1069 2518 mesticam
1099 2460 1334 2515 ﬁliorum
1368 2470 1585 2515 tuorum
1626 2458 1941 2530 dignitatem
1969 2458 2197 2525 vocasti,
2253 2472 2350 2527 per

776 2553 974 2609 Filium
1000 2560 1157 2608 tuum
1187 2550 1445 2607 dilectum
1482 2567 1498 2606 :
1532 2559 1727 2623 praesta
1756 2550 1918 2605 nobis
1949 2559 2007 2603 ut
2038 2548 2134 2603 ﬁlii
2168 2545 2345 2602 sancti

778 2647 966 2701 ethoc
1013 2644 1340 2715 cognomine
1368 2659 1475 2698 non
1523 2642 1729 2713 indigni
1780 2654 2135 2712 appareamus
2163 2653 2345 2695 coram

782 2746 852 2803 te,
894 2750 1061 2791 omne
1085 2749 1304 2806 quoque
1335 2733 1702 2789 ministerium
1730 2744 2000 2794 nostrum,
2047 2731 2345 2786 secundum

776 2842 960 2884 mores
987 2826 1296 2897 inculpatos
1326 2826 1696 2897 perﬁciamus,
1728 2833 1782 2879 et
1803 2838 1925 2878 cum
1956 2823 2193 2893 puritate
2225 2824 2340 2876 ani-

777 2936 901 2986 snae,
931 2918 1242 2975 intellectus
1274 2917 1567 2982 munditia,
1619 2916 1913 2985 divinaque
1953 2923 2160 2980 mente,
2207 2928 2347 2984 qua-

775 3024 991 3081 cunque
1034 3010 1167 3064 hora
1206 3009 1521 3064 invocemus
1549 3017 1601 3063 te
1631 3007 1798 3061 Deum
1850 3006 2067 3061 Patrem
2095 3006 2345 3075 omnipo-

780 3114 1003 3169 tentem,
1044 3110 1297 3158 sanctum
1357 3112 1411 3158 et
1439 3100 1717 3157 caelestem
1760 3113 1979 3155 oremus
2001 3106 2057 3155 et
2082 3098 2345 3165 dicamus,

777 3196 940 3251 Pater
966 3205 1151 3251 noster
1187 3194 1279 3264 qui
1306 3208 1364 3248 es
1388 3194 1438 3248 in
1466 3191 1641 3249 cmlis.
2170 3172 2182 3184 ’

852 3287 1106 3357 Papulas.
1133 3285 1519 3341 Sanctiﬁcetur
1550 3300 1744 3340 nomen
1770 3294 1943 3352 tuum,
1978 3293 2087 3339 etc.

846 3377 1336 3436 Sacerdos.Libera
1369 3392 1556 3433 servos
1577 3389 1632 3432 et
1656 3376 1792 3433 ﬁlios
1818 3388 1964 3444 tuos,
1998 3374 2243 3443 Domine,
2274 3375 2342 3429 ab

777 3473 1029 3528 omnibus
1055 3470 1443 3527 tentationibus
1470 3470 1804 3526 diﬁicillimis
1847 3480 1901 3526 et
1935 3486 2054 3541 qua:
2082 3471 2226 3525 vires
2246 3484 2342 3521 su-

779 3576 1021 3637 perent:
1070 3574 1126 3619 et
1182 3563 1250 3617 ab
1305 3562 1556 3617 omnibus
1629 3562 1906 3618 doloribus
1969 3560 2066 3632 qui
2129 3558 2341 3629 corpori

778 3673 967 3715 nostro
1037 3659 1121 3715 vel
1192 3660 1386 3714 animae
1478 3657 1735 3713 damnum
1817 3655 2024 3713 inferre
2097 3664 2341 3727 possunt.

777 3753 1003 3813 Custodi
1036 3768 1136 3809 nos
1157 3752 1317 3807 simul
1348 3766 1379 3805 a
1407 3749 1547 3805 malo
1569 3761 1626 3807 et
1655 3752 1721 3807 ab
1767 3751 1884 3821 ejus
1919 3759 2186 3821 potestate
2224 3748 2346 3803 uni-

780 3862 961 3913 versa,
992 3853 1048 3901 et
1079 3859 1109 3899 a
1147 3842 1361 3899 technis
1395 3841 1514 3911 ejus
1553 3842 1904 3911 perniciosis,
1952 3844 2081 3913 quia
2133 3854 2186 3895 tu
2232 3840 2344 3894 Rex

779 3940 1025 3994 omnium
1056 3952 1136 4002 es,
1169 3947 1225 3992 et
1255 3936 1346 3991 tibi
1378 3936 1604 4007 gtoriam
1634 3935 1938 3991 referimus.

853 4030 1110 4101 Populus.
1138 4029 1331 4084 Amen.

853 4121 1135 4177 Sacerdos.
1168 4119 1304 4174 Pax.

857 4213 1113 4288 Populus.
1148 4211 1215 4266 Et
1241 4227 1364 4266 cum
1397 4211 1588 4281 spiritu
1615 4222 1723 4265 tuo.

859 4306 1144 4360 Diacontu.
1173 4304 1333 4359 Ante.

860 4394 1121 4463 Populus.
1150 4395 1344 4449 Coram
1387 4403 1458 4455 te.
1494 4395 1737 4449 Domine.

859 4488 1139 4543 Sacerdos.
1169 4486 1383 4555 Aspice,
1404 4485 1653 4551 Domine,
1671 4484 1921 4554 populum
1947 4493 2093 4540 tuum
2120 4484 2353 4549 ﬁdelem,

2446 618 2873 682 discumbamus,
2904 618 3043 672 etad
3075 632 3313 672 mensam
3349 618 3495 688 regni
3531 618 3606 672 tui
3635 616 4022 690 epulemur,et

2446 708 2749 765 referemus
2775 709 2871 764 tibi
2894 708 3123 779 gloriam
3146 717 3203 764 et
3226 707 3462 765 laudem.

2515 800 2775 867 Populus.
2800 801 2991 856 Amen.

2514 892 2795 947 Sacerdos.
2821 892 2950 947 Pax.

2519 982 2781 1051 Populus.
2818 983 2877 1037 Et
2906 1000 3029 1039 cum
3060 986 3251 1054 spiritu
3279 996 3393 1043 tuo.

2517 1074 2797 1131 Sacerdos.
2830 1074 3018 1133 Gratia
3047 1079 3135 1134 Dei
3160 1078 3253 1147 sit,
3278 1090 3385 1135 etc.

2518 1167 2778 1239 Populus.
2805 1169 2869 1225 Et
2902 1187 3025 1226 cum
3058 1173 3250 1243 spiritu
3275 1183 3389 1230 tuo.

2516 1260 2811 1317 Diaconus.
2841 1260 2976 1317 Cum
3017 1262 3232 1319 timore.

2520 1353 2807 1412 Sacerdos.
2840 1352 3039 1410 Sancta
3066 1357 3292 1421 sanctis.

2520 1446 2779 1515 Papulas.
2810 1446 2962 1502 Unus
2991 1448 3149 1504 Pater
3176 1459 3414 1507 sanctus.

2519 1537 2806 1593 Diaconus.
2833 1539 3053 1595 Stemus
3083 1542 3361 1597 decenter.

2521 1628 2779 1697 Papulas.
2811 1633 2945 1686 Cora
2954 1648 3003 1692 η)
3029 1641 3102 1691 te.

2513 1716 2800 1777 Sacerdos.
2832 1720 3052 1777 Gratias
3080 1722 3342 1779 habemus
3371 1724 3493 1790 tibi,
3527 1724 3835 1792 Domine,et
3856 1738 4021 1798 gnto

2450 1812 2637 1868 animo
2666 1814 3015 1882 agnoscimus
3037 1814 3425 1885 benignitatem
3457 1825 3631 1882 tuam,
3658 1821 3799 1887 quod
3829 1836 3897 1874 ex
3926 1820 4019 1875 ni-

2375 1895 2418 1957 B
2446 1905 2561 1962 hilo
2589 1907 2829 1962 eduxisti
2864 1923 2962 1963 nos
2997 1909 3065 1963 ad
3115 1909 3168 1965 id
3193 1912 3337 1977 quod
3379 1912 3573 1978 simus,
3601 1922 3654 1966 et
3682 1914 4021 1969 domesticus

2446 1998 2695 2069 ﬁliosque
2739 2011 3205 2056 sacramentorum
3257 2012 3471 2058 tuorum
3522 2002 3695 2057 fecisti
3746 2019 3871 2068 nos,
3911 2005 4021 2057 mi-

2444 2093 2847 2164 nisteriumque
2878 2094 2981 2151 hoc
3028 2096 3343 2167 religiosum
3396 2095 3791 2150 commendasti
3835 2095 4020 2159 nobis,

2448 2193 2612 2255 atque
2643 2200 2829 2243 mensa
2863 2187 2965 2251 hac
2993 2186 3267 2259 spirituali
3292 2200 3391 2241 nos
3426 2185 3622 2256 dignos
3646 2184 3844 2244 fecisti.
3868 2184 4023 2240 Cou-

2442 2291 2599 2333 serva
2658 2279 2708 2333 in
2761 2280 2953 2345 nobis,
2986 2278 3240 2345 Domine,
3282 2277 3585 2346 depositura
3631 2278 4021 2349 mysteriorum

2445 2374 2661 2423 tuorum
2682 2369 3012 2436 divinorum,
3034 2382 3092 2426 ut
3114 2371 3412 2427 secundum
3444 2384 3625 2425 mores
3656 2368 3918 2439 angelicis
3946 2368 4024 2423 si-

2447 2458 2627 2525 miles,
2659 2462 2823 2515 vitam
2855 2463 3222 2528 instituamus,
3252 2472 3307 2516 et
3346 2460 3694 2532 perﬁciamus
3720 2475 3911 2513 coram
3942 2470 4020 2527 te,

2446 2562 2509 2611 ut
2538 2558 2683 2611 cauti
2712 2570 2765 2612 et
2814 2558 3229 2626 itiseparabiles.
3265 2558 3438 2611 simus
3482 2572 3579 2626 per
3612 2555 4019 2622 susceptionem

2447 2657 2758 2705 sanctorum
2811 2659 3052 2718 tuorum,
3104 2649 3451 2720 perficientes
3481 2648 3813 2704 voluntatem
3866 2655 4022 2699 tuam

2450 2756 2701 2811 magnam
2751 2751 2807 2797 et
2851 2741 3173 2812 perfectam,
3219 2741 3505 2812 paratique
3564 2739 3911 2793 inveniamur
3954 2736 4024 2790 ad

2447 2834 2822 2907 πληροφορίαν
2855 2834 3001 2890 illam
3044 2835 3312 2897 ultimam,
3356 2842 3411 2888 et
3442 2832 3507 2885 ad
3543 2831 3799 2885 standum
3828 2844 4022 2884 coram

2452 2925 2736 2995 majestate
2765 2934 2874 2988 tua,
2909 2926 3167 2995 dignique
3206 2924 3513 2979 efﬁciamur
3558 2923 3835 2991 voluptate
3864 2921 4022 2990 regni

2451 3016 2550 3076 tui.
2602 3030 2702 3085 per
2732 3014 2987 3086 gratiam,
3031 3014 3469 3070 misericordiam
3515 3022 3571 3068 et
3603 3026 3844 3067 amorem
3893 3024 4021 3075 erga

2453 3106 2700 3162 homines
2728 3107 2994 3178 unigeniti
3025 3105 3146 3160 Filii
3171 3108 3270 3173 tui,
3296 3121 3393 3177 per
3414 3119 3575 3176 quem
3602 3111 3663 3159 et
3688 3116 3812 3157 cum
3839 3116 3951 3172 quo
3975 3110 4026 3156 te

2452 3198 2608 3254 decet
2644 3200 2839 3269 gloria,
2870 3200 3068 3265 honor,
3107 3209 3219 3257 etc.

2369 3272 2412 3329 Ο
2519 3310 2779 3381 Populus.
2805 3311 2999 3370 Amen.

2516 3404 2800 3460 Sacerdos.
2824 3405 2958 3460 Pax.

2524 3496 2776 3566 Populus.
2806 3496 2869 3550 Et
2903 3512 3023 3551 cum
3050 3495 3243 3568 Spiritu
3277 3504 3391 3554 tuo.

2519 3589 2806 3642 Diaconsss.
2837 3586 2981 3642 Post.

2519 3680 2775 3752 Populus.
2806 3679 2997 3735 Coram
3031 3689 3101 3746 te,
3126 3680 3371 3736 Domine.

2521 3794 2805 3850 Sacerdos.
2850 3792 3067 3849 Christe
3118 3792 3233 3847 Rex
3272 3790 3491 3861 gloriae,
3531 3797 3582 3841 et
3635 3784 3797 3839 Pater
3847 3782 4015 3838 futurl

2450 3886 2652 3951 saeculi,
2714 3886 3042 3941 sacriﬁcium
3092 3894 3364 3946 sanctum,
3408 3878 3657 3935 Pontifex
3708 3874 3951 3933 cmlestis
3997 3892 4011 3929 :

2452 3982 2639 4045 Agnus
2671 3978 2791 4042 Dei,
2824 3978 2916 4047 qui
2951 3976 3095 4031 tollis
3130 3986 3409 4043 peccatum
3438 3970 3647 4035 mundi,
3678 3984 3843 4040 parce
3887 3984 4014 4037 pec-

2443 4068 2582 4123 catis
2619 4065 2801 4137 populi
2842 4065 2941 4130 tui,
2971 4071 3027 4119 et
3070 4061 3282 4118 dimitte
3315 4060 3654 4130 insipientias
3695 4060 3875 4130 gregis
3903 4070 4004 4113 tm.

2443 4156 2715 4211 Conserva
2767 4168 2867 4209 nos
2919 4168 3015 4224 per
3058 4150 3496 4207 communionem
3542 4156 4005 4203 sacramentorum

2443 4259 2693 4313 tuorum,
2728 4248 2796 4302 ab
2839 4245 2989 4301 omni
3035 4251 3290 4314 peccato,
3330 4242 3444 4296 sive
3482 4240 3648 4295 verbo
3688 4239 3767 4292 vel
3802 4238 4007 4305 cogita-

2443 4339 2589 4391 tione
2628 4345 2722 4391 aut
2766 4349 2929 4405 opere
2978 4332 3324 4403 perﬁciatur,
3379 4330 3633 4399 quodque
3688 4341 3718 4381 a
3775 4336 3868 4380 tua
3928 4325 4007 4379 fa-

2460 4436 2773 4493 miliaritate
2808 4430 3130 4497 domestica,
3180 4425 3369 4498 procul
3401 4440 3501 4479 nos
3530 4424 3714 4487 faciat,
3743 4431 3800 4476 ut
3826 4432 4017 4476 custo-

2460 4529 2677 4584 diantur
2703 4539 2934 4594 corpora
2970 4531 3151 4577 nostra
3190 4534 3285 4591 per
3309 4531 3509 4586 corpus
3551 4525 3720 4577 tuum.
3751 4520 3805 4566 et
3858 4525 4016 4565 reuo-

786 4585 879 4652 qni
901 4595 1084 4636 coram
1107 4589 1161 4636 te
1181 4578 1585 4643 lnolinatusest,
1606 4588 1658 4632 et
1676 4588 1952 4648 exspectat
1978 4580 2174 4634 donum
2204 4588 2352 4633 tuum
2387 4608 2430 4666 9
2459 4578 2880 4677 a'n'i'n'm
2912 4625 3112 4670 “osum
3147 4578 3244 4680 μὲν
3296 4578 3639 4666 sacr'amema
3682 4614 3794 4665 ma.
3822 4612 3885 4656 ει
3922 4605 4015 4658 be.

786 4684 837 4728 et
896 4673 1139 4728 intuetur
1205 4672 1507 4743 depositum
1561 4682 2025 4726 sacramentorum
2084 4672 2345 4743 unigeniti

788 4766 900 4831 tui,
939 4766 1080 4821 Deus
1111 4764 1297 4820 Pater.
1328 4764 1404 4820 Ne
1434 4764 1652 4819 auferas
1680 4779 1708 4817 a
1738 4765 1893 4819 nobis
1916 4765 2146 4834 gratiam
2179 4777 2347 4828 tuam,

786 4868 841 4913 et
873 4873 939 4913 ne
970 4856 1200 4928 repellas
1236 4870 1338 4911 nos
1365 4872 1395 4911 a
1428 4856 1732 4911 ministerio
1765 4865 1878 4919 tuo,
1911 4864 1961 4909 et
1998 4870 2028 4909 a
2058 4856 2352 4925 participa-

790 4952 942 5007 tione
970 4960 1437 5007 sacramentorum
1470 4962 1706 5017 tuorum,
1735 4950 1831 5005 sed
1868 4964 2111 5020 praepara
2141 4965 2258 5014 nos,
2294 4959 2353 5001 ut

790 5042 917 5114 puri
952 5049 1010 5096 et
1053 5041 1260 5112 absque
1290 5040 1526 5104 macula,
1558 5040 1809 5110 dignique
1846 5040 1951 5094 hoc
1993 5037 2241 5094 convivio
2271 5038 2349 5091 si-

791 5149 936 5202 mus,
990 5143 1159 5205 utque
1215 5149 1341 5189 cum
1392 5133 1729 5188 conscientia
1789 5132 2084 5201 inculpata,
2136 5143 2349 5196 semper

790 5227 1044 5283 fruamur
1073 5241 1303 5297 corpore
1332 5237 1388 5283 et
1422 5226 1685 5297 sanguine
1726 5223 1843 5294 ejus
1884 5226 2140 5295 pretioso,
2194 5229 2249 5277 et
2290 5221 2348 5279 in

2456 4712 2691 4768 nedictio
2714 4720 2828 4774 tua,
2861 4706 3110 4772 Domine,
3136 4703 3207 4758 sit
3239 4701 3292 4755 in
3324 4709 3437 4753 toto
3472 4705 3659 4751 nostro
3682 4692 3905 4748 homine
3936 4694 4014 4744 in-

2459 4802 2646 4859 teriori
2702 4810 2756 4855 et
2815 4798 3111 4861 exteriori,
3170 4789 3602 4863 glorificerisque
3648 4788 3703 4840 in
3755 4781 3915 4838 nobis
3964 4792 4013 4838 et

2456 4906 2675 4969 propter
2712 4909 2832 4959 nos,
2863 4893 3195 4957 dexteraque
3228 4895 3315 4939 tua
3352 4881 3671 4952 requiescat
3690 4886 3852 4969 super
3901 4891 4011 4937 nos,

2458 5000 2514 5046 et
2540 4988 2721 5043 Patris
2757 4985 2834 5040 tui
2861 4979 3156 5047 benedicti,
3189 4987 3243 5033 et
3278 4975 3515 5047 Spiritus
3558 4972 3634 5026 tui
3664 4968 4009 5026 sanctissimi.

2527 5101 2782 5173 Populus.
2810 5100 3003 5155 Amen.

2531 5215 2817 5272 Diaconus.
2848 5210 3104 5276 Benedic,
3138 5207 3387 5265 Domine.
