4060 6214
2283 518 2648 533 ἡ

1037 680 2881 858 PROLEGOMENA.

1546 1175 2385 1274 DISSERTATIO

669 1420 810 1505 DE
936 1417 1486 1505 OPEBIBUS
1617 1417 1707 1502 S.
1843 1412 2344 1500 DIONYSII
2453 1415 3299 1516 AREOPAGITE,

747 1623 847 1701 (Ι).
875 1620 959 1683 Ls
980 1617 1244 1704 Nouum,
1277 1623 1633 1705 Apparatus
1661 1618 1740 1684 ad
1760 1617 1926 1683 Bibl.
1959 1634 2128 1684 mox.
2152 1619 2415 1698 Parisiis,
2443 1620 2620 1701 1703,
2653 1621 2885 1700 in-fol.,
2911 1641 2972 1704 p.
3011 1622 3180 1703 169.)

795 1892 1039 1958 CAPUT
1083 1894 1384 1958 PRIMUM

429 1984 705 2064 Analysis
733 1985 1006 2048 omnium
1041 1985 1105 2048 S.
1143 1986 1419 2063 Dionysii
1451 1982 1750 2063 Operam.

345 2074 448 2154 §I.
475 2073 651 2136 Liber
666 2076 738 2136 de
758 2075 986 2136 caelesti
1003 2073 1376 2136 hierarcht'a.
1415 2109 1488 2119 —-
1518 2065 1924 2134 Primusliber
2005 2065 3146 2144 ctabant,ditlicultatesenodatetsolvit
3167 2076 3319 2156 (cap.
3348 2073 3656 2154 12),nimi-

259 2163 527 2244 Dionysii
549 2164 932 2244 AreOpagita:
958 2163 1199 2227 nomine
1224 2165 1564 2244 inscriptus,
1585 2159 1821 2222 titulum
1842 2157 1923 2218 De
2008 2175 2137 2218 rum
2173 2178 2278 2219 cur
2329 2163 2647 2244 episcopus
2679 2165 2910 2226 dicatur
2933 2166 3180 2244 angelus
3208 2164 3443 2226 Domini
3466 2161 3654 2224 omni-

253 2253 498 2316 caelesti
528 2253 875 2316 hierarchia
902 2256 1160 2335 praefert,
1191 2254 1379 2334 isque.
1412 2253 1564 2314 sicut
1587 2259 1644 2312 et
1667 2248 1766 2310 alii
1789 2246 1924 2308 sub-
2011 2248 2287 2330 potentis,
2323 2270 2429 2312 cur
2463 2272 2532 2315 ex
2583 2255 3047 2334 Seraphinorum
3111 2253 3322 2316 ordine
3379 2272 3534 2314 unus
3578 2252 3651 2313 ad

264 2336 1915 2424 sequentesTimotheesympresbyteronuncupatur.Ab
2001 2336 2212 2398 Isaiam
2251 2341 2466 2403 missus
2498 2343 2700 2416 fuerit,
2755 2354 3129 2424 quantusque
3161 2345 3238 2406 sit
3287 2343 3647 2422 Angelorum

261 2434 391 2514 ipso
444 2443 644 2495 autem
709 2433 890 2512 hujus
953 2432 1089 2493 libri
1126 2433 1372 2495 exordio
1402 2437 1561 2511 (cap.
1597 2432 1655 2510 1)
1711 2436 1918 2490 auctor
2004 2445 2289 2514 numerus
2339 2441 2487 2512 (cap.
2528 2434 2654 2511 43).
2714 2433 2982 2510 Denique
3012 2440 3160 2513 tcap.
3195 2435 3294 2509 44)
3346 2429 3652 2512 corporeis

267 2513 504 2584 omnem
539 2523 740 2584 lucem
769 2541 800 2584 a
834 2520 954 2584 Den
988 2525 1160 2584 Patre
1190 2522 1264 2584 ad
1302 2540 1409 2583 nos
1467 2519 1720 2582 derivari
1781 2535 1916 2599 pro-
2002 2513 2385 2594 imaginibus;
2412 2519 2629 2600 quibus
2652 2524 2930 2602 angeliin
2963 2522 3271 2602 Scriptura
3292 2522 3648 2601 ﬁgurantur,

265 2613 481 2685 fessus,
515 2612 586 2673 ad
615 2631 788 2674 suum
821 2612 896 2673 de
928 2611 1108 2673 rebus
1139 2611 1510 2683 cmlestibus,
1532 2611 1724 2690 iisque
1756 2609 1916 2668 dim-
2003 2605 2347 2684 singillatim
2371 2610 2704 2692 explicatis,
2738 2612 2957 2673 librnm
2987 2611 3261 2676 absolvit.

270 2702 531 2772 cillimis,
564 2703 665 2764 sed
710 2721 848 2782 qua:
874 2701 1284 2763 materialibus
1305 2709 1362 2762 et
1385 2700 1690 2781 corporeis
1711 2697 1914 2759 adum-
2054 2694 2107 2774 ’ἕ
2135 2694 2204 2757 ll.
2235 2697 2415 2758 Liber
2436 2701 2506 2761 de
2526 2702 2930 2764 ecclesiastica
2957 2703 3330 2764 hierarchia.
3358 2738 3431 2748 -—
3451 2701 3515 2763 In
3551 2701 3648 2763 illo

280 2790 463 2852 brata:
494 2799 682 2865 erant,
701 2799 1112 2869 argumentum
1140 2807 1274 2852 cum
1302 2809 1369 2852 ex
1396 2788 1699 2868 Scriptura
1722 2805 1912 2860 sacra,
2000 2787 2198 2864 priore
2218 2786 2367 2848 libro
2389 2788 2843 2871 alterius,quem
2882 2793 2967 2854 De
2986 2793 3392 2854 ecclesiastica
3413 2791 3648 2853 Μεναν-

275 2889 398 2940 tum
433 2898 504 2940 ex
536 2879 821 2956 Patribus,
856 2881 1171 2960 implorata
1202 2879 1366 2960 prius
1398 2879 1617 2941 Christi
1678 2876 1915 2957 Domini
1995 2874 2498 2958 chiainsctiptum
2524 2880 3645 2963 voluit.fundamentaquidemjecerat;

265 2986 401 3046 ape,
441 2970 806 3030 tractandum
838 2971 1204 3047 aggreditur.
1242 2969 1611 3050 Quapropter
1653 2973 1810 3048 (cap.
1849 2970 1908 3043 2)
1993 2965 2096 3026 sed
2133 2966 2262 3046 ipse
2293 2968 2409 3029 nisi
2435 2969 2730 3030 Timothei
2756 2971 3036 3051 precibus
3074 2973 3284 3046 victus,
3318 2989 3557 3032 manum
3593 2971 3648 3032 ei

261 3057 386 3132 ille,
411 3059 559 3119 facta
587 3059 786 3139 operis
817 3061 909 3120 sui
938 3059 1377 3130 distributione,
1415 3057 1673 3138 primum
1700 3055 1908 3138 ‘aperit
1990 3072 2056 3116 se
2092 3074 2210 3116 non
2243 3057 2578 3120 admovisse
2609 3061 2981 3125 testiﬁcatur.
3026 3063 3179 3124 Huic
3209 3069 3405 3122 autem
3437 3059 3646 3122 Timo-

260 3164 370 3208 cur
399 3148 706 3228 Scriptura
735 3148 936 3210 divina
964 3149 1212 3228 angelos
1244 3148 1450 3225 ﬁguris
1485 3148 1634 3209 adeo
1666 3146 1904 3225 ignobi-
1992 3144 2152 3216 theo,
2189 3164 2263 3207 ne
2298 3148 2574 3227 mysteria
2606 3158 2807 3210 nostra
2831 3169 2948 3211 non
2972 3150 3218 3213 initiatis
3246 3149 3640 3230 aperiat,cum

259 3235 442 3310 libus,
473 3247 654 3317 atque
685 3237 758 3298 ab
791 3256 997 3299 eorum
1031 3246 1240 3299 natura
1270 3246 1384 3299 tam
1413 3236 1648 3316 alienis,
1684 3235 1905 3318 ubique
1930 3293 1964 3319 η
1987 3247 2020 3290 a
2047 3231 2181 3292 libri
2211 3232 2303 3293 sui
2336 3234 2628 3315 principio
2659 3237 2867 3300 sedulo
2928 3242 3310 3319 praecepisset
3359 3248 3512 3319 (cap.
3553 3244 3632 3316 1),

261 3326 434 3388 nobis
462 3336 874 3406 repraesentet.
908 3326 1057 3388 Tum
1094 3329 1248 3408 (cap.
1291 3328 1349 3407 3)
1385 3346 1623 3390 omnem
1659 3326 1902 3390 univer-
1930 3319 1966 3345 υ
1992 3319 2257 3382 ostendit
2288 3341 2400 3402 quo
2435 3342 2505 3384 ex
2534 3325 2698 3387 fonte
2724 3327 3055 3390 hierarchia
3081 3327 3482 3390 ecclesiastica
3506 3326 3634 3388 illu-

257 3417 368 3477 sim
403 3416 799 3480 hierarchiam
833 3417 1039 3480 deﬁnit
1063 3417 1411 3494 dividitque
1449 3438 1464 3493 ;
1509 3436 1577 3478 ac
1608 3417 1743 3500 quis
1775 3417 1909 3498 ejus
1991 3408 2311 3500 Strationes
2342 3429 2478 3474 suas
2506 3414 2760 3496 hauriat,
2795 3417 2853 3477 in
2887 3436 3002 3498 quo
3035 3437 3170 3479 cum
3208 3415 3433 3478 caelesti
3485 3435 3634 3478 con-

257 3505 398 3567 ﬁnis
427 3517 486 3570 ει
504 3525 748 3588 scapus,
779 3526 1032 3588 qumque
1089 3507 1211 3568 sint
1269 3508 1399 3588 ejus
1451 3498 1792 3570 functiones
1847 3514 1908 3568 θι
1992 3498 2210 3580 veniat,
2244 3500 2331 3561 vel
2365 3502 2436 3563 ab
2465 3521 2535 3565 ea
2566 3503 2891 3586 discrepet,
2923 3525 3052 3586 quae
3075 3508 3151 3567 Sil
3183 3507 3313 3586 ejus
3343 3506 3630 3583 deﬁnitio,

259 3595 464 3657 munia
517 3596 826 3658 enucleate
878 3597 1268 3660 demonstrat.
1326 3595 1479 3657 Hinc
1537 3605 1698 3676 (cap.
1735 3589 1800 3675 4)
1829 3596 1902 3658 ad
1991 3591 2348 3671 principium
2383 3601 2440 3654 et
2468 3593 2627 3675 ﬁnis,
2659 3615 2727 3658 ac
2759 3597 2998 3658 tandem
3031 3617 3139 3659 cur
3189 3599 3289 3658 illa
3351 3597 3635 3678 symbolis

256 3684 444 3764 ipsius
462 3686 746 3763 angelicae
771 3684 1905 3767 hierarchiaeexplicationemtransit,et
1990 3680 2310 3760 ﬁgurisque
2356 3685 2662 3762 corporeis
2700 3685 2886 3747 velata
2923 3685 3093 3747 nobis
3124 3687 3411 3749 tradatur.
3456 3689 3630 3748 Post-

253 3775 519 3836 ostendit
542 3775 728 3836 Deum
761 3793 794 3837 a
827 3776 989 3837 nulla
1007 3785 1280 3839 creatura
1303 3775 1694 3839 excellentius
1717 3775 1904 3855 parti-
1988 3769 2112 3830 haec
2145 3771 2216 3832 ad
2250 3769 2483 3850 singula
2507 3791 2634 3851 qum
2672 3773 2744 3834 ad
2779 3792 2908 3836 eam
2941 3783 3237 3854 spectant,
3275 3775 3518 3854 propius
3537 3793 3631 3835 ac-

1929 1889 1967 1938 Α
1995 1887 2145 1977 (ςῇἱω
2193 1891 2386 1954 ordini
2418 1894 2724 1974 peculiare
2757 1902 2870 1977 est,
2905 1895 3252 1977 promiscue
3286 1893 3650 1958 vocitentur.

2006 1975 2332 2042 Nonnullas
2352 1992 2576 2062 postea,
2607 2005 2740 2067 quae
2768 1975 3285 2066 alla—rgumentum
3311 2004 3481 2046 suum
3514 2002 3656 2063 spe-

255 3864 437 3943 cipari
473 3883 644 3944 quam
679 3865 748 3926 ab
782 3865 1048 3944 angelis;
1085 3865 1186 3946 qui
1217 3865 1460 3943 quidem
1493 3866 1632 3942 quia
1662 3864 1808 3926 alios
1840 3864 1901 3926 in

253 3952 574 4016 divinitatis
595 3955 998 4034 cognitionem
1024 3955 1346 4029 adducunt,
1376 3955 1515 4018 ideo
1537 3954 1640 4016 illo
1662 3954 1902 4033 angelo-

251 4059 384 4103 rum
407 4043 805 4105 nominesunt
829 4044 1256 4126 donati.Atque
1281 4045 1391 4106 hac
1413 4045 1546 4108 data
1563 4045 1898 4126 occasione,

252 4130 429 4193 docet
461 4151 666 4195 eorum
731 4132 1067 4196 ministerio
1129 4152 1246 4196 non
1307 4135 1498 4195 solum
1561 4134 1792 4196 divinas
1842 4135 1900 4194 in

250 4221 455 4282 Veteri
489 4224 869 4283 Testamento
900 4223 1164 4286 visiones
1195 4222 1492 4285 exhibitas
1551 4223 1756 4298 fuisse,
1794 4223 1898 4285 sed

251 4309 473 4372 Christi
505 4311 680 4372 etiam
715 4309 1190 4374 lncarnationem
1211 4312 1272 4374 ln
1290 4314 1452 4375 Νονυ
1465 4311 1714 4374 Foedera
1731 4313 1902 4375 nobis

251 4401 687 4463 annuntiatam.
707 4400 960 4482 Exponit
983 4401 1233 4482 insuper
1253 4404 1411 4482 (cap.
1439 4403 1498 4482 5)
1523 4420 1627 4465 cur
1648 4403 1898 4483 angeli-

247 4507 380 4551 rum
415 4508 659 4570 nomen,
720 4491 877 4572 quod
931 4492 1140 4553 ultimo
1193 4492 1522 4554 ccelestium
1578 4492 1894 4572 spirituum

246 4578 455 4639 ordini
479 4581 788 4658 speciatim
812 4583 1112 4658 convenit,
1128 4581 1891 4644 casterisindiscriminatim

1985 3859 2234 3935 cedens,
2254 3859 2330 3920 de
2362 3862 2751 3923 sacramentis
2776 3861 3051 3944 baptismi
3079 3866 3232 3944 (cap.
3259 3865 3317 3930 9)
3335 3873 3390 3924 et
3414 3864 3636 3926 Eucha-

1985 3948 2166 4010 ristiae
2200 3954 2358 4030 (cap.
2393 3949 2476 4026 3),
2511 3953 2588 4012 de
2622 3952 2775 4013 sacri
2802 3956 3092 4032 unguenti
3125 3973 3232 4016 seu
3264 3954 3628 4027 chrismatis,

1987 4047 2075 4095 τοῦ
2108 4041 2292 4118 μύρου,
2329 4043 2785 4104 consecratione
2819 4043 2973 4124 (cap.
3009 4045 3094 4123 4),
3130 4045 3205 4106 de
3253 4044 3633 4105 ordinatione

1985 4145 2287 4190 sacrorum
2321 4129 2607 4191 Ecclesia:
2631 4131 3040 4194 ministrorum
3062 4136 3220 4213 (cap.
3252 4135 3334 4209 5),
3362 4132 3631 4213 episcOpi

1984 4217 2235 4292 scilicet,
2255 4219 2581 4300 presbyteri
2608 4227 2666 4280 et
2701 4221 3034 4299 diaconi,ac
3052 4221 3125 4282 de
3143 4221 3398 4284 solemni
3427 4240 3627 4283 mona~

1983 4306 2229 4368 chorum
2263 4307 2629 4388 professione
2657 4316 2807 4390 (cap.
2857 4312 2922 4382 6)
2961 4312 3316 4373 articulatim
3344 4309 3623 4390 disputat.

1983 4393 2090 4458 His
2116 4407 2451 4460 accuratam
2481 4397 2787 4478 subjungit
2830 4402 3350 4475 cazremoniarum,
3412 4399 3628 4479 quibus

1984 4495 2354 4548 mortuorum
2379 4505 2631 4568 corpora
2646 4489 3119 4568 sepeliebantur,
3142 4490 3618 4569 descriptionem

1981 4576 2568 4656 expositionemque;
2595 4586 2652 4638 et
2681 4577 2936 4641 subinde
2955 4581 3029 4641 de
3058 4580 3372 4642 infantium
3403 4578 3622 4658 baptis-

247 4666 330 4729 ita
354 4655 1358 4750 tribuatur,utipsitamen‘aliorum
1376 4671 1635 4733 vicissim
1654 4655 1954 4733 nomineC
1980 4655 2134 4726 mete
2179 4655 2451 4728 disserit.
2482 4664 2631 4726 Tum
2665 4666 2923 4748 denique
2953 4667 3360 4742 Timotheum,
3394 4669 3442 4730 si
3475 4655 3624 4745 quas

242 4775 550 4838 nunquam
583 4758 982 4839 appellentur.
1016 4761 1110 4823 Ad
1160 4761 1504 4839 angelorum
1540 4760 1892 4823 divisionem

241 4845 386 4908 inde
418 4851 570 4928 (cap.
608 4849 673 4928 6)
706 4849 1114 4930 progreditur,
1149 4858 1330 4931 atque
1363 4849 1623 4913 ostendit
1671 4868 1774 4912 eos
1829 4851 1892 4911 in

245 4948 368 4997 tres
389 4937 788 5013 hierarchias,
821 4948 881 5002 et
913 4939 1177 5019 singulas
1205 4958 1476 5022 quasque
1525 4941 1891 5002 hierarchias

252 5025 311 5084 in
341 5035 459 5087 tres
487 5029 730 5090 ordines
759 5027 847 5089 sic
877 5027 1152 5091 distribui
1189 5049 1206 5106 ;
1265 5039 1330 5090 ut
1383 5029 1574 5110 prima
1613 5028 1891 5112 Seraphi-

254 5129 466 5174 norum
511 5116 664 5197 (cap.
724 5118 812 5198 7),
886 5118 1394 5193 Cherubinorum,
1453 5117 1882 5200 Thronorum;

249 5201 512 5264 secunda
537 5221 678 5267 vero
707 5203 1194 5269 Dominationum
1247 5214 1403 5288 (cap.
1438 5207 1526 5288 8),
1553 5205 1882 5286 Virtutum,

236 5290 610 5382 Potestatnrn
627 5315 644 5370 ;
661 5295 834 5358 tertia
850 5295 1112 5378 denique
1142 5295 1592 5378 Principatuum
1623 5307 1773 5382 (cap.
1798 5299 1882 5376 9),

230 5380 745 5462 Archangelorum
770 5387 1211 5466 etAngelorum
1237 5387 1478 5449 ordines
1509 5380 1885 5469 complectit-4

231 5477 355 5532 tur.
377 5469 610 5536 Deinde
634 5481 785 5556 (cap.
815 5479 912 5554 l0)
931 5476 1230 5558 quomodo
1247 5474 1532 5557 quaslibet
1546 5476 1885 5541 hierarchia

230 5569 547 5646 purgetur,
573 5563 1016 5642 illustretnr,ac
1040 5566 1726 5650 perﬁciatur,enucleat;
1748 5567 1883 5650 pla-

228 5667 495 5732 numque
525 5653 669 5716 facit
697 5653 852 5736 (cap.
879 5656 901 5724 t
926 5661 974 5732 t)
996 5673 1106 5718 cur
1122 5673 1332 5718 omnes
1355 5656 1566 5736 Angeli
1590 5657 1877 5723 virtutum

1977 4754 2263 4816 clariores
2294 4756 2500 4815 horum
2536 4757 2949 4837 mysteriorum
2984 4759 3356 4838 cognitiones
3382 4756 3616 4828 habeat,

1976 4845 2066 4906 vel
2099 4844 2317 4905 habere
2343 4845 2552 4925 possit,
2591 4853 2651 4905 ut
2682 4864 2779 4907 eas
2815 4865 3015 4909 secum
3053 4848 3337 4910 benevole
3360 4867 3599 4910 commu

1977 4935 2156 5007 nicet,
2184 4934 2513 4996 obtestatur
2535 4943 2710 5015 atque
2743 4936 3038 5002 obsecrat.

2027 5022 2365 5104 §IIl.Liber
2379 5025 2452 5085 de
2466 5024 2692 5087 divim‘s
2704 5027 3153 5090 nominibus.—
3173 5026 3238 5089 In
3259 5026 3624 5106 tertiolibro,

1974 5134 2152 5196 quem
2184 5123 2393 5177 auctor
2442 5121 2646 5176 noster
2682 5125 2814 5196 post
2871 5117 3094 5179 editum
3151 5117 3620 5199 Hypotyposeon

1969 5207 2451 5287 theologicarum
2465 5207 2594 5268 'volu
2606 5225 2742 5269 men
2764 5227 2828 5270 se
2847 5211 3278 5291 conscripsisse
3292 5209 3530 5284 asserit,
3550 5209 3624 5270 de

1969 5297 2320 5361 nominibus
2351 5297 2578 5360 divinis
2621 5298 2883 5379 disputat
2913 5300 3069 5382 (cap.
3097 5302 3176 5379 1).
3205 5299 3309 5362 Ille
3327 5307 3524 5360 autem
3551 5314 3623 5358 ex

1968 5387 2295 5469 Scripturis
2324 5386 2538 5468 sacris,
2572 5386 2674 5450 ubi
2706 5390 2910 5450 omnia
2940 5389 3066 5453 Dei.
3095 5390 3196 5467 qui
3225 5391 3496 5463 ἀνώνυμος
3556 5396 3622 5449 et

1969 5479 2318 5556 πολυώνυμος
2351 5487 2467 5554 est,
2501 5478 2746 5540 nomina
2773 5480 3151 5556 exhibentur,
3204 5483 3622 5558 argumentum

1966 5587 2142 5632 suum
2174 5576 2566 5630 tractaturum
2599 5585 2665 5630 se
2695 5587 2828 5631 esse
2859 5571 3193 5650 proﬁtetur.
3248 5571 3319 5628 Et.
3372 5564 3624 5647 quidem

1965 5658 2224 5740 duplicis
2255 5657 2498 5738 generis
2527 5675 2660 5720 esse
2693 5657 2835 5720 dicit
2861 5660 3015 5740 (cap.
3042 5658 3101 5737 2)
3121 5674 3191 5720 ea
3215 5655 3324 5719 Dei
3352 5655 3619 5717 nomina:

229 5737 564 5806 caelestium
587 5744 1025 5828 nomine,quod
1048 5744 1316 5809 secundo
1341 5745 1625 5809 secundae
1655 5747 1878 5813 hierar-
1960 5737 2196 5830 alia,uti
2227 5737 2738 5826 vocant,absoluta
2769 5753 2827 5807 et
2858 5737 3371 5824 essentialia,qua3
3398 5751 3625 5806 naturae

304 5862 816 6036 Χ’χθΧΡΑΉιοιη
851 5865 962 5927 Gn.
1015 5865 1127 5927 ΙΙΙ.

167 6021 490 6196 (³7
704 6107 732 6131 ·

3259 5867 3280 5929 l
