4060 6214
379 296 446 364 11

1543 291 1604 372 s.
1650 292 2061 374 DIONYSIUS
2122 294 2614 370 AREOPAGITA

3688 297 3763 372 l?

382 435 597 499 divinae
626 436 938 520 tribusque
967 437 1362 503 sanctissimae
1420 439 1728 506 Trinitatis
1758 444 2033 524 personis
2055 454 2094 503 Α
2117 441 2300 518 ditur,
2325 460 2393 504 ac
2416 431 2828 524 negationibus
2853 441 3042 521 magis
3065 459 3240 522 quam
3266 440 3762 506 aﬂirmationibus

381 525 609 608 absque
640 527 943 592 divisione
966 530 1085 592 ulla
1118 530 1769 609 conveniunt;alia,uti
1792 534 2035 614 loquun-

383 624 499 693 tur,
531 617 806 700 relativa,
841 638 971 700 qua:
1002 620 1324 701 unicuique
1377 641 1648 703 personae
1691 623 2029 702 singillatim

391 706 473 767 ita
526 719 896 789 competunt,
950 717 1011 771 ut
1039 710 1210 772 alteri
1241 731 1360 773 non
1393 712 1620 793 possint
1648 714 1914 777 attribui.
1943 715 2031 776 Ad

385 814 455 858 ea
487 815 661 878 porro
684 799 1036 880 explicanda
1064 800 1376 864 Hierothei
1405 802 1714 882 cujusdam
1763 805 2028 884 magistri

386 885 479 946 sui
510 885 664 949 libro
695 887 920 969 unitur,
954 887 1157 971 ibique
1188 889 1344 971 (cap.
1371 891 1431 973 3)
1452 909 1558 953 cur
1584 900 1712 972 post
1742 895 2027 956 eximium

381 973 550 1037 illum
581 979 799 1059 virum,
837 997 1011 1059 quem
1047 981 1327 1042 maximis
1357 981 1633 1044 laudibus
1676 992 1939 1057 exornat,
1974 992 2031 1046 et

382 1083 641 1145 quocum
672 1067 1020 1131 dormitioni
1052 1068 1164 1132 Dei
1194 1069 1515 1133 Genitricis
1561 1090 1627 1134 se
1684 1072 2029 1136 interfuisse

382 1153 625 1232 dicit,ad
641 1175 750 1219 con
762 1159 1076 1220 ficiendam
1091 1160 1227 1222 lucu
1237 1161 1567 1223 brationem
1581 1180 1745 1223 suam
1761 1163 2022 1226 animum

382 1246 707 1325 appulerit,
743 1247 950 1327 paucis
983 1247 1083 1310 ille
1113 1249 1401 1312 declarat.
1447 1249 1585 1313 Post
1614 1249 1740 1312 haec
1784 1254 1933 1334 (cap.
1963 1253 2027 1329 4)

383 1335 618 1414 singula
643 1334 749 1397 Dei
768 1337 1012 1400 nomina
1044 1339 1342 1414 edisserit,
1363 1346 1542 1419 atque
1559 1359 1591 1401 a
1615 1340 1834 1403 boniet
1856 1341 2022 1404 boni-

382 1426 542 1504 tatis,
577 1425 807 1506 pulchri
828 1435 885 1489 et
909 1427 1392 1510 pulchritudinis,
1410 1430 2018 1511 amoris,dilectionis,

384 1513 658 1576 amabilis
673 1515 991 1598 dilectique
1007 1538 1072 1581 ex
1083 1519 1377 1600 positione
1388 1520 1638 1584 orditur.
1656 1521 1810 1584 Hinc
1827 1530 2022 1584 autem

383 1613 620 1685 arrepta
647 1606 983 1682 occasione,
1012 1609 1300 1690 quasdam
1333 1609 1409 1672 de
1440 1617 1652 1672 natura
1706 1618 1764 1671 et
1791 1611 2024 1688 origine

382 1692 524 1755 mali
547 1693 904 1775 quaestiones
931 1699 1232 1772 enucleat,
1259 1707 1316 1760 et
1346 1697 1642 1779 quomodo
1674 1699 1732 1760 in
1780 1699 2023 1777 angelos

2114 537 2391 610 cognosci
2422 540 2637 614 potest,
2673 531 2974 612 mysticam
3011 530 3574 608 contemplationem
3616 552 3759 613 per-

2113 622 2311 685 veniat
2341 622 2495 702 (cap.
2531 627 2611 702 ‘2‘,
2647 640 2824 700 super
2866 639 2967 682 res
2997 637 3206 681 omnes
3238 619 3551 681 sensibiles
3583 632 3638 682 et
3672 624 3762 684 in-

2115 711 2485 774 tellectuales
2513 731 2644 775 esse
2659 711 3086 789 assurgendum
3105 713 3260 790 (cap.
3279 709 3371 789 3).
3389 711 3756 773 Manifestum

2113 800 2330 864 deinde
2359 802 2493 865 facit
2523 821 2656 879 qua:
2685 809 2886 889 essent
2912 800 3026 862 illa:
3075 801 3444 878 negationes,
3477 817 3582 860 seu
3615 820 3756 880 per-

2112 893 2398 955 fectiones
2427 893 2538 956 Dei
2563 895 2871 970 negatiias,
2903 909 3122 973 easque
3154 909 3352 951 rerum
3386 909 3519 951 cum
3547 909 3760 970 corpo-

2111 1001 2347 1045 rearum
2380 991 2438 1044 et
2458 983 2860 1062 sensibilium,
2898 989 3019 1042 tum
3054 979 3447 1062 spiritualium
3482 989 3540 1041 et
3576 979 3758 1042 intel-

2112 1071 2452 1134 lectualium
2487 1073 2639 1154 (cap.
2678 1073 2757 1152 4),
2791 1090 2922 1152 quas
2978 1071 3037 1131 in
3102 1073 3222 1132 Deo
3281 1087 3412 1131 esse
3469 1081 3754 1150 nequeut,

2113 1162 2270 1224 nuda
2302 1172 2363 1224 et
2397 1160 2654 1242 simplici
2687 1160 3069 1223 enarratione
3101 1157 3379 1239 explicat.

2190 1250 2938 1331 §V.Epistolce.—Decem
2961 1267 3196 1330 quoque
3217 1247 3760 1330 epistolaeDionysii

2108 1344 2450 1416 Areopagitae
2465 1360 2672 1402 nomen
2696 1346 3078 1417 prastercntes,
3116 1344 3205 1399 his
3234 1352 3482 1414 quatuor
3504 1344 3756 1400 auctoris

2108 1431 2294 1492 nostri
2324 1431 2489 1493 libris
2511 1429 3190 1493 subnectuntur.llarum
3216 1437 3470 1505 quatuor
3495 1427 3752 1509 priores,

2106 1522 2188 1581 ad
2213 1523 2424 1582 Caium
2445 1523 2768 1602 θεραπεύτην
2787 1521 2955 1596 datae,
2984 1518 3356 1581 brevissima:
3381 1526 3756 1597 sunt,ea3que

2108 1609 2492 1690 epistolarum
2521 1609 2718 1690 potius
2742 1610 3090 1688 fragmenta,
3119 1627 3292 1689 quam
3321 1606 3588 1686 epistolae
3609 1612 3756 1666 intc-

2106 1716 2227 1775 grai
2256 1699 2546 1760 videntur.
2576 1697 2641 1759 In
2665 1717 2872 1760 earum
2905 1700 3094 1778 prima
3124 1695 3616 1774 perfectissimam
3651 1691 3757 1755 Dei

383 1782 599 1845 cadere
639 1786 918 1866 potuerit,
965 1787 1303 1849 luculenter
1359 1787 1573 1868 aperit.
1639 1790 2023 1866 Prosequitur
2050 1819 2084 1867 Β
2107 1789 2534 1866 cognitionem,
2553 1807 2734 1868 quina
2762 1788 2932 1849 nobis
2958 1786 3144 1866 accipi
3165 1785 3368 1865 possit,
3397 1803 3526 1846 eam
3552 1790 3758 1846 auctor

384 1870 604 1934 deinde
635 1874 794 1954 (cap.
828 1875 890 1954 5)
916 1876 1251 1938 inchoatam
1278 1879 1588 1939 nominum
1611 1875 1719 1938 Dei
1744 1878 2021 1958 explana-
2108 1895 2240 1940 esse
2262 1878 2429 1960 dicit,
2465 1897 2596 1958 quae
2629 1897 2698 1939 ex
2723 1877 3020 1939 attributis
3046 1877 3173 1956 ejus
3197 1874 3484 1954 negativis
3503 1892 3613 1953 per
3641 1892 3753 1936 cat-

384 1961 632 2038 tionem,
667 1971 724 2023 et
752 1981 972 2026 nomen
1004 1965 1354 2047 entis,quod
1381 1965 1504 2028 Deo
1529 1966 1609 2028 ita
1630 1966 1930 2042 tribuitur,
1963 1977 2026 2028 ut

383 2062 733 2113 cmterorum
753 2054 1021 2116 omnium
1042 2056 1232 2137 ipsum
1252 2056 1328 2118 sit
1355 2057 1708 2138 principium
1735 2065 1795 2119 et
1824 2075 2020 2136 causa,

2107 1984 2427 2049 cessum,ei
2459 1988 2573 2029 non
2603 1968 2876 2047 privativa
2899 1965 3173 2028 habetur.
3195 1963 3257 2027 ln
3281 1963 3544 2026 secunda
3567 1982 3752 2042 μικρο-

2109 2056 2195 2118 nit
2225 2059 2517 2138 quomodo
2535 2060 2645 2138 qui
2664 2068 2948 2138 estsuper
2979 2057 3289 2128 omnia,sil
3317 2072 3502 2134 supra
3533 2055 3754 2134 princi-

380 2141 454 2204 ad
487 2161 619 2202 eum
651 2150 861 2207 tractat
887 2145 1129 2208 modum
1163 2149 1318 2228 (cap.
1374 2147 1459 2227 6),
1495 2157 1586 2220 ut,
1619 2147 1925 2228 quomodo
1959 2148 2024 2208 in
2104 2149 2277 2226 pium
2323 2148 2660 2211 divinitatis
2690 2154 2744 2210 et
2789 2146 3165 2208 bonitatian
3192 2144 3366 2207 tertia
3413 2162 3549 2206 vero
3582 2141 3741 2222 quod

378 2233 503 2293 Deo
515 2249 714 2295 rerum
735 2236 1002 2297 omnium
1025 2236 1405 2317 exemplaria
1419 2237 2026 2317 praeexstiterintjbi

384 2341 623 2404 quoque
661 2323 998 2405 patefaciat.
1059 2325 1326 2408 Explicat
1381 2336 1668 2408 praeterea
1731 2328 2023 2407 quomodo

381 2413 541 2475 Deus
564 2414 676 2476 vita
697 2414 796 2489 sit,
819 2433 854 2477 a
873 2433 989 2495 quo
1006 2433 1175 2477 suam
1189 2425 1408 2478 caetera
1433 2418 1689 2479 viventia
1701 2417 2018 2497 accipiunt:

384 2503 683 2582 quomodo
707 2511 854 2585 (cap.
882 2506 916 2565 7
925 2515 938 2578 )
966 2504 1041 2567 sit
1063 2505 1355 2586 sapientia
1377 2506 1526 2586 ipsa,
1555 2509 1752 2568 omnis
1774 2508 2018 2580 mentis,

384 2593 665 2668 rationis,
686 2596 1021 2673 sapientia,
1042 2595 1465 2676 intelligentia:
1481 2614 1700 2672 causa;
1727 2596 2024 2677 quomodo

382 2682 631 2762 (δεμ-8)
663 2682 862 2744 omnia
920 2694 1260 2764 cognoscat,
1310 2695 1366 2747 et
1395 2705 1426 2748 a
1461 2687 1750 2749 creaturis
1798 2704 2024 2765 cogno-
2065 2707 2072 2712 '

381 2781 622 2836 scatur:
654 2771 956 2854 quomodo
984 2773 1272 2852 Verbum,
1307 2778 1503 2856 Λόγος,
1537 2776 1612 2837 sit
1656 2775 1894 2854 veritas,
1958 2795 2026 2836 ac

379 2860 523 2923 fidei
557 2872 776 2926 nostra;
818 2862 1312 2928 fundamentum:
1361 2865 1657 2946 quomodo
1685 2885 1753 2928 ex
1800 2865 2027 2927 inﬁnita

379 2949 509 3030 ejus
534 2955 794 3031 potentia
818 2953 948 3015 aliae
969 2971 1181 3018 omnes
1204 2953 1582 3030 deriventur;
1603 2962 1780 3036 atque
1808 2953 2022 3036 (cap.9)

379 3039 511 3120 ejus
536 3039 767 3120 justitia
811 3043 1074 3105 omnium
1105 3062 1313 3107 norma
1339 3045 1432 3120 sit,
1465 3042 1625 3106 salus
1668 3054 1726 3107 et
1753 3043 2028 3124 redemp~

379 3129 485 3197 tio.
510 3131 600 3194 Ad
624 3132 749 3194 haec
778 3151 914 3195 vero
960 3135 1120 3215 (cap.
1151 3141 1253 3215 40)
1310 3151 1421 3196 cur
1453 3133 1613 3198 Deus
1661 3151 1921 3214 magnus
1971 3141 2030 3198 ct

2111 2237 2426 2300 Malachias
2473 2238 2760 2318 propheta
2809 2236 2882 2297 de
2925 2237 3157 2298 Christo
3207 2234 3743 2316 prtenuntiaverat:

2109 2325 2366 2404 Repente
2378 2328 2668 2389 venietad
2680 2328 2965 2407 templum
2976 2332 3249 2388 sanctum
3265 2324 3585 2404 suam,hoc
3610 2322 3746 2385 bre-

2108 2415 2159 2476 vi
2212 2417 2603 2495 explicatione
2629 2419 3076 2497 interpretatur.
3130 2415 3378 2478 Demqu
3434 2417 3493 2475 in
3549 2423 3750 2493 quarta

2108 2505 2403 2566 Christum
2458 2507 2642 2568 Deum
2687 2509 2866 2570 fuisse
2894 2516 2949 2568 et
2975 2506 3308 2579 hominem,
3357 2512 3413 2565 et
3444 2503 3750 2582 Οεχνδρικήν

2110 2596 2515 2676 operationem
2544 2596 2887 2658 exhibuisse
2919 2597 3306 2657 demonstrat.

2189 2683 2398 2756 Quinto
2435 2686 2684 2765 epistola
2737 2687 2946 2748 eodem
3009 2703 3077 2746 ac
3137 2686 3540 2765 praecedentes
3603 2684 3750 2762 stylo

2111 2783 2365 2847 exarata,
2404 2776 2484 2836 ad
2525 2774 2891 2838 Dorotheum
2923 2775 3262 2852 λειτςουργόν
3294 2773 3515 2834 directa
3549 2782 3658 2832 est.
3691 2770 3755 2832 In

2111 2881 2181 2924 ea
2211 2873 2408 2925 autem
2466 2884 2596 2945 qua:
2641 2866 2718 2927 sit
2768 2864 2970 2943 caligo
3028 2864 3238 2926 divina
3297 2873 3502 2924 auctor
3547 2862 3753 2944 aperit,

2113 2951 2474 3033 planumque
2506 2953 2641 3014 facit
2674 2967 2812 3016 tunc
2842 2953 3028 3015 Deum
3074 2971 3212 3014 vere
3265 2951 3565 3030 cognosci,
3623 2969 3756 3011 cum

2111 3041 2214 3102 ille
2245 3058 2426 3122 super
2445 3061 2682 3105 omnem
2714 3043 3024 3105 scientiam
3086 3049 3144 3104 et
3173 3039 3574 3120 cognitionem
3627 3058 3759 3102 esse

2114 3133 2515 3210 cognoscitur.

376 3222 798 3302 parvus,idem
817 3230 872 3284 et
892 3222 1070 3286 aliud
1080 3223 1319 3298 ,similis
1340 3231 1397 3286 et
1417 3223 1734 3286 dissimilis
1756 3223 1982 3285 dicatur
2001 3241 2013 3286 :
2039 3233 2079 3284 C
2184 3222 2272 3284 Ad
2283 3219 2665 3302 Sosipatrum
2678 3223 3089 3304 presbyterum
3120 3228 3283 3284 sexta
3300 3220 3477 3282 missa
3508 3226 3620 3295 est,
3659 3219 3760 3280 illa

379 3329 509 3390 qua:
528 3315 602 3372 sit
624 3311 756 3390 ejus
787 3313 1170 3395 quies,sedes
1197 3320 1257 3378 et
1293 3321 1508 3395 motus,
1539 3331 1649 3376 cur
1680 3313 2024 3376 nominetur
2105 3328 2221 3390 que
2251 3309 2516 3372 omnium
2561 3312 2698 3374 licet
2719 3312 3092 3389 brevissima,
3138 3313 3389 3374 formam
3424 3320 3623 3373 tamen
3657 3309 3759 3370 ha-

377 3399 644 3480 aequalis,
679 3403 1078 3479 omnitenens,
1104 3404 1505 3484 παντοκράτωρ,
1539 3404 1840 3483 antiquus
1887 3403 2021 3465 die-
2105 3399 2204 3461 bet
2223 3401 2644 3481 epistolaallac
2669 3412 2878 3465 auctor
2896 3411 3099 3464 noster
3121 3401 3587 3482 Sosipatrum‘ut
3611 3419 3756 3479 ope-

379 3493 933 3570 rum,antiiquuset
957 3489 1378 3573 novas;ibiqde
1401 3493 2023 3572 temporesetazternt—
2107 3509 2233 3552 ram
2269 3509 2435 3553 suam
2485 3511 2600 3554 non
2635 3502 2754 3555 tam
2787 3494 2846 3554 in
2876 3493 3192 3572 arguendis
3223 3491 3521 3554 hmreticis
3582 3509 3757 3571 quam

383 3580 532 3642 tatis
557 3588 824 3643 naturam
842 3583 1157 3664 explanare
1176 3583 1506 3646 contendit.
1525 3581 1737 3645 Postea
1757 3583 1950 3663 (cap.l
1968 3583 2016 3656 l)
2101 3585 2162 3642 iu
2189 3580 2436 3644 veritate
2460 3582 2814 3644 stabilienda
2841 3591 3040 3663 ponat,
3076 3585 3266 3644 amice
3297 3589 3519 3643 monet.

379 3668 454 3729 de
487 3688 629 3750 pace
660 3669 790 3747 Dei,
826 3673 924 3753 qui
950 3671 1144 3734 omnis
1177 3673 1341 3754 pacis
1370 3681 1579 3734 auctor
1610 3680 1720 3748 est,
1757 3671 2021 3748 disserit,
2193 3667 2453 3752 Septima
2483 3671 2581 3733 ille
2610 3671 2931 3753 Polycarpo
2965 3671 3271 3752 episcopo,
3308 3671 3410 3751 qui
3440 3671 3634 3752 ipsum
3686 3669 3759 3730 ab

382 3776 635 3840 eamque
655 3760 728 3822 ab
753 3760 1032 3823 omnibus
1049 3761 2028 3824 desideraridemonstratDchinc
2111 3758 2529 3842 Apollophane
2561 3761 2847 3842 sophista,
2897 3763 3054 3842 quod
3085 3761 3397 3842 opiniones
3452 3761 3760 3839 gentilium

384 3849 548 3929 (cap.
577 3850 670 3920 12)
687 3849 760 3911 ad
790 3869 860 3913 ea
879 3852 1203 3932 respondet
1225 3871 1361 3933 qua;
1383 3850 1776 3915 Thimotheus
1799 3852 1930 3914 data
1951 3852 2023 3913 ad

386 3955 523 3999 eum
555 3939 805 4019 epistola
841 3949 1214 4020 poposcerat,
1251 3941 1394 4021 quid
1431 3941 1506 4002 sit
1535 3958 1652 4020 per
1681 3959 1742 4002 se
1772 3957 2031 4020 esse,per

385 4045 451 4090 se
470 4030 615 4108 vita,
628 4031 1305 4108 pergsesapientialum
1327 4030 1581 4090 subinde
1600 4029 1670 4090 ad
1692 4029 2030 4091 divinorum

387 4117 701 4179 nominum
760 4118 1237 4198 explanationem
1299 4136 1596 4194 reversus,
1656 4117 2031 4199 perspicuum

391 4209 540 4270 facit
569 4216 713 4289 (cap.
759 4209 855 4289 l3)
892 4227 1000 4272 cur
1031 4208 1186 4272 Deus
1218 4217 1462 4272 vocetur
1493 4209 1750 4273 Sanctus
1791 4215 2024 4271 sancta

2114 3849 2496 3924 confutando,
2533 3869 2633 3912 eas
2666 3851 2901 3914 sincere
2933 3871 3048 3912 non
3085 3852 3514 3930 proposuisset,
3575 3851 3762 3930 palam

2115 3938 2377 4001 incusari
2411 3941 2800 4018 nuntiaverat,
2836 3941 3202 4020 respondere
3234 3941 3486 4002 videtur.
3524 3941 3619 4000 Ait
3652 3940 3764 4001 ita-

2116 4046 2232 4108 que
2254 4047 2318 4090 se
2349 4047 2482 4090 cum
2509 4029 2793 4092 adversus
2816 4029 3069 4107 gentiles
3093 4029 3445 4109 disputaret,
3474 4046 3570 4090 res
3594 4035 3768 4107 prout

2115 4137 2180 4180 se
2198 4117 2658 4194 haberent,vere
2676 4136 2799 4180 sem
2809 4137 2916 4199 per
2928 4118 3227 4192 retulisse;
3261 4119 3767 4199 l’olycarpumquo

2129 4215 2295 4286 rogat
2325 4217 2385 4268 ut
2418 4207 2817 4289 Apollophani
2869 4207 3159 4287 significet
3211 4227 3345 4270 eum
3380 4208 3571 4287 ipsum
3606 4224 3765 4287 esse,

386 4315 550 4370 rum,
580 4297 718 4360 Rea:
747 4317 985 4379 regum,
1025 4300 1320 4362 Dominus
1349 4299 1831 4379 dominantium,
1881 4297 2045 4360 Deus
2131 4299 2230 4378 qui
2259 4297 3017 4360 diviniaadversusdivina
3049 4298 3347 4362 abutitur.
3382 4297 3612 4359 Etenim
3647 4315 3765 4357 non

390 4387 782 4450 deorum.His
802 4388 883 4450 ita
910 4389 1456 4470 eXplicatis,monet
1485 4407 1549 4450 se
1582 4387 1780 4449 divina
1805 4388 2044 4449 nomina
2129 4388 2318 4449 solum
2353 4388 2426 4450 iis
2456 4407 2585 4469 qua:
2613 4386 2809 4450 Josum
2832 4395 2890 4450 et
2920 4386 3183 4449 Ezechim
3243 4387 3610 4468 temporibus
3660 4405 3766 4448 ac—

389 4493 497 4556 pro
518 4481 642 4537 suis
662 4476 908 4560 viribus,
933 4497 1049 4539 non
1077 4496 1181 4558 pro
1207 4497 1413 4540 eorum
1437 4476 1723 4556 dignitate
1746 4475 1830 4538 sic
1851 4476 2044 4558 expli-
2130 4477 2986 4553 ciderant,iusolitiscmlorum
3025 4477 3310 4553 motibus,
3345 4477 3450 4539 sed
3479 4477 3536 4538 in
3561 4476 3769 4556 primis

389 4565 608 4647 cuisse,
628 4573 714 4647 ut,
745 4567 793 4628 si
826 4565 965 4647 quid
981 4577 1141 4629 recte
1160 4587 1299 4630 asse
1317 4568 1534 4630 dictum
1560 4567 1824 4647 fuerit,id
1848 4575 2031 4628 totum
2062 4568 2440 4648 Dstupenda,
2475 4585 2650 4648 quam
2684 4565 3004 4648 Il’eliopoli,
3037 4566 3180 4628 dum
3215 4565 3481 4630 Christus
3541 4566 3772 4627 cruciﬁ-

388 4656 452 4717 in
478 4655 664 4718 Deum
690 4656 881 4738 ipsum
914 4657 1408 4740 refundidebeat;
1435 4659 1484 4719 si
1509 4656 1651 4739 quid
1677 4674 1813 4718 vero
1839 4657 2034 4719 minus
2119 4665 2378 4737 geretur,
2413 4656 2515 4718 ille
2544 4675 2745 4718 secum
2777 4656 3028 4736 viderat,
3063 4657 3207 4719 solis
3264 4656 3622 4730 defectione,
3684 4653 3758 4714 de

391 4747 540 4808 recti
572 4755 629 4808 et
652 4747 924 4828 perfecti,
956 4747 1101 4810 illud
1139 4747 1436 4810 Timothei
1471 4747 1678 4829 peritia
1721 4745 1859 4808 velit
1901 4765 2035 4808 esse
2123 4746 2392 4826 ejusdem
2429 4744 2646 4809 Christi
2679 4745 2985 4808 divinitate
3016 4746 3207 4809 fuerat
3239 4746 3565 4809 convictus.
3601 4743 3768 4816 Quod

393 4836 1032 4918 correctum.Spondet
1058 4837 1316 4919 denique
1347 4856 1412 4900 se
1443 4837 1513 4900 de
1532 4834 1855 4917 symbolice
1881 4835 2038 4898 theo—

395 4927 558 5009 logia
581 4939 712 5010 post
736 4929 862 4992 haec
894 4947 1023 4992 essc
1063 4931 1451 5012 scripturum,
1514 4937 1691 5010 atque
1754 4929 1830 4990 ita
1889 4927 2041 4990 libro

394 5035 504 5079 suo
535 5018 717 5080 tinem
747 5018 1021 5100 imponit.

476 5105 627 5188 §IV.
652 5106 838 5172 Liber
859 5109 933 5172 de
961 5110 1226 5189 mystica
1261 5108 1579 5190 theologia.
1630 5141 1709 5154 —
1759 5105 2044 5180 Quartum

395 5194 640 5274 librum,
678 5198 766 5263 De
796 5201 1050 5280 mystica
1084 5199 1384 5280 theologia
1439 5198 1608 5262 titulo
1667 5196 2040 5278 inscriptum,

396 5295 608 5352 auctor
637 5298 842 5353 noster
875 5287 950 5352 ab
1004 5289 1402 5353 saactissimae
1449 5287 1749 5353 Trinitatis
1801 5288 2044 5350 invoca-

403 5378 824 5442 tioneinchoat
854 5379 1009 5460 (cap.
1047 5379 1138 5458 1),
1161 5377 1662 5460 Timotheumque
1706 5395 2048 5440 commone-

401 5467 543 5530 facit
575 5475 821 5552 mystica
853 5486 984 5532 cum
1021 5467 1166 5531 viris
1199 5470 1439 5550 paganis
1471 5487 1588 5532 non
1621 5484 1753 5530 esse
1773 5481 2046 5532 commu-

400 5557 677 5625 nicanda.
705 5559 827 5643 Ipsi
857 5557 1113 5622 subinde
1141 5557 1454 5638 signiﬁcat,
1482 5567 1549 5622 ut
1573 5557 1648 5623 ad
1671 5556 1802 5638 Dei,
1828 5557 1933 5640 qui
1961 5562 2048 5619 tn-

402 5649 568 5718 ﬁnite
599 5669 779 5736 supra
807 5667 916 5716 nos
935 5648 1149 5732 elatus,
1176 5649 1465 5718 immensa
1505 5648 1756 5732 caligine
1785 5647 2044 5713 abscon-

2125 4836 2238 4918 ipsi
2269 4844 2330 4898 ut
2361 4835 2422 4897 iu
2455 4836 2802 4899 memoriam
2827 4845 3087 4917 revocet,
3111 4847 3285 4919 atque
3311 4836 3383 4898 ad
3417 4835 3766 4915 amplexan-

2128 4925 2262 4987 dam
2295 4924 2692 4987 Christianam
2724 4926 3077 5005 religionem
3102 4926 3472 5000 adhortatur,
3498 4923 3772 4986 obsecrat

2129 5022 2187 5077 et
2212 5014 2500 5096 praecipit.

2207 5103 2632 5186 Demophilum
2687 5104 3076 5187 monachum,
3135 5103 3238 5186 qui
3297 5101 3684 5187 pmnitentem
3741 5121 3775 5166 a

2127 5193 2439 5257 sacerdote
2459 5193 2819 5272 absolutum,
2849 5195 3164 5276 ipsumque
3198 5193 3570 5257 sacerdotem
3596 5211 3630 5255 a
3659 5210 3774 5275 quo

2129 5281 2885 5365 fueratabsolutus,durius
2902 5289 3272 5359 tractaverat,
3301 5283 3551 5365 epistola
3573 5291 3772 5345 octava

2129 5373 2803 5458 corripit.Quamobrem
2825 5373 3208 5438 clementiam
3226 5371 3777 5437 mansuetudinem-

2131 5485 2246 5548 que
2277 5464 2677 5540 commendat,
2705 5483 2773 5526 ac
2806 5463 2977 5526 variis
3005 5462 3244 5546 Moysis,
3279 5462 3538 5540 Davidis,
3595 5459 3771 5548 lose—

2131 5546 2259 5639 phi,
2315 5554 2686 5634 angelorum,
2747 5562 2807 5618 et
2862 5553 3082 5616 Christi
3160 5552 3399 5617 Domini
3481 5546 3775 5639 exemplis

2133 5637 2342 5731 probat
2371 5646 2709 5711 sacerdotes
2740 5645 3100 5711 amonachis
3129 5663 3249 5708 non
3277 5659 3409 5708 esse
3439 5637 3776 5721 arguendos

3577 5837 3720 5984 δέ]

3295 6065 3326 6096 .
3669 5989 3854 6104 Ὃ,
