4060 6214
304 352 381 431 13

1709 358 2301 436 PROLEGOMENA.
3616 356 3686 430 tt

303 509 485 581 atque
516 507 661 562 ante
686 496 883 580 ipsum
909 492 1010 579 qui
1034 491 1092 561 id
1124 508 1416 564 attentare
1434 520 1611 564 ausus
1641 502 1839 586 fuerit,
1862 504 1958 566 in-
1977 512 2020 563 Α
2045 504 2178 566 doxi
2197 502 2445 586 pedibus
2469 503 2529 563 in
2561 519 2766 564 eorum
2801 500 3407 580 iverintseutentiam,
3433 517 3686 579 eamque

299 597 544 651 ventum
580 607 716 651 esse
747 588 1076 653 neminem.
1110 589 1378 671 Denique
1413 602 1785 672 peccatorem
1821 611 1954 674 pte-

300 681 596 740 nitentem
630 679 708 739 ab
740 677 871 759 ipso
904 697 1039 739 non-
1054 678 1337 743 debuisse
1386 682 1554 761 rejici
1590 683 1740 745 mira
1770 684 1956 746 sancti

300 769 485 846 Carpi
515 767 743 830 visione
773 767 1167 831 demonstrat.

392 860 667 941 Epistulae
697 879 876 922 nonte
901 862 982 922 ad
1012 860 1213 925 Titum
1238 864 1586 945 episcopum
1611 873 1754 928 eatea
1786 865 1957 928 initio

314 951 462 1028 quid
496 951 689 1029 ﬁgurat
721 951 1072 1032 symbolice:
1105 959 1162 1014 et
1194 972 1517 1035 corporeae,
1555 974 1687 1036 quae
1744 959 1864 1020 Deo
1898 961 1955 1018 in

315 1040 616 1120 Scriptura
635 1058 810 1102 sacra
837 1041 1205 1117 tribuuntur,
1228 1041 1588 1121 signiﬁcent,
1623 1054 1831 1109 auctor
1855 1066 1959 1109 no-

313 1138 438 1192 ster
461 1128 754 1191 enucleat.
793 1129 1025 1192 Deinde
1055 1149 1125 1193 ea
1156 1151 1297 1209 quae
1324 1131 1493 1195 Titus
1523 1136 1954 1215 postulaverat,

311 1218 629 1299 explanare
658 1237 993 1299 aggressus,
1033 1221 1294 1283 ostendit
1344 1223 1491 1302 quid
1547 1224 1622 1286 sit
1677 1228 1962 1299 ebrietas,

1746 1316 1967 1398 quibus
2050 1310 2418 1390 ponderatis,
2452 1308 2802 1398 earumrvim
2834 1315 2892 1367 et
2918 1305 3120 1380 robur,
3160 1312 3257 1365 aut
3287 1304 3591 1398 levitatem
3623 1315 3687 1368 et

305 1308 661 1370 discubitus:
696 1326 943 1371 somnus
972 1315 1029 1372 et
1062 1311 1380 1391 evigilatio
1416 1314 1542 1378 Dei.
1604 1313 1686 1376 Ex

2040 593 2281 675 plurimi
2311 593 2491 654 variis
2551 587 3066 653 lucubrationibus
3136 589 3197 652 in
3257 588 3453 650 lucem
3484 589 3684 662 editis,

2042 682 2533 764 propugnandum
2566 679 2967 761 susceperint.
3027 676 3241 742 Contra
3272 687 3472 741 tamen
3531 684 3689 740 stant

2040 772 2220 853 aliqui
2252 791 2354 851 pro
2387 771 2798 848 antiquiorum
2831 766 3142 851 opinione,
3205 786 3385 847 quam
3438 767 3685 849 prolixis

2040 869 2217 923 etiam
2250 859 2802 925 Dissertationibus.
2835 860 2895 921 in
2924 857 3136 936 vulgus
3186 876 3303 919 non
3336 856 3416 919 ita
3450 857 3683 939 pridem

2041 951 2300 1023 emissis,
2337 949 2662 1013 defenduni
2698 967 2766 1011 ac
2801 956 3064 1012 tuentur.
3162 966 3163 969 ‘

2120 1043 2259 1105 Htec
2282 1042 2477 1122 itaque
2492 1036 2722 1121 questio
2748 1056 2881 1101 cum
2906 1054 3011 1118 pro
3033 1035 3227 1099 ofﬁcio
3252 1043 3453 1098 nostro
3474 1054 3688 1101 rursus

2039 1131 2110 1194 ad
2144 1149 2395 1194 examen
2427 1128 2761 1192 revocanda
2802 1130 2901 1207 sit,
2958 1125 3116 1188 illam
3145 1126 3227 1187 ita
3279 1126 3687 1210 tractabimus,

2048 1231 2133 1292 ut,
2160 1220 2438 1282 omnibus
2452 1219 2761 1299 utriusque
2785 1216 2968 1298 partis
2981 1214 3309 1277 rationibus
3332 1217 3683 1294 mqualance

304 1396 483 1459 facile
514 1398 760 1477 colligas
789 1398 872 1459 ibi
924 1399 1073 1460 nihil
1126 1400 1290 1462 aliud
1323 1421 1497 1482 quam
1534 1408 1729 1485 priora
1760 1395 1968 1486 capitis
2050 1400 2185 1461 vitia
2214 1399 2371 1460 clare
2386 1403 2446 1461 et
2478 1397 2813 1478 perspicue,
2840 1403 3128 1477 quantum
3162 1412 3269 1475 per
3291 1413 3398 1486 nos
3429 1395 3558 1486 ﬁeri
3581 1414 3681 1486 po-

303 1488 453 1550 uoni
484 1488 786 1550 Malachiae
818 1490 1127 1569 prophetae
1161 1490 1345 1553 verba
1374 1493 1682 1571 explicari.

386 1581 459 1641 In
492 1578 749 1658 epistola
767 1578 1024 1651 decima,
1058 1579 1141 1643 ad
1166 1579 1467 1645 Joannem
1496 1584 1955 1666 evangelistam,

303 1672 367 1733 in
400 1672 597 1736 insula
624 1672 907 1734 Patbmos
956 1673 1292 1737 exulantem
1316 1675 1565 1755 directa,
1591 1687 1796 1740 auctor
1825 1699 1962 1743 nos-

306 1770 403 1824 ter
431 1761 691 1823 celerem
728 1761 810 1822 illi
835 1759 910 1825 ab
941 1763 1156 1826 exsilio
1188 1771 1245 1826 in
1278 1767 1479 1828 Asiam
1512 1769 1800 1848 reditum,
1835 1768 1952 1830 ibi-

2049 1490 2214 1568 terit,
2245 1488 2690 1570 patefaciamus.
2726 1486 2832 1548 His
2861 1492 3055 1547 autem
3089 1501 3159 1545 ea
3189 1484 3391 1545 omnia
3437 1484 3685 1563 adjicie-

2048 1596 2178 1640 mus
2207 1597 2338 1659 quae
2366 1576 2438 1638 ad
2464 1576 2820 1639 eliciendam
2845 1572 3438 1651 conﬁrmandamque
3466 1574 3687 1635 verita-

2045 1677 2163 1729 tem
2195 1675 2444 1731 etvauas
2456 1667 2713 1746 argutias
2726 1664 3115 1746 depellendas
3137 1668 3320 1742 magis
3338 1662 3683 1727 conducere

2044 1757 2215 1819 nobis
2246 1756 2623 1819 videbuntur:
2659 1754 2927 1834 Denique
2961 1754 3113 1815 hanc
3146 1751 3540 1834 quaestionem
3574 1772 3682 1835 pro

307 1869 425 1931 que
456 1868 523 1911 se
551 1850 681 1930 ejus
719 1851 1032 1929 praesentia
1052 1851 1365 1916 fruiturum
1391 1867 1551 1917 certo
1573 1836 1951 1938 prmnuntiat.
1979 1836 2015 1885 Β
2040 1846 2189 1938 Virili
2226 1855 2388 1928 ρθτιθ
2419 1866 2487 1938 Qa
2534 1845 2809 1938 ιηθιῑιοίιο
2837 1843 3152 1938 ειιιιςιείξτρ
3181 1851 3537 1938 εθιδξθῐηυε,
3571 1864 3685 1925 qua

383 1943 643 2022 Adjecta
677 1949 765 2003 est
802 1946 857 2002 in
893 1945 1202 2006 nonnullis
1232 1947 1604 2011 editionibus
1636 1950 1953 2013 undecima

302 2040 569 2095 auctorts
591 2031 779 2092 nostri
799 2032 879 2093 ad
899 2033 1379 2114 Apollophanem
1390 2038 1809 2118 philosophum
1833 2040 1954 2120 epi-

304 2121 495 2184 stola:
522 2121 626 2182 sed
649 2138 782 2182 cum
811 2139 880 2182 ea
900 2123 991 2182 vix
1017 2122 1090 2183 ab
1115 2124 1237 2185 ullo
1262 2126 1522 2204 genuina
1553 2146 1684 2189 esse
1704 2146 1952 2191 censea-

307 2221 425 2287 tur,
461 2210 537 2271 de
565 2209 731 2271 illius
760 2212 1029 2285 veritate,
1059 2231 1132 2275 ne
1153 2232 1288 2276 cum
1322 2215 1454 2277 aliis
1484 2235 1741 2294 quarum
1767 2218 1959 2298 major

306 2311 398 2367 est
427 2302 778 2373 difﬁcultas,
836 2304 1335 2383 confunderetur,
1372 2308 1433 2371 in
1465 2310 1581 2372 ﬁne
1607 2310 1787 2391 hujus
1815 2310 1953 2373 Disv-
1980 2382 1987 2389 _

305 2394 650 2459 sertationis
695 2394 1155 2475 disputabimus.

946 2488 1193 2553 CAPUT
1237 2488 1311 2553 Il.

355 2576 713 2660 Emponitur
738 2587 942 2645 status
971 2582 1345 2661 qumstionis,
1409 2589 1461 2643 et
1496 2599 1615 2661 qua
1645 2583 1919 2645 methodo

943 2669 1333 2733 tractabitur.

408 2758 499 2819 De
526 2759 622 2820 his
656 2759 1164 2822 lucubrationibus
1193 2760 1241 2821 si
1274 2778 1343 2821 ex
1376 2760 1504 2840 ipso
1537 2778 1739 2822 earum
1791 2762 1960 2823 testi-

2038 1937 2315 1998 sincerus
2344 1936 2606 1997 veritatis
2657 1942 2887 1995 amator
2944 1932 3021 1995 de
3071 1932 3164 1993 his
3222 1932 3462 2014 scriptis
3512 1952 3686 1997 suum

2041 2026 2227 2108 possit
2258 2025 2487 2089 facilius
2519 2031 2580 2089 et
2610 2024 2829 2088 certius
2860 2023 3022 2085 ferre
3043 2022 3365 2102 judicium.

2668 2112 2911 2179 CAPUT
2941 2112 3047 2176 Ill.

2047 2205 2266 2269 Utrum
2299 2206 2547 2287 quidam
2577 2211 2904 2285 scriptores
2933 2210 3074 2265 ante
3106 2200 3510 2266 Cotlationem
3534 2203 3692 2267 Con-

2121 2295 2741 2376 stantinopolitanam
2769 2294 2897 2356 hanc
2949 2310 3137 2373 opera
3182 2295 3471 2374 Dionysio
3502 2296 3686 2357 attri-

2122 2386 2359 2448 buerim
2393 2385 2421 2446 ?

2125 2478 2364 2539 Constat
2402 2473 2646 2554 quidem
2694 2474 2896 2536 omnia
2944 2471 3202 2534 auctoris
3256 2471 3439 2532 nostri
3494 2468 3690 2551 Opera

2047 2573 2178 2645 post
2204 2564 2600 2626 Collationem
2636 2562 3149 2641 Constantinopoli
3180 2578 3335 2623 anno
3366 2560 3485 2623 533
3511 2560 3688 2625 habi-

2047 2663 2161 2715 tam
2198 2652 2478 2733 Dionysio
2509 2655 2889 2734 Areopagitae
2920 2671 3039 2714 uno
3069 2651 3196 2713 fere
3244 2650 3511 2712 omnium
3540 2669 3689 2713 con-

2046 2762 2224 2823 sensu
2256 2743 2437 2804 fuisse
2466 2742 2834 2822 adjudicata.
2852 2740 3059 2804 Utrum
3080 2749 3275 2802 autem
3296 2739 3692 2800 eademfuerit

324 2847 530 2908 monio
583 2848 794 2912 feratur
821 2849 1145 2930 sententia,
1214 2828 1445 2911 certum
1506 2861 1595 2912 est
1648 2850 1781 2912 illas
1840 2871 1954 2914 non

2049 2834 2447 2914 antiquiorum
2479 2832 2708 2913 opinio,
2742 2832 2897 2893 inter
2929 2830 3193 2893 eruditos
3215 2831 3539 2890 etiamnum
3573 2828 3691 2889 dis-

310 2936 499 2997 alium
559 2958 729 3019 quam
791 2922 1142 3020 Dionysium,
1195 2940 1638 3021 Areopagitam,
1703 2959 1737 3001 a
1781 2939 1959 3003 Paulo
2045 2926 2725 3021 QePial“f;_l’j9“l'Si3'}i
2759 2925 2918 3021 ἓῐξίω
2951 2922 3684 3021 ίθξίξ¹ῐῖοηίθκθΐίεθξξίῇίν

305 3012 1109 3131 apostolo:ad.Ch_ristiapam
1141 3029 1322 3130 ﬁdem
1340 3012 1687 3109 adductum,
1710 3031 1954 3112 ejusque

2049 3014 2379 3095 Athanasii,
2404 3016 2729 3076 Clementis
2761 3012 3148 3077 Alexandrini
3178 3021 3235 3073 et
3266 3012 3533 3092 Gregorii
3563 3015 3688 3077 Na-

2049 3106 2300 3131 _:-__-..:
2420 3124 2446 3131 -
2488 3104 2697 3131 ..--:L_--
2732 3104 2856 3131 ιη..-
2890 3105 3103 3131 ---ξηιλ
3141 3104 3227 3131 -.ΑΙ
3279 3101 3534 3131 Πῖηη..η22
3570 3121 3644 3131 ...ι

308 3101 519 3197 postea
556 3118 941 3201 discipulum,
977 3118 1257 3181 habuisse
1300 3128 1629 3185 auctorem.
1670 3101 1957 3185 'Vweruin-
1979 3101 2018 3131 υ
2042 3106 2301 3201 Ζίᾷηῑθιῖί
2329 3134 2393 3184 Ξ,
2417 3124 2451 3167 3
2483 3104 2859 3201 animatae
2889 3105 3110 3201 scripta
3141 3104 3229 3164 νθΙ
3274 3101 3680 3201 Βίοειγείίλιιίξ-

308 3191 617 3270 enimvero
648 3191 785 3290 qua;
815 3209 889 3270 de
919 3191 1086 3290 solis,
1119 3209 1352 3272 Christo
1372 3209 1690 3286 moriente,
1722 3211 1957 3298 eclipsi,
2043 3198 2203 3298 min}?
2234 3195 2557 3298 οίίθῑξλχθι
2592 3194 2851 3298 indicata
2880 3196 3223 3298 ῼΡίηᾶῐξῐξηό
3260 3192 3569 3298 ΡΓ-οξθτυηι
3622 3191 3685 3253 in

305 3295 384 3358 de
413 3286 683 3377 corpore
702 3298 971 3379 Deiparaa
1021 3286 1284 3377 Virginis
1319 3308 1452 3379 post
1481 3301 1610 3380 ejus
1645 3286 1957 3363 mortema
2044 3288 2332 3380 medium;
2364 3287 2609 3380 Addunt
2668 3287 3016 3380 Dionysium
3043 3286 3563 3380 Alexandrinum,
3627 3293 3690 3346 ut

303 3403 373 3447 se
404 3394 465 3447 et
495 3374 569 3448 ab
600 3374 886 3468 apostolis
914 3388 1062 3461 viso,
1098 3374 1174 3450 de
1204 3374 1449 3451 Joannis
1480 3374 1861 3469 evangelista;
1885 3389 1958 3452 ab
2042 3379 2398 3469 Anastasius
2446 3376 2693 3459 Sinaita,
2734 3387 2971 3469 sanctus
3002 3379 3128 3437 Max
3134 3375 3297 3469 imus
3348 3383 3407 3469 et
3454 3374 3688 3469 Nicetas

305 3474 519 3537 exsilio
535 3465 819 3556 regressu
844 3477 1143 3557 dicuntur,
1171 3496 1271 3540 eas
1295 3465 1755 3558 aDionysio'illo
1771 3479 1955 3561 scrip—
2040 3467 2358 3531 Choniates
2392 3475 2701 3543 testantur,
2766 3467 2825 3528 in
2860 3467 3074 3529 eadem
3126 3465 3391 3547 Dionysii
3434 3465 3679 3546 scripta,

308 3569 402 3629 tas
434 3584 570 3629 esse
600 3566 860 3628 clamant
889 3576 949 3629 et
977 3566 1390 3631 testiﬁcantur.
1444 3568 1563 3630 Sed
1594 3568 1740 3632 illud
1772 3560 1954 3632 voca-
2036 3562 2452 3625 adnotationes
2495 3569 2554 3624 et
2582 3561 2810 3624 scholia
2840 3560 3123 3641 edidisse,

307 3663 408 3717 tur
437 3656 497 3716 in
531 3659 996 3718 controversiam
1034 3675 1175 3718 num
1210 3658 1421 3719 horum
1452 3665 1661 3719 auctor
1702 3659 1952 3740 scripto-
2119 3649 2235 3714 Sed
2267 3651 2635 3713 contendunt
2661 3669 2865 3713 eorum
2894 3650 3221 3712 adversarii
3254 3667 3450 3740 neque
3480 3647 3687 3727 Orige-

303 3763 442 3807 rum
478 3746 529 3806 is
555 3763 699 3809 vere
726 3747 801 3811 sit
835 3746 1219 3827 Areopagita,
1254 3765 1431 3828 quem
1476 3765 1543 3810 se
1586 3748 1784 3828 prodit
1820 3738 1950 3812 {vel
2036 3758 2201 3823 nem,
2236 3760 2433 3819 neque
2465 3742 2881 3819 Athanasium,
2916 3748 2979 3800 ut
3009 3757 3216 3800 omnes
3245 3738 3423 3800 facile
3456 3756 3680 3828 cence-

314 3836 594 3897 emeutito
624 3837 775 3898 tanti
804 3835 915 3897 viri
944 3826 1190 3899 numine
1220 3826 1462 3917 scriptis
1493 3826 1948 3903 suisauctorita.
2036 3830 2324 3913 dunt,sed
2346 3832 2714 3895 recentiores
2733 3829 3024 3912 quosdam
3052 3830 3291 3909 horum,
3324 3844 3454 3909 quae
3488 3826 3682 3917 citane

323 3933 447 3985 tem
476 3925 1110 3989 rolueritattribuere.
1143 3925 1280 3989 Haec
1314 3916 1511 3989 autem
1570 3930 1817 4006 quaestio
1875 3932 1950 3992 ob
2034 3929 2152 4002 tur,
2206 3939 2452 4002 operum
2512 3940 2644 3984 esse
2700 3929 2999 3983 auctores.
3063 3918 3361 3990 Quantum
3416 3934 3553 3978 vero
3612 3916 3687 3978 att

316 4014 573 4076 auctoris
603 4033 848 4091 nomen,
883 4026 941 4078 et
962 4032 1197 4077 summa
1238 4035 1366 4097 quae
1395 4016 1456 4077 in
1512 4017 1607 4079 his
1666 4019 1950 4100 operibus
2033 4014 2283 4091 scholia,
2314 4024 2540 4078 certum
2561 4014 2749 4076 videri
2764 4010 3114 4091 eaDionysii
3141 4009 3531 4100 Alexandrini
3567 4028 3687 4070 non

311 4110 639 4166 tractantur
667 4114 1045 4183 argumenta,
1078 4111 1224 4167 tanti
1256 4106 1540 4186 ponderis
1575 4116 1633 4168 et
1664 4099 1951 4174 momenti
2037 4120 2169 4168 esse
2197 4104 2406 4168 fetum.
2441 4104 2741 4167 Eusebius
2772 4102 2994 4165 etenim
3053 4108 3229 4180 atque
3258 4099 3678 4179 Hieronymus,

309 4194 435 4254 visa
465 4201 580 4271 est,
614 4201 679 4256 ut
732 4196 824 4266 νὴ
870 4194 987 4258 alia
1034 4194 1237 4277 fuerit,
1272 4195 1335 4258 in
1394 4215 1509 4276 qua
1567 4199 1954 4262 examinanda
2035 4200 2135 4279 qui
2167 4196 3110 4279 Alexandrinihujuspatriarchte
3130 4214 3312 4276 Opera
3343 4193 3688 4273 diligentis-

309 4283 505 4345 critici
539 4284 825 4363 majorem
846 4286 1215 4366 diligentiam
1247 4285 1593 4349 adhibuisse
1617 4289 1945 4350 videantur.
2032 4289 2647 4362 simerecensuerunt,
2671 4288 2890 4350 nullam
2907 4286 3150 4347 omnino
3176 4287 3386 4345 horum
3410 4282 3688 4343 scholio-

389 4371 579 4435 Porro
607 4384 808 4437 autem
833 4376 980 4439 duas
1004 4375 1088 4437 illi
1121 4376 1473 4439 scinduntur
1506 4376 1566 4437 in
1584 4385 1800 4457 partes.
1834 4378 1950 4441 Alii
1976 4394 2167 4457 hrum
2199 4377 2472 4440 fecerunt
2507 4377 2895 4440 mentionem.
2930 4374 3081 4448 Quid
3140 4375 3296 4454 quod
3340 4371 3690 4435 Anastasius

306 4462 605 4543 siquidem
633 4470 851 4545 scripta
880 4467 1006 4530 haec
1039 4467 1242 4529 omnia
1270 4485 1304 4527 a
1334 4466 1624 4547 Dionysio
1655 4469 1806 4549 ipso,
1839 4488 1947 4531 cu-
1976 4461 2099 4528 I’ac
2138 4476 2268 4546 post
2312 4487 2450 4530 eum
2483 4466 2766 4530 lllaximus
2799 4468 2960 4528 hunc
2994 4463 3339 4543 Dionysium
3376 4481 3445 4524 ex
3478 4461 3688 4523 rheto-

299 4550 406 4631 jus
436 4553 676 4615 nomine
710 4555 1145 4638 tnscribuntur,
1191 4556 1452 4636 profecta
1483 4573 1615 4618 esse
1673 4566 1943 4634 censent,
2030 4581 2161 4623 rum
2195 4580 2444 4623 numero
2487 4561 2833 4641 episcopum
2858 4560 3078 4622 factum
3109 4559 3291 4619 fuisse
3328 4556 3569 4634 aiuutg.’
3607 4557 3688 4617 At

306 4642 455 4715 Quae
482 4643 725 4724 quidem
777 4644 981 4724 opinio
1032 4645 1106 4709 ab
1136 4664 1206 4709 eo
1242 4654 1513 4726 tempore
1544 4664 1662 4722 quo
1718 4646 1837 4709 illte
1885 4650 1947 4711 iu
2030 4669 2288 4731 magnus
2328 4648 2869 4731 Dionysiusherba
2898 4658 3035 4711 sunt
3067 4646 3396 4725 Athanasii)
3434 4663 3513 4707 ea;
3541 4644 3683 4707 rhe-

304 4732 520 4810 vulgus
548 4732 922 4817 prodierunt,
943 4754 1137 4814 usque
1165 4735 1236 4799 ad
1262 4735 1558 4798 decimum
1574 4743 1804 4799 sextum
1827 4737 1945 4801 Ec-
2032 4748 2230 4802 torum
2260 4757 2505 4802 numero
2535 4741 2850 4819 episcopus
2904 4738 3128 4818 factus,
3164 4739 3227 4798 in
3261 4735 3532 4809 scholiis,
3568 4742 3683 4797 etc.

309 4820 507 4882 clesite
527 4822 832 4897 smculum,
870 4827 1073 4904 paucis
1110 4826 1516 4904 nequidquam
1564 4826 1948 4890 reclamanti-

307 4908 447 4985 bus,
480 4910 635 4991 apud
680 4930 889 4974 omnes
916 4913 1042 4976 fere
1098 4915 1362 4977 invaluit.
1416 4915 1531 4978 Alii
1562 4933 1596 4977 e
1654 4923 1949 4980 contrario

307 4999 517 5060 eadem
551 5017 733 5080 opera
785 5021 915 5063 cum
948 5001 1173 5066 liberos
1209 5012 1328 5067 tum
1365 5004 1647 5088 epistolas
1674 5006 1949 5087 Dionysio

303 5088 685 5169 Areopagitae
715 5088 894 5172 plane
942 5093 1300 5176 penitusque
1329 5094 1696 5176 abjudicant,
1762 5114 1950 5177 eaque

302 5176 644 5241 adulterina
673 5188 734 5241 et
757 5187 914 5244 tanto
941 5183 1065 5245 viro
1093 5184 1400 5265 supposita
1419 5204 1551 5249 esse
1564 5176 1948 5261 arbitrantur.

302 5264 472 5329 Hanc
501 5286 639 5331 vero
670 5268 1018 5350 opinionem
1052 5264 1188 5335 cum
1218 5264 1389 5338 Valla
1417 5284 1474 5338 et
1498 5273 1781 5336 Erasmus
1819 5293 1952 5336 am-

305 5356 522 5439 plexati
553 5356 829 5437 fuissent,
863 5360 1475 5439 acerrimosomnium
1496 5363 1613 5426 sibi
1631 5365 1955 5429 adversan-

308 5436 458 5508 tinm
481 5445 744 5529 impetus
773 5436 1155 5531 exceperunt.
1182 5436 1295 5516 Sed
1328 5454 1368 5516 ii
1397 5455 1641 5518 demum
1673 5454 1757 5519 ita
1787 5455 1954 5521 fracti

307 5543 472 5614 sunt,
505 5545 571 5603 ut
600 5556 754 5620 pene
785 5558 993 5605 omnes
1026 5549 1143 5605 tam
1175 5542 1469 5610 Catholici
1506 5566 1686 5629 quam
1716 5548 1955 5613 hetero-

2031 4827 2318 4891 Maximus
2363 4848 2502 4891 vero
2536 4831 2639 4886 ἀπὸ
2668 4828 2929 4907 ρητόρων,
2975 4836 3092 4890 etc.
3128 4826 3306 4907 Atqui
3343 4824 3685 4905 Dionysius,

2033 4931 2351 5004 antequam
2371 4922 2431 4982 in
2447 4923 2791 5002 episcopum
2806 4920 3277 4982 Alexandrinum
3295 4924 3689 4980 essetassum-

2037 5019 2192 5094 ptus,
2220 5030 2337 5073 non
2364 5011 2726 5074 rhetoricam
2762 5009 3170 5092 proﬁtebatur.
3195 5027 3301 5071 seu
3329 5007 3679 5070 catecheses

2033 5101 2190 5182 apud
2225 5100 2507 5182 populum
2542 5099 2944 5163 Christianum
2985 5099 3268 5162 habebat.
3331 5096 3484 5171 Quid
3545 5115 3686 5175 ergo

2035 5190 2177 5252 inde
2219 5189 2381 5252 aliud
2413 5190 2676 5270 colligas,
2725 5208 2903 5271 quam
2939 5189 3065 5251 haec
3096 5186 3323 5250 scholia
3343 5185 3688 5266 conscripta

2036 5280 2221 5343 fuisse
2262 5279 2576 5358 aquodam
2609 5270 2873 5361 rhetore,
2906 5278 3147 5341 nomine
3169 5270 3475 5357 Dionysio,
3510 5291 3689 5355 quem

2036 5369 2388 5434 Anastasius
2427 5377 2488 5434 et
2530 5371 2819 5433 Maximus
2881 5369 3277 5450 patriarcham
3328 5362 3689 5428 Alexandri-

2038 5479 2183 5523 num
2216 5478 2347 5523 esse
2381 5458 2527 5522 falso
2557 5458 2826 5523 arbitrati
2859 5468 3022 5522 sunt.
3049 5456 3259 5535 Neque
3306 5471 3446 5516 vero
3480 5452 3541 5513 in
3574 5452 3689 5513 hoc

2039 5557 2268 5615 tantum
2293 5550 2512 5614 erravit
2553 5548 2906 5616 Anastasius
2936 5569 2953 5629 ;
2986 5566 3120 5611 nam
3156 5553 3220 5608 ut
3253 5549 3454 5625 cetera
3486 5552 3687 5607 tacea-

385 5698 409 5744 ι
451 5698 674 5765 Hemi].
712 5699 775 5787 2,
808 5699 902 5767 De
928 5703 1163 5771 dicere.
1209 5703 1241 5757 ε
1273 5709 1498 5789 Quaest.
1534 5710 1614 5775 ad
1640 5709 1921 5778 Antioch.
1961 5715 2196 5801 §Tom.
2231 5711 2308 5780 Vl
2339 5712 2501 5781 Bibl.
2545 5711 2825 5791 Patrum;
2856 5728 2985 5794 cap.
3024 5711 3119 5774 l2.
