4060 6214
379 371 452 436 15
1540 366 1602 432 S.
1646 365 2057 437 DIONYSIUS
2098 362 2585 434 AREOPAGITA
3685 371 3753 446 16

374 529 532 586 mus,
563 510 622 574 in
667 509 877 575 eodem
935 526 1116 591 opere
1171 502 1559 588 Augustinum
1620 526 1722 590 pro
1781 506 2295 596 ChristoAOpera
2318 511 2592 594 Dionysio
2635 515 3009 596 Areopagitae
3058 516 3348 580 attribuit.
3425 520 3578 589 Ante
3611 545 3748 590 eum

373 601 723 683 sanguinem
749 619 920 664 suum
953 599 1178 662 fudisse
1207 599 1486 662 afﬁrmat:
1520 599 1800 662 Facessat
1831 595 2022 676 inquit
2101 621 2240 664 νει-ο
2265 601 2539 683 Εριιι-ωιῃ
2572 595 2905 685 patriarcha
2947 608 3384 672 Anuochenus.

379 693 534 784 (cap.
568 696 646 784 l),
671 693 1076 784 {tugustinus
1103 689 1676 784 quisuo‘sanguina
1674 690 1734 750 in
1749 685 2022 767 scriptis,
2190 690 2357 784 Circa
2378 693 2563 755 initiia
2595 695 2792 757 saeculi
2825 697 3060 776 septimi
3090 698 3298 759 eadem
3335 700 3446 763 fuit
3479 704 3747 784 Gregorii

373 783 530 847 duas
553 783 622 845 in
653 780 892 843 Christo
911 786 1154 842 natrras
1183 779 1598 859 consignavit.
1637 777 1820 868 Porro
1846 793 2029 868 eaau-
2085 781 2306 862 -Magni
2336 785 2631 844 sententia
2653 785 2859 846 homil.
2898 786 2975 847 34
3006 787 3063 847 in
3089 789 3372 868 Evangel.
3410 777 3748 856 Lucaeflﬁo-

374 881 604 937 ctorum
632 870 1037 953 quihactenus
1070 868 1231 932 citati
1255 879 1414 950 sunt,
1455 888 1561 951 pro
1593 866 2030 948 DionysiiOpe-
2116 872 2248 934 dem
2283 873 2504 935 saeculo
2539 881 2596 934 et
2626 875 3029 937 Monothelitm
3059 866 3344 954 haeretici,
3382 889 3438 941 et
3460 881 3752 945 Catholici

371 964 542 1027 ribus
585 960 946 1036 testimonia,
982 958 1122 1022 ﬁdei
1153 968 1290 1022 sunt
1319 959 1472 1021 adeo
1505 957 1801 1032 sublesta,
1836 958 2020 1019 utdo-
2103 981 2310 1024 omnes
2332 962 2458 1026 sive
2482 962 2541 1024 in.
2569 963 2804 1044 synodis
2834 967 3219 1028 Lateranensi
3251 979 3310 1029 et
3341 967 3756 1035 Constantino-

372 1055 592 1118 ctiores
614 1051 973 1133 scriptorum
992 1049 1386 1144 _Areopagitze
1411 1049 1755 1113 defensores
1785 1047 1884 1110 illa
1902 1066 2020 1109 non
2105 1053 2369 1144 politana
2388 1053 2675 1144 generali,
2702 1054 2827 1116 sive
2849 1055 2907 1116 in
2928 1056 3163 1138 scriptis
3185 1058 3310 1118 suis
3329 1059 3536 1122 eadem
3557 1063 3756 1144 Opera

366 1151 606 1207 tantum
627 1159 870 1233 urgere,
907 1139 1012 1203 sed
1049 1158 1161 1203 nec
1219 1156 1555 1224 proponere
1598 1157 1829 1220 aequum
1889 1155 2020 1200 esse
2101 1141 2760 1233 DionysioAreopagitaa
2791 1145 3056 1206 tribuunt
3087 1154 3143 1207 et
3171 1147 3494 1211 vindicant.
3531 1139 3753 1233 Et'qui-

370 1231 731 1317 putaverint.
2101 1232 2235 1293 dem
2251 1231 2512 1293 haeretici
2529 1236 2790 1311 :Sergius
2822 1234 2990 1314 epist.
3011 1235 3083 1296 ad
3115 1238 3326 1316 Cyrum
3347 1231 3746 1318 patriarcham

448 1325 574 1388 Nec
620 1322 863 1405 majoris
905 1318 1191 1410 ponderis
1222 1327 1310 1384 est
1356 1319 1512 1383 aliud
1571 1324 2012 1410 argumentum,
2098 1321 2838 1399 Alexandr.;Tbemistius
2875 1329 3046 1404 epist.
3088 1325 3162 1387 ad
3217 1327 3542 1390 Marcellin.
3577 1351 3747 1410 pres-

369 1413 516 1476 inde
542 1413 807 1489 ductum,
841 1409 996 1493 quod
1027 1410 1308 1473 Clemens
1367 1408 1808 1499 Alexandrinus
1865 1407 2012 1499 etin
2099 1411 2243 1493 byt.,
2280 1421 2338 1474 et
2366 1413 2575 1490 Steph.
2608 1412 2761 1476 diac.
2825 1414 3115 1476 Catholici
3148 1434 3285 1478 vero
3320 1438 3334 1477 :
3371 1407 3742 1499 Sephronius

367 1504 442 1566 iis
475 1521 605 1585 quae
635 1501 846 1566 deDeo
868 1519 986 1592 per
1011 1496 2012 1592 negationescognoscendotradit,
2100 1503 2432 1584 patriarcha
2462 1502 2850 1585 llierosolym.
2913 1505 3086 1585 epist.
3151 1507 3222 1568 ad
3285 1496 3482 1591 Sergi;
3521 1514 3747 1592 Agatho

371 1601 428 1657 et
459 1593 522 1656 in
557 1612 626 1655 eo
661 1592 819 1672 quod
865 1590 1137 1653 homines
1167 1591 1299 1652 vitm
1329 1591 1612 1670 gnosticze
1651 1587 1904 1668 deditos,
1939 1588 2012 1648 iis
2106 1611 2279 1674 papa,
2315 1594 2489 1674 epist.
2524 1593 2595 1655 ad
2629 1596 2931 1657 Constant.
2970 1598 3290 1675 Pogonat.;
3320 1587 3608 1663 Maximus
3637 1603 3747 1663 ab-

370 1681 473 1766 qui
501 1683 821 1746 anchoram
854 1681 1117 1771 navis,ut
1139 1680 1214 1742 ad
1248 1699 1376 1742 eam
1411 1678 1721 1771 accedant,
1742 1679 2004 1771 trahunt,
2097 1681 2203 1744 bas
2237 1691 2298 1744 et
2321 1690 2562 1762 martyr,
2597 1682 2658 1744 in
2695 1683 2962 1748 scholiis.
2999 1684 3146 1747 Item
3180 1687 3490 1750 Adrianus
3520 1691 3542 1751 l
3578 1710 3745 1771 papa,

372 1772 760 1855 comparavit,
785 1770 1128 1853 Dionysium
1152 1779 1420 1832 nostrum
1449 1770 1525 1832 sit
1557 1769 1838 1830 imitatus.
1865 1770 2012 1831 Con-
2097 1775 2270 1853 epist.
2316 1772 2386 1834 ad
2447 1771 2640 1836 Carol.
2701 1775 2895 1855 Magn.
2930 1793 3033 1856 pro
3080 1778 3331 1857 septima
3363 1769 3609 1858 synodo.
3649 1769 3753 1842 llis

368 1872 461 1926 tra
493 1863 652 1926 enim
678 1860 947 1924 nonnulli
967 1859 1512 1942 AreOpagiticorum
1537 1858 1853 1920 adversarii
1878 1875 2014 1919 con-

373 1953 623 2016 tendunt
654 1972 770 2015 non
822 1951 1193 2015 Clementem
1255 1969 1327 2014 ex
1384 1968 1524 2012 vero
1561 1947 1857 2028 Dionysio.
1911 1947 2016 2008 sed

372 2044 986 2127 pseudo-Dionysium
1020 2059 1055 2104 a
1084 2040 1412 2117 Clemente,
1441 2039 1545 2117 qui
1577 2039 1674 2100 illo
1720 2037 2017 2118 antiquior

372 2145 522 2211 erat,
557 2153 625 2198 ea
655 2152 790 2216 quae
831 2132 1176 2195 referuntur
1225 2149 1366 2192 suos
1397 2127 1719 2192 adduxisse
1752 2128 1812 2188 in
1849 2146 2014 2189 usus.

369 2226 492 2288 Alii
519 2244 659 2288 vero
685 2231 890 2305 putant
923 2221 1053 2284 fieri
1085 2221 1256 2284 facile
1318 2219 1585 2301 potuisse
1617 2225 1679 2280 ut
1737 2225 2012 2297 uterque,

373 2315 484 2377 etsi
517 2316 666 2378 alter
688 2315 855 2377 alteri
879 2311 1124 2374 minime
1157 2318 1353 2382 notus,
1384 2308 1546 2371 illam
1571 2307 1846 2370 anchora:
1861 2307 2022 2368 navis

372 2412 633 2467 attractis
675 2407 1206 2485 eomparationem,
1269 2418 1398 2480 quae
1431 2398 1676 2460 cuilibet
1705 2395 1875 2458 obvia
1907 2403 2016 2472 est,

373 2493 737 2558 anhibuerit.
779 2492 850 2556 Et
879 2511 945 2556 re
967 2490 1209 2573 quidem
1242 2488 1372 2570 ipsa
1400 2488 1473 2550 ab
1507 2497 1763 2568 utroque
1795 2486 1895 2548 illa
1922 2485 2016 2547 di-

370 2602 544 2648 verso
575 2584 750 2666 plane
805 2581 1135 2644 instituitur
1189 2579 1389 2653 modo,
1446 2587 1504 2642 et
1547 2576 1730 2639 rebus
1775 2576 2018 2638 omnino

375 2675 626 2738 diversis
651 2669 1340 2742 accommodatur.Quod
1364 2687 1501 2731 vero
1534 2669 1609 2730 de
1635 2669 1756 2730 Deo
1780 2685 1884 2747 per
1911 2686 2019 2727 ne-

375 2763 646 2846 gationes
673 2759 1089 2844 cognoscendo
1124 2758 1398 2832 traditur,
1428 2757 1482 2818 id
1522 2775 1637 2819 non
1660 2754 1856 2818 minus
1886 2755 2018 2846 vnl-

373 2845 515 2938 gare
547 2864 636 2918 est
666 2863 724 2917 et
758 2854 988 2926 tritum,
1030 2869 1099 2912 ac
1143 2849 1394 2938 proinde
1426 2847 1576 2938 illud,
1606 2849 1796 2938 etiam,
1838 2845 2026 2938 potuit

373 2936 408 3010 a
438 2945 670 3010 duobus
705 2943 1100 3026 scriptoribus
1131 2939 1247 3002 sibi
1276 2937 1529 3002 invicem
1563 2936 1881 3017 incognitis
1915 2955 2021 3017 pa-

373 3038 522 3102 riter
551 3035 974 3118 aaqualiterque
1013 3031 1238 3096 doceri.

450 3127 538 3191 De
568 3126 860 3206 Gregorio
878 3125 1120 3186 demum
1152 3120 1546 3196 Nazianzeno,
1569 3135 1744 3201 quem
1779 3137 1846 3180 ex
1879 3137 2006 3180 auc-

373 3217 522 3281 toris
573 3199 763 3279 ιιοεῖτὶ
792 3213 1090 3294 Operibus
1137 3209 1358 3292 alipuid
1387 3199 1714 3272 deuorasse
1744 3207 2013 3270 nonnulli
2038 3199 2078 3250 C

369 3310 764 3388 arbitrantur,
825 3304 1012 3384 major
1063 3301 1268 3384 procul
1327 3300 1517 3388 dubio
1567 3298 2016 3388 estdiflicultas

372 3399 622 3472 Quidam
654 3387 962 3460 enimvero
991 3392 1198 3456 eadem
1233 3389 1428 3470 Opera
1456 3387 1717 3469 Dionysii
1749 3391 2014 3469 Aeropa-

373 3493 513 3567 gitze
542 3487 726 3550 fetum
760 3503 892 3547 esse
924 3488 1228 3562 negantes,
1264 3480 1524 3542 fatentur
1552 3497 1622 3542 ea
1651 3497 1684 3540 a
1727 3477 2015 3557 Gregorio

374 3579 741 3641 Nazienzeno
773 3576 926 3636 lecta
947 3573 1129 3637 fuisse
1145 3579 1203 3633 et
1231 3569 1615 3652 pervolutata,
1652 3587 1718 3631 ac
1741 3568 1868 3650 ipso
1891 3585 2016 3630 esss

374 3670 735 3753 antiquiora.
768 3667 885 3732 Sed
920 3663 996 3729 de
1053 3665 1147 3728 his
1178 3661 1332 3726 infra
1364 3662 1754 3746 opportunior
1786 3660 2022 3725 dabitur

374 3759 708 3826 disserendi
751 3758 940 3821 locus.

1003 3879 1240 3945 CAPUT
1286 3879 1384 3944 ιν.

376 4002 770 4069 Palmariunt
829 4000 1401 4080 AreOpagiticorum
1453 4001 1901 4075 argumentum,
1948 4011 2026 4056 ea:

454 4093 761 4156 constanti
787 4090 1063 4153 undecim
1113 4086 1474 4150 saeculorum
1531 4083 1856 4148 traditione
1909 4083 2018 4146 de-

451 4187 823 4266 promptum,
854 4180 1238 4261 proponitur.

455 4297 813 4362 Palmarium
847 4297 1043 4376 itaque
1068 4291 1550 4375 praecipuumque
1581 4289 2018 4372 Areopagitico-

2043 1915 2078 1964 B
2102 1862 2561 1964 adyungipotest
2589 1860 2941 1964 Theodorus
2959 1866 3264 1964 presbyter
3292 1869 3444 1948 apud
3472 1871 3746 1932 Photium

2101 1954 2160 2015 in
2201 1952 2512 2016 ΒίῡὶὶοιΙι..
2547 1954 2682 2016 cod.
2717 1953 2790 2017 Il.
2841 1955 3115 2028 Quamvis
3163 1958 3322 2020 enim
3376 1959 3748 2041 incomperta

2101 2045 2178 2106 sit
2205 2043 2365 2106 illius
2393 2053 2554 2124 aetas,
2580 2043 3033 2125 antiquissimus
3065 2056 3260 2110 tamen
3291 2067 3422 2112 esse
3451 2053 3735 2116 creditur.

2179 2133 2407 2197 Saeculo
2441 2142 2669 2209 octavo,
2697 2137 2956 2198 Joannes
2987 2139 3388 2200 Damascenus
3420 2139 3498 2200 lib
3560 2143 3580 2204 l
3614 2141 3742 2204 0r-

2100 2223 2299 2287 thoatae
2327 2225 2462 2303 ﬁd..
2510 2243 2640 2304 cap.
2677 2226 2774 2304 15,
2811 2232 2868 2289 et
2900 2225 3004 2289 lib.
3068 2225 3140 2303 ll,
3202 2247 3334 2308 cap.
3371 2229 3407 2289 3
3445 2251 3458 2292 :
3495 2229 3745 2293 Michael

2103 2312 2413 2394 Syngellus
2444 2313 2715 2375 laudatus
2781 2313 3156 2378 aTheodoro
3214 2318 3444 2380 Studita
3504 2319 3606 2382 lib.
3671 2319 3744 2398 ll,

2102 2404 2275 2484 epist.
2303 2403 2421 2466 213
2458 2421 2473 2478 ;
2507 2406 2782 2466 Anastas.
2816 2402 3162 2478 Niessenus,
3205 2407 3424 2480 Qucrst.
3451 2408 3525 2472 3'2
3549 2418 3610 2470 et
3643 2409 3745 2472 52.

2182 2492 2410 2555 Saeculo
2445 2492 2975 2573 nono,Nico|ansI
3013 2514 3168 2556 sum.
3207 2498 3412 2576 pontif.
3450 2499 3624 2579 epist.
3665 2502 3734 2560 ad

2103 2583 2378 2646 Michael.
2408 2582 2684 2662 imperat.
2722 2603 2737 2659 ;
2772 2582 3014 2644 Photius
3046 2585 3380 2664 patriarcha
3405 2589 3748 2652 Constanti-

2106 2693 2245 2754 nop.
2278 2673 2335 2733 in
2369 2672 2552 2746 Bibl.,
2599 2673 2737 2734 cod.
2773 2673 2878 2736 23l
2923 2695 2937 2753 ;
2976 2673 3292 2738 lliltluinus
3323 2677 3506 2740 abbas
3539 2677 3741 2741 Sancti

2105 2763 2366 2844 Dionysii
2402 2763 2458 2823 in
2493 2764 3240 2845 ArmpagiL;Hincmarus
3264 2769 3742 2850 archiep.liem.,

2106 2857 2258 2933 epist
2287 2851 2358 2913 ad
2393 2851 2586 2916 Carol.
2622 2853 2806 2928 Calv.,
2845 2854 3192 2916 Anastasius
3223 2854 3531 2931 Biblioth.,
3567 2857 3743 2938 epist.

2105 2942 2178 3003 ad
2208 2941 2512 3005 eumdem.

2184 3031 2416 3094 Smeulo
2441 3032 2697 3114 decimo,
2724 3032 2964 3095 Simeon
2997 3034 3448 3114 Metaphrastcs,
3475 3043 3624 3096 orat.
3666 3039 3749 3100 De

2106 3121 2346 3185 dormit.
2381 3123 2669 3203 Deiparae.
2731 3121 2856 3184 Huc
2886 3142 3123 3205 quoque
3177 3124 3447 3186 advocari
3504 3124 3753 3188 forsitan

2105 3221 2347 3293 possunt
2375 3212 2613 3293 quidam
2659 3211 2900 3275 incertae
2949 3213 3134 3274 aetatis
3179 3213 3556 3292 scriptores:
3591 3215 3750 3278 Elias

2098 3303 2396 3366 Cretensis
2425 3301 2485 3363 in
2514 3310 2662 3366 orat.
2687 3302 2726 3364 2
2753 3301 2942 3366 sancti
2979 3301 3248 3383 Gregorii
3283 3302 3536 3366 Nazianz
3571 3325 3586 3386 ;
3620 3304 3742 3366 An-

2097 3391 2296 3454 tonius
2321 3390 2488 3452 Melis
2513 3410 2597 3473 sa,
2633 3391 2738 3453 lib.
2778 3394 2818 3467 l,
2853 3411 3036 3456 serm.
3091 3393 3188 3466 19,
3227 3401 3284 3455 et
3313 3393 3416 3455 alii
3450 3393 3749 3456 nonnulli.

2180 3478 2407 3542 Saeculo
2439 3481 2782 3563 undecimo,
2811 3480 3026 3543 Suidas
3055 3481 3116 3543 in
3148 3481 3551 3546 Collectaneis

2184 3570 2411 3635 Steculo
2444 3570 2784 3647 undecimo,
2835 3570 3182 3652 Euthymius
3233 3571 3562 3651 Zigabenus
3621 3593 3754 3637 mo-

2072 3710 2076 3713 μ
2104 3661 2329 3723 nacbus
2353 3660 2732 3742 Panopl.,tit.
2752 3658 2823 3737 ll,
2849 3659 3016 3741 Hugo
3046 3679 3081 3723 a
3105 3659 3316 3725 Sancto
3347 3660 3610 3744 Victore,
3638 3662 3750 3724 Pe-

2105 3759 2230 3812 trus
2252 3750 2620 3814 Lombardus
2653 3750 2712 3811 in
2743 3748 2795 3812 II
2827 3750 3118 3824 Sentent.,
3145 3760 3203 3814 et
3225 3751 3323 3814 alii
3345 3763 3550 3833 postea
3579 3753 3749 3814 theo-

2107 3838 2228 3916 logi
2250 3839 2611 3900 scholastici.

2194 3929 2425 3992 Smculo
2485 3929 2720 3991 decimo
2777 3928 2978 4002 tertio,
3023 3928 3399 4010 Nicephorus
3456 3927 3752 4011 Callistus,

2103 4015 2208 4078 lib.
2251 4017 2301 4078 II
2352 4016 2592 4080 Hister.
2628 4017 2864 4099 660168.,
2898 4035 3004 4097 cap
3050 4019 3129 4079 90
3158 4026 3214 4081 et
3244 4017 3320 4081 22
3355 4041 3370 4092 ;
3399 4018 3471 4080 D.
3498 4017 3758 4080 Thomas

2100 4107 2366 4188 Aquinas
2397 4109 2453 4169 in
2484 4105 2534 4170 ll
2566 4103 2864 4182 Sentent.,
2899 4107 3034 4172 dist.
3068 4108 3159 4182 10,
3189 4115 3396 4190 qumst.
3443 4114 3496 4181 ι,
3522 4107 3746 4184 art.12;

2101 4195 2390 4276 Georgius
2423 4197 2873 4277 Pacbymerius,
2899 4196 3257 4280 scriptorum
3290 4197 3550 4277 Dionysii
3573 4213 3749 4277 para-

2105 4287 2394 4368 phrastes.

375 4409 509 4454 rum
543 4387 905 4450 momentum
939 4373 1083 4448 inde
1123 4382 1355 4446 ducitur
1385 4381 1541 4464 quod
1597 4399 1750 4443 anno
1809 4379 1926 4444 533
1956 4383 2015 4442 in
2040 4405 2085 4457 ο
2183 4375 2409 4439 δωοηιο
2437 4373 2672 4438 decimo
2703 4385 2933 4457 quarto,
2972 4375 3282 4440 Teodorus
3328 4375 3688 4440 Prodemus.

377 4477 703 4543 Collatione
722 4473 1378 4554 Constantinopolitana
1392 4473 1516 4534 hau:
1540 4469 1803 4533 auctoris
1826 4472 2017 4532 nostri

380 4570 580 4651 Opera
611 4570 686 4630 ab
717 4564 1039 4646 Acephalis
1069 4582 1173 4625 seu
1199 4562 1534 4626 Severianis
1565 4561 1860 4624 haereticis
1906 4562 2016 4622 ad-

378 4676 586 4722 versus
606 4655 966 4719 orthodoxos
986 4653 1247 4735 Dionysii
1267 4653 1636 4734 Areopagitae
1650 4651 1890 4713 nomine
1905 4651 2019 4732 pri-

379 4767 542 4810 mum
575 4745 777 4827 citata,
797 4743 968 4825 paulo
1001 4742 1219 4824 postab
1243 4741 1386 4822 ipsis
1415 4740 1732 4804 Catholicis
1764 4759 2016 4821 provero

378 4855 435 4900 et
451 4835 710 4917 genuino
735 4835 1000 4914 ejusdem
1039 4831 1295 4912 Dionysii
1323 4833 1440 4892 tetu
1465 4838 1738 4910 suscepta
1757 4837 1914 4904 sunt,
1948 4848 2018 4892 ac

379 4927 618 4988 tandem
652 4944 686 4987 a
715 4923 949 4987 caeteris
978 4922 1256 4984 omnibus
1321 4920 1640 5000 cujuslibet
1689 4918 1928 4998 generis
1961 4927 2018 4981 et

377 5014 731 5079 eruditionis
753 5009 1231 5093 scriptoribusad
1248 5022 1508 5072 nostram
1530 5009 1656 5071 fere
1675 5027 1862 5089 usque
1876 5016 2014 5070 aeta-

376 5115 495 5168 tem
528 5103 644 5186 ipsi
665 5101 982 5165 vindicata.
1019 5100 1255 5180 Longos
1285 5106 1481 5161 autem
1518 5098 1726 5160 horum
1759 5099 2014 5180 scripto-

375 5213 506 5258 rum
533 5200 741 5256 texunt
765 5193 1090 5269 catalogos;
1124 5188 1229 5252 sed
1252 5188 1620 5267 singulorum
1655 5187 2013 5265 testimonia,

377 5293 498 5345 tum
519 5283 656 5364 quia
680 5281 1001 5363 prolixiora
1030 5285 1318 5360 sunt,tum
1345 5278 1483 5359 quia
1503 5279 1576 5341 de
1589 5295 1794 5341 eorum
1818 5290 2018 5340 aucto-

376 5372 552 5436 ritate
583 5371 655 5433 lis
686 5369 846 5432 nulla
885 5376 1178 5444 movetur,
1210 5368 1441 5447 integra
1493 5387 1612 5430 non
1673 5367 2012 5444 citabimus,

375 5463 746 5542 singulorum
778 5475 1000 5521 nomen
1031 5465 1088 5520 et
1117 5457 1343 5538 scripta
1370 5457 1670 5540 appellare
1699 5459 1990 5522 contenti.

456 5554 597 5615 Post
626 5549 1012 5614 Collationem
1059 5547 1260 5628 itaque
1304 5545 2010 5630 Constantiuopolitanam

373 5640 531 5705 circa
546 5639 700 5704 sexti
726 5638 927 5702 saeculi
956 5637 1136 5700 finem
1168 5635 1449 5700 Leontius
1479 5639 1810 5719 Byzantius,
1850 5637 2014 5702 lib.lI

375 5738 579 5796 contra
620 5728 854 5794 Nestor.
890 5735 947 5791 et
975 5726 1310 5810 Eutychet.,
1345 5736 1405 5788 et
1435 5726 1542 5791 lib.
1577 5730 1661 5792 De
1709 5736 1855 5794 sect.
1887 5730 2012 5793 haec

2182 4465 2410 4530 Steculo
2441 4465 2676 4528 decimo
2699 4466 2928 4547 quinto,
2949 4467 3226 4530 Bessario
3249 4465 3567 4547 cardinal.,
3602 4464 3688 4527 lib
3711 4482 3751 4525 ,ι

2099 4557 2343 4621 Defens.
2412 4555 2684 4637 Platou.,
2745 4555 2871 4637 caq'
2903 4557 2941 4618 3
2969 4577 2985 4633 ;
3018 4555 3332 4637 Dionysius
3363 4555 3740 4618 Carthusian.

2100 4653 2326 4736 praefat,
2361 4653 2420 4713 in
2453 4653 2692 4732 Dionys.
2727 4653 3022 4732 AreOpag.

2180 4742 2415 4806 Tzeculo
2442 4740 2674 4804 decimo
2705 4750 2891 4824 sexto,
2917 4743 3196 4806 Eacultas
3213 4739 3556 4821 Theofogia)
3572 4742 3679 4803 Par
3695 4737 3744 4799 i-

2100 4835 2317 4897 siensis
2347 4833 2407 4894 in
2435 4832 2691 4894 comitiis
2747 4832 3092 4895 Sorbonicis
3145 4833 3468 4895 Lutherum
3504 4839 3560 4892 et
3591 4828 3736 4890 Era-

2101 4943 2320 4999 smum,
2346 4922 2553 4985 eadem
2586 4925 2804 5002 scripta
2832 4940 2866 4983 a
2899 4921 3177 5003 Dionysio
3223 4919 3573 5001 Areopagita
3606 4936 3746 4997 pro-

2102 5016 2252 5078 fecta
2282 5031 2414 5076 esse
2430 5020 2737 5090 negantes,
2773 5011 3090 5073 damnavit'
3123 5012 3376 5074 alterum
3393 5007 3745 5084 annot520,

2099 5105 2348 5166 alterum
2380 5121 2538 5165 anno
2567 5100 3072 5164 15ﬁ7.Posterius
3094 5100 3404 5164 decretum
3450 5098 3668 5180 smpius
3689 5099 3751 5162 in

2097 5192 2348 5270 Erasmi,
2375 5192 2482 5273 qui
2496 5209 2569 5253 eo
2592 5189 2957 5272 percellitur,
2987 5187 3286 5270 Operibus
3319 5187 3600 5250 omnibus
3619 5207 3752 5269 per~

2100 5283 2396 5364 vulgatum
2423 5289 2531 5358 est,
2566 5288 2624 5342 et
2655 5279 2899 5342 cuilibet
2926 5279 3193 5344 obvium.
3233 5278 3409 5342 Prius
3445 5297 3606 5358 vero,
3632 5296 3746 5358 quo

2098 5375 2390 5436 Lutherus
2426 5369 2836 5453 proscribitur,
2866 5369 3151 5432 hactenus
3177 5369 3497 5444 ineditum,
3522 5369 3582 5428 in
3609 5365 3745 5428 Sor-

2095 5462 2268 5526 bonae
2298 5461 2487 5544 libris,
2533 5479 2603 5523 ex
2633 5459 2848 5541 quibus
2877 5459 3025 5523 illud
3083 5457 3592 5540 transcripsimus,
3645 5453 3744 5544 his

2094 5551 2291 5617 verbis
2319 5542 2652 5631 concipitur
2685 5571 2699 5614 :
2731 5550 2996 5613 Additur
3009 5557 3064 5612 et
3096 5551 3224 5614 haec
3245 5550 3319 5613 de
3349 5545 3501 5608 libro
3529 5545 3600 5606 de
3624 5542 3742 5606 Ca-

2091 5645 2292 5728 ptivit.
2317 5640 2613 5722 Babylon.
2650 5661 2672 5698 α
2695 5639 2771 5703 In
2801 5639 3113 5722 Dionysio,
3139 5639 3247 5722 qui
3269 5637 3510 5728 scripsit
3532 5633 3604 5728 de
3633 5650 3745 5696 co:-

2098 5723 2217 5794 testi
2244 5729 2570 5806 hicrarohia,
2598 5729 2741 5788 nihil
2767 5729 2941 5803 ferme
2969 5735 3043 5787 est
3071 5729 3254 5787 solida
3277 5723 3597 5783 eruditionis
3629 5739 3649 5782 :
3689 5727 3747 5782 et
