4060 6214
293 347 369 413 2t

1692 330 2099 406 PROLEGOM
2109 331 2284 396 ENA.

3594 320 3673 391 22

383 475 761 550 Baronius,et
781 471 1026 535 scientia
1049 478 1107 533 et
1128 487 1389 550 purpura
1411 470 1942 550 eminentissimus,
1971 477 2006 524 Α
2030 467 2441 546 memetipsum
2467 464 2680 528 habeo:
2706 478 3058 542 quanquam
3081 460 3357 524 eusebius
3377 460 3684 541 Pamphili

291 579 508 652 aperte
533 576 711 646 negat
733 565 948 643 scripta
967 559 1502 652 DionysiiEusebio
1517 559 1695 624 fuisse
1722 566 1954 644 penitus

293 649 694 738 incomperta.
728 658 843 714 Cur
861 660 1056 714 autem
1091 650 1165 710 de
1194 650 1266 710 iis
1288 649 1579 712 Eusebius
1607 656 1871 731 tacuerit,
1903 655 1955 718 si

295 750 373 812 ab
410 768 482 810 eo
513 744 845 828 quaesieris,
879 740 1202 821 respondet
1230 740 1396 800 illum
1429 741 1568 803 vafri
1622 745 1955 825 versutique

298 838 495 900 animi
522 835 891 914 scriptorem,
928 848 1062 892 cum
1097 829 1374 890 Arianam
1408 830 1705 912 hieresim,
1741 834 1832 894 cui
1865 836 1945 895 fa-

309 929 510 1006 vebat,
540 927 624 986 his
666 922 836 984 libris
866 918 1089 981 destrui
1122 918 1369 993 videret,
1404 937 1504 980 eos
1552 922 1756 984 doloso
1790 927 1951 985 frau-

318 1018 669 1095 dulentoque
701 1013 936 1074 silentio
961 1009 1432 1088 praetermisisse.
1463 1009 1678 1072 Verum
1705 1013 1828 1075 haec
1854 1014 1956 1074 do-

320 1108 557 1170 ctissimi
591 1105 698 1164 viri
729 1103 1036 1184 responsio
1083 1099 1372 1175 lialoixio,
1406 1100 1953 1182 Areopagiticorum

310 1196 606 1260 acerrimo
630 1193 954 1273 defensori,
975 1192 1053 1253 ita
1083 1190 1407 1271 displicuit,
1443 1199 1652 1253 uteam
1687 1213 1804 1255 non
1829 1195 1960 1256 sine

307 1286 548 1348 fastidio
578 1286 668 1346 bis
689 1282 884 1343 verbis
908 1301 973 1343 ex
986 1281 1183 1361 plodat
1202 1283 1252 1342 5:
1281 1280 1439 1342 Nam
1468 1282 1629 1360 quod
1659 1282 1852 1362 aliqui
1870 1285 1960 1346 di-

300 1385 453 1438 cunt
478 1395 611 1437 eum
641 1375 698 1436 id
721 1373 944 1452 fraude
967 1372 1204 1451 fecisse,
1229 1372 1568 1433 convicium
1587 1381 1758 1450 puto.
1799 1375 1962 1448 Ouid

297 1472 472 1531 enim
501 1467 586 1529 ibi
611 1474 729 1528 tum
749 1465 980 1526 clarum
999 1481 1108 1539 pro
1138 1471 1365 1523 ceterna
1391 1462 1956 1542 Christidioinitate,

302 1559 476 1639 quod
497 1576 620 1619 non
636 1555 818 1617 multo
841 1554 1070 1616 clarius
1088 1554 1148 1613 in
1170 1553 1265 1615 Set
1283 1553 1503 1631 ipturis
1518 1555 1704 1616 sacris
1723 1563 1962 1617 conten-

306 1657 443 1711 tum
466 1654 570 1709 sit.
731 1662 842 1706 nee
867 1643 1102 1705 beatum
1123 1643 1422 1703 Irenaeum
1447 1641 1601 1704 Filii
1631 1662 1763 1704 cum
1785 1647 1962 1706 Patre

307 1746 614 1800 aeternam
691 1737 1161 1797 coactis-tentiam
1217 1733 1555 1793 clarissime
1620 1735 1958 1813 professum

2040 557 2242 618 decem
2266 554 2681 616 ecclesiasticae
2710 551 2981 631 Historiae
3010 552 3188 630 tigris
3209 553 3487 614 maximo
3510 553 3685 615 nobis

2041 637 2380 715 adjumento
2397 635 2616 712 fuerit.
2637 633 2721 698 Ibi
2741 632 2900 695 enim
2923 649 3042 696 non
3071 632 3321 694 obscure
3344 631 3602 694 declarat
3619 651 3705 709 se,

2041 727 2264 787 nullum
2293 725 2570 805 praavium
2614 723 2960 803 magistrum
2987 721 3288 796 habuisse,
3314 730 3490 800 atque
3509 722 3686 784 Euse-
3741 724 3745 729 ’

2043 817 2203 876 bium
2232 814 2343 895 ipsi
2378 821 2603 875 tantum
2634 812 2887 874 maximo
2919 811 3100 873 fuisse
3127 811 3494 890 adjumento.
3527 813 3601 875 Et
3620 830 3688 876 re

2043 904 2282 983 quidem
2312 922 2473 970 vera.
2509 910 2750 965 sanctus
2778 900 2880 964 ille
2912 902 3120 962 doctor
3147 901 3540 982 quorumdam
3571 920 3682 964 au-

2041 1001 2272 1057 ctorum
2307 992 2581 1054 meminit
2603 1009 2857 1071 quorum
2891 991 3051 1054 nulla
3083 997 3274 1054 exstat
3302 991 3459 1071 apud
3491 992 3685 1054 Euse-

2041 1081 2206 1142 bium
2241 1080 2758 1144 commemoratio.

2126 1176 2194 1232 At
2227 1171 2474 1233 validius
2508 1171 2761 1232 forsitan
2784 1171 2963 1231 telum
2994 1169 3136 1231 inde
3166 1176 3371 1232 contra
3398 1171 3688 1247 quosdam

2045 1259 2613 1342 Antiareopagiticos
2671 1259 3067 1341 torquebitur,
3104 1259 3204 1341 qui
3247 1262 3373 1322 haec
3427 1259 3691 1340 Dionysii

2045 1353 2241 1435 Opera
2256 1362 2391 1416 ante
2415 1353 2757 1434 Hieronymi
2783 1360 3016 1415 aitatem
3051 1353 3209 1413 edita
3240 1370 3370 1414 esse
3397 1354 3688 1415 contiten-

2047 1434 2164 1505 tur:
2198 1445 2339 1507 hinc
2369 1445 2592 1525 quippe
2623 1443 2939 1506 conﬁcitur
2965 1442 3066 1504 illa
3095 1434 3480 1524 Hieronymo,
3514 1461 3688 1524 quam

2045 1534 2130 1594 vis
2161 1534 2237 1596 de
2268 1535 2338 1595 iis
2366 1533 2648 1608 tacuerit,
2685 1537 2952 1614 potuisse
2983 1539 3120 1594 nota
3154 1531 3308 1594 ﬁeri.
3341 1530 3564 1594 Verum
3603 1531 3693 1595 illi

2045 1623 2155 1685 hoc
2182 1625 2296 1686 telo
2322 1624 2572 1686 minime
2596 1640 2660 1685 se
2706 1621 2872 1685 feriri
2901 1620 3263 1684 arbitrantur
3293 1641 3311 1696 ;
3357 1629 3557 1702 utpote
3587 1629 3697 1699 qut

2045 1715 2216 1792 paulo
2243 1722 2380 1776 ante
2401 1712 2742 1794 Hieronymi
2765 1720 3000 1792 tempus
3017 1729 3090 1774 ea
3111 1711 3171 1772 in
3188 1711 3378 1773 lucem
3401 1711 3695 1791 prodiisse

308 1799 689 1889 citaverunt.
727 1823 828 1887 llis
849 1831 1041 1884 autem
1071 1819 1209 1883 addi
1228 1829 1419 1901 polest
1443 1799 1827 1883 honoriﬁcam
1849 1843 1965 1884 non

2057 1802 2796 1904 asseraqt.mQuaprop.ter
2848 1801 3008 1902 haec,
3076 1800 3378 1882 inquiunt,
3430 1801 3696 1882 Dionysii

313 1917 507 1978 solum
540 1915 778 1992 lrenaai,
811 1913 916 1976 sed
967 1912 1142 1974 etiam
1176 1891 1506 1974 Clementis
1549 1911 1963 1989 Alexandrini,

2057 1894 2251 1968 Opera
2281 1893 2341 1954 in
2360 1891 2708 1973 Hieronymi
2739 1892 3004 1973 notitiam
3026 1909 3144 1954 non
3171 1902 3486 1994 verterunt,
3519 1898 3698 1994 atque

313 2007 689 2086 aliorumque
713 1978 1968 2084 plurimorum,quosArianazliazresiplane
2051 1982 2150 2086 ξηδ
2205 1983 2264 2082 il}
2297 1999 2503 2086 θοτυξῐι
2546 1978 3309 2086 ηιξξῐιθῐοῃειξιηξιοθηξθηίξει
3352 1979 3431 2086 de,
3481 1978 3698 2086 quibus

314 2097 650 2158 contrarios
677 2112 807 2155 esse
839 2111 945 2153 suo
987 2093 1118 2153 loco
1150 2089 1555 2166 ostendemus,
1593 2091 1747 2171 apud
1775 2090 1965 2154 Euse-

314 2186 479 2247 bium
515 2184 647 2246 ﬁeri
687 2185 1077 2244 mentionem.

400 2275 776 2355 Quapropter
819 2270 1186 2332 contendunt
1216 2268 1313 2331 alii
1346 2287 1417 2331 ex
1467 2268 1566 2331 illo
1597 2269 1842 2334 Eusebii
1890 2272 1965 2334 de

316 2364 580 2446 Dionysii
607 2360 905 2443 Operibus
932 2360 1172 2422 silentio
1197 2359 1344 2420 nihil
1368 2365 1511 2421 certi
1535 2360 1733 2440 colligi
1767 2380 1960 2443 posse,

314 2452 803 2535 quandoquidem
840 2451 938 2511 ille
971 2449 1169 2531 plures
1191 2452 1336 2510 alios
1358 2449 1698 2529 scriptores.
1727 2463 1784 2512 et
1808 2455 1960 2512 srri-

319 2549 434 2626 ptis
460 2559 518 2605 et
537 2541 806 2604 doctrina
819 2539 1450 2618 celeberrimos,atque
1474 2539 1533 2599 in
1561 2541 1766 2618 primis
1789 2541 1968 2602 Athe-

321 2652 626 2712 nagoram,
654 2632 755 2713 qui
789 2630 1064 2692 eximiam
1101 2629 1454 2692 Christiana:
1484 2630 1786 2707 religionis
1816 2633 1972 2708 Apo-

335 2725 643 2799 logiam,et
664 2725 738 2784 De
761 2729 1143 2785 mortuorum
1165 2721 1602 2781 resurrectione
1619 2719 1836 2780 librum
1852 2721 1974 2781 edi-

342 2811 529 2884 derat,
558 2811 746 2872 taritus
776 2809 1181 2891 praetermisit.
1213 2808 1382 2882 Quod
1428 2810 1476 2870 si
1504 2811 1722 2872 dixeris
1754 2810 1972 2890 scripta

325 2900 588 2980 Dionysii
634 2909 688 2961 et
716 2901 976 2962 auctoris
1029 2898 1294 2980 nomine,
1331 2909 1389 2960 et
1440 2919 1546 2961 suo
1597 2917 1870 2975 numero,
1903 2919 1971 2961 ac

319 2991 383 3071 ip
397 2993 476 3049 sis
502 3008 630 3069 quae
649 2997 972 3050 tractantur
989 2993 1352 3066 argumentis
1375 2991 1549 3068 longe
1573 2990 1806 3050 caeteris
1839 3008 1991 3057 om-,

319 3080 498 3140 nibus
513 3082 728 3160 saepius
753 3078 1065 3140 transcribi
1096 3077 1397 3152 debuisse,
1427 3079 1719 3159 variisque
1742 3078 1802 3138 in
1829 3080 1972 3140 locis

2051 2071 2212 2133 hunc
2237 2070 2298 2132 in
2327 2071 2567 2133 modum
2595 2070 2834 2132 disserit
2853 2069 2905 2132 ϐε
2934 2067 3010 2131 Si
3032 2074 3143 2149 qui
3169 2075 3370 2131 autem
3392 2068 3464 2132 de
3485 2070 3563 2131 iis
3592 2075 3701 2150 qui

2049 2162 2881 2240 usquelzodiescriptisunt,a
2913 2177 3002 2220 me
3019 2159 3083 2220 in
3109 2157 3214 2221 hoc
3229 2156 3529 2220 volumine
3547 2177 3702 2236 prce-

2047 2253 2314 2326 termissi
2332 2249 2833 2328 sunt,sibimagis
2853 2265 3035 2327 quam
3053 2246 3210 2310 mihi
3221 2247 3701 2327 imputaredebe-

2046 2341 2216 2403 bunt.
2243 2340 2450 2421 Neque
2472 2343 2636 2402 enim
2653 2339 2919 2401 celantes
2939 2340 3162 2416 scripta
3183 2355 3318 2418 sua,
3347 2337 3420 2399 de
3440 2337 3535 2399 his
3563 2355 3699 2418 qua:

2046 2448 2169 2492 non
2202 2433 2342 2510 legi,
2377 2446 2549 2491 nosse
2563 2430 2761 2508 potui;
2779 2435 2836 2490 et
2869 2427 3030 2506 quod
3047 2426 3189 2488 aliis
3205 2428 3466 2491 forsitan
3486 2428 3566 2488 sit
3586 2445 3699 2489 no-

2053 2526 2200 2600 tum,
2225 2519 2378 2581 mihi
2400 2519 2465 2580 in
2488 2519 2596 2580 hoc
2629 2525 2936 2580 terrarum
2950 2517 3174 2595 angulo
3194 2515 3384 2595 fuerit
3402 2517 3693 2594 ignotum.

2059 2610 2240 2670 Certe
2265 2625 2398 2670 cum
2423 2609 2666 2687 scriptis
2677 2607 2806 2668 suis
2823 2604 3315 2679 claruerint,non
3335 2621 3702 2685 magnopere

2055 2698 2249 2760 nostri
2271 2696 2506 2759 silentii
2534 2696 2854 2776 dispendia
2875 2695 3302 2771 suspirabunt.

2057 2788 2276 2850 Contra
2305 2803 2445 2848 vero
2490 2785 2890 2867 Areopagitici
2925 2801 3099 2845 suum
3132 2784 3192 2843 in
3228 2781 3598 2844 adversarios
3623 2783 3704 2844 ita

2053 2877 2487 2958 retorquebunt
2515 2883 2954 2953 argumentum.
3017 2872 3296 2953 Nunquid
3331 2874 3456 2935 haec
3492 2872 3703 2934 eadem

2056 2967 2297 3048 scripta,
2324 2985 2476 3046 quae,
2515 2965 2664 3046 ipsis
2695 2964 3038 3037 fatentibus,
3066 2964 3260 3024 statim
3286 2970 3464 3040 atque
3490 2963 3707 3024 emissa

2056 3069 2194 3117 sunt
2227 3057 2285 3116 in
2317 3057 2536 3131 lucem,
2573 3054 2848 3116 omnibus
2876 3053 3190 3115 notissima
3215 3071 3346 3114 esse
3369 3061 3700 3133 (ceperunt,

317 3141 703 3249 multiplidari
726 3187 992 3248 I‘BSpODS'
1007 3194 1014 3223 ι
1029 3188 1081 3228 m
1099 3168 1406 3229 confestim
1431 3141 1689 3247 accipies
1707 3169 1965 3229 Athena-

2057 3146 2166 3249 soli
2198 3144 2567 3249 Hieronymo.
2595 3143 2891 3222 incognita
2918 3141 3118 3249 fuere“?
3147 3141 3266 3205 Sed
3299 3141 3703 3243 nequidquam

317 3279 478 3338 gone
500 3259 706 3334 libros,
732 3262 959 3320 tamesti
991 3258 1238 3318 forsitan
1272 3258 1600 3332 breviores,
1627 3259 1721 3339 qui
1742 3259 1970 3320 aChri-

316 3349 529 3410 stianis
562 3357 759 3410 tamen
796 3348 1287 3410 deswiberentur
1330 3355 1389 3410 et
1437 3349 1972 3429 multiplicarentur

319 3458 439 3500 non
476 3438 672 3498 minus
717 3438 925 3516 dignos
951 3437 1162 3502 videri.
1197 3439 1414 3499 Verum
1449 3447 1756 3518 opponunt
1797 3438 1970 3500 Anti-

316 3526 703 3607 areopagitici
727 3526 992 3607 quaedam
1018 3525 1331 3605 inscriptis
1347 3527 1606 3606 Dionysii
1628 3545 1967 3602 occurrere,

321 3618 608 3678 nimirum
658 3616 733 3678 de
763 3622 948 3677 Sacris
976 3615 1417 3696 Scripturarum
1464 3615 1656 3687 librts,
1690 3616 1764 3678 de
1805 3616 1968 3690 solis,

327 3705 620 3767 moriente
652 3703 908 3775 Christo,
943 3704 1300 3776 defectione,
1333 3705 1406 3766 de
1439 3703 1883 3766 obdormitione
1902 3705 1969 3766 Β.

325 3794 523 3856 Marce
546 3794 832 3874 Virginis,
855 3795 1088 3875 aliaque
1109 3794 1262 3856 bene
1292 3793 1498 3866 multa,
1518 3812 1650 3875 qua:
1679 3793 1728 3854 si
1763 3796 1820 3855 in
1853 3793 1973 3854 Eu-

336 3885 483 3944 sebii
516 3885 781 3947 notitiam
817 3885 1138 3960 venissent,
1176 3884 1250 3946 ab
1281 3902 1364 3946 eo-
1402 3903 1705 3965 nunquam
1741 3892 1979 3965 praeter-

342 3973 485 4034 mitti
515 3982 862 4054 potuerunt.

411 4064 567 4125 Idem
595 4064 870 4126 nonnulli
893 4083 962 4125 ex
984 4063 1350 4145 Hieronymi,
1379 4063 1713 4146 praesertim
1745 4063 1803 4124 in
1824 4062 1977 4125 libro

333 4152 420 4213 De
434 4155 836 4234 scriptoribus
859 4153 1538 4228 ecclesiasticis,silentio
1559 4160 1976 4233 argumentum

2056 3237 2310 3297 clamant
2341 3235 2467 3308 alii,
2512 3234 2568 3294 id
2605 3241 3012 3313 retorquetur.
3071 3233 3305 3293 Certum
3340 3232 3559 3312 quippe
3593 3240 3703 3304 est,

2055 3327 2354 3406 inquiunt,
2411 3323 2634 3402 scripta
2679 3322 2942 3402 Dionysii
2994 3340 3111 3382 non
3145 3321 3219 3382 ab
3276 3322 3552 3383 omnibus
3599 3340 3706 3383 eo-

2055 3417 2189 3476 dem
2227 3415 2402 3476 modo
2433 3414 2766 3493 eodemque
2792 3422 3058 3493 tempore
3080 3411 3262 3474 fuisse
3285 3411 3705 3492 agnita.Atque

2055 3507 2196 3568 inde
2240 3504 2607 3568 concludunt
2635 3502 3026 3582 Hieronymo,
3060 3506 3120 3562 in
3169 3507 3381 3581 angulo
3412 3511 3708 3563 terrarum

2059 3613 2230 3676 suum
2285 3613 2420 3656 cum
2475 3600 2760 3676 exararet
2792 3591 3040 3666 librum,
3114 3591 3494 3654 delitescenti
3560 3589 3708 3652 nihil

2059 3684 2381 3766 quidquam
2442 3683 2518 3744 de
2578 3681 2653 3743 iis
2714 3681 3130 3746 recentissima
3174 3680 3482 3760 publicatis
3529 3679 3711 3742 fuisse

2064 3781 2432 3855 compertum
2450 3822 2464 3837 .

2670 3859 2916 3925 CAPUT
2977 3858 3101 3924 VII.

2072 3953 2156 4015 De
2175 3956 2252 4017 iis
2273 3951 2670 4034 scriptoribus
2693 3954 2800 4033 qui
2821 3959 2952 4032 post
2981 3950 3304 4031 publicata
3330 3948 3531 4030 Opera
3562 3949 3710 4012 Dio-

2104 4046 2293 4125 nysii,
2318 4063 2388 4107 ea
2414 4042 2600 4106 dubia
2625 4051 2730 4104 aut
2753 4041 3108 4103 adulterina
3133 4059 3256 4102 esse
3283 4047 3673 4119 putaverunt.

2148 4135 2320 4198 Aliud
2346 4142 2551 4196 contra
2582 4129 3134 4212 Areopagiticorum
3169 4130 3547 4192 traditionem
3582 4148 3713 4190 mo-

331 4218 594 4303 eliciuni.
635 4243 780 4304 Inde
804 4243 958 4303 enim
989 4218 1350 4304 concludunt
1379 4218 1658 4322 Dionysii
1675 4242 1859 4304 nostri
1893 4243 1982 4303 lu-
2065 4231 2474 4327 menme'PSt:
2507 4222 2800 4327 (ιιξοάἢξυθ
2831 4229 2946 4324 “ff”
2987 4220 3405 4327 alFOJ‘aT‘luf
3435 4218 3713 4280 ἀίυίυιίιο

329 4331 714 4392 cubrationes
767 4332 878 4410 ipsi
909 4331 1240 4411 incognitas
1290 4330 1499 4408 fuisse,
1533 4310 1644 4392 nec
1687 4339 1823 4393 ante
1856 4335 1965 4410 ejus

2066 4325 2148 4378 tot
2175 4316 2530 4397 scriptorum
2556 4313 2630 4374 de
2651 4310 2914 4392 Dionysii
2944 4310 3183 4391 scriptis
3207 4310 3447 4372 silentio
3475 4328 3593 4371 non
3624 4327 3718 4372 so-

332 4428 601 4499 tempora
636 4403 979 4500 divulgatas.
1019 4403 1198 4494 (fuasi
1233 4439 1400 4493 vero,
1428 4403 1699 4502 inquiunt
1721 4403 1980 4502 Areopa-
2007 4499 2035 4504 ᾗ
2065 4408 2188 4504 lilm
2211 4406 2744 4504 capiie_imminllia
2766 4407 2866 4483 Sil,
2887 4403 3458 4504 verumllidt’fftiam
3488 4421 3715 4504 €3.00“-

328 4491 525 4586 gitiei,
557 4509 674 4570 alia
701 4491 827 4570 non
850 4491 1751 4590 fueritillieronymiani-silentii
1781 4491 1930 4572 ratio
1957 4511 1981 4572 ‘.’
2007 4499 2045 4550 ί)
2067 4499 2243 4592 “alii?
2273 4496 2426 4592 qugd
2461 4513 2528 4592 εξ
2557 4504 2828 4574 ιθηιΡυΓθ
2849 4511 2965 4592 Ψιίῖ
2997 4492 3216 4592 εστίν-ιδ
3245 4492 3342 4592 i_”3_
3376 4511 3481 4592 ριῖο
3508 4491 3720 4592 οξ(ξηῖ-

329 4580 416 4661 De
453 4580 526 4660 iis
572 4599 730 4661 enim
785 4608 1010 4660 tantum
1058 4580 1448 4682 scriptoribus
1491 4619 1639 4681 quos
1689 4599 1965 4663 Eusebius

2066 4587 2248 4648 sianis
2297 4583 2501 4647 haberi
2563 4590 2896 4661 coeperunt,
2939 4580 3166 4642 inventi
3229 4580 3349 4642 sint
3391 4580 3716 4642 identidem

332 4689 1138 4770 commemoravitdisputare
1159 4671 1692 4753 cbnstituertiLSed
1722 4691 1779 4751 id
1807 4692 1965 4754 certi;

2066 4677 2395 4756 scriptores
2425 4673 2605 4754 aliqui
2639 4672 2737 4752 qui
2769 4671 2829 4733 id
2858 4671 3171 4775 praefracte
3205 4671 3716 4775 negaverunt."Et

329 4779 626 4840 rationum
659 4757 1050 4841 ﬁrmamentis
1094 4779 1168 4841 ab
1199 4780 1346 4860 ipsis
1388 4788 1518 4840 erat
1561 4779 1978 4841 muniendum.
2068 4765 2211 4828 ίηυά
2247 4763 2774 4860 ρυίᾴεξηιρτξξηιξιη
2801 4759 3038 4860 Ρζοδδπξί
3066 4777 3239 4860 PF’f’tse
3265 4768 3468 4860 Ριξξξωί
3499 4776 3571 4860 οξ
3595 4757 3719 4839 Hi"

330 4869 531 4930 Aiiam
560 4871 782 4949 quippe
805 4877 1064 4931 mentem
1093 4869 1203 4929 sibi
1222 4843 1411 4931 inisse
1433 4869 1588 4930 idem
1614 4870 1745 4950 ipse
1767 4869 1965 4931 Hiero-

2074 4862 2254 4935 patio,
2291 4853 2390 4934 qui
2421 4853 2477 4912 in
2503 4843 3501 4951 Collatione.CenstaptinOpolitana
3532 4848 3719 4950 seve-

331 4937 1025 5038 ny‘musatierletestatur
1054 4961 1128 5016 5'.
1152 4937 1769 5038 dumiogensinterse
1800 4969 1856 5019 et
1887 4978 1965 5020 eo:

2072 4944 2260 5005 rianis
2286 4943 2552 5021 Operam
2584 4937 3270 5019 Dionysiiauctoritatem
3297 4937 3722 5018 objicientibus

330 5026 431 5127 qui
477 5047 554 5109 de
582 5026 979 5128 scriptoribus
1011 5051 1273 5130 profanis
1305 5026 1601 5128 caialogos
1641 5049 1961 5110 ediderunt

2075 5034 2158 5094 sic
2191 5029 2514 5111 respondet
2545 5048 2559 5092 :
2595 5028 2714 5090 Illa
2747 5030 3096 5130 testimonia
3123 5045 3260 5128 quae
3288 5046 3397 5090 vos
3444 5026 3725 5130 Dionysii

326 5115 656 5198 discrimen
689 5115 1069 5200 intercedei'e
1115 5139 1208 5199 his
1239 5137 1437 5199 verbis
1490 5115 1830 5218 signiﬁcat:
1882 5137 1960 5198 Ill

2073 5119 2414 5193 Areopagitat
2461 5134 2572 5175 esse
2603 5117 2808 5187 dicitis,
2841 5117 2978 5174 unde
3026 5117 3251 5190 potestis
3280 5115 3564 5173 ostendere
3598 5130 3724 5172 vera

323 5233 558 5288 veteres
571 5226 860 5289 historias
878 5227 1251 5307 annalesque
1267 5207 1958 5307 replicanle.s.posuerun

2071 5230 2214 5290 esse,
2245 5217 2398 5272 sicut
2424 5209 2826 5288 suspicamini
2858 5207 2884 5269 ?
2929 5210 2986 5269 si
3015 5209 3178 5270 enim
3209 5209 3335 5287 ejus
3367 5212 3565 5277 erant,
3606 5223 3723 5266 non

329 5320 510 5395 quasi
522 5315 594 5376 de
613 5317 856 5394 ingenti
863 5325 1038 5395 prato
1054 5295 1173 5379 non
1195 5295 1443 5379 vernum
1471 5295 1745 5395 opusculi
1762 5318 1862 5378 sui
1881 5334 1965 5378 co-

2068 5298 2617 5395 potuissentlatere
2637 5297 2878 5395 beatum
2895 5296 3201 5395 Cyrillum
3214 5344 3241 5395 ._
3253 5297 3340 5372 Qu
3351 5296 3413 5358 id
3427 5301 3632 5395 autem
3649 5295 3723 5356 de

328 5384 554 5466 ranam
589 5384 812 5470 texere.
841 5384 973 5485 Ego
995 5408 1138 5486 quid
1161 5415 1410 5468 acturus
1441 5384 1603 5480 sum,
1621 5409 1724 5486 qui
1747 5405 1965 5468 nullun

2069 5384 2242 5456 beato
2260 5387 2487 5486 Cy_rillo
2499 5386 2906 5486 dico‘lquando
2919 5384 3595 5486 beatttsiitliattqsius,si
3610 5401 3723 5462 pro

327 5495 630 5574 prceoium
644 5471 1251 5577 sequensjpessimum
1265 5505 1353 5576 ,ut
1367 5497 1550 5560 dicilu
1562 5515 1612 5573 r,
1623 5471 1965 5577 inagislrnn

2067 5489 2228 5546 certo
2251 5479 2459 5540 scisset
2480 5477 2610 5557 ejus
2633 5478 2993 5554 fuisse,ante
3006 5480 3212 5539 omnia
3233 5475 3291 5535 in
3315 5471 3716 5540 Nico-nocan-

407 5685 442 5736 5
469 5681 689 5758 Quaest.
725 5684 763 5747 3
787 5685 857 5769 gle
889 5685 1077 5769 Oper.
1116 5685 1181 5751 S.
1221 5686 1516 5768 Dionysii.
1561 5687 1612 5739 δ’
1645 5685 1726 5748 De
1757 5687 1964 5768 script.

2057 5683 2216 5748 εοιεε.
2249 5667 2488 5748 Prolog.
2515 5666 2550 5719 6
2582 5666 2740 5739 Ibid,
