4060 6214
365 285 439 350 23

1519 286 1575 346 S.
1628 282 2035 347 DIONYSIUS
2083 281 2608 346 AREGPAGITA.

3679 281 3756 346 24

361 418 498 483 cilia
513 418 587 482 de
602 415 1111 481 consubstantialt'
1131 415 1431 477 Trinitate
1444 415 1656 477 eadem
1679 417 2028 482 testimonia
2050 425 2090 478 Α
2111 426 2418 482 auctorum
2454 417 2691 482 traditio
2724 435 2837 481 nec
2859 423 3148 498 perpetua
3165 423 3278 492 est,
3306 435 3419 481 nec
3450 426 3756 495 constans;

365 508 717 590 protulisset
748 507 1039 570 adversus
1067 504 1205 567 Arii
1215 505 1478 566 diversae
1496 505 1738 568 substan
1751 513 1854 570 lite
1873 509 2028 572 blas-

361 600 668 680 phemias.
703 598 772 662 Si
791 603 996 660 autem
1025 594 1234 658 nullus
1262 612 1338 657 ea:
1368 597 1642 674 antiquis
1669 599 2028 662 recordatus

363 697 474 764 est,
519 707 614 769 ea,
644 687 801 750 unde
838 703 1000 748 nunc
1038 685 1284 763 potestis
1320 685 1632 746 ostendere
1663 689 1816 765 quia
1854 691 2027 751 illius

361 780 504 847 sint,
543 781 768 841 nescio.
813 777 897 839 Ex
944 775 1037 836 his
1066 775 1307 855 Ilypatii
1337 774 1550 838 verbis.
1579 777 2025 840 Calliolicorum

368 869 618 930 nomine
643 866 914 948 prolatis,
943 866 1060 927 duo
1080 864 1463 944 colliguntur.
1490 867 1753 927 Primum
1783 869 2023 948 quidem

374 960 598 1021 nullam
623 955 777 1038 apud
802 955 1080 1036 antiquos
1101 955 1309 1016 horum
1326 952 1585 1035 Operutn
1605 955 1816 1018 factam
1849 978 2026 1020 men-

370 1047 444 1107 tic
462 1048 832 1126 nem.Atque
858 1062 926 1106 ex
952 1044 1054 1104 illa
1077 1062 1218 1104 sane
1236 1042 1457 1124 Hipatii
1478 1047 1825 1108 auctoritate
1847 1049 2028 1126 priori

369 1145 744 1213 argumento.
777 1153 846 1196 ex
877 1133 1117 1194 silentio
1141 1132 1544 1210 antiquiorum
1579 1133 1906 1216 petito,non
1931 1157 2028 1218 pa-

367 1243 498 1288 rum
525 1223 758 1286 accedit
775 1222 1007 1285 roboris
1031 1223 1842 1286 ettirmamenti.Secundum
1863 1246 2022 1302 vero,

368 1316 529 1378 viros
560 1321 726 1376 sexto
752 1311 972 1374 sarculo
1018 1311 1412 1392 peritissimos
1455 1314 1512 1374 in
1547 1332 1616 1375 ea
1658 1313 1841 1378 fuisse
1890 1318 2024 1398 Opi—

369 1405 549 1466 nione
583 1405 708 1465 haec
740 1420 929 1482 opera
959 1402 1290 1465 adulterina
1327 1421 1475 1479 esse,
1517 1412 1573 1466 et
1606 1405 1752 1466 falso
1801 1406 2046 1489 Diony-‘

369 1493 442 1555 sii
481 1493 856 1573 AreOpagitaz
888 1491 1133 1554 nomine
1165 1492 1475 1572 inscripta.

449 1582 678 1646 Saecula
711 1582 985 1664 sequenti
1014 1582 1190 1644 divus
1225 1581 1533 1658 Maximus,
1556 1585 1887 1647 acerrimus
1919 1605 2026 1647 eo-

371 1673 648 1736 rumdem
680 1671 946 1754 Operum
977 1671 1281 1752 defensor,
1314 1671 1528 1735 fatetur
1561 1674 1663 1736 illa
1699 1694 1731 1737 a
1775 1675 2024 1755 quibus-

2111 510 2331 590 quippe
2361 510 2604 590 qum,uti
2639 507 3042 589 probavimus,
3081 526 3188 587 per
3227 509 3427 588 priora
3456 519 3583 589 post
3614 513 3758 574 Dio-

2111 599 2258 680 nysii
2293 607 2521 660 aetatem
2555 598 2795 678 saecula,
2832 597 2986 677 quod
3023 597 3281 676 primum
3316 599 3761 682 praecipumquo

2110 687 2460 767 requiritur,
2496 687 2740 751 omnino
2773 685 3544 766 deﬁcial.Secundo,nrque
3567 689 3761 751 conci-

2111 777 2188 839 lia
2218 795 2414 857 neque
2462 778 2681 838 summi
2714 775 3049 856 pontitices,
3083 775 3200 836 lata
3257 775 3574 856 aliquando
3606 777 3759 856 lege,

2113 866 2238 927 haec
2273 863 2468 946 Opéra
2500 881 2852 944 germanum
2900 863 3162 944 Dionysii
3191 863 3566 944 Areopagitae
3616 885 3764 946 opus

2114 973 2247 1018 esse
2281 956 2680 1028 sanciverunt,
2716 953 2821 1015 sed
2846 953 2946 1014 illa
2967 971 3037 1014 eo
3069 955 3346 1016 duntaxat
3373 955 3765 1034 nomine,quo

2113 1044 2406 1124 inscripta
2436 1052 2624 1115 erant,
2662 1042 2936 1104 laudasse
2958 1041 3376 1122 perhibentur.
3411 1041 3585 1105 Nulla
3618 1062 3765 1124 ergo

2115 1133 2468 1196 temeritatis
2489 1132 2713 1195 notaiis
2733 1133 3027 1194 inurenda
3045 1149 3176 1193 esse
3200 1132 3458 1205 videtur,
3481 1133 3603 1214 qui,
3626 1154 3766 1196 om-

2115 1223 2294 1285 nibus
2315 1229 2627 1300 utriusque
2663 1222 2842 1303 partis
2864 1220 3194 1284 rationibus
3221 1240 3393 1302 aequa
3416 1222 3587 1284 lance
3612 1243 3758 1302 pon-

2113 1314 2357 1388 deratis,
2384 1313 2658 1392 opinioni
2687 1311 2767 1374 illi
2786 1329 2958 1392 quam
2985 1309 3441 1392 probabiliorem
3462 1312 3760 1392 judicent,

2111 1403 2532 1466 adhaerendum
2565 1420 2694 1465 csse
2726 1401 3093 1464 censuerint.

2195 1494 2391 1554 llorro
2423 1491 2492 1552 ad
2521 1491 2759 1552 decreta
2783 1489 3137 1568 Sorbonica,
3160 1509 3193 1551 a
3222 1488 3529 1570 nobisjam
3555 1493 3756 1566 citata,

2111 1582 2270 1661 quod
2296 1589 2526 1665 spectat
2557 1582 2756 1659 negari
2790 1580 3029 1660 quidem
3065 1598 3180 1641 non
3211 1588 3403 1660 potest
3438 1583 3764 1660 posteriore

2112 1674 2396 1735 adversus
2419 1672 2731 1735 Erasmum
2765 1669 2964 1733 edicto
2994 1669 3160 1732 illum
3184 1670 3454 1750 aliosque
3487 1673 3767 1750 perstrin-

373 1764 506 1824 dam
542 1751 894 1843 Apollinari,
923 1761 995 1823 ab
1028 1762 1161 1824 aliis
1191 1751 1472 1843 Dienysio
1496 1751 1899 1828 Alexandrino
1932 1772 2028 1827 at-
2054 1751 2092 1802 Β
2114 1763 2196 1843 gi,
2229 1761 2356 1844 qui,
2381 1769 2582 1842 spreta
2609 1763 2902 1822 clarorum
2949 1758 3240 1838 virorum,
3278 1759 3333 1819 id
3367 1769 3455 1821 est
3485 1761 3766 1840 antiquo-

373 1853 580 1917 tribui.
1900 1908 1903 1909 ν

455 1942 685 2005 Saecqu
724 1961 880 2004 nono
911 1941 1263 2005 Theodorus
1319 1944 1652 2025 presbyter,
1688 1951 1838 2006 teste
1872 1945 2029 2007 Pho-

371 2033 453 2094 tio
477 2033 530 2108 7,
559 2032 772 2094 librum
802 2051 916 2113 quo
942 2032 1150 2094 eadem
1184 2033 1382 2112 Opera
1409 2035 1733 2112 genuinum
1758 2033 2002 2115 Dionysi

371 2121 557 2182 fetum
578 2139 710 2183 esse
739 2121 1043 2200 probaret,
1077 2121 1461 2202 conscripsit.
1498 2122 1615 2186 Sed
1638 2141 1762 2194 cur,
1790 2123 2025 2184 amabo,

373 2213 445 2272 ad
483 2226 551 2272 ea
599 2210 876 2290 Dionysio
921 2211 1246 2272 asserenda
1295 2211 1512 2291 stylum
1567 2212 1876 2286 convertit,
1915 2211 2029 2274 nisi

373 2301 514 2380 quia
565 2300 641 2364 de
676 2300 792 2362 illis
824 2299 979 2362 inter
1009 2299 1280 2363 eruditos
1326 2300 1580 2378 quaestio
1637 2311 1762 2364 erat
1795 2310 1853 2363 et
1886 2321 2031 2363 con-

373 2391 717 2452 troversia?
779 2389 920 2471 quid
953 2406 1090 2451 vero
1149 2390 1306 2470 quod
1366 2391 1611 2452 Pliotius
1645 2393 1770 2471 ipse
1802 2410 1869 2452 ex
1923 2394 2033 2456 hoc

374 2477 530 2540 libro
565 2487 820 2560 quatuor
843 2486 1067 2541 tantum
1095 2478 1412 2560 descripsit
1433 2479 2032 2561 argumenta,quibus

374 2569 747 2648 potissimum
770 2570 867 2630 illa
898 2587 1079 2649 opera
1102 2569 1393 2649 Dionysio
1425 2571 1728 2650 supposita
1753 2589 1886 2631 esse
1923 2572 2032 2632 de-

375 2657 870 2719 monstrabantur
892 2657 923 2717 ?
951 2657 1096 2720 Inde
1125 2664 1281 2719 enim
1307 2658 1546 2738 quidam
1583 2659 1845 2720 inferunt
1881 2660 2032 2722 Pho-

376 2746 524 2807 tium
551 2745 746 2824 ipsum
775 2746 970 2808 eidem
997 2746 1744 2826 sententiaesubscripsisse
1778 2747 1844 2808 Et
1869 2757 2033 2810 certe

372 2836 734 2897 Possevinus
747 2835 800 2908 8,
834 2837 942 2898 iste
966 2835 1521 2916 Areopagiticorum
1545 2844 1829 2914 assertor,
1860 2835 1934 2895 de
1959 2854 2026 2896 ea

371 2923 568 2987 Photii
591 2925 876 3005 opinione
898 2926 982 2986 sic
1003 2927 1371 3004 qronuntiat:
1409 2925 1610 3005 Opera
1641 2926 1709 2986 Β.
1747 2925 2030 3005 Dionysii

379 3022 448 3077 ut
472 3015 996 3096 pseuclepigrapha
1027 3016 1316 3078 videntur
1343 3016 1419 3076 ab
1447 3033 1512 3077 eo
1538 3015 1763 3076 notari.

460 3107 730 3186 Denique
765 3106 984 3167 saeculo
1012 3104 1244 3167 decimo
1279 3105 1490 3181 quinto
1521 3113 1580 3167 et
1608 3104 2025 3184 sequentibus,

372 3195 476 3258 ubi
539 3195 665 3256 haec
703 3194 955 3276 quaestio
985 3193 1327 3274 diligentius
1351 3194 1567 3274 agitari
1603 3195 1806 3274 etrapit,
1842 3193 2040 3256 critici

377 3285 698 3366 doctiores,
727 3284 1102 3366 paucissimis
1126 3293 1348 3347 tantum
1379 3285 1674 3364 exceptis,
1697 3285 2042 3346 omniahzec

373 3373 570 3455 Opera
601 3374 880 3455 Dionysio
913 3374 1072 3438 Areo
1088 3373 1310 3455 pagitse
1340 3375 1516 3457 plane
1547 3375 1901 3456 penitusque
1931 3373 2040 3434 ab-

376 3464 740 3544 judirarunt.

465 3555 570 3617 His
599 3553 881 3617 omnibus
909 3555 1252 3618 reclamant
1305 3553 1730 3636 Areopagitici,
1761 3553 2043 3632 aiuntque

382 3644 579 3726 Opera
607 3644 867 3725 Dionysii
920 3643 980 3706 in
1015 3645 1342 3707 Collatione
1388 3643 2044 3724 ConstantinOpolitana

380 3735 563 3796 fuisse
595 3733 850 3814 primum
885 3734 1129 3813 quidem
1172 3733 1487 3815 repudiata
1522 3754 1538 3809 ;
1571 3734 1675 3794 sed
1710 3733 1812 3794 ubi
1838 3730 2042 3793 Patres

378 3843 507 3886 rem
540 3824 962 3886 examinarunt
1021 3830 1330 3900 maturius,
1361 3823 1461 3884 illa
1494 3823 1700 3884 eadem
1750 3839 2029 3902 tanquam

2051 3081 2092 3133 (ἶ

2113 1871 2244 1914 rum
2269 1850 2555 1914 Ecclesiae
2584 1849 2848 1924 Patrum,
2880 1849 3256 1924 auctoritate,
3281 1849 3478 1910 omnia
3503 1849 3768 1929 Dionysii

2115 1941 2300 2004 nostri
2331 1959 2512 2022 opera
2545 1939 2860 2002 temerario
2893 1955 3038 2000 sane
3061 1948 3120 2000 et
3145 1939 3508 2018 imprudenti
3547 1944 3770 2002 novita-

2120 2040 2239 2094 tum
2266 2032 2463 2094 studio
2487 2030 2863 2110 Areopagitaz
2887 2029 3058 2109 plane
3085 2034 3439 2110 penitusque
3460 2029 3768 2109 acljudicao

2117 2121 2276 2183 bant.
2341 2121 2418 2183 At
2452 2119 2649 2201 priore
2686 2129 2894 2180 contra
2939 2118 3265 2180 Lutherum
3315 2119 3580 2188 decreto.
3615 2121 3666 2180 is
3697 2139 3768 2182 ea

2120 2211 2490 2293 potissimum
2523 2209 2596 2271 de
2621 2227 2824 2290 causa,
2859 2215 2915 2270 et
2958 2208 3342 2269 meritissimo
3363 2209 3600 2290 quidem
3625 2210 3768 2290 jure

2120 2302 2571 2374 condemnatur,
2597 2299 2778 2380 quod,
2806 2299 3113 2377 impietate
3149 2300 3635 2380 impudentiaque
3667 2300 3764 2362 in-

2120 2389 2442 2470 tolerabili,
2471 2408 2588 2450 non
2617 2389 2807 2449 solum
2833 2397 3181 2469 usurpatum
3206 2387 3278 2449 ab
3301 2399 3542 2451 auctore
3566 2401 3768 2451 nostro

2121 2501 2187 2543 ex
2221 2481 2311 2542 sui
2334 2478 2620 2560 temporis
2653 2479 2890 2556 ingenio
2923 2487 2979 2539 et
3010 2497 3172 2540 more
3204 2477 3507 2539 scribendi
3544 2481 3771 2541 metho-

2119 2570 2396 2645 dum,sed
2427 2569 2696 2644 traditam
2723 2587 2960 2648 quoque
2982 2568 3054 2630 ab
3088 2569 3216 2649 ipso
3253 2569 3598 2630 orthodoxae
3625 2569 3770 2630 ﬁdei

2120 2659 2449 2721 doctrinam
2477 2658 2564 2719 vir
2586 2656 3020 2718 andacissimus
3041 2657 3392 2719 conculcare
3426 2666 3483 2719 et
3506 2677 3774 2736 pessum-

2121 2749 2267 2811 dare
2288 2767 2467 2810 ausus
2486 2748 2580 2808 sit.
2615 2747 2748 2810 llaec
2761 2765 2900 2826 ergo
2913 2747 3199 2808 Sorbonce
3219 2747 3774 2828 ilecreta,inquiunt

2118 2835 2925 2916 Antiareopagitici,.nullam
2962 2836 3251 2898 censoria:
3295 2837 3623 2898 severitatis
3656 2855 3766 2898 no-

2114 2946 2240 2988 ram
2273 2926 2630 3006 iisinurunt,
2653 2925 2962 3005 qui,salvo
2982 2944 3221 3006 semper
3268 2925 3466 2987 debito
3494 2926 3767 2987 l’atribus

2119 3017 2346 3077 honore
2400 3024 2457 3076 et
2486 3015 2849 3088 reverentia,
2883 3033 2992 3076 nec
3026 3023 3276 3094 temere,
3312 3014 3414 3075 sed
3449 3013 3674 3074 ratione
3708 3025 3769 3074 et

2117 3105 2375 3187 judicio,
2402 3124 2510 3167 nec
2534 3105 2652 3165 ullo
2687 3103 2959 3165 novitatis
2982 3104 3200 3184 studio,
3231 3103 3331 3165 sed
3362 3103 3593 3170 sincero
3620 3105 3769 3165 veri~

2127 3193 2257 3255 tatis
2276 3192 2600 3269 arnore,ab
2632 3193 2875 3273 antiqua
2909 3191 3190 3272 plurium,
3213 3192 3316 3254 sed
3354 3210 3468 3252 non
3501 3190 3764 3253 omdium

2127 3283 2410 3366 opinione
2441 3282 2753 3346 recedunt.

2730 3370 2971 3436 CAPUT
3006 3369 3159 3434 VIII.

2127 3464 2511 3545 Argumenta
2542 3481 2618 3524 ea:
2638 3463 2787 3543 ipsis
2815 3464 3084 3524 auctoris
3118 3460 3416 3541 Oper-ibus
3444 3461 3768 3542 desumpta

2207 3553 2635 3634 expenduntur
2666 3573 2682 3633 ;
2717 3569 2788 3615 ac
2806 3551 3083 3633 primum
3113 3557 3476 3632 argumenta
3507 3552 3770 3632 Areopa-

2204 3646 2558 3724 gitieorum.

2204 3735 2533 3797 Excussum
2565 3740 2652 3794 est
2681 3733 2971 3794 hactenus
3005 3731 3261 3812 primum
3293 3731 3631 3811 argumenti
3663 3750 3770 3809 ge-

2124 3841 2257 3899 nus,
2283 3841 2400 3903 quo
2446 3820 2716 3901 Dionysii
2749 3819 2944 3902 Opera
2974 3821 3083 3902 ipsi
3118 3821 3373 3884 aliorum
3428 3822 3774 3884 auctoritate

378 3932 516 3974 vera
557 3921 616 3974 et
645 3930 929 3991 germana
964 3915 1107 3976 tanti
1142 3913 1249 3976 viri
1301 3912 1523 3994 scripta
1554 3913 1842 3974 ambabus
1876 3911 2032 3972 ulnis
2116 3912 2200 3968 vel
2223 3920 2587 3994 asseruntur,
2614 3910 2697 3965 vel
2724 3910 3314 3994 abjudicanturmunc
3342 3909 3413 3994 ad
3437 3910 3773 3994 secundum,

378 3989 695 4083 amplexati
728 4011 886 4064 sunt.
923 4003 1090 4075 Quod
1123 4003 1194 4064 ad
1231 3989 1476 4064 cazteros
1502 4002 1736 4072 attinet,
1774 4001 1808 4061 ii
1845 4009 2032 4073 certe,
2119 3993 2272 4083 quod
2307 4011 2376 4054 ex
2427 3992 2701 4083 ipsismet
2734 3990 2900 4083 illius
2931 3989 3231 4083 Operibus
3278 3992 3517 4083 petitur,
3549 3992 3775 4083 exami-

377 4078 680 4172 inq'uiunt,
709 4090 1061 4172 paucissimi
1090 4110 1197 4172 per
1235 4100 1315 4152 tot
1347 4091 1703 4154 saeculorum
1730 4089 2039 4152 intervalla
2119 4081 2380 4172 nandum
2415 4080 2797 4172 accedamus.
2834 4078 2988 4172 Illud
3019 4085 3216 4172 autem
3251 4078 3776 4172 utriusquepartis

381 4166 746 4258 occurrunt;
777 4199 887 4243 nec
920 4181 1006 4242 illi
1041 4166 1243 4260 procul
1271 4181 1454 4243 dubio
1488 4199 1620 4242 cum
1650 4180 2036 4240 totconcilio-
2121 4171 2379 4233 fautores
2409 4187 2514 4260 pro
2531 4187 2634 4230 sua
2654 4169 2874 4260 quique
2893 4167 3176 4260 opinione
3197 4166 3770 4260 militarearbitran-

381 4289 516 4334 rum
571 4280 629 4332 et
677 4256 966 4333 Sorbona:
996 4256 1282 4347 decretis,
1322 4270 1575 4331 summis
1634 4267 2033 4349 pontifmbus,
2063 4270 2240 4329 Dtur.
2276 4263 2351 4320 Et
2411 4258 2604 4340 primo
2636 4258 2903 4349 quidem,
2938 4258 2986 4349 si
3045 4258 3483 4349 Areopagiticis
3533 4256 3768 4331 credas,

384 4361 655 4424 l‘atribus
712 4360 965 4440 aliisque
1021 4359 1450 4440 scriptoribus,
1485 4359 1589 4437 qui
1635 4347 1768 4420 luteo
1823 4365 2044 4437 scripta
2129 4349 2377 4412 materia
2409 4366 2682 4429 operum,
2713 4348 2918 4440 stylus,
2950 4347 3190 4420 locutio,
3223 4365 3290 4408 ac
3324 4347 3586 4440 denique
3615 4349 3773 4440 scri-

382 4450 667 4531 Dionysio
698 4436 1041 4528 adjud'icant
1099 4436 1186 4510 vel
1220 4436 1623 4528 numer-0,7vel
1667 4436 2037 4523 eruditione,
2128 4439 2348 4522 ptionis
2382 4452 2766 4531 tempus,non
2791 4437 2972 4498 alium
2993 4454 3198 4498 eorum
3224 4455 3395 4531 quam
3430 4436 3771 4531 Dionysium

383 4541 475 4602 vel
504 4540 858 4603 auctoritate
890 4539 1304 4621 comparandi,
1341 4539 1526 4600 multo
1561 4543 1759 4599 minus
1791 4547 2042 4619 antepo-

388 4633 570 4695 nendi
608 4635 904 4696 videntur.
937 4633 1102 4706 Quod
1135 4633 1185 4694 si
1219 4642 1275 4696 et
1307 4650 1572 4694 summos
1619 4631 1950 4712 pontiﬁces,
1989 4637 2047 4690 et

387 4724 674 4788 Ecclesia:
728 4723 1262 4803 Patres,aliosque
1317 4737 1528 4784 omnes
1561 4729 1619 4782 ct
1676 4720 1955 4781 caecitatis
1991 4727 2048 4780 et

397 4813 620 4874 erroris
676 4829 932 4892 arguere
985 4813 1230 4894 audeas,
1261 4831 1459 4874 nonne
1510 4818 1746 4890 praestat
1778 4829 1908 4870 cum
1967 4815 2050 4869 tot

393 4902 693 4983 tantisque
717 4903 862 4963 viris
887 4902 947 4962 in
983 4919 1272 4975 errorem,
1307 4902 1357 4962 si
1389 4903 1467 4962 ita
1501 4899 1659 4978 loqui
1692 4898 1776 4958 fas
1807 4907 1919 4969 est,
1950 4897 2046 4956 in-

380 4990 555 5066 'duci,
591 5009 766 5070 quam
801 4992 1198 5073 quorumdam
1223 4989 1845 5062 criticorum,forsitan
1869 4989 2047 5048 auda-

393 5088 649 5156 ciorum,
684 5081 1032 5161 Opinionem
1067 5081 1345 5163 praeferre
1370 5080 1597 5162 judicio
1628 5078 1658 5138 ?

478 5173 705 5236 Instant
739 5182 934 5236 tamen
965 5173 1234 5236 adversae
1257 5177 1440 5251 partis
1456 5176 1778 5232 sectatores
1801 5185 2040 5228 omnem

2127 4527 2546 4610 Areopagitam
2608 4535 2912 4608 parentem
2970 4545 3101 4588 esse
3160 4527 3442 4605 produnt.
3495 4526 3776 4590 Materies

2134 4636 2392 4696 namque
2416 4634 2518 4679 seu
2545 4626 2957 4696 argumentum
2984 4615 3460 4678 lucubrationum
3486 4617 3644 4678 Deus
3661 4623 3772 4695 est,

2133 4708 2418 4782 Trinitas,
2451 4706 2670 4788 angeli,
2722 4706 3016 4778 Ecclesia,
3049 4705 3330 4768 Ecclesiae
3363 4705 3642 4778 ministri,
3677 4722 3780 4766 sa-

2135 4804 2604 4876 cramenta:qoa>
2626 4794 2906 4857 subtilem
2923 4795 3779 4876 philosophutn,magnumque

2135 4887 2473 4966 theologum
2509 4885 2566 4946 in
2599 4883 3029 4946 sublimissimo
3061 4893 3410 4962 argumento
3443 4891 3775 4944 versantem

2134 4984 2391 5058 arguunt
2422 4983 2478 5035 et
2523 4973 2812 5035 indicant.
2849 4971 3044 5054 Slylus
3087 4981 3283 5034 autem
3315 4979 3374 5033 et
3419 4970 3640 5032 locutio
3669 4969 3781 5030 viri

2132 5069 2292 5131 estin
2317 5065 2498 5126 rebus
2516 5063 2732 5124 divinis
2751 5071 2809 5123 et
2830 5063 3014 5124 sacris
3039 5061 3398 5124 meditandis
3449 5059 3780 5132 exercitati,

2134 5160 2237 5244 qui
2267 5176 2438 5220 voces
2464 5176 2640 5219 novas
2665 5175 2732 5217 ac
2757 5157 3088 5236 singulares
3117 5155 3192 5217 ad
3213 5174 3437 5243 rerum,
3461 5153 3782 5235 caeteroqui

396 5264 572 5342 hujus
594 5261 1027 5343 responsionis,
1063 5245 1496 5342 quantumlibet
1516 5260 1798 5340 ponderis
1820 5255 2042 5319 habere
2129 5245 3510 5343 inexplicabilium,ad‘umbrationetnﬁngereet
3533 5263 3780 5343 compo-

398 5333 838 5427 videatur,'vim
875 5333 1176 5432 roburque
1221 5349 1444 5430 duplici
1487 5333 1555 5411 ex
1587 5367 1765 5410 causa
1799 5349 2040 5409 omnino
2129 5364 2273 5409 nere
2298 5346 2542 5403 coactus
2565 5345 2692 5432 εει.-
2709 5334 2977 5432 Tempus
3009 5333 3270 5432 denique
3301 5334 3648 5432 scriptionis
3674 5349 3778 5392 au-

394 5441 591 5522 frangi
649 5425 708 5504 et
740 5425 1322 5516 debilitari,'Pritno'
1350 5438 1590 5520 quidem
1625 5437 1763 5520 quia
1811 5435 2046 5516 objecta
2123 5444 2350 5499 ctorem
2378 5427 2660 5512 apostolis
2679 5426 2825 5510 ipsis
2843 5443 3176 5510 eorumque
3191 5425 3502 5508 discipulis
3520 5437 3779 5501 coaevum

465 5621 508 5681 Ἳ
536 5629 700 5694 Bibl.
735 5630 872 5696 cod.
906 5647 951 5693 ι.
998 5631 1030 5683 8
1055 5629 1362 5712 Apparet.
1391 5645 1582 5706 sacer,
1614 5623 1796 5689 verbo
1833 5623 2115 5690 Photius.
