4060 6214
293 307 371 374 25

1682 297 2086 364 PROLEGOM
2101 299 2274 362 ENA.

3595 293 3673 365 26

287 448 498 525 aperte
520 437 906 502 demonstrat.
949 435 1181 500 Etenim
1238 434 1339 500 ille
1381 454 1448 501 se
1493 435 1664 512 solis,
1698 434 1934 501 Christo
1956 437 1998 491 Α
2067 433 2458 525 ,Ολωῃθεειηίθ
2481 434 2799 500 Baronium
2821 435 3312 517 scriptores,eum
3337 433 3670 501 Grascitum

285 531 573 613 patiente,
613 529 1010 592 defectionem
1041 527 1284 607 vidisse,
1338 545 1407 590 ac
1454 536 1656 606 postea
1689 525 1848 588 Pauli
1881 533 1939 585 et

284 619 598 685 liierothei
621 618 952 701 disciplinas
977 616 1279 695 traditum,
1307 617 1528 679 deinde
1551 635 1682 679 cum
1709 622 1934 695 aposto-

283 712 361 773 lis
391 726 577 772 sacraa
604 707 868 786 Virginis
901 706 1098 768 Mariae
1129 706 1427 783 exsequiis
1459 716 1514 768 et
1545 705 1733 767 funeri
1759 703 1936 765 inter-

287 800 501 879 fuisse,
532 817 597 859 ac
636 797 873 858 tandem
900 796 970 858 ad
997 797 1282 857 Joannem
1313 793 1720 874 apostolumin
1747 793 1941 854 insula

292 891 570 954 Pathmos
591 887 960 949 exsulantem
987 885 1214 946 litteras
1237 883 1479 947 dedisse
1501 885 1942 965 prolitetur.At-

304 978 398 1060 qui
429 979 549 1038 hinc
588 977 789 1037 omnia
825 993 1020 1057 neque
1051 973 1332 1055 Dionysio
1363 974 1693 1047 Corinthio,
1743 989 1941 1048 neque

299 1066 566 1147 Dionysio
592 1064 1024 1139 Alexandrino,
1048 1081 1242 1144 neque
1260 1063 1360 1126 ulli
1380 1063 1481 1124 alii
1501 1062 1803 1144 Dionysio,
1828 1060 1943 1122 nisi

294 1156 659 1237 Areopagitae
679 1155 1063 1218 conveniunt.
1086 1153 1190 1217 llle
1209 1172 1348 1233 ergo
1369 1154 1530 1214 solus
1559 1149 1934 1231 horumOpe-

291 1264 443 1320 rum,
479 1264 617 1324 quae
648 1263 866 1308 nonem
915 1245 1048 1322 ejus
1098 1245 1159 1304 in
1209 1243 1631 1324 manuscriptis
1665 1241 1944 1304 omnibus

284 1353 416 1397 cum
450 1333 702 1407 Graecis,
727 1345 851 1395 tum
879 1333 1102 1396 Latinis
1121 1333 1422 1416 praeﬁxum
1451 1351 1692 1413 semper
1714 1331 1944 1394 habue-

280 1433 443 1499 runt,
472 1441 698 1502 parens
721 1429 781 1483 et
811 1431 1016 1483 auctor
1037 1422 1332 1483 dicendus
1361 1429 1451 1483 est
1503 1423 1572 1483 Et
1593 1429 1756 1484 certe
1778 1419 1946 1482 nefas

283 1532 417 1576 esse
449 1513 696 1576 videtur
727 1513 903 1574 istum
930 1520 1235 1573 auctorem
1269 1512 1328 1572 in
1363 1511 1670 1574 fmdissimi
1706 1509 1940 1572 menda-

279 1606 378 1684 cii,
405 1601 666 1666 fallaciae
697 1610 755 1663 et
780 1601 1089 1681 sacrilegae
1118 1601 1517 1664 simulationis
1540 1601 1942 1682 suspicionem

2019 522 2236 595 Latini,
2267 525 2326 586 in
2358 543 2428 586 ea
2457 525 2695 587 fuerunt
2725 527 3048 589 sententia.
3103 533 3163 591 2.
3217 531 3441 592 Auctor
3467 535 3672 588 noster

2023 613 2579 676 traditTimotlieum
2598 615 2921 696 episcopali
2937 617 3222 696 dignitate
3240 617 3668 697 inauguratum,

2022 711 2199 781 atque
2224 702 2296 764 ab
2322 722 2394 766 eo
2418 702 2613 784 Opera
2635 724 2739 766 sua
2773 706 2894 766 vult
2926 707 3254 769 examinari
3281 715 3338 768 et
3368 707 3667 786 castigari.

2024 793 2080 854 3.
2128 793 2289 854 Idem
2325 795 2451 872 ipse
2486 801 2691 856 auctor
2723 795 2781 855 in
2815 795 3068 874 epistola
3114 795 3184 858 ad
3221 798 3439 878 Titum,
3494 815 3672 877 quem

2024 883 2317 945 Baronius
2338 883 2566 963 aliique
2589 884 2990 964 AreOpagitici
3013 884 3368 965 discipulum
3402 895 3458 947 et
3489 885 3673 947 comi-

2027 981 2142 1034 tem
2180 973 2340 1034 Pauli
2395 973 2579 1035 fuisse
2638 975 2999 1054 concedunt,
3061 974 3332 1054 ejusdem
3368 974 3672 1038 Timothei

2029 1055 2322 1126 meminit.
2379 1067 2438 1122 li.
2494 1061 2556 1124 lu
2599 1063 2876 1124 omnibus
2908 1062 3328 1144 manuscriptis
3360 1064 3672 1127 codicibus

2028 1152 2374 1214 Timotheus
2406 1152 2506 1213 ille
2530 1153 2894 1229 Ephesinum
2922 1154 3324 1234 episcopatum
3379 1155 3470 1216 cui
3494 1155 3670 1217 disci-

2030 1242 2201 1322 pulus
2234 1243 2402 1304 Pauli
2439 1242 2694 1324 praefuit,
2719 1244 2981 1306 tenuisse
3015 1252 3404 1306 memoratur.
3450 1246 3509 1308 5.
3557 1244 3673 1306 De-

2030 1332 2208 1412 nique
2238 1340 2444 1394 auctor
2468 1339 2687 1405 noster,
2736 1333 2821 1394 uti
2852 1332 3136 1412 diximus,
3168 1351 3231 1392 se
3261 1333 3668 1410 apostolorum

2029 1420 2421 1498 ejusdemque
2462 1420 2712 1500 proinde
2737 1420 3034 1482 Timothei
3066 1421 3441 1501 temporibus
3463 1423 3673 1484 vixisse

2021 1511 2276 1590 jactitat.
2299 1510 2403 1571 His
2421 1520 2614 1572 autem
2641 1510 2971 1571 rationibus
2986 1521 3047 1571 et
3070 1511 3215 1572 illud
3240 1530 3478 1592 quoque
3500 1512 3675 1574 refel-

2030 1598 2193 1678 litur,
2229 1599 2384 1681 quod
2421 1607 2552 1679 post
2583 1600 3040 1680 pseudoDextri
3088 1599 3425 1663 Chronicon
3461 1620 3678 1682 propu-

277 1711 516 1772 vocare,
574 1691 808 1772 quando
859 1691 1102 1771 quidem
1154 1691 1372 1771 scripta
1421 1691 1552 1770 ejus
1602 1708 1718 1752 non
1752 1689 2166 1778 solumBgnat
2195 1687 2488 1762 Divarius,
2524 1689 2681 1750 hunc
2725 1689 3104 1752 Timotheum
3162 1708 3282 1751 non
3331 1690 3509 1752 alium
3543 1709 3676 1752 esse

279 1781 508 1862 ubique
542 1785 917 1843 sanctitatem
949 1780 1202 1860 spirant,
1252 1779 1355 1841 sed
1400 1798 1470 1841 ea
1503 1778 1678 1842 etiam
1716 1798 1848 1840 cum
1883 1778 1945 1839 in
2030 1798 2208 1856 quam
2237 1778 2563 1856 Eugenium
2595 1780 2968 1861 Toletanum,
3016 1781 3112 1846 cui
3165 1790 3407 1863 propter
3454 1781 3672 1861 ingenii

283 1869 722 1931 monasterium
747 1878 805 1932 et
827 1869 1038 1930 urbem
1065 1870 1196 1948 ejus
1220 1869 1462 1931 nomine
1487 1888 1671 1950 prope
1693 1867 1949 1930 Parisios

281 1959 470 2039 dicta,
504 1968 984 2040 asportarentur,
1018 1958 1196 2019 variis
1223 1958 1678 2021 infirmitatibus
1711 1958 1768 2019 in
1805 1959 1948 2019 tanti

284 2050 390 2111 viri
422 2049 725 2112 honorem
757 2049 1070 2130 applicata,
1098 2047 1300 2111 multis
1323 2048 1604 2110 divinitus
1639 2049 1949 2110 honestate

281 2147 417 2201 sunt
452 2139 790 2201 miraculis.

365 2227 479 2302 Qui
513 2246 657 2290 vero
690 2246 759 2290 ex
789 2227 1037 2290 adversa
1070 2236 1227 2290 stant
1262 2233 1449 2309 parte,
1486 2227 1546 2289 hi
1574 2227 1947 2308 respondent

291 2317 601 2381 materiam
627 2317 832 2398 operis
849 2317 922 2378 ab
945 2317 1059 2379 alio
1082 2336 1247 2397 teque
1273 2335 1340 2378 ac
1374 2317 1650 2397 Dionysio
1683 2318 1947 2396 Areopa.

290 2409 406 2486 gita
436 2406 684 2469 tractari
711 2406 995 2487 potuisse,
1023 2408 1235 2488 stylum
1263 2414 1463 2469 autem
1491 2416 1550 2468 et
1582 2405 1944 2467 locutionem

293 2497 560 2576 Dionysii
617 2496 991 2576 Areopagitai
1041 2497 1131 2558 his
1187 2497 1246 2558 in
1300 2497 1538 2576 scriptis
1573 2494 1946 2575 deprehendi

303 2588 471 2668 plane
497 2586 853 2666 penitusque
876 2586 1236 2648 inticiantur.
1270 2586 1554 2649 Fateutur
1577 2586 1815 2666 quidem
1836 2603 1944 2645 au-

313 2685 531 2736 ctorem
559 2675 841 2737 nonnulla
869 2676 942 2736 iis
961 2677 1284 2738 inseruisse
1309 2676 1524 2756 quibus
1555 2696 1616 2737 se
1638 2674 1945 2755 apostolo-

316 2783 443 2825 rum
469 2765 820 2845 temporibus
844 2765 1082 2846 vixisse,
1111 2774 1170 2827 et
1190 2767 1354 2829 Pauli
1377 2765 1732 2846 discipulum
1759 2764 1945 2825 fuisse

308 2854 552 2914 incautis
580 2854 1048 2936 simplicioribus
1080 2856 1503 2936 persuaderet;
1560 2854 1662 2916 sed
1693 2862 1944 2915 conten-

2031 1869 2450 1932 excellentiam
2484 1889 2701 1932 nomen
2737 1870 3035 1933 Timothei
3067 1870 3414 1951 impositum
3448 1881 3560 1936 est.

2112 1957 2229 2021 Sed
2264 1959 2480 2020 horum
2508 1959 2767 2020 vicissim
2790 1960 3340 2039 Areopagiticorum
3375 1969 3675 2024 momenta

2032 2048 2172 2125 inde
2194 2047 2344 2111 haud
2372 2047 2677 2110 difficilius
2701 2058 3070 2123 evertuntur,
3103 2050 3258 2129 quod
3291 2049 3672 2129 Evangelium

2029 2146 2088 2198 et
2132 2138 2547 2220 Apocalypsim
2599 2139 2846 2200 Joannis
2897 2140 3174 2218 apostoli,
3233 2147 3410 2220 atque
3465 2138 3675 2219 Ignatii

2030 2227 2364 2308 epistolam,
2395 2246 2527 2306 quae
2552 2242 2685 2310 post
2706 2229 3005 2290 Timothei
3043 2237 3294 2292 mortem
3327 2229 3490 2291 edita
3511 2239 3669 2306 sunt,

2030 2317 2091 2378 in
2123 2321 2380 2380 auctoris
2409 2319 2590 2380 nostri
2617 2318 2886 2397 scriptis,
2919 2326 2980 2378 ut
3010 2318 3163 2380 infra
3187 2318 3480 2395 dicemus,
3515 2319 3673 2382 clare

2032 2408 2501 2488 nominatimque
2533 2408 2812 2470 citentur.
2849 2407 3170 2470 Enimvero
3202 2409 3328 2469 sola
3359 2408 3676 2486 Ignatianze

2032 2497 2305 2576 epistolze
2336 2497 2534 2576 verba,
2572 2516 2706 2578 quae
2735 2497 2808 2559 ab
2853 2518 2923 2559 eo
2977 2516 3111 2558 vero.
3158 2498 3529 2576 transcripta,
3566 2517 3677 2561 nec

2030 2585 2090 2646 in
2123 2596 2348 2648 textum
2397 2588 2527 2667 ejus
2569 2588 2801 2650 intrusa
2831 2605 2967 2650 esse
3011 2585 3583 2664 demonstrabimus,
3618 2587 3675 2650 id

2027 2685 2232 2756 aperte
2265 2677 2566 2738 evincunt.

2109 2765 2294 2828 Addit
2324 2766 2618 2829 Baronius
2644 2765 2807 2847 quod
2839 2766 3188 2829 Timotheus
3220 2767 3319 2829 ille
3351 2769 3678 2831 abauctore

2029 2865 2230 2917 nostro
2263 2874 2424 2934 saepe
2457 2859 2604 2931 mic,
2637 2875 2811 2937 puer,
2845 2867 3108 2920 vocatur.
3155 2861 3226 2918 At
3272 2857 3672 2933 Timotheum,

301 2943 639 3023 duntplura
665 2946 726 3006 in
759 2944 974 3006 iisdem
1009 2942 1306 3025 Operibus
1336 2943 1752 3026 imprudenter
1773 2941 1846 3004 ab
1874 2949 2003 3004 eoC
2033 2945 2193 3008 Pauli
2229 2945 2618 3026 discipulum,
2653 2965 2685 3008 a
2719 2946 3000 3028 Dionysio
3035 2947 3412 3027 Areopagita,
3450 2966 3519 3008 eo
3563 2966 3675 3009 no-

299 3034 547 3114 ailjecta,
601 3035 820 3114 quibus
871 3053 940 3096 ea
998 3034 1172 3114 longe
1231 3044 1360 3116 post
1423 3035 1824 3115 apostolorum
1887 3042 1946 3094 et

295 3123 557 3203 Dionysii
582 3124 959 3208 Areopagitae
986 3133 1219 3187 aetatem
1254 3124 1548 3206 prodiisse
1579 3122 1798 3184 invicte
1833 3121 1943 3182 de-

301 3221 691 3277 monstratur.
723 3211 929 3277 Utrum
964 3221 1159 3276 autem
1193 3214 1278 3296 id,
1311 3224 1374 3275 ut
1397 3218 1743 3293 epinantur,
1768 3210 1946 3274 certis

297 3303 595 3364 rationum
633 3305 956 3365 momentis
989 3303 1241 3384 probare
1265 3304 1518 3384 possint,
1567 3321 1600 3364 a
1654 3300 1824 3364 nobis
1855 3309 1948 3363 est

296 3402 580 3455 accurate
610 3393 1087 3473 ponderandum.

921 3487 1166 3554 CAPUT
1210 3490 1306 3552 1X.

292 3581 700 3664 Argumenta
731 3581 1436 3664 AntiareOpagiticorum
1483 3582 1944 3664 examinantur;

369 3659 425 3743 et
468 3665 751 3741 primum
788 3659 1060 3743 quidem,
1097 3659 1246 3737 inde
1297 3661 1540 3723 ductum
1598 3661 1751 3739 quod
1807 3659 1950 3720 libri

375 3742 688 3805 Timotheo
720 3742 1168 3804 inScribantur.

380 3840 644 3902 Primum
705 3839 1385 3920 Antiareopagiticorum
1439 3848 1830 3919 momentum,
1880 3856 1948 3898 ex

306 3926 427 4006 ipsa
456 3930 776 4002 librorum,
814 3929 916 4010 qui
961 3928 1277 3992 Timotheo
1330 3941 1782 4010 nuncupantur,
1822 3931 1949 3989 ins-

303 4018 600 4098 criptione
651 4019 905 4080 ducitur.
956 4023 1187 4081 Auctor
1235 4012 1394 4080 enim
1453 4029 1657 4080 noster
1695 4018 1756 4079 in
1801 4017 1950 4079 libro

292 4106 372 4169 De
395 4111 635 4171 divinis
655 4107 1010 4171 nominibus
1036 4108 1345 4188 epistolam
1382 4109 1590 4187 lgnatii
1622 4107 1950 4170 Antioche-

2032 3035 2192 3097 mine
2219 3037 2643 3114 compellatum
2679 3055 2808 3097 esse
2833 3037 2979 3098 nulli
3007 3036 3332 3098 verisimile
3355 3037 3675 3100 vibebitur:

2029 3126 2181 3188 Nam
2197 3127 2533 3206 episcopus,
2556 3125 2747 3205 inquit
2780 3127 3068 3189 Baronius
3081 3127 3134 3206 9,
3156 3133 3551 3207 coepiscopum
3576 3145 3678 3188 no~

2028 3217 2234 3270 minare
2254 3217 2583 3272 consecuisse
2606 3217 2862 3286 fratrem,
2893 3231 2998 3271 non
3028 3217 3217 3288 (illum,
3245 3215 3384 3272 mille
3421 3217 3678 3286 exemplis

2028 3312 2162 3360 esset
2183 3304 2342 3374 facile
2373 3304 2755 3362 demonstrat.
2781 3306 2970 3385 Hujus
3001 3305 3332 3386 argumenti
3363 3305 3678 3366 difficulta-

2027 3405 2122 3455 tes
2148 3403 2210 3455 ut
2239 3394 2468 3456 solvant
2498 3395 2598 3457 alii
2640 3397 3069 3478 Areopagitici,
3109 3398 3295 3457 varias
3345 3404 3679 3474 congerunt

2027 3484 2472 3564 responsiones.
2503 3484 2571 3545 Et
2593 3485 2781 3565 primo
2805 3485 3044 3566 quidem
3074 3485 3276 3545 dicunt
3298 3485 3674 3548 Timotheum

2029 3573 2116 3634 sic
2146 3574 2369 3652 vocari,
2397 3575 2534 3650 quia
2558 3576 2664 3637 ille
2688 3575 2762 3637 ad
2787 3595 2962 3656 quem
2999 3575 3240 3646 Paulus,
3276 3573 3466 3636 Nerva
3489 3575 3679 3654 impe-

2033 3670 2222 3731 rante.
2253 3663 2376 3724 haec
2400 3665 2638 3744 scripsit
2669 3664 2726 3724 in
2757 3663 2955 3725 verba:
2983 3662 3169 3725 Nemo
3197 3665 3675 3725 adolescentiam

2034 3759 2197 3812 tuom
2216 3753 2931 3833 contemnam,Dionysio
2952 3755 3110 3814 Areo
3120 3752 3310 3832 pagita
3327 3753 3531 3832 junior
3546 3771 3676 3814 esse

2033 3839 2296 3902 videtur.
2329 3841 2390 3903 ἢ.
2420 3839 2765 3902 Timotheus
2797 3842 2855 3903 in
2892 3841 3263 3921 philosophia
3297 3851 3356 3903 et
3411 3841 3678 3903 saeculari

2035 3929 2350 4010 disciplina
2382 3932 2548 4010 cujus
2579 3931 2784 3992 rudior
2816 3939 2963 4012 erat,
2997 3939 3172 4011 atque
3205 3931 3379 3992 etiam
3410 3933 3466 3992 in
3492 3930 3681 3992 subli~

2039 4019 2228 4080 miore
2251 4020 2547 4098 theologia
2579 4020 2917 4099 Dionysium
2948 4021 3204 4084 habebat
3237 4040 3342 4100 pro
3369 4022 3670 4100 magistro.

2038 4119 2098 4171 et
2132 4110 2296 4170 illum
2331 4110 2548 4172 absens
2583 4129 2686 4189 per
2718 4111 2948 4173 litteras
2993 4111 3359 4172 consulebat.
3415 4111 3471 4172 3.
3532 4110 3675 4172 Cum

289 4202 348 4258 ni
382 4197 684 4278 episcopi,
721 4203 800 4258 uti
825 4198 978 4258 infra
1012 4197 1265 4274 dicetur,
1301 4207 1360 4260 et
1398 4197 1761 4277 laudavit,et
1783 4198 1954 4277 ipsis-
1977 4198 2386 4280 DTimotheus
2419 4201 2562 4261 satis
2593 4211 2751 4262 esset
2777 4210 2982 4262 natura
3016 4201 3256 4261 timidus
3289 4209 3346 4261 et
3379 4200 3677 4280 pusillani-

290 4287 632 4350 simaillius
656 4287 833 4349 verba
865 4289 1086 4349 retulit.
1117 4289 1301 4366 Ergo,
1331 4288 1639 4369 inquiunt,
1675 4289 1773 4350 hic
1802 4287 1956 4349 liber

291 4374 634 4450 Timotheo,
691 4381 786 4456 qui
832 4377 970 4438 dum
1023 4395 1092 4438 ea
1125 4377 1334 4454 lgnatii
1369 4377 1616 4459 epistola
1649 4376 1788 4439 data
1839 4387 1950 4457 est,

283 4464 414 4543 jam
453 4475 709 4527 mortem
744 4466 859 4528 obit
883 4476 998 4540 rat,
1036 4487 1151 4527 non
1185 4488 1196 4546 ι
1230 4468 1380 4526 otuit
1412 4465 1680 4528 inscribi.

374 4553 487 4619 llic
505 4573 624 4615 non
647 4555 908 4616 minima;
925 4556 1289 4617 diﬂicultatis
1306 4555 1495 4616 nodus
1510 4556 1951 4636 AreOpagiticos

294 4643 619 4723 plurimum
656 4645 845 4717 torsit,
882 4655 1056 4725 atque
1077 4655 1142 4706 ut
1174 4646 1245 4706 ab
1281 4665 1352 4707 eo
1387 4663 1451 4706 se
1481 4645 1821 4724 expediant,
1845 4666 1947 4706 va-

299 4733 420 4794 rias
451 4751 520 4794 se
558 4738 795 4795 vertunt
827 4734 885 4794 iu
923 4743 1142 4812 partes.
1181 4733 1459 4796 Nonnulli
1482 4735 1643 4795 enim
1663 4754 1797 4796 cum
1829 4734 1946 4796 Ba-

300 4823 475 4882 rouio
509 4822 734 4902 Opinati
756 4831 895 4884 sunt
921 4823 1078 4884 hunc
1100 4825 1477 4886 Timotheum
1506 4843 1622 4885 non
1655 4842 1792 4885 eum
1818 4843 1949 4887 esse

297 4911 396 4992 qui
423 4910 588 4972 Pauli
607 4911 937 4992 discipulus
952 4913 1080 4986 fuit,
1103 4913 1205 4974 sed
1223 4913 1406 4974 alium
1423 4913 1952 4992 quemdamjunio-

298 5018 454 5077 rem,
489 5003 771 5063 Pudentis
812 5002 1105 5063 senatoris
1138 5003 1354 5081 filium,
1405 5001 1578 5080 cujus
1632 5021 1850 5064 nomen
1885 5003 1945 5064 in

299 5087 633 5152 Romanum
651 5091 1222 5170 Martyrologium,et
1240 5091 1298 5152 in
1319 5089 1424 5154 SS.
1447 5094 1756 5168 Perpetua;
1770 5093 1946 5154 etFe-

301 5177 542 5241 licitatis
575 5184 718 5241 Acta
743 5180 1145 5242 refertur.Alii
1179 5200 1210 5242 e
1233 5181 1534 5242 contrario
1568 5178 1945 5241 Timotheum

302 5267 470 5328 illum
504 5287 708 5330 verum
768 5267 934 5332 Pauli
979 5269 1339 5346 discipulum
1397 5269 1581 5331 fuisse
1632 5281 1945 5355 asserunt,

303 5365 358 5418 et
389 5357 630 5421 Baronii
681 5357 1026 5439 opinionem
1075 5360 1168 5422 his
1214 5361 1563 5441 impugnant
1588 5358 1943 5424 rationibus.

2039 4288 2174 4361 mis,
2217 4308 2332 4349 non
2397 4298 2619 4350 tantum
2675 4289 2919 4352 doctore
2981 4290 3270 4351 scientiae.
3333 4290 3439 4352 sed
3497 4290 3675 4352 etiam

2039 4378 2267 4439 virtutis
2295 4385 2353 4439 et
2383 4379 2732 4440 constantiae
2765 4379 3065 4457 indigebat
3098 4380 3396 4458 magistro.

2120 4466 2337 4527 Verum
2371 4487 2487 4546 quo
2510 4487 2764 4548 unquam
2789 4469 3061 4549 exemplo
3079 4468 3425 4548 probabitur
3445 4467 3677 4546 episco-

2040 4575 2175 4635 pum
2198 4555 2269 4616 ab
2293 4556 2409 4618 alio
2434 4558 2714 4637 episcopo
2739 4558 2870 4618 ideo
2895 4577 3139 4636 puerum
3164 4559 3378 4636 vocari,
3401 4557 3556 4637 quod
3578 4556 3678 4618 ille

2034 4645 2093 4706 in
2131 4644 2501 4723 philosophia
2539 4654 2594 4706 et
2624 4646 2895 4706 saeculari
2947 4646 3263 4727 disciplina
3324 4646 3400 4706 sit
3445 4645 3671 4706 rudior.

2035 4733 2261 4795 Deinde
2293 4752 2409 4814 quo
2441 4735 2654 4796 itidem
2689 4747 3046 4813 argumento
3079 4734 3464 4816 persuadebis
3486 4733 3677 4794 Timo-

2035 4824 2234 4884 theum
2270 4823 2328 4883 in
2354 4823 2427 4883 iis
2457 4825 2721 4886 scientiis
2745 4824 2926 4886 fuisse
2955 4824 3228 4905 Dionysio
3253 4824 3680 4896 rudiorem,ac-

2036 4931 2170 4972 eum
2212 4913 2270 4972 in
2303 4912 2654 4975 sublimiore
2713 4913 3009 4991 theologia
3045 4914 3323 4975 habuisse
3357 4932 3462 4992 pro
3497 4912 3680 4990 magi-

2034 5011 2156 5062 stro
2185 5001 2402 5062 ?Certc
2439 5003 2761 5082 Dionysius
2797 5003 2960 5065 illum
2988 5013 3144 5066 tanta
3173 5001 3510 5065 eruditione
3533 5020 3676 5082 prai-

2031 5091 2216 5152 ditum
2247 5092 2572 5168 agnovit,ut
2611 5093 3000 5171 perfectiores
3030 5095 3159 5171 ejus
3190 5090 3561 5172 cognitiones
3590 5110 3680 5152 se-

2031 5198 2166 5241 cum
2189 5179 2640 5252 communicari,
2679 5191 2739 5242 et
2769 5181 2992 5259 scripta
3029 5200 3133 5241 sua
3159 5181 3229 5243 ab
3264 5200 3332 5242 eo
3366 5179 3673 5241 emendari

2038 5269 2287 5331 voluerit
2327 5287 2340 5330 :
2374 5268 2538 5330 Illud
2587 5287 2838 5349 quoque,
2897 5269 3205 5351 inquiebat
3254 5269 3570 5346 Dionysius
3600 5268 3672 5340 11,

2031 5359 2357 5441 pontiﬁcio:
2413 5367 2531 5422 tua:
2586 5362 2851 5425 scientiis
2907 5360 3526 5425 Commemorabimus.
3585 5358 3666 5422 Et

380 5539 528 5626 {Ad
559 5559 779 5604 annum
821 5540 953 5618 109,
987 5542 1016 5624 §
1047 5544 1145 5607 56.
1180 5542 1290 5607 201
1319 5542 1475 5625 Tim,
1512 5559 1576 5607 ιι.
1609 5540 1659 5585 ¹¹
1688 5540 1823 5606 Lib.
1848 5543 1935 5607 De
1965 5545 2096 5607 cal.
2129 5542 2366 5607 hicrar.
2401 5561 2532 5624 cap.
2568 5545 2624 5606 7.
2664 5541 2717 5587 ιε
2745 5546 2850 5610 Lib
2916 5548 3003 5611 De
3033 5548 3241 5609 ccc-les.
3271 5542 3499 5606 In’erar.
3539 5561 3668 5626 (ap.

275 5618 554 5700 "agn.
