4060 6214
385 297 451 365 tt
1548 289 1610 371 ς.
1656 291 2067 372 DIONYSIUS
2128 295 2619 369 AREOPAGI'I‘A
3695 300 3768 373 ιε)

388 435 602 500 divina)
631 437 943 520 tribusque
972 437 1368 502 sanctissimae
1425 438 1733 504 Trinitatis
1764 443 2039 523 personis
2061 453 2100 503 Α
2123 440 2306 518 ditur,
2331 459 2399 504 ac
2422 440 2834 522 negationibus
2860 442 3047 521 magis
3071 459 3246 523 quam
3272 441 3767 508 aliirmationibus

387 525 615 609 absque
646 528 948 592 divisione
971 530 1090 591 ulla
1123 529 2042 614 conveniunt;alia,ut1loquun-
2121 537 2398 610 cognosci
2429 539 2642 613 potest,
2679 531 2979 611 mysticam
3017 531 3580 609 contemplationem
3621 553 3764 614 per-

389 625 505 694 tur,
536 618 811 700 relativa,
846 638 977 699 quae
1007 619 1329 700 unicuique
1383 640 1654 701 persona;
1696 622 2036 702 singillatim

397 706 478 768 ita
531 719 900 789 competunt,
955 716 1016 770 ut
1044 710 1215 772 alteri
1246 730 1366 772 non
1398 710 1625 792 possint
1654 713 1921 776 attribui.
1948 714 2037 776 Ad

390 813 461 857 ea
492 797 667 878 porro
689 799 1040 879 explicanda
1069 799 1381 862 Hierothei
1411 801 1720 880 cujusdam
1769 804 2033 884 magistri

392 885 484 947 sui
515 885 668 948 libro
701 886 925 968 unitur,
959 887 1163 970 ibique
1193 889 1350 970 (cap.
1376 889 1436 972 3)
1457 909 1563 951 cur
1589 899 1718 970 post
1748 894 2032 955 eximium

387 973 556 1036 illum
587 979 804 1058 virum,
842 996 1017 1058 quem
1052 980 1332 1040 maximis
1363 979 1638 1042 laudibus
1682 992 1945 1057 exornat,
1979 993 2036 1046 et

387 1083 646 1145 quocum
678 1066 1026 1130 dormitioni
1057 1067 1170 1130 Dei
1199 1068 1520 1132 Genitricis
1566 1089 1632 1132 se
1689 1070 2034 1135 interfuisse

387 1153 631 1232 dicit,ad
646 1158 1081 1219 conﬁciendam
1096 1159 1572 1221 lucubrationem
1586 1178 1750 1222 suam
1765 1162 2028 1224 animum

387 1245 712 1324 appulerit,
748 1246 955 1326 paucis
987 1246 1088 1309 ille
1118 1248 1406 1310 declarat.
1452 1247 1590 1312 Post
1619 1248 1745 1312 haec
1789 1253 1938 1332 (cap.
1968 1252 2032 1328 4)

389 1334 622 1413 singula
648 1333 754 1396 Dei
772 1336 1017 1398 nomina
1048 1337 1348 1412 edisserit,
1367 1344 1596 1418 atquea
1621 1338 1761 1401 boni
1778 1352 1838 1402 et
1860 1339 2027 1403 boni-

387 1426 546 1503 tatis,
580 1424 812 1505 pulchri
833 1434 889 1488 et
914 1426 1397 1508 pulchritudinis,
1415 1429 2023 1511 amoris,dilectionis,

389 1513 663 1575 amabilis
677 1514 996 1597 dilectique
1013 1518 1381 1599 expositione
1393 1519 1643 1583 orditur.
1661 1520 1814 1583 Hinc
1832 1529 2028 1582 autem

388 1612 625 1684 arrepta
652 1604 988 1680 occasione,
1016 1608 1304 1689 quasdam
1339 1607 1414 1671 de
1445 1616 1657 1672 natura
1711 1617 1769 1671 et
1797 1610 2029 1688 origine

387 1692 528 1754 mali
551 1693 908 1774 quaestiones
935 1697 1236 1771 enucleat,
1263 1705 1321 1759 et
1350 1696 1648 1778 quomodo
1678 1698 1737 1759 in
1785 1699 2028 1777 angeIOS

2121 622 2317 684 veniat
2347 622 2501 702 (cap.
2536 626 2616 702 22‘,
2651 639 2830 700 super
2872 639 2972 683 res
3002 639 3212 682 omnes
3243 620 3556 682 sensibiles
3588 634 3643 684 et
3676 625 3767 686 in-

2121 711 2356 774 tellecta
2367 714 2491 773 ales
2518 731 2649 774 esse
2664 712 3091 789 assurgendum
3110 713 3266 791 (cap.
3284 711 3376 790 3).
3396 713 3760 775 Manifestum

2119 800 2336 863 deinde
2365 802 2499 864 facit
2529 821 2661 879 quae
2689 809 2891 889 essent
2917 800 3031 862 illae
3080 801 3449 879 negationes,
3482 820 3586 862 seu
3619 821 3760 882 per-

2117 892 2404 955 fectiones
2433 893 2543 956 Dei
2569 896 2875 970 negatixte,
2908 910 3126 973 easque
3157 909 3357 952 rerum
3391 911 3523 954 cum
3551 911 3764 972 corpo-

2117 1000 2352 1045 rearum
2386 991 2443 1044 et
2463 983 2864 1063 sensibilium,
2903 991 3024 1042 tum
3059 980 3451 1062 spiritualium
3487 991 3544 1043 et
3579 982 3763 1044 intel-

2118 1070 2457 1134 lectualium
2492 1073 2644 1153 (cap.
2683 1073 2761 1152 4),
2795 1090 2926 1152 quae
2983 1071 3042 1132 in
3107 1072 3226 1132 Deo
3286 1088 3418 1132 esse
3473 1083 3758 1152 nequeut,

2117 1161 2275 1223 nuda
2307 1172 2367 1223 et
2402 1160 2659 1242 simplici
2692 1161 3073 1222 enarratione
3105 1159 3384 1241 explicat.

2195 1251 2943 1330 §V.Epistolce.—Decem
2967 1269 3200 1331 quoque
3223 1249 3490 1331 epistolae
3502 1251 3764 1331 Dionysii

2112 1344 2455 1416 Areopagitze
2470 1360 2676 1402 nomen
2701 1346 3084 1418 prmfcrentes,
3121 1345 3210 1400 his
3239 1353 3486 1415 quatuor
3509 1347 3760 1402 auctoris

2112 1431 2299 1491 nostri
2329 1430 2494 1492 libris
2516 1429 3195 1494 subnectunlur.ilarum
3221 1439 3474 1506 quatuor
3499 1429 3756 1510 priores,

2111 1522 2193 1580 ad
2218 1522 2429 1582 Caium
2449 1523 2774 1602 θεραπεύτην
2792 1520 2960 1596 datae,
2989 1519 3361 1582 brevissima:
3386 1527 3760 1598 sunt,eaaque

2113 1609 2496 1690 epistolarum
2526 1610 2722 1690 potius
2748 1611 3095 1688 fragmenta,
3124 1628 3297 1690 quam
3325 1607 3593 1687 epistolae
3615 1613 3762 1667 inte-

2111 1716 2231 1776 grae
2261 1699 2551 1760 videntur.
2581 1697 2646 1760 In
2670 1718 2877 1761 earum
2910 1700 3098 1778 prima
3129 1696 3620 1774 perfectissimam
3655 1693 3761 1756 Dei

387 1781 604 1845 cadere
643 1785 922 1866 potuerit,
971 1786 1308 1848 luculenter
1363 1787 1578 1868 aperit.
1641 1790 2028 1866 Prosequitur
2054 1819 2088 1867 θ
2113 1788 2538 1866 cognitionem,
2558 1807 2738 1868 quzea
2766 1788 2937 1849 nobis
2962 1787 3149 1867 accipi
3169 1786 3373 1866 possit,
3401 1804 3530 1847 eam
3556 1791 3762 1846 auctor

389 1869 609 1934 deinde
639 1873 799 1954 (cap.
832 1874 894 1954 5)
920 1875 1255 1937 inchoatam
1283 1879 1593 1939 nominum
1615 1875 1723 1938 Dei
1748 1878 2025 1957 explana-

388 1960 636 2037 tionem,
671 1971 729 2024 et
757 1981 977 2026 nomen
1008 1965 1358 2048 entis,quod
1385 1965 1508 2028 Deo
1533 1965 1613 2027 ita
1634 1965 1934 2041 tribuitur,
1968 1977 2030 2028 ut

387 2061 737 2114 caeterorum
758 2055 1025 2116 omnium
1047 2056 1236 2137 ipsum
1257 2055 1333 2118 sit
1360 2057 1712 2138 principium
1739 2065 1799 2118 et
1828 2075 2024 2136 causa,

384 2142 458 2204 ad
491 2161 623 2203 eum
655 2150 866 2208 tractat
892 2145 1134 2208 modum
1168 2148 1323 2228 (cap.
1378 2147 1463 2226 6),
1499 2156 1590 2220 ut,
1623 2147 1929 2228 quomodo
1963 2148 2028 2208 in

383 2234 507 2294 Deo
521 2250 718 2296 rerum
739 2236 1006 2297 omnium
1029 2235 1409 2317 exemplaria
1422 2237 2029 2317 prmerstiterintﬁbi

388 2341 626 2404 quoque
665 2323 1002 2404 patefaciet.
1061 2325 1330 2408 Explicat
1385 2336 1671 2408 praeterea
1734 2327 2027 2407 quomodo

384 2413 545 2474 Deus
568 2413 679 2475 vita
701 2413 800 2488 sit,
822 2432 858 2476 a
877 2433 993 2494 quo
1010 2433 1178 2476 suam
1192 2425 1411 2478 centcra
1437 2417 1692 2479 viventia
1705 2417 2022 2497 accipiunt:

387 2502 686 2581 quomodo
711 2510 858 2584 (cap.
886 2506 942 2578 7)
969 2503 1045 2566 sit
1067 2505 1358 2586 sapientia
1380 2506 1529 2586 ipsa,
1558 2509 1755 2569 omnis
1777 2508 2021 2580 mentis,

388 2592 669 2666 rationis,
689 2595 1024 2671 sapientiai,
1047 2595 1468 2676 intelligentiae
1484 2614 1704 2673 causa;
1730 2596 2027 2677 quomodo

386 2681 635 2762 (cap.~8)
666 2681 867 2742 omnia
923 2694 1263 2763 cognoscat,
1313 2694 1369 2747 et
1398 2704 1430 2748 a
1465 2687 1753 2749 creaturis
1801 2705 2026 2764 cogno-
2069 2707 2076 2712 -

384 2780 625 2834 scatur:
657 2770 960 2852 quomodo
988 2772 1274 2850 Verbum,
1311 2778 1506 2855 Λόγος,
1540 2776 1615 2837 sit
1659 2775 1897 2854 veritas,
1961 2795 2028 2837 ac

383 2858 527 2921 ﬁdei
560 2869 780 2925 nostrae
821 2861 1316 2928 fundamentum:
1364 2864 1660 2946 quomodo
1687 2885 1756 2927 ex
1803 2865 2030 2928 inﬁnita

382 2948 512 3029 ejus
537 2954 797 3030 potentia
821 2952 952 3014 alia;
973 2970 1184 3016 omnes
1207 2953 1584 3030 deriventur;
1607 2962 1783 3036 atque
1810 2953 2026 3036 (cap.9)

382 3038 514 3119 ejus
539 3037 770 3118 justitia
814 3042 1078 3104 omnium
1107 3062 1316 3107 norma
1341 3045 1435 3120 sit,
1468 3042 1628 3106 salus
1671 3055 1729 3106 et
1756 3043 2031 3125 redemp-

383 3128 488 3196 tio.
513 3129 603 3193 Ad
627 3131 752 3192 haec
780 3149 916 3194 vero
963 3135 1123 3215 (cap.
1155 3140 1256 3214 tO,‘
1313 3151 1424 3196 cur
1455 3133 1617 3197 Deus
1664 3149 1924 3215 magnus
1974 3141 2034 3199 ct

2113 1895 2244 1939 esse
2267 1878 2433 1959 dicit,
2469 1896 2600 1959 quae
2634 1897 2702 1940 ex
2727 1877 3024 1940 attributis
3050 1878 3176 1956 ejus
3201 1875 3488 1954 negativis
3506 1893 3616 1954 per
3645 1893 3756 1937 ea:-

2111 1983 2431 2048 cessum,ei
2463 1988 2577 2028 non
2607 1969 2880 2046 privative
2903 1966 3177 2030 habetur.
3199 1965 3261 2028 ln
3285 1965 3547 2027 secunda
3571 1983 3755 2044 expo-

2113 2056 2199 2117 nit
2229 2060 2521 2137 quomodo
2539 2061 2649 2138 qui
2667 2069 2951 2139 estsuper
2983 2058 3293 2130 omnia,sil
3320 2073 3505 2135 supra
3536 2057 3758 2135 princi-

2108 2149 2281 2226 pium
2327 2149 2664 2211 divinitatis
2693 2155 2748 2211 et
2793 2147 3169 2209 bonitatian
3196 2145 3370 2207 tertia
3416 2164 3552 2206 vero
3585 2142 3745 2222 quod

2116 2237 2429 2300 Malachias
2476 2238 2763 2319 propheta
2812 2237 2885 2298 de
2929 2237 3160 2298 Christo
3210 2235 3747 2316 praenuntiaverat:

2111 2324 2576 2404 Repenteveniel
2591 2328 3252 2408 adtemplumsanctum
3269 2326 3588 2405 suum,hoc
3613 2323 3750 2386 bre-

2111 2415 2162 2475 vi
2216 2417 2607 2496 explicatione
2632 2419 3080 2497 interpretatur.
3133 2415 3381 2478 Demum
3438 2418 3496 2476 in
3553 2423 3754 2494 quarta

2111 2505 2406 2567 Christum
2462 2508 2646 2569 Deum
2689 2510 2869 2570 fuisse
2897 2516 2952 2569 et
2979 2507 3311 2580 hominem,
3360 2513 3415 2566 et
3447 2505 3753 2583 θεκνδρικήν

2114 2597 2518 2676 operationem
2547 2597 2890 2658 exhibuisse
2923 2597 3308 2658 demonstrat.

2192 2683 2402 2757 Quinta
2438 2687 2688 2766 epistola
2741 2687 2949 2749 eodem
3012 2704 3079 2747 ac
3140 2688 3542 2767 praecedentes
3605 2685 3752 2763 ston

2113 2784 2368 2848 exarata,
2407 2776 2487 2837 ad
2528 2775 2895 2839 Dorolheum
2927 2775 3265 2852 λειτςωργόν
3296 2775 3518 2834 directa
3551 2783 3661 2834 est.
3694 2772 3757 2833 In

2115 2881 2184 2924 ea
2215 2874 2411 2926 autem
2469 2884 2599 2945 qua:
2644 2867 2721 2927 sit
2771 2865 2973 2944 caligo
3031 2865 3241 2926 (livina
3300 2873 3506 2924 auctor
3549 2863 3756 2946 aperit,

2117 2952 2477 3034 planumque
2509 2954 2644 3014 facit
2677 2967 2815 3016 tunc
2846 2954 3031 3016 Deum
3078 2971 3215 3014 vere
3268 2952 3568 3030 cognosci,
3626 2970 3759 3012 cum

2113 3041 2217 3102 ille
2248 3059 2428 3122 super
2448 3061 2685 3105 omnem
2717 3044 3027 3106 scientiam
3088 3050 3147 3104 et
3176 3040 3577 3121 cognitionem
3630 3059 3762 3103 esse

2117 3134 2518 3210 cognoscitur.

379 3221 800 3300 parvus,idem
820 3229 875 3284 et
895 3221 1321 3298 aliudsimilis
1343 3231 1400 3286 et
1419 3223 1737 3286 dissimilis
1759 3223 2016 3287 dicatur:
2042 3234 2082 3284 c
2187 3220 2668 3302 AdSosipatrum
2681 3224 3092 3305 presbyterum
3123 3229 3286 3286 sexta
3303 3220 3480 3283 missa
3511 3228 3623 3296 est,
3661 3220 3762 3281 illa

381 3327 512 3389 quin
531 3315 605 3371 sit
627 3311 759 3390 ejus
790 3312 1172 3394 quies,sedes
1199 3319 1259 3377 et
1296 3320 1511 3395 motus,
1541 3331 1652 3375 cur
1682 3312 2026 3376 nominetur
2108 3329 2224 3391 que
2254 3310 2519 3373 omnium
2564 3313 2701 3375 licet
2722 3312 3095 3389 brevissima,
3141 3313 3391 3374 formam
3427 3321 3625 3374 tamen
3660 3311 3762 3371 ha-

381 3398 646 3478 azqualis,
681 3403 1081 3478 omnitenens,
1107 3405 1508 3484 παντοκράτωρ,
1542 3405 1843 3483 antiquus
1890 3403 2023 3466 die-
2107 3399 2207 3461 bet
2225 3401 2647 3482 epistolanlac
2672 3412 2881 3465 auctor
2899 3412 3101 3465 noster
3124 3402 3590 3483 Sosipatrum'ut
3613 3420 3760 3480 ope-

382 3491 936 3570 rum,anliiquuset
959 3489 1380 3572 novus;ibique
1403 3493 2026 3572 temporesetoeternl-
2109 3509 2236 3553 ram
2272 3509 2437 3553 suam
2487 3511 2603 3555 non
2638 3502 2757 3555 tam
2790 3495 2848 3555 in
2879 3493 3194 3572 arguendis
3227 3493 3524 3554 haereticis
3585 3510 3760 3572 quam

385 3579 534 3640 tatis
561 3587 827 3642 naturam
844 3581 1160 3663 explanare
1178 3583 1508 3646 contendit.
1526 3581 1739 3644 Postea
1759 3583 2018 3663 (capti)
2103 3585 2165 3642 iu
2192 3580 2438 3644 veritate
2463 3582 2816 3644 stabilienda
2844 3591 3042 3664 ponat,
3078 3585 3268 3645 amice
3300 3589 3522 3643 monet.

381 3667 456 3729 de
489 3687 632 3749 pace
662 3669 793 3747 Dei,
829 3673 926 3752 qui
952 3670 1147 3734 omnis
1179 3671 1343 3754 pacis
1372 3680 1581 3734 auctor
1612 3680 1722 3748 est,
1760 3671 2024 3748 disserit,
2195 3667 2456 3752 Septima
2485 3672 2584 3734 ille
2612 3672 2934 3753 Polycarpo
2967 3671 3274 3753 episcopo,
3311 3671 3413 3752 qui
3442 3671 3637 3753 ipsum
3689 3671 3762 3732 ab

384 3775 637 3840 eamque
658 3759 731 3821 ab
755 3759 1034 3823 omnibus
1052 3760 2030 3824 desideraridemonstrat.Dehinc
2115 3759 2532 3842 Apollophane
2564 3761 2850 3842 sophista,
2900 3764 3057 3843 quod
3088 3762 3400 3842 opiniones
3455 3761 3762 3840 gentilium

386 3848 550 3929 (cap.
579 3849 673 3918 12)
689 3849 762 3910 ad
793 3868 862 3912 ea
881 3851 1205 3932 respondet
1228 3871 1364 3933 quae
1386 3850 1779 3914 Thimotheus
1801 3852 1932 3914 data
1954 3853 2025 3913 aii
2116 3849 2499 3925 confutando,
2536 3869 2635 3913 eas
2669 3852 2904 3914 sincere
2935 3871 3051 3912 non
3088 3852 3517 3931 proposuisset,
3577 3851 3764 3931 palam

388 3955 525 3998 eum
557 3938 808 4019 epistola
843 3948 1217 4020 p0poscerat,
1254 3940 1397 4021 quid
1433 3942 1509 4001 sit
1537 3959 1655 4020 per
1684 3959 1744 4002 se
1775 3957 2034 4021 esse,per
2117 3938 2378 4002 incusari
2414 3941 2802 4018 nuntiaverat,
2838 3941 3204 4020 respondere
3237 3942 3489 4003 videtur.
3527 3942 3622 4002 Ait
3655 3941 3766 4002 ita-

387 4043 454 4088 se
472 4029 617 4108 vita,
630 4031 1308 4108 per,resapientia.Tum
1329 4030 1584 4090 subinde
1603 4030 1672 4090 ad
1695 4029 2032 4091 divinorum
2118 4046 2234 4108 que
2257 4047 2321 4090 se
2352 4047 2484 4090 cum
2512 4029 2795 4091 adversus
2818 4029 3071 4107 gentiles
3096 4029 3448 4109 disputaret,
3477 4047 3572 4090 res
3597 4037 3770 4108 prout

391 4116 703 4178 nominum
763 4117 1240 4198 explanationem
1301 4136 1598 4194 reversus,
1659 4117 2034 4199 perspicuum
2117 4116 3770 4199 sehaberent,veresemperretulisse;Polycarpumquo

393 4208 542 4269 facit
571 4216 716 4288 (cap.
761 4208 858 4289 13)
895 4227 1002 4271 cur
1033 4208 1189 4271 Deus
1221 4216 1465 4272 vocetur
1495 4209 1753 4272 Sanctus
1794 4215 2026 4271 sanctoo
2131 4214 2298 4286 rogat
2327 4216 2388 4268 ut
2421 4207 2820 4289 Apollophani
2871 4207 3162 4286 signiﬁcet
3213 4227 3348 4271 eum
3382 4209 3574 4287 ipsum
3609 4224 3767 4288 esse,

388 4314 552 4369 rum,
582 4297 720 4360 Rea:
749 4317 988 4378 regum,
1028 4300 1322 4361 Dominus
1352 4299 1834 4378 dominantium,
1884 4297 2048 4359 Deus
2133 4300 2232 4378 qui
2262 4297 3019 4360 divinisudversusdim’na
3051 4297 3350 4363 abutitur.
3385 4297 3614 4359 Etenim
3650 4315 3768 4358 non

392 4386 886 4450 deorum.Hisita
913 4388 1458 4470 eXplicatis,monet
1488 4407 1551 4449 se
1584 4386 1782 4449 divina
1807 4388 2047 4449 nomina
2132 4388 2321 4448 solum
2356 4387 2428 4449 iis
2459 4406 2588 4469 quae
2616 4385 2812 4449 Josuae
2834 4395 2893 4450 et
2922 4385 3186 4449 Ezechias
3245 4387 3612 4469 temporibus
3662 4407 3768 4448 ac—

391 4492 499 4556 pro
521 4481 644 4536 suis
665 4475 910 4558 viribus,
935 4496 1052 4538 non
1079 4495 1184 4557 pro
1210 4496 1416 4540 eorum
1439 4475 1726 4556 dignitate
1749 4475 1832 4537 sic
1853 4476 2046 4557 expli-
2133 4476 2690 4552 ciderant,insolitis
2706 4477 2988 4540 ctelorum
3027 4478 3312 4553 motibus,
3347 4477 3452 4540 sed
3481 4478 3538 4538 in
3563 4477 3771 4556 primis

392 4564 716 4646 cuisse,ut,
747 4566 795 4627 si
829 4565 1143 4647 quidrecte
1162 4586 1301 4629 asse
1319 4568 1537 4629 dictum
1562 4566 1826 4646 fuerit,id
1850 4575 2033 4628 totum
2065 4567 2443 4647 Dstupenda,
2478 4585 2652 4647 quam
2687 4565 3007 4648 Ii’eliopoli,
3039 4566 3182 4628 dum
3217 4566 3483 4630 Christus
3542 4567 3774 4627 cruciﬁ-

391 4655 455 4716 in
481 4655 666 4718 Deum
691 4655 883 4737 ipsum
916 4656 1151 4718 refundi
1173 4658 1410 4739 debeat;
1437 4659 1486 4719 si
1511 4656 1653 4738 quid
1679 4673 1816 4718 vero
1841 4657 2036 4718 minus
2121 4665 2380 4737 geretur,
2416 4655 2517 4717 ille
2546 4674 2747 4718 secum
2780 4655 3030 4736 viderat,
3066 4657 3209 4718 solis
3265 4655 3624 4730 defectione,
3686 4654 3761 4715 de

393 4746 542 4807 recti
575 4755 631 4807 et
654 4746 926 4827 perfecti,
959 4747 1104 4809 illud
1141 4746 1438 4810 Timothei
1472 4747 1681 4828 peritia
1724 4745 1861 4808 velit
1904 4765 2037 4808 esse
2126 4745 2395 4826 ejusdem
2431 4744 2648 4808 Christi
2681 4745 2987 4807 divinitate
3018 4745 3209 4808 fuerat
3240 4746 3567 4809 convictus.
3603 4743 3770 4816 Quod

395 4835 1033 4917 correctum.Spondet
1060 4837 1319 4919 denique
1349 4855 1414 4898 se
1445 4837 1516 4899 de
1534 4834 1857 4917 symbolice
1884 4835 2041 4898 theo-

397 4926 560 5008 logia
583 4937 714 5009 post
738 4929 864 4991 haec
896 4947 1026 4992 essc
1065 4930 1453 5012 scripturum,
1517 4937 1694 5010 atque
1756 4928 1834 4990 ita
1892 4927 2044 4990 libro

397 5034 506 5078 suo
537 5017 720 5080 ﬁnem
749 5017 1024 5098 imponit.

479 5105 630 5187 §IV.
654 5105 840 5170 Liber
861 5109 936 5170 de
964 5110 1228 5188 mystica
1263 5108 1581 5190 theologia.
1633 5141 1711 5153 —
1761 5105 2046 5180 Quartum

397 5194 643 5274 librum,
680 5197 769 5262 De
799 5199 1053 5279 mystica
1086 5198 1386 5279 theologia
1441 5198 1610 5262 titulo
1668 5196 2043 5278 inscriptum,

399 5294 611 5352 auctor
639 5297 843 5352 noster
877 5287 952 5350 ab
1007 5289 1405 5352 sanctissimae
1451 5287 1751 5353 Trinitatis
1804 5287 2047 5349 invoca-

406 5377 826 5441 tioneinchoat
857 5377 1011 5459 (cap.
1050 5378 1140 5457 i),
1164 5376 1664 5459 Timotheumque
1708 5394 2051 5440 commone-

405 5466 546 5530 facit
578 5473 824 5551 mystica
855 5483 986 5530 cum
1023 5466 1169 5530 viris
1201 5469 1441 5549 paganis
1473 5487 1590 5531 non
1624 5483 1756 5528 esse
1775 5481 2048 5530 commu-

403 5556 680 5623 nicanda.
708 5557 829 5642 Ipsi
859 5556 1115 5621 subinde
1144 5557 1456 5638 signiﬁcat,
1483 5566 1551 5621 ut
1574 5556 1650 5621 ad
1673 5555 1804 5637 Dei,
1830 5556 1935 5639 qui
1963 5561 2049 5618 in-

404 5648 572 5728 ﬁnite
603 5668 781 5734 supra
809 5667 919 5715 nos
937 5647 1150 5732 elatus,
1178 5649 1467 5716 immensa
1507 5647 1759 5730 caligine
1787 5645 2047 5711 abscon-

2127 4835 2240 4917 ipsi
2272 4843 2332 4898 ut
2364 4835 2424 4896 in
2458 4835 2805 4898 memoriam
2830 4844 3089 4916 revocet,
3112 4846 3287 4918 atque
3312 4836 3385 4898 ad
3419 4836 3768 4915 amplexan-

2130 4924 2264 4986 dam
2298 4923 2694 4987 Christianam
2727 4925 3079 5004 religionem
3104 4926 3474 5002 adhortetur,
3499 4924 3775 4986 obsecrat

2131 5021 2190 5076 et
2214 5013 2503 5096 praicipit.

2211 5103 2634 5185 Demophilum
2690 5103 3077 5187 monachum,
3137 5103 3239 5186 qui
3298 5103 3686 5188 paenitentem
3743 5121 3777 5166 a

2130 5191 2442 5257 sacerdote
2462 5193 2821 5271 absolutum,
2852 5193 3165 5276 ipsumque
3200 5195 3571 5257 sacerdotem
3597 5211 3630 5255 a
3660 5211 3775 5276 quo

2131 5281 2887 5364 fueratabsoiutus,durius
2904 5290 3274 5359 tractaverat,
3301 5283 3552 5365 epistola
3574 5291 3773 5346 octava

2132 5373 2805 5456 corripit.Quamobrem
2827 5372 3209 5438 clementiam
3227 5372 3778 5438 mansuetudinem-

2133 5483 2249 5547 que
2280 5463 2680 5540 commendat,
2706 5481 2776 5525 ac
2808 5461 2979 5528 variis
3007 5461 3244 5546 Moysis,
3279 5463 3538 5541 Davidis,
3596 5461 3772 5521 lose-

2133 5555 2261 5638 phi,
2317 5553 2688 5632 angelorum,
2749 5561 2809 5618 et
2864 5553 3082 5616 Christi
3161 5552 3400 5617 Domini
3481 5547 3776 5631 exemplis

2136 5644 2345 5730 probat
2373 5644 2711 5709 sacerdotes
2742 5643 3101 5709 amonachis
3131 5663 3248 5709 non
3278 5661 3409 5708 esse
3440 5638 3778 5722 arguendos

3577 5838 3722 5984 αξ)

3293 6063 3324 6092 .
3667 5989 3855 6094 't‘.
