4060 6214
288 351 358 429 13
1685 356 2277 435 PROLEGOMENA.
3591 358 3661 430 14

287 507 464 579 atque
494 506 638 561 ante
663 495 857 579 ipsum
885 490 986 578 qui
1010 494 1067 560 id
1100 506 1391 562 attentare
1409 519 1587 564 ausus
1618 502 1814 585 fuerit,
1838 504 1933 566 in-
1952 511 1996 561 Α
2020 503 2154 565 doxi
2172 502 2421 585 pedibus
2445 502 2505 562 in
2537 518 2741 564 eorum
2776 499 3381 580 iverintsententtam,
3408 516 3661 579 eamque

284 596 523 650 ventum
558 605 693 650 esse
724 587 1051 652 neminem.
1085 588 1354 670 Denique
1388 601 1760 671 peccatorem
1796 610 1930 673 pm—
2015 593 2256 674 plurimi
2287 592 2467 654 variis
2527 587 3041 653 lucubrationibus
3110 588 3172 651 in
3232 588 3427 650 lucem
3460 588 3659 661 editis,

285 679 574 739 nitentem
606 678 685 739 ab
717 677 846 757 ipso
878 696 1013 738 non-
1030 677 1312 741 debuisse
1361 682 1530 760 rejici
1564 682 1716 745 mira
1745 682 1931 745 sancti
2018 682 2508 763 propugnandum
2542 679 2942 761 susceperint.
3002 675 3216 741 Contra
3247 687 3447 740 tamen
3506 683 3664 739 stant

284 767 465 844 Carpi
494 767 720 829 visione
748 767 1142 830 demonstrat.
2015 771 2195 852 aliqui
2227 790 2330 850 pro
2362 770 2773 848 antiquiorum
2807 765 3117 850 opinione,
3180 785 3360 846 quam
3412 766 3659 848 prolixis

370 859 644 941 Epistula
674 878 849 921 nonas
876 861 957 922 ad
986 859 1188 924 Titum
1213 863 1562 944 episcopum
1586 872 1730 927 cata
1762 865 1932 928 initio
2015 869 2192 923 etiam
2226 858 2777 924 Dissertationibus.
2810 859 2870 920 in
2899 856 3111 935 vulgus
3161 875 3279 918 non
3311 856 3391 918 ita
3424 857 3657 938 pridem

292 950 437 1026 quid
470 949 666 1028 ﬁgura;
698 950 1046 1031 symbolicae
1080 958 1136 1014 et
1168 970 1493 1035 corporeae,
1531 973 1663 1035 quae
1719 958 1840 1019 Deo
1873 960 1930 1017 in
2016 950 2275 1022 emissis,
2312 948 2637 1011 defenduni
2674 966 2741 1010 ac
2776 955 3039 1011 tuentur.

287 1038 593 1117 Scriptura
611 1057 786 1103 sacra
812 1040 1180 1117 tribuuntur,
1203 1034 1563 1120 signiﬁcent,
1599 1054 1807 1108 auctor
1831 1066 1934 1108 no-
2095 1042 2234 1104 Haec
2257 1041 2452 1121 itaque
2467 1036 2697 1120 questio
2724 1055 2857 1100 cum
2881 1053 2986 1116 pro
3008 1034 3203 1097 ofﬁcio
3227 1042 3428 1097 nostro
3449 1053 3663 1100 rursus

282 1136 411 1189 ater
437 1127 729 1190 enucleat.
769 1129 1000 1191 Deinde
1030 1149 1099 1192 ea
1130 1150 1271 1208 quae
1300 1131 1467 1194 Titus
1499 1135 1929 1214 postulaverat,
2014 1130 2085 1193 ad
2119 1148 2369 1192 examen
2402 1126 2736 1190 revocanda
2778 1128 2876 1205 sit,
2934 1124 3091 1214 illam
3119 1125 3202 1186 ita
3254 1124 3662 1208 tractabimus,

280 1216 606 1298 explanare
634 1237 967 1298 aggressus,
1009 1220 1268 1282 ostendit
1319 1222 1465 1301 quid
1506 1213 1597 1286 rsit
1652 1227 1937 1299 ebrietas,
2023 1229 2107 1291 ut,
2135 1218 2736 1298 omnibusutriusque
2760 1213 3284 1297 partisrationibus
3306 1215 3658 1292 aequalance

282 1306 638 1397 discubitum
672 1325 918 1370 somnus
947 1314 1004 1371 et
1036 1310 1355 1390 evigilatz'o
1390 1313 1516 1377 Dei,
1578 1313 1661 1375 Ex
1720 1315 1942 1397 quibus
2025 1308 2392 1389 ponderatis,
2427 1325 2632 1370 earum
2662 1307 2777 1367 vim
2810 1313 2868 1365 et
2893 1303 3095 1379 robur,
3135 1311 3232 1364 aut
3262 1303 3565 1397 levitatem
3597 1314 3661 1367 et

284 1395 460 1459 facile
490 1396 736 1476 colligas
764 1397 847 1458 ibi
899 1398 1047 1460 nihil
1101 1399 1264 1461 aliud
1297 1420 1472 1482 quam
1509 1408 1703 1484 priora
1735 1394 1943 1486 capitis
2025 1400 2159 1460 vitia
2188 1399 2345 1459 clare
2361 1402 2421 1459 et
2453 1397 2789 1486 perspicue,
2815 1401 3102 1476 quantum
3136 1411 3243 1473 per
3264 1411 3372 1486 nos
3403 1394 3532 1486 ﬁeri
3555 1412 3656 1486 po-

286 1486 430 1548 noni
461 1487 763 1549 Malacbiae
794 1489 1101 1568 prophetae
1135 1490 1319 1553 verba
1348 1493 1657 1571 extilicari.
1808 1483 1823 1486 ⁷
2023 1488 2189 1567 terit,
2219 1487 2665 1569 patefaciamus.
2701 1485 2807 1547 His
2835 1491 3030 1546 autem
3064 1500 3134 1544 ea
3164 1483 3366 1543 omnia
3412 1483 3659 1562 adjicie-

365 1580 436 1640 In
469 1577 724 1656 epistola
742 1576 999 1650 decima.
1032 1579 1114 1642 ad
1141 1578 1441 1645 Joannem
1471 1584 1929 1665 evangelistam,
2022 1596 2152 1639 mus
2181 1596 2312 1659 qua:
2341 1576 2412 1638 ad
2439 1575 2795 1638 eliciendam
2820 1571 3413 1665 conﬁrmandamque
3441 1572 3662 1665 γθνὶιδ-

285 1670 345 1732 in
377 1670 573 1734 insula
598 1670 881 1733 Patbmos
931 1673 1266 1737 exulantem
1291 1674 1540 1754 directa,
1566 1662 1771 1740 auctor
1800 1698 1936 1741 nos-
2020 1676 2137 1728 lem
2170 1663 3090 1754 etvauasargutiasdepellendas
3111 1666 3295 1740 magis
3312 1662 3657 1754 conducere

285 1768 380 1823 ter
409 1760 666 1822 celerem
703 1760 785 1821 illi
810 1758 883 1824 ab
916 1763 1130 1824 exsilio
1163 1770 1219 1826 in
1252 1766 1453 1828 Asiam
1487 1750 1775 1847 reditum,
1810 1768 1927 1829 ibi-
1954 1835 1987 1847 _
2018 1756 2190 1847 nobis
2220 1755 2598 1818 videbuntur:
2631 1753 2901 1847 Denique
2935 1752 3088 1847 hanc
3121 1750 3515 1833 quaestionem
3549 1771 3657 1834 pro

287 1867 403 1930 que
432 1867 499 1910 se
526 1848 657 1928 ejus
694 1849 1007 1928 praesentia
1026 1851 1339 1915 fruiturum
1365 1867 1525 1916 certo
1548 1835 1925 1937 prmnuntiat.
1954 1835 1989 1885 Β
2014 1846 2163 1937 Virili
2200 1854 2363 1927 ρθτῑθ
2394 1864 2462 1937 et!
2508 1844 2783 1937 ιηθιῒιοάο
2811 1842 3127 1937 θηυωθίξνρ
3156 1850 3511 1937 εδιθεειηυε,
3545 1862 3659 1923 qua

360 1941 619 2021 Adjecta
652 1949 740 2002 est
776 1945 832 2002 in
867 1944 1176 2005 nonnullis
1206 1930 1579 2011 editionibu's
1610 1949 1927 2012 undecima
2013 1936 2289 1997 sincerus
2319 1935 2580 1997 veritatis
2631 1941 2862 1995 amator
2919 1932 2995 1994 de
3045 1930 3143 2021 bis
3196 1931 3436 2012 scriptis
3486 1951 3660 1996 suum

280 2020 545 2094 auctor-ts
568 2031 755 2091 nostri
774 2031 853 2092 ad
873 2034 917 2093 A
925 2033 1353 2114 pollophanem
1364 2038 1784 2118 philosophum
1808 2040 1929 2119 epi-
2015 2025 2201 2107 Ροεείῐ
2232 2024 2461 2088 Γᾶοὶιίυε
2493 2030 2554 2087 ει
2584 2022 2996 2119 σθςιξιέξίεξιέιξ
3018 2020 3339 2101 Ξυάίείυιη.

282 2120 471 2182 stola:
498 2119 603 2180 sed
625 2137 758 2181 cum
785 2138 855 2181 ea
874 2110 965 2182 vix
992 2121 1064 2182 ah
1090 2110 1211 2184 ullo
1236 2110 1496 2203 genuina
1527 2110 1658 2189 esse
1678 2110 1926 2190 censea-
2642 2111 2885 2177 CAPUT
2916 2110 3021 2174 ῙΙῙ-

285 2219 399 2286 tur,
436 2210 512 2270 de
540 2207 707 2269 illius
736 2211 1004 2284 veritate,
1033 2230 1107 2274 ne
1128 2199 1265 2275 cum
1296 2214 1428 2277 aliis
1458 2234 1714 2293 quarum
1742 2217 1923 2297 major

2020 2205 2241 2268 Utrum
2274 2205 2521 2297 quidam
2551 2210 2878 2297 scriptores
2907 2209 3048 2265 ante
3080 2199 3484 2297 Collationem
3509 2202 3666 2297 Con-

284 2309 373 2365 est
401 2300 753 2372 difﬁcultas.
811 2303 1309 2383 confunderetur,
1346 2307 1407 2370 in
1439 2309 1555 2371 ﬁne
1582 2309 1761 2390 hujus
1789 2293 1923 2372 Dis«

2096 2294 2714 2390 stantinopolitanam
2743 2293 2870 2355 haec
2923 2309 3111 2372 opera
3156 2294 3446 2373 Dionysio
3476 2294 3661 2356 attri-

282 2393 626 2458 serlationis
672 2392 1130 2474 disputabimus.
1662 2384 1682 2390 ⁷

2096 2385 2334 2447 buert'nt
2367 2384 2396 2445 ?

920 2487 1167 2552 CAPUT
1212 2487 1285 2552 Il.
2099 2477 2338 2538 Constat
2377 2472 2620 2553 quidem
2668 2474 2869 2535 omnia
2918 2471 3176 2534 auctoris
3230 2470 3413 2533 nostri
3470 2468 3665 2551 Opera

329 2574 689 2658 Exponitur
715 2585 916 2643 status
946 2580 1320 2659 quaestionis,
1384 2587 1435 2641 et
1470 2598 1590 2660 qua
1620 2581 1894 2644 methodo
2022 2563 2574 2660 ροειξὶριιειίίριιςτη
2610 2562 3125 2660 ϐοηεςτίηιὶηορριί
3154 2579 3309 2623 anno
3340 2560 3459 2660 5_33
3485 2559 3662 2624 habi‘

918 2649 1318 2731 tractabitur:
1479 2649 1498 2660 ³
2021 2662 2136 2714 tam
2172 2652 2453 2733 Dionysio
2483 2654 2863 2734 Areopagitae
2894 2670 3014 2713 nno
3043 2652 3171 2713 fere
3217 2649 3486 2711 omnium
3514 2669 3663 2713 con-

380 2756 469 2817 De
494 2757 588 2819 bis
624 2756 1138 2821 lucubrationibus
1167 2759 1216 2819 si
1249 2777 1318 2820 ex
1351 2758 1479 2839 ipso
1511 2777 1713 2822 earum
1765 2762 1934 2823 testi-
2020 2762 2198 2839 seu?“
2230 2742 2411 2839 W359
2440 2739 3666 2839 adiudicata-Utrumsulemsademfusrit

298 2845 499 2908 monio
549 2847 769 2911 feratur
798 2848 1120 2928 sententia,
1188 2829 1419 2910 certum
1481 2859 1569 2910 est
1623 2849 1756 2911 illas
1815 2870 1923 2913 non

2019 2832 2420 2913 antiquiorum
2454 2832 2682 2912 opinio,
2716 2832 2871 2893 inter
2902 2829 3167 2893 eruditos
3189 2830 3513 2890 etiamnum
3547 2829 3666 2889 dis-

286 2934 468 2997 alium
529 2958 704 3019 quam
766 2922 1116 3019 Dionysium.
1169 2938 1612 3019 Areopagitam,
1678 2958 1712 2999 a
1756 2938 1933 3002 Paulo
2019 2925 2699 3019 90P13l0f_o_l)_i9nysiani
2733 2925 2892 3019 enim
2925 2922 3659 3019 testimoniaprigeulsfi

280 3012 566 3106 apostolo
581 3029 655 3089 ad
687 3012 1083 3090 Christianam
1118 3027 1295 3092 fidem
1315 3012 1661 3106 adductum,
1684 3030 1936 3110 ejusque
1954 3078 1991 3110 ρ
2020 3013 2353 3110 Αηιθηθὲίί,
2378 3012 3121 3110 (δίειηεηίίειΑιθΧδηῖῙτίηί
3151 3020 3208 3110 εξ
3239 3012 3507 3110 (Ξιῖθεοτξῖ
3537 3015 3662 3076 Νεί-

283 3078 548 3106 -,----..-
582 3078 655 3089 ν...
691 3078 1083 3090 ......-...........
1118 3078 1635 3092 .................-......
1688 3078 1715 3090 ν
1750 3078 1812 3090 ην
1864 3078 1923 3091 ...

283 3124 492 3196 postea
531 3117 915 3199 discipulum,
951 3116 1232 3179 habuisse
1274 3126 1602 3182 auctorem.
1644 3078 1923 3183 ’V'eru‘m-

2016 3104 2276 3165 zianzeni
2303 3078 2368 3183 ε’,
2392 3123 2425 3166 a
2456 3103 2673 3182 quibus
2705 3103 2833 3165 haec
2862 3105 3083 3183 scripta
3115 3103 3203 3163 vel
3246 3078 3511 3181 Dionysii
3544 3121 3653 3162 no-

282 3191 592 3268 enimvero
624 3191 758 3288 quae
788 3207 862 3268 de
893 3191 1060 3288 solis,
1092 3207 1327 3270 Christo
1348 3208 1665 3284 moriente,
1696 3209 1931 3296 eclipsi,
2018 3197 2178 3296 ῐηίηξξ
2208 3194 2531 3296 “IMP-fel
2567 3193 2824 3296 iudicata
2854 3195 3196 3296 (ξρίηθῐξῑξιν,
3234 3191 3544 3296 Ριξοξθτυηί
3595 3191 3659 3253 in

277 3294 357 3356 de
386 3285 658 3376 corpore
676 3296 945 3377 Deiparze
995 3285 1258 3375 Virginis
1293 3306 1426 3377 post
1455 3299 1585 3378 ejus
1618 3285 1932 3361 mortema
2018 3286 2306 3378 medium;
2338 3286 2583 3378 Addunt
2642 3285 2989 3378 Dionysium
3046 3285 3537 3378 Alexandrinum,
3602 3292 3664 3345 ut

276 3401 347 3445 se
378 3392 439 3446 et
469 3373 545 3446 ab
575 3373 859 3466 apostolis
888 3386 1036 3458 viso,
1073 3373 1148 3448 de
1179 3373 1423 3449 Joannis
1454 3373 1834 3467 evangelistae
1858 3388 1932 3450 ab
2017 3377 2373 3467 Anastasius
2421 3375 2667 3457 Sinaita,
2708 3386 2945 3467 sanctus
2977 3374 3271 3467 Maximus
3322 3382 3381 3467 et
3428 3373 3663 3467 Nicetas

278 3472 493 3535 exsilio
509 3464 793 3554 regressu
817 3475 1117 3555 dicuntur,
1145 3494 1246 3538 eas
1269 3464 1729 3557 aDionysio'illo
1745 3478 1929 3560 scrip-
2014 3465 2332 3529 Cht‘ﬂiales
2366 3474 2676 3541 ίθδιδηιυΐ»
2740 3466 2799 3526 in
2834 3465 3047 3560 eadem
3101 3464 3365 3545 Πίοηῖδίί
3408 3464 3653 3545 scrip”,

282 3567 377 3626 tas
409 3582 545 3626 esse
575 3564 832 3626 clamant
863 3575 923 3627 et
951 3564 1364 3630 testiﬁcantur.
1419 3566 1537 3628 Sed
1568 3566 1714 3629 illud
1746 3559 1927 3631 voca-
2010 3560 2426 3623 adnotationes
2470 3567 2528 3623 et
2556 3560 2783 3623 scholia
2813 3559 3097 3639 edidisse,

280 3661 381 3715 tur
412 3654 472 3714 in
505 3657 970 3717 controversiam
1010 3673 1148 3716 num
1184 3656 1395 3717 horum
1426 3663 1635 3718 auctor
1676 3657 1926 3739 scripto-
2093 3648 2209 3712 Sed
2240 3649 2609 3712 contendunt
2635 3667 2839 3711 eorum
2868 3648 3195 3710 adversarii
3228 3666 3424 3739 neque
3454 3646 3662 3726 Origo.

276 3760 416 3805 rum
452 3743 504 3804 is
530 3761 672 3807 vere
701 3745 775 3809 sit
809 3744 1193 3825 AreOpagita,
1228 3763 1405 3826 quem
1450 3763 1516 3808 se
1560 3747 1757 3827 prodit
1793 3737 1923 3812 {Vel
2010 3757 2175 3821 nem,
2209 3758 2407 3817 neque
2440 3740 2854 3818 Athanasium,
2890 3747 2953 3799 ut
2983 3755 3189 3799 omnes
3219 3737 3396 3798 facile
3430 3755 3654 3827 conce-

287 3833 569 3894 ementito
599 3834 749 3896 tanti
778 3834 890 3895 viri
919 3824 1164 3897 nemine
1194 3824 1436 3915 scriptis
1467 3824 1922 3901 suisauctorita.
2010 3828 2298 3911 dunl,sed
2319 3830 2688 3893 recentiores
2707 3827 2998 3910 quosdam
3026 3828 3265 3908 horum,
3297 3843 3428 3908 qua;
3462 3824 3655 3887 citan-

297 3930 422 3984 tem
451 3922 694 3986 voluerit
724 3924 1083 3987 attribuere.
1117 3924 1254 3987 Haec
1288 3934 1485 3987 autem
1544 3928 1791 4005 quaestio
1848 3930 1924 3991 ob
2009 3927 2126 4000 (ιη’,
2180 3938 2426 4000 operum
2486 3938 2618 3982 esse
2674 3927 2972 3980 auctores.
3037 3916 3336 3988 Quantum
3390 3933 3527 3977 vero
3586 3916 3661 3978 ad

290 4011 548 4074 auctoris
576 4031 822 4089 nomen,
857 4024 915 4076 et
937 4030 1170 4075 summa
1212 4033 1340 4095 qua:
1368 4014 1429 4076 in
1486 4014 1581 4077 his
1640 4018 1924 4098 operibus
2006 4012 2257 4088 scholia,
2288 4022 2514 4076 certum
2535 4012 2723 4074 videri
2738 4008 3087 4090 eaDionysii
3115 4008 3506 4072 Alexandrini
3540 4026 3661 4070 non

284 4107 613 4163 tractantur
642 4112 1019 4181 argumenta,
1052 4109 1199 4165 tanti
1231 4104 1514 4184 ponderis
1549 4115 1606 4166 et
1638 4111 1924 4173 momenti
2010 4118 2143 4166 esse
2170 4102 2380 4166 fetum.
2415 4102 2715 4166 Eusebius
2746 4101 2969 4164 etenim
3026 4107 3203 4179 atque
3232 4098 3653 4178 Hieronymus,

281 4192 415 4292 visa
439 4199 554 4292 est,
587 4199 653 4292 ut
706 4194 798 4265 νὴ
838 4193 961 4292 alia
1008 4192 1211 4292 fuerit,
1246 4192 1315 4292 in.
1346 4213 1483 4292 .qua
1541 4197 1928 4292 examinanda
2008 4198 2109 4277 qui
2141 4197 2717 4277 Alexandrinihujus
2734 4194 3084 4292 patriarcha;
3104 4212 3286 4275 Opera
3316 4193 3662 4292 diligentis-

282 4281 480 4343 critici
514 4283 799 4361 majorem
820 4283 1190 4364 diligentiam
1222 4283 1567 4347 adhibuisse
1590 4286 1918 4349 videantur.
2006 4287 2621 4360 simerecensuerunt,
2645 4287 2864 4349 nullam
2881 4285 3124 4347 omnino
3150 4286 3360 4344 horum
3384 4282 3661 4343 scholic-

363 4369 553 4432 Porro
580 4382 783 4435 autem
808 4374 953 4437 duas
977 4372 1063 4435 illi
1095 4374 1446 4437 scinduntur
1480 4375 1539 4436 in
1558 4384 1774 4455 partes.
1807 4377 1924 4439 Alii
1950 4393 2141 4455 hrum
2173 4375 2446 4438 fecerunt
2480 4376 2869 4438 mentionem.
2904 4373 3055 4446 Quid
3114 4373 3270 4453 quod
3314 4370 3664 4434 Anastasius

277 4460 579 4541 siquidem
606 4467 825 4543 scripta
855 4464 981 4527 hinc
1013 4465 1216 4527 omnia
1244 4483 1278 4525 a
1308 4435 1598 4544 Dionysio
1629 4467 1780 4547 ipso,
1812 4487 1921 4528 cu-
1949 4435 2073 4528 οδε
2111 4474 2241 4545 post
2284 4485 2423 4528 eum
2446 4464 2741 4528 Maximus
2774 4466 2933 4526 hunc
2969 4435 3313 4543 Dionvsium
3350 4479 3419 4523 ex
3452 4460 3663 4522 rheto-

270 4548 380 4629 jus
410 4550 650 4613 nomine
683 4553 1119 4635 tnscribuntur,
1166 4554 1426 4633 profecta
1457 4571 1589 4616 esse
1646 4564 1916 4632 censent,
2004 4579 2134 4622 rum
2169 4578 2417 4621 numero
2460 4559 2807 4639 episcopum
2832 4559 3051 4621 factum
3084 4557 3265 4618 fuisse
3301 4555 3466 4616 aiunt
3481 4572 3541 4633 δῖ
3580 4555 3661 4615 At

277 4640 429 4730 Qua?
454 4640 698 4721 quidem
751 4642 955 4723 opinio
1007 4642 1081 4706 ab
1110 4661 1180 4706 eo
1216 4651 1486 4723 tempore
1517 4662 1636 4721 quo
1691 4644 1810 4707 illa;
1858 4647 1920 4709 in
2004 4667 2261 4730 magnus
2302 4647 2842 4729 Dionysiusherba
2872 4656 3009 4710 sunt
3041 4644 3369 4723 Athanasii)
3407 4661 3486 4705 ea:
3514 4643 3657 4706 rhe-

274 4729 494 4806 vulgus
523 4730 896 4815 prodierunt,
917 4752 1111 4812 usque
1139 4732 1211 4796 ad
1236 4733 1533 4795 decimum
1548 4741 1777 4797 sextum
1800 4735 1918 4798 Ec-

278 4817 481 4880 clesiae
500 4819 806 4895 saeculum,
843 4825 1047 4903 paucis
1085 4823 1491 4901 nequidquam
1538 4824 1921 4888 reclamanti-

277 4905 421 4982 bus,
454 4908 609 4988 apud
655 4928 863 4972 omnes
890 4911 1015 4974 fere
1073 4912 1336 4975 invaluit.
1390 4913 1569 4976 Aliie
1627 4921 1922 4978 contrario

276 4996 492 5058 eadem
524 5015 707 5077 opera
759 5018 889 5061 cum
922 4998 1146 5063 liberos
1183 5010 1302 5064 tum
1340 5001 1620 5085 epistolas
1648 5004 1922 5084 Dionysio

270 5085 659 5175 Areopagitae
688 5086 868 5169 plane
916 5091 1274 5173 penitusque
1303 5092 1670 5173 abjudicant,
1736 5111 1924 5175 eaque

270 5173 619 5263 adulterina
648 5186 707 5239 et
731 5184 888 5241 tanto
915 5180 1039 5243 viro
1067 5181 1374 5263 supposita
1393 5201 1524 5245 esse
1537 5173 1921 5257 arbitrantur.

268 5262 447 5326 Hanc
475 5282 613 5328 vero
645 5266 991 5347 opinionem
1024 5288 1161 5337 cum
1196 5271 1362 5335 Valla
1391 5281 1448 5336 et
1472 5270 1755 5333 Erasmus
1792 5291 1925 5334 am-

271 5352 497 5436 plexati
528 5354 802 5435 fuissent,
836 5358 1448 5436 acerrimos_omaium
1470 5361 1586 5424 sibi
1605 5363 1928 5428 adversan-

275 5432 433 5505 tium
456 5443 717 5525 impetus
746 5432 1129 5528 exceperunt.
1155 5432 1268 5513 Sed
1302 5451 1342 5514 ii
1370 5452 1615 5516 demum
1647 5453 1732 5518 ita
1761 5453 1927 5519 fracti

272 5540 446 5611 sunt,
480 5541 547 5601 ut
575 5552 728 5617 pene
757 5555 967 5602 omnes
1000 5547 1117 5603 tam
1148 5540 1443 5609 Catholici
1480 5563 1660 5627 quam
1691 5546 1929 5611 hetero-

2006 4746 2203 4800 torum
2233 4755 2479 4817 numero
2509 4739 2824 4817 episcopus
2878 4736 3102 4816 factus,
3138 4737 3200 4797 in
3234 4733 3506 4807 scholiis,
3542 4740 3658 4795 etc.

2004 4825 2291 4889 Maximus
2336 4846 2476 4889 vero
2509 4829 2612 4884 ὰπὸ
2642 4826 2903 4906 ρητόρων,
2949 4834 3065 4888 etc.
3102 4824 3280 4905 Atqui
3314 4822 3659 4902 Dionysius,

2006 4929 2324 5002 antequam
2345 4920 2405 4981 in
2420 4921 2765 5000 episcopum
2781 4918 3250 4980 Alexandrinum
3268 4922 3663 4978 essetassum-

2010 5018 2165 5092 ptus,
2194 5028 2311 5072 non
2338 5009 2700 5072 rhetoricam
2736 5006 3143 5090 proﬁtebatur.
3168 5024 3273 5069 seu
3302 5005 3653 5069 catecheses

2006 5099 2163 5180 apud
2198 5098 2481 5180 populum
2515 5097 2917 5161 Christianum
2959 5097 3241 5160 habebat.
3304 5094 3457 5168 Quid
3518 5113 3659 5174 ergo

2009 5188 2151 5251 inde
2193 5187 2355 5250 aliud
2386 5188 2650 5267 colligas,
2698 5205 2877 5269 quam
2913 5185 3038 5248 haec
3069 5184 3297 5248 scholia
3316 5184 3662 5264 conscripta

2010 5278 2194 5341 fuisse
2235 5277 2549 5356 aquodam
2583 5278 2846 5358 rhetore,
2879 5276 3121 5339 nomine
3142 5268 3449 5355 Dionysio,
3483 5289 3662 5353 quem

2010 5368 2361 5432 Anastasius
2400 5375 2461 5432 et
2503 5368 2792 5431 Maximus
2854 5366 3250 5448 patriarcham
3301 5360 3663 5427 Alexandri-

2012 5477 2156 5521 num
2189 5476 2321 5521 esse
2354 5456 2500 5520 falso
2530 5456 2799 5523 arbitrati
2832 5465 2995 5520 sunt.
3022 5454 3233 5533 Neque
3279 5470 3419 5514 vero
3453 5451 3515 5512 in
3548 5450 3662 5512 hoc

2012 5555 2242 5612 tantum
2267 5547 2486 5611 erravit
2526 5545 2879 5613 Anastasius
2909 5567 2926 5626 ;
2959 5564 3093 5609 nam
3130 5551 3193 5606 ut
3226 5548 3427 5624 cetera
3459 5551 3661 5605 tacea-

359 5694 383 5741 ί
426 5695 648 5762 Homil.
686 5697 749 5784 2,
782 5697 876 5765 De
897 5700 1137 5785 αἰνεῖς.
1183 5701 1215 5754 9
1248 5706 1473 5786 Quaest.
1507 5708 1587 5773 ad
1613 5706 1894 5776 Antioch.
1934 5713 2169 5798 @Tom.
2204 5709 2281 5776 Vl
2313 5710 2475 5778 Bibl.
2518 5709 2798 5789 Patrum;
2829 5726 2958 5793 cap.
2996 5710 3092 5772 12.
