4060 6214
367 389 441 455 15
1529 386 1591 452 S.
1635 385 2046 456 DIONYSIUS
2087 381 2574 452 AREOPAGITA
3675 389 3744 463 16

363 549 521 605 mus,
552 529 612 593 in
655 527 866 594 eodem
923 543 1106 609 opere
1160 522 1549 608 Augustinum
1610 546 1711 610 pro
1771 525 2285 612 ChristoAOpera
2307 530 2581 613 Dionysio
2625 533 2998 614 Areopagitae
3048 534 3337 598 attribuit.
3415 537 3567 606 Ante
3601 562 3738 608 eum

363 621 712 702 sanguinem
737 637 910 682 suum
942 617 1168 681 fudisse
1197 618 1475 681 afﬁrmat:
1509 618 1789 681 Facessat
1821 614 2011 695 inquit
2090 639 2229 684 vero
2255 621 2529 702 Ephrmm
2563 623 2895 704 patriarcha
2937 627 3374 689 Antiochenus.

369 713 524 794 (cap.
557 715 635 787 1),
661 711 1066 802 Augustinus,
1093 709 1663 802 quiem-sanguine
1664 709 1723 769 iu
1739 705 2012 786 scriptis,
2179 709 2346 802 Circa
2367 711 2552 774 initiia
2585 713 2781 775 saeculi
2814 714 3050 794 septimi
3081 715 3288 776 eadem
3325 717 3436 780 fuit
3469 721 3738 802 Gregorii

363 802 520 866 duas
542 803 613 864 in
643 799 882 862 Christo
902 806 1145 861 natrras
1173 799 1588 878 consignavit.
1627 796 1809 858 Porro
1839 812 2018 856 eaau-
2075 800 2295 880 -Magni
2326 803 2621 863 sententia
2643 803 2849 864 homil.
2888 804 2966 864 34
2997 805 3054 865 in
3083 806 3362 885 Evangel.
3401 796 3739 873 Lucmflﬂo-

364 900 593 956 ctorum
622 889 1027 972 quihactenus
1059 888 1221 951 citati
1245 898 1404 970 sunt,
1445 907 1551 970 pro
1583 885 2020 968 DionysiiOpe-
2106 891 2238 953 dem
2273 891 2493 954 saeculo
2529 899 2586 952 et
2616 893 3020 955 Monothelitac
3051 894 3334 971 haeretici,
3372 907 3428 959 et
3451 898 3742 962 Catholici

361 983 532 1046 ribus
575 980 936 1055 testimonia,
972 978 1112 1042 ﬁdei
1143 987 1280 1041 sunt
1310 978 1462 1040 adeo
1495 977 1791 1052 sublesta},
1826 977 2010 1038 utdo-
2092 999 2300 1043 omnes
2322 980 2448 1045 sive
2471 980 2529 1042 in
2558 982 2794 1062 synodis
2824 985 3210 1046 Laleranensi
3240 997 3300 1046 et
3331 985 3747 1052 Constantino-

362 1075 582 1138 ctiores
604 1071 962 1153 scriptorum
983 1069 1376 1161 _Are0pagitre
1401 1068 1744 1132 defensores
1775 1067 1874 1130 illa
1891 1085 2010 1128 non
2095 1072 2359 1149 politana
2377 1072 2665 1161 generali,
2693 1072 2817 1135 sive
2840 1073 2897 1134 in
2919 1073 3154 1155 scriptis
3175 1076 3300 1136 suis
3319 1076 3526 1140 eadem
3547 1080 3746 1161 Opera

355 1169 596 1227 tantum
626 1178 861 1241 urgere,
897 1158 1002 1222 sed
1039 1177 1152 1222 nec
1208 1176 1545 1243 proponere
1588 1176 1819 1240 aequum
1879 1174 2010 1219 esse

360 1251 722 1336 putaverint.
1602 1260 1605 1263 ·

437 1345 564 1408 Nec
610 1341 853 1425 majoris
896 1338 1182 1422 ponderis
1212 1346 1300 1402 est
1346 1338 1503 1402 aliud
1562 1343 2002 1418 argumentum,

359 1433 506 1496 inde
533 1432 797 1509 ductum,
831 1429 986 1512 quod
1017 1429 1298 1493 Clemens
1357 1427 1798 1492 Alexandrinus
1856 1435 1914 1489 et
1945 1426 2003 1486 in

358 1524 432 1586 iis
465 1541 595 1605 quae
625 1521 698 1584 de
713 1526 836 1586 Deo
870 1538 977 1601 per
1001 1521 1349 1600 negationes
1364 1514 2002 1598 cognoscendotradit,

362 1621 418 1676 et
450 1613 512 1676 in
547 1632 617 1675 eo
651 1611 810 1692 quod
855 1610 1127 1672 homines
1157 1610 1289 1671 vitm
1319 1609 1602 1689 gnosticaa
1640 1607 1894 1687 deditos,
1930 1607 2002 1668 iis

361 1701 464 1786 qui
491 1703 810 1765 anchoram
843 1701 1107 1772 navis,ut
1129 1699 1205 1762 ad
1238 1718 1366 1762 eam
1401 1697 1712 1769 accedant,
1731 1698 1995 1773 trahunt,

362 1792 750 1874 comparavit,
775 1789 1118 1872 Dionysium
1143 1798 1410 1852 nostrum
1439 1789 1516 1851 sit
1548 1787 1828 1850 imitatus.
1855 1789 2002 1850 Con-

359 1891 452 1946 tra
483 1883 642 1945 enim
668 1880 936 1943 nonnulli
958 1878 1503 1961 Areopagiticorum
1527 1877 1843 1940 adversarii
1868 1895 2005 1938 con-

363 1972 614 2036 tendunt
644 1991 760 2034 non
813 1971 1183 2035 Clementem
1246 1988 1317 2033 ex
1375 1987 1514 2030 vero
1550 1966 1848 2048 Dionysio.
1902 1966 2006 2027 sed

363 2063 976 2146 pseudo-Dionysium
1011 2079 1046 2123 a
1074 2059 1402 2136 Clemente,
1432 2058 1536 2136 qui
1567 2058 1664 2119 illo
1710 2056 2008 2138 antiquior

363 2164 513 2230 erat,
548 2173 615 2218 ea
647 2171 780 2236 quae
822 2151 1166 2214 referuntur
1216 2167 1357 2211 suos
1389 2146 1710 2210 adduxisse
1742 2147 1803 2207 in
1839 2165 2004 2208 usus.

360 2245 482 2308 Alii
510 2263 650 2308 vero
676 2250 881 2324 putant
914 2241 1044 2303 fieri
1075 2239 1247 2302 facile
1309 2237 1576 2320 potuisse
1607 2244 1670 2299 ut
1727 2244 2002 2316 uterque,

364 2334 475 2397 etsi
508 2335 656 2397 alter
679 2334 846 2396 alteri
869 2330 1115 2393 minime
1148 2337 1344 2400 notus,
1375 2327 1537 2390 illam
1561 2326 1838 2390 anchorae
1852 2326 2012 2387 navis

364 2431 624 2486 attractis
666 2425 1197 2504 comparationem,
1259 2437 1389 2499 quas
1422 2417 1667 2479 cuilibet
1696 2414 1866 2477 obvia
1897 2422 2007 2504 est,

363 2513 727 2577 anhibuerit.
769 2503 841 2575 Et
869 2531 936 2574 re
958 2509 1200 2592 quidem
1233 2507 1362 2588 ipsa
1391 2507 1463 2569 ab
1499 2515 1754 2586 utroque
1785 2505 1886 2566 illa
1913 2503 2007 2566 di-

362 2621 535 2667 verso
566 2603 741 2685 plane
796 2600 1126 2663 instituitur
1181 2598 1380 2671 modo,
1437 2605 1495 2660 et
1537 2595 1721 2658 rebus
1766 2595 2008 2656 omnino

366 2694 617 2757 diversis
643 2687 1331 2760 accommodatur.Quod
1354 2705 1492 2750 vero
1525 2687 1600 2748 de
1625 2689 1747 2749 Deo
1771 2704 1875 2765 per
1902 2705 2010 2745 ne-

367 2783 638 2865 gationes
664 2778 1080 2864 cognoscendo
1115 2777 1389 2851 traditur,
1419 2776 1474 2836 id
1512 2793 1628 2838 non
1651 2773 1846 2836 minus
1876 2773 2010 2865 vul-

365 2863 507 2956 gare
538 2883 627 2937 est
658 2882 716 2936 et
749 2873 979 2945 tritum,
1022 2888 1090 2931 ac
1134 2867 1386 2950 proinde
1417 2865 1565 2956 illud
1597 2867 1787 2956 etiam,
1828 2863 2017 2956 potuit

365 2954 400 3028 a
430 2964 662 3028 duobus
697 2961 1091 3044 scriptoribus
1122 2957 1238 3020 sibi
1268 2956 1519 3021 invicem
1553 2954 1872 3035 incognitis
1906 2973 2012 3034 pa-

365 3057 514 3120 riter
543 3054 966 3136 aequaliterque
1004 3049 1230 3114 doceri.

443 3146 531 3209 De
560 3144 852 3224 Gregorio
870 3143 1111 3205 demum
1145 3138 1537 3215 Nazianzeno,
1560 3153 1735 3218 quem
1769 3155 1837 3198 ex
1869 3154 1996 3198 auc-

364 3235 514 3300 toris
566 3217 755 3297 ιιοεῖτί
784 3231 1082 3312 Operibus
1129 3227 1349 3309 alipuid
1377 3217 1704 3290 deuorasse
1734 3225 2004 3287 nonnulli
2029 3217 2068 3268 ο

2092 1160 2750 1242 DionysioAreopagitaa
2781 1162 3047 1224 tribuunt
3078 1171 3134 1225 et
3161 1165 3484 1228 vindicant.
3520 1160 3743 1250 thui-

2091 1251 2225 1312 dem
2241 1249 2502 1312 haeretici
2519 1254 2780 1330 :Sergius
2812 1252 2980 1332 epist.
3001 1253 3073 1314 ad
3107 1257 3316 1335 Cyrum
3337 1249 3736 1336 patriarclt’am

2089 1340 2444 1418 Alexandr.;
2469 1341 2828 1402 Themistius
2865 1348 3036 1422 epist.
3079 1343 3153 1405 ad
3207 1345 3531 1408 Marcellin.
3567 1368 3736 1428 pres-

2089 1430 2233 1512 byt.,
2270 1439 2328 1492 et
2356 1431 2565 1508 Steph.
2599 1431 2750 1494 diac.
2815 1432 3105 1495 Catholici
3139 1452 3275 1496 vero
3310 1456 3324 1495 :
3362 1437 3731 1517 Sophronius

2090 1522 2422 1603 patriarcha
2452 1521 2840 1603 Hierosolym.
2903 1523 3077 1603 epist.
3140 1525 3212 1586 ad
3275 1524 3471 1609 Serg.;
3511 1532 3737 1610 Agatho

2097 1631 2269 1694 papa,
2305 1612 2478 1692 epist.
2514 1612 2585 1674 ad
2619 1615 2921 1675 Constant.
2960 1617 3280 1694 Pogonat.;
3310 1617 3598 1681 Maximus
3626 1621 3737 1681 ab-

2087 1699 2193 1763 bas
2227 1710 2288 1762 et
2311 1709 2552 1781 martyr,
2587 1701 2648 1762 in
2684 1702 2952 1766 scholiis.
2989 1702 3136 1765 Item
3169 1705 3479 1768 Adrianus
3510 1708 3532 1770 Ι
3568 1727 3735 1789 papa,

2087 1794 2260 1872 epist.
2306 1790 2376 1852 ad
2437 1790 2630 1854 Caro].
2690 1793 2885 1873 Magn.
2920 1811 3023 1874 pro
3069 1796 3322 1875 septima
3353 1797 3599 1877 synodo.
3639 1797 3744 1861 llis

2093 1881 2333 1960 adyungi
2361 1889 2550 1960 potest
2579 1879 2930 1944 Theodorus
2949 1885 3254 1966 presbyter
3281 1888 3433 1966 apud
3461 1889 3737 1950 Photium

2090 1972 2150 2034 in
2191 1970 2502 2034 Biblioth..
2538 1973 2672 2034 cod.
2707 1971 2780 2036 Il.
2831 1973 3104 2046 Quamvis
3153 1976 3312 2038 enim
3366 1976 3740 2059 incomperta

2092 2064 2168 2125 sit
2195 2062 2355 2124 illius
2383 2071 2544 2143 tetas,
2569 2061 3023 2144 antiquissimus
3055 2075 3250 2128 tamen
3281 2086 3412 2130 esse
3441 2071 3726 2134 creditur.

2170 2152 2398 2216 Saeculo
2433 2161 2659 2228 octavo,
2687 2155 2946 2216 Joannes
2976 2157 3378 2218 Damascenus
3410 2157 3489 2218 lib
3550 2161 3570 2221 l
3604 2159 3733 2222 0r-

2091 2242 2289 2306 thoxaz
2317 2243 2452 2322 ﬁd.,
2501 2262 2630 2322 cap.
2667 2244 2764 2322 15,
2801 2251 2859 2307 et
2890 2243 2994 2308 lib.
3058 2242 3131 2322 Il,
3193 2265 3324 2326 cap.
3360 2246 3397 2308 3
3436 2269 3448 2310 :
3486 2247 3736 2311 Michael

2093 2331 2404 2414 Syngellus
2435 2332 2706 2394 laudatus
2772 2332 3147 2396 aTheodoro
3205 2336 3436 2398 Studita
3495 2337 3596 2400 lib.
3660 2337 3734 2415 11,

2093 2422 2266 2502 epist.
2294 2421 2411 2484 213
2448 2439 2464 2496 ;
2499 2425 2772 2484 Anastas.
2806 2421 3153 2496 Niessenus,
3195 2425 3414 2497 Quaest.
3441 2426 3516 2489 32
3541 2436 3600 2488 et
3633 2427 3735 2491 52.

2173 2511 2400 2574 Smculo
2435 2531 2614 2591 nono,
2638 2509 2912 2573 Nicolaus
2944 2512 2965 2573 Ι
3003 2531 3158 2575 sum.
3198 2516 3403 2594 pontii.
3441 2517 3614 2597 epist.
3655 2520 3724 2578 ad

2093 2601 2369 2665 Michael.
2398 2601 2675 2680 imperat.
2713 2622 2728 2677 ;
2763 2600 3005 2662 Pbotius
3037 2604 3370 2682 patriarcha
3396 2607 3738 2669 Constanti-

2096 2711 2236 2772 nop.
2269 2691 2326 2751 in
2361 2690 2542 2764 Bibl.,
2590 2691 2728 2752 cod.
2763 2690 2868 2754 23l
2914 2713 2928 2772 ;
2966 2692 3283 2756 Hilduinus
3315 2695 3496 2758 abbas
3529 2695 3730 2760 Sancti

2098 2781 2358 2862 Dionysii
2392 2781 2449 2840 in
2484 2782 3230 2864 Areopagit.;Hincmarus
3255 2787 3732 2868 archiep.ltem.,

2097 2875 2249 2950 epist
2278 2869 2348 2931 ad
2384 2868 2576 2934 Carol.
2612 2871 2797 2946 Calv.,
2836 2872 3183 2934 Anastasius
3215 2871 3522 2949 Biblioth.,
3559 2875 3733 2956 epist.

2096 2960 2169 3021 ad
2199 2959 2502 3022 eumdem.

2175 3049 2407 3112 Smculo
2432 3049 2688 3131 decimo,
2715 3050 2955 3112 Simeon
2988 3052 3440 3132 Metaphrastes,
3466 3061 3615 3115 orat.
3657 3057 3740 3118 De

2096 3138 2337 3202 dormit.
2371 3141 2660 3220 Deiparae.
2723 3139 2846 3202 lluc
2877 3161 3114 3222 quoque
3168 3143 3438 3204 advocari
3495 3143 3743 3206 forsitan

2095 3238 2338 3310 possunt
2365 3229 2604 3310 quidam
2649 3229 2891 3292 incertae
2941 3231 3125 3292 aetatis
3169 3232 3546 3310 scriptores:
3581 3233 3740 3296 Elias

361 3328 755 3406 arbitrantur,
817 3323 1004 3403 major
1055 3319 1259 3402 procul
1319 3317 1510 3406 dubio,
1558 3324 1648 3378 est
1691 3315 2006 3406 difficultas
2089 3320 2387 3382 Cretensis
2416 3319 2476 3380 in
2505 3327 2653 3383 orat.
2678 3320 2716 3381 Ξ.)
2744 3319 2932 3384 sancti
2969 3319 3240 3401 Gregorii
3274 3320 3527 3384 Nazianz
3563 3343 3577 3404 ;
3612 3322 3732 3384 An-

363 3417 614 3490 Quidam
646 3404 953 3478 enimvero
983 3410 1189 3474 eadem
1224 3407 1419 3488 Opera
1447 3404 1708 3486 Dionysii
1741 3408 2005 3486 Aeropa-
2088 3409 2288 3470 tonius
2312 3407 2478 3470 Melis
2503 3427 2588 3490 sa,
2623 3408 2728 3471 lib.
2768 3411 2809 3484 l,
2843 3427 3027 3472 serm.
3082 3411 3178 3485 19,
3219 3419 3275 3472 et
3304 3411 3407 3473 alii
3441 3411 3740 3474 nonnulli.

365 3511 506 3585 gitae
535 3506 718 3568 fetum
752 3521 884 3565 esse
917 3506 1219 3579 negantes,
1255 3497 1516 3559 fatentur
1543 3515 1613 3559 ea
1641 3515 1674 3557 a
1717 3495 2006 3574 Gregorio
2171 3496 2398 3560 Saecula
2430 3497 2772 3580 undecimo,
2802 3497 3016 3560 Suidas
3045 3498 3107 3560 in
3139 3499 3542 3564 Collectaneis

365 3597 733 3659 Nazienzeno
766 3594 919 3654 lecta
939 3591 1121 3654 fuisse
1137 3596 1194 3651 et
1222 3587 1607 3670 pervolutata,
1643 3605 1710 3648 ac
1732 3585 1860 3667 ipso
1883 3604 2008 3648 esss
2175 3587 2402 3653 Saecula
2435 3587 2775 3663 undecimo,
2826 3587 3174 3669 Euthymius
3224 3589 3553 3669 Zigabenus
3612 3611 3744 3656 mo-

366 3687 727 3771 antiquiora.
761 3685 877 3749 Sed
912 3681 988 3746 de
1045 3682 1139 3745 his
1170 3679 1323 3743 infra
1355 3679 1745 3764 opportunior
1777 3677 2012 3742 dabitur
2094 3678 2320 3771 nacbus
2343 3676 2814 3771 Panopl.,tit._l_l,
2834 3677 3007 3771 litigo
3037 3696 3072 3740 a
3095 3676 3308 3771 Sancto
3339 3678 3602 3762 Victore,
3629 3680 3741 3743 Pe-

367 3765 700 3842 disserendi
743 3776 932 3838 locus.
2098 3777 2222 3830 trus
2243 3767 2612 3831 Lombardus
2644 3767 2703 3829 in
2735 3765 2786 3829 II
2818 3767 3110 3841 Sentenl.,
3137 3778 3195 3832 et
3217 3769 3314 3832 alii
3337 3781 3541 3852 postea
3570 3771 3740 3832 theo-

994 3897 1232 3963 CAPUT
1278 3897 1376 3962 ιν,
2099 3856 2219 3934 logi
2241 3856 2602 3919 scholastici.

648 4020 659 4034 °
850 4018 866 4034 λ
1954 4029 2015 4034 η
2144 3947 2417 4034 ,Swwlo
2477 3946 2711 4009 decimo
2769 3946 2970 4021 tertio,
3015 3947 3390 4029 Nicephorus
3448 3945 3743 4029 Callistus,

368 4019 763 4086 Palmarium
821 4018 1393 4098 Areopagiticorum
1445 4018 1892 4094 argumentum,
1939 4030 2005 4074 ea

2102 4033 2200 4097 lib.
2242 4035 2292 4097 ll
2344 4035 2583 4125 Histor.
2619 4035 2855 4118 eccm,
2889 4018 2996 4117 cap
3042 4037 3120 4098 ao
3150 4018 3206 4100 ἐι
3236 4036 3312 4100 22
3347 4037 3462 4111 ,n.
3489 4018 3749 4098 Thomas

446 4111 752 4209 εοηδίαῖιίί
779 4108 1055 4171 υηάθίτίθπ
1094 4105 1467 4209 famulorum
1523 4102 1848 4166 ίναίίίίίοηθ
1901 4101 2010 4164 de‘
2092 4126 2358 4208 Aquinas
2389 4129 2445 4188 in
2475 4125 2526 4190 ΙΙ
2557 4101 2855 4201 Sentent;
2890 4101 3027 4191 dist.
3061 4127 3152 4201 iO,
3181 4101 3388 4209 quiest.
3435 4133 3487 4200 ι,
3513 4125 3738 4202 artJQ;

443 4205 815 4284 Promptum:
845 4199 1229 4279 ΡνοΡοηίίαν·
2092 4199 2382 4295 Georgius
2417 4199 2865 4296 Pachymerius,
2891 4199 3249 4300 scriptorum
3281 4215 3541 4295 Dionysii
3564 4199 3740 4295 para;

448 4315 806 4379 Palmarium
840 4315 1036 4395 itaque
1061 4311 1542 4395 praecipuumque
1573 4308 2010 4391 Areopagitico-
2097 4306 2386 4387 phrastus.

368 4427 502 4471 rum
535 4405 898 4468 momenium
932 4393 1075 4466 inde
1115 4402 1347 4466 ducitur
1377 4401 1533 4484 quod
1589 4419 1742 4463 anno
1801 4399 1918 4463 533
1949 4402 2006 4461 in
2032 4424 2076 4476 ι)
2175 4395 2401 4484 Steculo
2429 4393 2664 4484 decimo
2695 4404 2925 4475 quarto,
2963 4395 3274 4458 'l'codorus
3319 4393 3680 4484 Prodamus.

370 4496 695 4561 Collatione
715 4492 1507 4574 Constantinopolitanahsu:
1532 4489 1794 4552 auctoris
1817 4492 2008 4552 nos/ri

372 4587 573 4669 Opera
604 4587 678 4648 ab
709 4583 1032 4666 Acephalis
1061 4602 1166 4646 seu
1191 4581 1526 4645 Severianis
1558 4580 1852 4644 haereticis
1897 4581 2008 4642 ad—

371 4694 579 4740 versus
598 4674 959 4738 orthodoxos
979 4673 1240 4754 Dionysii
1259 4672 1629 4752 areopagitae
1642 4669 1882 4732 nomine
1897 4670 2010 4751 pri-

372 4785 534 4828 mum
568 4763 961 4846 citata,paulo
994 4761 1211 4844 postab
1236 4760 1378 4841 ipsis
1407 4759 1724 4824 Catholicis
1756 4777 2008 4840 provero

371 4855 703 4936 etgenuino
729 4855 993 4933 ejusdem
1029 4850 1288 4932 Dionysii
1314 4852 1432 4911 tetu
1457 4857 1730 4930 suscepta
1749 4856 1906 4924 sunt,
1939 4867 2010 4910 ac

372 4945 610 5008 tandem
644 4963 678 5006 a
707 4943 942 5006 caeteris
971 4941 1247 5002 omnibus
1313 4939 1632 5019 cujuslibet
1681 4938 1920 5018 generis
1953 4946 2010 5001 et

369 5033 723 5097 eruditionis
745 5028 1224 5112 scriptoribusad
1240 5041 1500 5090 nostram
1522 5027 1648 5090 fere
1668 5046 1854 5109 usque
1868 5035 2005 5089 aeta-

369 5133 488 5187 tem
521 5121 636 5204 ipsi
657 5120 974 5184 vindicata.
1011 5119 1247 5198 Longos
1277 5125 1474 5179 autem
1511 5117 1718 5178 borum
1751 5117 2006 5198 scripto-

367 5231 500 5277 rum
525 5219 734 5274 texunt
757 5212 1083 5287 catalogus;
1116 5207 1221 5271 sed
1245 5207 1612 5285 singulorum
1647 5206 2004 5284 testimonia,

370 5311 491 5364 tum
512 5301 649 5383 quia
673 5299 994 5382 prolixiora
1023 5303 1311 5379 sunt,tum
1338 5296 1475 5378 quia
1494 5298 1567 5360 de
1581 5314 1786 5359 eorum
1810 5309 2010 5360 aucto-

369 5390 545 5454 ritate
577 5390 648 5452 lis
679 5387 838 5451 nulla
878 5395 1171 5463 movetur,
1203 5387 1433 5466 integra
1485 5405 1604 5448 non
1665 5385 2003 5462 citabimus,

367 5481 738 5560 singulorum
771 5495 992 5541 nomen
1023 5484 1081 5540 et
1109 5476 1335 5557 scripta
1362 5476 1662 5558 appellare
1691 5477 1982 5541 contenti.

2174 4483 2401 4549 Saecula
2433 4483 2668 4547 decimo
2690 4485 2918 4566 quinto,
2941 4485 3218 4548 Bessario
3241 4483 3558 4564 cardinal.,
3592 4483 3680 4544 lib
3702 4499 3743 4543 .1

2091 4577 2335 4640 Defens.
2404 4574 2675 4655 Plalou.,
2737 4574 2862 4656 caq'
2895 4576 2932 4637 3
2961 4596 2976 4651 ;
3009 4573 3322 4655 Dionysius
3354 4573 3732 4636 Carthusian.

2091 4672 2317 4755 praefat,
2353 4671 2410 4732 in
2444 4672 2684 4750 Dionys.
2718 4671 3014 4752 Areopag.

2172 4761 2406 4826 Tazculo
2433 4759 2665 4823 decimo
2697 4769 2882 4842 sexto,
2908 4757 3548 4838 EacultasTheofogiaa
3563 4755 3736 4820 Pari-

2092 4855 2308 4916 siensis
2338 4851 2398 4913 in
2427 4851 2683 4913 comitiis
2739 4851 3082 4914 Sorbonicis
3136 4852 3460 4914 Lutherum
3496 4857 3552 4910 et
3583 4846 3729 4908 Era-

2093 4962 2311 5018 smum,
2337 4941 2544 5004 eadem
2578 4945 2796 5020 scripta
2825 4959 2858 5002 a
2890 4940 3168 5022 Dionysio
3215 4937 3566 5019 Areopagita
3598 4954 3739 5016 pro-

2093 5035 2243 5097 fecta
2273 5051 2404 5096 esse
2422 5038 2728 5109 negantes,
2765 5030 3082 5092 damnavit'
3114 5031 3367 5092 alterum
3385 5024 3738 5102 annolEﬂO,

2091 5124 2340 5185 alterum
2372 5140 2530 5184 anno
2559 5119 3064 5184 1527.Posterius
3085 5119 3396 5183 decretum
3442 5116 3660 5198 saepius
3681 5117 3744 5180 in

2089 5211 2340 5288 Erasmi,
2366 5210 2474 5292 qui
2487 5228 2561 5272 eo
2583 5207 2949 5291 percellitur,
2978 5206 3278 5288 Operibus
3310 5205 3592 5270 omnibus
3611 5225 3744 5286 per-

2092 5301 2388 5381 vulgatum
2415 5308 2523 5377 est,
2557 5307 2615 5361 et
2646 5297 2891 5361 cuilibet
2917 5297 3185 5362 obvium.
3224 5297 3401 5360 Prius
3437 5315 3598 5376 vero,
3625 5314 3739 5376 quo

2089 5393 2382 5454 Lutherus
2417 5388 2828 5472 proscribitur,
2857 5389 3143 5451 hactenus
3168 5387 3489 5463 ineditum,
3514 5387 3574 5447 in
3601 5383 3738 5472 Sor-

2086 5480 2260 5544 bonae
2289 5479 2479 5562 libris,
2525 5497 2595 5541 cx
2625 5477 2840 5560 quibus
2869 5477 3016 5542 illud
3075 5476 3584 5559 transcripsimus,
3637 5471 3738 5562 his

451 5573 590 5634 Post
619 5568 1005 5634 Collationem
1052 5566 1252 5648 itaque
1296 5564 2001 5648 Constantinopolitanam
2085 5570 2283 5636 verbis
2310 5561 2644 5650 concipitur
2677 5589 2690 5632 :
2723 5568 3055 5632 Addituret
3087 5570 3215 5632 haec
3237 5569 3311 5631 de
3341 5564 3493 5627 libro
3521 5563 3592 5625 de
3617 5561 3736 5624 Ca-

367 5659 525 5724 circa
540 5659 693 5722 sexti
719 5658 920 5721 saeculi
949 5657 1129 5719 tinem
1161 5655 1441 5718 Leontius
1471 5657 1802 5738 Byzantius,
1841 5656 2006 5720 lib.lI

369 5757 573 5816 contra
613 5747 846 5844 Nestor.
883 5753 940 5810 et
968 5745 1302 5829 Eutychet.,
1337 5754 1397 5807 et
1428 5745 1533 5809 lib.
1569 5749 1653 5809 De
1701 5754 1847 5812 sect.
1878 5748 2004 5810 haec

2082 5665 2284 5746 ptivit.
2308 5658 2604 5740 Babylon.
2641 5679 2664 5717 α
2687 5657 2762 5722 In
2793 5658 3104 5741 Dionysio,
3129 5659 3239 5741 qui
3261 5656 3502 5746 scripsit
3523 5651 3596 5746 de
3625 5667 3738 5714 cae-

2089 5741 2209 5813 iesu
2235 5748 2561 5824 hiemi-chio,
2590 5747 2733 5807 nihil
2759 5748 2932 5822 ferme
2961 5755 3034 5806 eu
3062 5748 3245 5806 solidat
3268 5741 3590 5802 eruditionis
3621 5757 3641 5800 .-
3681 5746 3740 5801 οι
