4060 6214
299 307 376 372 21

1695 289 2286 366 PROLEGOMENA.

3597 277 3676 348 22

388 435 764 510 Baronius,et
783 430 1028 495 scientia
1051 437 1110 492 et
1132 447 1391 509 purpura
1414 429 1946 509 eminentissimus,
1973 436 2010 484 A
2032 425 2443 504 memetipsum
2469 423 2683 486 habeo:
2709 437 3061 501 quanquam
3085 418 3360 482 eusebius
3379 418 3687 499 Pamphili

299 539 512 612 aperte
538 535 714 606 negat
735 525 952 603 scripta
969 519 1233 612 Dionysii
1248 519 1505 612 Eusebio
1519 519 1698 583 fuisse
1725 525 1956 603 penitus

299 608 698 698 incomperta.
731 617 846 674 Cur
864 619 1060 674 autem
1093 609 1169 669 de
1197 609 1269 669 iis
1292 608 1583 671 Eusebius
1610 615 1875 689 tacuerit,
1906 614 1959 676 si

302 710 377 771 ab
415 728 485 770 eo
517 703 848 787 quaesieris,
881 699 1204 780 respondet
1233 699 1398 759 illum
1432 700 1571 762 vafri
1624 705 1959 784 versutique

304 798 499 860 animi
526 795 894 874 scriptorem,
931 807 1065 851 cum
1101 788 1377 849 Arianam
1411 789 1708 872 hieresim,
1743 793 1836 853 cui
1868 795 1949 854 fa-

313 889 514 966 vebat,
543 886 627 945 his
671 881 839 944 libris
869 877 1093 940 destrui
1125 877 1372 951 videret,
1407 896 1507 939 eos
1555 881 1759 943 doloso
1795 887 1954 944 trau-

323 977 672 1054 dulentoque
703 971 940 1034 silentio
965 968 1435 1048 praetermisisse.
1467 968 1680 1031 Verum
1709 971 1831 1034 haec
1858 973 1960 1033 do-

323 1067 560 1129 ctissimi
594 1065 701 1124 viri
731 1063 1040 1143 responsio
1086 1058 1376 1133 Ilaloixio,
1409 1059 1956 1141 Areopagiticorum

315 1155 609 1219 acerrimo
634 1152 957 1233 defensori,
979 1151 1057 1213 ita
1087 1149 1410 1230 displicuit,
1445 1159 1655 1212 uteain
1690 1172 1808 1213 non
1831 1154 1964 1215 sine

312 1245 551 1308 fastidio
581 1245 671 1306 his
693 1241 888 1303 verbis
911 1240 1255 1320 explodat5:
1285 1239 1442 1301 Nam
1471 1241 1633 1320 quod
1662 1241 1856 1321 aliqui
1873 1243 1963 1304 di-

306 1344 456 1397 eunt
481 1353 615 1397 eum
645 1335 702 1395 id
725 1332 947 1412 fraude
971 1331 1207 1410 fecisse,
1232 1331 1570 1392 convicium
1590 1341 1761 1410 puto.
1802 1333 1966 1406 Quid

304 1431 475 1490 enim
504 1426 590 1488 ibi
615 1433 733 1488 tum
753 1425 984 1486 clarum
1003 1441 1112 1499 pro
1143 1430 1369 1483 acterna
1394 1421 1959 1501 Christidivinitatc,

309 1518 479 1598 quod
500 1535 623 1578 non
640 1515 823 1576 multo
844 1514 1074 1575 clarius
1092 1513 1154 1573 in
1173 1512 1268 1574 Sci
1287 1513 1506 1590 ipturis
1522 1514 1706 1574 sacris
1727 1521 1965 1575 conten-

312 1616 447 1670 tum
470 1613 574 1669 sit.
735 1621 845 1666 nee
870 1603 1105 1664 beatum
1129 1602 1426 1662 Irenaeum
1452 1600 1604 1663 Filii
1634 1621 1767 1663 cum
1788 1605 1966 1665 l’atre

313 1705 617 1760 (eternam
696 1696 1164 1757 cor-crislentittm
1221 1692 1559 1752 clarissime
1624 1694 1962 1772 professum

2043 517 2245 576 decem
2269 513 2683 574 ecclesiasticae
2714 509 2984 589 Historia
3013 510 3191 588 liyris
3211 511 3490 589 maxime
3512 510 3687 572 nobis

2045 596 2382 673 adjumento
2400 593 2618 672 fuerit.
2641 591 2724 656 lbi
2745 588 2903 654 enim
2926 607 3045 654 non
3073 590 3324 652 obscure
3346 588 3605 652 declarat
3622 608 3686 652 se

2044 685 2267 746 nullum
2296 684 2572 764 praevium
2617 681 2962 762 magistrum
2991 679 3290 754 habuisse,
3317 687 3493 758 atque
3511 679 3688 742 Euse-

2046 775 2206 834 bium
2235 772 2345 853 ipsi
2381 779 2606 833 tantum
2637 771 2890 832 maximo
2921 769 3103 830 fuisse
3129 769 3496 848 adjumento.
3530 771 3603 833 Et
3623 787 3690 833 re

2046 863 2286 942 quidem
2315 881 2476 928 vera,
2513 869 2754 923 sanctus
2781 859 2883 922 ille
2915 860 3122 921 doctor
3149 859 3542 939 quorumdam
3573 877 3684 922 au-

2044 960 2275 1016 ctorum
2311 950 2584 1012 meminit
2605 967 2859 1030 quorum
2893 949 3053 1012 nulla
3085 955 3276 1012 exstat
3305 949 3461 1028 apud
3493 950 3687 1012 Euse-

2044 1039 2208 1100 bium
2243 1039 2761 1102 commemoratio.

2129 1134 2198 1191 At
2230 1129 2477 1191 validius
2511 1129 2763 1190 forsitan
2787 1128 2966 1188 telum
2997 1127 3139 1189 inde
3169 1134 3374 1190 contra
3401 1129 3690 1204 quosdam

2049 1218 2616 1300 Antiareopagiticos
2674 1217 3070 1298 torquebitur,
3107 1217 3206 1298 qui
3249 1219 3376 1280 haec
3430 1217 3693 1298 Dionysii

2049 1312 2244 1393 Opera
2259 1320 2394 1374 ante
2418 1311 2760 1392 Hieronymi
2787 1317 3019 1372 sitatam
3053 1310 3212 1393 edita
3243 1328 3372 1372 esse
3399 1311 3692 1372 contiten-

2051 1392 2168 1464 tur:
2202 1403 2342 1465 hinc
2372 1402 2596 1484 quippe
2627 1401 2942 1464 conﬁcitur
2968 1400 3069 1462 illa
3099 1392 3484 1481 Hieronymo,
3517 1419 3691 1482 quam

2049 1493 2133 1552 vis
2165 1493 2240 1554 de
2272 1493 2342 1553 iis
2371 1490 2652 1566 tacuerit,
2688 1495 2955 1572 potuisse
2986 1497 3124 1551 nota
3157 1489 3312 1551 fieri.
3346 1487 3567 1552 Verum
3607 1489 3696 1552 illi

2048 1582 2159 1643 hoc
2185 1583 2300 1644 telo
2326 1582 2576 1644 minime
2599 1598 2664 1642 se
2709 1580 2875 1643 feriri
2904 1579 3266 1641 arbitrantur
3296 1599 3314 1654 ;
3360 1586 3560 1660 utpote
3590 1586 3700 1656 qut

2048 1673 2220 1750 paulo
2247 1681 2382 1734 ante
2403 1670 2745 1752 Hieronymi
2769 1678 3004 1749 tempus
3021 1686 3092 1731 ea
3115 1668 3174 1730 in
3191 1668 3382 1730 lucem
3403 1667 3698 1748 prodiisse

314 1757 694 1848 citaraerunt.
730 1783 831 1846 His
852 1790 1045 1844 autem
1075 1778 1212 1842 addi
1231 1788 1422 1859 potest
1447 1757 1830 1842 honorificam
1852 1801 1970 1843 non

2063 1760 2800 1859 asserunt.“Quaprop_ter
2851 1759 3011 1859 haec,
3080 1757 3381 1839 inquiunt,
3434 1758 3700 1840 Dionysii

317 1877 512 1937 solum
544 1873 782 1950 lrenazi,
814 1873 919 1934 sed
971 1871 1145 1933 etiam
1179 1869 1510 1933 Clementis
1554 1870 1966 1948 Alexandrini,

316 1967 693 2045 aliorumque
718 1963 1128 2044 plurimorum,
1152 1977 1298 2042 quos
1311 1960 1549 2021 Arianae
1567 1961 1778 2021 hazresi
1799 1961 1972 2040 plane

316 2055 654 2118 contrarios
682 2071 810 2114 esse
842 2070 948 2113 suo
991 2051 1123 2112 loco
1153 2048 1558 2126 ostendemus,
1597 2049 1750 2130 apud
1779 2049 1968 2112 Euse-

318 2145 484 2206 bium
520 2143 652 2206 tieri
692 2145 1081 2204 mentionem.

406 2235 780 2314 Quapropter
822 2229 1190 2292 contendunt
1220 2227 1317 2290 alii
1350 2246 1420 2290 ex
1471 2227 1570 2290 illo
1602 2227 1846 2292 Eusebii
1893 2231 1969 2292 de

320 2323 584 2405 Dionysii
612 2319 909 2402 Operibus
936 2319 1176 2380 silentio
1202 2318 1348 2379 nihil
1372 2323 1516 2380 certt
1539 2318 1736 2398 colligi
1771 2338 1965 2401 posse,

319 2411 807 2494 quandoquidem
843 2410 942 2470 ille
975 2409 1174 2490 plures
1195 2411 1340 2468 alios
1362 2407 1702 2488 scriptores.
1731 2421 1788 2470 et
1811 2413 1964 2470 srri-

324 2508 437 2586 ptis
463 2517 521 2564 et
540 2499 1454 2577 doctrinaceleberrimos,atque
1478 2497 1537 2558 in
1566 2499 1770 2577 primis
1793 2499 1972 2560 Athe-

325 2611 629 2672 nagoram,
659 2590 760 2671 qui
793 2589 1068 2651 eximiam
1104 2588 1458 2650 Christianae
1488 2588 1790 2665 religionis-
1821 2591 1976 2666 Apo-

337 2683 640 2759 logiam,et
663 2683 742 2742 De
767 2687 1147 2741 mortuorum
1169 2679 1606 2740 resurrectione
1623 2677 1840 2738 librum
1856 2679 1978 2739 edi-

343 2771 527 2843 derat,
556 2772 751 2832 tae-itus
781 2768 1184 2850 praetermisit.
1217 2767 1386 2841 Quod
1433 2769 1480 2828 si
1509 2769 1727 2830 dixeris
1758 2769 1976 2848 scripta

327 2859 584 2940 Dionysii
634 2868 693 2920 et
721 2859 981 2920 auctoris
1033 2857 1298 2938 nomine,
1334 2867 1393 2920 et
1445 2878 1550 2920 suo
1601 2876 1874 2933 numero,
1907 2877 1975 2919 ac

322 2951 385 3030 ip
399 2952 478 3009 sis
504 2967 635 3028 quae
654 2956 976 3009 tractantur
993 2951 1356 3024 argumentis
1379 2949 1554 3027 longe
1577 2948 1810 3008 caeteris
1843 2966 1995 3015 om-.

323 3039 501 3100 nibus
517 3041 733 3120 smpius
757 3037 1070 3099 transcribi
1100 3036 1402 3110 debuisse,
1431 3038 1724 3117 variisque
1747 3037 1807 3097 in
1834 3038 1976 3099 locis

2055 1852 2254 1926 Opera
2285 1851 2344 1912 in
2364 1841 2711 1931 Hieronymi
2743 1841 3007 1930 notitiam
3029 1867 3147 1911 non
3173 1859 3489 1923 venerunt,
3522 1855 3702 1930 atque

2057 1940 2154 2002 illa
2209 1941 2268 2001 in
2301 1957 2506 2002 eorum
2549 1955 2798 2000 numero
2829 1945 2966 1998 sunt
3009 1935 3312 2000 censenda
3355 1937 3431 1998 de
3484 1935 3702 2018 quibus

2055 2029 2216 2091 hunc
2241 2029 2301 2091 in
2330 2029 2570 2090 modum
2599 2027 2837 2090 disserit
2857 2027 2908 2090 ϐε
2938 2025 3014 2088 Si
3035 2032 3146 2106 qui
3173 2032 3373 2088 autem
3396 2025 3467 2088 de
3488 2027 3567 2088 iis
3596 2033 3704 2107 qui

2053 2137 2242 2198 usque
2255 2120 2884 2198 hodiescriptisunt,a
2916 2135 3006 2177 me
3023 2117 3087 2177 in
3112 2115 3218 2178 hoc
3232 2113 3532 2177 volumine
3550 2133 3705 2194 prae-

2051 2210 2317 2284 termissi
2336 2207 2630 2284 sunt,sibi
2641 2211 2836 2286 magis
2856 2222 3038 2285 quam
3057 2203 3212 2266 mihi
3224 2204 3704 2284 imputaredebe-

2050 2299 2220 2361 bunt.
2247 2297 2454 2379 Neque
2476 2300 2640 2360 enim
2657 2297 2922 2359 celantes
2943 2297 3166 2373 scripta
3187 2311 3321 2374 sua,
3351 2294 3423 2356 de
3443 2293 3538 2356 his
3565 2311 3702 2375 qua:

2050 2407 2173 2450 non
2205 2391 2346 2468 legi,
2381 2404 2552 2448 nosse
2567 2387 2764 2466 potui;
2783 2392 2839 2448 et
2873 2385 3034 2464 quod
3051 2383 3192 2446 aliis
3209 2385 3469 2448 forsitan
3490 2385 3569 2445 sit
3590 2401 3703 2446 uo-

2058 2485 2204 2558 tum,
2229 2477 2381 2539 mihi
2405 2478 2468 2538 in
2492 2477 2600 2538 hoc
2633 2483 2940 2538 terrarum
2954 2473 3178 2552 angulo
3197 2472 3387 2552 fuerit
3406 2475 3697 2551 ignotum.

2062 2568 2244 2628 Certe
2269 2583 2402 2628 cum
2427 2567 2670 2645 scriptis
2681 2565 2810 2625 suis
2827 2562 3318 2636 cluruerint,non
3339 2578 3706 2642 magnOpere

2060 2656 2253 2717 nostri
2275 2654 2510 2716 silentii
2538 2653 2858 2734 dispendia
2879 2652 3306 2729 suspirabunt.

2061 2746 2280 2808 Contra
2309 2761 2449 2805 vero
2494 2742 2894 2824 Areopagitici
2929 2759 3102 2802 suum
3136 2741 3195 2800 in
3231 2739 3601 2802 adversarios
3627 2740 3708 2800 ita

2058 2835 2491 2916 retorquebunt
2519 2840 2959 2911 argumentum.
3021 2829 3300 2910 Nunquid
3335 2831 3460 2892 haec
3497 2829 3708 2892 eadem

2060 2925 2301 3005 scripta,
2329 2943 2480 3004 quae,
2519 2923 2668 3004 ipsis
2699 2922 3042 2994 fatentibus,
3070 2921 3264 2981 statim
3290 2928 3468 2998 atque
3494 2920 3711 2982 emissa

2060 3028 2198 3075 sunt
2231 3014 2289 3074 in
2321 3015 2540 3088 lucem,
2577 3011 2853 3074 omnibus
2880 3010 3194 3073 notissima
3219 3029 3351 3072 esse
3374 3018 3704 3090 coeperunt,

322 3098 708 3209 multipiitfari
733 3146 1085 3207 resiions-im
1103 3127 1410 3188 confestim
1435 3098 1694 3206 accipies
1711 3127 1973 3188 Athena-

2063 3104 2171 3209 soli
2203 3102 2571 3209 Hieroinyrno'
2600 3100 2896 3180 incognita
2922 3099 3122 3209 fuere“?
3152 3098 3270 3162 Sed
3303 3099 3708 3200 nequidquam

320 3238 483 3297 gorze
506 3219 712 3293 libros,
737 3221 964 3279 tamesti
996 3217 1243 3277 forsitan
1277 3217 1604 3290 breviores,
1631 3217 1726 3298 qui
1747 3217 1975 3279 aChri-

320 3309 535 3370 stianis
568 3316 764 3369 tamen
801 3306 1291 3368 desrriberentur
1335 3314 1394 3368 et
1441 3307 1977 3387 multiplicarentur

323 3419 444 3460 non
481 3397 677 3458 minus
722 3397 930 3476 dignos
957 3395 1166 3461 videri.
1202 3398 1418 3458 Verum
1453 3405 1761 3476 opponunt
1801 3396 1975 3458 Anti-

321 3486 707 3567 areopagitici
731 3486 996 3566 quaedam
1022 3484 1336 3564 inscriptis
1353 3485 1610 3564 Dionysii
1633 3503 1972 3560 occurrere,

326 3577 612 3638 nimirum
663 3576 737 3637 de
767 3581 954 3636 sacris
981 3573 1422 3654 Scripturarum
1469 3573 1660 3646 libris,
1695 3574 1769 3636 de
1809 3575 1973 3647 solis,

334 3664 624 3726 moriente
657 3663 912 3734 Christo,
947 3663 1305 3734 defectione,
1337 3663 1412 3724 de
1444 3661 1888 3724 obdormitione
1907 3664 1974 3724 Β.

332 3753 528 3816 Marsa
553 3754 837 3832 Virginis,
859 3754 1093 3834 aliaque
1114 3753 1267 3814 bene
1297 3752 1502 3824 multa,
1522 3771 1654 3833 qua}
1683 3751 1733 3812 si
1767 3754 1824 3813 in
1857 3751 1978 3813 Eu-

342 3843 489 3902 sebii
521 3845 786 3906 notitiam
822 3843 1143 3918 venissent,
1182 3842 1254 3904 ab
1286 3860 1368 3904 eo.
1408 3861 1710 3923 nunquam
1746 3851 1984 3924 praeter-

348 3931 490 3993 mitti
521 3941 867 4013 potuerunt.

418 4023 571 4084 Idem
600 4023 875 4084 nonnulli
899 4042 966 4084 ex
989 4021 1356 4103 Hieronymi,
1385 4021 1718 4104 przesertim
1751 4021 1808 4082 in
1829 4020 1982 4083 libro

340 4111 426 4172 De
440 4113 841 4192 scriptoribus
864 4111 1542 4186 ecelest'asticis,silentio
1564 4118 1981 4190 argumentum

337 4200 600 4263 eliciunt.
642 4202 785 4263 inde
810 4202 963 4262 enim
993 4202 1356 4263 concludunt
1384 4199 1648 4281 Dionysii
1680 4201 1864 4262 nostri
1898 4201 1986 4261 lu-

335 4290 719 4351 cubrationes
773 4291 882 4368 ipsi
914 4289 1245 4370 incognitas
1296 4289 1504 4366 fuisse,
1538 4307 1649 4350 nec
1692 4297 1828 4351 ante
1861 4292 1986 4368 ejus

339 4387 607 4458 tempora
641 4380 984 4459 divulgatas.
1024 4379 1203 4453 Quasi
1240 4397 1406 4452 vero,
1433 4381 1984 4460 inquiuntAreOpa-

2060 3195 2315 3255 clamant
2345 3193 2471 3266 alii,
2516 3191 2572 3252 id
2609 3199 3017 3271 retorquetur.
3075 3191 3310 3251 Certum
3344 3189 3564 3270 quippe
3598 3198 3707 3262 est,

2060 3285 2358 3364 inquiunt,
2415 3281 2639 3360 scripta
2683 3280 2947 3360 Dionysii
2998 3297 3115 3340 nou
3149 3279 3224 3340 ab
3281 3279 3558 3340 omnibus
3605 3297 3710 3340 eo-

2059 3375 2193 3435 dem
2231 3373 2406 3434 modo
2437 3371 2770 3452 eodemque
2797 3380 3062 3450 tempore
3084 3369 3266 3431 fuisse
3289 3368 3710 3449 agnita.Atque

2060 3465 2200 3526 inde
2244 3462 2611 3526 concludunt
2640 3459 3030 3540 Hieronymo,
3064 3464 3125 3520 in
3173 3464 3386 3538 angulo
3417 3468 3713 3521 terrarum

2063 3572 2235 3634 suum
2289 3571 2424 3614 cum
2479 3558 2751 3613 exararet
2797 3549 3045 3623 librum,
3117 3548 3498 3610 delitescenti
3564 3546 3712 3608 nihil

2063 3643 2386 3724 quidquam
2447 3641 2523 3702 de
2582 3639 2658 3700 iis
2719 3638 3134 3703 recentissima
3179 3637 3487 3718 publicatis
3534 3636 3716 3698 fuisse

2069 3740 2437 3813 compertum
2455 3780 2468 3794 .

2675 3816 2920 3882 CAPUT
2981 3816 3106 3881 VII.

2077 3910 2161 3972 De
2181 3914 2258 3974 iis
2279 3909 2676 3992 scriptoribus
2698 3911 2806 3990 qui
2826 3916 2958 3989 post
2987 3907 3310 3988 publicata
3335 3905 3536 3987 Opera
3567 3906 3715 3968 Dio-

2109 4004 2298 4082 nysii,
2323 4019 2393 4064 ea
2419 4000 2604 4064 dubia
2629 4009 2734 4061 aut
2758 3998 3114 4060 adulterina
3138 4016 3261 4060 esse
3288 4003 3677 4076 putaverunt.

2153 4092 2325 4155 Aliud
2351 4099 2556 4153 contra
2587 4086 3140 4170 Areopagiticorum
3175 4087 3552 4150 traditionem
3587 4105 3718 4147 mo-

2070 4190 2334 4245 mentum
2367 4188 2479 4261 est,
2512 4179 2670 4260 quod
2703 4179 2806 4240 illa
2836 4187 2952 4239 tam
2993 4177 3111 4238 alto
3171 4185 3410 4256 tamque
3440 4175 3718 4237 diuturno

2071 4282 2154 4335 tot
2180 4273 2534 4354 scriptorum
2562 4271 2635 4332 de
2656 4268 2919 4350 Dionysii
2949 4267 3189 4349 scriptis
3213 4267 3452 4328 silentio
3481 4285 3598 4328 non
3629 4284 3723 4328 so-

2071 4365 2192 4426 lum
2217 4371 2410 4445 capite
2432 4363 2750 4424 imminuta
2771 4364 2872 4440 sit,
2893 4377 3094 4420 verum
3123 4360 3261 4420 inde
3289 4359 3463 4420 etiam
3493 4377 3720 4420 concu-

335 4447 532 4544 gitici,
563 4468 680 4529 alia
707 4447 833 4528 nonv
855 4447 1756 4549 fuei'ithieronymiani-silentii
1787 4447 1935 4530 ratio
1962 4469 1973 4530 ἓ

2073 4457 2248 4516 tiatur
2279 4453 2432 4550 quod
2466 4470 2533 4514 ex
2563 4461 2834 4531 tempore
2855 4468 2971 4550 quo
3003 4450 3222 4549 scripta
3250 4449 3347 4549 illa
3382 4467 3486 4550 pro
3513 4447 3726 4550 Diony-

335 4537 421 4620 De
459 4537 532 4618 iis
578 4559 736 4620 enim
792 4567 1015 4619 tantum
1063 4537 1454 4640 scriptoribus
1497 4577 1644 4639 quos
1695 4557 1973 4621 Eusebius

2071 4544 2253 4606 sianis
2303 4541 2506 4604 haberi
2569 4547 2902 4618 coeperunt,
2945 4538 3172 4599 inventi
3235 4537 3354 4599 sint
3396 4537 3722 4598 identidem

339 4649 1144 4729 commemoravitdisputare
1165 4628 1697 4711 c.onstituerat.Sed
1727 4649 1784 4709 id
1812 4650 1973 4712 certi:

2071 4635 2400 4731 scriptores
2431 4630 2611 4731 aliqui
2644 4629 2744 4710 qui
2775 4629 2834 4690 id
2864 4629 3177 4731 praefracte
3211 4628 3722 4731 negaverunt."Et

336 4738 632 4799 rationum
665 4713 1056 4800 ﬁrmamentis
1101 4738 1174 4800 ab
1205 4738 1351 4819 ipsis
1394 4747 1524 4798 erat
1566 4737 1983 4799 muniendum.
2074 4713 2216 4785 ίιιυά
2253 4720 2780 4819 quidemgrj‘mym
2809 4716 3045 4819 P'Pbal'l
3072 4734 3246 4819 P9?“
3271 4725 3473 4819 Pili?!“
3504 4732 3576 4819 οξ
3600 4713 3724 4796 Hi"

337 4827 538 4890 Aliam
567 4830 787 4908 quippe
811 4836 1070 4890 mentem
1099 4800 1416 4889 sibiluisse
1439 4828 1593 4889 idern
1620 4828 1750 4908 ipse
1773 4827 1973 4889 Hiero-

2079 4819 2259 4893 patio,
2297 4810 2396 4891 qui
2425 4811 2482 4870 in
2508 4800 3507 4908 Collatione.CenstantinOpolitana
3537 4804 3724 4906 seve-

339 4894 1030 4997 nymusape'rletestatur
1060 4919 1133 4981 5'.
1158 4894 1774 4996 dumingensinterse
1805 4927 1862 4978 et
1892 4937 1973 4978 eo:

2077 4901 2265 4963 rianis
2291 4900 2558 4978 Operum
2591 4895 3275 4997 Dionysiiauctoritatem
3303 4894 3727 4997 olijicientibus

337 5009 436 5085 qui
484 5006 560 5069 de
589 5007 984 5087 scriptoribus
1017 5009 1279 5089 profanis
1311 5008 1607 5086 catalogos
1646 5007 1990 5086 ediderunt,

334 5095 663 5157 discrimen
696 5097 1075 5159 intercedere
1121 5098 1214 5158 his
1245 5095 1443 5158 verbis
1496 5097 1835 5176 signiﬁcat:
1888 5095 1995 5156 Illi

331 5193 565 5246 veteres
578 5186 864 5248 historias
883 5186 1257 5266 annalesque
1273 5187 1994 5265 replicantes-posuerunt

338 5279 517 5354 quasi
529 5275 601 5335 de
621 5276 861 5354 ingenii
868 5285 1044 5354 prato
1059 5295 1178 5338 non
1201 5294 1449 5338 varvum
1477 5278 1748 5352 opuscuti
1767 5276 1867 5336 sui
1887 5293 1988 5337 co-

336 5381 561 5424 ronam
597 5373 818 5429 texere.
847 5365 980 5444 Ego
1001 5367 1144 5445 quid
1166 5373 1416 5426 acturus
1447 5385 1599 5437 sum,
1627 5367 1729 5444 qui
1753 5363 1989 5426 nullum

335 5471 501 5533 ιιι-(ευ
512 5453 532 5514 i
539 5470 638 5514 um
653 5457 1257 5536 sequens,pessimum
1271 5463 1360 5534 ,ut
1373 5455 1492 5518 dici
1498 5463 1557 5516 tu
1568 5473 1618 5532 r,
1629 5459 1989 5536 magistrum

2080 4991 2164 5052 sic
2197 4987 2520 5069 respondet
2552 5005 2565 5049 :
2603 4985 2720 5046 Illa
2753 4987 3102 5048 testimonia
3129 5002 3265 5064 quae
3293 5002 3403 5046 vos
3450 4983 3731 5064 Dionysii

2078 5077 2420 5151 Areopagitw
2467 5091 2578 5133 esse
2609 5075 2814 5144 dicitis,
2847 5074 2985 5131 unde
3033 5074 3257 5146 potestis
3286 5073 3570 5130 ostendere
3604 5087 3730 5128 uera

2077 5187 2220 5248 esse,
2251 5175 2404 5230 sicut
2430 5165 2833 5246 suspicamini
2865 5164 2891 5225 ?
2935 5167 2991 5226 si
3022 5166 3184 5226 enim
3215 5166 3341 5244 ejus
3373 5169 3570 5233 erant,
3613 5179 3729 5222 non

2075 5260 2416 5343 potuissent
2437 5255 2623 5318 latere
2647 5255 2885 5318 beatum
2901 5253 3234 5334 Cyrillum.
3259 5252 3638 5343 auiditatem
3655 5251 3729 5312 de

2075 5341 2180 5414 bch
2191 5356 2249 5408 to
2266 5345 2493 5425 Cyrillo
2505 5343 2912 5424 dico?quando
2926 5345 3128 5406 beatus
3142 5341 3601 5414 Athanas~ius,si
3616 5357 3729 5418 pro

2072 5446 2234 5504 certo
2257 5436 2465 5498 scisset
2487 5435 2616 5514 ejus
2639 5435 3000 5511 fuisse,ante
3013 5437 3219 5495 omnia
3240 5432 3298 5492 in
3323 5428 3572 5494 Nica'uo
3584 5445 3722 5497 catt-

415 5645 449 5694 ⁵
477 5640 695 5718 Quaest.
731 5642 770 5706 3
794 5630 864 5727 tle
895 5644 1084 5728 Oper.
1123 5643 1187 5710 S.
1226 5644 1522 5726 Dionysii.
1567 5645 1618 5697 5‘
1651 5643 1732 5707 De
1763 5645 1970 5726 script.
2007 5641 2222 5706 eccles-
2257 5625 2494 5706 ΡτοΙοεο
2521 5624 2556 5676 θ
2588 5623 2746 5696 Ibid.
