4060 6214
289 303 370 370 25

1685 293 2090 360 PROLEGOM
2105 295 2245 358 ENA
2265 341 2278 358 .

3599 287 3675 360 26

285 445 500 522 aperto
523 434 910 500 demonstrat.
953 417 1184 496 Etenim
1240 430 1342 496 ille
1384 450 1452 497 se
1496 431 1667 508 solis,
1701 428 3316 522 ChristoAl.O‘mnesanteBaroniumscriptores,eum
3341 428 3672 495 Grmcitum

284 518 576 610 patiente,
617 526 1012 588 defectionem
1045 523 1287 604 vidisse,
1341 543 1410 586 ac
1457 533 1660 603 postea
1692 521 1851 584 Pauli
1885 529 1942 581 et
2023 518 2329 610 Latini,in
2361 539 2432 581 ea
2461 521 2698 582 fuerunt
2729 521 3052 585 sententia.
3106 529 3166 586 2.
3221 526 3444 587 Auctor
3467 530 3675 584 noster

283 615 602 681 llierothei
624 615 956 697 disciplinae
980 613 1282 692 traditum,
1311 613 1531 675 deinde
1554 632 1686 675 cum
1713 619 1938 691 aposto-

281 708 362 769 lis
390 723 581 769 sacrze
606 704 871 782 Virginis
904 703 1101 765 Mariae
1133 702 1430 778 exsequiis
1462 712 1518 764 et
1548 702 1736 763 funeri
1762 699 1938 761 inter-

286 797 503 875 fuisse,
534 813 598 854 ac
640 793 876 854 tandem
903 793 974 854 ad
1000 793 1286 853 Joannem
1316 791 1724 870 apostolumin
1751 789 1944 851 insula

291 887 572 950 Palhmos
593 883 963 945 exsulantem
989 881 1218 942 litteras
1240 880 1482 944 dedisse
1505 881 1945 962 prolitetur.At—

303 975 398 1056 qui
429 975 551 1035 hazc
591 974 792 1033 omnia
829 989 1023 1053 neque
1054 970 1336 1050 Dionysio
1367 971 1696 1044 Corinthio,
1746 985 1944 1044 neque

297 1063 569 1144 Dionysio
595 1060 1028 1136 Alexandrino,
1051 1078 1246 1140 neque
1264 1060 1365 1122 ulli
1384 1060 1484 1120 alii
1505 1058 1806 1140 Dionysio,
1832 1057 1946 1119 nisi

293 1152 663 1233 Areopagitae
683 1151 1067 1215 conveniunt.
1090 1150 1194 1213 Ille
1214 1168 1351 1230 ergo
1373 1151 1534 1210 solus
1562 1146 1938 1227 liorumOpe-

291 1261 444 1317 rom,
481 1260 620 1321 qua;
651 1259 870 1304 nonem
919 1241 1052 1319 ejus
1103 1241 1163 1300 in
1213 1240 1635 1320 manuscriptis
1669 1238 1947 1300 omnibus

283 1350 416 1394 cum
453 1330 706 1404 Graecis,
731 1342 855 1391 tum
883 1329 1106 1393 Latinis
1125 1330 1426 1412 praefixum
1455 1347 1695 1409 semper
1718 1327 1947 1390 habue-

280 1429 445 1495 runt,
474 1438 701 1499 parens
725 1426 784 1480 et
815 1427 1020 1480 auctor
1041 1418 1336 1479 dicendus
1364 1425 1455 1479 est
1507 1419 1576 1479 Et
1597 1426 1760 1481 certe
1782 1415 1950 1478 nefas

2026 609 2583 672 traditTimotheum
2601 611 2924 692 episcopali
2941 612 3225 690 dignitate
3244 612 3671 692 inauguratum,

2025 708 2202 777 atque
2227 697 2298 760 ab
2325 717 2398 760 eo
2421 698 2617 780 Opera
2639 719 2742 762 sua
2777 701 2898 762 vult
2929 702 3257 764 examinari
3285 709 3342 763 et
3372 702 3670 781 castigari.

2027 789 2084 851 3.
2131 788 2292 850 Idem
2329 791 2454 868 ipse
2490 783 2695 852 auctor
2727 790 2785 850 in
2819 791 3071 869 epistola
3117 791 3188 853 ad
3224 793 3443 872 Titum,
3497 810 3675 872 quem

2027 878 2320 941 Baronius
2342 879 2570 959 aliique
2593 879 2994 960 AreOpagitici
3016 879 3371 960 discipulum
3406 890 3462 942 et
3493 880 3677 943 comi-

2030 977 2146 1029 tem
2184 969 2344 1030 Pauli
2398 968 2582 1030 fuisse
2642 969 3002 1049 concedunt,
3065 969 3336 1049 ejusdem
3371 970 3675 1033 Timothei

2032 1051 2326 1121 meminit.
2383 1063 2441 1118 ιι.
2497 1057 2561 1120 ln
2603 1058 2880 1119 omnibus
2911 1058 3332 1139 manuscriptis
3364 1059 3675 1123 codicibus

2031 1147 2378 1210 Timotheus
2409 1148 2509 1209 ille
2535 1148 2899 1224 Ephesinum
2925 1149 3329 1230 episcopatum
3383 1151 3474 1212 cui
3498 1151 3674 1212 disci-

2033 1238 2205 1318 putus
2238 1239 2405 1300 Pauli
2441 1238 2698 1320 praefuit,
2723 1239 2984 1300 tenuisse
3018 1246 3408 1301 memoratur.
3454 1241 3513 1302 5.
3561 1239 3677 1300 De-

2034 1328 2212 1408 nique
2242 1337 2447 1390 auctor
2471 1337 2691 1401 noster,
2740 1328 2825 1389 uti
2855 1327 3140 1407 diximus,
3172 1346 3235 1388 se
3265 1328 3672 1405 apostolorum

2033 1417 2425 1494 ejusdemque
2465 1417 2715 1496 proinde
2740 1416 3038 1478 Timothei
3070 1416 3445 1496 temporibus
3466 1418 3677 1478 vixisse

282 1528 418 1573 esse
450 1510 700 1572 videtur
731 1510 907 1570 istum
935 1517 1239 1570 auctorem
1273 1508 1332 1568 in
1368 1507 1674 1570 fcedissimi
1710 1505 1944 1567 menda-
2025 1507 2280 1587 jactitat.
2303 1506 2406 1567 His
2425 1516 2618 1567 autem
2645 1505 2975 1567 rationibus
2990 1517 3051 1566 et
3074 1507 3219 1567 illud
3244 1525 3482 1587 quoque
3504 1507 3679 1569 refot-

279 1603 379 1680 cii,
406 1598 670 1663 fallacia:
701 1607 758 1660 et
783 1598 1094 1678 sacrilega:
1122 1598 1522 1660 simulationis
1545 1597 1946 1677 suspicionem

2034 1594 2197 1674 litur,
2233 1595 2388 1677 quod
2425 1603 2555 1674 post
2587 1595 3045 1676 pseudo-Dextri
3093 1595 3428 1659 Chronicon
3465 1615 3682 1676 propu-

278 1707 520 1770 vocare,
578 1688 811 1769 quando
863 1688 1107 1768 quidem
1159 1688 1376 1768 scripta
1425 1687 1556 1766 ejus
1606 1704 1722 1747 non
1755 1683 2491 1774 solumBgnatBivarius,
2528 1685 2685 1746 hunc
2729 1685 3108 1747 Timotheum
3167 1703 3286 1746 non
3335 1686 3514 1747 alium
3547 1704 3680 1747 esse

279 1779 511 1860 ubique
545 1782 922 1840 sanctitatem
953 1777 1206 1857 spirant,
1256 1776 1359 1836 sed
1405 1794 1474 1837 ea
1507 1774 1682 1838 etiam
1719 1793 1852 1836 cum
1887 1774 1949 1835 in

283 1866 724 1928 monasterium
751 1875 808 1929 et
830 1865 1043 1927 urbem
1069 1865 1200 1944 ejus
1225 1865 1467 1926 nomine
1492 1884 1675 1945 prope
1697 1863 1953 1926 Parisios

283 1956 473 2036 dicta,
508 1964 988 2036 asportarentur,
1023 1954 1200 2016 variis
1227 1955 1682 2017 infirmitatibus
1715 1953 1773 2014 in
1809 1954 1952 2014 tanti

285 2047 393 2108 viri
425 2047 728 2108 honorem
760 2046 1074 2126 applicata,
1103 2044 1305 2107 multis
1327 2044 1609 2106 divinitus
1643 2044 1953 2106 honestata

283 2144 420 2198 sunt
456 2136 794 2197 miraculis.

367 2224 482 2298 Qui
519 2242 660 2287 vero
694 2243 763 2288 ex
793 2224 1042 2287 adversa
1075 2232 1232 2286 stant
1267 2231 1454 2305 parte,
1490 2223 1550 2284 hi
1578 2222 1952 2303 respondent

293 2314 604 2378 materiam
631 2314 836 2396 operis
853 2313 926 2376 ab
949 2313 1064 2375 alio
1087 2332 1252 2393 reque
1278 2331 1346 2374 ac
1379 2312 1654 2392 Dionysio
1688 2314 1951 2392 Areopa.

291 2405 410 2483 gita
440 2403 688 2465 tractari
716 2403 1000 2484 potuisse,
1027 2404 1240 2484 stylum
1267 2410 1467 2465 autem
1495 2412 1554 2464 et
1586 2401 1948 2463 locutionem

294 2493 565 2573 Dionysii
621 2493 996 2573 Areopagitas
1045 2494 1136 2554 his
1192 2493 1251 2554 in
1304 2492 1543 2572 scriptis
1578 2489 1950 2571 deprehendi

306 2585 476 2664 plane
502 2583 857 2664 penitusque
881 2583 1241 2645 inticiantur.
1276 2583 1559 2644 Fatentur
1581 2581 1819 2662 quidem
1840 2599 1948 2642 au-

315 2683 536 2733 ctorem
564 2672 845 2734 nonnulla
873 2672 947 2733 iis
966 2673 1289 2734 inseruisse
1314 2672 1528 2752 quibus
1559 2692 1621 2733 se
1642 2670 1949 2751 apostolo-

320 2780 448 2822 rum
475 2762 824 2842 temporibus
848 2762 1088 2842 vixisse,
1116 2770 1174 2823 et
1195 2763 1359 2825 Pauli
1382 2761 1736 2842 discipulum
1762 2760 1949 2821 fuisse

312 2850 556 2911 incautis
585 2851 1052 2931 simplicioribus
1074 2852 1508 2932 persuaderet;
1564 2849 1665 2912 sed
1697 2857 1948 2910 conten-

2034 1793 2212 1852 quam
2241 1774 2566 1852 Eugenium
2598 1777 2972 1857 Toletanum,
3020 1777 3117 1841 cui
3169 1786 3411 1858 propter
3458 1776 3676 1856 ingenii

2035 1864 2454 1928 excellentiam
2489 1885 2705 1928 nomen
2741 1866 3039 1929 Timothei
3071 1866 3418 1947 impositum
3452 1877 3564 1931 est.

2117 1953 2233 2016 Sed
2269 1953 2484 2016 horum
2512 1955 2770 2016 vicissim
2794 1955 3343 2035 Areopagiticorum
3379 1964 3679 2019 momenta

2035 2043 2176 2123 inde
2198 2043 2349 2106 haud
2377 2043 2681 2106 difﬁcilius
2705 2054 3074 2119 evertuntur,
3107 2045 3262 2125 quod
3296 2044 3675 2124 Evangelium

2034 2141 2092 2194 et
2137 2133 2551 2214 Apocalypsim
2604 2135 2850 2195 Joannis
2901 2135 3178 2214 apostoli,
3237 2143 3413 2214 atque
3469 2133 3679 2214 Ignatii

2035 2223 2368 2303 epistolam,
2399 2242 2531 2302 quae
2556 2237 2688 2306 post
2710 2224 3010 2286 Timothei
3047 2232 3298 2286 mortem
3332 2225 3494 2286 edita
3515 2234 3673 2302 sunt,

2034 2313 2095 2374 in
2127 2316 2385 2375 auctoris
2413 2314 2594 2375 nostri
2622 2313 2890 2392 scriptis,
2923 2321 2984 2374 ut
3014 2313 3167 2375 infra
3191 2313 3484 2390 dicemus,
3520 2314 3677 2377 clare

2036 2403 2506 2484 nominatimque
2537 2403 2816 2466 citentur.
2853 2402 3174 2465 Enimvero
3207 2405 3333 2464 sola
3363 2403 3680 2481 Ignatianm

2036 2493 2309 2571 epistolae
2341 2492 2538 2572 verba,
2576 2512 2710 2572 quae
2740 2493 2812 2554 ab
2858 2513 2928 2554 eo
2981 2512 3115 2553 vero
3163 2494 3534 2571 transcripta,
3570 2512 3682 2556 nec

2034 2581 2095 2642 in
2128 2591 2353 2643 textum
2402 2584 2532 2662 ejus
2573 2584 2805 2646 intrusa
2835 2601 2970 2645 esse
3015 2580 3588 2659 demonstrabimus,
3623 2583 3680 2645 id

2032 2681 2237 2750 aperte
2270 2672 2571 2734 evincunt.

2114 2761 2298 2824 Addit
2329 2761 2622 2825 Baronius
2649 2761 2811 2842 quod
2843 2761 3193 2824 Timotheus
3225 2763 3324 2824 ille
3355 2763 3427 2825 ab
3445 2772 3682 2825 auctore

2034 2860 2235 2913 nostro
2268 2870 2429 2930 saepe
2462 2855 2609 2926 παξς,
2641 2870 2815 2933 puer,
2849 2862 3112 2916 vocatur.
3160 2856 3231 2914 At
3277 2852 3677 2928 Timotheum,

306 2939 642 3020 duntplura
671 2942 731 3002 in
764 2941 978 3002 iisdem
1013 2939 1310 3021 Operibus
1340 2939 1756 3021 imprudenter
1777 2937 1850 3000 ab
1878 2944 2008 3000 eoC
2037 2941 2198 3004 Pauli
2235 2940 2622 3021 discipulum,
2657 2961 2689 3003 a
2723 2941 3004 3023 Dionysio
3039 2943 3417 3022 Areopagita,
3455 2961 3524 3002 eo
3567 2961 3680 3004 no-

303 3030 552 3110 atljecta,
606 3030 824 3110 quibus
875 3049 945 3093 ea
1002 3030 1178 3110 longe
1237 3041 1364 3112 post
1427 3029 1828 3111 apostolorum
1891 3038 1951 3089 et

299 3119 562 3200 Dionysii
587 3120 964 3202 Areopagitae
991 3129 1225 3183 aetatem
1259 3119 1552 3202 prodiisse
1582 3117 1803 3179 invicte
1838 3117 1948 3178 de-

304 3197 696 3273 monstratur.
728 3197 935 3272 Dtrum
968 3217 1164 3272 autem
1197 3197 1283 3292 id,
1315 3219 1379 3271 ut
1402 3214 1747 3288 opinantur,
1773 3206 1950 3269 certis

301 3299 601 3360 rationum
637 3301 961 3362 momentis
994 3299 1246 3380 probare
1271 3299 1523 3380 possint,
1572 3317 1605 3360 a
1659 3296 1829 3359 nobis
1859 3304 1952 3358 est

299 3399 587 3452 accurate
615 3390 1092 3470 ponderandum.

295 3578 704 3660 Argumenta
736 3577 1441 3660 Antiareopagz‘ticorom
1489 3578 1949 3660 examinentur;

373 3655 430 3720 Et
475 3661 756 3738 primum
793 3655 1064 3739 quidem,
1102 3655 1252 3733 inde
1302 3656 1545 3718 {luctum
1603 3657 1756 3735 quod
1812 3655 1955 3716 libri

381 3739 693 3802 Timotheo
726 3739 1106 3800 inscribantu
1118 3755 1174 3800 r.

384 3837 649 3899 Primum
710 3835 1391 3916 Antiareopagiticorum
1445 3844 1836 3914 momentum,
1885 3851 1954 3894 ex

310 3923 433 4002 ipsa
463 3926 782 3998 librorum,
819 3925 921 4006 qui
967 3924 1283 3987 Timotheo
1335 3937 1787 4005 nuncupantur,
1827 3926 1955 3984 ins-

307 4014 604 4094 criptione
656 4015 910 4076 ducitur.
961 4019 1192 4077 Auctor
1241 4009 1399 4076 enim
1458 4025 1663 4076 noster
1701 4014 1762 4075 in
1805 4013 1956 4076 libro

295 4102 378 4165 De
400 4107 641 4166 divinis
660 4104 1015 4167 nominibus
1042 4104 1351 4183 epistolam
1387 4105 1595 4183 lgnatii
1627 4103 1955 4166 Antioche-

2037 3031 2197 3093 mine
2225 3031 2648 3109 compellatum
2683 3051 2812 3092 esse
2837 3033 2984 3093 nulli
3011 3031 3338 3093 verisimile
3360 3032 3680 3095 vibebitur:

2034 3121 2186 3183 Nam
2203 3123 2538 3202 episcopus,
2560 3120 2751 3200 inquit
2784 3122 3073 3184 Baronius
3086 3122 3139 3201 9,
3161 3127 3556 3202 coepiscopum
3581 3139 3683 3182 no-

2033 3211 2240 3266 minare
2259 3212 2588 3268 consueviwe
2611 3213 2867 3282 fratrem,
2897 3227 3002 3266 non
3032 3213 3222 3282 filium,
3250 3210 3389 3266 mille
3426 3211 3683 3281 exemplis

2033 3307 2167 3356 esset
2187 3300 2347 3370 facile
2377 3299 2759 3358 demonstra"e.
2785 3302 2974 3381 Hujus
3006 3300 3338 3381 argumenti
3368 3299 3683 3361 difﬁculta-

2033 3401 2126 3451 tes
2154 3399 2215 3450 ut
2244 3390 2473 3452 solvant
2503 3391 2603 3452 alii
2645 3393 3073 3476 Areopagitici,
3113 3393 3300 3452 varias
3350 3399 3684 3469 congerunt

2033 3479 2477 3560 responsiones.
2508 3480 2576 3541 Et
2597 3481 2785 3560 primo
2809 3480 3049 3561 quidem
3079 3480 3281 3540 dicunt
3303 3480 3679 3542 Timotheum

2034 3569 2121 3630 sic
2151 3569 2374 3648 vocari,
2402 3571 2538 3646 quia
2563 3571 2669 3632 ille
2693 3570 2766 3632 ad
2791 3591 2967 3652 quem
3003 3571 3246 3640 Paulus,
3281 3569 3472 3632 Nerva
3494 3569 3684 3648 impe-

2038 3666 2228 3725 rante.
2257 3659 2382 3719 base
2405 3661 2642 3739 scripsit
2674 3659 2731 3720 in
2761 3659 2960 3721 verba:
2987 3658 3174 3720 Nemo
3202 3660 3680 3720 adolescentiam

2039 3754 2202 3808 tuam
2221 3748 2936 3828 contemnam,Dionysio
2957 3747 3315 3828 Areopagita
3332 3748 3536 3827 junior
3550 3766 3682 3808 esse

2038 3835 2302 3898 videtur.
2335 3837 2395 3898 2.
2425 3835 2770 3898 Timotheus
2803 3837 2860 3898 in
2896 3836 3268 3916 philosophia
3302 3846 3361 3898 et
3415 3836 3684 3898 saiculari

2041 3925 2356 4005 disciplina
2387 3927 2554 4005 cujus
2584 3926 2790 3987 rudior
2821 3934 2968 4006 erat,
3002 3934 3177 4006 atque
3210 3927 3384 3987 etiam
3414 3928 3470 3986 in
3497 3925 3686 3988 subli-

2045 4015 2234 4075 miore
2257 4015 2553 4094 theologia
2583 4015 2922 4095 Dionysium
2953 4016 3210 4079 habebat
3242 4035 3346 4096 pro
3375 4017 3675 4095 magistro.

2043 4114 2103 4166 et
2137 4105 2302 4165 illum
2337 4105 2554 4168 absens
2589 4124 2690 4184 per
2723 4105 2953 4168 litteras
2999 4106 3364 4168 consulebat.
3419 4106 3476 4167 3.
3537 4105 3680 4167 Cum

292 4197 352 4254 ni
388 4193 689 4274 episcopi,
726 4199 806 4254 uti
831 4194 984 4254 infra
1018 4192 1271 4269 dicetur,
1306 4203 1365 4256 et
1403 4193 1687 4273 laudavit,
1709 4203 1766 4255 et
1789 4193 1959 4273 ipsis-
1983 4193 2392 4275 DTimotheus
2425 4196 2567 4256 satis
2598 4205 2756 4256 esset
2782 4205 2988 4258 natura
3021 4195 3262 4256 timidus
3295 4204 3350 4256 et
3383 4195 3682 4275 pusillani-

293 4283 638 4345 simailtius
662 4282 838 4345 verba
871 4284 1092 4345 retulit.
1122 4283 1644 4365 Ergo,inquiunt,
1680 4285 1778 4345 hic
1807 4283 1961 4344 liber
2045 4284 2180 4356 mis,
2223 4303 2338 4344 non
2403 4292 2625 4345 tantum
2680 4283 2924 4346 doctore
2987 4285 3276 4346 scientize.
3337 4284 3445 4346 sed
3502 4285 3680 4346 etiam

294 4370 640 4446 Timotheo,
696 4377 792 4452 qui
837 4373 976 4434 dum
1030 4390 1098 4434 ea
1131 4372 1339 4450 lgnatii
1375 4373 1622 4454 epistola
1655 4371 1793 4434 data
1844 4381 1955 4452 est,

287 4460 420 4539 jam
459 4470 715 4523 mortem
750 4461 865 4523 obii
890 4471 1004 4536 rat,
1042 4482 1158 4522 non
1191 4484 1202 4541 ι
1236 4463 1386 4521 otuit
1417 4461 1686 4522 inscribi.

379 4549 494 4614 Hic
512 4569 630 4611 non
653 4551 914 4612 minimae
930 4551 1294 4613 dimi-uitatis
1312 4551 1500 4612 nodus
1517 4551 1956 4631 AreOpagiticos

298 4639 624 4720 plurimum
662 4640 851 4713 torsit,
888 4651 1061 4721 atque
1084 4650 1148 4702 ut
1181 4641 1251 4701 ab
1287 4660 1358 4702 eo
1392 4659 1457 4702 se
1487 4641 1827 4720 expediant,
1851 4660 1952 4702 va-

304 4729 426 4790 rias
458 4746 527 4790 se
562 4735 801 4791 vertunt
833 4730 892 4790 in
930 4739 1149 4808 partes.
1187 4729 1464 4792 Nonnulli
1488 4731 1648 4791 enim
1669 4749 1802 4791 cum
1835 4729 1951 4791 Ba-

303 4819 482 4879 ronio
515 4819 739 4899 Opinati
762 4827 901 4880 sunt
926 4819 1084 4880 hunc
1107 4820 1483 4882 Timotheum
1511 4839 1628 4880 non
1661 4838 1798 4880 eum
1823 4838 1955 4882 esse

301 4907 402 4988 qui
430 4906 593 4969 Pauli
612 4907 944 4988 discipulus
959 4908 1087 4982 fuit,
1109 4909 1211 4970 sed
1229 4909 1410 4970 alium
1429 4908 1958 4988 quemdamjunio-

302 5014 460 5073 rem,
495 4998 777 5059 Pudentis
818 4997 1112 5058 senatoris
1145 4998 1360 5076 filium,
1411 4997 1583 5076 cujus
1637 5017 1856 5060 nomen
1891 4999 1951 5059 in

302 5083 639 5148 Romanum
657 5087 1228 5166 Martyrologium,et
1246 5087 1304 5147 in
1325 5085 1429 5150 SS.
1452 5089 1761 5164 Perpetuze
1776 5095 1834 5148 et
1848 5089 1952 5150 Fe-

305 5173 547 5237 licitatis
580 5179 724 5236 Acta
749 5175 1152 5238 refertur.Alii
1185 5195 1217 5237 e
1240 5176 1540 5237 contrario
1574 5173 1951 5237 Timotheum

307 5262 475 5325 illum
509 5283 714 5328 verum
774 5263 941 5328 Pauli
986 5264 1345 5341 discipulum
1403 5265 1587 5327 fuisse
1639 5277 1951 5351 asserunt,

307 5362 364 5415 et
395 5353 636 5418 Baronii
687 5353 1032 5435 opinionem
1081 5356 1174 5418 his
1220 5357 1570 5437 impugnant
1594 5354 1949 5420 rationibus.

2044 4373 2272 4434 virtutis
2301 4381 2358 4433 et
2389 4373 2738 4435 constantia:
2770 4373 3070 4452 indigebat
3103 4375 3402 4453 magistro.

2124 4461 2343 4523 Verum
2377 4482 2493 4540 quo
2516 4482 2770 4543 unquam
2795 4464 3067 4544 exemplo
3084 4463 3431 4543 probabitur
3451 4463 3683 4541 episco-

2046 4570 2181 4630 pum
2203 4550 2275 4612 ab
2299 4551 2415 4613 alio
2440 4553 2720 4632 episcopo
2745 4553 2876 4613 ideo
2899 4572 3145 4632 puerum
3169 4553 3384 4632 vocari,
3407 4553 3562 4632 quod
3584 4551 3684 4613 ille

2040 4641 2099 4701 in
2137 4639 2508 4718 philosophia
2545 4649 2601 4701 et
2630 4641 2900 4702 saeculari
2952 4641 3268 4721 disciplina
3330 4641 3406 4701 sit
3451 4639 3676 4700 rurlior.

2041 4728 2267 4790 Deinde
2299 4748 2415 4809 quo
2447 4729 2660 4790 itidem
2695 4741 3052 4808 argumento
3084 4729 3470 4811 persuadebis
3492 4727 3682 4788 Timo-

2041 4819 2241 4880 theum
2276 4819 2334 4878 in
2361 4818 2433 4879 iis
2463 4819 2727 4880 scientiis
2751 4819 2932 4880 fuisse
2960 4819 3234 4901 Dionysio
3259 4819 3685 4891 rudiorem,ac-

2042 4927 2176 4969 eum
2218 4908 2277 4967 in
2310 4907 2660 4969 sublimiore
2719 4908 3015 4987 theologia
3051 4909 3328 4970 habuisse
3363 4927 3468 4987 pro
3503 4906 3685 4984 inagi-

2040 5007 2162 5057 stro
2191 4996 2409 5057 ?Certe
2445 4997 2766 5076 Dionysius
2803 4997 2966 5060 illum
2994 5008 3151 5060 tanta
3179 4996 3515 5059 eruditione
3539 5014 3682 5076 prte-

2037 5086 2222 5147 ditum
2254 5087 2578 5163 agnovit,ut
2617 5087 3006 5166 perfectiores
3036 5089 3166 5166 ejus
3196 5085 3566 5166 cognitiones
3595 5104 3686 5147 se-

2037 5194 2172 5236 cum
2196 5173 2647 5247 communicari,
2685 5185 2746 5236 et
2777 5175 2999 5254 scripta
3036 5195 3139 5236 sua
3165 5175 3235 5237 ab
3270 5195 3338 5236 eo
3372 5173 3679 5236 emendari

2044 5264 2293 5326 voluerit
2333 5282 2346 5326 :
2380 5263 2544 5325 Illud
2594 5282 2845 5344 quoque,
2904 5265 3210 5346 inquiebat
3261 5264 3576 5340 Dionysius
3606 5263 3678 5336 ίί,

2037 5355 2364 5437 pontiﬁcio:
2419 5362 2537 5417 tum
2593 5358 2857 5420 scientiae
2913 5355 3531 5420 Commemorabimus.
3590 5353 3672 5416 Et

386 5536 530 5621 9_Ad
565 5555 784 5600 annum
826 5535 959 5615 109,
993 5539 1021 5620 ἕ
1052 5540 1150 5604 56.
1187 5540 1244 5591 εο
1272 5539 1297 5602 ι
1325 5538 1482 5621 Tim,
1519 5555 1582 5602 ιι.
1615 5537 1666 5582 η
1695 5536 1830 5602 Lib.
1855 5539 1941 5603 De
1971 5541 2102 5603 coal.
2135 5538 2372 5603 hierar.
2407 5557 2539 5620 cap.
2574 5540 2631 5601 7.
2671 5536 2724 5582 ιε
2752 5542 2857 5605 Lib
2923 5543 3009 5606 De
3039 5543 3248 5604 cccles.
3277 5537 3505 5601 liierar.
3545 5556 3674 5620 (ap.

278 5615 559 5697 '7,§tt.
