4060 6214
362 317 438 386 27

1490 324 1565 394 ’S.
1611 326 2020 395 DIONYSIUS
2061 331 2577 402 AREOPAGITA.

3653 336 3736 406 28

363 467 501 533 alibi
535 469 635 537 tl;
666 472 1055 538 Commumca
1087 474 1277 555 igitur
1303 480 1361 541 et
1391 480 1456 539 tu
1494 475 1646 538 mihi
1678 478 2002 556 perfectio-
2026 482 2061 533 Α
2087 488 2344 550 pueros:
2373 470 2585 555 Pueri,
2601 471 2879 553 nunquid
2889 471 3378 553 pulmentarium
3401 472 3735 540 habetis”?

363 578 496 624 rem
533 561 1034 646 illustrationem,
1084 572 1226 643 etc.;
1280 573 1454 647 atque
1502 566 1617 627 alio
1649 567 1708 628 in
1742 566 1895 628 libro
1924 569 2005 631 *3.

362 649 503 711 Erit
531 652 931 716 humanitatis
965 661 1084 715 tua:
1109 656 1413 735 corrigere
1441 672 1563 716 non
1591 665 1803 736 sponte
1826 659 2009 736 igno-

361 748 622 815 rantem,
652 744 996 821 rtionesque
1053 761 1383 824 suggerere
1434 744 1668 806 discere
1712 747 2006 828 cupienti.

444 830 678 892 Scimus
710 832 951 909 quidem
1005 830 1343 913 Dionysium
1396 851 1430 894 a
1489 833 1802 897 Timotheo
1838 835 1911 897 de
1944 854 2010 898 re

364 919 613 998 quadam
645 920 981 999 theologica
1011 922 1189 985 fuisse
1212 922 1530 1003 aliquando
1553 924 2006 1005 interrogatum,

364 1016 428 1095 ut
464 1006 620 1067 hunc
651 1008 710 1068 in
745 1010 983 1070 modum
1018 1010 1120 1071 ille
1165 1017 1409 1071 testatus
1451 1020 1540 1074 est
1568 1012 1626 1063 η
1656 1035 1667 1071 :
1700 1014 1819 1091 Sed
1862 1020 2008 1095 quia

366 1092 526 1155 alios
546 1112 756 1176 meper
776 1098 1092 1177 epistolam
1116 1101 1529 1180 interrogasti,
1551 1102 1699 1181 quid
1714 1092 2012 1183 appellem

360 1202 474 1260 per
493 1202 559 1249 se
581 1203 727 1262 esse,
751 1204 862 1267 per
882 1205 945 1250 se
969 1189 1181 1257 vitam,
1203 1207 1309 1270 per
1339 1208 1403 1253 se
1430 1193 1822 1270 sapientiam,
1846 1200 1902 1256 et
1928 1201 2010 1256 te-

362 1290 496 1335 cum
522 1275 615 1337 ais
635 1277 939 1339 dubitasse
959 1280 1259 1357 quomodo
1292 1279 1482 1342 Deum
1508 1281 1846 1363 aliquando
1868 1301 2010 1346 voco

353 1379 467 1442 per
493 1384 555 1427 se
578 1367 793 1443 vitam,
820 1366 1157 1446 aliquando
1189 1386 1331 1431 vero
1363 1370 1701 1450 effectorem
1733 1374 1897 1435 vitae.
1932 1374 2011 1435 At

364 1454 500 1542 quis
531 1455 741 1516 merito
775 1456 915 1516 inde
946 1456 1181 1537 colligat
1210 1456 1589 1521 Timotheum
1634 1461 1690 1523 in
1739 1461 2005 1542 philoso-

366 1541 560 1625 phicis
598 1543 777 1606 rebus
825 1545 1101 1627 Dionysio
1151 1547 1479 1619 rudiorem,
1511 1565 1646 1611 eum
1678 1541 1749 1611 in
1776 1551 2008 1613 theolo-

2092 562 2334 626 Addunt
2363 563 2733 627 Clementem
2759 563 3225 627 Alexandrinum
3250 584 3459 627 omnes
3494 567 3734 630 univer-

2092 650 2201 709 sim
2229 649 2595 713 Christianos
2618 652 2827 713 eodem
2864 653 3106 715 nomine
3137 670 3542 734 nuncupasse;
3573 675 3731 736 quo-

2092 739 2251 801 niam
2282 739 2600 802 Christiani
2635 740 2709 801 oh
2745 759 2974 801 morum
3019 742 3463 821 simplicitatem
3499 753 3559 804 et
3585 763 3734 806 sua-

2094 826 2329 890 vitalem
2363 830 2472 891 hoc
2501 848 2564 891 se
2594 829 2847 893 invicem
2884 848 3206 911 puerorum
3240 832 3487 893 nomine
3520 833 3741 894 vocita-

2095 914 2258 978 bant.
2294 919 2408 981 Sed
2442 918 2498 979 id
2535 919 2775 981 omnino
2808 919 2937 981 leve
2978 929 3066 981 est
3113 929 3171 983 et
3222 922 3548 983 inﬁrmum.
3586 923 3739 985 Nam

2093 1006 2374 1088 episcopo
2418 1010 2504 1070 fas
2556 1029 2671 1070 non
2728 1017 2853 1071 erat
2899 1009 3079 1071 alium
3133 1010 3482 1092 episcopum
3518 1011 3757 1073 eodem“

2094 1097 2270 1157 modo
2293 1118 2408 1179 quo
2426 1098 2694 1163 Christus
2714 1098 3036 1176 discipulos
3055 1118 3195 1161 suos
3213 1100 3481 1174 vocabat,
3511 1099 3745 1181 alloqui

2093 1196 2150 1247 et
2178 1188 2501 1267 appellare.
2537 1189 2817 1251 Clemens
2848 1205 2987 1249 vero
3019 1207 3136 1250 non
3177 1189 3400 1252 idcirco
3435 1188 3739 1253 Christian

2092 1294 2201 1337 nos
2228 1295 2442 1356 pueros
2476 1277 2762 1339 nominat.
2797 1278 2959 1354 quod
2989 1278 3031 1338 ii
3061 1279 3174 1341 hac
3212 1289 3417 1341 mutua
3457 1277 3735 1359 appella-

2094 1366 2255 1429 tione
2284 1385 2416 1431 sese
2442 1364 2705 1428 hvicem
2758 1366 3227 1448 alloquerentur,
3282 1368 3389 1430 sed
3441 1369 3582 1450 quia
3630 1367 3735 1430 ille

2092 1454 2244 1516 libro
2301 1474 2409 1517 suo
2470 1456 2801 1536 Pwdagogi
2859 1455 3092 1518 titulum
3166 1457 3483 1521 indiderat.
3545 1457 3732 1521 Porro

2089 1557 2285 1606 autem
2322 1546 2429 1607 etsi
2460 1544 2782 1607 Christiani
2822 1564 2956 1607 sese
3004 1544 3258 1608 invicem
3313 1565 3528 1627 pueros
3559 1563 3734 1608 voca-

365 1632 507 1709 gicis
536 1633 817 1695 habuisse
846 1654 949 1715 pro
979 1636 1314 1716 magistuo?
1356 1636 1679 1715 Numquid,
1717 1640 1850 1719 quia
1882 1640 2003 1703 Αιι-
2087 1643 2246 1715 rent,
2282 1654 2399 1695 non
2436 1634 2476 1696 ii
2514 1644 2708 1697 tamen
2742 1635 2800 1697 in
2833 1635 3073 1716 scriptis
3121 1636 3245 1697 suis
3298 1636 3557 1717 aliquem
3586 1653 3734 1717 pro-

364 1722 635 1800 gustinus
666 1723 1111 1805 Hieronymum,
1169 1734 1343 1807 atque
1392 1727 1491 1789 alii
1544 1728 1809 1811 episcopi
1857 1730 2009 1791 alios
2034 1806 2065 1811 _
2092 1734 2271 1786 vectae
2299 1725 2492 1787 celatis
2529 1726 2860 1807 hominem,
2894 1726 3169 1800 scientia,
3202 1725 3516 1806 dignitate,
3552 1728 3735 1788 virtu-

364 1811 681 1891 episcopos
713 1821 786 1875 de
816 1815 999 1876 rebus
1033 1806 1405 1895 theologicis,
1442 1816 1557 1899 vel,
1583 1806 1639 1879 si
1666 1806 1830 1894 velis,
1868 1819 2001 1899 pht-
2033 1806 2069 1855 Β
2092 1813 2251 1874 tibus
2280 1815 2607 1894 celebrem,
2642 1824 2701 1876 et
2732 1814 3073 1896 episcopatu
3096 1824 3362 1895 auctum,
3395 1833 3466 1876 eo
3488 1815 3739 1878 nomine

363 1900 718 1984 losophicis,
750 1905 1202 1978 consuluerunt,
1239 1905 1310 1968 iis
1342 1906 1642 1987 rudiores,
1679 1926 2009 1989 eorumque

364 1988 713 2070 discipulos,
750 2002 850 2054 aut
880 1994 956 2055 ab
990 1994 1106 2056 illis
1161 1994 1422 2057 filiorum
1474 1996 1717 2059 nomine
1764 1988 2010 2061 vocatos

366 2079 551 2169 fuisse
583 2081 903 2144 dicendum
954 2092 1091 2147 est?
1139 2086 1277 2148 Haec
1307 2093 1470 2146 certe
1504 2086 1702 2148 nullus
1745 2106 2010 2169 unquam

363 2168 529 2238 dixit,
566 2170 667 2231 sed
703 2189 811 2233 nec
843 2176 1157 2235 somniavit
1190 2194 1479 2255 unquam.

448 2258 591 2332 Quis
620 2270 821 2324 autem
854 2263 966 2325 sibi
1018 2265 1372 2346 persuadeat
1430 2266 1809 2330 Timotheum
1859 2267 2009 2330 adeo

367 2359 584 2411 natura
617 2350 801 2413 fuisse
829 2353 1098 2415 timidum
1125 2354 1672 2436 etpusillanimem,
1694 2368 1755 2418 ut
1774 2356 1873 2419 ille
1889 2376 2012 2419 ma-

365 2437 551 2526 gistro
579 2440 810 2501 virtutis
836 2450 894 2502 et
915 2445 1261 2505 constantiae
1287 2444 1634 2526 indiguerit,
1666 2464 1839 2526 quem
1868 2450 2012 2509 Pau-

369 2526 463 2589 lus
488 2525 777 2603 laborum,
797 2530 1106 2608 itinerum,
1130 2533 1554 2614 periculorum,
1583 2525 2012 2617 suppliciorum

369 2617 650 2679 comitem
683 2618 915 2693 habuit,
939 2639 1118 2697 quem
1145 2620 1358 2683 Paulus
1383 2625 1454 2685 ad
1486 2624 1629 2685 alios
1654 2626 2016 2687 confirman-

367 2704 476 2795 dos
500 2706 681 2787 misit:
711 2710 1013 2780 Misimus,
1042 2710 1236 2791 inquit
1263 2712 1517 2791 ipsemet
1541 2713 1782 2795 Ptulus,
1815 2716 2014 2778 Timo-

365 2794 565 2856 theum
597 2798 861 2873 fratrem
913 2807 1204 2874 uestrum,
1259 2807 1317 2862 et
1366 2802 1717 2864 ministrum
1774 2802 1891 2865 Dei
1942 2807 2009 2866 in

365 2883 704 2964 Evangelia
735 2886 986 2962 Christi,
1032 2890 1116 2951 ad
1165 2890 1617 2970 conﬁrmandos
1648 2910 1772 2973 vos,
1807 2901 1866 2955 et
1900 2911 2008 2956 ea:-

368 2974 699 3037 hortamlos
743 2994 858 3054 pro
888 2978 1005 3059 ﬁde
1040 2986 1258 3052 vestra,
1294 2987 1359 3042 ut
1391 2998 1557 3041 nemo
1589 2989 1848 3043 vestrum
1884 3001 2009 3045 mo—

2090 1901 2420 1984 appollasse
2451 1902 2616 1966 ullibi
2648 1903 2944 1983 leguntur.

2727 2002 2969 2066 CAPUT
3017 2003 3090 2065 X.

2092 2100 2520 2165 Examinalur
2561 2102 2898 2165 secundum
2947 2110 3408 2183 argumentum,
3452 2120 3528 2166 ea:
3557 2101 3738 2168 libris

2173 2190 2229 2264 et
2272 2185 2669 2263 scriptoribus
2698 2184 2896 2244 sacris
2952 2182 3060 2264 qui
3120 2182 3196 2245 ab
3251 2190 3495 2247 auctore
3522 2191 3737 2247 nostro

2174 2263 2450 2325 citantur
2478 2264 2888 2341 desumptum.

2171 2351 2298 2415 Jam
2332 2370 2469 2413 vero
2501 2355 2551 2413 si
2581 2371 2613 2413 a
2644 2352 2932 2414 librorum
2963 2351 3359 2432 inscriptione
3402 2353 3473 2414 ad
3520 2348 3731 2415 eorum

2093 2439 2409 2502 lectionem
2457 2451 2847 2516 transeamus,
2882 2449 3205 2503 occurrent
3248 2442 3465 2522 passim
3500 2443 3637 2504 libri
3670 2447 3736 2505 et

2095 2531 2419 2612 scrlptnres
2440 2532 2513 2594 ab
2537 2539 2782 2594 auctore
2805 2540 3006 2592 nostro
3030 2530 3217 2602 citati,
3241 2531 3341 2612 qui
3366 2551 3500 2594 eum
3535 2536 3735 2595 Areo-

2096 2621 2347 2701 pagitam
2376 2640 2492 2683 non
2512 2640 2642 2684 esse
2659 2620 2800 2682 satis
2825 2629 3029 2700 aperte
3060 2621 3465 2685 demonstrare
3482 2621 3735 2684 videan-

2094 2719 2191 2772 tur
2241 2710 2345 2774 llle
2373 2713 2531 2772 enim
2555 2709 2857 2791 eumdem,
2885 2710 2987 2791 qui
3009 2728 3166 2771 nunc
3189 2710 3262 2771 ab
3281 2711 3561 2772 omnibus
3582 2710 3740 2772 reci-

2096 2801 2273 2881 pitur,
2304 2817 2421 2863 sae?
2442 2820 2541 2862 um
2574 2801 2786 2862 divina;
2815 2801 3140 2880 Scriptura:
3170 2818 3459 2862 canonem
3494 2799 3744 2867 exhibet

2093 2899 2150 2950 et
2169 2899 2574 2969 repraesentat.
2607 2887 2996 2969 Atquicanon
3015 2886 3111 2948 ille
3133 2886 3563 2967 Scripturarum
3588 2887 3737 2948 Dio-

2095 2981 2241 3059 nysii
2277 2989 2546 3062 tempore
2579 2979 2840 3041 nondum
2878 2985 3007 3039 erat
3036 2978 3331 3058 perfectus
3353 2985 3411 3039 et
3443 2975 3737 3056 obsigna-

368 3072 589 3127 veutur
620 3068 685 3127 in.
718 3050 1222 3130 tribulationibus
1246 3050 1324 3131 ω.
1350 3068 1584 3131 Siccine
1609 3089 1747 3148 ergo
1770 3071 1840 3132 ad
1864 3072 2009 3135 alios
2028 3073 2069 3125 C
2098 3050 2629 3151 tus.Apocalypsim
2656 3086 2931 3149 namque,
2957 3050 3277 3148 Ep'istolam
3304 3066 3465 3130 Pauli
3510 3050 3739 3129 ad-Ile-

366 3155 432 3214 in
469 3154 964 3219 tribulationibus
997 3159 1448 3238 conﬁrmandos
1478 3169 1530 3221 et
1582 3160 2008 3239 exhortandos,

372 3240 695 3305 mittendus
710 3246 1027 3307 erathomo
1044 3257 1267 3307 natura:
1284 3247 1501 3310 timidm
1518 3256 1572 3308 et
1589 3250 2015 3328 pusillanimis?

448 3330 652 3394 Restat
681 3333 857 3411 igitur
880 3334 1305 3398 utTimotheus
1328 3337 1551 3399 idcirco
1573 3356 1722 3416 puer
1745 3338 2008 3415 dicatur,

372 3420 528 3499 quod
575 3423 856 3504 Dionysio
897 3431 1067 3487 aetate
1098 3426 1273 3487 fuerit
1299 3427 1526 3504 junior.
1574 3427 1645 3489 Et
1678 3428 1734 3489 id
1770 3429 2011 3508 quidem

366 3509 508 3572 inde
538 3512 878 3575 confirmari
913 3524 1125 3596 potest,
1180 3516 1317 3597 quia
1347 3515 1723 3597 Ambrosius,
1757 3518 1840 3578 uti
1871 3519 2010 3580 olim

366 3598 1267 3683 observahamus,Conatantium
1285 3606 1630 3686 episcopum
1654 3606 1753 3667 ﬁlii
1773 3613 2013 3668 nomine
2044 3640 2047 3645 -

364 3689 813 3770 appellaverit”
841 3692 1209 3757 Commendo
1231 3694 2012 3778 tibt,ﬁli,Ecclesiam,quw

366 3780 564 3842 estad
597 3781 815 3844 Forum
851 3784 1138 3846 Cornelii.
1184 3786 1404 3846 Verum
1462 3783 1812 3848 Timotheus
1872 3794 2011 3849 ante

364 3867 1095 3949 Dionysiiconversionem
1124 3893 1241 3935 non
1267 3875 1459 3935 solum
1490 3874 1839 3938 Christianas
1862 3875 2008 3937 reli-

366 3959 522 4038 gioni
556 3978 775 4022 nomen
807 3962 1080 4041 dederat,
1114 3964 1219 4023 sed
1257 3964 1422 4024 Pauli
1449 3982 1688 4045 quoque
1729 3974 1789 4027 et
1833 3966 2013 4027 disci-

369 4049 543 4130 pulus
565 4058 1001 4115 eratetcomes.
1038 4051 1265 4113 Deinde
1295 4071 1429 4113 cum
1461 4053 2008 4137 Dionysiusscripta

372 4156 475 4199 sua
490 4138 895 4228 elucubraret,
910 4152 1227 4215 annum,ut
1242 4141 2002 4228 diximus,nonagesimum,

2098 3156 2310 3233 brzeos,
2327 3159 2650 3220 secundam
2675 3157 2949 3238 Joannis,
2968 3166 3021 3218 et
3045 3155 3212 3219 Judaa
3237 3155 3740 3238 Epistolam,quas

2096 3248 2196 3310 ille
2228 3249 2382 3310 hunc
2414 3248 2598 3309 refert
2648 3249 2705 3308 in
2749 3265 3069 3328 canonem,
3121 3247 3194 3308 ab
3251 3246 3461 3308 eodem
3496 3246 3743 3328 plurimi

2097 3336 2515 3401 excludebant.
2550 3338 2779 3401 Deinde
2809 3338 3067 3398 Joannes
3090 3336 3509 3417 Apocalypsim
3540 3354 3735 3412 suam,

2098 3448 2231 3491 cum
2277 3429 2337 3489 in
2370 3428 2564 3489 insula
2598 3432 2833 3490 Patmos
2864 3425 3182 3507 eXSularet,
3216 3427 3271 3487 id
3302 3435 3391 3487 est
3431 3426 3593 3488 circa
3622 3444 3734 3486 an-

2100 3538 2237 3580 num
2271 3518 2492 3581 Christi
2536 3519 2613 3582 94
2651 3518 2732 3580 vel
2763 3518 2865 3587 95,
2914 3516 3121 3591 edidit,
3179 3514 3555 3594 Evangelium
3592 3532 3733 3575 vero

2096 3619 2228 3689 post
2247 3627 2446 3688 suum,
2467 3616 2530 3669 ut
2549 3607 2750 3687 plures
2769 3606 3159 3685 arbitrantur,
3193 3605 3265 3666 ab
3295 3604 3505 3665 eodem
3525 3602 3734 3666 exsilio

2094 3697 2381 3778 reditum,
2412 3698 2523 3759 hoc
2556 3705 2645 3758 est
2667 3715 2786 3757 non
2817 3704 2955 3758 ante
2979 3713 3196 3756 annum
3220 3694 3321 3775 98,
3356 3693 3577 3774 publici
3600 3693 3737 3756 fecit

2095 3805 2228 3849 esse
2246 3788 2422 3867 juris.
2451 3786 2557 3849 His
2578 3787 2731 3848 adde
2763 3785 2947 3847 libros
2968 3785 3103 3847 illos
3133 3803 3165 3845 a
3198 3784 3476 3865 Dionysio
3519 3802 3640 3845 non
3672 3792 3738 3844 ut

2095 3895 2278 3938 novos
2303 3884 2699 3956 recenterque
2729 3875 2924 3937 editos
2948 3874 3140 3937 citari.
3166 3873 3338 3937 Un-le
3368 3872 3741 3936 concludunt

2093 3985 2229 4028 eum
2262 3965 2351 4027 vix
2384 3974 2520 4027 ante
2547 3983 2764 4026 annum
2798 3963 3013 4027 Christi
3060 3967 3450 4026 centesimum
3500 3961 3738 4042 scriptis

2092 4056 2217 4117 suis
2248 4073 2485 4116 manum
2521 4053 2878 4115 admovisse.
2910 4056 2985 4115 At
3012 4061 3132 4113 tum
3165 4051 3481 4131 Dionysius
3512 4051 3611 4112 ille
3628 4068 3736 4111 an-

2093 4162 2233 4207 num
2256 4146 2441 4207 aetatis
2472 4161 2593 4205 suae
2625 4140 3082 4220 nonagesimum
3117 4140 3349 4221 agebat,
3379 4140 3597 4221 quippe
3630 4137 3733 4220 qui

365 4227 458 4289 vel
501 4227 745 4290 forsitan
788 4230 1186 4293 centesimum
1258 4229 1468 4292 debuit
1524 4233 1839 4313 attingere.
1900 4230 3145 4315 necDChristopattente,utsoliseclipsim
3171 4230 3734 4304 observaret,annos

365 4318 713 4381 Timotheus
747 4330 888 4382 tunc
919 4320 1297 4401 octogenario
1332 4320 1528 4383 minor
1557 4333 1710 4385 erat.
1766 4326 1879 4389 Fac
1916 4334 2008 4386 ta-

371 4425 506 4470 men
538 4427 673 4471 eum
714 4412 1266 4491 septuagenarium,
1311 4411 1401 4472 vel
1456 4412 1632 4473 etiam
1684 4431 2011 4493 sexagena-

367 4499 520 4560 rium
556 4501 963 4562 tantummodo
988 4501 1203 4576 fuisse,
1237 4501 1505 4582 nunquid
1544 4504 1863 4582 episcopus
1898 4523 2009 4565 no-

371 4587 728 4668 nagenarius
756 4587 937 4650 alium
967 4595 1082 4650 tam
1112 4598 1407 4670 provectae
1423 4590 1611 4652 aetatis
1634 4591 2010 4674 episcopum,

368 4677 469 4759 qui
496 4677 619 4757 jam
672 4685 811 4739 ante
860 4696 996 4739 eum
1050 4677 1445 4741 Christianam
1499 4678 1847 4759 religionem
1879 4700 2013 4743 am-

373 4767 664 4846 plexatus,
698 4777 756 4829 et
788 4767 1013 4829 deinde
1043 4768 1206 4831 Pauli
1235 4766 1487 4848 apostoli
1510 4787 1716 4830 comes
1750 4778 1804 4831 et
1827 4770 2012 4833 disci-

370 4857 547 4937 pulus
579 4857 795 4931 fuerat,
833 4860 1075 4920 nomine
1122 4858 1227 4920 lilii
1286 4858 1621 4939 appellasse
1673 4860 2013 4923 credendus

371 4946 509 5008 est?
541 4945 746 5027 Neque
778 4947 849 5010 ad
885 4947 939 5007 id
974 4947 1094 5008 ullo
1120 4946 1294 5009 modo
1316 4947 1454 5009 facit
1487 4949 1783 5010 Ambrosii
1816 4968 2016 5013 exem-

369 5035 556 5116 plum,
594 5036 1081 5118 quandoquidem
1126 5038 1505 5099 Constantius
1555 5036 1712 5099 inter
1763 5038 2019 5102 clericos

368 5118 849 5190 Mediolanenses
880 5124 990 5187 sub
1025 5125 1292 5206 ejusdem
1326 5124 1629 5188 Ambrosii
1672 5128 2012 5207 magisterio

368 5214 675 5295 educatus,
710 5233 844 5276 cum
879 5214 949 5277 ad
984 5231 1117 5274 eum
1168 5213 1408 5294 scripsit
1436 5214 1595 5275 idem
1628 5213 2010 5296 Ambrosius,

367 5306 429 5367 in
461 5305 804 5387 episcopum
834 5321 1049 5365 recens
1078 5311 1416 5384 assumptus
1448 5303 1659 5366 fuerat.

451 5397 681 5458 Instant
710 5392 893 5476 aliqui
922 5391 1223 5457 Christum
1245 5392 1572 5474 discipulos
1599 5412 1740 5457 suos
1768 5412 2015 5461 vocasse

446 5584 497 5627 1³
529 5580 656 5646 Lib.
721 5579 802 5643 De
829 5579 1023 5643 divin.
1072 5580 1328 5660 nomin.,
1363 5595 1495 5660 cap.
1559 5579 1656 5644 t3.

368 5664 425 5709 ιϐ
450 5663 625 5730 Amb.
663 5664 837 5744 epist.
872 5659 931 5739 2,
968 5679 1132 5724 nova:
1162 5658 1323 5724 edit.
1353 5658 1406 5703 ιτ
1432 5662 1608 5724 Joan.
1641 5677 1763 5741 xu,
1800 5661 1858 5724 5.

2094 4325 2357 4401 quinque
2407 4341 2584 4404 supra
2626 4321 2830 4401 viginti
2878 4320 3214 4401 eXplevisse
3258 4318 3557 4381 credatur.
3593 4317 3738 4391 Quis

2094 4422 2292 4475 autem
2325 4413 2439 4474 sibi
2473 4411 2645 4474 facile
2680 4412 3037 4493 persuadeat
3056 4409 3250 4471 virum
3280 4408 3353 4471 ab
3385 4408 3741 4487 ineunteju-

2100 4512 2339 4565 ventute
2369 4501 2872 4582 eruditisstmum,
2906 4500 2987 4561 ud
3041 4499 3226 4560 libros
3273 4497 3746 4561 conscribendos

2100 4601 2240 4654 tunc
2273 4591 2540 4653 animum
2569 4591 2893 4673 appulisse,
2948 4608 3081 4652 cum
3129 4594 3258 4670 ipse
3310 4586 3747 4667 nonagenarius

2099 4691 2256 4742 esset
2282 4690 2337 4742 et
2371 4682 2538 4743 senio
2569 4681 2899 4743 confectus.

2179 4770 2297 4831 Sed
2322 4770 2417 4832 his
2440 4770 2769 4831 rationibus
2800 4768 3045 4830 minime
3068 4768 3141 4830 de
3164 4765 3466 4829 sententia
3489 4785 3595 4828 sua
3621 4784 3742 4827 mo-

2097 4867 2311 4922 ventur
2335 4860 2754 4940 Areopagitici.
2791 4860 2922 4921 Non
2948 4858 3109 4920 enim
3133 4857 3458 4919 difﬁtentur
3482 4856 3583 4918 diu
3612 4856 3746 4939 qui-

2098 4950 2233 5012 dem
2267 4950 2342 5012 de
2372 4950 2658 5011 librorum
2692 4948 3121 5031 canonicorum
3148 4964 3397 5008 numero
3423 4945 3604 5008 fuisse
3626 4945 3745 5006 dis-

2100 5047 2386 5123 putatum,
2421 5041 2524 5102 sed
2549 5040 2750 5120 negari
2773 5056 3145 5120 nequaquam
3174 5054 3349 5118 posse
3380 5036 3550 5098 aiunt
3570 5036 3741 5119 quin,

2099 5131 2253 5192 sicut
2285 5130 2554 5193 nonnulli
2575 5130 2860 5211 quosdam
2886 5127 3069 5189 libros
3103 5145 3170 5188 ex
3196 5145 3367 5188 sacro
3391 5143 3622 5189 canone
3646 5145 3738 5189 re-

2090 5219 2405 5301 jiciebant,
2439 5220 2518 5280 ita
2551 5221 2725 5282 etiam
2759 5219 3002 5302 quidam
3036 5216 3136 5278 alii
3185 5233 3284 5279 eos
3319 5234 3525 5278 omnes
3558 5216 3659 5299 qui
3688 5220 3746 5277 in

2099 5310 2377 5371 eumdem
2398 5327 2689 5372 canonem
2707 5327 2865 5371 nunc
2881 5306 3287 5379 ascribuntur,
3309 5323 3415 5385 pro
3442 5306 3745 5370 canonicis

2099 5398 2408 5460 habendos
2438 5416 2571 5461 esse
2604 5396 2958 5481 putaverint.
2991 5398 3207 5477 Neque
3247 5396 3408 5457 enim
3452 5395 3743 5477 quoddam

1695 5583 1831 5668 gi,
1876 5582 2011 5646 “Li

2150 5585 2233 5650 De
2261 5587 2460 5652 divin.
2493 5586 2757 5668 nomin.,
2790 5602 2925 5667 cap.
2961 5586 3062 5649 11.
3121 5581 3245 5648 ⁴¹⁶Ι.
3282 5580 3551 5646 Thessal.
3584 5597 3648 5659 ιι,
3686 5582 3749 5649 3.
