4060 6214
298 335 379 402 29

1693 334 2280 403 PROLEGOMENA.

3599 325 3674 396 30

297 472 625 556 aliquando
677 479 912 556 tempus
957 472 1141 538 fuisse
1185 471 1304 538 dici
1338 481 1529 556 potest
1577 493 1693 557 que
1738 491 1948 536 omnes
1971 480 2007 531 Α
2031 475 2182 538 stola
2215 474 2288 538 ab
2318 475 2471 558 ipso,
2499 493 2632 539 cum
2659 473 2731 538 ad
2765 473 3106 556 martyrium
3139 471 3670 558 duceretur,‘anno

298 585 436 626 cum
490 563 801 636 Ecclesiae,
866 574 985 626 turn
1035 566 1354 627 Christiani
1417 566 1598 626 libros
1659 566 1946 642 quosdam

300 654 626 734 Scriptura:
659 655 715 715 in
749 673 916 716 sacro
973 673 1201 716 canone
1253 674 1370 716 non
1427 656 1768 716 censuerint
1819 673 1950 716 esse

298 743 732 806 numerandos.
768 743 920 816 Quid
945 762 1086 822 ergo
1111 744 1391 823 prohibet
1413 746 1732 824 quominus
1762 748 1950 807 Areo-

299 833 496 914 pagita
529 831 619 892 his
657 833 982 910 praebuerit
1011 852 1346 905 assensum,
1380 835 1478 912 qui
1519 853 1685 895 sacro
1719 852 1949 896 canone

299 941 409 983 eos
438 939 643 981 omnes
675 921 886 1001 libros,
914 923 1018 1000 qui
1041 942 1196 983 nunc
1221 923 1621 1000 assignantur,
1655 923 1948 988 contineri

303 1029 414 1093 pro
442 1019 600 1072 certo
629 1011 976 1072 habebant?
1137 1067 1162 1092 ρ,

383 1099 546 1173 Quod
582 1100 653 1159 ad
686 1099 936 1163 Joannis
960 1101 1342 1180 Evangelium
1367 1102 1647 1183 pertinet,
1672 1101 1721 1163 si
1747 1102 1946 1182 plures

303 1209 336 1251 e
355 1188 726 1251 doctioribus
741 1191 969 1252 criticis
993 1191 1138 1252 illud
1165 1190 1236 1251 ab
1261 1191 1526 1270 apostolo
1551 1201 1674 1270 post
1693 1193 1949 1254 reditum

301 1299 475 1340 suum
501 1279 576 1340 ab
624 1280 832 1341 exsilio
873 1282 1157 1359 scriptum
1205 1280 1550 1359 opinantur,
1589 1301 1704 1342 non
1738 1281 1953 1343 desunt

304 1370 482 1430 etiam
524 1370 624 1450 qui
671 1379 731 1430 et
763 1369 907 1430 illud
941 1380 1114 1431 antea
1144 1379 1450 1432 exaratum
1497 1389 1630 1431 es~'e
1661 1381 1948 1434 asserant.

2033 565 2272 639 Christi,
2331 556 2391 628 ut
2447 565 3069 648 supra'ostendimus,
3110 563 3221 624 1οἹ
3261 570 3360 622 aut
3393 559 3529 630 108,
3567 556 3675 618 fuit

2034 665 2289 717 exarata.
2327 657 2511 718 Porro
2541 667 2739 718 autem
2770 674 2838 716 ea
2873 672 3065 734 neque
3094 661 3212 712 tum
3238 651 3354 712 cito
3379 651 3438 712 in
3465 664 3673 708 manus

2032 745 2292 826 Dionysii
2324 747 2526 806 venire
2560 745 2766 823 potuit,
2805 762 2999 823 neque
3032 743 3131 802 ille
3163 760 3292 802 eam
3330 750 3391 801 ut
3432 755 3670 826 novam,

2034 845 2092 895 et
2123 853 2156 895 a
2189 825 2388 916 paucis
2408 836 2726 914 cognitam,
2755 835 2856 896 sed
2890 843 2950 894 ut
2975 839 3271 911 receptam
3297 829 3368 891 ab
3393 825 3671 890 omnibus

2033 925 2196 1004 citat,
2231 925 2528 1006 verbaque
2560 926 2688 1003 ejus
2731 923 3092 986 transcribit.
3143 921 3295 982 Hine
3345 937 3484 997 ergo
3519 935 3669 978 con-

2031 1015 2234 1075 cludas
2279 1033 2525 1076 necesse
2569 1024 2657 1076 est
2704 1013 2964 1092 Dionysii
3018 1011 3229 1072 librum
3301 1011 3382 1069 De
3439 1008 3671 1069 divinis

2030 1107 2374 1167 nominibus
2406 1124 2523 1166 non
2556 1113 2691 1166 ante
2721 1121 2940 1165 annum
2996 1102 3108 1163 110
3156 1099 3436 1161 emissum
3491 1095 3673 1156 fuisse

2035 1195 2092 1254 in
2130 1194 2348 1256 lucem.

2094 1283 2473 1361 Respondent
2496 1285 2733 1366 quidam
2764 1281 3159 1362 Areopagitici
3186 1276 3524 1357 Dionysium
3541 1283 3672 1355 post

2036 1372 2246 1453 Iguatii
2267 1383 2511 1436 mortem
2533 1380 2707 1434 vitam
2735 1391 2900 1434 suam
2920 1367 3672 1448 produxisse;proindeque

303 1459 424 1522 Sed
455 1459 665 1540 quovis
698 1467 966 1540 tempore
998 1460 1280 1540 scriptum
1326 1477 1460 1520 esse
1507 1461 1758 1540 dicatur,
1811 1461 1953 1521 nihil
2038 1465 2321 1542 epistolas
2351 1466 2482 1545 ejus
2512 1466 2584 1526 ab
2618 1466 2716 1526 illo
2749 1467 3014 1545 potuisse
3048 1461 3297 1526 laudari.
3331 1460 3446 1523 Sed
3481 1460 3564 1520 illi
3597 1459 3672 1520 de

305 1558 484 1628 vetat,
522 1549 800 1630 inquiunt
848 1549 1273 1627 Areopagitici,
1325 1550 1645 1628 quominus
1676 1550 1822 1610 illud
1858 1552 1952 1630 ip-
2041 1554 2338 1615 soliditate
2373 1556 2550 1634 hujus
2578 1555 3008 1633 responsionis,
3035 1571 3209 1633 quam
3245 1569 3376 1611 cum
3407 1549 3681 1630 ejusdem

307 1657 470 1706 sum,
507 1647 686 1714 atque
729 1637 907 1699 etiam
963 1637 1231 1723 ejusdem
1275 1637 1520 1698 Joannis
1576 1639 1958 1720 Ayocalypsis
2043 1644 2303 1723 Dionysii
2330 1643 2388 1704 in
2413 1645 2636 1708 Gallias
2661 1645 2912 1706 adventu
2935 1642 3254 1704 conciliare
3273 1659 3388 1701 non
3408 1647 3680 1719 possunt,

306 1726 482 1788 citari
517 1727 875 1806 potuerinta
912 1716 1212 1806 Dionysio,
1250 1726 1349 1806 qui
1385 1716 1734 1788 centenario
1768 1716 1957 1807 major
2041 1716 2279 1814 penitus
2330 1733 2686 1814 difﬁdentes,
2738 1735 2810 1794 ad
2853 1734 3026 1794 aliam
3067 1731 3266 1792 statim
3309 1716 3680 1808 confugiunt,

304 1817 417 1876 sub
450 1815 716 1895 Trajani,
751 1815 866 1892 vel,
888 1816 1056 1895 juxta
1085 1815 1258 1884 alios.
1293 1815 1403 1875 sub
1428 1815 1672 1879 Adriani
1706 1818 1953 1899 imperio
1979 1840 2016 1891 Β
2039 1823 2322 1903 aiuntque
2346 1823 2684 1904 Dionysium
2712 1825 2932 1902 scripta
2953 1841 3059 1883 sua
3082 1822 3142 1883 in
3178 1819 3406 1884 Graecia
3434 1819 3681 1898 quidem

303 1905 482 1966 vitam
517 1924 651 1965 cum
687 1913 881 1966 morte
912 1903 1325 1966 commutavit.

385 1994 718 2056 Fatendum
753 1994 993 2075 quidem
1030 2003 1118 2055 est
1149 1995 1300 2074 quod
1347 1994 1396 2055 si
1442 1997 1554 2057 hoc
1587 1994 1954 2077 Dionysianaa

302 2085 509 2145 mortis
552 2093 787 2163 tempus
817 2083 996 2145 certis
1026 2083 1322 2144 rationum
1377 2086 1699 2146 momentis
1755 2099 1954 2166 posset

300 2175 674 2248 conﬁrmari,
703 2173 900 2233 omnis
919 2173 1124 2250 procul
1148 2171 1328 2234 dubio
1350 2174 1682 2236 solveretur
1704 2176 1953 2255 hujusce

298 2262 668 2323 diﬂicultatis
699 2261 916 2322 nodus.
952 2261 1068 2324 Sed
1093 2262 1464 2324 contendunt
1491 2265 1950 2344 Antiarcopagi-

305 2351 401 2413 tici
419 2351 765 2431 Dionysium
793 2358 921 2429 post
945 2351 1268 2413 Domitiani
1292 2352 1665 2431 imperatoris
1683 2363 1952 2434 tempora

304 2442 481 2502 vitam
526 2459 644 2501 non
695 2439 1068 2519 produxisse.
1122 2439 1290 2512 Quod
1342 2441 1580 2521 quidem
1615 2442 1694 2502 ita
1723 2455 1950 2506 certum

305 2549 441 2593 esse
471 2532 697 2604 volunt,
755 2539 818 2590 ut
867 2548 984 2590 non
1029 2530 1219 2591 solum
1278 2533 1673 2593 accuratioris
1731 2535 1951 2595 criterii

307 2630 602 2690 auctores,
637 2617 742 2680 sed
778 2637 988 2680 eorum
1021 2625 1198 2682 etiam
1257 2621 1357 2700 qui
1410 2621 1628 2702 scripta
1677 2623 1950 2704 Dionysio

321 2709 682 2786 Areopagitas
729 2708 1052 2784 vindicant,
1088 2729 1206 2770 non
1259 2713 1430 2790 pauci
1493 2711 1628 2773 huic
1688 2716 1951 2792 opinioni

324 2799 791 2877 subscripserint.
829 2798 1124 2860 Caeterum
1147 2819 1280 2861 cum
1315 2809 1549 2862 tempus
1581 2803 1952 2883 Dionysianre

317 2887 529 2948 mortis
557 2906 647 2967 ea,
680 2907 809 2968 quae
840 2908 1078 2950 omnem
1135 2892 1296 2951 tollat
1345 2892 1770 2972 ditiicultatem,
1825 2893 1951 2954 evi-

311 2977 511 3037 dentia
539 2978 934 3040 demonstrari
983 2988 1262 3060 nequeat,
1299 2999 1370 3041 eo
1403 2991 1567 3041 certe
1599 2990 1949 3060 argumento

309 3084 428 3126 non
460 3067 846 3128 revincentur
877 3086 1085 3129 omnes
1117 3070 1667 3150 Areopagit‘corum
1700 3072 1908 3132 animi.

2037 1911 2322 1984 edidisse,
2357 1912 2461 1974 sed
2498 1931 2565 1974 ea
2597 1913 2973 1992 postmodum
3008 1911 3080 1972 ab
3113 1911 3240 1992 ipso
3274 1915 3330 1970 in
3383 1908 3568 1970 Gallis
3601 1909 3680 1968 ita

2037 2003 2346 2079 recognita
2365 2009 2540 2082 atque
2572 2008 2910 2080 retractata,
2938 2012 3003 2060 ut
3034 2001 3104 2060 iis
3134 2019 3202 2061 es
3227 1997 3470 2061 Joannis
3492 1998 3685 2059 Evan-

2038 2090 2193 2168 gelio
2219 2098 2277 2149 et
2301 2089 2650 2170 Apoi-alypsi
2681 2098 2859 2168 atque
2891 2109 2957 2151 ex
2995 2088 3201 2168 lgnatii
3233 2088 3480 2168 epistola
3515 2086 3684 2165 plura

2041 2179 2383 2239 testimonia
2405 2179 2722 2240 addiderit.
2755 2179 2969 2240 Verum
3004 2179 3063 2239 id
3089 2179 3269 2256 gratis
3295 2175 3538 2236 omnino
3559 2175 3681 2235 ﬁn-

2038 2269 2215 2346 gitur.
2246 2267 2388 2329 Nam
2415 2268 2462 2328 si
2497 2287 2676 2349 opera
2700 2268 2961 2348 Dionysii
2994 2268 3066 2329 ah
3095 2286 3165 2328 eo
3187 2267 3247 2327 in
3279 2265 3488 2328 Galliis
3518 2264 3674 2324 tuis-

2038 2368 2173 2417 sent
2202 2374 2432 2428 recusa,
2469 2356 2568 2417 ille
2602 2358 2804 2436 procul
2839 2356 3018 2417 dubio
3052 2357 3111 2416 in
3147 2354 3344 2433 populi
3385 2352 3476 2413 sui
3521 2351 3674 2413 alio-

2037 2465 2290 2526 rumque
2313 2446 2586 2508 sol'atium
2615 2455 2881 2508 curasset
2907 2463 2976 2506 ea
3007 2446 3066 2505 in
3102 2443 3362 2504 Latinam
3412 2443 3670 2518 linguam

2037 2538 2183 2596 verti
2218 2546 2274 2596 et
2307 2536 2620 2615 publicari,
2654 2543 2830 2616 atque
2863 2535 3097 2614 plurimi
3133 2531 3480 2594 earumdem
3509 2529 3672 2610 Ope-

2035 2643 2164 2686 rum
2197 2627 2416 2686 inventi
2452 2626 2704 2688 fuissent
2737 2627 2794 2685 in
2829 2626 2899 2685 iis
2933 2624 3278 2700 regionibus
3310 2629 3367 2681 et
3390 2619 3597 2682 Latina
3619 2627 3677 2680 et

2035 2716 2241 2776 Graeca
2279 2734 2458 2776 manu
2496 2714 2714 2776 exarati
2749 2713 3008 2776 codices.
3035 2711 3197 2776 Nulli
3222 2720 3419 2796 tamen
3449 2709 3532 2769 ibi
3564 2726 3676 2768 un-

2035 2823 2212 2884 quam
2246 2805 2465 2886 reperti
2499 2810 2642 2866 snnt
2667 2825 2679 2866 :
2702 2803 2803 2864 sed
2841 2803 3067 2882 priores
3094 2821 3158 2862 ex
3193 2799 3434 2862 Oriente
3465 2816 3676 2876 aspor-

2036 2893 2162 2972 tati,
2219 2897 2422 2956 Graece
2476 2893 2680 2974 scripti
2724 2900 2932 2967 erant;
2988 2910 3098 2952 nec
3148 2889 3418 2952 Latinam
3470 2905 3675 2948 eorum

2035 2984 2392 3056 versionem,
2415 3002 2482 3044 ea
2519 3002 2648 3063 quae
2679 3002 2710 3043 a
2740 2982 2970 3044 Joanne
3001 2981 3178 3043 Scoto
3204 2979 3365 3041 edita
3395 2984 3505 3048 est,
3532 2975 3679 3036 anti-

2036 3071 2310 3150 quiorirm
2348 3071 2659 3133 habemus.
2699 3070 2932 3133 Deinde
2961 3070 3157 3131 nullus
3194 3085 3451 3148 unquam
3485 3063 3680 3143 Opera

387 3158 765 3236 Quapropter
787 3175 896 3218 nec
925 3158 1081 3238 apud
1115 3177 1218 3219 eos
1250 3162 1380 3240 plus
1406 3159 1625 3221 valebit
1656 3169 1712 3222 et
1741 3161 1853 3223 alia
1877 3163 1956 3222 si-
1977 3204 2015 3254 ε
2040 3178 2144 3220 sua
2174 3168 2496 3234 recensuit,
2551 3180 2618 3221 ar.
2673 3161 2731 3221 in
2786 3178 2991 3220 eorum
3048 3157 3468 3254 recognitione.
3498 3153 3680 3254 .plul‘a

306 3246 467 3304 milis
504 3252 962 3324 argumentatio,
999 3247 1138 3307 inde
1172 3249 1349 3326 petita
1382 3251 1537 3329 quod
1574 3257 1632 3310 in
1659 3251 1948 3312 l;brorum
1977 3243 2258 3329 “adjecit
2313 3269 2477 3324 nova,
2533 3251 2673 3331 quin
2728 3251 2803 3311 de
2863 3249 2955 3310 his
3006 3249 3257 3308 lectores
3294 3243 3510 3306 alicubi
3544 3261 3678 3303 mo-

307 3336 848 3414 manuscriptorum
875 3339 1141 3398 omnium
1169 3338 1356 3398 titulis
1376 3351 1583 3401 auctor
1607 3349 1807 3401 noster
1825 3346 1957 3417 epi-

305 3443 524 3504 sc0pus
546 3425 933 3487 Atheniensis
955 3425 1336 3489 inscribatur.
1366 3430 1573 3508 Neque
1605 3430 1760 3490 enim
1795 3430 1954 3492 ullus

306 3524 470 3576 certa
495 3515 739 3576 omnino
767 3533 836 3576 ac
855 3515 1029 3594 plane
1051 3516 1307 3577 evidenti
1331 3518 1680 3596 probatione
1704 3518 1955 3580 demon-

307 3608 518 3664 stravit
550 3604 817 3683 quandiu
858 3604 1171 3684 Dionysins
1221 3606 1644 3668 Atheniensem
1703 3610 1958 3670 tenuerit

2039 3343 2237 3400 atterit
2266 3359 2423 3401 suos.
2468 3338 2688 3402 Nullibi
2733 3345 2934 3401 tamen
2987 3337 3140 3418 apud
3196 3344 3497 3396 auctorem
3535 3352 3679 3393 nos-

2041 3437 2194 3488 trum
2251 3439 2483 3491 emant
2541 3429 2794 3507 hujusce
2845 3424 3277 3489 admonitionis
3318 3422 3560 3500 vestigia
3591 3421 3678 3482 vel

2042 3528 2219 3581 nota).

2125 3606 2229 3669 liis
2260 3608 2440 3683 igitur
2469 3606 2962 3687 responsionibus
2984 3605 3056 3666 ab
3087 3604 3220 3664 aliis
3251 3600 3681 3682 Areopagitica;

309 3695 744 3772 episcopatum,
764 3702 993 3770 autquo
1011 3703 1277 3773 tempore
1303 3696 1427 3756 sive
1453 3697 1956 3775 spontaneaahdi-
2041 3699 2339 3777 opinionis
2361 3697 2689 3757 fautoribus
2712 3696 2799 3757 vel
2822 3695 3038 3774 spretis
3058 3693 3151 3753 Vel
3175 3691 3436 3764 omissis,
3463 3690 3680 3750 audac-

315 3783 547 3844 catione
568 3788 695 3842 sive
719 3792 911 3844 morte
937 3802 1040 3843 sua
1073 3784 1235 3844 illum
1260 3785 1495 3846 tandem
1514 3786 1957 3862 reliqueritJn-
2041 3795 2130 3847 ter
2160 3788 2453 3847 allirmant
2501 3788 2671 3846 citata
2726 3784 3038 3860 lgnatianao
3085 3782 3351 3860 epistolae
3384 3777 3562 3840 verba
3605 3777 3678 3839 ab

322 3871 737 3948 certumigitur
760 3873 1188 3952 Areopagiticis
1213 3873 1512 3934 videbitur
1543 3894 1684 3934 num
1722 3875 1953 3956 Dyony-
2039 3876 2235 3956 aliquo
2268 3875 2563 3936 insciente
2609 3883 2668 3935 et
2712 3892 2911 3934 rerum
2948 3874 3148 3951 ignaro
3179 3869 3592 3948 imprudenter
3620 3877 3678 3930 et

321 3961 442 4020 sius
474 3975 600 4040 post
633 3962 824 4024 editos
845 3965 1121 4024 aJoanne
1148 3964 1534 4042 Apocalypsis
1564 3973 1621 4024 et
1651 3966 1954 4044 Evangelii
2037 3965 2242 4044 inepte
2274 3965 2329 4024 in
2385 3963 2647 4044 Dionysii
2696 3964 2921 4023 intrusa
2967 3972 3209 4023 textum.
3248 3957 3315 4018 Et
3343 3959 3400 4018 id
3436 3957 3676 4038 quidem

313 4049 497 4111 libros
521 4051 875 4112 Atheniensi
909 4053 1279 4130 episc0patui
1301 4053 1574 4113 nuntium
1617 4073 1732 4115 non
1766 4061 1951 4115 remi-
2039 4054 2307 4134 pluribus
2325 4054 2646 4115 momentis
2665 4052 3059 4113 demonstrari
3089 4067 3259 4126 posse
3289 4049 3678 4110 arbitrantur.

309 4140 482 4202 serit.
533 4142 672 4202 Haec
718 4147 912 4221 itaque
946 4141 1358 4221 probationum
1395 4144 1764 4204 lirmamenta
1798 4145 1951 4224 apud
2039 4142 2480 4222 Primurn,qnia
2507 4142 2654 4204 nihil
2677 4143 2746 4202 ad
2778 4141 3029 4222 Dionysii
3055 4150 3476 4219 argumentum
3506 4137 3680 4198 facie-

311 4247 417 4289 eos
451 4237 674 4289 tantum
710 4229 820 4289 vim
855 4229 1189 4309 habebunt,
1214 4237 1337 4310 qui,
1365 4231 1474 4291 soli
1501 4233 1735 4292 veritati
1768 4232 1952 4293 litan-
2039 4232 2136 4293 bat
2171 4233 2408 4312 praefata
2441 4234 2644 4312 lgnatii
2697 4233 3034 4293 auctoritas.
3095 4229 3409 4307 Dionysius
3455 4227 3676 4287 etenim

306 4327 425 4385 tes,
462 4317 1654 4398 illasDionysianrehistorizedifticultates,
1673 4321 1957 4402 sepositis
2039 4322 2118 4382 ibi
2152 4323 2360 4401 probat
2382 4341 2586 4384 vocem
2612 4323 2983 4401 ἔρωςβνηον,
3003 4319 3158 4399 apud
3183 4336 3384 4380 sacros
3405 4325 3680 4377 auctores

308 4407 562 4489 partium
588 4409 823 4487 studiis,
847 4407 1108 4470 enodare
1130 4409 1528 4471 conabuntur.
2039 4409 2100 4472 in
2136 4411 2349 4471 bonam
2389 4420 2611 4488 partem
2647 4409 2860 4489 accipi.
2897 4409 3070 4487 Atqui
3095 4408 3299 4468 eadem
3336 4425 3443 4467 vox
3480 4406 3539 4465 in
3571 4405 3680 4464 hac

942 4506 1188 4570 CAPUT
1234 4507 1333 4570 ΧΙ.
1976 4491 2014 4543 ἲ
2039 4499 2166 4578 ipsa
2203 4501 2403 4578 lgnatii
2437 4498 2686 4580 epistola
2711 4517 2816 4579 pro
2849 4496 3330 4577 concupiscentia
3352 4493 3678 4569 amoreque

317 4595 580 4658 Tertium
613 4606 1066 4676 argumentum,
1103 4616 1179 4658 cx
1231 4603 1416 4659 citata
1460 4599 1656 4659 sancti
1701 4600 1950 4678 Ignalii,

453 4681 712 4757 episcopi
743 4679 1125 4755 Amice/teni,
1160 4681 1522 4739 auctoritate
1549 4682 1827 4758 petitum.

390 4766 645 4830 Gravius
656 4786 798 4829 sane
817 4780 1018 4829 contra
1040 4767 1410 4846 Areopagitae
1426 4768 1774 4830 defensores
1788 4771 1951 4832 erui-

307 4865 406 4916 tur
427 4868 841 4935 argumentum
864 4877 929 4919 ex
947 4857 1195 4937 epistola
1219 4856 1446 4934 lgnatii,
1469 4858 1731 4939 episcopi
1749 4861 1954 4921 Antio-

309 4946 511 5016 cheni,
545 4945 618 5006 ad
652 4947 976 5008 Romanos.
1016 4964 1192 5026 quam
1226 4955 1433 5006 auctor
1477 4955 1683 5008 noster
1732 4946 1790 5007 in
1829 4950 1954 5011 haec

308 5035 487 5094 verba
519 5034 738 5096 citasse
771 5035 1117 5114 perhibetur
1165 5039 1218 5084 l8
1259 5053 1273 5096 :
1327 5037 1513 5114 Γράφει
1562 5035 1614 5092 δὲ
1642 5038 1726 5092 καὶ
1760 5039 1787 5093 ‘o
1815 5041 1951 5102 θεῖος

307 5123 586 5200 Ἰγνάτιος·
629 5145 657 5182 ι
690 5124 882 5198 Ὀἐμὸς
915 5125 1041 5202 ἔρως
1066 5125 1415 5196 ἐσταύρωται,
1446 5152 1472 5178 n
1501 5124 1725 5188 Scribit
1746 5134 1950 5188 autem

305 5219 363 5272 et
391 5213 570 5275 divus
605 5212 877 5289 Ignotius
913 5235 926 5276 :
965 5239 992 5269 α
1019 5217 1210 5276 Amor
1235 5232 1402 5275 meus
1422 5214 1754 5291 cruciﬁxus
1780 5224 1886 5276 est.
1917 5240 1943 5270 »

307 5299 412 5362 His
431 5309 628 5361 autem
665 5301 864 5362 verbis
895 5303 1171 5364 laudatur
1217 5302 1437 5380 aliquid
1467 5301 1540 5362 ab
1576 5304 1798 5380 lgnatio
1833 5322 1949 5364 non

306 5391 561 5470 dictum,
620 5391 725 5452 sed
776 5392 1060 5470 scriptum
1104 5411 1120 5463 ;
1174 5393 1329 5471 quod
1365 5390 1600 5471 nullibi,
1637 5392 1748 5452 nisi
1787 5391 1846 5452 in
1881 5411 1952 5454 ea

304 5497 484 5560 quam
498 5477 753 5542 ciamus
767 5481 1015 5561 epistola
1034 5481 1306 5543 invenire
1326 5491 1439 5544 est.
1466 5479 1655 5556 Atqui
1677 5484 1804 5544 haec
1827 5483 1951 5562 epi-

385 5665 439 5708 ¹8
464 5665 598 5731 Lib.
639 5665 725 5729 De
761 5667 962 5732 divin.
1002 5673 1264 5745 norum,
1297 5686 1426 5749 cap.
1462 5669 1522 5745 4,
1559 5675 1588 5747 ἕ
1638 5670 1736 5735 12.

2041 4589 2309 4650 terrestri
2345 4599 2680 4668 usurpatur.
2719 4587 3012 4656 Secundo,
3065 4586 3206 4664 quia
3258 4585 3368 4644 hac
3402 4584 3679 4662 pericope

2041 4686 2099 4738 et
2130 4679 2420 4740 sententia
2455 4676 2658 4756 lgnatii
2690 4679 2950 4755 dempta,
3008 4674 3222 4758 melius
3273 4673 3386 4732 sibi
3419 4672 3681 4732 cohznret.

2042 4767 2306 4846 Dionysii
2339 4769 2547 4828 oratio.
2585 4765 2804 4837 Tertio,
2843 4763 3248 4826 testiinonium
3294 4760 3436 4822 illud
3473 4759 3681 4838 lgnatii

2037 4855 2196 4916 inter
2229 4856 2423 4917 media
2453 4874 2640 4917 sacra:
2681 4854 3004 4933 Scriptura;
3035 4851 3373 4912 testimonia
3424 4850 3680 4910 absurde

2040 4947 2282 5006 omnino
2316 4946 2658 5006 collocatur.
2696 4946 2869 5007 Ccrte
2904 4940 3252 5023 prudentior
3284 4938 3601 5018 Dionysius
3626 4946 3683 4996 et

2039 5045 2172 5114 post
2203 5035 2402 5096 omnia
2446 5036 2657 5095 divinae
2705 5034 3026 5112 Scriptum
3084 5029 3450 5102 testimonia,
3499 5040 3680 5108 atque

2035 5127 2212 5186 etiam
2245 5135 2373 5204 post
2404 5125 2605 5186 allatas
2629 5142 2663 5183 a
2694 5141 2759 5184 se
2791 5123 3010 5182 ibidem
3059 5118 3370 5182 Hierothei
3407 5114 3675 5196 magistri

2032 5215 2126 5275 sui
2150 5216 2532 5276 auctoritates
2562 5215 2614 5272 ei
2645 5214 2835 5274 locum
2863 5211 3150 5272 dedisset.
3183 5209 3448 5288 Denique
3475 5206 3676 5286 perio-

2031 5304 2142 5365 dus
2166 5307 2458 5386 quaahanc
2485 5301 2698 5380 [gnatii
2724 5302 3076 5363 sententiam
3102 5296 3669 5386 antecedit,falsit_a-

2034 5403 2150 5456 tem
2179 5383 2442 5455 continet
2468 5392 2928 5474 putidissimam,
2955 5400 3012 5450 et
3032 5398 3280 5448 auctore
3306 5396 3418 5446 tam
3445 5383 3676 5474 erudito

2036 5499 2281 5564 prorsus
2304 5471 2636 5562 indignam.
2663 5480 2798 5542 Haec
2820 5489 3016 5542 autem
3043 5477 3328 5558 periodus
3362 5474 3453 5534 his
3479 5471 3676 5534 verbis
