4060 6214
369 305 437 374 31
1521 312 1584 376 S.
1632 308 2040 376 DIONYSIUS
2075 308 2579 373 AREOPAGITA.

3657 303 3733 368 32

363 442 698 524 concipitur
730 465 744 504 :
804 442 1002 508 Visum
1031 450 1115 508 est
1147 445 1504 528 quibusdam
1538 447 1769 511 nostris
1795 461 2010 510 sacra-
2031 450 2073 501 Α
2097 442 2242 506 toris
2272 443 2457 506 nostri
2489 441 2791 523 operibus,
2819 441 2942 504 dici
2970 439 3261 503 deberent
3287 447 3503 517 assuta,
3530 441 3722 522 iisque

355 551 497 597 rum
525 535 997 612 Scripturarum
1033 537 1480 600 tractatoribus
1511 556 1738 600 nomen
1788 537 2008 615 ἔρωτος,

355 627 617 701 amoris,
639 626 916 687 divinius
941 641 1096 704 esse,
1117 643 1299 705 quam
1321 644 1534 689 nomen
1555 628 1792 705 ἀγάπης,
1818 626 2010 688 dilec-

359 715 560 778 tionis.
593 715 667 776 At
705 715 839 794 hoc,
869 713 1166 794 inquiunt,
1212 715 1602 778 falsissimum
1637 723 1755 778 est.
1783 714 1929 777 Nam
1962 715 2012 776 si

363 822 581 866 nomen
604 807 854 873 amoris,
874 803 1092 884 ἔρωτος,
1115 804 1376 866 divinius
1390 817 1546 868 esset
1563 824 1744 886 quam
1771 823 2008 866 nomem

360 893 721 965 dilectionis,
748 892 986 973 ἆγὶπης,
1023 895 1344 975 scriptores
1377 895 1529 956 sacri
1562 913 1632 956 eo
1668 895 1875 974 procul
1901 894 2010 955 du-

357 982 456 1044 bio
489 982 856 1063 frequentius
887 992 1216 1045 uterentur.
1246 985 1426 1064 Atqui
1461 1003 1569 1045 vox
1601 985 1733 1063 ἕρως
1755 984 1816 1044 in
1843 982 2002 1044 Novo

355 1071 756 1147 Testamento,
811 1073 910 1135 ubi
967 1091 1072 1134 vox
1123 1076 1308 1152 ἀγάπη
1345 1075 1476 1154 plus
1505 1091 1680 1154 quam
1715 1074 2000 1152 nonagies

358 1168 636 1240 occurrit,
670 1180 780 1223 nec
812 1162 996 1224 semel
1032 1162 1270 1242 quidem
1305 1163 1610 1244 reperitur
1647 1181 1662 1239 ;
1706 1163 1766 1224 in
1801 1162 2000 1224 Veteri

357 1258 553 1312 autem
585 1251 930 1314 creberrine
986 1253 1144 1328 legas
1199 1271 1401 1315 vocem
1460 1254 1704 1332 ἀγάπης,
1739 1251 1830 1314 bis
1860 1271 1998 1314 vero

357 1341 766 1402 tantummodo
812 1360 916 1402 vox
981 1341 1135 1421 ἔρως,
1199 1342 1256 1402 in
1313 1342 1773 1404 [’roverbiorum
1807 1341 1998 1422 libris,

356 1428 427 1490 ad
461 1447 724 1490 amorem
775 1429 1074 1509 impurum
1111 1438 1169 1492 et
1201 1431 1514 1510 profanum
1544 1431 1999 1510 significandum

358 1517 754 1580 adhibetur“)
774 1521 852 1580 9ει).
886 1518 1056 1583 Unde
1082 1521 1448 1582 concludunt
1475 1529 1532 1582 et
1567 1522 1825 1601 phrasim
1860 1539 2005 1600 prae-

362 1611 558 1682 fatam,
611 1620 791 1690 atque
841 1614 1026 1694 ipsam
1073 1612 1276 1692 lgnatii
1331 1614 1725 1694 sententiam,
1761 1613 1820 1675 in
1854 1614 2000 1676 Dio-

363 1701 510 1779 nysii
540 1701 722 1764 libros
753 1703 932 1765 fuisse
961 1721 992 1763 a
1026 1702 1283 1784 quodam
1330 1704 1484 1766 malo
1522 1705 1728 1766 feriato
1760 1704 2002 1767 homine

360 1790 642 1854 intrusas.

443 1879 557 1944 Sed
594 1881 746 1943 hanc
779 1882 1328 1963 Areopagiticorum
1355 1883 1728 1967 opinionem,
1761 1885 2010 1967 ejusque

365 1971 761 2052 firmamenta,
786 1969 925 2033 inde
954 1973 1660 2037 convelluntadvcrsarii.
1694 1979 1856 2054 quod
1885 1976 2012 2037 nul-

361 2060 454 2124 lus
487 2079 742 2141 unquam
787 2062 1058 2124 inventus
1091 2063 1168 2125 sit
1211 2063 1399 2125 codex
1434 2083 1609 2126 manu
1642 2074 1916 2128 exaratus
1947 2066 2008 2127 in

363 2170 477 2232 quo
509 2151 608 2213 illa
640 2149 846 2230 Ignatii
877 2152 1052 2214 verba
1077 2151 1138 2214 in
1177 2162 1335 2217 textu
1387 2153 1752 2234 Dionysiano
1797 2159 2006 2218 eadem

364 2258 542 2304 manu
568 2259 636 2303 ac
665 2249 877 2304 cmtera
909 2242 1107 2304 omnia
1142 2241 1439 2322 descripta
1467 2262 1586 2305 non
1613 2243 1882 2322 reperire
1909 2247 2004 2307 sit.

357 2331 515 2402 Quid
561 2331 771 2412 quod?
826 2332 899 2394 ab
954 2341 1199 2394 auctore
1252 2333 1475 2413 prologi
1523 2333 1912 2395 Homiliarum
1949 2333 2009 2395 in

364 2422 630 2497 Cantica,
663 2441 839 2502 quem
873 2423 1274 2503 Areopagitici
1304 2422 1628 2502 Origencm‘
1657 2442 1790 2486 esse
1819 2424 2008 2486 faten-

363 2521 479 2592 tur,
516 2513 640 2573 haec
686 2511 894 2574 eadem
947 2513 1126 2576 verba
1159 2532 1263 2594 pro
1323 2532 1460 2576 vere
1517 2513 1912 2595 Dionysiauis,
1948 2523 2011 2576 et

365 2601 574 2664 eodem
609 2608 784 2681 atque
815 2602 887 2664 ab
918 2611 1160 2665 auctore
1193 2613 1396 2665 nostro
1431 2621 1609 2664 sensu
1655 2605 1830 2664 citata
1858 2604 2010 2682 legi-

367 2708 518 2752 mus.
552 2689 710 2751 Nihil
743 2709 881 2769 ergo
913 2691 1200 2770 Origenes
1231 2693 1290 2754 in
1323 2693 1395 2753 iis
1438 2692 1664 2753 invenit
1699 2693 1856 2772 quod
1892 2711 2009 2754 non

366 2788 523 2842 esset
553 2779 780 2842 veritati
811 2799 1167 2857 consonum,
1202 2789 1366 2843 recto
1417 2780 1627 2842 ordine
1681 2781 2008 2862 digestum,

367 2878 426 2932 et
473 2869 545 2932 ad
606 2888 675 2932 ea
731 2889 866 2950 quae
925 2869 1238 2950 Dionysius
1301 2870 1645 2932 intendebat
1705 2870 2012 2950 probanda

364 2969 567 3041 aptum
599 2959 844 3022 omnino
875 2969 931 3023 et
961 2960 1351 3024 conveniens.

450 3051 636 3113 Porro
666 3059 862 3112 autem
917 3068 987 3112 ex
1029 3050 1140 3112 hoc
1171 3047 1449 3130 Origenis
1479 3069 1582 3112 seu
1617 3049 1874 3112 auctoris
1906 3049 2013 3111 ha-

2096 534 2296 609 iusita,
2352 543 2414 595 ut
2462 535 2588 596 haec
2619 531 2912 614 objecisse
2941 532 3381 614 AreOpagiticos
3409 531 3731 614 aliquando

2097 623 2430 705 paeniteret.

2152 714 2218 775 At
2236 763 2250 794 ,
2269 714 2562 794 inquiunt,
2586 712 2901 794 Dionysius
2927 733 3041 775 non
3071 720 3304 792 poterat
3329 711 3734 773 testimonium

2097 804 2305 883 lgnatii
2331 803 2463 865 allis
2503 823 2686 866 sacra:
2715 808 3032 884 Scriptura:
3065 801 3430 865 testimoniie
3477 801 3738 864 medium

2088 893 2455 974 interjicere;
2483 893 2590 955 sed
2625 893 2768 955 illud
2793 912 2923 967 suo,
2950 893 3009 955 id
3040 899 3130 955 est
3181 890 3417 972 ultimo,
3453 891 3746 971 posuisset

2089 985 2238 1046 loco.
2267 983 2388 1045 Nec
2423 985 2666 1062 majoris
2699 984 2982 1064 ponderis
3011 991 3102 1044 est
3133 983 3248 1044 ista
3274 980 3740 1061 argumentatio.

2088 1073 2232 1146 Quis
2263 1073 2420 1134 enim
2451 1071 2772 1152 scriptores
2799 1071 2888 1133 his
2914 1073 3295 1134 citandorum
3325 1071 3622 1132 librorum
3650 1071 3740 1132 le-

2083 1161 2254 1242 gibus
2287 1163 2365 1223 ita
2397 1163 2584 1224 teneri
2635 1161 2856 1234 credat,
2911 1171 2975 1222 ut
3019 1161 3092 1222 ab
3139 1161 3212 1222 iis
3261 1180 3375 1221 non
3413 1160 3587 1222 liceat
3620 1179 3735 1220 un-

2083 1271 2257 1334 quam
2285 1260 2688 1316 transversum
2724 1269 2980 1331 unguem
3007 1249 3497 1312 discedere?Hzec
3511 1249 3734 1330 quippe

2085 1342 2164 1403 ita
2194 1342 2243 1402 si
2276 1360 2339 1405 se
2359 1343 2672 1414 haberent,
2693 1350 2855 1422 quot,
2879 1341 3036 1402 bone
3071 1340 3228 1402 Deus
3256 1340 3269 1402 !
3306 1347 3588 1404 occurent
3612 1348 3735 1400 tes-

2089 1432 2328 1492 timonia
2351 1441 2610 1493 veterum
2643 1431 2704 1492 in
2739 1429 2913 1492 variis
2940 1429 3341 1510 posteriorum
3371 1428 3734 1508 scriptorum

2087 1522 2258 1583 libris
2287 1521 2358 1582 ab
2394 1521 2792 1584 inscientibus
2841 1530 2898 1582 et
2932 1519 3157 1598 ignaris
3193 1519 3606 1598 imprudenter
3639 1519 3737 1578 in-

2089 1620 2270 1692 trusa,
2305 1619 2364 1672 et
2390 1628 2459 1672 ex
2495 1612 2562 1673 iis
2601 1611 2894 1690 deinceps
2942 1609 3234 1670 delenda!
3285 1608 3441 1680 Quot
3487 1625 3740 1686 namque

2086 1701 2409 1781 scriptores
2459 1701 2533 1763 de
2564 1719 2673 1774 ea,
2722 1719 2855 1780 qua}
2895 1699 3057 1760 nunc
3090 1698 3490 1767 desideratur,
3525 1694 3744 1756 citandi

2030 1817 2068 1867 Β
2095 1790 2375 1853 methodo
2407 1809 2481 1852 ne
2513 1790 2921 1869 cogitaverunt
2952 1788 3191 1869 quidem
3218 1790 3242 1848 ?
3273 1787 3426 1858 Quot
3453 1786 3513 1846 in
3538 1802 3746 1847 eurum

2095 1881 2392 1962 Operibus
2420 1880 2713 1962 permista
2739 1878 3006 1958 reperies
3032 1878 3360 1958 Scripturae
3384 1875 3748 1955 Patrumque

2093 1980 2493 2059 antiquiorum
2530 1975 2925 2040 teSiimonia?

2175 2068 2380 2150 Neque
2400 2078 2526 2130 erat
2546 2087 2690 2130 sane
2711 2070 2862 2150 quod
2886 2065 3258 2130 fastidiosius
3280 2063 3618 2143 objicerent
3639 2080 3738 2143 pe-

2094 2160 2354 2238 riodum,
2408 2177 2540 2240 quae
2585 2159 2719 2220 huic
2755 2158 2962 2236 lgnatii
2995 2153 3312 2219 sententia:
3343 2152 3736 2234 praeponitur,

2091 2249 2408 2310 falsitatem
2437 2250 2745 2310 continere
2778 2247 3243 2328 putidissimam.
3267 2243 3491 2305 Etenim
3523 2260 3594 2304 eo
3619 2260 3738 2322 quo

2095 2337 2454 2400 enuntiatur
2475 2337 2678 2416 modo,
2712 2337 2856 2399 nihil
2890 2337 2950 2398 in
2981 2355 3052 2398 ea
3081 2334 3195 2396 nisi
3227 2331 3597 2394 verissimum
3625 2329 3739 2392 de-

2101 2426 2518 2510 prehenditur.
2553 2425 2692 2489 Ηωο
2721 2428 2942 2506 quippe
2973 2423 3274 2506 ipsissima
3295 2429 3542 2510 sunt,ut
3573 2438 3741 2500 supe-

2094 2509 2219 2578 rius
2253 2517 2474 2578 diclum
2508 2525 2619 2596 est,
2647 2517 2906 2578 auctoris
2937 2515 3118 2576 nostri
3151 2512 3329 2574 verba
3364 2533 3378 2572 :
3422 2509 3624 2572 Visum
3654 2516 3740 2572 est

2095 2606 2453 2688 quibusdam
2478 2608 2704 2668 nas-tris
2724 2623 3042 2669 sacrarum
3075 2604 3542 2683 Scripturorum
3566 2607 3738 2662 trac-

2096 2697 2390 2760 totoribus
2414 2713 2634 2757 nomen
2657 2695 2880 2757 amoris
2909 2695 3185 2757 divinius
3229 2710 3350 2754 esse
3392 2707 3572 2769 quam
3601 2706 3678 2750 no
3695 2721 3728 2735 -

2096 2803 2236 2847 men
2270 2784 2637 2847 dilectionis.
2675 2783 3048 2860 Quibusdam
3082 2780 3250 2860 dixit,
3279 2799 3398 2842 non
3441 2776 3740 2841 omnibus.

2098 2876 2179 2938 At
2216 2875 2588 2954 quibusdam
2621 2874 2677 2936 id
2711 2875 2793 2935 ita
2821 2874 3005 2934 visum
3037 2871 3221 2933 fuisse
3255 2880 3369 2931 tam
3402 2875 3746 2931 constanter

2100 2963 2366 3043 putabat,
2404 2973 2466 3024 ut
2499 2964 2826 3044 scriptores
2855 2971 2913 3023 et
2943 2962 3182 3042 scripta,
3219 2960 3316 3022 ubi
3357 2958 3414 3018 id
3463 2957 3740 3017 traditum

2101 3063 2212 3125 est,
2253 3053 2355 3114 ille
2389 3054 2673 3114 continuo
2707 3051 3080 3114 indicaverit.
3140 3049 3211 3111 Et
3249 3057 3410 3110 certe
3462 3045 3563 3126 qui
3617 3047 3743 3107 haec

369 3156 500 3200 rum
536 3137 922 3200 Homiliarum
962 3138 1301 3200 testimonio
1324 3139 1439 3200 ruit
1463 3139 1717 3219 primum
1751 3139 2016 3218 Areopa-
2041 3146 2080 3196 C
2108 3143 2426 3222 objiciunt,
2461 3151 2518 3205 et
2547 3142 2657 3223 ipsi
2691 3143 2946 3204 fatentur
2994 3140 3139 3202 illud
3174 3156 3392 3200 nomen
3425 3136 3653 3199 amoris
3683 3136 3743 3196 in

370 3228 680 3307 giticorum
715 3239 1109 3290 momentum.
1143 3227 1374 3289 Putavit
1397 3229 1557 3291 enim
1589 3229 1716 3309 ille,
1741 3247 1807 3289 ac
1832 3229 2009 3290 etiam

369 3318 467 3380 alii
499 3327 629 3398 post
659 3337 794 3379 eum
820 3318 1253 3399 Areopagitici,
1291 3338 1509 3382 nomen
1529 3320 1662 3398 ἔρως
1689 3319 1762 3381 ab
1787 3317 2013 3398 lgnatio

367 3407 431 3470 in
463 3406 682 3469 bonam
716 3417 940 3489 partem
972 3408 1191 3489 accipi.
1248 3410 1449 3471 Potuit
1502 3427 1643 3488 ergo
1697 3414 1759 3472 et
1807 3415 2017 3470 auctor

371 3510 578 3560 noster
607 3500 668 3560 in
702 3499 909 3561 eadem
943 3517 1072 3563 csse
1124 3500 1430 3580 opinione,
1479 3510 1654 3582 atque
1703 3520 1776 3563 eo
1807 3517 2012 3563 sensu:

371 3607 551 3668 quem
587 3607 789 3651 verum
825 3589 1270 3670 genuinumque
1299 3608 1431 3652 esse
1467 3589 1727 3670 putabat,
1756 3593 1908 3650 hanc
1935 3591 2017 3650 ci-

375 3685 501 3739 tare
531 3676 736 3758 lgnatii
768 3679 1147 3740 sententiam.
1182 3681 1282 3759 At,
1319 3679 1581 3760 inquies,
1634 3679 1746 3740 hoc
1805 3679 2017 3740 falsum

373 3775 462 3828 est
492 3768 760 3830 omnino.
801 3769 1008 3830 Falsus
1039 3778 1128 3830 est
1161 3787 1322 3849 ergo,
1379 3769 1670 3849 inquient,
1703 3769 2018 3848 Origenes,

373 3856 510 3918 falsi
539 3867 678 3919 sunt
709 3866 768 3918 et
787 3858 908 3920 alii.
939 3856 1119 3918 Porro
1144 3857 1193 3919 si
1216 3857 1275 3918 in
1303 3859 1410 3918 hoc
1440 3877 1541 3920 eos
1576 3876 1810 3919 errasse
1844 3857 2021 3918 dixe-

370 3945 480 4020 ris,
515 3947 719 4026 quidni
752 3954 810 4008 et
838 3963 1040 4007 errare
1065 3947 1250 4026 potuit
1280 3945 1776 4026 Dionysianorum
1809 3953 2018 4009 auctor

382 4032 828 4113 Operum?lllos
843 4042 1036 4096 tamen
1061 4053 1179 4096 non
1202 4051 1434 4098 errasse
1459 4037 1600 4098 hinc
1624 4055 1738 4096 non
1761 4035 2019 4097 absurde

376 4122 688 4202 conjicias,
723 4123 878 4206 quod
913 4141 1132 4186 nomen
1176 4125 1306 4204 ἔρως
1361 4124 1423 4186 in
1472 4123 1546 4186 iis
1587 4144 1717 4206 quae
1765 4127 2020 4185 citantur

379 4213 588 4293 Ignatii
608 4214 827 4288 verbis,
851 4231 954 4294 pro
977 4231 1182 4276 amore
1204 4214 1492 4294 spirituali
1520 4227 1581 4277 et
1609 4215 1806 4276 divino
1836 4214 2021 4294 possit

383 4304 679 4384 usurpari,
714 4302 979 4384 quamvis
1028 4303 1088 4364 in
1140 4303 1664 4385 subsequentibus,
1714 4323 1850 4384 quae
1881 4303 2020 4365 inde

382 4402 589 4456 auctor
609 4404 812 4457 noster
837 4392 1054 4474 intulit,
1086 4413 1190 4475 pzo
1214 4397 1498 4456 exstincto
1525 4393 2023 4474 concupiscentia:

382 4485 518 4564 igne
548 4484 890 4563 accipiatur.

465 4574 630 4647 Quod
655 4584 854 4636 autem
881 4572 1180 4654 objicitur,
1201 4574 1310 4638 hac
1337 4571 1578 4654 periodo
1596 4572 1862 4654 dempta,
1891 4573 2020 4636 Dio-

385 4663 686 4745 nysianam
720 4662 1056 4724 orationem
1105 4663 1319 4725 melius
1371 4662 1484 4723 sibi
1533 4662 1860 4742 cohaerere,
1898 4663 2025 4724 leve

386 4753 632 4814 omnino
664 4761 752 4815 est
781 4753 1117 4833 nulliusque
1153 4751 1460 4815 momenti.
1489 4750 1650 4814 Idem
1666 4752 1886 4833 quippe
1907 4752 2024 4814 dici

391 4842 683 4924 possetde
705 4841 838 4902 aliis
864 4851 1173 4903 auctorum
1206 4841 1396 4913 libris,
1432 4839 1490 4902 in
1515 4839 1732 4920 quibus
1765 4841 1929 4921 plura
1951 4842 2023 4902 ad

389 4931 612 5012 aliquid
647 4930 1015 5012 probandum
1049 4941 1454 5010 congeruntur
1500 4930 1838 4992 testimonia
1867 4930 2026 4992 anti-

391 5021 693 5102 quiorum.
719 5019 848 5083 Uno
873 5021 1034 5082 enim
1056 5031 1114 5083 et
1145 5021 1333 5082 altero
1364 5019 1620 5091 sublato,
1651 5019 1866 5083 melius
1886 5039 2030 5100 quo-

392 5130 507 5192 que
528 5110 837 5189 scriptoris
863 5110 1048 5171 oratio
1079 5109 1191 5172 sibi
1217 5109 1520 5171 cohaerere
1555 5108 1910 5188 plerumque
1937 5111 2028 5171 vi-

393 5196 653 5260 debitur.
687 5195 914 5259 Deinde
943 5197 992 5257 si
1027 5197 1261 5277 quoties
1310 5197 1506 5258 deleta
1555 5197 1749 5277 aliqua
1781 5199 2030 5277 periodo

395 5286 583 5351 oratio
610 5285 721 5348 sibi
757 5287 970 5348 melius
1001 5287 1306 5348 cohaerere
1331 5295 1630 5362 censetur,
1665 5287 1842 5349 toties
1872 5307 2000 5350 cam

394 5377 530 5440 dem
564 5376 872 5458 periodum
905 5377 1086 5438 textui
1115 5375 1373 5438 auctoris
1404 5374 1628 5438 dixeris
1662 5395 1789 5438 essc
1821 5378 2031 5459 adjec-

398 5473 643 5545 tam,tot
667 5466 732 5527 in
766 5464 1053 5530 Ecclesiae
1084 5466 1322 5529 Patrum
1350 5473 1528 5548 atque
1560 5465 1620 5527 in
1655 5466 1860 5548 primis
1891 5487 2031 5533 auc-

479 5636 554 5714 19,
585 5635 640 5680 3°
668 5638 838 5702 Prov.
872 5654 971 5714 vit,
1007 5639 1082 5699 18
1111 5641 1170 5698 et
1193 5651 1332 5716 xxx,
1369 5635 1467 5697 16.

2095 3233 2228 3294 aliis
2259 3250 2434 3311 quam
2471 3231 2544 3292 iis
2573 3231 2675 3308 qui
2699 3231 2770 3292 ab
2804 3240 3046 3292 auctore
3083 3239 3284 3291 nostro
3317 3228 3609 3299 citantur,
3641 3224 3742 3286 in-

2097 3321 2284 3384 veniri
2317 3319 2637 3403 Scripturaa
2666 3338 2852 3382 sacrae
2895 3320 3094 3383 libris.

2728 3417 2970 3482 CAPUT
3014 3416 3126 3482 XII

2103 3511 2396 3588 Quartum
2414 3517 2860 3589 argumentum,
2877 3526 2951 3569 ex
2981 3511 3246 3568 aliorum
3268 3503 3548 3589 operibus
3572 3509 3746 3580 atque

2125 3585 2518 3672 opinionibus
2544 3593 2620 3651 ab
2640 3600 2891 3652 auctore
2919 3596 3122 3650 nostro
3149 3588 3351 3649 citatis
3372 3585 3717 3647 deductum.

2184 3683 2394 3761 Ncque
2445 3697 2621 3759 purro
2691 3680 2817 3740 sola
2871 3678 2944 3739 ab
3004 3685 3245 3738 auctore
3307 3682 3507 3735 nostro
3563 3672 3749 3761 citata

2109 3760 2316 3850 lguatii
2356 3769 2697 3849 auctoritas,
2739 3767 2844 3829 sed
2889 3768 3068 3829 etiam
3101 3763 3540 3839 Bartholomazi,
3571 3760 3748 3840 Justi,

2109 3873 2165 3923 et
2196 3858 2526 3932 Hierotbei,
2555 3864 2937 3938 praeceptoris
2961 3857 3076 3937 sui,
3105 3855 3330 3937 prolata
3353 3853 3425 3917 ab
3450 3853 3548 3914 illo
3583 3850 3750 3913 testi-

2109 3956 2327 4024 monia,
2364 3950 2557 4027 ipsum
2593 3949 2929 4029 Dionysium
2969 3943 3391 4023 AreOpagitam
3445 3960 3564 4003 non
3621 3957 3754 4002 esse

2105 4041 2278 4121 plane
2299 4039 2707 4100 demonstrare
2739 4032 3309 4115 AntiareOpagiticis
3335 4029 3749 4121 videntur.\le-

2104 4115 2234 4191 rum
2286 4129 2595 4190 enimvero
2644 4127 2886 4188 ubinam
2945 4123 3208 4203 gentium
3257 4121 3610 4183 exstiterunt
3639 4115 3752 4178 ali-

2103 4218 2476 4300 quandoilla,
2502 4235 2634 4294 qua:
2658 4216 2758 4277 ille
2780 4215 2942 4290 citat,
2977 4221 3272 4275 tantorum
3319 4209 3576 4270 virorum
3609 4205 3755 4286 Ope-

2104 4307 2198 4371 ra?
2227 4308 2368 4381 Quis
2419 4327 2488 4369 ea
2543 4325 2801 4387 unquam
2833 4312 3048 4383 praeter
3076 4303 3234 4365 hunc
3265 4307 3572 4387 auctorem
3607 4312 3751 4387 nos-

2108 4407 2261 4458 trum
2295 4395 2566 4457 laudasse
2600 4383 2978 4476 perhibetur?
3012 4389 3317 4464 Quomodo
3373 4406 3445 4449 ea
3489 4383 3752 4458 Eusebii,

2107 4485 2538 4548 accuratissimi
2561 4482 3113 4565 antiquissimorum
3149 4477 3502 4558 scriptorum
3530 4478 3755 4536 scruta-

2109 4578 2278 4655 toris,
2309 4577 2682 4656 aliorumque
2713 4574 2980 4634 omnium
3015 4569 3384 4648 diligentiam
3419 4565 3751 4656 fugerunt?

2109 4652 2383 4744 Nunquid
2419 4652 2891 4743 uniusapostoli,
2920 4659 3250 4722 etduorum
3287 4652 3753 4744 apostolicorum

2109 4739 2416 4816 hominum
2467 4739 2713 4830 scripta,
2742 4761 2856 4813 tam
2883 4755 2998 4812 cito
3024 4747 3354 4828 perierunt,
3381 4751 3444 4802 ut
3465 4739 3630 4830 nulla
3646 4757 3754 4830 eo:

2108 4863 2239 4905 rum
2269 4840 2552 4924 nisiapud
2577 4825 2884 4902 auctorem
2907 4825 3171 4900 nostrum
3199 4832 3418 4897 mentio
3444 4825 3756 4924 habeatur?

2109 4934 2280 4996 Certe
2311 4918 2638 5010 llierothvi,
2669 4930 2769 5012 qui
2793 4927 3057 5009 Dionysii
3079 4926 3448 5017 Areopagitae
3479 4918 3756 5017 magister

2117 5031 2179 5085 et
2210 5022 2376 5085 Pauli
2409 5021 2663 5103 apostoli
2692 5011 3030 5098 discipulus
3080 5015 3264 5077 fuisse
3307 5011 3548 5103 dicitur,
3577 5011 3758 5103 cujus

2114 5114 2302 5195 pietas
2332 5120 2387 5173 et
2417 5095 2696 5172 doctrina
2747 5095 2997 5170 summis
3041 5103 3410 5196 extolluntur
3455 5095 3758 5196 laudibus,

2115 5186 2284 5276 ianti,
2345 5200 2656 5277 inquiunt,
2719 5197 2829 5259 viri
2899 5213 3085 5276 Opera
3143 5192 3343 5284 omnia
3390 5206 3426 5250 a
3482 5186 3762 5284 Dionysio

2114 5291 2318 5352 saltem
2346 5300 2404 5352 ct
2434 5288 2749 5352 Timotheo
2785 5283 3100 5367 publicari,
3142 5291 3200 5344 et
3233 5281 3309 5342 de
3341 5295 3547 5372 eorum
3572 5281 3766 5372 mani-

2115 5381 2228 5443 bus
2272 5383 2332 5443 in
2363 5378 2836 5444 Christianorum
2871 5375 3140 5438 omnium
3173 5386 3406 5464 manus
3413 5370 3640 5464 venire,
3679 5370 3763 5442 ip-

2116 5471 2318 5554 sisque
2348 5486 2584 5535 summo
2617 5485 2750 5532 esse
2781 5468 2842 5529 in
2877 5465 3089 5548 pretio,
3138 5481 3206 5529 ac
3257 5461 3322 5523 in
3363 5455 3764 5521 Ecclesiarum
