4060 6214
305 254 381 331 3'3
1703 243 2290 327 pnoLEGOMEN‘A.
3599 265 3674 338 34

299 404 573 481 scriniis,
599 410 653 467 et
677 404 1095 485 episcoporum
1120 397 1506 462 bibliothecis
1526 397 1816 460 asservari
1841 396 1950 457 de-
1973 402 2009 453 Α
2033 402 2271 476 runt,ut
2290 395 2515 458 nullum
2546 415 2750 460 eorum
2778 396 3072 464 exstiterit
3095 401 3560 482 vestigiumﬁed
3587 406 3676 470 his

299 493 546 556 hebant.
603 495 721 556 Cur
750 511 890 572 ergo
940 491 1119 571 hujus
1182 489 1425 564 summi,
1459 487 1592 568 viri,
1633 489 1729 566 qui
1781 487 1951 564 μὲγᾶς
2037 503 2244 565 parum
2297 487 2438 546 moti
2468 504 2675 549 eorum
2725 488 3076 572 adversarii,
3109 503 3362 571 arguunt
3393 494 3466 556 de
3497 494 3676 560 rebus

295 585 447 650 ﬁ‘uo;
479 583 841 666 appellatur,
874 583 1072 660 Opera
1127 580 1304 641 tantis
1358 578 1622 640 tenebris
1675 585 1953 666 tantaque
2038 575 2281 654 quidem
2307 595 2446 666 qua;
2495 578 2565 638 ad
2617 579 2755 640 ﬁdei
2787 578 3115 642 doctrinam
3152 585 3469 661 pertinent,
3499 585 3681 646 fuisse

295 672 600 735 oblivione
656 672 866 736 obruta
920 679 1080 752 sunt,
1115 676 1179 730 ut
1211 669 1441 731 nullum
1491 686 1694 730 eorum
1730 666 1843 727 nisi
1893 665 1953 726 in
2039 683 2280 746 semper
2303 665 2360 754 in
2393 665 2656 729 Ecclesia
2684 667 2755 730 ab
2789 671 3080 733 haereticis
3126 672 3373 751 agitatas
3399 676 3678 754 quaestio-

295 763 556 824 auctoris
591 763 782 825 nostri
814 761 1056 841 scriptis
1105 759 1415 836 vestigium
1449 756 1759 837 supersit?
1804 755 1954 828 Quid
2042 772 2150 816 nes
2178 777 2193 832 ;
2224 763 2280 816 at
2312 753 2386 816 de
2417 755 2598 818 rebus
2628 775 2757 837 qum
2812 760 2966 821 inter
2994 762 3295 841 apostolos
3325 753 3560 842 publice
3592 766 3680 826 ri-

301 853 458 933 quod
491 862 550 914 et
583 853 715 932 ipsa
746 849 1059 914 Hierothei
1095 847 1435 910 testimonia
1487 866 1605 908 non
1638 846 1754 907 alio
1782 863 1956 926 quam

302 943 565 1004 auctoris
601 942 794 1002 nostri
829 940 975 1020 stylo
998 947 1232 1000 exarata
1260 936 1570 997 videntur?
1597 937 1762 998 Idem
1797 935 1956 997 enim

296 1030 356 1092 in
413 1031 693 1112 utrisque
739 1040 800 1091 et
859 1029 1162 1107 ingenium
1226 1035 1286 1087 et
1329 1026 1570 1098 locutio,
1626 1034 1960 1102 coeteraque

296 1121 493 1182 omnia
550 1119 670 1181 sibi
704 1118 879 1200 plane
909 1117 1127 1180 similia
1171 1115 1504 1195 legentibus
1536 1116 1726 1195 prima
1757 1114 1948 1175 fronte

295 1218 644 1271 occurrunt.
677 1208 758 1270 Ex
792 1207 1007 1290 quibus
1039 1225 1156 1268 non
1194 1205 1506 1267 temeraria
1540 1222 1779 1284 prorsus
1811 1222 1946 1265 con-

285 1299 520 1379 jectura
583 1299 838 1380 capitur,
870 1297 1057 1359 libros
1112 1293 1419 1357 Hierothei
1473 1312 1798 1374 nunquam,
1833 1292 1948 1354 nisi

294 1387 683 1468 Dionysianis
721 1389 780 1448 in
829 1383 1368 1464 lucubrationibus,
1401 1383 1591 1445 editos
1622 1384 1682 1443 in
1731 1383 1952 1447 lucem.

370 1479 461 1542 Ad
511 1477 646 1538 haec
674 1495 837 1553 vero,
871 1483 1066 1537 auctor
1132 1483 1335 1534 noster
1369 1492 1488 1534 non
1535 1473 1728 1533 solum
1789 1471 1958 1553 plura

294 1567 739 1646 incognitorum
774 1564 1083 1628 hominum
1123 1563 1397 1644 producit
1449 1561 1815 1636 testimonia,
1850 1563 1954 1624 sed

295 1657 481 1719 varias
517 1656 1059 1720 etiam‘doctorum
1086 1653 1398 1715 hominum
1432 1651 1845 1732 opinionesita
1870 1669 1959 1712 re-

2045 851 2226 923 tuque
2259 845 2508 906 solemni
2535 855 2784 927 peractae
2800 856 2958 922 sunt,
2985 869 3248 930 quasque
3277 870 3484 914 omnes
3501 853 3574 914 ab
3596 855 3682 915 eis

2042 951 2371 1015 eorumque
2422 936 2599 998 sociis
2631 944 2903 1016 poterant
2954 938 3127 1001 facile
3157 939 3419 1021 edoceri,
3453 943 3677 1005 nullam

2044 1022 2120 1084 de
2151 1041 2266 1103 qua
2293 1024 2352 1084 in
2378 1025 2615 1105 scriptis
2637 1024 3231 1107 disputareturmasci
3266 1031 3530 1109 potuisse
3552 1033 3678 1095 dis-

2048 1113 2416 1175 sensionem.
2449 1118 2630 1176 Porro
2659 1114 2852 1196 Opera
2895 1115 3224 1191 IIierothei,
3253 1138 3320 1180 ac
3363 1120 3681 1184 Bartholo-

2042 1201 2202 1277 mtei,
2241 1212 2298 1264 et
2351 1205 2529 1279 iusti,
2565 1223 2682 1266 non
2717 1215 3038 1284 potuerunt
3096 1215 3253 1268 tanta
3282 1206 3557 1272 facilitate
3611 1231 3680 1274 ac

2041 1291 2290 1352 aliorum
2342 1292 2783 1355 lucubrationes
2811 1294 3110 1357 oblivione
3163 1305 3450 1378 perpetua
3479 1299 3676 1364 obrui.

2040 1381 2283 1442 Constat
2311 1382 2530 1463 quippe
2554 1401 2645 1458 ea,
2681 1383 2730 1444 si
2787 1383 3062 1465 Dionysio
3095 1385 3430 1463 credamus,
3458 1388 3516 1450 in
3550 1391 3679 1470 ejus

2039 1490 2106 1532 ai:
2138 1470 2479 1533 Thimothei
2504 1491 2712 1534 manus
2739 1472 2994 1536 venisse:
3027 1474 3400 1538 necdubium
3427 1486 3512 1540 est
3537 1480 3678 1559 quin

2039 1560 2141 1621 illa
2197 1579 2329 1622 cum
2390 1561 2688 1641 plurimis,
2724 1582 2757 1625 a
2812 1564 3026 1646 quibus
3083 1582 3317 1627 summa
3357 1585 3499 1630 cura
3527 1588 3679 1631 con-

2040 1651 2265 1712 servari
2335 1650 2688 1730 debuerunt,
2739 1653 3083 1716 censuerint
3146 1672 3277 1717 esse
3335 1661 3676 1722 communi-

295 1748 425 1820 lert,
455 1755 524 1808 ut
550 1747 629 1807 iis
659 1743 1078 1807 tantummodo
1114 1761 1259 1824 quas
1292 1760 1432 1803 vero
1477 1741 1792 1822 propiores
1823 1759 1955 1802 esse
1981 1771 2016 1820 Β
2040 1740 2252 1814 cauda,

298 1835 702 1912 existimabat,
738 1853 803 1896 se
853 1834 1165 1895 adhaerere
1197 1839 1466 1894 testetur.
1518 1829 1628 1893 Ubi
1661 1830 1817 1891 enim
1881 1829 1956 1892 de

298 1924 616 2004 Seraphim
642 1923 800 2005 quod
829 1924 898 1984 ad
927 1923 1136 1984 Isaiam
1171 1923 1416 1983 missum
1446 1930 1558 1996 est,
1582 1920 1821 1982 dISSt’I‘ll
1851 1919 1902 1969 9‘
1937 1941 1950 1982 :

299 2013 621 2093 Nonnulli,
643 2013 1043 2094 inquitjuztu
1063 2013 1444 2092 assignatam
1467 2011 1540 2072 de
1561 2011 1828 2072 omnium
1862 2011 1958 2072 in-

304 2103 789 2182 telligentiarum
815 2102 1227 2164 communione
1242 2101 1643 2178 deﬁnitionem
1673 2101 1952 2162 aiunt....

306 2191 450 2248 Alius
479 2191 618 2248 item
661 2189 814 2247 haud
851 2190 1136 2246 admodum
1165 2188 1521 2260 incongruam
1553 2188 1692 2244 mihi
1727 2185 1959 2244 tradidi!

309 2283 681 2344 solutionem.
729 2281 945 2343 Aiebat
987 2282 1174 2360 enim,
1204 2288 1317 2341 etc.
1353 2278 1510 2340 Etde
1541 2280 1758 2358 hymno
1779 2279 1955 2357 quiin

317 2373 486 2432 missa
500 2371 768 2433 ﬁdelium
784 2367 1140 2432 cantabatur
1158 2368 1235 2430 εῖτ
1263 2369 1436 2430 Hunc
1451 2377 1647 2429 autem
1663 2372 1956 2444 hymnum

317 2462 417 2522 alii
442 2462 640 2523 laudis
657 2460 1108 2529 canticum,alii
1139 2459 1460 2538 religionis
1479 2458 1741 2537 symbolo
1757 2457 1957 2534 ηιμ]Ιῆ

321 2551 724 2631 denique,mea
750 2551 995 2630 quidem
1021 2547 1782 2622 sentemia,/1ierarchicam
1828 2547 1952 2607 Eu-

331 2639 814 2718 charistiam,etc.
835 2641 907 2700 Et
931 2639 1004 2698 de
1027 2637 1491 2716 Seraphinorum
1525 2637 1632 2696 alis
1649 2635 1729 2698 S"5:
1756 2634 1950 2697 Sanus

330 2726 897 2808 alas,quusE/oquia
913 2733 1528 2804 conmtemarant,nan
1551 2728 1832 2787 existimo
1857 2743 1952 2787 sa-

322 2833 482 2879 crum
496 2836 805 2880 numerum
825 2818 1216 2890 deuotare,ut
1231 2815 1581 2894 quibusdam
1598 2815 1955 2893 placuit,scd

315 2908 468 2984 ipsas
519 2910 804 2970 virtutes.
847 2906 1137 2986 Denique,
1175 2915 1236 2965 ut
1283 2913 1494 2964 caetera
1527 2912 1848 2977 taceamus,
1883 2903 1958 2965 de

317 2995 598 3059 electione
633 2997 825 3059 sancti
855 2995 1120 3056 Matthiae
1143 2996 1268 3056 haec
1301 2992 1478 3054 habet
1515 3013 1527 3056 :
1567 2994 1717 3055 Cum
1752 3000 1953 3056 autem

313 3086 606 3149 dedivina
629 3086 738 3148 illa
764 3096 928 3148 sorte
949 3103 1082 3164 quae
1112 3085 1614 3175 diuinitatiszIpet'
1633 3083 1955 3145 Matthiam
1977 3123 2018 3175 ε

315 3176 616 3253 cecidit,al
623 3178 669 3239 ii
681 3177 755 3238 ab
771 3175 916 3238 aliis
929 3192 1054 3237 meo
1069 3173 1308 3254 quidem
1319 3174 1551 3253 judicio
1565 3189 1681 3234 non
1695 3180 1852 3236 recte
1863 3175 1960 3236 dio

312 3282 472 3327 versa
492 3269 830 3338 senserint,
863 3282 1054 3328 meum
1081 3266 1215 3344 ipse
1231 3265 1595 3326 sententiam
1627 3279 1954 3342 exponam.

313 3355 378 3417 At
393 3374 524 3419 vero
553 3357 690 3438 quis
703 3356 944 3418 inducat
966 3355 1077 3417 sibi
1093 3357 1153 3415 in
1169 3353 1428 3415 animum
1444 3352 1786 3433 apostolicis
1800 3361 1960 3414 tem-

277 3451 282 3458 ’
318 3447 556 3526 poribus
612 3446 977 3509 Christianos
1008 3445 1288 3521 virosque
1334 3442 1690 3525 apostolicos
1733 3443 1790 3503 in
1839 3451 1954 3504 tam

316 3537 490 3598 varias
537 3537 709 3600 hisce
739 3536 814 3598 de
847 3535 1026 3598 rebus
1053 3533 1275 3596 abiisse
1307 3535 1622 3613 opiniones
1649 3532 1675 3593 Υ
1706 3531 1846 3604 Quis
1882 3533 1958 3595 de

316 3643 379 3686 eo
403 3645 512 3706 quo
537 3626 818 3690 Matthias
849 3626 910 3687 in
943 3624 1265 3706 proditoris
1291 3622 1460 3687 Iudae
1490 3623 1683 3684 locum
1717 3639 1956 3682 assum-

321 3721 443 3794 ptus
469 3726 564 3780 est
601 3715 802 3791 modo,
839 3716 1151 3796 divinaque
1182 3713 1314 3792 ejus
1343 3719 1504 3775 sorte
1548 3722 1605 3774 et
1640 3710 1952 3787 electione,

326 3811 525 3868 tantum
596 3806 755 3868 inter
815 3823 919 3867 eos
971 3802 1310 3883 dissidium,
1374 3809 1716 3882 tantamque
1773 3799 1956 3862 fuisse

323 3892 664 3958 discordiam
699 3893 1052 3958 crediderit?
1077 3891 1374 3974 Numquid
1399 3892 1798 3972 apostolorum
1823 3889 1954 3952 dis-

223 4034 229 4042 .
321 3984 484 4064 cipuli
510 3985 592 4048 ab
622 3985 770 4066 ipsis
797 4004 916 4047 non
950 3981 1604 4062 didicerantquomodo
1638 3998 1710 4042 ea
1741 3979 1953 4041 electio

313 4073 449 4137 facta
464 4075 652 4138 fuerit
673 4075 703 4135 ‘?
734 4073 850 4139 Fac
881 4085 1079 4137 autem
1115 4073 1188 4135 de
1220 4091 1289 4134 ea
1311 4071 1461 4133 nihil
1485 4069 1557 4132 ab
1581 4076 1667 4131 eis
1704 4085 1956 4150 accepe-

312 4164 443 4240 rint,
480 4172 650 4229 certe
682 4165 719 4226 ii
763 4164 837 4226 ab
861 4164 992 4226 aliis
1019 4162 1419 4245 apostolorum
1456 4159 1656 4235 sociis,
1683 4167 1784 4220 aut
1814 4176 1956 4220 suc-

312 4255 671 4336 cessoribus,
708 4256 806 4336 qui
839 4254 1034 4316 adhuc
1093 4256 1154 4315 in
1186 4252 1330 4313 vivis
1365 4253 1558 4326 erant,
1597 4256 1825 4330 poterat
1853 4267 1953 4310 eo-

2642 1832 2885 1896 CAPUT
2930 1832 3078 1896 XIII.

2039 1920 2334 1996 Quintum
2394 1930 2841 2005 argumentum,
2904 1942 2979 1986 ea:
3047 1927 3256 1991 citatis
3311 1925 3386 1990 ab
3439 1934 3683 1994 auctore

2365 2021 2567 2074 nostro
2611 2013 3035 2079 traditionibus
3063 2019 3349 2095 petitum.

2119 2099 2293 2162 Aliud
2324 2109 2527 2162 contra
2559 2100 2818 2182 Dionysii
2851 2101 3112 2183 Operam
3153 2110 3483 2186 γνησιότητχ
3513 2127 3682 2190 argu-

2045 2199 2311 2251 mentum
2353 2191 2739 2270 suppeditant
2771 2193 3114 2256 traditiones
3158 2213 3304 2275 quas
3333 2195 3434 2258 ille
3466 2199 3537 2259 ab
3567 2217 3680 2261 an-

2042 2279 2202 2359 tiquo
2233 2289 2497 2360 tempore
2529 2280 2598 2341 ad
2632 2298 2796 2342 suam
2842 2289 3071 2345 tetatem
3105 2284 3393 2347 deductas
3435 2305 3568 2349 esse
3594 2296 3687 2352 te-

2040 2368 2445 2430 stiﬁcatur.De
2470 2367 2954 2448 baptizandorum
2991 2373 3149 2433 enim
3183 2374 3491 2436 infantium
3518 2397 3684 2440 more

2040 2457 2164 2518 haec
2184 2457 2640 2519 tradiditauctor
2656 2469 2858 2520 noster
2883 2460 2968 2520 εις
3009 2461 3142 2524 [Iac
3171 2464 3320 2525 dere
3349 2465 3412 2526 id
3443 2483 3683 2547 quoque

2031 2548 2474 2626 dicimus,quod
2485 2549 2807 2626 dei/“armes
2815 2557 3209 2631 praeceptores
3226 2555 3509 2618 nostriab
3528 2560 3685 2618 anti-

2033 2654 2150 2715 qua
2184 2640 2518 2700 traditione
2541 2639 2712 2701 nobis
2735 2645 3276 2721 transcripserunt.
3317 2647 3453 2722 Πρὸς
3479 2652 3573 2712 τῆς
3598 2648 3682 2726 ἀρ·

2037 2730 2196 2806 χκῐας
2231 2731 2487 2803 μαϐὸντες
2521 2728 2883 2808 παραδόσεως.
2919 2731 3009 2793 Ad
3043 2731 3100 2792 Id
3135 2741 3299 2794 certe
3340 2752 3374 2794 a
3407 2732 3682 2816 Dionysio

2038 2817 2397 2896 Areopagita
2427 2817 2545 2879 dici
2577 2836 2951 2899 nequaquam
2986 2822 3199 2901 potuit.

2121 2905 2293 2966 Enim
2320 2923 2463 2968 vero
2487 2908 2754 2987 quamvis
2779 2927 2906 2970 mos
2928 2909 3028 2970 ille
3056 2909 3129 2971 ab
3152 2913 3432 2993 apostolis
3460 2914 3684 2978 derive-

2042 3002 2159 3084 tur,
2191 2993 2472 3074 Dionysio
2507 3006 2704 3058 tamen
2735 2997 3112 3076 Areoliagitaa
3137 3002 3210 3061 ab
3235 3002 3475 3084 antiqua
3505 3003 3685 3066 tradi-

1992 3123 2017 3158 τ
2040 3082 2203 3144 tione
2229 3101 2344 3144 non
2371 3085 2752 3146 transmissus
2776 3093 2884 3148 est.
2916 3086 3076 3158 Quos
3100 3089 3254 3148 enim
3283 3082 3492 3153 illevir
3510 3109 3679 3152 sum-

2043 3190 2175 3233 mus
2214 3190 2248 3234 a
2271 3172 2446 3234 Paulo
2480 3174 2615 3234 ﬁdei
2650 3172 2965 3236 Chistiana:
2991 3176 3362 3256 dogmatibus
3393 3180 3677 3254 imbutus,

2043 3271 2442 3342 praeceptores
2493 3261 2715 3324 habere
2767 3264 2975 3343 potuit,
3013 3273 3112 3345 qui
3159 3267 3244 3329 illi
3290 3287 3516 3332 morem
3568 3269 3678 3332 ba-

2045 3352 2324 3486 ptizandi?
2353 3352 2609 3414 infantes
2639 3351 2712 3414 ab
2768 3353 3011 3434 antiqua
3043 3355 3360 3422 traditione
3402 3360 3680 3441 praescri-

2045 3450 2272 3486 nenrlnf
2985 3474 2993 3480 .

2042 3441 2274 3521 pserint
2299 3441 2324 3503 ?
2985 3474 2993 3480 -

2118 3528 2327 3622 I‘ieque
2356 3529 2583 3622 dixeris,
2609 3547 2811 3594 vocem
2853 3534 3079 3614 ἀρχαίαις
3112 3553 3230 3597 non
3269 3555 3375 3617 pro
3410 3538 3675 3622 antiqua,

2039 3618 2142 3680 sed
2178 3620 2366 3699 prima
2392 3619 2706 3682 traditione
2729 3622 3116 3700 signiﬁcanda
3135 3618 3677 3706 usurpatam.NulIo

2040 3707 2260 3788 quippe
2315 3727 2574 3789 unquam
2609 3711 2885 3790 exemplo
2947 3731 3156 3773 vocem
3204 3714 3435 3796 ἀρχαίας
3486 3718 3556 3778 ad
3615 3717 3678 3780 id

2039 3798 2222 3877 quod,
2245 3796 2599 3878 interposito
2618 3799 2878 3875 nemine,
2912 3800 2986 3861 ab
3007 3801 3204 3881 aliquo
3224 3811 3532 3884 acceptum
3557 3816 3672 3882 est,

2037 3887 2486 3966 signiﬁcandum
2515 3885 2682 3949 ullibi
2713 3889 2869 3969 apud
2895 3888 3131 3953 Graecos
3161 3892 3484 3973 scriptores
3511 3895 3679 3958 adhi-

2040 3975 2224 4038 bitam
2283 3976 2466 4038 fuisse
2515 3976 2879 4057 probabitur.
2941 3979 3082 4052 Quis
3134 3999 3274 4060 ergo
3332 3983 3674 4065 Dionysium

2038 4065 2454 4146 Areopagitam
2487 4067 2598 4128 hac
2621 4085 2762 4132 voce
2785 4076 2990 4130 contra
3022 4081 3322 4151 receptam
3367 4073 3440 4134 ab
3470 4075 3673 4135 omni-

2039 4154 2151 4218 bus
2182 4156 2341 4217 illius
2361 4156 2850 4235 signiﬁcationem
2881 4177 3054 4222 usum
3085 4177 3240 4236 esse,
3262 4162 3420 4223 nulla
3441 4164 3670 4226 ratione

2038 4247 2210 4309 allata
2241 4246 2374 4307 aliis
2402 4245 2572 4307 facile
2603 4245 3033 4328 persuadebit?

312 4361 432 4406 rum
469 4331 885 4427 unusquisque
914 4343 988 4406 de
1015 4361 1086 4405 ea
1117 4341 1414 4404 electione
1460 4340 1540 4400 ita
1569 4339 1794 4403 certior
1820 4337 1949 4400 ﬁeri
1970 4331 2017 4382 Β
2114 4334 2370 4415 Sedagc,
2393 4343 2451 4396 et
2487 4335 2793 4427 videamus
2830 4344 3023 4427 utrum
3048 4355 3118 4398 ea
3139 4339 3368 4402 veriora
3397 4341 3518 4404 sint
3539 4362 3671 4421 quae

311 4442 368 4493 ut
434 4437 638 4496 nullus
713 4442 872 4497 esset
941 4431 1334 4514 dissensionis
1407 4427 1947 4510 disputationisque

297 4521 492 4586 locus.

386 4613 792 4696 Areopagitici
815 4633 846 4676 e
873 4612 1174 4679 contrario
1206 4610 1463 4674 clamant
1491 4607 1712 4696 abipso
1737 4605 1950 4669 Eccle-

317 4702 412 4764 sia:
427 4689 725 4768 nascentis
743 4700 1340 4779 exordio,diabolicis
1355 4699 1582 4761 artibus
1596 4689 1775 4759 iniisse
1797 4696 1956 4757 inter

319 4793 702 4875 Christianos,
728 4802 793 4857 ut
834 4802 1083 4857 testatur
1111 4791 1357 4870 Paulus,
1385 4789 1646 4850 haereses
1679 4797 1741 4847 et
1787 4783 1953 4875 schi-

316 4893 518 4960 smata,
550 4874 845 4946 scissuras
895 4893 953 4946 et
982 4881 1413 4945 dissensiones.
1463 4875 1624 4939 Nihil
1657 4892 1820 4952 ergo,
1857 4874 1956 4934 in-

318 4973 522 5051 quiunt
571 4974 788 5035 mirum
821 4981 912 5036 est
960 4973 1009 5033 si
1041 4969 1300 5051 Dionysii
1356 4977 1626 5046 tempore
1657 4963 1732 5026 de
1789 4971 1951 5024 sorte

317 5077 442 5136 qua;
454 5063 673 5126 cecidit
687 5081 866 5144 super
880 5057 1686 5144 Matthiagn,sitdisputatum.
1704 5052 1788 5115 De
1800 5052 1948 5144 Hie-

317 5131 495 5214 rothei
529 5171 666 5216 vero
707 5131 1080 5233 aliorumque
1110 5131 1280 5213 libris
1309 5131 1638 5227 deperditis
1681 5143 1828 5204 nihil
1861 5149 1950 5204 est

309 5241 470 5316 .quod
486 5242 670 5319 magis
683 5232 1434 5322 mireris,quandoquidem
1454 5232 1708 5322 plurima
1718 5238 1949 5322 aposto-

319 5326 503 5392 lorum
524 5334 902 5412 virorumque
924 5320 1387 5411 apostolicorum
1411 5321 1634 5402 scripta
1649 5324 1729 5383 ita
1752 5320 1945 5402 perie-

2031 4432 2238 4486 auctor
2285 4432 2488 4488 noster
2510 4424 2587 4486 de
2637 4425 2770 4486 aliis
2822 4426 3199 4505 dogmatibus
3247 4430 3364 4492 sibi
3414 4432 3669 4508 traditis,

2032 4513 2187 4575 haud
2220 4512 2562 4575 dubitanter
2581 4513 2909 4576 afﬁrmat”:
2935 4536 2948 4573 :
2974 4514 3249 4580 Maxime
3277 4536 3443 4598 vero,
3470 4522 3548 4584 ita
3573 4521 3672 4584 ille

2032 4602 2443 4684 quuitur,ista
2469 4606 2728 4666 oracula
2748 4605 3006 4667 dicimus
3019 4623 3154 4685 qnce
3175 4625 3211 4669 a
3240 4612 3433 4671 sacris
3451 4613 3674 4674 nostris

2034 4694 2464 4768 initiatoribus,
2491 4693 2700 4756 divino
2729 4693 2969 4774 Spiritu
2987 4695 3310 4775 a]ﬂalis,in
3339 4699 3674 4781 Seripturis

2033 4783 2228 4844 sacris
2248 4781 2542 4860 librisque
2573 4782 2917 4864 theolog-icis
2949 4784 3178 4848 tradita
3201 4788 3370 4850 nobis
3389 4797 3551 4872 sunt,
3583 4793 3676 4852 uti

2034 4880 2089 4934 et
2121 4871 2228 4934 illa
2253 4890 2382 4953 qua
2415 4873 2492 4934 ab
2518 4872 2730 4934 iisdem
2761 4874 2913 4935 viris
2939 4877 3166 4936 sanctis
3194 4877 3520 4960 subt-iliori,
3538 4871 3673 4942 non

2036 4965 2283 5025 omnino
2301 4963 2512 5024 dissita
2535 4962 2613 5028 ab
2637 4961 2854 5024 ordine
2881 4962 3122 5038 scelesti,
3156 4967 3576 5031 insinuatione
3601 4972 3675 5032 de

2033 5059 2237 5114 mente
2247 5055 2313 5114 in
2329 5053 2919 5127 mentem,mediante
2929 5054 3409 5136 verbooorporeo
3431 5060 3672 5139 quidem

2029 5141 2150 5208 illa,
2181 5141 2338 5199 simul
2384 5145 2562 5198 tamen
2605 5142 2993 5209 immateriato,
3019 5145 3137 5200 sine
3176 5147 3472 5219 scriptione
3516 5148 3673 5204 insti-

2027 5233 2222 5287 tutores
2255 5228 2430 5286 nostri
2459 5245 2617 5285 saora
2662 5227 2888 5302 quadam
2920 5229 3256 5290 traductione
3290 5243 3420 5290 sunt
3447 5233 3620 5290 edocti
3648 5251 3670 5292 .·

2025 5327 2234 5403 γρκφῆς
2282 5320 2435 5384 ἐκτὸς
2489 5321 2536 5376 οἱ
2567 5321 2934 5401 καθηγεμόνες
2977 5323 3134 5394 ήπῶν
3190 5324 3521 5402 ium/.0136“,
3583 5324 3670 5389 lbi

389 5507 437 5551 ²¹
471 5510 559 5575 De
583 5512 781 5574 catast
837 5509 1169 5584 hicrarch.,
1207 5527 1334 5589 cap.
1373 5479 1688 5589 1329120.
1733 5499 2054 5589 ecclesiast.
2091 5498 2414 5589 hierarch?
2451 5518 2580 5589 cap.
2634 5500 2732 5562 l3.
2775 5497 2832 5544 9³
2859 5498 3017 5566 Ibid.
3065 5523 3193 5587 cap.
3222 5504 3282 5566 4.
3337 5499 3393 5546 ²⁴
3418 5503 3548 5574 Lib.
3587 5504 3672 5572 De

325 5590 518 5656 eccles.
549 5593 881 5671 hierarch.,
915 5609 1047 5674 cap.
1089 5581 1206 5674 Ἶέὲ
1236 5581 1336 5651 11.
1381 5589 1433 5630 2⁵
1464 5587 1552 5650 De
1580 5582 1881 5647 hierarch.
1916 5600 1953 5644 ei

2043 5600 2149 5658 es.,
2183 5601 2316 5663 cap.
2370 5583 2426 5662 1,
2463 5581 2490 5661 §
2520 5583 2582 5645 4.
