4060 6214
258 298 331 377 3‘7

1645 287 2239 372 PROLEGOMENA.

3555 308 3633 385 38

252 446 457 512 aeterni
489 446 860 528 designatam
893 465 1026 510 esse
1058 444 1313 509 Basilius
1336 442 1421 524 36,
1454 452 1514 506 et
1564 443 1839 507 laudatus
1866 448 1959 502 aA
2006 530 2013 532 ξ
2062 439 2329 523 Denique
2350 435 2507 525 quod
2534 445 2701 508 aiunt
2728 446 3036 509 auctorem
3071 443 3336 511 nostrum
3370 451 3627 532 primum

253 538 708 618 TheOphylacto
723 537 1046 618 Gregorius
1060 534 1362 617 Nyssenus
1380 535 1908 598 aﬁirmant.Ceete-

249 648 402 700 rum,
440 628 718 708 quamvis
751 627 1115 689 concedatur
1173 626 1398 687 nullum
1458 632 1596 687 ante
1647 623 1906 704 Dyonisii

253 728 521 798 tempora
548 717 733 780 fuisse
755 716 933 797 hujus
958 715 1118 777 verbi
1147 735 1348 796 usum,
1376 715 1681 776 fatendum
1711 724 1907 775 tamen

252 808 522 870 estinter
549 805 927 869 Christianos
960 805 1260 868 exstitisse
1291 805 1578 886 aliquem,
1610 822 1643 864 a
1673 822 1788 883 quo
1828 802 1904 863 il-

254 896 357 958 lud
378 895 636 977 primum
667 901 917 976 cmperit
943 894 1239 974 usurpari.
1282 892 1430 968 Quil
1461 912 1600 972 ergo
1626 890 1905 972 prohibet

266 986 576 1067 quominus
610 984 948 1065 Dionysius,
1000 984 1091 1044 vir
1120 983 1544 1064 philosophica:
1574 982 1908 1064 disciplinae

269 1073 788 1157 peritissin:us,qui
822 1073 1077 1153 hujusce
1128 1072 1391 1153 vocis,ab
1435 1071 1759 1135 Aristotele
1790 1070 1907 1132 ali-

268 1164 389 1227 cubi
412 1164 674 1245 traditae,
710 1163 823 1225 vim
859 1173 1124 1243 noverat,
1158 1162 1260 1224 illa
1290 1164 1501 1225 eodem
1535 1181 1605 1223 ac
1636 1161 1737 1223 ille
1771 1160 1906 1242 phi-

265 1255 645 1334 losophorum
676 1254 982 1334 princeps,
1016 1271 1196 1315 sensu
1230 1262 1288 1314 et
1317 1252 1747 1332 signiﬁcatione
1781 1249 1907 1331 pri-

258 1362 378 1406 mus
409 1345 575 1406 inter
607 1343 973 1407 Christianos
1005 1361 1146 1404 usus
1177 1361 1308 1405 esse
1341 1339 1624 1404 dicatur?

328 1432 559 1496 Contra
591 1443 784 1495 tamen
820 1445 1032 1511 urgent
1060 1433 1403 1510 instantque
1435 1433 1699 1494 adversas
1728 1429 1911 1511 partis

253 1523 545 1602 fautores,
576 1522 738 1604 quod
768 1524 1037 1603 quamvis
1078 1521 1447 1585 Anteniczeni
1496 1525 1695 1583 Patres
1733 1521 1907 1583 Chri-

249 1622 399 1675 stum
436 1611 762 1675 Dominnm
793 1629 1000 1673 verum
1047 1612 1263 1692 Deum,
1325 1609 1516 1673 Patris
1566 1609 1776 1674 mterni
1808 1609 1910 1673 Fi-

250 1701 418 1783 lium,
447 1702 729 1783 ejusdem
755 1720 890 1764 cum
915 1720 984 1764 eo
1012 1701 1379 1776 substantiae,
1402 1702 1636 1780 ipsique
1657 1707 1908 1763 coaeter-
1938 1731 1972 1779 ιι

1992 530 2255 594 forsitam
2286 532 2491 614 fuisse,
2526 554 2559 596 a
2583 555 2697 616 quo
2717 536 2928 600 eadem
2959 557 3064 601 vox
3091 557 3272 602 sensu
3306 530 3631 615 memoratu

1989 632 2229 702 accepta
2258 623 2358 703 sit,
2391 626 2574 702 gratis
2607 627 2850 687 omnino
2878 626 3139 706 ﬁngitur.
3173 627 3385 691 Noster
3414 637 3633 712 quippe

1989 721 2216 783 auctor,
2240 719 2302 772 ut
2327 712 2571 775 cuibbet
2599 715 2775 777 citata
2798 716 2927 778 loca
2960 719 3331 796 percurrenti
3364 719 3636 798 planissi-

1992 820 2152 863 mum
2188 803 2309 874 ﬁet,
2340 802 2414 864 de
2445 822 2516 865 ea
2542 806 2628 866 sic
2658 804 2941 887 disputat,
2975 826 3044 868 ac
3091 807 3142 867 si
3183 825 3395 869 sensus
3453 828 3657 891 quem.

1991 892 2077 954 illi
2112 892 2336 966 tribuit,
2363 894 2507 955 nulli
2532 895 2775 956 omnino
2801 895 3449 976 incognitus,receptus
3472 909 3631 962 esset

1990 982 2063 1044 ab
2095 982 2398 1045 omnibus.

2070 1071 2274 1152 Neque
2304 1073 2375 1135 ad
2426 1091 2534 1135 ren
2563 1074 2699 1135 facit
2731 1073 2975 1138 laudata
2995 1094 3112 1137 uno
3144 1074 3204 1136 in
3236 1075 3367 1138 loco
3400 1077 3633 1141 Aristo-

1990 1162 2125 1224 telis
2155 1163 2498 1224 auctoritas.
2538 1164 2618 1224 Ea
2650 1163 2871 1244 quippe
2900 1164 3053 1245 apud
3089 1164 3311 1244 primos
3342 1167 3634 1232 Ecclesia)

1998 1255 2200 1315 Patres
2231 1252 2452 1315 nullius
2484 1262 2614 1314 erat
2637 1252 2946 1325 momenti,
2981 1254 3203 1334 quippe
3234 1255 3330 1334 qui
3366 1256 3633 1335 philoso-

1992 1340 2148 1423 phiae
2170 1340 2443 1420 dogmata
2473 1351 2826 1422 respuerent
2855 1352 2912 1404 et
2940 1353 3423 1424 aspernarentur.
3453 1344 3633 1410 Porro

1992 1439 2188 1493 autem
2220 1432 2270 1491 si
2294 1431 2431 1511 quid
2460 1449 2739 1493 successu
2763 1437 3047 1512 temporis
3078 1450 3147 1494 ex
3163 1430 3264 1493 illa
3290 1432 3719 1535 hauserunt,”
3742 1496 3761 1507 ,

1994 1521 2256 1583 Platonis
2281 1522 2474 1601 potius
2500 1539 2675 1601 quam
2710 1521 3047 1585 Aristotelis
3077 1521 3292 1602 placita
3334 1532 3393 1584 et
3423 1522 3649 1587 dOClﬁ'.

1995 1630 2130 1675 nam
2155 1620 2299 1674 sunt
2327 1612 2668 1691 amplexati.

2605 1699 2845 1765 CAPUT
2891 1702 3018 1763 XV.

252 1809 387 1853 num
421 1810 566 1854 esse
597 1800 655 1853 et
685 1789 1051 1854 crediderint
1106 1800 1163 1852 et
1211 1791 1546 1871 docuerint,
1589 1790 1662 1853 ab
1693 1808 1900 1852 eorum
1984 1800 2236 1864 Sextum
2259 1798 2705 1869 urg/amentum,
2730 1808 2805 1853 ea:
2834 1791 2913 1852 iis
2941 1808 3075 1870 qua:
3102 1798 3314 1854 auctor
3342 1801 3545 1856 noster
3564 1793 3640 1856 de

250 1888 451 1943 tamen
489 1880 734 1943 nemine
764 1879 838 1941 de
871 1880 1144 1960 personis
1174 1880 1413 1960 divinis,
1446 1879 1801 1960 illarumque
1820 1886 1906 1939 at-

251 1969 498 2032 tributis
520 1979 580 2032 et
610 1968 895 2044 relativis,
922 1974 986 2032 ut
1009 1969 1353 2051 loquuntur.
1387 1978 1446 2030 et
1493 1968 1909 2031 essentialibus

251 2068 362 2121 tam
396 2060 565 2123 clare
597 2068 658 2121 et
708 2060 1041 2135 enucleate,
1104 2072 1287 2136 atque
1326 2058 1400 2120 ab
1430 2069 1673 2122 auctore
1705 2068 1905 2120 nostro

249 2150 616 2231 disputatum
646 2169 908 2230 unquam
938 2149 1141 2212 fuerit.
1168 2151 1240 2212 Et
1262 2168 1429 2229 sane,
1454 2148 1750 2230 inquiunt,
1802 2167 1909 2211 cur

248 2241 288 2300 ii
322 2239 425 2316 qui
460 2247 594 2319 post
617 2238 959 2319 Dionysium
987 2239 1236 2300 edendis
1268 2237 1787 2300 lucubrationibus
1808 2256 1906 2299 se-

266 2328 464 2390 cundo
481 2337 539 2390 et
556 2331 730 2389 tertio
745 2328 1033 2391 Ecclesia:
1046 2328 1261 2390 saeculo
1276 2346 1518 2406 operam
1534 2326 1909 2408 dedere,uon

265 2421 503 2483 eosdem
539 2438 613 2482 ac
643 2421 746 2483 ille
778 2421 855 2482 de
885 2422 1084 2483 divina
1111 2419 1402 2482 Trinitate
1450 2438 1760 2482 sermones
1809 2420 1907 2481 ha-

263 2508 670 2572 buerunt?Cur
691 2511 892 2573 nullus
917 2511 1240 2591 aliquando
1276 2511 1432 2572 illius
1453 2519 1553 2572 aut
1574 2521 1906 2592 praecepto-

262 2599 348 2661 ris
381 2601 509 2679 ejus
539 2599 845 2663 Hierothei
878 2601 1216 2682 exemplum
1243 2610 1483 2662 secutus
1515 2607 1647 2662 est?

355 2687 495 2760 Quae
520 2708 655 2750 vero
682 2689 752 2751 ad
782 2689 1156 2770 probandum
1190 2689 1351 2752 vocis
1382 2692 1691 2753 ὑποστέεως
1739 2710 1914 2751 usum

280 2776 673 2854 adducuntur,
707 2778 935 2842 eaniliil
966 2779 1187 2842 habere
1210 2780 1486 2841 videntur
1511 2779 1828 2841 soliditatis
1863 2799 1921 2855 ei

274 2867 652 2931 firmamenti.
678 2867 997 2950 Epistulam
1024 2870 1185 2931 enim
1218 2868 1479 2950 Dionysii
1525 2870 1920 2935 Alexandrini

268 2956 383 3038 ipsi
411 2959 734 3037 supositam
768 2960 1287 3041 adulterinamque
1318 2978 1451 3021 esse
1474 2958 1661 3021 critici
1687 2960 1918 3022 doctio-

267 3064 365 3109 res
394 3048 569 3110 facile
597 3059 937 3128 agosscunt.
973 3050 1176 3113 Altera
1209 3068 1347 3113 vero
1369 3048 1616 3111 alterius
1649 3048 1918 3130 Dyonisii

264 3136 513 3215 epistola
544 3157 659 3218 quo
688 3148 961 3220 tempore
988 3140 1210 3220 scripta
1251 3138 1348 3218 sit,
1403 3138 1602 3200 nullus
1661 3138 1917 3200 deﬁnire

263 3233 477 3305 potest.
510 3226 812 3290 Baronius
841 3227 1083 3308 quidem
1114 3227 1276 3288 illam
1310 3246 1464 3288 anno
1489 3226 1628 3300 398,
1663 3246 1779 3307 quo
1810 3226 1916 3289 Li-

263 3312 409 3375 cinii
441 3324 693 3377 mortem
728 3317 1057 3397 consignat,
1092 3315 1286 3379 datam
1319 3322 1627 3398 opinatur;
1657 3316 1762 3378 sed
1793 3317 1917 3378 rui-

264 3422 413 3465 noso
435 3404 646 3466 nititur
672 3404 1084 3469 fundamento.
1109 3407 1257 3469 Nam
1290 3404 1555 3469 Licinius
1585 3424 1706 3468 non
1757 3425 1915 3469 anno

267 3495 406 3571 328,
439 3494 547 3557 sed
572 3495 714 3576 3‘24,
747 3504 810 3556 ut
839 3496 1228 3558 accuratioris
1266 3495 1497 3558 criterii
1524 3494 1915 3576 scriptoribus

269 3584 521 3661 videtur,
558 3586 734 3647 vitam
767 3585 976 3649 ﬁnivit.
1009 3585 1230 3648 Demus
1272 3594 1470 3648 tamen
1511 3586 1914 3648 Alexandrum

273 3694 344 3737 eo
375 3695 492 3756 quo
523 3675 649 3737 vult
682 3679 972 3738 Baronios
1001 3685 1269 3756 tempore
1300 3694 1466 3737 suam
1490 3693 1763 3739 exarasse
1794 3674 1918 3754 epi-

277 3765 480 3826 stolam
519 3787 536 3846 ;
567 3764 710 3846 quid
746 3766 940 3829 inde?
970 3765 1135 3827 Nulli
1164 3784 1307 3828 sane
1331 3765 1547 3827 mirum
1581 3783 1715 3827 esse
1745 3763 1924 3828 debet

290 3871 491 3915 vocem
525 3857 861 3936 hypostasis
891 3855 965 3918 ab
998 3857 1240 3917 homine
1269 3854 1685 3919 Alexandrinis
1714 3854 1924 3936 synodi

296 3944 653 4022 temporibus
673 3944 823 4008 adeo
847 3944 1264 4020 vicino,fuisse
1286 3954 1627 4024 usurpatam
1654 3963 1671 4020 ;
1704 3944 1809 4006 sed
1843 3944 1920 4007 il-

285 4031 384 4093 lud
412 4053 554 4098 sane
584 4035 938 4117 mirabilius,
972 4036 1128 4117 quod
1162 4036 1361 4098 nullus
1393 4036 1672 4116 scriptor,
1708 4043 1773 4096 ut
1802 4037 1919 4098 Pe-

282 4124 467 4186 tavius
497 4126 762 4188 ostendit
788 4127 874 4202 ὅτ,
913 4127 1006 4187 his
1038 4125 1182 4187 tanti
1212 4126 1317 4187 viri
1351 4125 1755 4206 vestigiis,nisi
1793 4128 1922 4205 post

268 4214 735 4278 Alexandrinam
779 4215 1067 4297 synodum
1093 4215 1488 4278 insistendum
1514 4234 1648 4277 esse
1670 4222 1918 4296 putave-

264 4305 543 4396 rit.Quod
571 4314 731 4368 certe
748 4292 1159 4387 quamparum
1185 4323 1255 4368 ea
1272 4323 1378 4396 vox
1418 4292 1687 4367 ineunte
1720 4323 1914 4396 saecu—
1936 4301 2241 4396 Dgebaut.
2272 4299 2391 4396 Hbs
2431 4298 2690 4396 fatentur
2722 4296 3066 4396 l-ongenpost
3096 4292 3362 4395 Dyonisii
3393 4302 3650 4374 aetatem,

262 4394 320 4457 lo
351 4403 598 4474 quarto,
628 4404 807 4477 atque
835 4415 871 4457 a
917 4395 1145 4458 fortiori
1197 4394 1426 4457 saeculis
1471 4393 1907 4476 superioribus,

258 4486 482 4547 usitata
513 4494 690 4561 esset,
723 4494 929 4566 aperte
957 4485 1346 4547 deznonstrat.

337 4578 469 4638 Nec
490 4575 626 4656 plus
652 4575 884 4638 roboris
920 4581 979 4638 et
1012 4574 1224 4637 virium
1250 4573 1394 4636 illud
1422 4575 1625 4647 habet,
1649 4573 1810 4654 quod
1842 4593 1915 4638 ea

262 4684 370 4728 vox
397 4672 457 4727 et
477 4667 541 4727 in
580 4664 841 4744 Epistula
860 4664 932 4727 ad
966 4662 1250 4728 Hebraeos
1288 4673 1743 4743 occurrere,eta
1763 4665 1920 4727 Basi-

271 4753 351 4817 lio
392 4753 798 4835 Gregorioque
827 4772 1007 4817 sensu
1038 4753 1397 4836 Dionysiano
1429 4754 1718 4835 explicari
1763 4753 1922 4835 obji-

272 4845 457 4907 citur.
486 4842 747 4926 Uterque
778 4845 935 4906 enim
993 4843 1245 4907 Basilius
1301 4852 1361 4907 et
1416 4844 1742 4923 Gregorius
1792 4851 1922 4925 post

275 4932 589 4998 Nicaznum
621 4933 938 4997 concilium
964 4933 1261 5017 scripsere
1293 4954 1309 5016 ;
1341 4933 1516 5016 aiqne
1549 4934 1609 4995 hi
1641 4952 1772 4997 eam
1815 4952 1923 4997 νο·

277 5043 410 5087 cem
441 5028 648 5103 ,sensn
708 5023 1073 5107 temporibus
1116 5024 1240 5086 suis
1290 5025 1504 5086 usitato
1554 5023 1928 5105 interpretati

280 5124 443 5176 sunt.
478 5114 695 5178 Nullus
721 5122 921 5177 autem
954 5122 1090 5176 ante
1118 5112 1265 5174 illud
1302 5112 1621 5176 concilium
1653 5112 1925 5176 eamdem

282 5204 455 5267 Pauli
488 5222 696 5267 vocem
719 5203 801 5267 ita
827 5203 1065 5267 censuit
1084 5221 1215 5266 esse
1244 5204 1678 5284 explicandam.
1742 5206 1811 5267 Et
1867 5201 1929 5264 id

282 5294 530 5376 quidem
560 5295 643 5358 ita
661 5303 889 5357 certum
922 5302 1036 5376 est,
1068 5303 1132 5357 ut
1160 5295 1222 5357 in
1254 5295 1452 5357 Latina
1481 5293 1752 5375 ejusdem
1775 5291 1932 5355 Pau-

282 5381 427 5446 lina
443 5385 720 5465 epistola:
745 5386 1045 5462 versione,
1073 5403 1179 5446 vox
1208 5384 1414 5448 Grazca
1470 5386 1755 5449 δπόστισις
1813 5402 1935 5447 non

285 5491 393 5553 per
422 5473 697 5537 Latinam
758 5475 1125 5557 kypostasis,
1158 5475 1262 5538 sed
1320 5474 1530 5556 ﬁgura
1575 5474 1933 5538 substantiae

289 5562 523 5627 reddita
552 5563 805 5647 legatur.

2072 1880 2380 1948 monachis
2397 1897 2727 1959 eorumque
2748 1881 2903 1944 votis
2924 1897 2992 1944 ac
3008 1881 3252 1945 solenm'
3266 1882 3641 1963 professione

2074 1978 2386 2046 meonorat,
2421 1969 2735 2033 elicitum:

2073 2065 2178 2128 llla
2206 2078 2342 2122 vero
2366 2070 2668 2121 auctorem
2703 2068 2969 2121 nostrum
3006 2067 3135 2140 post
3167 2059 3428 2141 Dionysii
3458 2060 3643 2123 Areo-

1990 2153 2200 2237 pagitae
2220 2159 2450 2212 aetatem
2474 2148 2684 2209 vixisse
2708 2149 3044 2210 lucuienter
3065 2149 3643 2226 deinonstrant,ane

1991 2244 2066 2306 ab
2091 2264 2161 2305 eo
2176 2241 2340 2303 hisce
2356 2239 2415 2300 in
2443 2238 2956 2301 lucubrationibus
2976 2239 3049 2299 de
3067 2239 3489 2302 monachorum
3501 2258 3645 2322 pro-

1991 2334 2252 2397 fessione
2286 2338 2345 2391 et
2401 2330 2609 2390 ordine
2659 2329 3019 2409 produntur.
3058 2327 3145 2390 lbi
3177 2330 3337 2391 enim
3371 2330 3473 2392 ille
3521 2348 3643 2392 non

1992 2423 2246 2484 obscure
2267 2418 2439 2480 docet
2459 2418 2616 2479 hunc
2640 2417 3065 2478 monachorum
3090 2418 3362 2478 ordinem
3380 2427 3517 2480 ante
3536 2437 3642 2479 sua

1992 2519 2268 2590 tempora
2298 2508 2480 2569 fuisse
2513 2505 2849 2567 institutum
2888 2526 2905 2580 ;
2939 2506 3235 2586 traditque
3270 2508 3642 2588 apertissime

1993 2618 2196 2663 eorum
2225 2594 2657 2678 professionem
2672 2613 2741 2656 ac
2762 2603 2896 2656 vota
2916 2598 3246 2657 monastica
3268 2595 3642 2658 solemnibus

1999 2707 2067 2749 ac
2100 2687 2373 2768 publicas,
2412 2703 2527 2745 non
2560 2702 2735 2745 secus
2762 2701 2831 2745 ac
2851 2683 3068 2745 srecnlo
3097 2682 3309 2763 quinto
3340 2693 3399 2745 et
3448 2693 3638 2754 sexto.

2002 2776 2376 2839 caeremoniis
2403 2774 2586 2835 fuisse
2615 2773 2853 2834 emissa.
2911 2776 2984 2837 At
3040 2783 3433 2855 praeterquam
3483 2772 3645 2855 quod

2008 2867 2269 2947 priorum
2300 2864 2583 2926 Ecclesiae
2603 2862 2960 2925 saeculorum
2983 2869 3336 2943 scriptores,
3387 2872 3566 2942 atque
3602 2862 3647 2926 ii

2009 2958 2184 3018 etiam
2216 2955 2327 3034 ipsi
2350 2954 2452 3031 qui
2475 2953 2550 3015 de
2571 2952 2821 3033 singulis
2847 2950 3313 3014 Christianorum
3336 2952 3648 3014 ordinibus

2002 3046 2336 3109 accuratius
2356 3043 2566 3105 iisdem
2592 3041 2964 3121 temporibus
2982 3041 3645 3117 disserueruntmullam

2002 3136 2307 3198 monastici
2340 3131 2566 3195 ordinis
2604 3131 3106 3193 monachorumve
3140 3131 3522 3212 professionis
3551 3132 3647 3193 fe-

1999 3245 2138 3288 cere
2158 3224 2720 3299 mentionem,certe
2741 3219 2983 3296 quidam
3009 3220 3397 3283 eruditissimi
3417 3222 3646 3283 etanti-

1998 3313 2267 3397 quissimi
2297 3331 2501 3375 rerum
2537 3309 3000 3372 monasticarum
3034 3309 3410 3390 indagatores
3440 3327 3647 3372 earum

1998 3405 2289 3484 originem
2314 3402 2384 3464 ad
2413 3399 2655 3484 Paulos,
2675 3398 2969 3462 Antonios
2988 3398 3465 3482 Pachomiosque
3486 3399 3649 3463 refe-

1998 3505 2138 3556 runt
2176 3492 2281 3555 His
2312 3510 2454 3570 ergo
2476 3497 2684 3553 auctor
2713 3495 2915 3551 noster
2944 3488 3241 3570 posterior
3268 3508 3401 3552 esse
3442 3489 3644 3567 debet,

2001 3602 2112 3647 nec
2142 3580 2457 3663 Dionysius
2488 3578 2845 3660 Areopagita
2882 3578 2998 3640 dici
3033 3586 3251 3656 potest.

2084 3671 2485 3752 Areopagitici
2502 3679 2696 3730 tamen
2713 3669 2870 3729 hunc
2896 3686 3013 3728 non
3036 3667 3262 3745 exigua:
3282 3667 3650 3731 difﬁcultatis

2006 3763 2228 3825 nodum
2252 3760 2407 3823 haud
2430 3757 2751 3821 difﬁculter
2780 3775 2845 3819 se
2867 3756 3101 3818 solvere
3122 3756 3509 3839 arbitrantur,
3531 3758 3650 3819 du-

2009 3852 2178 3935 plicis
2199 3844 3472 3926 monachorumgeuerisdistinctioneAliud
3486 3847 3648 3909 enim

2009 3959 2142 4005 esse
2159 3942 2533 4019 aiuntgenus
2564 3935 2996 3999 crenobitarnm
3026 3944 3084 3997 et
3112 3936 3516 4011 eremitarum,
3549 3936 3653 4017 qui

2004 4052 2039 4095 a
2073 4032 2242 4113 plebe
2275 4048 2517 4113 prorsus
2543 4025 2781 4103 secreti,
2811 4034 2873 4088 et
2897 4045 2929 4087 a
2958 4036 3314 4089 caeterorum
3339 4026 3651 4088 hominum

2002 4123 2289 4185 societate
2350 4119 2633 4202 separati,
2693 4117 2754 4177 iu
2812 4116 3188 4177 monasteriis
3236 4124 3295 4178 et
3335 4114 3648 4191 coenobiis,

2002 4215 2091 4274 vel
2151 4212 2213 4274 in
2242 4210 2404 4272 silvis
2463 4217 2522 4270 et.
2567 4207 2868 4271 montibus
2898 4208 3074 4267 vitam
3110 4206 3502 4268 monastiram
3542 4206 3655 4269 de-

1997 4410 2114 4455 nec
2143 4400 2278 4453 ante
2309 4388 2494 4455 Pauli.
2531 4386 2779 4451 Antonii
2805 4394 2862 4447 et
2892 4382 3198 4446 Pachumii
3248 4396 3521 4465 tempora
3550 4404 3652 4446 or-

1999 4492 2120 4544 tum
2145 4480 2447 4543 habuisse.
2479 4477 2655 4540 Aliud
2682 4494 2820 4538 vero
2862 4472 3229 4545 contendunt
3256 4473 3440 4537 fuisse
3466 4493 3655 4553 genus

1999 4570 2429 4634 monachorum
2486 4568 2586 4647 qui
2622 4584 2756 4647 pars
2787 4564 2985 4645 populi
3036 4563 3354 4644 praecipua,
3414 4572 3475 4625 et
3525 4564 3657 4625 illu-

2007 4660 2189 4725 strior
2211 4659 2410 4739 gregis
2438 4655 2660 4721 Christi
2684 4653 3070 4736 portio,inter
3092 4652 3276 4714 laicos
3301 4653 3382 4714 ita
3401 4671 3653 4733 compu-

2007 4750 2305 4823 labantur,
2342 4755 2402 4808 ut
2438 4746 2669 4827 primus
2701 4743 2788 4807 eis
2840 4742 2900 4804 in
2932 4745 3133 4822 synaxi
3189 4748 3322 4822 post
3374 4741 3658 4804 Ecclesia;

2009 4842 2315 4905 ministros
2344 4838 2679 4917 assignatus
2711 4843 2870 4899 esset
2900 4835 3092 4897 locus.
3123 4833 3215 4896 Illi
3239 4852 3415 4915 porro
3456 4834 3652 4914 priva-

2009 4932 2115 4996 tim
2148 4931 2209 4993 in
2254 4929 2379 4992 suis
2411 4928 2645 4989 urbium
2674 4923 2925 5000 aedibus,
2959 4924 3049 4986 vel
3076 4922 3255 4986 simul
3287 4923 3346 4984 in
3383 4922 3657 5004 collegiis

2010 5024 2187 5086 vitam
2214 5036 2420 5101 puram
2455 5025 2512 5079 et
2544 5026 2793 5095 castam,
2823 5022 3001 5092 atque
3022 5032 3056 5075 a
3087 5013 3245 5076 curis
3277 5012 3533 5076 terrenis
3562 5032 3659 5075 ex-

2011 5111 2292 5195 peditam,
2324 5107 2545 5190 unique
2569 5105 2689 5168 Deo
2722 5104 3116 5195 mancipatam
3150 5101 3425 5195 agebant.
3447 5104 3657 5195 Mona-

2012 5190 2159 5266 chos
2186 5207 2382 5263 autem
2415 5198 2560 5258 istos
2615 5192 2982 5275 temporibus
3034 5190 3440 5273 apostolorum
3473 5192 3656 5253 exsti-

2015 5292 2159 5355 tisse
2181 5291 2410 5369 dicunt,
2436 5302 2661 5365 eosque
2683 5300 2818 5346 esse
2842 5290 3139 5356 asserunt,
3164 5281 3240 5343 de
3260 5278 3482 5369 quibus
3501 5280 3670 5369 Philo

2013 5380 2255 5447 Iudaeus
2276 5367 2444 5440 illum
2465 5372 2724 5438 instituit
2739 5370 3209 5452 sermonem,qui
3232 5369 3309 5433 ab
3332 5367 3590 5433 Eusebio
3609 5371 3670 5431 in

2017 5469 2296 5534 Historia
2321 5466 2386 5517 58
2415 5482 2520 5527 sua
2561 5462 2957 5542 transcriptus
2988 5469 3103 5523 est.

2098 5559 2305 5642 Neque
2332 5556 2553 5620 dixeris
2582 5555 2717 5631 hos,
2750 5570 2899 5634 quos
2932 5551 3094 5613 Philo
3134 5567 3252 5611 non
3313 5548 3663 5635 monachos,

372 5722 427 5771 ⁸⁸
452 5723 644 5812 Epist.
688 5726 791 5808 43,
823 5729 897 5795 ad
925 5728 1182 5812 Gregor.
1214 5728 1388 5814 Nyss.
1432 5728 1485 5777 ³³
1521 5727 1809 5811 Theolog.
1844 5729 1915 5796 Di

2008 5735 2157 5804 nat,
2191 5740 2323 5805 cap,
2358 5725 2415 5785 l.
2461 5715 2517 5762 ³⁸
2551 5715 2678 5780 Lib.
2726 5730 2797 5797 ιι,
2829 5729 2963 5797 cap.
2998 5710 3098 5776 17.
