4060 6214
399 338 476 406 39
1551 333 1612 401 S.
1657 329 2063 402 DIONYSIUS
2103 324 2612 402 ABEOPAGITA.
2740 325 2743 330 ί
3710 325 3787 402 40

394 472 500 535 sed
524 472 905 552 tberapeutas
924 475 1325 544 vocat,revera
1341 469 1666 534 monachos
1685 486 1799 530 non
1826 467 2035 545 fuisse,
2064 476 2099 527 A
2124 467 2232 532 ubi
2258 471 2466 531 omnia
2496 469 2550 532 is
2581 473 2682 548 qui
2709 469 3350 551 iuitiaiur,professus
3371 478 3476 547 est,
3500 470 3788 534 sacerdos

395 563 500 624 sed
521 561 1187 641 Juilaicte,nequaquam
1223 578 1359 622 vero
1395 558 1751 622 Christianae
1779 558 2049 637 religioni

396 651 688 725 addictos,
717 661 894 730 atque
919 649 1240 711 Eusebium
1297 650 1408 711 hac
1458 649 1516 710 in
1549 667 1636 728 re,
1691 655 1754 708 ut
1783 649 2053 709 eruditus

397 741 531 820 ejus
553 741 848 821 interpres
868 739 1139 803 Valesius
1165 738 1619 810 observat,vano
1645 755 1853 799 errore
1873 737 2054 798 fuisse

398 829 836 911 deceptumAb
856 829 1296 910 Areopagiticis
1320 829 1478 890 enim
1505 828 1716 890 audies
1734 827 1926 888 nullas
1947 844 2049 906 pe-

395 920 676 999 nitusque
711 919 948 981 frivolas
989 937 1120 981 esse
1152 916 1371 982 Valesii
1414 917 1698 979 adversus
1746 926 2050 978 auctorem

395 1027 568 1072 suum
603 1008 1008 1090 probationes.
1044 1019 1103 1072 et
1158 1017 1342 1082 certe,
1399 1007 1699 1086 inquiunt,
1736 1005 2049 1079 Eusebius,

394 1101 484 1160 vir
505 1118 756 1162 summae
779 1098 1132 1160 eruditionis
1154 1098 1213 1159 in
1238 1097 1649 1176 dignoscenda
1681 1097 2052 1176 tberapeuta-

396 1206 528 1250 rum
563 1189 876 1268 religione,
915 1197 1028 1248 tam
1058 1193 1246 1266 turpis
1276 1185 1754 1249 hallucinationis
1778 1203 1896 1246 non
1921 1184 2052 1245 sinc

395 1279 747 1340 temeritatis
765 1285 897 1338 nota
925 1285 1119 1358 potest
1136 1273 1744 1338 insimulari.Addunt
1767 1283 2054 1355 praeterea

395 1365 824 1447 Hieronymum
845 1366 984 1428 huic
1007 1363 1250 1427 Eusebii
1274 1366 1350 1426 de
1374 1365 1710 1428 Christiana
1747 1367 2051 1444 tberapeu-

399 1465 588 1518 tarum
650 1457 943 1535 religione
999 1455 1263 1536 opinioni
1325 1457 1450 1516 hinc
1509 1455 1936 1535 subscripsisse
1989 1453 2049 1513 in

399 1546 580 1608 verba
600 1545 682 1608 39:
698 1544 1115 1619 Pliilo,videns
1141 1543 1533 1606 Alexandria:
1553 1546 1822 1625 primum
1845 1541 2053 1604 Eccle-

391 1639 544 1697 siam
567 1637 765 1698 adhuc
787 1636 1263 1711 Judaizantem,
1293 1635 1472 1715 quasi
1498 1636 1561 1696 in
1590 1634 1832 1696 laudem
1854 1632 2052 1712 gentis

392 1741 518 1787 suav
536 1724 760 1791 librum
786 1741 968 1804 super
985 1740 1193 1785 eorum
1208 1725 1674 1786 conversatione
1694 1722 1966 1801 scripsit.

2133 579 2253 618 eum
2286 564 2439 635 signa
2468 563 2644 620 crucis
2673 563 3044 636 consignatum
3075 564 3317 621 tondet...
3369 565 3621 635 omnique
3646 568 3792 621 veste

2135 649 2577 721 de!racta,eum
2608 647 2736 710 alia
2790 649 3164 722 induit.Quis
3200 659 3396 712 autem
3432 649 3638 730 primis
3668 648 3786 711 Ec-

2136 737 2720 818 clesizetemporilius
2737 740 3092 801 monachum
3118 739 3378 817 aliquem
3401 749 3560 802 veste
3579 749 3638 800 et
3658 748 3785 800 ton-

2139 844 2278 888 sura
2298 825 2372 888 ab
2395 825 2528 888 aliis
2546 827 2897 897 Christianae
2935 827 3242 908 religionis
3290 829 3635 891 hominibus
3658 827 3785 890 dis-

2140 925 2393 996 cretum,
2429 916 2487 976 in
2518 915 2754 996 publico
2785 916 3000 992 visum,
3047 925 3152 980 aut
3179 937 3212 978 a
3245 918 3488 998 paganis
3521 926 3785 998 captum,

2139 1011 2902 1084 tortumque,autnecalum
2936 1007 3240 1068 memorize
3272 1007 3592 1090 aliquando
3613 1025 3791 1069 man-

2137 1093 2330 1155 davit?
2357 1093 2637 1170 Ubinam,
2665 1113 2892 1176 quaeso,
2927 1096 3246 1176 collegium
3278 1098 3541 1180 aliquod,
3575 1097 3636 1159 in
3668 1116 3788 1178 quo

2137 1184 2416 1245 monachi
2448 1184 2624 1246 simul
2654 1185 2828 1247 vitam
2863 1186 3224 1266 degerent,a
3256 1187 3499 1268 paganis
3529 1195 3632 1249 aut
3661 1188 3784 1248 im-

2137 1271 2507 1354 peratoribus
2531 1273 2851 1354 prtedatum
2873 1285 2972 1337 aut
2996 1294 3269 1339 eversum
3291 1275 3598 1357 legitur‘?Si
3633 1276 3786 1357 quid

2137 1362 2229 1424 his
2263 1382 2379 1424 non
2413 1362 2657 1425 omnino
2689 1364 2963 1427 absimile
2995 1365 3054 1427 in
3087 1367 3443 1447 quibusdam
3502 1367 3790 1445 martyris

2135 1452 2562 1532 alicujusActis
2587 1471 2903 1516 occurrere
2922 1455 3164 1529 dixeris,
3192 1463 3476 1535 arguetur
3501 1457 3788 1517 continuo

2139 1540 2236 1602 illa
2295 1559 2410 1603 nec
2467 1542 2728 1618 genuina
2785 1561 2919 1605 esse
2972 1562 3083 1605 nec
3115 1544 3372 1620 sincera,
3408 1544 3677 1624 nihilque
3711 1544 3790 1604 de

2137 1637 2410 1711 tempore
2440 1650 2558 1710 quo
2597 1638 2813 1712 martyr
2844 1632 2945 1695 ille
2977 1633 3219 1712 obierit,
3245 1633 3319 1694 ab
3350 1651 3556 1696 eorum
3591 1634 3790 1714 scrip-

2135 1719 2363 1781 toribus
2395 1728 2555 1781 certo
2587 1719 2855 1784 deﬁniri.

477 1816 555 1874 At
575 1833 720 1876 sane
742 1793 1151 1894 Are'opagitici
1179 1814 1578 1894 tberapeutas.
1605 1813 1656 1873 si
1681 1793 2046 1894 ﬁeri-possit,
2072 1793 2112 1844 Β
2214 1807 2417 1870 Tradit
2443 1809 2703 1890 denique
2733 1819 2940 1872 auctor
2971 1819 3175 1874 noster
3207 1830 3424 1875 nomen
3460 1813 3794 1893 therapeu-

399 1903 752 1967 Christianae
769 1903 1044 1981 religioni
1063 1921 1278 1964 nomen
1303 1901 2052 1964 dedisseinvictisdemon-

397 2001 586 2055 strent
613 1993 1006 2071 argumentis,
1043 2011 1148 2072 per
1182 2009 1290 2054 nos
1323 1993 1485 2055 licet.
1519 1990 1635 2052 Sed
1697 1991 1841 2052 illos
1870 1996 2048 2051 vitam

398 2083 817 2163 monasticam,
847 2081 1045 2160 qualis
1075 2081 1148 2142 ab
1184 2089 1428 2142 auctore
1488 2089 1688 2141 nostra
1747 2079 2045 2141 describi-

396 2187 514 2249 tur,
548 2173 862 2254 aliquando
897 2172 1162 2254 duxisse,
1201 2171 1362 2234 nullo
1388 2190 1669 2252 unquam,
1701 2179 1763 2232 ut
1786 2179 2044 2252 putatur,

397 2264 773 2344 antiquitatis
829 2263 1196 2324 monimento
1229 2262 1582 2343 probabunt.
1618 2261 1793 2324 Missa
1825 2267 2044 2322 etenim

399 2354 658 2434 primum
695 2371 764 2413 ea
807 2352 1054 2414 facimus
1091 2371 1223 2432 quae
1252 2352 1507 2431 scriptor
1540 2359 1738 2412 noster
1794 2351 1869 2412 de
1919 2349 2046 2412 Mo-

395 2442 604 2505 nachis
637 2443 763 2503 suis
785 2441 1056 2521 tradidit,
1080 2459 1182 2502 eos
1214 2459 1332 2502 non
1367 2441 1425 2502 in
1451 2441 1720 2520 urbibus,
1747 2439 1850 2502 sed
1883 2448 2045 2501 extra

387 2531 572 2594 urbes
605 2549 974 2612 progressos,
1005 2529 1063 2591 in
1096 2531 1287 2593 hortis
1309 2530 1634 2610 agellisque
1683 2530 1941 2609 degisse,
1979 2549 2047 2591 ac

392 2623 643 2703 proinde
664 2620 1036 2695 Antonianis,
1073 2620 1229 2701 quod
1263 2620 1362 2682 alii
1387 2631 1622 2700 negant,
1656 2620 1840 2681 fuisse
1874 2619 2042 2681 simi-

391 2713 503 2773 les.
539 2711 690 2772 lllud
725 2719 922 2772 autem
957 2709 1329 2789 potissimum
1365 2709 1692 2792 quaerimus
1721 2728 1830 2772 cur
1863 2711 2046 2772 Euse-

393 2799 527 2862 bius
558 2800 660 2882 qui
691 2805 852 2861 tanto
883 2799 1015 2861 nisu
1049 2801 1436 2880 tberapeutas
1466 2800 1848 2861 Philonianos
1879 2799 2047 2863 Chri-

391 2890 601 2952 stianis
630 2888 1118 2951 annumerandos
1150 2907 1283 2952 esse
1317 2887 1569 2970 probare
1618 2902 1869 2952 conatus
1930 2898 2042 2970 est,

386 2987 638 3042 eosdem
661 2978 871 3040 nullibi
896 2978 1108 3040 dixerit
1132 2979 1457 3048 monachos
1483 2977 1791 3054 fuisse,vel
1814 2997 2048 3040 succes-

391 3087 558 3132 sores
581 3069 890 3151 habuisse,
910 3067 1010 3149 qui
1036 3067 1321 3145 vestibus,
1353 3078 1616 3138 tonsura,
1650 3069 1798 3131 votis
1818 3069 2044 3131 solem-

393 3158 591 3233 nibus,
626 3177 694 3221 ac
724 3159 956 3221 vivendi
985 3158 1220 3220 ratione
1243 3158 1314 3219 ab
1367 3158 1646 3222 omnibus
1694 3158 2044 3221 Christianis

391 3248 1064 3330 secreti,perl‘ectiorem
1087 3251 1222 3311 vitae
1249 3249 1593 3312 monasticae
1617 3267 1884 3310 normam
1911 3267 2040 3328 pro-

391 3341 861 3406 ﬁtebantur.Cur
883 3339 1509 3422 Hieronymus,tantus
1529 3343 1874 3404 monasticae
1899 3359 2040 3423 pro-

386 3429 665 3493 fessionis
689 3429 1063 3511 praedicator,
1087 3431 1324 3493 eosdem
1345 3431 1724 3512 tberapeutas
1746 3429 1807 3492 in
1835 3447 2039 3492 mona-

386 3523 632 3583 chorum
658 3539 978 3583 numerum
1004 3539 1126 3582 non
1150 3521 1619 3603 refert,illosque
1637 3539 1771 3585 cum
1806 3521 2040 3583 caeteris

387 3611 663 3673 omnibus
694 3610 903 3691 primm
931 3609 1213 3673 Ecclesiae
1243 3609 1594 3674 Christianis
1625 3609 1949 3692 permiscet
1982 3618 2041 3672 et

387 3701 731 3764 confundit?
750 3701 928 3765 Nulla
958 3699 1360 3781 proculdubio
1388 3701 1503 3763 alia
1531 3701 1685 3762 ratio
1705 3699 1904 3762 atl‘erri
1929 3719 2039 3779 po-

385 3791 729 3871 terit,quam
757 3809 867 3854 nec
897 3792 1278 3872 tberapeutas
1310 3790 1479 3853 initio
1504 3790 1803 3853 nascentis
1826 3789 2038 3852 Eccle-

388 3881 516 3962 sim,
571 3900 682 3943 nec
715 3881 869 3943 ullos
902 3881 1269 3944 Christianos
1303 3880 1563 3961 Dionysii
1596 3888 1864 3960 tempore
1895 3881 2040 3942 tales

389 3972 715 4033 monachos
733 3969 939 4048 fuisse,
975 3970 1183 4052 quales
1205 3970 1276 4032 ab
1309 3979 1556 4032 auctore
1580 3979 1784 4033 nostro
1813 3987 2040 4032 memo-

385 4070 617 4123 rantur.

469 4151 661 4230 Atque
691 4149 835 4212 illud
865 4149 1106 4231 quidem
1130 4167 1200 4211 eo
1225 4167 1431 4212 rursus
1457 4147 1796 4212 conﬁrmari
1822 4154 2034 4230 potest,

2134 1899 2204 1960 las
2223 1907 2281 1960 et
2309 1900 2582 1960 monachi
2603 1917 2711 1960 suo
2735 1907 3005 1982 tempore
3031 1902 3235 1964 tritum
3260 1910 3318 1964 et
3341 1902 3581 1982 vulgare
3605 1901 3794 1965 fuisse

2129 2001 2310 2069 atque
2327 2007 2362 2050 a
2389 1988 2856 2070 praeceptoribus
2878 1990 3001 2052 suis
3025 1990 3175 2053 illud
3195 1991 3568 2072 Christianis,
3603 1993 3787 2055 ritum

2135 2078 2529 2140 monasticum
2589 2077 2946 2141 solemniter
3003 2080 3448 2162 proﬁtentibus,
3482 2081 3782 2144 inditum:

2129 2166 2293 2229 Hinc
2322 2171 2517 2230 sancti
2543 2175 2937 2248 praceptores
2968 2170 3657 2252 nostri,inquit,divinis
3689 2189 3788 2234 eos

2131 2256 2636 2337 appellationibus
2653 2266 2794 2320 sunt
2812 2265 3152 2337 prosecuti:
3177 2261 3287 2322 alii
3313 2261 3553 2339 quidem
3575 2263 3780 2323 thera-

2128 2357 2357 2427 peutas,
2401 2345 2515 2408 alii
2571 2363 2707 2409 ocra
2742 2349 3070 2410 monachos
3105 2347 3570 2427 apellaverunt:
3609 2355 3653 2407 οξ
3681 2354 3778 2425 μὲν

2129 2435 2477 2516 Osann-sutis,
2537 2439 2584 2492 οἱ
2638 2435 2691 2492 δὲ
2758 2438 3024 2516 [novat-Aous
3083 2439 3455 2512 ὀνομάζοντες.
3493 2438 3776 2511 Quinam,

2130 2523 2404 2599 obsecro,
2435 2542 2569 2586 esse
2613 2533 2884 2606 poterant
2916 2527 2974 2586 hi
3035 2525 3298 2605 Dionysii
3353 2537 3772 2607 praeceptores,

2129 2616 2230 2696 qui
2253 2633 2324 2677 ea
2349 2614 2591 2676 nomina
2609 2615 3163 2694 appellationesque
3185 2615 3432 2677 divinas
3455 2616 3572 2676 illis
3597 2616 3672 2676 im
3684 2637 3780 2696 po-

2128 2711 2334 2768 suere?
2361 2705 2491 2767 Non
2523 2704 2690 2766 Philo
2737 2705 3004 2784 quidem.
3043 2702 3100 2766 ls
3131 2705 3316 2780 enim,
3381 2704 3616 2766 ludaeus
3646 2724 3780 2766 cum

2128 2802 2378 2876 esset,a
2435 2792 2712 2874 Dionysio
2767 2793 3124 2874 Areopagita
3180 2803 3461 2874 tanquam
3520 2813 3673 2855 unus
3704 2813 3776 2856 ex

2127 2885 2354 2945 sanctis
2376 2882 2848 2963 praeceptoribus
2870 2885 2992 2945 suis
3015 2882 3240 2944 laudari
3265 2901 3385 2943 non
3406 2883 3615 2964 potuit.
3635 2882 3781 2955 Qui-

2131 2991 2264 3034 nam
2299 2992 2439 3052 ergo
2471 2972 2545 3034 ab
2604 2991 2673 3035 eo
2709 2985 3119 3054 praeceptores
3149 2971 3578 3052 appellantur?
3629 2971 3782 3035 Num

2132 3062 2485 3125 llierotbeus
2515 3063 2607 3124 vel
2639 3063 2762 3135 alii,
2795 3079 3046 3139 quorum
3097 3079 3315 3122 nomen
3367 3063 3604 3141 excidit,
3639 3081 3781 3125 eva-

2131 3154 2384 3234 nuitque
2411 3149 2846 3214 memoria?Sed
2871 3151 2928 3211 hi
2953 3151 3075 3212 suis
3099 3150 3466 3230 temporibus
3509 3152 3782 3214 celebres

2130 3259 2263 3304 esse
2292 3241 2653 3317 debuerunt,
2688 3248 2744 3302 et
2774 3239 3056 3301 omnibus
3087 3239 3262 3302 facile
3293 3241 3437 3302 noti.
3474 3240 3593 3303 Cur
3634 3258 3780 3316 ergo

2126 3330 2228 3394 isti
2261 3330 2376 3393 soli
2407 3348 2542 3394 cum
2576 3329 2869 3411 discipulo
2925 3348 3034 3391 suo
3085 3329 3363 3410 Dionysio
3403 3328 3780 3410 ,Areopagita

2127 3421 2343 3502 primo,
2377 3420 2646 3484 secundo
2679 3419 2979 3500 tertioque
3006 3416 3285 3482 Ecclesia
3316 3419 3536 3481 saeculo
3569 3438 3779 3483 mona-

2124 3510 2372 3572 chorum
2395 3509 2658 3585 nomina,
2681 3509 2979 3583 ordinem,
3006 3517 3248 3590 statum,
3273 3508 3776 3590 professionnem,

2124 3606 2282 3676 vota,
2308 3607 2640 3680 tonsuram,
2669 3607 2886 3660 vestem
2909 3608 2968 3660 et
2989 3597 3241 3678 collegia
3263 3605 3777 3663 memoraverunt?

2125 3691 2296 3754 Certe
2319 3708 2452 3752 cum
2476 3688 2574 3752 alii
2601 3689 2924 3770 scriptores
2956 3707 3062 3770 per
3095 3698 3210 3751 tam
3245 3687 3420 3769 longa
3451 3688 3623 3750 trium
3657 3707 3771 3750 sre-

2122 3779 2391 3844 culorum
2417 3779 2612 3860 spatia
2635 3779 3130 3842 horumomnium
3156 3797 3527 3860 nequaquam
3553 3777 3770 3841 memi-

2125 3873 2347 3946 nerint,
2374 3869 2434 3930 id
2468 3888 2612 3932 sane
2635 3877 2984 3950 argumento
3015 3887 3132 3930 non
3163 3869 3462 3930 levissimo
3495 3878 3584 3930 est
3615 3875 3770 3930 tem-

2124 3979 2268 4041 pore
2297 3959 2560 4040 Dionysii
2583 3959 2774 4022 nullos
2803 3959 3097 4022 exstitisse
3120 3958 3533 4038 hujuscemodi
3558 3976 3773 4020 mona-

2121 4050 2269 4112 chos
2299 4056 2358 4110 et
2389 4049 2792 4129 tberapeutas.

2723 4145 2994 4210 CAPUT.
3043 4146 3175 4212 XVI

391 4241 545 4322 quod
582 4241 972 4302 monasticum
1006 4239 1343 4302 institutum
1377 4258 1496 4301 non
1528 4237 1800 4301 ferebant
1841 4239 2032 4319 prima
2115 4239 2512 4322 Argumentum
2575 4237 2853 4310 septimum
2887 4281 2900 4304 ,
2963 4254 3028 4292 ea:
3077 4237 3400 4322 car-emoniis
3468 4235 3775 4305 ritibusque

389 4330 756 4394 szevientium
805 4332 1092 4394 adversus
1147 4329 1510 4392 Christianos
1543 4329 2031 4409 persecutionum

392 4419 832 4501 tempora.Quts
857 4421 1013 4482 enim
1064 4419 1177 4481 sibi
1201 4419 1553 4501 persuadeat
1585 4428 1863 4498 tyrannos
1895 4417 2033 4479 ido-

2185 4320 2379 4385 sacris,
2412 4335 2540 4389 quos
2573 4326 2756 4375 auctor
2787 4326 2966 4375 naster
2994 4319 3273 4386 recensuit,
3299 4318 3696 4390 depromptum.

2196 4409 2447 4473 Maxima
2468 4410 2960 4472 caeremoniarum
2990 4409 3338 4487 multitudo,
3365 4407 3774 4487 solemnisquo

391 4484 1111 4592 loru.mque~cultores,qui
1137 4484 1369 4570 summa
1399 4484 1756 4571 crudelitate
1786 4509 1842 4570 in
1869 4484 2102 4570 Chri-D
2120 4517 2322 4562 earum
2356 4509 2672 4592 apparatus
2701 4510 2757 4562 et
2793 4518 3026 4592 pempa,
3060 4499 3290 4592 quibus
3319 4484 3770 4592 auctor_noster

392 4601 622 4664 stianos
650 4619 860 4662 omnes
887 4599 1332 4681 grassabantur,
1357 4619 1459 4661 eos
1499 4599 1744 4680 impune
1803 4599 2032 4671 tuli<se,

389 4695 490 4777 qui
529 4694 589 4756 in
621 4694 886 4774 collegiis
917 4693 1318 4758 communiter
1345 4693 1672 4774 degentes,
1702 4700 1948 4755 tonsura
1979 4700 2037 4754 et

390 4798 551 4853 veste
576 4791 1036 4872 perfectiorique
1077 4790 1312 4852 vivendi
1337 4809 1560 4870 genere
1593 4791 1824 4853 caeteris
1856 4787 2033 4852 Chri-

389 4883 594 4948 stianis
624 4883 978 4948 illustriores
1009 4892 1197 4947 erant.
1231 4883 1562 4959 Sacerdos,
1598 4883 1783 4964 inquit
1821 4887 2035 4945 auctor

390 4983 746 5054 noster,stat
775 4977 856 5039 ad
885 4976 1164 5040 altare...
1197 4977 1255 5040 Is
1271 4981 1471 5040 autem
1489 4978 1596 5058 qui
1616 4984 2026 5051 consecratur,

390 5078 510 5134 stat
526 5080 659 5151 post
671 5071 1057 5134 sacerdotem.
1070 5117 1084 5134 .
1099 5089 1310 5152 .supra
1333 5070 1506 5134 illam
1522 5071 1838 5151 mysticam
1850 5071 1992 5132 invo
2005 5102 2031 5115 -

388 5165 650 5222 cationem
697 5166 1052 5239 prosequenti.
1114 5164 1232 5231 Qua
1281 5164 1458 5238 ﬁnita,
1488 5164 1734 5222 sacerdos
1779 5161 2033 5221 accedens

387 5255 550 5321 rogat
587 5249 762 5322 ipsum
787 5254 1049 5321 primum,
1079 5266 1152 5306 an
1179 5249 1428 5306 omnibus
1480 5246 1634 5306 rebus
1689 5247 1922 5304 diuiduis
1948 5263 2036 5301 re-

387 5335 620 5408 nuntiet,
644 5350 751 5391 non
779 5335 950 5392 solum
980 5335 1142 5402 uitiis,
1173 5333 1266 5391 sed
1316 5335 1483 5393 etiam
1532 5331 2034 5406 imaginationibus.

388 5419 592 5479 Deinde
624 5421 844 5495 exponit
895 5421 982 5478 illi
1013 5422 1180 5479 vitam
1230 5421 1696 5494 perfectissimam,
1735 5425 2040 5479 contestans

390 5505 548 5566 illam
576 5506 758 5568 debere
801 5506 1030 5566 mediam
1073 5506 1285 5567 vivendi
1320 5507 1574 5566 rationem
1599 5522 1878 5583 superare.
1911 5505 2041 5576 Qua

473 5674 528 5718 3°
557 5673 645 5741 De
684 5677 895 5759 script.
930 5675 1140 5743 eccles.

2119 4596 2495 4653 sacramenta
2519 4589 2912 4671 baptismatis,
2946 4589 3389 4652 chrismatiouis
3433 4595 3493 4650 et
3524 4585 3765 4650 Eucha-

2116 4681 2303 4743 ristize
2323 4681 2537 4742 cantici
2557 4690 2612 4742 et
2634 4679 3319 4760 administrari,missam
3348 4677 3769 4758 liturgiamque

2119 4769 2506 4850 celebrari,et
2529 4779 2898 4832 mortuorum
2923 4787 3174 4851 corpora
3197 4769 3444 4849 sepeliri
3467 4765 3766 4843 perhibet,

2119 4879 2254 4924 eum
2293 4859 2569 4942 Dionysio
2602 4860 2956 4940 Areopagita
2991 4859 3384 4940 posteriorem
3411 4873 3542 4919 esse
3562 4871 3769 4918 rursus

2117 4951 2375 5031 produnt
2397 4958 2456 5012 et
2485 4950 2923 5012 demonstrant.
2953 4949 3056 5010 Ille
3081 4950 3382 5010 enimvero
3406 4947 3514 5008 hos
3551 4961 3768 5007 omnes

2116 5042 2270 5104 ritus
2301 5058 2411 5100 nec
2439 5040 2652 5101 minori
2679 5056 3076 5115 numero,nec
3105 5037 3322 5099 minori
3353 5036 3760 5109 solemnitate,

2117 5147 2296 5207 quam
2355 5147 2492 5191 cum
2526 5129 2797 5192 Ecclesia
2827 5147 2971 5208 pace
2999 5127 3402 5208 placidissima
3429 5124 3762 5198 fruebatur,

2119 5239 2251 5296 suo,
2286 5221 2400 5284 hoc
2431 5227 2542 5295 est,
2573 5228 2634 5280 ut
2663 5218 2792 5300 ipse
2813 5220 2997 5296 tingit,
3031 5215 3421 5279 acerbissimo
3455 5230 3608 5296 pene
3663 5211 3763 5296 in-

2119 5309 2501 5373 credibilium
2525 5308 2904 5372 vexationum
2937 5315 3211 5390 tempore
3231 5325 3266 5372 a
3287 5303 3636 5370 Christianis
3655 5300 3768 5390 ad;

2122 5398 2320 5464 hiberi
2348 5399 2544 5463 solere
2575 5399 2889 5479 signiﬁcat.

2203 5489 2333 5553 Non
2365 5488 2696 5552 ditﬁtentur
2745 5486 2989 5572 quidem
3046 5483 3446 5570 Areopagitici
3505 5481 3763 5566 plurium
