4060 6214
218 341 294 410 45
1629 345 2220 419 PROLEGOMENA.

3520 356 3599 424 46

220 483 439 546 manda
502 485 759 566 proferri
811 499 986 568 posse
1044 478 1437 561 credidimus,
1498 485 1863 550 voluerimus
1884 493 1922 543 Α
1947 483 2259 565 dignatus.
2297 487 2416 551 Hac
2440 483 2758 552 Hitduinns
2791 489 3131 554 narratione
3150 496 3430 556 testatum
3463 491 3600 556 facit

219 592 352 636 esse
387 577 853 654 praetermissum
868 626 882 640 .

302 664 420 726 Sed
457 665 726 744 praelium
748 666 1080 728 instaurant
1099 664 1526 748 AreOpagitici,
1543 665 1876 746 ultimoque

220 754 453 832 impetu
489 755 548 816 in
567 755 945 818 adversarios
973 754 1155 836 facto,
1177 767 1394 834 urgent
1427 773 1530 818 eos
1553 754 1876 819 audacissi-

221 860 352 902 mos
386 861 544 916 esse,
581 852 638 906 et
670 863 912 925 prorsus
936 845 1317 926 temerarios,
1347 851 1448 927 qui
1479 845 1725 926 fraudis,
1759 845 1872 906 fal-

218 935 927 1016 situtis,putidissimique
951 936 1246 999 mendacii
1275 943 1577 998 auctorem
1603 945 1872 998 nostrum

215 1040 388 1084 reum
439 1032 636 1105 agant,
673 1025 845 1106 cujus
877 1026 1100 1106 scripta
1131 1043 1353 1087 meram
1398 1025 1618 1106 ubique
1647 1027 1875 1107 spirant

218 1112 906 1195 pietatem,gravitatem,
939 1114 1418 1177 sanctimoniam.
1446 1113 1518 1176 Et
1540 1125 1701 1177 certe
1742 1117 1874 1196 quis

214 1203 409 1264 virum
429 1204 596 1266 illum
617 1205 859 1266 doctum
894 1205 1195 1282 tantisque
1223 1204 1448 1283 ingenii
1470 1205 1706 1268 dotibus
1728 1223 1875 1286 prm-

214 1293 433 1369 ditnm,
470 1313 538 1356 eo
563 1293 848 1356 caecitatis
881 1303 936 1356 et
965 1293 1358 1375 impudentiae
1392 1295 1706 1356 devenisse
1735 1313 1872 1357 cre-

216 1383 316 1444 dat
331 1384 576 1459 ut,falso
603 1385 872 1466 Dionysii
892 1385 1271 1465 Areopagitae
1287 1394 1588 1465 assumpto
1606 1385 1870 1467 nomine,

218 1481 302 1533 tot
335 1475 633 1555 tantisque
677 1474 861 1538 rebus
891 1493 1025 1537 cum
1057 1473 1325 1553 ejusdem
1384 1472 1646 1554 Dionysii
1678 1481 1873 1554 mtate,

217 1561 486 1643 ingenio,
518 1563 786 1626 moribus
815 1564 1081 1646 styloque
1109 1562 1507 1644 pugnantibus
1522 1563 1742 1645 scripta
1771 1582 1879 1627 sua

213 1653 651 1734 consperserit.

294 1747 373 1804 At
397 1743 524 1804 haec
557 1742 786 1818 omnia,
809 1741 1069 1805 clamant
1097 1741 1651 1824 Antiareopagitici,
1685 1743 1874 1805 victo-

1959 575 2166 638 decem
2200 587 2258 640 et
2308 598 2514 642 novem
2552 579 2836 642 miracula
2869 597 2938 640 eo
2984 579 3079 642 die
3109 599 3226 661 quo
3254 580 3601 664 Dionysiani

1956 664 2094 728 libri
2128 675 2187 728 tn
2228 687 2401 730 suum
2435 669 2861 731 monasterium
2893 670 3176 750 asportati
3211 679 3371 747 sunt,
3417 672 3599 734 fuisse

1959 756 2199 835 quidem
2219 767 2678 838 patrata;verum
2705 776 2774 821 ea
2795 777 2914 820 non
2937 759 3285 822 eorumdem
3308 760 3598 824 librorum

1959 846 2168 908 virtute
2196 856 2294 908 aut
2319 847 2738 929 applicatione,
2764 847 2868 909 sed
2900 847 3270 911 orationibus
3291 859 3348 912 et
3372 851 3600 914 meritis

1957 936 2436 999 excellentissimi
2455 937 2546 999 sui
2569 937 2841 1019 martyris
2861 955 2894 998 a
2925 937 3156 1000 Christo
3172 939 3425 1002 Domino
3439 940 3602 1002 edita

1957 1043 2090 1089 esse
2142 1035 2557 1090 asseveranter
2602 1026 2879 1089 affirmat.
2914 1025 3185 1100 Quamvis
3245 1039 3444 1093 autem
3474 1031 3602 1093 11ωο

1959 1115 2245 1182 librorum
2297 1117 2786 1199 Dionysianorum
2824 1124 2980 1179 tactu
3027 1119 3435 1200 contigissent,
3480 1139 3600 1182 non

1957 1204 2102 1267 inde
2139 1218 2334 1269 tamen
2382 1207 2710 1286 genuinum
2742 1205 3006 1286 Dionysii
3053 1208 3424 1288 AreOpagitaa
3453 1227 3601 1288 opus

1959 1313 2090 1358 esse
2112 1306 2274 1359 certo
2296 1295 2576 1359 concludi
2601 1303 2821 1374 potest.
2853 1295 3040 1357 Nemo
3068 1297 3225 1358 enim
3258 1299 3449 1359 nescit
3475 1298 3598 1360 dae-

1960 1387 2157 1448 monia
2187 1389 2263 1448 ab
2295 1387 2386 1448 his
2425 1386 2526 1468 qui
2560 1403 2669 1448 nec
2703 1385 2919 1448 Christi
2945 1385 3246 1466 discipuli,
3280 1404 3392 1449 nec
3423 1386 3602 1449 Chri-

1960 1477 2130 1533 stiani
2154 1485 2337 1546 erant,
2359 1475 2617 1546 ejusdem
2642 1475 2847 1532 Christi
2877 1475 3111 1532 nomine
3127 1474 3306 1546 ejecta
3337 1475 3513 1534 fuisse
3531 1477 3602 1545 ν’,

1957 1575 2135 1649 atque
2183 1584 2255 1628 ex
2288 1584 2426 1630 vera
2473 1574 2696 1627 tantum
2727 1564 3082 1645 ardentique
3135 1565 3605 1628 Christianorum

1959 1657 2076 1720 fide
2106 1658 2218 1719 alia
2249 1656 2532 1720 miracula
2563 1674 2598 1717 a
2630 1657 2754 1719 Deo
2810 1672 2967 1734 saepe
2997 1655 3214 1736 saepius
3269 1655 3604 1738 impetrata.

2559 1741 2806 1810 CAPUT
2846 1743 3016 1808 XIX.

213 1849 354 1893 rum
412 1832 728 1894 hominum
762 1831 894 1894 vani
926 1832 1200 1910 cassique
1232 1840 1370 1894 sunt
1422 1835 1704 1913 impetus.
1735 1831 1878 1906 Quis
1901 1858 1937 1908 Β
1964 1837 2095 1913 Quo
2116 1845 2384 1918 tempore
2402 1836 2530 1898 haec
2550 1836 2783 1916 scripta
2803 1835 3130 1898 secundum
3148 1835 3610 1917 Antiareopagi-

215 1922 383 1983 enim
415 1922 643 1985 nesciat
663 1922 1085 2002 hujuscemodi
1108 1922 1499 2003 scriptoribus
1519 1922 1703 1985 moris
1734 1941 1866 1985 esse
2115 1929 2369 1990 tieorum
2386 1930 2743 1988 sententiam
2760 1926 2827 1986 in
2849 1926 3040 1987 lucem
3057 1925 3436 2004 prodierint.

213 2013 441 2092 scripta
495 2031 628 2094 sua,
661 2031 793 2094 quae
844 2011 917 2074 ab
950 2012 1098 2093 ipsis
1129 2012 1322 2074 fallaci
1368 2012 1477 2073 viri
1507 2013 1868 2076 sanctissimi
2036 2018 2148 2092 Qui
2183 2015 2520 2080 rationibus
2552 2015 2843 2078 hactenus
2894 2034 2930 2076 a
2959 2014 3134 2077 nobis
3184 2013 3378 2077 allatis
3407 2015 3610 2078 omnia

215 2103 464 2164 nomine
496 2103 926 2179 inscribuntur,
951 2121 1022 2165 ea
1043 2101 1285 2184 pietate,
1308 2103 1613 2182 gravitate,
1639 2111 1697 2164 et
1725 2121 1869 2165 san-
1957 2118 2224 2190 auctoris
2256 2106 2442 2169 nostri
2477 2104 2672 2186 Opera
2703 2104 3098 2186 Dionysianos
3147 2105 3301 2167 fetus
3332 2124 3466 2168 esse
3495 2125 3609 2168 ne-

214 2192 504 2254 ctimonia
555 2211 875 2269 exornare,
909 2211 1026 2274 qua
1055 2191 1130 2254 ab
1175 2192 1392 2254 iisdem
1422 2193 1587 2269 viris,
1620 2211 1872 2274 quorum
1958 2209 2119 2280 gant.
2153 2216 2270 2279 quo
2303 2206 2574 2275 tempore
2598 2214 2668 2258 ea
2697 2195 2756 2256 in
2781 2195 2975 2258 lucem
2995 2193 3611 2276 prodierint,diligen-

216 2301 438 2343 nomen
499 2288 913 2358 mentiuntur,
975 2281 1323 2345 exornanda
1381 2283 1509 2344 fore
1567 2283 1873 2345 existima-
1961 2298 2052 2352 ter
2095 2287 2430 2368 inquirunt.
2465 2289 2711 2350 Constat
2751 2294 2948 2348 autem
3010 2284 3110 2347 illa
3136 2293 3275 2347 ante
3323 2284 3608 2348 Collatio-

218 2370 384 2436 bant.
431 2371 552 2434 Nec
584 2379 786 2436 minus
816 2373 876 2434 in
912 2391 1121 2436 eorum
1156 2390 1326 2434 more
1369 2373 1650 2451 positum,
1685 2381 1748 2434 ut
1773 2373 1874 2434 alii
1961 2397 2097 2442 nem
2169 2373 2913 2456 Constantinopolitanam,
2973 2392 3157 2452 anno,
3207 2383 3269 2436 ut
3324 2373 3604 2451 diximus,

220 2463 415 2542 plura,
447 2463 552 2525 alii
603 2464 911 2545 pauciora,
949 2481 1082 2546 quae
1143 2463 1411 2526 ementiti
1468 2461 1727 2524 auctoris
1784 2461 1878 2524 sui
1963 2466 2077 2533 533
2101 2464 2385 2545 habitam,
2422 2464 2643 2545 publici
2697 2463 2854 2526 facta
2885 2462 3066 2526 fuisse
3121 2463 3298 2542 juris.
3334 2463 3610 2536 Quandiu

217 2550 462 2630 ingenio
513 2563 572 2614 et
603 2553 973 2634 temporibus
1019 2552 1437 2627 adversentur,
1471 2549 1712 2632 scriptis
1755 2552 1879 2614 suis
1961 2576 2099 2621 vero
2125 2575 2252 2620 eam
2282 2554 3108 2636 praecesserint,magnainter
3132 2557 3455 2634 scriptores
3477 2553 3610 2617 illos

218 2643 580 2706 insererent.
615 2641 714 2706 Sic
761 2661 1003 2724 nempe,
1037 2644 1161 2706 Deo
1183 2642 1269 2705 ita
1297 2641 1554 2716 volente,
1593 2659 1874 2704 nonnun-

1961 2651 2364 2710 controversia
2394 2652 2507 2706 est.
2545 2642 2839 2726 Opinatur
2870 2643 3092 2705 etenim
3127 2642 3386 2706 Dallaens
3413 2643 3478 2695 48
3504 2662 3609 2706 au-

219 2749 406 2812 quam
437 2731 715 2795 obczecati
747 2741 908 2814 sunt,
934 2741 996 2795 ut
1020 2732 1205 2808 illius,
1234 2749 1416 2809 quem
1449 2731 1878 2812 fingunt,inge-
1961 2746 2182 2802 ctorem
2207 2745 2474 2798 nostrum
2489 2735 2740 2796 omnino
2759 2733 2959 2796 videri
2975 2733 3074 2794 vel
3089 2733 3613 2814 quintoprweipiti

219 2821 398 2883 nium
459 2823 879 2904 scribendique
911 2821 1150 2884 modum
1205 2839 1326 2884 nou
1374 2821 1654 2895 assecuti,
1683 2821 1776 2882 vel
1806 2840 1876 2884 ea
1960 2827 2203 2901 saeculo,
2233 2824 2330 2888 vel
2358 2830 2540 2888 etiam
2573 2830 2742 2886 sexto
2782 2823 3039 2902 via'isse,
3077 2839 3182 2884 nec
3210 2831 3350 2885 ante
3377 2840 3609 2885 annum

218 2929 356 2990 quae
387 2910 545 2973 illius
563 2921 736 2975 aetate
757 2911 1290 2986 fierideberent,ex
1318 2910 1408 2971 sui
1425 2915 1713 2991 temporis
1734 2929 1877 2973 con-
1961 2917 2212 2982 Domini
2226 2917 2473 2978 circiter
2490 2913 2609 2976 520
2621 2913 2787 2990 ferus
2804 2928 2946 2974 suos
2966 2911 3248 2977 edidisse,
3265 2910 3432 2984 Quod
3465 2912 3603 2993 qui-

219 3001 648 3063 suetudinibus
680 3021 750 3063 ac
777 3001 1095 3081 disciplina
1144 3001 1482 3080 metientes,
1517 2999 1607 3062 vel
1635 2998 1751 3080 ipsi
1800 3000 1876 3062 iis
1962 3007 2099 3070 dem
2132 3026 2200 3068 ex
2231 3025 2300 3067 eo
2335 3002 2572 3084 probari
2609 3021 2787 3084 posse
2819 3008 2985 3082 putat
3019 3000 3157 3083 quia
3185 3001 3248 3064 in
3281 3009 3607 3064 memorata

218 3108 354 3191 quae
378 3109 487 3153 sua
516 3089 1074 3191 aetateagebantur,
1110 3089 1526 3191 auctoritatem
1551 3089 1877 3191 conciliare
1893 3137 1935 3191 ο
1961 3095 2278 3160 collatione
2304 3093 2608 3191 Hypatius,
2638 3091 2944 3191 catholica}
2975 3091 3605 3191 totiusEccle‘siznP-o-

217 3180 516 3263 volentes,
551 3180 819 3262 quaedam
849 3181 1093 3262 scriptis
1123 3181 1246 3242 suis
1274 3186 1374 3242 aut
1420 3177 1748 3260 prudentes
1778 3177 1935 3241 aut"
1965 3187 2149 3262 utine,
2181 3185 2519 3248 Severianis
2549 3181 2926 3262 responderit
2975 3181 3086 3243 hos
3128 3179 3313 3243 libros
3361 3179 3603 3262 Cyrillo,

217 3269 444 3332 incauti
467 3270 1050 3352 adjicerent,quibus
1076 3288 1280 3334 eorum
1302 3269 1541 3332 fraudes
1559 3276 1621 3332 et
1637 3269 1881 3332 menda-
1962 3276 2285 3338 Athanasio
2309 3273 2558 3354 aliisque
2583 3271 2850 3334 Patribus
2869 3270 3104 3352 penitus
3130 3270 3312 3332 fuisse
3330 3270 3605 3350 incogni-

219 3360 311 3421 cia
340 3360 418 3422 ab
454 3360 883 3424 oculatioribus
914 3360 1150 3424 tandem
1181 3367 1410 3422 retecta
1442 3368 1604 3423 sunt.
1964 3373 2056 3428 tos
2083 3383 2098 3440 ;
2123 3365 2224 3426 sed
2261 3365 2386 3426 leve
2418 3363 2659 3424 omnino
2688 3370 2777 3423 est
2807 3360 2963 3423 istud
2995 3359 3361 3441 probationis
3384 3377 3602 3440 genus.

299 3448 464 3522 Quid
497 3468 666 3526 vero,
692 3451 915 3512 instant
933 3449 1492 3530 Areopagitici,!nec
1517 3447 1643 3511 Deo
1669 3449 1878 3530 moris,
1963 3453 2110 3517 Nam
2133 3454 2382 3518 Collatio
2405 3453 2504 3513 illa
2529 3452 2846 3514 concilium
2872 3450 3307 3513 (Boumenicnm
3333 3467 3452 3510 non
3468 3448 3597 3527 fuit,

217 3558 332 3601 nec
365 3548 609 3602 aeternae
662 3539 820 3602 illius
873 3539 1258 3618 providentia:
1305 3549 1398 3600 est
1428 3557 1611 3620 opera
1639 3556 1788 3600 vana
1821 3547 1883 3600 et
1968 3563 2078 3606 nec
2111 3543 2430 3624 quidquam
2467 3542 2627 3603 hisce
2651 3541 2724 3602 de
2753 3540 2988 3619 scriptis
3013 3539 3146 3617 lege
3177 3538 3292 3599 lata
3326 3537 3595 3600 sancivit.

216 3629 374 3690 ﬁctis
390 3629 725 3693 mendaciis
750 3630 926 3710 plena
949 3627 1101 3691 veris
1127 3629 1521 3692 cohonestare
1550 3628 1883 3700 miraculis?
1968 3633 2252 3715 Hypatius
2282 3631 2483 3708 itaque
2511 3631 2687 3691 totius
2711 3628 2994 3691 Ecclesiae
3025 3627 3263 3688 nemine
3284 3645 3402 3688 non
3430 3626 3600 3715 locu-

213 3717 545 3783 Hilduinus
565 3720 1257 3798 tamen,testisoculatus,
1280 3721 1536 3782 afﬁrmat
1557 3719 1884 3782 haecAreo-
1971 3714 2070 3785 tus
2097 3730 2184 3785 est
2217 3743 2231 3783 :
2279 3721 2384 3784 sed
2419 3720 2570 3782 utin
2602 3718 3015 3798 hujuscemodi
3065 3714 3604 3778 concertationibus

211 3811 444 3889 pagitae
491 3808 709 3890 Opera,
746 3829 878 3872 cum
915 3810 1091 3872 variis
1136 3810 1581 3873 inﬁrmitatibus
1642 3809 1704 3870 in
1741 3808 1884 3870 tanti
1969 3814 2101 3877 ﬁeri
2123 3807 3007 3888 amat,Severianiseorumdem
3031 3807 3387 3888 scriptorum
3406 3814 3607 3869 aucto-

209 3900 338 3962 viri
367 3901 659 3962 honorem
724 3901 1187 3981 applicarentur,
1221 3900 1422 3962 multis
1453 3898 1736 3962 divinitus
1766 3901 1882 3960 ho-
1964 3904 2196 3967 ritatem
2229 3900 2650 3983 objicientibus
2675 3917 2744 3960 ex
2776 3909 3048 3979 tempore
3077 3895 3406 3977 respondit,
3436 3914 3504 3958 ea
3525 3895 3602 3961 de

213 3995 462 4054 nestata
493 3990 675 4052 fuisse
708 3991 1036 4055 miraculis.
1966 3992 2182 4075 quibus
2199 3993 2342 4054 nihil
2369 3993 2656 4052 hactenus
2673 3985 3042 4068 audierat,ab
3060 3985 3319 4066 antiquis
3333 3983 3602 4075 Patribus

303 4079 432 4142 Sed
467 4080 697 4142 caeteris
755 4080 1034 4143 omnibus
1067 4079 1297 4143 ﬁrmius
1329 4097 1447 4144 non
1481 4087 1569 4141 est
1601 4077 1878 4141 ultimum
1964 4073 2082 4146 non
2104 4083 2285 4144 fuisse
2303 4078 2855 4159 cognitaPrmterea
2872 4075 3174 4139 Severiani
3197 4075 3296 4136 illa
3320 4073 3597 4154 citaruut,

215 4169 373 4232 illud
438 4169 990 4251 Areopagiticorum
1027 4169 1396 4251 praesidium,
1442 4169 1667 4251 quippe
1723 4167 1878 4248 quod
1962 4193 2081 4236 non
2100 4181 2162 4234 ut
2192 4190 2339 4232 nova
2370 4179 2427 4230 et
2456 4186 2667 4230 recens
2699 4166 2988 4241 edita,sed
3017 4164 3422 4244 utgenuinum
3458 4165 3602 4228 Dio-

217 4260 371 4339 ipsis
411 4257 683 4322 Hildnini
717 4259 916 4323 verbis
953 4260 1280 4340 expugnari
1333 4259 1626 4323 videatur.
1661 4257 1745 4320 De
1790 4257 1882 4320 his
1963 4258 2509 4346 nysiiAreOpagitm
2531 4275 2700 4337 opus,
2723 4257 2845 4335 jam
2868 4255 2941 4316 ab
2967 4255 3093 4346 ejus
3113 4262 3282 4318 aetate
3304 4253 3604 4346 inqvulgus

215 4349 378 4410 enim
399 4349 1664 4415 miraculissicillescribitiﬂzAttthentieos
1693 4366 1874 4411 nam-
1965 4343 2275 4416 emissum.
2332 4349 2616 4429 Hypatius
2667 4364 2810 4408 vero
2857 4345 3176 4425 caeterique
3206 4343 3502 4410 catholici.
3536 4361 3604 4405 re

217 4456 333 4518 que
353 4439 595 4502 eosdem
613 4439 821 4514 libros,
852 4439 1872 4521 ercaliuguaconscriptos,quo-
1899 4429 2248 4506 Dmaturius
2290 4457 2568 4520 expensa,
2620 4436 2680 4498 id
2726 4453 2928 4497 verum
2983 4453 3114 4495 esse
3160 4433 3314 4495 ultro
3346 4433 3605 4495 confessi

217 4529 362 4584 πίω
394 4543 702 4588 mnam“!
730 4530 987 4587 Εθοιεδίοε
1008 4527 1877 4602 Conflanlinopt’maﬂweleam"
1957 4541 2117 4596 sunt.
2152 4533 2227 4593 At
2259 4547 2455 4610 neque
2508 4525 2819 4590 Severi-ani
2853 4523 2999 4585 illud
3058 4532 3215 4584 tanta
3245 4522 3605 4584 confidentia

219 4621 367 4678 αἱςςὶ
413 4618 691 4677 Michaelis
719 4620 982 4693 legatione
1014 4621 1234 4694 publica
1281 4619 1350 4675 ad
1369 4627 1618 4692 ,oestram
1647 4618 1874 4690 gloriam

1958 4627 2392 4685 asseverassent
2403 4665 2420 4696 ,
2450 4635 2644 4697 neque
2662 4612 2951 4678 Catholici
2971 4630 3177 4673 eorum
3194 4612 3426 4673 tandem
3451 4611 3600 4674 sub-

219 4710 538 4784 ωηερεηάἰο
578 4711 759 4782 functi
803 4719 932 4771 sunt
963 4732 981 4775 ;
1013 4713 1075 4769 in
1130 4713 1251 4786 ipsa
1299 4712 1488 4784 vigilia
1521 4710 1872 4770 solemnitatis

1958 4712 2340 4793 scripsissent
2368 4707 2700 4786 sententiae,
2734 4705 2785 4766 si
2818 4705 2907 4765 hae
2937 4702 3380 4793 lucubrationes
3409 4720 3444 4765 a
3472 4710 3600 4793 tre-

221 4800 398 4857 muli
461 4800 714 4872 Dionysii
763 4817 869 4875 pro
927 4817 1147 4860 munere
1209 4817 1412 4874 magno
1463 4800 1867 4873 susceperimus.
1955 4791 2149 4865 decim
2182 4810 2404 4862 tantum
2429 4795 2694 4872 annis,ut
2724 4793 3026 4856 contendit
3053 4792 3327 4873 Dallaeus,
3350 4791 3602 4872 prodiis-

225 4888 369 4954 Quod
419 4889 624 4947 donum
651 4890 914 4949 devotioni
959 4901 1178 4961 nostra,
1212 4908 1274 4947 ac
1320 4892 1370 4949 si
1396 4891 1596 4947 cwlilus
1647 4890 1874 4946 allatum
1958 4901 2088 4956 sent
2118 4892 2179 4952 in
2213 4890 2433 4952 lucem'

223 4996 255 5033 o
283 4981 421 5047 Deo,
450 4981 645 5039 divina
691 4987 769 5040 est
794 4983 975 5054 gratia
1008 4987 1287 5055 prosecuta
1327 5000 1341 5046 ;
1393 4987 1453 5038 ut
1481 4981 1538 5036 in
1572 4979 1750 5038 eadem
1777 4997 1876 5034 ηοο
2042 4983 2417 5062 Quapropter
2446 4977 2546 5039 alii
2578 4994 2678 5038 eas
2708 4975 2882 5054 longe
2917 4972 3011 5036 his
3042 4971 3410 5062 temporibus
3440 4972 3600 5035 anti-

221 5077 300 5126 cte
329 5071 508 5130 decem
539 5078 589 5130 et
625 5088 816 5132 novent
861 5073 1301 5131 uomiuatissimat
1345 5073 1574 5130 virtutes
1604 5071 1663 5126 in
1705 5086 1882 5144 wgro-
1965 5061 2206 5155 quiores
2226 5087 2358 5131 esse
2375 5067 2690 5130 affirmant.
2724 5066 2920 5155 Atque
2944 5071 3005 5155 ut
3025 5062 3084 5123 id
3099 5061 3600 5155 probent,oste_n-

214 5168 397 5220 torua
422 5164 696 5221 sanatione
737 5167 1020 5222 variarum
1071 5163 1455 5237 iri/imitatum
1482 5177 1552 5221 ea:
1592 5162 1886 5220 notissimis
1967 5151 2117 5225 dunt
2135 5159 2326 5244 primo
2346 5156 2700 5238 abEphrazm
2719 5151 3453 5244 patriarchaAntiocheno
3471 5152 3601 5244 illas

214 5258 273 5311 et
316 5250 594 5311 vicinitati
625 5259 823 5310 nostra
855 5253 1098 5326 personis
1133 5252 1420 5324 contiguis,
1465 5249 1536 5307 ad
1591 5249 1798 5309 laudem
1833 5259 1874 5310 et

1964 5241 2252 5332 Dionysio
2276 5245 2652 5328 Areopagitae
2674 5243 2767 5305 his
2789 5241 2984 5332 verbis
3005 5241 3184 5304 tribui
3198 5241 3282 5332 ωε
3305 5241 3602 5317 Quoniam

211 5341 482 5424 gloriam
493 5345 874 5407 suinominis
883 5362 989 5407 ora
999 5342 1264 5408 tionibus
1275 5350 1332 5408 et
1345 5342 1579 5406 meritis
1589 5341 1882 5434 excellere
1964 5351 2021 5408 et
2036 5338 2296 5434 simplex
2313 5335 2488 5434 Jews
2501 5331 2972 5434 componebatur
2981 5331 3314 5434 secundum
3323 5337 3602 5434 “sanctum

215 5418 458 5497 iissimi
474 5435 578 5498 sui
597 5439 908 5514 martyris
925 5432 1205 5498 Christus
1216 5433 1514 5498 Dominus
1533 5435 1612 5496 sit
1628 5433 1874 5515 operari

1969 5418 2329 5512 Dionysium
2352 5423 2804 5507 Areopagitam.
2818 5423 2833 5447 ’
2847 5421 3042 5491 Επειδὴ
3071 5423 3159 5481 καὶ
3186 5419 3376 5486 ἁπλοῦς
3396 5418 3600 5488 Ἰησοῦς

300 5593 357 5638 ιθ
386 5594 580 5677 Epist,
604 5595 681 5658 ad
713 5593 989 5659 Carolnm
1022 5594 1261 5660 Calvum
1298 5597 1467 5677 (Pot.
1499 5595 1636 5659 Lat.
1663 5603 1711 5677 At.
1745 5592 1896 5677 CVI,
1927 5595 2022 5662 col
2056 5594 2182 5677 33).

1298 5595 1711 5739 frictédt:
1927 5595 2022 5662 col
2056 5594 2182 5677 33).
2229 5591 2280 5635 ‘7
2311 5591 2494 5655 Marc.
2529 5587 2592 5666 9,
2627 5585 2726 5651 3’7.
2755 5583 2812 5628 ιθ
2846 5583 2931 5648 De
2960 5583 3062 5648 lib.
3099 5599 3342 5722 suppos.
3379 5581 3606 5668 Dionys

219 5693 364 5756 cap.
402 5673 496 5740 Ὠ.
530 5673 586 5719 ⁴⁹
614 5677 790 5756 Apud
821 5677 1094 5740 Photium
1128 5678 1188 5740 in
1219 5673 1535 5758 Biblioth.,
1569 5675 1704 5741 cod.
1737 5673 1893 5739 229i
2137 5673 2146 5677 ⁷
3337 5718 3340 5722 ,
