4060 6214
444 356 517 422 47
1129 383 1134 388 ι
1606 350 1666 416 S.
1715 349 2124 416 DIONYSIUS
2164 345 2676 414 AREOPAGITA.

3750 351 3825 417 48

452 499 691 560 συνετέθν
748 493 884 552 κατά
917 494 1003 550 τὸν
1033 490 1087 549 ἐν
1131 503 1245 554 τοῖς
1306 490 1478 569 ἁγίοις
1523 489 1924 568 Ἀρεωπαγίτην
1965 500 2089 545 Διο-

2203 500 2237 544 n
2270 479 2442 543 libris
2471 480 2590 561 ipsi
2615 479 2889 562 ascriptis
2912 481 3090 545 etiam
3136 499 3298 542 nunc
3327 479 3532 560 legere
3563 490 3672 544 est.
3710 482 3828 544 Sed

455 583 846 666 voctov.Atqui
861 581 1136 662 Ephraem
1163 579 1496 662 patriarcha
1511 577 1922 640 Antiochenus
1941 597 2106 639 crea-

459 687 553 741 tus
584 686 674 740 est
701 692 834 740 cum
867 671 1235 735 Justinianus
1266 687 1421 731 anno
1455 671 1572 729 5‘36
1603 667 1674 728 ad
1722 667 1954 749 imperii
1987 687 2102 745 gu-

455 766 780 832 bernacula
808 762 1084 842 accessit,
1118 769 1180 822 et
1233 761 1488 840 ipsemet
1519 757 1774 838 Ephrem
1808 766 1945 819 ante
1990 778 2101 818 an-

456 875 598 920 num
632 856 750 918 545
783 855 904 916 fato
937 852 1172 914 functus
1203 857 1312 912 est.
1351 846 1614 928 Dionysii
1647 848 1822 910 etiam
1861 848 2104 909 nomine

457 966 576 1011 non
609 944 797 1009 semel
829 943 1083 1007 citantur
1113 939 1186 1002 ab
1215 938 1454 1001 Andrea
1489 936 1837 1000 Caesariensi
1867 938 2098 1018 episco-

458 1057 556 1118 po,
594 1036 696 1116 qui
723 1035 883 1096 circa
926 1049 1146 1095 annum
1177 1030 1296 1092 500
1327 1027 1514 1090 libros
1539 1047 1680 1089 suos
1697 1027 1890 1118 edidit
1917 1029 1980 1079 50
2038 1027 2101 1088 In

453 1117 528 1190 iis
561 1127 781 1208 quippe
812 1122 1035 1186 nullius
1065 1119 1381 1208 scriptoris
1409 1118 1581 1181 beato
1631 1117 1851 1198 Cyrillo
1884 1136 2099 1180 recen-

457 1217 647 1290 tioris,
670 1207 783 1277 ille
815 1209 1056 1294 protulit
1087 1207 1515 1271 testimonium.

2190 570 2427 651 quidam
2447 569 2625 650 hujus
2637 571 3122 652 historiographi,
3137 589 3314 652 quem
3332 571 3660 633 fabulosissi
3669 590 3827 634 mum

2189 681 2322 726 esse
2349 663 2580 740 dicunt,
2615 664 3027 728 auctoritatem
3055 666 3288 727 elevare
3321 667 3516 727 conati
3553 685 3567 728 :
3614 665 3826 746 Verba,

2188 753 2479 826 inquiunt,
2523 770 2588 811 ea:
2642 755 2840 812 nosiris
2877 753 3220 827 Dionysium:
3263 754 3526 828 descripta
3572 755 3836 828 Nicepho-

2185 859 2282 900 rus
2333 843 2549 902 videtur
2574 844 2687 916 ipse
2726 845 2909 918 potius
2944 844 3008 902 de
3045 859 3139 903 suo
3177 844 3457 918 adjecisse,
3487 845 3560 903 ad
3593 847 3832 903 Juvena-

2187 935 2263 997 lis
2278 939 2698 998 narrationem
2719 935 3226 1017 conﬁrmandam,
3255 954 3442 1016 quam
3461 954 3532 1000 ea
3549 935 3836 1000 Juvenali

2190 1025 2506 1087 tribuisse.
2543 1021 2652 1088 His
2675 1034 2871 1087 autem
2897 1025 2946 1086 si
2979 1024 3227 1105 objicias
3246 1024 3648 1106 Nicephorum
3679 1027 3836 1088 clare

2187 1121 2250 1176 et
2273 1119 2596 1196 perspicue
2619 1114 2918 1178 afﬁrmare
2948 1115 3248 1196 ipsissima
3277 1114 3577 1178 Juvenalis
3607 1115 3785 1179 verba
3804 1135 3836 1178 a

2189 1221 2254 1266 se
2284 1203 2470 1267 fuisse
2496 1203 2815 1286 descripta,
2837 1213 3138 1286 reponunt
3158 1205 3339 1268 illico:
3361 1205 3684 1269 Historicis
3696 1208 3837 1268 scri-

538 1305 714 1369 Aliud
745 1293 1014 1384 ejusdem
1049 1297 1412 1379 antiquitatis
1441 1305 1876 1376 argumentum,
1905 1298 2102 1358 minus
2179 1293 2456 1374 ptoribus
2476 1295 2739 1357 solemne
2758 1295 3831 1377 esse,homynes,dequibusscribunt,
3939 1360 3948 1365 .

461 1407 660 1460 tamen
719 1403 970 1464 certum,
1005 1390 1238 1452 elicitur
1267 1406 1335 1448 ex
1394 1385 1638 1448 scholiis
1687 1405 1818 1468 qum
1843 1385 2102 1450 Joannes
2184 1401 2258 1446 ea
2277 1384 2541 1448 dicentes
2566 1385 2878 1452 inducere.
2911 1403 3030 1449 non
3059 1403 3189 1464 qua:
3212 1403 3344 1448 vere
3371 1403 3442 1450 ac
3471 1394 3632 1451 certe
3662 1387 3838 1450 dixe-

459 1483 1008 1566 Scythopolitanus,
1037 1487 1185 1541 teste
1207 1475 1523 1566 Anastasio
1545 1475 2101 1556 Bibliothecario,in

466 1564 736 1652 Dionysii
761 1573 956 1652 Opera
976 1567 1330 1648 composuit.
1359 1564 1506 1629 Nam
1531 1575 1738 1628 contra
1761 1566 2111 1629 huncloan-

2192 1482 2364 1550 runt,
2390 1475 2492 1537 sed
2511 1493 2642 1556 quin
2671 1474 2808 1537 illos
2832 1475 2948 1555 ipsi
2975 1475 3182 1538 dicere
3203 1477 3476 1554 potuisse
3505 1484 3743 1556 putant.

2273 1564 2395 1626 Sed
2415 1565 2554 1628 huic
2576 1564 2956 1647 responsioni
2982 1565 3153 1646 plura
3179 1583 3516 1646 repugnare
3536 1567 3842 1631 videntur.

463 1651 640 1744 nem,
684 1661 787 1744 qui
822 1651 1084 1722 concilii
1145 1656 1653 1720 Chalcedonensis
1701 1656 2110 1717 defensionem
2196 1651 2462 1744 Primum
2527 1655 2688 1744 enim
2724 1654 2800 1717 de
2837 1673 3204 1736 quocunque
3256 1655 3374 1718 alio
3405 1656 3718 1738 scriptore,
3752 1659 3852 1737 qui

465 1742 834 1833 Susceperat,
858 1748 1097 1831 scripsit
1125 1746 1378 1811 Basilius
1402 1746 1572 1823 Cilix,
1605 1746 1731 1825 qui,
1755 1757 1820 1808 ut
1852 1747 1930 1808 ait
1954 1745 2114 1806 Pho-
2141 1782 2176 1833 Β
2199 1742 2454 1805 aliorum
2510 1743 2690 1806 verba
2738 1761 3172 1827 sermonesque
3231 1744 3600 1822 transcribit,
3645 1747 3852 1810 eadem

464 1846 583 1909 tius
607 1843 690 1924 ω,
724 1841 1048 1923 presbyter
1096 1839 1219 1916 fuit
1249 1836 1530 1899 Ecclesiw
1560 1837 1964 1906 Antiochenm.
2001 1853 2116 1914 quo
2199 1833 2379 1924 etiam
2399 1833 2524 1924 dici
2560 1843 2832 1914 possent.
2869 1833 3037 1924 Quod
3071 1852 3218 1924 sane
3241 1853 3416 1916 quam
3449 1836 3656 1898 falsum
3691 1836 3768 1898 sit
3796 1844 3856 1898 et

470 1920 737 2016 tempore
753 1935 1033 1996 thronum
1055 1927 1143 1991 ibi
1156 1927 1386 1990 tenebat
1415 1925 1791 2000 Flaviamus,
1815 1927 2113 2016 llomani-
2196 1920 2547 2016 absurdum,
2568 1941 2745 2016 nemo
2769 1942 2889 1986 non
2907 1923 3090 2016 videt.
3119 1923 3350 2016 Deinde
3369 1925 3712 2005 Nicephoro
3732 1945 3852 2016 non

463 2013 1086 2106 queclavumimperii
1102 2017 1536 2081 moderabatur
1554 2014 1998 2106 Anastasius,id
2023 2021 2112 2075 est
2197 2014 2493 2106 morisest
2524 2013 2801 2106 homines
2823 2032 2891 2076 ea
2909 2013 3186 2106 dicentes
3216 2015 3523 2106 inducere,
3555 2035 3690 2096 quae
3712 2015 3847 2079 illos

462 2101 622 2179 circa
651 2131 872 2176 annum
895 2110 1040 2174 500.
1063 2111 1642 2173 Verumtamencum
1669 2104 1826 2168 idem
1855 2105 2103 2168 Anasta-
2195 2103 2322 2182 ipse
2356 2101 2560 2165 dicere
2622 2103 2888 2183 potuisse
2923 2102 3188 2185 putabat,
3221 2105 3326 2166 sed
3359 2123 3491 2188 qua)
3521 2106 3560 2166 ii
3605 2123 3745 2170 vere
3775 2125 3843 2168 ac

463 2207 588 2269 sius
606 2206 857 2286 primam
875 2195 2110 2286 scriptorumDionysiimentionemasum-
2191 2200 2357 2286 certe
2401 2191 2700 2286 digerunt.
2758 2191 3066 2286 Postremo
3095 2194 3348 2286 Michael
3393 2194 3598 2286 Glycas
3640 2197 3848 2260 scribit

466 2297 579 2358 mis
607 2280 1006 2377 pontificibus
1055 2287 1338 2366 Gregorio
1369 2285 1610 2377 Magno,
1639 2283 1910 2377 Martino,
1943 2288 2104 2377 Agaf
2192 2280 2257 2377 in
2283 2283 2987 2377 Annalibtgsepulcrum
3007 2281 3656 2377 DciCenitricfsMarirc
3673 2305 3830 2363 cum,

465 2373 650 2450 thone
675 2383 802 2447 fieri
827 2387 1097 2460 testetur,
1119 2377 1222 2438 ille
1247 2373 1653 2456 proculdubio
1679 2374 1767 2436 vel
1788 2393 1992 2436 errore
2012 2375 2105 2436 vel

462 2475 768 2539 memoriae
795 2474 961 2552 lapsu
991 2468 1169 2530 falsus
1199 2473 1312 2547 est;
1347 2483 1459 2526 nec
1490 2463 1632 2525 tanti
1666 2464 1914 2545 proinde
1950 2485 2101 2544 pon-

464 2568 623 2629 deris
647 2571 836 2646 potest
860 2576 992 2622 csse
1013 2559 1144 2637 ejus
1173 2555 1526 2646 auctoritas.
1547 2552 1712 2615 Idem
1747 2555 2102 2646 quoquetli-i

463 2643 722 2717 centium
740 2653 816 2714 de
837 2651 1148 2713 Anastasio
1171 2644 1528 2724 Sinaita,qui
1545 2649 1680 2705 ante
1699 2643 1896 2705 szeculi
1914 2645 2106 2724 quinti

465 2746 646 2807 tinem
680 2739 1026 2820 Dionysium
1060 2736 1382 2799 Retliorem
1428 2735 1544 2796 alia
1569 2733 1844 2797 similiter
1874 2735 2099 2796 scholia

461 2834 523 2895 in
550 2831 789 2896 easdem
825 2827 1085 2908 Dionysii
1115 2823 1488 2905 Areopagitm
1518 2823 1968 2886 lucubrationes
2002 2845 2104 2905 pu-

461 2922 716 2986 blicasse
749 2928 998 2984 testatus
1029 2926 1144 2980 est.
1178 2914 1490 2988 Castorum,
1523 2914 1902 2994 quantumvis
1935 2923 2105 2974 uter—
2188 2930 2363 2994 quam
2391 2921 2597 2974 auctor
2627 2921 2830 2975 noster
2861 2931 3074 2974 novem
3101 2914 3453 2993 angelorum
3477 2917 3723 2980 ordines
3743 2937 3844 2998 po-

461 3009 938 3094 queAnastasius
952 3023 1233 3090 peccasse
1253 3005 1952 3094 dicatur,certumtamcn
1976 3021 2108 3065 esse
2190 2998 2420 3063 suit56?
2439 3000 2610 3094 [inde
2641 3019 2781 3080 ergo
2813 3001 2968 3064 hanc
2999 3001 3076 3064 de
3106 3003 3335 3094 angelis
3369 3003 3699 3068 doctrinam
3731 3007 3840 3068 nisi

461 3091 761 3166 debeteos
778 3097 1141 3163 necﬁuxisse
1159 3113 1268 3159 nec
1282 3095 1583 3157 divinasse
1598 3093 2111 3172 scholiahujusce-
2132 3107 2170 3157 c
2197 3111 2268 3156 ex
2301 3093 2431 3172 ejus
2455 3091 2623 3154 libris
2637 3101 2946 3156 mutuatus
2973 3095 3090 3155 est?
3111 3093 3330 3158 Verum
3355 3096 3482 3158 haec
3505 3098 3846 3178 conjectura

464 3191 628 3256 modi
681 3191 860 3254 fuisse
893 3186 1216 3270 aliquando
1266 3183 1340 3248 ab
1373 3184 1467 3246 his
1513 3182 1902 3264 scriptoribus
1933 3183 2106 3245 edita.
2196 3201 2314 3245 non
2342 3181 2588 3246 omnino
2616 3181 2754 3246 felix
2779 3183 3179 3247 essevidetur.
3215 3185 3357 3259 Quis
3378 3188 3536 3249 enim
3562 3187 3844 3270 Hierony-

464 3281 577 3356 Qui
598 3291 794 3344 autem
817 3278 1042 3344 scholia
1065 3277 1126 3339 in
1159 3283 1464 3338 auctorem
1492 3273 1810 3351 quemdam
1842 3275 2112 3335 conscri-
2196 3291 2362 3336 mum
2394 3290 2467 3336 ex
2482 3272 2694 3336 eodem
2721 3289 2792 3337 ac
2814 3273 3073 3354 scriptor
3092 3283 3316 3357 noster,
3341 3295 3644 3340 sacrarum
3677 3277 3845 3341 Scri-

463 3371 633 3448 bunt,
670 3388 805 3433 eum
822 3388 928 3451 pro
947 3366 1134 3430 veteri
1158 3374 1214 3426 ct
1239 3363 1437 3444 magni
1459 3363 1718 3426 nominis
1747 3364 1867 3424 viro
1888 3362 2112 3425 habere
2196 3369 2500 3443 pturarum
2525 3362 2688 3426 fonte
2717 3362 2881 3426 illam
2902 3364 3145 3428 haurire
3167 3366 3847 3447 potuisseinficiabitur?

464 3460 683 3524 solent.
737 3458 847 3521 Diu
881 3475 1020 3537 ergo
1070 3464 1206 3518 ante
1253 3453 1536 3516 saeculum
1569 3453 1835 3534 quintum
1887 3453 2112 3534 Diony-
2197 3452 2343 3528 Quis
2394 3454 2570 3516 etiam
2602 3461 2910 3517 auctorem
2969 3463 3268 3534 nostrum,
3303 3466 3508 3539 utpote
3541 3459 3845 3522 recentio-

465 3551 614 3613 δίδηί
646 3548 780 3610 “bri
812 3546 1137 3628 νθννιιιεειιί
1171 3545 1432 3607 Γυθτυηῑο
2193 3560 2348 3624 rem,
2381 3561 2454 3606 ex
2499 3543 2864 3626 Hieronymo
2919 3563 3026 3608 sua
3071 3544 3486 3628 desumpsisse
3533 3549 3658 3629 pari
3709 3549 3847 3629 jure

544 3640 693 3702 lllud
718 3656 855 3700 vero
882 3637 972 3699 his
991 3634 1222 3698 accedit
1245 3632 1480 3695 roboris
1495 3633 1925 3696 etﬁrmamenti
1954 3632 2111 3714 quod
2195 3632 2495 3696 affirmare
2523 3651 2641 3694 non
2674 3634 2890 3714 poterit
2920 3633 2945 3697 ἲ

466 3727 747 3793 SuidasS2
767 3736 826 3791 et
852 3725 1250 3808 Pachymeres
1270 3725 1334 3774 b5
1363 3722 1624 3803 tradunt,
1649 3720 1882 3802 aliquos
1907 3731 2111 3784 σπεν-
2280 3721 2744 3785 Probabiliorem
2780 3721 3030 3787 forsitan
3059 3724 3134 3788 de
3180 3724 3842 3809 Pseudo-Dionysiano-

465 3813 1629 3900 nosphilosophos,prwsertimProclum
1642 3813 2116 3893 ,contemplatio-
2198 3830 2330 3874 rum
2348 3814 2602 3895 Operum
2617 3811 2969 3895 antiquitate
2985 3815 3388 3896 conjecturam
3407 3817 3548 3880 inde
3566 3819 3847 3899 accipies,

467 3907 934 3986 nibusDionysii
956 3908 1304 3984 frequenter
1334 3921 1508 3965 usum
1533 3903 1950 3982 fuisse.atque
1968 3903 2115 3965 adeo
2199 3902 2355 3984 quod
2415 3903 2686 3964 nonnulli
2732 3921 2801 3965 ea
2847 3903 3181 3985 Apollinari
3237 3917 3294 3968 et
3351 3907 3623 3988 Didyme,
3658 3910 3853 3990 quarti

471 3998 648 4059 etiam
673 3997 852 4057 meris
879 3996 1022 4072 ipsis
1044 3993 1442 4055 dictionibus.
1477 3993 1537 4053 Si
1569 4000 1747 4053 certae
1769 3992 1947 4070 igitur
1975 3991 2114 4053 fidei
2204 3991 2838 4074 saeculiscriptoribus,
2862 3993 3312 4071 assignaveriut;
3346 4015 3414 4058 ac
3445 3997 3694 4076 proinde
3726 3999 3856 4061 haec

471 4085 730 4147 siuthaac
763 4082 1432 4158 testimonia,fatendum
1461 4089 1549 4144 est
1579 4081 2120 4162 contemplationes
2204 4083 2413 4146 eadem
2447 4101 2632 4163 opera
2651 4081 2773 4145 illis
2794 4082 3164 4164 temporibus
3183 4084 3306 4164 jam
3334 4085 3396 4146 in
3419 4085 3630 4165 vulgus
3644 4104 3856 4166 sparsa

476 4177 754 4252 Dionysii
791 4173 1000 4236 Proclo
1032 4171 1156 4245 illo,
1188 4171 1290 4252 qui
1325 4169 1438 4231 sub
1494 4173 1688 4234 Leone
1719 4172 1948 4234 Thrace
1994 4190 2119 4233 me-
2203 4171 2385 4234 fuisse
2415 4171 2739 4235 habuerint
2783 4188 3160 4254 persuasum.
3194 4172 3311 4236 Sed
3343 4192 3476 4236 cum
3509 4175 3657 4237 nihil
3692 4178 3852 4257 quod

473 4265 637 4326 dium
671 4264 907 4325 circiter
929 4261 1211 4323 sacculum
1239 4259 1509 4341 quintum
1533 4259 1703 4321 libris
1733 4260 2121 4323 conficiendis
2204 4261 2565 4342 Apollinaris
2587 4270 2643 4324 et
2664 4260 2900 4342 Didymi
2928 4261 3233 4326 erroribus
3259 4270 3436 4344 atque
3467 4264 3755 4328 doctrinm
3776 4267 3858 4328 sit

473 4371 712 4436 operam
748 4353 936 4434 dedit,
969 4370 1102 4414 esse
1147 4350 1539 4432 antiquiores.
1569 4349 1965 4424 Quamobrem
2001 4371 2117 4414 non
2140 4369 2533 4445 Dconsonum
2564 4352 2624 4413 in
2673 4351 2887 4412 iisdem
2919 4350 3162 4434 scriptis
3212 4363 3504 4427 occurrat,
3543 4363 3662 4417 tota
3691 4365 3856 4418 certe.

2188 2372 2540 2436 adveniente
2568 2374 2818 2449 Thema,
2844 2383 3114 2456 apertum
3149 2375 3375 2452 fuisset,
3398 2375 3459 2438 in
3488 2377 3590 2440 illo
3625 2389 3841 2460 praeter

2187 2463 2563 2542 sepulcrales
2581 2465 2839 2527 exuvias
2870 2463 3018 2525 nihil
3041 2463 3202 2527 aliud
3223 2472 3752 2548 repertum.Atque
3777 2470 3836 2532 id

2189 2552 2428 2630 quidem
2463 2555 2667 2616 Graece
2720 2553 3042 2634 Nicephori
3072 2554 3391 2617 narrationi
3423 2557 3664 2620 omnino
3688 2577 3836 2620 con-

2188 2643 2366 2722 gruit,
2402 2641 2504 2704 ubi
2536 2662 2649 2705 vox
2679 2641 2882 2707 Graeca
2934 2661 3052 2706 non
3092 2644 3458 2727 sepulcrum,
3495 2648 3598 2709 sed
3631 2651 3838 2729 sepul-

2189 2735 2379 2794 crales
2405 2733 2641 2794 exuvias
2673 2733 2987 2813 signiﬁcat.

2271 2822 2418 2894 Quid
2482 2823 2638 2903 quod
2686 2823 3082 2902 Hieronymus
3142 2843 3262 2887 non
3313 2825 3511 2889 minus
3566 2827 3840 2893 distincte

464 4445 604 4524 jure
631 4460 872 4524 prorsus
887 4440 1186 4504 immerito
1204 4441 1254 4501 Μ
1260 4441 1467 4502 orinus
1479 4441 1795 4504 5i:Saltem
1812 4440 2116 4503 librorum

455 4531 1429 4612 ‘istnrumscriptio,inquit,inilio
1451 4531 1654 4611 quinti
1672 4529 1962 4604 soeculi,et
1977 4539 2118 4593 tmte

466 4622 710 4686 concilii
733 4621 1236 4686 Chalcedonensis
1259 4619 1715 4682 celebrationem
1740 4620 2115 4700 assignanda

469 4719 581 4794 est,
613 4730 724 4776 nec
749 4711 884 4774 ulla
913 4713 1154 4774 ratione
1179 4709 1490 4790 probabili
1515 4709 1594 4771 ad
1628 4709 1889 4789 inferius
1917 4727 2114 4773 meum

472 4804 714 4866 revolvi
740 4809 962 4884 potest.
1002 4799 1301 4864 Launoius
1322 4817 1461 4862 vero
1495 4807 1761 4880 tempore
1792 4801 1996 4880 prima:
2019 4819 2117 4881 sy-

471 4891 616 4954 nodi
645 4890 982 4973 Ephesium,
1019 4897 1076 4952 et
1104 4887 1387 4951 Erasmus
1433 4889 1745 4969 Augustini
1777 4895 1944 4951 aetate
1971 4906 2116 4953 auc-

472 4989 660 5045 torem
695 4988 960 5042 nostrum
998 4979 1213 5042 vixisse
1238 4977 1625 5043 arbitrantur.

550 5071 768 5134 Narrat
790 5088 966 5151 porro
986 5069 1357 5151 Niceqhorus
1375 5070 1440 5120 55
1461 5067 2117 5145 JuvenalemJiieroso-

472 5158 755 5223 limitanaa
781 5159 944 5222 urbis
976 5159 1348 5240 episcopum,
1377 5157 1707 5222 Pulcheriaa
1733 5159 2010 5238 Augusta}
2041 5162 2118 5224 de

473 5266 722 5332 corpore
781 5249 1030 5330 virginis
1087 5249 1356 5328 Deiparm
1410 5247 1801 5328 interroganti
1860 5267 2112 5330 respon-

474 5342 738 5416 dentem,
775 5357 844 5401 ea
884 5339 1082 5402 omnia
1113 5337 1379 5418 Dionysii
1433 5339 1674 5401 nomine
1717 5340 1952 5417 citasse,
1988 5359 2120 5421 qua:

2202 4448 2402 4504 errant
2432 4442 2543 4518 via,
2568 4440 2672 4521 qui
2695 4441 2764 4504 ea
2793 4440 3192 4522 scriptoribus
3224 4441 3340 4504 illis
3376 4443 3738 4524 adjudicant.
3792 4443 3857 4508 Si

2201 4548 2341 4610 ergo
2379 4531 2439 4593 in
2471 4531 2583 4593 hoc
2609 4539 2728 4592 tam
2757 4529 3104 4593 immaniter
3134 4550 3169 4594 a
3202 4549 3341 4596 vero
3391 4533 3850 4612 aberraverunt,

2200 4621 2407 4701 quidni
2463 4628 2524 4684 et
2552 4620 2711 4684 circa
2773 4627 3010 4704 tempus
3042 4640 3158 4703 quo
3211 4621 3421 4686 eadem
3454 4623 3675 4706 scripta
3706 4642 3858 4706 pro-

2198 4711 2384 4774 diisse
2418 4710 2826 4791 epinabantur
2851 4709 2882 4771 ?

2285 4801 2666 4865 Hanctamen
2690 4808 2806 4864 tem
2814 4801 3447 4882 portsassignationem
3469 4822 3666 4868 veram
3693 4823 3857 4888 esse,

2199 4908 2269 4954 ac
2291 4889 2491 4954 omnia
2521 4889 2784 4953 auctoris
2807 4895 2998 4953 nostri
3028 4893 3247 4974 scripta
3273 4895 3594 4974 postremis
3611 4894 3862 4958 Eusebii

2201 4979 2580 5062 temporibus
2605 4979 2845 5060 vulgata
2862 4998 2996 5044 esse
3009 4999 3078 5044 eo
3113 4981 3371 5063 probant
3387 4983 3528 5063 quia
3546 4984 3607 5045 in
3626 4983 3865 5065 Grego»

2197 5070 2275 5134 rii
2329 5069 2684 5134 Nazianzeui
2718 5070 3242 5135 lucubrationibus
3301 5072 3470 5154 plura
3525 5093 3560 5135 a
3592 5073 3763 5157 Bilio,
3803 5081 3868 5137 et

2199 5159 2314 5223 alia
2341 5159 2614 5241 quaedam
2655 5177 2693 5223 a
2719 5159 2941 5223 Dallaao
2995 5161 3311 5226 obScrvata
3344 5163 3752 5244 reperiuntur,
3786 5164 3870 5226 iis

2199 5268 2333 5332 qum
2351 5249 2668 5332 Dionysius
2691 5249 2954 5332 scripsit,
2982 5269 3231 5332 prorsus
3252 5253 3492 5318 similia.
3526 5254 3703 5336 Atqui
3725 5255 3874 5317 Dio-

2200 5339 2402 5422 nysius
2462 5339 2568 5402 illa
2615 5338 2906 5422 Gregorio
2961 5359 3081 5404 non
3129 5349 3221 5404 est
3281 5351 3606 5426 mutuatus,
3652 5350 3874 5425 utpote

551 5519 617 5604 βο
642 5521 972 5604 Comment.
1011 5517 1075 5578 in
1096 5515 1378 5604 Appeal,
1401 5535 1482 5598 x1,
1504 5534 1638 5604 sui,
1663 5534 1798 5580 XLV.
1820 5492 1874 5571 ‘5’
1907 5518 2194 5585 Biblioth.
2222 5519 2543 5604 eodrioi,
2567 5518 2716 5604 52111
2749 5517 3075 5604 Collectan.
3125 5523 3190 5575 53
3243 5522 3507 5604 Phocum.
3570 5523 3632 5584 in
3660 5521 3875 5604 Opera

474 5598 734 5688 Dionys.
767 5599 820 5688 εἶθ
853 5601 936 5660 De
955 5593 1478 5661 sacrisOrdt'nal.
1502 5598 1562 5660 in
1596 5599 1748 5661 hanc
1777 5609 2012 5681 qua:st..
2047 5619 2178 5683 cap.
2208 5601 2269 5667 6.
2297 5599 2327 5680 §
2362 5601 2457 5666 12.
2483 5603 2548 5653 δῦ
2575 5602 2730 5668 Hist.
2765 5597 2807 5664 l.
2839 5617 2936 5677 xv,
2968 5621 3100 5688 cap.
3147 5604 3244 5669 14.
3274 5603 3340 5658 86
3375 5606 3629 5685 Apolog.
3657 5593 3731 5666 Ξῖ
3752 5603 3874 5666 ad-

472 5697 632 5744 vers.
648 5681 657 5682 ί
672 5681 976 5762 Rufinum.
