4060 6214
208 317 285 385 49

1608 314 1855 383 PBOLE
1865 318 2023 384 (ΞοΜ
2037 319 2209 385 ENA.

3529 318 3611 389 50

202 454 305 534 qui
336 453 412 517 ab
440 452 576 517 aliis
595 452 895 531 omnibus,
924 452 1227 537 inquiunt,
1254 451 1680 518 ecclesiasticis
1705 455 1863 517 scri-
1887 461 1926 510 Α
1959 452 2218 515 Verbum
2237 451 3297 537 divintssimum-----perinconfusam
3316 454 3614 521 humum-

208 544 478 624 ptorihns
500 544 676 626 plane
696 543 965 607 diversus
992 545 1093 625 sit,
1124 554 1186 606 et
1213 543 1305 606 sui
1335 548 1564 608 tantum
1589 543 1813 606 similis
1839 563 1853 607 :

204 635 410 697 omnia
433 652 673 715 quoque
702 634 912 715 placita
956 652 1062 696 sua
1092 633 1165 696 ad
1194 633 1559 696 neotericum
1593 632 1864 695 Platoni-

208 734 440 786 starum
493 723 887 786 conformavit
926 724 1236 804 scholam;
1272 741 1342 785 ac
1375 722 1610 784 tandem
1646 723 1873 801 ubique

214 813 437 895 passim
468 832 504 874 a
532 825 877 875 sanctorum
909 804 1146 876 Patrem
1177 812 1376 875 verbis
1407 821 1467 874 et
1520 812 1869 876 notionibus

217 904 477 965 maxime
506 902 832 965 abhorruit.
865 904 1087 966 Contra
1109 920 1246 965 vero
1276 901 1597 983 Gregorius
1629 901 1873 979 quoties

215 995 291 1057 ad
321 993 691 1056 obscuriora
720 992 988 1073 quaedam
1023 1001 1083 1056 et
1114 992 1300 1070 magis
1331 992 1743 1075 philosophica
1762 993 1873 1055 de-

218 1084 428 1157 ﬂectit,
465 1082 641 1146 toties
669 1082 744 1144 ab
772 1082 904 1145 aliis
933 1100 1040 1144 sua
1069 1082 1317 1157 derivat,
1354 1090 1530 1163 atque
1559 1082 1780 1147 idcirco
1800 1100 1875 1145 ex

218 1174 603 1255 philosophis
636 1181 694 1234 et
739 1174 1019 1252 Dionysio
1060 1180 1266 1235 nostro
1300 1171 1401 1234 illa
1430 1173 1705 1235 hausisse
1735 1191 1873 1237 vero

214 1264 454 1326 videtur
485 1262 892 1325 simillimum.

297 1354 487 1417 Porro
511 1353 562 1414 si
581 1370 759 1432 roges
788 1370 897 1414 cur
913 1353 1322 1415 venerandum
1342 1351 1602 1434 Dionysii
1627 1369 1870 1428 nomen,

217 1446 487 1507 oratione
504 1461 630 1506 suas
654 1457 929 1523 magnum
956 1443 1190 1523 pondus
1216 1442 1736 1524 adjecturum,ille
1759 1460 1877 1503 nou

219 1534 575 1608 inseruerit,
604 1551 959 1615 responsum
992 1533 1154 1595 illico
1182 1532 1443 1614 accipies
1487 1551 1707 1595 nomen
1736 1530 1881 1594 illud

220 1624 501 1707 ejusdem
513 1624 785 1703 Gregorii
805 1631 980 1686 relate
992 1621 1344 1687 Christianis
1362 1622 1641 1700 tanto,uti
1653 1629 1880 1702 postea,

222 1734 343 1779 non
376 1714 563 1775 fuisse
594 1713 653 1774 in
681 1713 933 1778 honore.
965 1713 1132 1775 Tunc
1163 1712 1457 1793 siquidem
1490 1719 1701 1775 auctor
1754 1711 1880 1786 ille,

1956 547 2104 606 talis
2128 550 2344 606 nostra:
2368 546 2857 624 assumptionem.
2886 543 2955 607 Et
2985 545 3047 607 in
3106 545 3364 626 epistola
3421 546 3482 628 4,
3536 546 3610 609 ad

1954 630 2510 710 Caiiiszuntenus
2523 641 2655 696 erat
2676 633 2829 696 Deus
2852 642 2905 696 et
2934 634 3361 710 homo,novam
3384 652 3603 716 quam-

1951 723 2095 785 dam
2114 725 2423 785 nobiscum
2448 725 2865 787 conversando
2886 726 3195 803 οεανδρικὴν
3219 726 3485 805 ἐνέργειαν
3503 744 3611 790 ea:-

1955 810 2195 875 hibabal
2227 813 2378 886 Quid
2407 814 2663 894 planius,
2689 812 2829 896 quid
2854 813 3176 878 dilucidius
3199 824 3332 897 post
3374 833 3614 897 sparsos

1958 900 2208 963 Nestorii
2247 901 2704 983 Eutychetisque
2755 921 2988 966 errores
3041 923 3073 966 a
3120 904 3329 987 quovis
3363 909 3611 970 auctore

1958 1010 2227 1071 unquam
2256 993 2540 1073 scriptum
2573 1001 2664 1055 est
2691 992 2718 1054 ἲ

2033 1079 2431 1154 Quamobrem
2449 1101 2565 1144 non
2580 1082 2696 1145 levi
2712 1082 2954 1146 omnino
2970 1085 3316 1166 conjectura
3327 1081 3614 1162 colligere

1961 1189 2277 1249 possumus
2303 1174 2656 1253 scriptorem
2690 1182 2957 1235 nostrum
2995 1174 3280 1235 maximas
3307 1192 3441 1235 cum
3478 1181 3608 1235 tur-

1961 1260 2065 1322 bas
2094 1261 2165 1322 ab
2200 1261 2495 1324 haereticis
2538 1260 2908 1325 Nestorianis
2941 1273 3001 1324 et
3029 1262 3411 1344 Eutychianis
3456 1261 3602 1324 cieri

1959 1350 2210 1425 videret,
2248 1360 2386 1413 tunc
2415 1359 2476 1413 ut
2504 1358 2787 1432 utrosque
2819 1350 3235 1433 confunderet,
3279 1370 3347 1413 ac
3380 1370 3484 1432 pro
3516 1351 3611 1412 vi-

1967 1439 2134 1501 ribus
2165 1440 2450 1503 Ecclesia)
2473 1441 2783 1503 catholicas
2815 1449 3013 1522 partes
3047 1439 3607 1517 tueretur,auimum

1964 1530 2035 1591 ad
2063 1530 2447 1592 scribendum
2487 1531 2811 1612 appulisse.
2845 1532 3041 1612 Atque
3072 1539 3136 1593 ut
3162 1529 3221 1593 id
3254 1530 3367 1612 ipsi
3429 1528 3614 1591 cede-

1965 1630 2055 1682 ret
2086 1620 2343 1701 felicius,
2383 1639 2657 1700 magnum
2690 1620 2899 1703 utique
2925 1630 2983 1683 et
3025 1619 3430 1683 venerandum
3464 1619 3615 1681 Dio-

1967 1712 2111 1791 nysii
2144 1710 2512 1791 Areopagitae
2539 1729 2757 1773 nomen
2786 1709 3022 1792 scriptis
3052 1710 3176 1773 suis
3228 1709 3496 1792 prmﬁxit.
3532 1707 3617 1773 Ea

227 1827 335 1888 pro
367 1824 509 1869 vero
559 1805 916 1886 Areopagita
947 1807 1211 1867 nondum
1244 1805 1501 1885 agnitus,
1535 1805 1625 1866 vir
1651 1811 1880 1867 tantum
1908 1838 1942 1886 Β
1966 1819 2104 1879 ergo
2138 1801 2300 1862 illius
2326 1818 2507 1876 opera
2537 1801 2689 1862 intra
2736 1819 2959 1861 annum
2999 1802 3141 1876 431,
3176 1819 3292 1882 quo
3339 1816 3614 1863 (acume—

229 1897 623 1976 magnus,qui
647 1896 756 1958 sub
778 1896 974 1958 alieno
998 1895 1241 1956 nomine
1263 1893 1678 1975 delitescebat,
1701 1893 1884 1956 habe-

234 1993 435 2050 batur.
473 1985 629 2059 Quid
656 2005 795 2065 ergo
823 1985 1059 2060 mirum,
1087 1984 1137 2046 si
1167 1982 1486 2066 Gregorius
1509 1985 1748 2065 proprio
1774 2003 1887 2045 no-

232 2085 401 2140 mine
424 2095 564 2140 eum
589 2095 705 2138 non
727 2074 1246 2157 appellaverit,qui
1269 2074 1568 2138 neminem
1595 2092 1663 2136 ex
1679 2074 1889 2137 Catho-

229 2168 385 2246 licis,
445 2167 552 2229 sed
616 2183 871 2246 paganos
902 2165 1213 2245 duntaxat,
1247 2182 1316 2227 ac
1345 2165 1790 2245 Symmachum,
1826 2172 1891 2227 et

232 2257 510 2339 Aquilam
534 2257 884 2318 nominatim
908 2254 1166 2318 vocavit?
1200 2252 1490 2316 Caeterum
1521 2252 1790 2316 creditur
1809 2252 1888 2313 il-

233 2348 357 2409 lum
381 2348 477 2409 his
501 2345 698 2408 verbis
722 2345 938 2407 citasse
968 2345 1066 2404 57:
1105 2343 1623 2419 Quemadmodum
1644 2351 1697 2406 et
1727 2342 1892 2405 alius

231 2441 452 2515 quidam
477 2449 599 2497 ante
631 2457 722 2495 nos
778 2439 1128 2513 pulcherrime
1157 2442 1209 2495 ει
1261 2438 1639 2496 sublimissime
1659 2438 1893 2510 philoso-

227 2526 452 2606 phatus
473 2532 585 2588 est.
607 2524 815 2606 Neque
847 2525 1007 2587 enim
1041 2525 1139 2586 hic
1190 2523 1531 2586 audiendus
1584 2527 1677 2587 est
1736 2522 1890 2584 Elias

232 2617 559 2690 Cretensis,
594 2617 695 2694 qui
727 2614 809 2676 ibi
869 2614 1257 2677 Athanasium
1312 2612 1544 2676 laudari
1598 2621 1886 2676 autumat.

232 2702 388 2766 Nam
421 2705 558 2765 huic
586 2703 848 2784 opinioni
882 2712 937 2764 et
964 2702 1251 2784 temporis
1281 2702 1520 2777 ratio,et
1548 2701 1894 2783 scriptionis

231 2811 436 2873 genus
458 2794 624 2872 plane
650 2794 1063 2857 adversantur.
1101 2791 1172 2854 Et
1201 2809 1344 2854 vero
1376 2793 1699 2870 Gregorius
1731 2810 1888 2853 nun-

232 2902 423 2960 quam
455 2884 862 2958 Athanasium,
898 2901 1153 2963 quocum
1215 2882 1526 2944 meliorem
1583 2881 1716 2944 vitae
1774 2900 1896 2943 suae

236 2982 473 3055 partem
499 2981 885 3053 transegerat,
911 2972 1409 3053 appellasset-ma:
1441 2979 1548 3029 τῶν
1578 2974 1678 3052 πρὸ
1707 2974 1888 3049 ἡμῶν,

237 3063 546 3144 quendam
602 3064 705 3142 qui
760 3071 904 3123 ante
957 3080 1069 3125 nos
1126 3063 1303 3124 vixit.
1368 3063 1495 3125 Hoc
1544 3062 1767 3143 quippe
1800 3061 1894 3123 lo-

237 3152 468 3234 quendi
498 3169 721 3227 genere
771 3150 961 3215 Graeci
1023 3151 1352 3230 scriptores
1409 3150 1739 3228 hominem,
1804 3150 1894 3212 vel

237 3242 594 3322 priusquam
627 3242 747 3303 nati
780 3250 1003 3316 essent,
1039 3241 1132 3302 vel
1165 3241 1340 3319 longe
1393 3249 1713 3321 antequam
1746 3241 1895 3302 scri-

239 3332 792 3404 bereut,mortuum
817 3330 1150 3410 indigitant.
1189 3333 1401 3409 Neque
1431 3329 1607 3391 etiam
1671 3329 1901 3410 Grego-

242 3422 373 3483 rius
434 3420 511 3482 de
570 3420 914 3495 Athanasio,
980 3437 1156 3501 quem
1192 3418 1268 3480 ob
1310 3418 1447 3499 styli
1477 3419 1902 3482 sublimitatem

240 3514 305 3573 in
340 3529 452 3572 sua
480 3510 751 3572 oratione
781 3512 1134 3592 panegyrica
1164 3528 1280 3570 non
1322 3509 1728 3583 commendat,
1785 3529 1901 3571 un-

242 3620 425 3682 quam
452 3600 720 3663 dixisset:
747 3599 1196 3663 Sublimissima
1216 3597 1677 3679 philosophatus
1695 3604 1804 3662 est.
1831 3603 1907 3662 At

243 3700 579 3771 utrumque
608 3688 756 3750 illud
792 3699 850 3750 et
877 3688 1224 3769 scriptionis
1263 3706 1474 3767 genus,
1508 3696 1568 3749 et
1621 3688 1905 3768 temporis

245 3781 404 3841 ratio
424 3779 710 3858 scriptori
735 3786 934 3840 nostro
947 3778 1171 3858 optime
1185 3776 1743 3842 conveniuntJllum
1760 3794 1905 3855 ergo

243 3891 284 3934 ει
313 3872 606 3951 Gregorio
637 3872 1008 3935 Nazianzeno
1037 3869 1119 3932 ibi
1150 3870 1456 3934 laudatum
1517 3888 1649 3933 esse
1678 3869 1908 3933 nemini

244 3982 366 4024 non
406 3961 782 4043 probabitur.

329 4052 449 4123 Qui
479 4050 575 4112 his
617 4056 1052 4112 convincuntur
1072 4048 1365 4112 rationum
1393 4048 1735 4125 momentis,
1772 4048 1907 4130 opi-

247 4140 420 4202 nioni
451 4140 535 4200 illi
565 4148 851 4221 quantum
883 4139 1217 4217 voluerunt,
1256 4137 1654 4211 subscribant,
1688 4138 1765 4200 iis
1798 4156 1911 4200 nec

247 4229 598 4301 invidimus,
626 4249 739 4291 nec
788 4229 1173 4292 reluctamur.
1204 4227 1533 4301 Quominus
1558 4236 1753 4290 tamen
1786 4247 1912 4289 om-

254 4336 395 4379 nem
430 4318 553 4379 illis
581 4318 952 4398 praebeamus
982 4334 1396 4396 assensum,ea
1421 4316 1792 4396 potissimum
1818 4334 1911 4377 ra-

253 4409 336 4470 tio
371 4426 483 4469 nos
514 4416 727 4487 movet,
753 4407 907 4488 quod
931 4415 1343 4488 argumentum
1366 4406 1664 4486 illud,quo
1692 4405 1913 4486 scripta

254 4495 525 4558 auctoris
550 4497 736 4560 nostri
764 4506 894 4577 post
917 4506 1112 4559 natam
1138 4496 1263 4558 Arii
1291 4495 1568 4557 haeresim
1596 4494 1753 4556 edita
1781 4512 1913 4556 esse
1937 4492 1979 4544 ο

256 4585 812 4660 demonstrabatur,
849 4586 1005 4648 idem
1039 4584 1185 4647 illud
1240 4584 1433 4664 ipsum
1492 4591 1622 4662 post
1680 4593 1919 4644 exortes

258 4674 521 4737 Nestorii
534 4693 772 4737 errores
788 4675 1080 4756 prodiisse
1094 4671 1506 4735 cuilibethaud
1524 4669 1767 4732 ditiicile
1788 4688 1921 4751 per-

259 4762 633 4826 suadebitJn
659 4763 734 4826 iis
750 4764 975 4845 quippe
999 4762 1243 4825 haeresis
1259 4769 1467 4823 contra
1487 4759 1920 4821 Incarnationis

260 4852 479 4916 Christi
510 4851 856 4933 mysterium
895 4870 1012 4913 non
1049 4852 1244 4913 minus
1274 4858 1478 4930 aperte
1510 4866 1685 4928 quam
1712 4866 1922 4910 omnes

262 4952 478 5006 contra
510 4940 640 5021 ejus
669 4939 1041 5002 divinitatem
1076 4949 1135 5003 et
1164 4958 1340 5002 unam
1377 4937 1551 4999 trium
1584 4935 1921 4998 divinarum

262 5046 655 5110 personarum
673 5036 941 5091 naturam
956 5046 1195 5092 errores
1208 5026 1716 5110 proscribitur.De
1730 5026 1917 5088 incar-

263 5129 413 5181 nato
444 5119 605 5181 enim
621 5116 894 5181 DeiFilio
924 5119 1102 5180 variis
1133 5116 1193 5179 in
1227 5116 1375 5179 locis
1406 5117 1534 5179 haec
1560 5115 1812 5193 legimus
1831 5117 1917 5179 ὕες

252 5213 358 5271 Dei
391 5212 706 5285 principalis
762 5213 1110 5271 bonitas......
1173 5220 1481 5269 nostrorum
1536 5210 1774 5267 omnium
1801 5226 1923 5266 vere

254 5303 416 5370 facta
440 5300 710 5370 particeps
738 5299 933 5373 absque
982 5302 1223 5372 peccato,
1281 5295 1670 5368 humilitatiqae
1721 5302 1925 5354 nostra

256 5383 636 5447 miitaaalvo
643 5384 1088 5466 proprietatum
1100 5400 1354 5447 suarum
1366 5389 1739 5463 statu.eoque
1746 5399 1923 5462 pror-

260 5496 371 5541 sus
394 5480 719 5557 inconfuso
742 5486 797 5541 et
819 5479 1145 5543 inviolato.
1184 5477 1249 5540 In
1271 5478 1390 5540 alio
1411 5485 1613 5539 autem
1648 5475 1799 5538 libro
1819 5476 1918 5542 59:

1971 1891 2104 1954 nica
2162 1891 2419 1972 synodus
2471 1890 2775 1971 Ephesina
2830 1891 3115 1954 adversus
3181 1890 3614 1962 Nestortanos,

1971 1990 2027 2043 et
2062 1981 2199 2058 451,
2236 2000 2351 2061 quo
2385 1980 2892 2045 Chalcedonensis
2948 1989 3155 2044 contra
3212 1981 3616 2062 Eutychianos

1972 2070 2270 2133 celebrata
2295 2077 2406 2147 est,
2433 2069 2632 2133 abillo
2657 2070 2921 2152 profecta
2952 2089 3085 2134 esse
3128 2070 3424 2134 videntur.
3486 2073 3619 2139 Non

1973 2162 2253 2224 continuo
2286 2171 2485 2222 tamen
2515 2162 2574 2222 in
2609 2160 2907 2241 publicam
2940 2162 3134 2224 lucem
3190 2161 3503 2243 producta,
3563 2173 3625 2227 et

1974 2251 2048 2312 ab
2080 2250 2358 2313 omnibus
2390 2258 2651 2332 recepta,
2684 2251 2790 2313 sed
2835 2251 3061 2313 sensim
3118 2252 3251 2314 sine
3312 2272 3493 2316 sensu
3541 2255 3623 2316 ita

1976 2341 2348 2422 prodierunt,
2375 2350 2439 2401 ut
2470 2360 2586 2402 non
2608 2349 2745 2403 ante
2774 2349 3160 2403 memoratam
3191 2342 3467 2422 superius
3489 2344 3624 2407 Col-

1977 2432 2257 2493 lationem
2292 2430 3029 2511 Constantinopolitanam,
3055 2448 3215 2494 anno
3236 2431 3378 2508 533,
3410 2432 3470 2493 in
3495 2452 3618 2494 om-

1976 2523 2135 2582 nium
2172 2520 2445 2582 venerint
2473 2518 2897 2598 cognitionem.
2946 2519 3097 2582 Illud
3158 2540 3335 2606 porro
3392 2528 3453 2584 in
3504 2524 3620 2585 hu-

1967 2611 2139 2692 jusce
2193 2610 2498 2690 Opinionis
2555 2610 3067 2674 conﬁrmationem
3125 2612 3341 2675 adduci
3400 2621 3619 2695 potest,

1976 2700 2131 2780 quod
2167 2700 2288 2762 haec
2321 2701 2535 2782 scripta
2565 2700 2625 2761 in
2688 2700 2779 2761 his
2832 2701 3221 2764 mcumenicis
3280 2703 3550 2766 conciliis
3591 2722 3625 2766 a

1978 2798 2237 2869 nemine,
2275 2809 2471 2868 neque
2499 2796 2672 2850 etiam
2693 2807 2726 2850 a
2755 2790 3037 2852 Iuvenale
3062 2789 3619 2874 Hierosolymitano,

1979 2880 2076 2960 qui
2113 2880 2272 2941 inter
2306 2880 2526 2959 primos
2552 2879 2860 2960 utriusque
2890 2880 3095 2961 synodi
3119 2884 3328 2944 Patres
3351 2881 3621 2956 sedebat,

1979 2971 2154 3031 citata
2181 2969 2574 3049 reperiantur.
2600 2969 2778 3032 Nulla
2795 2976 2991 3031 autem
3027 2971 3208 3051 hujus
3236 2971 3462 3034 silentii
3481 2991 3625 3035 cau-

1978 3078 2042 3120 sa
2073 3058 2185 3121 alia
2218 3067 2409 3139 potest
2438 3058 2660 3131 afferri,
2725 3059 2839 3121 nisi
2883 3059 3039 3142 quod
3094 3060 3471 3141 Dionysianze
3527 3062 3624 3123 lu-

1980 3148 2364 3211 cubrationes
2416 3160 2558 3209 tunc
2589 3167 2621 3210 e
2654 3148 2915 3212 tenebris
2947 3161 3343 3229 emergentes,
3381 3150 3474 3213 vix
3510 3151 3623 3214 ulli

1983 3248 2119 3300 ante
2137 3239 2453 3302 concilium
2476 3237 2964 3302 Chalcedonense
2989 3248 3142 3302 notae
3167 3240 3625 3305 fueruntJ’orro

1984 3342 2180 3396 autem
2205 3331 2253 3392 si
2280 3348 2507 3410 quaeras
2527 3346 2635 3391 cur
2669 3328 2838 3410 plura
2858 3329 3013 3408 apud
3037 3337 3338 3392 auctorem
3360 3339 3627 3394 nostrum

1986 3428 2324 3496 occurrant,
2359 3438 2491 3481 cum
2527 3418 2621 3483 his
2669 3436 2801 3500 quas
2856 3419 3179 3499 Gregorius
3231 3418 3632 3485 Nazianzenus

1987 3510 2245 3591 scripsit,
2286 3509 2459 3590 plane
2489 3508 2731 3581 similia,
2784 3528 2901 3569 non
2954 3508 3212 3571 absurde
3272 3510 3632 3592 responderi

1989 3610 2176 3685 potest
2209 3601 2307 3664 illa
2340 3601 2412 3663 ab
2447 3610 2689 3665 auctore
2722 3609 2944 3676 nostro,
2977 3600 3080 3680 qui
3136 3602 3352 3683 saepius
3411 3611 3471 3665 et
3525 3622 3634 3665 sua

1988 3693 2059 3755 ab
2091 3690 2220 3755 aliis
2252 3692 2580 3772 accepisse,
2630 3700 2689 3754 et
2715 3691 2968 3753 aliorum
3029 3691 3348 3773 Opiniones
3405 3692 3634 3755 referre

1988 3782 2155 3857 dicit,
2192 3781 2250 3842 in
2284 3799 2425 3843 usus
2456 3799 2617 3862 suos,
2654 3781 2826 3845 tacito
2851 3778 3116 3859 Gregorii
3150 3780 3414 3857 nomine,
3451 3781 3633 3844 fuisse

1988 3869 2551 3951 assumpta,acstylo
2573 3869 2806 3933 reddita
2822 3878 3019 3952 suo,et
3039 3869 3633 3953 iuusitatisloquendi

1994 3961 2209 4024 modis.
3526 3966 3529 3967 ⁷

2074 4050 2298 4124 Quibus
2328 4060 2529 4112 autem
2564 4051 2654 4112 hae
2684 4052 3047 4131 conjectura;
3078 4070 3188 4114 nec
3241 4050 3383 4113 satis
3423 4051 3634 4127 ﬁrma),

1994 4156 2105 4202 nec
2122 4139 2364 4201 omnino
2394 4139 2730 4221 probabiles
2763 4139 3139 4218 videbuntur,
3187 4141 3369 4203 iidem
3404 4140 3636 4203 fatean-

1996 4239 2093 4290 tur
2123 4247 2368 4291 necesse
2394 4236 2484 4291 est
2515 4230 2639 4292 haec
2696 4231 3005 4311 scriptoris
3054 4229 3240 4293 nostri
3269 4230 3467 4308 Opera
3497 4229 3636 4292 Col-

1995 4319 2275 4381 lationem
2292 4319 3218 4400 Constantinopolitanam,atque
3240 4320 3414 4380 etiam
3439 4319 3641 4381 saeculi

1994 4407 2143 4471 sexti
2164 4407 2333 4469 initia
2354 4407 2528 4487 longe
2553 4411 2979 4489 prmcucurisse
3002 4409 3287 4489 temporis
3306 4407 3638 4471 intervallo.

2617 4497 2861 4561 CAPUT
2896 4497 3025 4561 XX.

2002 4587 2089 4649 De
2118 4586 2336 4649 horum
2371 4585 2637 4667 Operam
2666 4587 2952 4667 utilitate,
2976 4594 3031 4650 et
3062 4588 3207 4650 aliis
3238 4584 3495 4667 ejusdem
3526 4604 3643 4649 au-

2269 4678 2453 4740 ctoris
2473 4676 2800 4755 depcrditis
2825 4675 3359 4741 lucubrationibus.

2084 4767 2228 4829 Cum
2291 4765 2468 4845 igitur
2500 4774 2674 4827 tantm
2722 4765 3086 4846 antiquitatis
3140 4765 3262 4827 sint
3290 4765 3393 4826 illa
3423 4766 3646 4846 Opera,

2005 4874 2075 4918 eo
2110 4855 2315 4934 majori
2348 4855 2507 4935 apud
2545 4853 2913 4917 Christianos
2934 4853 3160 4918 debent
3187 4873 3319 4917 esse
3349 4855 3403 4916 in
3428 4855 3646 4933 pretio,

2005 4962 2119 5026 quo
2154 4946 2320 5025 plura
2353 4945 2423 5006 ad
2453 4943 2800 5006 earumdem
2826 4942 3293 5006 Christianorum
3328 4943 3646 5006 utilitatem

2005 5035 2244 5114 copiose
2291 5033 2691 5113 suppeditant.
2753 5032 2817 5093 lu
2877 5032 2949 5093 iis
3004 5036 3307 5094 enimvero
3362 5032 3652 5095 docemur

2007 5144 2138 5206 qum
2167 5124 2478 5204 scriptoris
2512 5121 2695 5183 nostri
2730 5130 2788 5183 et
2818 5122 3194 5183 decessurum
3230 5122 3360 5202 ejus
3384 5129 3653 5202 tempore

2004 5214 2184 5275 fuerit
2215 5213 2486 5275 doctrina
2521 5210 2664 5272 fidei
2694 5220 2753 5273 et
2784 5227 3013 5272 morum
3050 5209 3387 5291 disciplina.
3421 5210 3648 5283 Quam-

2003 5303 2090 5365 vis
2123 5302 2283 5363 euim
2311 5303 2370 5363 in
2404 5321 2474 5364 eo
2508 5300 2686 5364 falsus
2717 5317 2852 5362 esse
2880 5308 3185 5382 arguatur,
3217 5300 3375 5382 quod
3413 5317 3480 5360 ea
3522 5315 3654 5378 quas

2006 5393 2178 5454 docet
2214 5391 2479 5472 Dionysii
2513 5388 2884 5470 Areopagitae
2912 5397 3083 5452 aetate
3115 5390 3371 5467 viguisse
3403 5394 3651 5468 putave-

2005 5483 2105 5564 rit,
2137 5490 2367 5546 constat
2396 5490 2596 5544 tamen
2628 5497 2698 5542 ea
2729 5486 2928 5542 omnia
2983 5480 3268 5544 debuisse
3316 5484 3454 5549 ante
3485 5476 3653 5556 ejus-

352 5648 414 5701 57
442 5646 607 5712 Orat.
641 5648 720 5713 38
751 5648 812 5710 in
842 5647 1116 5731 Theoph.
1149 5655 1208 5712 et
1234 5647 1308 5711 42
1351 5647 1413 5710 in
1440 5645 1651 5709 Pasch.
1675 5645 1742 5701 58
1776 5648 1864 5711 De
1892 5652 2104 5719 eccles.
2151 5653 2481 5718 hieraroh..
2515 5672 2646 5737 cap.
2680 5655 2740 5717 3.
2772 5650 2837 5705 39
2867 5649 2958 5714 De
2988 5649 3179 5714 divin.
3214 5647 3448 5712 homin.
