4060 6214
459 313 535 378 55

1614 311 1674 373 S.
1722 308 2126 375 DIONYSIUS
2172 310 2686 376 AREOPAGITA.

3758 314 3832 379 56

459 453 520 515 in
551 449 758 514 codice
784 446 1129 513 Colbertino
1161 445 1414 529 aliisque
1436 445 1708 531 pluribus
1738 453 2102 529 praepostera
2123 450 2159 501 A
2187 461 2409 527 regem.
2446 444 2533 508 lbi
2558 446 3083 527 interpretationis
3105 464 3138 509 a
3165 445 3414 523 Joanne,
3437 465 3609 531 quem
3636 448 3833 514 Scoti-

459 540 908 625 perturbatione
940 536 1248 602 confundi.

539 631 840 695 Posterior
867 630 1102 692 tandem
1137 627 1325 691 codex
1357 626 1743 692 Colbertinus
1784 644 1818 688 a
1848 624 2103 707 quodam

459 721 754 786 monacho
810 717 1055 781 nomine
1107 718 1399 796 Longino,
1433 735 1590 779 anno
1649 716 1882 807 mundi,
1916 722 1981 807 ut
2013 712 2107 807 ab

461 812 673 876 eodem
724 808 986 888 Longino
1035 804 1407 882 subnotatur,
1442 806 1623 881 6780,
1656 805 1714 867 id
1751 816 1841 869 est
1893 803 2108 867 Christi

459 922 615 965 anno
653 899 826 973 1272,
862 896 1198 979 descriptus
1228 901 1341 960 est.

539 995 629 1055 De
650 1008 760 1053 ms.
781 986 1387 1066 Sandionysiano.—
1409 984 1822 1050 Observabam
1834 1005 1903 1047 ns
1933 1002 2111 1066 supra

458 1079 747 1165 quosdam
771 1076 1009 1143 Graecos
1037 1074 1300 1149 codices,
1327 1073 1536 1137 Carolo
1553 1074 1729 1138 Calvo
1751 1076 2106 1156 lmperanto,

2185 553 2396 615 genam
2456 545 2645 605 vocat,
2680 536 2838 600 edite
2886 536 3182 599 meminit.
3239 536 3663 620 Imperatorem
3694 559 3833 603 vero

2186 627 2508 689 certionem
2536 627 2676 689 facit
2700 647 2764 690 se
2786 627 2857 689 ad
2894 647 3027 691 eum
3056 627 3391 691 versionem
3420 635 3656 694 mittere
3677 630 3832 695 Gras-

2191 734 2395 779 corum
2433 717 2665 780 Maximi
2708 726 2765 779 et
2796 718 3039 781 Joannis
3073 717 3537 800 Scythopolitani
3567 721 3830 784 scholia--

2192 825 2350 869 rum:
2376 826 2507 887 quae
2531 808 2770 889 quidem
2795 809 3095 887 quomodo
3117 828 3151 871 a
3173 826 3239 872 se
3262 809 3515 874 invicem
3540 810 3827 875 distinxe-

2194 899 2296 979 rit,
2324 899 2418 962 his
2444 898 2637 962 verbis
2666 898 2957 979 significat
2990 919 3003 962 :
3038 900 3313 980 Ipsorum
3344 907 3536 964 autem
3569 900 3829 964 scholia-

2192 1003 2313 1044 rum
2356 1005 2446 1045 seu
2468 989 2840 1061 paratheseon,
2870 1004 3194 1062 quoscunque
3230 990 3285 1045 in
3313 988 3453 1046 calce
3499 991 3587 1047 sui
3619 991 3830 1064 signum

2194 1078 2447 1159 viviﬁci:
2468 1081 2665 1141 crucis
2685 1078 2931 1153 habent,
2958 1095 2995 1140 α
3026 1077 3190 1142 beato
3217 1078 3478 1142 Maximo
3494 1082 3831 1159 confessore

455 1176 520 1237 in
570 1168 771 1235 Sancti
803 1167 1059 1248 Dionysii
1113 1184 1295 1247 prope
1326 1166 1619 1229 Lutetiam
1675 1166 2103 1228 monasterium
2187 1187 2259 1231 ac
2283 1169 2566 1232 monacho
2592 1170 2837 1231 inventa
2859 1177 3219 1232 narrantur:
3248 1176 3459 1232 caetera
3482 1187 3618 1234 vero
3634 1173 3831 1233 sancti

454 1265 639 1328 fuisse
661 1264 1026 1341 asportatos;
1048 1254 1152 1317 sed
1179 1254 1493 1335 lugendam
1520 1274 1725 1318 eorum
1756 1275 1892 1317 cum
1920 1264 2103 1318 caete-
2187 1258 2444 1323 Joannis
2493 1257 2986 1340 Scythopolitani
3013 1261 3309 1323 antistitis
3343 1277 3469 1323 esse
3507 1259 3825 1341 feruntur.

455 1352 540 1416 ris
568 1351 759 1413 ferme
788 1344 1065 1409 omnibus
1096 1343 1409 1407 ditissimas
1432 1344 1701 1425 ejusdem
1727 1344 2104 1407 bibliothecae

457 1437 880 1517 manuscriptis
893 1438 1188 1517 jacturam
1214 1432 1488 1495 fecimus.
1513 1434 1678 1497 Alius
1698 1435 1798 1517 qui
1829 1435 1911 1496 ibi
1940 1455 2094 1496 nunc
2259 1438 2340 1496 De
2362 1439 2586 1511 epistola
2604 1438 2887 1496 undecima
2910 1439 2980 1496 ad
3002 1438 3506 1513 Apollophanem.—
3536 1438 3681 1498 Illud
3704 1448 3828 1500 tan-

454 1526 881 1604 habetur,illnc
920 1523 997 1587 ab
1030 1523 1391 1601 imperatore
1443 1524 1718 1586 Manuele
1771 1524 2095 1602 Palmologo
2179 1528 2316 1590 dem
2347 1530 2475 1591 sine
2505 1528 2922 1592 observatione
2951 1529 3147 1611 aliqua
3180 1529 3550 1610 prmtermitti
3583 1550 3699 1593 non
3726 1532 3825 1596 de-

457 1619 677 1681 missus
708 1624 817 1679 est.
852 1614 1043 1694 Atque
1070 1613 1129 1674 in
1157 1612 1406 1702 hujusce
1439 1612 1527 1674 rei
1553 1613 1733 1674 fidem
1764 1613 1890 1675 haec
1919 1613 2096 1675 verba
2180 1617 2304 1692 bet,
2340 1619 2498 1700 quod
2562 1638 2753 1702 neque
2785 1621 2844 1682 in
2907 1619 3002 1680 his
3034 1620 3313 1682 omnibus
3346 1619 3671 1702 codicibus,
3706 1624 3830 1685 sive

454 1710 519 1773 in
543 1709 662 1770 fine
682 1705 950 1787 ejusdem
975 1701 1138 1776 libri,
1164 1701 1269 1763 sed
1300 1719 1474 1764 manu
1499 1703 1820 1764 recentiori
1851 1702 2094 1783 subjec-
2181 1710 2402 1771 Graecis
2432 1707 2559 1771 sive
2610 1709 2857 1782 Latinis,
2894 1728 3089 1788 neque
3142 1710 3201 1771 in
3234 1709 3512 1772 omnibus
3542 1701 3665 1773 fere
3696 1711 3823 1773 edi-

453 1808 511 1861 ta
536 1805 675 1860 sunt
708 1813 721 1859 Σ
787 1798 892 1854 «Τὸ
921 1795 1091 1873 παρὸν
1118 1791 1317 1869 βιϐλίον
1352 1793 1627 1858 απεστάλη
1658 1796 1799 1877 πικρὰ
1830 1794 1920 1850 τοῦ
1951 1797 2086 1870 ὕψη.

2183 1797 2467 1874 tionibus,
2505 1799 2616 1860 nisi
2660 1797 2722 1861 in
2776 1798 3143 1861 Bibliotheca
3174 1808 3374 1861 nostra
3418 1800 3824 1877 Lugttnnensi,

460 1889 687 1946 λοτάτου
747 1883 1037 1964 βασιλέως,
1100 1884 1188 1939 καὶ
1239 1883 1625 1962 αὐτοκράτορος
1676 1874 1951 1959 Ῥωμπισῖιον
2000 1908 2093 1940 7.0-

2182 1887 2433 1967 epistola
2469 1888 2816 1969 undecima,
2841 1887 3106 1969 Dionysii
3134 1889 3319 1950 nostri
3347 1874 3590 1951 nomine
3611 1874 3827 1953 inseri;

458 1985 549 2059 ροῦ
606 1974 885 2042 ’Μινουηλ
938 1980 1031 2031 τοῦ
1086 1971 1452 2052 Παλαιολόγου
1508 1974 1579 2037 εἷς
1629 1974 1689 2031 τὸ
1749 1976 2093 2053 novarat/pio»

2183 1983 2299 2057 pta,
2332 1977 2538 2041 decem
2574 1977 2711 2040 aliis
2766 1977 3179 2055 superioribus
3212 1977 3606 2043 subnectitur.
3638 1979 3701 2041 In
3758 2000 3828 2044 ea

457 2076 549 2127 τοῦ
602 2065 775 2125 Ἀνὶου
822 2064 1091 2124 Διονυσίου
1162 2069 1239 2137 τῷ
1288 2062 1340 2117 ἐν
1398 2064 1640 2142 Παρυσῖᾦ
1688 2068 1787 2131 τῆς
1831 2066 2093 2141 Φρκγγίας

2181 2075 2390 2128 auctor
2444 2066 2850 2146 Apollophani
2909 2068 3284 2148 philosopho,
3348 2068 3420 2129 ad
3465 2087 3643 2148 quem
3688 2069 3822 2133 data

457 2160 493 2225 ἢ
556 2156 845 2219 Γα)ατίας.
878 2154 984 2210 ἀπὸ
1040 2158 1138 2221 vi:
1181 2151 1786 2219 Κωνσταντινουπό).εως
1845 2152 1910 2209 δι’
1971 2154 2101 2229 ἐμοῦ

458 2244 711 2316 Μανουή).
768 2253 861 2304 τοῦ
946 2241 1267 2322 Χρυσολωρᾶ
1299 2288 1315 2318 ,
1406 2242 1736 2323 πεμφθέντος
1834 2242 2100 2323 πίεεπϐἑως

456 2338 599 2415 παρᾶ
649 2344 742 2395 τοῦ
773 2334 1052 2415 εὶρημένου
1108 2330 1397 2412 βασιλξως,
1430 2332 1535 2388 ἔτει
1568 2334 1672 2390 ἀπὸ
1715 2334 1955 2396 κτὶσειως
2001 2336 2099 2389 γό-

456 2449 593 2503 σμοο
649 2422 1098 2505 ἑξακισχιλιοστῷ
1156 2420 1663 2502 ἒννεακισχιλιοστῷ
1725 2421 2096 2495 ἑξκσίιδεκάτνρ,

454 2517 561 2573 ἀπὸ
595 2513 912 2594 σαρκώσεως
946 2511 1000 2569 δὲ
1032 2518 1124 2570 τοῦ
1157 2514 1344 2587 Κυρὶου
1385 2511 1651 2591 χιλιοστῷ
1679 2520 2099 2588 τετρακοσιοσεῷ

469 2606 483 2623 ,
594 2606 624 2626 ν
695 2596 711 2616 ‹
982 2604 995 2625 ,
1127 2602 1138 2618 .
1274 2601 1284 2615 ι
1445 2603 1458 2619 η
1811 2603 1821 2623 .
2052 2605 2066 2621 .

457 2602 655 2682 ογδοῳ,
715 2604 901 2666 Ὀστις
954 2623 1231 2681 ειρημενος
1262 2600 1501 2665 εασιλευς
1533 2601 1661 2669 ἦ).οε
1721 2624 1974 2681 προτερον
2026 2626 2097 2665 εις

455 2695 515 2751 τὸ
548 2695 805 2764 Παρύσιον
836 2692 938 2772 πρὸ
966 2694 1103 2749 ἒτῶν
1134 2691 1426 2767 τεσσάρων.
1462 2689 1587 2753 Hic
1617 2689 1764 2752 liber
1794 2690 2092 2754 Conslan-

455 2782 681 2855 tinapoli
709 2782 781 2839 ad
800 2780 1182 2839 monasterium
1208 2779 1393 2836 Sancti
1424 2778 1668 2852 Dionysii
1686 2780 2010 2839 Parisiensis
2033 2784 2095 2839 in

454 2872 693 2932 Francia
717 2871 830 2931 sive
856 2869 1036 2928 Gallia
1064 2869 1264 2927 missus
1292 2875 1369 2926 est
1399 2884 1436 2926 a
1461 2868 1742 2927 celsissimo
1781 2872 2015 2944 prinripe
2044 2879 2093 2930 et

453 2964 764 3036 imperatore
821 2961 1175 3018 Romanorum
1220 2958 1434 3015 domina
1488 2960 1739 3019 Manuale
1793 2962 1953 3019 Patre
1980 2963 2091 3035 luga

449 3072 560 3135 per
581 3070 677 3116 me
699 3049 1035 3115 ManueIem
1048 3048 1768 3131 Chrysolorum,legatum
1794 3054 2039 3116 missum
2055 3072 2090 3116 (ι

2183 2166 2299 2236 est,
2331 2154 2407 2219 de
2459 2156 2623 2219 illius
2652 2157 2723 2218 ad
2758 2157 3145 2219 Christianam
3192 2157 3371 2220 tidem
3432 2160 3826 2224 conversione

2183 2246 2507 2325 pturimum
2539 2247 2883 2325 gratulatur,
2918 2256 2977 2310 et
3007 2248 3080 2307 de
3120 2248 3263 2308 solis
3301 2247 3659 2329 defectione,
3695 2269 3827 2330 quin

2183 2335 2416 2397 Christo
2474 2336 2794 2412 moriente,
2830 2343 3183 2417 contigerat,
3220 2355 3558 2400 sermonem
3617 2356 3826 2403 rursus

2182 2425 2452 2489 instituit.

2264 2516 2401 2579 Haec
2426 2526 2624 2580 autem
2657 2519 2909 2599 epistola
2938 2537 3055 2582 non
3095 2519 3286 2581 solum
3320 2518 3656 2583 certissima
3708 2524 3825 2584 evi-

2182 2606 2379 2669 dentis
2408 2608 2645 2688 praefert
2666 2608 2935 2671 lalsitatis
2962 2606 3202 2684 indicia,
3236 2608 3340 2669 sed
3375 2628 3482 2670 nec
3513 2610 3587 2671 ab
3610 2611 3821 2674 eodem

2181 2704 2423 2760 auctore
2453 2715 2521 2759 ac
2569 2696 2779 2761 decem
2812 2699 3182 2778 superiores,
3215 2698 3435 2778 aliique
3483 2698 3823 2782 Dionysiani

2179 2784 2316 2847 libri
2351 2787 2615 2866 profecta
2666 2805 2798 2849 esse
2824 2787 3082 2851 videtur.
3134 2786 3447 2851 Enimvero
3478 2789 3578 2849 illa
3625 2808 3731 2853 nec
3764 2795 3821 2854 in

2177 2875 2622 2957 manuscriptis,
2659 2876 2745 2937 uti
2795 2877 3073 2951 diximus,
3109 2895 3222 2940 nec
3279 2877 3339 2938 in
3375 2877 3640 2940 melioris
3675 2890 3823 2944 notae

2176 2964 2535 3027 editionibus
2560 2966 2790 3046 vulgata
2807 2974 2913 3028 est.
2936 2967 3162 3029 Deinde
3179 2966 3253 3028 ab
3275 2966 3526 3029 aliarum
3544 2988 3677 3032 cum
3696 2972 3822 3052 epi-

2176 3053 2487 3129 stolarum,
2523 3063 2642 3117 tum
2674 3056 3152 3118 lucubrationum
3186 3056 3447 3137 Dionysii
3470 3059 3654 3120 nostri
3676 3060 3820 3141 stylo

450 3144 606 3207 dicto
634 3147 1015 3223 imperatore,
1044 3157 1205 3203 anno
1238 3158 1277 3202 a
1318 3141 1623 3203 creatione
1661 3143 1874 3205 mundi
1901 3145 2152 3227 seatiz’sc
2177 3161 2420 3223 prorsus
2449 3143 2754 3208 abhorret.
2791 3145 3059 3226 Denique
3092 3146 3222 3207 divo
3254 3147 3533 3222 Maximo,
3559 3145 3819 3229 Opernm

450 3236 541 3297 mi
547 3233 776 3297 llesimo
790 3232 1231 3311 nongtntesz’mo
1252 3231 1480 3293 decimo
1499 3233 1782 3309 sexto,‘ab
1804 3233 2095 3297 Incurua-

451 3326 617 3388 tione
670 3339 817 3385 vero
850 3321 1091 3384 Domini
1136 3319 1460 3383 millesimo
1504 3323 2094 3403 quadringentesimo

450 3421 691 3478 octavo.
729 3411 851 3486 Qui
867 3410 1064 3473 dictus
1088 3411 1417 3490 imperator
1437 3416 1608 3491 prius
1633 3411 1908 3476 Parisios
1930 3415 2095 3477 venit

450 3510 592 3567 ante
621 3506 888 3582 quatuor
928 3517 1146 3563 annos.

529 3591 692 3654 Duos
715 3590 963 3671 insuper
990 3588 1231 3653 Latinos
1267 3592 1423 3653 nacti
1448 3609 1651 3653 sumus
1682 3610 1856 3653 manu
1891 3612 2089 3655 exara-

450 3695 541 3746 tos
589 3680 848 3756 codices,
883 3678 1100 3760 quibus
1130 3680 1325 3742 versio
1376 3681 1620 3743 Joannis
1649 3682 1978 3763 Scotigcnm
2020 3703 2087 3745 ac

448 3773 567 3835 divi
621 3769 885 3845 Maximi,
920 3769 1310 3852 ejusdemque
1336 3769 1586 3834 Joannis
1636 3769 1967 3851 Scotigenm
2000 3775 2085 3852 (Ι)

450 3871 603 3924 notua
660 3867 720 3922 et
746 3859 974 3921 scholia
1018 3858 1395 3930 exhibentur,
1437 3861 1671 3923 Primus
1700 3861 2087 3925 Bibliotheca:

450 3950 651 4030 Regia:
710 3955 821 4025 est,
856 3949 1162 4009 secundus
1190 3947 1585 4013 Colbertinm:
1621 3950 1771 4012 alter
1798 3952 1870 4012 ab
1916 3954 2086 4014 annls

448 4038 689 4102 circiter
708 4036 852 4111 6C0,
885 4037 1183 4098 altervero
1213 4036 1330 4099 400
1348 4037 1701 4120 descriptus.
1740 4042 1801 4102 in
1839 4049 2087 4120 utrmque

448 4124 1165 4210 praemittunturejnsdem
1182 4127 1425 4189 Joannis
1447 4130 1911 4209 Scythopolitani
1939 4131 2014 4208 (ἓ)
2032 4139 2088 4190 et

444 4214 740 4280 Anastasii
768 4213 1215 4278 Bibliothecarii
1243 4215 1315 4277 ad
1369 4216 1640 4279 Carolum
1674 4218 1910 4279 Calvum
1959 4220 2085 4298 epi-

447 4307 639 4381 stolaa,
671 4304 887 4386 quibus
924 4303 979 4366 ei
1012 4303 1304 4366 versionis
1357 4312 1676 4388 operisque
1707 4309 1797 4369 sui
1834 4309 2089 4370 reddunt

444 4397 759 4459 rationem.
786 4393 1310 4475 EpistolaJoannis
1323 4396 1409 4457 sic
1430 4398 1772 4460 inscribitur
1795 4421 1807 4462 :
1840 4400 2087 4462 Clin-an

2178 3233 2435 3305 Dionysii
2466 3232 2907 3305 diligentissimo
2928 3235 3269 3306 indagatori,
3293 3236 3461 3305 plane
3482 3238 3825 3309 penitusque

2177 3322 2476 3402 incognita
2490 3322 2619 3387 fuit.
2647 3321 3160 3387 Nullaseteuimin
3186 3342 3340 3398 eam,
3365 3326 3586 3387 sicutin
3613 3336 3825 3391 uetera

2178 3412 2440 3493 Dionysii
2468 3413 2797 3492 Opera,ille
2812 3413 2999 3475 edidit
3018 3414 3643 3488 observationesﬂnid
3660 3420 3821 3493 quod

2179 3509 2236 3562 et
2249 3500 2666 3581 ipseMaximus
2681 3502 3022 3583 Dionysium
3039 3522 3171 3564 cum
3188 3503 3327 3565 solis
3342 3504 3607 3585 eclipsim
3625 3504 3826 3567 obser-

2172 3598 2357 3671 varet,
2393 3608 2613 3653 annum
2645 3592 2838 3654 aetatis
2876 3591 3218 3654 vicesimum
3254 3595 3521 3673 quintum
3552 3595 3822 3673 attigisse

2172 3682 2355 3742 meris
2367 3681 2728 3761 conjecturis
2743 3680 2993 3761 probare
3006 3686 3357 3745 conatur.At
3372 3683 3821 3765 nullaipsiopus

2169 3770 2671 3850 eratconjectura,
2695 3771 2742 3832 si
2760 3769 2882 3831 haec
2896 3770 3167 3851 epistola,
3198 3770 3299 3832 ubi
3325 3771 3379 3831 id
3396 3773 3600 3853 aperle
3622 3774 3820 3836 decla-

2170 3858 2424 3933 ratur,in
2440 3859 2569 3937 ejus
2584 3876 2795 3919 manus
2808 3860 3000 3939 aliqua
3013 3859 3128 3921 udo
3152 3860 3431 3941 venisset,
3461 3863 3615 3923 Vero
3641 3862 3824 3940 igitur

2169 3946 2406 4009 videtur
2428 3946 2670 4008 omnino
2703 3947 2902 4009 simile
2921 3966 3049 4009 eam
3074 3967 3108 4009 a
3139 3956 3294 4011 mate
3325 3949 3534 4011 feriato
3562 3950 3819 4031 quodam

2172 4034 2467 4115 scriptore
2489 4054 2560 4098 ex
2584 4037 2840 4116 septima
2864 4036 3126 4099 auctoris
3152 4041 3340 4099 nostri
3363 4038 3436 4100 ad
3460 4039 3825 4120 Apollopha-

2172 4142 2308 4185 nem
2327 4124 2597 4204 epistola,
2622 4125 2680 4185 in
2707 4143 2822 4206 qua
2844 4126 2919 4188 de
2942 4134 3266 4188 memorata
3284 4127 3429 4188 solis
3453 4129 3657 4209 eclipsi
3688 4129 3820 4191 dis-

2172 4220 2353 4294 putat,
2384 4222 2513 4293 post
2542 4213 3008 4276 Maximiobitum
3023 4215 3204 4277 fuisse
3236 4217 3645 4297 compositam.
3679 4220 3824 4281 Por-

2170 4320 2238 4363 ro
2260 4310 2453 4363 autem
2475 4321 2592 4364 non
2624 4303 2737 4365 alia
2755 4304 2996 4383 quidem
3026 4305 3257 4367 ratione
3280 4304 3385 4367 ille
3417 4308 3823 4369 Pseudo-Dio-

2173 4391 2373 4471 nysius
2424 4409 2554 4452 eam
2604 4393 2916 4472 scripsisse
2971 4394 3222 4470 videtur,
3260 4395 3372 4454 nisi
3434 4404 3498 4458 ut
3539 4396 3817 4458 eumdem

442 4488 678 4550 sz‘ssimo
691 4484 1125 4548 catholicorum
1141 4503 1349 4566 regum
1365 4485 1589 4549 Carolo
1611 4487 1877 4551 Joannes
1896 4500 2085 4552 e.rlrc-
2110 4501 2151 4552 D
2174 4479 2639 4562 Αροηοριιίιηθηι
2658 4481 3404 4562 Christianmreligioni,ad
3420 4502 3595 4560 quam
3611 4494 3821 4547 auctor

441 4596 575 4640 mus
604 4574 827 4656 sophia:
847 4575 1249 4637 studentium.
1290 4578 1683 4638 Anastasiunn
1707 4596 1877 4642 vero:
1912 4583 2082 4642 Prec-

441 4671 596 4747 fatz‘o
613 4666 952 4746 Anastasii,
969 4665 1315 4745 apostolicis
1330 4666 1489 4728 sedis
1510 4668 1980 4750 bibliotlzccarii,
2005 4673 2085 4731 ad

442 4755 942 4815 excellentissimum
970 4769 1152 4827 regem
1189 4762 1235 4813 et
1268 4756 1802 4815 Christianissimam
1833 4760 2085 4816 Carotum

515 4918 590 4987 (1)
622 4916 764 4989 Lege
792 4915 1123 4989 Joannisque
1150 4915 1600 4991 Seylhopotitani.
1636 4919 1793 4975 EDIT.
1831 4920 2006 4977 tum.

2171 4569 2440 4650 epistolas
2465 4571 2734 4651 septimas
2757 4590 2891 4631 eum
2918 4572 3178 4634 adncere
3212 4581 3556 4650 tentaverat,
3594 4593 3817 4637 nomen

2170 4677 2344 4720 suum
2377 4658 2694 4739 aliquando
2724 4659 2966 4722 dedisse
2994 4662 3273 4725 omnibus
3303 4681 3663 4744 quocunque
3687 4672 3818 4728 tan-

2171 4746 2304 4809 dem
2341 4747 2515 4810 modo
2547 4749 2955 4829 persuaderet.

2250 4916 2334 4997 (2)
2378 4918 2532 4998 Lege
2566 4917 2918 5000 Scotigente.
2953 4917 3039 4981 In.
