4060 6214
267 353 343 416 57

1658 347 2061 412 PROLEGOM
2073 346 2247 410 ENA.

3557 359 3631 424 58

270 515 3619 545 Mm

600 637 855 732 FB.
972 635 1100 729 J.
1221 634 1366 729 Ρ.
1485 633 1968 730 BERN.
2099 634 2268 727 M.
2382 635 2585 729 DE
2731 638 3314 738 RUBEIS

1452 785 1762 852 OBDINIS
1826 787 2447 853 PRAEDICATORUM

926 928 988 987 In
1036 925 1326 990 Venetam
1370 921 1632 1005 Operum
1678 941 1808 1007 quae
1850 925 2281 1008 Areopagitica
2324 928 2602 992 dicuntur
2644 929 2962 995 editionem

1310 1083 2046 1174 DISSERTATIO
2149 1088 2593 1174 PR/EVIA

257 1238 329 1296 1n
359 1253 470 1312 qua
508 1237 815 1311 prasertim
843 1236 1036 1310 agitur
1078 1234 1142 1294 de
1190 1235 1415 1297 Scholiis
1465 1238 1655 1295 Sancti
1676 1239 1918 1367 ﬂuximi,

1699 1328 1715 1366 t
1741 1327 1832 1368 ant
1857 1329 1918 1385 pa

2007 1245 2288 1375 ιέῖᾍιρίς
2334 1247 2784 1324 ScythOpotitani,
2814 1266 2879 1310 ac
2909 1253 3154 1310 Germani
3201 1251 3634 1327 Constantinopo-

789 1544 1035 1609 CAPUT
1069 1544 1384 1611 PRIMUM.

259 1667 495 1751 Operam
528 1662 1030 1751 Areoppgiticorunt
1060 1663 1245 1751 .editi'o.
1280 1665 1684 1751 Aituerpicnsis
1705 1682 1726 1723 :
1774 1665 1914 1751 paid

327 1739 391 1794 in
421 1753 485 1792 ea
512 1737 827 1807 prastinem.
869 1737 1141 1793 Posterior
1167 1737 1277 1792 alia
1334 1737 1663 1795 Parisiensis
1724 1737 1908 1795 editio.

331 1809 633 1865 Casimirus
661 1805 904 1863 Oudinus
930 1813 1162 1865 notatus.

341 1919 390 1980 Ι.
426 1917 709 1989 Quaenam
737 1934 895 1978 curae
920 1914 1204 1979 adhibitae
1230 1916 1475 1993 fuerint,
1531 1916 1675 1999 quid
1733 1917 1908 1980 etiam

262 2005 580 2087 amplioris
601 2004 990 2067 emolumenti
1012 2004 1072 2067 in
1093 2023 1240 2066 nova
1259 2002 1544 2086 Operam,
1575 2024 1703 2086 quae
1727 2008 1911 2069 Areo-

258 2096 544 2178 pagitica
558 2094 864 2170 dicuntur,
888 2096 1113 2156 Veneta
1136 2094 1397 2157 editione
1421 2096 1770 2175 praestitum,
1790 2115 1915 2157 mu-

1928 1569 1966 1618 Α
1991 1557 2346 1626 argumentis
2377 1557 2639 1618 damnata
2666 1581 2679 1616 :
2716 1575 2927 1634 easque
2954 1563 3208 1636 subjecta
3241 1571 3450 1623 ornant
3479 1562 3641 1621 Scho-

1996 1644 2075 1703 lia
2132 1645 2377 1717 Mmimi,
2438 1650 2782 1723 Pachymerw
2831 1653 3207 1727 Paraphrasis,
3275 1664 3331 1712 et
3396 1654 3642 1712 Corderii

1994 1735 2399 1805 Adnotationes,
2433 1750 2485 1797 et
2514 1741 2726 1799 Latium
2755 1744 3249 1817 interpretationes.
3284 1744 3480 1803 Molem
3535 1760 3642 1803 vo-

1997 1824 2232 1884 luminis
2295 1838 2508 1900 augent
2567 1833 2843 1901 opuscula
2894 1834 3081 1905 plura,
3145 1848 3259 1907 que
3298 1842 3635 1905 sequuntur.

1994 1915 2037 1973 Ι.
2079 1918 2196 1977 Vita
2227 1923 2278 1976 el
2309 1920 2630 1978 Encomium
2664 1922 2912 1996 Dionysii
2948 1925 3293 1999 Areopagin
3314 1943 3377 1982 ex
3402 1926 3639 1991 Menais,

1995 2006 2286 2077 interprete
2341 2008 2497 2066 Petro
2559 2011 2785 2070 Halloix
2844 2012 2983 2071 Soc.
3045 2015 3191 2075 Jesu.
3252 2015 3322 2072 Π.
3385 2016 3643 2073 Simeonis

1996 2097 2376 2170 Metaphrastae
2435 2100 2553 2160 Vita
2595 2111 2644 2157 et
2687 2103 3029 2163 Conversatio
3084 2106 3139 2162 S.
3172 2105 3421 2178 Dionysii
3476 2106 3643 2162 Areo—

263 2206 380 2247 nus
402 2184 555 2248 mihi
583 2183 1006 2247 demandatum
1042 2192 1151 2259 est,
1180 2192 1245 2247 ut
1270 2184 1485 2266 praevia
1512 2183 1765 2267 quadam
1797 2186 1916 2247 dls-
1990 2188 2216 2259 pagilw,
2248 2188 2312 2243 ab
2365 2190 2565 2247 incerto
2596 2192 2886 2266 interprete
2933 2195 3224 2253 Latinitate
3257 2194 3475 2261 donata,
3508 2200 3559 2252 et
3610 2212 3643 2248 a

269 2275 600 2339 sertatione
631 2273 1039 2338 admonerem.
1077 2277 1260 2353 Agam
1295 2273 1477 2353 igitur
1508 2294 1614 2358 pro
1667 2294 1916 2338 munere

267 2374 578 2445 assumpto
609 2385 624 2427 :
658 2370 718 2425 et
742 2381 1011 2441 quianam
1044 2362 1221 2426 fuerit
1245 2365 1506 2426 anterior
1536 2364 1721 2427 editio
1753 2366 1915 2428 sele-

267 2460 528 2536 (ηεροδ
548 2453 763 2515 iterum
794 2453 1139 2529 cuderetnr;
1189 2472 1333 2515 num
1383 2454 1581 2535 aliqua
1602 2472 1737 2518 cum
1771 2474 1914 2519 mss.

268 2543 604 2623 codicibus,
639 2551 697 2604 et
745 2542 1127 2625 quibusnam,
1189 2543 1424 2606 collatio
1481 2544 1671 2608 Graeci
1727 2554 1921 2608 textus

266 2637 421 2696 facta
452 2633 631 2695 fuerit
665 2656 681 2711 ;
716 2650 986 2714 quaenam
1020 2633 1306 2713 opuscula
1344 2633 1604 2716 adjecta,
1638 2654 1771 2715 qna:
1831 2630 1921 2698 vel

267 2723 344 2784 de
373 2721 636 2801 genuino
669 2730 916 2803 parente
948 2721 1295 2803 perquirant
1325 2722 1417 2784 vel
1451 2723 1579 2803 ejus
1610 2725 1787 2786 fidem
1815 2743 1921 2805 pa—

2001 2276 2259 2336 Corderio
2287 2281 2567 2337 recensita.
2600 2282 2696 2340 III.
2758 2282 2828 2339 De
2885 2284 3134 2357 Dionysio
3191 2286 3524 2357 Areopagita
3576 2300 3647 2341 ea:

2000 2366 2191 2439 Suida,
2227 2371 2523 2443 interprete
2558 2370 2714 2430 Petro
2740 2372 2984 2431 Lanselio
3016 2375 3136 2432 Soc.
3169 2378 3318 2433 Iesu.
3374 2377 3464 2433 IV.
3531 2374 3650 2429 Vita

2002 2459 2338 2532 Areopagitm
2360 2477 2426 2519 ex
2477 2463 2640 2519 Libro
2694 2465 2929 2521 secundo
2987 2467 3307 2537 Nicephoris
3359 2463 3541 2523 Greece
3600 2469 3652 2521 et

2005 2547 2201 2604 Latine
2256 2549 2323 2606 ab
2369 2551 2544 2608 eodem
2600 2551 2873 2610 Lansselio
2906 2554 3069 2611 edita.
3108 2554 3167 2612 V.
3199 2555 3479 2613 Michaelis
3508 2557 3650 2626 Syn-

2004 2638 2113 2709 geli
2143 2639 2467 2697 Encomium
2514 2642 2577 2698 in
2632 2641 2688 2700 S.
2720 2642 3063 2715 Dionysium,
3123 2646 3408 2716 interprete
3444 2644 3648 2702 Basilio

2004 2727 2276 2792 Milionia.
2342 2738 2391 2787 et
2455 2749 2488 2785 a
2550 2730 2710 2789 'Petro
2765 2732 3040 2791 Lanssclio
3094 2734 3336 2806 pluribus
3395 2736 3454 2792 in
3521 2734 3652 2792 lacis

263 2811 651 2912 teiaciant-an
683 2811 841 2912 edita
870 2811 1096 2911 scholia
1118 2811 1243 2912 _sint
1274 2809 1450 2912 u-nius
1492 2812 1704 2912 .Sanhcti
1740 2813 1920 2912 _Maxi-
1946 2819 2343 2912 Bcastigatum.
2405 2820 2496 2878 VI.
2553 2823 2899 2895 Martyrium.
2934 2828 2987 2882 S.
3031 2824 3278 2897 Dionysii
3313 2825 3655 2898 Areopagin

265 2903 373 2976 mi,
406 2918 485 2962 an
514 2901 715 2978 aliqua
741 2900 835 2963 vel
868 2901 1042 2962 etiam
1076 2900 1243 2980 plura
1296 2902 1538 2964 Joannis
1600 2900 1982 2985 Scythopo-'
1998 2924 2103 2980 per
2164 2907 2512 2976 Methodium,
2569 2912 2667 2982 vel,
2734 2922 2795 2969 ut
2852 2914 2976 2980 alii,
3029 2914 3428 2981 Metrodorum,
3487 2916 3654 2969 inter-

265 2990 460 3066 litani,
498 3009 574 3052 an
607 2989 784 3053 etiam
819 2990 1089 3071 quaedam
1148 2991 1456 3072 Germani,
1517 2992 1695 3071 regia:
1753 2993 1922 3055 urbis

267 3080 864 3162 Constantinopoleos
895 3079 1271 3161 patriarchae;
1305 3079 1554 3143 totidem
1589 3088 1764 3144 erunt
1792 3081 1919 3145 dis-

266 3170 617 3233 sertationis
646 3176 1022 3249 argumenta,
1053 3187 1122 3231 ac
1152 3168 1267 3231 alia
1294 3188 1436 3231 sane
1463 3170 1555 3234 his
1586 3172 1805 3235 aliinia.

345 3259 900 3339 Areopagiticorum
932 3260 1195 3338 Operum
1232 3258 1526 3321 editiones
1558 3280 1767 3323 omnes
1808 3264 1921 3325 hoc

266 3351 402 3412 loco
440 3366 764 3411 numerare
795 3364 1232 3430 supervacanea
1259 3367 1398 3410 cura
1429 3351 1600 3412 foret.
1627 3349 1923 3413 Nitidissi—

269 3439 934 3520 mamAntuerpiensem
955 3456 1221 3501 memoro
1244 3459 1317 3499 ea
1343 3440 1922 3520 oﬂ'icinal’lantinia-

269 3547 353 3591 na
370 3527 994 3592 BalthasarisMoreti
1022 3527 1395 3593 1634.Frons
1429 3531 1600 3611 primi
1633 3532 1777 3593 tomi
1808 3540 1919 3597 est:

272 3620 477 3695 Opera
504 3618 576 3681 S.
614 3617 905 3700 Dionysii
936 3618 1334 3700 Areopagitae,
1368 3637 1502 3681 cum
1541 3619 1804 3683 Scholz'is
1854 3625 1917 3685 S.

268 3706 559 3782 Maximi,
577 3716 634 3770 et
657 3707 1039 3788 Paraphrasi
1063 3706 1479 3788 Pachymerat,
1503 3727 1539 3770 a
1563 3707 1924 3774 Bulthasare

272 3797 575 3860 Corderio
588 3796 887 3860 SocJesu
902 3797 1057 3872 doct,
1070 3797 1233 3859 theol
1242 3797 1483 3859 .Latine
1498 3800 1919 3878 interpretata,

270 3893 324 3947 el
354 3889 521 3949 nalis
545 3887 899 3966 theologicis
922 3884 1255 3948 illustrata.
1289 3886 1524 3949 Primus
1553 3888 1709 3949 idem
1736 3898 1927 3951 tomus

279 3975 552 4036 continet
582 3977 785 4039 Graece
808 3984 865 4036 et
895 3974 1100 4039 Latine
1122 3973 1307 4036 libros
1331 3975 1422 4036 De
1443 3975 1664 4038 calcati
1688 3977 1926 4041 hierar-

274 4063 443 4138 chio,
468 4066 555 4127 De
570 4064 981 4127 ecclesiastica
1005 4064 1346 4126 hicrarehia
1380 4074 1435 4126 et
1467 4064 1552 4126 De.
1581 4066 1805 4129 divinis
1826 4087 1927 4130 ηο-

2002 3001 2153 3066 prete
2206 2997 2501 3055 Lansselio.
2562 2999 2679 3056 VII.
2734 2999 2857 3058 Vita
2913 3001 3147 3073 ejusdem
3196 3018 3299 3075 per
3354 3003 3417 3059 Β.
3450 3003 3515 3059 Ρ.
3548 3002 3653 3058 Pe-

2004 3089 2149 3140 trum
2198 3087 2437 3143 Halloizv.
2469 3090 2535 3145 S.
2568 3090 2619 3145 J.
2655 3092 2987 3153 concinnata,
3035 3090 3367 3164 ejusdemque
3410 3092 3653 3149 notatio-

2004 3174 2164 3232 nibus
2200 3175 2498 3233 illustrata.
2536 3177 2680 3236 VIII.
2714 3179 2949 3238 Laudati
3002 3180 3262 3238 Halloixii
3290 3181 3353 3237 de
3407 3180 3465 3238 S.
3523 3181 3655 3238 Dio—

2001 3264 2148 3336 nysii
2200 3267 2546 3339 Areopagitat
2608 3270 2727 3327 Vita
2781 3276 2832 3327 el
2856 3271 3113 3342 Operibus
3152 3270 3460 3338 Questiones
3512 3285 3653 3341 qua-

2002 3359 2145 3408 tuor.
2188 3353 2277 3411 IX.
2322 3357 2645 3427 Argumenta
2692 3365 2742 3415 et
2797 3360 3104 3416 Testimonia
3156 3376 3252 3432 pro
3305 3357 3565 3431 Operibus
3593 3360 3649 3415 S.

2004 3442 2254 3516 Dionysii
2305 3461 2377 3502 ex
2434 3447 2692 3506 Vindiciis
2740 3449 3128 3522 Areopagiticis
3178 3450 3240 3506 Β.
3300 3448 3363 3506 Ρ.
3429 3448 3657 3506 Martini

2005 3531 2188 3591 Delrio
2243 3537 2357 3594 Sac.
2395 3537 2535 3594 Jesu.
2579 3539 2641 3595 Χ.
2677 3539 2748 3594 De
2797 3540 3061 3611 Dionysio
3106 3540 3453 3612 Areopagita,
3510 3541 3655 3612 ejus-

2007 3642 2102 3698 que
2161 3626 2380 3697 scriptis
2431 3628 2739 3700 Disputatio
2799 3629 3141 3702 Apologetica
3182 3631 3331 3687 Petri
3370 3630 3651 3686 Lansselii.

2008 3715 2111 3771 XI.
2179 3715 2465 3773 Varianis:
2540 3718 2788 3775 lectiones
2853 3720 2908 3773 in
2977 3718 3152 3775 Librix
3221 3719 3650 3790 Areopagiticis.

2008 3803 2125 3859 XII.
2170 3803 2565 3862 Onomasticum
2607 3807 3000 3880 Dionysianum
3053 3807 3400 3864 Baithasaris
3457 3806 3653 3862 Corde-

2009 3892 2103 3948 rii.
2140 3893 2284 3949 XIII.
2315 3894 2482 3950 Index
2512 3896 2748 3952 locorum
2775 3912 2942 3954 sacrae
2970 3898 3286 3969 Scriptttrw.
3318 3896 3456 3954 XIV.
3488 3896 3655 3953 Index

2010 3980 2069 4038 in
2098 3982 2244 4040 binos
2275 3982 2496 4057 Operam
2521 3984 2694 4041 sancti
2721 3986 2973 4058 Dionysii
3001 3991 3183 4043 tomos.

2084 4070 2154 4128 II.
2195 4072 2325 4131 Post
2367 4088 2550 4132 annos
2590 4075 2810 4139 decem,
2844 4092 2986 4133 nova
3038 4076 3257 4133 Lutetiae
3290 4074 3652 4141 Parisiorum.

272 4156 569 4231 minibus,
602 4155 947 4217 Balthasare
977 4153 1261 4219 Corderio
1296 4154 1651 4234 interprete.
1715 4156 1980 4220 LibrosC
2005 4175 2160 4221 anno
2184 4163 2420 4229 scilicet,
2458 4163 2621 4229 tota,
2648 4173 2903 4223 accurata
2956 4174 3040 4223 est
3096 4164 3243 4237 apud
3298 4166 3656 4223 Laurentium

273 4244 619 4326 praecedunt
638 4244 825 4325 ipsius
847 4244 1113 4306 Corderii
1132 4242 1589 4306 Observationes
1608 4248 1927 4324 generales

266 4353 378 4415 pro
394 4335 803 4416 intelligentia
818 4333 887 4403 S.
908 4334 1201 4413 Dionysii,
1220 4340 1278 4394 et
1293 4335 1492 4396 sancti
1510 4336 1924 4400 MaximiPro-

271 4425 537 4504 legisset
564 4423 808 4503 Georgii
834 4423 1223 4503 Pachymerce
1252 4422 1644 4486 Prommium:
1677 4424 1926 4501 singulis

264 4530 406 4575 vero
442 4512 732 4574 librorum
758 4512 1052 4591 capitibus
1078 4512 1514 4573 Allnotatioues
1539 4511 1843 4588 Corderii,
1864 4524 1921 4576 et

271 4602 519 4667 Scholia
561 4605 625 4662 S.
666 4602 946 4674 Maximi,
982 4610 1039 4664 et
1072 4602 1493 4680 Paraphrasis
1533 4602 1921 4683 Pachymero:

268 4692 696 4772 subjiciuntur;
732 4708 867 4770 quae
923 4690 1124 4753 omnia
1179 4692 1268 4750 vir
1324 4690 1480 4752 idem
1542 4689 1924 4756 doctissimus

272 4781 597 4844 Corderius
629 4781 832 4843 Latine
863 4783 1188 4844 transtulit.

350 4870 583 4934 Tomos
612 4871 762 4932 alter
786 4870 1156 4951 compleatur
1188 4868 1464 4932 Corderii
1505 4870 1814 4950 Isagogem
1848 4875 1931 4938 ad

274 4964 589 5041 mysticam
611 4958 995 5039 theologiam,
1024 4968 1144 5022 tum
1163 4960 1355 5039 ipsum
1385 4958 1474 5021 De
1496 4963 1749 5039 mystica
1771 4965 1932 5027 theo-

279 5053 443 5131 logia
462 5050 711 5123 librum,
744 5067 881 5110 cum
910 5049 1419 5112 Atlnotationibus
1442 5047 1849 5134 Corderianis,
1870 5065 1932 5115 et

273 5140 611 5204 Siloa-imi
629 5137 989 5213 Scholiis,et
1005 5140 1390 5218 Pachymera
1416 5137 1929 5222 Paraphrasi,eo-

277 5232 410 5293 dem
424 5227 715 5292 Corderio
729 5227 1089 5308 interprete.
1110 5225 1371 5308 Dionysii
1390 5226 1659 5307 epistolae
1671 5247 1927 5312 sequun-

276 5330 533 5402 tur,quze
547 5318 760 5379 decem
788 5326 1022 5398 sunt,ea
1050 5318 1276 5398 rejecta
1303 5333 1435 5396 quae
1463 5315 1534 5376 ad
1557 5316 1929 5400 Apollopha-

272 5427 405 5471 nem
437 5405 870 5488 philosophum
918 5405 1284 5487 inscribitur,
1318 5402 1663 5466 certissimis
1724 5413 1925 5476 νοθείας

2012 4252 2299 4308 Cotterean
2360 4253 2533 4310 editio
2598 4253 2791 4312 Greece
2854 4264 2910 4312 et
2978 4256 3193 4312 Latine.
3255 4253 3471 4312 'l‘ttulcs
3527 4264 3652 4311 est:

2008 4341 2196 4398 Sancti
2260 4341 2514 4413 Dionysii
2570 4345 2909 4415 Areopagitae
2967 4342 3192 4416 Operum
3249 4344 3489 4400 omnium
3542 4358 3658 4414 qua;

2007 4436 2252 4495 exstant.
2316 4436 2367 4488 et
2436 4432 2949 4489 Conamentariorum
3006 4433 3196 4506 quibus
3261 4432 3651 4489 illustrantur.

2011 4519 2154 4576 Tom.
2198 4522 2288 4576 Ι...
2354 4520 2492 4578 Tom.
2520 4522 2573 4578 II
2607 4563 2641 4575 ..
2695 4538 2857 4595 Opera
2888 4531 2936 4580 et
2965 4524 3145 4581 studio
3183 4523 3338 4579 Petri
3369 4524 3649 4583 Lansselii,

2007 4609 2421 4668 etBalthasaris
2478 4610 2734 4668 Corderii
2786 4611 2905 4669 Soc.
2947 4613 2998 4668 J.
3053 4612 3465 4684 presbyterrum.
3537 4615 3653 4668 Ac—

2008 4702 2162 4757 cessit
2209 4717 2351 4758 nune
2400 4702 2645 4774 primum
2725 4703 3061 4776 Areopagitae
3117 4704 3353 4774 de/ensio
3401 4702 3656 4759 adversus

2012 4790 2317 4847 hwreticum
2342 4790 2715 4851 Calvinistam.
2768 4808 2861 4863 per
2915 4792 3126 4849 clariss.
3187 4798 3239 4849 el
3279 4792 3522 4849 nobiliss.
3581 4793 3659 4846 vi-

2016 4898 2130 4935 rum
2159 4881 2437 4937 dominum
2475 4880 2539 4937 D.
2589 4882 2839 4938 Joanneu
2896 4882 2958 4938 de
3010 4882 3328 4951 Choumont,
3380 4881 3657 4938 Christia-

2014 4971 2226 5029 nissimi
2253 4973 2399 5045 regis
2438 4974 2499 5030 in
2542 4972 2709 5027 sacris
2750 4986 2816 5028 ac
2870 4972 3238 5030 secretioribus
3291 4971 3451 5043 regni
3481 4973 3657 5029 consi-

2014 5062 2105 5119 liis
2159 5062 2546 5127 consilia'ium,
2618 5067 2666 5117 et
2721 5062 3023 5118 arcanioris
3091 5060 3266 5133 Regia;
3331 5060 3658 5118 bibliotheca!

2007 5154 2344 5225 pra’fectum.
2399 5154 2553 5212 Nova
2608 5150 2790 5217 editio,
2853 5150 3263 5224 prcetedrntibns
3324 5151 3659 5207 cmendatior

2014 5246 2321 5302 etouctior.
2355 5244 2509 5303 Ordo
2542 5243 2748 5315 prioris
2796 5243 3066 5300 editionis
3125 5241 3382 5299 cernitur
3437 5243 3493 5296 in
3552 5239 3656 5296 ista

2012 5333 2309 5403 paululum
2346 5337 2697 5395 immutatus,
2731 5345 2798 5387 ac
2843 5330 3210 5389 Lansseliana:
3246 5329 3445 5401 aliqqu
3479 5330 3659 5385 inter-

2013 5424 2356 5493 pretationes
2416 5423 2622 5482 Latinze
2686 5422 2911 5480 selectae
2961 5429 3094 5479 sunt
3122 5434 3233 5490 prae
3263 5418 3655 5475 Corderianis.

342 5546 359 5562 ‘
382 5545 683 5622 Lectorem
708 5540 987 5622 monitum
1004 5541 1267 5622 volumus
1283 5541 1339 5597 in
1367 5536 1906 5622 hachissertatione
1927 5556 1979 5622 et
2000 5552 2260 5622 sequenti
2283 5549 2562 5608 nonnulla
2592 5547 2883 5622 indigitari
2899 5562 3023 5622 qum
3044 5543 3279 5622 nonnisi
3297 5540 3370 5598 ad
3390 5540 3653 5622 grtecum

272 5623 488 5689 textum
509 5614 568 5676 S.
597 5610 850 5689 Dionysii
874 5621 1151 5689 spectant.
1182 5625 1421 5689 qumqqe
1442 5606 1514 5665 ενδ
1539 5610 1707 5689 huius
1730 5615 1992 5678 editionis
2018 5606 2382 5689 inist‘itutqut
2418 5606 2569 5678 mere
2606 5606 2841 5676 Latinae.
2870 5606 3364 5689 allienahvidentur.
3398 5612 3522 5689 Haec
3546 5627 3660 5670 ma-

275 5686 483 5766 luimus
511 5681 770 5766 erudito.
790 5681 1006 5766 Lectori
1038 5681 2008 5766 discernenda‘I’QIquuel‘gquam
2051 5681 2308 5751 virorum
2372 5694 2669 5751 doctorum
2717 5704 2965 5762 quorum
2996 5687 3305 5745 editionem
3335 5685 3659 5757 sequimur,

279 5758 714 5819 elucubrationo
744 5752 1033 5815 frustatim
1070 5755 1384 5815 scindendo
1422 5752 1748 5815 decertare.
1780 5752 1943 5824 Εὖιτ,
1978 5765 2156 5824 Pun.
