4070 6224
472 339 549 407 83
1616 342 1677 403 S.
1726 338 2136 404 DlONYSIUS
2178 338 2688 405 AREOPAGITA.
3769 344 3848 409 84

468 477 608 540 Νοη
634 481 931 558 pugnant,
963 475 1174 557 inquit,
1208 490 1428 554 secum,
1464 473 1663 536 dicere
1709 474 1895 537 Deum
1924 491 2031 554 per
2055 493 2119 537 se
2140 483 2177 533 A
2200 478 3858 563 sanctitasjustitiamiisericordia,beatitudo,vitaom-

466 572 822 647 potestatem
846 573 901 628 et
920 583 1031 646 per
1055 583 1115 627 se
1138 565 1348 644 vitam;
1367 571 1424 627 et
1460 565 1670 626 Dicere
1692 566 1875 627 Deum
1894 573 2118 630 creato«

2209 566 2349 622 nium
2398 568 2706 635 viventium,
2748 584 2857 626 esse
2911 570 3149 626 omnium
3207 572 3570 639 existentium,
3623 576 3861 630 omnium

469 674 728 747 remiper
747 653 1212 747 sepitoemdper
1228 671 1294 716 se
1312 654 1505 747 pacis,
1533 654 1626 716 eet
1645 672 1752 735 per
1770 674 1831 717 se
1847 665 2116 736 potesta-
2197 659 2516 739 perfectio,
2540 660 2953 739 pulchritudo,
2975 677 3278 735 mensura,
3307 664 3492 737 ratio,
3510 664 3821 747 satus,oon
3835 701 3861 714 η

471 746 568 811 tis:
594 746 705 802 haec
735 745 872 803 enim
898 744 1106 801 dicitur
1132 742 1268 801 Deus
1296 759 1366 800 ea:
1394 743 1463 800 iit
1484 758 1604 815 qum
1638 750 1786 811 sunt.
1819 752 1867 800 et
1894 748 2120 802 maxime
2200 753 2481 812 servatio.
2506 749 2675 813 Unde
2697 749 2863 811 divus
2881 752 3241 826 Bcrnardus,
3267 751 3371 814 lib.
3397 772 3452 817 ν.
3480 755 3563 815 De
3593 742 3800 819 consul
3810 775 3852 819 .:

471 854 543 897 ea:
571 840 642 897 iis
689 855 801 913 gnte
822 837 1011 911 prima
1073 841 1222 908 sunt,
1255 842 1509 908 tanquam
1539 853 1700 895 causa
1737 840 1975 896 omnium
2003 856 2122 911 quae

470 934 654 987 sunt:
708 928 807 984 illa
862 933 1038 984 autem
1075 926 1275 983 dicitur
1326 932 1587 999 tanquam
1641 927 1872 985 existens
1934 945 2124 1001 super-

473 1016 918 1075 substantialiter
946 1032 1117 1089 supra
1174 1016 1357 1072 omnia
1389 1032 1510 1087 quo:
1542 1022 1682 1085 sunt,
1713 1024 1761 1071 et
1800 1033 1920 1088 qua:
1944 1020 2122 1091 primo

473 1114 637 1171 sunt.
663 1107 898 1171 Dicitur
928 1125 1066 1186 ergo
1089 1106 1251 1169 Deus
1270 1125 1376 1187 per
1400 1124 1464 1168 se
1485 1107 1873 1182 vita,seilicet
1894 1108 2118 1186 impar-

473 1196 737 1277 ticipata,
773 1196 1098 1277 illimitata,
1132 1204 1248 1257 etc.
1286 1198 1518 1259 Auctor
1550 1213 1691 1258 vero
1722 1214 1831 1277 per
1858 1215 1923 1259 se
1954 1201 2117 1278 vita,

473 1284 706 1349 scilicet
741 1284 1129 1365 participatis,
1158 1285 1445 1358 limitatae,
1477 1291 1619 1363 etc.,
1646 1284 1769 1344 sive
1790 1285 1931 1346 doni
1962 1285 2121 1349 illius

473 1395 590 1457 quo
623 1378 890 1438 viventes
919 1375 1080 1447 facit,
1111 1376 1193 1435 ita
1227 1374 1507 1435 nimirum
1540 1382 1606 1435 ut
1632 1393 1739 1455 per
1769 1393 1835 1436 se
1863 1375 1977 1436 vita
2008 1395 2119 1437 na-

475 1472 669 1526 turam
704 1463 839 1526 vita:
871 1463 1191 1544 signiﬁcet,
1221 1463 1280 1524 id
1312 1472 1400 1525 est
1426 1481 1493 1524 ea
1514 1482 1645 1541 qua:
1674 1464 1889 1526 cadunt
1920 1466 1977 1528 in
2010 1466 2120 1528 de-

477 1553 809 1616 ﬁnitionem
840 1553 978 1616 vita:
1010 1554 1119 1633 (5),

971 1645 1444 1711 OBSERVATIO
1488 1646 1618 1711 VII.

740 1740 896 1815 Quid
936 1746 1178 1821 signent
1210 1744 1536 1820 composita
1564 1759 1639 1804 ea:
1682 1744 1851 1824 ἀρχή.

2208 840 2299 913 Ou
2309 840 2371 901 id
2383 846 2469 903 est
2491 841 2675 902 Deus?
2694 838 3856 921 Votuntasomnipotens,benevolentis-

2202 932 2356 992 sima
2373 929 2793 995 virtusJumen
2807 933 3593 998 wternumdncommutabil
3601 936 3651 996 is
3663 938 3854 1009 ratio,

2203 1026 2429 1081 (eterna
2446 1018 2773 1081 beatitudo.
2809 1018 3065 1081 Etinfra:
3093 1021 3281 1083 Amat
3301 1028 3369 1084 ut
3384 1021 3860 1102 charitas,novit

2204 1117 2270 1173 ut
2293 1109 2790 1187 veritasjudicat
2817 1110 3542 1190 utaguitasﬂominutur
3561 1121 3629 1174 ut
3656 1115 3861 1189 maie-

2200 1199 3311 1281 stas,regitutprincipium,operatur
3330 1208 3395 1263 ut
3410 1203 3861 1283 rirtus,tuetur

2202 1299 2271 1353 ut
2299 1289 2486 1363 salus,
2521 1286 2746 1350 revelat
2769 1296 2835 1350 ut
2860 1289 2998 1370 tuac,
3029 1292 3255 1353 assistit
3283 1297 3350 1352 ut
3388 1293 3605 1370 pietas,
3635 1303 3749 1354 etc.
3784 1293 3862 1354 Et

2203 1374 2740 1459 quamvisplurima
2768 1394 2964 1439 rerum
2982 1380 3222 1441 nomina
3244 1380 3334 1442 illi
3363 1399 3483 1441 non
3516 1381 3861 1443 tribuantur

2205 1466 2281 1530 ob
2303 1466 2818 1545 imperfectionem
2843 1486 3017 1546 quam
3049 1469 3373 1551 involvunt,
3409 1478 3605 1531 tamen
3639 1490 3857 1533 omnes

2204 1576 2407 1618 rerum
2461 1555 2694 1636 species
2726 1564 2783 1617 et
2818 1557 3018 1618 omnia
3078 1559 3386 1621 individua
3432 1569 3569 1622 sunt
3601 1562 3659 1621 in
3722 1567 3860 1641 ipso

2206 1645 2890 1725 eminenterlsecundum
2924 1663 3028 1709 sua
3060 1658 3288 1728 pretotg
3310 1668 3403 1729 pa,
3429 1659 3486 1711 et
3516 1650 3693 1713 veluti
3728 1652 3862 1732 pri-

2205 1753 2387 1797 mmva
2409 1742 2697 1797 etaeterua
2714 1735 2964 1811 semina,
2989 1755 3055 1796 ex
3089 1755 3340 1815 quorum
3372 1739 3429 1797 vi
3458 1739 3861 1821 pullularunt,

554 1834 685 1898 Non
707 1852 843 1900 raro
875 1853 1112 1917 quoque
1135 1833 1199 1899 S.
1234 1834 1546 1916 Dionysius
1567 1836 1754 1898 utitur
1777 1823 2119 1899 nominibus

2209 1833 2367 1895 atque
2383 1824 2527 1882 adeo
2548 1833 2679 1881 sunt
2701 1825 2755 1880 in
2780 1823 2907 1894 ipso
2931 1826 3381 1891 intrinseco,non
3398 1828 3627 1898 quidem
3644 1844 3863 1887 secur-

476 1945 545 1989 ex
576 1943 722 1987 voce
754 1926 900 2006 ἀρχή
937 1925 1315 2006 compositis,
1341 1925 1607 1986 vocando
1638 1925 1824 1989 Deum
1844 1931 2121 2007 θεαρχίαν,

475 2017 770 2096 τεγρχικήν
812 2013 1055 2093 ὕπαρξιν,
1089 2021 1232 2090 etc.,
1293 2013 1352 2074 id
1399 2023 1489 2076 est
1539 2015 2120 2096 Dei-principatum,

471 2104 829 2163 substantiam
858 2102 1463 2179 divino-principalem,
1495 2104 1797 2161 divinitatis
1840 2105 2120 2178 originem,

473 2195 533 2256 in
564 2194 855 2258 creaturis
883 2193 1133 2269 scilicet,
1168 2196 1306 2274 quia
1343 2197 1502 2257 Deus
1528 2202 1617 2256 est
1676 2204 1883 2256 auctor
1913 2195 2124 2257 divini-

362 2304 369 2313 ‘
472 2284 608 2345 tatis
638 2290 696 2345 in
751 2283 985 2346 cunctis
1018 2282 1361 2345 hominibus
1414 2291 1470 2345 et
1521 2284 1747 2363 angelis
1778 2288 1875 2366 qui
1933 2284 2117 2346 Deum

474 2374 780 2435 imitantur
807 2378 866 2434 et
894 2372 948 2434 ei
1003 2371 1232 2433 similes
1264 2372 1432 2433 ﬁunt.
1467 2373 1541 2434 de
1572 2373 1788 2454 quibus
1831 2373 2117 2453 scriptum

473 2469 565 2525 est
594 2484 608 2526 :
643 2463 768 2542 Ego
793 2462 1068 2525 dixi:Dii
1094 2463 1235 2522 estis
1261 2461 1346 2536 8-1;
1375 2469 1434 2522 ct
1454 2462 1600 2524 illud
1630 2481 1643 2524 :
1678 2462 1830 2524 Deus
1861 2463 2122 2525 Deorum

475 2553 543 2616 in
598 2551 753 2615 Sion
806 2551 891 2610 73.
946 2552 1211 2631 Θεαρχίαν
1282 2550 1481 2629 itaque
1538 2551 1705 2632 dicit,
1763 2551 1930 2633 quasi
1989 2557 2121 2609 θεῶν

476 2642 736 2722 ἄρχοντα,
769 2640 1041 2703 dicamus
1063 2658 1173 2702 nos
1196 2643 1384 2704 Deum
1409 2640 1683 2717 deorum,
1716 2651 1777 2702 ut
1815 2641 2000 2702 David
2038 2642 2123 2702 di-

475 2733 578 2794 cit.
613 2731 757 2811 Cap.
783 2728 1116 2792 3.Cale’stis
1141 2729 1511 2793 hierarchioe
1541 2732 1726 2793 Deum
1754 2737 1919 2793 vocat
1948 2732 2122 2788 τελετ-

474 2823 668 2901 αρχίαν
699 2821 788 2879 καὶ
840 2819 1348 2901 αὒτοτελεταρχίαν,
1386 2819 1445 2880 id
1478 2828 1567 2882 est
1622 2822 1920 2900 originem
1978 2839 2123 2899 per-

472 2909 841 2988 fectionis,et
858 2926 966 2989 per
989 2925 1050 2970 se
1070 2910 1363 2990 originem
1385 2910 1817 2988 perfectionis;
1849 2910 1987 2970 item
2019 2932 2122 2966 τα-

473 2999 722 3080 ξαρχίαν,
756 2998 817 3061 id
850 3006 940 3061 est
964 2998 1266 3077 originem
1287 2998 1716 3061 ordinationis.
1744 2998 1890 3061 Item
1924 3017 2059 3080 cap.
2084 3000 2123 3061 3

480 3090 567 3154 De
588 3090 811 3153 dirinis
834 3087 1200 3162 nominibus,
1234 3087 1342 3168 §2,
1378 3104 1592 3168 corpus
1621 3087 1686 3148 B.
1726 3088 1984 3166 Virginis
2012 3106 2120 3149 vo~

2206 1913 2339 1971 dum
2364 1928 2530 1971 suum
2554 1929 2674 1969 csse
2701 1914 2940 1971 formale
2968 1924 3021 1971 et
3052 1917 3375 1978 essentiale.
3401 1918 3498 1974 sed
3525 1918 3858 1977 secundum

2206 2022 2338 2066 esse
2352 2004 2816 2070 suumcminens
2828 2011 2885 2066 et
2899 2006 3608 2085 superessentiale.Unde
3624 2008 3751 2088 ipse
3762 2020 3862 2073 est

2205 2093 2405 2156 omnia
2439 2102 2497 2154 et
2526 2094 2755 2173 singula
2790 2093 3128 2157 eminenter
3161 2105 3217 2157 et
3242 2099 3859 2177 superessentialiter.

2556 2187 2869 2263 Quomodo
2913 2190 3120 2252 omnia
3165 2198 3487 2268 negentur.

2282 2281 2587 2359 Negantur
2634 2284 2709 2345 de
2736 2281 2867 2363 ipso
2928 2287 3149 2356 omnia,
3184 2286 3323 2364 quia
3365 2288 3495 2366 ipse
3545 2298 3637 2349 est
3668 2308 3856 2368 supra

2205 2390 2440 2434 omnem
2464 2373 2757 2435 rationem
2792 2383 2849 2434 et
2882 2377 3143 2452 speciem
3178 2385 3389 2437 creatae
3415 2380 3598 2439 menti
3627 2398 3861 2443 conce-

2206 2460 2605 2551 ptibilem.Sic
2628 2462 3151 2544 Dionysius,capit.
3179 2466 3286 2526 ult.
3309 2469 3484 2546 Mysi.
3512 2470 3857 2551 theologia,

2205 2550 2348 2613 dicit
2371 2548 2557 2614 Deum
2592 2570 2723 2613 esse
2759 2571 2875 2612 non
2913 2552 3324 2624 substantiam,
3350 2574 3464 2616 non
3500 2548 3860 2637 vitain,'non

2206 2640 2424 2722 lucem,
2451 2659 2569 2703 non
2594 2659 2989 2715 sensum,non
3012 2656 3300 2718 mentem,
3327 2664 3443 2706 non
3467 2647 3859 2725 sapientiam,

2208 2748 2327 2790 non
2381 2729 2724 2804 bonitatem,
2758 2749 2876 2791 non
2936 2731 3240 2813 deitatem,
3275 2734 3382 2794 sed
3435 2736 3716 2814 quiddam
3754 2739 3860 2800 his

2207 2818 2485 2881 omnibus
2513 2820 2875 2882 eminentius
2905 2830 3081 2900 atque
3101 2829 3496 2901 praestantius.
3532 2826 3706 2889 Ratio
3730 2837 3852 2905 est,

2206 2910 2344 2990 quia
2366 2910 2564 2970 omnia
2587 2909 3019 2988 ista,quatenus
3044 2911 3227 2971 menti
3262 2922 3482 2973 creatas
3512 2923 3651 2975 sunt
3675 2934 3858 2977 com-

2207 2996 2634 3077 prehensibilia
2652 3006 2709 3058 et
2734 2997 3144 3073 nominabilia,
3172 2999 3859 3082 habentconceptusob-

2198 3087 2451 3166 jectivos
2480 3086 2757 3148 limitatos
2792 3090 2849 3149 in
2893 3090 3120 3149 ratione
3180 3090 3375 3151 entis:
3430 3091 3728 3174 Iimitatos,
3761 3096 3862 3156 in-

475 3186 568 3242 cat
594 3180 927 3261 ζωαρχικόν,
959 3177 1020 3240 id
1052 3184 1139 3241 est
1166 3177 1328 3259 quod
1358 3182 1500 3239 vitae
1526 3179 1903 3259 principium
1936 3177 2119 3240 dedit.
2141 3213 2181 3264 ο
2206 3195 2407 3257 quam,
2446 3194 2563 3239 non
2623 3196 2690 3238 ex
2728 3184 2893 3257 parte
2942 3177 3029 3239 rei
3073 3196 3207 3259 quae
3234 3181 3590 3261 concipitur,
3623 3184 3726 3244 sed
3778 3202 3856 3246 ex

952 3281 1441 3347 OBSERVATIO
1483 3282 1639 3345 VIII.

476 3377 853 3457 Dionysium
874 3376 1083 3438 omnia
1103 3376 1177 3437 de
1200 3376 1322 3438 Deo
1355 3375 1663 3455 aﬂirmare
1682 3382 1739 3457 et
1771 3377 1988 3438 iferum
2011 3394 2121 3439 ne-

591 3456 1092 3538 gare.Quomodo
1125 3461 1330 3521 omnia
1353 3458 1423 3519 de
1456 3457 1578 3518 Deo
1604 3456 2000 3535 afﬁrmentur.

551 3564 895 3629 Notandum
918 3582 1155 3647 quoque
1178 3566 1245 3627 S.
1269 3563 1614 3647 Dionysium
1639 3563 1740 3626 lib.
1772 3563 1863 3627 De
1893 3564 2126 3627 divinis

467 3656 837 3738 nominibus,
873 3673 1003 3737 cap.
1041 3659 1101 3737 1,
1133 3653 1197 3736 2,
1230 3655 1327 3734 t3,
1364 3663 1423 3718 et
1453 3654 1615 3732 alibi,
1648 3654 1968 3733 aliquando
1995 3654 2124 3736 qui-

470 3748 609 3812 dem
641 3746 843 3809 omnia
875 3746 949 3811 de
975 3749 1099 3810 Deo
1130 3745 1450 3821 afﬁrmare,
1484 3744 1803 3826 aliquando
1835 3763 1972 3806 vero
2000 3763 2124 3806 sur-

466 3857 598 3902 sum
633 3839 835 3900 omnia
860 3836 1263 3917 negare.Ilinc
1288 3836 1431 3897 dicit
1454 3839 1642 3899 Deum
1668 3835 1869 3897 omnia
1902 3856 2034 3897 esse
2059 3843 2124 3899 ut

467 3927 659 3990 Deum
712 3927 887 3989 decet
920 3949 936 4003 ;
972 3933 1029 3988 et
1059 3926 1210 3988 nihil
1241 3943 1447 3987 eorum
1482 3943 1637 4000 csse,
1671 3936 1734 3985 ut
1770 3943 1949 4004 supra
1980 3923 2123 3987 sub-

470 4015 748 4079 stantiam
781 4028 912 4096 est;
976 4022 1293 4096 utrumque
1324 4015 1483 4076 enim
1532 4014 1768 4095 proprie
1804 4014 2018 4075 dicitur
2048 4015 2106 4074 in

467 4105 574 4167 Dei
606 4104 1017 4186 amplitudine:
1052 4110 1137 4179 ut,
1164 4103 1321 4166 Deus
1350 4112 1439 4165 est
1473 4106 1612 4183 vita,
1638 4105 1795 4166 Deus
1813 4111 1900 4164 est
1933 4102 2109 4164 boni-

473 4205 560 4258 tas
590 4216 605 4272 ;
634 4203 712 4275 et,
742 4193 904 4257 Deus
925 4213 1042 4255 non
1073 4201 1162 4255 est
1184 4192 1322 4269 vita,
1350 4201 1544 4254 etnon
1570 4202 1660 4255 est
1681 4192 1935 4273 bonitas,
1972 4193 2112 4274 quia

469 4294 561 4348 est
595 4303 774 4366 supra
823 4285 973 4359 haec,
1007 4302 1139 4366 qum
1199 4302 1308 4346 nos
1338 4302 1445 4364 per
1470 4284 1646 4345 vitam
1683 4290 1739 4343 et
1790 4280 2115 4344 bonitatem

469 4374 964 4454 iutelligimus.Et
984 4373 1096 4434 hoc
1122 4390 1303 4435 sensu
1323 4390 1446 4454 cap.
1480 4376 1540 4453 2,
1564 4372 1704 4452 §ut,
1739 4380 1902 4432 vocat
1927 4373 2113 4434 Deum

475 4489 503 4522 α
542 4463 753 4522 πάντων
810 4463 951 4520 θέσιν
1006 4464 1092 4519 καὶ
1155 4464 1367 4519 πάντων
1423 4462 1716 4541 ἀφαίρεσιν,
1750 4486 1772 4516 υ
1850 4462 2114 4523 omnium

2206 3274 2376 3347 parte
2409 3266 2568 3327 modi
2604 3266 3005 3347 concipiendi.
3030 3265 3198 3331 Unde
3222 3278 3282 3329 ut
3302 3272 3387 3330 sic
3410 3272 3858 3355 concipiuntur,

2206 3373 2323 3418 non
2357 3356 2672 3418 includunt
2704 3357 3030 3418 tormeliter
3059 3356 3208 3420 alias
3240 3359 3661 3437 perfectiones:
3696 3364 3859 3424 ratio

2208 3449 2365 3505 enim
2416 3444 2791 3525 substantias,
2826 3461 2885 3506 ut
2939 3464 2975 3507 a
3005 3455 3281 3507 creatura
3337 3449 3698 3530 concipitur,
3732 3469 3858 3512 non

2205 3532 2461 3596 includit
2489 3534 2779 3595 rationem
2807 3535 3115 3616 sapientia)
3138 3544 3235 3596 aut
3258 3546 3502 3598 caeteras
3525 3538 3857 3617 perfectio-

2207 3643 2335 3698 nes,
2359 3642 2470 3685 nec
2503 3632 2732 3704 contra,
2755 3624 2861 3686 sed
2895 3643 3146 3706 qumque
3166 3644 3338 3688 suum
3374 3627 3686 3689 Iimitalum
3711 3647 3862 3690 cono

2205 3720 2441 3793 ceptum
2493 3711 2675 3775 habet
2728 3712 2886 3775 Deus
2915 3721 3113 3775 autem
3149 3723 3239 3776 est
3268 3717 3415 3778 ratio
3446 3734 3692 3795 prorsus
3724 3717 3856 3779 illi-

2207 3803 2430 3882 usitata,
2488 3803 2647 3863 unde
2711 3803 3040 3864 formaliter
3082 3804 3170 3865 vel
3220 3805 3556 3866 eminenter
3594 3806 3859 3872 includit

2207 3911 2443 3954 omnem
2480 3892 2901 3972 perfectionem
2926 3893 3409 3974 conccptibilem.

2358 3989 2771 4066 Perfectiones
2810 3988 3127 4067 dupliciter
3156 3991 3426 4051 existunt
3453 3990 3515 4051 in
3553 3990 3700 4053 Deo.

2271 4079 2424 4142 Hinc
2446 4088 2604 4162 patet
2624 4099 2832 4142 omnes
2859 4080 3252 4161 perfectiones
3276 4100 3406 4163 quae
3428 4084 3549 4146 Deo
3571 4083 3852 4146 tribuun-

2198 4180 2290 4233 tur
2316 4170 2544 4250 absque
2572 4170 3270 4251 metapbora,dupliciter
3290 4174 3346 4233 in
3372 4172 3500 4249 ipso
3528 4173 3853 4253 contineri,

2198 4260 2523 4322 formaliter
2553 4269 2612 4322 et
2642 4260 2998 4321 eminenter:
3042 4260 3389 4331 formaliter,
3413 4262 3462 4321 si
3503 4272 3852 4341 spectentur

2199 4348 2529 4411 secundum
2547 4348 2849 4429 proprium
2868 4361 3114 4429 concept
3128 4367 3421 4430 um,quoa
3439 4350 3558 4411 Deo
3574 4361 3634 4413 et
3654 4350 3848 4413 beatis

2198 4439 2643 4519 concipiuntur,
2677 4438 2777 4518 qui
2826 4448 2915 4499 est
2964 4437 3300 4501 illimitalus
3357 4458 3578 4518 genere
3637 4442 3849 4517 entis;

469 4554 918 4636 positionem,et
933 4554 1205 4614 omnium
1224 4527 1761 4630 ablationem,quia
1785 4550 2119 4612 eminenter
2141 4534 2181 4584 θ
2202 4529 2561 4636 θῐηίηεζῐξίθνι
2598 4530 2649 4589 εί
2670 4527 3128 4636 ςοιξείίίξπεξηίυτ
3159 4531 3491 4636 δεῖσυξιάιξιη
3524 4541 3852 4636 εοιξεειτξυδ

469 4642 639 4726 ponit
669 4641 893 4718 omnia,
926 4648 1201 4721 tanquam
1247 4640 1446 4703 omnia
1477 4639 1788 4701 continens
1825 4660 1839 4721 ;
1875 4648 1933 4701 ct
1989 4639 2113 4701 for-

470 4733 708 4795 maliter
733 4730 935 4793 omnia
955 4731 1170 4809 aufert,
1200 4729 1339 4810 quia
1369 4728 1519 4791 ratio
1545 4729 1784 4810 propria
1816 4747 1930 4809 qua
1960 4728 2118 4791 Deus

470 4831 582 4905 est,
608 4820 867 4885 excludit
896 4821 969 4882 ab
1000 4820 1129 4901 ipso
1175 4838 1413 4881 omnem
1436 4819 1739 4881 forma’em
1773 4819 2059 4880 rationem
2083 4836 2118 4879 a

471 4919 669 4974 creata
683 4919 885 4972 mente
914 4908 1637 4989 comprehensibilem,uti
1662 4908 1891 4970 erudite
1914 4907 2119 4969 obser-

469 5009 564 5063 vat
594 5003 836 5065 Lessius
867 5000 970 5063 lib.
1002 5015 1021 5060 1
1054 4999 1135 5061 De
1165 4998 1416 5077 perfect.
1448 4998 1670 5077 divin.,
1700 5015 1831 5075 cap,
1865 4998 1924 5069 3,
1949 4996 2119 5077 cujus

470 5089 653 5153 verba
706 5108 840 5151 cum
875 5088 938 5152 S.
976 5088 1254 5167 Dionysio
1317 5106 1586 5168 magnam
1622 5087 1811 5147 lucem
1845 5087 2114 5166 afferant,

469 5180 570 5238 hic
602 5178 816 5236 referre
848 5178 1083 5251 placuit:
1119 5176 1339 5243 Omnia,
1373 5177 1581 5249 inquit,
1616 5174 1679 5231 de
1705 5175 1808 5232 Deo
1839 5176 2120 5250 alﬁ'man-

481 5271 762 5350 tur,quia
776 5270 982 5332 omnia
1005 5268 1227 5331 suntin
1241 5269 1369 5347 ipso
1380 5270 1726 5347 formatiter
1742 5270 1837 5330 vel
1856 5269 2118 5330 eminen-

474 5366 593 5422 ter.
624 5358 784 5422 Hinc
804 5360 1032 5422 dicitur
1048 5359 1380 5438 sapientia,
1412 5358 1670 5430 bonitas,
1702 5358 1951 5438 veritas,
1981 5355 2115 5433 lux,

556 5520 622 5570 7‘
651 5520 803 5585 l‘sal.
838 5536 1039 5584 LXXXI.
1087 5519 1149 5571 75
1178 5519 1334 5582 Psal.
1371 5536 1607 5582 cxxxni.

2203 4618 2491 4699 proprios.
2508 4637 2658 4699 quos
2683 4617 2981 4680 babentut
2998 4636 3031 4679 a
3064 4620 3354 4680 creaturis
3371 4620 3595 4699 absque
3620 4620 3852 4683 lumine

2201 4709 2404 4788 gloria:
2452 4706 3021 4788 appreliendanlur:
3071 4709 3178 4769 etsi
3213 4709 3371 4771 enim
3406 4728 3505 4770 res
3559 4719 3853 4790 concepta

2201 4798 2274 4860 sit
2307 4796 2544 4878 preprie
2596 4798 2653 4857 in
2687 4796 2830 4876 Deo,
2866 4816 2982 4858 non
3042 4803 3244 4860 tamen
3292 4816 3428 4860 cum
3480 4818 3549 4860 eo
3584 4799 3758 4862 modo
3786 4811 3851 4863 ct

2201 4888 2552 4949 limitatione
2583 4885 2693 4948 sub
2724 4905 2842 4967 qua
2870 4888 3226 4968 concipitur.

2711 4992 3185 5059 OBSERVATIO
3234 4996 3335 5058 IX.

2202 5089 2435 5165 Perfert
2446 5090 2607 5150 iones
2624 5087 2734 5149 Dei
2746 5086 3068 5166 dupliciter
3078 5090 3557 5151 considerantur.
3587 5089 3849 5165 Quomo-

2320 5170 2395 5229 do
2421 5169 2574 5231 Deus
2603 5168 3022 5230 denominetur
3043 5171 3312 5249 sapiens,
3343 5171 3560 5246 iustus,
3598 5181 3715 5233 etc.

2280 5260 2355 5325 Ut
2408 5262 2532 5323 huic
2590 5269 2647 5324 et
2677 5261 2792 5322 alia
2842 5279 2975 5339 qua:
3028 5278 3208 5342 supra
3267 5262 3591 5343 attigimus,
3631 5264 3846 5327 melius

2199 5351 2628 5433 intelligantur,
2664 5349 2881 5412 ibidem
2915 5369 2948 5413 e
3009 5352 3204 5414 Lessio
3238 5351 3558 5412 notandum
3593 5360 3709 5434 cst,
3742 5353 3842 5414 di-

562 5679 647 5762 (5)
676 5679 828 5746 Vide
857 5678 1014 5743 infra
1037 5698 1094 5746 c.
1126 5681 1162 5744 5
1190 5686 1249 5743 et
1282 5680 1346 5743 11
1393 5679 1480 5744 De
1504 5679 1738 5744 divinis
1766 5679 2120 5743 nominibus
2149 5684 2207 5741 et
2235 5672 2558 5759 Epistulam
2583 5670 2646 5736 S.
2682 5670 2942 5756 Dionysii
2971 5675 3046 5738 ad
3077 5676 3281 5741 Caium
3314 5673 3517 5757 (epist.
3557 5675 3641 5752 1).
