4070 6224
434 349 511 414 87

1587 354 1649 417 S.
1700 355 2106 420 DIONYSIUS
2142 358 2646 422 AREOPAGITA.

3754 362 3837 428 88

435 496 512 573 ne
542 481 691 541 aliud
719 483 1015 543 declarare
1034 484 1244 542 dixerit
1264 492 1641 556 praeterquam
1664 489 2073 557 operationem.
2098 493 2139 544 A
2164 489 2329 549 mina
2359 489 2615 564 dixeris,
2661 508 2854 554 unum
2886 499 2975 554 est
3004 492 3165 570 quod
3210 494 3623 573 signiﬁcatur.
3662 495 3745 558 Et
3776 502 3838 556 si

441 570 889 652 Quandoigitur
911 573 1226 635 miseratus
1248 582 1339 635 est
1359 573 1674 655 Dominus,
1696 585 1755 638 ut
1773 595 1843 639 ex
1876 595 2082 657 opera-

440 661 606 725 tione
630 661 1033 725 miserationis
1057 679 1276 724 nomen
1300 661 1578 727 duceret?
1599 666 1753 728 Num
1780 666 1925 747 quid
1948 674 2080 728 ante

443 753 615 809 vitam
640 752 1345 822 humanamtEcquistunc
1361 753 1751 811 misericordia
1768 755 2083 826 indigebat?

441 845 518 904 At
546 859 686 903 vero
714 848 846 921 post
879 848 1183 919 peccatum
1218 859 1467 922 prorsus
1499 842 1913 904 misericordia
1935 863 2083 925 opus

442 929 580 1008 fuit,
597 936 900 1010 peccatum
924 937 1125 992 autem
1161 937 1292 1012 post
1320 931 1626 992 hominem
1651 932 1913 1007 existitit;
1952 945 2082 1012 post

444 1019 751 1082 hominem
800 1020 980 1098 igitur
1022 1021 1174 1084 actio
1208 1021 1532 1084 miserandi
1566 1030 1625 1084 et
1657 1022 2083 1086 misericordiae

443 1122 675 1167 nomen.
697 1108 859 1165 Unde
881 1109 1244 1167 manifestum
1260 1110 1506 1168 efﬁcitur
1525 1111 1830 1181 posteriora
1847 1127 1967 1169 esse
1986 1127 2083 1169 no-

449 1196 755 1280 minaipsa
768 1199 1097 1261 aeternitate
1129 1199 1259 1281 Dei,
1278 1207 1338 1262 et
1362 1208 1493 1278 post
1511 1200 1813 1263 hominem
1838 1210 1896 1263 et
1920 1220 2083 1264 men-

447 1296 565 1349 tem
584 1287 1091 1350 hominisinventa
1107 1306 1260 1352 esse.
1282 1294 1449 1352 Mens
1477 1289 1636 1351 enim
1663 1291 1918 1352 humana
1938 1294 2086 1354 sicut

446 1376 700 1438 aliarum
720 1394 923 1439 rerum
946 1377 1189 1439 nomina
1207 1378 1535 1451 adinvenit,
1554 1380 1640 1441 sic
1655 1382 1829 1441 etiam
1846 1383 2086 1443 nomina

447 1465 558 1529 Dei
579 1483 875 1546 aggressa,
894 1474 951 1528 et
970 1467 1151 1530 veluti
1178 1469 1484 1530 materiam
1509 1477 1705 1549 nacta,
1721 1469 1820 1531 illa
1842 1470 1969 1551 ipsa
1987 1472 2079 1533 ef-

450 1556 606 1618 fecta
627 1562 688 1619 et
706 1554 1104 1633 admirabilia,
1127 1563 1331 1638 quaein
1353 1558 1633 1620 universo
1647 1560 2084 1640 contemplatur

356 1694 359 1695 ν
449 1643 799 1726 insequens,
817 1652 879 1709 et
897 1645 971 1708 de
995 1648 1117 1709 Deo
1140 1646 1477 1728 inquirens,
1504 1648 1750 1710 nomina
1775 1651 2080 1728 imposuit.

454 1766 691 1817 Nomina
729 1768 1037 1816 communia
1079 1778 1183 1829 quo
1229 1778 1388 1815 sensu
1421 1765 1489 1816 de
1528 1768 1659 1826 Deo,
1700 1769 1750 1816 et
1786 1778 1887 1830 quo
1933 1782 2088 1818 sensu

886 1838 954 1888 de
989 1840 1257 1888 creaturis
1289 1838 1660 1900 intelligenda.

539 1931 626 1991 Ex
669 1927 764 1989 bis
794 1945 935 2008 ergo
967 1927 1283 2007 colligitur,
1304 1945 1439 1991 cum
1469 1927 1812 2007 hujusmodi
1844 1930 2090 1993 nomina

464 2016 663 2079 divina
675 2016 751 2079 de
762 2017 1052 2080 creaturis
1063 2036 1214 2095 quas
1230 2016 1392 2097 prius
1405 2020 1837 2097 cognoscimus,
1856 2027 1911 2081 et
1926 2021 2090 2100 prius

454 2106 854 2187 nominamus,
889 2106 1191 2188 dicuntur,
1225 2106 1449 2169 habere
1480 2125 1549 2169 ea
1581 2107 1820 2169 modum
1855 2110 2086 2189 signifi-

455 2195 654 2271 candi,
670 2196 766 2277 qui
786 2202 1067 2277 competit
1099 2196 1413 2273 creaturis,
1433 2196 1582 2258 sicut
1604 2197 1684 2257 ait
1705 2195 1764 2259 S.
1800 2197 2085 2275 Thomas,

455 2293 518 2349 et
541 2284 868 2348 secundum
901 2292 1162 2348 nostram
1190 2285 1686 2348 consuetudinem
1720 2288 1960 2367 proprie
2000 2289 2088 2349 si—

451 2374 738 2455 gnificare
750 2376 1156 2456 operationem
1171 2394 1277 2438 seu
1291 2376 1564 2437 effectum
1580 2376 1992 2456 participatum
2005 2388 2090 2460 ,ut

452 2464 647 2527 bonus
670 2462 996 2527 bonitatem
1018 2465 1556 2546 creatam,sapiens
1574 2465 1929 2545 sapientiam
1947 2468 2087 2530 item

454 2563 740 2634 creatam,
760 2562 819 2620 et
842 2554 1119 2618 similiter
1140 2555 1200 2617 in
1224 2555 1477 2635 reliquis
1497 2555 1837 2618 nominibus
1861 2558 2087 2637 signiﬁ-

457 2642 729 2707 cantibus
775 2645 1116 2724 hujusmodi
1164 2644 1562 2726 perfectiones
1591 2648 2001 2726 participatas;
2035 2656 2093 2709 et

454 2740 521 2796 ut
547 2732 636 2795 sic
663 2750 786 2796 non
817 2732 1097 2796 dicuntur
1128 2734 1370 2815 proprie
1392 2734 1467 2796 de
1488 2733 1634 2809 Deo,
1658 2735 1800 2815 quia
1823 2739 1979 2799 Deus
2004 2746 2093 2798 est

454 2840 634 2904 supra
667 2821 800 2899 ista,
841 2839 1026 2902 supra
1053 2822 1298 2898 bonum,
1349 2840 1526 2903 supra
1557 2825 1910 2905 sapientem.
1946 2829 2089 2889 Cum

459 2931 601 2975 vero
627 2912 703 2974 de
726 2911 849 2976 Deo
890 2912 1129 2993 proprie
1158 2913 1462 2994 dicuntur,
1497 2915 1813 2976 essentiam
1849 2916 1980 2995 ejus
2012 2916 2093 2976 si-

456 3003 763 3083 gnificare,
804 3012 866 3067 et
900 3003 1231 3066 secundum
1275 3013 1542 3066 naturam
1578 3004 1717 3080 dici,
1747 3014 1805 3067 et
1833 3006 1989 3068 dicta
2019 3006 2093 3067 de

457 3091 745 3156 creaturis
765 3092 961 3171 quoad
986 3111 1113 3156 rem
1137 3093 1553 3175 signiﬁcatam,
1580 3113 1699 3156 non
1729 3096 1966 3176 proprie
1987 3096 2093 3157 sed

457 3182 830 3264 perabusum
845 3182 1038 3257 verbi,
1060 3191 1118 3245 et
1136 3200 1244 3264 per
1264 3183 1657 3247 imitationem
1678 3193 1736 3245 et
1752 3185 2091 3248 similitudi-
2112 3181 2151 3232 Ο

455 3291 595 3337 nem
636 3273 954 3355 quamdam
998 3273 1365 3354 analogicam
1414 3273 1533 3335 dici
1568 3292 1583 3338 :
1635 3280 1817 3355 atque
1848 3276 1924 3337 ita
1957 3294 2093 3352 qure

455 3370 594 3424 sunt
622 3364 964 3425 communia
988 3361 1111 3426 Deo
1161 3370 1220 3426 et
1266 3364 1560 3426 creaturis
1597 3364 1865 3441 nomina,
1897 3365 2090 3445 quoad

454 3470 583 3515 rem
611 3452 998 3532 significatam
1018 3471 1158 3515 vere
1187 3461 1248 3516 et
1277 3453 1536 3534 pr0prie,
1567 3453 1625 3515 id
1651 3460 1741 3515 est
1763 3455 2091 3516 essentiall-

461 3554 556 3607 ter
583 3549 642 3605 et
674 3561 782 3623 per
806 3560 874 3605 se
902 3543 1183 3606 dicuntur
1211 3543 1288 3605 de
1316 3541 1473 3619 Deo;
1521 3543 1598 3605 de
1648 3553 1919 3605 creatura
1954 3563 2089 3606 vero

456 3652 576 3696 non
609 3650 742 3695 vere
764 3651 958 3715 neque
980 3633 1242 3715 proprie,
1259 3634 1397 3714 quia
1420 3652 1540 3696 non
1569 3652 1677 3715 per
1698 3651 1763 3695 se
1788 3634 2090 3697 dicuntur:

456 3725 652 3805 quoad
669 3740 807 3786 vero
828 3723 1273 3803 impositionem
1298 3724 1632 3797 nominum,
1660 3723 1896 3803 proprie
1913 3724 2088 3801 signi-

455 3814 636 3876 ficant
663 3812 724 3875 id
754 3813 827 3876 ad
873 3813 1029 3893 quod
1080 3813 1357 3894 imposita
1403 3822 1560 3895 sunt,
1614 3815 1886 3895 imposita
1933 3814 2091 3875 enim

457 3910 596 3965 sunt
622 3902 788 3985 prius
813 3904 885 3964 ad
921 3903 1339 3980 significandas
1364 3904 1758 3984 perfectiones
1781 3905 2091 3984 participa-

461 4003 573 4069 tas,
601 4013 750 4074 quas
781 4014 815 4056 a
842 3994 964 4056 Deo
991 3996 1047 4056 in
1069 3995 1358 4056 creaturis
1379 3996 1621 4057 affectas
1655 3994 2088 4074 cognoscimus,

457 4102 526 4146 ex
551 4081 788 4164 quibus,
823 4084 896 4145 ad
924 4083 1388 4164 cognoscendas,
1415 4094 1719 4165 utcunque
1751 4102 2089 4162 possumus,

457 4171 859 4254 perfectiones
879 4172 1227 4255 essentiales
1254 4173 1359 4237 Dei
1379 4173 1751 4249 deducimur,
1782 4175 1935 4236 sicut
1955 4177 2096 4236 scri-

459 4270 621 4343 ptum
655 4268 746 4325 est
778 4281 790 4325 :
825 4261 1170 4325 lnvisibilia
1201 4263 1313 4325 Dei
1337 4281 1451 4343 per
1478 4281 1545 4327 ea
1572 4281 1706 4344 quae
1736 4264 1905 4343 facta
1954 4273 2096 4329 sunt

457 4353 766 4418 intellecta
797 4355 1257 4434 conspiciuntur
1286 4353 1368 4412 77.

2167 576 2354 639 Deum
2388 579 2586 654 dicas,
2620 581 2898 642 eumdem
2929 582 3268 656 ostendisti,
3307 600 3488 663 quem
3530 602 3642 662 per
3671 585 3830 647 reli-

2163 684 2280 753 qua
2310 669 2553 729 nomina
2580 677 2782 732 mente
2814 672 3163 751 concepisti.
3202 671 3284 732 Ex
3319 672 3414 733 his
3457 673 3641 753 igitur
3692 693 3829 735 ma-

2162 752 2446 816 nifeatum
2472 756 2535 816 fit
2565 756 2724 835 quod
2758 758 2967 819 eadem
3005 759 3203 820 divina
3231 752 3567 822 nominaret
3596 763 3829 824 easdem

2164 842 2437 905 notiones
2469 854 2685 906 nostrae
2716 845 2790 907 de
2822 845 2943 907 Deo
2974 846 3280 917 dicuntur,
3311 849 3669 929 nullamque
3701 851 3827 913 dif—

2162 932 2475 993 ferentiam
2509 933 2598 994 rei
2630 933 2917 1013 subjectae
2945 935 3019 997 ad
3054 936 3244 999 Deum
3269 938 3459 1000 relata
3482 956 3821 1019 reprmsen-

2164 1027 2289 1081 tant
2319 1039 2332 1083 :
2370 1030 2427 1083 et
2457 1021 2614 1098 quod
2655 1023 2900 1085 nomina
2932 1024 3043 1086 Dei
3075 1026 3374 1106 triplicem
3412 1028 3642 1090 habent
3674 1048 3827 1091 cau-

2167 1128 2289 1171 sam
2322 1110 2682 1173 efﬁcientem
2723 1112 2998 1188 quidem,
3037 1125 3300 1177 mentem
3354 1117 3548 1197 ipsam
3605 1118 3830 1181 huma-

2167 1216 2328 1287 nam;
2376 1200 2719 1275 materiam,
2778 1200 2881 1263 illa
2936 1204 3098 1265 unde
3156 1205 3553 1287 colliguntur,
3614 1208 3674 1269 id
3738 1219 3834 1271 est

2168 1286 2421 1363 etiecta;
2455 1288 2633 1351 linem
2668 1293 2859 1353 Deum
2894 1292 2968 1353 ad
3011 1311 3188 1373 quem
3222 1286 3598 1361 referuntur.

2677 1394 3164 1462 OBSERVATIO
3203 1401 3305 1464 Xl.

2164 1496 2217 1552 S,
2255 1491 2548 1556 Dionysius
2587 1498 2801 1557 primus
2866 1501 3070 1549 auctar
3124 1499 3398 1563 theologia:
3459 1502 3826 1564 scholastica,

2230 1567 2515 1626 Principia
2539 1565 2833 1630 theologica
2874 1583 2942 1618 ea:
2975 1574 3163 1632 prima
3191 1574 3416 1633 periodo
3448 1579 3699 1639 Dionysii
3735 1578 3831 1627 tte-

2218 1639 2495 1700 prompta.
2559 1642 2723 1688 Omne
2793 1640 2996 1691 donum
3061 1657 3095 1691 a
3160 1646 3272 1692 Dco
3338 1659 3468 1702 esse,
3539 1648 3829 1697 desursum

2232 1722 2356 1768 esse,
2397 1722 2433 1759 a
2472 1713 2647 1759 Patre
2701 1709 2990 1763 [mni-num.
3048 1717 3293 1775 Spiritus
3341 1721 3567 1768 sanctus
3618 1721 3833 1771 donum

2233 1783 2441 1831 Patris.
2487 1783 2599 1830 Cur
2652 1786 2830 1832 Pater
2870 1783 3140 1835 luminum
3199 1788 3398 1838 dictus.
3451 1795 3675 1840 Putrem
3721 1808 3837 1842 esse

2231 1855 2566 1916 principium
2618 1858 3049 1906 emanationum.
3090 1861 3305 1908 Bonum
3342 1864 3427 1909 sui
3478 1862 3825 1923 di/fusivum.

2234 1928 2377 1975 Deus
2417 1929 2604 1976 omnia
2652 1928 2791 1977 facit
2822 1928 2885 1977 ob
2915 1929 3236 1980 bonitatem.
3276 1935 3473 1982 Gratia
3510 1948 3623 1985 non
3650 1936 3832 1987 datur

2233 2010 2301 2046 ea:
2342 1999 2570 2047 meritis.
2629 1999 2950 2051 Immediate
3013 2005 3092 2051 est
3144 2016 3179 2051 a
3237 2006 3366 2053 Deo.
3432 2007 3666 2057 Uniendi
3714 2012 3829 2059 vim

2233 2067 2409 2120 habet.
2458 2071 2738 2121 Hominem
2763 2071 2937 2122 elevat
2975 2085 3142 2136 supra
3171 2077 3377 2125 statum
3408 2080 3650 2129 naturae.
3678 2084 3832 2131 Deus

2233 2143 2472 2190 omnium
2492 2144 2836 2205 principium
2863 2146 2915 2193 et
2928 2143 3091 2206 ﬁnis.

2252 2219 2576 2285 Observato
2629 2242 2865 2305 quoque
2914 2225 3335 2304 dignissimum
3391 2232 3694 2310 quomodo
3755 2238 3826 2298 S.

2170 2309 2484 2401 Dionysius
2529 2312 2760 2393 primus
2811 2314 3179 2378 scholasttcre
3232 2309 3545 2399 theologia;
3596 2322 3831 2401 jeccrit

2169 2399 2584 2490 fundamenta,
2615 2401 2830 2482 quibus
2853 2403 3053 2465 caateri
3073 2404 3358 2486 deinceps
3384 2399 3668 2490 theologi,
3690 2432 3825 2476 eam

2173 2507 2305 2569 quae
2333 2489 2407 2551 de
2436 2489 2556 2551 Deo
2591 2490 2891 2571 rebusque
2927 2492 3145 2555 divinis
3195 2494 3254 2554 in
3289 2498 3511 2559 scholis
3544 2489 3824 2579 traditur,

2173 2579 2503 2640 doctrinam
2521 2599 2760 2641 omnem
2785 2582 3242 2647 inmdiﬁcarunt.
3275 2586 3565 2667 Exemplo
3588 2592 3665 2653 sit
3692 2612 3828 2671 pro-

2174 2668 2395 2731 ximum
2413 2670 2566 2751 quod
2592 2671 2855 2732 occurrit
2879 2672 3090 2753 capitis
3121 2675 3322 2754 primi.
3348 2677 3433 2739 De
3454 2680 3669 2743 είιιΙθειι
3691 2668 3825 2745 ltie-

2174 2760 2425 2821 rarclzia
2465 2759 2977 2841 exordium,cujus
3013 2764 3259 2842 primam
3296 2769 3606 2847 periodum
3641 2772 3689 2835 si
3726 2783 3826 2834 at—

2175 2855 2335 2941 tente
2368 2848 2500 2929 quis
2527 2850 2898 2941 expenderit,
2942 2861 3081 2933 quot
3113 2855 3292 2916 verba
3322 2865 3405 2917 tot
3433 2860 3696 2941 oracula,
3727 2871 3828 2923 ln-

2175 2936 2481 3032 tidemque
2506 2939 2799 3032 altissima
2820 2942 3189 3005 scholasticae
3220 2945 3506 3008 doctrina:
3530 2936 3831 3032 principia

2178 3025 2512 3119 mirabitur.
2540 3025 2639 3091 Sic
2670 3029 2888 3119 habet:
2934 3055 2952 3086 ι
2992 3038 3143 3090 Πᾶσα
3174 3033 3324 3099 δόσις
3369 3025 3566 3119 ἁγποῆ,
3597 3043 3685 3098 καὶ
3722 3025 3825 3102 nais

2177 3115 2397 3196 δώρημα
2439 3116 2665 3198 τέλειον³
2713 3117 2908 3175 ἄνωθέν
2968 3120 3105 3192 ἐστι,
3164 3122 3489 3182 κατχϐπῖνον
3553 3115 3670 3185 an?)
3731 3141 3828 3190 τοῦ

2175 3209 2381 3285 Πατρὸς
2421 3208 2527 3264 τῶν
2558 3210 2747 3287 φώτων
2778 3209 2861 3270 73.
2898 3208 3065 3267 Ἀλλὰ
3117 3216 3204 3270 καὶ
3248 3221 3393 3271 πᾶσαι
3425 3223 3829 3297 Πλτροκινήτου

2176 3298 2538 3376 φωτόφανεὶας
2595 3297 2814 3377 πρόοέος
2872 3301 2945 3364 εἷς
2999 3301 3157 3377 ἡμᾶς
3216 3304 3550 3381 ἀγαθοδὸτως
3583 3313 3829 3387 momina:

2176 3385 2334 3443 πάλιν
2366 3389 2436 3452 ὼς
2466 3386 2704 3451 ἐνοποιὸς
2735 3386 2950 3465 δύναμις
2992 3390 3334 3459 ἀνατατικῶς
3369 3395 3509 3469 ἡμᾶς
3556 3397 3823 3479 ἀντέπλοτ,

2175 3478 2261 3531 καὶ
2313 3476 2611 3557 ἐπιστρέφει
2685 3481 2816 3555 πρὸς
2875 3484 2975 3546 τὴν
3068 3491 3160 3540 τοῦ
3234 3496 3543 3562 συναγρυγού
3616 3476 3827 3566 Πχτρὲιξς

2175 3563 2423 3640 ἐνὸτητα,
2477 3568 2563 3622 καὶ
2602 3570 2865 3624 ΔΟεοποιὶν
2915 3567 3217 3637 ἁπλότητα.
3270 3574 3372 3631 Καὶ
3428 3576 3527 3653 γὰρ
3573 3577 3625 3642 ἐξ
3667 3563 3829 3637 αὗέοῦ

2176 3656 2606 3747 «tinguant;
2640 3656 2822 3718 αὒτόν.
2884 3681 2910 3713 ››
2968 3656 3162 3720 Omne
3214 3661 3427 3723 datum
3489 3663 3738 3747 bonum,
3770 3677 3834 3729 et

2175 3760 2347 3806 omne
2378 3744 2602 3807 donum
2626 3748 2967 3824 perfectum
2992 3748 3311 3811 desursum
3333 3757 3438 3827 est,
3462 3744 3834 3820 descendens

2178 3851 2215 3895 α
2248 3835 2436 3896 Patre
2467 3833 2791 3898 luminum.
2822 3837 2980 3910 Ouin
3025 3845 3081 3901 et
3128 3841 3324 3901 omnis
3355 3859 3393 3902 a
3428 3841 3617 3906 Patre
3646 3855 3830 3909 mota

2178 3921 2608 3985 illustrationis
2629 3932 2961 3999 emunctio,
2989 3928 3053 3989 in
3078 3946 3187 3989 nos
3214 3928 3827 4014 beneﬁceea‘undans;

2178 4012 2377 4074 denuo
2412 4032 2522 4075 ceu
2562 4015 2787 4093 uni/ica
2834 4018 2949 4089 vis,
2984 4018 3066 4079 ad
3110 4035 3336 4097 sitpera
3385 4038 3493 4082 nos
3532 4012 3827 4102 erigenda

2176 4102 2543 4181 simptiﬁcat,
2582 4112 2639 4165 et
2669 4106 2966 4168 eonvertit
3007 4107 3087 4169 ad
3130 4112 3559 4189 cong‘regantis
3614 4113 3829 4177 Patris

2177 4192 2436 4248 unitatem
2460 4196 2509 4249 et
2537 4193 2779 4265 deiﬁcum
2805 4194 3210 4267 simplicitatem.
3246 4198 3513 4265 Quoniam
3543 4217 3608 4256 ea:
3637 4202 3750 4274 ipso
3778 4209 3831 4261 et

2177 4281 2234 4337 in
2266 4283 2442 4356 ipsum
2470 4289 2595 4338 sunt
2622 4285 2821 4340 omnia.
2857 4285 3004 4343 Ecce
3029 4294 3169 4358 quot
3198 4289 3387 4345 brevis
3408 4289 3530 4347 haec
3555 4294 3829 4362 periodus

2181 4370 2626 4435 sublimissimee
2659 4374 2977 4451 theologiae
3007 4376 3297 4458 principia
3326 4380 3784 4460 complectatur.

493 4475 689 4526 Omnia
724 4475 822 4523 Dei
853 4474 1091 4551 nomina_
1114 4473 1247 4551 quid
1279 4476 1534 4551 animiet
1568 4473 1703 4523 idem
1744 4475 2058 4538 signiﬁcant
2118 4499 2161 4550 ο
2261 4462 2489 4537 Primo,
2522 4462 2741 4526 bonum
2773 4482 2950 4526 omne
2981 4484 3015 4526 a
3043 4464 3164 4528 Deo
3214 4466 3415 4528 datum
3458 4486 3631 4546 esse;
3665 4472 3827 4551 quod

1018 4546 1091 4597 ad
1130 4548 1301 4596 Deum
1335 4546 1531 4598 relata.

541 4644 989 4709 Observandum
1023 4644 1121 4706 hic
1157 4662 1290 4705 cum
1324 4644 1725 4726 Cyparissiota
1755 4645 1979 4710 Decad.
2012 4663 2096 4722 IV,

459 4753 590 4816 cap.
625 4736 685 4809 7,
717 4735 872 4815 quod
906 4733 1057 4795 sicut
1087 4734 1287 4795 divina
1315 4733 1560 4796 nomina
1584 4754 1655 4795 ex
1687 4735 1915 4797 effectis
1937 4754 2089 4796 sum—

460 4832 587 4904 pta,
614 4822 1008 4885 differentiam
1035 4823 1448 4904 operationum
1483 4824 2009 4905 reprtesentantsic
2025 4824 2096 4885 ad

459 4913 650 4976 Deum
676 4912 884 4994 relata,
918 4913 1185 4975 diversas
1215 4931 1311 4974 res
1337 4921 1777 4993 repraesentare
1808 4931 1926 4973 non
1956 4932 2095 4993 pos-

460 5002 779 5066 sint.Ilinc
806 5021 1053 5084 magnus
1076 5000 1330 5064 Basilius
1362 5001 1422 5062 in
1471 5003 1703 5083 epistol.
1760 5002 1830 5063 ad
1880 5001 2097 5064 Eusta-

460 5091 963 5175 cbium:0mnes,
998 5092 1212 5173 inquit,
1246 5094 1542 5168 notiones,
1586 5098 1642 5154 et
1684 5094 1934 5154 nomina
1965 5111 2100 5174 qua:

456 5185 654 5250 Deum
678 5184 908 5259 decent,
944 5185 1205 5264 aequalis
1226 5187 1389 5244 inter
1409 5198 1474 5244 se
1488 5181 1734 5244 honoris
1751 5191 1915 5250 sunt,
1944 5199 2100 5262 quu-

461 5284 636 5338 tenus
656 5274 1103 5355 signiﬁcatione
1133 5274 1228 5335 rei
1261 5270 1541 5352 subjecta:
1580 5270 1738 5333 nihil
1781 5273 2097 5353 (li/ferunt.

460 5364 591 5429 Non
617 5366 778 5427 enim
810 5364 892 5425 ad
920 5362 1109 5425 aliam
1143 5380 1271 5425 rem
1293 5362 1615 5437 subjectum
1646 5369 1905 5423 mentem
1939 5363 2105 5425 ducit

460 5454 792 5537 appellatio
825 5453 987 5535 boni,
1012 5462 1065 5516 et
1098 5453 1174 5514 ad
1204 5452 1392 5514 aliam
1420 5450 1755 5530 appellatio
1787 5454 2100 5531 sapientis,

461 5554 515 5608 et
537 5547 828 5626 potentis,
857 5552 912 5606 et
928 5544 1107 5623 justi.
1135 5541 1299 5619 Quin
1324 5540 1554 5622 potius,
1579 5557 1963 5622 quaecumque
1989 5560 2104 5605 no-

543 5701 606 5756 77
631 5704 809 5771 Rom.
839 5720 884 5769 ι.
929 5704 994 5757 78
1017 5701 1145 5769 Jac.
1175 5718 1219 5779 ι,
1249 5703 1351 5765 Π.

2184 4551 2496 4630 designant
2524 4552 2726 4635 verba,
2752 4562 2900 4611 ﬂcio:
2922 4553 3063 4620 δόσὶς
3107 4557 3303 4635 ἀγαθή.
3338 4555 3419 4618 Ex
3455 4576 3572 4638 qun
3601 4561 3827 4640 primi-

2184 4642 2280 4724 pio
2308 4644 2371 4706 S.
2404 4641 2665 4704 Thomas
2697 4663 2754 4723 p.
2786 4661 2826 4717 ι,
2860 4663 2959 4725 qu.
3010 4648 3071 4726 4,
3118 4646 3177 4718 5,
3231 4645 3291 4720 6,
3347 4646 3635 4725 plurimas
3666 4651 3830 4712 elicit
3894 4686 3939 4725 -,

2182 4731 2617 4807 conclusiones,
2652 4732 2817 4794 verbi
2867 4734 3074 4813 gratia,
3130 4736 3318 4797 Deum
3362 4754 3494 4799 esse
3523 4757 3824 4800 summum

2182 4821 2658 4901 lionum,rerum
2716 4824 2984 4884 omnium
3038 4825 3436 4904 perfectiones
3485 4827 3828 4892 eminenter

2182 4912 2510 4990 continere,
2548 4922 2855 4975 creaturas
2886 4914 3016 4993 ejus
3051 4913 3506 4996 participatione
3551 4935 3620 4979 ac
3649 4918 3824 4980 simi-

2181 5000 2435 5064 litudine
2460 4999 2647 5062 bonas
2677 5020 2832 5075 esse,
2869 5011 2988 5067 etc.

2265 5089 2566 5164 Secundo,
2593 5110 2771 5154 omne
2809 5092 3028 5155 donum
3076 5089 3408 5174 perfectum
3454 5114 3588 5158 esse
3612 5115 3647 5159 a
3676 5095 3823 5179 Deo,

2183 5184 2269 5240 καὶ
2298 5187 2374 5239 πᾶ
2416 5180 2641 5261 δώρημα
2669 5181 2891 5263 τέλειον,
2942 5182 3170 5247 scilicet
3212 5193 3278 5248 ut
3310 5184 3604 5267 principio
3638 5188 3823 5249 effec-

2186 5272 2325 5347 tivo,
2361 5269 2705 5351 exemplari,
2741 5279 2798 5334 et
2828 5271 2990 5333 finali
3026 5294 3039 5336 :
3080 5293 3137 5352 p.
3175 5292 3214 5352 ι,
3258 5294 3358 5355 qu.
3394 5276 3459 5355 ti,
3487 5283 3599 5337 art.
3653 5281 3716 5351 lt,
3767 5283 3827 5339 et

2185 5361 2322 5431 2-2.
2359 5380 2419 5440 q.
2453 5359 2512 5441 3,
2544 5370 2659 5435 art,
2691 5358 2731 5421 2
2760 5361 2831 5422 ad
2868 5364 2893 5423 1
2930 5383 2946 5437 ;
2981 5381 3041 5445 q.
3076 5363 3177 5433 27,
3206 5375 3320 5427 art.
3354 5365 3414 5440 3,
3449 5364 3510 5427 in
3542 5384 3822 5447 corpore.

2187 5450 2337 5514 Vide
2367 5450 2508 5511 item
2544 5451 2613 5512 D.
2647 5450 2938 5512 Thomam
2973 5468 3031 5532 p.
3066 5469 3109 5528 ι,
3142 5473 3202 5535 q.
3236 5452 3336 5533 38,
3373 5461 3430 5515 et
3463 5458 3582 5532 l-2,
3619 5473 3678 5537 q.
3718 5454 3824 5537 68,

2189 5539 2294 5603 ubi
2324 5538 2582 5618 disputat
2613 5537 2687 5601 de
2718 5539 2953 5603 ratione
2983 5539 3149 5604 doni.
