4060 6214
281 300 368 371 lOl

1627 295 2188 372 PROLEGOMENA
2201 357 2214 371 .

3494 307 3607 388 102

276 442 437 505 ritalis
456 451 621 523 atque
641 441 904 535 operatio
925 440 1481 535 impermistaatque
1505 442 1878 535 immaculata
1899 452 1934 498 Α
1959 440 2298 535 adhibenda
2329 455 2418 508 est
2441 447 2603 526 jugis
2636 449 3030 519 mortiﬁcatio,
3094 459 3155 512 ut
3211 455 3342 535 quis
3401 476 3602 523 exsors

278 536 499 611 puritate
517 531 990 610 resplendens,et
1011 537 1327 612 conspicax
1353 531 1689 593 divinarum
1714 532 1884 592 intel-

271 622 786 700 ligentiarum,quae
814 639 917 696 per
940 619 1251 683 divisionis
1272 641 1339 683 ac
1364 623 1623 683 materia:
1667 639 1883 682 caren-

269 713 412 785 tiam,
444 710 714 772 deiformi
740 710 963 770 unitate
988 710 1058 769 ad
1088 711 1343 772 divinam
1371 722 1429 773 et
1452 712 1760 792 plusquam
1784 730 1881 771 sa-

268 799 496 880 pientem
517 808 772 860 mentem
798 817 866 860 ac
889 799 1180 860 rationem
1207 800 1488 862 divinitus
1510 801 1879 862 ell'ormatur.

265 887 392 950 Hinc
419 888 635 968 mystici
669 887 930 966 theologi
979 888 1093 950 hoc
1127 909 1365 970 quoque
1397 907 1628 952 sacrum
1668 909 1883 950 munus

265 978 523 1052 referunt,
541 977 769 1059 utquod
795 978 1130 1040 divinorum
1157 980 1421 1041 omnium
1447 980 1882 1042 divinissimum

264 1075 360 1147 est,
389 1071 444 1128 in
475 1067 661 1129 salute
691 1086 758 1129 ac
793 1067 1159 1147 perfectione
1219 1074 1625 1150 proximorum
1663 1088 1877 1150 procu-

263 1157 448 1237 rauda,
479 1155 676 1218 divino
702 1175 948 1237 prorsus
979 1166 1038 1219 et
1086 1157 1466 1221 eminentiori
1494 1178 1617 1240 prie
1653 1158 1884 1226 ueteris

265 1247 418 1308 modo
441 1245 871 1326 ipsiusmetDei
890 1257 1308 1327 cooperatores
1322 1249 1601 1330 existant;
1621 1267 1736 1310 non
1752 1267 1884 1309 om-

265 1335 386 1396 nino
411 1335 614 1396 dissita
639 1333 713 1396 ab
744 1335 955 1398 ordine
989 1336 1215 1400 ctelesti
1237 1337 1439 1400 insiuu
1486 1345 1643 1400 tione
1665 1336 1724 1398 in
1747 1337 1883 1399 ani-

265 1444 374 1486 mos
405 1425 706 1486 hominum
741 1425 1068 1507 inﬂuendo,
1104 1435 1162 1488 et
1185 1445 1219 1488 a
1248 1427 1552 1507 quibusvis
1581 1426 1738 1489 vitiis
1787 1434 1883 1488 at-

265 1534 361 1596 que
389 1513 938 1596 imperfectionibus
979 1516 1052 1577 ad
1085 1533 1326 1579 omnem
1355 1517 1633 1581 virtutem
1669 1524 1727 1578 et
1758 1515 1890 1578 vitae

262 1606 612 1683 sanctitatem
643 1603 1032 1670 traducendo.

881 1731 1133 1796 CAPUT
1169 1734 1242 1794 V.

321 1849 567 1914 Quantam
591 1848 1056 1921 praerequimntur
1071 1848 1142 1903 ad
1169 1850 1448 1921 mysticam
1477 1848 1814 1921 theologiam.

327 1966 410 2027 Ad
435 1967 587 2027 hanc
613 1964 1050 2044 theologiam98
1065 1965 1415 2045 cumprimis
1441 1963 1893 2045 prazrequiritur

258 2065 421 2118 status
447 2054 687 2136 quidam
719 2055 1185 2135 supernaturalis
1230 2055 1342 2135 ipsi
1379 2056 1885 2136 proportionatus,

259 2145 491 2226 quicum
515 2143 595 2208 sit
617 2144 791 2225 quasi
822 2145 1087 2224 quaedam
1123 2145 1306 2206 altera
1363 2145 1630 2207 nativitas
1664 2144 1886 2222 divina,

259 2253 536 2316 nunquam
570 2253 716 2296 sane
749 2234 1132 2315 intellexerit,
1168 2236 1388 2295 nedum
1423 2235 1678 2314 gesserit
1708 2233 1889 2313 quid-

263 2325 398 2406 piam
428 2324 764 2386 secundum
791 2326 1094 2404 mysticam
1131 2325 1512 2402 theologiam,
1549 2323 1642 2384 cui
1668 2342 1740 2384 ne
1766 2325 1893 2403 ipse

261 2416 478 2496 quidem
513 2423 708 2476 status
739 2415 836 2475 hic
870 2413 1157 2476 divinitus
1186 2415 1420 2476 aﬂlatus
1448 2420 1542 2475 sit.
1570 2413 1801 2475 Etenim
1836 2422 1896 2475 et

262 2491 415 2564 nobis
443 2505 735 2582 (humano
760 2503 1045 2580 loquendi
1076 2504 1274 2584 modo)
1301 2504 1615 2566 existentia
1640 2504 1893 2583 primum

262 2613 392 2673 opus
413 2602 523 2674 est,
557 2603 622 2654 ut
657 2593 941 2674 deinceps
965 2614 1099 2673 quae
1123 2594 1305 2654 nostri
1339 2594 1448 2654 fori
1479 2602 1636 2674 sunt,
1674 2603 1896 2656 tracte-

262 2701 396 2757 mus,
430 2703 565 2744 cum
603 2683 663 2744 id
698 2683 854 2763 quod
893 2684 1052 2744 nullo
1088 2683 1264 2744 modo
1298 2683 1526 2757 existit,
1562 2703 1898 2763 nequento-

259 2776 462 2834 tionem
496 2791 702 2852 neque
729 2771 1120 2834 substantiam
1151 2775 1396 2834 omnino
1443 2771 1698 2853 habeat;
1736 2773 1895 2850 quod

258 2869 436 2922 autem
473 2881 717 2943 quoquo
751 2869 919 2942 pacto
965 2873 1076 2936 est,
1111 2881 1180 2922 ea
1239 2864 1479 2923 demum
1543 2871 1600 2922 ct
1656 2872 1788 2940 agat
1843 2872 1899 2922 et

259 2951 513 3026 patiatur,
553 2970 692 3032 quae
722 2961 955 3012 natura:
989 2960 1291 3031 statusque
1329 2954 1602 3013 suntsui.
1637 2952 1900 3013 Dicimus

258 3039 438 3120 itaque
455 3040 722 3102 assiduis
736 3040 807 3100 ad
827 3039 1016 3101 Deum
1033 3042 1396 3102 connitentlo
1413 3040 1900 3127 aspirationibus,

258 3137 416 3208 atque
448 3128 743 3190 totalibus
773 3130 1205 3191 contrariorum
1253 3129 1813 3192 mortificationihus
1848 3137 1904 3190 et

1971 531 2072 592 ﬁat
2103 541 2158 592 et
2188 553 2405 610 expers
2436 537 2700 597 omnium
2747 538 3164 602 uniformitatis
3222 531 3598 613 divisionum.

1969 619 2289 700 Propterea
2319 625 2427 686 viri
2457 625 2668 704 sancti,
2702 627 3033 688 divinorum
3069 638 3488 700 communione
3518 642 3608 700 di-

1967 712 2150 787 gnati,
2185 712 2326 772 dum
2349 733 2454 793 pro
2481 734 2754 776 mensura
2777 717 3209 792 gratimdivinm
3239 723 3346 786 sibi
3381 729 3607 792 collata:

1967 800 2039 897 ad
2073 801 2486 897 deiformitatis
2511 816 2566 865 et
2599 807 3114 897 mysticaaunionis
3145 811 3438 892 fastigium
3467 838 3606 897 per-

1969 892 2292 949 lectissimis
2325 894 2758 966 perlectivisque
2789 896 3246 957 deiﬁcationibus
3268 892 3605 975 evehuntur,

1968 999 2039 1042 ea
2069 1001 2199 1062 quae
2229 986 2425 1046 carnis
2453 994 2590 1044 sunt
2623 985 2868 1046 minime
2915 1003 3124 1049 curant
3177 977 3327 1056 citra
3388 1007 3609 1061 natura:

1970 1077 2409 1169 necessitatem,
2445 1073 2650 1154 idque,
2687 1083 2862 1169 prout
2889 1095 3030 1138 usus
3053 1079 3408 1158 fert,obiter;
3434 1097 3608 1169 atque

1967 1161 2082 1223 hoc
2114 1161 2290 1223 modo
2323 1165 2499 1224 etiam
2531 1182 2782 1244 corpora
2804 1164 3038 1227 illorum
3073 1188 3174 1246 per
3196 1161 3608 1238 mortiﬁcatio-

1968 1269 2104 1312 nem
2127 1251 2381 1332 quodam
2393 1253 2566 1313 modo
2590 1250 3100 1331 spiritualizata,in
3120 1263 3358 1340 mystica
3376 1265 3615 1330 deifica-

1967 1341 2615 1435 tionetemplumliunt
2633 1342 2898 1435 Spiritus
2919 1345 3525 1435 divino—principalis,
3553 1359 3611 1420 in

1971 1449 2087 1511 quo
2113 1431 2309 1493 simile
2333 1431 2393 1492 in
2417 1432 2597 1493 simili
2623 1431 2902 1494 fundatur
2921 1453 2989 1496 ac
3020 1431 3366 1505 collocatur.

2003 1609 2113 1675 Qua
2148 1611 2354 1668 ratione
2377 1611 2448 1668 ad
2477 1522 3098 1687 mysgclitstlili‘cozilgiam
3126 1621 3469 1679 accedendum
3497 1627 3585 1686 sit.

2055 1691 2392 1754 Obstaculis
2425 1701 2482 1754 et
2508 1693 2955 1774 impedimentis
2989 1717 3095 1777 per
3145 1705 3616 1770 mortiﬁcationis

1977 1782 2323 1843 exercitium
2339 1781 3020 1856 sublatis,adhibendum
3046 1798 3135 1850 est
3153 1791 3326 1853 etiam
3353 1797 3616 1858 studium

1915 1869 1952 1918 Β
1977 1870 2572 1952 orationis,exemplo
2597 1871 2858 1954 Dionysii
2884 1878 3185 1956 mysticam
3209 1883 3560 1961 theologiam
3586 1906 3620 1946 a

1976 1962 2364 2052 sanctissimae
2422 1961 2730 2025 Trinitatis
2791 1965 3163 2030 invocatione
3223 1973 3615 2052 auspicantis.

1976 2051 2228 2130 Oportet
2252 2053 2432 2131 igitur
2457 2072 2562 2114 nos
2584 2052 2835 2133 primum
2865 2059 3230 2122 orationibus
3252 2063 3321 2122 ad
3340 2051 3536 2126 Deum
3570 2067 3614 2142 1,

1978 2148 2253 2221 tanquam
2281 2143 2351 2202 ad
2381 2144 2639 2222 mysticae
2657 2143 2970 2225 theologia;
2994 2149 3352 2229 principium
3375 2155 3614 2228 adduci,

1975 2230 2277 2292 acdeinde
2294 2232 2480 2311 magis
2501 2231 2611 2313 ipsi
2638 2234 3374 2315 propinquantes,edoceri
3400 2246 3621 2322 Optima

1977 2337 2224 2401 qumque
2249 2340 2517 2396 munera,
2550 2342 2682 2402 quas
2705 2326 3100 2405 penesipsnm
3130 2337 3268 2390 sunt
3308 2333 3618 2396 collocata.

1979 2408 2121 2470 Nam
2143 2412 2272 2487 ipse
2296 2413 2537 2488 quidem
2566 2430 2825 2492 prazsens
2845 2417 3013 2475 adest
3038 2417 3338 2495 omnibus,
3376 2441 3489 2482 non
3518 2443 3623 2485 au-

1983 2509 2100 2560 tem
2131 2500 2212 2560 illi
2236 2501 2453 2563 adsunt
2475 2501 2696 2579 omnia;
2723 2503 2827 2564 sed
2853 2523 2987 2564 cum
3012 2524 3145 2566 eum
3172 2509 3391 2570 sanctis
3416 2530 3619 2590 preca-

1983 2589 2265 2663 tionibus,
2300 2599 2358 2651 et
2391 2601 2586 2652 mente
2624 2593 2962 2672 tranquilla,
2998 2605 3056 2656 et
3077 2595 3149 2656 ad
3173 2589 3430 2660 divinam
3454 2603 3624 2662 unio-

1983 2696 2120 2738 nem
2152 2679 2596 2740 accommodata
2626 2681 3042 2761 deprecamur,
3080 2693 3198 2744 tum
3231 2687 3470 2749 demum
3519 2709 3625 2751 nos

1983 2770 2160 2828 etiam
2194 2769 2248 2828 ei
2285 2779 2606 2848 praesentes
2634 2789 2864 2831 sumus.
2900 2772 3030 2851 Ipse
3061 2775 3218 2834 enim
3266 2795 3374 2838 nec
3405 2778 3462 2838 in
3497 2779 3624 2842 loco

1984 2856 2064 2918 ita
2096 2865 2185 2918 est
2218 2867 2277 2918 ut
2300 2877 2548 2940 usquam
2569 2859 2747 2939 absit,
2777 2860 2865 2922 vel
2889 2879 2958 2922 ex
2990 2861 3120 2924 aliis
3148 2865 3217 2925 ad
3251 2865 3363 2927 alia
3393 2868 3622 2946 migret.

1987 2946 2139 3018 Quin
2171 2952 2290 3007 imo
2322 2948 2542 3022 dicere,
2576 2953 2634 3008 in
2659 2950 3148 3032 omnibusipsum
3178 2958 3492 3036 esse,quod
3515 2959 3627 3019 mi-

1991 3055 2100 3096 nus
2133 3045 2223 3096 est
2251 3037 2380 3114 ejus
2404 3037 2716 3113 infinitate,
2745 3057 2876 3118 quae
2925 3051 2980 3100 et
3005 3043 3241 3104 excedit
3282 3055 3340 3106 et
3371 3048 3632 3109 continet

1988 3128 2419 3188 universa.Nos
2445 3127 2603 3206 ipsos
2624 3129 2823 3204 itaque
2839 3131 3203 3192 orationibus
3225 3134 3296 3194 ad
3321 3135 3599 3198 sublimio
3615 3173 3632 3184 -

261 3217 682 3279 abolitionibus
696 3219 969 3280 homines
984 3217 1674 3300 spiritalesstatushujus
1688 3217 1906 3279 deifor-
1924 3231 1964 3282 C
1989 3231 2104 3273 rem
2125 3217 2449 3275 divinorum
2485 3219 2978 3291 benignorumque
3005 3224 3296 3281 radiorum
3315 3232 3632 3286 contuitum

261 3306 360 3368 mis
381 3307 876 3370 immutabilitate
901 3309 1104 3388 potiri.
1131 3310 1263 3371 Non
1289 3310 1446 3371 enim
1471 3309 1544 3370 ab
1573 3309 1735 3370 omni
1760 3308 1905 3368 dun-

264 3405 404 3458 taxat
425 3399 658 3460 malitia
676 3399 820 3478 ipsis
835 3399 1237 3460 recedendum
1258 3399 1472 3465 est,sed
1489 3399 1903 3460 obdurandum

261 3487 523 3569 viriliter,
557 3497 618 3550 et
650 3489 1057 3567 imperterrite
1079 3507 1322 3570 semper
1353 3489 1762 3549 obsistendum
1793 3487 1905 3568 ipsi

265 3577 436 3638 noxiae
465 3577 816 3640 remissioni
852 3598 868 3651 ;
901 3597 1010 3640 nec
1031 3598 1065 3639 a
1087 3596 1256 3640 sacro
1304 3588 1392 3639 est
1416 3597 1676 3658 unquam
1701 3595 1907 3638 amore

263 3667 726 3740 cessandum,ast
749 3667 1126 3729 continenter
1141 3687 1209 3729 ac
1239 3678 1528 3748 perpetuo
1555 3689 1610 3749 pi
1631 3687 1661 3728 ο
1684 3667 1908 3729 viribus

264 3755 312 3814 ei
341 3756 767 3832 insistendum,
791 3758 862 3818 ad
883 3758 1308 3838 perfectionem
1333 3757 1516 3818 divini
1544 3759 1909 3838 principatus

263 3843 736 3907 sublimationem
751 3854 953 3908 sancte
967 3865 1209 3928 semper
1223 3847 1453 3926 negotia
1467 3866 1572 3908 sua
1592 3846 1906 3925 dirigendo

261 3930 449 4014 Neque
475 3936 642 3997 enim
666 3935 726 3985 99
748 3936 834 3996 fas
856 3948 945 3998 est
971 3937 1230 4017 mysticis
1257 3937 1542 4016 theologis
1581 3936 1901 4016 quidquam

263 4023 680 4104 Operari,quod
707 4024 922 4086 divinis
945 4025 1437 4101 inSpirationibus
1466 4026 1555 4086 vel
1590 4023 1901 4085 minimum

260 4124 558 4191 repugnet,
599 4115 720 4174 imo
754 4132 864 4175 nec
896 4114 1104 4177 iisdem
1149 4115 1499 4186 dssseutire,
1546 4114 1595 4174 si
1640 4113 1901 4174 divinam

261 4213 525 4280 appetant
559 4204 920 4284 claritatem,
943 4212 1004 4266 et
1025 4203 1096 4264 ad
1123 4204 1273 4266 hanc
1304 4213 1531 4284 sancte,
1565 4213 1627 4264 ut
1660 4221 1762 4283 par
1789 4208 1902 4282 est,

263 4293 753 4371 aSpirentJtaque
779 4293 1046 4373 perfecta
1071 4294 1161 4354 sui
1193 4293 1381 4375 ipsius
1411 4293 1787 4356 abdicatione
1815 4293 1908 4342 ίοί)

1991 3307 2957 3386 comparemus.Quemadmodum
2976 3319 3022 3372 si
3041 3312 3467 3378 lucidissimam
3483 3327 3635 3380 cate-

1992 3417 2179 3459 name
2195 3417 2428 3458 summo
2444 3398 2592 3460 coelo
2617 3414 3057 3478 suspensam,et
3072 3403 3187 3464 huc
3207 3424 3397 3482 usque
3418 3407 3637 3470 demis-

1991 3487 2424 3562 sam,manibus
2447 3488 2694 3549 alternis
2717 3489 2776 3548 in
2800 3492 3100 3552 anteriora
3115 3497 3408 3572 protensis
3439 3501 3634 3559 conti-

1997 3586 2208 3638 nenter
2229 3579 2963 3658 arriperemus.atlrahere
2987 3583 3227 3661 quidem
3254 3587 3439 3664 ipsam
3462 3588 3635 3648 vide-

1992 3684 2292 3745 remur,re
2319 3677 2513 3728 autem
2537 3686 2676 3728 vera
2699 3689 2812 3729 non
2840 3671 2997 3731 illam
3033 3671 3146 3750 ipsi
3175 3672 3634 3757 deduceremus,

1995 3765 2056 3816 ut
2077 3774 2207 3836 quae
2231 3774 2492 3836 superne
2516 3769 2572 3818 et
2617 3758 2850 3818 inferne
2873 3777 3132 3837 praesens
3156 3771 3330 3841 esset,
3357 3763 3462 3825 sed
3483 3765 3628 3844 ipsi-

1993 3855 2114 3906 met
2139 3853 2321 3925 magis
2343 3846 2414 3906 ad
2438 3846 2819 3908 sublimiores
2850 3847 3145 3910 radiorum
3164 3850 3479 3913 illustrium
3511 3852 3627 3914 ful-

1991 3951 2164 4013 gores
2187 3936 2605 3998 eveheremur.
2659 3938 2780 3998 Aut
2831 3936 2979 3996 sicut
3003 3937 3053 3997 si
3105 3939 3298 4000 navim
3355 3940 3630 4021 ingressi,

1988 4024 2270 4086 rudentes
2292 4043 2362 4086 ex
2389 4035 2551 4105 petra
2573 4027 2823 4106 quadam
2850 4027 2921 4087 ad
2950 4046 3056 4087 nos
3103 4047 3288 4108 usque
3331 4041 3636 4109 porrectos

1988 4115 2192 4174 auxilii
2222 4133 2401 4175 causa
2436 4124 2801 4188 teneremus,
2839 4133 2957 4176 non
2991 4121 3065 4177 od
3105 4137 3210 4178 nos
3241 4131 3498 4202 petram,
3534 4123 3637 4183 sed

1991 4205 2270 4284 nosipsos
2286 4222 2490 4266 revera
2510 4206 2905 4285 navimquead
2928 4218 3150 4286 petram
3169 4211 3638 4275 traduceremus.

2073 4294 2445 4373 Quapropter
2475 4302 2609 4354 ante
2654 4295 2877 4368 omnia,
2916 4297 3245 4374 praesertim
3288 4299 3348 4358 in
3387 4311 3641 4380 mystyca

259 4396 320 4440 ac
338 4383 624 4445 continua
651 4384 711 4444 in
739 4383 922 4444 rebus
944 4382 1224 4444 omnibus
1250 4383 1705 4444 mortiﬁcatione
1755 4401 1906 4462 opus
1931 4381 2313 4474 Dtheologia,
2348 4383 2420 4443 ab
2455 4383 2726 4444 oratione
2756 4385 3184 4463 auspicandum
3247 4399 3335 4448 est
3365 4411 3376 4446 :
3412 4407 3528 4450 non
3581 4400 3641 4452 ut

262 4482 379 4546 est;
407 4473 648 4553 quando
671 4473 913 4553 quidem
941 4482 1212 4535 naturam
1243 4473 1560 4536 humanam
1584 4471 1729 4533 vitio
1765 4490 1904 4551 pro-

261 4564 484 4639 toplasti
513 4563 736 4625 divinis
759 4563 932 4626 bonis
981 4565 1318 4644 spoliatam,
1363 4564 1479 4624 vita
1530 4561 1910 4642 passionibus

263 4649 503 4714 obnoxia
538 4653 804 4734 excepit,
841 4661 899 4714 et
929 4663 1372 4735 consequenter
1413 4653 1591 4714 homo
1623 4671 1657 4714 a
1710 4649 1910 4712 divina

265 4742 457 4817 gratia,
486 4761 624 4824 qua:
647 4744 848 4823 ipsum
875 4744 951 4804 ad
975 4763 1192 4825 supera
1221 4743 1586 4822 subrigehat,
1615 4741 1900 4821 dilapsus,

266 4838 316 4889 et
334 4832 401 4892 ad
428 4842 708 4896 extrema
727 4833 1022 4896 contraria
1061 4835 1185 4912 jam
1211 4851 1474 4914 praeceps
1497 4833 1690 4894 datus.
1725 4831 1901 4892 variis

266 4923 808 4996 perturbationibus
831 4925 1155 5004 expositam
1180 4928 1391 4986 nactus
1413 4931 1501 4984 est
1531 4921 1896 4982 immutatio-

265 5024 416 5071 nem.
447 5009 624 5074 Unde
639 5029 773 5074 cum
791 5031 908 5075 non
942 5011 1128 5091 possit
1161 5012 1234 5072 ad
1268 5028 1450 5071 unum
1471 5009 1691 5088 colligi,
1727 5021 1907 5088 atque

267 5099 430 5160 unius
463 5100 730 5180 pacifica:
758 5099 1000 5163 unionis
1028 5099 1328 5180 particeps
1359 5099 1616 5161 existere
1647 5097 1749 5176 qui
1807 5115 1909 5159 se-

266 5202 388 5247 cum
420 5194 553 5269 ipse
588 5189 867 5268 dissidet,
903 5208 1099 5272 neque
1122 5189 1302 5251 liceat
1331 5205 1564 5250 summe
1614 5187 1913 5248 contraria

267 5274 433 5338 simul
470 5279 858 5361 participare,
891 5281 982 5343 vel
1015 5277 1619 5340 communicationem
1653 5276 1910 5358 aliquam

266 5380 392 5427 cum
422 5386 542 5444 uno
580 5367 851 5442 habenti,
886 5369 1101 5430 divisas
1133 5367 1358 5430 habere
1408 5366 1580 5446 vitas,
1638 5365 1688 5427 si
1739 5366 1914 5427 unius

265 5453 359 5516 Dei
391 5458 672 5520 stabilem
708 5463 977 5540 praeferat
1009 5461 1546 5542 participationem,
1575 5459 1914 5520 necessario

1993 4473 2206 4542 ubique
2227 4482 2281 4529 et
2318 4486 2604 4544 nusquam
2622 4482 2956 4544 praesentem
2980 4474 3241 4534 virtutem
3265 4480 3640 4546 attrahamus,

1991 4559 2122 4633 sed,
2142 4560 2430 4622 utdivinis
2444 4562 3118 4627 commemoratiouibus
3142 4566 3640 4632 iuvocationibus-

1992 4668 2106 4730 que
2127 4669 2236 4711 nos
2269 4650 2430 4730 ipsos
2463 4652 2546 4712 illi
2581 4652 3060 4733 dedamusatque
3091 4657 3640 4721 uniamus.Etenim

1991 4741 2250 4831 essentia
2272 4740 2618 4831 illar‘2,cujus
2641 4741 2844 4804 odoris
2865 4745 3120 4806 suavitas
3143 4756 3404 4808 mentezn
3454 4766 3642 4831 supe-

1987 4838 2102 4910 rat,
2127 4829 2200 4889 ab
2231 4829 2418 4909 igneis
2443 4831 2900 4910 purissimisq’ue
2927 4834 3225 4897 mentibus
3243 4837 3314 4897 ad
3335 4843 3424 4898 sui
3452 4829 3644 4901 mani-

1986 4912 2372 4982 festationem
2401 4938 2507 4999 per
2536 4920 3005 4984 ferventissimas
3062 4927 3361 4988 orationes
3412 4927 3643 4992 invitari

1995 5017 2174 5083 amat,
2205 5009 2732 5090 divinissimasque
2755 5029 2892 5072 suas
2914 5011 3340 5092 inspirationes
3370 5017 3644 5080 luculen-

2001 5099 2244 5160 tissimis
2275 5099 2800 5162 distributionibus
2831 5101 3178 5184 impertitur
3209 5107 3351 5183 illis,
3410 5111 3506 5189 qui
3561 5111 3647 5170 sic

1997 5189 2162 5258 illam
2196 5189 2767 5268 supramundialiter
2795 5190 3144 5258 invitarunt.
3178 5194 3281 5257 Est
3331 5201 3488 5258 enim
3549 5199 3647 5260 lux

1996 5296 2137 5340 vera
2157 5278 2212 5353 3,
2231 5296 2363 5358 quas
2381 5297 2620 5340 omnem
2648 5289 2906 5342 mentem
2929 5285 3136 5366 implet
3159 5285 3384 5347 lumine
3409 5287 3645 5349 intelle-

1998 5368 2248 5448 ctili,om
2263 5387 2394 5429 nem
2421 5379 2616 5430 autem
2644 5371 3035 5448 ignorantiam
3059 5385 3115 5435 et
3143 5394 3405 5436 errorem
3430 5395 3498 5437 ex
3523 5398 3651 5438 om-

1999 5459 2176 5520 nibus
2202 5460 2418 5518 animis
2439 5460 2499 5519 iu
2532 5459 2747 5538 quibus
2772 5472 2880 5538 est,
2919 5463 3102 5541 ejicit,
3132 5474 3188 5525 et
3208 5465 3353 5544 ipsis
3375 5469 3650 5530 omnibus

335 5618 397 5711 28
644 5619 798 5686 hier.
833 5641 966 5711 cap.
999 5621 1368 5711 f2.n99__Crcl.
1402 5621 1557 5686 hier.
1593 5639 1723 5702 cap.
1758 5621 1827 5711 3ἶ
1879 5620 2238 5711 ‘90_Ecclcs.
2271 5620 2436 5686 hiet.
2470 5639 2602 5702 cap.
2637 5622 2696 5685 3.
2780 5623 2798 5664 ι
2843 5623 2932 5685 De
2963 5624 3160 5688 diem.
3197 5642 3391 5708 nom.,
3425 5647 3555 5711 cap.
3591 5631 3647 5698 3.

267 5693 291 5738 ⁵
316 5697 481 5764 Eccl.
520 5698 678 5764 hier.
715 5693 857 5785 cap.
892 5693 954 5766 4.
997 5707 1028 5756 5
1061 5705 1143 5768 De
1166 5704 1364 5768 divin.
1399 5719 1593 5776 ποθι,
1626 5693 1760 5784 cap.
1796 5702 1856 5780 4,
1894 5703 1923 5783 ἕ
1959 5704 2024 5765 4.
