4066 6212
427 303 538 371 103

1573 310 1632 371 8.
1687 309 2096 373 DIONYSIUS
2142 309 2653 374 AREOPAGITA.

3684 306 3794 370 {Oi

417 441 621 505 lumen
649 449 916 504 sanctum
942 441 1564 522 impertit.eorumque
1595 444 1800 505 oculos
1829 452 2060 507 menta-
2083 453 2120 502 A
2146 444 2206 505 in
2227 445 2536 507 animabus
2559 445 2782 506 nostris
2805 443 3038 522 exigant
3061 443 3285 505 habere
3315 443 3425 506 sibi
3457 443 3800 506 conformes

420 532 506 594 les
529 552 559 593 a
585 531 838 608 caligine
873 539 932 593 et
962 531 1298 608 ignorantia
1334 533 1672 594 circunfusa
1701 542 1979 612 repurgat
2009 543 2065 596 et

421 621 653 702 liberat,
689 631 744 683 et
771 622 988 684 excitat
1019 629 1194 702 atque
1223 622 1416 701 aperit
1449 623 1628 684 multa
1651 624 1937 701 gravitate
1971 635 2065 685 te-

419 710 735 774 nebrarum
763 729 1085 791 oppressos
1131 721 1187 773 et
1235 716 1470 774 clausos
1506 734 1518 775 :
1549 714 1768 790 datque
1803 718 2063 792 primum

420 801 658 882 quidem
694 800 1057 863 mediocrem
1091 802 1497 882 splendorem,
1534 804 1752 864 deinde
1785 813 2064 884 tanquam

419 890 1176 970 degustatolumine,oculis
1193 892 1315 971 jam
1343 897 1672 970 magispost
1696 891 2063 972 degustatio-

423 999 559 1042 nem
609 979 802 1040 lucem
850 979 1289 1061 appetentibus,
1357 985 1542 1059 magis
1592 1002 1657 1044 se
1692 985 1970 1064 impertit,
2011 991 2070 1044 et

421 1069 721 1150 copiosius
741 1069 1002 1148 allulget,
1029 1070 1309 1149 quoniam
1335 1070 1676 1133 dilexerunt
1695 1073 1966 1142 multum;
1997 1091 2066 1135 ac

421 1177 545 1220 sem
559 1176 665 1239 per
692 1159 940 1220 ulterius
955 1160 1229 1238 provehit
1253 1167 1640 1240 proportione
1662 1161 1834 1222 studii
1856 1181 2059 1223 eorum

417 1248 491 1310 ad
505 1248 910 1328 aspicieudum
935 1266 1194 1310 sursum.
1219 1249 1450 1310 Etenim
1476 1252 1506 1300 4
1528 1252 1681 1311 sicut
1732 1251 2062 1330 ignorantia

418 1348 688 1400 errantes
719 1337 963 1416 dirimit,
998 1337 1084 1398 sic
1111 1338 1398 1401 adventus
1445 1340 1688 1402 luminis
1739 1349 2058 1420 congregat

421 1437 478 1490 et
508 1427 744 1508 copulat
771 1425 1154 1501 illuminatos,
1217 1429 1567 1507 perﬁcitque
1618 1449 1742 1506 eos,
1780 1440 1837 1492 et
1866 1432 1936 1493 ad
1997 1431 2056 1492 id

2150 552 2255 614 per
2283 536 2581 614 virtutem,
2615 532 3106 612 incorruptibiles
3138 534 3441 611 imagines.
3480 533 3802 596 lncircum-

2146 623 2432 704 scriptum
2462 624 2620 686 enim
2651 624 2791 684 illud
2822 623 3059 684 virtutis
3081 623 3384 684 deiformis
3419 623 3800 684 simulacrum

2147 713 2628 775 riteimitandum
2656 721 2766 780 est,
2801 722 2864 772 ut
2893 713 3178 792 spiritalis
3214 732 3279 773 ac
3313 715 3578 791 fragrans
3604 713 3801 790 ipsum

2147 802 2366 864 referat
2396 802 2799 885 pulchritudo.
2843 821 3096 882 seseque
3129 803 3342 862 formet
3373 813 3429 862 et
3462 802 3697 878 efﬁngat
3726 799 3803 860 ad

2151 893 2609 972 pulcherrimam
2643 892 2772 971 ejus
2801 891 3210 953 imitationem.
3241 891 3315 952 Et
3343 892 3496 952 sicut
3524 891 3582 950 in
3605 889 3807 966 imagi-

2149 980 2325 1042 nibus
2356 981 2697 1056 sensilibus,
2733 980 2782 1041 si
2812 982 3012 1061 picmr
3043 981 3112 1041 ad
3151 983 3489 1058 primaevam
3540 979 3804 1060 speciem

2147 1081 2498 1133 constanter
2517 1071 2804 1140 intendat,
2818 1090 2850 1131 n
2865 1071 2986 1132 ulla
3009 1090 3074 1133 re
3091 1071 3200 1130 alia
3217 1069 3430 1130 visibili
3455 1070 3808 1143 distractus,

2145 1179 2338 1242 neque
2353 1161 2681 1224 secundum
2707 1161 3012 1240 quidpiam
3035 1160 3455 1240 divisus,illum
3477 1161 3672 1238 ipsum
3703 1158 3806 1239 qui

2143 1251 2556 1332 depingendus
2583 1257 2692 1312 est.
2719 1250 2766 1310 si
2806 1251 2884 1310 ita
2914 1251 3119 1311 dicere
3143 1250 3336 1321 liceat,
3365 1247 3807 1329 quodammodo

2140 1341 2480 1419 replicabit,
2505 1348 2681 1420 atque
2703 1341 3016 1421 ipsammet
3050 1339 3358 1401 veritatem
3393 1340 3450 1399 in
3507 1336 3807 1398 similitu-

2139 1429 2302 1504 dine,
2338 1438 2396 1492 et
2443 1432 2821 1510 archetypum
2883 1429 2942 1490 in
2977 1429 3233 1508 imagine
3263 1428 3578 1509 exprimet,
3641 1427 3807 1489 alte-

422 1517 576 1598 quod
605 1534 740 1576 vere
766 1525 852 1576 est
873 1516 1180 1592 convertit,
1207 1538 1237 1576 a
1266 1519 1462 1579 multis
1494 1519 1934 1600 opinationibus
1956 1539 2059 1583 eos
2141 1538 2392 1600 rumque
2425 1520 2485 1581 in
2545 1521 2730 1580 altero
2790 1519 2938 1580 citra
2999 1518 3354 1580 substantia)
3401 1516 3806 1579 differentiam

421 1624 730 1686 revocans,
756 1625 823 1668 ac
844 1607 1037 1668 varios
1059 1617 1357 1687 aspectus,
1383 1609 1493 1683 vel,
1522 1619 1582 1670 ut
1607 1611 1792 1689 magis
1827 1610 2061 1690 proprie
2145 1609 2390 1685 referet;
2423 1609 2510 1670 sic
2543 1607 2801 1687 mysticis
2835 1611 2892 1669 in
2938 1617 3135 1670 mente
3195 1606 3520 1688 pictoribus
3583 1624 3808 1667 suave-

420 1695 801 1770 dicam,varia
823 1696 882 1756 iu
905 1715 1080 1756 uuam
1105 1715 1299 1758 veram
1323 1706 1600 1778 etpuram
1631 1718 1700 1760 ac
1731 1699 2061 1781 simplicem
2088 1733 2126 1783 Β
2149 1699 2364 1760 olentis
2379 1707 2673 1759 etarcauae
2688 1697 3720 1777 pulchritudinisintentaconstansq
3733 1713 3812 1756 ue

422 1785 825 1934 cpguitionem
847 1785 1142 1848 contrahit
1173 1796 1230 1849 et
1258 1805 1377 1849 uno
1411 1788 1634 1850 lumine
1678 1789 1896 1850 unifico
1945 1790 2067 1850 im-

427 1893 460 1934 n
489 1881 566 1934 et.

427 1881 566 1953 plet.

511 1966 691 2026 Porro
725 1965 928 2027 lumen
962 1965 1072 2027 hoc
1105 1966 1387 2028 uuiﬁcum
1421 1968 1745 2048 accipimus
1779 1986 1884 2048 per
1907 1967 2072 2030 Chri-

425 2053 639 2124 stum”,
700 2055 796 2124 qui
857 2065 1092 2126 paterna
1155 2056 1258 2112 tum
1314 2065 1397 2113 est
1453 2073 1596 2122 vera,
1639 2075 1755 2131 qum
1787 2057 2068 2113 illuminat

422 2157 625 2198 omnem
679 2142 942 2199 hominem
989 2145 1280 2201 venientem
1338 2147 1396 2202 in
1427 2147 1569 2203 hunc
1609 2147 1862 2203 mundum
1890 2147 1934 2212 ⁸,
1970 2161 2070 2218 per

428 2251 604 2314 quem
627 2233 700 2293 ad
727 2234 1020 2312 originem
1047 2235 1195 2297 lucis
1221 2237 1454 2298 Patrem
1479 2255 1786 2300 accessum
1817 2235 2072 2298 obtinui-

430 2323 700 2384 mus.Hic
722 2339 806 2386 εει
827 2327 924 2405 qui
959 2325 1176 2386 mentis
1198 2326 1438 2405 quidem
1468 2337 1684 2388 nostra}
1735 2325 2066 2388 obscurita-

431 2422 547 2474 tem
566 2414 592 2462 7
611 2414 783 2476 beato
815 2414 1134 2495 divinoque
1161 2415 1385 2476 lumine
1412 2416 1680 2497 replevit.
1719 2417 2070 2481 deformita-

426 2511 664 2585 temque
685 2513 948 2567 nostram
973 2504 1359 2566 deilormibus
1385 2508 1750 2568 ornamentis
1802 2506 2071 2568 illustra-

428 2595 527 2672 vit,
554 2594 734 2655 auimi
766 2601 962 2658 autem
996 2594 1365 2657 domicilium
1399 2614 1530 2657 cum
1569 2597 1831 2676 perfecta
1881 2597 2069 2660 salute

431 2685 703 2744 essentia;
733 2693 1073 2764 naturaeque
1105 2693 1343 2765 nostra),
1385 2704 1516 2765 quae
1571 2687 1758 2748 ferme
1814 2687 2072 2766 collapsa

429 2781 557 2832 erat
585 2779 645 2834 et
675 2773 1036 2844 conciderat,
1075 2774 1418 2835 fcedissimis
1456 2774 1789 2855 quibusque
1838 2776 2068 2856 passio-

431 2861 608 2922 nibus
638 2863 1303 2943 atqueinquinamentis
1347 2866 1534 2925 noxiis
1568 2865 1861 2944 liberavit,
1901 2884 2068 2926 com-

429 2960 756 3012 monstrata
773 2951 1455 3032 nobissupermuodialis
1477 2971 1753 3032 anagogae
1771 2973 1840 3014 ac
1860 2953 2075 3014 divinae

2153 1789 2574 1870 contemplatio
2632 1788 3000 1850 infallibilem
3038 1789 3202 1851 indet
3233 1791 3607 1866 maximeque
3667 1785 3808 1847 dei-

2153 1879 2402 1940 formem
2445 1877 2958 1956 imaginationem.

2236 1967 2440 2028 Merito
2473 1967 2670 2046 itaque
2698 1967 2926 2046 mystici
2959 1966 3238 2048 pictores,
3273 1965 3512 2044 quando
3539 1973 3810 2028 mentem

2152 2076 2317 2119 suam
2347 2056 2420 2117 ad
2452 2057 3012 2135 superessentialem
3050 2056 3207 2116 illam
3242 2056 3603 2136 fragrantem
3635 2055 3818 2132 spiri-

2152 2148 2449 2226 talemque
2502 2147 3002 2226 pulchritudinem
3064 2154 3406 2208 constanter
3461 2144 3809 2214 elformant.

2154 2237 2374 2298 nullam
2397 2237 2669 2298 virtutem
2698 2255 2901 2298 earum
2927 2255 3057 2317 quae
3082 2238 3151 2297 iis
3174 2237 3399 2310 insunt,
3425 2242 3624 2314 agunt,
3647 2243 3712 2295 ut
3737 2234 3814 2296 ab

2159 2325 2683 2399 hominibus,sicut
2700 2325 2983 2406 scriptum
3010 2333 3120 2400 est,
3145 2325 3593 2398 videantur,sed
3620 2325 3813 2401 quid-

2157 2415 2298 2497 quid
2332 2422 2392 2475 in
2450 2415 2664 2476 virtute
2711 2434 2945 2477 sacrum
2978 2435 3045 2477 ac
3081 2417 3333 2476 maxime
3364 2415 3657 2476 deiforme
3689 2423 3810 2488 est,

2157 2507 2313 2569 intra
2341 2515 2601 2566 mentem
2627 2524 2955 2585 suam,qu:e
2976 2505 3050 2566 ad
3079 2505 3395 2583 imaginem
3430 2512 3487 2566 et
3518 2503 3814 2564 similitu-

2157 2596 2356 2658 dinem
2392 2597 2492 2658 Dei
2525 2595 2676 2656 facta
2707 2605 2816 2668 est,
2879 2593 3275 2656 recondentes
3333 2593 3404 2654 ad
3462 2598 3812 2673 primaevam

2157 2685 2440 2747 duntaxat
2477 2687 2738 2764 speciem
2772 2693 2949 2762 atque
2982 2684 3436 2761 intelligentiam
3469 2683 3809 2747 intuentur.

2157 2774 2362 2856 Neque
2385 2776 2542 2835 enim
2565 2775 2754 2834 solum
2774 2774 3084 2834 dissimilia
3119 2773 3341 2846 vident,
3375 2771 3481 2834 sed
3502 2790 3575 2832 ne
3599 2772 3672 2833 ad
3696 2789 3814 2836 eo-

2157 2884 2286 2926 rum
2313 2864 2553 2946 quidem
2571 2873 2873 2944 aspectum
2901 2863 3347 2944 pertrahuntur.
3375 2861 3810 2936 Quamobrem,

2158 2960 2307 3014 sicut
2333 2972 2437 3015 eos
2469 2952 2661 3026 decet,
2697 2971 2812 3012 non
2847 2971 2914 3013 ea
2944 2971 3074 3032 qua;
3101 2960 3330 3013 temere
3352 2952 3647 3022 videntur,
3701 2953 3815 3014 sed

429 3041 565 3102 vitae
587 3058 935 3121 norma,per
956 3061 1129 3121 quam
1154 3044 1224 3103 ad
1243 3061 1440 3104 sacras
1467 3043 1596 3122 ejus
1623 3042 2070 3118 similitudines,
2094 3037 2133 3087 C
2159 3061 2287 3124 quin
2305 3060 2442 3103 vere
2460 3041 2620 3121 justa
2646 3050 2781 3102 sunt
2802 3059 2870 3102 ac
2891 3040 3067 3109 bona,
3096 3041 3346 3118 diligunt
3375 3059 3387 3102 :
3421 3057 3615 3120 neque
3633 3039 3813 3102 istam

431 3130 626 3210 quoad
659 3131 789 3210 ejus
819 3131 949 3193 fieri
988 3141 1200 3212 potest,
1236 3133 1582 3196 evehamur.
1628 3133 1878 3196 Unicum
1913 3133 2072 3194 enim

433 3221 575 3282 illud
597 3223 714 3282 Bac
744 3220 992 3302 simplex
1024 3240 1425 3302 arcanumque
1455 3224 1591 3285 Iesu
1624 3221 1884 3284 Verbum
1919 3223 2074 3284 divi-

439 3311 745 3372 nissimum
772 3330 878 3391 per
909 3312 1382 3390 assumptionem
1411 3313 1793 3374 humanitatis
1828 3321 2065 3390 nostrte,

432 3399 492 3461 in
517 3401 1008 3480 compositionem
1033 3403 1208 3462 simul
1241 3412 1298 3462 et
1317 3415 1653 3482 aspectum,
1687 3404 1815 3464 sine
1842 3403 1958 3464 ulla
1978 3404 2070 3464 sui

430 3490 980 3572 immutatione,pro
1007 3511 1112 3552 sua
1145 3491 1404 3554 bonitate
1429 3494 1906 3572 benignitateque
1939 3512 2069 3574 pro-

429 3581 636 3662 cessit,
671 3583 979 3658 nostrique
1008 3601 1210 3644 secum
1249 3585 1523 3644 unilicam
1584 3587 2065 3646 communionem

435 3671 704 3732 henelice
748 3674 1194 3751 excogitavit,ea
1217 3693 1345 3754 quae
1368 3675 1424 3734 in
1451 3673 1620 3735 nobis
1643 3673 1890 3735 humilia
1912 3683 2072 3746 sunt,

433 3762 959 3823 diviuiSsimissuis
991 3761 1202 3825 uniens
1229 3765 1692 3838 excellentiismt
1715 3773 1770 3824 et
1797 3783 1904 3824 nos
1934 3762 2071 3843 ipsi,

436 3860 712 3931 tauquam
747 3853 1015 3914 membra
1045 3854 1304 3932 corpori,
1342 3873 1446 3933 per
1477 3854 1743 3933 ejusdem
1782 3856 2070 3914 immacu-

431 3939 566 4001 lata;
595 3960 662 4002 ac
689 3942 903 4003 divinae
934 3944 1061 4003 vitae
1094 3943 1461 4006 identitatem
1517 3961 1938 4019 congruamus,
1998 3959 2074 4002 ne

439 4030 927 4109 corruptibilibos
952 4032 1143 4092 necati
1169 4032 1567 4112 passionibus,
1600 4032 1812 4092 divinis
1834 4033 1961 4091 istis
1991 4050 2078 4092 sa-

431 4119 817 4198 nissimisque
843 4120 1127 4182 membris
1160 4121 1731 4200 incongrui,vitaque
1763 4120 2076 4201 incapaces

433 4213 772 4270 existamus.
1712 4258 1724 4269 .

511 4298 945 4379 Oportetigitur
961 4302 1147 4375 nos,si
1167 4301 1236 4362 ad
1257 4300 1738 4364 communionem
1758 4301 1888 4379 ejus
1911 4299 2072 4379 aSpi-

2159 3138 2433 3212 spectant
2463 3129 2708 3206 gloriam
2742 3149 2878 3210 quae
2909 3130 3037 3190 sine
3096 3129 3324 3190 ratione
3370 3129 3540 3208 vulgo
3590 3130 3816 3209 passim

2157 3220 2325 3281 beata
2341 3218 2826 3299 praedicatumsed
2847 3218 3179 3279 imitatione
3201 3218 3303 3280 Dei
3323 3219 3541 3278 bonum
3561 3217 3819 3278 malum-

2156 3328 2271 3390 que
2301 3325 2406 3390 per
2423 3327 2488 3369 se
2515 3308 2873 3385 judicantes,
2905 3307 3098 3367 divina
3157 3307 3426 3386 quaedam
3487 3305 3814 3368 simulacra

2153 3401 2302 3461 ﬁunt
2336 3398 2503 3458 istius
2525 3397 2856 3476 fragrantize
2885 3395 3121 3465 divinie,
3179 3415 3313 3477 quae
3344 3395 3563 3457 bonum
3615 3395 3677 3456 in
3742 3415 3814 3458 se

2152 3489 2396 3550 odorem
2422 3506 2558 3549 vere
2581 3486 2991 3566 continens,ad
3028 3485 3170 3547 illud
3205 3487 3361 3566 quod
3387 3491 3554 3563 vulgo
3578 3485 3810 3564 passim

2153 3577 2522 3656 inaequaliter
2574 3585 2850 3656 apparet,
2917 3594 3214 3654 nunquam
3277 3576 3678 3655 convertitur,
3743 3576 3812 3635 in

2157 3666 2315 3729 veris
2344 3669 2465 3728 suis
2494 3666 2852 3744 imaginibus
2881 3665 3225 3743 exprimens
3257 3667 3589 3726 veritatem.

2238 3758 2389 3820 Hinc
2421 3757 2544 3818 103i
2570 3775 2732 3817 more
2775 3756 3031 3815 humano
3056 3773 3124 3814 ea
3151 3773 3284 3829 qua;
3314 3773 3494 3834 supra
3526 3772 3633 3814 nos
3664 3763 3814 3814 sunt

2156 3844 3005 3928 accipiamus,etfamiliaribus
3025 3843 3196 3903 nobis
3209 3843 3488 3904 sensibus
3503 3844 3806 3905 inhaerea-

2157 3936 2844 4016 mus,atquedivinacum
2873 3934 3087 3993 nostris
3109 3933 3811 4006 conferamusfalhmur,

2160 4027 2209 4088 si
2230 4026 2556 4087 secundum
2572 4025 2628 4085 id
2646 4023 2797 4104 quod
2815 4023 3034 4084 deforis
3052 4021 3629 4102 apparet,mysticam
3647 4039 3815 4083 arca-

2159 4130 2407 4187 namque
2429 4113 2769 4184 theologiam
2798 4114 3116 4174 metiamur;
3149 4126 3278 4168 cum
3303 4112 3446 4167 scire
3469 4111 3814 4180 debeamus,

2161 4213 2419 4267 mentem
2454 4202 2694 4283 quidem
2725 4212 2990 4264 nostram
3022 4201 3246 4282 pollere
3293 4201 3344 4260 vi
3405 4199 3808 4278 intelligendi,

2158 4314 2272 4376 qua
2294 4313 2391 4356 res
2411 4291 2786 4354 intellectiles
2806 4292 2914 4371 ipsi
2932 4291 3407 4372 proportionatas
3425 4297 3806 4363 contueatur,

377 4409 385 4414 '
428 4377 654 4469 remus,
679 4377 1106 4453 divinissimam
1135 4391 1264 4470 ejus
1292 4390 1350 4452 in
1383 4407 1563 4452 carne
1591 4390 1763 4451 vitam
1791 4377 2069 4451 contem-
2093 4395 2350 4485 Dtamen
2382 4383 2550 4444 istam
2581 4382 2887 4481 unionem,
2923 4399 3037 4481 qua
3067 4379 3246 4485 pebus
3275 4397 3340 4440 se
3398 4377 3810 4485 superioribus

432 4479 784 4561 plari,atque
815 4491 1078 4542 sanctam
1111 4481 1299 4560 ipsius
1338 4480 1795 4561 impeccantiatn
1825 4478 2069 4539 imitan-

430 4568 530 4648 do,
587 4568 661 4630 ad
718 4570 1176 4632 deiformitatem
1238 4580 1298 4633 et
1355 4572 1800 4634 immuculatum
1853 4577 2069 4630 statum

429 4659 818 4723 contendere.
863 4660 986 4724 Hac
1048 4681 1305 4743 namque
1364 4661 1615 4736 ratione,
1672 4671 1844 4742 prout
1903 4659 2072 4719 nobis

430 4751 726 4831 congruit,
759 4751 1210 4815 similitudinem
1243 4771 1409 4816 suam
1436 4750 1920 4814 communicabit.

514 4841 800 4903 Caeterum
828 4844 1086 4924 mysticis
1118 4843 1406 4923 theologis
1437 4841 1769 4904 obvelanda
1792 4849 1879 4903 est
1902 4858 2074 4901 men-

432 4929 510 4994 tis
533 4931 810 4994 sanctitas
831 4945 1012 5013 atque
1039 4933 1360 5012 fragrantia
1377 4933 1432 5008 9,
1475 4952 1608 4994 cum
1634 4931 1915 4992 divinitus
1964 4929 2074 4989 viri

432 5021 622 5082 sancti
647 5021 1120 5104 jubeantur,nou
1137 5025 1209 5086 ad
1227 5041 1432 5086 vanam
1455 5023 1704 5101 gloriam
1719 5033 2076 5101 apparentes

2155 4475 2559 4554 conjungitur,
2583 4481 2848 4532 naturam
2870 4472 3052 4550 ipsius
3072 4471 3245 4546 longe
3266 4470 3807 4547 superare.Secun-

2155 4563 2295 4626 dum
2323 4564 2688 4644 hancitaque
2713 4560 2992 4621 unionem
3020 4559 3216 4620 divina
3242 4559 3342 4619 illa
3394 4557 3636 4638 mystica
3665 4565 3808 4618 sunt

2158 4653 2567 4733 intelligenda,
2607 4670 2722 4712 non
2761 4669 2924 4711 more
2952 4659 3174 4727 nostro,
3213 4647 3318 4708 sed
3354 4654 3645 4728 quatenus
3696 4665 3808 4706 nos

2158 4743 2275 4825 ipsi
2306 4751 2458 4804 totos
2490 4760 2595 4803 nos
2628 4759 2661 4801 a
2686 4738 2858 4800 nobis
2889 4738 3150 4799 totaliter
3179 4736 3549 4810 abdicamus,
3587 4745 3650 4796 et
3699 4735 3805 4796 toti

2161 4835 2484 4897 transimus
2515 4833 2574 4894 in
2602 4831 2813 4903 Deum,
2851 4839 2913 4890 ut
2936 4848 3066 4891 cum
3099 4829 3379 4908 Apostolo
3411 4843 3549 4888 vero
3596 4825 3805 4886 dicere

2159 4928 2474 5010 possimus:
2508 4924 2653 4987 Vivo
2675 4941 2805 5002 ego,
2842 4925 2965 4995 iam
2983 4937 3258 5010 noncgo,
3283 4919 3433 5010 vivit
3452 4935 3594 5010 vero
3624 4917 3688 4979 in
3711 4934 3807 4979 me

2157 5005 2434 5079 Christus
2457 5014 2529 5075 ¹¹.
2564 5012 2704 5084 Quae
2753 5031 2856 5073 vox
2881 5019 2971 5072 est
3006 5009 3128 5070 veri
3168 5007 3450 5069 amatoris
3473 5005 3572 5086 qui
3594 5023 3804 5067 exces-

429 5094 772 5173 arcani'Dei
804 5094 1083 5193 pulchras
1103 5133 1171 5176 ac
1200 5094 1532 5194 fragrantes
1565 5094 1784 5173 habere
1803 5094 2078 5172 similitu-
2158 5115 2314 5168 serat
2345 5123 2377 5165 e
2398 5123 2461 5164 se
2494 5103 2638 5197 Deo,
2665 5113 2722 5162 et
2749 5120 2864 5161 non
2884 5101 3002 5197 jam
3032 5099 3210 5158 vitam
3235 5115 3426 5197 suam,
3453 5095 3566 5197 sed
3598 5094 3804 5197 amati,

431 5203 628 5264 dines.
663 5183 969 5283 Siquidem
1003 5223 1216 5266 arcana
1241 5183 1344 5266 Dei
1371 5205 1613 5283 decora,
1647 5220 1899 5283 quorum
1934 5220 2073 5262 sua-
2150 5205 2427 5275 tanquam
2457 5193 2858 5286 vehement‘er‘
2897 5189 3201 5262 dilectam,
3264 5185 3544 5249 viventis.
3574 5183 3812 5286 ,ltaque

429 5279 960 5355 vitasintellectum
992 5303 1514 5374 superat,prorsus
1535 5279 2069 5367 su'nt'intemerala,
2151 5288 2320 5380 longe
2351 5291 2728 5380 priestatnos
2756 5279 2859 5380 Dei
2893 5296 3030 5380 esse
3065 5296 3241 5378 quam
3272 5279 3624 5380 nostrosisic
3648 5279 3810 5374 enim

432 5383 692 5464 solisque
713 5365 1230 5464 virisspiritalibus
1248 5365 2073 5466 spiritaliterapparent,quod
2150 5374 2349 5437 divina
2371 5371 2542 5433 nobis
2571 5369 2697 5431 dari
2730 5375 3027 5448 poterunt,
3066 5368 3117 5428 si
3145 5384 3280 5428 cum
3333 5368 3455 5428 Deo
3517 5365 3811 5426 fuerimus

513 5544 542 5586 ⁴
573 5549 654 5609 De
686 5547 1072 5622 divin.fnom.
1204 5545 1266 5626 4,
1296 5547 1384 5625 §6.
1417 5547 1449 5595 5
1470 5543 1617 5609 σωι.
1643 5546 1794 5626 ἠλίεικ
1824 5546 2040 5626 cap._t,
2074 5543 2195 5626 θῇς
2225 5536 2258 5585 6
2286 5536 2454 5597 Jean.
2488 5548 2530 5605 ι,
2561 5531 2622 5594 9.
2655 5530 2684 5626 Ξ
2713 5529 2874 5626 Pico}.
2909 5529 3236 5626 [ftegncztp
3257 5531 3342 5626 (ᾗ,
3373 5528 3400 5606 §
3437 5528 3523 5588 tl.
3555 5523 3800 5605 31bid.,

433 5625 462 5705 §
501 5608 593 5692 12.
641 5608 1080 5709 9iEccl."hier.,
1103 5608 1324 5709 ca'p.'4:
1341 5608 1518 5708 parte
1548 5608 1632 5702 tu,
1667 5624 1694 5705 §
1740 5628 1796 5689 l.
1857 5608 1913 5671 “5
1940 5608 2258 5686 υέὶἱίυἱη.
2285 5631 2449 5679 nom.
2481 5630 2614 5692 cap.
2655 5611 2710 5691 7,
2743 5611 2771 5689 §
2805 5610 2860 5671 1.
2926 5609 2969 5652 ¹¹
3005 5609 3132 5672 Gal.
3160 5625 3225 5684 ll,
3257 5608 3356 5672 20.
