4070 6224
472 311 575 380 131

1635 307 1694 376 S.
1742 311 2084 381 DIONYSII
2126 315 2657 383 AREOPAGIT/E.

3727 319 3843 388 132

473 445 1245 529 Joannisvocem,Eratlu:c
1271 463 1444 526 vera;
1476 447 2101 529 namsubjungitzQuze

2192 455 2298 530 ψὴν,
2365 445 2482 514 ἾΗν
2535 459 2593 512 τὸ
2656 465 2766 535 φῶς
2823 461 2886 516 τὸ
2939 457 3212 526 ἀληθινόν·
3273 461 3511 542 ἐπιφέρει
3570 464 3694 542 γάρ’
3756 457 3838 521 ’Ὅ

469 549 744 606 illuminat
773 563 978 603 omnem
1014 545 1268 603 hominem
1315 545 1607 602 venientem
1653 547 1712 604 in
1753 549 1902 608 hunc
1949 568 2110 608 mun-

470 639 618 703 dum
646 650 671 693 !
705 657 838 720 ,per
867 656 1043 718 quam
1062 644 1236 698 etiam
1263 635 1335 698 ad
1363 635 1724 716 principium
1743 638 1891 700 lucis
1914 642 1959 700 8
1993 640 2107 702 Pa-

468 745 621 801 trem
645 752 953 800 accessum
979 733 1353 796 obtinuimus
1380 754 1393 798 :
1417 733 1805 818 principium,
1838 737 2106 820 inquam,

469 835 664 912 lucis;
695 833 783 895 vel
807 832 945 913 quia
979 831 1339 914 principium
1373 839 1432 892 et
1462 850 1640 894 causa
1673 832 1966 897 luminum
1994 845 2107 912 est,

466 933 603 995 Filii
629 931 859 994 scilicet
888 948 956 992 ac
979 928 1234 1010 Spiritus
1259 931 1451 992 sancti
1481 949 1498 1010 ;
1556 932 1637 992 vel
1688 933 1843 1012 quod
1876 934 1950 996 ab
1990 934 2110 996 ini-

471 1032 554 1095 tio
576 1032 670 1093 lux
695 1023 912 1092 existat
944 1045 960 1104 ;
993 1027 1350 1090 nihilautem
1383 1027 1679 1110 principio
1703 1033 2111 1110 superiusest.

468 1131 739 1212 Agedum
779 1127 1296 1208 ergo,invocantes
1320 1127 1664 1202 Dominum,
1698 1130 1767 1191 ad
1801 1129 2109 1194 illumina-

467 1232 661 1294 tiones
708 1227 1150 1310 Scripturarum
1200 1245 1234 1288 a
1284 1225 1559 1290 Patribus
1615 1225 1964 1291 traditarum
2002 1248 2109 1310 pro

464 1331 698 1396 viribus
716 1327 1140 1409 aspiremus,et
1163 1344 1294 1404 quae
1321 1325 1526 1387 abillis
1551 1325 1876 1408 symbolice
1893 1337 1951 1392 et
1972 1349 2111 1393 ana-

466 1431 680 1512 gogice
715 1429 934 1509 (neque
991 1426 1152 1488 enim
1210 1425 1580 1506 naturaliter,
1630 1425 1734 1488 sed
1795 1446 1903 1508 per
1942 1428 2112 1508 signa

448 1527 725 1609 quaedam
757 1543 856 1588 res
879 1523 1158 1587 caelestes
1177 1522 1952 1605 demonstrarunt)traditas
1967 1526 2112 1589 divi-

454 1636 668 1683 narum
694 1614 979 1678 virtutum
1010 1612 1387 1675 hierarchias
1420 1634 1434 1676 :
1501 1631 1648 1694 quas
1677 1616 1856 1678 etiam
1884 1624 2113 1680 mentes

455 1704 816 1790 appellat,ad
847 1703 1037 1765 nostri
1069 1703 1602 1783 diﬂ‘ereutiam,qui
1634 1721 1811 1768 sensu
1837 1705 2109 1784 vivimus;

2191 544 2400 622 φωτίζει
2469 545 2640 602 πάντα
2711 547 2980 626 ἄνθρωπον
3027 547 3357 627 ἐραχόμειον
3431 553 3504 614 εἰς
3575 553 3665 608 τὸν
3741 553 3846 608 ad»

2192 656 2352 708 σμον,
2382 633 2448 689 δι’
2478 638 2536 691 οὗ
2566 637 2654 692 καὶ
2681 635 2778 702 τὴν
2806 638 2937 714 πρὸς
2975 638 3062 694 τὸν
3094 638 3400 718 ἀρχίφωτον
3434 641 3642 719 Πατέρα
3667 663 3847 719 προσ-

2194 721 2396 780 ἐλευσιν
2443 722 2725 799 ἐλάϐομεν·
2787 726 3096 806 ἀρχίφωτον
3154 726 3232 801 δὲ,
3295 729 3328 797 ἢ
3381 732 3455 794 ὡς
3515 741 3695 810 ἀρχὴν
3753 734 3848 788 καὶ

2196 812 2360 869 αἰτίαν
2429 815 2532 869 τῶν
2586 813 2798 892 φώτων,
2850 820 2942 872 τοῦ
3003 819 3122 872 ι’ίοῦ
3183 821 3270 875 καὶ
3329 828 3388 876 οῦ
3445 822 3774 895 Πνεῦματος⁹
3815 823 3848 888 ἢ

2195 900 2286 956 τόν
2319 899 2371 966 ἐξ
2401 901 2576 981 ἀρχῆς
2600 907 2710 979 φῶς
2741 902 2884 960 ὄντα·
2924 903 3071 961 οῦδὲν
3131 903 3188 962 δὲ
3236 913 3336 974 τῆς
3395 909 3574 988 ἀρχῆς
3632 910 3847 966 ἀνώτεο

2197 1011 2308 1066 ρον,
2340 992 2473 1070 Φέρε
2523 994 2648 1068 γοῦν
2700 992 3152 1069 ἐπικαλεσάμενοι
3210 999 3302 1052 τὸν
3349 998 3563 1078 Κῦριον,
3615 999 3701 1055 ἐπὶ
3749 1000 3850 1057 τὰς

2196 1078 2488 1155 ἐλλᾶμψεις
2518 1087 2624 1136 τῶν
2656 1081 3135 1161 πατροπαραδότων
3193 1091 3435 1166 Γραφῶν,
3469 1089 3544 1150 ὡς
3595 1085 3845 1160 δυνατὸν,

2195 1168 2606 1245 ἁνανεύσωμεν,
2681 1171 2770 1226 καὶ
2831 1172 2924 1236 τὰς
2977 1169 3066 1228 ὑπ’
3125 1173 3300 1229 αὒτῶν
3353 1172 3697 1250 συμϐολικῶς
3757 1178 3850 1232 καὶ

2192 1257 2532 1337 ἆνογωγικῶς
2589 1260 2673 1338 (οὗ
2728 1261 2826 1338 γὰρ
2881 1267 3138 1342 φυτικῶς,
3192 1262 3329 1320 ἀλλὰ
3393 1261 3475 1320 διαί
3533 1287 3692 1322 τινων
3744 1286 3850 1331 ση-

2192 1348 2380 1422 μείων,
2439 1350 2504 1404 τὰ
2562 1349 2774 1426 οὐράνια
2832 1348 3046 1428 ἔδειξαν)
3107 1351 3489 1430 παραδοθείσας
3565 1357 3852 1434 ἱεραρχιας

2191 1436 2296 1492 τῶν
2327 1436 2477 1492 θείὼν
2509 1437 2800 1511 δυνάμεων,
2853 1438 2915 1504 ἅς
2947 1439 3034 1494 καί
3088 1441 3210 1502 νόας
3268 1439 3438 1518 λέγει,
3502 1443 3632 1520 πρὸς
3689 1442 3845 1498 ἀντι-

2193 1522 2476 1592 διαστολὴν
2535 1526 2642 1582 τῶν
2691 1527 2926 1594 αἰσθὴσει
2986 1528 3199 1598 ζώντων
3225 1530 3405 1604 ἡμῶν·
3456 1527 3598 1586 οὕτω
3624 1531 3724 1608 γὰρ
3757 1532 3851 1586 καὶ

2197 1603 2422 1676 Ἠσαίας
2454 1615 2545 1672 τὸν
2574 1622 2699 1672 νοῦν
2731 1617 2820 1674 τὸν
2841 1616 3013 1693 μέγαν
3043 1617 3133 1673 τὸν
3184 1603 3483 1694 Ἀσσύριονο
3515 1621 3604 1675 καὶ
3638 1603 3851 1691 πάλιν,

2195 1724 2312 1766 νους
2346 1703 2539 1781 μέγας,
2573 1703 2758 1786 ἅρχων
2792 1703 3129 1785 Βαϐυλῶνος,
3161 1707 3430 1764 τουτέστιν
3489 1710 3517 1764 ὁ
3570 1705 3848 1772 διάϐολος,

455 1815 593 1862 nam
630 1804 688 1860 et
717 1795 803 1856 sic
835 1792 1028 1867 Isaim,
1067 1811 1234 1857 mens
1265 1809 1476 1870 magna
1491 1793 1773 1891 _Assyrius
1808 1818 1824 1871 ;
1881 1803 1941 1857 et
1968 1795 2108 1857 item

2195 1792 2304 1860 Τὴν
2333 1799 2459 1871 γοῦν
2490 1794 2651 1849 θείων
2681 1800 2815 1850 νοῶν
2851 1796 3152 1873 ἱεραρχιαν,
3211 1793 3329 1852 καθ’
3374 1793 3496 1852 ὅσον
3554 1797 3850 1877 ίαχύομεν,

462 1905 635 1950 mens
656 1901 892 1963 magna,
921 1884 1198 1964 princeps
1222 1880 1564 1963 Babylonis,
1603 1882 1662 1946 id
1693 1891 1784 1944 est
1809 1883 2107 1948 diabolus.

456 1973 1108 2054 Divinarum,inquam,
1133 1974 1423 2034 mentium
1454 1971 1890 2049 hierarchiam,
1917 1975 2110 2056 quoad

459 2062 1156 2148 possumusintueamur,
1185 2069 1363 2143 atque
1390 2061 1854 2125 illustrationem
1887 2083 2020 2146 quae
2042 2083 2111 2127 ex

456 2154 582 2219 Deo
607 2163 726 2228 est,
757 2152 890 2214 sine
932 2169 1048 2232 qua
1104 2169 1306 2233 neque
1340 2153 1497 2232 ipsas
1527 2151 1811 2215 caelestes
1839 2153 2111 2236 virtutes,

457 2243 844 2326 nequeDeum
870 2242 1647 2322 nossevalemus,quantum
1680 2241 1771 2305 fas
1793 2243 2114 2326 est,inspi-

461 2335 738 2411 ciamus;
797 2331 1212 2414 principalem,
1269 2331 1536 2413 inquam,
1581 2329 1767 2413 illam,
1802 2339 2009 2413 utpote
2039 2333 2114 2397 ab

459 2423 630 2486 initio
659 2422 1106 2497 existentem,et
1132 2419 1736 2504 superprincipialem
1766 2442 1780 2485 :
1806 2423 1946 2504 quia
1965 2423 2113 2486 nihil

459 2513 662 2577 deDeo
685 2512 828 2575 satis
849 2509 1258 2590 signiﬁcanter
1275 2510 1476 2574 efferri
1500 2520 1696 2592 potest
1709 2511 2002 2593 ,quinimo
2016 2512 2113 2576 hic

459 2602 655 2666 omnis
684 2603 876 2667 oratio
905 2599 1224 2681 omnisque
1253 2600 1528 2680 cogitatio
1551 2601 1774 2677 deﬁcit,
1800 2601 1886 2664 sic
1921 2611 1980 2666 et
2009 2621 2110 2666 es-

458 2693 653 2756 sentia
681 2701 738 2755 et
784 2690 1330 2772 superessentialis,
1364 2709 1475 2752 nec
1506 2707 1624 2753 non
1647 2690 1806 2754 Deus
1840 2699 1899 2754 et
1931 2710 2114 2774 supra

466 2779 854 2845 Deum.Hanc
876 2780 1075 2861 itaque
1103 2778 1726 2861 illustrationem,qua3
1757 2799 1832 2844 ex
1848 2783 1972 2845 Deo
1995 2790 2104 2857 est,

461 2870 885 2953 suscipientes,
917 2888 1050 2951 quae
1077 2870 1431 2948 angelorum
1457 2869 1830 2935 hierarchias
1859 2870 1921 2933 in
1953 2872 2108 2952 ﬁgu-

459 2964 604 3026 ratis
623 2961 908 3045 symbolis
927 2969 987 3024 et
1017 2960 1376 3041 imaginibus
1416 2962 1714 3042 exprimit,
1744 2962 1824 3024 im
1835 2963 2114 3026 materia-

462 3053 625 3116 libus
650 3059 711 3116 et
742 3049 1079 3114 intremulis
1097 3049 1372 3132 oculis,id
1408 3057 1496 3113 est
1531 3051 1662 3113 lixis
1687 3069 1792 3113 seu
1828 3052 2113 3134 tranquil-

2194 1880 2517 1957 κατίδωμεν,
2551 1884 2639 1940 καὶ
2670 1883 2768 1950 τὴν
2799 1881 3124 1962 φωτοδοσίαν
3150 1884 3246 1951 τὴν
3285 1884 3346 1942 ἐκ
3378 1892 3534 1966 Θεοῦ,
3595 1887 3658 1960 ᾗς
3713 1884 3852 1964 διχα

2196 1968 2303 2027 οὐδ’
2361 1970 2521 2033 αὖτὰς
2575 1971 2670 2032 τὰς
2731 1969 3000 2050 οὐρανίους
3058 1969 3323 2048 δυνάμεις,
3378 1973 3455 2049 μὴ
3516 1972 3664 2051 ὅτιγε
3713 1978 3850 2031 Θεὸν

2195 2059 2446 2138 γνωρίσαι
2519 2061 2682 2132 ἐστὶν,
2761 2062 2834 2120 ὡς
2913 2059 3148 2140 ἐφικτὸν,
3211 2062 3680 2136 κατοπτεύοωμεν·
3745 2063 3852 2130 τὴν

2196 2147 2451 2229 ἆρχικῆν,
2485 2149 2559 2214 ὡς
2593 2148 2847 2229 ἂπαρχῆς
2879 2151 3036 2206 οὖσαν
3066 2151 3155 2206 καὶ
3183 2149 3532 2231 ὑπεραρχιοψ
3569 2151 3652 2208 ὅτι
3701 2151 3856 2210 οῦδὲν

2197 2236 2284 2294 ἐπὶ
2345 2244 2477 2294 Θεοῦ
2527 2238 2720 2302 ἱκανῶς
2775 2238 2899 2320 ἔχει
2959 2243 3058 2305 τῆς
3109 2241 3401 2315 σημασίας,
3436 2239 3571 2297 ἀλλὰ
3603 2239 3690 2298 καί
3740 2247 3850 2305 πᾶς

2197 2326 2384 2407 λόγος,
2417 2328 2504 2384 καὶ
2531 2333 2678 2385 πᾶσα
2703 2327 2878 2386 ἔννοια
2908 2329 3197 2404 ἡττῶνται,
3233 2328 3373 2387 οὕτω
3413 2333 3501 2387 καὶ
3554 2331 3702 2388 οὐσία
3759 2333 3854 2388 καὶ

2196 2419 2528 2496 ὑπεροιίσιος,
2590 2419 2680 2474 καὶ
2729 2420 2860 2483 Θεὸς
2912 2420 3001 2475 καὶ
3057 2419 3326 2498 ὑπέρθεος,
3383 2422 3588 2487 Ταύτην
3630 2419 3719 2478 οὗν
3749 2421 3852 2489 τὴν

2195 2506 2256 2564 ἐκ
2286 2515 2418 2566 Θεοῦ
2449 2507 2793 2587 φωτοχυσίαν
2822 2505 3120 2588 δεξάμενοι,
3172 2508 3208 2575 ἣ
3257 2509 3352 2571 τὰς
3407 2511 3685 2589 ίεραρχίας
3739 2517 3850 2568 τῶν

2195 2595 2436 2674 ἀγγέλων
2498 2595 2552 2652 ἐν
2613 2609 2938 2660 τυπωτικοτς
2993 2594 3281 2672 συμϐόλοις
3333 2599 3421 2654 καὶ
3479 2598 3850 2674 εἰκονίσμασιν

2195 2685 2451 2766 ἐκφαίνει,
2506 2683 2676 2750 ἐῦλοις
2734 2687 2822 2742 καὶ
2879 2685 3162 2765 ὰτρεμέσιν
3222 2685 3545 2766 ὀφθαλμοῖς,
3593 2687 3628 2755 ἢ
3688 2690 3849 2746 οἱονεὶ

2195 2773 2434 2853 στεῤῥοῐς
2467 2773 2503 2842 ἢ
2543 2775 2708 2842 ἡσκαὶ
2735 2775 2886 2855 ύχοις
2917 2773 3120 2854 (χαίρει
3150 2776 3250 2853 γὰρ
3280 2777 3340 2831 τὸ
3375 2783 3533 2832 Θεϊον
3587 2781 3654 2852 τῇ
3711 2778 3849 2845 imu-

2195 2864 2318 2944 χίᾳ,
2348 2863 2422 2927 ὡς
2453 2869 2530 2938 τῷ
2559 2861 2714 2942 ὄχλῳ
2743 2865 2778 2932 ἡ
2811 2864 3016 2920 ἐναντία
3069 2861 3305 2940 δύναμις)
3356 2863 3517 2922 πάλιν
3573 2863 3626 2931 ἐξ
3683 2867 3849 2934 αὐτῆς

2195 2958 2295 3020 τῆς
2320 2949 2670 3030 φωτοδοσίας,
2747 2951 2838 3009 ἐπὶ
2881 2953 2979 3020 τὴ)
3036 2952 3178 3009 Θείαν
3219 2953 3579 3029 ἀνυψωθῶμεν
3619 2957 3841 3034 ἀκτῖνα,

2196 3042 2333 3100 κατὰ
2387 3042 2486 3109 τὴν
2546 3039 2598 3107 ἐξ
2656 3041 2836 3121 ἀρχῆς
2892 3040 3159 3116 ὑπόθεσιν,
3204 3043 3270 3109 ἢν
3330 3042 3610 3122 ἐλέγομεν,
3669 3044 3752 3100 ὅτι
3796 3045 3847 3110 ἐξ

461 3141 540 3204 lis
561 3141 743 3222 (amat
777 3139 936 3202 enim
969 3137 1128 3202 Deus
1185 3130 1695 3220 tranquillitatem,
1743 3139 1902 3202 sicut
1934 3130 2108 3204 virtus

2199 3135 2356 3192 αὐτοῦ
2410 3131 2472 3188 τὸ
2515 3130 2737 3210 ἀγαθὸν,
2789 3132 2874 3188 καί
2935 3133 3005 3196 εἷς
3055 3133 3235 3206 αὐτὸν,
3300 3133 3388 3189 καὶ
3431 3134 3841 3210 ἐνοποιηθῶμεν

463 3229 764 3294 contraria
780 3227 1474 3305 turbationem),rursum
1499 3247 1568 3291 ex
1585 3228 1842 3311 ipsamet
1857 3229 2114 3292 illustra-

465 3321 634 3384 tione
665 3319 739 3381 ad
762 3318 1029 3381 divinum
1044 3318 1278 3380 radium
1305 3317 1835 3400 intueamurjuxta
1858 3320 2112 3400 primam

463 3407 935 3490 propositionem
988 3425 1167 3488 quam
1212 3407 1506 3471 fecimus:
1573 3409 1824 3482 Qoniam
1882 3409 2110 3490 exipso

463 3499 685 3561 bonum
717 3503 778 3560 et
799 3497 860 3558 in
885 3497 1108 3578 ipsum;
1136 3506 1312 3578 atque
1332 3495 1416 3559 ita
1439 3497 1497 3559 in
1526 3496 2115 3579 divinasimplicitate

459 3588 842 3651 uniticemur.
877 3585 1084 3669 Neque
1106 3586 1265 3651 enim
1288 3586 1443 3667 ipse,
1468 3587 1610 3649 dum
1637 3586 1700 3649 in
1722 3586 2114 3670 suscipienti-

460 3677 572 3741 bus
593 3676 1056 3760 multiplicatur,
1084 3695 1118 3739 a
1145 3677 1387 3760 propria
1417 3677 1520 3740 illa
1537 3695 1645 3740 sua
1665 3677 1843 3741 unica
1874 3678 2111 3760 simpli-

457 3766 966 3847 ciqueintimitate
979 3774 1156 3849 atque
1167 3766 1566 3830 occultatione
1581 3767 2114 3850 deﬁcit(siquidem

461 3858 742 3923 omnibus
755 3858 1052 3922 extraneis
1065 3857 1402 3937 incognitus
1415 3858 1838 3935 exsistit),dum
1852 3875 1993 3922 vero
2009 3875 2114 3939 pro

459 3965 668 4011 eorum
701 3946 806 4024 qui
829 3946 1201 4023 providentia
1228 3955 1519 4026 reguntur
1539 3955 1713 4029 captu
1732 3964 1840 4026 per
1868 3946 2108 4010 bonita-

2197 3220 2251 3278 ἐν
2276 3225 2345 3298 τῇ
2373 3220 2485 3294 θείᾳ
2531 3217 2820 3287 ἁπλότητι.
2887 3211 3025 3278 "Ott
3079 3217 3188 3276 οὔδ’
3251 3223 3384 3290 αὖτή
3442 3220 3840 3300 ποικιλλομένη

2195 3310 2326 3387 πρὸς
2357 3309 2423 3369 τὰ
2474 3306 2848 3389 ὑποδεχόμενοι
2903 3307 3166 3375 ἐξίσταται
3227 3315 3325 3376 τῆς
3374 3309 3505 3375 ἰδίας
3543 3311 3725 3378 ἐνικῆς
3766 3323 3848 3378 ιιαὶ

2196 3398 2374 3465 ἁπλῆς
2427 3398 2678 3466 ἐνότητος
2727 3400 2815 3456 καὶ
2846 3400 3196 3480 κρυριότητος
3222 3401 3368 3475 (πᾶσι
3401 3401 3500 3482 γὰρ
3526 3414 3644 3468 τοῖς
3704 3401 3841 3467 ἕξω-

2194 3493 2280 3546 θεν
2311 3489 2473 3562 αῦτῇς
2496 3484 2767 3566 ἄγνωστος
2795 3487 2957 3569 ἐστι),
3019 3487 3394 3564 πληθυνομένη
3455 3489 3510 3546 δέ
3566 3493 3655 3548 καὶ
3712 3513 3845 3549 ποι-

2195 3576 2492 3654 κιλλομένη
2523 3579 2651 3657 πρὸς
2681 3578 2782 3646 τὴν
2823 3583 2927 3634 τῶν
2975 3578 3378 3658 προνοουμένων
3435 3579 3721 3649 συνάφειαν
3770 3579 3844 3637 δι’

2197 3668 2521 3746 ἆγαθὸτητα,
2553 3666 2699 3744 μένει
2732 3666 2892 3725 πάλιν
2921 3665 3066 3725 ἔνδον
3094 3668 3287 3736 ἑαυτῆς
3343 3670 3554 3748 παγίως
3610 3669 3666 3726 ἐν
3721 3669 3844 3727 ἀκι-

2197 3760 2344 3833 νήτῳ
2401 3758 2708 3831 ταυτότητι,
2763 3761 2864 3815 καὶ
2937 3757 3058 3822 τούς
3132 3756 3220 3815 ἐπ’
3271 3760 3436 3826 αττὴν
3494 3759 3845 3823 ἀνανεύοντας

2197 3848 2458 3928 ἑνοποιετ,
2517 3847 2706 3916 ταυτὴ⁶
2760 3845 3015 3924 μένουσα·
3077 3846 3258 3927 ὥσπερ
3312 3849 3373 3904 τὸ
3419 3850 3554 3930 φῶς,
3617 3853 3844 3929 φωτίζον

2198 3937 2424 4018 ἀθρόως,
2483 3939 2594 4001 φῶς
2662 3938 2726 3994 τὸ
2782 3936 2910 3997 αὒτὸ
2971 3936 3141 4014 μένει,
3189 3937 3327 3994 κατὰ
3376 3939 3475 4006 τὴν
3523 3936 3843 4007 ἁπλωτικὴν

459 4044 582 4098 tem
603 4034 1031 4116 multiplicatur
1050 4054 1119 4098 ac
1129 4025 1694 4116 variegatur,denuo
1713 4025 1868 4098 intra
1881 4045 2108 4101 semet-

2192 4029 2356 4095 αὐτῆς
2402 4027 2492 4085 καὶ
2538 4027 2782 4084 ἑνοποιὸν
2811 4025 2998 4083 ἕνωσιν
3026 4029 3115 4082 καὶ
3144 4027 3472 4102 ταυτότητα,
3523 4028 3613 4084 καί
3658 4027 3844 4108 ἐνάγει

458 4125 654 4207 ipsum
676 4113 1010 4188 ﬁrmiterin
1042 4113 1334 4187 immobili
1356 4113 1674 4188 identitate
1701 4132 2108 4207 manet,atque

2192 4118 2310 4184 τούς
2338 4113 2772 4196 ὑποδεχομένους
2806 4115 3080 4195 ἀναλόγως
3112 4117 3318 4189 αὖτοῖς,
3356 4117 3471 4173 καθ’
3521 4115 3645 4174 ὅσον
3676 4118 3844 4174 σπεύ-

459 4203 523 4276 in
552 4215 746 4297 ipsum
779 4214 1085 4278 intuentes
1141 4214 1410 4295 uniticat,
1466 4214 1628 4276 idem
1679 4213 1740 4276 in
1773 4233 1838 4277 se
1869 4203 2108 4296 perma-

2192 4205 2362 4282 δουσι,
2423 4206 2672 4264 τοσοῦτον
2732 4207 2818 4263 καί
2865 4205 3281 4285 φωτιζομένους.
3335 4205 3478 4270 Τέως
3531 4203 3585 4262 δὲ
3622 4206 3840 4287 σκόπει,

458 4293 632 4387 nens;
667 4323 791 4368 non
819 4322 994 4367 secus
1022 4323 1093 4368 ac
1124 4293 1501 4386 lumen,dum
1533 4293 2108 4368 luculentervillumi-

2195 4297 2276 4354 ὅτι
2339 4298 2374 4366 ἡ
2441 4295 2538 4372 μὲν
2605 4296 2879 4361 ἀνάνευαις
2949 4295 3207 4373 ἡμετέραν
3274 4297 3308 4364 ἡ
3341 4293 3388 4351 δ’
3460 4296 3713 4359 ἆνάτασις
3749 4299 3842 4353 καὶ

460 4385 737 4463 nat.idem
754 4393 933 4456 etiam
948 4394 1009 4455 in
1021 4412 1085 4457 se
1097 4385 1715 4456 remanetsecundum
1732 4393 2108 4476 simplilicam

2194 4387 2462 4462 ἆνύψωσις
2512 4385 2574 4443 ἐκ
2633 4393 2786 4448 Θεοῦ.
2843 4386 2901 4443 Εἰ
2964 4388 3040 4460 μὴ
3095 4385 3195 4463 γὰρ
3229 4387 3382 4460 ἡμεῖς
3418 4390 3525 4441 τῶν
3567 4386 3842 4449 κοσμικῶν

458 4502 627 4547 suam
663 4493 724 4547 et
747 4483 1029 4546 uniticam
1059 4484 1342 4546 unionem
1393 4471 1906 4565 identitatemque,
1941 4492 2001 4546 et
2042 4502 2107 4546 se

2192 4476 2588 4553 ἆνανεύσωμεν,
2669 4483 2780 4539 πῶς
2831 4477 2866 4542 ἡ
2952 4474 3225 4565 ἀδέψωσις
3309 4477 3397 4532 καὶ
3468 4477 3496 4532 ὁ
3563 4477 3840 4559 φωτισμὺς

458 4573 853 4657 excipientes,
875 4592 981 4655 pro
998 4574 1289 4656 cujusque
1311 4573 1578 4654 captu,in
1609 4579 1897 4654 quantum
1928 4591 2107 4636 acce-

457 4665 629 4740 dunt,
659 4663 924 4726 illustres
952 4663 1174 4727 reddit.
1233 4660 1346 4727 Ubi
1398 4663 1672 4742 observa,
1704 4671 1770 4726 ut
1797 4663 2107 4745 suspicere

457 4753 701 4835 quidem
734 4761 1036 4836 nostrum,
1067 4750 1175 4816 sed
1224 4751 1541 4816 illustratio
1593 4760 1654 4815 et
1684 4751 1934 4816 elevatio
1965 4753 2046 4817 sit
2073 4772 2108 4816 a

454 4842 602 4906 Deo.
629 4841 756 4905 Nisi
778 4842 940 4906 enim
966 4863 1000 4904 e
1045 4841 1229 4906 rebus
1254 4841 1639 4906 saecularibus
1671 4842 2104 4906 emerserimus

455 4931 1043 5012 suspexerimusque,
1065 4930 1668 5008 quomodo9elevatio
1703 4938 1762 4993 et
1780 4929 2104 4994 illustratio

457 5020 630 5084 nobis
653 5018 1116 5100 obtingat?juxta
1143 5019 1318 5100 illud,
1351 5019 1579 5083 Levavi
1599 5019 1798 5084 oculos
1835 5037 1994 5084 meos
2035 5025 2103 5083 in

456 5108 880 5191 montes,unde
905 5111 1098 5174 veniet
1116 5109 1429 5173 aumatium
1455 5109 1606 5172 mihi
1638 5107 1894 5190 *.Neque
1911 5110 2098 5186 enim,

454 5199 808 5282 inquit,tieri
834 5207 1027 5280 potest
1056 5207 1124 5261 ut
1159 5198 1395 5263 divinus
1417 5198 1516 5263 ille
1546 5199 1751 5262 radius
1771 5197 1944 5264 nobis
1965 5199 2103 5262 illu-

456 5288 731 5367 ceat,nisi
748 5287 1104 5371 quibusdam
1128 5307 1329 5352 rerum
1351 5288 1524 5352 nobis
1540 5287 1924 5352 familiarium
1945 5289 2102 5352 vela-

454 5379 673 5443 mentis
697 5378 878 5443 fuerit
921 5378 1224 5444 obvelatus
1254 5379 1422 5460 (nam
1466 5379 1846 5443 intolerabile
1893 5379 2099 5443 lumen

453 5469 588 5550 ejus
606 5487 676 5532 ac
689 5469 965 5532 virtutem
989 5469 1123 5552 quis
1143 5467 1462 5532 sustinebit
1482 5468 1522 5530 ?l
1538 5519 1553 5544 ,
1582 5477 1641 5532 et
1680 5488 1752 5532 ex
1774 5466 1960 5531 rebus
1983 5488 2096 5532 no-

454 5558 871 5641 stratibus,Dei
900 5559 1238 5641 prudentia,
1265 5560 1728 5623 connaturaliter
1744 5577 1815 5622 ac
1847 5559 2088 5640 proprie

533 5683 561 5729 ι
587 5673 761 5740 Joan.
790 5691 832 5755 1,
856 5673 918 5741 9.
997 5685 1019 5717 ³
1047 5675 1204 5740 Psal.
1237 5690 1373 5758 cxx,
1422 5675 1482 5740 l.

2190 4566 2614 4644 ἐπιγενήσεται;
2664 4566 2802 4622 κατὰ
2859 4568 2942 4623 τὸ·
3009 4559 3150 4644 Ἦρα
3197 4566 3319 4630 τοὺς
3383 4563 3683 4644 ὀφθαλμοὺς
3735 4587 3842 4641 μου

2187 4656 2260 4718 εἷς
2292 4656 2358 4712 τὰ
2386 4655 2511 4734 ὄρη,
2543 4653 2685 4730 ὅθεν,
2726 4653 2834 4722 ἥξει
2865 4657 2899 4724 ἡ
2933 4656 3150 4732 βοήθειά
3181 4676 3304 4729 μου,
3344 4656 3441 4713 Καὶ
3489 4655 3613 4734 γὰρ.
3650 4655 3835 4736 φησὶν,

2186 4743 2303 4802 οῦδὲ
2333 4742 2547 4802 δυνατὸν
2601 4743 2776 4810 ἄλλως
2828 4743 3134 4822 ἐπιλάμψαι
3189 4745 3287 4812 τὴν
3343 4743 3485 4801 Θείαν
3512 4743 3731 4824 ἀκτῖνα,
3795 4747 3841 4800 εί

2187 4834 2266 4911 μὴ
2321 4831 2373 4900 ἐξ
2402 4837 2476 4890 ὧν
2536 4835 2921 4911 ωνὲιθίσμεθα,
2985 4837 3076 4892 καὶ
3130 4834 3209 4910 μὴ
3267 4831 3353 4890 δια
3375 4855 3536 4891 τινων
3588 4839 3840 4914 παραπε-

2187 4924 2470 5001 τασμάτων
2498 4923 3031 5004 περικεκαλυμμένην
3083 4923 3166 5004 (τὸ
3205 4924 3304 5004 γὰρ
3354 4921 3608 4980 ἅστεκτον
3663 4925 3834 4990 αὐτῆς

2185 5019 2281 5076 τοῦ
2334 5019 2510 5099 φωτὸς
2577 5019 2666 5076 καὶ
2704 5018 2802 5087 τῆς
2837 5016 3132 5092 δυνάμεως,
3166 5017 3244 5082 τίς
3275 5015 3632 5083 ὅποστιίσεται
3667 5021 3708 5093 ;)
3751 5018 3841 5074 καὶ

2187 5107 2247 5165 ἐκ
2288 5114 2395 5165 τῶν
2425 5107 2720 5188 ἡμετέρων,
2761 5107 2978 5185 προνοίᾳ
3009 5114 3142 5166 Θεοῦ
3199 5112 3448 5187 συμφυῶς
3507 5107 3596 5163 καὶ
3628 5107 3837 5172 οἰκείως

2185 5210 2309 5262 ταῖς
2340 5196 2623 5277 ἡμετέραις
2649 5199 2922 5269 αἰσθήσεσι
2976 5195 3446 5272 διεσκευασμένην
3497 5193 3585 5252 ὅτε
3636 5193 3840 5262 δηλον-

2183 5288 2265 5346 ότι
2344 5293 2673 5364 σωματιπῶς
2751 5288 2814 5345 τὰ
2863 5287 3124 5362 ἀσώματα
3213 5285 3466 5366 λέγομεν,
3527 5285 3645 5343 οἷον
3703 5283 3836 5360 μὲλϊ

2181 5377 2480 5455 ἂνθρῶπινα
2538 5376 2626 5434 ἐπὶ
2685 5382 2835 5453 θεοῦ,
2893 5377 2980 5434 καὶ
3024 5377 3242 5452 θυμοὺς,
3297 5377 3386 5431 καὶ
3453 5373 3669 5448 ὕπνους,
3744 5375 3835 5431 καὶ

2179 5467 2245 5524 τὰ
2299 5465 2671 5545 παραπλήσιω
2726 5473 2891 5524 ταῦτα
2930 5467 3030 5545 γάρ
3083 5463 3195 5522 ἐστι
3231 5467 3294 5521 τὰ
3341 5464 3831 5544 παραπετάσματα.

2179 5555 2326 5613 Ἐπεὶ
2359 5555 2448 5613 οῦν
2477 5569 2595 5621 τοῖς
2657 5557 2932 5625 αἰσθητοῖς
2989 5555 3054 5610 τὰ
3104 5554 3233 5634 ὑπὲρ
3265 5553 3522 5622 αἴσθησιν
3581 5551 3836 5610 ἐντυποῦ-
