4060 6214
509 248 622 330 139

1651 262 1713 326 s.
1762 249 2100 329 DIONYSII
2162 250 2694 330 AREOPAGIT/E.

3758 255 3865 336 140

497 399 807 464 vilioribus
835 397 1271 480 materiis,quas
1302 395 1376 460 ad
1410 395 1845 462 absurditatem
1875 407 1935 460 et
1962 414 2138 480 spur-

2227 399 2570 472 ὁμοιότητες.
2630 398 2783 458 Ἀλλ’
2815 402 2849 469 ἡ
2891 401 2951 451 47
2998 405 3093 477 τῇς
3123 399 3372 468 ἀληθείας
3423 403 3497 466 ὡς
3540 405 3724 482 οἶμαι,
3767 409 3862 477 ζή-

497 491 728 568 citiam,
761 508 828 552 ac
847 489 1188 570 passionem
1218 486 1615 568 provocando,
1653 506 1759 567 per
1780 489 1977 552 omnia
2007 488 2135 549 dis-

495 579 727 642 similes
746 579 797 658 ej
811 576 1550 640 uscemodielucidautium
1579 577 1952 659 eloquiorum
1977 576 2136 640 simi-

496 669 782 733 litudines
806 667 1178 729 describunt.
1215 665 1500 729 Veritatis
1532 667 1844 748 tamen,uti
1873 668 2133 740 reor,in-

496 759 730 839 dagatio
813 757 1190 820 demonstrat
1246 756 1708 818 sacratissimam
1762 757 2130 838 eloquiorum

495 846 878 927 sapientiam,
905 846 966 906 in
996 845 1326 910 caelestium
1362 846 1759 909 emt-tionibus
1788 846 2130 927 intelligen-

497 937 736 1012 tiarum,
763 943 1080 1017 utrumque
1105 936 1450 998 luculentur
1481 935 1836 1017 providisse,
1859 946 2134 1015 utneque

495 1031 739 1089 virtutes
760 1025 980 1088 divinae
1009 1025 1095 1106 (ut
1121 1026 1202 1088 ita
1222 1027 1354 1107 quis
1384 1024 1617 1098 dixerit)
1649 1025 2137 1088 contumeliosius

495 1122 960 1178 extenuarentur
993 1134 1010 1195 ;
1045 1134 1242 1196 neque
1275 1133 1383 1177 nos
1407 1115 1574 1177 humi
1602 1114 1953 1196 repentibus
1977 1114 2132 1176 ima-

494 1208 696 1286 ginum
725 1205 1050 1266 vilitatibus
1080 1204 1352 1267 tenacius
1404 1204 1807 1284 aﬂigeremur.
1841 1205 2132 1269 Caeterum

494 1315 603 1358 cur
656 1295 868 1358 merito
920 1295 1105 1374 ﬁgura
1157 1293 1507 1358 carentibus
1538 1295 1741 1374 ﬁgurae
1771 1343 1787 1372 ,
1821 1302 1881 1356 et
1912 1293 2138 1372 eﬁigies

495 1384 834 1462 inefﬁgiatis
852 1383 1035 1445 rebus
1064 1382 1341 1447 obductae
1369 1383 1740 1459 fuerint,non
1764 1384 1956 1446 solum
1989 1403 2137 1446 cau-

494 1493 620 1536 sam
641 1473 1006 1554 dixeritquis
1027 1490 1160 1536 esse
1180 1480 1445 1536 nostram
1471 1471 1971 1553 imbecillitatem,
2005 1489 2138 1556 qua:

496 1564 704 1644 nequit
729 1563 1071 1626 immediate
1109 1561 1482 1644 spiritalibus
1509 1561 1828 1626 intendere
1872 1572 2138 1626 contem-

494 1652 1233 1734 plationibus,indigetque
1248 1652 1600 1733 propriisiac
1625 1651 2138 1736 connaturalibus,

2220 509 2375 556 τησις
2433 488 2766 545 ἀποδείκνυσι
2839 491 2938 557 τὴν
2997 496 3104 546 τῶν
3176 489 3370 569 λογίων
3421 494 3712 569 ἱερωτάτην
3779 518 3862 553 σο-

2220 582 2366 658 φίαν,
2424 582 2477 635 ὲν
2508 593 2632 641 ταῖς
2687 587 2793 635 τῶν
2847 579 3100 658 οὐρανίων
3157 579 3293 635 νόων
3338 581 3697 660 μορφώσεσιν,
3741 584 3866 641 ἑκα-

2218 667 2371 746 τέρου
2427 667 2624 744 κομιδῇ
2670 670 3065 746 προνοήσασαν,
3101 670 3173 732 ὡς
3235 671 3374 744 μήτε
3421 671 3494 733 εἰς
3555 672 3646 736 τὰς
3703 675 3858 748 θείας,

2219 759 2291 820 ὡς
2324 756 2386 812 ἂν
2423 759 2550 838 φαίη
2595 779 2702 830 τις,
2753 756 3008 836 ἐξυϐρίσαι
3066 756 3333 837 δυνάμεις,
3388 761 3524 833 μήτε
3584 761 3692 835 μὴν
3722 765 3856 836 ἡμᾶς

2219 849 2291 909 εἷς
2323 847 2416 910 τάς
2465 846 2837 927 χαμαιζήλους
2888 847 3139 923 ἐμπαθῶς
3171 846 3480 925 ὲμπαγηναι
3512 855 3620 904 τῶν
3649 851 3860 908 εἰκόνιον

2217 937 2627 1004 ταπεινότητας.
2686 935 2826 995 "Ou
2883 936 2982 1010 μὲν
3037 938 3136 1015 γὰρ
3193 938 3412 1000 εἰκότως
3473 937 3858 1016 προϐέϐληνται

2218 1031 2324 1082 τῶν
2385 1025 2675 1084 ἀτυπώτων
2731 1027 2778 1083 οἱ
2847 1026 3021 1100 τύποι,
3098 1027 3184 1082 καὶ
3265 1026 3330 1082 τὰ
3415 1029 3678 1107 σχήματα
3760 1034 3863 1086 τῶν

2218 1113 2641 1195 ἀσχηματίστων
2673 1163 2691 1195 ,
2765 1117 2825 1174 οὐ
2885 1116 3056 1190 μόνην
3117 1113 3286 1171 αἰτίαν
3336 1116 3466 1196 φαίη
3521 1139 3597 1178 τις
3658 1119 3718 1174 ἃν
3771 1121 3864 1177 εἶ-

2217 1227 2302 1260 ναι
2363 1205 2463 1274 τήν
2531 1203 2649 1262 καθ’
2717 1205 2864 1279 ἡμᾶς
2939 1203 3226 1282 ἀναλογίαν
3311 1203 3665 1264 ἀδυνατοῦσαν
3725 1208 3866 1283 ἀμέ-

2220 1316 2329 1359 σως
2385 1294 2470 1351 ἐπὶ
2510 1294 2605 1359 τάς
2659 1294 2856 1361 νοητάς
2909 1292 3269 1350 ἀνατείνεσθαι
3327 1297 3568 1374 Θεωρίας,
3616 1299 3702 1354 χαὶ
3743 1296 3865 1354 δεο-

2221 1384 2390 1456 μένην
2429 1383 2634 1441 οἰκείων
2693 1383 2779 1440 καὶ
2838 1384 3090 1462 ωμφυῶν
3146 1382 3462 1462 ἀναγωγιῶν
3515 1385 3597 1460 48,
3655 1389 3715 1442 αἳ
3767 1390 3862 1451 τὰς

2219 1474 2441 1551 ὶφικτάς
2499 1474 2637 1548 ἡμῖν
2720 1471 3022 1553 μορφώσεις
3107 1474 3434 1550 προτείνουσι
3493 1481 3598 1532 τῶν
3686 1477 3866 1555 ἀμορ-

2221 1563 2412 1644 φώτων
2443 1562 2531 1618 καί
2558 1562 2832 1641 ὑπερφδῶν
2880 1561 3159 1638 ϐεαμὶτων
3194 1561 3274 1612 49-
3311 1561 3432 1618 ἀλλ’
3463 1564 3543 1620 ὅτι
3575 1566 3662 1621 καὶ
3709 1569 3867 1622 τοῦτο

2221 1653 2345 1716 τοῖς
2406 1664 2688 1727 μυστικοῖς
2742 1650 2941 1729 λογίοις
3009 1651 3121 1708 ἐστὶ
3183 1649 3650 1730 πρεπωδέστατον,
3703 1657 3761 1710 τὸ
3800 1653 3865 1710 δι’

497 1743 715 1822 quibus
765 1742 1051 1821 erigatur,
1081 1741 1462 1804 adminiculis
1510 1759 1615 1805 seu
1647 1741 1974 1822 anagogiis,
2007 1759 2138 1825 quae

2226 1743 2535 1821 ἀπορρήτων
2607 1742 2694 1798 καὶ
2775 1741 2931 1819 ἱερῶν
3011 1741 3335 1818 αἰνιγμάτων
3419 1742 3864 1821 ἀποκρύπτεσθαι,

495 1839 857 1912 perceptasa
883 1830 1054 1893 nobis
1083 1831 1310 1910 efﬁgies
1331 1830 1669 1911 inefﬁgiatis
1697 1849 1767 1893 ac
1789 1841 2139 1912 supernatu-

495 1921 720 1983 ralibus
744 1921 1106 2002 spectaculis
1124 1920 1517 2002 praetendant;
1555 1920 1662 1984 sed
1693 1920 1851 2003 quod
1884 1920 1997 1984 hoc
2021 1941 2142 2004 my-

499 2012 663 2073 sticis
688 2011 863 2074 etiam
900 2010 1156 2073 oraculis
1190 2009 1280 2072 vel
1311 2010 1574 2072 maxime
1602 2011 1936 2086 conveniat,
1968 2015 2138 2074 una

498 2101 900 2163 ineﬁ‘abilibus
931 2109 989 2164 et
1023 2100 1210 2162 sacris
1254 2100 1666 2180 aenigmatibus
1693 2101 2046 2184 recondant,
2081 2111 2140 2166 et

495 2193 862 2253 inaccessam
908 2190 1081 2269 vulgo
1114 2190 1478 2252 constituant
1505 2207 1731 2252 sacram
1759 2189 1920 2252 illam
1953 2200 2012 2254 et
2032 2208 2134 2254 ar-

497 2299 704 2343 canam
719 2281 1334 2360 supermundanarum
1353 2280 1641 2341 mentium
1658 2279 1968 2341 veritatem
1981 2279 2140 2355 .Qui-

498 2370 643 2433 libet
666 2370 826 2433 enim
855 2388 974 2432 non
997 2377 1088 2432 est
1108 2379 1577 2450 sanctus,neque
1598 2369 1958 2451 omnium,ut
1987 2370 2140 2436 Ora-

498 2461 634 2523 cula
666 2459 1237 2535 testantur,scientia
1265 2470 1359 2522 est
1385 2459 1413 2502 ιι
1445 2501 1462 2519 .
1495 2461 1680 2520 Porro
1709 2459 1760 2519 si
1796 2459 1928 2539 quis
1957 2460 2139 2525 abso-

2221 1835 2309 1892 καὶ
2368 1829 2562 1889 ἄϐατον
2641 1842 2762 1894 τοῖς
2845 1828 3071 1897 πολλοῖς
3144 1830 3340 1887 τιθέναι
3398 1854 3500 1899 την
3559 1834 3702 1908 ἱερὰν
3782 1837 3870 1890 καὶ

2219 1923 2439 2002 χρυσοίαν
2499 1925 2606 1977 τῶν
2653 1919 3020 1994 ὑπτριιοσμίων
3075 1919 3210 1976 νόων
3242 1918 3517 1991 ἀλήθειαν.
3550 1921 3732 1984 "Eam
3764 1925 3868 2002 γὰρ

2220 2012 2280 2070 οὗ
2328 2018 2432 2074 πᾶς
2493 2010 2655 2089 ιερὸε,
2714 2007 2830 2066 οὐδὲ
2890 2008 3124 2088 πάντων,
3186 2009 3258 2070 ὡς
3317 2011 3384 2065 τὰ
3426 2009 3580 2088 λόγιά
3610 2035 3800 2092 φησιν,
3835 2016 3867 2081 ἡ

2221 2102 2440 2180 γνῶσις.
2531 2100 2588 2156 Εἰ
2645 2099 2699 2154 δὲ
2783 2099 2877 2157 τὰς
2953 2097 3386 2178 ἀπεμφαινούσας
3470 2101 3869 2180 είγονογραφίας

2217 2189 2507 2251 αίτιάτοιτό
2559 2211 2662 2261 τις,
2697 2185 2948 2244 αἰδεῖσθαι
2998 2185 3168 2264 λέγων
3221 2187 3517 2246 ἀνατιθέναι
3571 2192 3636 2246 τὰ
3694 2191 3868 2256 οὕτως

2219 2283 2416 2360 αἰσχρά
2473 2279 2809 2358 μαρφώματα
2883 2289 3006 2339 ταῖς
3074 2276 3326 2333 θεοειδέσι
3394 2279 3481 2335 καὶ
3540 2280 3868 2358 ἀγιωτὶταις

2219 2370 2655 2444 διακοσμήσεσιν
2689 2365 2910 2445 ἀπόχρη
2955 2365 3083 2437 πρὸς
3145 2363 3302 2420 αὒτὸν
3331 2366 3527 2439 εἰπεῖν,
3562 2370 3633 2429 ὡς
3689 2366 3869 2428 διττὸς

2222 2462 2332 2519 ἐστι
2364 2465 2460 2524 τῆς
2523 2459 2666 2534 ἱερᾶς
2709 2454 3051 2534 ὲκφαντορίας
3097 2453 3124 2509 ὃ
3157 2453 3374 2532 τρόπός.

495 2568 604 2610 nas
636 2550 1030 2628 efﬁgiationes
1059 2548 1790 2630 improbarit,pudendum
1821 2565 2121 2634 asserens,
2169 2561 2289 2616 tam
2340 2545 2534 2629 turpia
2565 2542 3497 2634 deiformibussanctissimisque
3530 2544 3878 2608 adornatio-

498 2638 679 2700 nibus
709 2639 993 2718 afﬁngere
1020 2638 1365 2720 simulacra,
1395 2637 1543 2702 satis
1591 2637 1670 2700 sit
1699 2635 1784 2699 illi
1814 2631 2182 2720 reposuisse,
2216 2639 2514 2722 duplicem
2553 2651 2687 2697 esse
2720 2650 2905 2696 sacra).
2932 2631 3091 2696 illius
3124 2634 3382 2712 mysticae
3432 2636 3872 2698 manifestatio-

496 2730 591 2789 nis
610 2727 877 2791 modum.

2088 2836 2119 2918 ς
2161 2833 2260 2902 ill.

576 2995 771 3063 Unum
795 2997 1062 3080 quidem,
1095 2994 1221 3078 qui,
1255 3003 1319 3059 ut
1356 3012 1464 3078 par
1488 3000 1607 3078 est,
1640 3011 1748 3075 per
1777 2994 2007 3060 similes
2035 3014 2136 3060 sa-
2155 3008 2197 3059 c

499 3106 734 3151 orarum
759 3089 1078 3169 ﬁgurarum
1100 3086 1391 3166 imagines
1407 3085 1954 3167 procedit;alterum
1972 3105 2137 3168 vero,

498 3183 598 3258 qui
632 3196 738 3258 per
768 3178 1091 3240 dissimiles
1123 3176 1561 3239 etformationes
1620 3174 1694 3236 ad
1734 3175 2140 3238 omnimodam

498 3266 1050 3330 dissimilitudinem
1074 3276 1132 3328 et
1149 3265 1610 3345 discrepantiam
1628 3265 2143 3344 efﬁngitur.Deni-

498 3375 615 3434 que
639 3357 1036 3418 venerandam
1062 3354 1582 3436 superessenlialis
1605 3353 1852 3416 Deitatis
1883 3354 2139 3418 beatitu-

501 3445 1161 3525 dinem,elucidantium
1181 3444 1560 3525 eloquiorum
1589 3443 1849 3524 mysticae
1881 3444 2142 3507 traditio-

499 3553 607 3596 nes
625 3534 941 3615 aliquando
965 3534 1206 3616 quidem
1262 3543 1327 3595 ut
1375 3532 1638 3596 Verbum
1671 3542 1732 3594 et
1761 3541 2049 3607 mentem,
2083 3541 2140 3597 et

498 3623 887 3686 substantiam
910 3623 1638 3704 laudant,convenientem
1669 3623 1794 3686 Deo
1827 3623 2138 3686 rationali-

497 3721 675 3777 tatem
702 3721 879 3794 atque
908 3714 1256 3795 sapientiam
1283 3711 1415 3792 ejus
1441 3712 1845 3789 declarantes;
1881 3731 2138 3794 necnon

499 3803 896 3866 essentialiter
927 3812 1227 3866 essentem
1253 3802 1747 3876 exsistentiam,et
1767 3820 1966 3865 rerum
1988 3804 2141 3866 exsi-

499 3893 734 3952 stentize
766 3910 1003 3954 causam
1039 3909 1269 3972 veram,
1301 3899 1480 3972 atque
1534 3891 1718 3953 instar
1769 3891 1920 3954 lucis
1948 3892 2136 3972 ipsam

500 3980 876 4060 eilingunt,et
911 3982 1083 4042 vitam
1114 3980 1375 4063 apellant
1405 4001 1418 4038 :
1481 3980 1820 4060 cujusmodi
1852 3981 2140 4060 ﬁgmenta

500 4088 701 4146 sacra;
735 4089 868 4132 cum
902 4071 1144 4152 quidem
1178 4069 1364 4148 magis
1385 4087 1647 4148 congrua
1677 4070 1815 4145 sint,
1853 4072 2138 4133 materia-

2303 2988 2361 3058 Ὀ
2391 2997 2514 3073 μὲν,
2544 2994 2617 3058 ὡς
2669 2993 2832 3068 εἰκὸς,
2862 2990 2947 3049 διά
2988 2994 3095 3050 τῶν
3153 2992 3348 3069 ὁμοίων
3398 2993 3601 3073 προῖὼν
3653 2996 3871 3074 ἱεροτό-

2221 3114 2338 3151 πων
2380 3087 2618 3147 εἶκόνων’
2673 3087 2701 3142 ὁ
2747 3084 2800 3140 δὲ
2831 3083 2916 3142 διὰ
2966 3086 3368 3161 τῶν.ἀνομοίων
3421 3089 3765 3168 μορφοποιῶν
3793 3111 3872 3154 τις

2221 3183 2285 3239 τὸ
2341 3175 2614 3242 παντελῶς
2670 3172 2736 3227 50
2761 3174 3011 3242 ἀπεοικὸς
3063 3175 3150 3234 καί
3179 3175 3517 3256 ἀπεμφατνον
3546 3175 3870 3254 πλαττόμε-

2224 3292 2333 3336 νος.
2369 3266 2586 3343 Ἀμέλει
2633 3265 2720 3321 καὶ
2778 3264 2878 3332 τὴν
2917 3263 3208 3340 σεϐασμίαν
3237 3267 3334 3332 τῆς
3368 3266 3672 3342 ὕπερουσίου
3700 3270 3873 3346 Θεαρ-

2222 3359 2350 3440 χίας
2372 3355 2743 3434 μακαριότητα
2767 3358 2870 3410 τών
2920 3355 3316 3433 ἔκφαντορικῶν
3344 3353 3539 3430 λογίων
3585 3357 3637 3411 αἱ
3667 3379 3872 3431 μυστι-

2221 3450 2309 3506 καὶ
2365 3444 2680 3525 παραδόσεις
2751 3442 2878 3499 ποτε
2931 3443 3028 3518 μὲν
3083 3445 3158 3506 ὡς
3206 3443 3378 3521 Λόγον
3447 3447 3535 3500 καὶ
3593 3451 3714 3502 νοῦν
3783 3447 3877 3502 καὶ

2223 3538 2400 3596 οὐσίαν
2428 3537 2681 3612 ὑμνοῦσι,
2723 3531 2824 3599 τὴν
2871 3535 3138 3611 θεοπρεπῆ
3187 3530 3482 3610 λογιότητα
3531 3535 3618 3590 καὶ
3675 3537 3874 3614 σοφίαν

2219 3629 2383 3703 αὐτῇς
2426 3622 2703 3697 δηλοῦσαι,
2763 3621 2853 3678 καί
2907 3619 3070 3685 ὅντως
3124 3623 3282 3677 οὖσαν
3319 3619 3560 3701 ὕπαρξιν,
3619 3625 3706 3679 καὶ
3772 3623 3877 3691 τῆς

2219 3721 2325 3774 τῶν
2355 3713 2520 3772 ὄντων
2547 3710 2817 3791 ὑπάρξεως
2847 3710 3015 3768 αἰτίαν
3044 3708 3326 3785 ἀληθινὴν,
3372 3713 3459 3768 καὶ
3503 3710 3588 3763 50‘
3617 3713 3691 3777 ὡς
3751 3719 3878 3793 φῶς

2221 3804 2380 3874 αὖτῆν
2420 3799 2836 3874 ἀναπλάττουσι,
2895 3801 2982 3856 καὶ
3010 3800 3155 3872 ζωὴν
3211 3799 3562 3860 ἀποκαλοῦσιο
3597 3807 3702 3857 τῶν
3743 3823 3879 3858 τοι-

2220 3894 2389 3952 ούτων
2415 3893 2570 3968 τερῶν
2627 3887 3060 3964 ἀναπλασμάτων
3119 3889 3450 3967 σεμνοτέρων
3499 3891 3596 3965 μὲν
3667 3887 3874 3966 ὄντων,

2218 3986 2307 4042 καὶ
2355 3987 2460 4038 τῶν
2519 3977 2797 4060 προσύλων
2854 3977 3181 4059 μορφώσεων
3229 3979 3570 4058 δπερκεϊσθαί
3614 4001 3732 4042 πως
3766 3979 3877 4037 δο-

2219 4073 2477 4145 κούντωδ,
2504 4067 2835 4127 ἀποδεόντων
2879 4067 2933 4124 δὲ
2974 4069 3063 4125 καὶ
3094 4066 3234 4125 οὕτω
3281 4073 3378 4137 τῆς
3409 4072 3701 4150 θεαρχιιιῇς
3733 4073 3879 4149 πρὸς

499 4158 781 4241 libusque
804 4160 1008 4238 ﬁguris
1039 4159 1403 4222 antecellere
1433 4158 1871 4240 quodammodo
1892 4160 2139 4222 videan-

2222 4161 2474 4231 ἀλήθειαν
2505 4158 2805 4241 ἐμφερείας·
2861 4156 2969 4224 ’έςτι
3019 4157 3118 4237 γὰρ
3160 4158 3290 4237 ὑπὲρ
3334 4164 3507 4217 πᾶσαν
3561 4159 3742 4216 οὐσίαν
3774 4163 3878 4218 καὶ

501 4256 622 4325 tur,
655 4258 917 4312 attamen
949 4249 1212 4312 velutsic
1239 4249 1414 4312 etiam
1445 4267 1480 4310 a
1506 4248 1716 4312 divinas
1735 4248 2139 4312 similitudinis

2223 4253 2387 4322 ζωήν,
2450 4247 2658 4312 οὒδενὸς
2707 4248 2805 4324 μὲν
2864 4247 3028 4315 αὐτὴν
3103 4250 3275 4327 φωτὸς
3345 4249 3879 4327 χαρακτηρίζοντος,

498 4339 744 4401 veritate
776 4338 1386 4420 deﬁciunt;siquidem
1409 4337 1643 4400 excedit
1667 4356 1907 4400 omnem
1924 4356 2139 4402 essen-

2223 4341 2421 4403 παντὸς
2451 4338 2505 4396 δὲ
2537 4338 2698 4415 λόγου
2723 4337 2809 4395 καὶ
2869 4343 2958 4395 νοῧ
3012 4336 3111 4404 τῆς
3145 4336 3462 4412 ὁμοιότητος
3494 4341 3655 4404 αὐτῆς
3685 4337 3880 4415 ἀσυγ-

497 4429 637 4490 tiam
671 4435 729 4491 et
759 4431 1159 4510 vitam,neque
1183 4428 1370 4508 ipsam
1394 4428 1514 4490 ulla
1534 4427 1629 4488 lux
1671 4427 1974 4508 exprimit,
2007 4446 2139 4491 om-

2223 4432 2415 4508 κρίτως
2467 4424 2928 4501 ἀπολειπομένων.
3010 4426 3148 4483 Ποτὲ
3205 4427 3262 4481 τὲ
3327 4439 3449 4490 ταῖς
3503 4426 3776 4502 ἀνομοίοις
3815 4427 3876 4470 εί

498 4518 710 4599 nisque
732 4519 880 4580 ratio
903 4539 970 4580 ac
989 4520 1104 4580 vita
1133 4518 1205 4579 ab
1239 4517 1370 4598 ejus
1399 4517 1796 4580 similitudine
1826 4518 2139 4598 incompa-

2222 4518 2590 4597 ἱκφαντορίαις
2650 4516 2752 4571 ὑπὸ
2821 4521 2930 4572 τῶν
3008 4515 3180 4572 αὒτῶν
3237 4514 3432 4594 λογίων
3495 4518 3883 4594 ὑπερκοσμίως

497 4607 1546 4688 rabiliterdesciscit.Nonnunquam
1582 4625 1719 4668 vero
1749 4605 2139 4668 dissimilibus

2224 4609 2494 4683 ὑμνεῖται,
2529 4607 2752 4683 ἀόρατον
2800 4603 2988 4684 αὒττῖν,
3020 4607 3108 4660 καὶ
3153 4604 3393 4684 ἄπειρον,
3456 4605 3542 4660 καὶ
3572 4605 3886 4684 ἀχώρητον

500 4696 973 4754 elucidationibus
996 4698 1066 4754 ab
1097 4695 1301 4753 iisdem
1324 4697 1567 4767 eloquiis
1597 4695 2139 4767 supermundialiter

2225 4696 2657 4769 ἀποκαλούντων,
2706 4696 2793 4751 καὶ
2836 4695 2903 4753 τά
2964 4693 3015 4759 ἐξ
3043 4696 3141 4773 ὼν,
3199 4695 3258 4751 οὐ
3317 4698 3365 4750 τί
3422 4695 3587 4773 ἐστιν,
3621 4694 3760 4750 ἀλλὰ
3825 4699 3892 4752 τί

501 4783 1007 4860 celebratur,dum
1041 4786 1199 4848 illam
1234 4785 1598 4847 invisibilem
1630 4785 1680 4866 ι,
1714 4794 1772 4847 et
1792 4785 2139 4847 inﬁnitamIIII

2222 4789 2317 4843 οὒκ
2347 4785 2476 4862 ἔστί,
2532 4784 2870 4860 σημαίνεται.
2903 4793 3067 4842 Τοῦτο
3128 4786 3250 4864 γὰρ,
3311 4786 3382 4850 ὡς
3427 4788 3603 4859 οἶμαι,
3641 4786 3728 4841 καὶ
3759 4808 3886 4844 κυ-

501 4883 560 4936 et
589 4874 1252 4954 incomprehensibilem
1283 4884 1312 4916 ιι
1347 4874 1668 4955 appellant,
1705 4883 1764 4937 et
1819 4893 1889 4936 ex
1920 4873 2139 4956 quibus

2222 4875 2469 4956 ριώτερόν
2545 4873 2686 4930 ἐστιν
2735 4869 2821 4928 ἐπ’
2879 4875 3087 4940 αὗτῆς’
3151 4873 3405 4953 ἐπείπερ,
3455 4875 3530 4937 ὣς
3576 4874 3609 4941 ἡ
3673 4876 3893 4954 κρυφία

501 4982 620 5025 non
646 4963 787 5044 quid
819 4965 1042 5046 est,sed
1073 4965 1213 5047 quid
1244 4983 1364 5028 non
1403 4973 1493 5028 est
1515 4965 1905 5044 signiﬁcatur.
1937 4966 2136 5045 Atque

2222 4966 2371 5033 καὶὴ
2421 4963 2661 5045 ἱερατιχὴ
2733 4960 3024 5040 παράδοσις
3088 4963 3431 5043 ὑφηγήσατο,
3489 4963 3552 5019 τὸ
3610 4962 3710 5039 μὶν
3769 4966 3893 5022 οὐκ

585 5127 613 5170 ιι
642 5126 667 5188 I
695 5127 833 5190 Cor.
865 5140 989 5205 Vlll,
1033 5127 1088 5189 Ἰ.
1123 5128 1184 5192 1I
1213 5127 1366 5193 Tim.
1398 5143 1479 5207 τι,
1515 5123 1613 5189 16.
1645 5133 1688 5162 δι
1713 5123 1870 5191 Psal.
1905 5140 2098 5204 (πων,
2135 5147 2139 5188 τ

2222 5167 2234 5190 .
2269 5138 2298 5172 ιι
2328 5123 2498 5190 Rom.
2537 5139 2624 5204 xx,
2657 5121 2758 5190 33.

1815 5287 2072 5353 VARUE
2114 5285 2552 5354 LEGTIONES.

583 5450 644 5501 ιτ
676 5450 806 5533 lege
835 5452 896 5513 in
927 5451 1274 5514 nominandi
1306 5469 1466 5533 casu,
1501 5468 1795 5533 consensu
1845 5452 2278 5533 exemplarium
2305 5451 2363 5533 ᾖ.
2400 5451 2461 5501 48
2505 5449 2614 5512 Ch.
2643 5447 2801 5533 etD.
2830 5451 3151 5533 ἀναγωγῶν,
3197 5448 3260 5533 {9
3287 5453 3393 5506 τῶν
3425 5449 3666 5533 ἀξόνων.
3695 5445 3909 5533 ⁵0]).

505 5531 786 5614 παντελές.
819 5533 904 5584 50'
937 5533 1235 5614 Praeponit
1261 5532 1510 5614 Budaeus
1540 5533 1669 5590 ποτὲ
1698 5531 1775 5612 δέ,
1822 5533 1980 5607 quod
2016 5528 2165 5598 nulli
2216 5531 2453 5596 codices
2482 5539 2584 5594 aut
2614 5530 2715 5592 alii
2745 5532 3105 5610 interpretes
3138 5528 3385 5595 habent.
3445 5530 3504 5582 δι
3542 5529 3610 5592 D.
3649 5536 3709 5587 et
3752 5529 3910 5595 Ch.

507 5612 735 5673 addunt
803 5616 913 5692 καὶ,
949 5612 1222 5688 εἰσί-ποτὶ
1264 5612 1319 5670 δὲ
1355 5614 1441 5670 καὶ
1469 5625 1590 5675 ταῖς
1623 5613 1707 5671 ἀν.
