4066 6212
411 345 522 413 155

1626 348 1686 414 s.
1732 323 2071 415 DIONYSII
2113 352 2643 418 amomum/az.

3677 353 3792 420 156

488 482 642 565 §Ill.
680 479 844 557 Quod
876 481 923 546 si
952 500 1090 547 vero
1114 483 1248 565 quis
1275 480 1838 566 admiseritquidem
1868 485 2043 548 talem

2207 487 2236 568 §
2275 499 2364 553 lll.
2427 490 2484 548 Ei
2512 487 2566 546 δὲ
2600 512 2676 557 τις
2722 488 2942 572 δέχοιτο
2974 491 3070 565 μὲν
3115 490 3215 559 τὴν
3248 491 3497 560 τοιαότην
3560 489 3646 550 διὰ
3676 498 3786 550 τῶν

414 598 521 660 per
539 597 637 641 res
658 578 907 641 seusiles
939 595 1141 639 rerum
1164 575 1525 656 spiritalium
1558 578 2056 658 comprehensio-

409 689 570 750 nem,
606 669 711 731 sed
766 666 1067 747 improbet
1091 666 1379 729 duntaxat
1401 667 1692 729 absurdas
1723 667 2059 730 istiusmodi

408 761 727 823 formarum
792 758 1321 832 ﬁctiones,diceus,
1359 758 1702 839 pudendum
1759 777 1891 821 esse
1941 768 2055 821 tam

411 859 616 930 turpes
637 850 816 911 rebus
837 847 1230 910 deiformibus
1247 849 1462 927 ﬁguras
1483 849 1945 920 accommodari;
1971 847 2057 909 illi

347 1019 352 1022 _
409 940 632 1004 dictum
675 937 933 999 sufﬁciat
976 936 1281 1017 duplicem
1311 956 1444 1000 esse
1477 937 2060 1000 manifestandimo-

412 1028 833 1100 dum,alterum
856 1026 1095 1106 quidem
1117 1045 1187 1088 ex
1206 1026 1528 1100 similibus,
1562 1028 1814 1090 alterum
1834 1045 1972 1089 vero
1992 1044 2062 1088 ex

411 1117 797 1180 dissimilibus
849 1117 1054 1178 formis
1104 1117 1389 1180 efﬁctum.
1447 1118 1562 1180 Ubi
1615 1117 1867 1180 observa
1930 1117 2058 1196 pri-

413 1207 748 1288 mum,quid
768 1207 841 1268 de
859 1209 981 1271 Deo
1010 1207 1272 1288 mysticae
1291 1206 1741 1287 Scripturarum
1789 1207 2063 1269 traditio-

413 1297 883 1360 nesenuntient:
921 1297 1280 1377 quandoque
1302 1297 1543 1377 quidem
1570 1315 1638 1357 ex
1654 1295 1969 1376 similibus,
2003 1303 2066 1357 ut

408 1387 655 1448 verbum
681 1406 750 1450 ac
776 1386 1231 1466 mentem.juxta
1253 1386 1425 1450 illud:
1457 1386 1608 1462 Quis
1629 1393 1800 1451 novit
1821 1404 2065 1449 sensum

416 1479 543 1558 (seu
567 1480 857 1555 mentem)
874 1478 1119 1540 Domini
1137 1485 1160 1516 °
1187 1483 1216 1542 ‘I
1247 1485 1304 1539 et
1336 1478 1676 1558 essentiam,
1705 1477 1870 1557 juxta
1887 1476 2060 1539 illud:

418 1568 548 1650 Ego
581 1587 712 1631 sum
761 1568 868 1648 qui
914 1586 1047 1629 sum
1074 1567 1100 1610 α
1132 1585 1147 1629 ;
1210 1568 1401 1646 ipsam
1445 1567 1822 1646 sapientiam,
1858 1575 1916 1628 et
1946 1584 2066 1627 non

415 1657 765 1740 simpliciter
782 1657 1429 1735 ratiocinationem,sed
1452 1657 1638 1734 ipsam
1659 1656 2067 1719 ratiocinatio-

415 1767 552 1810 nem
596 1748 934 1830 praadicant,
965 1766 1104 1810 vere
1143 1747 1526 1810 exsistentem
1559 1747 1902 1822 essentiam,
1925 1765 2069 1808 cau-

2139 580 2404 646 αἰσθητῶν
2437 579 2656 638 εἰκόνων
2703 586 2810 637 τῶν
2841 589 3046 649 νοητῶν
3098 582 3431 658 κατάληψιν,
3470 583 3783 640 αἰτιάσαιτο

2139 665 2194 724 δέ
2247 668 2408 742 μόνον
2465 672 2560 734 τὰς
2619 671 2847 735 ἀτόπους
2877 673 3305 752 εἷκονογραφίας,
3365 671 3541 750 λέγων
3573 675 3648 736 εἰς
3691 675 3785 729 αὶ-

2139 760 2346 839 σχόνην
2377 760 2520 818 εἶναι
2552 762 2617 818 τὰ
2647 759 2814 828 οὕτως
2859 764 3058 842 αἰσχρὰ
3079 761 3420 838 είκονίσματα
3453 767 3571 826 τοῖς
3614 767 3792 820 θεοει-

2142 847 2279 906 δὲσιν
2333 849 2677 907 ἀνατιθέναι⁶
2744 852 2902 931 ἀρκεῖ
2991 852 3166 908 εἰπεῖν
3252 853 3384 930 πρὸς
3472 852 3652 931 αὑτὸν,
3717 853 3794 914 ὡς

2142 935 2313 1002 διττος
2345 938 2454 996 ἐστι
2487 945 2582 1006 τῆς
2642 940 2985 1020 ἔκφαντορίας
3016 943 3044 998 ὁ
3101 941 3317 1017 τρόπος⁶
3382 943 3410 997 ὁ
3443 942 3543 1017 μὲν
3592 944 3656 997 ἔκ
3686 947 3794 997 τῶν

2143 1029 2364 1110 ὁμοίων,
2389 1031 2417 1085 ὁ
2447 1027 2500 1084 δὲ
2531 1026 2613 1085 διά
2645 1032 2752 1087 τῶν
2781 1031 3048 1102 ἀνομοίων
3106 1030 3483 1110 μορφωμᾶτων
3543 1030 3793 1087 πλαττό-

2143 1140 2326 1193 μενος.
2399 1120 2503 1179 Καὶ
2574 1117 2656 1175 ἴδε
2717 1127 2924 1196 πρῶτον
2977 1121 3065 1177 inti
3138 1127 3292 1195 Θεοῦ,
3325 1120 3376 1176 τί
3423 1118 3674 1198 λέγουσιν
3728 1120 3792 1176 αἶ

2143 1209 2390 1280 μυστικαὶ
2446 1215 2553 1265 τῶν
2601 1216 2821 1288 Γραφῶν
2877 1209 3220 1290 παραδόσεις·
3276 1209 3406 1266 ποτὶ
3457 1211 3556 1284 μὲν
3587 1209 3648 1267 ἑκ
3680 1215 3789 1266 τῶν

2145 1298 2368 1372 ὁμοίων,
2440 1297 2603 1377 λόγον
2675 1301 2762 1357 καὶ
2811 1307 2930 1357 νοῦν
2976 1301 3113 1357 κατά
3165 1301 3251 1378 τὸ,
3339 1309 3430 1363 Τις
3484 1298 3622 1377 ἔγνω
3667 1306 3792 1356 νοῦν

2145 1387 2360 1464 Κυρίουε
2393 1389 2484 1445 καὶ
2527 1389 2731 1464 οὖσίαν,
2791 1392 2929 1448 κατά
2976 1391 3060 1464 τὸ,
3110 1387 3254 1469 Ἐγώ
3297 1391 3405 1463 εἶμι
3450 1390 3479 1446 ὃ
3527 1387 3622 1446 ὥν·
3685 1389 3790 1456 τὴν

2148 1478 2485 1558 αὑτοσοφίαν,
2519 1480 2606 1536 καὶ
2635 1480 2740 1560 οὑχ
2771 1479 2957 1545 ἀπλῶς
2987 1479 3280 1557 λογιότητα
3313 1477 3431 1536 ἀλλ’
3466 1477 3791 1556 αὑτολογιὸ-

2149 1587 2285 1631 τητα
2327 1568 2606 1643 ὑμνοῦσαι,
2625 1570 2724 1636 τὴν
2747 1567 2912 1632 ὅντως
2935 1568 3157 1648 ὕπαρξιν
3178 1568 3337 1625 οὖσαν
3364 1569 3451 1625 καὶ
3478 1568 3650 1625 αἰτίαν
3684 1570 3791 1634 τῆς

2150 1656 2255 1712 τῶν
2287 1655 2464 1712 ἄλλων
2507 1660 2720 1715 πάντων
2749 1659 3042 1738 ὑπάρξεως,
3077 1660 3168 1716 καὶ
3215 1665 3327 1737 φῶς
3372 1659 3458 1714 καὶ
3501 1657 3668 1730 ζωὴν,
3717 1658 3793 1717 ὼς

2152 1758 2267 1810 τοῖς
2296 1747 2459 1824 ἱεροῖς
2495 1747 2864 1825 Εὑαγγελίοιςο
2903 1754 3003 1804 τῶν
3036 1748 3290 1804 τοιούτων
3320 1747 3569 1804 ἁπάντων
3594 1745 3798 1819 ὀνομά-

415 1857 662 1916 samque
678 1838 1008 1901 existentiaa
1029 1855 1229 1899 rerum
1253 1845 1621 1910 casterarum,
1661 1845 1719 1898 et
1760 1836 1979 1913 lucem,
2012 1844 2060 1898 et

2153 1858 2260 1890 των
2281 1836 2611 1916 σεμνοτέρων
2643 1837 2812 1894 ὅντων
2840 1839 2926 1894 καὶ
2982 1837 3376 1916 ὑπερκειμένων
3431 1842 3539 1893 τῶν
3566 1835 3792 1912 ὑλικῶν,

414 1928 686 2003 vitam,ut
705 1929 764 1990 in
779 1927 967 1990 sacris
1006 1925 1343 2004 Evangeliis
1369 1927 1790 2004 habetur;quae
1818 1924 2060 1986 nomina

2151 1926 2194 1980 si
2225 1927 2312 1981 καὶ
2343 1924 2483 1982 οὕτω
2512 1925 2672 1983 πάλιν
2705 1929 2839 2005 πρὸς
2884 1927 2982 1994 τὴν
3025 1925 3282 1994 ἀληθινὴν
3334 1925 3617 2005 ἐμφέρειαν
3650 1925 3797 1982 ἀπο-

415 2017 616 2079 omnia
662 2036 797 2079 cum
853 2015 1198 2078 honestiora
1256 2016 1500 2096 quidem
1534 2022 1696 2089 sunt,
1732 2033 2058 2088 rerumque

413 2106 856 2187 sublimiorum,
909 2108 996 2168 vel
1029 2111 1117 2168 sic
1149 2115 1347 2167 tamen
1382 2108 1562 2167 etiam
1593 2122 1628 2167 a
1656 2123 1797 2166 vera
1835 2104 2056 2166 simili-

418 2194 624 2259 tudine
655 2197 862 2276 procul
893 2195 1131 2270 absunt;
1166 2195 1462 2276 siquidem
1483 2202 1770 2274 estsuper
1793 2195 1918 2256 haec
1934 2211 2058 2255 om-

422 2285 542 2368 nia,
575 2305 708 2348 cum
743 2287 947 2363 utique
979 2287 1088 2347 ista
1117 2284 1247 2346 sine
1303 2285 1755 2365 comparatione
1784 2302 1818 2345 a
1851 2291 2061 2344 natura

419 2376 520 2438 illa
549 2375 718 2437 beata
768 2374 1070 2438 deﬁciant.
1115 2373 1484 2454 Quandoque
1540 2393 1678 2436 vero
1738 2372 2057 2434 dissimili-

410 2465 520 2528 bus
551 2463 1058 2528 declarationibus
1085 2462 1348 2526 divinum
1381 2463 1529 2525 illud
1565 2463 1794 2526 Numen
1819 2482 1927 2544 per
1957 2481 2058 2525 ne-

412 2553 1316 2634 gationem93celebratur,cum
1348 2552 1772 2632 inaspectabile
1799 2560 2057 2632 vocatur,

413 2654 470 2707 et
501 2642 1110 2724 inﬁnitum,quodque
1143 2642 1275 2722 capi
1309 2661 1427 2702 non
1469 2644 1662 2720 possit
1699 2663 1714 2717 ;
1753 2642 1915 2702 unde
1940 2660 2058 2703 non

413 2733 556 2812 quid
588 2733 812 2808 est,sed
844 2732 985 2811 quid
1019 2750 1134 2792 non
1185 2739 1274 2792 est
1301 2730 1684 2810 signiﬁcatur.
1724 2731 1802 2791 Ex
1829 2731 2058 2792 duabus

415 2823 612 2904 itaque
635 2822 800 2884 hisce
832 2819 1368 2899 enuntiationibus,
1403 2821 1587 2898 magis
1619 2819 1913 2900 propriam
1946 2819 2057 2881 de-

417 2921 711 2975 monstrat
741 2929 878 2973 esse
899 2910 1225 2988 illam,quze
1255 2916 1424 2969 estex
1439 2908 1621 2970 rebus
1641 2908 2058 2978 dissimilibus,

412 3001 722 3080 Siquidem
752 3017 891 3062 vere
937 2999 1222 3061 novimus
1283 2997 1472 3059 Deum
1506 3017 1624 3059 non
1673 3015 1805 3059 esse
1836 2997 2060 3076 aliquid

413 3109 612 3152 rerum
648 3087 1198 3169 exsistentium,sed
1231 3087 1572 3166 ignoramus
1596 3087 2065 3166 superessentia-

413 3183 530 3242 lem
563 3179 690 3258 ejus
725 3177 1399 3257 terminicarentiam,et
1426 3175 2057 3254 inintelligibilitatem,

2141 2012 2367 2072 δέουσιν
2406 2015 2514 2072 ἔστι
2557 2018 2657 2094 γὰρ
2698 2018 2828 2095 ὑπὲρ
2873 2026 3036 2075 ταῦτα
3067 2017 3264 2078 πάντα.
3291 2017 3323 2072 ἃ
3353 2015 3417 2082 δὴ
3459 2015 3796 2092 ἀσυγκρίτως

2140 2103 2235 2172 τῆς
2286 2107 2549 2184 μακαρίας
2594 2106 2977 2165 ἀπολείπονται
3009 2105 3251 2187 φῦσεως.
3303 2104 3438 2162 Ποτὶ
3483 2102 3538 2160 δὲ
3593 2107 3655 2161 ἔκ
3684 2109 3795 2160 τῶν

2143 2195 2404 2270 ἆιομοίων
2447 2198 2694 2270 ὑμνεῖται
2752 2198 2814 2253 τὸ
2881 2205 3040 2252 Θεϊον
3087 2197 3220 2253 κατὰ
3267 2195 3561 2274 ἀπόφασιν,
3619 2195 3793 2272 ἀόρα-

2142 2287 2236 2342 τὸν
2320 2285 2637 2365 λεγόμενον,
2722 2288 2811 2342 καὶ
2885 2285 3132 2358 ἄπειρον,
3207 2286 3294 2343 καὶ
3362 2286 3673 2364 ἀχώρητονθ
3738 2284 3792 2349 ἕξ

2140 2378 2215 2431 ὧν
2273 2375 2331 2433 οὑ
2363 2377 2414 2431 τί
2457 2374 2622 2446 ἐστιν,
2660 2373 2795 2430 ἀλλά
2827 2376 2876 2431 τί
2927 2380 3023 2433 οῦκ
3082 2375 3193 2432 ἔστι
3253 2377 3598 2450 σημαίνεται.
3647 2374 3789 2430 Ἀπὺ

2142 2471 2266 2540 γοῦν
2323 2465 2521 2521 τούτων
2579 2467 2684 2520 τῶν
2713 2464 2801 2521 δύο
2857 2465 3161 2546 ὶκφάνσεων
3213 2464 3536 2542 κυριωτέραν
3595 2465 3696 2531 τὴν
3731 2463 3784 2528 ἑξ

2143 2555 2408 2630 ἀνομοίων
2475 2553 2724 2613 δείκνυσι.
2779 2559 2851 2613 Τὸ
2910 2557 3008 2628 μὲν
3052 2557 3142 2612 οὖν
3189 2557 3282 2612 05x
3315 2555 3458 2612 εἶναι
3491 2554 3688 2620 ταύτην
3739 2575 3792 2608 τι

2140 2651 2248 2700 τῶν
2297 2644 2488 2724 ὅντων,
2524 2644 2890 2721 γινώσκομενο
2925 2642 3220 2722 ἀγνοοῦμεν
3251 2642 3307 2699 δὲ
3349 2645 3449 2709 τὴν
3479 2644 3788 2721 δπεροῦσιον

2141 2736 2304 2802 αὐτῆς
2354 2735 2620 2812 ἀοριστίαν
2678 2735 2763 2790 καὶ
2819 2733 3070 2800 ἀνόητονο
3134 2733 3361 2799 ἀνόητον
3419 2731 3499 2812 δὲ,
3543 2732 3602 2788 οὑ
3654 2731 3791 2788 κατά

2140 2823 2389 2898 στέρησιν
2448 2825 2709 2903 νοήσεως,
2742 2821 2864 2879 ἀλλ’
2923 2821 3004 2879 ὅτι
3056 2823 3239 2889 νόησιν
3289 2821 3487 2889 ταύτης
3531 2822 3626 2878 οὑκ
3659 2819 3788 2895 ιέστι

2144 2910 2353 2968 λαϐεῖν’
2418 2912 2597 2991 ὥσπερ
2629 2915 2713 2971 καὶ
2774 2911 2964 2992 τᾶλλα,
3023 2913 3083 2968 τὸ
3126 2912 3352 2988 ἀόρατον
3398 2912 3488 2968 καὶ
3543 2910 3785 2989 ἄπειρον,

2145 3002 2204 3058 οὑ
2234 3003 2370 3058 κατὰ
2412 3004 2683 3079 στέρησιν,
2731 3001 2871 3058 ἀλλά
2917 3002 3054 3058 κατά
3103 3001 3391 3081 ἀπόφασιν.
3454 3000 3638 3059 Τοίνυν
3673 3000 3794 3056 imi

2145 3095 2197 3149 αἱ
2238 3092 2334 3167 μέν
2384 3092 2676 3170 ἀποφάσεις
2722 3092 2806 3149 ἐπὶ
2865 3095 2968 3148 τῶν
3018 3092 3194 3165 θείων,
3224 3089 3472 3170 ἀληθεῖς,
3517 3090 3571 3146 αἱ
3597 3088 3654 3146 δὲ
3684 3112 3790 3146 κα-

2145 3183 2424 3261 ταφάσεις,
2476 3183 2819 3260 ἀνάρμοστοι.
2883 3180 3170 3258 οἰκειοτέρα
3229 3179 3435 3255 μᾶλλόν
3497 3182 3642 3236 εστιν
3705 3179 3795 3235 ἐπὶ

419 3240 663 3349 δίνε,”υι
696 3269 772 3328 ita
802 3267 1026 3348 dicam,
1058 3240 1403 3342 amentiam;
1443 3265 1787 3344 amentiam,
1821 3266 2060 3347 inquam

2228 3240 2237 3261 δ
2384 3240 2424 3261 ⁷)
2579 3240 2587 3260 l
2611 3240 2620 3257 Ι
3107 3240 3116 3258 I
3230 3240 3241 3255 |

2147 3273 2344 3328 τούτων
2389 3275 2422 3340 ἡ
2455 3271 2538 3329 διὰ
2567 3279 2675 3328 τῶν
2717 3272 2980 3347 ἀνομοίων
3037 3269 3350 3350 ἐκφαντορία
3407 3271 3495 3326 καὶ
3525 3267 3785 3339 δήλωσις,

413 3377 534 3420 non
565 3357 894 3421 secundum
931 3355 1147 3418 mentis
1181 3355 1708 3435 privationem,sed
1743 3356 1895 3434 quod
1935 3356 2060 3436 ejus

2147 3359 2249 3422 Καὶ
2295 3363 2338 3418 εἷ
2370 3361 2532 3418 ταῦτα
2561 3361 2728 3425 οὕτως
2782 3360 2867 3417 ἐπὶ
2915 3367 3070 3420 Θεοῦ.
3133 3359 3492 3436 συναγόμενόν
3525 3358 3636 3414 ἑστι
3701 3360 3791 3413 καὶ

417 3446 817 3526 cognitionem
857 3465 1026 3508 mens
1058 3446 1222 3507 nulla
1248 3447 1443 3523 capiat
1480 3467 1498 3506 :
1555 3445 2060 3521 quemadmodum

2147 3451 2234 3508 ὶπὶ
2277 3452 2509 3524 τούτοις,
2564 3450 2643 3506 ὅτι
2691 3455 2918 3523 τιμῶσιν
2980 3448 3102 3529 ἄρα,
3136 3449 3230 3504 οὒκ
3261 3449 3494 3529 αἴσχους
3521 3446 3788 3516 πληροῦτι

427 3537 604 3599 etiam
636 3537 771 3612 alia,
826 3545 887 3598 ut
945 3535 1317 3597 invisibilitas
1375 3543 1432 3596 οι
1461 3534 1723 3596 inﬁnitas
1770 3535 1919 3613 ejus,
1945 3553 2064 3596 non

423 3626 730 3707 privativa,
757 3626 858 3688 sed
896 3624 1572 3704 negativeintelligeuda
1597 3627 1911 3687 sunt.Cum
1947 3625 2060 3686 ita-

416 3735 531 3796 que
566 3717 911 3797 negationes
939 3716 997 3776 in
1023 3715 1243 3776 divinis
1267 3733 1420 3776 vera:
1453 3717 1593 3776 sint.
1633 3714 2063 3776 afﬁrmationes

421 3825 563 3868 vere
589 3807 852 3880 absonze,
891 3804 1075 3885 magis
1099 3805 1338 3885 propria
1361 3816 1453 3866 est
1471 3805 1527 3864 in
1545 3805 1618 3867 iis
1638 3804 1962 3866 enuntiatio
1995 3821 2061 3864 ac

421 3894 852 3956 demonstratio
883 3912 989 3974 per
1020 3893 1506 3967 dissimilia.Quae
1533 3912 1666 3955 cum
1701 3896 1778 3953 ita
1793 3911 1926 3953 sese
1950 3892 2061 3953 ba—

418 3983 596 4046 beant
627 3984 683 4043 in
717 3983 865 4057 Deo,
927 4001 1305 4063 consequens
1351 3992 1441 4043 est
1495 3982 1834 4061 Scripturas
1866 3999 2062 4042 sacras

413 4073 709 4133 honorare
740 4073 962 4151 potius,
999 4080 1059 4134 et
1088 4089 1475 4151 nequaquam
1513 4071 1710 4151 aliquo
1763 4070 2064 4132 dedecore

412 4162 650 4224 afﬁcere
680 4160 906 4222 divinas
939 4160 1071 4222 illas
1117 4160 1562 4239 dispositiones,
1604 4178 1712 4238 per
1767 4159 2064 4239 ejusmodi

415 4251 738 4312 formarum
768 4250 1150 4311 dissimilium
1169 4250 1606 4322 efﬁctiones,ut
1632 4248 2061 4330 bovis,aquila3,

417 4349 776 4420 czeterasque
789 4339 1004 4419 quibus
1023 4357 1120 4400 eas
1135 4339 1329 4401 innuit
1350 4338 1922 4419 supermundialiter
1949 4357 2064 4399 ma-

2147 3543 2243 3605 τὰς
2301 3542 2442 3604 Θείας
2493 3539 2873 3615 διακοσμήσειε
2926 3540 2977 3595 αἱ
3018 3540 3151 3617 ίεραῖ
3203 3539 3425 3618 Γραιραὶ,
3455 3538 3508 3593 αἱ
3551 3535 3636 3592 διὰ
3683 3543 3792 3592 τῶν

2145 3631 2410 3704 ἀνομοίων
2456 3631 2822 3708 μορφοποιίαι,
2872 3632 2963 3687 τοῦ
3011 3630 3161 3706 βοὸς,
3192 3635 3286 3684 τοῦ
3341 3628 3519 3702 ἀετοῦ,
3559 3629 3787 3683 καὶτῶν

2144 3720 2348 3776 λοιπῶν
2407 3721 2563 3781 αὐτὰς
2625 3717 3020 3798 ὑποδεικνῦσαι,
3093 3722 3168 3783 ὡς
3241 3719 3486 3796 ὑπεράνω
3536 3715 3786 3784 δηλονότι

2144 3811 2301 3877 οὔσας
2344 3819 2451 3868 τῶν
2500 3812 2695 3868 ὑλικῶν
2750 3813 3000 3870 ἁπάντων
3042 3811 3436 3887 ὑπερκοσμίως.
3490 3809 3546 3867 Ei
3611 3809 3712 3886 γὰρ
3757 3811 3786 3864 ὑ

2145 3903 2538 3982 Αεοντόμορφος
2624 3902 2937 3979 λεγόμενος,
3009 3903 3095 3957 καὶ
3155 3899 3449 3980 πολύπους,
3530 3899 3618 3955 καὶ
3675 3920 3783 3954 πο-

2145 3990 2425 4069 λύπτερος,
2483 3993 2567 4047 καὶ
2625 3990 2840 4068 λογικός
2898 3989 3030 4062 icti,
3090 3992 3178 4045 καὶ
3212 3987 3393 4060 ἀϋλος,
3441 3993 3556 4049 πῶς
3590 3989 3649 4044 οὑ
3679 3985 3784 4052 δη-

2146 4077 2326 4135 λονότι
2371 4079 2741 4157 ὑπερκοσμίως
2773 4074 3028 4144 ὶκὸἑϐηκε
3059 4077 3124 4133 τὰ
3166 4076 3318 4132 ὑλικά
3361 4077 3449 4132 καὶ
3491 4072 3616 4154 παρ’
3645 4077 3785 4149 ἡμῖν

2149 4169 2409 4243 νοούμενα
2446 4153 2484 4243 ;⁷
2516 4153 2648 4245 ”ορα
2705 4166 2759 4223 δὲ
2790 4173 2904 4230 πῶς
2961 4165 3136 4231 καλῶς
3187 4153 3588 4245 ἀπελογήσατο,
3620 4163 3706 4222 διὰ
3737 4167 3788 4221 τί

2151 4257 2305 4329 ζώων
2336 4259 2558 4332 μνήμην
2591 4257 2709 4337 ἔχει
2763 4258 2831 4314 τὰ
2887 4257 3123 4335 οὐράνια,
3183 4256 3304 4323 ἤτοι
3363 4255 3596 4317 εἰκόνας.
3635 4246 3788 4309 "ita.

2149 4367 2247 4425 περ
2295 4350 2395 4425 γὰρ
2448 4350 2474 4404 ὁ
2545 4347 2631 4404 ἰπὶ
2686 4347 2898 4404 πάντων
2975 4347 3103 4410 Θεὸς
3153 4345 3298 4405 οὖδὶν
3351 4345 3406 4402 ἐν
3450 4357 3568 4409 τοῖς
3628 4351 3790 4401 πᾶσιν

421 4428 646 4490 teriatis
670 4427 949 4490 omnibus
980 4427 1147 4518 hisce
1198 4427 1388 4518 rebus
1438 4426 1829 4518 inferioribus
1885 4428 2060 4490 subli-

2149 4436 2267 4515 ἔχει
2326 4439 2604 4518 ὁμογενὲς,
2661 4438 2746 4494 καὶ
2794 4436 2879 4493 διὰ
2961 4439 3119 4493 τοῦτο
3181 4437 3398 4498 εἰκότως
3482 4431 3630 4491 οὑδὶν
3684 4437 3792 4488 τῶν

421 4519 647 4580 miores
680 4519 988 4580 exsistere.
1019 4517 1082 4579 Si
1113 4517 1274 4578 enim
1311 4516 1360 4577 is
1391 4523 1489 4598 qui
1543 4518 1736 4579 leonis
1787 4516 2060 4594 formam,

2147 4528 2394 4584 ἁπάντων
2452 4516 2913 4594 ἑστὶὝδηλωτιιιὸν
2967 4526 3162 4606 αὑτοῦ,
3209 4525 3348 4582 ἀλλὰ
3405 4523 3587 4581 λοιπὸν
3648 4521 3791 4597 ἄλλῃ

419 4607 758 4688 multosque
783 4608 966 4687 pedes
1009 4615 1188 4686 atque
1218 4606 1344 4668 alas
1367 4607 1588 4670 habere
1613 4607 1853 4680 dicitur,
1883 4605 2060 4669 etiam

2151 4614 2358 4692 μεθόδῳ
2387 4615 2759 4694 θεολογοῦμεν,
2814 4615 3059 4694 λέγοντες
3131 4604 3212 4672 ὅτι
3261 4619 3355 4674 οὑκ
3412 4613 3552 4669 ἔστιν
3603 4614 3631 4667 ὁ
3663 4614 3792 4676 Θεὸς

415 4697 648 4760 ratione
679 4695 961 4777 praeditus
993 4705 1169 4784 est,et
1196 4714 1409 4775 expers
1443 4695 1727 4769 materias,
1767 4695 2060 4776 quomodo

2151 4707 2213 4762 τὸ
2263 4705 2350 4762 καὶ
2420 4707 2506 4781 τὸ,
2593 4705 2721 4784 ὅπερ
2803 4706 2964 4763 καλεῖ
3014 4705 3097 4761 διὰ
3153 4707 3260 4762 τῶν
3311 4705 3602 4766 ἀνομοίων·
3651 4699 3790 4757 οὕτω

417 4804 535 4847 non
553 4788 732 4847 etiam
749 4783 1324 4862 supermundialiter
1349 4803 1447 4847 res
1479 4786 1658 4848 hasce
1693 4784 2060 4858 materiatas,

2150 4797 2239 4851 καὶ
2264 4795 2350 4852 ἐπί
2408 4803 2515 4852 τῶν
2571 4783 2822 4874 οὖραγνίων
2880 4795 3151 4871 δυνάμεων
3199 4797 3379 4858 καλῶς
3441 4795 3486 4849 οἱ
3545 4789 3789 4868 θεολόγοι

418 4893 550 4966 qua:
580 4893 614 4935 a
648 4875 817 4966 nobis
842 4874 1572 4966 intelliguntur,excedat?
1595 4874 1859 4966 Observa
1889 4892 2060 4966 quam

2150 4883 2432 4966 ἐποίησαν,
2481 4886 2744 4965 τεχνικῶς
2775 4883 2940 4943 οὒδενὶ
2987 4892 3092 4941 τῶν
3139 4889 3308 4944 αὐτῶν
3367 4883 3524 4946 αὑτὰς
3575 4880 3790 4953 ίιμοιώ-

421 4965 670 5043 pulchre
701 4963 990 5025 rationem
1025 4963 1280 5038 dederit,
1307 4983 1414 5025 cur
1457 4965 1799 5025 animalium
1845 4963 2060 5023 mentio

2150 4994 2362 5042 σαντες,
2418 4963 2669 5031 ⁷ιὶλλίήξκ
2712 4981 2816 5031 τῶν
2859 4977 3116 5042 αἰσθητῆν
3171 4976 3306 5050 ἅπερ
3382 4970 3542 5028 καλεῖ
3594 4968 3789 5043 ἄτιμα,

418 5053 518 5114 ﬁat
547 5053 605 5113 in
636 5053 1141 5124 cmlestibus,sive
1173 5053 1502 5132 imaginum
1532 5051 2060 5124 eorum.Quemad-

2150 5065 2250 5130 τὴν
2307 5062 2514 5120 τελείαν
2565 5061 2817 5128 λαϐόντες
2865 5064 3173 5145 ἐμφέρειαν,
3229 5071 3386 5120 τοῦτο
3443 5061 3573 5139 πρὸς
3624 5061 3791 5131 τιμὴν

420 5143 661 5205 modum
679 5143 836 5204 enim
863 5141 1021 5203 Deus
1037 5142 1301 5206 existens
1317 5143 1374 5203 in
1391 5140 1840 5219 omnibus,nihil
1860 5140 1917 5200 in
1937 5158 2060 5200 om-

2151 5155 2322 5211 αὑτῶν
2362 5154 2745 5225 πεποιηκότες,
2798 5153 2890 5210 ἵνα
2952 5150 3347 5229 πλασματώδης
3379 5151 3468 5208 καὶ
3521 5153 3616 5208 οὐκ
3646 5149 3790 5216 ἀλη-

422 5232 598 5294 nibus
623 5233 799 5294 habet
825 5231 1093 5312 ejusdem
1129 5249 1333 5293 secum
1362 5230 1626 5310 generis,
1649 5229 1904 5320 ideoque
1924 5228 2060 5320 nihil

2152 5244 2248 5310 Θὴς
2288 5241 2513 5320 γένηται
2563 5245 2765 5302 τούτων
2819 5245 2849 5312 ἦ
2901 5228 3152 5320 μίμησις.
3229 5243 3498 5302 Ἐντεῦθεν
3545 5238 3792 5318 βούλεται

416 5339 622 5384 rerum
654 5321 942 5396 omnium,
979 5330 1072 5382 est
1100 5320 1287 5402 ipsius
1313 5319 1737 5381 declarativum
1777 5341 1793 5391 ;
1845 5318 2060 5381 idcirco

2150 5318 2317 5397 δεῖξαί
2362 5334 2499 5389 κατά
2527 5334 2586 5390 τὸ
2618 5333 2809 5410 βίαιον,
2845 5318 2926 5391 ὅτι
2968 5318 3064 5392 καὶ
3119 5331 3325 5410 μᾶλλον
3371 5331 3478 5388 τῶν
3510 5331 3710 5404 δμοίωο
3740 5331 3794 5384 αἱ

421 5411 596 5474 etiam
610 5412 724 5474 alia
736 5410 1017 5502 method‘o
1032 5409 1233 5502 deDeo
1249 5407 2060 5502 loquimur_,dicentes,Deum

2151 5421 2393 5499 ἀνόμοιοι
2451 5407 2918 5502 εὐαρμοστότεραι.
2973 5425 3060 5490 Εἰς
3116 5407 3217 5500 μὲν
3275 5422 3376 5501 γὰρ
3431 5421 3528 5485 τὰς
3585 5441 3787 5494 τιμιω-

421 5521 539 5563 non
571 5521 700 5564 esse
716 5503 826 5564 huc
855 5499 1262 5580 etillud,quod
1281 5498 1738 5579 perdissimiliu
1765 5507 1930 5560 vocat
1963 5502 2060 5565 :sit

2154 5512 2306 5584 τέρας
2351 5515 2436 5570 καὶ
2483 5514 2688 5590 ὁμοίας,
2735 5513 2873 5579 εἰκός
2935 5513 3046 5571 ἔστι
3099 5514 3184 5570 xxi
3225 5509 3668 5577 ἀποπλανηθῆναί
3699 5531 3785 5564 τι-

511 5679 532 5710 ο
557 5662 725 5726 Rom.
762 5680 838 5742 χι,
873 5661 971 5722 34.
1035 5657 1061 5699 ά
1096 5659 1275 5721 Exod.
1314 5676 1395 5735 ιιι,
1437 5659 1534 5723 14.
