4070 6224
296 357 398 420 157
725 358 822 421 DE
866 357 1216 422 COELESTI
1260 354 1760 436 HIERARCIIIA,
1808 359 1918 424 CA]

2021 360 2106 423 II.
2149 395 2216 407 —
2266 362 2650 426 ΡΑΒΑΡΗΒ.
2699 361 3210 428 ΡΛΟΗΥΜΕΒίΕ.
3545 363 3655 430 158

293 516 398 566 νας,
443 490 573 551 ὅπου
617 514 675 572 γε
704 494 788 549 καὶ
819 493 897 556 οἷς
935 493 1028 557 τὰς
1082 493 1363 570 ἀνομοίους
1419 495 1561 560 τινὲς
1620 494 1918 572 ἔξώλισθον,

2015 497 2193 561 etiam
2215 499 2273 560 in
2296 497 2642 561 caelestibus
2672 499 2990 562 virtutibus
3019 503 3265 565 omnino
3299 510 3465 566 recte
3487 499 3654 565 theo-

288 585 448 649 καθὼς
509 582 761 662 ὶλὲγομεν
788 671 793 672 ν
818 580 1136 672 ξμπροσθεν,
1195 584 1556 654 Οίηθήσονται
1607 587 1737 665 γὰρ,
1787 609 1918 667 χρυ-

2014 587 2132 667 logi
2165 588 2456 663 fecerunt,
2491 589 2631 650 dum
2665 591 2898 654 erudite
2936 593 3089 656 nulli
3121 591 3350 654 ordinis
3380 592 3649 672 ejusdem

286 675 502 740 σοειδεῖς
555 675 646 732 καὶ
701 670 1009 736 στίλϐοντας
1068 673 1259 753 ἄνδρας
1319 689 1486 756 εῖναι,
1532 679 1619 733 καὶ
1678 677 1918 753 λαμπρὰν

2010 679 2139 741 illas
2170 678 2622 754 assimilarunt;
2656 681 2761 743 sed
2794 700 2865 744 ex
2895 681 3242 764 sensilibus,
3297 670 3433 763 quae
3484 690 3652 746 vocat

284 774 558 845 φοροῦντας
615 763 834 839 ἑσθῆτα,
880 765 970 822 καὶ
1032 763 1294 843 πυρώδεις
1356 764 1484 846 δίχα
1553 767 1791 832 καύσεως
1835 768 1918 824 καῖ

2008 768 2164 848 vilia,
2192 769 2517 850 perfectam
2550 781 2794 834 sumunt
2843 763 3324 848 similitudinem,
3351 774 3410 837 id
3441 773 3516 837 ad
3549 791 3653 836 ea-

283 852 517 920 ἆὸλαϐὦς
575 853 744 916 εἶναι.
791 854 847 911 αἱ
902 853 1004 932 γὰρ
1061 853 1350 932 λεγόμεναι
1401 856 1564 934 πυρὸς
1613 855 1809 937 φλόγες
1861 861 1918 917 οὖ

2008 875 2140 921 rum
2171 861 2462 921 honorem
2522 861 2813 942 fecerunt,
2847 871 2909 923 ut
2965 863 3190 937 ﬁctitia,
3225 872 3286 925 et
3317 882 3434 925 non
3480 881 3649 938 vera,

279 945 567 1022 καυπικαῖ,
632 942 768 1031 ἀλλά
817 944 1042 1016 ζωτικαί
1091 946 1218 1026 εἶσι,
1275 947 1362 1003 καὶ
1417 945 1587 1004 τέίλλα
1618 945 1717 1004 ὅσα
1761 950 1918 1028 φασὶν

2008 957 2162 1011 esset
2192 949 2536 1010 earumdem
2564 951 2834 1014 imitatio.
2869 950 3024 1014 Hinc
3044 953 3166 1014 vult
3184 953 3436 1031 probare
3456 971 3492 1014 a
3527 953 3648 1015 for-

277 1032 325 1088 αί
359 1031 578 1111 Γραγαί,
632 1022 812 1110 ιὈπιερ
872 1032 968 1089 ἵνα
998 1033 1076 1109 μὴ
1107 1022 1332 1092 πάθοιεν
1359 1036 1406 1092 οἱ
1437 1033 1606 1111 μηδὲν
1636 1037 1742 1093 τῶν
1775 1022 1916 1116 ’φαι-

2008 1037 2134 1099 liori
2156 1037 2469 1100 dissimilia
2489 1039 2788 1102 similibus
2811 1059 2943 1103 esse
2966 1022 3198 1122 aptiora
3234 1061 3248 1106 :
3276 1044 3336 1104 in
3383 1042 3645 1104 nobilio-

286 1123 514 1197 νομένων
544 1121 878 1200 ὑψηλότερον
910 1126 1275 1203 φαντασθῆναι
1305 1123 1607 1206 δυνάμενοι,
1650 1127 1685 1194 ἡ
1728 1126 1912 1204 ὑψηλῆ

2008 1127 2159 1190 ribus
2188 1129 2344 1190 enim
2375 1147 2444 1192 ac
2471 1121 3048 1208 similibus,proclive
3079 1141 3170 1194 est
3198 1131 3518 1194 nonnullos
3539 1133 3650 1195 de-

278 1211 424 1291 σοφία
452 1217 559 1270 τῶν
606 1210 877 1302 θεολόγων
918 1213 992 1277 εἷς
1051 1213 1330 1290 ἀνομοίους
1388 1215 1476 1272 καὶ
1537 1215 1910 1297 ἀπεμφαινού-

2008 1216 2108 1297 :ipi
2144 1236 2280 1279 cum
2305 1219 2479 1280 etiam
2505 1219 2566 1280 in
2601 1219 2998 1282 dissimilibus
3022 1221 3204 1302 aliqui
3236 1220 3517 1293 errarint,
3565 1222 3648 1284 uti

280 1323 370 1364 σας
411 1301 622 1366 εἴκόνας
665 1301 982 1380 κατάγεται,
1031 1303 1107 1379 μὴ
1141 1308 1498 1384 συγχωροῦσα
1539 1304 1637 1381 μὲν
1658 1306 1755 1373 τὴν
1784 1304 1908 1362 διά-

2008 1323 2182 1388 supra
2208 1307 2486 1372 diximus.
2541 1308 2983 1374 Existimabunt
3024 1301 3208 1385 enirn,
3243 1329 3376 1372 esse
3406 1318 3650 1374 naturas

280 1413 416 1448 νοιαν
455 1393 614 1466 ἡμῶν
679 1391 1041 1481 ἀναπαύεσθαι
1103 1393 1178 1456 είς
1242 1395 1466 1474 αἰσχρὰς
1522 1396 1609 1453 καὶ
1652 1397 1915 1474 ἀπρεπεῖς

2008 1391 2132 1456 illas
2146 1395 2350 1474 specie
2373 1397 2626 1476 quadam
2650 1417 2830 1460 aurea
2845 1398 3002 1461 viros
3017 1398 3302 1481 quosdam
3333 1398 3647 1473 micantes,

282 1481 622 1558 ἇναπλέσεις,
687 1478 1014 1560 διεγείρουσα
1057 1481 1113 1538 δὲ
1170 1483 1233 1539 τὸ
1284 1483 1548 1562 ἀνωφερὲς
1600 1487 1702 1554 τῆς
1731 1489 1917 1565 ψυχῆς

2008 1493 2063 1547 et
2094 1491 2302 1548 vestitu
2335 1485 2652 1567 splendido
2684 1488 2950 1569 indutos,
2982 1478 3157 1566 atque
3189 1489 3430 1568 igneum
3503 1488 3646 1568 quid

283 1577 342 1648 τῇ
370 1569 662 1651 δυσμορφία
690 1577 798 1628 τῶν
842 1570 1125 1652 πλάσειυν,
1160 1571 1234 1636 ὤς
1287 1570 1451 1643 δήλου
1509 1571 1714 1643 δηλαδὴ
1766 1574 1918 1641 ὄντος

2008 1573 2322 1649 vibrantes,
2356 1594 2473 1636 non
2505 1576 2816 1638 adurendo
2851 1596 2963 1640 nec
2988 1578 3285 1641 laedendo:
3325 1595 3458 1638 nam
3482 1578 3646 1639 ﬂam-

283 1662 361 1718 καὶ
403 1674 521 1724 τοῖς
571 1661 709 1739 ἄγαν
765 1659 974 1726 ὖλικοῖς
1029 1662 1132 1729 vim
1162 1659 1426 1737 διάνοιαν,
1483 1662 1566 1720 ὅτι
1598 1664 1694 1722 ούκ
1726 1665 1824 1722 εἰσὶ
1854 1667 1918 1722 τὰ

2008 1682 2118 1724 σιω
2146 1665 2320 1725 istius
2349 1664 2504 1745 ignis
2539 1684 2655 1726 non
2689 1665 2911 1729 habent
2938 1667 3052 1728 vim
3086 1666 3326 1742 urendi,
3361 1665 3466 1728 sed
3497 1666 3649 1729 vivi-

282 1752 388 1807 θεῖα
414 1757 657 1827 τοιαῦτα,
710 1747 972 1830 ’Λκριϐὦς
1030 1751 1120 1809 οὗν
1179 1749 1375 1817 ειδότες
1407 1750 1489 1809 ὅτι
1522 1755 1618 1812 οὒκ
1654 1755 1754 1812 εἶσὶ
1802 1777 1918 1813 τοι-

2008 1753 2220 1815 licandi
2253 1774 2269 1835 ;
2295 1762 2354 1816 et
2385 1773 2756 1836 quaecunque
2777 1757 2894 1819 alia
2916 1757 3010 1818 ’Μ
3028 1758 3353 1838 Scriptum
3384 1755 3644 1817 tradunt.

283 1852 421 1920 αὔτα,
452 1843 767 1920 ζητήσομεν
791 1844 893 1912 vim
936 1842 1212 1917 ἀλήθειαν,
1250 1843 1351 1912 vim
1382 1843 1464 1902 ὅτι
1509 1842 1642 1904 ἄλλο
1683 1869 1736 1904 τι
1779 1835 1918 1927 παρᾶ

2008 1843 2172 1916 Quod
2208 1861 2283 1905 ne
2331 1843 2405 1906 iis
2435 1835 2691 1922 eveniat,
2725 1848 2826 1927 qui
2883 1847 3032 1910 nihil
3086 1835 3284 1918 altius,
3341 1865 3516 1928 quam
3551 1845 3650 1908 illa

288 1933 438 1994 ταῦτά
468 1934 626 1996 εἰσιν,
684 1931 924 1999 ’Ἄλλως
969 1955 1026 1990 τε
1069 1936 1158 1992 καὶ
1185 1942 1346 1993 τοῦτο
1374 1934 1621 2002 ὶινοῆσαι
1657 1941 1796 2019 χρὴ,
1842 1937 1918 1996 ὅτι

2008 1933 2253 2014 pulchra
2269 1942 2329 1996 et
2343 1934 2618 2016 speciosa
2629 1955 2762 2017 qua}
2779 1945 3306 2018 apparent,mente
3331 1935 3647 2016 complecti

279 2021 412 2080 οὗδέν
461 2029 569 2079 τῶν
629 2022 804 2081 ὄντων
851 2022 1097 2100 καθόλου,
1145 2029 1244 2093 τῆς
1296 2032 1389 2082 τοῦ
1429 2023 1597 2086 καλοῦ
1638 2029 1918 2102 μετουσίας

2008 2031 2250 2105 possunt
2281 2043 2297 2100 ;
2328 2024 2603 2087 sublimis
2635 2027 2732 2088 illa
2794 2028 3204 2107 theologorum
3238 2026 3532 2106 sapientia
3570 2023 3644 2086 ad

277 2111 564 2192 ἕστέρηται,
598 2113 718 2170 Emi
753 2110 893 2171 καλά
935 2111 1052 2171 λίαν
1109 2115 1254 2194 παρά
1299 2119 1401 2184 τῆς
1447 2119 1661 2194 Γραφῆς
1705 2137 1917 2196 μεμαρ-

2008 2112 2521 2176 dissimilitudines
2539 2123 2592 2176 et
2613 2114 2872 2179 absonas
2895 2117 3186 2195 imagines
3208 2135 3273 2178 se
3295 2116 3649 2196 dejicit,non

276 2204 534 2277 τύρηνται.
2000 2202 2351 2284 permittens
2381 2204 2801 2283 cogitationem
2857 2216 3121 2270 nostram
3183 2205 3302 2268 illis
3349 2204 3651 2268 indecoris

279 2291 601 2388 ﬁctionibus
633 2294 1050 2388 acquiescere,
1083 2294 1352 2388 sedeam
1382 2294 1600 2388 animae
1632 2302 1858 2388 partem
1893 2313 2070 2388 qua:
2105 2294 2179 2356 ad
2213 2295 2334 2388 alta
2365 2295 2574 2370 tendit,
2629 2297 2757 2388 ipsa
2772 2297 3165 2388 deformitate
3191 2299 3650 2388 ﬁgurarumex-

282 2381 406 2442 citat
435 2389 493 2442 et
522 2381 815 2463 stimulat,
849 2391 1126 2463 tanquam
1164 2385 1443 2448 videlicet
1473 2385 1698 2448 clarum
1732 2387 1808 2448 sit
1828 2385 2004 2447 etiam
2031 2383 2105 2446 iis
2126 2385 2228 2465 qui
2262 2393 2402 2446 sunt
2423 2381 2677 2448 terrenis
2702 2386 2883 2448 rebus
2907 2387 3078 2449 valde
3109 2387 3397 2468 afﬁxi,res
3421 2385 3650 2446 divinas

286 2489 390 2532 non
418 2488 549 2533 esse
578 2471 732 2534 tales
767 2492 781 2533 :
816 2479 880 2534 ut
918 2491 1050 2534 cum
1098 2475 1258 2537 clare
1317 2475 1773 2554 cognoverimus
1825 2494 1926 2538 eas
1959 2493 2079 2536 non
2134 2493 2268 2538 esse
2323 2476 2498 2556 tales,
2557 2475 2864 2539 veritatem
2917 2478 3311 2558 inquiramus,
3367 2473 3648 2557 quoniam

289 2561 410 2637 quid
441 2560 602 2622 aliud
634 2561 712 2623 ab
744 2561 862 2625 illis
894 2569 1056 2624 sunt.
1091 2564 1246 2637 Quin
1279 2572 1336 2626 et
1368 2565 1482 2626 hoc
1511 2564 1852 2646 sciendum,
1886 2565 2034 2626 nihil
2066 2582 2272 2627 eorum
2336 2583 2467 2645 quae
2497 2573 2635 2628 sunt
2681 2567 2845 2628 omni
2876 2585 3118 2648 prorsus
3144 2567 3286 2630 boni
3320 2565 3645 2648 participa-

286 2649 433 2712 tione
461 2657 758 2738 privatum
793 2669 926 2715 esse
961 2672 977 2734 ;
1005 2654 1289 2734 quoniam
1322 2652 1480 2716 bona
1508 2654 1703 2736 valde,
1736 2654 2079 2718 testimonio
2109 2655 2452 2736 Scripturaa,
2482 2663 2694 2718 cuncta
2723 2657 3205 2738 comprobantur.

357 2741 510 2821 §1v.
576 2731 752 2800 ’Ἐστι
812 2750 1090 2822 τοιγαροῦν
1153 2744 1213 2802 ἐκ
1257 2742 1470 2802 πάντων
1529 2745 1699 2803 αὒτῶν
1755 2747 1922 2810 καλὰς

284 2833 484 2909 Θεωρίας
516 2833 608 2888 καὶ
669 2833 1044 2910 προσηκούσας
1084 2846 1205 2899 τοῖς
1251 2849 1472 2902 νοητοῖς
1515 2834 1815 2910 ἃπινοῆσαι,
1859 2836 1920 2897 ἃς

284 2920 341 2989 δὴ
370 2923 450 2978 καὶ
496 2919 785 2996 ἀνομοίους
843 2923 1166 2998 ὁμοιότητας
1220 2937 1421 3003 φαῖμεν
1476 2925 1561 3005 ἃν,
1621 2923 1708 2981 ὅτι
1761 2924 1923 3001 ἑτέρῳ

281 3011 446 3083 τρόπῳ
472 3011 538 3067 τά
569 3010 743 3077 νοητά
772 3009 1014 3092 ἔχουσιν,
1063 3011 1097 3069 ἂ
1155 3027 1275 3078 τοῖς
1327 3016 1605 3082 αἰσθητοῖς
1639 3015 1913 3094 ἑτεροτρό-

2088 2745 2116 2826 §
2141 2745 2453 2814 lVLiceat
2479 2746 2674 2827 itaque
2698 2765 2767 2808 ex
2791 2747 3071 2809 omnibus
3092 2747 3164 2810 iis
3188 2746 3464 2828 pulchras
3494 2765 3642 2811 con-

2004 2836 2442 2916 templationes,
2477 2854 2546 2897 ac
2593 2836 2774 2898 rebus
2825 2837 3192 2918 spiritalibus
3249 2845 3645 2916 congruentes

2001 2927 2246 3008 elicere,
2280 2945 2426 3007 quas
2449 2926 2846 2989 etdissimiles
2868 2927 3298 2990 similitudines
3329 2946 3642 3007 possumus

2001 3016 2330 3098 appellare;
2363 3015 2642 3095 quoniam
2669 3016 2908 3080 diverso
2940 3017 3115 3080 modo
3145 3016 3279 3078 illas
3297 3017 3518 3080 habent
3546 3036 3644 3079 res

284 3123 386 3191 πως
433 3099 891 3191 ἀπονενεμηνται.
946 3102 1143 3160 Αὒτίκα
1204 3105 1303 3183 γὰρ
1350 3107 1377 3161 ὁ
1434 3106 1620 3180 θυμὸς,
1671 3104 1757 3161 ἐπὶ
1812 3106 1918 3162 τῶν

2008 3104 2320 3186 spiritales,
2349 3124 2480 3186 quae
2510 3104 2624 3166 alia
2650 3107 2879 3168 ratione
2906 3104 3087 3168 rebus
3117 3106 3444 3168 sensilibus
3471 3112 3648 3169 attri-

282 3190 414 3247 κάτω
443 3189 564 3266 μὲν,
601 3189 659 3256 ἐξ
711 3189 981 3256 ὲιιπαθοῦς
1038 3193 1212 3272 ὁρμῆς
1271 3193 1558 3273 ἐγγίνεται,
1590 3195 1679 3252 καὶ
1737 3194 1916 3262 πάσης

2008 3194 2157 3256 bula)
2191 3193 2430 3259 sunt.lu
2454 3196 2733 3275 praesenti
2757 3203 2944 3270 enim,
2982 3196 3292 3258 iracundia
3315 3196 3375 3257 in
3401 3195 3650 3258 inferio-

281 3281 479 3360 ἀλογίας
511 3283 659 3340 ἐστὶν
687 3281 937 3358 ἔμπλεως
991 3288 1026 3356 ἡ
1085 3286 1306 3355 τοιαύτη
1345 3293 1437 3344 τοῦ
1475 3290 1640 3363 θυμοῦ
1683 3287 1912 3355 κίνησιςο

281 3372 390 3428 ἀλλ’
415 3375 496 3431 ἐπὶ
526 3374 639 3430 τῶν
672 3378 877 3440 νοητῶν
936 3374 1296 3453 ἐτεροτρόπως
1337 3384 1560 3451 νοοῦμεν
1589 3378 1681 3433 τὸν
1723 3378 1910 3458 θυμὸν,

280 3464 367 3530 τὴν
431 3462 714 3520 ἀνένδοτον
771 3461 1024 3541 λέγοντες
1079 3463 1302 3543 ἔλλογον
1362 3465 1591 3540 κίνησιν,
1664 3467 1753 3523 καὶ
1812 3469 1911 3534 τὴν

281 3553 580 3632 ἀχαύνωτον
611 3552 720 3619 ἕξιν
752 3555 838 3610 καὶ
887 3552 1260 3629 ἀμετάϐλητον
1306 3557 1361 3612 ἓν
1393 3568 1514 3620 ταῖς
1553 3557 1627 3620 εἷς
1657 3558 1718 3612 τὸ
1749 3555 1913 3613 καλὸν

280 3646 546 3726 ἱδρύσεσιν.
632 3648 882 3711 Ωσαύτως
940 3647 1058 3728 ἔχει
1101 3651 1189 3706 καὶ
1255 3651 1288 3718 ἡ
1345 3649 1614 3724 ἐπιθυμία,
1676 3650 1761 3707 ἐπὶ
1816 3651 1914 3725 μὲν

281 3752 387 3802 τοῖς
435 3737 688 3816 ἀλόγοις,
748 3736 1137 3810 ἀπερίσκεπτον
1177 3761 1294 3796 τινα
1346 3740 1664 3813 ἒμπάθειαν,
1718 3737 1770 3805 ἐξ
1813 3747 1915 3815 ἱμ-

1999 3283 2166 3345 ribus
2185 3284 2424 3363 quidem
2441 3302 2510 3345 ex
2528 3284 2757 3364 impetu
2775 3284 3083 3365 passionis
3110 3285 3373 3357 exsistit,
3407 3293 3467 3347 et
3494 3291 3650 3347 irra-
3718 3335 3725 3340 .

1999 3374 2326 3435 tionalitate
2345 3374 2556 3453 plenus
2587 3382 2676 3436 est
2715 3374 3011 3451 ejusmodi
3044 3375 3373 3438 iracundia:
3402 3383 3599 3438 motus
3633 3392 3646 3436 :

1996 3481 2198 3526 verum
2223 3464 2283 3524 in
2310 3463 2491 3526 rebus
2519 3462 2888 3544 spiritalibus
2927 3465 3043 3526 alio
3077 3465 3253 3528 modo
3277 3465 3646 3527 iracundiam

1995 3553 2648 3632 accipimus,dicentes,
2671 3553 2833 3614 illam
2865 3571 3137 3616 severam
3162 3555 3479 3635 quamdam
3514 3571 3650 3616 esse

1998 3642 2320 3704 motionem
2353 3642 2807 3721 rationalem,ac
2840 3644 3085 3706 minime
3116 3643 3360 3705 mollem
3383 3642 3607 3704 Inutabi
3629 3677 3647 3688 -

1997 3733 2189 3794 lemve
2221 3731 2485 3792 habitum
2520 3729 2580 3791 in
2625 3729 2766 3793 boni
2797 3731 3651 3795 constitutionibus.Similiter

2005 3819 2512 3898 concupiscentia.
2547 3818 3068 3882 inirrationalibns
3099 3820 3338 3901 quidem
3373 3821 3644 3882 inconsi—

285 3830 434 3905 φότου
462 3827 734 3896 κινήσεως
765 3824 1046 3890 πολλάκις
1094 3827 1184 3884 ὅτε
1243 3826 1450 3895 δηλαδή
1504 3827 1610 3884 ἀπὸ
1655 3851 1916 3904 συμπτω-

288 3917 456 3991 μάτων
507 3921 746 3995 φυσικῶν
801 3917 902 3984 τὴν
965 3918 1173 3983 κίνησιν
1254 3918 1479 3997 ἔχομεν,
1537 3919 1574 3983 ⁵η
1645 3920 1918 3985 συνηθείας

2008 3911 2271 3972 deratam
2303 3910 2619 3989 quamdam
2655 3911 2990 3988 passionem
3020 3912 3288 3974 habetex
3307 3910 3490 3973 insito
3511 3910 3642 3992 ple-

287 4005 554 4071 ’πολλάκις⁸
593 4007 683 4061 ὅτε
727 4004 971 4072 δηλονότι
1030 4007 1137 4064 ἀπό
1168 4030 1328 4065 τινων
1361 4007 1590 4082 ἐθισμῶν
1641 4010 1779 4065 κατά
1822 4008 1918 4076 τὰν

2008 4019 2257 4081 rumque
2274 4009 2435 4060 motu
2461 4048 2478 4079 ,
2501 4000 2736 4080 quando
2752 4000 3034 4062 nimirum
3055 4021 3124 4062 ex
3155 4001 3645 4063 convulsionibus

291 4109 395 4158 τοῖς
428 4094 754 4159 ἀλλοιωτοῖς
785 4094 1132 4174 ἐγγινομένην
1181 4095 1378 4174 ἄλογον
1414 4098 1787 4176 ὶπικράτειαν,
1821 4103 1918 4165 τῆς

2008 4089 2374 4154 naturalibus
2398 4107 2728 4162 movemur;
2761 4089 2849 4150 vel
2881 4109 3000 4151 non
3027 4109 3164 4152 raro
3197 4091 3375 4153 etiam
3399 4109 3466 4153 ex
3492 4110 3648 4152 con-

281 4190 584 4260 σωματικῆς
618 4183 840 4262 ὀρέξεως
885 4185 1126 4253 ὠθούσης
1158 4188 1219 4242 τὸ
1274 4189 1409 4257 ζῶον
1440 4185 1526 4242 ἐπὶ
1559 4189 1620 4243 τὸ
1652 4186 1910 4244 κατάῗσ-

2008 4179 2311 4243 suetudine
2347 4199 2360 4240 :
2394 4196 2527 4238 cum
2573 4177 2847 4240 videlicet
2886 4197 2958 4239 ex
2991 4179 3246 4240 assuetis
3307 4178 3643 4241 irrationali

277 4276 440 4354 θησιν,
474 4275 565 4330 καὶ
589 4271 733 4330 οὕτω
763 4274 900 4330 οιατά
937 4277 1120 4342 νόησιν
1146 4276 1502 4352 ἑπιθυμητόν.
1558 4267 1696 4334 ιὈτε
1725 4274 1778 4332 δὲ
1816 4279 1911 4345 τὴν

2008 4271 2275 4351 potentiae
2305 4267 2484 4327 rebus
2506 4265 2889 4328 mutabilibus
2925 4267 3142 4344 insitis,
3181 4269 3511 4350 corporalis
3544 4287 3650 4348 ap-

277 4361 538 4438 ίπιθδμίαν
567 4377 690 4426 τοῖς
713 4377 934 4430 νοητοῖς
966 4363 1319 4444 ἐπιθήσομεν,
1375 4364 1544 4444 ἔρωτα
1575 4369 1718 4422 θεῖον
1751 4368 1912 4434 αὐτὴν

2008 4361 2215 4440 petitus
2243 4356 2462 4418 animal
2498 4357 2748 4436 impellit
2779 4357 2850 4416 ad
2884 4358 3111 4438 aliquid
3144 4358 3652 4437 sensibile,atque

275 4451 464 4509 ὶννοεϊν
525 4453 641 4532 χρὴ
685 4455 782 4519 τῆς
814 4453 945 4532 ὑπὲρ
975 4452 1134 4532 λόγον
1190 4457 1278 4511 καὶ
1310 4462 1430 4512 νοῦν
1461 4454 1666 4529 ἀϋλίας,
1700 4455 1787 4510 καὶ
1817 4457 1913 4523 τὴν

2008 4451 2145 4510 adeo
2177 4452 2350 4508 etiam
2406 4446 2737 4508 secundum
2786 4447 3241 4525 intelligentiam
3302 4447 3645 4528 appetibile.

275 4541 534 4599 ἀνένδοτον
581 4543 757 4622 ἔφεσιν
802 4565 897 4608 τας
952 4544 1185 4607 ἀπαθοῦς
1236 4546 1483 4624 θεωρίας,
1533 4547 1748 4613 καὶτῆς
1778 4547 1913 4601 αἰω-

2008 4537 2250 4612 Quando
2283 4547 2479 4598 autem
2514 4538 3057 4616 concupiscentiam
3077 4539 3258 4598 rebus
3287 4537 3651 4618 spiritalibus

277 4632 376 4693 νίας
406 4633 574 4696 ὅντως
610 4632 699 4688 καὶ
762 4632 962 4700 νοητῆς
1037 4636 1319 4696 κοινωνίας
1376 4635 1507 4712 πρὸς
1558 4632 1764 4701 ἐκείνην
1819 4635 1918 4700 τὴν

2008 4624 2662 4700 attribuimus,divinus
2687 4643 2852 4686 amor
2867 4626 3215 4703 cogitandus
3239 4627 3326 4686 rei
3350 4645 3530 4707 supra
3551 4644 3650 4689 ra-

278 4723 491 4799 καθαρὰν
541 4719 837 4801 διαύγειαν,
889 4722 978 4778 καὶ
1037 4724 1137 4789 τὴν
1195 4722 1377 4802 ἀφανῆ
1436 4726 1524 4778 καὶ
1550 4723 1690 4778 θείαν
1725 4721 1918 4800 εὖπρὲ-

2008 4722 2223 4778 tionem
2256 4735 2322 4775 ac
2358 4723 2618 4775 mentem
2648 4715 3274 4796 immaterialis,atque
3298 4715 3652 4777 indeﬁciens

278 4831 440 4873 πειαν,
480 4810 650 4867 Παλιν
681 4812 743 4867 τὸ
793 4810 1042 4890 ἀκρατὲς,
1078 4810 1161 4891 ἐφ’
1205 4814 1362 4886 ἡμῶν
1388 4851 1397 4859 -
1419 4812 1540 4891 μὲν,
1573 4815 1634 4868 τὸ
1684 4813 1765 4890 ἐφ’
1789 4811 1918 4890 ὅπερ

2008 4805 2367 4869 desiderium
2400 4801 2916 4883 contemplationis
2947 4824 3059 4884 qua
3113 4804 3407 4885 passionis
3439 4823 3652 4886 expers

283 4894 342 4964 δὴ
380 4901 463 4955 καὶ
507 4901 819 4976 ὁρμήσομεν
876 4899 1284 4978 ἀνεπίστροφον·
1337 4899 1424 4958 ἐπ’
1478 4899 1692 4956 ἐκείνων
1751 4898 1830 4973 δὲ,
1867 4902 1925 4955 τὸ

283 4988 542 5062 σύντονον,
585 4991 671 5045 καὶ
702 4991 764 5045 τὸ
821 4991 963 5068 παρά
1015 4988 1244 5065 μηδενὸς
1290 4989 1664 5068 ἐγκόπτεσθαι,
1718 4987 1802 5045 διὰ
1836 4991 1925 5045 τὸν

285 5075 444 5151 ἀμιγῆ
477 5080 568 5134 καὶ
599 5079 850 5158 καθαρὸν,
890 5081 976 5136 καὶ
1007 5081 1081 5142 είς
1131 5079 1277 5137 οὒδὲν
1329 5080 1504 5156 ἕτερον
1563 5076 1924 5160 ἐσχολακότα,

283 5167 359 5220 καί
392 5166 748 5225 ἀναλλοίωτον
806 5175 903 5236 τῆς
959 5170 1100 5234 θείας
1151 5168 1416 5238 καλλονῆς
1471 5169 1668 5250 ἔρωτα,
1711 5170 1798 5224 καὶ
1828 5170 1924 5233 τὴν

286 5252 465 5322 ὁλικὴν
510 5259 683 5334 ὁρμὴν
721 5259 808 5315 ὶπὶ
838 5262 900 5316 τὸ
931 5256 1102 5321 ὅντως
1151 5259 1429 5338 ἐράσμιον.
1464 5257 1630 5316 Πάλιν
1662 5259 1764 5324 τὴν
1793 5257 1926 5314 ἀλο-

2008 4897 2110 4977 sit,
2138 4913 2248 4957 nec
2279 4913 2396 4955 non
2429 4902 2664 4953 azteruaa
2708 4893 2952 4954 omnino
2978 4913 3046 4954 ac
3071 4895 3351 4975 spiritalis
3375 4914 3650 4957 commu-

2009 4986 2229 5064 nionis,
2257 4984 2418 5044 illius
2464 5000 2624 5062 pura:
2663 4981 2981 5064 claritatis;
3017 4995 3074 5046 et
3107 4985 3322 5045 occulti
3353 4995 3527 5064 atque
3557 4984 3648 5044 di-

2015 5075 2142 5135 vini
2175 5075 2430 5134 decoris.
2468 5072 2751 5150 Rursum,
2791 5071 3224 5134 incontinentia
3246 5074 3303 5133 in
3330 5073 3502 5134 nobis
3525 5073 3642 5154 qui.

2010 5165 2144 5225 dem
2177 5169 2268 5222 est
2294 5161 2532 5241 quidam
2566 5159 2972 5241 impetus,quo
2995 5162 3051 5222 in
3077 5162 3304 5239 aliquid
3339 5163 3651 5224 tumultua-

2008 5254 2096 5315 rio
2121 5253 2298 5312 modo
2325 5250 2570 5311 ferimur
2594 5273 2610 5320 ;
2643 5248 2700 5308 in
2731 5247 2852 5311 illis
2873 5267 3010 5312 vero
3031 5252 3363 5314 constantia
3385 5260 3496 5330 est,
3521 5268 3652 5326 quae

286 5344 420 5419 γίαν,
491 5348 576 5402 καὶ
620 5347 988 5423 ἀναισθησίαν,
1048 5350 1136 5405 καὶ
1192 5349 1474 5424 ἀνοησίαν,
1527 5348 1612 5405 ἐπὶ
1669 5349 1767 5423 μὲν
1819 5350 1918 5403 τῶν

2009 5362 2043 5404 a
2075 5341 2316 5404 nemine
2348 5338 2589 5416 infringi
2620 5337 2829 5416 possit,
2854 5349 3098 5420 propter
3120 5359 3295 5401 suum
3319 5339 3651 5419 simplicem

285 5431 484 5510 ἀλόγων
526 5458 583 5492 τε
644 5439 734 5493 καὶ
775 5437 1031 5518 ἀψύχων,
1076 5439 1251 5502 καθὼς
1310 5438 1396 5494 ἐπὶ
1470 5447 1561 5495 τοῦ
1632 5437 1775 5494 λίθου
1815 5437 1914 5504 τὴν

2008 5452 2079 5494 ac
2105 5439 2402 5510 purum,et
2426 5428 2487 5488 in
2511 5427 2673 5488 nullo
2700 5427 3163 5518 eaorbitantem,
3204 5437 3395 5518 atque,
3431 5434 3650 5489 immu-

287 5520 636 5595 ἀναισθησίαν,
675 5528 811 5583 κατά
835 5528 1086 5606 στέρησιν
1131 5526 1380 5606 λὲγομενο
1421 5527 1506 5586 ἐπὶ
1555 5525 1609 5585 δὲ
1641 5529 1745 5584 τῶν
1777 5549 1910 5594 νοη-

2008 5521 2242 5584 labilem
2275 5518 2488 5580 divinae
2517 5515 2994 5606 pulchritudinis
3016 5517 3464 5606 amoremﬂﬁet
3495 5525 3648 5579 tota-

293 5616 388 5666 τῶν
431 5616 516 5669 καὶ
546 5615 741 5688 ἀῦλων,
771 5619 904 5673 κατα
935 5619 1224 5698 ἀπόφασιν,
1261 5619 1366 5677 Καὶ
1399 5616 1482 5674 διὰ
1515 5618 1610 5692 μὲν
1656 5619 1716 5673 τὸ
1746 5617 1910 5695 ὕπερ-

2008 5611 2112 5672 lem
2135 5610 2352 5688 impetu
2366 5608 2495 5668 min
2517 5605 2571 5666 id
2590 5605 2742 5684 quod
2759 5625 2892 5667 vrre
2910 5604 3646 5681 amabileexsistitDenuo,

294 5704 432 5779 ἐχειν
477 5704 621 5780 αὐτα,
657 5708 730 5771 ὡς
779 5709 1128 5784 ὑπερκείμενα
1186 5706 1277 5763 τοῦ
1335 5705 1450 5764 καθ’
1499 5707 1644 5788 ἡμᾶς
1701 5727 1909 5787 προφο-

2008 5698 2532 5768 lrrationali’atem,
2562 5702 2618 5755 et
2643 5693 3186 5776 inscusibililalern,
3207 5703 3263 5756 et
3294 5697 3643 5778 amentiam,
