4042 6206
315 283 428 362 163
1487 279 1549 355 Β.
1592 283 1938 360 DIONYSII
1977 282 2493 360 AREOPAGlT/E
3577 291 3685 372 164

306 436 369 492 in
427 430 551 493 Deo
604 427 666 492 id
728 420 849 510 fiat,
896 417 946 492 si
983 418 1259 490 cmlestes
1289 442 1525 505 quoque
1566 427 1810 488 virtutes
1843 442 1947 508 per

2037 429 2279 505 ζήτησιν,
2333 432 2432 488 οἰκ
2494 430 2595 488 ἐων
2650 431 2804 509 ἤμων
2847 434 2938 490 τὸν
3000 435 3119 490 νοῦν
3169 434 3519 512 ἐναπομετναι
3578 453 3692 506 τοῖς

305 521 542 583 ultimas
569 528 629 583 et
657 516 977 580 dissimiles
1000 513 1430 605 similitudines
1476 515 1894 593 exprimantur
1933 535 1947 580 :

2037 518 2426 598 ἱστορουμένοις
2498 522 2569 586 ὡς
2657 521 2873 603 ’ἔχουσιν
2931 572 2945 597 ,
3036 521 3162 580 ἀλλ’
3243 525 3472 605 ξρεθίζον
3543 527 3694 586 ἀπα-

305 631 438 675 nam
471 619 529 672 et
558 612 668 672 hoc
699 609 847 670 forte
872 606 1011 668 dum
1041 623 1150 668 nos
1183 604 1441 686 perculit
1465 613 1708 686 propter
1739 607 1947 669 ditior-

2037 609 2295 666 ναίνεσθαι
2351 610 2542 675 ταύτας
2604 613 2690 668 καὶ
2749 612 3053 689 προσεθίῗον
3110 613 3209 670 ἆτὸ
3259 616 3458 676 τούτων
3490 616 3556 687 δὴ
3586 620 3691 678 τῶν

303 703 565 764 mitatem
592 697 870 777 ﬁctionis,
897 693 1569 776 quamanifestabantur
1593 714 1659 758 ac
1683 696 1947 758 declara-

2037 698 2363 778 φαινομένων
2386 703 2459 764 εἱς
2489 701 2771 781 ἀναγῶγὰς
2805 702 3188 764 ἀνατείνεσθαι.

300 789 536 867 bantur,
571 787 746 850 simul
795 787 973 847 movit
1004 786 1074 847 ad
1109 786 1479 875 ejuscemodi
1511 785 1988 868 inquisitionem,
2025 805 2145 850 non
2189 787 2441 850 sinendo
2476 799 2736 853 mentem
2770 800 3035 854 nostram
3069 792 3165 868 iis,
3201 793 3419 875 quibus
3467 797 3696 862 descri-

303 881 617 971 bebantur,
642 879 842 971 ﬁguris
874 875 1204 955 immorari,
1241 874 1350 937 sed
1377 876 1668 971 encitabat
1689 876 1771 937 ‘ad
1805 877 2332 971 illas-renuendas,
2360 879 2765 962 incitabatque
2794 889 2857 944 ut
2879 881 2952 944 ab
2975 881 3091 962 bis,
3127 874 3264 962 quae
3295 890 3690 971 apparebant,

301 970 376 1033 ad
406 985 718 1047 anagogas,
757 965 878 1028 sive
903 983 1122 1026 sensus
1155 984 1190 1026 a
1224 965 1481 1027 terrenis
1515 964 1913 1048 abducentes,
1947 967 2421 1032 intenderemus.

386 1058 525 1121 Haec
576 1057 649 1119 de
703 1054 1036 1117 istiusmodi
1092 1053 1587 1116 similitudinibus
1611 1054 1726 1116 sint
1771 1055 1951 1120 dicta.

305 1149 488 1212 Recte
505 1154 696 1210 autem
728 1145 858 1207 illas
887 1143 1332 1226 angeliformes,
1367 1163 1484 1207 non
1515 1145 1813 1226 angelicas
1843 1166 1952 1228 ap-
1985 1157 1994 1164 '

301 1248 532 1320 pellavit
558 1269 570 1304 :
596 1260 713 1304 non
745 1245 899 1302 enim
931 1245 1441 1316 angelorum,sicut
1471 1245 1529 1302 in
1557 1261 1616 1301 se
1645 1246 1954 1312 suut,ima-

303 1340 466 1412 gines
498 1337 729 1408 depicta:
782 1335 1043 1400 sunt,sed
1073 1333 1487 1392 eii'ormationis
1522 1351 1716 1394 rerum
1753 1337 1954 1394 incor-

301 1441 601 1500 porearum
631 1424 939 1498 quamdam
972 1426 1222 1497 speciem
1265 1440 1377 1496 prae
1428 1441 1490 1483 se
1525 1427 1736 1484 ferunt.
1773 1427 1953 1493 Caete-

297 1533 430 1578 rum
453 1517 574 1590 jam
612 1513 999 1572 deﬁniendum
1034 1522 1085 1571 et
1117 1512 1547 1582 declarandum,
1590 1517 1731 1588 quid
1776 1531 1950 1588 porro

301 1608 608 1680 ipsammst
636 1603 1008 1661 hierarchiam
1056 1619 1183 1662 esse
1214 1603 1565 1663 arbitremur
1594 1623 1613 1669 ;
1643 1605 1851 1678 quidve
1879 1606 1950 1664 ab

301 1712 366 1756 ea
397 1697 538 1755 lucri
599 1695 827 1765 capiant
892 1693 1227 1752 bierarchia
1278 1709 1347 1752 ex
1379 1696 1557 1753 sacris
1600 1697 1948 1755 caeremoniis

299 1782 950 1860 mysteriisque.Utinam
973 1793 1164 1842 autem
1192 1783 1338 1841 viam
1365 1793 1580 1842 sternet
1612 1785 1947 1850 Christus,si

298 1878 442 1936 mihi
494 1877 577 1934 iis
627 1876 698 1932 sit
747 1872 955 1939 dicere,
1013 1888 1196 1940 meus.
1237 1875 1749 1946 apprOpinquando
1811 1877 1948 1934 mihi

2123 1063 2360 1116 Τοσαῦτα
2405 1059 2504 1135 μὲν
2560 1060 2784 1136 εἰρὴσθω
2836 1062 2953 1140 περὶ
3013 1069 3122 1120 τῶν
3181 1067 3438 1125 τοιοὺτων
3483 1071 3692 1145 ὁμοιωο

2037 1148 2244 1223 μάτων.
2337 1149 2531 1216 Καλῶς
2608 1149 2663 1206 δὲ
2744 1150 3134 1230 ἂγγελοειδεῖς,
3229 1157 3322 1214 οὐκ
3400 1158 3692 1238 ἇγγελικὰς

2035 1237 2189 1296 εἶπεν
2232 1256 2247 1274 ⁶
2321 1239 2378 1297 οὗ
2439 1241 2540 1318 γὰρ
2617 1241 2790 1297 αὐτῶν
2859 1248 2966 1298 τῶν
3023 1241 3265 1322 ἀγγέλων
3320 1244 3392 1310 ὥς
3453 1237 3582 1306 εἰσιν
3640 1251 3694 1304 αἱ

2033 1327 2232 1393 εἰκόνες
2300 1328 2730 1410 ἀπεγράφησαν,
2792 1329 2912 1387 ἀλλ’
2958 1329 3186 1413 ἔμφασιν
3242 1356 3360 1392 τινα
3409 1335 3694 1403 εἷδοποιίας

2033 1423 2138 1474 τῶν
2208 1418 2508 1476 ἀσωμάτων
2587 1418 3031 1499 ἂπεμφαίνουσιν.
3121 1413 3276 1492 Ἐξῆς
3365 1423 3420 1481 δὲ
3501 1428 3695 1506 πρέπει

2033 1507 2373 1589 ἀφορίσασθαι
2445 1511 2532 1566 καὶ
2589 1509 2912 1591 διασαφῆσαι
2947 1559 2963 1586 ,
3027 1513 3077 1570 τί
3161 1515 3260 1589 μὲν
3346 1518 3514 1586 αὒτὴν
3591 1520 3692 1588 τὴν

2031 1598 2303 1690 ἱεραρχίαν
2359 1603 2500 1656 εἶναι
2545 1601 2793 1690 propellat,
2837 1602 2888 1657 τί
2945 1600 3000 1658 δέ
3058 1601 3183 1682 παρ’
3240 1606 3404 1675 αὒτῆς
3435 1610 3482 1666 οἱ
3513 1611 3695 1690 ιεράρ-

2032 1709 2130 1766 χαι
2160 1685 2486 1767 ὠφελοῦνται
2538 1687 2623 1745 διὰ
2673 1696 2779 1746 τῶν
2835 1693 2986 1769 ἰερῶν
3044 1692 3276 1750 τελετῶν
3331 1699 3422 1753 καί
3478 1685 3689 1775 μυστη-

2031 1775 2178 1855 ρίων,
2214 1776 2340 1834 Εἴθε
2373 1776 2428 1834 δὲ
2457 1777 2870 1859 προοδοποιήσοι
2901 1784 3124 1860 Χριστὸς
3161 1786 3189 1839 ὁ
3252 1784 3403 1866 ἐμος,
3467 1787 3538 1867 (εἴ
3595 1812 3693 1864 μοι

2030 1877 2185 1926 τοῦτο
2235 1870 2387 1943 θέμις
2436 1870 2630 1945 εἰπεῖν,
2685 1869 3088 1946 ίδίοποιουμένῳ
3119 1874 3179 1928 τὸ
3236 1878 3466 1956 κοινὸν,)
3509 1881 3543 1947 ἡ
3575 1880 3693 1936 πά-

299 1967 452 2042 quod
473 1978 778 2025 commune
797 1964 1006 2035 est,qui
1025 1965 1310 2022 universa
1329 1965 1699 2023 sacerdotalis
1719 1967 1947 2025 institu-

2037 1979 2135 2024 σης
2181 1956 2448 2036 ἱερατικῆς
2504 1960 2878 2021 καταστὰσεως
2934 1959 3180 2018 ἐπίπνοιᾶ
3239 1966 3325 2021 καὶ
3408 1964 3692 2032 διάδοσιςέ

303 2037 478 2116 tionis
509 2066 590 2114 est
612 2053 906 2126 inspiratio
932 2055 1385 2128 traditioquelTu
1409 2055 1650 2125 vero,ﬂli
1674 2056 1947 2129 (loquitur

2037 2049 2109 2102 Σὺ
2165 2044 2243 2120 δὲ,
2305 2047 2350 2103 ὦ
2406 2057 2533 2128 παῖς
2586 2049 2740 2127 (φησὶ
2770 2050 2900 2128 πρὸς
2959 2051 3266 2133 Τιμόθεον)
3299 2057 3436 2112 κατὰ
3464 2059 3562 2127 τήν
3595 2072 3694 2122 τοῦ

299 2149 372 2208 ad
403 2145 1142 2221 Timotheum),secundum
1176 2145 1320 2218 legis
1343 2154 1554 2203 nostra
1581 2146 1949 2205 traditionem

301 2229 545 2308 (Sancta
577 2231 738 2293 enim
770 2230 1042 2311 sanctis),
1094 2231 1371 2308 ipsemet,
1409 2235 1471 2287 ut
1521 2236 1725 2289 sancta
1753 2228 1946 2311 decet,

298 2327 360 2382 et
386 2339 506 2382 non
536 2328 773 2382 terrena
793 2322 1024 2383 ratione
1056 2317 1220 2388 audi,
1245 2315 1305 2377 in
1329 2315 1724 2397 explicatione
1749 2336 1949 2380 rerum

299 2409 636 2472 divinarum
695 2411 938 2474 divinus
990 2409 1180 2471 factus
1213 2425 1231 2488 ;
1263 2413 1438 2487 atque
1487 2423 1701 2468 arcana
1751 2416 1952 2470 mente

307 2519 438 2581 quae
460 2510 664 2565 sancta
684 2511 845 2585 sunt,
875 2521 909 2565 a
932 2499 1196 2583 profanis
1220 2498 1361 2559 viris
1383 2498 1788 2578 abscondens,
1819 2507 1948 2560 tan-

299 2615 474 2672 quam
506 2601 816 2660 uniformia
839 2599 1373 2672 simpliciaqueﬂs
1395 2606 1457 2656 ut
1477 2612 1612 2671 quae
1636 2598 1950 2655 verborum

301 2681 737 2762 compositione
775 2690 955 2763 atque
1005 2678 1326 2743 involuaris
1379 2680 1627 2740 minime
1658 2677 1949 2758 indigent,

294 2769 768 2834 tuere.0bserva
780 2779 1074 2846 autem,ut
1097 2766 1458 2831 multitudini
1486 2767 1949 2830 uniformitatem

301 2859 681 2940 subjunxerit
717 2881 734 2924 :
763 2880 862 2924 res
892 2861 1053 2922 enim
1089 2867 1313 2921 sanctae
1348 2857 1658 2934 uniiicaut,
1692 2857 1952 2936 profana:

299 2967 438 3012 vero
469 2949 827 3013 distrahunt.
850 2949 978 3012 Non
1011 2948 1170 3012 enim
1200 2965 1430 3028 aequum
1461 2955 1571 3023 est,
1587 2947 1764 3027 juxta
1784 2965 1953 3010 sacra

302 3038 622 3118 Evangelia
651 3041 946 3121 projicere
993 3039 1191 3120 porcis
1211 3037 1569 3118 spiritalium
1597 3037 1949 3117 margarita-

299 3148 438 3193 rum
488 3129 788 3214 purumab
845 3127 1010 3191 omni
1048 3137 1284 3190 terrena
1318 3125 1734 3188 commistione
1781 3127 1954 3190 illus-

2033 2138 2293 2219 ἡμετέρου
2327 2139 2486 2212 νόμοι)
2540 2139 2820 2220 παράδοσιν
2857 2143 2948 2216 (τὰ
3003 2143 3130 2223 ἃγια
3176 2146 3276 2224 γὰρ
3337 2161 3456 2213 τοτς
3495 2151 3698 2228 ἂγιοις)

2033 2230 2189 2320 αὐτος
2245 2249 2300 2284 τε
2359 2228 2687 2320 ἱεροπρεπῶς
2743 2231 2829 2288 καὶ
2899 2231 2978 2307 μὴ
3030 2233 3327 2312 χθαμαλῶς
3391 2236 3574 2320 ἄκουε,
3631 2241 3691 2296 ἐν

2034 2318 2242 2409 μυήσειΔ
2271 2322 2377 2409 τῶν
2453 2317 2643 2409 ἐνθέων
2700 2341 2978 2397 γινομενος
3051 2321 3250 2398 ἔνθεος,
3311 2329 3400 2384 καὶ
3455 2317 3689 2409 κρυφίως

2033 2404 2399 2486 περικαλύψας
2430 2409 2495 2463 τὰ
2536 2408 2663 2487 ἅγια
2693 2409 2830 2466 κατὰ
2878 2409 2999 2467 νοῦν
3049 2412 3111 2469 ix
3158 2421 3263 2470 τῶν
3317 2404 3537 2496 ἀνιέρων
3568 2404 3690 2474 ’ἀν-

2035 2499 2188 2580 δρῶν,
2250 2501 2320 2567 ὦς
2373 2502 2576 2572 ἑνοειδῆ
2629 2504 2716 2561 καὶ
2767 2503 2912 2561 ἁπλᾶ
2954 2507 3040 2562 καὶ
3097 2506 3175 2581 μὴ
3227 2504 3451 2583 δεόμενα
3508 2507 3694 2586 λόγων

2034 2591 2322 2656 συνθέσεως
2383 2591 2730 2673 διαφύλαξον.
2784 2586 2938 2672 ’Ὂρα
2998 2593 3086 2676 δὲ,
3145 2597 3274 2674 πρὸς
3333 2598 3395 2653 τὸ
3453 2596 3694 2665 πληθᾶος

2033 2681 2096 2737 τὸ
2149 2679 2352 2748 ένοειδη
2405 2681 2645 2761 ἐπήγαγε
2678 2699 2692 2714 ·
2775 2684 2841 2741 τὰ
2889 2685 2990 2760 μὲν
3045 2686 3145 2765 γὰρ
3202 2685 3333 2764 ἅγια
3386 2686 3625 2745 ένοποιεῖ
3667 2707 3682 2720 ⁸

2030 2771 2097 2828 τὰ
2151 2769 2206 2826 δὲ
2259 2769 2463 2848 βέϐηλα
2536 2770 2981 2837 διασκεδάννυσιν,
3014 2778 3087 2834 Οὔ
3169 2776 3270 2854 γὰρ
3325 2774 3550 2850 δίκαιον,
3609 2781 3691 2843 ὡς

2031 2862 2097 2918 τὰ
2152 2861 2264 2940 ἱερά
2319 2882 2477 2940 φασιν
2536 2861 2850 2942 Εὐαγγέλια,
2899 2865 2971 2928 εἷς
3007 2865 3222 2944 χοίρους
3267 2864 3551 2944 ἀπορῥίψαι
3584 2889 3690 2934 την

2031 2951 2138 3008 τῶν
2191 2954 2400 3018 νοητῶν
2457 2957 2797 3030 μαργαριτῶν
2857 2953 3028 3032 ἁμιγῆ
3085 2959 3184 3020 τῆς
3265 2960 3415 3011 κᾶτω
3473 2957 3693 3035 συγχύ-

2037 3061 2173 3105 σεως
2216 3041 2303 3096 καὶ
2351 3038 2599 3118 λαμπρὰν
2655 3039 3002 3121 φαιδρὸτητα.
3061 3045 3236 3100 Παϊδα
3292 3042 3347 3100 δὶ
3394 3043 3540 3123 λέγει
3596 3046 3693 3100 τὸν

2039 3127 2338 3187 ἀπόστολον
2368 3132 2645 3206 Τιμόθεοι,
2705 3129 2735 3198 ii
2797 3133 2870 3196 ὡς
2960 3129 3308 3210 προϐεϐηκὼς
3365 3146 3484 3199 τοῖς
3510 3132 3692 3190 ἔτεσιν

300 3237 561 3302 tremque
592 3226 1197 3303 splendorem.Filium
1231 3240 1366 3284 vero
1417 3234 1570 3283 vocat
1636 3225 1947 3295 apostolum

2041 3222 2192 3284 οὗτος
2225 3264 2243 3294 ,
2284 3219 2320 3287 ἡ
2371 3216 2455 3277 διὰ
2511 3222 2571 3276 τὸ
2601 3219 2891 3299 ἐρωτᾶσθαι
2926 3219 3052 3300 παρ’
3086 3225 3266 3302 αὐτοῦ,
3315 3222 3566 3280 κάκεῖνον
3597 3221 3693 3279 δι-

300 3308 712 3392 Timotheum,
743 3310 834 3372 vel
864 3308 1021 3391 quod
1061 3306 1234 3370 annis
1287 3314 1446 3368 esset
1477 3309 1833 3388 provectior,
1868 3305 1947 3370 vel

2040 3308 2317 3367 δάσκεσθᾶι
2353 3325 2368 3340 ⁸
2402 3308 2532 3390 εἶχε
2562 3310 2662 3390 γὰρ
2721 3309 2959 3393 μεγάλα-ς
3018 3313 3112 3376 τὰς
3161 3312 3480 3393 ἔνοχλήσεις
3539 3315 3695 3386 παρὰ

300 3399 462 3482 quod
491 3399 562 3462 ab
595 3401 806 3463 eodem
839 3406 1080 3478 rogatus
1111 3405 1267 3459 esset
1298 3396 1424 3458 haec
1474 3396 1950 3476 edocerezsiqui-

303 3489 441 3552 dem
472 3490 561 3552 illi
592 3507 830 3569 magnas
864 3487 1066 3549 turbas
1087 3485 1464 3549 facessebant
1510 3486 1659 3548 Ionii
1683 3487 1953 3568 philoso-

2033 3406 2142 3456 τῶν
2183 3402 2238 3455 εν
2285 3399 2458 3472 Ἰωνίᾳ
2513 3398 2840 3480 φιλοσόφων.
2903 3390 2989 3458 ’Ἠ
3043 3402 3166 3467 τοὺς
3215 3390 3317 3470 την
3363 3403 3588 3460 ἀκακίαν
3614 3403 3692 3459 ἁ-

2037 3496 2292 3552 σιιοῦντας
2321 3487 2517 3552 παῖδας
2539 3487 2965 3564 ἐκάλουν,καθώς
2999 3513 3135 3558 τινες
3169 3494 3388 3551 παλαιοὶ
3416 3495 3685 3573 ἱστοροῦσι

305 3579 431 3661 pbi.
455 3578 564 3643 Vel
593 3580 775 3642 etiam
799 3576 1160 3642 innocentiae
1187 3577 1496 3640 studiosos
1521 3595 1741 3659 pueros
1777 3597 1947 3643 voca-

2038 3582 2159 3663 περὶ
2183 3580 2396 3658 τούτου,
2429 3579 2510 3638 ὅτι
2538 3584 2608 3658 τῇ
2634 3579 2832 3639 ἀκακια
2859 3579 3194 3660 ἐσεμνύνετο.

301 3669 629 3746 bant,sicut
650 3668 890 3752 quidam
916 3675 1150 3732 veteres
1179 3665 1430 3729 historia
1456 3666 1958 3752 tradiderunt,ip-

304 3776 438 3822 sum
469 3759 836 3824 innocentiae
854 3757 1037 3822 laude
1059 3755 1362 3820 celebrem
1388 3756 1716 3823 exstitisse.

854 4048 1214 4136 CAPUT
1258 4049 1412 4142 III.

351 4181 517 4268 Quid
541 4186 624 4255 sit
653 4188 1032 4269 hierarchia,
1063 4197 1122 4256 et
1151 4207 1424 4274 quamam
1448 4185 1577 4273 ejus
1604 4190 1876 4257 utilitas.

2453 4051 3099 4140 ΚΕΦΑΛΑΙΟΝ
3187 4054 3273 4137 Γ’

2201 4181 2260 4246 Τί
2290 4185 2434 4246 ιστιν
2462 4181 2730 4265 ἱεραρχία,
2757 4181 2863 4329 ὅἷιοιὶ
2890 4181 2970 4247 τίς
2998 4183 3034 4252 ἡ
3077 4183 3216 4240 κατὰ
3242 4166 3518 4265 ἱεραρχίαν

2789 4291 2966 4329 νηοις.

2789 4291 2966 4340 νηοις,

1641 4358 1995 4430 SYNOPSIS
2033 4361 2353 4431 CAPITIS.

301 4467 346 4528 Ι.
378 4463 582 4546 Deﬂuit
605 4459 1240 4546 Ιιξενονοιιὶαιηηιιιηιᾳιιε
1270 4467 1548 4546 tri/ariam
1576 4469 1790 4546 dividit.
1818 4472 1886 4546 _Ii.
1919 4470 2386 4546 Ezponitquis_sit_
2407 4469 2541 4546 ﬁnis
2559 4469 2668 4546 sive
2688 4482 2882 4546 scapus
2906 4466 3306 4546 hierarchiaet
3323 4467 3506 4541 qualis
3616 4484 3688 4526 ea

374 4543 446 4616 sit
459 4536 863 4601 subordinatio:
883 4547 934 4600 et
953 4543 1117 4616 simul
1135 4536 1381 4612 ὁςτεηάιὶ,
1391 4543 1758 4616 perfectionem
1778 4541 1895 4616 ejus
1914 4536 2204 4603 consistere
2212 4544 2268 4600 in
2289 4541 2384 4599 Dei
2406 4536 2970 4616 imitatione”?qu
2987 4539 3294 4616 functiones
3308 4536 3687 4616 aesomnium,

369 4614 698 4690 illuminare,
722 4617 995 4690 perﬁcere.
1028 4615 1100 4672 lli
1113 4659 1125 4673 .
1149 4610 1425 4690 Explicet,
1447 4610 1583 4688 quid
1603 4610 1868 4674 incumliat
1890 4622 2006 4675 tam
2023 4617 2091 4674 iis
2110 4617 2206 4690 qui
2218 4617 2538 4688 expiantur,
2561 4610 2962 4680 illuminantur,
2982 4610 3535 4685 perﬁciuntur,qu
3565 4610 3684 4670 illis

371 4686 462 4759 qui
478 4686 734 4761 expiant,
745 4686 1068 4745 illuminant
1096 4686 1254 4761 atqui
1271 4686 1576 4762 perﬁciunt.

1923 4757 2045 4840 §I.

374 4867 480 4931 Est
508 4868 1008 4947 hierarchia,meo
1033 4869 1279 4951 quidem
1295 4869 1548 4952 judicio,
1564 4873 1749 4934 ‘sacer
1775 4868 1945 4951 ordo,

2112 4866 2294 4928 "Eni
2325 4867 2422 4946 μὶν
2476 4865 2744 4948 ἱεραρχία,
2782 4862 2903 4923 κατ’
2955 4863 3074 4945 iud,
3103 4861 3248 4952 τάξις
3275 4862 3411 4944 ἱερὰ,
3444 4863 3534 4922 καὶ
3556 4863 3688 4922 lm-

299 4967 361 5024 et
386 4958 660 5036 scientia,
695 4968 752 5022 et
776 4960 932 5022 actio
963 4979 1100 5042 quae
1126 4959 1201 5024 ad
1256 4951 1718 5039 deformitatem,
1751 4978 1945 5043 quau-

2037 4959 2235 5035 ττήμη,
2293 4960 2380 5016 καὶ
2438 4957 2680 5038 ἐνέργεια
2739 4956 2868 5035 πρὸς
2926 4957 2989 5012 τὸ
3049 4951 3278 5043 θεοειδὲς
3333 4954 3408 5019 ὡς
3469 4953 3690 5035 ὶφικτὺν

300 5057 424 5113 tum
457 5049 545 5113 fas
572 5059 683 5130 est,
711 5049 964 5126 accedit,
986 5041 1174 5132 atque
1203 5049 1398 5113 insitis
1426 5049 1539 5113 sibi
1561 5041 1845 5114 divinitus
1866 5050 1943 5112 il-

2037 5047 2447 5130 ὶφομοιουμένη,
2511 5050 2600 5105 καὶ
2652 5047 2783 5124 πρὸς
2830 5046 2924 5110 τὰς
2983 5041 3324 5120 ενδιδομὶνας
3383 5044 3519 5122 αὒτῇ
3559 5046 3692 5102 θεό-

300 5137 756 5205 lustrationibus
785 5139 1176 5222 proportione
1204 5140 1456 5223 quadam
1487 5141 1561 5203 ad
1583 5142 1692 5205 Dei
1721 5142 1944 5206 subve-

2037 5144 2114 5198 θεν
2156 5139 2454 5218 ἑλλάμψιις
2508 5138 2786 5218 ἀναλόγως
2839 5137 2925 5195 ἐπὶ
2983 5137 3043 5196 τὸ
3092 5136 3418 5213 θεομίμητον
3476 5135 3687 5217 ἀναγο-

296 5231 464 5295 bitur
491 5229 906 5292 imitationem.
923 5233 1101 5293 Porro
1133 5249 1204 5294 ea
1233 5249 1365 5314 quae
1386 5230 1576 5294 Deum
1600 5231 1942 5311 decet,pul-

2037 5230 2186 5309 ue'vn,
2227 5233 2298 5292 Τὸ
2326 5229 2381 5289 δὲ
2410 5230 2702 5311 θεοπρεπὲς
2761 5226 2983 5304 κάλλος,
3036 5228 3112 5293 ὡς
3157 5225 3381 5303 ἁπλοῦν,
3433 5228 3508 5294 ὡς
3540 5227 3690 5307 ἀγα-

300 5319 600 5396 cbritudo,
637 5327 698 5383 ut
727 5317 1012 5401 simplex,
1040 5327 1103 5381 ut
1126 5318 1305 5395 bona,
1341 5325 1404 5380 ut
1425 5319 1589 5398 origo
1616 5317 1945 5399 perfectio~

2037 5323 2140 5403 θὸν²
2197 5323 2272 5388 ὡς
2350 5319 2755 5401 τελὲταρχικὺν,
2839 5317 3032 5398 ἀμιγὲς
3090 5316 3188 5394 μὲν
3272 5315 3383 5374 ἂστι
3455 5315 3692 5374 καθὸλου

303 5409 423 5486 nis,
457 5410 604 5473 nulli
630 5410 868 5471 omnino
924 5419 1011 5471 est
1043 5409 1292 5471 admista
1315 5407 1816 5490 dissimilitudiui,
1848 5406 1947 5468 sed

2039 5413 2214 5480 πάσης
2301 5411 2706 5489 ἀνομοιότητος,
2798 5406 3144 5484 μεταδοτιγὸν
3233 5404 3288 5463 δὲ
3360 5405 3480 5463 κᾶτ’
3539 5407 3691 5474 ἀξίαν

303 5517 410 5580 pro
440 5501 731 5580 cujusque
754 5497 970 5560 merito
995 5498 1236 5561 cuilibet
1264 5499 1462 5560 lumen
1487 5515 1662 5559 suum
1686 5495 1947 5577 imperti

2037 5501 2242 5576 ἑκάστῳ
2297 5501 2390 5559 τοῦ
2465 5499 2656 5560 οἰκείου
2749 5499 2948 5579 φωτὸς,
3024 5498 3112 5553 καὶ
3210 5495 3550 5554 τελειωτικδν
3631 5499 3691 5552 ιν

307 5596 423 5663 tur,
457 5589 602 5651 etin
637 5603 1012 5652 sacramento
1055 5588 1448 5670 diviuissimo,
1494 5587 1566 5649 ad
1599 5587 1947 5650 immutabi-

2037 5589 2223 5669 τελετῇ
2253 5593 2500 5669 θειοτάτῃ
2529 5590 2664 5646 κατὰ
2694 5587 2793 5657 τὴν
2841 5589 2974 5668 πρὸς
3007 5583 3165 5645 ἑαυτὸ
3195 5585 3305 5645 τῶν
3351 5583 3688 5664 τελουμένων

307 5677 486 5740 litatis
529 5697 652 5740 sum
681 5679 944 5760 speciem
976 5678 1451 5744 transformaudo
1481 5686 1878 5744 consummat.

2037 5679 2354 5759 ὶναρμονίως
2386 5677 2800 5763 ἀπαράλλακτον
2819 5678 3120 5760 μόρῳωσιν.
