4042 6206
500 299 606 376 171

1669 307 1732 370 S.
1781 297 2119 374 DIONYSII
2149 295 2674 374 AREOPAGITE.

3759 311 3868 388 1‘72

500 446 637 510 chia
663 463 781 508 non
813 442 1003 536 solum
1031 443 1301 536 scientia,
1327 444 1433 508 sed
1467 453 1524 506 et
1553 445 1819 526 operatio
1865 443 2137 527 appella-

2224 444 2309 500 καὶ
2369 443 2626 522 ἐνέργεια,
2677 447 2768 504 ἵνα
2815 449 2948 506 κατὰ
2976 449 3076 516 τὴν
3115 452 3328 520 ,ἑαυτῆς
3383 453 3487 519 ἕξιν
3535 459 3864 536 ενεργήσειεν

504 549 622 615 tur,
658 545 722 598 ut
750 535 1077 598 secundum
1110 533 1376 597 habitum
1427 554 1600 597 suum
1627 545 1907 615 operetur
1931 540 1985 598 in
2013 538 2145 599 aliis

501 627 1024 690 illuminationem.
1059 625 1436 705 Quapropter
1463 626 1640 688 etiam
1673 626 1746 687 ad
1780 625 2142 688 deiformita-

503 725 623 780 tem
654 715 948 778 refertur:
985 733 1120 776 nam
1147 715 1476 776 secundum
1513 717 1725 776 inditas
1748 716 1862 776 sibi
1890 717 2141 779 illustra-

503 809 833 886 tiones,pro
848 812 1020 884 captu
1045 823 1153 865 suo
1177 804 1250 864 ad
1286 806 1392 868 Dei
1415 804 1806 866 imitationem
1830 806 2145 868 adducitur

507 895 647 958 dum
664 903 977 958 extraneos
1006 893 1380 956 divinaalucis
1422 894 1742 974 participes
1767 894 2140 967 reddit.Quo-

507 987 664 1047 niam
693 1001 833 1064 ergo
857 982 1193 1044 hierarchia
1209 982 1528 1060 quamdam
1549 982 1656 1043 Dei
1679 983 1924 1044 formam
1945 1003 2008 1046 ex
2019 985 2144 1065 pri-

508 1072 944 1155 mit,quomodo
975 1071 1034 1134 id
1087 1073 1186 1132 ﬁat
1210 1071 1433 1151 pandit.
1469 1070 1574 1132 Illa
1599 1091 1730 1151 quae
1757 1075 1940 1134 Deum
1977 1073 2150 1135 decet

505 1162 884 1246 pulchritudo
913 1180 982 1224 ac
1005 1171 1302 1241 venustas,
1327 1159 1400 1222 ab
1431 1161 1594 1222 omni
1619 1169 1858 1224 terrena
1879 1162 2172 1224 dissimi-'

509 1254 761 1318 litudine
779 1258 1004 1314 remota
1023 1250 1363 1321 est;nullam
1389 1250 1548 1311 enim
1580 1270 1716 1312 cum
1741 1251 1920 1314 rebus
1933 1253 2147 1332 genitis

506 1340 1016 1425 participationem
1042 1338 1220 1401 habet
1249 1357 1261 1402 :
1302 1347 1422 1400 tum
1446 1340 1726 1420 quoniam
1755 1340 2002 1421 simplex
2032 1349 2138 1414 est,

506 1436 633 1496 haec
663 1449 802 1494 vero
832 1429 1030 1490 omnia
1057 1429 1383 1510 composita
1407 1447 1476 1490 ex
1497 1430 1928 1508 elementis,vel
1965 1441 2140 1494 mate-

503 1523 594 1584 ria
616 1528 675 1584 et
696 1521 882 1600 ﬁgura
901 1526 1174 1580 constant
1203 1536 1219 1594 ;
1255 1526 1374 1580 tum
1402 1517 1536 1598 quia
1558 1519 1711 1580 bona
1752 1534 1862 1594 est,
1897 1521 2014 1581 imo
2048 1522 2143 1603 ip-

501 1631 634 1674 sum
667 1611 888 1674 bonum
918 1627 933 1672 :
966 1608 1186 1669 bonum
1219 1615 1415 1670 autem
1449 1607 1649 1669 omnia
1691 1617 2002 1689 appetunt,
2039 1613 2144 1674 sed

505 1702 730 1764 bonum
756 1717 872 1760 non
895 1697 1292 1778 appetitaliud
1318 1715 1435 1758 ase
1480 1719 1492 1760 :
1554 1695 1788 1759 Numen
1820 1698 2016 1778 itaque
2049 1701 2144 1762 di-

505 1799 708 1853 vinum
734 1787 1090 1850 indeficiens
1133 1796 1243 1860 est,
1280 1784 1386 1848 sed
1419 1795 1705 1849 creaturae
1735 1795 2096 1868 suntegenae
2131 1811 2146 1868 ;

507 1890 631 1942 tum
665 1878 866 1958 etiam,
902 1877 1038 1957 quia
1090 1875 1470 1955 pulchritudo
1519 1876 1622 1937 illa
1669 1877 2022 1958 principium
2058 1889 2148 1943 est

509 1966 914 2052 perfectionis,
943 1965 1162 2045 quippe
1193 1965 1425 2027 auctrix
1463 1972 1521 2026 et
1550 1965 1713 2044 origo
1755 1967 1886 2044 ejus
1920 1988 1938 2028 :
1969 1987 2148 2030 omne

505 2068 702 2121 autem
734 2055 1078 2138 mysterium
1113 2054 1392 2135 perfectio
1426 2062 1540 2128 est,
1577 2053 1636 2115 in
1697 2065 1978 2135 quantum
2009 2065 2144 2118 ani-

509 2167 665 2210 mam
698 2145 932 2228 perficit
963 2166 988 2221 ;
1039 2153 1098 2204 at
1127 2151 1412 2205 creatui'ae
1443 2162 1560 2204 non
1597 2154 1821 2206 tantum
1851 2161 1970 2206 nun
2000 2147 2146 2210 dant

507 2237 739 2300 initium
774 2235 903 2296 talis
929 2233 1330 2314 perfectionis,
1365 2233 1470 2294 sed
1503 2232 1618 2293 illa:
1652 2233 1798 2312 ipsa:
1834 2244 1969 2294 sunt
2015 2255 2146 2316 qum

510 2322 1149 2407 perﬁciunturJdcirco
1169 2321 1367 2383 divina
1381 2321 1758 2401 pulchritudo
1774 2341 2144 2404 nequaquam

505 2415 581 2476 iis
601 2413 1010 2495 estpermista;
1035 2415 1320 2488 quoniam
1348 2417 1440 2471 est
1473 2412 1726 2490 ipsamet
1747 2411 2145 2488 uniformitas,

506 2512 565 2567 et
581 2502 911 2585 inqualitas,
948 2508 1008 2562 et
1035 2499 1337 2572 identitas,
1372 2498 1643 2576 quinimo
1671 2517 1787 2561 una
1819 2509 1985 2564 estet
2006 2501 2143 2564 uni-

510 2597 643 2671 lica,
678 2599 882 2673 utpote
924 2589 1175 2670 simplex
1219 2597 1276 2650 et
1307 2588 1676 2670 impermista
1705 2596 1882 2671 atque
1911 2591 2142 2652 incom-

507 2683 719 2764 posita.
746 2679 904 2762 quod
933 2696 1077 2742 vero
1108 2677 1382 2740 ditl‘orme
1408 2685 1498 2740 est
1533 2688 1594 2740 et
1629 2677 1940 2760 inaequale,
1971 2689 2145 2761 atque

506 2773 856 2849 alterum,et
885 2774 1224 2850 parvum,et
1255 2765 1630 2842 mutabile,id
1653 2767 1828 2830 etiam
1863 2770 2143 2832 materia-

2226 532 2312 589 ἐπ’
2345 533 2528 610 ἄλλοις
2563 539 2654 592 τὸν
2685 540 2983 616 φωτισμὸν,
3023 549 3120 598 Δια
3148 549 3301 598 τοῦτο
3331 546 3417 600 καὶ
3457 547 3578 621 πρὸς
3607 532 3865 605 θεοει-

2227 621 2714 714 δές-ἆφωμοίωταυ
2761 629 2900 684 κατὰ
2931 629 3030 706 γὰρ
3090 632 3183 694 τὰς
3213 629 3540 708 ἐνδιδομένας
3578 635 3870 714 ἓλλᾶμψεις

2226 711 2502 791 ἀναλόγως
2561 716 2632 776 εἰς
2692 719 3054 790 θεομιμησίαν
3105 719 3389 804 diti-(stat,
3421 725 3476 778 ἓν
3524 732 3600 796 τῷ
3635 711 3870 804 ἐνεργεῖν

2226 803 2315 858 τὸν
2349 806 2622 882 φωτισμὸν
2652 819 2770 870 τοῖς
2829 805 3036 870 ἔξωθεν,
3105 797 3254 866 Ἐπεὶ
3283 812 3315 876 ἡ
3345 797 3588 894 ἱεραρχία
3643 797 3779 893 πρθς
3815 819 3871 872 τὸ

2227 891 2454 956 θεοειδὲς
2514 893 2886 972 ἄφωμοίωται,
2951 898 3085 974 φησὶ
3140 899 3255 962 πῶς
3315 908 3469 958 τοῦτο
3522 891 3748 980 γίνεται.
3803 907 3870 963 Τὸ

2231 987 2356 1056 γοῦν
2412 984 2704 1058 θεοπρεπὲς
2758 987 2844 1040 καὶ
2897 992 3010 1060 Θεῷ
3066 987 3268 1064 πρέπον
3299 989 3500 1056 κάλλσς
3531 992 3711 1059 πάσης
3745 994 3870 1074 ἀφί-

2233 1092 2418 1126 σταται
2449 1073 2650 1148 γηίνης
2683 1071 3093 1147 ἀνομοιότητοςο
3128 1080 3187 1133 οὗ
3243 1080 3464 1160 μετέχει
3497 1082 3597 1160 γὰρ
3646 1071 3873 1159 πρὸςτᾶ

2231 1159 2284 1214 ὲν
2315 1159 2540 1238 γενέσει.
2593 1161 2673 1216 ὅτι
2733 1161 2909 1219 ἐκεῖνο
2968 1163 3066 1238 μὲν
3113 1165 3339 1242 ἁπλοῦν,
3373 1159 3536 1226 ταῦτα
3573 1159 3639 1226 νδέ
3669 1172 3874 1229 ἃπαντα

2228 1249 2443 1304 σύνθετα
2504 1249 2563 1304 ἐκ
2592 1251 2896 1331 στοιχείων,
2930 1251 2962 1319 ἥ
2995 1253 3046 1318 ἐξ
3076 1253 3229 1326 ὕλης,
3289 1259 3378 1314 καὶ
3435 1257 3610 1324 εἴδους
3659 1263 3875 1340 συγκεί-

2229 1359 2379 1410 μενα,
2413 1338 2500 1394 καὶ
2543 1338 2623 1394 ὁτι
2654 1338 2829 1396 ἐκεῖνο
2873 1341 2971 1415 μὲν
3027 1343 3246 1422 ἀγαθὸν,
3296 1349 3382 1402 καὶ
3433 1338 3750 1427 αὺτάγαθον,
3785 1358 3874 1408 τοῦ

2228 1426 2282 1482 δὲ
2313 1427 2510 1504 ἀγαθοῦ
2567 1418 2723 1484 πάντ’
2770 1429 2992 1508 ἐφίεται,
3029 1434 3114 1488 καὶ
3169 1435 3227 1490 οὗ
3274 1443 3428 1492 τοῦτο
3479 1418 3680 1516 ἑτέρου·
3713 1439 3876 1496 ἀνελ-

2227 1516 2380 1580 λιπὲς
2412 1517 2536 1596 γοῦν
2566 1519 2625 1573 τὸ
2657 1525 2834 1598 Θεϊον,
2869 1522 2934 1576 τὰ
2986 1519 3040 1576 δὲ
3099 1523 3359 1598 κτίσματα
3416 1525 3591 1582 ἐνδεᾶ·
3645 1531 3732 1584 καὶ
3789 1530 3870 1590 ὅτι

2230 1605 2405 1662 ἐκεῖνο
2462 1605 2860 1686 τελεταρχικὸν,
2923 1613 3076 1667 οἱονεὶ
3128 1611 3351 1692 ἔξαρχον
3402 1616 3574 1682 πάσης
3616 1616 3867 1684 τελετῆς.

2229 1691 2514 1759 τελετὴδέ
2571 1695 2680 1750 ἐστι
2737 1703 2839 1752 πᾶν
2885 1702 3197 1776 μυστήριον,
3248 1691 3323 1766 ὥς
3380 1701 3716 1762 τελειωτικὸν
3775 1713 3874 1775 τῆς

2175 1810 2210 1859 Β
2234 1788 2440 1862 ψυχῆς·
2475 1784 2638 1840 ταῦτα
2668 1785 2718 1840 δὲ
2771 1788 2847 1860 μὴ
2900 1809 3061 1862 μονον
3093 1791 3188 1847 οὒκ
3217 1789 3496 1871 ἐξάρχουσι
3539 1796 3638 1860 τῆς
3682 1799 3876 1852 τοιαύ-

2233 1896 2335 1938 αης
2385 1872 2630 1948 τελετῆς,
2669 1875 2804 1932 ἀλλᾶ
2863 1879 2950 1933 καὶ
2992 1879 3283 1955 τελούμενά
3341 1885 3462 1944 εἶσι,
3507 1887 3604 1941 Διὰ
3633 1894 3788 1942 τοῦτο
3813 1889 3876 1943 τὸ

2229 1966 2376 2020 θεῖον
2425 1962 2620 2028 κάλλος
2653 1963 2759 2020 ἐστὶ
2802 1965 2897 2040 μὲν
2955 1967 3146 2046 ἀμιγὲς
3199 1971 3329 2047 πρὸς
3387 1980 3577 2030 ταῦτα’
3611 1976 3878 2050 ὁμοιότης

2231 2053 2330 2128 γὰρ
2361 2054 2446 2107 καὶ
2481 2054 2663 2119 ἰσότης
2694 2057 2781 2110 καὶ
2829 2056 3112 2127 ταῦτότης,
3153 2061 3212 2114 τὸ
3243 2060 3298 2114 ἓν
3357 2063 3446 2117 καὶ
3473 2064 3750 2144 ἑνοποιὸν,
3783 2065 3880 2121 ἅτε

2229 2141 2426 2200 ἁπλοῦν
2473 2143 2560 2198 καὶ
2611 2142 2800 2220 ἆμιγὲς
2858 2145 2944 2202 καὶ
3001 2147 3280 2206 ἀσύνθετον
3313 2193 3327 2208 .
3385 2151 3635 2226 ἀνόμοιον
3665 2141 3746 2208 ’δὲ
3789 2157 3880 2210 καὶ

2231 2230 2432 2304 ἄνισον,
2495 2234 2583 2287 καὶ
2635 2233 2905 2314 ἑτερόκης,
2967 2238 3052 2292 καὶ
3103 2239 3317 2314 μικρὸν,
3355 2242 3441 2295 καὶ
3491 2240 3544 2296 ἐν
3577 2241 3880 2322 μεταϐολῆ,

2233 2323 2291 2376 τὸ
2345 2320 2624 2400 προσυλον.
2689 2325 2759 2380 Τὸ
2812 2330 2936 2400 γοῦν
3005 2325 3056 2380 ἓν
3089 2327 3278 2403 ἀμιγές
3327 2328 3435 2384 ἐστι
3467 2333 3598 2408 πρὸς
3629 2333 3696 2387 τὰ
3727 2320 3880 2403 πλήέ

2233 2414 2323 2482 θη,
2367 2410 2425 2465 οὗ
2485 2411 2593 2485 μὴν
2644 2409 2698 2466 δὲ
2729 2411 2916 2478 οὕτως,
2949 2416 3022 2478 ὡς
3075 2416 3152 2489 μὴ
3183 2414 3249 2471 δι’
3300 2417 3606 2496 ἆγαθότητα
3639 2421 3882 2497 μεταδο-

2232 2503 2381 2555 τικὸν
2433 2503 2570 2558 εἶναι
2641 2500 2758 2556 κατ’
2815 2499 2961 2566 ἀξίαν
3017 2505 3224 2579 ἑκάστῳ
3269 2514 3364 2564 τοῦ
3422 2509 3612 2566 οἰκείου
3669 2513 3876 2591 φωτὸςο

2229 2587 2312 2644 διὰ
2343 2595 2493 2680 rod-co
2545 2589 2644 2680 γὰρ
2700 2589 2913 2680 λέγεται
2963 2593 3050 2680 καὶ
3109 2595 3237 2658 Θεὸς
3288 2593 3566 2674 ἐγγίζει)νὸ
3602 2587 3738 2654 κατὰ
3767 2601 3880 2680 φύ-

2230 2699 2310 2733 σιν
2341 2676 2662 2755 ποῤῥωταίτω
2689 2679 2842 2754 ἡμῶν
2872 2679 2969 2742 ὤν.
3015 2679 3154 2739 "En
3213 2681 3266 2739 δὲ
3333 2686 3420 2742 καὶ
3450 2676 3793 2744 τελειωτικὸν
3825 2690 3883 2746 ἐν

2228 2766 2419 2843 τελετῇ
2446 2767 2693 2844 θειοτάτῃ
2737 2773 2807 2844 τῇ
2857 2779 2949 2828 τοῦ
3005 2771 3393 2853 βαπτίσματος,
3445 2781 3514 2852 τῇ
3561 2780 3660 2843 τῆς
3710 2781 3882 2854 ἱερω-

506 2869 632 2924 tum
664 2867 775 2923 est.
810 2857 978 2932 Quod
1006 2858 1205 2938 itaque
1232 2875 1413 2944 unum
1448 2865 1558 2928 est,
1591 2857 2026 2940 impermistum
2061 2867 2140 2921 est

2231 2857 2558 2936 σύνης,κατα
2587 2859 2686 2924 τὴν
2728 2861 3002 2939 μόρφωσιν
3051 2868 3154 2917 τῶν
3183 2861 3538 2940 τελουμένων,
3573 2868 3662 2922 καὶ
3694 2869 3880 2944 ἁρμο-

507 2946 873 3010 multitudini
907 2967 922 3027 ;
949 2963 1078 3016 non
1109 2953 1308 3006 tamen
1341 2943 1442 3024 ita,
1478 2953 1540 3006 ut
1563 2964 1680 3006 non
1726 2965 1831 3026 pro
1864 2946 2140 3024 dignitate

2231 2945 2333 3024 γὴν
2379 2949 2477 3011 τῆς
2534 2947 2718 3025 ψυχῆς
2772 2951 2944 3006 αὐτῶν
3001 2948 3094 3006 ἀπ’
3151 2951 3385 3028 ἐμμόνου
3453 2957 3537 3010 καί
3599 2943 3880 3021 διηνεκοῦς

507 3039 717 3109 cuique
739 3037 930 3094 lumen
945 3049 1113 3093 suum
1135 3037 1519 3092 communicet
1544 3054 1558 3102 ;
1583 3037 1798 3092 idcirco
1810 3039 1962 3093 enim
1979 3038 2140 3094 etiam

2232 3031 2536 3112 ἁγίότητος.
2573 3036 2630 3092 Εἰ
2661 3036 2759 3114 γὰρ
2811 3035 3167 3116 παραλλάττει
3202 3041 3262 3097 τὸ
3299 3041 3535 3122 μετέχον
3580 3053 3674 3103 τοῦ
3703 3066 3880 3120 μετε-

510 3129 728 3193 dicitur
748 3125 906 3188 Deus
927 3123 1428 3207 apprOpinquans,
1456 3125 1632 3205 utqui
1649 3133 1856 3187 natura
1868 3144 1972 3187 sua
2005 3146 2140 3207 pro-

2231 3122 2492 3202 χομὲνου,
2526 3128 2622 3182 οὐκ
2670 3123 2730 3182 ἂν
2777 3127 3024 3204 ἁρμοσειε
3071 3128 3311 3191 πώποτε.
3364 3123 3528 3190 ’Ὅθεν
3555 3132 3880 3200 ἆποξεστέον

509 3217 606 3281 cul
633 3216 784 3278 absit
804 3235 838 3279 a
860 3215 1215 3286 nobis.Quin
1240 3223 1298 3275 et
1317 3213 1377 3274 in
1410 3213 1778 3276 divinissimo
1795 3234 1927 3276 cum
1950 3214 2140 3295 bapti-

2232 3211 2340 3270 ἐστὶ
2389 3214 2482 3277 τὰς
2543 3215 2850 3288 σωματικὰς
2895 3216 3300 3296 ἐπαναστάσεις,
3341 3223 3428 3279 καὶ
3473 3223 3568 3288 τὰς
3601 3229 3700 3290 τῆς
3732 3227 3882 3304 γνώ-

509 3305 814 3370 Βῐῐῖἃιίεῧῦ
834 3313 953 3366 tum
979 3302 1295 3366 sacerdotii
1321 3312 1688 3370 sacramento
1715 3303 2140 3383 perfectionem

2232 3325 2338 3397 μης
2371 3301 2697 3397 ἀνωμαλίας,
2743 3308 2831 3362 καὶ
2874 3309 2945 3370 εἰς
2998 3309 3120 3382 μίαν
3179 3311 3532 3370 καταστατέον
3563 3301 3878 3397 ἁπλότητα,

508 3394 858 3476 tribuit,qua
872 3411 1076 3455 eorum
1105 3392 1204 3472 qui
1225 3391 1537 3454 initiantur
1555 3391 1776 3468 anima,
1793 3393 2140 3456 immanenti

2229 3393 2408 3449 εἴτουν
2460 3394 2711 3474 ίσὸτητα,
2745 3401 2819 3470 τῷ
2850 3395 3100 3472 μέλλοντι
3143 3400 3562 3478 προσκαλεῖσθαι
3593 3410 3734 3478 Θεῷ.
3773 3391 3880 3462 Kal

505 3485 1156 3576 stabiliquesanct‘itate
1195 3481 1551 3576 informatur
1577 3489 1764 3576 atque
1799 3491 2140 3576 exornetur.

2225 3484 2380 3576 τοῦτό
2423 3481 2565 3576 ἐστιν
2594 3485 2666 3547 ὡς
2721 3485 2931 3576 ἐφικτὸν
2978 3492 3075 3555 τῆς
3105 3489 3378 3570 ἱεραρχίας
3412 3493 3472 3548 τὸ
3501 3494 3868 3576 θεομίμητον,

509 3575 574 3640 Si
598 3577 756 3640 enim
776 3571 1016 3662 idquod
1048 3571 1300 3662 alicujus
1325 3571 1620 3662 particeps
1645 3570 1898 3662 exsistit,
1910 3571 2140 3662 differat

2227 3572 2308 3630 ὅτι
2352 3573 2441 3628 καὶ
2503 3570 2637 3640 αὕτη
2673 3574 2986 3649 μεταδίδωσι
3043 3585 3136 3634 τοῦ
3191 3580 3382 3640 οἰκείου
3440 3589 3719 3662 φωτισμοῦ
3747 3570 3876 3652 τοῖς

505 3672 770 3728 varietve
803 3661 875 3724 ab
908 3681 976 3724 eo
1011 3660 1169 3743 quod
1196 3660 1835 3742 participat,nonquam
1861 3661 1948 3722 illi
1991 3681 2140 3724 con-
2227 3662 2509 3726 θιασώταις
2545 3665 2733 3730 αὒτῆς,

503 3756 796 3820 cordabit.
830 3751 1200 3842 Quapropter
1225 3750 1604 3842 insurgentes
1635 3770 1845 3842 omnes
1876 3759 2070 3842 motus
2101 3749 2369 3842 corporis
2398 3749 2700 3842 animique
2727 3753 3153 3835 inaequalitates
3185 3755 3570 3833 abradendaa,
3601 3768 3786 3842 atque
3813 3761 3877 3826 in

496 3846 676 3908 unica
704 3841 1104 3923 simplicitate,
1140 3859 1242 3902 seu
1271 3841 1607 3917 aequalitate
1639 3841 1820 3901 animi
1853 3839 2286 3920 persistendum
2320 3848 2410 3902 est
2439 3839 2495 3902 ei
2524 3841 2625 3918 qui
2680 3842 2751 3904 ad
2785 3845 2891 3906 Dei
2919 3845 3288 3909 consortium
3320 3857 3409 3910 est
3437 3839 3876 3917 admittendus.

497 3937 733 4014 Autque
751 3933 875 3994 haec
897 3939 988 4022 est
1007 3929 1111 3992 illa
1147 3930 1250 3992 Dei
1269 3930 1526 4022 imitatio
1559 3931 1628 3991 ad
1662 3949 1838 4009 quam
1863 3930 2198 3994 hierarchia
2227 3949 2334 4012 pro
2367 3929 2588 3993 viribus
2618 3931 2849 4016 nititur,
2885 3936 3160 4017 quoniam
3195 3945 3254 4000 et
3281 3937 3410 4020 ipsa
3443 3937 3538 4001 sui
3565 3939 3875 4004 studiosos

502 4023 653 4086 lucis
682 4039 804 4082 suae
836 4018 1153 4101 participes
1181 4017 1400 4081 reddit.

577 4145 607 4224 §
633 4139 1239 4233 ILHinchierarchize
1257 4137 1570 4233 utilitatem
1591 4139 1892 4216 ﬁnemque
1917 4157 2135 4233 cogno-

2224 4231 2232 4233 ἓ
2302 4139 2435 4221 ςΙΙ.
2478 4143 2744 4202 Ἐντεῦθεν
2793 4144 2892 4212 τὴν
2947 4151 3045 4213 τῆς
3075 4148 3350 4228 ίεραρχίας
3399 4152 3674 4228 γνωρίζεις
3707 4151 3870 4233 ὠφέ-

495 4215 626 4296 ειιέε
653 4229 1140 4294 assimilationem
1175 4245 1308 4291 esse
1348 4227 1750 4310 unionemque
1792 4215 1923 4290 cum
1987 4215 2131 4310 Deo,

2224 4231 2365 4289 λειαν
2418 4233 2505 4289 καὶ
2534 4234 2624 4290 τὸν
2677 4235 2900 4307 σκοπὸν,
2935 4233 3016 4292 ὅτι
3047 4215 3371 4316 ἀφομοίωσίς
3401 4215 3526 4295 ἐστι.
3553 4215 3640 4295 καὶ
3667 4215 3872 4306 gum-3t;

495 4341 672 4406 quem
705 4329 762 4384 et
791 4319 1051 4383 scientiae.
1081 4327 1140 4380 et
1171 4318 1492 4381 functionis
1512 4336 1632 4380 suae
1662 4319 1874 4381 ducem
1909 4319 2132 4395 habet;

2224 4322 2347 4400 πρὸς
2380 4323 2532 4402 Θεὸν,
2568 4323 2719 4379 αὺτὸν
2781 4323 2984 4403 ἔχουσα
3029 4327 3370 4406 καθηγεμόνα
3419 4332 3519 4395 τῆς
3553 4327 3870 4406 ἐπιστήμης

495 4423 560 4477 ιιι
583 4413 864 4476 nimirum
881 4406 1980 4499 particepstiatilluminationum,dum
2006 4427 2136 4499 sco-

2224 4412 2304 4468 καὶ
2334 4415 2430 4480 τῆς
2459 4411 2745 4492 ἐνεργείας·
2779 4415 2872 4470 ἳνα
2915 4413 3219 4491 μεταδιδοίη
3253 4414 3499 4485 δηλονότι
3530 4425 3636 4474 τῶν
3683 4441 3872 4499 φωτι-

494 4521 605 4584 pus
640 4502 770 4582 ejus
809 4499 884 4561 ad
929 4498 1365 4562 divinissimum
1401 4497 1704 4564 decorem,
1750 4504 2026 4578 tanquam
2060 4497 2132 4560 ad

2224 4507 2386 4574 υμῶν,
2425 4501 2560 4580 ὁρῶν
2621 4500 2868 4569 δηλονότι
2911 4507 2939 4560 ὁ
2970 4507 3166 4571 σκοπὸς
3217 4507 3290 4571 ὡς
3321 4508 3394 4572 εἰς
3426 4497 3730 4588 ἀρχέτυπον
3761 4511 3873 4578 τὴν

489 4590 908 4675 primigenium
931 4588 1252 4670 exemplar,
1265 4586 1921 4669 spectat,etsecuudum
1939 4588 2128 4667 ipsum

2224 4589 2492 4658 ἱιειὸτάτην
2545 4591 2876 4672 εὐπρέπειαν,
2931 4595 3020 4650 καὶ
3076 4586 3532 4672 ἆποτυπούμενοςή
3567 4598 3698 4676 πρός
3753 4601 3868 4656 αὗ-

491 4679 950 4745 similitndinum
967 4678 1296 4740 divinarum
1313 4677 1632 4739 simulacra
1645 4677 1989 4746 format,nec
2009 4695 2128 4740 non

489 4771 717 4836 divinas
734 4767 1014 4848 exprimit
1037 4767 1515 4847 imaginesjuxta
1531 4765 1846 4844 illudzEgo
1863 4767 2020 4847 dixi,
2039 4765 2130 4828 dii

489 4863 659 4940 estis,
689 4867 750 4922 et
778 4859 898 4940 ﬁlii
928 4857 1182 4921 Eacelsi
1211 4869 1483 4920 omnes”.
1517 4856 1708 4937 Atque
1750 4855 2126 4918 immaculata

488 4949 728 5031 specula
748 4947 946 5010 reddit
969 4945 1204 5025 eos,qui
1224 4945 1296 5008 ad
1317 4945 1518 5008 divina
1537 4951 1986 5009 convertuntur:
2015 4945 2124 5007 hos

487 5035 1038 5112 antemetacdmcﬁd
1057 5044 1143 5097 est
1157 5035 1390 5100 sodales
1405 5035 1774 5110 vocantium;
1788 5034 1944 5096 enim
1964 5035 2124 5097 idem

485 5123 1134 5211 quodchorustcirco
1150 5126 1326 5187 etiam
1345 5124 1839 5200 dixit,eamDeum
1859 5122 2124 5186 scientiaa

484 5215 583 5282 acf
585 5215 892 5280 unctionis
905 5233 1028 5279 suae
1047 5215 1257 5278 ducem
1274 5214 1564 5277 obtinere:
1597 5213 1876 5295 quoniam
1892 5211 1966 5276 ab
1991 5213 2120 5294 ipso

2211 4679 2330 4753 τὴν,
2384 4677 2670 4758 ἀγάλματα
2730 4681 2880 4738 θείων
2952 4683 3233 4762 ἐμφάσεων
3280 4685 3712 4766 ἀπεργαζόμενος
3765 4689 3866 4746 καὶ

2209 4769 2637 4852 θείας-εἰκονας,
2697 4772 2834 4829 κατὰ
2882 4773 2966 4846 τὸ,
3027 4771 3170 4852 Ἐγὼ
3190 4773 3350 4832 εἶπαν
3403 4775 3523 4832 Θεοί
3569 4777 3714 4852 ius,
3768 4787 3866 4843 aut

2208 4858 2307 4946 υἱοὶ
2369 4846 2619 4933 ’Υψίστου
2676 4861 2896 4926 πάντες,
2953 4863 3052 4920 Καὶ
3103 4846 3418 4930 ἕκηλίδωτα
3469 4846 3708 4946 ἔσοπτρα
3757 4865 3862 4924 ἔκ·-

2207 4945 2376 5003 τελῶν
2423 4947 2544 5013 τοὺς
2590 4951 2708 5028 περῖ
2763 4951 2830 5008 τὰ
2883 4953 3006 5008 θεῖα
3057 4951 3582 5034 ἀναστρεφομένοδς·
3633 4945 3862 5024 τούτως

2207 5037 2307 5116 γὰρ
2369 5034 2513 5114 λέγει
2565 5039 2853 5121 θιασώτας,
2885 5040 3062 5104 θίασος
3109 5043 3208 5120 γὰρ
3237 5046 3265 5100 ὁ
3304 5044 3494 5124 χορός,
3551 5045 3650 5102 Διᾶ
3689 5051 3860 5104 τοῦτο

2207 5125 2307 5215 γὰρ
2349 5125 2532 5207 εἶπεν,
2564 5126 2644 5184 ὃτι
2704 5129 2793 5186 καὶ
2838 5135 2936 5198 τῆς
2983 5129 3287 5208 ἐπιστήμης
3319 5134 3408 5191 καὶ
3451 5137 3552 5201 τῆς
3578 5133 3856 5215 ἐνεργείας

2206 5214 2324 5296 ἔχει
2353 5217 2442 5272 τὸν
2473 5217 2604 5273 Θεὸν
2633 5221 2999 5300 καθηγεμόνα,
3032 5220 3113 5281 ὅτι
3164 5223 3227 5280 τὸ
3256 5228 3360 5280 πᾶν
3389 5221 3616 5299 ἐκεῖθεν,
3661 5214 3754 5283 καὶ
3787 5230 3858 5288 οὗ

482 5316 668 5372 totum
693 5313 872 5380 est,et
889 5323 1006 5367 non
1034 5323 1102 5369 ex
1125 5304 1344 5367 nostris
1377 5303 1628 5366 meritis.
1659 5303 1890 5366 Etenim
1915 5304 2029 5366 hoc
2057 5305 2119 5366 in

2224 5309 2299 5372 τῆς
2329 5303 2592 5385 ἡμετέρας
2621 5308 2759 5366 εστὶν
2808 5307 2977 5374 ἀξίας,
3023 5309 3148 5370 Ἐπὶ
3204 5310 3302 5386 μὲν
3341 5311 3442 5391 γὰρ
3469 5311 3576 5370 τῶν
3619 5313 3743 5370 καθ’
3771 5314 3856 5384 ἡ-

480 5398 699 5464 nostris
711 5395 938 5460 artibus
949 5415 1016 5461 ac
1033 5395 1302 5460 scientiis
1317 5412 1687 5476 nequaquam
1702 5395 1895 5456 locum
1911 5393 2113 5460 habet:

555 5636 596 5672 ιιι
621 5621 780 5688 Psal.
811 5641 1012 5702 um,
1042 5623 1101 5688 6.

2201 5401 2304 5472 μᾶς
2333 5401 2542 5476 τεχνῶν
2573 5397 2659 5453 καὶ
2704 5398 3018 5476 ἐπιστημῶν
3074 5405 3169 5462 οὒκ
3213 5401 3324 5458 ἔστι
3353 5404 3535 5458 τοῦτο·
3570 5400 3708 5458 ἀλλᾶ
3739 5410 3858 5462 τῶν
