4078 6204
400 311 508 381 187
1550 317 1606 382 S.
1679 315 2021 382 DIONYSII
2090 313 2598 380 AREOPAGITE

1459 445 1984 519 PARAPHRASIS
2025 447 2512 514 PACHYMERE
2555 449 2668 530 (9).

473 589 936 672 §I.Hierarchia
977 592 1103 673 ipsa
1125 595 1288 656 omni
1321 599 1378 656 et
1405 591 1708 667 universa,
1754 590 1877 654 sive
1908 607 2032 652 c03-

2197 589 2226 668 ς
2272 599 2314 649 Ι.
2365 593 2474 656 Τῆς
2557 587 2830 669 ἰεραρχίας
2899 589 3062 656 αὒτῆς
3119 587 3332 656 ἁπάσης
3389 587 3478 646 καὶ
3529 586 3757 646 καθολιο

393 680 604 745 lestem
643 680 885 763 dixeris,
937 683 1058 746 sive
1105 691 1392 758 nostram,
1439 690 1607 746 recte
1649 679 1920 759 quidem,
1969 687 2034 740 ut

2138 683 2238 758 ιῆς,
2264 676 2362 734 κᾶν
2414 679 2514 745 τὴν
2574 677 2815 755 οὒρανίαν
2869 676 3073 760 εἴποις,
3135 677 3234 736 κᾶν
3288 679 3390 747 τὴν
3424 676 3536 735 καθ’
3588 678 3758 754 ἡμᾶς,

395 771 842 848 existimo,quid
873 772 970 848 sit,
1005 792 1111 854 pro
1143 772 1600 854 philosophandi
1621 770 1860 832 modulo
1892 769 2036 834 deﬁ-

2138 770 2435 846 ιρισθείσης,
2469 765 2648 834 καλῶς
2707 769 2786 831 ὡς
2834 765 3195 844 ὑπολαμϐάνω
3239 768 3377 824 κατὰ
3433 768 3762 844 μετριασμὸν

395 859 654 941 nita,age
683 879 840 922 nunc
879 863 1228 942 angelicam,
1257 882 1509 946 eamque
1553 861 1762 939 solam,
1795 867 1860 920 ut
1903 877 2035 922 sese

2138 856 2430 936 ›ιλόσοφον,
2493 858 2542 914 τί
2601 857 2737 937 ἐστι,
2782 857 2906 937 φέρε
2979 857 3076 925 τὴν
3121 857 3438 936 ἀγγελικὴν,
3502 857 3626 936 τόγε
3671 863 3762 914 νῦν

395 951 594 1025 habet,
628 951 1029 1015 hierarchiam
1059 945 1492 1032 indagemus’et
1517 952 1840 1029 discamus,
1866 950 2030 1028 quod

2138 945 2273 1026 ἷχον,
2319 947 2596 1026 ἶεραρχίαν
2631 948 2720 1004 καὶ
2763 947 2936 1022 μόνην
2966 947 3288 1021 ζητήσωμεν
3317 947 3406 1004 καὶ
3435 946 3714 1027 μάθωμεν,
3737 945 3767 1001 ὃ

397 1042 599 1120 utique
623 1041 682 1102 in
703 1047 966 1104 auctoris
993 1061 1198 1104 eorum
1223 1043 1328 1106 Dei
1351 1043 1585 1106 laudem
1613 1039 1946 1102 cedit.Nam
1980 1039 2030 1100 si

2138 1038 2174 1104 ὴ
2204 1036 2366 1113 ὕμνος
2425 1036 2535 1092 ἐστι
2596 1039 2725 1116 πρὸς
2777 1038 2868 1093 τὸν
2917 1039 3220 1106 ποιήσαντα
3263 1037 3460 1100 ταύτας
3513 1037 3666 1097 Θεόν,
3704 1036 3766 1093 Εἰ

398 1130 576 1192 etiam
609 1148 678 1193 ex
711 1131 1052 1194 hominibus
1074 1135 1330 1212 cognitio
1355 1133 1464 1198 Dei
1491 1129 2030 1207 miriﬁcatur,juxta

2138 1126 2212 1204 νὰρ
2255 1127 2341 1184 καὶ
2396 1125 2456 1182 ἐκ
2519 1131 2626 1181 τῶν
2685 1126 2974 1198 ἀνθρώπων
3029 1129 3422 1202 ειαυμαστοῦται
3451 1127 3599 1192 ἢτοῦ
3633 1131 3764 1182 Θεοῦ

395 1219 540 1278 illud
571 1238 588 1274 :
620 1219 886 1277 Mirabilis
912 1223 1065 1292 facta
1088 1231 1166 1282 est
1194 1225 1422 1280 scientia
1449 1229 1547 1281 tua
1568 1240 1638 1281 ea:
1657 1225 1794 1292 mem;
1815 1230 2029 1297 quanto

2138 1221 2331 1288 ννῶσις,
2391 1216 2528 1273 κατὰ
2580 1215 2664 1273 τό·
2741 1212 3156 1291 Ἐθαδμαστώθη
3217 1217 3251 1284 ἦ
3317 1215 3510 1294 γνῶσίς
3560 1236 3654 1271 σου
3710 1213 3764 1280 ἐξ

399 1310 745 1392 magis.quae
773 1331 955 1392 supra
985 1314 1344 1396 principium
1374 1315 1772 1389 est,divinitas
1803 1313 2034 1395 magni-

2138 1312 2269 1380 μοῦ·
2301 1303 2454 1380 πόσῳ
2485 1327 2545 1383 γε
2592 1303 2797 1381 μᾶλλον
2855 1304 3316 1384 μεγαλυνθήσεται
3371 1306 3460 1362 γαὶ
3515 1303 3764 1380 δμνηθή-

399 1401 669 1464 licabitur
691 1409 748 1465 et
769 1393 1167 1467 celebrabitur
1183 1393 1251 1466 in
1287 1424 1354 1466 eo
1369 1406 1528 1483 quod
1561 1406 1636 1467 de
1657 1393 2036 1484 angelis'con-

2138 1415 2266 1450 rem
2299 1394 2334 1461 ὴ
2363 1394 2686 1474 ὑπεραίρχιος
2744 1393 2958 1474 θειότης,
2991 1397 3047 1451 ἓν
3076 1397 3121 1470 ᾧ
3177 1395 3297 1475 περὶ
3355 1400 3460 1451 τῶν
3516 1393 3762 1472 ἀγγέλων

397 1491 760 1571 templamur
795 1496 822 1552 ?
851 1494 1068 1555 Verum
1101 1513 1222 1556 non
1253 1481 1784 1575 sensibilibus,sed
1817 1511 2032 1574 super-

2138 1493 2435 1562 Ιεσοροῦμενς
2471 1483 2619 1540 Ἀλλ’
2683 1487 2778 1542 οὒκ
2836 1486 3130 1564 αἰσθητοῖς,
3165 1483 3538 1562 ῦπερκοσμίοις
3568 1481 3623 1539 δὲ
3673 1483 3764 1539 καὶ

3641 311 3754 379 188

351 1579 362 1592 ’
401 1581 802 1644 mundialibus
837 1592 893 1645 et
917 1583 1586 1660 intellectilibusoculis,
1619 1593 1680 1646 ut
1703 1603 1811 1664 per
1827 1584 2031 1664 mysti-

400 1671 1206 1752 casimaginesinScripturis
1222 1674 1636 1752 expressas,ad
1655 1693 1860 1736 eorum
1889 1673 2038 1734 sim-

399 1761 725 1841 plicitatem
743 1762 1450 1844 adducamur.Siquidem
1481 1763 1759 1826 audimus
1780 1764 1842 1826 in
1870 1763 2038 1826 Scri-

353 1871 356 1878 '
400 1851 588 1930 pturis
609 1849 786 1912 boves
806 1860 863 1914 et
887 1852 1386 1934 leones,aliasque
1414 1854 1696 1934 quasdam
1728 1853 2001 1932 composi
2025 1889 2040 1900 -

2119 1590 2336 1639 vom-ot:
2395 1572 2718 1647 ὀφθαλμοῖς·
2779 1575 2926 1637 ὃπως
2985 1571 3070 1629 διὰ
3122 1575 3227 1630 τῶν
3263 1572 3316 1629 ἐν
3347 1573 3480 1637 ταῖς
3521 1575 3762 1652 Γραφαῖς

2123 1665 2395 1738 μυστικῶν
2457 1663 2839 1737 εἰκονισμάτων
2909 1663 3235 1742 ἀναχθῶμεν
3289 1665 3362 1728 εἰς
3413 1663 3512 1730 τὴν
3561 1662 3764 1720 τούτων

2123 1751 2428 1819 ἁπλότητα.
2463 1749 2756 1827 Ἀκούομεν
2813 1754 2915 1832 γὰρ
2981 1753 3035 1808 ἐν
3096 1765 3218 1815 ταῖς
3251 1759 3489 1832 Γραφαῖς
3519 1754 3644 1830 βοῦς
3677 1751 3764 1807 καὶ

2122 1840 2365 1920 λέοντας,
2416 1842 2501 1898 καὶ
2549 1841 2729 1921 ἑτέρας
2787 1841 3050 1904 συνθέσεις
3107 1843 3279 1920 τινὰς,
3327 1849 3388 1906 ἇς
3419 1841 3486 1909 δὴ
3555 1849 3634 1916 τῷ
3675 1842 3765 1898 νοῐ

397 1940 611 2014 tiones,
649 1959 793 2022 quas
816 1941 958 2004 dum
1005 1950 1206 2004 mente
1249 1930 1678 2023 pervolvimus,
1705 1930 2034 2004 secundum

2138 1930 2598 2008 παραπέμποντες.
2631 1932 2768 1987 κατὰ
2817 1933 2914 1999 τὴν
2973 1932 3167 1988 οἰκείαν
3225 1931 3329 1996 ἕξιν
3375 1931 3618 2005 ἂξιοῦμεν
3667 1931 3768 1986 αῦ-

401 2018 704 2109 proprium
740 2030 1004 2092 habitum
1037 2018 1278 2093 easdem
1309 2018 1762 2094 consideramus
1799 2048 1813 2090 :
1863 2040 2037 2110 atque

2138 2019 2214 2080 :étc
2264 2018 2487 2076 ἕννοεῖν·
2560 2021 2646 2076 καὶ
2706 2020 2874 2086 οὕτως
2925 2022 2987 2077 τὸ
3046 2022 3290 2078 σύνθετον
3347 2026 3415 2088 τῇ
3490 2021 3762 2097 αἰσθήσει,

399 2118 482 2180 ita
513 2119 670 2199 quod
693 2138 872 2182 sensu
899 2121 1292 2202 compositum
1325 2122 1510 2195 est,tit
1540 2128 1738 2183 mente
1763 2120 2032 2200 simplex,

399 2215 578 2286 atque
600 2209 1336 2291 hierarchicmdisciplinm
1362 2209 1830 2283 auctor,scilicet
1853 2212 2036 2290 Deus,

404 2298 728 2376 gratiarum
778 2300 1134 2374 actionibus,
1185 2301 1682 2364 caeremoniarum
1737 2299 2040 2364 Conditori

405 2387 902 2467 competentibus,
935 2389 1228 2452 mirabilis
1251 2388 2038 2468 praedicatquuemadmo-

404 2476 544 2538 dum
578 2478 738 2540 enim
763 2497 864 2542 rex
885 2478 1082 2542 verbis
1111 2481 1318 2559 regiis,
1367 2499 1497 2562 qua:
1530 2479 1812 2541 nimirum
1864 2477 2042 2558 regias

406 2565 677 2646 dignitati
697 2578 1070 2650 competunt,
1107 2569 1629 2647 magniﬁcatur;ita
1659 2587 1898 2649 quoque
1931 2587 2042 2630 na-

405 2663 552 2718 tura
579 2655 692 2733 illi,
727 2675 858 2733 quae
878 2657 1024 2720 ritus
1045 2677 1245 2721 sacros
1275 2657 1548 2732 instituit,
1583 2657 1780 2720 verbis
1809 2657 2042 2718 rituali-
2093 2663 2102 2672 ‘

2121 2107 2322 2164 ἁπλοῦν
2355 2115 2427 2184 τῷ
2457 2112 2543 2166 νοῗ
2605 2109 2829 2186 γίνεται·
2867 2111 2972 2166 ικαὶ
3022 2109 3345 2186 θαυμάζεται
3403 2111 3437 2178 ἡ
3496 2109 3634 2166 αἰτία
3663 2113 3762 2175 τῆς

2121 2201 2435 2277 ἱεραρχικῆς
2495 2198 2821 2279 ἐπιστήμης,
2877 2197 3040 2276 ἤγουν
3075 2201 3102 2256 ὂ
3145 2201 3299 2273 Θεὸς,
3353 2197 3407 2256 ἐν
3437 2197 3763 2278 τελεταρχι-

2125 2299 2246 2348 καῒς
2279 2289 2364 2344 καὶ
2413 2287 2807 2367 προσηκούσαις
2871 2289 3260 2368 εὖχαριστίαις.
3328 2287 3420 2353 ἰές
3465 2309 3567 2366 γαρ
3597 2289 3626 2343 ὁ
3656 2288 3762 2363 βα-

2123 2376 2297 2438 σιλεὺς
2354 2377 2657 2454 βασιλικοῖς
2711 2375 2915 2456 λόγοις,
2963 2380 3117 2434 οἱονεὶ
3174 2377 3242 2454 τῇ
3301 2375 3542 2455 βασιλείᾳ
3596 2398 3764 2454 προσ-

2123 2466 2336 2542 ήκουσι,
2371 2466 2740 2546 μεγαλύνεται,
2791 2467 2928 2524 οὕτω
2988 2469 3073 2523 οιαὶ
3117 2469 3151 2536 ἡ
3210 2465 3524 2549 τελετάρχις
3581 2465 3758 2544 οὗσία,

2125 2553 2306 2634 λόγοις
2338 2555 2738 2638 τελετερχικοτς
2784 2558 3210 2637 εὐχαριστεῖται,

404 2743 517 2807 bus
547 2745 668 2824 ipsi
697 2747 1132 2827 congruentibu
1146 2766 1194 2826 s,
1228 2748 1433 2828 gratiae
1457 2748 1817 2811 referuntur.

483 2820 750 2897 Primum
801 2820 1000 2900 autem
1033 2820 1300 2901 omniuvm
1339 2837 1670 2901 secundum
1728 2837 2040 2900 veritatem

2206 2829 2420 2900 Πρῶτον
2451 2822 2745 2882 δ’ἀποίντων
2775 2823 2954 2882 ἐκεῖνο
3013 2823 3268 2902 λέγομεν,
3299 2820 3422 2880 κατ’
3481 2821 3768 2896 ἀλήθειαν,

407 2922 770 3004 dicimus,ne
795 2923 928 3006 quis
954 2927 1242 2990 virtutum
1263 2927 1514 2992 audiens
1541 2925 2038 3005 magnitudinem,

2138 2911 2218 2969 ίνα
2249 2914 2347 2988 μὴ,
2395 2916 2624 2978 ἄκουσας
2657 2938 2736 2978 τις
2768 2915 2829 2971 τὸ
2869 2917 2961 2970 τῶν
2989 2911 3262 2988 δυνάμεων
3293 2907 3607 2990 μεγαλεῖον,
3637 2913 3770 2992 ὑπὲρ

406 3029 584 3093 supra
611 3001 918 3076 creaturas
942 3035 1042 3078 eas
1071 3017 1626 3098 reputet.Dicimus,
1644 3001 1921 3096 inquam,
1942 3001 2047 3076 has

2138 3002 2196 3058 τὰ
2225 3004 2488 3077 κτίσμα-τα
2533 3003 2806 3082 λογίσαιτο
2861 3005 3079 3067 ταύτας,
3145 3003 3386 3080 Λέγομεν
3442 3005 3638 3076 τοίνυν,
3685 3001 3770 3058 ὅτι

407 3092 618 3164 omnes
669 3103 852 3166 Deum
887 3092 1173 3172 bonitate.
1233 3125 1352 3168 non
1412 3092 1787 3176 necessitate,
1833 3103 2046 3165 condi-

2138 3092 2304 3157 πάσας
2339 3094 2498 3156 αὐτὰς
2530 3093 2845 3171 ἆγαθΰτητι,
2877 3095 2968 3148 καὶ
2997 3095 3056 3150 οὒ
3087 3094 3264 3172 χρείᾳ,
3299 3095 3327 3148 ὁ
3365 3093 3495 3157 Θεὸς
3525 3092 3769 3158 ὒπέστη-

407 3191 570 3255 disse
607 3212 620 3256 :
665 3193 959 3275 siquidem
993 3195 1107 3256 hoc
1153 3195 1412 3258 auctoris
1455 3193 1721 3255 omnium
1768 3202 1826 3256 et
1868 3213 2047 3275 super

2138 3199 2242 3238 σεν·
2279 3180 2388 3236 ἔστι
2418 3182 2516 3260 γὰρ
2567 3189 2720 3239 τοῦτο
2765 3187 2862 3248 τῆς
2924 3183 3255 3262 ἇγαθότητος
3315 3179 3477 3254 ἴδιον,
3511 3187 3604 3236 τοῦ
3637 3189 3772 3239 Θεοῦ

409 3281 609 3344 omnia
638 3283 747 3347 Dei
779 3283 1058 3346 bonitatis
1074 3289 1374 3366 proprium
1411 3293 1520 3360 est,
1557 3283 1630 3344 ad
1657 3284 1748 3345 sui
1770 3302 2038 3346 commu-

2138 3275 2226 3340 τῆς
2256 3295 2466 3330 παντων
2511 3275 2679 3340 αἰτίας
2713 3277 2796 3332 καὶ
2829 3275 2959 3352 ὑπὲρ
2992 3275 3190 3350 πάντα,
3221 3277 3284 3331 τὸ
3339 3277 3468 3352 πρὸς
3517 3275 3762 3353 μετοχὴν

2138 3365 2144 3380 1
2259 3369 2280 3378 9
2403 3365 2412 3380 \
2462 3365 2474 3384 Ι
2641 3365 2653 3384 Ι
2855 3364 2875 3384 Χ
2921 3378 2943 3384 -.
3140 3366 3154 3384 \
3271 3365 3280 3384 1
3381 3369 3405 3379 ε’
3485 3363 3498 3384 Ὁ
3580 3363 3600 3384 Ἰ
3687 3365 3698 3384 Ι

409 3377 645 3433 nionem
671 3391 743 3433 ea
767 3391 894 3453 quae
927 3373 1184 3435 existunt
1215 3374 1486 3446 invitare,
1518 3374 1680 3452 juxta
1699 3373 2043 3450 capacitatis

407 3459 698 3540 cujusque
729 3461 1158 3525 definitionem.
1193 3465 1340 3525 Nam
1379 3482 1446 3523 ea
1472 3461 1704 3524 ratione
1757 3481 1868 3543 qua
1901 3461 2041 3542 quid

409 3549 800 3629 est,divinum
825 3569 1058 3632 quoque
1083 3551 1313 3613 Numen
1336 3551 1742 3633 participat;ut
1775 3551 1825 3611 si
1847 3550 2034 3612 inani-

410 3647 628 3700 matum
647 3639 1054 3702 sit.entitatem
1073 3641 1257 3702 solam
1274 3641 1571 3716 habet;sin
1606 3641 1826 3706 animal
1868 3641 2046 3701 etiam

411 3729 601 3807 ipsam
623 3731 844 3808 vitam;
895 3732 988 3792 sin
1035 3751 1180 3795 vero
1233 3732 1408 3794 etiam
1445 3732 1740 3813 particeps
1774 3730 2047 3810 rationis,

413 3819 809 3883 ratiocinandi
832 3831 886 3883 et
919 3822 1290 3903 intelligendi
1335 3822 1697 3898 facultatem,
1733 3823 1817 3883 uti
1853 3821 1909 3881 in
1944 3820 2048 3880 de-

418 3927 592 3969 cursu
624 3912 1242 3994 astruit.Quaecunque
1266 3913 1445 3992 igitur
1469 3910 2048 3989 exsistunt,dtvinam

415 3997 767 4078 participant
789 4000 1218 4079 providentiam
1239 4021 1304 4061 ex
1321 3997 1808 4082 superessentiali
1825 3998 2051 4059 Deitate

420 4097 894 4166 promanantem.
931 4091 1019 4149 45
1047 4091 1198 4152 Ilinc
1245 4091 1430 4164 enim,
1484 4088 1676 4169 inquit
1729 4085 2054 4164 Gregorius

419 4176 776 4254 Theologus,
814 4177 1036 4240 bonum
1085 4179 1332 4241 diffundi
1366 4178 1672 4259 oportebat
1705 4196 1718 4240 :
1771 4175 2053 4257 quoniam

422 4264 642 4326 malum
670 4285 864 4348 neque
883 4266 1326 4330 subsistentiam
1351 4267 1550 4342 habet,
1577 4283 1770 4346 neque
1795 4266 2057 4326 existen-

420 4353 1076 4435 tiam;quandoquidem
1109 4357 1210 4420 Dei
1244 4375 1360 4417 non
1386 4363 1460 4416 sit
1491 4355 1808 4436 particeps,
1836 4373 2054 4415 secun-

425 4443 563 4505 dum
587 4445 824 4508 habitus
848 4445 1238 4526 privationem
1265 4443 1690 4526 apparens,sed
1719 4461 1828 4505 nec
1855 4461 2056 4504 exem-

424 4535 670 4614 plaritcr
691 4535 752 4598 in
776 4537 1034 4598 essentia
1056 4536 1350 4597 exsistens
1383 4535 1696 4610 Quomodo
1713 4534 1871 4594 enim
1897 4531 2058 4614 quid-

423 4643 600 4701 quam
626 4634 774 4699 erat,
811 4625 858 4686 si
892 4644 1094 4687 rerum
1130 4625 1451 4688 essentiam
1481 4642 1846 4705 nequaquam
1874 4622 2058 4718 parti-
2085 4667 2128 4718 Β

424 4714 1090 4797 cipabat?Exsistentem
1115 4724 1311 4775 autem
1334 4723 1500 4776 vocat
1517 4715 1610 4775 hic
1627 4713 2060 4774 sanctissimam

425 4803 940 4885 Trinitatem;quaa
971 4823 1102 4866 cum
1137 4822 1336 4866 rerum
1383 4813 1714 4866 creatarum
1768 4803 1843 4864 sit
1893 4819 2063 4863 ert-a-

429 4893 562 4963 trix,
589 4904 646 4956 et
679 4894 1062 4976 principium,
1089 4903 1147 4954 et
1177 4911 1377 4968 causa,
1413 4893 1485 4954 ab
1517 4893 1590 4954 iis
1617 4894 1764 4974 ipsis
1797 4910 1928 4972 quae
1961 4907 2066 4972 per

427 4983 614 5065 ipsam
639 4983 700 5044 in
733 4983 926 5045 lucem
957 4982 1330 5062 prodierunt,
1367 4981 1982 5064 participarivdicitur.

507 5073 650 5147 Quae
679 5075 877 5154 itaque
909 5073 1232 5135 inanimata
1254 5083 1392 5135 sunt
1423 5073 1646 5147 omnia,
1696 5091 1834 5134 cum
1868 5071 2066 5133 solum

429 5165 571 5243 sint,
606 5163 1249 5246 participantdivinum
1285 5162 1518 5225 Numen
1543 5163 1874 5224 secundum
1907 5179 2063 5234 esse,

431 5272 767 5337 quanquam
793 5271 972 5334 supra
1009 5252 1159 5315 illud
1194 5271 1327 5315 esse
1372 5253 1448 5315 sit
1479 5255 1709 5315 Numen
1745 5251 1852 5316 Dei
1883 5271 1906 5330 ;
1939 5270 2071 5333 qua:

430 5363 572 5408 vero
595 5343 822 5424 vivunt,
860 5353 1256 5423 praeterquam
1283 5343 1437 5422 quod
1466 5343 1819 5422 participent
1849 5341 2068 5403 entita-

433 5443 579 5511 tem,
611 5433 732 5496 vim
764 5450 1000 5515 quoque
1030 5431 1320 5494 viviﬁcam
1369 5449 1438 5494 ac
1497 5431 1758 5494 divinam
1824 5430 2070 5512 partici-

515 5605 546 5633 "
582 5595 736 5660 Psal.
785 5605 1054 5658 cxxxvm.
1093 5593 1153 5658 6.

525 5713 602 5794 (9)
637 5711 791 5775 Vide
819 5711 958 5776 Sch.
993 5709 1057 5776 S.
1091 5711 1244 5774 Max.
1273 5716 1314 5770 t.
1354 5709 1424 5791 ll,
1456 5727 1510 5770 c.
1540 5709 1597 5772 4.

2128 3365 2318 3429 ἑαυτῆς
2366 3365 2428 3420 τὰ
2457 3365 2753 3421 ὑποστάντα
2783 3364 2994 3438 καλεῖν,
3031 3366 3167 3420 κατὰ
3222 3365 3314 3420 τὸν
3345 3369 3442 3430 τῆς
3476 3363 3762 3439 ἀναλογίας

2126 3452 2346 3508 ἑκάστου
2390 3451 2678 3526 διορισμόν,
2741 3451 3044 3532 Ἀναλόγως
3085 3455 3184 3532 γὰρ
3241 3454 3414 3516 καθώς
3445 3452 3556 3509 ἐστι
3587 3453 3646 3508 τὸ
3677 3453 3760 3524 ὃν,

2129 3543 2262 3596 κατὰ
2309 3550 2462 3599 τοῦτο
2511 3545 2596 3598 καὶ
2654 3553 2742 3599 τοῦ
2767 3545 2915 3599 Θείου
2963 3542 3208 3622 μετέχει⁶
3286 3544 3329 3598 εἰ
3382 3542 3481 3618 μὲν
3553 3540 3766 3620 ἄψυχόν

2127 3634 2264 3703 ἔστι,
2301 3633 2396 3699 τὴν
2428 3633 2687 3700 ὀντότητα
2733 3633 2902 3708 μόνην
2947 3631 3087 3712 ἔχει·
3126 3634 3170 3688 εἰ
3215 3631 3268 3687 δὲ
3298 3638 3456 3704 ζῶον,
3483 3633 3570 3688 καὶ
3601 3631 3768 3698 αὐτὴν

2131 3721 2229 3788 τὴν
2260 3720 2424 3791 ζωήν·
2484 3724 2528 3778 εἰ
2558 3721 2612 3778 δὲ
2649 3723 2741 3779 καὶ
2785 3721 3024 3799 λογικὸν,
3063 3723 3151 3777 καὶ
3199 3721 3328 3776 abte
3351 3723 3412 3776 τὸ
3469 3719 3686 3796 λογικὸν
3711 3741 3770 3776 τε

2135 3815 2220 3865 καὶ
2277 3813 2479 3891 νοερὸν,
2531 3813 2703 3872 καθὼς
2779 3812 3121 3890 παρακατιὼν
3183 3812 3375 3877 τίθησι.
3461 3809 3639 3864 Πάντα
3707 3808 3773 3864 τὰ

2136 3896 2258 3954 ὅντα
2311 3901 2480 3956 τοίνυν
2541 3901 2760 3980 μετέχει
2813 3905 2909 3966 τῆς
2995 3902 3135 3962 θείας
3221 3899 3495 3976 προνοίας,
3554 3899 3614 3954 ὲκ
3671 3902 3772 3964 τῆς

2135 3987 2442 4050 ὕπεροδσίου
2501 3992 2752 4054 θεότητος
2827 3987 3185 4068 ἐκχεομένης,
3245 3987 3352 4049 Ἐκ
3407 3986 3593 4044 τούτου
3648 3989 3776 4067 γὰρ,

2136 4075 2280 4154 λέγει
2323 4081 2410 4135 καὶ
2470 4081 2496 4135 ὁ
2553 4079 2815 4158 Θεολὸγος
2874 4077 3190 4156 Γρηγόριος,
3243 4075 3362 4134 ἀλλ’
3417 4075 3518 4132 ἔδει
3551 4079 3778 4155 χεθῆναι

2137 4167 2196 4220 τὸ
2241 4167 2456 4243 ἀγαθόν·
2519 4175 2658 4224 ὥστε
2713 4168 3073 4224 ἀνυπόστατον
3132 4169 3192 4224 τὸ
3235 4167 3400 4222 κακὸν
3457 4167 3548 4221 καὶ
3579 4166 3658 4238 μὴ
3693 4163 3776 4224 ὅν.

2141 4253 2324 4322 ἐπειδὴ
2357 4258 2433 4331 μὴ
2493 4257 2712 4336 μετέχει
2767 4265 2860 4316 τοῦ
2918 4264 3074 4336 Θεοῦ,
3123 4256 3258 4312 κατὰ
3315 4254 3566 4330 στέρησιν
3617 4253 3780 4318 ἕξεως

2149 4349 2488 4424 φαινόμενον,
2534 4344 2653 4403 ἀλλ’
2713 4346 2771 4402 0'3
2821 4344 2917 4400 κᾶν
2975 4347 3034 4402 τὸ
3094 4345 3480 4423 πρωτοτύπως,
3519 4345 3596 4418 μὴ
3627 4343 3686 4399 ὃν
3727 4343 3784 4399 ἐν

2151 4435 2317 4508 οὐσίᾳ.
2377 4442 2496 4499 Πῶς
2543 4437 2640 4514 γὰρ
2685 4434 2745 4490 ἂν
2773 4436 2837 4504 ἧν
2869 4457 2917 4490 τι
2948 4434 3030 4508 ὃν,
3067 4437 3108 4489 εἱ
3162 4436 3238 4509 μὴ
3271 4447 3500 4513 μετεῖχε
3535 4437 3633 4499 τῆς
3663 4433 3776 4488 τῶν

2149 4525 2314 4584 ὄντων
2375 4525 2603 4600 obstate;
2668 4514 2932 4584 "Os-516%.
2994 4523 3208 4579 ἐνταῦθα
3270 4523 3412 4600 λέγει
3469 4523 3568 4588 τὴν
3629 4522 3784 4597 ἁγίαν

2151 4613 2365 4694 Τριάδα,
2399 4615 2515 4680 ἣτις
2547 4623 2649 4672 τῶν
2708 4616 2942 4672 κτιστῶν
2999 4613 3128 4668 οὖσα
3161 4611 3505 4690 δημιουργὸς,
3554 4611 3642 4666 καὶ
3685 4609 3782 4685 ἀρ-

2148 4707 2250 4784 χὴ,
2282 4706 2371 4760 καὶ
2403 4705 2564 4781 αἰτία,
2623 4705 2674 4770 ἑξ
2733 4707 2903 4763 αὒτών
2945 4707 3052 4757 τῶν
3097 4700 3222 4780 παρ’
3281 4701 3444 4770 αὐτῆς
3489 4702 3562 4764 εἰς
3603 4699 3781 4758 οὐσίαν

2147 4796 2194 4852 ἰ.)
2207 4796 2402 4852 θόντων
2435 4795 2756 4875 μετέχεσθαι
2787 4792 3030 4871 λέγεται.

2231 5063 2306 5122 Τὰ
2335 5062 2432 5138 μὲν
2490 5059 2578 5118 οὖν
2637 5059 2827 5140 ἄψυχα
2881 5061 3076 5139 πάντα,
3131 5057 3250 5114 ἐπεὶ
3291 5055 3454 5134 μόνον
3503 5055 3630 5115 ὄντα
3662 5057 3786 5129 εἰσὶ,

2151 5153 2368 5232 μετέχει
2423 5160 2516 5209 τοῦ
2549 5149 2700 5207 Θείου
2727 5149 2866 5206 κατὰ
2922 5151 2984 5206 τὸ
3045 5149 3190 5206 εἶναι
3219 5148 3307 5203 καὶ
3363 5145 3492 5203 καθά
3535 5147 3660 5220 εἰσι,
3694 5144 3790 5202 κᾶν

2149 5243 2238 5302 καὶ
2266 5242 2396 5319 ὑπὲρ
2429 5241 2489 5296 τὸ
2539 5239 2682 5296 εἶναί
2739 5239 2849 5295 ἐστι
2902 5239 2966 5295 τὸ
3011 5238 3195 5295 Θεῖον⁶
3229 5238 3296 5293 τὰ
3325 5233 3380 5292 δὲ
3421 5242 3617 5314 ζῶντα,
3653 5236 3784 5312 πρὸς

2151 5339 2228 5406 τῷ
2259 5331 2518 5410 μετέχειν.
2555 5331 2647 5386 τοῦ
2692 5328 2859 5404 εἶναι,
2917 5325 3206 5407 μετέχωσι
3264 5326 3348 5382 καὶ
3399 5329 3498 5393 τῆς
3529 5331 3796 5396 ζωοποιοῦ

2153 5427 2241 5485 καὶ
2271 5425 2411 5490 θείας
2463 5420 2757 5499 δυνάμεως,
2818 5421 2862 5477 εἰ
2905 5421 2992 5477 καὶ
3060 5418 3190 5500 ὑπὲρ
3239 5424 3414 5476 πᾶσαν
3479 5417 3623 5490 ζωήν
3653 5416 3790 5474 ἐστι’
