4058 6196
323 340 433 407 189

765 343 862 407 DE
907 345 1253 409 COELESTl
1303 344 1795 427 HIEIlARGlIlA,
1844 349 2008 410 CAP.
2058 351 2158 413 IV.
2219 386 2276 394 -—
2331 353 2718 417 PAIlAPHR.
2771 355 3257 418 PACI-lYMER/E

3587 349 3696 422 190

313 475 383 568 τὰ
423 473 480 568 δε
503 473 722 568 λογικὰ,
750 475 886 552 ἅπερ
943 477 1105 568 ξσμὶν
1159 480 1351 559 ἡμεῖς,
1394 480 1483 538 καὶ
1540 479 1718 559 νοερὰ,
1751 479 1886 559 ἃπερ
1917 485 1959 539 oi

2050 489 2213 562 pant,
2250 484 2482 546 tametsi
2543 485 2668 550 hinc
2717 503 2962 568 quoque
3021 504 3201 567 supra
3245 503 3485 550 omnem
3514 488 3695 552 vitam

314 563 558 646 ἄγγελοι,
595 564 886 647 μετέχουσι
914 566 1013 635 τῆς
1066 568 1375 634 αύτοτελοῦς
1424 570 1634 650 σοφίαςθ
1681 578 1834 629 τοῦτο
1865 571 1966 650 γὰρ

313 653 426 712 ἐστι
471 653 629 734 λόγος
677 657 764 712 καὶ
825 656 1017 724 νόησις
1069 668 1164 717 τοῦ
1223 660 1374 738 Θεοῦ,
1432 659 1530 715 κᾶν
1563 663 1650 717 καὶ
1700 661 1828 740 ὑπὲρ
1871 663 1965 718 τὸν

312 742 479 822 λόγον
509 745 596 800 καὶ
625 750 744 801 νοῦν
797 744 908 802 ὶστι
951 755 1138 810 ταυτα,
1186 748 1509 826 Πόριζόμεθα
1538 751 1706 806 τοίνυν
1746 748 1808 805 ἐκ
1834 752 1963 808 τού·-

313 854 444 905 των,
478 832 561 890 ὅτι
611 833 678 891 τὰ
706 835 862 911 νοερᾶ
892 836 1106 902 πάντως
1136 841 1214 911 τῷ
1243 837 1390 912 Θεοῷ
1419 835 1791 911 πλησιάζουσιο
1825 862 1957 916 μετ-

314 923 506 1002 έχουσι
537 923 638 1002 γὰρ
696 927 855 982 αὐτοῦ
923 923 1220 1006 πολλαχῶς
1251 928 1508 985 καὶκατὰ
1560 930 1622 985 τὸ
1652 929 1821 1003 εἶναι,
1883 926 1968 986 καὶ

313 1012 452 1069 κατὰ
480 1012 542 1069 τὸ
571 1019 692 1092 ζῇν,
745 1015 1001 1071 καὶκατὰ
1057 1015 1115 1071 τὸ
1169 1015 1362 1095 λογικᾶ
1409 1016 1576 1095 εἶναι,
1614 1019 1700 1075 καὶ
1761 1017 1834 1075 ἔτι
1879 1010 1968 1076 καιὶ

313 1102 500 1182 νοερὰ.

396 1367 527 1450 sli.
563 1371 625 1429 Al
650 1381 774 1450 γοῦν
829 1371 977 1451 ἅγιαι
1031 1374 1119 1429 καὶ
1162 1373 1389 1452 οὐράνιαι
1437 1373 1842 1452 διακοσμήσεις,
1879 1378 1966 1433 καὶ

313 1461 452 1538 ὑπὲρ
485 1461 552 1518 τὰ
577 1462 753 1537 μύνως
797 1461 924 1519 ὄντα
971 1480 1037 1518 τα
1095 1461 1306 1544 ἄψυχα,
1369 1466 1456 1521 καὶ
1485 1466 1610 1544 ὑπὲρ
1662 1468 1728 1522 τὰ
1756 1466 1964 1546 ἀλόγως

312 1557 518 1624 ζῶντα,
577 1553 666 1608 καὶ
707 1552 838 1627 ὑπὲρ
891 1551 957 1609 τὰ
988 1549 1103 1608 καθ’
1161 1555 1305 1629 ἡμᾶς
1353 1552 1546 1632 λογικᾶ
1596 1556 1717 1621 τοὺς
1760 1556 1964 1634 ἀνθρώ-

314 1657 475 1703 πους⁶
521 1640 588 1696 τὰ
621 1641 722 1717 μὲν
751 1643 852 1720 γὰρ
877 1642 1081 1718 μόνως,
1125 1643 1193 1700 τά
1237 1641 1290 1700 δὲ
1325 1643 1538 1718 διττῶς,
1572 1646 1636 1702 τὰ
1664 1643 1719 1701 δὲ
1743 1654 1966 1724 τριττῶς

310 1734 416 1799 τῆς
477 1731 622 1795 θείας
683 1732 972 1810 μετέχωσι
1030 1729 1336 1798 διαδόσεως
1400 1737 1452 1791 αἱ
1495 1744 1621 1812 γοῦν
1665 1737 1836 1814 νοεραὶ
1880 1733 1967 1792 καὶ

2049 577 2303 652 existat;
2350 591 2482 653 quas
2511 593 2648 637 vero
2681 575 2994 637 rationalia
3015 583 3173 650 sunt,
3212 575 3298 639 uti
3330 595 3460 653 nos,
3497 578 3698 659 etspi-

2045 659 2262 741 ritalia,
2291 666 2446 724 sicut
2476 664 2697 744 angeli,
2727 673 3036 744 compotes
3071 675 3212 726 sunt
3250 665 3435 747 ipsius
3507 685 3613 748 per
3633 685 3699 730 se

2048 749 2327 828 perfectas
2370 752 3000 834 sapientim,siquidem
3033 754 3159 817 haec
3189 756 3336 817 ratio
3391 764 3481 818 est
3515 765 3574 819 et
3604 758 3700 818 iu-

2056 839 2312 902 tellectio
2343 841 2471 922 Dei,
2499 842 2635 904 licet
2667 844 2842 905 simul
2885 845 2965 912 sit
2989 863 3170 924 supra
3196 847 3485 908 rationem
3518 855 3578 910 et
3597 847 3697 909 in-

2054 930 2460 1008 telligentiam.
2514 933 2599 995 Ex
2633 933 2724 993 his
2755 935 2956 1014 itaque
3002 935 3446 1014 praestantiores
3503 937 3701 998 evadi-

2051 1037 2204 1093 mus,
2240 1021 2519 1100 quoniam
2572 1022 2864 1104 spiritalia
2913 1023 3036 1085 Deo
3092 1043 3335 1103 prorsus
3368 1026 3698 1106 appropin-

2050 1116 2234 1187 quant
2267 1127 2282 1186 ;
2316 1110 2608 1191 siquidem
2637 1112 2835 1192 ipsum
2867 1113 3280 1193 multipliciter
3311 1114 3691 1194 participant,

2057 1205 2176 1259 tum
2209 1199 2366 1280 quod
2399 1199 2518 1261 sint
2541 1207 2663 1261 tum
2684 1200 2842 1282 quod
2868 1198 3085 1282 vivant,
3112 1209 3232 1264 tum
3257 1202 3415 1284 quod
3439 1205 3695 1266 rationa-

2050 1286 2130 1348 lia
2159 1287 2279 1349 sint
2307 1297 2482 1370 atque
2514 1289 2758 1370 insuper
2789 1291 3102 1370 spiritalia.

2129 1375 2492 1456 §II.Sanctm
2526 1379 2712 1460 igitur
2743 1383 3140 1459 caelestesque
3154 1381 3581 1462 dispositiones
3601 1402 3698 1445 su-

2051 1475 2263 1547 perant
2283 1485 2351 1528 ea
2378 1487 2510 1547 qua;
2529 1471 2717 1534 solum
2744 1477 2880 1531 sunt
2900 1471 3248 1552 inanimata,
3272 1479 3452 1552 atque
3475 1491 3545 1534 ea
3564 1491 3694 1552 quae

2048 1554 2180 1617 sine
2203 1557 2436 1619 ratione
2464 1559 2664 1621 vivunt
2696 1577 2805 1621 nec
2837 1579 2954 1621 non
2983 1579 3050 1622 ea
3093 1579 3224 1641 quas
3245 1559 3554 1623 nobiscum
3583 1563 3697 1624 ho:

2049 1644 2310 1708 minibus
2335 1648 2568 1710 ratione
2599 1658 2909 1728 reguntur:
2941 1649 3041 1712 illa
3071 1649 3365 1730 siquidem
3399 1651 3694 1730 simplici-

2049 1743 2164 1806 ter,
2190 1733 2302 1796 ista
2345 1735 2684 1817 dupliciter,
2717 1747 2894 1818 atque
2920 1739 3046 1800 haec
3077 1739 3396 1818 tripliciter
3425 1739 3691 1801 divinum

313 1821 552 1898 οὐράνιαι
611 1821 892 1900 τετράχῶς
946 1842 1004 1877 τε
1054 1824 1144 1878 καὶ
1193 1823 1488 1904 πολλαχῶς
1543 1825 1738 1892 ταύτης
1805 1826 1959 1901 μετέ-

2051 1841 2266 1884 munus
2299 1825 2672 1907 participant;
2705 1828 2809 1888 sed
2829 1827 3128 1905 spiritales
3151 1827 3281 1890 istze
3301 1829 3692 1910 cmlestesque

314 1930 501 1990 χουσι.
533 1908 680 1974 Τέως
705 1929 767 1988 γε
811 1911 914 1987 μὴ,
961 1910 1139 1990 ὥσπερ
1169 1911 1250 1993 ἐφ’
1293 1915 1450 1987 ἡμῶν
1496 1912 1638 1971 ἔστιν
1680 1913 1836 1996 ἱδεῖν,
1886 1915 1959 1972 ὅτι

2051 1921 2274 1973 natura:
2297 1915 2766 1995 quadrupliciter
2797 1936 2864 1978 ac
2896 1917 3310 1997 multipliciter
3341 1918 3470 1998 ejus
3519 1908 3690 1978 coin-

316 1998 379 2056 Ξκ
421 2000 527 2055 τῶν
583 1999 898 2078 κρειττόνων
947 1998 1240 2080 λεγόμεθα,
1284 2004 1372 2060 καὶ
1417 2001 1747 2082 κυριωτέρως
1800 2003 1964 2083 λεγό-

322 2093 455 2166 μεθα
499 2086 708 2167 λογικοί
746 2086 872 2166 παρ’
919 2090 947 2146 ὃ
990 2097 1124 2167 ζῶα,
1178 2092 1213 2158 ἣ
1270 2094 1356 2150 καὶ
1400 2092 1551 2174 ὅντα,
1584 2093 1721 2151 οὕτω
1751 2095 1846 2150 καὶ
1878 2095 1964 2152 ἐπὶ

318 2201 426 2251 τφν
467 2179 619 2236 θείων
663 2177 957 2254 δυνάμεων.
1005 2182 1092 2237 καὶ
1135 2181 1263 2239 ὄντα
1304 2183 1406 2261 γάρ
1437 2185 1568 2240 εἰσιν
1615 2183 1842 2265 ἐκεῖναι,
1874 2185 1959 2241 καὶ

320 2275 475 2347 ζῶσι,
528 2270 617 2326 καὶ
647 2267 869 2347 λογικαί
912 2271 1068 2348 εἰσιν,
1116 2269 1238 2327 ἀλλ’
1281 2272 1426 2348 ὅμως
1475 2274 1646 2352 νοεραῖ
1692 2273 1958 2352 λέγονται,

316 2355 422 2419 Καὶ
473 2356 655 2435 ὥσπερ
701 2359 846 2434 ἡμᾶς
906 2361 1145 2434 σεμνύνει
1197 2363 1256 2418 τὸ
1305 2363 1440 2420 κατὰ
1483 2361 1644 2440 λόγον
1676 2367 1958 2443 κινεῖσθαι,

311 2449 452 2506 οὕτω
519 2447 788 2512 κάκείναις
844 2449 944 2516 τὴν
991 2452 1344 2526 θεομιμησίαν
1406 2453 1684 2532 παρέχει,
1768 2460 1961 2532 νοερῶς

309 2537 670 2615 κινουμέναις,
701 2539 791 2595 καὶ
823 2540 954 2614 πρὸς
997 2541 1096 2608 τὴν
1151 2542 1444 2621 θεαρχικὴν
1496 2543 1720 2620 ὁρώσαις
1753 2543 1957 2618 ὁμοίω-

311 2647 419 2701 σιν,
477 2627 730 2685 κάκεῖθεν
783 2626 1085 2707 ἐφιεμέναις
1158 2638 1391 2710 μορφοῦν
1446 2633 1508 2688 τὸ
1554 2633 1733 2708 νοερὸν
1785 2631 1957 2688 αὐτῶν

312 2715 482 2780 εἶδος
518 2718 607 2773 καὶ
649 2714 732 2773 διὰ
780 2717 936 2777 τοῦτο
993 2720 1079 2776 καὶ
1109 2717 1356 2784 πλείονας
1389 2722 1605 2785 εἰκότως
1647 2722 1834 2801 ’έχουσι
1863 2722 1956 2785 τὰς

312 2807 445 2883 πρὸς
477 2804 640 2875 αύτὴν
669 2808 968 2882 κοινωνίας,
1003 2810 1075 2873 ὡς
1121 2809 1297 2884 οὖσαι,
1343 2810 1417 2871 ὼς
1447 2816 1636 2886 ζῶσαι,
1683 2813 1756 2877 ὡς
1801 2809 1957 2890 λογι-

312 2897 424 2974 καὶ,
457 2897 546 2952 καὶ
575 2895 653 2952 ἔτι
683 2898 756 2962 ὡς
816 2899 989 2977 νοεραί
1035 2901 1124 2956 καὶ
1181 2913 1480 2980 προσεχεῖς
1539 2900 1814 2980 μένουσαι,
1871 2902 1959 2958 καὶ

313 2985 374 3042 οὗ
402 2983 834 3060 διεσκεδασμέναι
878 2989 1015 3044 κατὰ
1078 2991 1180 3056 την
1228 2986 1484 3069 διάφορον
1539 2991 1784 3071 γνώμην,
1829 2988 1958 3068 ὅπερ

311 3075 452 3132 ἱστῖν
495 3076 550 3130 εν
592 3075 728 3150 ἡμῖν
764 3073 834 3155 (οἱ
863 3076 962 3155 γὰρ
989 3076 1046 3134 ἰν
1079 3078 1194 3152 Θεῷ
1237 3077 1408 3154 ὄντες,
1457 3079 1786 3156 συνημμένοι
1832 3082 1954 3157 εἰσὶ,

312 3166 488 3230 καθὼς
545 3167 636 3224 καὶ
717 3169 861 3248 παρὰ
932 3172 1037 3229 τῶν
1096 3172 1248 3228 θείων
1315 3179 1536 3254 Γραφῶν
1595 3173 1951 3250 μανθάνομενο

1894 3226 2017 3278 ;σ

316 3255 407 3312 ὅτε
446 3256 548 3336 γὰρ
574 3257 711 3314 κατὰ
768 3259 973 3337 κόσμον
1019 3260 1210 3336 ἔμελλε
1253 3267 1514 3320 κινεῖσθαι
1565 3265 1593 3319 ὁ
1623 3270 1829 3342 πρῶτος
1853 3262 1958 3320 τῶν

314 3349 594 3420 μαθητῶν,
641 3346 819 3427 ἔλεγε·
881 3350 1084 3431 Υπάγω
1155 3351 1408 3434 ἁλιεύειν,
1469 3352 1739 3426 δηλονότι,
1785 3354 1958 3433 χωρί-

312 3441 472 3510 ζομαι
503 3435 556 3502 ἐξ
584 3437 755 3512 ὑμῶν’
810 3437 924 3522 ὅτεῌ
955 3437 1010 3496 δὲ
1067 3440 1344 3498 ἐπίστευον
1399 3444 1447 3498 οἱ
1481 3441 1840 3522 πιστεύοντες,
1873 3443 1958 3499 καὶ

312 3525 450 3581 κατὰ
507 3527 639 3582 Θεὸν
680 3527 840 3595 ἦσαν.
895 3516 1082 3610 Ἠσαν,
1143 3532 1322 3611 φησὶν,
1377 3531 1462 3588 ἐπὶ
1523 3533 1584 3588 τὸ
1641 3531 1768 3589 αὐτὸ
1829 3554 1956 3587 συν-

311 3613 584 3691 ηγμένοι),
619 3619 708 3672 καὶ
761 3617 842 3674 ἆεὶ
890 3617 1297 3694 ἀνατεινόμεναι
1356 3623 1487 3700 πρὸς
1546 3621 1607 3678 τὸ
1656 3619 1874 3686 ἄναντες
1905 3621 1957 3677 ἐν

316 3703 553 3775 συντονίᾳ
597 3712 691 3762 τοῦ
731 3707 870 3762 θείου
937 3713 1023 3764 καί
1083 3707 1327 3772 ἆκλινοῦς
1384 3709 1597 3783 ἔρωτος.
1643 3713 1730 3774 Τίς
1776 3711 1876 3789 γὰρ
1908 3709 1961 3776 ἐξ

311 3791 470 3878 ἡμῶν
523 3791 752 3863 ἐζήτησε
811 3795 1062 3876 πώποτε,
1105 3797 1192 3853 καὶ
1253 3797 1426 3878 ἔφεσιν
1477 3797 1629 3878 ἔσχε,
1663 3798 1839 3874 βοείαν
1869 3797 1959 3854 δέ-

312 3877 491 3945 ξασθαι
523 3882 758 3958 κίνησιν,
790 3883 822 3952 ἤ
879 3884 1023 3943 λίθου
1065 3887 1183 3945 τινὰ
1229 3877 1468 3954 ἰδιότητα
1500 3877 1705 3968 ,ἀλλὰ
1749 3887 1960 3954 πάντως

311 3969 345 4038 ἡ
395 3969 574 4051 ἔφεσις
605 3974 690 4030 ἰπὶ
721 3976 783 4031 τὸ
814 3973 1031 4044 ἄναντες
1071 3979 1210 4042 εστι,
1248 3979 1413 4036 Τοῦτὸ
1440 3980 1552 4034 εστι
1596 3979 1683 4035 καὶ
1713 3977 1795 4036 ἐπὶ
1836 3992 1958 4041 ταῖς

313 4061 632 4140 ἂγγελικαῖς
703 4068 790 4124 καὶ
851 4071 1015 4134 θείαις
1069 4067 1372 4145 δυνάμεσιν,
1417 4071 1499 4127 ἀεὶ
1558 4072 1646 4127 καὶ
1703 4069 1956 4148 ἐφίενται,

312 4153 400 4208 καὶ
443 4151 776 4234 εἰσδέχονται
807 4156 901 4221 τὰς
932 4156 1160 4238 ἀρχικὰς
1196 4161 1283 4216 καὶ
1327 4161 1466 4223 θείας
1510 4157 1834 4235 ἐλλέμψεις,
1866 4160 1955 4216 καὶ

317 4243 452 4317 πρὸς
486 4244 585 4310 τὴς
636 4243 935 4322 ἱλλάμψεις
975 4248 1278 4322 τάττονται,
1313 4251 1400 4305 καὶ
1433 4251 1530 4314 τὴν
1573 4249 1716 4320 ζωὴν
1744 4249 1954 4306 ἅπασαν

311 4330 509 4387 ἑαυτῶν
550 4334 734 4409 νοεραν
806 4335 1045 4416 ἔχουσιν
1091 4341 1142 4393 αἱ
1198 4339 1298 4416 γὰρ
1361 4339 1530 4394 αύτῶν
1582 4338 1750 4394 οὖσίαι
1834 4347 1952 4403 νοῦς

2051 2011 2218 2082 potes
2249 2004 2562 2066 exsistunt.
2599 2005 2841 2069 Interim
2890 2007 3159 2080 minime,
3192 2007 3689 2087 quemadmodum

2047 2091 2222 2154 nobis
2249 2113 2359 2156 usu
2393 2096 2549 2157 venit
2580 2103 2641 2156 ut
2685 2114 2757 2157 ex
2819 2096 3089 2177 partibus
3143 2096 3536 2159 nobilioribus
3592 2115 3694 2176 ap-

2049 2181 2364 2260 pellemur,
2402 2193 2463 2247 et.
2495 2187 2680 2263 magis
2713 2188 2956 2266 proprie
2987 2185 3234 2246 rationis
3277 2195 3582 2267 compotes
3603 2185 3688 2247 di-

2047 2289 2252 2333 camur
2280 2292 2456 2354 quam
2491 2275 2578 2336 vel
2601 2275 2905 2354 animalia,
2928 2275 3017 2336 vel
3038 2274 3314 2349 entia,ita
3336 2276 3509 2336 etiam
3534 2276 3694 2336 circa

2045 2361 2318 2423 caelestes
2343 2363 2472 2425 illas
2499 2367 2744 2426 virtutes
2769 2365 2960 2443 agitur
2997 2386 3013 2440 ;
3055 2373 3192 2425 sunt
3215 2383 3471 2443 namque
3499 2370 3681 2435 entia,

2044 2459 2103 2513 et
2133 2449 2427 2528 vivunt,et
2456 2451 2686 2515 ratione
2725 2454 2971 2533 pollent,
2993 2461 3052 2515 et
3083 2451 3474 2515 nihilominus
3504 2453 3685 2515 simul

2042 2541 2339 2620 spiritales
2386 2553 2831 2622 nuncupantur.
2867 2544 2942 2605 Et
2979 2543 3132 2604 sicut
3180 2542 3355 2603 nobis
3386 2541 3542 2604 laudi
3576 2551 3688 2612 est,

2042 2631 2370 2692 secundum
2394 2631 2684 2694 rationem
2712 2633 2933 2694 moveri
2961 2653 2980 2706 ;
3013 2632 3093 2693 ita
3113 2651 3354 2711 quoque
3373 2631 3488 2693 illis
3513 2631 3687 2712 spiri-

2043 2719 2243 2782 taliter
2265 2722 2532 2797 motis,et
2561 2721 2634 2783 ad
2669 2721 2926 2784 divinam
2975 2721 3381 2802 spectantibus
3411 2722 3689 2783 similitu-

2042 2807 2536 2892 dinem,indeque
2558 2811 2887 2892 spiritalem
2906 2829 3072 2874 suam
3089 2812 3356 2891 speciem
3378 2812 3690 2874 etformare

2042 2898 2443 2979 cupientibus,
2479 2901 2736 2962 divinam
2796 2900 2999 2963 tribuit
3052 2901 3447 2963 imitationem
3487 2919 3685 2982 ;qua-

2040 2999 2287 3070 propter
2316 2992 2490 3052 etiam
2517 2992 2730 3052 merito
2764 2991 2823 3052 in
2850 2991 3116 3072 pluribus
3138 3010 3271 3053 cum
3297 2991 3504 3052 eadem
3525 3009 3686 3053 com-

2043 3078 2345 3140 municant
2378 3090 2660 3161 tanquam
2714 3081 3061 3161 existentes,
3098 3088 3376 3160 tanqnam
3399 3079 3683 3154 viventes,

2043 3176 2323 3246 tanquam
2355 3169 2676 3230 rationales
2700 3176 2880 3250 atque
2913 3169 3160 3251 insuper
3193 3178 3468 3249 tanquam
3504 3168 3684 3248 spiri-

2043 3257 2190 3318 tales
2217 3265 2392 3338 atque
2423 3257 2680 3319 assiduae
2712 3268 3044 3339 manentes,
3073 3267 3132 3321 et
3157 3276 3525 3339 nequaquam
3558 3257 3686 3318 dis-

2045 3355 2246 3407 tracta;
2279 3365 2386 3426 per
2416 3347 2711 3408 diversam
2743 3347 3102 3409 sententiam
3137 3347 3226 3408 uti
3260 3347 3431 3407 nobis
3473 3346 3688 3408 accidit

2047 3433 2171 3514 (qui
2203 3437 2361 3496 enim
2397 3441 2454 3495 in
2480 3437 2601 3499 Deo
2631 3436 3036 3510 sunt,collecti
3071 3442 3232 3509 sunt,
3267 3436 3418 3496 sicut
3442 3455 3507 3496 ex
3543 3435 3686 3496 divi-

2044 3522 2137 3583 nis
2166 3520 2418 3604 Scriptis
2440 3523 2854 3602 intelligimus;
2889 3525 3123 3604 quando
3158 3525 3317 3586 enim
3345 3524 3688 3604 primusille

2042 3613 2132 3673 1M
2163 3613 2198 3669 d
2225 3613 2579 3684 scipulorum
2594 3614 2909 3670 secundum
2935 3615 3214 3670 mundum
3240 3614 3690 3672 commovendus

2043 3712 2168 3764 erat
2189 3701 2425 3764 dicebat
2464 3723 2477 3766 :
2516 3702 2676 3764 Vada
2701 3705 2990 3784 piscari“,
3018 3704 3074 3764 id
3104 3712 3218 3779 est,
3243 3703 3482 3764 discedo
3514 3722 3548 3765 a
3577 3723 3683 3764 vo-

2045 3794 2136 3856 bis
2168 3812 2180 3857 :
2207 3793 2444 3874 quando
2469 3802 2666 3855 autem
2683 3793 3483 3874 credebantﬁdeles,etapud
3498 3792 3684 3857 Deum

2044 3891 2231 3958 erant,
2260 3883 2485 3963 Erant,
2516 3883 2729 3963 inquit,
2759 3885 2820 3944 in
2841 3902 3030 3945 unum
3059 3883 3490 3958 collecti),etad
3513 3897 3683 3947 ante-

2041 3974 2201 4035 riora
2223 3990 2462 4053 semper
2483 3990 2712 4033 summo
2750 3973 2932 4034 divini
2956 3981 3014 4035 et
3039 3973 3439 4035 indeﬁcientis
3465 3977 3688 4036 amoris

2040 4062 2233 4124 studio
2253 4061 2675 4134 intentae.Quis
2696 4063 2854 4124 enim
2881 4082 2914 4125 e
2937 4063 3107 4124 nobis
3129 4063 3403 4138 quaesivit
3422 4081 3682 4141 unquam

2037 4153 2512 4216 veldesideravit
2552 4152 2832 4214 bovinum
2862 4163 3083 4214 motum
3117 4158 3415 4233 accipere,
3443 4154 3536 4216 vel
3565 4154 3679 4214 ali-

2037 4261 2214 4320 quam
2235 4242 2448 4322 lapidis
2471 4243 3026 4323 proprietatcm?sed
3049 4261 3234 4303 omne
3258 4243 3501 4305 omnino
3526 4242 3679 4303 desi-

2037 4333 2269 4395 derium
2297 4331 2368 4393 ad
2394 4334 2710 4414 superiora
2735 4333 2945 4394 tendit.
2973 4332 3098 4394 Hoc
3118 4333 3174 4392 in
3200 4332 3487 4412 angelicis
3518 4352 3670 4410 quo-

312 4427 416 4491 ζῶν
447 4423 580 4479 ἔστι·
629 4423 713 4482 διὰ
771 4434 925 4485 τοῦτο
981 4431 1094 4510 καὶ,
1126 4433 1200 4494 ὡς
1231 4429 1329 4506 μὲν
1359 4434 1681 4510 προσεχεῖς,
1730 4433 1953 4504 πρώτως

2047 4441 2156 4503 que
2173 4421 2486 4484 virtutibus
2509 4421 2702 4483 locum
2733 4421 3070 4502 habet,qua3
3092 4440 3332 4503 semper
3373 4422 3548 4482 etiam
3574 4439 3680 4482 su-

313 4509 365 4567 ὶν
395 4513 650 4587 μετουσίᾳ
677 4517 930 4594 γίνονται·
964 4520 1036 4582 ὡς
1077 4499 1135 4576 δὲ
1189 4499 1412 4584 πολλὰς.
1456 4499 1677 4601 ἔχουσαι
1718 4522 1811 4583 τὰς
1855 4525 1953 4585 τῆς

2047 4499 2276 4590 periora
2291 4519 2663 4590 appetunt,et
2679 4499 3094 4590 primordi—ales
3116 4499 3298 4588 atque
3321 4511 3548 4601 divinas
3566 4529 3687 4572 sus-

313 4603 593 4676 μετουσίας
673 4590 904 4683 φυσικὰς
975 4607 1421 4677 ἐπιτηδειότητας
1455 4590 1525 4683 ,⁷.
1544 4607 1840 4690 πολλαχῶς
1901 4609 1955 4665 ἰν

2047 4600 2789 4680 cipiuntillustrationes,et
2807 4600 3133 4660 secundum
3159 4600 3680 4674 illasordinantur,

313 4691 568 4780 μετουσίᾳ
591 4696 685 4750 τοῦ
717 4697 867 4753 Θείου
899 4698 1156 4780 γίνονται,
1188 4702 1276 4756 καὶ
1307 4721 1532 4776 πρωτως
1565 4688 1958 4756 πάλινπολλα-

2047 4707 2408 4770 omnemque
2429 4688 2602 4749 vitam
2627 4707 2791 4749 suam
2817 4689 3039 4749 habent
3076 4688 3402 4769 spiritalem
3434 4710 3446 4751 :
3495 4688 3678 4770 siqui-

314 4785 429 4869 χῶς
453 4779 836 4869 ,ιξαγγέλλουσι
869 4788 963 4856 τὴν
1005 4777 1296 4869 θεαρχικὴν
1359 4789 1708 4868 κρυφιότητα,
1755 4787 1842 4845 διὸ
1871 4790 1959 4846 καὶ

2047 4778 2177 4840 dem
2204 4796 2408 4840 eorum
2435 4787 2657 4839 natura:
2681 4787 2818 4840 sunt
2843 4783 2969 4838 viva
2993 4778 3266 4858 quaedam
3310 4795 3480 4838 mens
3513 4796 3528 4853 ;
3588 4777 3683 4839 id-

311 4867 531 4947 ἄγτελοι
564 4870 834 4950 λέγονται,
869 4875 990 4942 ἤτοι
1020 4874 1104 4933 διὰ
1134 4866 1195 4935 τὸ
1243 4878 1338 4947 τὴν
1367 4866 1509 4934 θείαν
1539 4885 1632 4934 τοῦ
1665 4885 1796 4935 Θεοῦ
1826 4900 1920 4956 κρυ
1939 4912 1958 4925 ο

2047 4868 2199 4929 circo
2224 4873 2710 4946 etiam,tanquam
2737 4866 2992 4928 assiduae
3013 4866 3544 4947 quidem,primam
3582 4869 3686 4929 ha-

312 4960 551 5036 φιότητα
580 4961 913 5042 ἔκφαίνεσθαι
970 4965 1038 5022 δι’
1083 4967 1276 5040 αὐτῶν,
1334 4968 1415 5024 ὃτι
1459 4967 1554 5046 ὣν,
1603 4965 1683 5024 ὅτι
1711 4974 1840 5046 ζῶν,
1865 4955 1954 5023 γὸτι

2047 4956 2183 5046 bent
2207 4955 2772 5046 participationem:
2831 4955 2891 5016 in
2943 4969 3230 5046 quantum
3282 4974 3422 5019 vero
3471 4957 3685 5019 multas

2042 5045 2263 5107 habent
2283 5045 2579 5106 naturales
2603 5045 3081 5106 communicandi
3107 5044 3442 5120 facultates,
3477 5047 3680 5108 multi-

2043 5134 2280 5215 pliciter
2310 5133 2494 5196 divini
2544 5133 2806 5196 numinis
2854 5142 3164 5196 consortes
3200 5135 3346 5196 fiunt
3377 5153 3392 5211 ;
3428 5135 3684 5215 ideoque

2042 5223 2547 5303 iterum,primum
2573 5242 2640 5286 ac
2670 5222 3082 5304 multipliciter
3104 5223 3368 5285 divinum
3396 5223 3541 5284 illud
3580 5242 3680 5283 ar-

313 5050 543 5138 νοῦς,ῗεῖ
571 5053 658 5107 καὶ
685 5052 818 5132 ὑπὲρ
857 5061 1020 5112 ταῦτα
1077 5057 1406 5136 ἀσυγκρίτως
1459 5056 1626 5138 ἔστὶν,
1671 5062 1707 5124 ἦ
1755 5058 1842 5113 καὶ
1872 5055 1956 5112 διὰ

311 5138 372 5193 τὸ
416 5135 486 5194 δι’
518 5140 688 5197 αὐτῶν
719 5143 857 5219 ἡμῖν
899 5141 1367 5222 διαπορθμεύεσθαι
1425 5147 1523 5214 τὴν
1574 5135 1714 5204 θείαν
1755 5144 1955 5223 βούληα-

314 5244 420 5282 σιν⁶
467 5224 608 5284 οὕτω
647 5230 748 5312 γὰρ
777 5233 865 5290 καὶ
907 5235 936 5290 ὁ
968 5234 1132 5311 νόμος
1164 5233 1232 5292 δι’
1262 5234 1507 5314 ἀγγέλων
1556 5235 1794 5307 ὶλαλήθη
1821 5235 1958 5292 κατὰ

311 5315 404 5405 τὸν
433 5315 605 5405 μέγαν
659 5317 1010 5405 ’Δπόστολον,
1045 5326 1132 5382 καὶ
1187 5325 1308 5390 τοὺς
1367 5323 1602 5392 ἂνδόξους
1633 5327 1735 5403 πρὸ
1765 5326 1953 5402 νόμου,

2047 5321 2852 5399 canumenuntiant,propter
2874 5318 3034 5396 quod
3063 5327 3123 5380 et
3147 5317 3343 5397 angeli
3368 5317 3670 5378 dicuntur:

311 5403 388 5497 ὡς
413 5405 507 5461 τὸν
549 5404 796 5488 ’Λὸραὰμ
847 5415 936 5470 καὶ
978 5403 1072 5471 τὸν
1129 5416 1349 5497 Μανωέ,
1407 5418 1497 5472 καὶ
1549 5409 1674 5480 τσὺς
1706 5415 1952 5478 λοιπούς’

2047 5405 2320 5488 quoniam
2350 5424 2456 5486 per
2476 5405 2611 5468 illos
2635 5407 2899 5468 divinum
2926 5406 3070 5468 illud
3094 5405 3200 5468 Dei
3218 5411 3513 5468 secretum
3547 5423 3676 5466 ma-

312 5495 398 5551 καὶ
425 5497 566 5571 μετὰ
594 5499 782 5582 νόμον,
814 5503 891 5567 ὡς
920 5501 1237 5582 τὸνίωσὴφ,
1269 5493 1364 5563 τὸν
1395 5505 1618 5587 Πέτρον,
1671 5507 1792 5573 τοὺς
1822 5509 1955 5562 καθ’

2047 5497 2374 5578 nifestatur,
2402 5503 2487 5572 ut,
2513 5496 2670 5578 quod
2688 5497 2782 5576 sit,
2804 5496 2965 5579 quod
2997 5500 3172 5572 vivat,
3191 5496 3352 5577 quod
3385 5511 3554 5557 mens
3575 5493 3674 5572 sit,

393 5678 419 5710 ιι
445 5663 621 5730 Joan.
652 5684 779 5747 ιιι,
824 5669 883 5735 3.
