4042 6206
301 376 406 446 191

1478 385 1538 448 S.
1590 381 1920 451 DIONYSlI
1976 385 2480 455 ABEOPAGITA‘J

3551 386 3664 454 192

296 515 531 606 tametsi
553 534 734 599 supra
753 515 856 582 illa
876 520 1006 584 sine
1037 518 1482 601 comparatione
1504 520 1601 586 sit:
1635 518 1727 584 vel
1749 519 1928 584 etiam
1951 563 1957 582 ι

2046 520 2134 592 Ξῆς
2191 521 2424 604 πατάρας
2469 524 2648 602 ἡμῶν,
2708 521 2929 606 ἄγγελοι
2973 523 3103 603 πρὸς
3158 524 3223 583 16
3266 522 3430 583 Θεῐον
3461 522 3663 604 ὰνῆγον

298 605 452 688 quod
479 626 584 689 per
629 609 764 672 illos
811 610 884 672 ad
936 629 1046 673 nos
1095 611 1294 674 divina
1323 611 1594 675 voluntas
1615 610 1938 687 deferatur;

298 699 386 758 sic
407 697 568 760 enim
592 707 652 762 et
709 701 804 762 lex
855 719 962 782 per
1009 701 1258 781 angelos
1309 702 1683 782 promulgata
1733 709 1842 782 est,
1877 709 1944 762 ut

301 805 548 866 magnus
565 790 883 871 Apostolus
901 799 1148 853 testatur
1176 809 1190 854 :
1218 801 1278 854 et
1296 791 1548 871 inclytos
1569 800 1704 853 ante
1723 790 1937 870 legem,

302 891 366 938 ut
386 877 680 941 Abraham
711 888 770 941 et
791 883 1003 943 Manue
1037 891 1404 962 caeterosque
1432 899 1448 957 ;
1477 889 1534 942 et
1561 888 1691 961 post
1719 880 1937 961 legem,

301 967 648 1047 Josephum,
679 978 738 1032 et
762 970 1421 1051 Petrum,reliquosque
1451 969 1654 1032 Patres
1685 979 1939 1045 nostros,

301 1057 495 1134 angeli
519 1058 588 1118 ad
611 1057 870 1122 divinam
895 1061 1256 1122 voluntatem
1290 1059 1684 1131 deduxerunt,
1722 1059 1939 1137 partim

303 1144 443 1224 quid
475 1147 774 1225 agendum
800 1159 956 1210 esset
977 1149 1387 1223 edocentes,et
1419 1150 1494 1210 ab
1519 1165 1719 1210 errore
1747 1165 1944 1209 remo-

301 1243 531 1315 ventes,
565 1239 645 1299 uti
693 1239 1037 1302 Cornelium
1073 1262 1088 1312 ;
1126 1239 1342 1320 partim
1366 1239 1437 1300 ad
1470 1255 1672 1300 sacros
1706 1237 1946 1299 ordines

303 1323 780 1408 adducentes,uti
809 1329 1140 1404 Danielem,
1169 1328 1572 1402 Ezechielem,
1607 1335 1666 1389 et
1709 1326 1939 1389 Isaiam:

2021 611 2291 690 βοῦλημα,
2324 615 2360 682 ἣ
2389 614 2451 672 16
2473 612 2728 683 ποιητέον
2779 613 3172 695 είσηγούμενοι,
3225 615 3315 672 καὶ
3365 613 3426 671 ἐκ
3455 611 3664 681 πλάνης

2023 703 2367 782 μετάγοντες,
2429 705 2503 768 ὡς
2552 703 2638 761 ἰπὶ
2680 711 2773 763 τοῦ
2833 702 3146 784 Κορνηλίουθ
3193 704 3230 771 ἦ
3291 703 3469 770 τάξεις
3496 702 3664 783 ἱεράς,

2023 794 2098 874 ὡς
2168 793 2254 850 ἐπὶ
2321 799 2416 852 τοῦ
2489 793 2715 874 Δανιὴλ,
2774 795 2860 851 καὶ
2934 796 3027 851 τοῦ
3091 791 3372 866 ’ῐεζεκιηλ,
3431 792 3518 850 καὶ
3575 799 3667 851 τοῦ

2028 873 2277 942 Ἡσαΐουο
2331 885 2407 939 ὧν
2441 884 2468 939 6
2514 883 2612 958 μὲν
2666 873 2908 962 ἀγγέλων
2965 883 3152 959 μυρίας
3205 880 3462 963 μυριάδας
3496 903 3665 957 παρε-

2023 973 2276 1038 στηκυίας
2307 971 2581 1046 ἐθεάσατο,
2609 973 2637 1029 6
2673 970 2727 1029 δὲ
2759 971 2944 1051 θρόνον
3008 971 3123 1030 εἶδε
3174 973 3263 1028 καὶ
3322 970 3561 1052 ἐχόμενα
3602 971 3669 1028 τὰ

2026 1057 2312 1139 Χερουϐὶμ,
2347 1063 2372 1118 6
2406 1059 2460 1116 δὲ
2503 1063 2593 1118 τὸν
2625 1065 2926 1136 καθίμενον
2968 1060 3053 1118 ἐπὶ
3101 1059 3308 1141 θρόνου,
3359 1061 3448 1117 καὶ
3490 1058 3670 1132 κύκλῳ

2024 1149 2092 1206 τά
2124 1150 2362 1230 Σεραφὶμ
2420 1149 2692 1207 ἐθεάσατο·
2745 1151 2782 1216 ἣ
2841 1150 3146 1230 μυστηρίων
3192 1149 3428 1228 δράσεις,
3475 1149 3550 1210 ὡς
3582 1147 3668 1204 ἐπὶ

2025 1249 2118 1298 τοῦ
2148 1238 2413 1303 Μωϋσὲως
2455 1239 2551 1296 ἐπὶ
2598 1243 2696 1308 τῆς
2745 1240 2935 1317 βάτου⁸
2981 1240 3018 1308 ἦ
3060 1241 3150 1297 καὶ
3187 1241 3329 1302 θείας
3352 1235 3668 1317 προῤῥήσεις

2025 1327 2422 1406 ἀναφαίνοντες,
2444 1330 2516 1392 ὡς
2553 1327 2638 1386 ἐπὶ
2658 1335 2752 1386 τοῦ
2778 1327 2964 1386 Μανωὲ
3001 1329 3082 1385 (αὶ
3124 1335 3218 1386 τοῦ
3251 1325 3473 1398 Δανιήλ.

305 1431 559 1495 quorum
617 1419 766 1480 alter
819 1418 1057 1499 quidem
1108 1419 1270 1479 mille
1333 1417 1624 1498 myriades
1675 1416 2022 1496 angelorum
2085 1425 2347 1478 astantes
2376 1416 2702 1498 conspexit,
2730 1417 2879 1478 alter
2919 1435 3060 1478 vero
3096 1416 3376 1478 trhonum
3417 1414 3581 1495 vidit,
3611 1423 3672 1476 et

309 1522 440 1583 quae
462 1505 782 1568 Cherubim
831 1507 1153 1582 habebant,
1187 1508 1340 1568 alter
1367 1525 1503 1567 vero
1538 1508 1844 1575 sedentem
1880 1505 1940 1566 in
1971 1505 2205 1584 throno,
2239 1512 2298 1566 et
2362 1506 2422 1566 in
2482 1505 2731 1566 circuitu
2764 1505 3076 1585 Seraphim
3121 1504 3348 1585 aspexit
3379 1523 3394 1564 ε
3459 1504 3667 1584 partim

305 1595 562 1655 visiones
597 1597 1033 1678 mysteriorum,
1061 1606 1126 1660 ut
1167 1597 1350 1677 Moysi
1375 1596 1435 1657 in
1465 1597 1610 1658 rubo
1647 1619 1662 1674 ;
1701 1595 1907 1677 partim
1954 1594 2134 1655 etiam
2158 1594 2395 1658 divinas
2441 1595 2857 1677 praedictiones
2886 1595 3239 1670 revelantes,
3274 1603 3336 1656 ut
3366 1592 3570 1656 Manoe
3602 1609 3673 1655 ac

304 1681 561 1748 Danieli.

387 1772 539 1852 §lll.
573 1773 760 1838 Solvit
785 1776 880 1839 hic
905 1775 1330 1855 obiectionem,
1363 1775 1607 1837 dicens:
1644 1773 1705 1838 Si
1749 1781 1946 1835 autem

2109 1772 2268 1854 §IIL
2296 1775 2421 1833 Δύει
2481 1774 2697 1833 ἰνταῦθα
2753 1774 3087 1851 άντιπίπτον,
3139 1772 3334 1852 λέγων,
3395 1773 3452 1831 El
3480 1769 3535 1829 δέ
3589 1791 3671 1835 τις

311 1863 447 1943 quis
468 1863 684 1927 dixerit
705 1866 862 1948 quod
886 1868 1062 1928 etiam
1097 1866 1228 1927 sine
1250 1865 1476 1944 angelis
1507 1864 1808 1946 aliquibus
1845 1862 1942 1923 di-

2046 1863 2199 1944 ιὲγει,
2244 1863 2325 1924 ὅτι
2373 1866 2461 1922 καὶ
2515 1863 2641 1946 δίχα
2685 1870 2791 1921 τῶν
2834 1863 3080 1943 άγγέλων
3106 1863 3350 1941 ὶγένοντό
3381 1883 3487 1919 τισι
3543 1864 3670 1919 θεο-

312 1957 460 2014 vinae
492 1953 658 2017 facta}
681 1956 800 2017 sint
827 1955 1416 2036 apparitiones,juxta
1442 1954 1609 2017 illud:
1634 1953 1947 2034 Apparuit

318 2041 616 2106 Dominus
667 2046 970 2120 Abrahazt’,
1008 2054 1111 2108 et:
1149 2045 1333 2106 Dixit
1379 2047 1538 2106 Deus
1585 2044 1664 2106 ad
1681 2042 1939 2122 JacobP;

318 2130 504 2193 discat
523 2141 580 2194 et
602 2134 714 2196 hoc
743 2134 1076 2214 evidenter,
1098 2150 1216 2194 non
1245 2151 1313 2194 ex
1349 2133 1543 2204 nobis,
1576 2132 1682 2194 sed
1709 2151 1778 2192 ex
1801 2130 1950 2211 ipsis

313 2221 965 2304 Scripturis,quomodo
998 2223 1110 2284 hoc
1140 2221 1571 2302 quidem,quod
1603 2228 1692 2283 est
1720 2220 1827 2284 Dei
1850 2237 1954 2280 oc-

315 2309 560 2390 cultum,
608 2331 783 2374 nemo
831 2312 1001 2386 vidit,
1063 2329 1259 2392 neque
1321 2311 1572 2383 videbit,
1624 2308 1951 2371 secundum

312 2397 746 2478 Evangelistam
765 2403 1053 2464 Joannem
1069 2412 1177 2473 (ιβ’
1199 2400 1356 2482 quod
1373 2401 1443 2462 ad
1469 2400 1706 2480 Moysen
1727 2399 1948 2460 dictum

317 2496 450 2549 est'.
487 2489 709 2553 Divinae
739 2510 879 2554 vero
903 2491 1304 2572 apparitiones
1334 2489 1557 2551 sanctis
1589 2489 1753 2550 facta:
1789 2494 1948 2562 sunt,

318 2594 436 2639 non
485 2580 643 2656 quod
687 2581 936 2660 ipsemet
992 2583 1172 2658 Deus,
1207 2588 1270 2638 ut
1313 2580 1370 2640 in
1401 2597 1465 2641 se
1491 2588 1602 2654 est,
1637 2589 1956 2658 appareret

323 2666 456 2738 (hoc
487 2669 646 2729 enim
667 2668 1036 2749 impossibile
1049 2669 1394 2748 est),4i55ed
1411 2667 1567 2748 quod
1591 2667 1786 2728 divina
1811 2667 1953 2728 illu-

321 2757 606 2820 stratione
623 2758 785 2838 digni
802 2759 981 2821 habiti
1007 2759 1092 2820 illi
1120 2760 1219 2840 qui
1243 2758 1592 2838 cernebant,
1630 2773 1735 2838 per
1760 2774 1958 2818 sacras

319 2847 603 2925 quasdam
657 2849 939 2929 visiones,
974 2848 1118 2928 ipsis
1168 2847 1664 2930 proportionatas,
1704 2845 1960 2910 viderint

317 2952 388 2997 ea
412 2954 539 3016 quae
559 2938 852 3001 viderunt.

2029 1956 2261 2037 φάνειαι,
2309 1959 2382 2022 ὡς
2413 1958 2474 2014 16
2505 1954 2917 2037 ’ὫφθηΚύριος
2950 1954 3045 2031 τῳ’
3079 1954 3322 2036 Αϐραάμ,
3356 1957 3468 2035 καὶ,
3494 1957 3670 2012 Εἶπεν

2031 2048 2059 2103 6
2115 2046 2244 2110 Θεός
2289 2048 2420 2126 πρὸς
2475 2044 2791 2104 τὸν⁹1απώ6’
2827 2043 3139 2117 μανθανέτω
3167 2046 3256 2102 καὶ
3308 2043 3462 2102 τοῦτο
3492 2046 3674 2123 σαφῶς

2038 2137 2132 2193 οὒκ
2159 2135 2212 2202 ιξ
2254 2138 2430 2212 ἡμῶν,
2490 2135 2611 2192 ἀλλ’
2668 2135 2720 2203 ἒξ
2777 2137 2946 2193 αὐτῶν
2995 2141 3101 2192 τῶν
3148 2141 3185 2190 Γ
3189 2140 3390 2213 ραφῶν,
3443 2134 3514 2199 ὣς
3546 2133 3676 2191 σῦτὺ

2038 2227 2136 2304 μὲν
2175 2229 2235 2284 16
2291 2237 2382 2287 τοῦ
2419 2234 2550 2284 Θεοῦ
2600 2227 2816 2307 κρύφιον
2865 2224 3031 2289 οὐδεὶς
3084 2225 3315 2300 ἑώρακεν
3370 2224 3409 2291 ἣ
3456 2223 3671 2301 ὄψεται,

2035 2318 2174 2374 κατά
2228 2318 2319 2374 τὸν
2379 2314 2764 2395 εὖαγγελιστὴν
2821 2315 3100 2395 ⁹ῐωάννην,
3155 2315 3240 2371 καὶ
3299 2315 3353 2370 τὸ
3395 2313 3524 2391 πρὸς
3581 2313 3676 2368 τὸν

2037 2413 2265 2474 Μωῦαῆν
2297 2403 2600 2481 εἰρημένον.
2627 2405 2938 2486 Θεοφάδειαι
2970 2403 3024 2462 δὲ
3055 2418 3174 2467 τοῖς
3206 2403 3370 2467 ὁσίοις
3403 2405 3674 2480 εγενοντο,

2037 2500 2095 2555 οὒ
2143 2494 2226 2552 διὰ
2282 2497 2343 2554 16
2399 2495 2599 2574 φαίνειν
2650 2496 2742 2552 τὸν
2783 2495 2914 2551 Θεὸν
2971 2495 3178 2569 ἑαυτὸν,
3222 2491 3250 2550 ὅ
3298 2513 3349 2549 τι
3394 2489 3523 2549 ποτέ
3562 2490 3675 2547 ἐστι

2039 2585 2218 2666 (τοῦτο
2273 2586 2374 2665 γὰρ
2445 2584 2795 2665 ἀμήχανον),
2855 2581 2976 2642 ἀλλ’
3027 2583 3108 2641 ὅτι
3156 2585 3298 2646 θείας
3355 2580 3675 2657 ἔλλάμψεως

2039 2675 2337 2751 ἀξιούμενοι
2369 2677 2415 2732 οί
2444 2673 2754 2754 βλέποντες,
2787 2672 2873 2730 διά
2903 2695 3061 2731 τινων
3114 2672 3340 2750 δρέσεων
3367 2671 3549 2750 ἱερῶν,
3583 2670 3674 2727 καὶ

2041 2765 2104 2823 αὖ
2116 2779 2223 2830 τοῖς
2253 2762 2552 2845 ἀναλόγων,
2585 2760 2812 2824 ἔϐλεπον
2842 2763 2974 2844 ἅπερ
3012 2760 3258 2826 ἔϐλεπον.

397 3051 566 3114 Illam
592 3051 793 3142 itaque
831 3054 1138 3128 visionem,
1171 3071 1302 3134 quae
1326 3052 1582 3142 divinam
1615 3050 1954 3142 similitudi-

2124 3059 2232 3126 Τὴν
2259 3057 2382 3136 γοῦν
2413 3059 2597 3136 ὅρασιν
2653 3061 2888 3134 εκείνην,
2927 3063 3045 3133 ἥτις
3112 3058 3348 3142 ἐνέφαινε
3398 3062 3497 3129 τὴν
3539 3060 3681 3118 θείαν

321 3157 459 3202 nem
503 3141 821 3218 referebat,
857 3162 925 3204 ex
951 3144 1310 3204 intuentium
1333 3140 1404 3202 ad
1432 3140 1694 3202 divinum
1725 3139 1960 3202 Numen

319 3229 682 3294 adductione
735 3251 803 3294 ac
859 3232 1274 3304 illustratione,
1323 3229 1960 3311 sapientissimatheo-

322 3319 477 3398 logia
499 3319 606 3383 Dei
647 3323 1076 3402 apparitionem
1103 3328 1499 3401 vocat,utpote
1524 3338 1629 3399 per
1655 3338 1830 3396 quam
1864 3319 1960 3379 di-

320 3408 466 3466 vinas
488 3409 887 3469 illustrationis
914 3411 1096 3468 insitae
1124 3411 1424 3475 visuonem,
1457 3409 1693 3466 intuent:
1716 3424 1743 3466 s
1769 3407 1958 3464 divina

323 3519 565 3577 quoque
593 3500 709 3562 alia
735 3501 1160 3564 edocebantur.
1194 3500 1312 3563 Has
1341 3509 1535 3561 autem
1565 3498 1823 3560 visiones
1866 3516 1966 3576 pa-

329 3600 448 3650 tres
478 3591 664 3652 nostri
689 3591 1087 3654 mediantibus
1116 3590 1456 3653 caelestibus
1479 3588 1794 3652 virtutibus
1814 3587 1965 3649 didi-

328 3679 844 3761 cerunt.Nunquid
875 3682 1031 3743 enim
1069 3683 1242 3743 etiam
1268 3698 1497 3742 sacram
1533 3678 1964 3758 legislationem

326 3768 400 3829 ab
422 3774 672 3848 ipsomet
697 3773 818 3835 Deo
845 3770 1030 3852 Moysi
1052 3771 1268 3839 datam,
1297 3787 1365 3831 ex
1389 3769 1576 3831 sacris
1601 3767 1834 3829 Litteris
1865 3767 1964 3828 ad.

329 3857 636 3930 discimus,
660 3867 723 3922 ut
760 3879 868 3920 nos
889 3860 1099 3922 doceat
1140 3859 1363 3940 Moyses
1385 3858 1712 3920 secundum
1746 3857 1965 3919 verita-

333 3954 475 4022 tem,
513 3949 664 4010 hanc
706 3950 987 4010 nimirum
1017 3950 1452 4028 legislationem
1479 3947 1725 4010 alterius
1752 3947 1968 4009 divinas

330 4053 633 4117 sacraeque
659 4038 1046 4115 legislationis
1067 4038 1533 4117 eﬂigurationem
1569 4054 1722 4108 esse,
1751 4055 1968 4115 nempe

328 4127 461 4200 ejus
490 4145 622 4206 quae
645 4145 752 4208 per
771 4125 1065 4189 Christum
1095 4134 1205 4209 est,
1245 4136 1305 4189 et
1335 4125 1520 4188 divini
1554 4124 1736 4189 Verbi
1765 4126 1970 4188 incur-

328 4219 626 4277 nationem
655 4223 684 4280 ’ἰ

408 4317 559 4391 Quin
590 4329 648 4381 et
677 4339 925 4400 magnus
972 4319 1070 4381 ille
1101 4319 1317 4383 Paulus
1375 4317 1531 4380 hanc
1592 4335 1698 4398 per
1727 4318 1972 4394 ange!os

330 4407 760 4485 promulgatam
794 4409 990 4490 tradit,
1025 4421 1084 4470 et
1125 4419 1372 4469 sanctus
1402 4405 1740 4486 Stephanus
1771 4406 1968 4467 decla-

2043 3145 2294 3222 ὅμοίωςιν
2325 3150 2384 3207 ἐκ
2414 3156 2511 3218 τῆς
2541 3158 2648 3208 τῶν
2675 3151 2917 3229 ὁρώντων
2952 3150 3038 3207 ἐπὶ
3093 3153 3153 3208 16
3203 3158 3362 3208 Θετον
3385 3150 3672 3228 ἀναγωγῆς

2042 3240 2129 3295 καὶ
2159 3238 2502 3316 ὲλλάμψεως,
2555 3243 2588 3310 ἡ
2634 3241 2900 3320 πάνσοοξος
2959 3239 3204 3318 θεολογία
3262 3240 3420 3299 καλεῖ
3477 3239 3680 3317 θεοφά-

2043 3349 2209 3402 νειαν,
2239 3330 2310 3395 ὡς
2357 3328 2425 3386 δι’
2475 3329 2636 3398 αὖτῆς
2689 3329 2753 3398 δὴ
2811 3336 2910 3393 τῆς
2955 3331 3188 3410 ὁράσεως
3216 3331 3312 3398 τῆς
3355 3330 3495 3398 θείας
3527 3329 3680 3408 ἐγγι-

2044 3417 2271 3492 νομένης
2311 3417 2653 3498 ἐλλάμψεως,
2686 3419 2773 3476 καὶ
2793 3442 2843 3476 τι
2867 3420 2972 3496 ἀπο
3006 3426 3112 3476 τῶν
3141 3421 3292 3476 θείων
3321 3424 3475 3500 ἱερῶς
3516 3441 3683 3492 μυου-

2045 3507 2218 3579 μένων
2251 3513 2355 3564 τῶν
2385 3509 2652 3587 δρώντων.
2682 3509 2897 3574 Ταύτας
2926 3507 2981 3565 δὲ
3010 3510 3104 3574 τὰς
3138 3510 3348 3588 ὁράσεις
3377 3513 3425 3566 οἱ
3455 3509 3681 3585 πατέρες

2044 3599 2200 3670 ἡμῶν
2256 3595 2340 3653 διὰ
2396 3598 2573 3670 μέσων
2624 3601 2728 3656 τὼν
2781 3599 3030 3676 οὖρανίων
3089 3599 3342 3674 ἰμυοῦντο
3385 3596 3684 3671 δυνάμεων.

2049 3684 2147 3748 "H
2195 3687 2295 3765 γὰρ
2340 3688 2463 3767 οὗχὶ
2515 3688 2601 3743 καὶ
2657 3691 2756 3754 τὴν
2815 3689 2957 3766 ἱερὰν
3005 3689 3316 3763 νομοθεσίαν
3369 3688 3587 3746 αὖτόθεν
3622 3687 3683 3743 ἐκ

2050 3785 2180 3836 Θεοῦ
2207 3784 2283 3849 τῷ
2331 3783 2528 3849 Μωυσῇ
2579 3774 2976 3852 δεδωρημένην,
3037 3775 3097 3834 ἑκ
3134 3782 3232 3843 τῆς
3287 3777 3428 3853 ἱερᾶς
3481 3776 3686 3854 Γραγῆς

2047 3864 2400 3941 μανθάνομεν,
2461 3864 2607 3930 ὅπως
2667 3864 2729 3922 ἂν
2781 3869 2921 3942 ἡμᾶς
2982 3867 3222 3944 μυήσῃὸ
3281 3867 3508 3933 Μωῦτῆς
3562 3863 3687 3923 κατ’

2049 3954 2296 4026 ἀλήθειαν
2331 3957 2386 4011 τὸ
2425 3959 2564 4012 εἶναι
2621 3957 2717 4024 τὴν
2775 3956 3115 4031 θεσμοθεσίαν
3172 3955 3369 4022 ταύτην
3397 3954 3537 4018 θείας
3569 3953 3692 4011 ἑτέ·-

2052 4067 2144 4124 ρας
2188 4046 2277 4100 καὶ
2332 4045 2474 4122 ἱερᾶς
2531 4046 2840 4119 νομοθεσίας
2897 4046 3262 4124 ὕπο-τύπωσιν,
3319 4043 3558 4104 τουτέστι
3590 4048 3692 4110 τῆς

2054 4134 2188 4190 κατὰ
2247 4136 2468 4214 Χριστὸν
2513 4137 2598 4192 καὶ
2655 4134 2753 4202 τὴν
2797 4142 2889 4193 τοῦ
2946 4134 3118 4214 Λόγου
3167 4135 3308 4192 θείαν
3355 4133 3695 4213 ἐνανθρώπη-

2058 4246 2142 4280 σιν
2178 4245 2198 4297 ;

2137 4326 2308 4386 Ἀλλά
2335 4328 2422 4385 καὶ
2479 4329 2508 4385 6
2557 4326 2726 4406 μέγας
2776 4325 2981 4393 Παῦλος
3011 4323 3078 4383 δι’
3124 4323 3365 4404 ἀγγέλων
3393 4323 3695 4394 λαληθῆναι

2054 4416 2199 4496 λέγει
2230 4419 2452 4496 ταύτην,
2502 4419 2586 4473 καῖ
2644 4419 2673 4474 6
2728 4415 2880 4494 ἅγιος
2934 4414 3201 4494 Στέφανος
3257 4413 3440 4488 δηλοῖ,
3493 4413 3695 4494 λέγων·

329 4504 439 4571 rat,
464 4496 670 4560 dicens
704 4519 717 4560 :
765 4499 889 4576 Qui
916 4499 1234 4580 accepistis
1264 4499 1451 4574 legem
1484 4497 1549 4558 in
1571 4496 1957 4575 dispositione

2055 4508 2122 4565 Ο’ἷ
2197 4529 2336 4570 τινες
2409 4503 2626 4563 ἐλάϐετε
2703 4506 2796 4562 τὸν
2867 4504 3031 4581 νόμον
3087 4506 3162 4569 είς
3215 4501 3467 4582 διαταγὰς
3523 4504 3698 4581 ἆγγέ-

331 4587 770 4678 ᾳηθειονιιηιβι
796 4607 918 4652 non
943 4587 1320 4678 custodistiss
1344 4605 1364 4662 ;
1388 4585 1685 4666 siquidem
1713 4585 1825 4678 hoc
1846 4584 1957 4665 ipsa

2053 4596 2189 4678 λων,
2239 4597 2327 4652 καὶ
2379 4597 2472 4652 οῦκ
2522 4593 2831 4675 ἐφυλάξατε·
2887 4602 3041 4652 τοῦτο
3100 4594 3201 4670 γὰρ
3257 4592 3478 4649 ἀπαιτεῖ
3532 4594 3621 4649 καὶ
3656 4593 3698 4660 ἢ

331 4675 425 4736 lex
458 4685 514 4738 et
543 4679 690 4740 ordo
722 4678 867 4758 legis
899 4677 1103 4758 exigit:
1137 4695 1270 4738 nam
1305 4675 1396 4737 lex
1431 4683 1676 4756 propter
1698 4673 1957 4736 ordinem

2052 4691 2115 4744 ὶκ
2173 4673 2352 4761 ⁷νόμου
2413 4673 2576 4750 τάξιςλ
2643 4686 2672 4742 6
2736 4684 2836 4762 γὰρ
2895 4684 3055 4758 νόμος
3114 4679 3199 4738 διὰ
3251 4681 3394 4747 τάξιν
3449 4680 3688 4760 γέγονεν·

332 4764 482 4825 facta
501 4774 614 4830 est.
662 4767 856 4846 Exigit
897 4769 1095 4848 itaque
1126 4775 1240 4828 tam
1288 4765 1382 4826 lex
1436 4782 1609 4853 quam
1644 4763 1792 4825 ordo
1814 4764 1957 4844 ejus,

2055 4776 2305 4833 Ἀπαιτετ
2342 4785 2466 4853 γοῦν
2531 4773 2683 4836 αὐτὸς
2745 4775 2773 4829 6
2821 4773 2981 4846 νόμος
3045 4772 3134 4828 καὶ
3183 4772 3218 4840 ἡ
3259 4769 3400 4836 τάξις
3432 4772 3592 4828 αῦτοῦ
3632 4772 3698 4826 16

334 4861 743 4933 utposteriora
767 4875 872 4938 per
901 4857 1098 4937 priora
1119 4857 1190 4916 ad
1219 4855 1483 4917 divinum
1519 4852 1752 4914 Numen
1777 4853 1957 4914 addu-

2055 4867 2140 4921 διά
2171 4886 2324 4921 τινων
2358 4852 2581 4941 πρώτων
2633 4861 2914 4940 ἄναγεσθαι
2967 4861 3095 4938 πρὸς
3144 4861 3206 4917 16
3271 4868 3426 4917 Θεῐον
3477 4861 3542 4916 τὰ
3570 4857 3699 4916 δεύ-

335 4946 1077 5026 cantur,quemadmodum
1095 4945 1288 5024 legum
1306 4941 1727 5034 dispositiones
1748 4943 1957 5021 ferunt,

2054 4977 2204 5034 τερα,
2236 4956 2309 5018 ὡς
2341 4952 2557 5034 ἔχουσιν
2591 4955 2641 5009 αἱ
2681 4957 2786 5008 τῶν
2830 4951 3006 5026 νόμων
3061 4947 3344 5030 διατάξεις,
3390 4947 3505 5007 καθ’
3537 4949 3596 5015 ἃς
3647 4951 3700 5006 οἱ

335 5031 920 5123 quibussacerdotes
945 5033 1146 5114 populi
1187 5040 1558 5123 coercentur.
1595 5029 1758 5103 Quod
1795 5037 1957 5094 etiatr

2054 5029 2215 5123 ἱερεῖς
2274 5029 2538 5102 τοῦηλαοῦ
2602 5038 3022 5102 διαστέλλονται.
3083 5036 3264 5103 Οὕτως
3309 5038 3421 5096 ἐστι
3470 5038 3557 5095 καὶ
3609 5038 3702 5096 ἐπὶ

337 5121 532 5184 locum
558 5122 736 5184 habet
766 5124 826 5186 in
861 5123 1168 5185 virtutibus
1199 5119 1570 5184 coelestibus.

418 5211 653 5276 Etenim
671 5232 788 5274 non
814 5213 1008 5275 solum
1026 5213 1084 5274 in
1099 5209 1550 5273 sublimioribus
1572 5207 1979 5271 inferioribus-

341 5323 457 5385 que
484 5302 820 5378 virtutibus,
856 5303 1032 5364 trium
1085 5300 1316 5363 scilicet
1363 5315 1776 5379 supremorum
1810 5297 1978 5360 ordi-

343 5413 506 5469 num,
536 5393 859 5476 seraphim.
893 5388 1300 5465 cherubim,et
1323 5389 1768 5476 thronorum,et
1800 5387 1978 5450 trium

339 5484 519 5548 hosce
541 5475 1054 5566 subSequentium,
1103 5498 1171 5541 ac
1210 5479 1394 5540 trium
1442 5477 1687 5566 insuper
1731 5475 1979 5539 inferio-

337 5591 497 5648 rum,
527 5565 893 5654 ejuscemodi
919 5569 1146 5634 ordinis
1168 5573 1539 5631 sanctionem
1560 5565 1766 5628 videre
1784 5571 1978 5658 liceat;

2055 5141 2163 5192 τῶν
2193 5133 2445 5211 οὒρανίων
2475 5129 2769 5206 δυνάμεων.

2144 5224 2242 5282 Καὶ
2296 5221 2396 5301 γὰρ
2446 5224 2507 5280 οὒ
2563 5220 2726 5296 μόνον
2782 5217 2867 5276 ἰπὶ
2924 5223 3030 5276 τῶν
3089 5215 3438 5296 δψηλοτέρων
3491 5235 3549 5272 τε
3617 5215 3713 5272 καὶ

2061 5310 2354 5392 ὑφειμένων
2389 5308 2682 5390 δυνάμεων,
2733 5305 2986 5376 δηλονότι
3035 5312 3143 5364 τῶν
3193 5327 3253 5364 τε
3281 5304 3525 5382 ὑπεράνω
3547 5309 3714 5382 τριῶν

2060 5401 2284 5481 τάξεων,
2342 5405 2448 5457 τῶν
2501 5400 2751 5479 σεραφὶμ,
2813 5402 2918 5453 τῶν
2958 5397 3247 5478 χερονβὶμ,
3318 5395 3550 5452 καὶτῶν
3581 5392 3714 5471 θρό-

2065 5516 2192 5567 νων,
2249 5493 2336 5549 sui
2379 5496 2486 5547 τῶν
2540 5491 2790 5546 ὓποκατω
2843 5487 3041 5544 τούτων
3087 5491 3274 5566 τριῶν,
3323 5493 3413 5542 καί
3470 5481 3548 5541 ἔτι
3597 5488 3713 5540 τῶν

2065 5581 2314 5639 ὑποκάτω
2354 5582 2536 5661 τριῶν,
2568 5578 2718 5636 ἔστιν
2775 5576 2912 5635 ἰδεῖν
2938 5576 3032 5634 16v
3087 5574 3322 5634 τοιοῦτον
3373 5574 3572 5651 θοσμὸν
3602 5573 3706 5639 τῆς

423 5752 450 5777 ο
476 5732 623 5796 Gen.
658 5750 758 5807 ιιι,
813 5735 866 5797 'l.
947 5745 972 5788 ι’
1004 5732 1151 5798 Gen.
1189 5748 1360 5813 xxxv,
1414 5733 1466 5789 ιο
1552 5739 1577 5781 (ι
1607 5727 1774 5790 ίοδη·
1809 5758 1850 5819 ι,
1889 5743 1956 5806 18

2046 5743 2270 5806 τΕκοᾱ.
2304 5756 2508 5805 xxxnn.
2573 5738 2724 5802 “Act.
2751 5753 2849 5816 vn,
2877 5736 2976 5801 53.
