4058 6196
581 329 699 396 207

1743 331 1806 395 S.
1856 328 2199 397 DIONYSII
2239 324 2776 394 AREOPAGITE.

3810 325 3910 393 208

2177 479 2208 560 §
2245 478 2316 540 ιι.

659 639 858 719 Atque
873 635 1000 697 hinc
1023 634 1264 716 quidem
1296 637 1712 701 estnominum
1731 637 2018 721 ipsorum,
2036 659 2217 720 quan-

2379 644 2524 711 Α’ὺτη
2555 641 2653 718 μὶν
2707 644 2743 712 ἡ
2801 649 2909 700 τῶν
2954 643 3232 719 ὀνομάτων
3265 643 3436 699 αὐτῶν
3491 641 3565 704 ὡς
3621 637 3736 698 καθ’
3787 642 3910 717 ἡμᾶς

579 737 703 790 tum
736 741 953 807 capere
977 724 1776 808 possumus,interpretatio;
1811 747 1988 811 quam
2021 739 2220 793 autem

579 835 784 879 eorum
819 815 1216 878 hierarchiam
1251 833 1382 878 esse
1412 825 1717 898 putemus,
1751 818 2071 881 dicendum
2101 832 2216 884 est.

575 904 786 970 Omnis
814 904 974 969 enim
1007 904 1359 968 hierarcbias
1388 925 1638 988 scopum
1669 926 1738 969 ex
1772 907 1971 971 divina
2000 909 2215 970 deifor—

575 995 796 1058 mitatis
824 994 1157 1059 imitatione
1186 1003 1527 1059 constanter
1551 996 1920 1079 dependere,
1953 1017 2216 1060 omnem-

575 1103 693 1166 que
730 1085 1104 1148 iunctionem
1153 1085 1615 1164 hierarchicam,
1670 1088 1734 1149 in
1781 1097 2214 1150 sacrosanctam

577 1174 913 1256 purissima:
931 1176 1336 1239 mundationis
1355 1185 1414 1238 et
1452 1175 1636 1239 divini
1655 1177 1922 1258 luminis,
1939 1177 2217 1258 perfecti.

575 1283 778 1346 vasque
809 1266 1072 1328 scientiae
1095 1266 1604 1347 participationem
1627 1275 1806 1348 atque
1837 1268 2217 1330 collationem

577 1354 785 1436 dividi,
801 1356 942 1418 satis
957 1373 1261 1437 superque
1269 1355 1391 1436 jam
1416 1375 1451 1417 a
1481 1355 1654 1418 nobis
1673 1357 1897 1420 dictum
1919 1359 2212 1422 existimo:

576 1470 734 1513 nunc
748 1465 937 1514 autem
952 1471 1050 1528 pro
1069 1470 1469 1529 supremarum
1489 1457 1724 1515 istarum
1746 1457 2020 1516 mentium
2040 1459 2219 1530 digni-

578 1549 691 1597 tate
704 1540 892 1598 dicere
911 1541 1446 1612 desidero,quanam
1462 1542 1682 1599 ratione
1694 1557 1855 1600 sacer
1868 1556 2062 1600 earum
2078 1543 2217 1601 ordo

577 1643 611 1686 a
634 1624 956 1707 Scripturis
985 1626 1337 1708 explicetur.
1359 1625 1575 1688 Primis
1602 1627 1733 1689 istis
1768 1627 2065 1706 esscnliis,
2090 1647 2220 1708 quae

576 1729 703 1790 post
727 1719 1185 1778 substantiﬁcum
1209 1722 1466 1790 ipsarum
1487 1719 1960 1791 deiprincipatum
1983 1719 2218 1778 colloca.

578 1810 674 1884 ta),
689 1813 748 1865 et
764 1804 932 1884 quasi
949 1804 1009 1866 in
1027 1804 1324 1867 vestibulo
1347 1803 1479 1884 ejus
1496 1802 1646 1883 sitm,
1665 1814 1921 1865 creatam
1943 1810 2216 1867 virtutem

578 1911 842 1974 omnem,
863 1903 976 1956 tam
996 1893 1358 1956 invisibilem
1391 1912 1569 1971 quam
1604 1892 1898 1956 visibilem
1919 1900 2221 1956 transcen-

579 1970 1047 2060 dunt,propriam
1071 1988 1376 2060 quamdam
1399 1970 1453 2045 et
1472 1987 1817 2044 uniformem
1841 1986 2220 2047 hierarchiam
2245 1970 2280 2020 θ

579 2091 711 2136 esse
742 2074 1198 2136 existimandum
1233 2075 1535 2137 est.Purae
1551 2072 1846 2154 siquidem
1879 2074 2217 2149 censendm,

576 2183 698 2225 non
723 2164 890 2245 quasi
911 2183 946 2225 a
968 2161 1218 2226 maculis
1244 2163 1575 2244 (duntaxat)
1603 2162 1852 2242 impuris
1874 2163 2224 2226 colluvioni-

577 2253 809 2336 busque
839 2253 958 2315 sint
985 2252 1318 2330 liberanvel
1352 2253 1509 2333 quod
1531 2253 1593 2314 in
1616 2270 1716 2313 eas
1741 2252 2069 2314 materialia
2097 2255 2221 2316 visa

577 2363 698 2406 non
719 2344 968 2425 cadant;
995 2345 1100 2406 sed
1132 2345 1287 2424 quod
1320 2342 1566 2405 omnino
1596 2341 2216 2420 imminutioneomni,

579 2434 860 2516 omnique
889 2453 954 2495 re
976 2451 1145 2496 sacra
1173 2432 1287 2495 sibi
1313 2431 1555 2494 subdita
1582 2431 1891 2506 celsiores,
1915 2451 2040 2512 pra:
2061 2453 2222 2495 sum-

578 2541 677 2584 ma
709 2523 1273 2604 puritate,omnibus
1299 2521 1613 2603 etiam,vel
1638 2521 1896 2583 maxime
1919 2522 2222 2585 deiformi-

579 2612 691 2674 bus
716 2613 1050 2690 virtutibus,
1079 2613 1196 2674 sint
1219 2612 1573 2693 antepositae
1596 2611 1946 2693 ordinisque
1970 2613 2065 2674 sui
2093 2633 2220 2674 mo-

579 2709 703 2764 tum
768 2705 1072 2784 preprium
1132 2702 1600 2783 mquabilemque
1658 2719 1766 2782 per
1819 2720 2082 2764 amorem
2117 2703 2224 2765 Dei

581 2801 932 2854 constanter
979 2800 1241 2872 teneant,
1278 2790 1654 2866 invariatum,
1687 2807 1883 2869 neque
1931 2790 2109 2851 ullam
2161 2790 2221 2850 in

581 2879 1792 2961 deteriusagnoscantimminutionem,sed
1807 2879 2220 2941 inconcussam

581 2989 819 3053 semper
851 2983 909 3035 et
941 2971 1314 3034 immobilem
1346 2970 1650 3032 deiformis
1692 2988 1814 3031 suae
1843 2969 2219 3049 proprietatis

582 3065 786 3126 sedem
819 3063 1095 3126 habeant.
1125 3059 1657 3141 Contemplatrices
1703 3060 1870 3132 item,
1903 3077 2023 3121 non
2055 3059 2222 3141 quasi

581 3153 1003 3234 symbolorum,
1023 3171 1156 3233 quae
1170 3151 1259 3213 vel
1278 3169 1458 3212 sensu
1478 3149 1566 3210 vel
1598 3159 1799 3212 mente
1821 3148 2222 3228 percipiantur

583 3249 990 3324 spectatrices,
1023 3261 1217 3323 neque
1257 3241 1534 3302 varietate
1570 3238 2090 3316 contemplationis
2120 3257 2219 3299 sa-

2303 735 2610 817 ὶκφαντιρία
2639 735 2713 783 90'
2748 735 2967 793 λεκτέον
3007 735 3086 812 δὲ,
3147 736 3262 792 τίνα
3318 735 3416 802 τὴν
3471 735 3739 814 ἱεραρχίαν
3767 736 3912 793 αὐτῶν

2302 826 2536 903 οἰόμεθα.
2607 827 2706 884 Τὸν
2766 827 2862 900 μεν
2918 826 3018 904 γὰρ
3077 825 3289 892 ἀπάσης
3319 821 3369 865 εί
3416 825 3687 902 ἱεραρχίας
3741 825 3912 880 σκοπὸν

2300 921 2400 983 τῆς
2497 915 2830 991 θεομιμήτου
2915 911 3191 978 θεοειδείας
3274 910 3640 990 ἆξηρτημὲνον
3706 910 3913 990 ἆῤῥεπὼς

2300 1007 2467 1080 εἶναι,
2528 1005 2617 1062 καὶ
2665 1004 2724 1060 τὸ
2768 1001 3084 1081 διαιρεῖσθαι
3146 1009 3316 1060 πᾶσαν
3347 1001 3662 1081 ἱεραρχικὴν
3689 1023 3915 1080 πραγμα-

2296 1093 2464 1167 τείαν,
2513 1093 2586 1157 εἰς
2646 1093 2889 1172 μετοχήν
2949 1092 3089 1170 ἱερὰν
3160 1093 3248 1148 καὶ
3292 1088 3575 1166 μετάδοσιν
3647 1090 3915 1167 καθάρσεως

2299 1183 2546 1260 ἁμιγοῦς.
2580 1184 2670 1240 καὶ
2713 1184 2853 1239 θείου
2896 1184 3094 1261 φωτὸς,
3127 1183 3216 1239 καὶ
3261 1179 3578 1249 τελεστικῆς
3610 1179 3916 1259 ἐπιστήμης,

2299 1274 2596 1354 ἀρκούντως
2652 1271 2757 1341 ἢδη
2816 1275 2947 1352 πρὸς
3004 1274 3160 1346 ἡμῶν
3218 1273 3452 1351 εἰρῆσθαι
3497 1271 3722 1346 νομίζωο
3766 1276 3844 1327 νῦν
3873 1269 3917 1325 δὲ

2271 1365 2473 1428 ⁴εἰπεῖν
2516 1362 2671 1428 ἀξίως
2703 1360 2935 1442 εὔχομαι
2993 1368 3099 1418 τῶν
3157 1363 3462 1440 ὑπερτάτων
3519 1362 3682 1434 νοῶν,
3740 1364 3844 1422 πῶς
3893 1359 3919 1426 ἦ

2300 1453 2419 1510 κατ’
2479 1453 2669 1518 αὐτοὺς
2724 1452 2968 1533 ίεραρχία
3039 1451 3122 1508 διὰ
3183 1458 3289 1508 τῶν
3359 1449 3551 1529 λογίων
3622 1450 3918 1530 ἐκφαίνεται.

2301 1553 2434 1608 Ταῖς
2461 1544 2699 1622 πρώταις
2751 1543 2973 1622 οὐσίαις,
3027 1542 3085 1598 αἶ
3138 1542 3272 1616 μετὰ
3312 1543 3409 1612 τήν
3443 1541 3733 1600 οὔσιοποὸν
3775 1539 3920 1595 αὐτῶν

2302 1633 2554 1713 θεαρχίαν
2585 1632 2874 1712 ἱδρυμέναι,
2927 1633 3016 1689 καὶ
3061 1636 3176 1690 οἷον
3231 1631 3294 1688 ἀν
3347 1631 3615 1709 προθύροίς
3649 1634 3808 1693 αὐτῆς
3844 1651 3920 1685 τε·-

2300 1723 2597 1804 ταγμὲιαι,
2646 1725 2825 1788 πάσης
2883 1723 3010 1777 εἰσὶν
3069 1721 3292 1800 ἀοράτου
3353 1725 3439 1777 καὶ
3497 1723 3696 1797 ὁρατῆς
3725 1717 3921 1798 ὑπερϐε-

2300 1809 2516 1869 ϐδκυϊαι
2563 1813 2837 1892 γεγονυίας
2898 1809 3200 1888 δυνάμεως,
3256 1813 3329 1876 ὡς
3383 1810 3579 1867 οἰκείαν
3632 1808 3693 1850 22
3747 1808 3924 1876 οἰητέον

2303 1901 2446 1958 εἶναι
2499 1902 2588 1958 καὶ
2639 1902 2776 1957 κατὰ
2833 1907 2936 1957 πᾶν
2982 1898 3200 1975 ὁμοειδῆ
3247 1900 3343 1968 τὴν
3375 1899 3677 1979 ἱεραρχίαν,
3707 1896 3921 1975 Καθαρὰς

2304 1993 2402 2068 μὲν
2445 1991 2532 2048 οὗν
2578 1991 2736 2052 αὐτὰς
2775 1989 3031 2070 ἡγητέον,
3065 1991 3160 2065 οὔ]
3199 1991 3270 2052 ὡς
3319 1987 3537 2067 ἀνιέρων
3601 1986 3826 2054 κηλίδων
3853 1986 3923 2040 καὶ

2305 2079 2592 2156 μολυσμῶν
2622 2079 3079 2157 ἧλευθερωμὲνας,
3141 2076 3244 2136 οὐδ’
3313 2081 3386 2143 ὼς
3444 2077 3727 2155 προσύλων
3761 2076 3924 2131 ἀνεπι-

2304 2170 2516 2233 δέκτους
2561 2171 2887 2250 φαντασιῶν,
2933 2168 3051 2225 ἀλλ’
3110 2171 3182 2232 ὡς
3243 2190 3422 2234 πασης
3473 2167 3710 2246 ὑφέσεως
3745 2164 3924 2242 ἆμιγῶς

2303 2258 2654 2337 ὑψηλοτέρας,
2730 2260 2816 2314 καὶ
2871 2259 3068 2320 παντὸς
3124 2254 3521 2323 ὑποϐεϐηκότος
3598 2258 3760 2334 ἱεροῦο
3814 2254 3926 2308 κατὰ

2302 2351 2401 2415 τὴν
2433 2350 2732 2426 ὑπερτάτην
2764 2347 3064 2425 ἀγνύτητα,
3115 2346 3310 2411 πάσαις
3363 2360 3482 2407 ταῖς
3537 2343 3926 2404 θεοειδεστάταις

2304 2435 2588 2511 δυνάμεσιν
2618 2435 3051 2515 ὑπεριδρυμένας,
3111 2437 3197 2493 καὶ
3255 2435 3354 2502 τῆς
3419 2435 3613 2496 οἰκείας
3661 2434 3928 2500 αὐτοκινή-

2304 2550 2394 2584 του
2425 2526 2487 2575 25
2517 2528 2604 2583 καὶ
2634 2525 3016 2592 ταῦτοκινὴτου
3074 2526 3211 2581 κατὰ
3267 2526 3327 2581 τὸ
3387 2523 3644 2604 φιλοθὲως
3696 2522 3928 2601 ἄτρεπτον

2304 2617 2498 2683 τάξεως
2532 2615 2768 2694 ἂῤῥεπῶς
2800 2613 3190 2695 ἆντεχομένας,
3222 2616 3312 2671 καὶ
3361 2615 3459 2682 τὴν
3518 2612 3602 2670 ἐπὶ
3660 2615 3728 2670 τὰ
3785 2612 3929 2693 χείρω

2306 2709 2441 2764 κατά
2484 2729 2533 2762 τι
2565 2709 2782 2782 μείωσιν
2830 2704 2936 2764 οὔδ’
2988 2704 3126 2767 ὅλως
3174 2703 3387 2784 εἰδυίας,
3434 2701 3554 2759 ἀλλ’
3596 2700 3838 2760 ἄπτωτον
3865 2701 3929 2755 tisi

2305 2797 2392 2854 καὶ
2422 2795 2812 2872 ἀμετακίνητον
2857 2795 3088 2873 ἐχούσας
3148 2796 3248 2862 τὴν
3305 2800 3405 2860 τῆς
3473 2794 3670 2856 οἰκείας
3699 2789 3931 2852 θεοειδοῦς

2305 2885 2570 2952 ἰδιότητος
2605 2884 2974 2963 ἀμιγεστάτην
3032 2884 3260 2962 ἵδρυσιν,
3325 2882 3666 2960 Θεωρητικὰς
3700 2881 3754 2937 δὲ
3783 2881 3931 2957 αὖθις,

2305 2976 2410 3054 οὺχ
2466 2977 2538 3040 ὡς
2596 2975 2860 3040 αἰσθητῶν
2915 2971 3163 3048 σμϐόλων
3221 2977 3414 3050 νοερῶν
3442 2972 3498 3015 94
3524 2972 3784 3050 θεωροὺς,
3833 2967 3933 3027 οὐδὲ

2303 3067 2374 3130 ὣς
2403 3070 2471 3141 τῇ
2526 3062 2768 3135 ποικιλιᾳ
2837 3068 2936 3131 τῆς
3015 3063 3405 3144 ίερογραφικῆς
3475 3063 3696 3141 θεωρίας
3741 3062 3823 3118 ἐπὶ
3884 3061 3935 3116 τὸ

2305 3163 2461 3212 Θεϊον
2520 3152 2875 3231 ἀναγομὲνας,
2936 3151 3055 3209 ἀλλ’
3119 3155 3192 3217 ὡς
3253 3154 3432 3220 πάσης
3490 3151 3652 3211 ἀύλου
3705 3153 3934 3231 γνώσεως

2304 3243 2633 3322 ὑψηλοτέρου
2703 3245 2877 3324 φωτὸς
2949 3242 3455 3322 ἀποπὶηρουμὲνας,
3524 3242 3614 3299 καὶ
3699 3243 3796 3310 τῆς
3860 3249 3937 3297 τοῦ

583 3351 815 3395 crarum
849 3333 1291 3414 Scripturarum
1325 3332 1398 3394 ad
1423 3333 1612 3394 Deum
1647 3328 1920 3408 elevatae,
1946 3327 2049 3389 scd
2091 3335 2221 3388 tan-

2307 3332 2635 3391 καλλοποιοῦ
2703 3335 2790 3390 καί
2850 3333 3078 3415 ἀρχικοῦ
3111 3332 3336 3396 κάλλους
3367 3332 3680 3409 ὕπεροΰσίου
3724 3331 3812 3389 καὶ
3837 3352 3937 3409 τρι-

583 3441 759 3505 quam
811 3424 976 3484 omni
1028 3422 1370 3502 cognitione
1405 3417 1659 3500 simplici
1698 3417 1930 3479 altioris
1981 3416 2224 3479 luminis

584 3513 855 3594 expleta),
913 3522 972 3574 et
1014 3512 1514 3594 contemplatione
1544 3508 1705 3572 illius
1741 3506 2219 3588 pulchritudinis,

582 3627 718 3685 qum
748 3615 835 3669 est
865 3607 1130 3670 effectrix
1164 3616 1221 3669 et
1252 3607 1414 3686 origo
1470 3602 1955 3686 pulchritudinis,
2009 3609 2067 3663 et
2097 3620 2230 3681 qua:

581 3713 762 3778 snpra
790 3697 1178 3761 substantiam
1213 3707 1326 3778 est,
1349 3704 1406 3757 et
1429 3699 1490 3756 in
1529 3693 1716 3756 tribus
1743 3691 2037 3772 splendet,
2073 3710 2224 3770 qua-

584 3795 756 3848 tenus
787 3788 871 3849 fas
901 3797 1014 3863 est,
1068 3789 1346 3850 refertae:
1404 3783 1840 3847 communionis
1890 3800 2028 3842 vero
2081 3780 2223 3844 Jcsu

583 3876 859 3936 similiter
881 3877 1199 3955 participes
1226 3877 1413 3950 factm,
1444 3892 1560 3934 non
1594 3869 1761 3952 quasi
1783 3872 1843 3932 in
1868 3870 2223 3948 imaginibus

584 3973 791 4025 sancte
823 3965 1171 4039 informatis,
1207 3983 1341 4043 quae
1385 3963 1565 4022 veluti
1597 3964 1804 4023 formae
1834 3960 1895 4020 in
1927 3959 2014 4020 eis
2043 3959 2220 4022 deifi-

585 4071 714 4113 cam
747 4053 1199 4115 similitudinem
1233 4052 1587 4132 exprimant,
1623 4050 1728 4112 sed
1777 4058 2052 4129 tanquam
2086 4067 2222 4112 vero

583 4143 656 4203 ad
678 4162 810 4203 eum
832 4143 1370 4222 appropinquantes
1421 4142 1484 4201 in
1534 4140 1665 4221 ipsa
1688 4139 1872 4219 prima
1899 4138 2221 4220 participa-

584 4232 747 4293 tione
760 4231 1132 4311 cogitationis
1146 4231 1435 4292 luminum
1454 4229 2089 4310 ejusdeii‘tcorum;nec
2104 4247 2222 4290 non

583 4322 743 4398 quod
773 4320 960 4383 Deum
993 4320 1266 4382 imitandi
1295 4321 1474 4394 ratio,
1506 4319 1601 4380 ὃὸ
1627 4317 2053 4380 sublimissimo
2078 4319 2223 4399 ipsis

585 4411 762 4474 modo
795 4411 872 4472 sit
903 4411 1151 4493 indulta,
1185 4411 1330 4473 etin
1373 4410 1674 4493 primzeva,
1711 4417 2000 4490 quantum
2036 4409 2111 4471 iis
2137 4410 2225 4470 las

586 4509 698 4581 est,
732 4507 992 4581 potentia
1023 4501 1238 4562 divinis
1287 4502 1436 4580 ejus,
1472 4500 1866 4580 humanisque
1907 4497 2226 4560 virtutibus

2307 3423 2498 3505 φανοῦς
2554 3423 2797 3504 θεωρίας,
2856 3427 2928 3487 ὡς
2993 3426 3231 3504 θεμιτὸν,
3291 3420 3804 3499 ἆναπιμπλαμένας⁶
3851 3422 3937 3485 τῆς

2307 3513 2361 3569 δὲ
2391 3513 2568 3582 ἰησου
2599 3514 2879 3578 κοινωνίας
2945 3515 3196 3577 ὡσαύτως
3243 3510 3566 3587 ἠξιωμένας,
3600 3512 3702 3569 οὒκ
3731 3511 3784 3568 ἐν
3811 3511 3937 3568 εἰκό-

2309 3606 2388 3662 σὶν
2419 3604 2782 3683 ίεροπλάστοις
2840 3604 3191 3683 μορφωτικῶς
3250 3602 3577 3660 ἀποτυποῦσι
3618 3601 3720 3669 τὴν
3772 3605 3937 3677 Oenop-

2307 3695 2468 3773 γικὴν
2507 3696 2786 3774 ὁμοίωσιν,
2838 3693 2958 3751 ἀλλ’
3013 3697 3086 3758 ὡς
3139 3692 3352 3761 άληθῶς
3384 3694 3527 3766 αὐτῷ
3558 3689 3942 3762 πλησιαζούσας

2307 3785 2361 3840 ἐν
2420 3787 2607 3863 πρώτῃ
2668 3784 2920 3860 μετουσίᾳ
2984 3789 3085 3851 τῆς
3153 3784 3400 3862 γνώσεως
3473 3784 3578 3838 τῶν
3635 3779 3944 3858 θεουργιιιιῖιν

2305 3876 2463 3932 αὐτοῦ
2491 3875 2705 3955 φώτων
2776 3873 2864 3929 καὶ
2935 3871 3044 3948 μὰν
3116 3871 3198 3929 ’ὃτι
3266 3873 3326 3928 τὸ
3397 3871 3730 3946 θεομίμητον
3761 3872 3940 3928 αὑταῖς

2303 3964 2606 4042 ὑπερτάτως
2636 3959 2949 4042 δεδώρηται,
2983 3963 3069 4019 καὶ
3111 3967 3446 4035 κοινωνοῦσι,
3471 3959 3610 4016 κατὰ
3669 3961 3733 4015 τὸ
3767 3961 3946 4020 αὐταῖς

2307 4052 2546 4133 ἐφικτὸν,
2619 4050 2674 4108 ἐν
2743 4058 3069 4130 πρωτουργῷ
3140 4049 3354 4126 δυνάμει
3425 4062 3548 4113 ταῖς
3618 4051 3948 4127 θεουργικαϊς

2307 4145 2465 4200 αὑτοῦ
2521 4143 2609 4198 καὶ
2658 4140 3047 4222 φιλανθρώποις
3103 4141 3352 4220 ἀρεταῖς,
3429 4138 3829 4215 Τετελεσμένας
3899 4134 3947 4191 δὲ

2306 4231 2582 4313 ὡσαύτως,
2614 4232 2719 4312 οὔχ
2759 4233 2832 4295 ὡς
2882 4231 3149 4297 ποικιλίας
3179 4234 3319 4310 ἱερᾶς
3369 4229 3693 4297 ἂναλυτικὴν
3728 4227 3951 4293 ἐπιστη-

2307 4343 2418 4398 μην
2445 4319 2879 4398 ἒλλαμπομὲνας,
2913 4318 3033 4378 ἀλλ’
3084 4323 3156 4384 ὡς
3215 4320 3433 4399 πρώτης
3461 4319 3550 4376 καὶ
3578 4318 3949 4398 ὑπερεχούσης

2309 4409 2554 4477 θειῑύσιως
2585 4407 3091 4490 αποπληρουμὲνας,
3169 4411 3304 4466 κατὰ
3371 4409 3471 4474 τὴν
3527 4408 3832 4487 ὑπερτάτην
3887 4408 3954 4467 ὡς

2307 4500 2360 4557 ἒν
2420 4499 2669 4580 ἀγγέλοις
2721 4505 2828 4556 τῶν
2881 4503 3165 4579 θεουργιῶν
3217 4498 3546 4574 ὲπιστήμην⁸
3602 4499 3663 4554 οὗ
3723 4497 3834 4576 γὰρ
3893 4491 3952 4550 δι’

585 4591 1050 4655 communicent.
1085 4590 1374 4654 Similiter
1401 4591 1680 4671 perfectae
1710 4600 1868 4664 sunt,
1902 4608 2019 4650 non
2061 4588 2221 4669 quasi

2310 4588 2487 4648 ἄλλων
2520 4592 2683 4669 ἁγίων
2733 4591 2952 4664 οὗσιῶν,
2982 4589 3120 4647 ἀλλὰ
3171 4590 3299 4669 πρὸς
3354 4591 3518 4655 αὐτῆς
3573 4587 3672 4654 τῆς
3705 4587 3955 4665 θεαρχίας
3992 4619 3998 4624 ·

583 4681 898 4742 varietates
918 4680 1059 4743 istas
1079 4699 1276 4743 sacras
1297 4681 1634 4744 resolvendi
1650 4679 1900 4742 scientia
1922 4678 2044 4741 sint
2063 4678 2227 4739 illus-

587 4777 784 4851 tralae;
813 4771 918 4832 sed
953 4772 1114 4848 quod
1153 4771 1342 4852 prima
1365 4779 1424 4834 et
1451 4771 1827 4852 praecellente
1867 4769 1976 4832 Dei
2005 4769 2228 4830 unione

587 4859 904 4938 satientur,
956 4861 1125 4941 juxta
1178 4880 1515 4942 supremam
1549 4861 1709 4922 illam
1752 4859 1950 4940 (cujus
1979 4876 2228 4940 capaces

588 4957 728 5008 sunt
748 4948 962 5026 angeli)
976 4949 1308 5012 divinorum
1334 4968 1578 5031 operum
1597 4948 1972 5030 disciplinam
1994 4967 2012 5006 :
2033 4947 2226 5028 siqui-

588 5035 722 5098 dem
750 5055 869 5098 non
893 5035 966 5098 ab
989 5037 1122 5100 aliis
1143 5038 1497 5116 quibusdam
1525 5038 1744 5100 sanctis
1765 5036 2094 5118 spiritibus,
2120 5036 2223 5098 sed

587 5125 660 5188 ab
690 5125 945 5208 ipsamet
999 5127 1318 5192 Divinitate
1373 5129 1559 5191 sacris
1613 5127 1949 5202 initiantur,
1981 5126 2121 5188 dum
2151 5127 2227 5190 ad

2311 4680 2745 4760 ἱεραρχούμεναι,
2791 4681 2869 4756 τῷ
2923 4677 3008 4736 ἐπ’
3070 4681 3234 4746 αὒτῆν
3279 4679 3466 4755 ἆμέσῳ
3493 4676 3545 4720 2⁵
3576 4677 3954 4754 ἀνατείνεσθαι,

2313 4777 2382 4847 τῇ
2411 4769 2622 4828 πάντων
2652 4770 2990 4850 ὑπερεχούσῃ
3049 4767 3262 4844 δυνάμει
3326 4769 3415 4825 καὶ
3465 4765 3629 4845 τὰξει,
3682 4767 3773 4823 καὶ
3831 4766 3957 4845 πρὸς

2311 4861 2372 4916 τὸ
2401 4859 2672 4939 πάναγνον
2699 4861 2788 4917 καὶ
2843 4861 2984 4916 κατὰ
3045 4857 3375 4937 παναῤῥεπές
3418 4855 3473 4900 οδ
3529 4854 3818 4936 ἱδρύονται,
3877 4855 3961 4911 καὶ

2311 4950 2443 5029 πρὸς
2473 4949 2570 5018 τὴν
2626 4947 2784 5010 ἄυλον
2837 4950 2926 5007 καὶ
2975 4949 3178 5020 νοητήν
3237 4946 3572 5028 εὐπρέπειαν,
3606 4947 3681 5011 ὡς
3713 4945 3952 5021 θεμιτὸν,

2309 5042 2383 5104 εἰς
2451 5037 2672 5117 θεωρίαν
2729 5039 3112 5118 προσάγονται,
3168 5039 3259 5095 καὶ
3315 5038 3436 5102 τοὺς
3506 5039 3612 5094 τῶν
3669 5037 3958 5115 θεουργιῶν

2310 5127 2759 5204 ἐπιστημονικούς
2811 5127 3028 5209 λόγους,
3089 5130 3163 5194 ὡς
3221 5133 3426 5205 πρῶται
3483 5127 3571 5184 καὶ
3637 5125 3758 5205 περὶ
3835 5124 3962 5181 Θεὸν

1899 5314 2158 5382 VARUE
2201 5315 2637 5386 LECTIONES.

669 5477 729 5559 99
759 5501 843 5556 γρ.
869 5479 1202 5559 ἐῗκεραντορία.

589 5555 648 5604 εὖ
677 5555 741 5620 C,
774 5555 846 5621 Ι),
884 5555 953 5622 Ρξ
983 5555 1304 5636 ἀεικινήτου.

592 5637 651 5684 96
680 5637 785 5698 Ch.
819 5638 887 5698 D.
922 5639 990 5702 D.
1028 5647 1130 5706 πᾶν
1164 5648 1406 5726 ἆῤῥεπές.

1289 5481 1424 5544 21D,
1449 5481 1510 5543 S.
1537 5481 1606 5542 P.
1640 5477 1749 5541 Ch.
1770 5480 1830 5535 τὸ
1860 5479 1958 5553 μὲν
1990 5478 2111 5558 γὰρ,
2134 5482 2372 5550 ἁπάσης.

2457 5480 2512 5523 99
2532 5483 2603 5545 ὡς
2623 5497 2743 5540 non
2768 5477 2949 5542 habet
2970 5481 3081 5544 Ch.
3104 5479 3170 5545 S.
3205 5481 3271 5543 P.
3302 5477 3396 5542 Sc.
3424 5477 3554 5543 Sar.
3585 5478 3860 5552 ἐοικυῖαν,
3883 5476 3960 5539 Μ.

1404 5562 1460 5612 ει
1483 5561 1512 5627 it
1535 5566 1756 5637 νοερῶν.
1783 5559 1891 5623 Ch.
1918 5559 1986 5620 D.
2015 5559 2078 5621 P.
2101 5560 2201 5624 Sc.
2287 5561 2352 5614 35
2375 5563 2442 5624 D.
2468 5563 2536 5624 P.
2571 5558 2634 5624 S.
2658 5559 2896 5636 ἀμέσως,
2919 5579 3093 5642 quam
3118 5563 3429 5623 lectionem
3447 5560 3606 5621 Scot.
3635 5558 3963 5642 expressit,
