4058 6196
460 290 582 356 215

1634 289 1696 353 S.
1741 289 2090 355 DIONYSII
2134 289 2675 356 AREOPAGITIE.

3733 293 3856 357 216

457 423 704 485 sibillter
722 424 1097 485 eﬂormantur
1111 429 1345 496 propter
1361 428 1616 481 nostrem
1632 421 2103 494 imbecillitatem,
2124 475 2130 484 ι

2214 424 2327 483 ιλλᾶ
2344 425 2430 482 καὶ
2454 423 2714 492 αἰσθητῶς
2733 422 3002 504 λέγονται,
3021 422 3138 482 καθ’
3161 422 3287 484 ὅσον
3313 426 3346 496 ἦ
3394 424 3536 495 ἀκοή
3557 427 3741 507 χωρεῖ
3753 477 3767 491 .
3785 436 3856 486 Et

456 535 670 581 verum
691 517 872 581 etiam
894 513 1262 580 sensibiliter
1277 511 1686 589 nominantur,
1705 522 1990 596 quantum
2009 536 2106 578 au-

461 608 622 670 ditus
644 608 819 688 capit.
854 604 917 669 Si
944 605 1078 682 quis
1099 611 1298 665 autem
1325 603 1503 678 dicat,
1536 604 1844 666 nominum
1872 625 2110 688 quoque

459 695 1020 777 interpretationem
1035 692 1107 754 ad
1122 699 1356 773 captum
1378 692 1616 756 auditus
1632 697 1817 756 nostri
1837 696 2108 774 proferri,

462 796 632 858 atque
649 785 884 854 insuper
898 780 1438 855 quidintellectuale
1457 798 1581 840 esse
1599 800 1668 841 ac
1682 787 1790 843 59
1806 785 2112 844 sublimius

467 875 789 958 (siquidem
811 881 870 935 et
890 890 1111 935 nomen
1135 871 1733 953 intelligimus,verbi
1751 874 1941 954 gratia
1962 875 2111 939 cale—

457 968 765 1044 facientes,
785 963 1116 1043 quinetiam
1139 963 1269 1042 ejus
1283 961 1762 1044 explicationem,
1781 964 1922 1043 quid
1939 965 2112 1044 signi-

461 1056 601 1118 ficet
627 1052 1254 1128 calefacientes,recte
1284 1053 1566 1130 scimus):
1595 1062 1651 1114 et
1680 1053 1867 1134 siquis
1899 1053 2117 1116 dixerit

460 1162 683 1206 nomen
714 1142 908 1224 ipsum
935 1142 1122 1220 magis
1154 1140 1526 1204 sensibiliter
1548 1143 1770 1223 efferri,
1796 1161 1969 1224 quam
1999 1162 2112 1205 uo-

463 1233 643 1297 minis
675 1233 1270 1313 interpretationem;
1306 1231 1561 1312 primum
1590 1230 1832 1313 quidem
1864 1233 2010 1294 sciat
2031 1233 2117 1295 fa-

463 1325 636 1387 cilius
667 1339 889 1386 nomen
914 1322 1044 1402 capi
1067 1339 1241 1402 quam
1267 1321 1400 1401 ejus
1419 1322 1908 1403 rationes,quoad
1938 1325 2114 1385 intel-

463 1415 794 1494 ligentiam,
859 1411 1026 1473 verbi
1081 1411 1290 1492 gratia,
1347 1412 1578 1474 facilius
1610 1421 1699 1474 est
1731 1414 2115 1492 pronuntiare

465 1522 687 1566 nomen
717 1501 1159 1576 calefacientes,
1200 1519 1374 1580 quam
1408 1502 1620 1563 horum
1658 1502 2111 1584 explicationem

463 1595 718 1672 afferre;
773 1600 952 1674 atque
1000 1591 1307 1654 hominem
1362 1590 1676 1655 nominare
1727 1593 1964 1656 facilius
2004 1602 2115 1669 est,

2192 514 2246 574 δὲ
2260 537 2347 581 τις
2361 513 2509 594 λέγει
2523 514 2634 595 ,ὅτι
2648 515 2737 572 καὶ
2758 517 2792 584 ἡ
2814 516 2918 572 τῶν
2942 515 3220 591 ὀνομάτων
3242 514 3851 597 ἀρμηνείαχωρητικῶς

2191 612 2259 684 τῇ
2291 607 2430 683 ἀκοῇ
2458 607 2614 682 ἡμῶν
2645 601 2884 686 λέγεται,
2940 607 3030 662 καὶ
3082 604 3271 662 λοιπὸν
3331 607 3380 663 τί
3408 605 3520 663 ἐστι
3560 609 3626 663 τὸ
3656 609 3854 675 νοητὸν

2192 698 2282 754 καὶ
2309 694 2647 774 ὑψηλότερον
2704 694 2822 774 (καὶ
2877 694 2977 773 γὰρ
3033 695 3368 772 γινώσκομεν
3423 697 3485 752 τὸ
3543 697 3737 773 ὄνομα,
3773 697 3856 754 ὅτι

2194 787 2561 865 θερμαίνοντες
2594 785 2785 865 τυχὸν,
2819 783 2958 840 ἀλλὰ
3012 787 3102 842 καὶ
3155 785 3252 854 τὴν
3299 784 3554 864 ἐξήγησιν
3583 787 3856 865 γινώσκο-

2197 897 2319 956 μεν,
2350 878 2400 932 τί
2438 873 2598 944 δηλοῖ
2625 875 2688 932 τὸ
2739 873 3159 954 τερμαίιοντεςγ
3220 876 3311 932 καὶ
3364 876 3416 932 τί
3470 875 3534 932 ἅν
3592 874 3743 933 εἴποι
3775 901 3858 941 τις

2195 967 2258 1023 τὸ
2313 963 2481 1041 ὄνομα
2542 965 2804 1032 αἰσθητῶς
2837 961 3108 1046 λέγεσθαι,
3163 962 3326 1023 πλέον
3384 970 3483 1032 τῆς
3543 965 3856 1044 ἐξηγήσεως

2197 1058 2290 1112 τοῦ
2318 1055 2602 1130 ὀνόματος·
2636 1052 2966 1132 γινωσκέτω,
2997 1058 3218 1130 πρῶτρκ
3238 1055 3363 1130 μὲν,
3425 1054 3508 1111 ὃτι
3568 1054 3852 1122 εὔληπτό-

2195 1145 2346 1224 τερόν
2378 1144 2488 1201 ἐστι
2519 1145 2580 1202 τὸ
2613 1141 2953 1225 ὅνομα,παρ’
2983 1143 3011 1199 ὅ
3044 1146 3089 1200 οἰ
3123 1144 3273 1223 λόγοι
3331 1146 3458 1202 ὅσον
3490 1145 3564 1208 εἰς
3587 1147 3860 1212 κατανόη-

2196 1253 2301 1291 σιν’
2335 1230 2501 1312 ήγουν
2531 1235 2593 1289 τὸ
2638 1232 2818 1290 εέπεϊν
2878 1233 3276 1310 θερμαίνοντας,
3342 1234 3373 1302 ἢ
3429 1235 3490 1290 τὸ
3553 1236 3730 1291 εἰπεῖν
3759 1235 3859 1304 τὴν

2197 1325 2399 1382 τούτων
2431 1323 2685 1402 ἐξήγησιν
2729 1322 2820 1380 καὶ
2869 1324 2932 1380 τὸ
2981 1324 3153 1380 εἰπεῖν
3185 1323 3478 1402 ἄνθρωπον,
3527 1327 3562 1393 ἢ
3593 1326 3656 1381 τὸ
3687 1326 3863 1382 εἰπεῖν

2196 1415 2288 1472 τὸν
2318 1414 2540 1493 ὁρισμὸν
2587 1412 2769 1472 αὐτοῦ’
2817 1412 2880 1470 τὸ
2925 1412 3026 1489 μὲν
3069 1413 3170 1492 γὰρ
3215 1416 3375 1493 ἐγγὺς
3405 1416 3504 1481 τῆς
3535 1416 3860 1488 αἰσθήσεως,

2200 1505 2258 1561 τὸ
2284 1502 2339 1560 δὲ
2369 1503 2530 1581 λόγου
2586 1503 2674 1560 καὶ
2734 1502 3024 1581 ἑρμηνείας
3082 1501 3284 1567 δεῖται,
3343 1505 3402 1563 Τί
3454 1511 3578 1583 γοῦν
3608 1503 3780 1576 ξένον,
3817 1508 3862 1561 εἰ

2202 1595 2293 1652 καὶ
2323 1593 2548 1650 ἐνταῦθα
2579 1593 2665 1650 καὶ
2698 1593 2790 1648 tto-'3
2841 1593 3104 1667 ὀνόματος
3159 1599 3264 1650 τῶν
3323 1595 3574 1672 οὐρανίων
3620 1595 3864 1664 αἰσθήσει

469 1702 646 1766 quam
683 1682 813 1762 ejus
841 1682 1252 1744 definitionem
1283 1682 1549 1746 tradere:
1576 1683 1724 1746 illud
1749 1690 1905 1746 enim
1940 1703 2121 1748 sensu

2214 1691 2273 1760 τῇ
2301 1685 2438 1760 ἀκοῇ
2465 1685 2881 1762 ὑποπίπτοντος,
2943 1682 3082 1740 ἀλλὰ
3134 1686 3222 1739 καὶ
3281 1682 3376 1752 τῆς
3433 1682 3730 1750 δηλώσεως
3764 1694 3862 1744 τοῦ

470 1773 739 1850 obvium,
788 1773 860 1833 ad
915 1771 1029 1834 hoc
1079 1790 1217 1834 vero
1249 1775 1478 1834 ratione
1527 1793 1596 1836 ac
1632 1773 2124 1856 interpretatione

472 1882 621 1945 opus
641 1870 748 1925 est.
782 1861 935 1936 Quid
959 1862 1137 1942 igitur
1169 1881 1406 1939 novum,
1429 1863 1480 1924 si
1507 1863 1686 1927 etiam
1711 1863 1830 1936 hic,
1867 1874 1982 1926 tam
2012 1884 2122 1926 no-

473 1954 635 2016 mine
655 1970 856 2016 rerum
887 1952 1223 2014 caelestium
1248 1971 1426 2034 quam
1449 1953 1710 2014 nominis
1727 1954 2034 2035 explicatic
2053 1973 2125 2014 ne

472 2043 583 2106 sub
616 2061 858 2105 sensum
892 2041 1130 2105 auditus
1153 2043 1428 2117 cadente,
1450 2042 1840 2104 nihilominus
1870 2043 2124 2106 dicimus

471 2153 582 2197 nos
601 2132 789 2212 magis
809 2130 1179 2195 sensibiliter
1199 2132 1614 2194 demonstrare
1635 2131 1857 2213 aliquid
1885 2151 1992 2213 per
2011 2151 2126 2194 no-

474 2242 614 2286 men
646 2241 821 2306 quam
849 2239 958 2304 per
983 2221 1248 2284 nominis
1269 2221 1764 2303 explicationem?
1793 2225 1992 2304 Atque
2015 2224 2129 2285 hoc

475 2312 718 2395 quidem
747 2312 1027 2394 primum.
1050 2309 1390 2375 Secundum
1414 2329 1581 2386 vero,
1605 2313 1760 2393 quod
1786 2313 1982 2375 denuo
2008 2331 2128 2374 non

476 2411 705 2467 tantum
726 2402 1211 2485 interpretationi
1233 2401 1650 2479 immoramur,
1676 2402 1843 2485 quasi
1865 2402 2014 2465 nihil
2036 2421 2132 2464 su-

476 2493 744 2574 blimius,
769 2494 927 2575 quod
951 2492 1308 2574 cogitemus,
1333 2491 1692 2569 habeamus;
1713 2510 1916 2555 verum
1950 2492 2126 2555 etiam

481 2584 675 2664 ipsam
713 2594 1007 2663 praeterea
1037 2583 1592 2664 interpretationem
1618 2591 1818 2644 mente
1848 2582 2129 2645 recondi-

484 2691 642 2752 mus,
662 2680 718 2734 et
741 2672 883 2734 dum
908 2671 1190 2734 audimus
1219 2673 1512 2735 nominari
1543 2672 1977 2748 calefacientes,
1997 2670 2130 2733 effi-

481 2761 682 2825 ciendi
704 2768 764 2824 et
783 2760 1163 2825 illuminandi
1183 2760 1551 2843 facultatem,
1568 2780 1743 2841 quam
1771 2767 1974 2825 mente
1995 2781 2134 2824 con-

483 2850 765 2934 cipimus,
811 2853 1303 2932 interpretamur,
1338 2852 1648 2934 ipsamque
1676 2852 1793 2913 vim
1827 2850 2134 2914 efficiendi

486 2950 666 3022 atque
695 2939 1073 3003 illuminandi
1103 2941 1302 3003 denuo
1325 2940 1400 3003 ad
1426 2940 1838 3004 sublimiorem
1872 2950 2135 3004 contem-

2206 1773 2468 1850 ὀνόματος
2498 1771 2900 1838 ὑποπιπτούσης
2958 1778 3028 1849 τῇ
3088 1773 3250 1852 ἂκοῇ,
3281 1772 3431 1847 ὅμως
3485 1771 3742 1850 λέγομεν,
3778 1772 3861 1829 ὅτι

2208 1862 2665 1941 αἰσθητικωτέρως
2737 1861 3000 1938 δηλοῦμεν
3058 1869 3136 1937 τῷ
3193 1864 3440 1938 ὀνόματι,
3500 1863 3628 1937 παρ’
3688 1862 3719 1918 δ
3791 1868 3863 1931 τῆ

2207 1961 2301 2011 τοῦ
2330 1953 2589 2028 ὀνόματος
2621 1951 2917 2029 ἐξηγήσεις
2980 1953 3084 2015 Καὶ
3137 1954 3347 2032 πρῶτον
3381 1954 3477 2028 μὲν
3520 1963 3698 2012 τοῦτο·
3737 1951 3864 2010 δεύ-

2208 2064 2359 2117 τερον
2390 2041 2472 2116 δὲ,
2506 2040 2590 2098 ὅτι
2634 2039 2750 2100 οὐδὲ
2799 2040 2963 2098 πάλιν
3007 2044 3166 2100 τόσον
3215 2048 3282 2118 τῇ
3332 2041 3582 2121 ἐξηγήσει
3616 2043 3864 2118 ἐμμενο-

2212 2154 2332 2212 μεν,
2376 2135 2450 2198 ὡς
2483 2133 2560 2207 μὴ
2595 2133 2744 2212 ἔχειν
2787 2144 2936 2190 νοεῖν
2991 2155 3042 2189 τι
3100 2131 3457 2212 ὑψηλότερον,
3489 2131 3628 2189 ἀλλὰ
3655 2134 3750 2189 καὶ
3787 2132 3865 2189 ἔτι

2209 2231 2286 2298 τῷ
2315 2226 2404 2281 \o‘t‘
2455 2221 2888 2302 παραπέμπομεν
2921 2223 3018 2291 τὴν
3054 2221 3335 2301 ἐξηγήσιν,
3398 2223 3484 2279 καί
3539 2224 3865 2301 θερμαίνον-

2210 2335 2303 2378 τας
2335 2313 2642 2387 ἀκούοντες,
2675 2313 2738 2369 τὸ
2771 2311 3050 2391 δραστικόν
3100 2333 3158 2368 τε
3205 2313 3294 2369 καὶ
3331 2313 3586 2393 φωτεινὸν
3617 2313 3867 2370 ἐννοοῦν-

2211 2424 2297 2466 τες
2329 2400 2678 2480 ἐξηγούμεθα,
2723 2403 2852 2458 αὐτὸ
2920 2401 2974 2458 δὲ
3030 2401 3192 2458 πάλιν
3248 2403 3310 2458 τὸ
3377 2399 3655 2481 δραστικόν
3685 2423 3744 2458 τε
3775 2402 3869 2458 καὶ

2213 2493 2467 2573 φωτεινὸν
2519 2493 2592 2556 εἰς
2651 2489 2989 2572 ὑψηλοτέραν
3058 2491 3324 2571 ἀνάγομεν
3379 2493 3621 2569 θεωρίαν,
3717 2493 3870 2550 Ὀθεν

2213 2583 2392 2644 καλῶς
2423 2577 2703 2656 ἐλέγομεν,
2767 2577 2847 2636 ὅτι
2904 2579 2982 2655 μὴ
3013 2579 3178 2655 μόνον
3211 2581 3475 2648 αἰσθητῶς
3505 2587 3861 2660 μοριξοῦνται,

2214 2669 2353 2726 ἀλλὰ
2379 2669 2468 2725 καὶ
2510 2669 2770 2735 αἰσθητῶς
2801 2665 3072 2746 λέγονται,
3121 2669 3220 2727 Καὶ
3279 2672 3313 2738 ἡ
3374 2669 3472 2744 μὲν
3504 2671 3626 2746 ἁγία
3655 2669 3868 2745 ὀνομα-

2215 2759 2301 2815 σία
2349 2763 2455 2815 τῶν
2513 2759 2766 2837 σεραφίμ.
2818 2761 2894 2822 ὡς
2934 2761 2971 2827 ἡ
3015 2757 3228 2834 γλῶττα
3281 2765 3387 2816 τῶν
3448 2747 3703 2836 Ἐϐραίων
3734 2760 3871 2836 βούο

2216 2848 2391 2929 λεται,
2422 2847 2460 2916 ἦ
2490 2849 2550 2904 τὸ
2595 2846 2912 2928 ἕμπρηστὰς
2944 2847 3127 2924 δηλοῖ,
3185 2849 3220 2916 ἢ
3280 2850 3341 2904 τὸ
3399 2849 3802 2927 θερμαίνοντας.
3836 2849 3872 2905 ἆ

2217 2939 2281 3007 δὴ
2312 2945 2475 2995 ταῦτα
2505 2938 2568 2994 τὰ
2600 2939 2860 3016 ὀνόματα,
2933 2938 3021 2995 καὶ
3089 2937 3255 2996 ταύτά
3327 2939 3452 3016 εἰσι,
3523 2938 3610 2994 καὶ
3682 2937 3866 3017 ἕτερα,

489 3031 815 3114 plationem
828 3030 1200 3095 adducimus.
1220 3029 1597 3112 Quapropter
1615 3040 1777 3093 recte
1790 3030 2130 3094 dicebamus

2220 3027 2395 3088 Ταῦτὰ
2427 3027 2550 3107 μὲν,
2607 3025 2687 3084 ὅτι
2747 3027 3021 3108 ἀμφότερα
3077 3027 3138 3084 ἐκ
3195 3027 3357 3105 πυρός
3413 3028 3537 3100 εἰσι,
3581 3027 3643 3083 τὸ
3672 3049 3732 3083 τε
3762 3027 3872 3102 ἐμ-

491 3122 648 3204 quod
680 3139 802 3182 non
849 3119 1042 3183 solum
1093 3119 1460 3183 sensibiliter
1490 3121 1898 3198 efformentur,
1931 3140 2136 3183 verum

491 3211 669 3274 etiam
704 3208 1070 3273 sensibiliter
1101 3211 1444 3275 efferantur.
1478 3210 1565 3273 Ac
1594 3218 1864 3272 sanctum
1898 3211 2137 3292 quidem

491 3319 715 3364 nomen
745 3300 1074 3383 seraphim,
1111 3309 1176 3363 ut
1203 3301 1408 3382 lingua
1448 3300 1564 3363 fert
1606 3299 2014 3377 Hebraeorum,
2049 3305 2139 3364 vel

487 3392 838 3454 incensores
867 3391 1180 3470 significat,
1200 3391 1292 3454 vel
1315 3390 1755 3472 calefacientes,
1781 3410 1912 3472 quae
1934 3398 2140 3472 utique

489 3478 740 3543 nomina
767 3486 830 3542 et
857 3479 1068 3542 eadem
1096 3489 1234 3542 sunt
1260 3488 1319 3542 ct
1339 3481 1604 3545 diversa:
1630 3481 1840 3545 eadem
1871 3483 2134 3560 quidem,

489 3569 772 3653 quoniam
804 3577 1055 3652 utraque
1103 3569 1176 3632 ab
1229 3570 1367 3648 igne
1411 3570 1749 3652 desumpta,
1783 3569 2012 3634 scilicet
2041 3572 2138 3632 in-

491 3658 775 3738 eendere,
792 3668 850 3723 et
878 3659 1046 3740 quasi
1077 3666 1266 3722 totum
1299 3659 1658 3723 comburere
1691 3660 1827 3741 (hoc
1859 3661 2017 3722 enim
2041 3660 2142 3724 de-

487 3749 672 3814 clarat
699 3750 946 3813 verbum
1000 3749 1242 3831 ἐμπερῶ,
1292 3749 1352 3812 id
1403 3759 1492 3812 est
1543 3759 1817 3832 penetro,
1861 3751 2138 3830 incendo,

488 3839 660 3919 quasi
680 3847 865 3904 totum
892 3839 1318 3920 pervadenslet
1341 3839 1697 3903 calefacere.
1718 3838 1975 3902 Rursum
2002 3858 2141 3902 vero

451 3971 468 3982 ο
491 3929 730 3990 diversa
745 3937 905 4002 sunt,
932 3931 1214 4008 quoniam
1233 3929 1392 3990 aliud
1415 3937 1527 4010 est,
1551 3937 1732 3992 totum
1756 3929 2137 4006 comburere,

489 4025 550 4078 et
569 4017 730 4078 aliud
748 4027 972 4079 tantum
993 4018 1345 4080 calefacere.
1361 4017 1591 4079 Nomen
1611 4025 1804 4080 autem
1827 4017 2138 4080 cherubim

489 4105 786 4186 significat
818 4105 1275 4169 multitudinem
1307 4109 1680 4186 cognitionis
1712 4108 1805 4169 vel
1841 4111 2142 4187 fusionem

487 4197 844 4276 sapientia;
869 4194 1026 4275 quod
1052 4195 1336 4258 nimirum
1363 4196 1546 4257 multa
1570 4197 2142 4278 cognoscant,idque

491 4287 821 4367 sapienter;
847 4294 905 4347 et
927 4293 1290 4364 constanter,
1308 4295 1366 4348 et
1391 4305 1508 4348 non
1533 4286 1723 4348 solum
1748 4287 2143 4368 superficiali-

491 4381 609 4456 ter,
634 4392 702 4436 ac
727 4375 778 4436 si
801 4376 934 4455 quis
962 4374 1116 4438 dicat
1139 4394 1270 4456 quae
1293 4376 1640 4438 conﬁrmata
1667 4385 1804 4438 sunt
1824 4367 1887 4437 in
1914 4384 2139 4438 semet-
2161 4367 2208 4420 ο

491 4463 662 4545 ipsis.
696 4465 908 4527 Merito
954 4465 1130 4544 igitur
1161 4467 1351 4546 prima
1399 4465 1700 4529 distinctio
1733 4465 1807 4528 ab
1839 4465 2140 4529 excellen-

491 4554 739 4616 tissimis
757 4555 1036 4617 essentiis
1057 4564 1258 4618 sancte
1281 4556 1679 4631 efficiturthoc
1698 4557 1854 4620 enim
1879 4557 2144 4621 insinuat

487 4643 640 4706 illud
664 4644 1118 4726 sanctificatur),
1144 4648 1422 4728 quoniam
1451 4647 1723 4712 ordinem
1756 4647 1980 4711 habent
2007 4665 2141 4708 om-

487 4732 669 4796 nibus
699 4735 1095 4815 superiorem,
1134 4739 1325 4816 utqui
1349 4736 1519 4817 juxta
1566 4736 1754 4799 Deum
1795 4736 2140 4800 immediate

491 4823 821 4887 collocatur
855 4824 1014 4905 (nam
1045 4832 1186 4887 ante
1215 4825 1375 4888 hunc
1430 4826 1630 4890 nullus
1657 4827 1812 4890 alius
1845 4826 1996 4889 ordo
2025 4826 2135 4908 est)

492 4921 553 4978 et
579 4911 966 4976 immobiliter
997 4927 1221 4990 manet,
1270 4914 1431 4976 unde
1477 4917 1652 4977 etiam
1687 4915 1746 4976 in
1779 4915 1972 4994 ipsum
2006 4923 2139 4977 tan-

492 5020 667 5082 quam
689 5002 1144 5086 vicinissimum,
1161 5004 1434 5084 primitus
1456 5004 1706 5066 initiatio
1727 5022 1831 5067 seu
1858 5004 2140 5086 perfectio

492 5096 816 5161 derivatur.
842 5097 1238 5178 Primigeniae
1259 5107 1456 5160 autem
1481 5099 1884 5178 apparitiones
1904 5098 2012 5161 Dei
2034 5117 2141 5160 vo-

491 5192 609 5264 cat,
656 5185 816 5267 quod
859 5186 924 5248 in
966 5187 1054 5249 eis
1085 5187 1342 5268 primum
1369 5187 1462 5248 60
1489 5189 1793 5268 operando
1823 5187 1940 5250 vim
1973 5207 2143 5250 suam

495 5284 780 5340 exerant:
841 5277 1360 5357 comprehendunt
1393 5277 1552 5340 enim
1589 5278 1844 5340 divinam
1876 5279 2143 5342 illustra-

493 5366 745 5448 tionem,
781 5374 842 5429 et
880 5365 1128 5428 evadunt
1165 5367 1504 5448 sapientes;
1538 5367 1800 5448 indeque
1829 5369 1974 5448 ipsis
2005 5369 2144 5431 illu-

491 5456 703 5518 stratio
741 5466 832 5518 est
861 5465 1038 5538 atque
1065 5456 1351 5536 cognitio.
1375 5457 1529 5520 Hinc
1554 5457 1729 5518 etiam
1763 5477 1865 5520 sex
1895 5458 2021 5520 alas
2044 5459 2146 5522 ba-

491 5542 636 5608 bere
667 5545 1081 5626 perhibentur,
1115 5546 1272 5627 quod
1298 5547 1466 5609 valde
1498 5549 1741 5610 elevata;
1770 5547 1892 5609 sint
1918 5569 1931 5611 :
1965 5566 2145 5610 sena-

491 5631 618 5699 rius
636 5636 797 5703 enim
820 5655 1102 5703 numerus
1121 5637 1424 5722 perfectus
1447 5644 1564 5715 est,
1587 5637 1747 5721 quod
1771 5645 2000 5703 constet
2023 5637 2147 5702 suis

2221 3120 2464 3198 πρήθειν,
2500 3118 2659 3176 οἱονεὶ
2689 3116 3009 3174 ὁλοκαυτοῦν
3068 3116 3242 3197 (τοῦτο
3273 3117 3372 3196 γᾶρ
3423 3115 3606 3191 δηλοῖ,
3641 3116 3747 3173 ἀπὸ
3775 3124 3873 3175 τοῦ

2223 3210 2458 3288 ἐμπερῶ,
2498 3208 2653 3265 οἱονεὶ
2681 3208 2742 3263 τὸ
2771 3204 2948 3264 διόλου
2995 3205 3396 3288 διερχόμενον),
3441 3207 3527 3263 καὶ
3555 3209 3617 3263 τὸ
3645 3208 3875 3286 θερμαί-

2224 3321 2355 3361 νειν.
2391 3289 2604 3375 ’Ἕτερα
2633 3296 2688 3353 δὲ
2719 3295 2880 3353 πάλιν
2909 3298 3059 3377 εἰσὶν,
3093 3296 3174 3353 ὅτι
3205 3296 3337 3354 ἄλλο
3367 3295 3531 3377 δηλοῖ
3557 3297 3618 3353 τὸ
3644 3295 3713 3353 δι’
3743 3296 3874 3354 ὅλου

2225 3391 2414 3463 καίειν,
2444 3389 2533 3445 καὶ
2564 3385 2696 3444 ἄλλο
2724 3389 2786 3444 τὸ
2827 3387 2989 3462 μόνον
3021 3376 3340 3466 θερμαίνειν.
3405 3376 3472 3442 Ἠ
3515 3383 3570 3442 δὲ
3608 3387 3875 3461 ὀνομασία

2223 3486 2327 3537 τῶν
2357 3475 2616 3559 χερουϐὶμ
2647 3475 2848 3545 πλῆθος
2897 3474 3056 3544 δηλοῖ
3085 3475 3360 3555 γνώσεως,
3394 3475 3431 3553 ᾗ
3463 3477 3623 3556 χύσιν
3653 3477 3871 3552 σοφίας,

2224 3575 2378 3627 τοῦτο
2396 3566 2452 3624 δὲ
2481 3565 2648 3642 ἐστιν,
2679 3566 2760 3622 ὃτι
2788 3565 2875 3622 καὶ
2897 3564 3072 3623 πολλὰ
3099 3566 3442 3646 γινώσκουσι,
3465 3566 3555 3622 καὶ
3579 3565 3760 3645 σοφῶς
3783 3568 3876 3624 καὶ

2223 3659 2493 3737 ἀραρότως
2522 3662 2690 3713 ταῦτα
2730 3665 3106 3736 γινώσκουσιν,
3153 3657 3247 3714 οὒκ
3290 3653 3643 3718 ἐπιπολαίως
3679 3657 3768 3712 καὶ
3799 3658 3875 3720 ὡς

2224 3748 2286 3807 ἄν
2318 3770 2399 3812 τις
2431 3745 2579 3804 εἴποι
2612 3743 2989 3805 διαπιστοῦντα
3017 3745 3148 3802 αὒτᾶ
3179 3746 3417 3810 ἑαυτοῦς.
3451 3744 3686 3810 Εἰκότως
3717 3745 3809 3801 οὖν
3839 3745 3878 3812 ἦ

2224 3839 2412 3916 πρώτη
2443 3843 2549 3894 τῶν
2603 3833 3011 3912 διαλοσμήσεων
3065 3834 3128 3892 ἐκ
3183 3841 3289 3892 τῶν
3343 3834 3648 3912 ὑπερτάτων
3680 3838 3878 3895 οὐσιῶν

2223 3931 2376 4007 ἱερῶς
2406 3927 2726 4006 ἐνεργεῖται,
2777 3924 2958 4004 (τοῦτο
3019 3924 3122 4004 γὰρ
3179 3924 3289 3981 ἐστι
3348 3926 3410 3981 τὸ
3464 3925 3874 4006 ἰερουργετται·)

2223 4016 2369 4084 τάξιν
2411 4017 2512 4096 γὰρ
2564 4015 2750 4095 ἔχουσι
2785 4020 2892 4072 τῶν
2949 4019 3137 4071 πασῶν
3192 4013 3551 4094 ὑψηλοτέραν,
3610 4023 3707 4074 τοῦ
3750 4018 3878 4087 περὶ

2224 4108 2355 4164 Θεὸν
2383 4104 2598 4182 ἆμὲσως
2629 4103 2855 4183 ἱδρῦσθαι
2917 4103 2998 4184 (o3
3057 4105 3159 4182 γὰρ
3215 4103 3326 4161 ἐστι
3383 4106 3485 4182 πρὸ
3518 4108 3686 4171 αὐτῆς
3717 4105 3876 4182 ἕτερα

2222 4194 2518 4270 τάξις,)καὶ
2549 4195 2957 4269 ἀμετακινήτωι
2985 4193 3156 4268 εἶναι,
3188 4194 3435 4252 κάκεῖθεν
3470 4195 3542 4259 εἰς
3573 4194 3737 4260 αὑτὴν
3770 4195 3871 4273 ἆρ-

2221 4284 2537 4366 χικωτέρως
2595 4286 2669 4349 ὡς
2726 4283 3000 4363 ἐγγυτάτω
3025 4281 3472 4359 μεταϐιϐάζεσθαι
3517 4283 3618 4352 τὴν
3645 4286 3878 4340 τελείω-

2224 4399 2330 4441 σιν,
2364 4374 2740 4454 Πρωτουργοὺς
2795 4373 2850 4429 δὲ
2903 4371 3046 4452 λέγει
3109 4375 3438 4455 θεοφανείας,
3500 4373 3579 4430 ὄτι
3637 4375 3708 4437 εἰς
3767 4379 3873 4434 αὖ·-

2223 4465 2344 4530 τοὺς
2413 4464 2655 4543 πρώτους
2728 4462 3037 4544 ἐργάζονται
3117 4463 3485 4542 ἐοδεργοόμιναι
3554 4463 3604 4519 αἱ
3672 4465 3878 4543 θεοφό-

2224 4571 2381 4613 νειαι⁶
2430 4552 2828 4629 ἐπιδράττονται
2893 4554 2994 4632 γᾶρ
3050 4553 3149 4622 τῆς
3207 4553 3350 4616 θείας
3408 4549 3753 4627 ἐλλάμψεως,
3787 4555 3880 4608 καὶ

2223 4647 2541 4725 σοφίζονται·
2577 4642 2779 4700 ἐκεῖθέν
2810 4642 2952 4700 ἐστιν
2984 4645 3169 4707 αὐτοῖς
3219 4644 3306 4699 καὶ
3361 4643 3423 4699 τὸ
3480 4639 3875 4717 ἐλλάμπεσθαι,

2223 4735 2312 4790 καὶ
2381 4733 2442 4790 τὸ
2498 4732 2802 4812 γινώσκειν.
2884 4730 3041 4791 Ὀθεν
3098 4731 3327 4789 κάκεῖνα
3395 4729 3493 4806 μίν
3547 4729 3878 4809 ἑξαπτέρυγα

2221 4822 2493 4903 λέγονται,
2568 4823 2644 4886 ὡς
2716 4822 2852 4879 κατᾶ
2923 4820 3061 4879 πολὺ
3131 4821 3492 4900 ὑπερηρμένα’
3541 4817 3595 4885 ἓξ
3644 4821 3747 4898 γὰρ
3774 4818 3876 4877 τέ-

2222 4911 2368 4979 λειος
2423 4911 2643 4991 ἀριθμός
2699 4911 2868 4993 ἐστιν,
2927 4910 3010 4968 ὅτι
3075 4909 3345 4990 σίόγκειται
3415 4909 3476 4966 ἐκ
3530 4915 3637 4966 τῶν
3694 4913 3879 4986 μερῶν

2225 5003 2406 5078 αὐτοῦ,
2437 5003 2571 5081 ἅπερ
2629 4999 2736 5058 εἰσὶ
2794 5003 2857 5059 τὸ
2913 5000 3107 5081 ἥμισυ,
3167 4999 3333 5079 ᾔγουν
3389 5000 3456 5056 τὰ
3487 5000 3626 5076 τρία⁶
3659 5000 3724 5055 τὸ
3753 4999 3878 5077 τρί-

2225 5115 2341 5165 τον,
2377 5090 2540 5172 ἤγουν
2599 5092 2665 5150 τὰ
2720 5089 2834 5149 δΰοθ
2893 5093 2981 5150 καὶ
3034 5092 3096 5147 τὸ
3153 5087 3330 5169 ἕκτον,
3363 5087 3529 5168 ἤγουν
3553 5089 3617 5144 τὸ
3645 5086 3724 5145 ἕν’
3757 5090 3882 5162 τρία

2226 5183 2283 5242 δὲ
2323 5185 2412 5242 καὶ
2439 5183 2529 5240 δύο
2557 5185 2645 5240 καὶ
2703 5181 2759 5239 ἓν
2817 5182 2979 5241 πάλιν
3020 5181 3096 5248 ἕξ.
3143 5183 3220 5242 Τὰ
3250 5180 3306 5238 δὲ
3336 5178 3599 5261 χερουϐὶμ
3625 5177 3884 5255 πολυόμο

2227 5297 2394 5355 ματα,
2449 5275 2523 5338 ὡς
2575 5271 2777 5341 πλῆθος
2831 5273 3082 5353 γνώσεως
3126 5272 3356 5352 ἔχοντα.
3387 5272 3464 5329 Τὰ
3501 5276 3627 5348 γοῦν
3654 5277 3883 5326 τοιαῦτ-ι

2226 5365 2462 5442 ὀνόματα
2492 5363 2866 5444 ὀνομάζονται,
2925 5364 3064 5420 κατὰ
3118 5362 3460 5442 ἑκφαντορίαν
3520 5361 3608 5416 καὶ
3636 5357 3879 5428 δήλωσιν

2225 5463 2332 5513 τῶν
2384 5452 2542 5520 ἕξεων
2584 5453 2780 5529 αὒτων,
2837 5452 2865 5509 ὅ
2921 5452 3033 5510 ἐστι
3091 5454 3198 5509 τῶν
3255 5451 3507 5527 ἐμμόνων
3565 5447 3876 5513 διαθέσεων,

2228 5547 2291 5603 Αἰ
2337 5543 2435 5622 γὰρ
2476 5545 2619 5599 θεται
2674 5540 2921 5608 δυνάμεις
2980 5540 3097 5599 καθ’
3151 5541 3254 5608 ἕξιν
3311 5540 3499 5621 ἔχουσι
3529 5541 3592 5596 τὸ
3619 5537 3878 5620 θεοειδὲς,

2227 5634 2332 5706 ἕξις
2361 5630 2417 5690 δὲ
2445 5632 2558 5691 ἐστι
2587 5631 2808 5703 ποιότης
2871 5633 3124 5712 ἶμμονος·
3183 5633 3220 5704 ἡ
3277 5629 3334 5689 δὲ
3388 5631 3612 5701 τοιαύτη
3637 5627 3745 5696 ἕξις
3778 5633 3882 5690 οὗ·-
