4058 6196
253 282 374 347 217

662 284 763 346 DE
811 279 1159 347 C(ELESTI
1204 257 1712 360 HIERARCHIA,
1750 277 1916 342 CAP.
1973 278 2108 342 VII.
2154 307 2233 320 -—
2272 275 2655 340 PARAPHR.
2719 275 3228 338 PACHYMEPME.

3515 275 3630 343 218

249 415 494 494 σιωμένη
551 415 662 474 ient
703 416 840 474 κατᾶ
867 416 1008 474 θείαν
1051 414 1236 495 χάριν,
1282 417 1342 476 οὒ
1372 413 1480 490 μήν
1503 415 1575 479 ὣς
1620 413 1900 489 συμϐεϐη-

2006 411 2272 493 iartibns,
2307 429 2439 493 qua;
2465 419 2626 489 sunt,
2671 409 3010 490 dimidium,
3061 429 3277 495 nempe
3307 411 3464 497 tria;
3498 419 3627 479 ter-

247 510 342 572 κὸς
372 509 428 565 ιο
473 506 830 586 ὑποκειμένῳ,
889 504 974 564 διὰ
1057 508 1117 562 τὸ
1146 503 1302 561 άϋλον
1347 507 1516 564 αὐτῶν
1563 505 1649 562 καὶ
1675 505 1904 581 ἀσώμα-

249 620 341 655 τον
374 617 393 637 ο
427 595 631 654 ἐκεῖθεν
663 597 763 674 γὰρ
793 593 1127 665 ἀπελήλαται
1171 596 1258 652 καὶ
1301 600 1444 652 πᾶσα
1501 595 1736 658 σύνθεσις
1794 596 1904 652 ὑλι-

248 688 346 762 κὴ,
393 687 486 743 καὶ
515 687 578 743 τὸ
607 692 705 762 τῇς
754 683 887 752 ὕλης
915 684 1076 742 πάλιν
1104 682 1338 762 ἄμορφον
1381 683 1582 740 ἐκεῖθεν
1608 684 1899 763 ἂξώρισταὶ.

249 776 380 836 Οὔτε
451 783 577 855 γοῦν
619 773 885 848 δυνάμετα
945 774 1143 852 λέγειν,
1204 772 1285 829 ὅτι
1341 773 1561 851 πρώτως
1624 777 1772 831 οὖσαι
1847 775 1902 831 ἐν

247 867 406 941 ἑτέρα
458 866 560 922 τινὶ
628 864 949 921 καταστάσει
981 910 998 938 ,
1049 861 1262 941 ὕστερον
1331 859 1720 942 προσελάϐοντο
1807 865 1900 929 τὰς

245 957 498 1018 τοιαύτας
551 953 739 1033 ἀρετὰς
776 1001 793 1033 ,
828 959 998 1031 (τοῦτο
1051 953 1148 1032 γὰρ
1204 958 1310 1010 τῶν
1357 951 1616 1009 συνθέτων
1783 954 1898 1010 οὔτε

248 1045 561 1125 ἀμόρφωτοι
597 1043 716 1100 ὗλαι
747 1042 920 1113 οὖσαι,
970 1041 1185 1120 ὕστερον
1239 1039 1644 1112 εἰδοποιήθησαν
1693 1041 1747 1097 ἐν
1774 1043 1898 1108 τάϊς

247 1135 523 1200 τοιαὺταις
552 1135 771 1212 ἀρεταῖς
807 1149 822 1164 ⁸
889 1130 1009 1189 ἀλλ’
1066 1131 1118 1197 ἐξ
1171 1133 1420 1212 ὑπαρχῆς
1449 1132 1586 1190 οὕτω
1640 1133 1751 1205 Θείᾳ
1783 1133 1919 1191 ἐκτί-

253 1230 460 1292 σθησαν
512 1225 725 1305 χάριτι.
779 1233 942 1282 Τοῦτο
985 1221 1040 1278 δὲ
1097 1219 1260 1289 δῆλον
1289 1221 1422 1279 ἔκτε
1468 1225 1624 1282 αὐτοῦ
1647 1230 1741 1280 τοῦ
1770 1225 1920 1302 ἁγίου

258 1321 557 1388 Διονυσίου,
618 1314 871 1392 λέγοντος
911 1315 1042 1390 πρὸς
1100 1320 1177 1387 τῷ
1228 1311 1369 1372 τέλει
1417 1320 1510 1370 τοῦ
1541 1315 1792 1392 τετάρτου
1824 1336 1920 1370 κε-

254 1406 484 1485 φαλαίου
551 1410 649 1472 τῆς
715 1403 1201 1472 Ἐκκλησιαστικῆς
1270 1405 1547 1483 ίεραρχίας
1579 1449 1598 1479 ,
1651 1402 1920 1468 οὖσιώδεις

258 1498 403 1553 εἶναι
447 1496 544 1560 τὰς
584 1495 834 1556 τοιαύτας
881 1493 1038 1559 ἕξεις.
1092 1494 1180 1550 καὶ
1235 1495 1298 1550 ὲκ
1351 1501 1470 1569 τοῦ,
1515 1494 1607 1550 τὸν
1665 1496 1919 1565 πεσόντα,

257 1585 601 1643 ἀποϐαλόντα
654 1585 750 1648 τὰς
804 1584 991 1660 ἀρετὰς
1042 1587 1380 1662 μεταχθῆναι
1439 1585 1513 1648 είς
1575 1583 1815 1658 ἀλλοίαν,
1849 1587 1923 1648 ὡς

1988 503 2160 584 tium,
2191 521 2408 582 nempe
2438 502 2556 563 duo
2592 519 2608 577 ;
2643 509 2703 563 et
2731 509 2986 577 sextum,
3022 521 3240 583 nempe
3269 523 3450 567 unum
3478 525 3493 566 :
3520 506 3635 569 tria

1988 600 2213 673 autem,
2253 601 2310 653 et
2339 593 2478 666 duo,
2510 601 2568 653 et
2592 611 2771 653 unum
2804 611 3176 673 rursum,sex
3207 602 3368 656 sunt.
3401 593 3635 658 Cheru-

1988 681 2111 746 bim
2143 690 2336 744 autem
2371 682 2589 743 multos
2620 683 2844 756 oculos,
2883 691 3158 763 tanquam
3187 684 3624 748 multitudinem

1987 771 2611 850 cugnitionis,habent.
2648 770 3024 852 Ejuscemodi
3056 772 3252 853 itaque
3285 775 3631 837 nominibus

1986 861 2718 943 appellantur,secundum
2769 861 3305 924 manifestationem
3337 881 3406 928 ac
3435 864 3638 929 decla-

1984 952 2204 1012 tionem
2233 951 2541 1014 babituum
2576 969 2844 1030 suorum,
2882 951 2938 1012 id
2969 959 3057 1012 est
3075 953 3388 1015 affectuum
3423 954 3640 1018 imma-

1983 1041 2280 1104 nentium.
2315 1040 2460 1103 Nam
2484 1040 2736 1102 virtutes
2765 1041 2984 1104 divinae
3006 1042 3336 1104 secundum
3368 1044 3637 1106 habitum

1997 1130 2223 1194 habent
2249 1129 2733 1205 deiformitatem,
2770 1129 3008 1194 habitus
3028 1141 3226 1194 autem
3272 1142 3362 1196 est
3390 1136 3644 1215 qualitas

1999 1220 2335 1283 immanens
2381 1243 2393 1283 :
2430 1219 2797 1300 ejuscemodi
2819 1229 3015 1282 autem
3049 1221 3282 1284 habitus
3324 1225 3645 1287 essentiam

2004 1328 2170 1373 suam
2190 1310 2365 1373 habet
2383 1311 2710 1374 secundum
2726 1309 2972 1388 gratiam
3005 1309 3415 1386 divinam,non
3442 1326 3647 1376 autem

2005 1409 2094 1463 est
2117 1401 2541 1464 utaccidensin
2567 1402 3119 1482 subjecto,propter
3142 1420 3348 1464 eorum
3373 1403 3650 1466 immate-

2006 1490 2319 1553 rialitatem
2368 1501 2426 1553 et
2482 1491 3028 1572 incorporeitatem,
3086 1492 3228 1554 inde
3260 1493 3417 1554 enim
3463 1493 3660 1555 omnis

2012 1591 2132 1643 iam
2167 1582 2519 1661 compositio
2553 1582 3080 1663 materialis,quam
3107 1581 3444 1643 iuformitas
3477 1592 3663 1645 mate-

267 1675 333 1732 ἄν
363 1698 448 1741 τις
481 1674 627 1733 εἴποι
659 1722 676 1749 ,
738 1676 1060 1732 κατάστασιν
1134 1675 1365 1753 φύσεως,
1419 1675 1697 1745 σκοτεινήν
1750 1695 1808 1731 τε
1836 1687 1921 1734 καί

2008 1671 2135 1748 rite,
2171 1671 2420 1734 exsulat.
2456 1671 2855 1743 Quamobrem
2908 1673 3111 1735 dicere
3163 1691 3277 1732 non
3313 1690 3657 1753 possumus,

260 1767 542 1846 φθονερὰν,
603 1766 694 1821 καὶ
766 1763 956 1827 κακίας
1031 1761 1242 1841 πλήρη,
1325 1764 1412 1820 καὶ
1475 1765 1712 1821 εναντίαν
1789 1766 1926 1821 κατὰ

263 1857 540 1930 πάντατῇ
595 1855 707 1926 Θείᾳ
763 1854 850 1910 καὶ
905 1851 1169 1932 ἆγγελικῇ
1227 1852 1480 1925 πολιτείᾳ
1530 1855 1793 1922 ’τοιαύτη
1824 1855 1922 1933 γὰρ

259 1949 295 2015 ἡ
346 1951 452 2001 τῶν
505 1942 748 2023 ἀγγέλων
796 1941 899 2010 ἕξις
942 1940 1226 2014 ούσιώδης,
1276 1945 1371 2000 οἳα
1441 1944 1529 2000 καὶ
1558 1945 1592 2012 ἠ
1624 1946 1922 2022 τοῦξπυρὸς

262 2033 378 2090 καθ’
441 2032 546 2100 ἕξιν
602 2039 814 2097 καῦσις.
866 2032 936 2089 Τὸ
987 2038 1110 2110 γυῦν
1165 2037 1270 2088 τῶν
1336 2033 1563 2112 σεραιρὶμ
1593 2031 1758 2091 ὄνοπα
1801 2031 1923 2101 ign-

263 2125 521 2203 γούμεθα,
555 2121 636 2178 ὅτι
694 2124 756 2179 τὸ
827 2130 928 2200 πῦρ
987 2121 1318 2188 ἀνεικίνητύν
1383 2121 1520 2196 ἐστι,
1567 2123 1757 2202 θερμόν
1783 2123 1918 2190 ἐστι,

263 2213 351 2279 ὀξύ
402 2211 513 2271 ἆστι
547 2257 565 2288 ,
621 2211 787 2289 (κατὰ
832 2215 991 2270 αὐτοῦ
1038 2212 1138 2291 γὰρ
1200 2214 1294 2268 του
1349 2209 1490 2268 λίθου
1545 2213 1666 2278 τοὺς
1724 2213 1920 2278 τόπους

265 2302 482 2360 εἰσδύνει
625 2302 960 2382 ἆναγωγικόν
1002 2301 1113 2358 ἰστι
1176 2301 1282 2358 τῶν
1343 2300 1752 2371 ὃποϐεὸηκότων
1780 2351 1798 2381 ,
1834 2297 1923 2362 καὶ

265 2391 428 2462 δῆλον
473 2392 536 2450 ἐκ
619 2398 727 2449 τῶν
783 2393 1205 2474 ἀναθυμιάσεων,
1281 2395 1393 2459 πῶς
1480 2400 1546 2472 τῇ
1591 2393 1760 2474 θέρμῃ
1831 2403 1924 2453 τοῦ

267 2483 420 2552 ἡλίου
472 2483 755 2563 ἀνάγονται
778 2499 794 2515 ⁶
855 2473 1168 2560 δραστήριόν
1227 2481 1341 2539 ἐστι
1385 2484 1516 2559 πρὸς
1553 2473 1657 2552 τὴν
1691 2491 1798 2541 τῶν
1827 2484 1920 2563 ἐγ·-

268 2574 525 2652 γιζόντων
566 2573 844 2649 ὁμοίωσιν,
901 2570 1120 2652 πυρώδη
1151 2572 1250 2651 γὰρ
1297 2585 1449 2629 ποιεῖ
1501 2573 1568 2630 τὰ
1623 2574 1918 2653 ἐγγίζοντα,

271 2664 584 2740 ὁλοκαυτοτ,
659 2664 893 2742 καθαίρει
929 2680 943 2694 ⁸
1006 2660 1434 2732 ἀπερικάλυπτόν
1500 2661 1644 2721 ἔστιν
1677 2710 1693 2739 ,
1755 2663 1921 2722 ἄσϐε-

273 2777 397 2812 στον
437 2754 558 2833 ἕχει
613 2753 674 2810 τὸ
725 2750 1010 2834 φωτοειδὲς
1067 2754 1155 2809 καὶ
1215 2752 1558 2830 φωτιστικδν,
1606 2754 1694 2810 καὶ
1745 2753 1924 2834 uappa)

270 2846 334 2900 τὸ
363 2844 554 2908 σκότος
609 2842 841 2904 ἐλαύνει.
875 2841 1080 2906 Ταύτας
1129 2841 1315 2922 ἔχουσι
1363 2844 1457 2906 τὰς
1501 2841 1634 2908 ἕξεις
1665 2845 1925 2924 ὁπερκοσσ

2008 1760 2162 1840 quod
2181 1761 2512 1840 primumin
2544 1764 2740 1841 aliquo
2765 1762 2878 1822 alio
2910 1770 3061 1822 statu
3095 1761 3659 1843 existentes,postea

2005 1850 2246 1910 virtutes
2266 1850 2468 1930 ejusce
2484 1850 2640 1912 modi
2673 1850 3015 1930 acceperint
3034 1851 3165 1930 (hoc
3188 1851 3347 1913 enim
3362 1854 3656 1934 composi-

2007 1946 2197 2000 torum
2230 1940 2368 2020 est);
2403 1958 2595 2020 neque
2625 1943 2780 2020 quod
2815 1942 3098 2003 informes
3132 1950 3331 2003 essent
3363 1943 3655 2020 materiae,

2008 2037 2211 2108 postea
2240 2029 2904 2093 istiusmoditirtulibus
2933 2030 3235 2094 adornatze
3263 2032 3380 2094 sint
3416 2033 3544 2104 ;sed
3578 2033 3652 2095 ab

2004 2118 2174 2180 initio
2209 2120 2354 2182 tales
2402 2119 2600 2182 divina
2627 2121 2815 2199 gratia
2846 2135 3060 2184 creatae
3090 2129 3248 2184 sunt.
3298 2123 3466 2196 Quod
3496 2124 3659 2186 clare

2005 2217 2164 2290 patet
2194 2228 2327 2272 cum
2357 2229 2429 2273 ex
2460 2211 2588 2290 ipso
2620 2210 2683 2274 S.
2718 2213 3016 2292 Dionysio,
3063 2212 3302 2276 dicente
3331 2212 3443 2275 sub
3478 2215 3656 2276 tinem

2006 2309 2194 2380 quarti
2226 2301 2436 2380 capitis
2454 2301 2837 2366 Hicrarchiae
2862 2302 3656 2377 ccclesiastirajstiusmodi

2007 2388 2241 2452 habitus
2271 2409 2400 2453 esse
2439 2391 2893 2470 substantiales;
2917 2400 3040 2454 tum
3069 2393 3245 2454 etiam
3279 2411 3354 2454 ex
3386 2411 3457 2455 eo
3489 2393 3649 2474 quod

2005 2480 2057 2542 is
2087 2481 2183 2560 qui
2208 2481 2773 2557 cecidit,virtutibus
2793 2481 3068 2563 abjectis,
3102 2484 3171 2544 ad
3221 2482 3430 2558 alium,
3476 2489 3545 2546 ut
3575 2484 3658 2544 ita

2005 2570 2137 2650 quis
2162 2570 2400 2646 dixerit,
2431 2580 2655 2634 naturae
2703 2581 2915 2634 statum
2948 2572 3022 2634 sit
3051 2573 3393 2647 translatus,
3427 2571 3650 2635 obscu-

2003 2677 2136 2723 rum
2168 2661 2486 2743 scilicet,et
2527 2662 2768 2725 invidiae
2791 2663 3148 2744 malitiatque
3179 2664 3445 2744 plenum,
3479 2669 3656 2744 atque

2005 2750 2220 2811 divinm
2240 2753 2597 2832 etangelicae
2612 2752 3026 2815 vitreinstituto
3059 2751 3659 2816 contrariumzistius-

2007 2841 2169 2902 modi
2194 2842 2352 2903 enim
2385 2842 2734 2922 angelorum
2793 2842 3034 2906 habitus
3092 2842 3499 2905 substantialis
3542 2851 3655 2912 est.

276 2935 412 3014 μεως
483 2934 550 2990 τὰ
609 2932 841 3012 σεραφίμ
873 2947 894 2971 ο
953 2929 1300 2998 ἀκατάληκτά
1357 2933 1457 2989 εἶσι
1515 2934 1600 2990 καὶ
1640 2935 1921 3013 ὑπερζέον-

2012 2949 2126 2993 non
2146 2949 2320 2993 secus
2349 2940 2524 3014 atque
2556 2932 2710 3012 ignis
2738 2933 3068 2996 secundum
3119 2933 3382 2995 habitum
3421 2931 3656 2995 adustio

271 3047 362 3103 τα,
423 3025 506 3080 καὶ
558 3021 812 3084 ἆνένδοτα
869 3023 1001 3101 πρὸς
1056 3024 1156 3089 τὴν
1201 3023 1320 3096 περὶ
1377 3024 1508 3080 Θεὸν
1578 3023 1932 3103 ἂεικινησίαν,

272 3116 360 3170 καὶ
415 3113 511 3175 τὰς
567 3109 958 3179 ὕποόεϐηκυίας
1027 3110 1199 3177 τάξεις
1267 3111 1548 3193 ἀνάγουσι,
1596 3116 1687 3169 καὶ
1758 3135 1934 3192 πραχ-

271 3206 441 3266 τικῶς
529 3202 925 3280 ἆναζωπυροῦσι
975 3249 992 3276 ,
1084 3203 1174 3258 καὶ
1259 3202 1545 3278 ἄρθμιοῦσι
1629 3204 1764 3281 πρός
1834 3206 1934 3272 τὴν

273 3293 459 3370 ὁμοίαν
493 3292 634 3364 ζέσιν
663 3293 752 3348 καὶ
782 3293 873 3350 τὸν
929 3291 1089 3348 πόθον
1147 3292 1238 3347 τὸν
1291 3289 1488 3365 ἔνθεον,
1550 3293 1638 3349 καὶ
1696 3291 1761 3348 δι’
1809 3293 1934 3352 ὅλου

274 3383 624 3461 πρηστηρίως
668 3381 960 3461 καθαρτικά
1002 3382 1124 3456 εἰσι,
1183 3381 1270 3437 καὶ
1325 3382 1386 3436 τὸ
1454 3381 1741 3461 φωτοειδές
1803 3383 1932 3463 ὅπερ

275 3471 493 3552 ἔχουσιν
550 3470 612 3528 ἔκ
668 3478 823 3546 Θεοῦ,
863 3473 951 3527 καὶ
1000 3471 1062 3526 τὸ
1092 3471 1415 3550 φωτιστικὸν
1473 3469 1590 3526 καθ’
1625 3469 1654 3526 ὅ
1684 3472 1750 3530 τὰ
1795 3471 1932 3530 Ξίλλα

277 3569 614 3645 φωτιζουσιν,
675 3559 1100 3638 ἆπερικάλυπτον
1157 3561 1246 3616 καὶ
1313 3557 1571 3618 ἄσϐεστον
1639 3559 1864 3641 ἔχουσιν
1911 3580 1925 3594 ·

276 3653 386 3711 ἕστι
434 3653 536 3730 γὰρ
585 3653 660 3714 ὡς
709 3650 812 3718 ὕλη
865 3653 892 3707 ὁ
945 3654 1090 3714 θεῖος
1146 3649 1308 3716 πόθος
1371 3650 1584 3725 αὑτοῖς,
1630 3653 1718 3708 καὶ
1758 3652 1934 3720 πάσης

278 3743 617 3806 σκοτοποιίας
668 3740 913 3799 ἒπὲκεινά
955 3741 1084 3796 εἰσιν
1115 3786 1132 3820 ,
1191 3741 1265 3804 ὡς
1317 3739 1386 3817 τῇ
1429 3743 1543 3812 θειᾳ
1585 3739 1935 3822 λαμπρότητι

279 3832 642 3909 ἀναπτόμενα.

2019 3020 2368 3084 est.Nomen
2399 3023 2596 3105 itaque
2654 3026 2954 3105 serapbim
3000 3023 3556 3106 explicamus,quod
3587 3023 3662 3086 sit

2017 3110 2176 3196 ignis
2204 3130 2451 3196 semper,
2485 3113 2745 3196 mobilis,
2779 3114 3028 3189 calidus,
3061 3114 3297 3176 subtilis
3335 3113 3658 3196 (quoniam

2015 3193 2195 3253 etiam
2225 3192 2410 3274 ipsius
2442 3195 2652 3275 lapidis
2684 3192 2860 3276 poros
2893 3203 3214 3277 penetrat),
3247 3192 3663 3276 qui'inferiora

2015 3299 2248 3343 sursum
2283 3283 2494 3357 elevat,
2539 3283 2625 3347 uti
2657 3285 3037 3365 perspicuum
3065 3286 3132 3348 tit
3161 3303 3230 3347 ex
3263 3283 3659 3346 exlialationi—

2014 3370 2452 3453 bus,quomodo
2477 3373 2675 3436 calore
2703 3374 2847 3436 solis
2889 3374 3233 3437 attollautur
3269 3394 3287 3437 :
3316 3373 3420 3454 qui
3451 3373 3542 3435 sui
3573 3373 3662 3435 si-

2016 3460 2416 3526 militudinem
2440 3464 3052 3546 appropinquantibus
3076 3465 3664 3546 ingenerat,propin-

2020 3571 2134 3633 qua
2165 3555 2323 3616 enim
2355 3556 2555 3617 omnia
2583 3555 2765 3632 ignita
2798 3556 3266 3638 reddit,penitus
3293 3554 3663 3635 adurit,pur-

2019 3650 2136 3722 gat:
2170 3644 2271 3724 qui
2297 3643 2580 3706 abscondi
2615 3645 3326 3726 nequit,luciformitatem
3360 3651 3417 3705 et
3448 3643 3670 3705 illumi-

2019 3733 2200 3795 nandi
2262 3733 2374 3793 vim
2407 3734 2821 3796 inexstinctam
2884 3734 3134 3814 obtinet,
3169 3740 3230 3796 et
3259 3733 3462 3813 procul
3499 3742 3661 3794 tene-

2017 3821 2153 3883 bras
2183 3822 2483 3901 propellit.
2532 3823 2704 3896 Hisce
2741 3823 3044 3885 habilibus
3101 3822 3666 3904 supermundialiter

2015 3911 2245 3991 praediti
2276 3921 2417 3974 sunt
2475 3913 2824 3994 serapbim:
2879 3913 3166 3976 indefessi
3222 3920 3443 3976 suntet
3484 3931 3667 3994 supra

281 4021 455 4084 quam
487 4001 818 4076 ferventes,
849 4007 907 4062 et
933 3999 1006 4062 ad
1040 4001 1228 4063 Deum
1271 3997 1614 4060 incessabili
1662 4017 1902 4082 semper
1959 4009 2117 4063 motu
2149 4003 2383 4066 cientur
2431 3993 2861 4087 inferioresque
2919 4003 3163 4067 ordines
3221 3993 3651 4085 adducunt,ac
3693 3993 3701 4002 ’

285 4094 484 4175 reipsa
509 4090 825 4164 suscitant,
857 4099 916 4152 et
945 4087 1019 4151 ad
1051 4089 1425 4151 consimilem
1452 4089 1536 4148 6|
1576 4089 1874 4151 fervorem
1906 4090 2298 4173 divinumque
2343 4094 2712 4157 desiderium
2745 4095 3008 4156 excitant
3068 4102 3126 4155 et
3185 4092 3537 4166 informant,
3601 4097 3666 4154 et

272 4184 514 4247 omnino
538 4181 723 4260 ignite
754 4191 1024 4262 purgant,
1060 4188 1240 4261 atque
1272 4177 1521 4240 formam
1555 4178 1704 4240 lucis
1736 4199 1912 4260 quam
1945 4201 2012 4243 ex
2045 4181 2164 4243 Deo
2200 4185 2442 4253 habent,
2481 4197 2536 4246 et
2570 4185 2952 4246 illuminans‘li
2987 4185 3108 4245 vim
3137 4203 3251 4264 qua
3277 4182 3652 4245 caateraillu-

274 4275 525 4355 miuaut,
556 4272 973 4334 inabsconsam
1006 4278 1065 4332 et
1093 4270 1513 4332 inexstinctam
1549 4270 1872 4351 possident
1903 4291 1919 4352 ;
1955 4271 2216 4335 divinum
2251 4275 2410 4335 enim
2446 4276 2815 4337 desiderium
2849 4276 2966 4337 illis
3019 4284 3108 4336 est
3165 4275 3292 4337 vice
3348 4281 3608 4336 materiae
3639 4295 3654 4355 ;

271 4376 329 4429 et
356 4364 521 4427 omni
555 4361 1049 4426 obtenebratione
1081 4362 1430 4442 superiores
1459 4370 1620 4433 sunt,
1651 4368 1712 4421 ut
1744 4361 1846 4440 qui
1879 4361 2079 4424 divino
2113 4364 2442 4443 splendore
2476 4375 2613 4427 sunt
2648 4365 2955 4429 succensi.

349 4459 425 4515 Τὰ
471 4453 527 4510 δὲ
577 4450 838 4534 χερουϐίμ
893 4454 1020 4508 εἰσιν
1070 4453 1439 4526 ὀνομαζόμενα
1490 4453 1626 4507 κατὰ
1681 4453 1772 4507 τὸν
1812 4450 1910 4507 λό-

2078 4453 2403 4515 Cherubim
2457 4464 2660 4516 autem
2708 4455 2992 4517 nominati
3029 4454 3528 4530 sunt,secundum
3567 4472 3666 4516 ra—

271 4569 364 4624 γον
390 4551 494 4612 τῆς
525 4541 649 4622 παρ’
693 4545 830 4617 ἡμῖν
874 4542 1122 4620 γνώσεως
1158 4559 1170 4574 ·
1205 4543 1240 4610 ἡ
1273 4540 1508 4617 ἡμετέρα
1549 4542 1650 4618 γὰρ
1693 4544 1920 4621 γνῶσις,

272 4639 356 4693 καὶ
409 4633 685 4714 γνωστικὴ
733 4629 824 4710 ἀφ’
908 4633 1102 4698 ἑαυτῆς
1153 4630 1286 4704 ἐστι,
1350 4633 1439 4686 καὶ
1525 4629 1744 4698 δεκτικὴ
1825 4633 1923 4698 τῆς

273 4724 456 4791 ἔξωθεν
517 4724 827 4798 μαθήσεως.
908 4717 1135 4798 ’Ὥσπερ
1212 4720 1310 4798 γὰρ
1372 4721 1406 4787 ἡ
1484 4718 1722 4798 ἀγνωσία
1776 4719 1922 4792 δίττή

273 4815 496 4889 ἂστιν,ἧ
555 4814 656 4889 μὲν
701 4812 838 4868 κατὰ
893 4809 1182 4890 ἀπόφασιν,
1249 4807 1336 4865 ὅτε
1384 4807 1502 4866 τόδε
1532 4831 1582 4865 τι
1639 4812 1700 4866 οὔ
1754 4811 1922 4888 γινώ-

273 4925 495 4983 σκομεν,
547 4902 884 4980 γινώσκομεν
939 4897 995 4956 δὲ
1051 4898 1132 4956 ὅτι
1199 4901 1259 4957 οὗ
1306 4900 1662 4978 γινώσκομεν,
1723 4899 1788 4966 ἤν
1838 4901 1926 4958 καὶ

274 4994 450 5061 ἁπλῆν
505 4992 727 5069 ἄγνοιαν
755 4989 998 5069 λέγουσιν
1043 5005 1059 5021 ⁸
1095 4990 1128 5057 ἡ
1175 4986 1229 5044 δὲ
1263 4990 1400 5048 κατὰ
1442 4987 1692 5068 διάθεσιν,
1737 4988 1825 5046 ὅτε
1869 4992 1928 5046 οὗ

272 5086 626 5161 γινώσκοντες
669 5079 1018 5159 ἇπατώμεθα,
1057 5079 1146 5136 καὶ
1203 5080 1417 5154 οίομεθα
1459 5078 1736 5156 γινώσκειν
1770 5125 1787 5159 ,
1840 5076 1928 5136 καὶ

308 5173 382 5197 ἀἱ
482 5174 498 5196 9
696 5177 718 5188 ο
871 5167 897 5191 ν
1132 5168 1159 5188 η
1297 5167 1317 5206 ’9
1527 5191 1535 5200 .
1756 5169 1778 5188 η
1867 5166 1913 5188 ἢκ

273 5193 390 5231 oues
441 5173 571 5230 αυτὸ
628 5191 786 5227 τουτο
840 5167 1084 5247 οιδαμεν,
1131 5190 1212 5224 οτι
1267 5190 1327 5225 ο.›
1356 5169 1712 5246 γινώσκομον,
1755 5191 1821 5236 ην
1863 5185 1928 5235 οη

273 5265 362 5320 καὶ
415 5260 614 5329 διπλῆν
642 5258 898 5318 καλοῦσιν
943 5256 1184 5338 ἄγνοιαν,
1230 5264 1307 5332 τῷ
1363 5277 1420 5312 τε
1480 5257 1559 5332 μὴ
1621 5256 1872 5334 γινώσκει
1887 5282 1928 5336 ι,

271 5355 360 5410 καὶ
389 5356 467 5429 τῷ
494 5352 577 5428 μὴ
635 5349 918 5427 γινώσκειν
968 5346 1050 5404 ὅτι
1111 5351 1171 5407 οὗ
1225 5345 1475 5425 γινώσκει
1515 5363 1531 5379 ⁶
1568 5346 1706 5405 οὕτω
1762 5348 1850 5404 καὶ
1899 5349 1929 5415 ἦ

271 5444 460 5521 γνῶσίς
505 5439 688 5515 διττὴ,
748 5441 784 5508 ἡ
816 5439 914 5514 μέν
949 5439 1028 5494 ὃτι
1085 5437 1356 5516 γινώσκει,
1426 5434 1542 5492 καθ’
1577 5435 1605 5491 ὅ
1649 5438 1739 5494 καὶ
1780 5461 1927 5515 γνω-

271 5531 428 5598 στική
470 5529 690 5608 λέγεται
721 5543 736 5557 ⁸
794 5529 830 5595 ἡ
860 5524 915 5582 δὲ
957 5524 1038 5582 ὅτι
1095 5523 1348 5599 μανθάνει
1403 5524 1492 5580 καὶ
1534 5522 1749 5604 δέχεται
1779 5532 1926 5603 γνῶ-

271 5642 377 5704 σιν,
427 5620 517 5678 καὶ
575 5617 828 5698 γινώσκει
881 5613 963 5672 ὅτι
1011 5611 1314 5698 ὠφέληται,
1373 5612 1492 5670 καθ’
1527 5613 1555 5669 ὃ
1598 5613 1929 5695 λέγεταικαὶ

2009 4543 2231 4604 tionem
2264 4552 2484 4606 nostra
2506 4545 3195 4626 cognitionis;siquidem
3235 4544 3441 4605 notitia
3465 4553 3669 4606 nostra

2005 4633 2183 4692 etiam
2232 4634 2570 4713 intelligens
2623 4644 2712 4698 est
2759 4655 2794 4696 a
2843 4654 2928 4711 se,
2969 4644 3028 4698 et
3079 4644 3383 4696 externam
3415 4633 3667 4715 suscipit

2005 4718 2405 4800 disciplinam.
2443 4721 2791 4785 Sicutenim
2840 4723 3132 4802 ignoratio
3178 4721 3397 4802 duplex
3436 4728 3674 4792 est,una

2006 4808 2288 4871 nimirum
2323 4813 2694 4890 negativa,ut
2715 4815 2951 4894 quando
2969 4813 3188 4894 aliquid
3216 4831 3333 4874 non
3349 4809 3673 4889 cognosci-

2009 4916 2164 4973 mus,
2189 4900 2416 4962 scimus
2444 4910 2638 4964 autcm
2673 4921 2780 4964 nos
2825 4903 2885 4965 id
2925 4923 3042 4965 non
3100 4920 3485 4984 nosse,quam
3530 4902 3674 4962 sim-

2012 4988 2220 5068 plicem
2243 5000 2454 5052 vocant
2482 4989 3028 5072 ignorantiam;alia
3051 5009 3189 5055 vero
3215 5001 3304 5055 est
3326 4990 3666 5075 habitualis,

2010 5077 2246 5158 quando
2277 5079 2622 5159 ignorantes
2651 5082 3006 5163 decipimur,
3043 5091 3101 5145 et
3129 5094 3402 5164 putamus
3443 5100 3552 5144 nos
3573 5082 3671 5142 in-

2015 5167 2282 5247 telligere
2308 5189 2500 5251 neque
2530 5171 2782 5252 idipsum
2797 5174 3175 5252 agnoscimus
3204 5173 3360 5248 quod
3388 5189 3503 5236 non
3527 5170 3674 5232 scia-

2017 5275 2354 5338 mus;quam
2378 5260 2598 5324 idcirco
2622 5262 2920 5344 duplicem
2935 5262 3326 5343 ignorantiam
3343 5261 3668 5342 appellant,

2013 5364 2147 5434 cum
2188 5349 2344 5427 quod
2381 5349 2633 5428 ignoret,
2669 5363 2791 5413 tum
2825 5354 2980 5433 quod
3039 5354 3295 5434 idipsum
3353 5352 3578 5413 nesciat
3600 5366 3666 5410 se

2013 5431 2308 5513 ignorare:
2341 5446 2426 5502 sic
2471 5441 2647 5502 etiam
2699 5431 2955 5522 cognitio
3003 5431 3368 5524 duplex,una
3421 5438 3669 5520 quidem

2011 5527 2152 5614 quia
2180 5530 2846 5613 cognoscit,aecundum
2875 5534 3036 5614 quod
3063 5547 3422 5612 cognoscens
3455 5527 3668 5609 appel-

2010 5612 2204 5694 latur;
2238 5617 2355 5680 alia
2382 5637 2520 5683 vero
2546 5621 2685 5704 quia
2705 5612 2906 5684 discit
2926 5628 3100 5702 atque
3121 5619 3338 5702 accipit
3364 5617 3654 5694 notitiam,
