  <div class='ocr_page' id='page_1' title='image "/cluster/home/n/w/nwhite01/storage/ocr_20150623/3/hvd.32044029831450/130.png"; bbox 0 0 4042 6206; ppageno 0'>
   <div class='ocr_carea' id='block_1_1' title="bbox 322 322 3696 468">
    <p class='ocr_par' dir='ltr' id='par_1_1' title="bbox 322 322 3696 468">
     <span class='ocr_line' id='line_1_1' title="bbox 322 322 3696 468; baseline -0.001 -28"><span class='ocrx_word' id='word_1_1' title='bbox 322 322 444 440; x_wconf 19' lang='grc'><strong>225.</strong></span> <span class='ocrx_word' id='word_1_2' title='bbox 748 375 856 468; x_wconf 83' lang='lat' dir='ltr'><strong>DE_</strong></span> <span class='ocrx_word' id='word_1_3' title='bbox 891 374 1240 440; x_wconf 86' lang='lat' dir='ltr'><strong>COELESTI</strong></span> <span class='ocrx_word' id='word_1_4' title='bbox 1284 362 1782 453; x_wconf 78' lang='lat' dir='ltr'><strong>HIERARCHIA,</strong></span> <span class='ocrx_word' id='word_1_5' title='bbox 1829 367 1996 436; x_wconf 87' lang='lat' dir='ltr'><strong>CAP.</strong></span> <span class='ocrx_word' id='word_1_6' title='bbox 2041 365 2178 437; x_wconf 83' lang='lat' dir='ltr'><strong>VII.</strong></span> <span class='ocrx_word' id='word_1_7' title='bbox 2228 405 2300 418; x_wconf 90' lang='lat'><em>—</em></span> <span class='ocrx_word' id='word_1_8' title='bbox 2349 363 2736 435; x_wconf 80' lang='lat' dir='ltr'><strong>PARAPHR.</strong></span> <span class='ocrx_word' id='word_1_9' title='bbox 2786 366 3279 434; x_wconf 61' lang='lat' dir='ltr'><strong>PACHYMERIE</strong></span> <span class='ocrx_word' id='word_1_10' title='bbox 3577 365 3696 436; x_wconf 78' lang='grc'><strong>226</strong></span> 
     </span>
    </p>
   </div>
   <div class='ocr_carea' id='block_1_2' title="bbox 316 503 1980 589">
    <p class='ocr_par' dir='ltr' id='par_1_2' title="bbox 316 505 1962 589">
     <span class='ocr_line' id='line_1_2' title="bbox 316 505 1962 589; baseline -0.005 -19"><span class='ocrx_word' id='word_1_11' title='bbox 316 520 413 570; x_wconf 80' lang='grc' dir='ltr'>τοῦ</span> <span class='ocrx_word' id='word_1_12' title='bbox 440 510 646 570; x_wconf 57' lang='lat' dir='ltr'><strong>eludet)</strong></span> <span class='ocrx_word' id='word_1_13' title='bbox 687 512 887 589; x_wconf 72' lang='grc' dir='ltr'>φωτὸς,</span> <span class='ocrx_word' id='word_1_14' title='bbox 950 509 1094 567; x_wconf 67' lang='grc' dir='ltr'>οὕτω</span> <span class='ocrx_word' id='word_1_15' title='bbox 1158 510 1244 566; x_wconf 71' lang='grc' dir='ltr'>ιιαὶ</span> <span class='ocrx_word' id='word_1_16' title='bbox 1300 511 1450 567; x_wconf 79' lang='grc' dir='ltr'>αὗται</span> <span class='ocrx_word' id='word_1_17' title='bbox 1478 510 1608 587; x_wconf 82' lang='grc' dir='ltr'>πρὸς</span> <span class='ocrx_word' id='word_1_18' title='bbox 1637 507 1757 570; x_wconf 82' lang='grc' dir='ltr'>τοὺς</span> <span class='ocrx_word' id='word_1_19' title='bbox 1790 505 1962 572; x_wconf 74' lang='grc' dir='ltr'>ἀξίους</span> 
     </span>
    </p>
   </div>
   <div class='ocr_carea' id='block_1_3' title="bbox 2065 503 3698 589">
    <p class='ocr_par' dir='ltr' id='par_1_3' title="bbox 2065 503 3698 587">
     <span class='ocr_line' id='line_1_3' title="bbox 2065 503 3698 587; baseline 0.002 -21"><span class='ocrx_word' id='word_1_20' title='bbox 2065 504 2633 584; x_wconf 71' lang='lat' dir='ltr'><strong>rontemplationem,</strong></span> <span class='ocrx_word' id='word_1_21' title='bbox 2669 512 2728 566; x_wconf 92' lang='lat' dir='ltr'><strong>et</strong></span> <span class='ocrx_word' id='word_1_22' title='bbox 2755 503 3036 565; x_wconf 79' lang='lat' dir='ltr'><strong>atiectum</strong></span> <span class='ocrx_word' id='word_1_23' title='bbox 3089 504 3172 565; x_wconf 88' lang='lat' dir='ltr'><strong>ita</strong></span> <span class='ocrx_word' id='word_1_24' title='bbox 3225 505 3512 587; x_wconf 84' lang='lat' dir='ltr'><strong>dirigunt,</strong></span> <span class='ocrx_word' id='word_1_25' title='bbox 3545 525 3614 570; x_wconf 84' lang='lat' dir='ltr'><strong>ac</strong></span> <span class='ocrx_word' id='word_1_26' title='bbox 3644 508 3698 570; x_wconf 88' lang='lat' dir='ltr'><strong>si</strong></span> 
     </span>
    </p>
   </div>
   <div class='ocr_carea' id='block_1_4' title="bbox 317 593 1980 680">
    <p class='ocr_par' dir='ltr' id='par_1_4' title="bbox 317 595 1963 680">
     <span class='ocr_line' id='line_1_4' title="bbox 317 595 1963 680; baseline -0.004 -23"><span class='ocrx_word' id='word_1_27' title='bbox 317 598 657 677; x_wconf 81' lang='grc' dir='ltr'>μεταδιδόασι</span> <span class='ocrx_word' id='word_1_28' title='bbox 691 602 788 663; x_wconf 72' lang='grc' dir='ltr'><strong>ἐἰς</strong></span> <span class='ocrx_word' id='word_1_29' title='bbox 819 600 1141 676; x_wconf 77' lang='grc' dir='ltr'>ἐλλάμψεως</span> <span class='ocrx_word' id='word_1_30' title='bbox 1198 599 1433 680; x_wconf 70' lang='grc' dir='ltr'>ἀφθόνως</span> <span class='ocrx_word' id='word_1_31' title='bbox 1487 598 1651 674; x_wconf 73' lang='grc' dir='ltr'>ταύτῃ</span> <span class='ocrx_word' id='word_1_32' title='bbox 1684 599 1772 652; x_wconf 81' lang='grc' dir='ltr'>καὶ</span> <span class='ocrx_word' id='word_1_33' title='bbox 1813 595 1963 664; x_wconf 84' lang='grc' dir='ltr'>πλη-</span> 
     </span>
    </p>
   </div>
   <div class='ocr_carea' id='block_1_5' title="bbox 2065 593 3693 680">
    <p class='ocr_par' dir='ltr' id='par_1_5' title="bbox 2065 593 3693 677">
     <span class='ocr_line' id='line_1_5' title="bbox 2065 593 3693 677; baseline 0.004 -24"><span class='ocrx_word' id='word_1_34' title='bbox 2065 612 2254 656; x_wconf 78' lang='lat' dir='ltr'><strong>mines</strong></span> <span class='ocrx_word' id='word_1_35' title='bbox 2287 602 2490 657; x_wconf 83' lang='lat' dir='ltr'><strong>essent</strong></span> <span class='ocrx_word' id='word_1_36' title='bbox 2533 595 2760 675; x_wconf 76' lang='lat' dir='ltr'><strong>primm,</strong></span> <span class='ocrx_word' id='word_1_37' title='bbox 2813 594 2902 657; x_wconf 91' lang='lat' dir='ltr'><strong>vel</strong></span> <span class='ocrx_word' id='word_1_38' title='bbox 2949 593 3009 654; x_wconf 92' lang='lat' dir='ltr'><strong>in</strong></span> <span class='ocrx_word' id='word_1_39' title='bbox 3071 595 3350 674; x_wconf 71' lang='lat' dir='ltr'><strong>primaevo</strong></span> <span class='ocrx_word' id='word_1_40' title='bbox 3401 615 3468 658; x_wconf 87' lang='lat' dir='ltr'><strong>ac</strong></span> <span class='ocrx_word' id='word_1_41' title='bbox 3501 597 3693 677; x_wconf 89' lang='lat' dir='ltr'><strong>primo</strong></span> 
     </span>
    </p>
   </div>
   <div class='ocr_carea' id='block_1_6' title="bbox 317 683 1980 770">
    <p class='ocr_par' dir='ltr' id='par_1_6' title="bbox 317 684 1964 770">
     <span class='ocr_line' id='line_1_6' title="bbox 317 684 1964 770; baseline -0.004 -23"><span class='ocrx_word' id='word_1_42' title='bbox 317 691 613 770; x_wconf 73' lang='grc' dir='ltr'>ρεστάτως.</span> <span class='ocrx_word' id='word_1_43' title='bbox 649 688 811 757; x_wconf 80' lang='grc' dir='ltr'>’¹Ηδη</span> <span class='ocrx_word' id='word_1_44' title='bbox 871 691 1000 770; x_wconf 73' lang='grc' dir='ltr'><strong>φησί</strong></span> <span class='ocrx_word' id='word_1_45' title='bbox 1054 691 1144 770; x_wconf 65' lang='grc' dir='ltr'>διαὶ</span> <span class='ocrx_word' id='word_1_46' title='bbox 1200 694 1306 754; x_wconf 74' lang='grc' dir='ltr'>τῶς</span> <span class='ocrx_word' id='word_1_47' title='bbox 1363 686 1608 765; x_wconf 80' lang='grc' dir='ltr'>λέγονται</span> <span class='ocrx_word' id='word_1_48' title='bbox 1645 684 1964 761; x_wconf 76' lang='grc' dir='ltr'>τετελεσμέο</span> 
     </span>
    </p>
   </div>
   <div class='ocr_carea' id='block_1_7' title="bbox 2065 683 3692 770">
    <p class='ocr_par' dir='ltr' id='par_1_7' title="bbox 2065 683 3692 765">
     <span class='ocr_line' id='line_1_7' title="bbox 2065 683 3692 765; baseline 0.004 -22"><span class='ocrx_word' id='word_1_49' title='bbox 2065 684 2214 763; x_wconf 74' lang='grc' dir='ltr'>ιιιεεί</span> <span class='ocrx_word' id='word_1_50' title='bbox 2249 684 2566 764; x_wconf 89' lang='lat' dir='ltr'><strong>ordinato;</strong></span> <span class='ocrx_word' id='word_1_51' title='bbox 2601 684 2808 765; x_wconf 70' lang='lat' dir='ltr'><strong>primae</strong></span> <span class='ocrx_word' id='word_1_52' title='bbox 2838 683 2998 746; x_wconf 90' lang='lat' dir='ltr'><strong>enim</strong></span> <span class='ocrx_word' id='word_1_53' title='bbox 3027 684 3171 764; x_wconf 65' lang='lat' dir='ltr'><strong>ipsa:</strong></span> <span class='ocrx_word' id='word_1_54' title='bbox 3202 684 3490 748; x_wconf 61' lang='lat' dir='ltr'><strong>ordinata;</strong></span> <span class='ocrx_word' id='word_1_55' title='bbox 3531 697 3692 750; x_wconf 89' lang='lat' dir='ltr'><strong>sunt.</strong></span> 
     </span>
    </p>
   </div>
   <div class='ocr_carea' id='block_1_8' title="bbox 318 769 1980 854">
    <p class='ocr_par' dir='ltr' id='par_1_8' title="bbox 318 769 1964 854">
     <span class='ocr_line' id='line_1_8' title="bbox 318 769 1964 854; baseline -0.001 -20"><span class='ocrx_word' id='word_1_56' title='bbox 318 769 404 836; x_wconf 84' lang='grc' dir='ltr'><strong>ναι</strong></span> <span class='ocrx_word' id='word_1_57' title='bbox 460 781 512 836; x_wconf 80' lang='grc' dir='ltr'><strong>αἰ</strong></span> <span class='ocrx_word' id='word_1_58' title='bbox 567 780 709 836; x_wconf 67' lang='grc' dir='ltr'>θεῖαι</span> <span class='ocrx_word' id='word_1_59' title='bbox 740 769 1010 854; x_wconf 77' lang='grc' dir='ltr'>δυνάμεις,</span> <span class='ocrx_word' id='word_1_60' title='bbox 1077 769 1228 835; x_wconf 67' lang='grc' dir='ltr'>Ἐπεὶ</span> <span class='ocrx_word' id='word_1_61' title='bbox 1279 777 1449 835; x_wconf 80' lang='grc' dir='ltr'><strong>τοίνυν</strong></span> <span class='ocrx_word' id='word_1_62' title='bbox 1480 779 1644 852; x_wconf 77' lang='grc' dir='ltr'>ἡμεῖς</span> <span class='ocrx_word' id='word_1_63' title='bbox 1673 774 1964 836; x_wconf 75' lang='grc' dir='ltr'>τελούμεθα</span> 
     </span>
    </p>
   </div>
   <div class='ocr_carea' id='block_1_9' title="bbox 2065 769 3698 854">
    <p class='ocr_par' dir='ltr' id='par_1_9' title="bbox 2065 771 3698 846">
     <span class='ocr_line' id='line_1_9' title="bbox 2065 771 3698 846; baseline 0.004 -13"><span class='ocrx_word' id='word_1_64' title='bbox 2065 771 2343 835; x_wconf 78' lang='lat' dir='ltr'><strong>Similiter</strong></span> <span class='ocrx_word' id='word_1_65' title='bbox 2373 774 2612 846; x_wconf 82' lang='lat' dir='ltr'><strong>iterum,</strong></span> <span class='ocrx_word' id='word_1_66' title='bbox 2645 773 2821 834; x_wconf 89' lang='lat' dir='ltr'><strong>etiam</strong></span> <span class='ocrx_word' id='word_1_67' title='bbox 2857 791 3071 834; x_wconf 89' lang='lat' dir='ltr'><strong>munus</strong></span> <span class='ocrx_word' id='word_1_68' title='bbox 3103 774 3529 838; x_wconf 78' lang='lat' dir='ltr'><strong>tranfundendi</strong></span> <span class='ocrx_word' id='word_1_69' title='bbox 3562 777 3698 840; x_wconf 89' lang='lat' dir='ltr'><strong>illu-</strong></span> 
     </span>
    </p>
   </div>
   <div class='ocr_carea' id='block_1_10' title="bbox 316 861 1980 942">
    <p class='ocr_par' dir='ltr' id='par_1_10' title="bbox 316 863 1963 942">
     <span class='ocr_line' id='line_1_10' title="bbox 316 863 1963 942; baseline -0.004 -16"><span class='ocrx_word' id='word_1_70' title='bbox 316 868 404 926; x_wconf 77' lang='grc' dir='ltr'><strong>διὰ</strong></span> <span class='ocrx_word' id='word_1_71' title='bbox 432 877 532 938; x_wconf 79' lang='grc' dir='ltr'>τῆς</span> <span class='ocrx_word' id='word_1_72' title='bbox 561 867 886 934; x_wconf 75' lang='grc' dir='ltr'>ἆναλῦτιχῆς</span> <span class='ocrx_word' id='word_1_73' title='bbox 932 867 1261 942; x_wconf 71' lang='grc' dir='ltr'>ἑπιστήμῆς,</span> <span class='ocrx_word' id='word_1_74' title='bbox 1310 867 1407 934; x_wconf 71' lang='grc' dir='ltr'>τῆς</span> <span class='ocrx_word' id='word_1_75' title='bbox 1463 865 1830 933; x_wconf 68' lang='grc' dir='ltr'>ἑξαπλωτιιῆς</span> <span class='ocrx_word' id='word_1_76' title='bbox 1860 863 1963 932; x_wconf 85' lang='grc' dir='ltr'>δη-</span> 
     </span>
    </p>
   </div>
   <div class='ocr_carea' id='block_1_11' title="bbox 2065 861 3697 942">
    <p class='ocr_par' dir='ltr' id='par_1_11' title="bbox 2065 861 3697 933">
     <span class='ocr_line' id='line_1_11' title="bbox 2065 861 3697 933; baseline 0.004 -11"><span class='ocrx_word' id='word_1_77' title='bbox 2065 862 2398 924; x_wconf 74' lang='lat' dir='ltr'><strong>strationem</strong></span> <span class='ocrx_word' id='word_1_78' title='bbox 2430 861 2492 925; x_wconf 92' lang='lat' dir='ltr'><strong>in</strong></span> <span class='ocrx_word' id='word_1_79' title='bbox 2527 862 2867 933; x_wconf 81' lang='lat' dir='ltr'><strong>inferiores,</strong></span> <span class='ocrx_word' id='word_1_80' title='bbox 2917 870 2978 924; x_wconf 90' lang='lat' dir='ltr'><strong>et</strong></span> <span class='ocrx_word' id='word_1_81' title='bbox 3028 868 3086 923; x_wconf 90' lang='lat' dir='ltr'><strong>in</strong></span> <span class='ocrx_word' id='word_1_82' title='bbox 3137 864 3410 926; x_wconf 84' lang='lat' dir='ltr'><strong>homines</strong></span> <span class='ocrx_word' id='word_1_83' title='bbox 3447 865 3697 929; x_wconf 88' lang='lat' dir='ltr'><strong>minime</strong></span> 
     </span>
    </p>
   </div>
   <div class='ocr_carea' id='block_1_12' title="bbox 313 957 1967 1035">
    <p class='ocr_par' dir='ltr' id='par_1_12' title="bbox 313 957 1967 1035">
     <span class='ocr_line' id='line_1_12' title="bbox 313 957 1967 1035; baseline -0.002 -21"><span class='ocrx_word' id='word_1_84' title='bbox 313 957 496 1016; x_wconf 80' lang='grc' dir='ltr'>λονότι</span> <span class='ocrx_word' id='word_1_85' title='bbox 549 961 640 1015; x_wconf 78' lang='grc' dir='ltr'>καὶ</span> <span class='ocrx_word' id='word_1_86' title='bbox 710 957 1039 1035; x_wconf 73' lang='grc' dir='ltr'>ἐξηγητικῆς</span> <span class='ocrx_word' id='word_1_87' title='bbox 1097 958 1186 1013; x_wconf 83' lang='grc' dir='ltr'><strong>καὶ</strong></span> <span class='ocrx_word' id='word_1_88' title='bbox 1241 957 1611 1033; x_wconf 77' lang='grc' dir='ltr'>ἀναγωγικῆς,</span> <span class='ocrx_word' id='word_1_89' title='bbox 1671 959 1768 1022; x_wconf 79' lang='grc' dir='ltr'><strong>τῆς</strong></span> <span class='ocrx_word' id='word_1_90' title='bbox 1826 958 1967 1034; x_wconf 82' lang='grc' dir='ltr'>ἱερᾶς</span> 
     </span>
    </p>
   </div>
   <div class='ocr_carea' id='block_1_13' title="bbox 313 1043 1967 1121">
    <p class='ocr_par' dir='ltr' id='par_1_13' title="bbox 313 1043 1967 1121">
     <span class='ocr_line' id='line_1_13' title="bbox 313 1043 1967 1121; baseline -0.002 -17"><span class='ocrx_word' id='word_1_91' title='bbox 313 1047 584 1113; x_wconf 81' lang='grc' dir='ltr'>ποικιλίας</span> <span class='ocrx_word' id='word_1_92' title='bbox 649 1053 748 1113; x_wconf 80' lang='grc' dir='ltr'>τῆς</span> <span class='ocrx_word' id='word_1_93' title='bbox 804 1049 910 1102; x_wconf 79' lang='grc' dir='ltr'>τῶν</span> <span class='ocrx_word' id='word_1_94' title='bbox 970 1043 1307 1121; x_wconf 70' lang='grc' dir='ltr'>σῡμῦολικῶν</span> <span class='ocrx_word' id='word_1_95' title='bbox 1380 1043 1627 1111; x_wconf 84' lang='grc' dir='ltr'>δηλονότι</span> <span class='ocrx_word' id='word_1_96' title='bbox 1687 1046 1967 1118; x_wconf 78' lang='grc' dir='ltr'><strong>θεαμάτων</strong></span> 
     </span>
    </p>
   </div>
   <div class='ocr_carea' id='block_1_14' title="bbox 318 1132 1966 1214">
    <p class='ocr_par' dir='ltr' id='par_1_14' title="bbox 318 1132 1966 1214">
     <span class='ocr_line' id='line_1_14' title="bbox 318 1132 1966 1214; baseline -0.002 -22"><span class='ocrx_word' id='word_1_97' title='bbox 318 1140 597 1212; x_wconf 78' lang='grc' dir='ltr'><strong>μυήσεως,</strong></span> <span class='ocrx_word' id='word_1_98' title='bbox 665 1137 718 1192; x_wconf 81' lang='grc' dir='ltr'><strong>αἰ</strong></span> <span class='ocrx_word' id='word_1_99' title='bbox 779 1139 918 1192; x_wconf 74' lang='grc' dir='ltr'>θεῖαι</span> <span class='ocrx_word' id='word_1_100' title='bbox 978 1133 1222 1208; x_wconf 77' lang='grc' dir='ltr'>δυνάμεις</span> <span class='ocrx_word' id='word_1_101' title='bbox 1281 1137 1384 1214; x_wconf 63' lang='grc' dir='ltr'>οὑχ</span> <span class='ocrx_word' id='word_1_102' title='bbox 1443 1133 1606 1195; x_wconf 59' lang='grc' dir='ltr'>οὕτως</span> <span class='ocrx_word' id='word_1_103' title='bbox 1670 1132 1966 1212; x_wconf 76' lang='grc' dir='ltr'>τελοῦνται,</span> 
     </span>
    </p>
   </div>
   <div class='ocr_carea' id='block_1_15' title="bbox 317 1222 1969 1303">
    <p class='ocr_par' dir='ltr' id='par_1_15' title="bbox 317 1222 1969 1303">
     <span class='ocr_line' id='line_1_15' title="bbox 317 1222 1969 1303; baseline -0.001 -21"><span class='ocrx_word' id='word_1_104' title='bbox 317 1224 443 1282; x_wconf 79' lang='grc' dir='ltr'>ἀλλ’</span> <span class='ocrx_word' id='word_1_105' title='bbox 475 1228 548 1291; x_wconf 85' lang='grc' dir='ltr'>ὡς</span> <span class='ocrx_word' id='word_1_106' title='bbox 582 1225 1058 1303; x_wconf 81' lang='grc' dir='ltr'>ὰποπληρούμεναι</span> <span class='ocrx_word' id='word_1_107' title='bbox 1096 1231 1194 1292; x_wconf 78' lang='grc' dir='ltr'>τῆς</span> <span class='ocrx_word' id='word_1_108' title='bbox 1244 1225 1460 1298; x_wconf 77' lang='grc' dir='ltr'><strong>πρώτης</strong></span> <span class='ocrx_word' id='word_1_109' title='bbox 1507 1225 1594 1279; x_wconf 78' lang='grc' dir='ltr'><strong>καὶ</strong></span> <span class='ocrx_word' id='word_1_110' title='bbox 1624 1223 1684 1279; x_wconf 69' lang='grc' dir='ltr'>οὗ</span> <span class='ocrx_word' id='word_1_111' title='bbox 1742 1228 1838 1290; x_wconf 76' lang='grc' dir='ltr'>τῆς</span> <span class='ocrx_word' id='word_1_112' title='bbox 1887 1222 1969 1281; x_wconf 72' lang='grc' dir='ltr'><strong>διὰ</strong></span> 
     </span>
    </p>
   </div>
   <div class='ocr_carea' id='block_1_16' title="bbox 317 1314 1969 1394">
    <p class='ocr_par' dir='ltr' id='par_1_16' title="bbox 317 1314 1969 1394">
     <span class='ocr_line' id='line_1_16' title="bbox 317 1314 1969 1394; baseline -0.001 -22"><span class='ocrx_word' id='word_1_113' title='bbox 317 1317 502 1392; x_wconf 78' lang='grc' dir='ltr'>μέσων</span> <span class='ocrx_word' id='word_1_114' title='bbox 563 1314 846 1391; x_wconf 80' lang='grc' dir='ltr'>συμϐόλων</span> <span class='ocrx_word' id='word_1_115' title='bbox 915 1315 1285 1394; x_wconf 71' lang='grc' dir='ltr'><strong>ὑπερεχούσης</strong></span> <span class='ocrx_word' id='word_1_116' title='bbox 1355 1315 1595 1379; x_wconf 81' lang='grc' dir='ltr'>θεώσεως</span> <span class='ocrx_word' id='word_1_117' title='bbox 1666 1315 1804 1369; x_wconf 77' lang='grc' dir='ltr'>κατὰ</span> <span class='ocrx_word' id='word_1_118' title='bbox 1872 1315 1969 1381; x_wconf 75' lang='grc' dir='ltr'>τὴν</span> 
     </span>
    </p>
   </div>
   <div class='ocr_carea' id='block_1_17' title="bbox 318 1401 1970 1484">
    <p class='ocr_par' dir='ltr' id='par_1_17' title="bbox 318 1401 1970 1484">
     <span class='ocr_line' id='line_1_17' title="bbox 318 1401 1970 1484; baseline -0.001 -23"><span class='ocrx_word' id='word_1_119' title='bbox 318 1407 626 1484; x_wconf 77' lang='grc' dir='ltr'>ὑπερτάτην</span> <span class='ocrx_word' id='word_1_120' title='bbox 684 1407 792 1462; x_wconf 79' lang='grc' dir='ltr'>τὼν</span> <span class='ocrx_word' id='word_1_121' title='bbox 849 1405 1019 1484; x_wconf 80' lang='grc' dir='ltr'>ἔργων</span> <span class='ocrx_word' id='word_1_122' title='bbox 1078 1410 1172 1460; x_wconf 79' lang='grc' dir='ltr'><strong>τοῦ</strong></span> <span class='ocrx_word' id='word_1_123' title='bbox 1229 1406 1360 1460; x_wconf 78' lang='grc' dir='ltr'>Θεοῦ</span> <span class='ocrx_word' id='word_1_124' title='bbox 1414 1403 1744 1483; x_wconf 68' lang='grc' dir='ltr'>ἐπιστήμην,</span> <span class='ocrx_word' id='word_1_125' title='bbox 1779 1403 1838 1459; x_wconf 80' lang='grc' dir='ltr'><strong>ὅν</strong></span> <span class='ocrx_word' id='word_1_126' title='bbox 1870 1401 1970 1471; x_wconf 71' lang='grc' dir='ltr'><strong>δὴ·</strong></span> 
     </span>
    </p>
   </div>
   <div class='ocr_carea' id='block_1_18' title="bbox 317 1493 1975 1574">
    <p class='ocr_par' dir='ltr' id='par_1_18' title="bbox 317 1493 1975 1574">
     <span class='ocr_line' id='line_1_18' title="bbox 317 1493 1975 1574; baseline -0.001 -24"><span class='ocrx_word' id='word_1_127' title='bbox 317 1498 406 1551; x_wconf 78' lang='grc' dir='ltr'>καὶ</span> <span class='ocrx_word' id='word_1_128' title='bbox 466 1502 607 1552; x_wconf 84' lang='grc' dir='ltr'>πᾶσα</span> <span class='ocrx_word' id='word_1_129' title='bbox 666 1495 912 1574; x_wconf 82' lang='grc' dir='ltr'>ἰεραρχία</span> <span class='ocrx_word' id='word_1_130' title='bbox 970 1495 1312 1572; x_wconf 77' lang='grc' dir='ltr'>καθηγεμόνα</span> <span class='ocrx_word' id='word_1_131' title='bbox 1372 1493 1466 1560; x_wconf 73' lang='grc' dir='ltr'><strong>τῆς</strong></span> <span class='ocrx_word' id='word_1_132' title='bbox 1526 1493 1829 1569; x_wconf 72' lang='grc' dir='ltr'>ἐπιστήμης</span> <span class='ocrx_word' id='word_1_133' title='bbox 1888 1495 1975 1549; x_wconf 78' lang='grc' dir='ltr'><strong>καὶ</strong></span> 
     </span>
    </p>
   </div>
   <div class='ocr_carea' id='block_1_19' title="bbox 316 1581 1973 1664">
    <p class='ocr_par' dir='ltr' id='par_1_19' title="bbox 316 1581 1973 1664">
     <span class='ocr_line' id='line_1_19' title="bbox 316 1581 1973 1664; baseline -0.002 -23"><span class='ocrx_word' id='word_1_134' title='bbox 316 1591 419 1652; x_wconf 69' lang='grc' dir='ltr'>τῆς</span> <span class='ocrx_word' id='word_1_135' title='bbox 454 1585 715 1664; x_wconf 72' lang='grc' dir='ltr'>ἐνεργείας</span> <span class='ocrx_word' id='word_1_136' title='bbox 762 1584 902 1664; x_wconf 72' lang='grc' dir='ltr'>ἔχει,</span> <span class='ocrx_word' id='word_1_137' title='bbox 942 1590 1101 1640; x_wconf 71' lang='lat' dir='ltr'><strong>[lum</strong></span> <span class='ocrx_word' id='word_1_138' title='bbox 1148 1582 1204 1638; x_wconf 76' lang='grc' dir='ltr'><strong>δὲ</strong></span> <span class='ocrx_word' id='word_1_139' title='bbox 1263 1585 1391 1639; x_wconf 88' lang='grc' dir='ltr'>εἰσιν</span> <span class='ocrx_word' id='word_1_140' title='bbox 1451 1584 1501 1638; x_wconf 74' lang='grc' dir='ltr'>αἱ</span> <span class='ocrx_word' id='word_1_141' title='bbox 1557 1586 1699 1638; x_wconf 76' lang='grc' dir='ltr'>θεῖαι</span> <span class='ocrx_word' id='word_1_142' title='bbox 1743 1581 1973 1648; x_wconf 65' lang='grc' dir='ltr'>ἐπιστη-</span> 
     </span>
    </p>
   </div>
   <div class='ocr_carea' id='block_1_20' title="bbox 319 1672 1976 1753">
    <p class='ocr_par' dir='ltr' id='par_1_20' title="bbox 319 1672 1976 1753">
     <span class='ocr_line' id='line_1_20' title="bbox 319 1672 1976 1753; baseline -0.003 -22"><span class='ocrx_word' id='word_1_143' title='bbox 319 1699 448 1753; x_wconf 85' lang='grc' dir='ltr'>μαι,</span> <span class='ocrx_word' id='word_1_144' title='bbox 512 1677 598 1732; x_wconf 71' lang='grc' dir='ltr'>ιιαί</span> <span class='ocrx_word' id='word_1_145' title='bbox 659 1679 709 1730; x_wconf 82' lang='grc' dir='ltr'>αἱ</span> <span class='ocrx_word' id='word_1_146' title='bbox 764 1674 1071 1752; x_wconf 71' lang='grc' dir='ltr'>θεουργίαις</span> <span class='ocrx_word' id='word_1_147' title='bbox 1139 1675 1201 1729; x_wconf 80' lang='grc' dir='ltr'>τὸ</span> <span class='ocrx_word' id='word_1_148' title='bbox 1257 1673 1541 1750; x_wconf 80' lang='grc' dir='ltr'>καθαίρειν,</span> <span class='ocrx_word' id='word_1_149' title='bbox 1596 1674 1657 1728; x_wconf 70' lang='grc' dir='ltr'>τὸ</span> <span class='ocrx_word' id='word_1_150' title='bbox 1709 1672 1976 1752; x_wconf 74' lang='grc' dir='ltr'>φωτίζειν,</span> 
     </span>
    </p>
   </div>
   <div class='ocr_carea' id='block_1_21' title="bbox 316 1760 1978 1843">
    <p class='ocr_par' dir='ltr' id='par_1_21' title="bbox 316 1760 1978 1843">
     <span class='ocr_line' id='line_1_21' title="bbox 316 1760 1978 1843; baseline -0.003 -22"><span class='ocrx_word' id='word_1_151' title='bbox 316 1768 381 1820; x_wconf 82' lang='grc' dir='ltr'>τὸ</span> <span class='ocrx_word' id='word_1_152' title='bbox 439 1763 641 1843; x_wconf 87' lang='grc' dir='ltr'>τελεῐν,</span> <span class='ocrx_word' id='word_1_153' title='bbox 675 1767 748 1828; x_wconf 83' lang='grc' dir='ltr'>ὡς</span> <span class='ocrx_word' id='word_1_154' title='bbox 778 1764 842 1818; x_wconf 79' lang='grc' dir='ltr'>ἂν</span> <span class='ocrx_word' id='word_1_155' title='bbox 869 1763 1126 1842; x_wconf 65' lang='grc' dir='ltr'>ἀγγέλοις</span> <span class='ocrx_word' id='word_1_156' title='bbox 1157 1760 1214 1818; x_wconf 79' lang='grc' dir='ltr'>δὲ</span> <span class='ocrx_word' id='word_1_157' title='bbox 1245 1763 1425 1836; x_wconf 83' lang='grc' dir='ltr'>εἶπεν,</span> <span class='ocrx_word' id='word_1_158' title='bbox 1468 1760 1653 1828; x_wconf 79' lang='grc' dir='ltr'>ἐπειδὴ</span> <span class='ocrx_word' id='word_1_159' title='bbox 1719 1764 1768 1817; x_wconf 81' lang='grc' dir='ltr'>αἱ</span> <span class='ocrx_word' id='word_1_160' title='bbox 1804 1764 1978 1818; x_wconf 75' lang='grc' dir='ltr'>τοιαῦ·</span> 
     </span>
    </p>
   </div>
   <div class='ocr_carea' id='block_1_22' title="bbox 316 1841 1974 1932">
    <p class='ocr_par' dir='ltr' id='par_1_22' title="bbox 316 1841 1974 1932">
     <span class='ocr_line' id='line_1_22' title="bbox 316 1841 1974 1932; baseline -0.003 -21"><span class='ocrx_word' id='word_1_161' title='bbox 316 1877 405 1911; x_wconf 89' lang='grc' dir='ltr'><strong>ται</strong></span> <span class='ocrx_word' id='word_1_162' title='bbox 434 1855 695 1932; x_wconf 82' lang='grc' dir='ltr'>θεουργίαι</span> <span class='ocrx_word' id='word_1_163' title='bbox 722 1855 810 1910; x_wconf 83' lang='grc' dir='ltr'>καὶ</span> <span class='ocrx_word' id='word_1_164' title='bbox 842 1853 897 1909; x_wconf 71' lang='grc' dir='ltr'>ἓν</span> <span class='ocrx_word' id='word_1_165' title='bbox 927 1853 1222 1931; x_wconf 78' lang='grc' dir='ltr'>ἀνθρώποις</span> <span class='ocrx_word' id='word_1_166' title='bbox 1252 1853 1510 1930; x_wconf 55' lang='grc' dir='ltr'>γίνονται,</span> <span class='ocrx_word' id='word_1_167' title='bbox 1544 1850 1685 1907; x_wconf 81' lang='grc' dir='ltr'>ἀλλὰ</span> <span class='ocrx_word' id='word_1_168' title='bbox 1735 1841 1806 1906; x_wconf 62' lang='grc' dir='ltr'>δι’</span> <span class='ocrx_word' id='word_1_169' title='bbox 1855 1850 1974 1906; x_wconf 79' lang='grc' dir='ltr'><strong>ἑτέ-</strong></span> 
     </span>
    </p>
   </div>
   <div class='ocr_carea' id='block_1_23' title="bbox 318 1939 1974 2022">
    <p class='ocr_par' dir='ltr' id='par_1_23' title="bbox 318 1939 1974 2022">
     <span class='ocr_line' id='line_1_23' title="bbox 318 1939 1974 2022; baseline -0.004 -23"><span class='ocrx_word' id='word_1_170' title='bbox 318 1967 415 2022; x_wconf 88' lang='grc' dir='ltr'><strong>ρας</strong></span> <span class='ocrx_word' id='word_1_171' title='bbox 445 1944 748 2017; x_wconf 62' lang='grc' dir='ltr'>ὲπιστήμῃ</span> <span class='ocrx_word' id='word_1_172' title='bbox 806 1945 835 1998; x_wconf 82' lang='grc' dir='ltr'>ὁ</span> <span class='ocrx_word' id='word_1_173' title='bbox 889 1943 1160 2020; x_wconf 70' lang='grc' dir='ltr'>φωτισμὸς</span> <span class='ocrx_word' id='word_1_174' title='bbox 1193 1939 1388 1997; x_wconf 83' lang='grc' dir='ltr'>δίδοται</span> <span class='ocrx_word' id='word_1_175' title='bbox 1418 1942 1622 2002; x_wconf 83' lang='grc' dir='ltr'>τούτοις</span> <span class='ocrx_word' id='word_1_176' title='bbox 1655 1941 1744 1999; x_wconf 81' lang='grc' dir='ltr'>καὶ</span> <span class='ocrx_word' id='word_1_177' title='bbox 1796 1941 1829 2007; x_wconf 80' lang='grc' dir='ltr'>ἡ</span> <span class='ocrx_word' id='word_1_178' title='bbox 1882 1963 1974 1996; x_wconf 80' lang='grc' dir='ltr'>τε-</span> 
     </span>
    </p>
   </div>
   <div class='ocr_carea' id='block_1_24' title="bbox 320 2027 1978 2108">
    <p class='ocr_par' dir='ltr' id='par_1_24' title="bbox 320 2027 1978 2108">
     <span class='ocr_line' id='line_1_24' title="bbox 320 2027 1978 2108; baseline -0.002 -19"><span class='ocrx_word' id='word_1_179' title='bbox 320 2034 562 2098; x_wconf 77' lang='grc' dir='ltr'>λείωσις.</span> <span class='ocrx_word' id='word_1_180' title='bbox 598 2036 758 2090; x_wconf 75' lang='grc' dir='ltr'>Αὗται</span> <span class='ocrx_word' id='word_1_181' title='bbox 804 2032 857 2088; x_wconf 80' lang='grc' dir='ltr'><strong>δὲ</strong></span> <span class='ocrx_word' id='word_1_182' title='bbox 891 2035 943 2087; x_wconf 81' lang='grc' dir='ltr'>αἱ</span> <span class='ocrx_word' id='word_1_183' title='bbox 973 2028 1390 2108; x_wconf 75' lang='grc' dir='ltr'>ὑπερϐεϐηκυῖαι</span> <span class='ocrx_word' id='word_1_184' title='bbox 1422 2030 1673 2105; x_wconf 79' lang='grc' dir='ltr'>δυνάμεις</span> <span class='ocrx_word' id='word_1_185' title='bbox 1705 2035 1764 2088; x_wconf 80' lang='grc' dir='ltr'>οὐ</span> <span class='ocrx_word' id='word_1_186' title='bbox 1795 2027 1860 2085; x_wconf 80' lang='grc' dir='ltr'>δι’</span> <span class='ocrx_word' id='word_1_187' title='bbox 1888 2027 1978 2086; x_wconf 67' lang='grc' dir='ltr'>ἅλ’</span> 
     </span>
    </p>
   </div>
   <div class='ocr_carea' id='block_1_25' title="bbox 320 2119 1978 2201">
    <p class='ocr_par' dir='ltr' id='par_1_25' title="bbox 320 2119 1978 2201">
     <span class='ocr_line' id='line_1_25' title="bbox 320 2119 1978 2201; baseline -0.003 -22"><span class='ocrx_word' id='word_1_188' title='bbox 320 2123 432 2179; x_wconf 84' lang='grc' dir='ltr'><strong>λων</strong></span> <span class='ocrx_word' id='word_1_189' title='bbox 489 2124 652 2201; x_wconf 79' lang='grc' dir='ltr'>ἁγίων</span> <span class='ocrx_word' id='word_1_190' title='bbox 705 2127 918 2196; x_wconf 69' lang='grc' dir='ltr'>οὐσιῶν,</span> <span class='ocrx_word' id='word_1_191' title='bbox 975 2120 1113 2176; x_wconf 74' lang='grc' dir='ltr'>ἀλλὰ</span> <span class='ocrx_word' id='word_1_192' title='bbox 1177 2119 1297 2197; x_wconf 80' lang='grc' dir='ltr'>παρ’</span> <span class='ocrx_word' id='word_1_193' title='bbox 1356 2122 1521 2186; x_wconf 71' lang='grc' dir='ltr'>αὒτῆς</span> <span class='ocrx_word' id='word_1_194' title='bbox 1579 2125 1674 2186; x_wconf 76' lang='grc' dir='ltr'>τῆς</span> <span class='ocrx_word' id='word_1_195' title='bbox 1730 2121 1978 2198; x_wconf 76' lang='grc' dir='ltr'>θεαρχίας</span> 
     </span>
    </p>
   </div>
   <div class='ocr_carea' id='block_1_26' title="bbox 323 2209 1974 2290">
    <p class='ocr_par' dir='ltr' id='par_1_26' title="bbox 323 2209 1974 2290">
     <span class='ocr_line' id='line_1_26' title="bbox 323 2209 1974 2290; baseline -0.002 -23"><span class='ocrx_word' id='word_1_196' title='bbox 323 2212 800 2290; x_wconf 71' lang='grc' dir='ltr'>μυσταγωγοῦνται</span> <span class='ocrx_word' id='word_1_197' title='bbox 857 2211 910 2266; x_wconf 80' lang='grc' dir='ltr'>ἐν</span> <span class='ocrx_word' id='word_1_198' title='bbox 964 2218 1041 2284; x_wconf 77' lang='grc' dir='ltr'>τῷ</span> <span class='ocrx_word' id='word_1_199' title='bbox 1099 2209 1189 2265; x_wconf 72' lang='grc' dir='ltr'><strong>ἐπ’</strong></span> <span class='ocrx_word' id='word_1_200' title='bbox 1233 2210 1399 2274; x_wconf 43' lang='lat' dir='ltr'><strong>aiat-rp)</strong></span> <span class='ocrx_word' id='word_1_201' title='bbox 1460 2209 1670 2283; x_wconf 83' lang='grc' dir='ltr'>ἂμὲσως</span> <span class='ocrx_word' id='word_1_202' title='bbox 1703 2209 1974 2264; x_wconf 78' lang='grc' dir='ltr'>ἀνατείνε-</span> 
     </span>
    </p>
   </div>
   <div class='ocr_carea' id='block_1_27' title="bbox 327 2297 1973 2378">
    <p class='ocr_par' dir='ltr' id='par_1_27' title="bbox 327 2297 1973 2378">
     <span class='ocr_line' id='line_1_27' title="bbox 327 2297 1973 2378; baseline -0.002 -19"><span class='ocrx_word' id='word_1_203' title='bbox 327 2307 447 2359; x_wconf 87' lang='grc' dir='ltr'>σθαι</span> <span class='ocrx_word' id='word_1_204' title='bbox 478 2303 533 2357; x_wconf 76' lang='grc' dir='ltr'>ἒν</span> <span class='ocrx_word' id='word_1_205' title='bbox 566 2308 633 2378; x_wconf 74' lang='grc' dir='ltr'>τῇ</span> <span class='ocrx_word' id='word_1_206' title='bbox 662 2299 876 2375; x_wconf 64' lang='grc' dir='ltr'>δυνάμει</span> <span class='ocrx_word' id='word_1_207' title='bbox 909 2301 1106 2356; x_wconf 76' lang='grc' dir='ltr'>τούτων</span> <span class='ocrx_word' id='word_1_208' title='bbox 1139 2300 1227 2355; x_wconf 77' lang='grc' dir='ltr'>καὶ</span> <span class='ocrx_word' id='word_1_209' title='bbox 1275 2299 1440 2364; x_wconf 72' lang='grc' dir='ltr'>τάξει·</span> <span class='ocrx_word' id='word_1_210' title='bbox 1497 2297 1611 2355; x_wconf 72' lang='grc' dir='ltr'>οὒδέ</span> <span class='ocrx_word' id='word_1_211' title='bbox 1655 2299 1755 2375; x_wconf 72' lang='grc' dir='ltr'><strong>γὰρ</strong></span> <span class='ocrx_word' id='word_1_212' title='bbox 1785 2298 1844 2353; x_wconf 71' lang='grc' dir='ltr'><strong>ἐκ,</strong></span> <span class='ocrx_word' id='word_1_213' title='bbox 1874 2300 1973 2355; x_wconf 74' lang='grc' dir='ltr'><strong>τά-</strong></span> 
     </span>
    </p>
   </div>
   <div class='ocr_carea' id='block_1_28' title="bbox 326 2387 1974 2470">
    <p class='ocr_par' dir='ltr' id='par_1_28' title="bbox 326 2387 1974 2470">
     <span class='ocr_line' id='line_1_28' title="bbox 326 2387 1974 2470; baseline -0.002 -23"><span class='ocrx_word' id='word_1_214' title='bbox 326 2392 454 2457; x_wconf 80' lang='grc' dir='ltr'>ξεως</span> <span class='ocrx_word' id='word_1_215' title='bbox 486 2394 647 2467; x_wconf 81' lang='grc' dir='ltr'>μόνον</span> <span class='ocrx_word' id='word_1_216' title='bbox 677 2391 863 2470; x_wconf 77' lang='grc' dir='ltr'>ἔχουσι</span> <span class='ocrx_word' id='word_1_217' title='bbox 917 2391 977 2446; x_wconf 77' lang='grc' dir='ltr'>τὸ</span> <span class='ocrx_word' id='word_1_218' title='bbox 1029 2391 1158 2466; x_wconf 80' lang='grc' dir='ltr'>πρὸς</span> <span class='ocrx_word' id='word_1_219' title='bbox 1216 2390 1344 2444; x_wconf 79' lang='grc' dir='ltr'>Θεὸν</span> <span class='ocrx_word' id='word_1_220' title='bbox 1406 2389 1788 2458; x_wconf 76' lang='grc' dir='ltr'>ἀνατείνεσθαι,</span> <span class='ocrx_word' id='word_1_221' title='bbox 1839 2387 1974 2445; x_wconf 70' lang='grc' dir='ltr'>ἀλλὰ</span> 
     </span>
    </p>
   </div>
   <div class='ocr_carea' id='block_1_29' title="bbox 328 2476 1974 2556">
    <p class='ocr_par' dir='ltr' id='par_1_29' title="bbox 328 2476 1974 2556">
     <span class='ocr_line' id='line_1_29' title="bbox 328 2476 1974 2556; baseline -0.001 -20"><span class='ocrx_word' id='word_1_222' title='bbox 328 2485 418 2537; x_wconf 77' lang='grc' dir='ltr'><strong>καὶ</strong></span> <span class='ocrx_word' id='word_1_223' title='bbox 449 2483 505 2538; x_wconf 74' lang='grc' dir='ltr'>ἐν</span> <span class='ocrx_word' id='word_1_224' title='bbox 538 2480 830 2556; x_wconf 65' lang='grc' dir='ltr'>δυνάμεως.</span> <span class='ocrx_word' id='word_1_225' title='bbox 865 2489 1030 2538; x_wconf 78' lang='grc' dir='ltr'>Τοῦτο</span> <span class='ocrx_word' id='word_1_226' title='bbox 1061 2478 1115 2534; x_wconf 74' lang='grc' dir='ltr'>δῖε</span> <span class='ocrx_word' id='word_1_227' title='bbox 1141 2479 1281 2534; x_wconf 80' lang='grc' dir='ltr'>ἐστιν</span> <span class='ocrx_word' id='word_1_228' title='bbox 1325 2476 1456 2556; x_wconf 75' lang='grc' dir='ltr'>ὅπερ</span> <span class='ocrx_word' id='word_1_229' title='bbox 1487 2477 1629 2555; x_wconf 77' lang='grc' dir='ltr'>Λέγει</span> <span class='ocrx_word' id='word_1_230' title='bbox 1660 2480 1748 2534; x_wconf 77' lang='grc' dir='ltr'><strong>καὶ</strong></span> <span class='ocrx_word' id='word_1_231' title='bbox 1778 2481 1802 2534; x_wconf 68' lang='grc' dir='ltr'>ἆ</span> <span class='ocrx_word' id='word_1_232' title='bbox 1837 2486 1974 2534; x_wconf 86' lang='grc' dir='ltr'>Θεο-</span> 
     </span>
    </p>
   </div>
   <div class='ocr_carea' id='block_1_30' title="bbox 328 2567 1976 2650">
    <p class='ocr_par' dir='ltr' id='par_1_30' title="bbox 328 2567 1976 2650">
     <span class='ocr_line' id='line_1_30' title="bbox 328 2567 1976 2650; baseline -0.004 -22"><span class='ocrx_word' id='word_1_233' title='bbox 328 2571 489 2648; x_wconf 85' lang='grc' dir='ltr'>λόγος</span> <span class='ocrx_word' id='word_1_234' title='bbox 524 2571 834 2650; x_wconf 77' lang='grc' dir='ltr'>Γρηγόριος’</span> <span class='ocrx_word' id='word_1_235' title='bbox 879 2572 983 2627; x_wconf 66' lang='grc' dir='ltr'><strong>Οὖι</strong></span> <span class='ocrx_word' id='word_1_236' title='bbox 1037 2568 1163 2625; x_wconf 75' lang='grc' dir='ltr'>οἶδα</span> <span class='ocrx_word' id='word_1_237' title='bbox 1215 2569 1329 2624; x_wconf 70' lang='grc' dir='ltr'>εἴτε</span> <span class='ocrx_word' id='word_1_238' title='bbox 1379 2569 1440 2624; x_wconf 79' lang='grc' dir='ltr'>ἐκ</span> <span class='ocrx_word' id='word_1_239' title='bbox 1471 2568 1564 2642; x_wconf 70' lang='grc' dir='ltr'><strong>τῇς</strong></span> <span class='ocrx_word' id='word_1_240' title='bbox 1597 2567 1976 2646; x_wconf 76' lang='grc' dir='ltr'>λαμπρότητος</span> 
     </span>
    </p>
   </div>
   <div class='ocr_carea' id='block_1_31' title="bbox 328 2657 1970 2741">
    <p class='ocr_par' dir='ltr' id='par_1_31' title="bbox 328 2657 1970 2741">
     <span class='ocr_line' id='line_1_31' title="bbox 328 2657 1970 2741; baseline -0.003 -24"><span class='ocrx_word' id='word_1_241' title='bbox 328 2662 548 2741; x_wconf 75' lang='grc' dir='ltr'>ἔχουσιν</span> <span class='ocrx_word' id='word_1_242' title='bbox 579 2663 675 2728; x_wconf 72' lang='grc' dir='ltr'><strong>τὴν</strong></span> <span class='ocrx_word' id='word_1_243' title='bbox 699 2661 867 2733; x_wconf 78' lang='grc' dir='ltr'>τάξιν,</span> <span class='ocrx_word' id='word_1_244' title='bbox 896 2659 1009 2714; x_wconf 62' lang='grc' dir='ltr'>εἴτε</span> <span class='ocrx_word' id='word_1_245' title='bbox 1033 2659 1092 2713; x_wconf 73' lang='grc' dir='ltr'><strong>ἐκ</strong></span> <span class='ocrx_word' id='word_1_246' title='bbox 1120 2665 1217 2725; x_wconf 76' lang='grc' dir='ltr'>τῆς</span> <span class='ocrx_word' id='word_1_247' title='bbox 1247 2657 1443 2722; x_wconf 68' lang='grc' dir='ltr'>τάξεως</span> <span class='ocrx_word' id='word_1_248' title='bbox 1471 2658 1568 2724; x_wconf 75' lang='grc' dir='ltr'>τὴν</span> <span class='ocrx_word' id='word_1_249' title='bbox 1599 2657 1970 2736; x_wconf 80' lang='grc' dir='ltr'>λαμπρότητα·</span> 
     </span>
    </p>
   </div>
   <div class='ocr_carea' id='block_1_32' title="bbox 326 2746 1974 2829">
    <p class='ocr_par' dir='ltr' id='par_1_32' title="bbox 326 2746 1974 2829">
     <span class='ocr_line' id='line_1_32' title="bbox 326 2746 1974 2829; baseline -0.003 -22"><span class='ocrx_word' id='word_1_250' title='bbox 326 2755 417 2807; x_wconf 79' lang='grc' dir='ltr'><strong>καὶ</strong></span> <span class='ocrx_word' id='word_1_251' title='bbox 451 2752 554 2829; x_wconf 70' lang='grc' dir='ltr'><strong>γὰρ</strong></span> <span class='ocrx_word' id='word_1_252' title='bbox 580 2749 799 2824; x_wconf 83' lang='grc' dir='ltr'>δύναμιν</span> <span class='ocrx_word' id='word_1_253' title='bbox 829 2749 1045 2828; x_wconf 66' lang='grc' dir='ltr'>ἔχουσιν</span> <span class='ocrx_word' id='word_1_254' title='bbox 1098 2749 1484 2826; x_wconf 72' lang='grc' dir='ltr'>ὑπερὲχουσαν,</span> <span class='ocrx_word' id='word_1_255' title='bbox 1519 2748 1606 2802; x_wconf 75' lang='grc' dir='ltr'><strong>καὶ</strong></span> <span class='ocrx_word' id='word_1_256' title='bbox 1637 2746 1778 2811; x_wconf 82' lang='grc' dir='ltr'>τάξιν</span> <span class='ocrx_word' id='word_1_257' title='bbox 1809 2748 1974 2822; x_wconf 69' lang='grc' dir='ltr'>ὑπερι-</span> 
     </span>
    </p>
   </div>
   <div class='ocr_carea' id='block_1_33' title="bbox 325 2835 1976 2908">
    <p class='ocr_par' dir='ltr' id='par_1_33' title="bbox 325 2835 1976 2908">
     <span class='ocr_line' id='line_1_33' title="bbox 325 2835 1976 2908; baseline -0.003 -11"><span class='ocrx_word' id='word_1_258' title='bbox 325 2839 627 2908; x_wconf 75' lang='grc' dir='ltr'>ϐεεηκυταν</span> <span class='ocrx_word' id='word_1_259' title='bbox 657 2841 745 2896; x_wconf 82' lang='grc' dir='ltr'>καὶ</span> <span class='ocrx_word' id='word_1_260' title='bbox 772 2839 1072 2905; x_wconf 78' lang='grc' dir='ltr'>ἀνωτάτην.</span> <span class='ocrx_word' id='word_1_261' title='bbox 1138 2839 1233 2894; x_wconf 81' lang='grc' dir='ltr'>Καί</span> <span class='ocrx_word' id='word_1_262' title='bbox 1289 2836 1374 2892; x_wconf 78' lang='grc' dir='ltr'>διὰ</span> <span class='ocrx_word' id='word_1_263' title='bbox 1430 2846 1608 2908; x_wconf 72' lang='grc' dir='ltr'>τοῦτο,</span> <span class='ocrx_word' id='word_1_264' title='bbox 1655 2837 1727 2898; x_wconf 83' lang='grc' dir='ltr'>ὡς</span> <span class='ocrx_word' id='word_1_265' title='bbox 1762 2835 1857 2893; x_wconf 73' lang='grc' dir='ltr'>μὲν</span> <span class='ocrx_word' id='word_1_266' title='bbox 1885 2835 1976 2892; x_wconf 73' lang='grc' dir='ltr'><strong>δύο</strong></span> 
     </span>
    </p>
   </div>
   <div class='ocr_carea' id='block_1_34' title="bbox 2053 950 3694 1033">
    <p class='ocr_par' dir='ltr' id='par_1_34' title="bbox 2053 950 3694 1033">
     <span class='ocr_line' id='line_1_34' title="bbox 2053 950 3694 1033; baseline 0.003 -20"><span class='ocrx_word' id='word_1_267' title='bbox 2053 971 2187 1013; x_wconf 90' lang='lat' dir='ltr'><strong>cum</strong></span> <span class='ocrx_word' id='word_1_268' title='bbox 2237 952 2456 1014; x_wconf 76' lang='lat' dir='ltr'><strong>invidia</strong></span> <span class='ocrx_word' id='word_1_269' title='bbox 2507 950 3145 1033; x_wconf 88' lang='lat' dir='ltr'><strong>velaliquatenacitate</strong></span> <span class='ocrx_word' id='word_1_270' title='bbox 3168 953 3412 1031; x_wconf 82' lang='lat' dir='ltr'><strong>faciunt,</strong></span> <span class='ocrx_word' id='word_1_271' title='bbox 3436 956 3540 1016; x_wconf 83' lang='lat' dir='ltr'><strong>sed</strong></span> <span class='ocrx_word' id='word_1_272' title='bbox 3564 957 3694 1019; x_wconf 90' lang='lat' dir='ltr'><strong>sine</strong></span> 
     </span>
    </p>
   </div>
   <div class='ocr_carea' id='block_1_35' title="bbox 2052 1040 3694 1124">
    <p class='ocr_par' dir='ltr' id='par_1_35' title="bbox 2052 1040 3694 1124">
     <span class='ocr_line' id='line_1_35' title="bbox 2052 1040 3694 1124; baseline 0.005 -24"><span class='ocrx_word' id='word_1_273' title='bbox 2052 1040 2238 1102; x_wconf 81' lang='lat' dir='ltr'><strong>livore</strong></span> <span class='ocrx_word' id='word_1_274' title='bbox 2266 1049 2324 1102; x_wconf 91' lang='lat' dir='ltr'><strong>et</strong></span> <span class='ocrx_word' id='word_1_275' title='bbox 2352 1040 2845 1110; x_wconf 87' lang='lat' dir='ltr'><strong>luculentissime,</strong></span> <span class='ocrx_word' id='word_1_276' title='bbox 2868 1059 2935 1102; x_wconf 93' lang='lat' dir='ltr'><strong>ac</strong></span> <span class='ocrx_word' id='word_1_277' title='bbox 2957 1040 3006 1102; x_wconf 92' lang='lat' dir='ltr'><strong>si</strong></span> <span class='ocrx_word' id='word_1_278' title='bbox 3036 1060 3242 1102; x_wconf 89' lang='lat' dir='ltr'><strong>omnes</strong></span> <span class='ocrx_word' id='word_1_279' title='bbox 3267 1052 3466 1105; x_wconf 90' lang='lat' dir='ltr'><strong>essent</strong></span> <span class='ocrx_word' id='word_1_280' title='bbox 3491 1047 3694 1124; x_wconf 74' lang='lat' dir='ltr'><strong>primm</strong></span> 
     </span>
    </p>
   </div>
   <div class='ocr_carea' id='block_1_36' title="bbox 2053 1130 3694 1217">
    <p class='ocr_par' dir='ltr' id='par_1_36' title="bbox 2053 1130 3694 1217">
     <span class='ocr_line' id='line_1_36' title="bbox 2053 1130 3694 1217; baseline 0.005 -27"><span class='ocrx_word' id='word_1_281' title='bbox 2053 1149 2187 1209; x_wconf 83' lang='lat' dir='ltr'><strong>quae</strong></span> <span class='ocrx_word' id='word_1_282' title='bbox 2220 1130 2676 1193; x_wconf 86' lang='lat' dir='ltr'><strong>illustrationem</strong></span> <span class='ocrx_word' id='word_1_283' title='bbox 2710 1131 3048 1210; x_wconf 78' lang='lat' dir='ltr'><strong>exeipiunt:</strong></span> <span class='ocrx_word' id='word_1_284' title='bbox 3079 1131 3408 1194; x_wconf 76' lang='lat' dir='ltr'><strong>istiusmodi</strong></span> <span class='ocrx_word' id='word_1_285' title='bbox 3437 1153 3694 1217; x_wconf 84' lang='lat' dir='ltr'><strong>namque</strong></span> 
     </span>
    </p>
   </div>
   <div class='ocr_carea' id='block_1_37' title="bbox 2055 1220 3693 1306">
    <p class='ocr_par' dir='ltr' id='par_1_37' title="bbox 2055 1220 3693 1306">
     <span class='ocr_line' id='line_1_37' title="bbox 2055 1220 3693 1306; baseline 0.005 -26"><span class='ocrx_word' id='word_1_286' title='bbox 2055 1220 2113 1280; x_wconf 91' lang='lat' dir='ltr'><strong>in</strong></span> <span class='ocrx_word' id='word_1_287' title='bbox 2141 1239 2360 1299; x_wconf 77' lang='lat' dir='ltr'><strong>egenos</strong></span> <span class='ocrx_word' id='word_1_288' title='bbox 2413 1231 2472 1283; x_wconf 87' lang='lat' dir='ltr'><strong>et</strong></span> <span class='ocrx_word' id='word_1_289' title='bbox 2530 1221 2742 1298; x_wconf 79' lang='lat' dir='ltr'><strong>dignos</strong></span> <span class='ocrx_word' id='word_1_290' title='bbox 2772 1221 3134 1295; x_wconf 73' lang='lat' dir='ltr'><strong>distributio,</strong></span> <span class='ocrx_word' id='word_1_291' title='bbox 3169 1222 3368 1284; x_wconf 90' lang='lat' dir='ltr'><strong>divina</strong></span> <span class='ocrx_word' id='word_1_292' title='bbox 3397 1227 3693 1306; x_wconf 88' lang='lat' dir='ltr'><strong>quondam</strong></span> 
     </span>
    </p>
   </div>
   <div class='ocr_carea' id='block_1_38' title="bbox 2055 1310 3697 1396">
    <p class='ocr_par' dir='ltr' id='par_1_38' title="bbox 2055 1310 3697 1396">
     <span class='ocr_line' id='line_1_38' title="bbox 2055 1310 3697 1396; baseline 0.006 -27"><span class='ocrx_word' id='word_1_293' title='bbox 2055 1310 2368 1372; x_wconf 81' lang='lat' dir='ltr'><strong>dicebatur</strong></span> <span class='ocrx_word' id='word_1_294' title='bbox 2397 1311 2684 1388; x_wconf 85' lang='lat' dir='ltr'><strong>imitatio;</strong></span> <span class='ocrx_word' id='word_1_295' title='bbox 2711 1317 2791 1372; x_wconf 89' lang='lat' dir='ltr'><strong>uti</strong></span> <span class='ocrx_word' id='word_1_296' title='bbox 2819 1311 3144 1374; x_wconf 77' lang='lat' dir='ltr'><strong>etiamnum</strong></span> <span class='ocrx_word' id='word_1_297' title='bbox 3178 1313 3414 1395; x_wconf 90' lang='lat' dir='ltr'><strong>dicitur,</strong></span> <span class='ocrx_word' id='word_1_298' title='bbox 3429 1315 3585 1396; x_wconf 93' lang='lat' dir='ltr'><strong>quod</strong></span> <span class='ocrx_word' id='word_1_299' title='bbox 3606 1336 3697 1379; x_wconf 85' lang='lat' dir='ltr'><strong>se-</strong></span> 
     </span>
    </p>
   </div>
   <div class='ocr_carea' id='block_1_39' title="bbox 2057 1401 3695 1469">
    <p class='ocr_par' dir='ltr' id='par_1_39' title="bbox 2057 1401 3695 1469">
     <span class='ocr_line' id='line_1_39' title="bbox 2057 1401 3695 1469; baseline 0.005 -9"><span class='ocrx_word' id='word_1_300' title='bbox 2057 1401 2318 1462; x_wconf 91' lang='lat' dir='ltr'><strong>cundum</strong></span> <span class='ocrx_word' id='word_1_301' title='bbox 2350 1401 2462 1462; x_wconf 89' lang='lat' dir='ltr'><strong>hoc</strong></span> <span class='ocrx_word' id='word_1_302' title='bbox 2491 1401 2698 1462; x_wconf 86' lang='lat' dir='ltr'><strong>amicis</strong></span> <span class='ocrx_word' id='word_1_303' title='bbox 2736 1401 2840 1464; x_wconf 89' lang='lat' dir='ltr'><strong>Dei</strong></span> <span class='ocrx_word' id='word_1_304' title='bbox 2892 1401 3202 1462; x_wconf 84' lang='lat' dir='ltr'><strong>virtutibus</strong></span> <span class='ocrx_word' id='word_1_305' title='bbox 3233 1406 3695 1469; x_wconf 87' lang='lat' dir='ltr'><strong>communicent.</strong></span> 
     </span>
    </p>
   </div>
   <div class='ocr_carea' id='block_1_40' title="bbox 2058 1487 3700 1576">
    <p class='ocr_par' dir='ltr' id='par_1_40' title="bbox 2058 1487 3700 1576">
     <span class='ocr_line' id='line_1_40' title="bbox 2058 1487 3700 1576; baseline 0.007 -27"><span class='ocrx_word' id='word_1_306' title='bbox 2058 1487 2571 1560; x_wconf 85' lang='lat' dir='ltr'><strong>Quemadmodum</strong></span> <span class='ocrx_word' id='word_1_307' title='bbox 2601 1492 2758 1553; x_wconf 91' lang='lat' dir='ltr'><strong>enim</strong></span> <span class='ocrx_word' id='word_1_308' title='bbox 2784 1509 2854 1553; x_wconf 91' lang='lat' dir='ltr'><strong>ea</strong></span> <span class='ocrx_word' id='word_1_309' title='bbox 2877 1509 3005 1570; x_wconf 73' lang='lat' dir='ltr'><strong>quze</strong></span> <span class='ocrx_word' id='word_1_310' title='bbox 3035 1490 3220 1553; x_wconf 87' lang='lat' dir='ltr'><strong>Deum</strong></span> <span class='ocrx_word' id='word_1_311' title='bbox 3251 1492 3423 1556; x_wconf 86' lang='lat' dir='ltr'><strong>decet</strong></span> <span class='ocrx_word' id='word_1_312' title='bbox 3444 1497 3700 1576; x_wconf 85' lang='lat' dir='ltr'><strong>pulchri-</strong></span> 
     </span>
    </p>
   </div>
   <div class='ocr_carea' id='block_1_41' title="bbox 2062 1578 3700 1662">
    <p class='ocr_par' dir='ltr' id='par_1_41' title="bbox 2062 1578 3700 1662">
     <span class='ocr_line' id='line_1_41' title="bbox 2062 1578 3700 1662; baseline 0.007 -24"><span class='ocrx_word' id='word_1_313' title='bbox 2062 1578 2201 1640; x_wconf 89' lang='lat' dir='ltr'><strong>tudo</strong></span> <span class='ocrx_word' id='word_1_314' title='bbox 2254 1579 2654 1642; x_wconf 84' lang='lat' dir='ltr'><strong>communicat</strong></span> <span class='ocrx_word' id='word_1_315' title='bbox 2705 1583 3034 1642; x_wconf 83' lang='lat' dir='ltr'><strong>secundum</strong></span> <span class='ocrx_word' id='word_1_316' title='bbox 3095 1580 3439 1662; x_wconf 69' lang='lat' dir='ltr'><strong>dignitatem</strong></span> <span class='ocrx_word' id='word_1_317' title='bbox 3497 1585 3700 1649; x_wconf 82' lang='lat' dir='ltr'><strong>lumen</strong></span> 
     </span>
    </p>
   </div>
   <div class='ocr_carea' id='block_1_42' title="bbox 2062 1669 3700 1756">
    <p class='ocr_par' dir='ltr' id='par_1_42' title="bbox 2062 1669 3700 1756">
     <span class='ocr_line' id='line_1_42' title="bbox 2062 1669 3700 1756; baseline 0.007 -28"><span class='ocrx_word' id='word_1_318' title='bbox 2062 1669 2367 1744; x_wconf 83' lang='lat' dir='ltr'><strong>suum;ita</strong></span> <span class='ocrx_word' id='word_1_319' title='bbox 2386 1671 2563 1731; x_wconf 91' lang='lat' dir='ltr'><strong>etiam</strong></span> <span class='ocrx_word' id='word_1_320' title='bbox 2587 1672 2678 1732; x_wconf 71' lang='lat' dir='ltr'><strong>hae</strong></span> <span class='ocrx_word' id='word_1_321' title='bbox 2726 1670 2856 1732; x_wconf 90' lang='lat' dir='ltr'><strong>sine</strong></span> <span class='ocrx_word' id='word_1_322' title='bbox 2904 1670 3123 1732; x_wconf 84' lang='lat' dir='ltr'><strong>invidia</strong></span> <span class='ocrx_word' id='word_1_323' title='bbox 3154 1673 3618 1756; x_wconf 85' lang='lat' dir='ltr'><strong>plenissimeque</strong></span> <span class='ocrx_word' id='word_1_324' title='bbox 3639 1677 3700 1738; x_wconf 92' lang='lat' dir='ltr'><strong>in</strong></span> 
     </span>
    </p>
   </div>
   <div class='ocr_carea' id='block_1_43' title="bbox 2059 1759 3697 1838">
    <p class='ocr_par' dir='ltr' id='par_1_43' title="bbox 2059 1759 3697 1838">
     <span class='ocr_line' id='line_1_43' title="bbox 2059 1759 3697 1838; baseline 0.007 -20"><span class='ocrx_word' id='word_1_325' title='bbox 2059 1776 2164 1820; x_wconf 86' lang='lat' dir='ltr'><strong>eos</strong></span> <span class='ocrx_word' id='word_1_326' title='bbox 2193 1759 2292 1838; x_wconf 91' lang='lat' dir='ltr'><strong>qui</strong></span> <span class='ocrx_word' id='word_1_327' title='bbox 2325 1770 2636 1821; x_wconf 86' lang='lat' dir='ltr'><strong>merentur</strong></span> <span class='ocrx_word' id='word_1_328' title='bbox 2664 1759 3030 1822; x_wconf 88' lang='lat' dir='ltr'><strong>distribuunt</strong></span> <span class='ocrx_word' id='word_1_329' title='bbox 3066 1760 3544 1826; x_wconf 86' lang='lat' dir='ltr'><strong>illustrationem.</strong></span> <span class='ocrx_word' id='word_1_330' title='bbox 3579 1765 3697 1828; x_wconf 83' lang='lat' dir='ltr'><strong>De-</strong></span> 
     </span>
    </p>
   </div>
   <div class='ocr_carea' id='block_1_44' title="bbox 2000 1848 3700 1932">
    <p class='ocr_par' dir='ltr' id='par_1_44' title="bbox 2000 1848 3700 1932">
     <span class='ocr_line' id='line_1_44' title="bbox 2000 1848 3700 1932; baseline 0.007 -25"><span class='ocrx_word' id='word_1_331' title='bbox 2000 1877 2038 1927; x_wconf 73' lang='grc' dir='ltr'><strong><em>Β</em></strong></span> <span class='ocrx_word' id='word_1_332' title='bbox 2064 1866 2223 1908; x_wconf 91' lang='lat' dir='ltr'><strong>mum</strong></span> <span class='ocrx_word' id='word_1_333' title='bbox 2256 1848 2739 1930; x_wconf 89' lang='lat' dir='ltr'><strong>dicit,quomodo</strong></span> <span class='ocrx_word' id='word_1_334' title='bbox 2759 1848 2973 1911; x_wconf 73' lang='lat' dir='ltr'><strong>divina:</strong></span> <span class='ocrx_word' id='word_1_335' title='bbox 3011 1851 3256 1912; x_wconf 82' lang='lat' dir='ltr'><strong>virtutes</strong></span> <span class='ocrx_word' id='word_1_336' title='bbox 3279 1853 3557 1932; x_wconf 69' lang='lat' dir='ltr'><strong>perfecta:</strong></span> <span class='ocrx_word' id='word_1_337' title='bbox 3587 1876 3700 1918; x_wconf 88' lang='lat' dir='ltr'><strong>no-</strong></span> 
     </span>
    </p>
   </div>
   <div class='ocr_carea' id='block_1_45' title="bbox 2063 1936 3700 2024">
    <p class='ocr_par' dir='ltr' id='par_1_45' title="bbox 2063 1936 3700 2024">
     <span class='ocr_line' id='line_1_45' title="bbox 2063 1936 3700 2024; baseline 0.009 -28"><span class='ocrx_word' id='word_1_338' title='bbox 2063 1936 2384 2002; x_wconf 88' lang='lat' dir='ltr'><strong>minentur.</strong></span> <span class='ocrx_word' id='word_1_339' title='bbox 2400 1940 2547 2000; x_wconf 89' lang='lat' dir='ltr'><strong>Cum</strong></span> <span class='ocrx_word' id='word_1_340' title='bbox 2563 1939 2759 2020; x_wconf 79' lang='lat' dir='ltr'><strong>itaque</strong></span> <span class='ocrx_word' id='word_1_341' title='bbox 2779 1957 2885 2000; x_wconf 92' lang='lat' dir='ltr'><strong>nos</strong></span> <span class='ocrx_word' id='word_1_342' title='bbox 2905 1940 3206 2020; x_wconf 85' lang='lat' dir='ltr'><strong>perﬁciam</strong></span> <span class='ocrx_word' id='word_1_343' title='bbox 3217 1959 3288 2002; x_wconf 91' lang='lat' dir='ltr'><strong>ur</strong></span> <span class='ocrx_word' id='word_1_344' title='bbox 3305 1961 3410 2022; x_wconf 90' lang='lat' dir='ltr'><strong>per</strong></span> <span class='ocrx_word' id='word_1_345' title='bbox 3427 1946 3700 2024; x_wconf 88' lang='lat' dir='ltr'><strong>peritiam</strong></span> 
     </span>
    </p>
   </div>
   <div class='ocr_carea' id='block_1_46' title="bbox 2061 2027 3705 2116">
    <p class='ocr_par' dir='ltr' id='par_1_46' title="bbox 2061 2027 3705 2116">
     <span class='ocr_line' id='line_1_46' title="bbox 2061 2027 3705 2116; baseline 0.009 -30"><span class='ocrx_word' id='word_1_346' title='bbox 2061 2027 2792 2108; x_wconf 80' lang='lat' dir='ltr'><strong>resolvendi,explanandi</strong></span> <span class='ocrx_word' id='word_1_347' title='bbox 2819 2029 3047 2091; x_wconf 83' lang='lat' dir='ltr'><strong>scilicet</strong></span> <span class='ocrx_word' id='word_1_348' title='bbox 3069 2039 3128 2092; x_wconf 91' lang='lat' dir='ltr'><strong>et</strong></span> <span class='ocrx_word' id='word_1_349' title='bbox 3151 2032 3574 2116; x_wconf 83' lang='lat' dir='ltr'><strong>explicandi,et</strong></span> <span class='ocrx_word' id='word_1_350' title='bbox 3594 2041 3705 2100; x_wconf 87' lang='lat' dir='ltr'><strong>ad-</strong></span> 
     </span>
    </p>
   </div>
   <div class='ocr_carea' id='block_1_47' title="bbox 2063 2116 3702 2200">
    <p class='ocr_par' dir='ltr' id='par_1_47' title="bbox 2063 2116 3702 2200">
     <span class='ocr_line' id='line_1_47' title="bbox 2063 2116 3702 2200; baseline 0.009 -25"><span class='ocrx_word' id='word_1_351' title='bbox 2063 2116 2322 2177; x_wconf 85' lang='lat' dir='ltr'><strong>ducendi</strong></span> <span class='ocrx_word' id='word_1_352' title='bbox 2356 2136 2583 2179; x_wconf 83' lang='lat' dir='ltr'><strong>sacram</strong></span> <span class='ocrx_word' id='word_1_353' title='bbox 2617 2119 2982 2194; x_wconf 85' lang='lat' dir='ltr'><strong>varietatem,</strong></span> <span class='ocrx_word' id='word_1_354' title='bbox 3030 2120 3489 2200; x_wconf 78' lang='lat' dir='ltr'><strong>symbolicorum</strong></span> <span class='ocrx_word' id='word_1_355' title='bbox 3525 2126 3702 2189; x_wconf 90' lang='lat' dir='ltr'><strong>vide-</strong></span> 
     </span>
    </p>
   </div>
   <div class='ocr_carea' id='block_1_48' title="bbox 2061 2202 3704 2290">
    <p class='ocr_par' dir='ltr' id='par_1_48' title="bbox 2061 2202 3704 2290">
     <span class='ocr_line' id='line_1_48' title="bbox 2061 2202 3704 2290; baseline 0.009 -25"><span class='ocrx_word' id='word_1_356' title='bbox 2061 2202 2200 2266; x_wconf 88' lang='lat' dir='ltr'><strong>licet</strong></span> <span class='ocrx_word' id='word_1_357' title='bbox 2234 2207 2736 2287; x_wconf 89' lang='lat' dir='ltr'><strong>spectaculorum,</strong></span> <span class='ocrx_word' id='word_1_358' title='bbox 2770 2209 3175 2290; x_wconf 83' lang='lat' dir='ltr'><strong>institutionis,</strong></span> <span class='ocrx_word' id='word_1_359' title='bbox 3209 2211 3422 2273; x_wconf 64' lang='lat' dir='ltr'><strong>divinaa</strong></span> <span class='ocrx_word' id='word_1_360' title='bbox 3456 2214 3704 2279; x_wconf 81' lang='lat' dir='ltr'><strong>virtutes</strong></span> 
     </span>
    </p>
   </div>
   <div class='ocr_carea' id='block_1_49' title="bbox 2057 2297 3696 2387">
    <p class='ocr_par' dir='ltr' id='par_1_49' title="bbox 2057 2297 3696 2387">
     <span class='ocr_line' id='line_1_49' title="bbox 2057 2297 3696 2387; baseline 0.008 -32"><span class='ocrx_word' id='word_1_361' title='bbox 2057 2313 2435 2375; x_wconf 89' lang='lat' dir='ltr'><strong>nequaquam</strong></span> <span class='ocrx_word' id='word_1_362' title='bbox 2456 2297 2569 2358; x_wconf 89' lang='lat' dir='ltr'><strong>hoc</strong></span> <span class='ocrx_word' id='word_1_363' title='bbox 2589 2299 2762 2360; x_wconf 86' lang='lat' dir='ltr'><strong>modo</strong></span> <span class='ocrx_word' id='word_1_364' title='bbox 2781 2297 3110 2374; x_wconf 89' lang='lat' dir='ltr'><strong>initiantur,</strong></span> <span class='ocrx_word' id='word_1_365' title='bbox 3128 2300 3232 2360; x_wconf 91' lang='lat' dir='ltr'><strong>sed</strong></span> <span class='ocrx_word' id='word_1_366' title='bbox 3248 2302 3413 2380; x_wconf 89' lang='lat' dir='ltr'><strong>quasi</strong></span> <span class='ocrx_word' id='word_1_367' title='bbox 3434 2322 3465 2362; x_wconf 87' lang='lat' dir='ltr'><strong>a</strong></span> <span class='ocrx_word' id='word_1_368' title='bbox 3485 2305 3696 2387; x_wconf 90' lang='lat' dir='ltr'><strong>prima,</strong></span> 
     </span>
    </p>
   </div>
   <div class='ocr_carea' id='block_1_50' title="bbox 2056 2387 3699 2467">
    <p class='ocr_par' dir='ltr' id='par_1_50' title="bbox 2056 2387 3699 2467">
     <span class='ocr_line' id='line_1_50' title="bbox 2056 2387 3699 2467; baseline 0.008 -23"><span class='ocrx_word' id='word_1_369' title='bbox 2056 2394 2114 2445; x_wconf 90' lang='lat' dir='ltr'><strong>et</strong></span> <span class='ocrx_word' id='word_1_370' title='bbox 2131 2403 2500 2466; x_wconf 88' lang='lat' dir='ltr'><strong>naquaquam</strong></span> <span class='ocrx_word' id='word_1_371' title='bbox 2517 2387 2728 2447; x_wconf 87' lang='lat' dir='ltr'><strong>mediis</strong></span> <span class='ocrx_word' id='word_1_372' title='bbox 2749 2388 2956 2467; x_wconf 82' lang='lat' dir='ltr'><strong>signis,</strong></span> <span class='ocrx_word' id='word_1_373' title='bbox 2973 2391 3459 2467; x_wconf 87' lang='lat' dir='ltr'><strong>supereminente</strong></span> <span class='ocrx_word' id='word_1_374' title='bbox 3477 2393 3699 2457; x_wconf 88' lang='lat' dir='ltr'><strong>deitate</strong></span> 
     </span>
    </p>
   </div>
   <div class='ocr_carea' id='block_1_51' title="bbox 2055 2473 3694 2552">
    <p class='ocr_par' dir='ltr' id='par_1_51' title="bbox 2055 2473 3694 2552">
     <span class='ocr_line' id='line_1_51' title="bbox 2055 2473 3694 2552; baseline 0.007 -18"><span class='ocrx_word' id='word_1_375' title='bbox 2055 2473 2383 2552; x_wconf 88' lang='lat' dir='ltr'><strong>replentur.</strong></span> <span class='ocrx_word' id='word_1_376' title='bbox 2441 2475 2768 2537; x_wconf 89' lang='lat' dir='ltr'><strong>secundum</strong></span> <span class='ocrx_word' id='word_1_377' title='bbox 2829 2476 2985 2537; x_wconf 91' lang='lat' dir='ltr'><strong>illam</strong></span> <span class='ocrx_word' id='word_1_378' title='bbox 3049 2496 3337 2540; x_wconf 87' lang='lat' dir='ltr'><strong>summam</strong></span> <span class='ocrx_word' id='word_1_379' title='bbox 3387 2481 3694 2546; x_wconf 88' lang='lat' dir='ltr'><strong>scientiam</strong></span> 
     </span>
    </p>
   </div>
   <div class='ocr_carea' id='block_1_52' title="bbox 2060 2565 3703 2652">
    <p class='ocr_par' dir='ltr' id='par_1_52' title="bbox 2060 2565 3703 2652">
     <span class='ocr_line' id='line_1_52' title="bbox 2060 2565 3703 2652; baseline 0.006 -28"><span class='ocrx_word' id='word_1_380' title='bbox 2060 2581 2307 2642; x_wconf 91' lang='lat' dir='ltr'><strong>operum</strong></span> <span class='ocrx_word' id='word_1_381' title='bbox 2336 2565 2468 2637; x_wconf 89' lang='lat' dir='ltr'><strong>Dei,</strong></span> <span class='ocrx_word' id='word_1_382' title='bbox 2496 2583 2673 2644; x_wconf 88' lang='lat' dir='ltr'><strong>quem</strong></span> <span class='ocrx_word' id='word_1_383' title='bbox 2707 2574 2764 2626; x_wconf 85' lang='lat' dir='ltr'><strong>et</strong></span> <span class='ocrx_word' id='word_1_384' title='bbox 2791 2567 2987 2628; x_wconf 92' lang='lat' dir='ltr'><strong>omnis</strong></span> <span class='ocrx_word' id='word_1_385' title='bbox 3019 2567 3355 2629; x_wconf 84' lang='lat' dir='ltr'><strong>hierarchia</strong></span> <span class='ocrx_word' id='word_1_386' title='bbox 3381 2583 3703 2652; x_wconf 67' lang='lat' dir='ltr'><strong>praecepto-</strong></span> 
     </span>
    </p>
   </div>
   <div class='ocr_carea' id='block_1_53' title="bbox 2058 2652 3701 2742">
    <p class='ocr_par' dir='ltr' id='par_1_53' title="bbox 2058 2652 3701 2742">
     <span class='ocr_line' id='line_1_53' title="bbox 2058 2652 3701 2742; baseline 0.007 -30"><span class='ocrx_word' id='word_1_387' title='bbox 2058 2669 2184 2713; x_wconf 89' lang='lat' dir='ltr'><strong>rem</strong></span> <span class='ocrx_word' id='word_1_388' title='bbox 2209 2652 2473 2715; x_wconf 66' lang='lat' dir='ltr'><strong>scientiae</strong></span> <span class='ocrx_word' id='word_1_389' title='bbox 2490 2667 2668 2734; x_wconf 87' lang='lat' dir='ltr'><strong>atque</strong></span> <span class='ocrx_word' id='word_1_390' title='bbox 2691 2655 3057 2736; x_wconf 87' lang='lat' dir='ltr'><strong>operationis</strong></span> <span class='ocrx_word' id='word_1_391' title='bbox 3077 2655 3274 2719; x_wconf 66' lang='lat' dir='ltr'><strong>habet.</strong></span> <span class='ocrx_word' id='word_1_392' title='bbox 3289 2657 3508 2730; x_wconf 86' lang='lat' dir='ltr'><strong>Quales</strong></span> <span class='ocrx_word' id='word_1_393' title='bbox 3524 2680 3701 2742; x_wconf 91' lang='lat' dir='ltr'><strong>porro</strong></span> 
     </span>
    </p>
   </div>
   <div class='ocr_carea' id='block_1_54' title="bbox 2059 2742 3704 2828">
    <p class='ocr_par' dir='ltr' id='par_1_54' title="bbox 2059 2742 3704 2828">
     <span class='ocr_line' id='line_1_54' title="bbox 2059 2742 3704 2828; baseline 0.007 -27"><span class='ocrx_word' id='word_1_394' title='bbox 2059 2749 2198 2802; x_wconf 91' lang='lat' dir='ltr'><strong>sunt</strong></span> <span class='ocrx_word' id='word_1_395' title='bbox 2226 2742 2440 2804; x_wconf 65' lang='lat' dir='ltr'><strong>divina:</strong></span> <span class='ocrx_word' id='word_1_396' title='bbox 2465 2742 2735 2806; x_wconf 62' lang='lat' dir='ltr'><strong>scientia;</strong></span> <span class='ocrx_word' id='word_1_397' title='bbox 2759 2753 2818 2806; x_wconf 91' lang='lat' dir='ltr'><strong>et</strong></span> <span class='ocrx_word' id='word_1_398' title='bbox 2845 2744 3223 2826; x_wconf 89' lang='lat' dir='ltr'><strong>operationes</strong></span> <span class='ocrx_word' id='word_1_399' title='bbox 3243 2753 3270 2809; x_wconf 85' lang='lat'>?</span> <span class='ocrx_word' id='word_1_400' title='bbox 3301 2749 3544 2828; x_wconf 77' lang='lat' dir='ltr'><strong>expiare</strong></span> <span class='ocrx_word' id='word_1_401' title='bbox 3577 2752 3704 2813; x_wconf 81' lang='lat' dir='ltr'><strong>illu-</strong></span> 
     </span>
    </p>
   </div>
   <div class='ocr_carea' id='block_1_55' title="bbox 2061 2831 3705 2918">
    <p class='ocr_par' dir='ltr' id='par_1_55' title="bbox 2061 2831 3705 2918">
     <span class='ocr_line' id='line_1_55' title="bbox 2061 2831 3705 2918; baseline 0.007 -27"><span class='ocrx_word' id='word_1_402' title='bbox 2061 2831 2310 2905; x_wconf 84' lang='lat' dir='ltr'><strong>minare,</strong></span> <span class='ocrx_word' id='word_1_403' title='bbox 2329 2834 2636 2912; x_wconf 80' lang='lat' dir='ltr'><strong>perlicere.</strong></span> <span class='ocrx_word' id='word_1_404' title='bbox 2659 2835 3164 2914; x_wconf 80' lang='lat' dir='ltr'><strong>quemadmodum</strong></span> <span class='ocrx_word' id='word_1_405' title='bbox 3191 2837 3248 2898; x_wconf 93' lang='lat' dir='ltr'><strong>in</strong></span> <span class='ocrx_word' id='word_1_406' title='bbox 3273 2839 3502 2918; x_wconf 76' lang='lat' dir='ltr'><strong>angelis</strong></span> <span class='ocrx_word' id='word_1_407' title='bbox 3531 2839 3705 2912; x_wconf 80' lang='lat' dir='ltr'><strong>dixit,</strong></span> 
     </span>
    </p>
   </div>
   <div class='ocr_carea' id='block_1_56' title="bbox 327 2922 1980 3010">
    <p class='ocr_par' dir='ltr' id='par_1_56' title="bbox 327 2924 1977 3010">
     <span class='ocr_line' id='line_1_56' title="bbox 327 2924 1977 3010; baseline -0.004 -25"><span class='ocrx_word' id='word_1_408' title='bbox 327 2954 489 3006; x_wconf 89' lang='grc' dir='ltr'>ναμιν</span> <span class='ocrx_word' id='word_1_409' title='bbox 523 2930 766 3010; x_wconf 76' lang='grc' dir='ltr'>ἔχουσαι,</span> <span class='ocrx_word' id='word_1_410' title='bbox 793 2931 924 3004; x_wconf 79' lang='grc' dir='ltr'>πρὸς</span> <span class='ocrx_word' id='word_1_411' title='bbox 952 2929 1014 2984; x_wconf 82' lang='grc' dir='ltr'>τὸ</span> <span class='ocrx_word' id='word_1_412' title='bbox 1045 2927 1312 3004; x_wconf 79' lang='grc' dir='ltr'>πάναγνον</span> <span class='ocrx_word' id='word_1_413' title='bbox 1344 2927 1433 2982; x_wconf 82' lang='grc' dir='ltr'><strong>καὶ</strong></span> <span class='ocrx_word' id='word_1_414' title='bbox 1463 2924 1684 3004; x_wconf 69' lang='grc' dir='ltr'>ἀρρεπὲς</span> <span class='ocrx_word' id='word_1_415' title='bbox 1717 2924 1977 3004; x_wconf 73' lang='grc' dir='ltr'>ἑδραιοὺνυ</span> 
     </span>
    </p>
   </div>
   <div class='ocr_carea' id='block_1_57' title="bbox 2065 2922 3705 3010">
    <p class='ocr_par' dir='ltr' id='par_1_57' title="bbox 2065 2922 3705 3010">
     <span class='ocr_line' id='line_1_57' title="bbox 2065 2922 3705 3010; baseline 0.006 -28"><span class='ocrx_word' id='word_1_416' title='bbox 2065 2922 2342 3001; x_wconf 88' lang='lat' dir='ltr'><strong>quoniam</strong></span> <span class='ocrx_word' id='word_1_417' title='bbox 2367 2928 2542 2985; x_wconf 88' lang='lat' dir='ltr'><strong>etiam</strong></span> <span class='ocrx_word' id='word_1_418' title='bbox 2569 2925 2626 2984; x_wconf 89' lang='lat' dir='ltr'><strong>in</strong></span> <span class='ocrx_word' id='word_1_419' title='bbox 2653 2924 2998 2987; x_wconf 86' lang='lat' dir='ltr'><strong>hominibus</strong></span> <span class='ocrx_word' id='word_1_420' title='bbox 3041 2926 3152 2987; x_wconf 88' lang='lat' dir='ltr'><strong>ista</strong></span> <span class='ocrx_word' id='word_1_421' title='bbox 3183 2928 3330 2990; x_wconf 83' lang='lat' dir='ltr'><strong>ﬁunt</strong></span> <span class='ocrx_word' id='word_1_422' title='bbox 3357 2949 3372 3010; x_wconf 84' lang='grc'><strong>;</strong></span> <span class='ocrx_word' id='word_1_423' title='bbox 3407 2947 3610 2992; x_wconf 88' lang='lat' dir='ltr'><strong>verum</strong></span> <span class='ocrx_word' id='word_1_424' title='bbox 3643 2932 3705 2993; x_wconf 90' lang='lat' dir='ltr'><strong>in</strong></span> 
     </span>
    </p>
   </div>
   <div class='ocr_carea' id='block_1_58' title="bbox 325 3011 1980 3095">
    <p class='ocr_par' dir='ltr' id='par_1_58' title="bbox 325 3013 1975 3094">
     <span class='ocr_line' id='line_1_58' title="bbox 325 3013 1975 3094; baseline -0.001 -18"><span class='ocrx_word' id='word_1_425' title='bbox 325 3042 440 3094; x_wconf 81' lang='grc' dir='ltr'>ται,</span> <span class='ocrx_word' id='word_1_426' title='bbox 473 3021 650 3076; x_wconf 67' lang='lat' dir='ltr'><strong>uio-5</strong></span> <span class='ocrx_word' id='word_1_427' title='bbox 678 3018 1018 3075; x_wconf 66' lang='lat' dir='ltr'><strong>Suasiovtzt&#39;</strong></span> <span class='ocrx_word' id='word_1_428' title='bbox 1080 3017 1234 3072; x_wconf 74' lang='grc' dir='ltr'>τοῦτο</span> <span class='ocrx_word' id='word_1_429' title='bbox 1296 3017 1395 3094; x_wconf 78' lang='grc' dir='ltr'><strong>γάρ</strong></span> <span class='ocrx_word' id='word_1_430' title='bbox 1453 3015 1559 3079; x_wconf 78' lang='grc' dir='ltr'>ἐςτι</span> <span class='ocrx_word' id='word_1_431' title='bbox 1620 3017 1676 3072; x_wconf 83' lang='grc' dir='ltr'>τὸ</span> <span class='ocrx_word' id='word_1_432' title='bbox 1728 3013 1975 3093; x_wconf 73' lang='grc' dir='ltr'>ἀρρεπὲς.</span> 
     </span>
    </p>
   </div>
   <div class='ocr_carea' id='block_1_59' title="bbox 2065 3011 3704 3095">
    <p class='ocr_par' dir='ltr' id='par_1_59' title="bbox 2065 3011 3704 3095">
     <span class='ocr_line' id='line_1_59' title="bbox 2065 3011 3704 3095; baseline 0.007 -23"><span class='ocrx_word' id='word_1_433' title='bbox 2065 3011 2156 3072; x_wconf 90' lang='lat' dir='ltr'><strong>his</strong></span> <span class='ocrx_word' id='word_1_434' title='bbox 2188 3029 2295 3092; x_wconf 88' lang='lat' dir='ltr'><strong>per</strong></span> <span class='ocrx_word' id='word_1_435' title='bbox 2325 3012 2500 3075; x_wconf 88' lang='lat' dir='ltr'><strong>aliam</strong></span> <span class='ocrx_word' id='word_1_436' title='bbox 2533 3013 2908 3095; x_wconf 86' lang='lat' dir='ltr'><strong>disciplinam</strong></span> <span class='ocrx_word' id='word_1_437' title='bbox 2943 3015 3191 3077; x_wconf 88' lang='lat' dir='ltr'><strong>traditur</strong></span> <span class='ocrx_word' id='word_1_438' title='bbox 3217 3017 3575 3082; x_wconf 86' lang='lat' dir='ltr'><strong>illuminatio</strong></span> <span class='ocrx_word' id='word_1_439' title='bbox 3610 3031 3704 3082; x_wconf 85' lang='lat' dir='ltr'><strong>at-</strong></span> 
     </span>
    </p>
   </div>
   <div class='ocr_carea' id='block_1_60' title="bbox 327 3103 1980 3203">
    <p class='ocr_par' dir='ltr' id='par_1_60' title="bbox 327 3103 1977 3184">
     <span class='ocr_line' id='line_1_60' title="bbox 327 3103 1977 3184; baseline 0.01 -12"><span class='ocrx_word' id='word_1_440' title='bbox 517 3107 659 3174; x_wconf 66' lang='grc' dir='ltr'>τάξιν</span> <span class='ocrx_word' id='word_1_441' title='bbox 704 3106 1050 3183; x_wconf 72' lang='grc' dir='ltr'>δψηλοτάτην</span> <span class='ocrx_word' id='word_1_442' title='bbox 1107 3108 1238 3184; x_wconf 78' lang='grc' dir='ltr'>πρὸς</span> <span class='ocrx_word' id='word_1_443' title='bbox 1293 3105 1390 3174; x_wconf 71' lang='grc' dir='ltr'><strong>τήν</strong></span> <span class='ocrx_word' id='word_1_444' title='bbox 1435 3103 1634 3172; x_wconf 72' lang='grc' dir='ltr'>νοητὴν</span> <span class='ocrx_word' id='word_1_445' title='bbox 1665 3104 1977 3183; x_wconf 64' lang='grc' dir='ltr'>εὐπρέπειαν</span> 
     </span>
    </p>
   </div>
   <div class='ocr_carea' id='block_1_61' title="bbox 2065 3103 3706 3203">
    <p class='ocr_par' dir='ltr' id='par_1_61' title="bbox 2065 3103 3706 3203">
     <span class='ocr_line' id='line_1_61' title="bbox 2065 3103 3706 3203; baseline 0.005 -40"><span class='ocrx_word' id='word_1_446' title='bbox 2065 3119 2177 3203; x_wconf 74' lang='lat' dir='ltr'><strong>que</strong></span> <span class='ocrx_word' id='word_1_447' title='bbox 2209 3103 2517 3203; x_wconf 73' lang='lat' dir='ltr'><strong>perfectio.</strong></span> <span class='ocrx_word' id='word_1_448' title='bbox 2552 3103 2654 3165; x_wconf 63' lang='lat' dir='ltr'><strong>[lae</strong></span> <span class='ocrx_word' id='word_1_449' title='bbox 2697 3122 2835 3166; x_wconf 88' lang='lat' dir='ltr'><strong>vero</strong></span> <span class='ocrx_word' id='word_1_450' title='bbox 2880 3104 3125 3166; x_wconf 86' lang='lat' dir='ltr'><strong>virtutes</strong></span> <span class='ocrx_word' id='word_1_451' title='bbox 3154 3125 3450 3186; x_wconf 63' lang='lat' dir='ltr'><strong>suprema:</strong></span> <span class='ocrx_word' id='word_1_452' title='bbox 3476 3127 3594 3171; x_wconf 92' lang='lat' dir='ltr'><strong>non</strong></span> <span class='ocrx_word' id='word_1_453' title='bbox 3629 3111 3706 3172; x_wconf 91' lang='lat' dir='ltr'><strong>ab</strong></span> 
     </span>
    </p>
   </div>
   <div class='ocr_carea' id='block_1_62' title="bbox 329 3191 1980 3279">
    <p class='ocr_par' dir='ltr' id='par_1_62' title="bbox 329 3191 1979 3276">
     <span class='ocr_line' id='line_1_62' title="bbox 329 3191 1979 3276; baseline -0.002 -22"><span class='ocrx_word' id='word_1_454' title='bbox 329 3200 417 3254; x_wconf 67' lang='grc' dir='ltr'>διαὶ</span> <span class='ocrx_word' id='word_1_455' title='bbox 444 3199 664 3276; x_wconf 78' lang='grc' dir='ltr'>θεωρίαν</span> <span class='ocrx_word' id='word_1_456' title='bbox 710 3197 1091 3276; x_wconf 83' lang='grc' dir='ltr'>προσάγονται,</span> <span class='ocrx_word' id='word_1_457' title='bbox 1148 3194 1338 3256; x_wconf 87' lang='grc' dir='ltr'>Καθὼς</span> <span class='ocrx_word' id='word_1_458' title='bbox 1397 3191 1448 3249; x_wconf 74' lang='grc' dir='ltr'>δέ</span> <span class='ocrx_word' id='word_1_459' title='bbox 1514 3193 1623 3251; x_wconf 75' lang='grc' dir='ltr'>ἐστι</span> <span class='ocrx_word' id='word_1_460' title='bbox 1679 3193 1892 3269; x_wconf 81' lang='grc' dir='ltr'>θεμιτόν</span> <span class='ocrx_word' id='word_1_461' title='bbox 1922 3216 1979 3251; x_wconf 82' lang='grc' dir='ltr'><strong>τε</strong></span> 
     </span>
    </p>
   </div>
   <div class='ocr_carea' id='block_1_63' title="bbox 2065 3191 3710 3279">
    <p class='ocr_par' dir='ltr' id='par_1_63' title="bbox 2065 3191 3710 3279">
     <span class='ocr_line' id='line_1_63' title="bbox 2065 3191 3710 3279; baseline 0.006 -27"><span class='ocrx_word' id='word_1_462' title='bbox 2065 3191 2196 3252; x_wconf 83' lang='lat' dir='ltr'><strong>aliis</strong></span> <span class='ocrx_word' id='word_1_463' title='bbox 2229 3193 2585 3274; x_wconf 90' lang='lat' dir='ltr'><strong>quibusdam</strong></span> <span class='ocrx_word' id='word_1_464' title='bbox 2618 3200 2836 3256; x_wconf 89' lang='lat' dir='ltr'><strong>sanctis</strong></span> <span class='ocrx_word' id='word_1_465' title='bbox 2867 3195 3318 3277; x_wconf 88' lang='lat' dir='ltr'><strong>spiritibus,sed</strong></span> <span class='ocrx_word' id='word_1_466' title='bbox 3347 3198 3420 3260; x_wconf 91' lang='lat' dir='ltr'><strong>ab</strong></span> <span class='ocrx_word' id='word_1_467' title='bbox 3454 3199 3710 3279; x_wconf 83' lang='lat' dir='ltr'><strong>ipsamet</strong></span> 
     </span>
    </p>
   </div>
   <div class='ocr_carea' id='block_1_64' title="bbox 325 3281 1980 3367">
    <p class='ocr_par' dir='ltr' id='par_1_64' title="bbox 325 3281 1980 3367">
     <span class='ocr_line' id='line_1_64' title="bbox 325 3281 1980 3367; baseline -0.004 -22"><span class='ocrx_word' id='word_1_468' title='bbox 325 3289 420 3345; x_wconf 79' lang='grc' dir='ltr'>καὶ</span> <span class='ocrx_word' id='word_1_469' title='bbox 476 3285 717 3367; x_wconf 80' lang='grc' dir='ltr'>δυνατὸν,</span> <span class='ocrx_word' id='word_1_470' title='bbox 773 3288 860 3342; x_wconf 83' lang='grc' dir='ltr'><strong>καί</strong></span> <span class='ocrx_word' id='word_1_471' title='bbox 923 3286 1044 3350; x_wconf 84' lang='grc' dir='ltr'>τοὺς</span> <span class='ocrx_word' id='word_1_472' title='bbox 1107 3283 1556 3359; x_wconf 75' lang='grc' dir='ltr'>ἓπιστημονικοὺς</span> <span class='ocrx_word' id='word_1_473' title='bbox 1613 3281 1801 3362; x_wconf 77' lang='grc' dir='ltr'>λόγους</span> <span class='ocrx_word' id='word_1_474' title='bbox 1873 3291 1980 3341; x_wconf 84' lang='grc' dir='ltr'><strong>τῶν</strong></span> 
     </span>
    </p>
   </div>
   <div class='ocr_carea' id='block_1_65' title="bbox 2065 3281 3710 3367">
    <p class='ocr_par' dir='ltr' id='par_1_65' title="bbox 2065 3281 3710 3365">
     <span class='ocr_line' id='line_1_65' title="bbox 2065 3281 3710 3365; baseline 0.005 -22"><span class='ocrx_word' id='word_1_475' title='bbox 2065 3281 2371 3345; x_wconf 85' lang='lat' dir='ltr'><strong>divinitate</strong></span> <span class='ocrx_word' id='word_1_476' title='bbox 2388 3285 2573 3347; x_wconf 88' lang='lat' dir='ltr'><strong>sacris</strong></span> <span class='ocrx_word' id='word_1_477' title='bbox 2590 3285 3068 3358; x_wconf 89' lang='lat' dir='ltr'><strong>initiantur,dum</strong></span> <span class='ocrx_word' id='word_1_478' title='bbox 3090 3287 3151 3347; x_wconf 90' lang='lat' dir='ltr'><strong>in</strong></span> <span class='ocrx_word' id='word_1_479' title='bbox 3171 3287 3487 3365; x_wconf 84' lang='lat' dir='ltr'><strong>ipsammet</strong></span> <span class='ocrx_word' id='word_1_480' title='bbox 3501 3290 3710 3353; x_wconf 81' lang='lat' dir='ltr'><strong>imme-</strong></span> 
     </span>
    </p>
   </div>
   <div class='ocr_carea' id='block_1_66' title="bbox 328 3372 1980 3458">
    <p class='ocr_par' dir='ltr' id='par_1_66' title="bbox 328 3373 1978 3458">
     <span class='ocr_line' id='line_1_66' title="bbox 328 3373 1978 3458; baseline -0.002 -24"><span class='ocrx_word' id='word_1_481' title='bbox 328 3381 642 3458; x_wconf 78' lang='grc' dir='ltr'>θεωργιῶν,</span> <span class='ocrx_word' id='word_1_482' title='bbox 674 3379 747 3440; x_wconf 83' lang='grc' dir='ltr'><strong>ὡς</strong></span> <span class='ocrx_word' id='word_1_483' title='bbox 779 3376 984 3456; x_wconf 73' lang='grc' dir='ltr'>πρῶται</span> <span class='ocrx_word' id='word_1_484' title='bbox 1017 3375 1106 3431; x_wconf 81' lang='grc' dir='ltr'><strong>καὶ</strong></span> <span class='ocrx_word' id='word_1_485' title='bbox 1135 3375 1252 3451; x_wconf 76' lang='grc' dir='ltr'>περὶ</span> <span class='ocrx_word' id='word_1_486' title='bbox 1286 3375 1416 3430; x_wconf 80' lang='grc' dir='ltr'>Θεὸν</span> <span class='ocrx_word' id='word_1_487' title='bbox 1447 3373 1623 3452; x_wconf 76' lang='grc' dir='ltr'>οὖσαι,</span> <span class='ocrx_word' id='word_1_488' title='bbox 1655 3373 1782 3452; x_wconf 88' lang='grc' dir='ltr'>παρ’</span> <span class='ocrx_word' id='word_1_489' title='bbox 1814 3373 1978 3442; x_wconf 67' lang='grc' dir='ltr'>αὐτῆς</span> 
     </span>
    </p>
   </div>
   <div class='ocr_carea' id='block_1_67' title="bbox 2065 3372 3708 3458">
    <p class='ocr_par' dir='ltr' id='par_1_67' title="bbox 2065 3372 3708 3456">
     <span class='ocr_line' id='line_1_67' title="bbox 2065 3372 3708 3456; baseline 0.005 -22"><span class='ocrx_word' id='word_1_490' title='bbox 2065 3373 2224 3434; x_wconf 88' lang='lat' dir='ltr'><strong>diate</strong></span> <span class='ocrx_word' id='word_1_491' title='bbox 2254 3372 2318 3435; x_wconf 90' lang='lat' dir='ltr'><strong>in</strong></span> <span class='ocrx_word' id='word_1_492' title='bbox 2349 3373 2561 3436; x_wconf 85' lang='lat' dir='ltr'><strong>virtute</strong></span> <span class='ocrx_word' id='word_1_493' title='bbox 2592 3375 2924 3456; x_wconf 90' lang='lat' dir='ltr'><strong>ordineque</strong></span> <span class='ocrx_word' id='word_1_494' title='bbox 2951 3395 3058 3438; x_wconf 89' lang='lat' dir='ltr'><strong>suo</strong></span> <span class='ocrx_word' id='word_1_495' title='bbox 3091 3378 3532 3451; x_wconf 81' lang='lat' dir='ltr'><strong>extenduntur;</strong></span> <span class='ocrx_word' id='word_1_496' title='bbox 3588 3399 3708 3443; x_wconf 91' lang='lat' dir='ltr'><strong>non</strong></span> 
     </span>
    </p>
   </div>
   <div class='ocr_carea' id='block_1_68' title="bbox 330 3462 1980 3546">
    <p class='ocr_par' dir='ltr' id='par_1_68' title="bbox 330 3462 1975 3546">
     <span class='ocr_line' id='line_1_68' title="bbox 330 3462 1975 3546; baseline -0.002 -23"><span class='ocrx_word' id='word_1_497' title='bbox 330 3472 432 3534; x_wconf 78' lang='grc' dir='ltr'>τῆς</span> <span class='ocrx_word' id='word_1_498' title='bbox 463 3466 840 3546; x_wconf 81' lang='grc' dir='ltr'>τελεταρχίας,</span> <span class='ocrx_word' id='word_1_499' title='bbox 873 3462 1119 3532; x_wconf 84' lang='grc' dir='ltr'>δηλονότι</span> <span class='ocrx_word' id='word_1_500' title='bbox 1149 3463 1242 3520; x_wconf 70' lang='grc' dir='ltr'><strong>τοῧ</strong></span> <span class='ocrx_word' id='word_1_501' title='bbox 1278 3462 1432 3543; x_wconf 77' lang='grc' dir='ltr'>Θεοῦ,</span> <span class='ocrx_word' id='word_1_502' title='bbox 1479 3473 1975 3541; x_wconf 64' lang='grc' dir='ltr'>μυστααίωγοῦνται,</span> 
     </span>
    </p>
   </div>
   <div class='ocr_carea' id='block_1_69' title="bbox 2065 3462 3708 3546">
    <p class='ocr_par' dir='ltr' id='par_1_69' title="bbox 2065 3462 3708 3542">
     <span class='ocr_line' id='line_1_69' title="bbox 2065 3462 3708 3542; baseline 0.004 -17"><span class='ocrx_word' id='word_1_503' title='bbox 2065 3462 2226 3525; x_wconf 88' lang='lat' dir='ltr'><strong>enim</strong></span> <span class='ocrx_word' id='word_1_504' title='bbox 2261 3482 2330 3526; x_wconf 82' lang='lat' dir='ltr'><strong>ex</strong></span> <span class='ocrx_word' id='word_1_505' title='bbox 2363 3465 2574 3526; x_wconf 91' lang='lat' dir='ltr'><strong>ordine</strong></span> <span class='ocrx_word' id='word_1_506' title='bbox 2600 3464 2792 3526; x_wconf 92' lang='lat' dir='ltr'><strong>solum</strong></span> <span class='ocrx_word' id='word_1_507' title='bbox 2825 3465 3050 3528; x_wconf 87' lang='lat' dir='ltr'><strong>habent</strong></span> <span class='ocrx_word' id='word_1_508' title='bbox 3087 3467 3247 3542; x_wconf 92' lang='lat' dir='ltr'><strong>quod</strong></span> <span class='ocrx_word' id='word_1_509' title='bbox 3277 3467 3352 3529; x_wconf 87' lang='lat' dir='ltr'><strong>ad</strong></span> <span class='ocrx_word' id='word_1_510' title='bbox 3381 3468 3567 3531; x_wconf 89' lang='lat' dir='ltr'><strong>Deum</strong></span> <span class='ocrx_word' id='word_1_511' title='bbox 3601 3489 3708 3532; x_wconf 82' lang='lat' dir='ltr'><strong>ex-</strong></span> 
     </span>
    </p>
   </div>
   <div class='ocr_carea' id='block_1_70' title="bbox 335 3552 3704 3637">
    <p class='ocr_par' dir='ltr' id='par_1_70' title="bbox 335 3552 3704 3637">
     <span class='ocr_line' id='line_1_70' title="bbox 335 3552 3704 3637; baseline 0.001 -19"><span class='ocrx_word' id='word_1_512' title='bbox 335 3555 677 3637; x_wconf 82' lang='lat' dir='ltr'><strong>tendantur,</strong></span> <span class='ocrx_word' id='word_1_513' title='bbox 712 3573 912 3618; x_wconf 87' lang='lat' dir='ltr'><strong>verum</strong></span> <span class='ocrx_word' id='word_1_514' title='bbox 946 3555 1124 3616; x_wconf 88' lang='lat' dir='ltr'><strong>etiam</strong></span> <span class='ocrx_word' id='word_1_515' title='bbox 1155 3571 1231 3615; x_wconf 85' lang='lat' dir='ltr'><strong>ex</strong></span> <span class='ocrx_word' id='word_1_516' title='bbox 1263 3555 1500 3616; x_wconf 84' lang='lat' dir='ltr'><strong>vii-tute.</strong></span> <span class='ocrx_word' id='word_1_517' title='bbox 1529 3552 1655 3617; x_wconf 89' lang='lat' dir='ltr'><strong>Hoc</strong></span> <span class='ocrx_word' id='word_1_518' title='bbox 1685 3559 1843 3614; x_wconf 89' lang='lat' dir='ltr'><strong>enim</strong></span> <span class='ocrx_word' id='word_1_519' title='bbox 1878 3561 1970 3615; x_wconf 87' lang='lat' dir='ltr'><strong>est</strong></span> <span class='ocrx_word' id='word_1_520' title='bbox 2001 3554 2158 3636; x_wconf 92' lang='lat' dir='ltr'><strong>quod</strong></span> <span class='ocrx_word' id='word_1_521' title='bbox 2193 3554 2370 3616; x_wconf 90' lang='lat' dir='ltr'><strong>etiam</strong></span> <span class='ocrx_word' id='word_1_522' title='bbox 2399 3554 2722 3632; x_wconf 84' lang='lat' dir='ltr'><strong>Gregorius</strong></span> <span class='ocrx_word' id='word_1_523' title='bbox 2746 3553 3088 3636; x_wconf 83' lang='lat' dir='ltr'><strong>Theologus</strong></span> <span class='ocrx_word' id='word_1_524' title='bbox 3120 3557 3201 3618; x_wconf 90' lang='lat' dir='ltr'><strong>ait</strong></span> <span class='ocrx_word' id='word_1_525' title='bbox 3229 3575 3244 3619; x_wconf 88' lang='lat'><strong>:</strong></span> <span class='ocrx_word' id='word_1_526' title='bbox 3269 3557 3485 3620; x_wconf 89' lang='lat' dir='ltr'><strong>Nescio</strong></span> <span class='ocrx_word' id='word_1_527' title='bbox 3509 3568 3704 3621; x_wconf 90' lang='lat' dir='ltr'><strong>utrum</strong></span> 
     </span>
    </p>
   </div>
   <div class='ocr_carea' id='block_1_71' title="bbox 337 3641 3701 3727">
    <p class='ocr_par' dir='ltr' id='par_1_71' title="bbox 337 3641 3701 3727">
     <span class='ocr_line' id='line_1_71' title="bbox 337 3641 3701 3727; baseline 0 -17"><span class='ocrx_word' id='word_1_528' title='bbox 337 3665 411 3710; x_wconf 81' lang='lat' dir='ltr'><strong>ex</strong></span> <span class='ocrx_word' id='word_1_529' title='bbox 438 3647 762 3727; x_wconf 87' lang='lat' dir='ltr'><strong>splendore</strong></span> <span class='ocrx_word' id='word_1_530' title='bbox 794 3645 1050 3708; x_wconf 84' lang='lat' dir='ltr'><strong>habeant</strong></span> <span class='ocrx_word' id='word_1_531' title='bbox 1079 3643 1382 3718; x_wconf 90' lang='lat' dir='ltr'><strong>ordinem,</strong></span> <span class='ocrx_word' id='word_1_532' title='bbox 1421 3662 1494 3703; x_wconf 91' lang='lat' dir='ltr'><strong>an</strong></span> <span class='ocrx_word' id='word_1_533' title='bbox 1527 3661 1599 3704; x_wconf 87' lang='lat' dir='ltr'><strong>ex</strong></span> <span class='ocrx_word' id='word_1_534' title='bbox 1629 3641 1840 3703; x_wconf 86' lang='lat' dir='ltr'><strong>ordine</strong></span> <span class='ocrx_word' id='word_1_535' title='bbox 1871 3643 2256 3723; x_wconf 84' lang='lat' dir='ltr'><strong>splendorem</strong></span> <span class='ocrx_word' id='word_1_536' title='bbox 2286 3665 2303 3726; x_wconf 83' lang='lat'><strong>;</strong></span> <span class='ocrx_word' id='word_1_537' title='bbox 2330 3645 2550 3706; x_wconf 88' lang='lat' dir='ltr'><strong>etenim</strong></span> <span class='ocrx_word' id='word_1_538' title='bbox 2588 3644 2866 3707; x_wconf 89' lang='lat' dir='ltr'><strong>virtutem</strong></span> <span class='ocrx_word' id='word_1_539' title='bbox 2893 3645 3701 3727; x_wconf 88' lang='lat' dir='ltr'><strong>habentsupereminentem,</strong></span> 
     </span>
    </p>
   </div>
   <div class='ocr_carea' id='block_1_72' title="bbox 336 3733 3706 3820">
    <p class='ocr_par' dir='ltr' id='par_1_72' title="bbox 336 3733 3706 3820">
     <span class='ocr_line' id='line_1_72' title="bbox 336 3733 3706 3820; baseline 0 -20"><span class='ocrx_word' id='word_1_540' title='bbox 336 3748 396 3800; x_wconf 90' lang='lat' dir='ltr'><strong>et</strong></span> <span class='ocrx_word' id='word_1_541' title='bbox 426 3737 700 3800; x_wconf 86' lang='lat' dir='ltr'><strong>ordinem</strong></span> <span class='ocrx_word' id='word_1_542' title='bbox 731 3735 1277 3799; x_wconf 88' lang='lat' dir='ltr'><strong>eminentissimum</strong></span> <span class='ocrx_word' id='word_1_543' title='bbox 1312 3743 1370 3796; x_wconf 92' lang='lat' dir='ltr'><strong>et</strong></span> <span class='ocrx_word' id='word_1_544' title='bbox 1398 3733 1924 3798; x_wconf 80' lang='lat' dir='ltr'><strong>sublimissimum.</strong></span> <span class='ocrx_word' id='word_1_545' title='bbox 1960 3735 2036 3797; x_wconf 88' lang='lat' dir='ltr'><strong>Et</strong></span> <span class='ocrx_word' id='word_1_546' title='bbox 2065 3733 2314 3807; x_wconf 84' lang='lat' dir='ltr'><strong>idcirco,</strong></span> <span class='ocrx_word' id='word_1_547' title='bbox 2346 3745 2640 3812; x_wconf 83' lang='lat' dir='ltr'><strong>quatenus</strong></span> <span class='ocrx_word' id='word_1_548' title='bbox 2671 3734 2912 3815; x_wconf 88' lang='lat' dir='ltr'><strong>quidem</strong></span> <span class='ocrx_word' id='word_1_549' title='bbox 2947 3735 3217 3797; x_wconf 89' lang='lat' dir='ltr'><strong>virtutem</strong></span> <span class='ocrx_word' id='word_1_550' title='bbox 3244 3737 3486 3820; x_wconf 89' lang='lat' dir='ltr'><strong>habent,</strong></span> <span class='ocrx_word' id='word_1_551' title='bbox 3521 3740 3581 3800; x_wconf 93' lang='lat' dir='ltr'><strong>in</strong></span> <span class='ocrx_word' id='word_1_552' title='bbox 3634 3758 3706 3801; x_wconf 89' lang='lat' dir='ltr'><strong>eo</strong></span> 
     </span>
    </p>
   </div>
   <div class='ocr_carea' id='block_1_73' title="bbox 334 3823 3705 3908">
    <p class='ocr_par' dir='ltr' id='par_1_73' title="bbox 334 3823 3705 3908">
     <span class='ocr_line' id='line_1_73' title="bbox 334 3823 3705 3908; baseline 0.001 -19"><span class='ocrx_word' id='word_1_553' title='bbox 334 3827 499 3906; x_wconf 87' lang='lat' dir='ltr'><strong>quod</strong></span> <span class='ocrx_word' id='word_1_554' title='bbox 534 3827 778 3889; x_wconf 90' lang='lat' dir='ltr'><strong>omnino</strong></span> <span class='ocrx_word' id='word_1_555' title='bbox 813 3844 1027 3908; x_wconf 85' lang='lat' dir='ltr'><strong>purum</strong></span> <span class='ocrx_word' id='word_1_556' title='bbox 1065 3833 1126 3886; x_wconf 92' lang='lat' dir='ltr'><strong>et</strong></span> <span class='ocrx_word' id='word_1_557' title='bbox 1157 3825 1580 3887; x_wconf 86' lang='lat' dir='ltr'><strong>inconcussum</strong></span> <span class='ocrx_word' id='word_1_558' title='bbox 1614 3831 1704 3886; x_wconf 88' lang='lat' dir='ltr'><strong>est</strong></span> <span class='ocrx_word' id='word_1_559' title='bbox 1733 3823 2140 3900; x_wconf 85' lang='lat' dir='ltr'><strong>stabilinntur,</strong></span> <span class='ocrx_word' id='word_1_560' title='bbox 2177 3831 2235 3886; x_wconf 89' lang='lat' dir='ltr'><strong>et</strong></span> <span class='ocrx_word' id='word_1_561' title='bbox 2267 3841 2386 3886; x_wconf 91' lang='lat' dir='ltr'><strong>non</strong></span> <span class='ocrx_word' id='word_1_562' title='bbox 2416 3833 2888 3904; x_wconf 87' lang='lat' dir='ltr'><strong>conquassantur</strong></span> <span class='ocrx_word' id='word_1_563' title='bbox 2918 3843 2936 3900; x_wconf 89' lang='lat'><strong>;</strong></span> <span class='ocrx_word' id='word_1_564' title='bbox 2993 3824 3103 3886; x_wconf 90' lang='lat' dir='ltr'><strong>hoc</strong></span> <span class='ocrx_word' id='word_1_565' title='bbox 3143 3825 3302 3886; x_wconf 92' lang='lat' dir='ltr'><strong>enim</strong></span> <span class='ocrx_word' id='word_1_566' title='bbox 3344 3836 3436 3890; x_wconf 90' lang='lat' dir='ltr'><strong>est</strong></span> <span class='ocrx_word' id='word_1_567' title='bbox 3483 3829 3705 3908; x_wconf 77' lang='grc' dir='ltr'>ἁῤῥιπὲς</span> 
     </span>
    </p>
   </div>
   <div class='ocr_carea' id='block_1_74' title="bbox 333 3912 3708 3995">
    <p class='ocr_par' dir='ltr' id='par_1_74' title="bbox 333 3912 3708 3995">
     <span class='ocr_line' id='line_1_74' title="bbox 333 3912 3708 3995; baseline 0 -15"><span class='ocrx_word' id='word_1_568' title='bbox 333 3937 442 3980; x_wconf 89' lang='lat' dir='ltr'><strong>seu</strong></span> <span class='ocrx_word' id='word_1_569' title='bbox 472 3923 779 3989; x_wconf 75' lang='lat' dir='ltr'><strong>constans,</strong></span> <span class='ocrx_word' id='word_1_570' title='bbox 812 3925 1109 3995; x_wconf 89' lang='lat' dir='ltr'><strong>quatenus</strong></span> <span class='ocrx_word' id='word_1_571' title='bbox 1139 3932 1276 3976; x_wconf 90' lang='lat' dir='ltr'><strong>vero</strong></span> <span class='ocrx_word' id='word_1_572' title='bbox 1307 3913 1582 3976; x_wconf 83' lang='lat' dir='ltr'><strong>ordinem</strong></span> <span class='ocrx_word' id='word_1_573' title='bbox 1617 3912 1839 3975; x_wconf 81' lang='lat' dir='ltr'><strong>habent</strong></span> <span class='ocrx_word' id='word_1_574' title='bbox 1867 3912 2388 3994; x_wconf 91' lang='lat' dir='ltr'><strong>sublimissimum,</strong></span> <span class='ocrx_word' id='word_1_575' title='bbox 2421 3915 2494 3976; x_wconf 88' lang='lat' dir='ltr'><strong>ad</strong></span> <span class='ocrx_word' id='word_1_576' title='bbox 2528 3913 2936 3976; x_wconf 88' lang='lat' dir='ltr'><strong>intellectilem</strong></span> <span class='ocrx_word' id='word_1_577' title='bbox 2984 3913 3263 3976; x_wconf 90' lang='lat' dir='ltr'><strong>decorem</strong></span> <span class='ocrx_word' id='word_1_578' title='bbox 3315 3933 3385 3978; x_wconf 87' lang='lat' dir='ltr'><strong>ac</strong></span> <span class='ocrx_word' id='word_1_579' title='bbox 3435 3927 3708 3982; x_wconf 80' lang='lat' dir='ltr'><strong>contem—</strong></span> 
     </span>
    </p>
   </div>
   <div class='ocr_carea' id='block_1_75' title="bbox 335 4003 3708 4090">
    <p class='ocr_par' dir='ltr' id='par_1_75' title="bbox 335 4003 3708 4090">
     <span class='ocr_line' id='line_1_75' title="bbox 335 4003 3708 4090; baseline 0.001 -21"><span class='ocrx_word' id='word_1_580' title='bbox 335 4006 664 4090; x_wconf 83' lang='lat' dir='ltr'><strong>plationem</strong></span> <span class='ocrx_word' id='word_1_581' title='bbox 696 4007 1089 4069; x_wconf 87' lang='lat' dir='ltr'><strong>adducuntur.</strong></span> <span class='ocrx_word' id='word_1_582' title='bbox 1126 4005 1424 4079; x_wconf 87' lang='lat' dir='ltr'><strong>Quantum</strong></span> <span class='ocrx_word' id='word_1_583' title='bbox 1454 4005 1548 4065; x_wconf 84' lang='lat'><strong>66</strong></span> <span class='ocrx_word' id='word_1_584' title='bbox 1579 4013 1779 4066; x_wconf 91' lang='lat' dir='ltr'><strong>autem</strong></span> <span class='ocrx_word' id='word_1_585' title='bbox 1813 4003 1900 4065; x_wconf 84' lang='lat' dir='ltr'><strong>fas</strong></span> <span class='ocrx_word' id='word_1_586' title='bbox 1931 4013 1989 4066; x_wconf 90' lang='lat' dir='ltr'><strong>et</strong></span> <span class='ocrx_word' id='word_1_587' title='bbox 2020 4005 2306 4086; x_wconf 90' lang='lat' dir='ltr'><strong>possibile</strong></span> <span class='ocrx_word' id='word_1_588' title='bbox 2339 4014 2430 4068; x_wconf 89' lang='lat' dir='ltr'><strong>est</strong></span> <span class='ocrx_word' id='word_1_589' title='bbox 2461 4004 2822 4068; x_wconf 85' lang='lat' dir='ltr'><strong>scientilicas</strong></span> <span class='ocrx_word' id='word_1_590' title='bbox 2851 4005 3025 4066; x_wconf 91' lang='lat' dir='ltr'><strong>etiam</strong></span> <span class='ocrx_word' id='word_1_591' title='bbox 3068 4004 3403 4067; x_wconf 85' lang='lat' dir='ltr'><strong>divinorum</strong></span> <span class='ocrx_word' id='word_1_592' title='bbox 3461 4026 3708 4089; x_wconf 88' lang='lat' dir='ltr'><strong>operum</strong></span> 
     </span>
    </p>
   </div>
   <div class='ocr_carea' id='block_1_76' title="bbox 338 4093 3712 4178">
    <p class='ocr_par' dir='ltr' id='par_1_76' title="bbox 338 4093 3712 4178">
     <span class='ocr_line' id='line_1_76' title="bbox 338 4093 3712 4178; baseline 0.001 -17"><span class='ocrx_word' id='word_1_593' title='bbox 338 4100 632 4178; x_wconf 88' lang='lat' dir='ltr'><strong>rationes,</strong></span> <span class='ocrx_word' id='word_1_594' title='bbox 666 4105 942 4178; x_wconf 88' lang='lat' dir='ltr'><strong>tanquam</strong></span> <span class='ocrx_word' id='word_1_595' title='bbox 974 4097 1183 4178; x_wconf 62' lang='lat' dir='ltr'><strong>prima:</strong></span> <span class='ocrx_word' id='word_1_596' title='bbox 1211 4103 1275 4159; x_wconf 88' lang='lat' dir='ltr'><strong>et</strong></span> <span class='ocrx_word' id='word_1_597' title='bbox 1305 4096 1621 4178; x_wconf 69' lang='lat' dir='ltr'><strong>qumjuxta</strong></span> <span class='ocrx_word' id='word_1_598' title='bbox 1651 4094 1841 4157; x_wconf 90' lang='lat' dir='ltr'><strong>Deum</strong></span> <span class='ocrx_word' id='word_1_599' title='bbox 1874 4102 2038 4178; x_wconf 91' lang='lat' dir='ltr'><strong>sunt,</strong></span> <span class='ocrx_word' id='word_1_600' title='bbox 2070 4094 2144 4156; x_wconf 89' lang='lat' dir='ltr'><strong>ab</strong></span> <span class='ocrx_word' id='word_1_601' title='bbox 2169 4095 2427 4178; x_wconf 85' lang='lat' dir='ltr'><strong>ipsemet</strong></span> <span class='ocrx_word' id='word_1_602' title='bbox 2463 4094 2740 4158; x_wconf 85' lang='lat' dir='ltr'><strong>initiandi</strong></span> <span class='ocrx_word' id='word_1_603' title='bbox 2771 4093 3092 4176; x_wconf 88' lang='lat' dir='ltr'><strong>principio,</strong></span> <span class='ocrx_word' id='word_1_604' title='bbox 3126 4094 3183 4157; x_wconf 91' lang='lat' dir='ltr'><strong>id</strong></span> <span class='ocrx_word' id='word_1_605' title='bbox 3219 4102 3310 4158; x_wconf 82' lang='lat' dir='ltr'><strong>est</strong></span> <span class='ocrx_word' id='word_1_606' title='bbox 3355 4095 3503 4175; x_wconf 90' lang='lat' dir='ltr'><strong>Deo,</strong></span> <span class='ocrx_word' id='word_1_607' title='bbox 3565 4117 3712 4162; x_wconf 88' lang='lat' dir='ltr'><strong>eru-</strong></span> 
     </span>
    </p>
   </div>
   <div class='ocr_carea' id='block_1_77' title="bbox 339 4189 618 4251">
    <p class='ocr_par' dir='ltr' id='par_1_77' title="bbox 339 4189 618 4251">
     <span class='ocr_line' id='line_1_77' title="bbox 339 4189 618 4251; baseline -0.007 0"><span class='ocrx_word' id='word_1_608' title='bbox 339 4189 618 4251; x_wconf 88' lang='lat' dir='ltr'><strong>diuntur.</strong></span> 
     </span>
    </p>
   </div>
   <div class='ocr_carea' id='block_1_78' title="bbox 419 4346 1980 4430">
    <p class='ocr_par' dir='ltr' id='par_1_78' title="bbox 419 4346 1974 4430">
     <span class='ocr_line' id='line_1_78' title="bbox 419 4346 1974 4430; baseline -0.005 -18"><span class='ocrx_word' id='word_1_609' title='bbox 419 4350 450 4430; x_wconf 64' lang='lat'><strong>5</strong></span> <span class='ocrx_word' id='word_1_610' title='bbox 505 4346 606 4413; x_wconf 86' lang='lat' dir='ltr'><strong>Ill.</strong></span> <span class='ocrx_word' id='word_1_611' title='bbox 666 4357 831 4409; x_wconf 85' lang='grc' dir='ltr'>Τοῦτο</span> <span class='ocrx_word' id='word_1_612' title='bbox 891 4347 1109 4418; x_wconf 82' lang='grc' dir='ltr'>δηλοῦσι</span> <span class='ocrx_word' id='word_1_613' title='bbox 1167 4349 1254 4406; x_wconf 77' lang='grc' dir='ltr'><strong>καὶ</strong></span> <span class='ocrx_word' id='word_1_614' title='bbox 1324 4349 1370 4406; x_wconf 79' lang='grc' dir='ltr'><strong>οἰ</strong></span> <span class='ocrx_word' id='word_1_615' title='bbox 1439 4347 1705 4429; x_wconf 72' lang='grc' dir='ltr'>προφῆται</span> <span class='ocrx_word' id='word_1_616' title='bbox 1763 4353 1974 4422; x_wconf 80' lang='grc' dir='ltr'>σαφῶς,</span> 
     </span>
    </p>
   </div>
   <div class='ocr_carea' id='block_1_79' title="bbox 2065 4346 3699 4430">
    <p class='ocr_par' dir='ltr' id='par_1_79' title="bbox 2144 4346 3699 4428">
     <span class='ocr_line' id='line_1_79' title="bbox 2144 4346 3699 4428; baseline 0.001 -16"><span class='ocrx_word' id='word_1_617' title='bbox 2144 4349 2173 4428; x_wconf 85' lang='lat'>§</span> <span class='ocrx_word' id='word_1_618' title='bbox 2217 4347 2317 4412; x_wconf 92' lang='lat' dir='ltr'><strong>III.</strong></span> <span class='ocrx_word' id='word_1_619' title='bbox 2352 4347 2475 4412; x_wconf 84' lang='lat' dir='ltr'><strong>Hoc</strong></span> <span class='ocrx_word' id='word_1_620' title='bbox 2503 4347 2682 4410; x_wconf 89' lang='lat' dir='ltr'><strong>etiam</strong></span> <span class='ocrx_word' id='word_1_621' title='bbox 2718 4346 3349 4428; x_wconf 71' lang='lat' dir='ltr'><strong>prephetmperspicue</strong></span> <span class='ocrx_word' id='word_1_622' title='bbox 3367 4347 3699 4413; x_wconf 88' lang='lat' dir='ltr'><strong>declarant.</strong></span> 
     </span>
    </p>
   </div>
   <div class='ocr_carea' id='block_1_80' title="bbox 337 4437 1988 4520">
    <p class='ocr_par' dir='ltr' id='par_1_80' title="bbox 337 4437 1988 4520">
     <span class='ocr_line' id='line_1_80' title="bbox 337 4437 1988 4520; baseline -0.002 -21"><span class='ocrx_word' id='word_1_623' title='bbox 337 4448 532 4520; x_wconf 81' lang='grc' dir='ltr'>τοῦτο,</span> <span class='ocrx_word' id='word_1_624' title='bbox 564 4453 763 4516; x_wconf 71' lang='grc' dir='ltr'>ποῖονς</span> <span class='ocrx_word' id='word_1_625' title='bbox 821 4438 902 4497; x_wconf 81' lang='grc' dir='ltr'><strong>ὅτι</strong></span> <span class='ocrx_word' id='word_1_626' title='bbox 958 4443 1010 4496; x_wconf 80' lang='grc' dir='ltr'><strong>αἰ</strong></span> <span class='ocrx_word' id='word_1_627' title='bbox 1059 4439 1157 4514; x_wconf 75' lang='grc' dir='ltr'>μὲν</span> <span class='ocrx_word' id='word_1_628' title='bbox 1186 4441 1392 4518; x_wconf 67' lang='grc' dir='ltr'>πρῶται</span> <span class='ocrx_word' id='word_1_629' title='bbox 1437 4439 1606 4505; x_wconf 81' lang='grc' dir='ltr'>τάξεις</span> <span class='ocrx_word' id='word_1_630' title='bbox 1637 4437 1698 4494; x_wconf 73' lang='grc' dir='ltr'><strong>ἐκ</strong></span> <span class='ocrx_word' id='word_1_631' title='bbox 1729 4445 1823 4495; x_wconf 76' lang='grc' dir='ltr'>τοὺ</span> <span class='ocrx_word' id='word_1_632' title='bbox 1855 4445 1988 4496; x_wconf 81' lang='grc' dir='ltr'>Θεοῦ</span> 
     </span>
    </p>
   </div>
   <div class='ocr_carea' id='block_1_81' title="bbox 336 4525 1988 4609">
    <p class='ocr_par' dir='ltr' id='par_1_81' title="bbox 336 4525 1988 4609">
     <span class='ocr_line' id='line_1_81' title="bbox 336 4525 1988 4609; baseline -0.002 -23"><span class='ocrx_word' id='word_1_633' title='bbox 336 4531 555 4606; x_wconf 72' lang='grc' dir='ltr'>ἁμέσως</span> <span class='ocrx_word' id='word_1_634' title='bbox 587 4529 972 4606; x_wconf 75' lang='grc' dir='ltr'>ὶλλὰμπονται,</span> <span class='ocrx_word' id='word_1_635' title='bbox 1005 4531 1056 4586; x_wconf 70' lang='grc' dir='ltr'>αἱ</span> <span class='ocrx_word' id='word_1_636' title='bbox 1108 4526 1162 4584; x_wconf 83' lang='grc' dir='ltr'><strong>δὲ</strong></span> <span class='ocrx_word' id='word_1_637' title='bbox 1218 4530 1492 4609; x_wconf 64' lang='grc' dir='ltr'>ὑφειμὶἎναι</span> <span class='ocrx_word' id='word_1_638' title='bbox 1523 4527 1607 4584; x_wconf 82' lang='grc' dir='ltr'><strong>διὰ</strong></span> <span class='ocrx_word' id='word_1_639' title='bbox 1632 4535 1740 4584; x_wconf 82' lang='grc' dir='ltr'>τῶν</span> <span class='ocrx_word' id='word_1_640' title='bbox 1767 4525 1988 4607; x_wconf 74' lang='grc' dir='ltr'>ὑπερϐε-</span> 
     </span>
    </p>
   </div>
   <div class='ocr_carea' id='block_1_82' title="bbox 337 4617 1991 4697">
    <p class='ocr_par' dir='ltr' id='par_1_82' title="bbox 337 4617 1991 4697">
     <span class='ocr_line' id='line_1_82' title="bbox 337 4617 1991 4697; baseline -0.002 -21"><span class='ocrx_word' id='word_1_641' title='bbox 337 4618 604 4688; x_wconf 71' lang='grc' dir='ltr'>ϐηκυιῶν.</span> <span class='ocrx_word' id='word_1_642' title='bbox 677 4618 997 4685; x_wconf 74' lang='grc' dir='ltr'>’Δποδείξεις</span> <span class='ocrx_word' id='word_1_643' title='bbox 1066 4617 1239 4674; x_wconf 61' lang='grc' dir='ltr'>τοίνυν</span> <span class='ocrx_word' id='word_1_644' title='bbox 1305 4625 1413 4674; x_wconf 85' lang='grc' dir='ltr'>τῶν</span> <span class='ocrx_word' id='word_1_645' title='bbox 1473 4617 1764 4697; x_wconf 73' lang='grc' dir='ltr'>εἰρημένων</span> <span class='ocrx_word' id='word_1_646' title='bbox 1817 4619 1991 4684; x_wconf 87' lang='grc' dir='ltr'>τίθησι</span> 
     </span>
    </p>
   </div>
   <div class='ocr_carea' id='block_1_83' title="bbox 338 4706 1994 4791">
    <p class='ocr_par' dir='ltr' id='par_1_83' title="bbox 338 4706 1994 4791">
     <span class='ocr_line' id='line_1_83' title="bbox 338 4706 1994 4791; baseline -0.001 -25"><span class='ocrx_word' id='word_1_647' title='bbox 338 4711 636 4790; x_wconf 72' lang='grc' dir='ltr'>γραφικᾰς,</span> <span class='ocrx_word' id='word_1_648' title='bbox 693 4707 774 4766; x_wconf 79' lang='grc' dir='ltr'><strong>ὅτι</strong></span> <span class='ocrx_word' id='word_1_649' title='bbox 828 4709 970 4791; x_wconf 68' lang='grc' dir='ltr'>τινξς</span> <span class='ocrx_word' id='word_1_650' title='bbox 1024 4709 1121 4785; x_wconf 77' lang='grc' dir='ltr'>μὲν</span> <span class='ocrx_word' id='word_1_651' title='bbox 1151 4715 1256 4765; x_wconf 85' lang='grc' dir='ltr'><strong>τῶν</strong></span> <span class='ocrx_word' id='word_1_652' title='bbox 1286 4706 1551 4786; x_wconf 87' lang='grc' dir='ltr'>θεολόγων</span> <span class='ocrx_word' id='word_1_653' title='bbox 1580 4709 1868 4788; x_wconf 75' lang='grc' dir='ltr'>προφητῶν</span> <span class='ocrx_word' id='word_1_654' title='bbox 1897 4708 1994 4770; x_wconf 80' lang='grc' dir='ltr'><strong>τὰς</strong></span> 
     </span>
    </p>
   </div>
   <div class='ocr_carea' id='block_1_84' title="bbox 341 4796 1994 4878">
    <p class='ocr_par' dir='ltr' id='par_1_84' title="bbox 341 4796 1994 4878">
     <span class='ocr_line' id='line_1_84' title="bbox 341 4796 1994 4878; baseline -0.001 -22"><span class='ocrx_word' id='word_1_655' title='bbox 341 4796 732 4866; x_wconf 70' lang='grc' dir='ltr'>ὑποϐεϐηκυίας</span> <span class='ocrx_word' id='word_1_656' title='bbox 783 4799 1048 4878; x_wconf 78' lang='grc' dir='ltr'>εἰσάγουσι</span> <span class='ocrx_word' id='word_1_657' title='bbox 1106 4797 1407 4873; x_wconf 80' lang='grc' dir='ltr'>μυουμένας</span> <span class='ocrx_word' id='word_1_658' title='bbox 1467 4799 1609 4877; x_wconf 77' lang='grc' dir='ltr'>παρὰ</span> <span class='ocrx_word' id='word_1_659' title='bbox 1661 4803 1768 4853; x_wconf 73' lang='grc' dir='ltr'>τῶν</span> <span class='ocrx_word' id='word_1_660' title='bbox 1799 4797 1994 4876; x_wconf 58' lang='grc' dir='ltr'>προτί·</span> 
     </span>
    </p>
   </div>
   <div class='ocr_carea' id='block_1_85' title="bbox 344 4883 1993 4967">
    <p class='ocr_par' dir='ltr' id='par_1_85' title="bbox 344 4883 1993 4967">
     <span class='ocr_line' id='line_1_85' title="bbox 344 4883 1993 4967; baseline -0.002 -21"><span class='ocrx_word' id='word_1_661' title='bbox 344 4911 477 4967; x_wconf 83' lang='grc' dir='ltr'>ρων,</span> <span class='ocrx_word' id='word_1_662' title='bbox 529 4889 620 4946; x_wconf 77' lang='grc' dir='ltr'><strong>τὸν</strong></span> <span class='ocrx_word' id='word_1_663' title='bbox 677 4889 1138 4967; x_wconf 83' lang='grc' dir='ltr'>ἀνθρωποπρεπῶς</span> <span class='ocrx_word' id='word_1_664' title='bbox 1183 4889 1258 4952; x_wconf 75' lang='grc' dir='ltr'><strong>εἰς</strong></span> <span class='ocrx_word' id='word_1_665' title='bbox 1315 4888 1561 4966; x_wconf 72' lang='grc' dir='ltr'>οὐρανούς</span> <span class='ocrx_word' id='word_1_666' title='bbox 1616 4883 1993 4962; x_wconf 72' lang='grc' dir='ltr'>ἀναλαμϐανό-</span> 
     </span>
    </p>
   </div>
   <div class='ocr_carea' id='block_1_86' title="bbox 345 4975 1992 5058">
    <p class='ocr_par' dir='ltr' id='par_1_86' title="bbox 345 4975 1992 5058">
     <span class='ocr_line' id='line_1_86' title="bbox 345 4975 1992 5058; baseline -0.001 -23"><span class='ocrx_word' id='word_1_667' title='bbox 345 5000 533 5055; x_wconf 82' lang='grc' dir='ltr'>μενον,</span> <span class='ocrx_word' id='word_1_668' title='bbox 566 4977 837 5058; x_wconf 74' lang='grc' dir='ltr'>λεγουσῶν</span> <span class='ocrx_word' id='word_1_669' title='bbox 896 4979 948 5035; x_wconf 74' lang='grc' dir='ltr'>ἐν</span> <span class='ocrx_word' id='word_1_670' title='bbox 1007 4981 1084 5054; x_wconf 83' lang='grc' dir='ltr'>τῷ</span> <span class='ocrx_word' id='word_1_671' title='bbox 1151 4978 1465 5056; x_wconf 74' lang='grc' dir='ltr'>ἐρωτᾶσθαι³</span> <span class='ocrx_word' id='word_1_672' title='bbox 1529 4986 1618 5044; x_wconf 81' lang='grc' dir='ltr'>Τις</span> <span class='ocrx_word' id='word_1_673' title='bbox 1666 4976 1807 5033; x_wconf 83' lang='grc' dir='ltr'>ἐστιν</span> <span class='ocrx_word' id='word_1_674' title='bbox 1840 4975 1992 5056; x_wconf 79' lang='grc' dir='ltr'>οὖρος</span> 
     </span>
    </p>
   </div>
   <div class='ocr_carea' id='block_1_87' title="bbox 347 5065 1997 5145">
    <p class='ocr_par' dir='ltr' id='par_1_87' title="bbox 347 5065 1997 5145">
     <span class='ocr_line' id='line_1_87' title="bbox 347 5065 1997 5145; baseline -0.001 -21"><span class='ocrx_word' id='word_1_675' title='bbox 347 5071 378 5124; x_wconf 81' lang='grc' dir='ltr'><strong>ὁ</strong></span> <span class='ocrx_word' id='word_1_676' title='bbox 404 5066 654 5144; x_wconf 81' lang='grc' dir='ltr'>βασιλεὺς</span> <span class='ocrx_word' id='word_1_677' title='bbox 706 5073 806 5136; x_wconf 77' lang='grc' dir='ltr'><strong>τῆς</strong></span> <span class='ocrx_word' id='word_1_678' title='bbox 866 5066 1064 5141; x_wconf 57' lang='grc' dir='ltr'>δόξῃς</span> <span class='ocrx_word' id='word_1_679' title='bbox 1125 5067 1298 5130; x_wconf 83' lang='grc' dir='ltr'>καθὼς</span> <span class='ocrx_word' id='word_1_680' title='bbox 1357 5065 1412 5123; x_wconf 72' lang='grc' dir='ltr'>ἐν</span> <span class='ocrx_word' id='word_1_681' title='bbox 1468 5073 1545 5130; x_wconf 83' lang='grc' dir='ltr'><strong>τῶ</strong></span> <span class='ocrx_word' id='word_1_682' title='bbox 1603 5067 1825 5140; x_wconf 83' lang='grc' dir='ltr'>εἰκοστῷ</span> <span class='ocrx_word' id='word_1_683' title='bbox 1878 5087 1997 5145; x_wconf 89' lang='grc' dir='ltr'>τρι-</span> 
     </span>
    </p>
   </div>
   <div class='ocr_carea' id='block_1_88' title="bbox 346 5152 1995 5236">
    <p class='ocr_par' dir='ltr' id='par_1_88' title="bbox 346 5152 1995 5236">
     <span class='ocr_line' id='line_1_88' title="bbox 346 5152 1995 5236; baseline -0.001 -23"><span class='ocrx_word' id='word_1_684' title='bbox 346 5160 426 5231; x_wconf 80' lang='grc' dir='ltr'>τῷ</span> <span class='ocrx_word' id='word_1_685' title='bbox 486 5155 686 5233; x_wconf 75' lang='grc' dir='ltr'>ψαλμῷ</span> <span class='ocrx_word' id='word_1_686' title='bbox 740 5160 770 5214; x_wconf 83' lang='grc' dir='ltr'><strong>ὁ</strong></span> <span class='ocrx_word' id='word_1_687' title='bbox 846 5156 1004 5215; x_wconf 83' lang='grc' dir='ltr'>Δαυὶδ</span> <span class='ocrx_word' id='word_1_688' title='bbox 1051 5156 1221 5236; x_wconf 67' lang='grc' dir='ltr'>λέγει,</span> <span class='ocrx_word' id='word_1_689' title='bbox 1283 5153 1478 5234; x_wconf 79' lang='grc' dir='ltr'>Κῦριος</span> <span class='ocrx_word' id='word_1_690' title='bbox 1537 5162 1644 5212; x_wconf 82' lang='grc' dir='ltr'><strong>τῶν</strong></span> <span class='ocrx_word' id='word_1_691' title='bbox 1700 5152 1995 5236; x_wconf 69' lang='grc' dir='ltr'>δονάμεων,</span> 
     </span>
    </p>
   </div>
   <div class='ocr_carea' id='block_1_89' title="bbox 350 5242 1997 5326">
    <p class='ocr_par' dir='ltr' id='par_1_89' title="bbox 350 5242 1997 5326">
     <span class='ocr_line' id='line_1_89' title="bbox 350 5242 1997 5326; baseline -0.001 -24"><span class='ocrx_word' id='word_1_692' title='bbox 350 5246 510 5311; x_wconf 70' lang='grc' dir='ltr'>αὐτός</span> <span class='ocrx_word' id='word_1_693' title='bbox 572 5247 717 5305; x_wconf 69' lang='grc' dir='ltr'>ἔστιν</span> <span class='ocrx_word' id='word_1_694' title='bbox 785 5249 815 5304; x_wconf 78' lang='grc' dir='ltr'>δ</span> <span class='ocrx_word' id='word_1_695' title='bbox 883 5246 1130 5326; x_wconf 77' lang='grc' dir='ltr'>βασιλεὺς</span> <span class='ocrx_word' id='word_1_696' title='bbox 1173 5251 1273 5314; x_wconf 79' lang='grc' dir='ltr'>τῆς</span> <span class='ocrx_word' id='word_1_697' title='bbox 1310 5244 1488 5312; x_wconf 81' lang='grc' dir='ltr'>δόξης’</span> <span class='ocrx_word' id='word_1_698' title='bbox 1565 5243 1718 5302; x_wconf 78' lang='grc' dir='ltr'>ἄλλοι</span> <span class='ocrx_word' id='word_1_699' title='bbox 1787 5242 1997 5324; x_wconf 85' lang='grc' dir='ltr'>δραμα-</span> 
     </span>
    </p>
   </div>
   <div class='ocr_carea' id='block_1_90' title="bbox 345 5333 1992 5416">
    <p class='ocr_par' dir='ltr' id='par_1_90' title="bbox 345 5333 1992 5416">
     <span class='ocr_line' id='line_1_90' title="bbox 345 5333 1992 5416; baseline -0.002 -23"><span class='ocrx_word' id='word_1_700' title='bbox 345 5343 660 5415; x_wconf 80' lang='grc' dir='ltr'>τωργοῦσιν</span> <span class='ocrx_word' id='word_1_701' title='bbox 694 5336 853 5404; x_wconf 69' lang='grc' dir='ltr'>αὐτὸς</span> <span class='ocrx_word' id='word_1_702' title='bbox 882 5339 1013 5416; x_wconf 82' lang='grc' dir='ltr'>πρὸς</span> <span class='ocrx_word' id='word_1_703' title='bbox 1071 5338 1226 5395; x_wconf 71' lang='grc' dir='ltr'>αὐτὸν</span> <span class='ocrx_word' id='word_1_704' title='bbox 1279 5333 1628 5413; x_wconf 78' lang='grc' dir='ltr'>δισποροόσας</span> <span class='ocrx_word' id='word_1_705' title='bbox 1657 5336 1750 5392; x_wconf 75' lang='grc' dir='ltr'><strong>τὸν</strong></span> <span class='ocrx_word' id='word_1_706' title='bbox 1783 5334 1992 5414; x_wconf 75' lang='grc' dir='ltr'>Κύριον,</span> 
     </span>
    </p>
   </div>
   <div class='ocr_carea' id='block_1_91' title="bbox 345 5423 1991 5508">
    <p class='ocr_par' dir='ltr' id='par_1_91' title="bbox 345 5423 1991 5508">
     <span class='ocr_line' id='line_1_91' title="bbox 345 5423 1991 5508; baseline -0.001 -26"><span class='ocrx_word' id='word_1_707' title='bbox 345 5428 436 5484; x_wconf 75' lang='grc' dir='ltr'>καὶ</span> <span class='ocrx_word' id='word_1_708' title='bbox 469 5424 802 5508; x_wconf 83' lang='grc' dir='ltr'>γλιχομένας</span> <span class='ocrx_word' id='word_1_709' title='bbox 835 5431 1025 5504; x_wconf 83' lang='grc' dir='ltr'>μαθεῖν</span> <span class='ocrx_word' id='word_1_710' title='bbox 1080 5428 1142 5484; x_wconf 85' lang='grc' dir='ltr'>τὸ</span> <span class='ocrx_word' id='word_1_711' title='bbox 1183 5428 1283 5494; x_wconf 74' lang='grc' dir='ltr'>τῆς</span> <span class='ocrx_word' id='word_1_712' title='bbox 1327 5424 1457 5503; x_wconf 66' lang='grc' dir='ltr'>ὅπερ</span> <span class='ocrx_word' id='word_1_713' title='bbox 1486 5423 1643 5502; x_wconf 79' lang='grc' dir='ltr'>ἡμῶν</span> <span class='ocrx_word' id='word_1_714' title='bbox 1685 5425 1991 5500; x_wconf 77' lang='grc' dir='ltr'>οἰκονομίας</span> 
     </span>
    </p>
   </div>
   <div class='ocr_carea' id='block_1_92' title="bbox 344 5513 1990 5598">
    <p class='ocr_par' dir='ltr' id='par_1_92' title="bbox 344 5513 1990 5598">
     <span class='ocr_line' id='line_1_92' title="bbox 344 5513 1990 5598; baseline 0 -26"><span class='ocrx_word' id='word_1_715' title='bbox 344 5517 667 5598; x_wconf 71' lang='grc' dir='ltr'>μυστήριον,</span> <span class='ocrx_word' id='word_1_716' title='bbox 699 5519 762 5575; x_wconf 84' lang='grc' dir='ltr'><strong>τὸ</strong></span> <span class='ocrx_word' id='word_1_717' title='bbox 792 5516 946 5598; x_wconf 76' lang='grc' dir='ltr'>ἔργον</span> <span class='ocrx_word' id='word_1_718' title='bbox 975 5519 1037 5577; x_wconf 81' lang='grc' dir='ltr'><strong>τὸ</strong></span> <span class='ocrx_word' id='word_1_719' title='bbox 1057 5522 1331 5598; x_wconf 77' lang='grc' dir='ltr'>προσῆκον</span> <span class='ocrx_word' id='word_1_720' title='bbox 1361 5521 1498 5592; x_wconf 82' lang='grc' dir='ltr'><strong>Θεῷ⁶</strong></span> <span class='ocrx_word' id='word_1_721' title='bbox 1533 5513 1687 5574; x_wconf 81' lang='grc' dir='ltr'>τοῦτο</span> <span class='ocrx_word' id='word_1_722' title='bbox 1717 5515 1818 5596; x_wconf 78' lang='grc' dir='ltr'><strong>γάρ</strong></span> <span class='ocrx_word' id='word_1_723' title='bbox 1847 5513 1990 5572; x_wconf 67' lang='grc' dir='ltr'>ἔστιν</span> 
     </span>
    </p>
   </div>
   <div class='ocr_carea' id='block_1_93' title="bbox 427 5693 974 5772">
    <p class='ocr_par' dir='ltr' id='par_1_93' title="bbox 427 5693 974 5772">
     <span class='ocr_line' id='line_1_93' title="bbox 427 5693 974 5772; baseline 0.007 -14"><span class='ocrx_word' id='word_1_724' title='bbox 427 5697 451 5740; x_wconf 70' lang='grc' dir='ltr'><strong>ί</strong></span> <span class='ocrx_word' id='word_1_725' title='bbox 477 5693 636 5772; x_wconf 82' lang='lat' dir='ltr'><strong>Psal,</strong></span> <span class='ocrx_word' id='word_1_726' title='bbox 668 5712 842 5760; x_wconf 67' lang='grc' dir='ltr'>χχιιι.</span> <span class='ocrx_word' id='word_1_727' title='bbox 873 5696 974 5762; x_wconf 78' lang='grc'><strong>10.</strong></span> 
     </span>
    </p>
   </div>
   <div class='ocr_carea' id='block_1_94' title="bbox 2073 4436 3711 4519">
    <p class='ocr_par' dir='ltr' id='par_1_94' title="bbox 2073 4436 3711 4519">
     <span class='ocr_line' id='line_1_94' title="bbox 2073 4436 3711 4519; baseline 0.002 -19"><span class='ocrx_word' id='word_1_728' title='bbox 2073 4436 2258 4510; x_wconf 85' lang='lat' dir='ltr'><strong>Quale</strong></span> <span class='ocrx_word' id='word_1_729' title='bbox 2285 4438 2450 4500; x_wconf 87' lang='lat' dir='ltr'><strong>hoc?</strong></span> <span class='ocrx_word' id='word_1_730' title='bbox 2501 4438 2656 4519; x_wconf 90' lang='lat' dir='ltr'><strong>quod</strong></span> <span class='ocrx_word' id='word_1_731' title='bbox 2692 4437 2972 4498; x_wconf 87' lang='lat' dir='ltr'><strong>nimirum</strong></span> <span class='ocrx_word' id='word_1_732' title='bbox 3008 4437 3181 4515; x_wconf 86' lang='lat' dir='ltr'><strong>primi</strong></span> <span class='ocrx_word' id='word_1_733' title='bbox 3215 4438 3458 4501; x_wconf 89' lang='lat' dir='ltr'><strong>ordines</strong></span> <span class='ocrx_word' id='word_1_734' title='bbox 3489 4458 3556 4501; x_wconf 87' lang='lat' dir='ltr'><strong>ex</strong></span> <span class='ocrx_word' id='word_1_735' title='bbox 3589 4440 3711 4503; x_wconf 92' lang='lat' dir='ltr'><strong>Deo</strong></span> 
     </span>
    </p>
   </div>
   <div class='ocr_carea' id='block_1_95' title="bbox 2074 4525 3714 4610">
    <p class='ocr_par' dir='ltr' id='par_1_95' title="bbox 2074 4525 3714 4610">
     <span class='ocr_line' id='line_1_95' title="bbox 2074 4525 3714 4610; baseline 0.002 -22"><span class='ocrx_word' id='word_1_736' title='bbox 2074 4527 2418 4589; x_wconf 88' lang='lat' dir='ltr'><strong>immediate</strong></span> <span class='ocrx_word' id='word_1_737' title='bbox 2447 4527 2889 4601; x_wconf 81' lang='lat' dir='ltr'><strong>collustrentur,</strong></span> <span class='ocrx_word' id='word_1_738' title='bbox 2908 4525 3224 4588; x_wconf 81' lang='lat' dir='ltr'><strong>inferiores</strong></span> <span class='ocrx_word' id='word_1_739' title='bbox 3248 4547 3388 4590; x_wconf 80' lang='lat' dir='ltr'><strong>vero</strong></span> <span class='ocrx_word' id='word_1_740' title='bbox 3411 4547 3518 4610; x_wconf 91' lang='lat' dir='ltr'><strong>per</strong></span> <span class='ocrx_word' id='word_1_741' title='bbox 3537 4549 3714 4610; x_wconf 86' lang='lat' dir='ltr'><strong>supe-</strong></span> 
     </span>
    </p>
   </div>
   <div class='ocr_carea' id='block_1_96' title="bbox 2075 4615 3711 4697">
    <p class='ocr_par' dir='ltr' id='par_1_96' title="bbox 2075 4615 3711 4697">
     <span class='ocr_line' id='line_1_96' title="bbox 2075 4615 3711 4697; baseline 0.001 -18"><span class='ocrx_word' id='word_1_742' title='bbox 2075 4616 2284 4679; x_wconf 85' lang='lat' dir='ltr'><strong>riores.</strong></span> <span class='ocrx_word' id='word_1_743' title='bbox 2325 4615 2802 4697; x_wconf 86' lang='lat' dir='ltr'><strong>Scripturisticas</strong></span> <span class='ocrx_word' id='word_1_744' title='bbox 2832 4615 3030 4696; x_wconf 88' lang='lat' dir='ltr'><strong>itaque</strong></span> <span class='ocrx_word' id='word_1_745' title='bbox 3080 4617 3370 4678; x_wconf 88' lang='lat' dir='ltr'><strong>dictorum</strong></span> <span class='ocrx_word' id='word_1_746' title='bbox 3402 4620 3570 4681; x_wconf 72' lang='lat' dir='ltr'><strong>allert</strong></span> <span class='ocrx_word' id='word_1_747' title='bbox 3599 4620 3711 4681; x_wconf 90' lang='lat' dir='ltr'><strong>de-</strong></span> 
     </span>
    </p>
   </div>
   <div class='ocr_carea' id='block_1_97' title="bbox 2077 4702 3710 4786">
    <p class='ocr_par' dir='ltr' id='par_1_97' title="bbox 2077 4702 3710 4786">
     <span class='ocr_line' id='line_1_97' title="bbox 2077 4702 3710 4786; baseline 0.001 -20"><span class='ocrx_word' id='word_1_748' title='bbox 2077 4705 2538 4766; x_wconf 89' lang='lat' dir='ltr'><strong>monstrationes</strong></span> <span class='ocrx_word' id='word_1_749' title='bbox 2566 4721 2582 4779; x_wconf 89' lang='lat'>;</span> <span class='ocrx_word' id='word_1_750' title='bbox 2615 4702 2773 4782; x_wconf 90' lang='lat' dir='ltr'><strong>quod</strong></span> <span class='ocrx_word' id='word_1_751' title='bbox 2802 4702 2986 4783; x_wconf 85' lang='lat' dir='ltr'><strong>aliqui</strong></span> <span class='ocrx_word' id='word_1_752' title='bbox 3018 4704 3260 4781; x_wconf 88' lang='lat' dir='ltr'><strong>quidem</strong></span> <span class='ocrx_word' id='word_1_753' title='bbox 3293 4707 3710 4786; x_wconf 79' lang='lat' dir='ltr'><strong>theologorum</strong></span> 
     </span>
    </p>
   </div>
   <div class='ocr_carea' id='block_1_98' title="bbox 2076 4791 3715 4876">
    <p class='ocr_par' dir='ltr' id='par_1_98' title="bbox 2076 4791 3715 4876">
     <span class='ocr_line' id='line_1_98' title="bbox 2076 4791 3715 4876; baseline 0.003 -22"><span class='ocrx_word' id='word_1_754' title='bbox 2076 4794 2498 4876; x_wconf 80' lang='lat' dir='ltr'><strong>prophetarum</strong></span> <span class='ocrx_word' id='word_1_755' title='bbox 2555 4791 2870 4854; x_wconf 81' lang='lat' dir='ltr'><strong>inferiores</strong></span> <span class='ocrx_word' id='word_1_756' title='bbox 2930 4795 3369 4856; x_wconf 85' lang='lat' dir='ltr'><strong>introducanta</strong></span> <span class='ocrx_word' id='word_1_757' title='bbox 3415 4796 3715 4874; x_wconf 89' lang='lat' dir='ltr'><strong>prioribus</strong></span> 
     </span>
    </p>
   </div>
   <div class='ocr_carea' id='block_1_99' title="bbox 2076 4881 3716 4963">
    <p class='ocr_par' dir='ltr' id='par_1_99' title="bbox 2076 4881 3716 4963">
     <span class='ocr_line' id='line_1_99' title="bbox 2076 4881 3716 4963; baseline 0.002 -18"><span class='ocrx_word' id='word_1_758' title='bbox 2076 4883 2490 4954; x_wconf 88' lang='lat' dir='ltr'><strong>edoctas,eum</strong></span> <span class='ocrx_word' id='word_1_759' title='bbox 2510 4881 2610 4963; x_wconf 85' lang='lat' dir='ltr'><strong>qui</strong></span> <span class='ocrx_word' id='word_1_760' title='bbox 2637 4882 3108 4963; x_wconf 86' lang='lat' dir='ltr'><strong>humanaspecie</strong></span> <span class='ocrx_word' id='word_1_761' title='bbox 3139 4883 3210 4943; x_wconf 88' lang='lat' dir='ltr'><strong>ad</strong></span> <span class='ocrx_word' id='word_1_762' title='bbox 3245 4885 3428 4947; x_wconf 79' lang='lat' dir='ltr'><strong>caelos</strong></span> <span class='ocrx_word' id='word_1_763' title='bbox 3457 4904 3716 4948; x_wconf 85' lang='lat' dir='ltr'><strong>assume-</strong></span> 
     </span>
    </p>
   </div>
   <div class='ocr_carea' id='block_1_100' title="bbox 2076 4961 3715 5042">
    <p class='ocr_par' dir='ltr' id='par_1_100' title="bbox 2076 4961 3715 5042">
     <span class='ocr_line' id='line_1_100' title="bbox 2076 4961 3715 5042; baseline 0.002 -17"><span class='ocrx_word' id='word_1_764' title='bbox 2076 4963 2268 5039; x_wconf 90' lang='lat' dir='ltr'><strong>batur,</strong></span> <span class='ocrx_word' id='word_1_765' title='bbox 2284 4961 2626 5026; x_wconf 86' lang='lat' dir='ltr'><strong>dicentibus</strong></span> <span class='ocrx_word' id='word_1_766' title='bbox 2653 4981 2789 5024; x_wconf 90' lang='lat' dir='ltr'><strong>cum</strong></span> <span class='ocrx_word' id='word_1_767' title='bbox 2821 4961 3289 5042; x_wconf 78' lang='lat' dir='ltr'><strong>interrogarent:</strong></span> <span class='ocrx_word' id='word_1_768' title='bbox 3329 4966 3486 5042; x_wconf 78' lang='lat' dir='ltr'><strong>Quis</strong></span> <span class='ocrx_word' id='word_1_769' title='bbox 3501 4975 3586 5029; x_wconf 80' lang='lat' dir='ltr'><strong>est</strong></span> <span class='ocrx_word' id='word_1_770' title='bbox 3604 4969 3715 5028; x_wconf 78' lang='lat' dir='ltr'><strong>iste</strong></span> 
     </span>
    </p>
   </div>
   <div class='ocr_carea' id='block_1_101' title="bbox 2079 5050 3714 5136">
    <p class='ocr_par' dir='ltr' id='par_1_101' title="bbox 2079 5050 3714 5136">
     <span class='ocr_line' id='line_1_101' title="bbox 2079 5050 3714 5136; baseline 0 -20"><span class='ocrx_word' id='word_1_771' title='bbox 2079 5070 2196 5117; x_wconf 70' lang='lat' dir='ltr'><strong>rex</strong></span> <span class='ocrx_word' id='word_1_772' title='bbox 2223 5053 2438 5133; x_wconf 72' lang='lat' dir='ltr'><strong>gloriae</strong></span> <span class='ocrx_word' id='word_1_773' title='bbox 2459 5050 2478 5092; x_wconf 72' lang='grc' dir='ltr'><em>τ</em></span> <span class='ocrx_word' id='word_1_774' title='bbox 2495 5059 2523 5116; x_wconf 86' lang='lat'><strong><em>?</em></strong></span> <span class='ocrx_word' id='word_1_775' title='bbox 2545 5053 2697 5114; x_wconf 88' lang='lat' dir='ltr'><strong>sicut</strong></span> <span class='ocrx_word' id='word_1_776' title='bbox 2725 5051 2785 5112; x_wconf 92' lang='lat' dir='ltr'><strong>in</strong></span> <span class='ocrx_word' id='word_1_777' title='bbox 2818 5050 3099 5113; x_wconf 89' lang='lat' dir='ltr'><strong>vicesimo</strong></span> <span class='ocrx_word' id='word_1_778' title='bbox 3134 5055 3305 5117; x_wconf 89' lang='lat' dir='ltr'><strong>tertio</strong></span> <span class='ocrx_word' id='word_1_779' title='bbox 3339 5055 3564 5136; x_wconf 91' lang='lat' dir='ltr'><strong>psalmo</strong></span> <span class='ocrx_word' id='word_1_780' title='bbox 3595 5055 3714 5118; x_wconf 89' lang='lat' dir='ltr'><strong>Da-</strong></span> 
     </span>
    </p>
   </div>
   <div class='ocr_carea' id='block_1_102' title="bbox 2077 5141 3718 5225">
    <p class='ocr_par' dir='ltr' id='par_1_102' title="bbox 2077 5141 3718 5225">
     <span class='ocr_line' id='line_1_102' title="bbox 2077 5141 3718 5225; baseline -0.001 -21"><span class='ocrx_word' id='word_1_781' title='bbox 2077 5143 2171 5205; x_wconf 87' lang='lat' dir='ltr'><strong>vid</strong></span> <span class='ocrx_word' id='word_1_782' title='bbox 2201 5144 2311 5205; x_wconf 91' lang='lat' dir='ltr'><strong>ait:</strong></span> <span class='ocrx_word' id='word_1_783' title='bbox 2341 5145 2634 5206; x_wconf 80' lang='lat' dir='ltr'><strong>Dominus</strong></span> <span class='ocrx_word' id='word_1_784' title='bbox 2651 5141 2946 5203; x_wconf 80' lang='lat' dir='ltr'><strong>vi-rtutum</strong></span> <span class='ocrx_word' id='word_1_785' title='bbox 2971 5141 3097 5222; x_wconf 80' lang='lat' dir='ltr'><strong>ipse</strong></span> <span class='ocrx_word' id='word_1_786' title='bbox 3117 5152 3198 5206; x_wconf 86' lang='lat' dir='ltr'><strong>est</strong></span> <span class='ocrx_word' id='word_1_787' title='bbox 3219 5161 3334 5206; x_wconf 73' lang='lat' dir='ltr'><strong>rea:</strong></span> <span class='ocrx_word' id='word_1_788' title='bbox 3355 5147 3592 5225; x_wconf 66' lang='lat' dir='ltr'><strong>glorior;</strong></span> <span class='ocrx_word' id='word_1_789' title='bbox 3615 5141 3718 5205; x_wconf 89' lang='lat' dir='ltr'><strong>alii</strong></span> 
     </span>
    </p>
   </div>
   <div class='ocr_carea' id='block_1_103' title="bbox 2079 5229 3716 5316">
    <p class='ocr_par' dir='ltr' id='par_1_103' title="bbox 2079 5229 3716 5316">
     <span class='ocr_line' id='line_1_103' title="bbox 2079 5229 3716 5316; baseline -0.002 -20"><span class='ocrx_word' id='word_1_790' title='bbox 2079 5251 2370 5316; x_wconf 88' lang='lat' dir='ltr'><strong>personas</strong></span> <span class='ocrx_word' id='word_1_791' title='bbox 2401 5249 2606 5296; x_wconf 79' lang='lat' dir='ltr'><strong>earum</strong></span> <span class='ocrx_word' id='word_1_792' title='bbox 2641 5229 2932 5292; x_wconf 87' lang='lat' dir='ltr'><strong>inducunt</strong></span> <span class='ocrx_word' id='word_1_793' title='bbox 2973 5231 3135 5293; x_wconf 89' lang='lat' dir='ltr'><strong>circa</strong></span> <span class='ocrx_word' id='word_1_794' title='bbox 3174 5233 3368 5314; x_wconf 92' lang='lat' dir='ltr'><strong>ipsum</strong></span> <span class='ocrx_word' id='word_1_795' title='bbox 3400 5232 3716 5295; x_wconf 90' lang='lat' dir='ltr'><strong>Dominum</strong></span> 
     </span>
    </p>
   </div>
   <div class='ocr_carea' id='block_1_104' title="bbox 2080 5320 3717 5402">
    <p class='ocr_par' dir='ltr' id='par_1_104' title="bbox 2080 5320 3717 5402">
     <span class='ocr_line' id='line_1_104' title="bbox 2080 5320 3717 5402; baseline -0.002 -17"><span class='ocrx_word' id='word_1_796' title='bbox 2080 5321 2517 5398; x_wconf 81' lang='lat' dir='ltr'><strong>dubitantes,ac</strong></span> <span class='ocrx_word' id='word_1_797' title='bbox 2535 5320 2770 5383; x_wconf 87' lang='lat' dir='ltr'><strong>discere</strong></span> <span class='ocrx_word' id='word_1_798' title='bbox 2787 5320 3095 5401; x_wconf 88' lang='lat' dir='ltr'><strong>cupientes</strong></span> <span class='ocrx_word' id='word_1_799' title='bbox 3112 5324 3458 5402; x_wconf 81' lang='lat' dir='ltr'><strong>mysterium</strong></span> <span class='ocrx_word' id='word_1_800' title='bbox 3478 5321 3717 5402; x_wconf 85' lang='lat' dir='ltr'><strong>dispen-</strong></span> 
     </span>
    </p>
   </div>
   <div class='ocr_carea' id='block_1_105' title="bbox 2074 5408 3715 5494">
    <p class='ocr_par' dir='ltr' id='par_1_105' title="bbox 2074 5408 3715 5494">
     <span class='ocr_line' id='line_1_105' title="bbox 2074 5408 3715 5494; baseline -0.003 -18"><span class='ocrx_word' id='word_1_801' title='bbox 2074 5413 2322 5476; x_wconf 89' lang='lat' dir='ltr'><strong>sationis</strong></span> <span class='ocrx_word' id='word_1_802' title='bbox 2343 5421 2580 5488; x_wconf 82' lang='lat' dir='ltr'><strong>nostrae,</strong></span> <span class='ocrx_word' id='word_1_803' title='bbox 2604 5410 2764 5493; x_wconf 88' lang='lat' dir='ltr'><strong>quod</strong></span> <span class='ocrx_word' id='word_1_804' title='bbox 2790 5428 2938 5491; x_wconf 88' lang='lat' dir='ltr'><strong>opus</strong></span> <span class='ocrx_word' id='word_1_805' title='bbox 2959 5408 3080 5472; x_wconf 89' lang='lat' dir='ltr'><strong>Deo</strong></span> <span class='ocrx_word' id='word_1_806' title='bbox 3105 5413 3405 5494; x_wconf 86' lang='lat' dir='ltr'><strong>competit;</strong></span> <span class='ocrx_word' id='word_1_807' title='bbox 3431 5412 3715 5490; x_wconf 88' lang='lat' dir='ltr'><strong>quoniam</strong></span> 
     </span>
    </p>
   </div>
   <div class='ocr_carea' id='block_1_106' title="bbox 2077 5498 3713 5589">
    <p class='ocr_par' dir='ltr' id='par_1_106' title="bbox 2077 5498 3713 5589">
     <span class='ocr_line' id='line_1_106' title="bbox 2077 5498 3713 5589; baseline -0.004 -21"><span class='ocrx_word' id='word_1_808' title='bbox 2077 5514 2276 5568; x_wconf 88' lang='lat' dir='ltr'><strong>nostra</strong></span> <span class='ocrx_word' id='word_1_809' title='bbox 2305 5503 2693 5589; x_wconf 88' lang='lat' dir='ltr'><strong>dispensatio,</strong></span> <span class='ocrx_word' id='word_1_810' title='bbox 2746 5500 2854 5568; x_wconf 88' lang='lat' dir='ltr'><strong>Dei</strong></span> <span class='ocrx_word' id='word_1_811' title='bbox 2907 5502 3172 5582; x_wconf 88' lang='lat' dir='ltr'><strong>operatio</strong></span> <span class='ocrx_word' id='word_1_812' title='bbox 3203 5511 3330 5568; x_wconf 86' lang='lat' dir='ltr'><strong>est:</strong></span> <span class='ocrx_word' id='word_1_813' title='bbox 3379 5518 3522 5564; x_wconf 84' lang='lat' dir='ltr'><strong>vere</strong></span> <span class='ocrx_word' id='word_1_814' title='bbox 3552 5498 3713 5564; x_wconf 91' lang='lat' dir='ltr'><strong>enim</strong></span> 
     </span>
    </p>
   </div>
  </div>
