4042 6206
246 391 361 463 9'29

657 392 753 461 De
800 392 1147 462 omnes“
1199 383 1697 474 inauspicata,
1745 390 1910 455 CAP.
1961 381 2096 450 VII.
2147 419 2225 431 --
2271 379 2654 450 mittimur
2711 379 3231 449 PACHYMER/E.

3511 379 3630 452 230

241 537 332 602 τήν
375 535 651 613 ἱεραρχίαν
706 531 1047 610 προεθέμεθα,
1095 533 1366 610 κάθαρσιν,
1442 531 1736 610 φωτισμὸν,
1800 529 1884 584 καὶ

1976 532 2250 592 cabamus
2267 549 2334 591 ex
2346 530 2682 609 piationem,
2698 531 3291 611 illuminationem,et
3310 531 3630 611 perfectio.

242 623 512 680 τελείωσιν
577 612 766 681 .”Εττι
798 619 852 676 es
910 625 1192 690 ἡτοιαύτη
1245 623 1485 700 ἱεραρχία
1534 628 1633 676 τῶν
1665 618 1886 691 πρώτών

242 714 494 791 οὖρανίων
537 715 694 785 νοοῦν,
763 713 849 766 καὶ
905 713 1082 778 πείσης
1126 710 1356 792 ὑφέσεως
1400 712 1485 766 καὶ
1524 707 1889 783 ὑποϐιϐασμοῦ

240 804 438 880 ἀμιγὴς
481 804 553 870 (οἱ
602 803 696 880 γαρ
766 801 940 880 θρόνοι
985 801 1288 880 ἒξοίρονται)
1333 803 1418 856 καὶ
1464 801 1671 878 πρώτου
1714 801 1886 879 φωτὸς

238 892 476 968 πλήρης.
538 891 876 970 Ἐμπρησταὶ
945 892 1045 970 γὰρ
1099 893 1164 947 τὰ
1211 892 1438 969 σεραφὶμ
1481 889 1752 966 λέγονται,
1801 890 1889 944 καὶ

238 979 575 1058 πρωτοδὸτου
615 980 923 1054 ἐπιστήμης
968 982 1056 1036 καὶ
1093 979 1340 1058 γνώσεως
1367 980 1628 1058 μέτοχος,
1671 1000 1890 1035 τοιαυτα

235 1072 334 1149 γὰρ
377 1072 442 1126 τὰ
487 1068 769 1150 χερουϐίμ.
841 1070 987 1137 Πλὴν
1017 1071 1111 1126 οὐκ
1151 1069 1290 1135 ἰδίως
1335 1070 1407 1124 ἑνι
1452 1069 1660 1142 ἑκάστῳ
1701 1076 1888 1146 ταῦτα,

235 1160 376 1216 ἀλλὰ
417 1164 591 1216 πάντα
660 1165 787 1216 πᾶσι
854 1161 991 1215 κατὰ
1044 1161 1142 1227 τὴν
1187 1159 1293 1215 ἀπὸ
1337 1167 1469 1216 Θεοῦ
1540 1161 1670 1237 πρὸς
1732 1159 1891 1219 αὒτὰς

235 1252 420 1330 χάριν,
454 1251 552 1307 Διὰ
583 1257 735 1306 τοῦτο
779 1252 868 1306 καὶ
897 1250 1121 1328 πρώτως
1160 1253 1259 1316 τὴν
1302 1257 1406 1305 τῶν
1428 1250 1623 1328 θρὸνων
1655 1247 1895 1314 ἰδιότητα

236 1341 386 1414 εἷπε,
447 1337 690 1417 δευτέραν
747 1337 802 1394 δὲ
854 1340 951 1406 τὴν
995 1345 1102 1395 τῶν
1176 1341 1422 1419 σεραφὶμ,
1472 1341 1561 1395 καὶ
1605 1339 1712 1394 εἶθ’
1757 1341 1895 1394 οὓτω

239 1432 332 1498 τὴν
365 1431 476 1486 τῶν
523 1429 702 1504 μέσων
753 1433 925 1487 αὐτῶν
993 1427 1272 1509 χεροῶμ,
1332 1428 1511 1505 ὥσπερ
1573 1427 1895 1502 εἰλημμένου

237 1527 328 1576 τοὺ
360 1520 525 1595 μέσου
555 1517 637 1575 διὰ
685 1520 791 1575 τῶν
842 1517 1040 1598 ἄκρων,
1072 1520 1164 1575 καὶ
1187 1525 1313 1594 μιᾶς
1346 1518 1638 1595 γενομένης
1670 1517 1890 1582 τάξεως.

242 1610 341 1664 Διὰ
373 1617 526 1667 τοῦτο
549 1607 760 1686 λέγεται
804 1609 892 1664 καὶ
948 1609 1010 1664 τὸ
1037 1607 1170 1682 ὕψος
1213 1607 1413 1664 τούτων
1457 1608 1631 1673 πάσης
1663 1606 1894 1686 ὑφέσεως

239 1697 455 1775 ἀμιγὲς,
505 1699 594 1754 καὶ
634 1698 695 1753 τὸ
743 1703 855 1775 φῶς
906 1704 1140 1776 πρῶτον,
1200 1699 1285 1753 καὶ
1315 1700 1348 1764 ἡ
1394 1703 1590 1773 γνῶσις
1631 1694 1897 1774 πρωτὸδο-

238 1808 354 1860 τος,
415 1787 498 1842 ὅτι
548 1786 636 1842 καί
685 1786 750 1842 τὰ
805 1787 920 1864 τρὶα
977 1787 1221 1864 τάγματα
1279 1788 1352 1844 εἰς
1411 1787 1535 1860 μίαν
1581 1785 1892 1862 συνάγονται

309 1845 354 1860 -,
837 1845 848 1864 ,
1057 1845 1090 1864 ,,
1411 1845 1422 1860 ,
1725 1845 1737 1862 ,

237 1876 407 1945 τάξιν,
451 1879 540 1933 καὶ
582 1876 677 1950 μία
723 1898 804 1940 τις
865 1875 1211 1932 ἀποτελεῖται
1266 1877 1434 1954 τρίέις²
1475 1877 1651 1932 κοινὸν
1701 1876 1787 1930 καὶ
1829 1874 1891 1929 τὸ
1919 1845 1952 1893 Β

238 1966 670 2044 ὑπερηρημένον,
696 1967 786 2022 καὶ
844 1966 1019 2032 πάσης
1070 1963 1301 2042 ὑφέσεως
1333 1965 1685 2042 ὑψηλότερον,
1717 1964 1894 2020 κοινὸν

238 2060 324 2112 ni.
398 2058 462 2112 τὸ
518 2058 725 2135 πρῶτον
793 2060 930 2134 φῶς,
981 2055 1167 2122 κοινὴν
1248 2057 1335 2111 καὶ
1405 2056 1504 2122 τὴν
1563 2052 1896 2131 πρωτόδοιον

239 2152 440 2223 γνῶσιν
498 2143 724 2225 ἔχουσα,
793 2145 890 2200 Διὰ
957 2151 1115 2200 τοῦτο
1156 2145 1328 2202 τοίνυν
1379 2145 1544 2210 οὕτως
1592 2144 1708 2224 ἔχει
1754 2157 1898 2200 νοεῖν

241 2236 324 2292 ἰπὶ
359 2242 427 2310 τῇ
487 2257 669 2311 πρωτῃ
729 2233 1079 2308 διακοσμήσει
1125 2234 1206 2290 ὅτι
1253 2237 1317 2291 τα
1348 2235 1462 2312 τρία
1511 2235 1760 2311 τάγματα
1822 2235 1898 2295 οἷς

241 2327 366 2400 μίαν
430 2324 574 2389 τάξιν
634 2326 972 2402 συνάγονται,
1050 2327 1136 2380 καὶ
1209 2326 1272 2380 τὰ
1329 2324 1469 2387 ἰδίως
1538 2324 1899 2398 ἀπονενεμένα

241 2417 448 2477 τούτοις
493 2414 636 2491 παρὰ
665 2417 764 2482 τῆς
797 2436 1020 2493 χαριτος
1068 2415 1260 2478 κοινῶς
1288 2415 1375 2469 καὶ
1420 2435 1642 2491 πρώτως
1689 2413 1895 2492 ἔχουσι,

241 2505 343 2563 Καὶ
391 2503 525 2570 αὕτη
555 2501 758 2570 ἡτάξις
782 2510 967 2581 πρώτη
993 2502 1228 2581 λέγεται,
1286 2505 1459 2567 καθὼς
1504 2504 1590 2558 καὶ
1636 2502 1742 2558 ἀπὸ
1800 2507 1899 2566 τῆς

241 2594 545 2671 ἐπιγραφῆς
633 2601 728 2650 τοῦ
800 2593 1058 2669 παρόντος
1128 2591 1352 2666 ἑϐδόμου
1422 2590 1708 2671 κενριλαίου
1761 2590 1898 2647 ἔστιν

239 2682 370 2738 ἰδεῖν
401 2702 416 2715 ⁸
475 2681 690 2760 πρώτην
741 2683 844 2761 γὰρ
884 2683 1161 2762 ἱεραρχίαν
1239 2682 1336 2748 τὴν
1406 2689 1511 2737 τῶν
1555 2683 1711 2749 τρίών
1768 2680 1899 2754 ὃμοῦ

239 2775 441 2839 τίθησι.
506 2773 603 2829 Καὶ
664 2773 711 2827 τὶ
751 2771 916 2850 λέγω,
952 2777 1134 2850 φησὶν,
1179 2771 1260 2827 ὅτι
1305 2769 1651 2848 πληρουμένη
1697 2774 1896 2847 καθαρ-

242 2883 404 2941 σεως,
472 2862 797 2940 καθαίρεται,
886 2863 972 2917 καὶ
1055 2868 1330 2941 φωτισμοῦ
1413 2867 1701 2938 φωτιζεται
1749 2874 1763 2888 '
1811 2853 1900 2914 καὶ

239 2950 1132 3029 τελεσιουργίας,τελεσιουργεῖται
1179 2967 1194 3023 ;
1242 2958 1395 3006 τοῦτο
1452 2952 1552 3027 γὰρ
1603 2951 1688 3004 καὶ
1717 2970 1893 3023 παρα·-

238 3041 540 3116 τεταμὲνην
603 3041 720 3120 ἔχει
762 3041 860 3108 τὴν
919 3039 1124 3119 πρᾶξιν,
1175 3041 1262 3095 καὶ
1319 3044 1436 3095 οἷον
1492 3037 1710 3102 ἀτελοῦς
1754 3059 1893 3099 τινος

1972 639 2106 680 nem
2161 637 2266 680 seu
2329 620 2862 681 consecrationem.
2908 620 3016 681 Est
3062 631 3259 681 autem
3295 619 3626 686 istiusmodi

1971 710 2294 791 primarum
2353 709 2641 770 mentium
2675 709 3007 772 cmlestium
3043 709 3401 781 hierarchia,
3439 710 3631 772 omnis

1970 818 2102 860 cum
2137 796 2375 858 vilitatis
2408 806 2528 860 tum
2590 797 2981 877 subjectionis
3039 817 3260 878 expers
3312 799 3627 880 (siquidem

1971 888 2166 950 throni
2192 887 2474 958 eminent)
2509 896 2565 949 et
2591 888 2795 966 priuue
2820 887 2968 949 lucis
3001 888 3199 968 plena,
3224 894 3505 968 quoniam
3542 892 3627 950 in-

1971 995 2250 1038 censores
2285 977 2662 1057 appellantur
2693 978 2992 1058 seraphim
3027 999 3042 1058 ;
3075 997 3182 1040 nec
3242 997 3359 1039 non
3423 979 3629 1058 prima:

1973 1066 2240 1128 scientiae
2280 1067 2760 1147 cognitionisque
2817 1066 3139 1147 particeps.
3175 1076 3240 1128 ut
3285 1085 3355 1128 ex
3385 1068 3630 1129 nomine

1977 1164 2132 1234 patet
2160 1155 2496 1217 cherubini.
2531 1154 2752 1218 Verum
2809 1156 3114 1217 enimvero
3169 1157 3325 1218 haud
3387 1157 3628 1237 proprie

1977 1246 2102 1307 hzec
2131 1244 2374 1307 cuilibet
2397 1248 2758 1307 conveniunt
2787 1245 2892 1306 sed
2924 1246 3125 1306 omnia
3145 1245 3394 1324 singulis
3415 1264 3627 1308 secun-

1977 1335 2118 1396 dum
2152 1333 2298 1410 ipsis
2327 1353 2361 1394 a
2383 1333 2504 1395 Deo
2540 1334 2736 1396 datam
2772 1335 3042 1409 gratiam.
3081 1333 3151 1395 Et
3182 1343 3494 1420 propterea
3517 1336 3633 1414 pri-

1979 1443 2138 1485 mum
2172 1425 2521 1485 thronorum
2578 1424 2998 1504 proprietatem
3046 1425 3332 1504 exposuit,
3369 1425 3630 1487 secundo

1977 1513 2108 1574 loco
2138 1513 2620 1591 serapliiuorum,
2657 1522 2714 1574 et
2749 1520 2951 1593 postea
2982 1512 3320 1574 medioloco
3359 1514 3634 1575 cherubi-

1979 1623 2218 1671 norum,
2265 1604 2344 1664 ita
2389 1611 2452 1663 ut
2497 1603 2730 1664 medius
2775 1601 3212 1682 quodammodo
3241 1603 3314 1664 ab
3347 1603 3632 1665 extremis

1975 1691 2672 1770 concludatur.unusque
2695 1693 2840 1754 ordo
2875 1693 2994 1754 fiat.
3015 1690 3140 1765 Quo
3158 1695 3314 1754 circa
3343 1694 3519 1754 etiam
3538 1695 3630 1755 di-

1979 1782 2134 1843 citur
2148 1781 2482 1844 sublimitas
2505 1799 2713 1844 eorum
2737 1780 2932 1843 omnis
2962 1781 3316 1861 dejectionis
3335 1791 3637 1864 expers.et

1975 1870 2176 1934 lumen
2213 1871 2828 1952 primum,etscientia
2845 1871 3120 1952 primitus
3148 1871 3318 1949 data;
3351 1873 3632 1952 quoniam

1976 1967 2100 2021 tres
2121 1961 2213 2021 isti
2239 1961 2482 2022 ordines
2513 1960 2572 2021 in
2607 1979 2790 2021 unum
2837 1967 3076 2034 coeunt,
3104 1968 3161 2020 et
3192 1979 3342 2022 unus
3391 1961 3630 2041 quidam

1979 2049 2286 2130 perficitur
2316 2053 2630 2119 ternarius,
2667 2057 2766 2130 qui
2802 2051 2857 2110 in
2904 2051 3205 2111 communi
3228 2051 3491 2131 possidet
3516 2052 3635 2112 ele—

1980 2141 2297 2219 vationem,
2329 2157 2510 2219 supra
2541 2158 2777 2200 omnem
2805 2139 3266 2201 submissiOuem
3294 2140 3632 2202 sublimita-

1984 2231 2481 2308 tem,primarium
2508 2229 2800 2308 lumen,et
2833 2229 3103 2308 primitus
3125 2229 3316 2290 datam
3336 2231 3633 2308 cognitio-

1984 2337 2144 2378 nem.
2173 2317 2295 2379 Hoc
2344 2319 2438 2378 68
2486 2320 2662 2396 igitur
2695 2318 2870 2379 modo
2929 2317 3002 2379 de
3028 2317 3217 2396 prima
3247 2319 3633 2398 dispositione

1984 2406 2364 2468 sentiendum
2425 2417 2560 2482 est,
2614 2406 2752 2488 quia
2782 2416 2905 2469 tres
2937 2407 3032 2466 isti
3083 2407 3323 2468 ordines
3351 2408 3410 2467 in
3447 2427 3625 2468 unum

1984 2497 2420 2576 coaduuantur,
2451 2506 2508 2557 et
2538 2515 2669 2576 quae
2702 2497 2937 2574 proprie
2984 2515 3088 2574 per
3115 2497 3356 2572 gratiam
3407 2496 3634 2558 indulta

1981 2596 2139 2664 sunt,
2177 2587 2235 2645 iu
2266 2589 2570 2648 communi
2620 2587 3022 2665 prituarioque
3075 2585 3404 2665 possident.
3441 2588 3634 2662 Atque

1984 2677 2078 2736 hic
2105 2677 2250 2736 ordo
2295 2676 2522 2756 primus
2549 2684 2960 2756 nuncupatur,
2985 2676 3066 2737 uti
3092 2694 3162 2736 ex
3196 2676 3371 2754 hujus
3398 2678 3632 2755 septimi

1983 2765 2194 2844 capitis
2248 2765 2636 2844 inscriptione
2694 2766 2896 2826 videre
2945 2764 3127 2825 licet:
3163 2763 3412 2842 primam
3473 2764 3631 2825 enim

1983 2854 2382 2916 hierarchiam
2413 2854 2587 2916 trium
2621 2855 2827 2916 horum
2852 2853 3028 2917 simul
3061 2855 3247 2934 ponit.
3276 2853 3632 2935 Ecquid,in-

1977 2954 2121 3021 quit,
2155 2951 2304 3017 dico.
2338 2953 2488 3023 quod
2519 2955 2840 3022 etpiatione
2863 2954 3028 3023 plena
3053 2955 3336 3022 expietur,
3376 2962 3430 3010 et
3466 2951 3633 3009 ilius-

1981 3043 2217 3100 trationc
2249 3043 2412 3113 plena
2458 3045 2831 3109 iliuminctur,
2861 3053 3408 3115 consecrationcque
3466 3042 3631 3114 plena

239 3132 505 3198 κινήσεως
566 3127 768 3186 ἔννοιαν
809 3127 1039 3191 δίδωσιν,
1086 3127 1256 3185 Ἀλλὰ
1315 3127 1544 3185 συνελὼν
1589 3127 1752 3206 λέγω,
1806 3128 1892 3182 καί

1979 3131 2338 3201 perﬁciatur?
2366 3133 2485 3188 Hoc
2515 3135 2666 3190 enim
2699 3145 2994 3191 extensum
3025 3133 3192 3190 habet
3215 3135 3633 3205 operationem.

239 3221 386 3298 τάχα
434 3221 530 3276 οὒκ
583 3219 905 3298 ἀπεικότως,
965 3219 1098 3285 αὐτὴ
1148 3220 1209 3275 τὸ
1260 3220 1604 3297 προσεγγίσαι
1659 3221 1742 3273 καὶ
1789 3237 1889 3291 με-

1976 3229 2030 3276 et
2058 3223 2219 3291 quasi
2245 3223 2560 3294 imperfecti
2589 3223 2884 3294 cujusdam
2913 3234 3102 3280 motus
3121 3237 3356 3280 sensum
3390 3224 3626 3294 ingerit.

237 3307 502 3366 ταλαϐεῐν
555 3311 654 3376 τῆς
711 3311 1005 3389 θεαρχικῆς
1049 3309 1376 3384 ἐπιστήμης.
1442 3307 1784 3382 Ἐπιστήμην
1837 3305 1891 3361 δὲ

239 3398 404 3456 καλεῖ
465 3400 530 3456 τὰ
587 3399 703 3477 τρία
757 3410 945 3473 ταῦτα,
1007 3401 1104 3466 τὴν
1158 3397 1434 3479 κάθαρσιν,
1465 3400 1557 3454 τὸν
1585 3398 1888 3478 φωτισμὸν,

240 3489 337 3556 τὴν
390 3486 687 3544 τελείωσινο
742 3487 822 3544 ὅτι
882 3488 1003 3546 καθ’
1055 3489 1183 3568 ἕξιν,
1241 3487 1447 3563 μᾶλλον
1502 3487 1556 3544 δὲ
1615 3489 1702 3543 καὶ
1762 3487 1892 3564 ὑπὲρ

239 3578 348 3644 ἕξιν
378 3577 621 3656 ἂῤῥήτως
653 3587 815 3636 ταῦτα
857 3577 1100 3657 πρόσεισι
1149 3585 1226 3652 τῷ
1282 3585 1418 3653 Θεῷ.
1474 3579 1610 3634 Αὐτὸ
1658 3585 1780 3655 γοῦν
1831 3577 1892 3631 τὸ

241 3666 574 3742 μεταλαϐεῖν
630 3668 728 3736 τῆς
783 3669 924 3732 θείας
985 3670 1290 3744 ἐπιστήμης
1333 3667 1584 3746 κάθαρσίς
1636 3668 1773 3745 εστι,
1809 3667 1896 3722 καὶ

241 3760 548 3837 γωτισμὸς,
610 3759 699 3814 καὶ
751 3757 1042 3829 τελείωσις,
1096 3757 1308 3838 ἀγνοίας
1343 3757 1441 3832 μὲν
1472 3755 1894 3835 ἀποκαθαίρουσα

242 3847 299 3902 ἓν
357 3855 430 3924 τῇ
486 3847 678 3926 γνώσει
733 3853 840 3904 τῶν
899 3847 1236 3926 τελειοτὶρων
1294 3849 1544 3923 μυήσεων
1600 3847 1737 3902 κατὰ
1793 3846 1892 3912 τὴν

238 3935 387 4002 τάξιν
420 3936 516 4004 τῆς
559 3938 818 4002 στάσεως·
883 3936 1070 4016 (ἄλλας
1101 3939 1202 4016 γὰρ
1231 3935 1348 4016 ἔχει
1379 3935 1713 4013 τελειοτέρας
1743 3937 1889 4009 μυὴ-

242 4047 353 4092 σεις
418 4027 484 4084 τὰ
539 4029 788 4106 σεραφὶμ,
847 4029 933 4083 καὶ
990 4025 1155 4089 ἄλλας
1212 4027 1260 4082 οἱ
1315 4025 1556 4104 ἄγγελοιο
1591 4027 1758 4104 τυχὸν
1788 4025 1892 4102 γὰρ

241 4115 305 4179 ἃς
356 4115 546 4195 ἷχοοσι
595 4115 929 4193 τελειοτέρας
979 4118 1069 4173 καὶ
1122 4114 1459 4193 ὑψηλοτέρας
1518 4114 1813 4190 ἐλλάμψεις
1844 4117 1891 4173 οἱ

242 4203 496 4284 ἄγγελοι,
547 4205 742 4269 ταύτας
789 4207 853 4262 τὰ
905 4205 1132 4284 σεραφὶμ
1189 4205 1412 4270 ἑκτικῶς
1469 4204 1692 4284 κατέχει
1751 4206 1892 4284 παρὰ

242 4296 346 4362 τῆς
373 4298 517 4359 θείας
564 4296 840 4376 χάριτος)
873 4296 1168 4377 φωτίζουσα
1225 4293 1279 4351 δὲ
1335 4294 1389 4350 ἐν
1446 4297 1580 4370 αὖτῇ
1615 4317 1782 4371 ταυτῃ
1824 4297 1892 4372 τῇ

243 4386 467 4462 γνώσει,
526 4382 595 4442 δι’
656 4387 724 4451 ἧς
783 4388 870 4442 καὶ
925 4385 1158 4462 καθαίρει
1192 4385 1290 4452 τὴν
1321 4387 1382 4444 οὐ
1411 4384 1665 4464 πρότερον
1719 4407 1890 4441 κατα-

242 4477 523 4543 νοήσασιν
577 4473 816 4551 δύναμιν,
877 4475 1083 4552 ἐκεῖνα,
1157 4474 1291 4552 ἅπερ
1355 4481 1444 4531 νῦν
1501 4473 1748 4553 γινώσκει
1806 4473 1888 4530 διὰ

1973 3298 2191 3362 Verum
2215 3304 2556 3365 summatim
2588 3304 2747 3385 dico,
2768 3313 2826 3365 et
2857 3303 3008 3365 forte
3055 3323 3174 3366 non
3203 3303 3532 3378 immerito,
3565 3303 3627 3365 id

1971 3401 2167 3483 ipsum
2215 3420 2348 3464 esse
2376 3404 2854 3486 appropinquare
2903 3413 2961 3464 et
2991 3401 3438 3466 communicare
3469 3402 3624 3464 divi-

1975 3509 2066 3552 nze
2093 3490 2378 3554 scientiae.
2416 3493 2738 3554 Seientiam
2769 3501 2968 3554 autem
2987 3501 3155 3553 vocat
3186 3491 3312 3553 haec
3333 3491 3633 3565 tria,sci|i-

1981 3589 2077 3642 cet
2118 3581 2546 3660 expiationem,
2600 3582 3118 3653 illuminationem,
3154 3582 3578 3660 perfectionem
3611 3599 3626 3657 ;

1977 3669 2258 3748 quoniam
2283 3671 2613 3732 secundum
2633 3671 3020 3750 habitum,vel
3047 3670 3240 3750 potius
3261 3689 3440 3750 supra
3463 3669 3625 3732 habi-

1977 3759 2513 3830 tum,ineifabiliter
2542 3765 2653 3822 ista
2697 3760 2921 3822 suntin
2965 3763 3111 3822 Deo.
3143 3759 3404 3839 Ipsamet
3430 3760 3629 3839 itaque

1977 3849 2344 3928 participatio
2368 3850 2579 3911 divina)
2621 3850 2909 3930 scientia,
2955 3848 3214 3930 expiatio
3253 3858 3366 3929 est,
3401 3859 3460 3910 et
3490 3850 3628 3910 iliu-

1978 3938 2219 3999 miuatio
2249 3947 2426 4016 atque
2472 3939 2779 4020 perfectio,
2807 3937 3203 4017 ignorantiam
3252 3938 3494 4018 quidem
3519 3957 3629 4000 ex-

1977 4027 2144 4103 pians
2170 4027 2375 4089 notitia
2399 4029 3266 4108 perfectioruminstitutionum
3294 4027 3624 4089 secundum

1975 4117 2248 4178 ordinem
2277 4125 2466 4181 statua
2500 4120 2659 4198 (nam
2696 4119 2844 4180 alias
2876 4118 3264 4199 perfectiores
3295 4115 3626 4179 institutio-

1975 4224 2083 4268 nes
2127 4206 2350 4268 habent
2406 4207 2730 4288 seraphim,
2792 4215 2849 4269 et
2905 4207 3048 4269 alias
3072 4206 3306 4286 angeli;
3359 4205 3627 4268 fortassis

1974 4303 2128 4355 enim
2165 4300 2528 4370 perfectiores
2560 4316 2626 4357 ac
2641 4299 3010 4358 sublimiores
3040 4298 3451 4356 illustrationes
3482 4312 3626 4370 quas

1973 4389 2164 4459 angeli
2196 4389 2427 4460 habent,
2455 4389 2684 4447 easdem
2715 4389 3004 4460 seraphim
3035 4389 3227 4446 divina
3251 4389 3431 4460 gratia
3475 4386 3630 4443 habi—

1973 4479 2202 4535 tualiter
2239 4479 2580 4548 continent),
2615 4480 2952 4536 illuminans
2983 4494 3117 4536 vero
3147 4494 3213 4536 ea
3253 4480 3373 4551 ipsa
3411 4479 3629 4540 notitia.

242 4565 345 4629 τῆς
376 4562 710 4644 ὑψηλοτέρας
760 4564 1110 4641 ¹ὲλλιίμψεως·
1173 4566 1262 4621 καὶ
1318 4564 1592 4621 τελειοῦσα
1649 4562 1811 4620 πάλιν
1840 4564 1892 4620 ἓν

1977 4581 2088 4638 qua
2119 4569 2330 4639 expiat.
2365 4572 2630 4626 virtutem
2663 4569 2844 4634 illam,
2885 4583 3016 4640 quae
3048 4569 3208 4639 prius
3239 4584 3354 4626 non
3388 4582 3632 4639 cognos-

245 4654 392 4728 αὐτῷ
421 4659 500 4728 τῷ
541 4657 676 4734 φωτὶ
732 4657 788 4711 ἐν
836 4661 904 4732 τῇ
961 4654 1078 4710 καθ’
1137 4652 1240 4720 ἕξιν
1297 4655 1489 4730 γνώσει
1541 4655 1646 4708 τῶν
1674 4651 1894 4729 ὑψηλῶν

243 4745 333 4800 καὶ
391 4743 788 4820 λαμπροτάτων
844 4745 1106 4814 νοήσεων,
1169 4744 1243 4798 Σὺ
1296 4741 1351 4798 δὲ
1413 4743 1533 4822 ὅρια,
1585 4741 1664 4798 ὅτι
1719 4744 1774 4798 ἐν
1830 4748 1896 4819 τῇ

243 4832 442 4910 γνώσει
494 4837 581 4891 καὶ
629 4837 930 4914 καθαίρεται
981 4834 1070 4888 καὶ
1127 4833 1407 4914 φωτίζεται
1464 4833 1499 4898 ³η
1558 4832 1767 4910 οὐρανία
1804 4831 1894 4889 δύ-

243 4943 430 4998 ναμις’
478 4927 536 4980 ἰν
586 4922 641 4980 δὲ
697 4931 774 4997 τῷ
823 4929 1106 5003 φωτισμῷ,
1158 4923 1284 4980 ὅταν
1332 4919 1451 4979 καθ’
1501 4923 1606 4988 ἕξιν
1631 4926 1892 5003 φωτισθῇ,

241 5015 336 5070 καὶ
370 5011 744 5088 ἆμετάϐλητος
802 5015 891 5071 καὶ
944 5013 1334 5089 ἀμετακίνητος
1393 5013 1448 5068 ἐν
1502 5012 1687 5085 ἐκείνῳ
1713 5013 1892 5090 μείνῃ,

240 5104 367 5160 τότε
400 5101 455 5159 δὲ
485 5102 800 5164 τελειοῦται.
840 5103 938 5160 Διὰ
965 5103 1016 5158 τί
1065 5100 1119 5158 δὲ
1168 5103 1256 5158 καὶ
1300 5103 1355 5158 ὲν
1403 5107 1470 5176 τῇ
1506 5099 1624 5158 καθ’
1653 5099 1758 5168 ἕξιν
1790 5125 1891 5160 κα-

239 5185 425 5262 θάρσει
455 5185 518 5240 οὗ
545 5183 859 5264 τελειοῦται,
909 5184 953 5238 εἰ
999 5183 1080 5258 μὴ
1124 5182 1180 5238 ἒν
1211 5187 1288 5254 τῷ
1315 5179 1431 5238 καθ’
1459 5180 1563 5247 ἕξιν
1591 5189 1850 5261 φωτισμῷ
1875 5201 1892 5256 ;

239 5270 382 5330 διότι
433 5276 467 5342 ἡ
527 5275 626 5349 μὲν
683 5277 933 5353 κάθαρσις
985 5274 1077 5340 τὰς
1133 5271 1347 5352 ἄγνοίας
1404 5271 1770 5350 ἀποκαθαίρει,
1805 5277 1894 5330 καὶ

241 5365 304 5422 οὐ
333 5369 441 5428 πᾶς
473 5366 744 5440 καθαρθεὶς
796 5363 897 5432 ἤδη
945 5363 1035 5419 καὶ
1087 5363 1158 5428 εἰς
1217 5363 1277 5418 τὸ
1334 5359 1492 5439 ἄκρον
1527 5361 1781 5441 πέφθακεο
1816 5368 1892 5436 τῷ

239 5448 295 5506 δὲ
375 5452 676 5530 γαθαρθέντι
723 5457 750 5511 ὁ
816 5453 1095 5534 φωτισμὸς
1153 5453 1600 5532 ἓπεισερχόμενος
1659 5451 1885 5528 τελειοϊ,

238 5539 378 5619 ὅπερ
444 5541 554 5600 ἐστὶ
610 5543 934 5621 τελειότερος
990 5542 1266 5620 φωτισμὸς
1296 5562 1380 5616 ,τε
1450 5543 1538 5598 καὶ
1595 5539 1886 5618 ἕλλαμψις.

237 5636 494 5688 Τοιοῦτον
525 5632 625 5711 γάρ
659 5632 768 5690 ἐστι
799 5635 884 5689 καὶ
915 5631 1004 5686 et)"
1054 5627 1141 5687 Ἐν
1196 5635 1272 5704 τῷ
1325 5631 1457 5710 φωτί
1498 5621 1593 5688 σου
1650 5629 1889 5708 ὀψόμεθα

239 5725 390 5803 edn,
419 5718 665 5788 δηλονότι
699 5722 754 5779 ἐν
781 5730 858 5801 τῷ
887 5722 1148 5805 φωτισμῷ
1174 5719 1272 5789 τὴν
1315 5718 1610 5782 τελείωσιν.

1979 4657 2140 4714 cebat
2163 4673 2224 4715 ea
2256 4673 2379 4729 quae
2409 4673 2564 4716 nunc
2592 4659 2890 4731 cognoscit
2923 4673 3022 4728 per
3047 4659 3442 4717 sublimiorem
3469 4657 3632 4715 illus-

1979 4739 2504 4820 tralionem;atque
2536 4740 2854 4820 perficiens
2884 4757 3121 4802 rursum
3157 4741 3369 4802 eodem
3401 4742 3630 4804 lumine

1977 4827 2314 4890 inscientia
2345 4829 2625 4890 habituali
2659 4827 3076 4891 sublimiorum
3111 4837 3168 4891 et
3193 4830 3629 4893 illustrissimth

1975 4934 2106 4979 rum
2133 4917 2684 4996 inteliigentiarum.
2718 4919 2804 4980 Tu
2829 4936 2965 4979 vero
2991 4919 3307 4981 considera
3329 4923 3629 5002 quomodo

1976 5006 2235 5070 caelestis
2253 5007 2435 5070 virtus
2455 5008 2798 5088 cognitione
2842 5016 2902 5069 et
2927 5008 3203 5088 expietur
3233 5017 3290 5071 ct
3321 5010 3627 5073 illumine-

1979 5097 2173 5170 tur,in
2203 5096 2642 5158 illuminatione
2667 5105 2889 5173 autem,
2907 5098 3143 5177 quando
3165 5101 3492 5161 secundum
3522 5101 3631 5162 ha-

1979 5183 2165 5246 bitum
2193 5185 2521 5247 illuminata
2541 5185 2746 5263 fuerit,
2765 5185 3276 5268 immutabilisque
3300 5197 3356 5250 et
3384 5189 3632 5250 invaria-

1975 5273 2114 5336 bilis
2144 5275 2204 5336 in
2236 5293 2306 5337 ea
2340 5274 2760 5356 permanserit,
2797 5275 3162 5355 perﬁciatur.
3191 5276 3403 5357 thuid
3429 5292 3627 5338 autem

1941 5431 1943 5434 ς
1973 5364 2260 5426 habituali
2281 5365 2616 5446 expiatione
2640 5384 2880 5447 quoque
2898 5385 3017 5428 nou
3039 5367 3470 5448 perﬁcitur,sed
3506 5377 3631 5429 tan-

1974 5460 2098 5514 tum
2131 5455 2186 5514 in
2216 5454 2499 5518 habituali
2529 5455 2966 5518 illuminatione
2996 5458 3024 5517 Ἰ
3052 5456 3332 5536 quoniam
3368 5455 3621 5535 expiatio

1973 5543 2214 5625 quidem
2249 5553 2457 5626 purgat
2499 5544 2864 5625 ignorantias
2895 5553 2952 5607 et
2985 5563 3100 5606 non
3129 5547 3323 5606 omnis
3355 5545 3623 5626 expiatus

1975 5632 2170 5695 statim
2225 5633 2298 5695 ad
2331 5652 2630 5697 summum
2663 5633 2953 5715 pervenit,
3002 5634 3105 5696 sed
3139 5640 3432 5715 expiatum
3479 5635 3621 5700 illu-

1975 5722 2221 5788 minatio
2261 5725 2686 5807 superveniens
2743 5725 3001 5809 perficit,
3053 5743 3122 5789 ea
3162 5723 3445 5791 nimirum
3489 5745 3623 5807 qua:
