4058 6196
230 283 326 355 933
631 283 728 351 DE
772 279 1121 352 COELESTI
1167 279 1668 369 HIERARCHIA,
1712 282 1876 350 CAP.
1928 280 2062 352 VII.
2098 321 2170 332 -—
2204 283 2592 350 PARAPHR.
2629 284 3120 352 PACHYMERAQ
3448 286 3565 354 234

226 423 479 490 ἦὲττίατις
540 415 846 480 ἆποίκιλτος
905 419 989 473 καὶ
1047 418 1335 494 ἑνοποιὸς,
1395 417 1470 474 ὅτι
1533 417 1704 494 ἁπλῆ,
1739 422 1825 476 καὶ

1919 419 2083 482 etiam
2122 419 2376 482 eruditio
2407 419 2576 482 cibus
2609 420 2925 482 nutrientis
2967 421 3325 501 appellatur,
3392 425 3571 501 juxta

226 514 302 568 οὐκ
327 510 370 574 ἐξ
399 507 566 564 ἄλλων
615 509 703 563 καὶ
753 506 930 562 ἄλλων
982 507 1324 585 συγκειμένη,
1383 513 1468 563 νῦν
1524 509 1621 582 μὲν
1670 512 1835 590 τυχὸν

1920 510 2250 588 theologum
2287 528 2680 590 magnumque
2711 509 3084 590 Gregorium,
3123 511 3308 572 multo
3376 513 3567 590 magis

226 601 474 672 νοστίμων,
508 606 594 655 νῦν
625 595 680 652 δὲ
709 600 770 654 οὖ
798 594 1074 676 τοιούτων,
1131 596 1254 652 ἀλλ’
1305 597 1405 664 ὅλη
1438 598 1710 672 νόστιμος,
1746 601 1835 655 καὶ

1919 603 2093 661 etiam
2126 599 2380 660 eruditio
2411 599 2579 661 cibus
2610 600 2829 662 eruditi
2858 599 2980 662 dici
3008 599 3226 678 possit.
3259 599 3570 673 Quomodo

227 689 397 764 ἀγαθὴ,
439 687 525 743 καὶ
555 688 820 764 θεοποιὸς,
874 687 961 741 καὶ
1010 686 1270 762 ἀγνοοῦσα
1306 686 1529 744 καθόλου
1557 689 1646 744 τὸν
1679 688 1831 768 ἴλιγο

1919 697 2112 751 autem
2147 688 2271 749 haec
2303 688 2585 750 comestio
2615 688 2858 750 minime
2879 688 3039 750 varia
3060 697 3120 750 et
3150 689 3400 752 unitica?
3431 692 3573 768 quia

225 801 324 854 γον,
353 778 514 839 καθὼς
551 778 638 833 καὶ
681 777 868 853 πρώην
899 774 1182 852 ἐλέγομεν.
1254 780 1326 835 Οὐ
1383 789 1572 856 χεῖρον
1632 777 1686 834 δὲ
1744 780 1832 836 καὶ

1919 778 2166 856 simplex
2197 785 2303 851 est,
2340 785 2399 838 et
2429 796 2544 838 non
2568 797 2638 838 ex
2667 777 2800 839 aliis
2827 785 3006 858 atque
3028 777 3161 839 aliis
3201 781 3558 861 composita,

219 868 302 933 τήν
341 868 426 922 τοῦ
465 872 552 921 νοῦ
608 865 871 932 κυκλικὴν
931 867 1139 930 κίνησιν
1195 870 1547 942 καταμαθεῖν.
1594 868 1836 945 Λέγομεν

219 956 386 1027 τοίνυν,
419 955 496 1010 ὃτι
529 961 632 1010 πᾶν
667 957 728 1010 τὸ
759 963 870 1027 νοῦ,
904 954 941 1022 ἢ
971 953 1090 1018 νοῦς
1121 955 1180 1010 ἄν
1209 972 1346 1031 νοεῖ,
1409 956 1443 1024 ἢ
1503 964 1620 1014 νοῦν
1679 957 1832 1038 ἔχον

221 1045 359 1118 ὁμὲν
385 1051 494 1106 νοῦς
530 1043 605 1100 ὧν
629 1045 854 1122 πρώτως
905 1055 1041 1100 νοεῖ·
1101 1044 1163 1099 τὸ
1219 1041 1272 1099 δὲ
1330 1053 1448 1103 νοῦν
1479 1045 1612 1125 ἔχοι
1654 1045 1836 1104 δευτέ-

216 1156 304 1210 ρως
333 1148 459 1195 νοεῖ.
495 1131 644 1193 Καθὸ
701 1140 827 1211 γοῦν
880 1133 998 1196 νοῦς
1055 1132 1130 1189 ὥν
1162 1147 1298 1213 νοεῖ,
1333 1139 1594 1192 κινεῖσθαι
1627 1135 1837 1214 λέγοιτο

218 1222 292 1278 ἄν*
319 1225 438 1279 καθὸ
490 1221 545 1278 δὲ
583 1223 948 1296 ἀνακάμπτων
1003 1223 1090 1278 καὶ
1149 1225 1266 1301 περὶ
1322 1225 1479 1280 αὐτὸν
1534 1227 1832 1303 γινόμενος,

217 1313 378 1368 ὲαυτδν
419 1325 553 1391 νοεῖ,
590 1314 678 1368 καὶ
709 1313 802 1368 τὸν
829 1313 929 1382 πρὸ
957 1311 1118 1368 αὖτοῦ
1151 1311 1202 1377 ἐξ
1233 1315 1294 1369 οὗ
1325 1313 1576 1388 συνέστη,
1608 1315 1835 1383 κυκλικὴ

217 1401 482 1458 ἐπινοεῖται
515 1402 819 1470 ἡκίνησις,
886 1391 978 1464 Ὠς
1036 1401 1124 1456 οὖν
1182 1401 1242 1458 ἐκ
1300 1411 1431 1462 Θεοῦ
1487 1404 1835 1480 βουληθέντος

217 1489 524 1569 προϐληθεὶς,
586 1493 707 1564 περὶ
764 1491 862 1557 τὴν
918 1497 1011 1546 τοῦ
1055 1499 1188 1550 Θεοῦ
1245 1491 1420 1555 ἔφεσιν
1477 1495 1565 1549 vati
1595 1494 1834 1570 ἀγάπην,

214 1582 274 1642 ὡς
315 1582 422 1655 περὶ
481 1581 725 1658 κέντρον,
772 1579 943 1635 ἔσται’
1007 1581 1066 1636 οὗ
1121 1581 1222 1658 γὰρ
1276 1582 1483 1638 ἑνοῦται
1524 1583 1590 1638 τὰ
1624 1581 1837 1661 δεύτερα

218 1682 318 1731 τοῖς
346 1672 441 1746 πρὸ
472 1670 672 1741 αὺτῶν,
703 1668 842 1724 ἀλλά
875 1671 1057 1748 χορείᾳ
1099 1675 1200 1725 τινὶ
1247 1672 1308 1726 τὸ
1365 1672 1641 1748 γινόμενον
1670 1672 1836 1729 ἔοικε·

219 1758 457 1823 κυκλικῶς
489 1761 592 1838 γὰρ
625 1762 729 1816 τῶν
793 1757 1164 1838 γεννωμένων,
1217 1767 1325 1816 τῶν
1379 1762 1684 1839 γεννώντων
1714 1761 1837 1818 ἐπι·
1863 1799 1898 1850 Β

217 1844 493 1925 δρέττεσθαι
550 1848 868 1923 ἐφιεμένων
924 1849 1083 1922 μόνον
1139 1847 1192 1904 δὲ
1249 1851 1693 1931 περιαθροόντιον,
1751 1854 1837 1909 καὶ

210 1945 287 1994 τοῦ
337 1937 531 1994 ἐκεῖθεν
604 1937 834 2001 κάλλοῦς
869 1937 1384 2014 ἀποπληρουμένων,
1448 1942 1519 1998 Τὸ
1565 1941 1652 1997 οὗν
1683 1941 1737 1997 ἐν
1770 1947 1838 2019 τῇ

212 2028 366 2096 νοήσει
397 2028 523 2105 πρὸς
585 2029 648 2083 τὸ
706 2029 809 2105 πρὸ
866 2028 1052 2084 ἑαυτοῦ
1087 2026 1545 2108 ἐπεστραμμένων,
1578 2029 1834 2098 κυκλικῆς

213 2119 441 2186 κινήσεως
474 2117 684 2174 ἔννοιαν
739 2118 961 2194 εἰσάγει,
1043 2114 1190 2175 Ἐπεὶ
1263 2119 1351 2174 οὖν
1423 2123 1705 2200 πανταχοῦ
1772 2122 1834 2177 τὸ

213 2213 365 2279 Θεῖον,
397 2207 458 2261 τὰ
487 2213 782 2286 πανταχοῦ
840 2207 984 2281 αὖτῷ
1042 2206 1546 2283 συνακολουθοῦντα,
1593 2211 1680 2265 καὶ
1713 2211 1838 2266 αὐτὸ

369 2295 531 2314 ἐνλο

217 2385 516 2464 χορεὼοσιν,
581 2386 764 2462 ὣσπερ
821 2384 890 2460 τῇ
947 2388 1134 2456 νοήσει
1191 2385 1548 2461 κυκλούμενα,
1612 2387 1836 2464 Λέγεται

210 2484 315 2550 γοῦν
343 2481 453 2538 νοῦς
483 2474 537 2528 ἐν
573 2476 746 2549 ἐαυτῷ
803 2475 973 2555 εἶναι,
1035 2477 1121 2531 καὶ
1164 2478 1294 2553 πρὸς
1352 2477 1538 2533 ἐαυτὶν
1571 2475 1834 2533 σπεύδειν·

211 2563 248 2637 ᾧ
287 2563 370 2638 μὲν
420 2564 508 2619 οὖν
566 2567 629 2620 ἒν
689 2565 861 2638 ἑαυτῷ
919 2565 1054 2640 ἐστι,
1112 2567 1294 2622 στάσιν
1353 2565 1664 2645 ἔχειογατὰ
1693 2565 1745 2622 δὲ
1775 2569 1836 2624 τὸ

210 2654 321 2729 πρὸς
353 2654 530 2710 ἑαυτὸν
566 2652 842 2727 σπεύδειν,
904 2655 1168 2736 κινεῖται,
1230 2659 1307 2730 μὴ
1363 2654 1684 2731 βουλόμενος
1717 2655 1838 2712 δια-ο

208 2743 402 2820 χεῖσθαι
474 2745 546 2809 εἷς
625 2745 720 2808 τὰς
792 2745 1083 2822 προσύλους
1153 2746 1241 2800 καὶ
1312 2743 1589 2823 ἀλλοτρίας
1679 2750 1837 2804 αὐτοῦ

205 2833 412 2900 νοήσεις.
470 2834 618 2889 κατὰ
676 2835 775 2908 μὲν
839 2835 928 2889 οὗν
988 2835 1048 2890 τὸ
1108 2836 1512 2914 ταῦτοκίνητον,
1573 2849 1826 2892 κινεῖται·

209 2922 320 2975 κατα
346 2919 395 2975 δὲ
422 2923 517 2988 τὴν
550 2923 738 2979 οὖσίαν
770 2923 954 2979 στάσιν
998 2921 1116 2979 ἀλλ’
1157 2923 1216 2980 οὗ
1250 2924 1456 2991 κίνησιν
1489 2924 1630 3004 ἔχει,
1668 2923 1833 2982 ’Ἔστι

205 3010 350 3066 τοίνυν
394 3015 476 3067 καὶ
532 3013 626 3068 ἐπὶ
697 3019 804 3069 τῶν
860 3014 1014 3069 θείων
1056 3015 1143 3069 καὶ
1203 3015 1456 3092 οὐρανίων
1513 3016 1648 3070 νόων
1693 3017 1833 3094 ὁρμὴ

208 3100 282 3154 καὶ
307 3102 524 3174 κίνησις,
688 3103 821 3180 πρὸς
852 3105 914 3158 τὸ
945 3109 1102 3159 Θεϊον
1146 3101 1346 3182 ἔφεσις,
1379 3105 1466 3160 καὶ
1496 3106 1530 3172 ἡ
1561 3105 1680 3183 περί
1709 3106 1834 3161 αὐτὸ

206 3191 267 3250 ὡς
293 3192 401 3267 περὶ
442 3191 667 3271 κέντρον
739 3189 966 3260 κυκλικὴ
1035 3194 1245 3271 χορεία,
1320 3194 1394 3256 ὡς
1468 3194 1502 3260 ἡ
1573 3201 1666 3250 τοῦ
1735 3195 1832 3250 κύ-

205 3277 320 3335 κλου
373 3283 489 3360 περὶ
542 3283 608 3338 τὸ
670 3297 906 3358 σημεῖον
935 3281 1054 3349 ἤτοι
1097 3282 1334 3361 κέντρον,
1367 3281 1457 3362 ἀφ’
1497 3286 1557 3340 οὗ
1585 3287 1830 3351 συνέστη.

205 3363 292 3428 Καὶ
355 3371 451 3448 γὰρ
519 3372 613 3428 καὶ
689 3372 828 3428 κατὰ
871 3372 1098 3451 φυσικὴν
1128 3371 1368 3450 ἀνάγκην
1431 3372 1656 3432 ἕκαστον
1726 3374 1833 3432 τῶν

205 3456 348 3515 ὄντων
388 3462 481 3528 τὴν
537 3462 664 3542 περὶ
718 3464 811 3518 τὸν
871 3465 1000 3518 Θεὸν
1058 3463 1274 3542 χορεύει
1320 3464 1558 3544 χορείαν,
1611 3463 1832 3540 ἐφιέμε-

204 3568 278 3604 νον
304 3557 388 3606 τοῦ
452 3552 621 3608 αἰτίου
699 3552 836 3607 κατὰ
901 3553 962 3609 τὸ
1029 3552 1199 3610 εἶναι.
1272 3552 1448 3618 Οὕτως
1479 3555 1568 3608 οὖν
1596 3555 1714 3632 περὶ
1743 3553 1834 3609 τὸν

204 3637 392 3695 πέντων
418 3639 647 3717 βασιλέα
707 3641 881 3718 πήντα
937 3641 1047 3698 ἐστὶ
1099 3643 1188 3698 καὶ
1243 3640 1442 3700 ἐκείνου
1488 3642 1646 3700 ἕνεκα
1692 3642 1834 3699 ποίν-

203 3746 279 3798 τα,
333 3730 412 3785 καὶ
474 3730 661 3787 ἐκεῖνο
721 3730 970 3787 ἁπάντων
1025 3729 1204 3788 καλῶν
1262 3729 1438 3787 αἴτιον
1497 3729 1645 3789 Ἐπεὶ
1700 3733 1834 3789 νεύει

204 3817 316 3892 πρὸς
361 3822 507 3899 Θεὸν,
542 3818 760 3887 πολλῆς
803 3821 1080 3883 κοινωνίας
1112 3822 1200 3876 καὶ
1253 3822 1554 3899 συνεργείας
1585 3822 1833 3902 ἠξίωται,

206 3905 252 3960 ἓν
297 3912 358 3983 τῇ
411 3911 545 3985 πρὸς
607 3910 794 3989 αὒτὸν,
833 3911 904 3971 ὡς
937 3911 1173 3989 ἔφικτὸν,
1204 3909 1553 3988 ἄφομοιώσξι⁸
1592 3910 1706 3967 ἐπεὶ
1734 3913 1834 3989 γὰρ

205 3994 250 4048 ἒν
278 4004 384 4070 Θεῷ
441 3997 544 4063 ἕξις
601 3997 718 4055 ἐστί
779 4001 872 4056 καὶ
922 4000 1183 4078 ἒνὲρῖεια,
1229 3998 1474 4066 δηλονότι
1516 4002 1578 4056 τὸ
1605 4001 1832 4079 καθαρὸν

207 4085 332 4153 καἱῆ
361 4087 636 4168 κάθαρσις,
674 4090 738 4144 τὸ
794 4091 906 4168 φῶς
962 4090 1049 4145 καὶ
1109 4091 1137 4146 ὁ
1196 4091 1498 4169 φωτισμὸς,
1539 4091 1601 4145 τὸ
1629 4088 1832 4147 τέλειον

207 4174 280 4228 ui
302 4176 360 4230 τὸ
386 4175 980 4258 τελειοποιὸνομούτων
1037 4179 1137 4256 γὰρ
1193 4179 1254 4234 τὸ
1308 4178 1407 4254 μὲν
1437 4178 1578 4235 ἐστιν
1608 4178 1734 4250 ἕξις,
1767 4181 1829 4236 τὸ

205 4259 545 4347 δὶὶνέργεια),
579 4267 805 4335 ἠξίωται
861 4268 948 4324 καὶ
1006 4267 1140 4334 αὕτη
1199 4268 1477 4331 κοινωνίας
1515 4271 1620 4324 τῶν
1649 4267 1830 4324 καλῶν

1921 867 2097 928 modo
2129 865 2371 948 quidem
2401 865 2551 928 forte
2580 866 2878 947 dulcibus,
2911 867 3087 930 modo
3117 886 3253 936 vero
3281 888 3400 930 non
3434 872 3566 932 tali-

1921 955 2052 1030 bus,
2079 957 2181 1018 sed
2207 966 2323 1018 tota
2352 954 2546 1017 dulcis
2563 961 2676 1030 est,
2704 963 2763 1018 et
2793 956 2968 1031 bona,
2998 963 3057 1018 et
3083 957 3317 1033 deiﬁca,
3345 968 3405 1020 et
3429 979 3565 1021 om-

1921 1046 2063 1107 nino
2096 1049 2368 1108 nesciens
2386 1044 2760 1124 vertiginem,
2780 1044 3130 1108 sicutetiam
3155 1056 3293 1109 ante
3320 1048 3565 1111 diceba-

1921 1153 2052 1196 mus
2083 1134 2284 1216 Neque
2305 1152 2440 1196 vero
2467 1135 2718 1196 minoris
2748 1135 3036 1197 momenti
3066 1143 3176 1211 est,
3209 1137 3563 1201 circularcm

1921 1236 2144 1287 motum
2171 1243 2561 1305 cognoscere.
2584 1223 2851 1287 Dicimus
2869 1225 3068 1302 itaque
3094 1226 3288 1305 quoad
3320 1227 3564 1290 intelle-

1920 1319 2104 1394 ctum,
2141 1312 2780 1394 quidlibetintelligere
2799 1314 2887 1375 vel
2911 1313 3324 1376 utintellectus
3339 1325 3447 1392 est,
3475 1318 3564 1380 vel

1921 1403 1980 1466 in
2016 1413 2295 1483 quantum
2332 1404 2510 1466 habet
2542 1403 2936 1468 intellectum.
2962 1403 3074 1475 Qui
3098 1404 3340 1480 quidem
3383 1405 3565 1468 intel-

1921 1492 2111 1554 lectus
2143 1503 2254 1565 est,
2289 1494 2571 1574 primario
2603 1492 3007 1573 intelligit;qui
3031 1509 3167 1554 vero
3196 1492 3565 1558 intellectum

1923 1581 2119 1656 habet,
2157 1582 2505 1645 secundario
2534 1581 2833 1659 intelligit.
2896 1584 2962 1644 In
3023 1590 3307 1662 quantum
3367 1583 3567 1664 itaque

1921 1671 2195 1750 intelligit
2226 1682 2289 1733 ut
2310 1671 2647 1734 intellectus
2671 1679 2781 1745 est,
2817 1671 2933 1733 dici
2951 1680 3152 1752 posset
3183 1673 3407 1734 moveri
3442 1696 3457 1746 ;
3506 1674 3568 1735 in

1923 1770 2204 1841 quantum
2239 1781 2373 1822 vero
2397 1769 2528 1822 actu
2552 1762 2772 1822 reﬂexo
2795 1777 2862 1823 se
2883 1759 3247 1841 recolligens
3267 1764 3563 1843 semetip-

1921 1869 2051 1911 sum
2087 1851 2381 1929 intelligit,
2419 1859 2478 1912 et
2509 1849 2567 1910 id
2601 1869 2634 1910 a
2663 1868 2779 1929 quo
2805 1849 3228 1930 proficiscitur,
3257 1851 3566 1914 circularis

1921 1949 2116 2002 motus
2140 1941 2514 2018 intelligitur.
2539 1941 2747 2016 Itaque
2771 1958 2903 2000 cum
2929 1957 2998 2001 ex
3029 1941 3149 2002 Deo
3166 1940 3397 2003 volente
3423 1961 3565 2022 pro-

1919 2032 2108 2093 fectus
2133 2030 2396 2105 sit,circa
2419 2030 2523 2092 Dei
2546 2029 2909 2090 desiderium
2935 2037 2993 2090 et
3015 2028 3566 2100 dilectionem,tan-

1917 2138 2092 2200 quam
2125 2121 2281 2180 circa
2303 2117 2945 2194 centrum,versabitur
2968 2138 2982 2180 :
3007 2137 3126 2179 non
3154 2119 3310 2180 enim
3338 2121 3563 2183 uniun-

1922 2218 2016 2269 tur
2044 2209 2308 2270 secunda
2335 2208 2934 2288 prioribus,sedquod
2949 2209 3164 2270 factum
3191 2217 3300 2289 est,
3327 2211 3562 2272 cuidam

1919 2298 2154 2359 chorea;
2175 2298 2728 2378 comparatur,dum
2750 2297 3026 2358 nimirum
3043 2317 3110 2359 ea
3133 2317 3265 2378 quae
3281 2300 3567 2378 producta

1919 2397 2077 2468 sunt,
2103 2390 2492 2468 productcrcs
2525 2406 2664 2449 suos
2694 2387 3007 2467 complecti
3041 2389 3287 2467 cupiunt
3316 2409 3331 2464 ;
3368 2389 3559 2451 solum

1919 2487 2111 2538 autem
2145 2477 2203 2538 in
2233 2478 2488 2539 circuitu
2519 2486 2977 2556 congregantur,
3011 2485 3188 2556 atque
3219 2476 3359 2538 inde
3425 2479 3564 2557 pul-

1919 2567 2256 2630 chritudine
2287 2568 2615 2648 replentur.
2651 2565 2818 2638 Quod
2851 2567 3048 2646 itaque
3078 2565 3462 2646 intelligendo
3491 2568 3563 2628 ad

1919 2656 2002 2736 id,
2038 2675 2068 2716 a
2099 2676 2214 2736 quo
2253 2657 2564 2738 processit,
2597 2653 2982 2730 convertitur,
3027 2654 3333 2716 circularis
3372 2664 3566 2716 motus

1921 2747 2370 2828 intelligentiam
2400 2748 2749 2810 introducit.
2779 2747 2922 2810 Cum
2953 2746 3131 2826 igitur
3155 2747 3427 2810 divinum
3451 2748 3566 2809 Nu-

1917 2857 2052 2899 men
2074 2839 2147 2900 sit
2169 2838 2414 2919 ubique,
2447 2857 2516 2900 ea
2537 2856 2665 2917 quae
2684 2837 2905 2916 ubique
2929 2836 3118 2916 ipsum
3142 2836 3562 2918 insequuntur,

1917 2927 2234 3008 ipsumque
2267 2947 2504 3008 semper
2528 2926 2860 3005 intelligere
2874 2925 3239 3005 desiderant,
3257 2927 3315 2986 in
3340 2927 3451 2988 hoc
3471 2946 3563 2987 ex-

1919 3018 2170 3090 sultant,
2221 3026 2280 3079 et
2309 3018 2560 3079 choreas
2619 3018 2867 3088 ducunt,
2926 3023 3130 3095 utpote
3175 3014 3561 3094 intelligendo

1919 3106 2438 3186 circumgyrantia.
2465 3107 2690 3169 Dicitur
2723 3106 2924 3184 itaque
2951 3122 3118 3165 mens
3149 3105 3210 3166 in
3240 3107 3560 3185 semetipsa

1919 3214 2074 3270 esse,
2110 3207 2170 3260 et
2193 3197 2262 3258 ad
2291 3216 2354 3258 se
2380 3199 2566 3277 ipsam
2602 3211 2924 3276 properare
2960 3211 2972 3256 :
3010 3203 3184 3274 atque
3216 3213 3286 3255 eo
3319 3196 3559 3271 quidem

1918 3287 2073 3366 quod
2111 3290 2168 3348 in
2201 3306 2266 3348 se
2297 3287 2424 3367 ipsa
2476 3295 2588 3362 est,
2623 3294 2838 3347 statum
2872 3282 3050 3344 habet
3082 3305 3097 3364 ;
3159 3284 3220 3345 in
3277 3297 3558 3365 quantum

1915 3393 2054 3436 vero
2087 3375 2158 3437 ad
2190 3377 2572 3455 semetipsam
2632 3381 2931 3455 properat,
2994 3382 3282 3447 movetur,
3346 3375 3556 3437 nolens

1916 3465 2141 3526 eﬂ'undi
2173 3465 2234 3527 in
2267 3473 2535 3528 terrenas
2566 3472 2624 3526 et
2652 3463 2877 3524 alienas
2909 3480 2945 3522 a
2977 3479 3042 3523 se
3095 3461 3550 3545 intelligentias;

1918 3553 2115 3636 itaque
2145 3555 2472 3617 secundum
2507 3554 2565 3614 id
2598 3552 2836 3633 quidem
2860 3550 3018 3631 quod
3053 3569 3118 3613 se
3139 3563 3558 3630 movet,move-

1919 3650 2038 3718 tur,
2076 3643 2404 3705 secundum
2429 3641 2819 3704 substantiam
2842 3650 3039 3701 autem
3061 3644 3406 3714 statum,sed
3434 3661 3554 3704 non

1919 3740 2142 3794 motum
2169 3731 2370 3794 habet.
2407 3730 2510 3794 Est
2539 3730 2722 3806 igitur
2753 3727 2927 3788 etiam
2960 3728 3020 3788 in
3045 3728 3260 3790 divinis
3289 3730 3552 3792 cmlesti-

1918 3819 2151 3899 busque
2182 3819 2481 3882 mentibus
2502 3820 2760 3900 impetus
2783 3817 3026 3895 quidam
3057 3835 3125 3878 ac
3157 3827 3372 3891 motus,
3407 3819 3553 3881 illud

1915 3912 1987 3972 ad
2027 3911 2290 3972 divinum
2315 3911 2548 3972 Numen
2573 3907 2962 3980 desiderium,
2998 3915 3173 3986 atque
3203 3906 3305 3968 illa
3327 3907 3553 3970 circum

1917 3999 2131 4081 ipsum,
2170 4009 2443 4080 tanquam
2463 3996 2846 4060 circumcirca
2867 4005 3159 4070 centrum,
3192 3996 3559 4073 chorea,non

1915 4108 2092 4152 secus
2119 4108 2186 4151 ac
2211 4089 2416 4151 circuli
2447 4089 2672 4150 circum
2709 4094 2992 4168 punctum
3027 4103 3135 4148 seu
3193 4095 3465 4149 centrum
3524 4107 3558 4151 a

1913 4199 2029 4260 quo
2089 4179 2381 4241 deductus
2439 4188 2556 4244 est.
2609 4180 2928 4241 Enimvero
2989 4175 3168 4237 etiam
3229 4179 3554 4240 secundum

1914 4272 1952 4330 7
1971 4273 1997 4329 ι
2051 4269 2470 4332 necessitatem
2531 4267 2864 4330 naturalem
2925 4283 3026 4326 res
3070 4265 3350 4346 quaelibet
3401 4269 3560 4330 circa

205 4349 364 4433 ἕξεων,
418 4358 493 4419 ὣς
549 4356 701 4413 εἶναι
762 4358 852 4414 καὶ
908 4357 1132 4433 ταύτην,
1188 4359 1326 4414 κατὰ
1355 4358 1539 4438 χάριν,
1571 4358 1826 4437 καθαρὰν,

1919 4357 2099 4420 Deum
2115 4359 2394 4421 choream
2409 4358 2599 4439 ducit,
2633 4355 2772 4417 dum
2804 4373 3042 4416 causam
3065 4373 3228 4416 suam
3253 4355 3440 4417 ambit
3471 4377 3562 4420 se-

206 4441 280 4495 κιὶ
340 4449 472 4520 φῶς,
542 4448 637 4503 καὶ
709 4444 960 4502 τελείαν
1019 4446 1237 4515 ἠξίωται
1271 4449 1360 4504 καὶ
1391 4447 1719 4526 συνεργείας,
1753 4449 1828 4512 ὡς

1913 4446 2173 4510 cundum
2203 4447 2488 4510 csse.Hoc
2516 4446 2720 4525 utique
2748 4443 2922 4504 modo
2942 4443 3165 4504 circum
3192 4443 3413 4522 Regem
3437 4464 3560 4508 om-

205 4531 441 4610 καθαίρειν
500 4537 593 4591 καὶ
659 4535 885 4614 ταύτην,
944 4538 1032 4592 καὶ
1089 4537 1356 4615 φωτίζειν,
1413 4537 1500 4592 καὶ
1568 4535 1825 4593 τελειοῦν

1919 4537 2082 4598 nium
2116 4542 2256 4598 sunt
2287 4537 2508 4615 omnia,
2533 4542 2592 4596 et
2620 4532 3072 4614 propteripsum
3095 4542 3232 4594 sunt
3257 4534 3557 4619 universa,

207 4617 362 4677 πολλὰ
389 4621 442 4678 εἰ
474 4625 759 4705 γινώσκει,
793 4624 914 4681 ἀλλ’
971 4626 1380 4704 ὒπερκειμένως,
1441 4627 1528 4683 καὶ
1585 4628 1645 4683 οὖ
1699 4629 1836 4684 κατὰ

207 4705 478 4792 ἄνθρωπον,
522 4716 618 4770 καὶ
661 4714 718 4770 ἐν
749 4735 1004 4789 μετουσιᾳ
1059 4719 1158 4782 τῆς
1213 4715 1354 4780 θείας
1412 4713 1720 4790 ἐπιστήμης
1746 4717 1836 4774 καὶ

208 4801 454 4884 γνώσεως,
488 4804 612 4863 καθ’
649 4806 777 4863 ὅσον
819 4805 952 4879 ἐστὶ,
1001 4817 1222 4884 γίνεται,
1285 4810 1378 4864 Διὸ
1428 4810 1503 4873 ὡς
1534 4807 1706 4865 πολλὰ
1745 4832 1834 4887 γι-

210 4895 491 4963 νωσκοόσης
540 4895 742 4976 αὐτῆς,
799 4897 884 4952 καὶ
937 4897 1130 4972 ὕμνους
1186 4898 1222 4964 ἡ
1275 4896 1518 4976 θεολογία
1577 4911 1695 4962 τοῖς
1751 4900 1838 4955 επὶ

210 4982 299 5052 γῆς
325 4981 692 5056 παραδέδωκεν
754 4986 798 5040 εἰ
854 4987 931 5060 μὴ
986 4987 1087 5065 γὰρ
1142 4986 1456 5065 ἠπίσταντο,
1512 4987 1606 5043 οὐκ
1640 4985 1701 5042 ἂν
1731 4985 1838 5060 ὕμ..

210 5088 335 5125 νων·
364 5074 453 5130 καὶ
507 5077 553 5132 εὶ
613 5075 698 5151 μὴ
749 5074 1113 5150 ὶνελάμποντο
1169 5077 1302 5131 κατὰ
1333 5078 1394 5132 τὸ
1421 5076 1706 5155 ὑπερέχον,
1741 5077 1835 5133 οὒκ

213 5154 265 5211 ἓν
287 5159 321 5225 ἢ
340 5164 485 5237 φωνή
518 5165 726 5220 τούτων
758 5164 848 5241 ἧν,
881 5165 1142 5231 αἰσθητῶς
1173 5165 1367 5238 εἰπεῖν,
1397 5185 1471 5240 qi:
1526 5154 1677 5244 φωνὴ
1707 5163 1839 5223 ἶ)δά-

211 5266 303 5302 των
329 5250 559 5313 πολλῶν.
599 5251 906 5311 Ἀναϐοῶσι
949 5253 1070 5332 γὰρ’
1116 5255 1252 5309 κατὰ
1282 5255 1372 5310 τὸν
1398 5253 1841 5320 θεοληπτικώταο

214 5355 292 5392 τον
345 5337 625 5417 ἰεζεκιὴλ,
693 5342 1046 5420 Εὒλογημένη
1105 5345 1140 5410 ἡ
1201 5341 1321 5407 δόξα
1383 5344 1569 5422 Κυρίο)
1631 5343 1691 5399 ἐκ
1754 5349 1849 5403 τοῦ

215 5424 358 5484 τόπου
423 5433 608 5490 αὐτοῦ’
687 5438 778 5488 καὶ
835 5429 988 5488 ἄλλοι
1018 5432 1117 5500 τὴν
1146 5430 1519 5508 πολυύμνητον
1565 5432 1838 5512 θεολογίαν

214 5513 531 5604 ἆγικράζουσι
565 5524 655 5604 τὸ,
692 5513 925 5602 ’¹Αγιος,
957 5521 1140 5603 ἅγιος,
1171 5521 1324 5599 ἅγιος
1358 5522 1554 5601 Κύριος
1587 5521 1835 5600 Σαϐαὼθ,

216 5599 399 5686 πλήρης
457 5617 608 5670 πᾶσα
637 5599 708 5679 τὴ
881 5599 982 5679 τῆς
1010 5599 1180 5679 δόξης
1209 5610 1392 5671 άῦτοῦ.
1424 5599 1627 5677 Ταύτας
1655 5610 1710 5669 δὲ
1741 5599 1836 5679 τὰς

507 5733 776 5796 Panos.
806 5727 916 5799 Gn.
948 5727 1053 5796 III.

1917 4626 2166 4706 ipseque
2185 4632 2390 4686 auctor
2409 4634 2496 4686 est
2525 4621 2792 4685 omnium
2829 4620 3140 4685 bonorum.
3170 4621 3414 4692 Quando
3446 4626 3558 4686 ali-

1919 4715 2053 4796 quis
2080 4715 2149 4776 ad
2172 4713 2358 4775 Deum
2384 4713 2592 4791 vergit,
2623 4710 2808 4772 multa
2829 4710 2960 4789 ejus
2982 4711 3400 4774 communione
3422 4733 3561 4778 coo-

1922 4802 2343 4885 peratioueque
2373 4802 2591 4881 dignus
2637 4800 2912 4874 efﬁcitur,
2959 4817 3063 4879 per
3092 4817 3221 4861 eam
3255 4819 3392 4881 quae
3421 4823 3560 4868 cum

1920 4895 2046 4974 ipso
2067 4893 2196 4954 ﬁeri
2228 4899 2420 4974 potest
2446 4889 2959 4953 assimilationem:
2988 4907 3120 4950 cum
3155 4888 3315 4951 enim
3351 4894 3407 4954 in
3439 4894 3559 4959 Deo

1922 4982 2158 5044 habitus
2189 4989 2277 5045 cst
2296 4987 2356 5042 et
2379 4981 2663 5062 operatio,
2692 4977 2922 5040 scilicet
2944 4977 3165 5059 puritas
3193 4991 3250 5040 et
3273 4982 3556 5067 expiatio,

1922 5073 2125 5134 lumen
2155 5080 2215 5135 et
2240 5071 2614 5151 illuminatio,
2649 5068 2934 5149 perfectio
2954 5076 3014 5130 et
3042 5067 3099 5129 id
3140 5069 3292 5150 quod
3327 5075 3560 5151 perﬁcit

1925 5171 2196 5244 (quorum
2229 5161 2478 5222 alterum
2503 5160 2744 5240 quidem
2773 5158 3010 5222 habitus
3040 5167 3150 5236 cst,
3183 5159 3434 5224 alterum
3458 5181 3559 5226 au-

1927 5262 2045 5315 tem
2077 5251 2392 5332 operatio),
2426 5268 2594 5313 mens
2625 5267 2866 5330 quoque
2897 5247 3190 5312 bonorum
3250 5249 3554 5314 habituum

1931 5341 2351 5404 communione
2369 5340 2543 5419 digna
2559 5339 2846 5421 redditur,
2885 5341 3157 5420 utetipsa
3180 5359 3284 5420 per
3313 5342 3559 5417 gratiam

1936 5450 2101 5513 pura,
2127 5430 2248 5506 lux,
2284 5437 2343 5491 et
2373 5429 2632 5511 perfecta
2661 5429 2737 5491 sit
2771 5429 2956 5508 ;quin
2979 5437 3035 5490 et
3061 5431 3120 5489 in
3147 5436 3372 5509 partem
3399 5431 3562 5492 venit

1921 5520 2384 5602 cooperatiouis,
2412 5519 2552 5581 dum
2580 5526 2637 5581 et
2667 5520 2795 5600 ipsa
2825 5527 3054 5600 purgat,
3085 5527 3144 5579 et
3170 5517 3560 5600 illuminat,et

1921 5611 2152 5693 perlicit
2186 5631 2205 5688 ;
2237 5609 2419 5673 multa
2447 5627 2686 5691 quoque
2714 5609 3037 5689 cognoscit,
3073 5607 3179 5670 sed
3221 5607 3562 5678 eminenter

3351 5736 3389 5801 8
