4078 6204
505 226 640 292 235

505 455 735 518 divinae
765 451 1028 516 scientiae
1043 449 1519 531 cognitionisque
1543 451 1840 530 particeps
1865 451 2146 514 ellicitur.

498 543 905 616 Quamobrem
941 537 1095 620 quod
1130 538 1318 601 multa
1348 547 1685 618 cognoscat,
1722 541 1970 620 hymnos
1998 561 2150 622 quo-

498 651 624 713 que
658 629 955 706 theologia
989 628 1301 706 terrigenis
1330 629 1717 692 tradiditznisi
1749 635 1909 690 enim
1945 631 2147 692 credi~

495 722 1137 798 dissent,nequaquam
1171 716 1379 780 laudes
1408 719 1800 799 cecinissent,
1829 727 1887 780 et
1911 720 2026 780 nisi
2059 739 2150 782 se-

497 811 763 872 cundum
795 809 1166 887 superiorem
1200 819 1428 886 partem
1454 808 1730 870 illustrati
1754 808 2033 882 fuissent,
2055 828 2153 871 ne.

494 915 796 979 quaquam
828 914 937 956 vox
969 913 1174 956 eorum
1209 895 1576 958 sensibiliter
1609 897 2152 978 loquendo,fuisset

492 987 666 1069 quasi
685 1005 791 1048 vox
822 1003 1109 1065 aquarum
1145 985 1488 1061 multarum,
1522 986 1784 1048 clamant
1808 993 1964 1046 enim
1987 987 2152 1064 juxta

493 1086 918 1144 divinissimum
981 1082 1354 1150 Ezechielem,
1393 1085 1677 1142 Benedicta
1723 1084 1907 1156 gloria
1940 1083 2160 1141 Domini

493 1178 557 1233 de
591 1179 703 1234 ioco
733 1193 828 1234 suo
860 1187 885 1213 η
920 1191 933 1232 :
967 1182 1134 1246 atque
1175 1175 1271 1232 alii
1306 1174 1746 1232 celeberrimum
1779 1174 1922 1232 illud
1984 1189 2158 1232 vene-

494 1259 853 1338 rationeque
886 1256 1296 1336 plenissimum
1329 1255 1544 1317 divinas
1604 1256 1800 1317 laudis
1855 1257 2149 1321 canticum

496 1357 895 1427 proclamant;
927 1353 1181 1421 Sanctus,
1212 1362 1448 1426 sanctus,
1479 1361 1695 1411 sanctus
1745 1355 2014 1410 Dominus
2046 1353 2152 1411 Sa-

497 1447 674 1513 baoth,
704 1445 858 1518 plena
882 1446 1150 1503 estomnis
1181 1452 1331 1502 terra
1361 1445 1537 1516 gloria
1591 1445 1728 1501 tua°.
1782 1445 1894 1500 llas
1964 1456 2150 1502 autem

496 1527 962 1591 sublimissirnas
1020 1527 1354 1589 cmlestium
1409 1527 1690 1588 virtutum
1742 1525 2154 1606 liyrnnologiis

490 1617 1194 1698 jampridemintractatu
1221 1617 1308 1678 De
1320 1617 1543 1678 divinis
1556 1615 1798 1696 hymnis
1817 1616 2150 1678 ’examina-

1706 221 1766 289 8.
1817 224 2165 290 DIONYSII
2206 220 2714 293 AREOPAGITIE

507 374 570 428 et
603 382 722 427 non
739 361 1070 426 secundum
1097 360 1426 441 hominem,
1451 367 1532 440 et,
1557 361 1752 442 quoad
1777 361 1904 424 fieri
1938 371 2145 443 potest.

2247 360 2458 435 ὑψηλὰς
2488 361 2807 440 ὕμνολογίας
2861 369 2967 420 τῶν
3028 363 3413 444 δπερουρανίων
3467 365 3739 442 δυνάμεων
3789 368 3902 441 ἤδη

3780 223 3911 299 236

2239 451 2332 522 μὲν
2394 450 2448 504 ἐν
2505 454 2580 525 τῷ
2609 454 2723 529 περὶ
2755 454 2904 510 θείων
2937 452 3114 528 ὕμνων
3162 455 3516 532 συντάγματι,
3549 458 3619 522 ὡς
3652 455 3905 534 δυνατὸν,

2235 537 2656 618 διηρευνήσαμει
2725 544 2810 598 καὶ
2870 541 3271 623 ἐξηγησάμεθα,
3348 546 3438 600 καὶ
3503 547 3708 623 εἱρηται
3781 551 3946 626 περὶ’

2236 629 2434 684 τούτων
2467 630 2671 704 ἐκεῖσε,
2731 633 2804 694 ὡς
2864 633 3002 688 κατὰ
3033 632 3132 699 τὴν
3176 633 3446 712 ἡμετέραν
3495 632 3735 716 δύναμιν,
3769 639 3900 694 ἰκα-

2238 724 2364 780 νῶςθ
2406 717 2497 798 ἀφ’
2527 721 2600 776 ὧν
2638 719 2813 798 λόγων
2859 721 3035 799 ἀρκεῖ,
3095 723 3240 778 κατὰ
3297 725 3360 779 τὸ
3419 725 3610 802 παρὸν,
3643 735 3901 785 τοσοῦτον

2237 808 2429 882 εἰπεῖν,
2491 807 2572 865 ὅτι
2602 811 2636 878 ἡ
2669 810 2855 887 πρώτη
2907 808 3265 884 διακόσμησις
3299 811 3669 893 ὲλλαμφθεῖσα
3696 818 3900 884 ταύτην

2237 895 2302 964 δη
2358 901 2457 965 τὴν
2516 905 2622 954 τῶν
2674 897 2852 975 ὕμνων
2895 898 3196 980 θεολογίαν,
3255 899 3376 958 καθ’
3433 903 3557 960 ὅσον
3611 904 3897 987 ἐνεχώρει,

2236 987 2379 1061 παρὰ
2421 992 2518 1054 τῆς
2560 995 2653 1044 τοῦ
2687 995 2818 1046 Θεοῦ
2879 989 3236 1065 ἀγαθότητος,
3295 992 3493 1059 ταύτης
3540 991 3604 1058 δὴ
3635 1000 3739 1062 τῆς
3769 1000 3899 1052 θεο-

2243 1077 2450 1155 λογίας,
2483 1078 2556 1140 ὡς
2588 1077 2905 1156 άγαθοειδὴς
2970 1081 3220 1159 ἱερααχία
3293 1082 3381 1137 καὶ
3453 1082 3618 1148 τάξις,
3671 1085 3896 1163 Λέγεται

2241 1166 2340 1244 γὰρ
2368 1167 2633 1246 ἱερᾳρχία,
2669 1167 2746 1241 μὴ
2779 1168 2940 1242 μόνον
2970 1171 3004 1236 ἡ
3039 1169 3240 1225 τούτων
3273 1169 3403 1245 ἕξις,
3450 1195 3540 1228 και
3587 1173 3895 1255 ἐπιστήμη,

2239 1277 2326 1310 και
2357 1255 2615 1336 ἒνὲργεια,
2652 1257 2785 1312 ἀλλὰ
2817 1261 2906 1313 καὶ
2939 1258 3070 1325 αὕτη
3134 1256 3199 1327 δὴ
3227 1261 3262 1327 ἦ
3300 1259 3676 1337 διακόσμησὶς·
3711 1263 3898 1334 ὥσπερ

2239 1346 2270 1410 ἡ
2301 1345 2556 1421 ἱερωσύνη
2589 1347 2675 1403 καὶ
2725 1345 2860 1414 αὒτῆ
2910 1348 2944 1414 ἧ
2995 1346 3133 1422 ἀξία,
3187 1352 3276 1405 καὶ
3333 1351 3382 1405 οἱ
3437 1351 3760 1430 μετέχοντες
3791 1355 3896 1411 αὖ-

2239 1440 2354 1510 τῆς,
2389 1434 2462 1497 ὥς
2492 1457 2693 1515 φαμεν,
2747 1442 2896 1492 Πᾶσα
2951 1439 2984 1505 ἡ
3034 1438 3296 1515 ἱερωσύνη
3346 1441 3407 1496 τὸ
3459 1443 3634 1498 καὶτὸ
3663 1445 3896 1521 εὐηργε-

2235 1523 2394 1603 τήθη,
2435 1528 2524 1580 καὶ
2575 1527 2635 1580 τὸ
2687 1527 2772 1582 καὶ
2824 1527 2884 1581 τὸ
2931 1527 3178 1587 πέπονθε.
3215 1528 3395 1586 Τοίνυν
3423 1527 3460 1596 ἦ
3489 1531 3714 1599 τοιαύτη
3746 1532 3896 1598 τάξις

2237 1612 2325 1666 καὶ
2357 1609 2712 1686 διακόσμησις
2743 1615 2814 1678 ὡς
2847 1614 3183 1691 ἀγαθοειδὴς,
3236 1617 3436 1685 ταύτης
3465 1623 3565 1686 τῆς
3613 1618 3891 1698 θεολογίας

494 1708 690 1768 vimus
720 1706 1556 1787 etexplicuimus,ibidemque
1580 1705 1655 1768 de
1681 1705 1754 1766 iis
1769 1706 1910 1766 satis
1933 1724 2145 1786 snper-

2240 1713 2356 1765 τοτς
2401 1699 2520 1777 μετ’
2553 1701 2716 1771 αὐτην
2761 1702 3098 1779 μεταδίδωσι·
3155 1707 3312 1764 τοῦτο
3362 1708 3464 1786 γάρ
3511 1707 3623 1766 ἐστι
3653 1712 3713 1766 τὸ
3745 1710 3891 1788 ἀγα-

499 1815 616 1879 qne
647 1816 752 1877 pro
784 1796 1022 1857 modulo
1051 1807 1254 1859 nostro
1287 1796 1511 1861 dictum
1545 1805 1672 1858 est:
1709 1814 1740 1856 e
1770 1793 1986 1876 quibus
2019 1814 2153 1856 ser-

499 1887 779 1948 monibus
805 1885 1064 1947 sufﬁciat
1110 1889 1168 1948 in
1227 1886 1682 1964 praesentiarum
1742 1884 1856 1946 hoc
1906 1883 2149 1960 dixisse,

498 1976 659 2054 quod
695 1976 884 2056 prima
909 1975 1247 2037 distributio
1272 1977 1532 2036 divinum
1560 1975 1671 2036 hoc
1697 1973 1936 2036 laudum
1963 1975 2111 2036 canti
2135 2008 2151 2020 -

498 2086 656 2141 cum,
691 2066 880 2146 quoad
899 2066 1263 2146 faserat,per
1290 2064 1742 2127 illustrationem
1767 2082 1800 2124 a
1821 2063 2016 2124 divina
2040 2064 2150 2124 bo-

499 2158 679 2217 nitate
702 2156 1025 2236 acceperit,
1051 2156 1124 2216 ab
1144 2153 1812 2236 ea,inquam,theologia
1834 2173 1938 2215 seu
1955 2154 2154 2215 dimia

500 2247 933 2326 bonitate,qnae
954 2247 1126 2308 etiam
1151 2247 1500 2307 boniformis
1538 2245 1871 2306 liierarchia
1898 2255 1956 2305 et
2003 2246 2148 2306 ordo

501 2337 989 2398 exsistit.Dicitur
1019 2338 1178 2398 enim
1204 2335 1536 2398 hierarchia
1567 2354 1684 2394 non
1721 2341 1947 2395 tantum
1984 2336 2147 2415 ipse—

499 2435 619 2488 met
650 2446 853 2487 eorum
889 2425 1154 2506 habitus,
1189 2435 1246 2488 et
1281 2425 1556 2494 scientia,
1589 2432 1650 2486 et
1684 2423 1976 2504 operatio,
2039 2427 2145 2484 sed

499 2515 672 2577 etiam
701 2522 954 2596 ipsamet
981 2515 1351 2577 distributio:
1381 2515 1535 2576 sicut
1557 2513 1960 2574 sacerdotium
1986 2519 2146 2593 ipsa-

501 2611 624 2665 met
653 2604 934 2683 dignitas,
965 2615 1022 2664 et
1044 2612 1140 2685 qui
1167 2623 1294 2666 eam
1329 2603 1725 2684 participant;
1759 2603 1838 2662 ita
1869 2603 2141 2676 dicimus,

500 2694 902 2755 sacerdotium
930 2695 1042 2755 hoc
1060 2703 1117 2755 et
1137 2694 1279 2755 illud
1293 2692 1589 2754 beneﬁcia
1603 2711 1654 2752 m
1684 2691 1933 2772 accepit,
1954 2702 2013 2753 et
2037 2694 2147 2753 hoc

501 2793 560 2845 et
589 2783 736 2845 illud
766 2801 1003 2864 passum
1029 2792 1136 2844 est.
1172 2783 1375 2862 Itaque
1402 2781 1546 2844 ordo
1569 2781 1906 2843 istiusmodi
1931 2801 1994 2842 ac
2019 2781 2146 2842 dis-

501 2876 771 2956 tributio,
809 2884 1083 2954 tanquam
1141 2873 1514 2948 bonil‘ormis,
1575 2873 1934 2952 theologiam
1997 2874 2148 2936 hanc

494 2966 880 3028 inferioribus
903 2964 1247 3026 transmittit
1278 2983 1290 3026 :
1313 2963 1608 3044 siquidem
1626 2964 1752 3024 haec
1771 2973 1860 3024 est
1883 2962 2146 3025 bonil‘or-

2235 1788 2456 1865 Οοειδὲς,
2507 1792 2568 1848 τὸ
2614 1794 2898 1856 κοινωνοὺς
2930 1798 3203 1852 ποιεῖσθαι
3239 1798 3324 1853 καὶ
3373 1798 3610 1876 ἑταίρους
3640 1807 3732 1856 τοῦ
3760 1797 3891 1857 ἰδίου

2238 1879 2421 1942 καλοῦ.
2459 1879 2798 1938 Μεταδέδωκε
2855 1890 2981 1960 γοῦν
3026 1883 3206 1942 ἐκεῖνο
3257 1887 3636 1964 ὑψηγουμένη,
3699 1890 3771 1954 ὡς
3825 1889 3888 1945 ἂν

2240 1969 2407 2049 εἴπω,
2441 1970 2557 2027 κατ’
2595 1970 2860 2047 ἐπιτομὴν
2918 1975 3003 2029 καὶ
3059 1977 3352 2050 συντόμως·
3411 1975 3491 2034 ὅτι
3550 1980 3760 2041 πάντως
3790 1983 3887 2035 θε-

2237 2059 2395 2133 μετὸν
2451 2059 2536 2114 καὶ
2593 2057 2791 2116 δίκαιόν
2849 2061 2984 2134 ἐστι,
3047 2064 3188 2141 παρὰ
3242 2070 3428 2120 πασῶν
3483 2067 3586 2119 τῶν
3615 2064 3887 2146 θεοδόχων

2235 2147 2527 2223 δυνάμεων,
2590 2152 2676 2205 καὶ
2733 2151 3104 2231 γινώσκεσθαι,
3135 2154 3223 2208 καὶ
3267 2154 3571 2230 ὑμνεῖσθαι,
3610 2155 3750 2222 πλὴν
3809 2159 3886 2217 ὡς

2235 2237 2467 2316 ἐφικτὸν,
2508 2241 2667 2308 αὐτὴν
2722 2239 2786 2308 δὴ
2847 2247 2943 2308 τὴν
3001 2240 3292 2318 σεϐισμίαν
3348 2243 3445 2299 καὶ
3506 2244 3886 2324 ὒπερεύφημον

2234 2329 2328 2384 καὶ
2359 2330 2708 2408 πανεύφημον
2744 2328 3008 2404 Θεότητα,
3069 2335 3142 2394 ὡς
3202 2332 3265 2388 ἅν
3324 2331 3378 2387 ἐν
3436 2341 3534 2408 μιᾷ
3561 2339 3766 2405 κινήσει
3800 2337 3888 2394 δια

2232 2418 2444 2476 πάντων
2475 2419 2774 2492 δοξάζηται·
2817 2424 2960 2480 οὗτοι
3015 2425 3114 2502 γὰρ
3174 2427 3327 2500 εἰσιν,
3363 2428 3437 2490 ὡς
3471 2435 3588 2501 Θεῷ
3641 2427 3888 2499 πρέπον-

2231 2531 2341 2583 τες,
2369 2513 2415 2567 οἱ
2437 2514 2572 2568 θεῖοι
2605 2512 2758 2568 τόποι
2791 2518 2888 2580 τῆς
2921 2517 3080 2572 αὒτοῦ
3104 2517 3508 2596 καταπαύσεως,
3530 2519 3706 2582 καθὼς
3736 2518 3791 2574 ἐν
3816 2521 3886 2588 τῆ

2229 2601 2341 2676 ἱερᾷ
2386 2607 2566 2680 Γραφῇ
2597 2601 2832 2680 λέγεται’
2901 2610 3062 2660 Ποῖον
3123 2605 3280 2662 οἶκον
3341 2605 3726 2681 οἰκοδομήσετέ
3757 2632 3882 2690 μοι,

2230 2689 2375 2766 λέγει
2455 2688 2670 2767 Κύριος·
2757 2692 2791 2760 ἢ
2870 2695 2948 2758 τίς
3047 2695 3211 2758 τόπος
3301 2700 3400 2762 τῆς
3495 2688 3882 2765 καταπαύσεώς

2231 2799 2368 2855 pou;
2406 2780 2570 2837 Αὒτοὺ
2599 2789 2692 2838 τοῦ
2723 2780 2945 2861 ἔχοντος
2980 2780 3226 2850 δηλονότι
3259 2785 3351 2851 τὰς
3379 2785 3533 2864 ἁγίας
3567 2787 3662 2844 καὶ
3694 2811 3883 2863 μακα-

2230 2872 2342 2948 ρίας
2375 2871 2552 2934 οὗσίας
2583 2872 2798 2946 τόπους,
2837 2871 2998 2929 οἷονεί
3053 2871 3322 2938 δεκτικοὺς
3379 2880 3480 2942 τῆς
3517 2877 3676 2934 αὐτοῦ
3731 2879 3882 2954 λαμ-

2229 2961 2498 3033 πρότητος
2528 2981 2544 2999 ο
2593 2963 2666 3025 ὡς
2719 2963 2828 3039 -γὰρ
2885 2964 2911 3018 ὁ
2968 2963 3128 3026 τόπος
3187 2961 3427 3028 δεκτικός
3457 2963 3570 3022 ἐστι
3603 2965 3880 3049 σώματος,

3660 3055 3680 3074 θ

499 3057 697 3136 mitas,
732 3057 818 3116 72
846 3067 908 3116 ut
939 3054 1074 3135 quis
1103 3055 1251 3116 alios
1275 3053 1414 3115 boni
1445 3054 1532 3116 sui
1559 3054 1876 3134 participes
1902 3054 2140 3116 efﬁciat.

2230 3050 2369 3106 οὕτω
2397 3050 2490 3107 καί
2521 3051 2671 3107 αὗται
2704 3055 2805 3118 τῆς
2849 3052 2988 3116 Θείας
3033 3051 3438 3130 λαμπρότητος.
3486 3060 3607 3118 Πῶς
3652 3055 3731 3132 δὲ,
3779 3063 3881 3125 τῆς

500 3141 919 3226 Transcripsit,
957 3146 1219 3224 inquam,
1256 3144 1400 3206 illud
1431 3143 1806 3225 eXplicando,
1847 3153 1906 3205 ut
1939 3146 2022 3206 sic
2045 3145 2142 3207 di-

499 3255 653 3311 cam,
691 3255 798 3317 per
828 3236 1128 3316 epitomen
1160 3241 1218 3296 et
1248 3242 1584 3295 summatim
1623 3253 1638 3311 ;
1685 3235 1841 3312 quod
1899 3236 2142 3296 omnino

499 3345 728 3407 {equum
766 3335 821 3387 et
848 3328 1073 3404 justum
1106 3327 1204 3405 sit,
1239 3325 1312 3387 ab
1347 3325 1626 3386 omnibus
1681 3324 1790 3387 Dei
1823 3323 2141 3404 capacibus

495 3414 804 3476 virtutibus
833 3434 963 3476 cum
998 3414 1160 3492 sciri,
1199 3423 1317 3476 tum
1370 3415 1698 3495 decantari,
1760 3414 1953 3495 quoad
2011 3415 2141 3475 ﬁeri

494 3513 714 3585 potest,
751 3504 937 3585 ipsam
963 3504 1383 3584 venerandam,
1413 3514 1472 3565 et
1492 3522 1670 3584 supra
1693 3523 1866 3586 quam
1900 3504 2144 3565 laudan-

497 3595 659 3668 dam,
693 3595 977 3674 omnique
1013 3593 1185 3654 laude
1214 3592 1451 3670 dignam
1473 3593 2102 3674 Deitatem,utunomo
2125 3628 2140 3638 -

497 3694 554 3744 tu
591 3702 698 3764 per
730 3684 928 3744 omnia
960 3682 1329 3761 glorificatur
1355 3700 1368 3745 ε
1393 3682 1686 3764 siquidem
1715 3683 1773 3745 hi
1803 3682 2139 3745 suntdivini

493 3773 605 3835 loci
638 3773 758 3834 Deo
787 3771 1296 3844 convenientes,in
1324 3772 1540 3850 quibus
1568 3774 2136 3854 requiescit,quem-

493 3872 800 3929 admadum
833 3875 888 3928 in
921 3888 1080 3930 sacra
1109 3873 1401 3942 Scriptura
1442 3872 1655 3930 dicitur
1689 3890 1702 3930 :
1764 3873 1981 3940 Qualem
2045 3873 2142 3929 do-

494 3979 627 4016 mum
656 3961 992 4032 wdiﬁcabitis
1023 3963 1156 4018 mihi
1179 3964 1208 4019 ?
1238 3963 1377 4018 Dicit
1405 3963 1668 4019 Dominus
1700 3981 1718 4026 ,'
1757 3963 1841 4019 vel
1898 3963 2014 4036 quis
2062 3965 2140 4020 ιο-

489 4069 580 4107 cus
609 4052 948 4123 requietioni:
977 4069 1106 4108 mea:
1134 4064 1159 4105 ρ
1185 4050 1214 4110 7
1249 4055 1322 4110 lta
1357 4053 1631 4111 nimirum
1669 4062 1728 4111 ut
1771 4053 1893 4125 ipse
1954 4057 2138 4126 possi-

491 4133 627 4196 deat
649 4142 884 4196 sanctas
907 4135 1054 4196 istas
1073 4135 1390 4216 beatasque
1409 4147 1652 4197 naturas
1675 4144 1949 4217 tanquam
1977 4137 2141 4200 locos

490 4243 738 4305 capaces
763 4225 1102 4303 splendoris
1125 4227 1216 4287 sui
1247 4247 1258 4288 :
1294 4225 1449 4287 sicut
1471 4226 1628 4287 enim
1661 4225 1828 4288 locus
1849 4245 2030 4307 capax
2052 4238 2142 4290 est

488 4319 777 4396 corporis,
811 4314 896 4376 sic
927 4323 985 4376 et
1017 4315 1163 4395 ipsae
1189 4315 1372 4377 divini
1404 4315 1683 4396 splendor
1704 4321 1776 4379 is.
1833 4316 2140 4389 Quomodo

2231 3146 2444 3218 Γραφῇ-ς
2476 3143 2793 3221 ἁπανταχοῦ
2851 3139 3113 3220 λεγούσης
3167 3143 3541 3221 ἀπεριόριστον
3602 3146 3662 3202 τὸ
3721 3155 3882 3204 Θεῖον

2229 3229 2323 3309 (ὡς
2357 3233 2438 3288 τὸ*
2476 3229 2532 3289 Ὀ
2569 3233 2785 3308 οὐρανὸς
2819 3232 3000 3310 θρόνος
3032 3232 3216 3310 αὐτοῦ,
3290 3235 3323 3301 ἡ
3397 3231 3452 3290 δὲ
3524 3235 3594 3314 γῆ
3664 3238 3879 3295 ὑποπό⁴

2224 3319 2356 3377 διονο
2417 3323 2509 3378 καί
2556 3320 2740 3397 πάλιν,
2805 3321 3056 3389 ’Ἔστησε
3088 3323 3182 3386 τὰς
3215 3323 3384 3386 νάπας
3441 3330 3608 3402 ζυγῷ,
3639 3328 3732 3383 καὶ
3779 3331 3881 3395 τὴν

2227 3411 2326 3491 γῆν
2360 3409 2531 3488 δρακίο
2595 3413 2685 3468 καί
2746 3415 2914 3486 αὖθις,
2978 3409 3101 3470 Ἐὰν
3159 3416 3402 3492 πορευθῶ
3459 3416 3533 3480 εἷς
3573 3417 3665 3472 τὸν
3709 3417 3878 3495 οὖρα-

2227 3504 2338 3581 νὸν,
2375 3503 2553 3581 πάρει’
2603 3501 2693 3558 ἐὰν
2741 3499 2962 3558 καταϐῶ
3017 3504 3091 3566 εἰς
3150 3504 3240 3562 τὸν
3301 3502 3457 3583 ᾅδην,
3491 3505 3609 3563 ἐκεῖ
3663 3507 3698 3574 ἡ
3755 3511 3882 3586 χείρ

2226 3594 2366 3671 σου),
2403 3606 2566 3650 ποῖον
2596 3591 2758 3648 τόπον
2789 3592 2816 3648 ὃ
2845 3591 3101 3664 ’ίεζεκιῆλ
3131 3592 3392 3672 ἕπενόησε
3421 3602 3497 3670 τῷ
3530 3602 3645 3670 Θεῷ
3676 3617 3692 3672 ;
3736 3604 3880 3654 Θεο-

2225 3666 2442 3760 πρετπῶς
2473 3695 2676 3740 νοεῖται
2705 3685 2882 3739 τοῦτο·
2927 3682 3072 3761 λέγει
3121 3666 3244 3762 γὰρ.
3274 3685 3364 3740 καὶ
3419 3666 3480 3741 ἐν
3533 3666 3881 3765 Εὖαγγελίοις

2223 3775 2250 3829 ὁ
2282 3771 2492 3852 Κύριος,
2530 3770 2704 3851 (Ἐγὼ
2737 3775 2820 3829 καὶ
2851 3774 2878 3828 ὁ
2913 3772 3117 3853 Πατὴρ)
3151 3771 3496 3853 ἐλευσόμεθα,
3555 3777 3642 3831 καὶ
3701 3776 3877 3852 μονὴν

2222 3863 2343 3942 παρ’
2379 3864 2520 3937 αὒτῷ
2551 3862 2912 3938 ποιησόμεθα,
2947 3862 3085 3920 ὥστε
3131 3862 3218 3919 καὶ
3276 3863 3328 3920 αἱ
3387 3865 3572 3932 νοηταὶ
3603 3861 3877 3942 δυνάμεις,

2220 3955 2308 4010 καὶ
2340 3958 2444 4009 τῶν
2476 3953 2639 4031 ἁγίων
2697 3953 2750 4009 αἱ
2808 3953 3003 4032 ψυχαὶ,
3062 3953 3226 4015 τόπος
3269 3952 3483 4018 εἰκότως
3516 3953 3770 4021 κληθεῖεν
3813 3954 3881 4010 ἂν

2222 4045 2308 4099 καὶ
2337 4041 2628 4108 ἀνάπαυσις
2657 4050 2750 4100 τοῦ
2781 4049 2933 4103 Θεοῦ.
2975 4040 3110 4100 ’Δπδ
3142 4050 3323 4100 κοινοῦ
3371 4044 3404 4112 ἡ
3453 4042 3721 4109 σύνταξις,
3756 4046 3880 4104 Κά-

2224 4147 2373 4189 κεῖνο
2427 4131 2586 4190 πάλιν
2643 4131 2989 4212 ὑφηγουμένη
3045 4134 3080 4201 ἡ
3134 4132 3320 4212 πρώτη
3383 4131 3734 4208 διακόσμησις
3806 4134 3878 4211 τῇ

2225 4220 2342 4298 μετ’
2374 4221 2539 4290 αὐτὴν
2569 4221 2914 4302 ἀγαθοειδῶς,
2975 4225 3034 4280 τὸ
3091 4222 3172 4279 ὅτι
3228 4222 3398 4300 μονάς
3449 4226 3560 4280 ἔστι
3617 4227 3706 4281 καὶ
3749 4225 3876 4290 ivi;

2223 4313 2637 4391 τρισυπόστατος
2707 4315 2742 4382 ἦ
2813 4314 3046 4391 μακαρία
3121 4313 3209 4370 καὶ
3279 4315 3510 4393 παναγία
3560 4316 3716 4394 Τριᾶς
3787 4316 3880 4372 καὶ

488 4414 710 4481 autem,
737 4405 976 4467 dicente
998 4404 1305 4486 Scriptura
1328 4405 1549 4486 ubique
1570 4405 1759 4468 Deum
1790 4425 1924 4470 esse
1951 4405 2139 4470 incir-

2230 4404 2413 4479 μονὰς,
2448 4401 2650 4461 διιεῖσα
2706 4404 2794 4460 καὶ
2854 4402 3226 4478 διαπέμπουσα
3255 4404 3357 4472 τὴν
3387 4407 3554 4472 αὐτῆς
3586 4404 3879 4484 ἆγαθωτά-

489 4497 912 4574 cumscriptum
941 4501 1024 4568 (ut
1053 4514 1185 4556 cum
1218 4495 1550 4572 ait,ccelnm
1575 4515 1709 4558 esse
1741 4497 1944 4558 sedem
1981 4498 2134 4578 ejus,

486 4599 695 4650 terram
725 4601 915 4650 autem
948 4594 1288 4652 scabellumq
1321 4611 1339 4664 ;
1376 4603 1428 4653 et
1457 4595 1706 4653 iterum:
1765 4594 1970 4652 Statuit
2027 4597 2141 4653 cot-

489 4681 562 4737 (es
589 4685 817 4750 statera,
853 4687 903 4738 et
933 4687 1143 4739 terram
1168 4695 1402 4756 pugno';
1433 4695 1490 4741 et
1545 4697 1768 4753 rursus,
1838 4685 1896 4740 Si
1953 4699 2142 4742 ascen-

487 4771 614 4827 dero
644 4773 705 4829 in
733 4772 938 4839 cretum,
973 4772 1100 4828 ades
1129 4775 1226 4842 ;si
1263 4774 1576 4831 descendero
1606 4774 1663 4828 in
1711 4774 2009 4846 infernum,
2069 4775 2139 4831 it-

491 4863 577 4920 iuc
606 4879 801 4918 manus
829 4870 926 4920 tua
955 4863 1018 4934 ³),
1057 4864 1280 4935 qualem
1313 4866 1503 4923 locum
1533 4863 1788 4922 Ezechiel
1822 4863 1934 4921 Deo
1964 4879 2141 4924 excoo

490 4942 741 5022 gitavit?
797 4941 916 5005 Deo
951 4943 1130 5023 digne
1166 4945 1278 5006 hoc
1337 4945 1734 5022 intelligitur:
1783 4943 1929 5006 dicit
1979 4945 2136 5007 enim

488 5034 665 5094 etiam
689 5031 748 5094 in
780 5032 1111 5113 Evangeliis
1136 5033 1447 5096 Dominus.
1468 5033 1612 5115 (Ego
1636 5040 1694 5095 et
1715 5032 1914 5116 Pater)
1942 5037 2141 5098 venia-

487 5129 708 5200 mus,et
728 5125 1105 5186 mansionem
1153 5123 1317 5203 apud
1358 5139 1496 5186 eum
1544 5124 1914 5201 faciemus‘:
1952 5126 2040 5188 ita
2073 5134 2139 5190 ut

489 5213 666 5274 etiam
686 5211 950 5275 Virtutes
963 5212 1490 5295 spiritualesatque
1519 5213 1734 5276 anima;
1765 5223 2131 5299 sanctorum,

569 5387 596 5417 η
628 5372 844 5437 Ezech.
879 5390 961 5455 ut,
997 5374 1094 5440 12.

491 5451 706 5517 ίιῐοειη.
745 5472 866 5527 xw,
900 5451 999 5520 23.

571 5571 592 5596 ’
623 5571 1039 5639 Desideratur.

1181 5389 1207 5420 ο
1238 5377 1350 5440 lsa.
1377 5394 1454 5457 vr,
1489 5376 1548 5439 3.
1635 5387 1662 5430 ν
1690 5377 1821 5440 Act.
1851 5394 1953 5456 vn,
1988 5379 2086 5441 49.

2175 5391 2202 5434 (ι
2233 5378 2369 5444 Issi.
2400 5395 2562 5455 var,
2597 5376 2652 5437 1.

2221 4515 2322 4560 την
2352 4493 2603 4572 πρόνοιαν
2663 4491 2756 4550 ἀπ’
2815 4493 2986 4550 αὐτῶν
3043 4500 3149 4550 τῶν
3206 4493 3432 4572 πρώτων
3494 4495 3744 4572 οὖρανίων
3775 4495 3879 4553 οὐ-

2221 4585 2349 4639 σιῶν
2380 4583 2466 4640 ἐπὶ
2500 4583 2673 4641 πάντα
2731 4583 2799 4640 τὰ
2850 4583 2998 4659 ὅντα,
3035 4582 3200 4664 μέχρι
3229 4593 3322 4644 τοῦ
3350 4582 3701 4666 λεπτοτάτου,
3737 4586 3881 4642 κατὰ

2221 4674 2302 4729 τὸο
2376 4675 2448 4732 Τὸ
2518 4673 2912 4753 ἀκατέργαστόν
2984 4695 3086 4748 μου
3145 4671 3293 4732 εἶδον
3352 4677 3401 4732 οἱ
3456 4672 3714 4754 ὀφθαλμοί
3750 4682 3874 4732 σοῦ’

2221 4764 2294 4829 ὡς
2324 4761 2501 4832 πάσης
2532 4763 2712 4828 οὖσίας
2745 4764 2892 4843 ἁρχὴ
2949 4764 3300 4844 ὕπεράρχιος,
3359 4764 3447 4821 καὶ
3503 4764 3633 4844 ὑπὲρ
3691 4770 3878 4822 πᾶσαν

2223 4853 2402 4935 ἀρχὴν
2432 4854 2561 4911 οὖσα
2590 4854 2750 4934 αἰτία,
2783 4855 2870 4910 καὶ
2901 4854 3113 4915 πάντων
3165 4859 3272 4911 τῶν
3327 4851 3494 4911 ὄντων
3523 4851 3878 4934 περιδεδραγ-

2224 4945 2360 5021 μένη
2389 4941 2738 5022 ὅπερουσίως,
2770 4941 2826 5000 ἒν
2849 4942 3066 5024 ἆσχέτῳ
3095 4948 3324 5024 συνοχῇ.
3357 4940 3642 5025 ’Ἂσχετον
3671 4942 3725 5000 δὲ
3749 4965 3878 5004 συν·

2223 5034 2366 5114 οχην
2397 5031 2541 5114 λέγει
2599 5034 2698 5102 τὴν
2755 5031 3092 5114 ὶξηρημένην
3142 5033 3318 5102 πάντη
3346 5036 3435 5092 καὶ
3464 5032 3708 5115 ἀσυναφῆ
3737 5034 3877 5113 πρὸς

2222 5127 2288 5184 τὰ
2317 5125 2654 5204 συνεχόμενα
2683 5123 3085 5204 περικράτησινο
3122 5124 3168 5180 εὶ
3198 5124 3298 5202 γὰρ
3331 5125 3421 5182 καὶ
3450 5123 3666 5182 πάντων
3707 5145 3880 5202 περι-

2222 5212 2570 5294 δεδραγμένον
2628 5213 2738 5272 ἐστὶ
2779 5215 2842 5271 τὸ
2899 5220 3081 5295 Θεῐον,
3139 5215 3230 5271 καὶ
3287 5213 3462 5272 πάντα
3515 5220 3876 5294 περικρατοῦν

2739 5377 2899 5442 l'Iaa.
2928 5391 3032 5460 XL,
3067 5376 3165 5440 12.
3251 5391 3272 5422 ο
3295 5373 3454 5440 Psal.
3489 5389 3771 5456 cxxxvm,
3807 5373 3875 5440 8.
