4042 6206
207 404 326 470 245

605 407 706 471 DE
748 403 1093 472 COELESTI
1139 403 1645 488 HIERARCHIA,
1688 405 1853 471 CAP.
1903 405 2068 469 VIII.
2119 436 2194 450 --
2236 401 2622 466 PARAPHR.
2671 396 3186 464 PACHYMER/E.

3475 398 3592 464 246

207 546 403 620 αὐτῶν,
476 541 568 596 ἵνα
628 541 693 598 τὰ
736 541 831 609 τῆς
873 541 1071 607 τάξεως
1103 544 1274 600 αὒτῶν
1346 543 1482 598 κατὰ
1553 544 1614 599 τὸ
1670 540 1864 613 ἰδιάζον

1949 539 2010 600 in
2039 538 2162 601 Deo
2192 536 2535 602 indistincta
2565 545 2704 600 sunt
2733 543 2794 598 et
2821 535 3145 615 superlata:
3172 535 3469 617 siquidem
3494 537 3593 599 di-

210 630 654 711 ιουλαχθήσηται.
714 637 830 691 Τῶν
893 633 992 708 μὲν
1065 635 1152 689 οὖν
1191 632 1355 709 ἁγίων
1400 634 1726 710 κυριοτήτων
1761 632 1858 700 τὴν

213 720 584 789 ἐκδηλωτικὶ,ν
667 723 953 796 ὀνομασίαν
1051 720 1371 778 ὑπολαϐἇνω
1453 721 1646 789 δηλοῧν
1728 721 1860 778 ἀνα-

209 810 395 888 γωγήν
468 833 584 868 τινα
653 812 742 868 καί
810 811 1076 890 ἀναφορὰν
1128 809 1448 885 ἀδούλωτον,
1523 813 1612 868 καὶ
1683 812 1860 878 πάσης

209 898 504 980 χθαμαλῆς
563 901 949 966 ταπεινότητος
992 898 1287 979 ἒλευθὲραν*
1357 899 1435 956 διὸ
1493 901 1593 979 γὰρ
1648 898 1858 959 ἐλευθε-

208 989 486 1065 ροπρεπὴς
555 989 720 1068 ἐστιν,
799 987 966 1046 omni.
1036 989 1217 1067 τρόπῳ
1288 988 1514 1046 καθόλου
1556 990 1644 1045 καὶ
1703 1009 1861 1046 cive-

207 1078 373 1134 λόντα
403 1079 626 1140 εἶπεϊν⁹,
664 1078 753 1145 Μὴ
780 1080 879 1157 γὰρ
907 1077 1096 1157 εἴπῃς,
1152 1077 1237 1135 ὅτι
1291 1077 1516 1136 καθόλου
1548 1079 1694 1153 εἷπε,
1730 1076 1861 1135 διότι

207 1169 452 1246 μερικῶς
521 1173 701 1230 ποσῶς
733 1167 1123 1225 κατακλίνεται·
1201 1166 1366 1224 οὐδενὶ
1436 1170 1605 1226 τοὶνυν
1683 1169 1863 1245 τρόπῳ

206 1256 587 1314 κατακλίνεταί
657 1280 759 1314 τινι
843 1259 948 1314 τῶν
1033 1259 1355 1334 τυραννικῶν
1440 1259 1859 1334 ἆνομοιοτήτων.

207 1349 412 1414 Τρόποι
487 1345 542 1402 δὲ
615 1348 714 1404 εἶσι
785 1349 883 1414 τῆς
955 1345 1367 1422 δουλοπρεπεὶας
1430 1351 1517 1406 καὶ
1564 1354 1663 1415 τῆς
1693 1371 1865 1405 κατα-

208 1434 441 1498 κλίσεως
472 1434 717 1514 ἣφόϐος,
780 1437 815 1505 ἢ
873 1436 1058 1516 αἰδὼς,
1113 1438 1147 1505 ἢ
1205 1436 1483 1510 κολακεία,
1523 1436 1778 1511 ἣὲνδεια,
1831 1437 1867 1506 ἢ

211 1526 502 1600 ἔμπὲθεια,
543 1527 579 1594 ἢ
622 1527 706 1583 καὶ
750 1527 921 1582 πάντα
953 1529 1110 1602 ὁμοῦ,
1168 1526 1205 1594 ἢ
1268 1546 1428 1583 τινα’
1488 1528 1521 1583 ἃ
1577 1525 1642 1594 δὴ
1697 1529 1870 1584 πάντα

214 1619 327 1674 τῶν
393 1615 723 1690 κυριοτάτων
785 1615 962 1694 πόῤῥω
1018 1618 1137 1696 εἰσὶ,
1198 1614 1266 1673 δι’
1329 1619 1362 1674 ἃ
1419 1618 1588 1697 τυχὸν
1641 1617 1870 1675 ὑποκλι-

210 1712 359 1763 θεῖεν
389 1720 510 1768 τοῖς
556 1713 818 1786 χείροσιν,
847 1707 882 1774 ἢ
914 1705 1221 1763 διακοπεῐεν
1278 1707 1376 1775 τῆς
1427 1708 1681 1774 τοιαύτης
1735 1707 1871 1764 ἂνα-

213 1796 428 1875 γωγῆς.
489 1793 670 1856 Ταῦτα
721 1797 821 1874 γὰρ
876 1797 940 1853 τὰ
992 1796 1161 1875 χείρω
1215 1797 1302 1852 καὶ
1353 1795 1508 1852 ὑλικὰ
1557 1795 1726 1873 λέγει,
1782 1790 1870 1853 καὶ

1948 629 2146 689 vinum
2175 627 2402 689 Numen
2422 627 2612 706 ipsum
2635 643 2742 706 per
2765 643 2829 686 se
2851 625 3129 704 liberum,
3161 643 3267 706 per
3288 644 3353 687 se
3380 635 3596 705 potens

1945 726 2056 798 est,
2086 715 2487 780 communiter
2515 724 2712 777 autem
2743 713 3023 776 omnibus
3049 714 3250 777 omnia
3283 723 3392 779 est.
3435 715 3592 779 Ilac-

1943 814 2120 868 tenus
2148 816 2350 869 autem
2385 813 2450 866 ut
2501 803 2824 886 plurimum
2879 803 3127 865 cuilibet
3185 822 3390 866 eorum
3451 806 3592 885 quid

1948 896 2255 978 prOprium
2278 894 2351 957 ab
2380 899 2637 959 Auctore
2662 893 3042 955 distributum
3069 900 3180 968 est,
3215 901 3278 954 ut
3337 912 3408 956 ea
3463 914 3599 973 quas

1947 995 2085 1047 sunt
2105 985 2331 1047 ordinis
2358 1003 2593 1064 eorum,
2621 983 2949 1045 secundum
2975 983 3396 1064 proprietatem
3425 1003 3590 1047 suam

1948 1081 2469 1138 conservarentur.
2522 1072 2751 1136 Nomen
2783 1073 2980 1154 itaque
3011 1073 3167 1154 quod
3200 1082 3430 1136 sanctas
3487 1075 3598 1136 de-

1945 1163 2141 1244 signat
2171 1162 2916 1238 dominationes,existimo
2941 1162 3244 1232 declarare
3263 1163 3598 1225 absolutum

1945 1256 2238 1336 aliquem,
2269 1262 2327 1315 et
2352 1252 2427 1316 ab
2449 1258 2610 1314 omni
2634 1263 2868 1314 terrena
2892 1252 3114 1314 vilitate
3131 1252 3388 1314 liberum
3416 1253 3485 1314 ad
3505 1273 3601 1314 su-

1951 1363 2138 1425 perna
2195 1349 2546 1406 transitum:
2613 1343 2839 1404 idcirco
2900 1345 3061 1404 enim
3098 1341 3252 1403 liber
3293 1351 3406 1418 est,
3441 1343 3600 1422 quod
3665 1380 3668 1384 -

1952 1434 2115 1496 nullo
2149 1433 2582 1514 prorsusmodo
2607 1432 2930 1512 quidquam
2961 1431 3038 1493 sit
3068 1451 3183 1512 quo
3215 1431 3470 1494 detineri
3502 1432 3600 1493 di-

1953 1523 2302 1587 catur.Cave
2325 1541 2465 1586 vero
2486 1522 2669 1598 dicas,
2699 1540 2834 1584 eum
2861 1540 3122 1602 prorsus
3145 1521 3389 1596 dixisse,
3445 1521 3601 1602 quod
3695 1578 3697 1580 .

1954 1613 2286 1694 partialiter
2341 1612 2699 1694 quandoque
2756 1611 3112 1674 inclinetur:
3181 1610 3349 1672 nullo
3407 1610 3605 1692 itaque

1957 1705 2133 1766 modo
2169 1704 2472 1785 tyrannica
2501 1701 2992 1764 dissimilitudine
3022 1701 3299 1782 quapiam
3346 1701 3607 1764 inclina-

1956 1794 2451 1858 tur.Modiautem
2467 1791 2764 1853 servitutis
2794 1801 2971 1873 atque
3003 1791 3412 1853 inclinationis
3443 1800 3603 1871 sunt,

212 1887 523 1964 τυραννικὰς
553 1886 967 1964 ἀνομοιότητας,
1010 1884 1127 1942 καθ’
1171 1886 1233 1951 ἃς
1293 1887 1321 1942 ὁ
1378 1893 1466 1942 νῦν
1522 1889 1690 1966 τυχὸν
1718 1889 1864 1963 ὕψη-

1955 1883 2042 1945 vel
2070 1883 2274 1955 timor,
2305 1883 2393 1944 vel
2419 1880 2629 1961 pudor,
2661 1881 2750 1942 vel
2775 1880 3059 1961 adulatio,
3086 1880 3174 1942 vel
3213 1889 3472 1961 egestas,
3516 1881 3607 1944 vel

212 1975 310 2040 λὸς
358 1974 613 2054 χαμηλὸς
645 1973 728 2030 διὰ
771 1976 956 2054 φόϐον,
1000 1975 1035 2043 ἢ
1079 1973 1166 2031 διά
1189 1997 1240 2031 τι
1273 1983 1510 2032 τοιοῦτον
1536 1997 1550 2012 °
1602 1978 1689 2032 καὶ
1717 1979 1744 2032 ὁ
1779 1985 1865 2034 νῦν

215 2065 476 2146 χαμηλὸς
549 2065 697 2130 αὖθις
767 2067 974 2141 ὑψηλὸς
1033 2055 1104 2122 δι’
1169 2066 1484 2141 ἐμπᾶθειαν·
1530 2079 1862 2144 τυραννετται

210 2158 317 2232 γὰρ
385 2158 473 2211 καὶ
519 2158 668 2220 οὗτος
740 2155 880 2232 παρᾶ
953 2160 1052 2222 τῆς
1124 2155 1437 2230 ἐμπαθείας,
1514 2164 1743 2214 Τοιαῦτα
1806 2154 1860 2212 δὲ

214 2247 317 2300 εἶσι
385 2246 470 2300 καὶ
542 2246 606 2299 τὰ
676 2243 854 2318 ὑλικα,
929 2247 1004 2308 ὡς
1055 2243 1324 2320 μηδέποτε
1356 2247 1585 2318 μένοντα
1617 2244 1701 2301 ἐπὶ
1729 2267 1859 2301 ταυ-

212 2336 466 2403 τόττιτος,
515 2332 632 2389 ἀλλ’
703 2333 783 2389 ἀεὶ
857 2332 1276 2407 μεταϐάλλοντα,
1330 2334 1542 2392 Τούτων
1613 2336 1860 2391 ἁπάντων

213 2430 320 2478 τῶν
377 2423 698 2498 τυραννικῶν
761 2423 1180 2501 ἂνομοιοτήτων,
1239 2423 1344 2479 τῶν
1403 2423 1597 2482 ὺλικῶν
1654 2446 1711 2480 τε
1772 2419 1856 2482 καδ

215 2515 450 2592 εἷκαίων,
485 2511 744 2588 ἐλεύθεροί
812 2514 939 2568 εἶσιν
1015 2515 1066 2568 αἱ
1136 2513 1470 2592 κυριότητες,
1522 2515 1594 2579 ὡς
1644 2513 1857 2589 ἀμείλι-

214 2623 357 2672 κτοι,
419 2603 508 2658 καὶ
566 2603 743 2667 πάσης
774 2600 1180 2680 δουλοπρεπείας
1211 2604 1602 2679 ὕπερκείμεναι.
1638 2605 1724 2674 Μή
1771 2625 1858 2678 μοι

213 2695 301 2748 οἷν
330 2691 535 2767 λεγέτω
560 2713 664 2769 τις,
699 2689 778 2746 ὅτι
822 2693 909 2747 καὶ
960 2692 1009 2748 τί
1059 2694 1189 2770 πρὸς
1246 2695 1337 2750 τὸν
1384 2695 1514 2748 Θεὸν
1546 2697 1642 2751 οὒκ
1671 2693 1856 2771 ἔγουσι

211 2783 305 2837 τὸν
337 2778 500 2859 φοϐον
532 2782 616 2836 καὶ
667 2781 765 2858 τὴν
817 2779 1188 2851 δουλοποιίανς
1251 2781 1486 2838 ἀκουέτω
1528 2782 1650 2861 γὰρ,
1684 2782 1765 2839 ὅτι
1798 2787 1858 2842 οὖ

209 2879 452 2928 τοιοῦτον
483 2867 648 2950 φόϐον
691 2872 778 2926 καὶ
831 2871 890 2926 οὔ
943 2872 1189 2938 τοιαύτην
1222 2893 1358 2950 φησι
1419 2869 1858 2950 δουλοπρέπειαν,

209 2957 353 3015 ἀλλὰ
381 2959 480 3025 τὴν
511 2960 641 3036 πρὸς
678 2959 736 3014 τὸ
767 2972 980 3038 χεῖρον,
1017 2962 1081 3020 τὰ
1112 2961 1334 3028 αἰσθητά
1378 2983 1517 3041 φημι
1551 2963 1636 3017 καὶ
1669 2984 1861 3036 σωμα-

210 3049 364 3108 τικά.
402 3055 574 3106 Ταῦτα
641 3049 741 3127 γὰρ
801 3052 860 3106 οὐ
915 3058 1253 3130 συγχωροῦσι
1303 3051 1369 3106 τὰ
1410 3048 1574 3114 ὅντως
1606 3050 1730 3109 ὄντα
1775 3052 1863 3109 ἒν-

210 3151 385 3199 νοεῖν,
445 3133 509 3218 ’ῼ
580 3139 681 3215 γὰρ
749 3137 977 3205 ἧττηταί
1045 3161 1149 3213 τις,
1210 3140 1380 3214 τούτῳ
1412 3142 1498 3196 καὶ
1525 3137 1862 3218 δεδούλωται,

209 3228 417 3293 ταύτην
463 3229 552 3282 καὶ
595 3227 890 3302 μειωτικὴν
943 3227 1111 3305 λέγει.
1169 3230 1262 3285 Διὸ
1309 3229 1396 3284 καὶ
1445 3228 1708 3289 ἆνένδοτοί
1739 3233 1867 3288 εἰσιν

208 3317 396 3397 ipsust
428 3318 574 3394 πάσῃ
633 3318 720 3373 καὶ
776 3315 1147 3398 ὑποϐιϐασμῴ,
1210 3319 1298 3376 καὶ
1341 3316 1625 3396 ἐξῄρηνται
1654 3321 1867 3389 ἁπάσης

212 3407 630 3481 ἀνομοιότητος,
679 3408 753 3470 ὡς
808 3413 895 3463 νῦν
949 3407 1046 3482 μὲν
1100 3407 1234 3470 ἴσως
1267 3408 1409 3465 εἶναι
1439 3408 1651 3484 ὑψηλὰς
1683 3409 1867 3486 αὑτὰς,

211 3505 301 3554 νῦν
375 3494 431 3551 δὲ
505 3493 890 3563 ὐποϐεϐηκυίας
923 3494 1284 3558 παντάπασιν.
1337 3497 1605 3577 Ἐιρίενται
1661 3497 1715 3554 δὲ
1771 3500 1867 3567 τῆς

211 3587 385 3650 ὄντως
445 3585 780 3664 κυριότητος,
835 3588 923 3643 καὶ
973 3586 1071 3654 τῆς
1124 3593 1231 3643 τῶν
1279 3589 1607 3664 κυριοτήτων
1665 3589 1864 3668 ἀρχῆς,

212 3677 379 3753 ἤγουν
440 3681 540 3742 τῆς
596 3677 882 3742 Θεότητος·
951 3677 1041 3732 καί
1091 3675 1415 3754 ἀγαθοειδώς
1474 3677 1553 3732 ἀεὶ
1605 3675 1866 3734 διαπλάτ-

211 3789 362 3824 τουσι
397 3766 475 3839 μή
509 3767 669 3837 μόνον
702 3766 913 3841 ἑαυτὰς,
961 3765 1096 3822 ἀλλὰ
1167 3767 1258 3823 καὶ
1323 3765 1420 3831 τὰς
1492 3767 1610 3838 μετ’
1680 3769 1863 3842 αὐτὰς,

211 3858 283 3920 ὠς
353 3855 597 3934 ἐφικτὸν,
643 3857 774 3933 πρὸς
817 3854 916 3922 τήν
947 3854 1227 3935 ἐμφέρειαν
1292 3857 1380 3912 καὶ
1443 3856 1543 3924 την
1613 3857 1867 3932 ὁμοίωσιν

207 3945 309 4012 τήν
343 3946 525 4022 κυρίαν
594 3945 682 4000 καὶ
753 3943 1008 4013 ἀληθινήν
1039 3947 1228 4024 αὐτῆς,
1259 3943 1424 4023 ἤγουν
1475 3951 1577 4012 τῆς
1645 3964 1866 4024 κυριαρ-

211 4037 369 4113 χίας.
435 4026 591 4112 "Ope:
643 4031 698 4090 δὲ
749 4033 830 4090 ὅτι
880 4034 974 4090 οὒκ
1023 4033 1253 4114 ἐφίενται
1299 4035 1509 4101 πάντως
1538 4034 1865 4115 ὑψηλοτέρου

210 4126 452 4199 βαθμοῦ·
505 4125 666 4203 εἶχον
718 4125 817 4203 γὰρ
867 4125 930 4180 ἄν
970 4123 1069 4192 ττίν
1118 4123 1296 4203 ἔφεσιν
1346 4126 1476 4203 πρὸς
1521 4128 1618 4197 τήν
1645 4127 1862 4205 πρώτην

210 4213 596 4288 διακόσμησιν.
629 4215 716 4270 καὶ
746 4213 1005 4288 ἑμπάθεια
1061 4214 1128 4282 ἧν
1185 4213 1240 4269 ἐν
1297 4218 1505 4287 αὐτοῖς,
1553 4216 1639 4270 καὶ
1669 4237 1860 4292 τυραν-

213 4307 347 4372 νικῴ
378 4301 724 4360 ἐδεδούλωντο
753 4305 929 4364 πάθει,
993 4302 1065 4361 Οὔ
1117 4313 1271 4362 τοῦτο
1319 4307 1470 4382 γοῦν,
1535 4303 1654 4360 ἀλλ’
1687 4304 1864 4384 ἐφίεν-

211 4415 322 4472 ται,
389 4393 477 4448 καὶ
549 4395 708 4449 οἷονεί
775 4393 1125 4471 ἆγαπητικῶς
1178 4392 1367 4473 ἔχουσι
1399 4394 1495 4460 τῆς
1526 4395 1705 4470 κυρίας
1778 4396 1866 4451 καὶ

212 4481 573 4560 αυριαρχικῆς
630 4481 929 4562 ἐμφερείας,
965 4483 1038 4545 ὣς
1069 4480 1244 4542 ἄλλως
1304 4485 1381 4558 μή
1437 4482 1496 4538 νὁν
1550 4481 1866 4560 κυριότητας

213 4571 377 4633 αὖτὰς
411 4570 579 4642 εἶναι,
650 4571 688 4637 ἧ
749 4571 914 4635 οὕτως
947 4571 1176 4650 ἐχούσας
1209 4573 1337 4648 πρὸς
1368 4574 1458 4627 τὸν
1491 4572 1727 4640 Ποιητην
1767 4577 1867 4632 οὒ-

212 4669 345 4738 τὼν,
379 4662 454 4723 ὡς
500 4657 791 4734 λαμϐάνειν
847 4659 1051 4716 ἐκεῖθεν
1109 4659 1210 4727 την
1263 4659 1362 4726 τῆς
1421 4660 1735 4737 κυριότητος
1767 4663 1866 4718 σό-

1950 1972 2172 2054 passio,
2209 1972 2300 2034 vel
2336 1976 2512 2034 etiam
2549 1971 2750 2032 omnia
2809 1971 3013 2047 simul,
3047 1971 3139 2032 vel
3176 1970 3409 2052 aliqua:
3476 1989 3607 2052 qua!

1945 2063 2144 2124 omnia
2162 2061 2426 2144 profecto
2446 2061 2624 2138 longe
2645 2061 2907 2123 absunta
2929 2061 3458 2142 dominationibus,
3498 2079 3606 2141 per

1945 2173 2076 2234 quas
2090 2153 2236 2214 forte
2256 2151 2652 2213 deterioribus
2669 2149 3233 2230 subjicerenlur,vel
3257 2150 3592 2212 istiusmodi

1943 2242 2015 2304 ad
2049 2260 2308 2322 superna
2340 2239 2630 2302 transitus
2656 2240 3076 2320 impediretur.
3108 2239 3244 2301 Haec
3272 2241 3433 2301 enim
3479 2240 3590 2301 de-

1945 2333 2161 2394 teriora
2191 2332 2335 2394 dicit
2368 2339 2426 2391 et
2453 2330 2812 2410 materialia,
2836 2330 3290 2410 tyrannicasque
3321 2331 3586 2410 inaequa-

1946 2421 2138 2484 litates
2170 2420 2497 2483 secundum
2539 2438 2684 2500 quas
2724 2420 2823 2499 qui
2859 2419 3033 2482 modo
3067 2419 3252 2480 elatus
3308 2427 3419 2497 est,
3482 2437 3592 2499 per

1941 2512 2216 2574 timorem
2250 2511 2340 2572 vel
2367 2509 2510 2586 quid
2544 2509 2738 2570 simile
2771 2508 3094 2587 dejicitur;
3149 2508 3249 2586 qui
3277 2508 3452 2568 modo
3475 2507 3587 2569 de-

1935 2601 2131 2682 jectus
2163 2609 2269 2675 est,
2337 2619 2576 2661 rursum
2634 2600 2822 2660 elatus
2876 2600 2944 2660 tit
2997 2616 3105 2678 per
3161 2597 3585 2659 affectionem:

1942 2691 2220 2771 quoniam
2256 2689 2355 2752 hic
2387 2689 2564 2751 etiam
2591 2688 2664 2749 ab
2698 2687 3031 2750 istiusmodi
3056 2687 3371 2748 aﬂ'ectione
3394 2695 3592 2765 tyran-

1942 2781 2077 2841 nice
2107 2780 2497 2857 gubernatur.
2532 2777 2870 2840 Istiusmodi
2904 2777 3079 2838 etiam
3109 2784 3246 2837 sunt
3271 2776 3372 2837 illa
3397 2783 3590 2837 male~

1941 2870 2204 2944 rialia,ut
2226 2887 2358 2950 quae
2380 2886 2680 2948 nunquam
2710 2867 2768 2928 in
2789 2867 3000 2929 eodem
3027 2874 3180 2928 statu
3215 2873 3585 2947 permanent,

1946 2960 2050 3021 sed
2067 2977 2306 3037 semper
2324 2957 2944 3038 permutantur.Hisce
2973 2956 3250 3019 omnibus
3273 2956 3591 3037 tyrannicis

1950 3048 2358 3111 materialibus
2384 3055 2440 3109 et
2465 3046 2742 3108 inanibus
2765 3047 3401 3127 inmqualitatibuslibe
3416 3065 3495 3107 rae
3517 3045 3606 3105 78

1949 3136 2776 3216 suntdominationes,utpote
2793 3137 3148 3216 incorruptae
3163 3136 3447 3217 omnique
3465 3152 3603 3196 ser-

1953 3227 2132 3290 vitute
2149 3227 2514 3308 superiores.
2549 3225 2668 3287 Nec
2700 3225 2832 3307 quis
2865 3226 3012 3286 mihi
3045 3225 3198 3287 dicat
3222 3225 3458 3298 hic,eos
3482 3243 3600 3286 non

1952 3319 2176 3381 habere
2210 3319 2484 3380 timorem
2517 3333 2586 3377 ac
2617 3316 2962 3378 servitutem
2995 3314 3142 3377 Dei:
3177 3314 3382 3376 audiat
3415 3313 3599 3390 enim,

1887 3412 1930 3466 C
1955 3417 2019 3470 ut
2045 3427 2164 3469 non
2195 3405 2534 3470 istiusmodi
2557 3405 2864 3480 timorem,
2898 3423 3092 3485 neque
3119 3405 3294 3467 talem
3348 3404 3600 3465 servitu-

1956 3507 2072 3560 lem
2107 3497 2287 3571 dicat,
2314 3496 2418 3557 sed
2446 3503 3042 3576 camquaaestrerum
3061 3494 3602 3574 deteriorum,scn-

1950 3587 2240 3667 sibilium,
2275 3587 2546 3662 inquam,
2582 3593 2643 3646 et
2670 3601 3090 3664 corporearum
3119 3604 3132 3644 :
3166 3584 3264 3644 illa
3287 3583 3444 3644 enim
3482 3601 3602 3642 non

1951 3677 2155 3737 sinunt
2202 3693 2272 3736 ea
2299 3693 2432 3751 quae
2464 3691 2600 3734 vera
2631 3681 2768 3733 sunt
2802 3672 3210 3733 considerare.
3246 3673 3394 3734 Nam
3421 3689 3452 3732 a
3476 3690 3601 3747 quo

1952 3765 2087 3845 quis
2117 3763 2384 3825 devictus
2415 3769 2524 3841 est,
2561 3761 2688 3840 ejus
2715 3769 2772 3822 et
2802 3779 3005 3822 servus
3037 3762 3220 3822 factus
3272 3769 3384 3840 est,
3442 3760 3597 3820 hanc

1951 3855 2126 3917 etiam
2153 3852 2607 3913 imminuentem
2649 3858 2840 3911 vocat.
2877 3849 3102 3911 Idcirco
3137 3855 3312 3911 etiam
3337 3847 3407 3910 ab
3435 3848 3600 3910 omni

1949 3943 2287 4023 dejectione
2302 3960 2369 4003 ac
2384 3939 2758 4019 subiectione
2788 3939 3229 4020 |iberaesunt,et
3260 3939 3603 4004 eximuntur

1947 4034 2021 4097 ab
2057 4033 2217 4096 omni
2248 4030 2674 4112 inaequalitate,
2711 4048 2788 4091 ne
2817 4029 2992 4090 modo
3023 4029 3267 4107 quidem
3302 4029 3456 4091 forte
3487 4047 3598 4089 su-
3692 4064 3696 4068 -

1948 4124 2166 4186 blimes
2196 4121 2336 4195 sint,
2371 4118 2549 4180 modo
2583 4137 2719 4181 vero
2753 4117 3035 4180 omnibus
3067 4117 3372 4197 subjecta}.
3421 4116 3600 4179 Desi-

1948 4215 2158 4276 derant
2187 4216 2388 4273 autem
2425 4227 2627 4270 verum
2670 4207 3063 4281 dominatum,
3129 4216 3188 4268 et
3243 4206 3598 4286 principium

1949 4299 2454 4376 dominationum,
2485 4297 2542 4360 id
2580 4305 2668 4358 est
2695 4296 3095 4372 Divinitatem;
3122 4304 3296 4376 atque
3325 4295 3597 4356 bonifor-

1954 4392 2397 4469 miterﬁemper
2411 4406 2528 4448 non
2543 4386 2893 4467 semetipsas
2912 4386 3386 4462 tantum,‘verum
3420 4385 3532 4446 etia
3547 4402 3602 4444 m

1951 4477 2504 4556 inferiores,quoad
2535 4476 2660 4537 ﬁeri
2694 4484 3158 4556 potest,semper
3179 4474 3606 4536 transformant

1949 4571 2023 4632 ad
2057 4566 2356 4652 propriam
2389 4584 2706 4645 veramque
2740 4565 2869 4636 Dei,
2899 4567 3024 4626 sive
3055 4564 3393 4626 dominatus
3427 4565 3593 4644 prin-

1951 4668 2084 4738 cipii
2118 4663 2550 4724 similitudinem
2578 4671 2630 4718 et
2650 4662 3140 4720 assimilationem.
3169 4661 3419 4718 Observa
3445 4677 3599 4729 vero,

211 4769 422 4809 στασιν.
453 4745 893 4827 Ἐπιστρὲνρονται
947 4747 1003 4804 δὲ
1060 4749 1192 4828 πρὸς
1253 4746 1398 4806 οὒδὲν
1457 4756 1564 4806 τῶν
1619 4751 1736 4818 εἰκῆ
1767 4751 1860 4806 δο-

1951 4747 2676 4828 quomodononappetant
2719 4744 2961 4804 omnino
3009 4743 3256 4821 gradum
3278 4742 3591 4804 sublimio-

213 4837 474 4908 κοόντων,
529 4840 694 4916 ἤγουν
737 4842 839 4894 τῶν
883 4845 1210 4916 σωματικῶν
1266 4840 1354 4894 καὶ
1413 4838 1489 4914 μή
1558 4843 1872 4918 προσηκόν-

213 4948 320 4982 των
353 4925 492 4983 ἀλλὰ
526 4929 657 5007 πρὸς
688 4929 748 4984 τὸ
807 4929 994 5006 κυρίως
1053 4930 1138 5008 ὃν,
1198 4930 1290 4985 τὸν
1349 4930 1502 5002 Θεὸν,
1537 4931 1624 4986 καὶ
1668 4932 1870 5008 γίνεται

214 5019 270 5072 tv
303 5017 556 5090 μετουσίᾳ
614 5023 715 5084 τῆς
775 5017 1125 5098 κυριαρχικῆς
1156 5014 1433 5078 οεοειδείας
1466 5019 1603 5075 κατὰ
1658 5022 1720 5076 τὸ
1777 5019 1871 5080 δυ-

215 5107 375 5162 νατὸν
406 5105 592 5185 ὠτῆς,
649 5108 720 5173 ὡς
779 5108 924 5164 εῖναι
983 5110 1070 5164 καὶ
1106 5107 1301 5170 ταύτας
1329 5108 1540 5187 κορείας
1571 5110 1658 5164 καὶ
1687 5110 1872 5189 κυριό-

215 5217 410 5262 τητας,
440 5192 778 5270 Ἀμείλικτον
837 5195 891 5252 δὲ
948 5220 1078 5277 φησι
1131 5197 1421 5273 κυριότητα
1452 5197 1548 5266 τήν
1580 5196 1867 5276 ἀναγωγὴν

218 5286 416 5358 α-Βτῶν,
491 5287 648 5343 οἱονεὶ
738 5285 1117 5366 ἀκολάκευτον,
1196 5285 1609 5367 ἇπαρέγκ).ιτον,
1681 5287 1868 5364 μηδενῖ

216 5375 574 5452 γαργαλιαμῶ
641 5381 739 5442 τῆς
808 5375 944 5442 ὕλης
1013 5374 1461 5451 ὑποκλινομένην.
1517 5379 1637 5433 Auct
1693 5376 1747 5434 δὲ
1779 5379 1868 5435 ὲν-

219 5468 384 5520 ταῦθα
412 5467 502 5520 καὶ
532 5465 751 5542 σφάλμα
804 5487 854 5521 τι
910 5471 1015 5521 τῶν
1047 5464 1344 5532 ἑλληνικῶν
1408 5465 1734 5545 φιλοσόφων,
1785 5469 1869 5523 καὶ

217 5552 450 5616 εὖσεὸὧς
485 5553 841 5624 ἐπισκήπτει⁹
904 5555 1097 5610 ἐκεένοι
1162 5557 1261 5632 γὰρ
1332 5553 1462 5618 ἰδίας
1537 5559 1680 5620 τινας
1711 5555 1869 5616 δυνά-

219 5665 341 5714 μεις
384 5657 529 5719 τρεῖς
578 5643 914 5716 ἀμειλίκτους
983 5645 1442 5722 προσηγόρευσαν,
1517 5645 1870 5722 προελθοῦαας

218 5735 291 5796 εἰς
341 5731 560 5810 ὕπαρξιν
609 5732 669 5789 ἔκ
712 5756 868 5790 τινωδ
911 5735 1012 5810 πρὸ
1056 5733 1226 5789 αὒτῶν
1269 5733 1463 5809 ἐτέρων
1509 5737 1665 5814 τριῶν
1709 5734 1868 5792 Suvi-

214 5842 386 5899 μεων,
454 5823 514 5880 οὐ
571 5823 678 5900 μὴν
735 5825 798 5881 ὶκ
847 5830 978 5882 Θεοῦ
1018 5820 1498 5904 δημιουργηθείσας
1529 5822 1731 5893 ἱδικῶς⁶
1779 5825 1868 5884 καὶ

1956 4857 2084 4900 rem
2112 4854 2126 4900 :
2161 4832 2530 4896 ambiverant
2559 4830 2718 4890 enim
2752 4831 2964 4911 aliqua:
2997 4832 3247 4912 primam
3306 4829 3598 4891 distribu-

1956 4929 2204 4998 tionem,
2243 4931 2300 4985 et
2330 4919 2561 4983 atl‘ectio
2591 4927 2716 4981 erat
2755 4919 2815 4981 in
2871 4921 2980 5002 eis,
3043 4929 3221 5003 atque
3283 4921 3603 5001 tyrannica}

1959 5012 2219 5098 passioni
2263 5009 2544 5090 subjecta;
2574 5016 2762 5098 psunt.
2823 5007 2951 5070 Non
2997 5009 3074 5070 ita
3105 5009 3253 5082 istae,
3281 5008 3384 5070 sed
3413 5027 3602 5089 appe-

1959 5097 2173 5185 tunt,et
2192 5097 2629 5183 quodammodo
2653 5097 2924 5159 obtinent
2950 5116 3058 5179 per
3081 5098 3602 5172 dilectionem,do-

1958 5195 2272 5271 minatum,
2305 5198 2364 5251 et
2396 5185 2675 5268 principii
2732 5185 3068 5250 dominatus
3099 5188 3550 5251 similitudinem
3583 5207 3599 5256 ;

1953 5286 2030 5347 ita
2063 5291 2122 5346 ut
2150 5280 2294 5343 alias
2326 5296 2445 5338 non
2461 5281 2660 5337 essent
2681 5273 3404 5354 dominationes,nisihoc
3422 5274 3598 5336 modo

1956 5393 2093 5452 erga
2113 5368 2493 5434 Conditorem
2516 5383 2686 5426 suum
2711 5365 3205 5436 al’ﬁcerentur,ita
3229 5375 3289 5425 ut
3313 5364 3453 5425 inde
3477 5372 3602 5425 sta-

1957 5475 2079 5525 tum
2107 5455 2528 5521 dominationis
2557 5453 2970 5535 accipiantAd
2999 5457 3142 5518 nihil
3168 5464 3362 5516 autem
3391 5470 3596 5512 eorum

1956 5569 2087 5632 qua)
2106 5561 2333 5611 temere
2351 5553 2647 5626 apparent
2669 5545 3329 5622 convertuntur,quales
3347 5552 3487 5604 sunt
3503 5560 3600 5602 res

1955 5657 2260 5723 corporea;
2291 5649 2347 5698 et
2383 5635 2680 5695 indecora;
2719 5680 2734 5708 ,
2761 5635 2863 5696 sed
2899 5636 2968 5696 ad
3004 5635 3056 5694 id
3079 5632 3248 5723 quod
3280 5649 3420 5692 vere
3482 5640 3593 5707 est,

1954 5721 2191 5794 scilicet
2212 5727 2608 5802 Deum,atque
2653 5723 3044 5802 ita,quantum
3075 5722 3134 5783 in
3165 5721 3252 5783 eis
3282 5730 3394 5796 est,
3463 5738 3600 5799 par-

1957 5821 2163 5903 ticipes
2180 5816 2326 5879 ﬁunt
2342 5807 2758 5876 deiformitatis
2781 5809 3089 5892 ipsiusmet
3115 5809 3399 5895 principii
3424 5807 3606 5872 domi-
