4042 6206
437 354 552 422 247

1647 359 1708 422 S.
1759 359 2098 426 DIONYSII
2141 361 2670 428 AREOPAGITIE.

3699 357 3822 426 248

437 495 766 576 nationum,
799 493 954 556 sicut
987 493 1162 557 etiam
1193 491 1338 573 ipsaa
1366 493 1486 554 sint
1518 491 1862 556 dominatus
1883 513 1950 556 ac
1971 496 2080 556 (ιο.

2167 517 2323 574 φασιν
2395 497 2536 552 εἶναι
2608 495 2729 560 τοὺς
2801 491 3137 570 ἀμειλίκτους
3210 493 3424 558 τούτους
3493 497 3818 566 υποπεζίους

439 586 820 648 minationes.
853 583 1066 645 Eorum
1099 591 1296 643 autem
1329 581 1403 644 ad
1434 599 1694 664 superna
1739 585 2078 659 transitum,

438 673 900 738 dominationem
925 681 1086 734 vocat
1105 671 1706 753 inﬂexibilem,quasi
1725 673 2084 736 adulationis

439 773 498 828 et
519 765 786 828 criminis
811 762 1317 843 exsortem,nulla
1343 763 1606 826 materia
1640 763 1972 826 titillatione
1995 765 2085 826 in-

439 853 739 917 clinatam.
767 851 950 915 Solvit
969 861 1170 914 autem
1221 853 1320 914 hic
1354 852 1529 914 etiam
1575 871 1840 914 errorem
1872 873 2083 936 quem-

437 944 570 1006 dam
633 943 1118 1023 philosophorum
1173 941 1518 1022 gentilium,
1577 961 1754 1024 quem
1805 944 2084 1022 religiose

437 1031 782 1113 perstringit
817 1051 830 1094 :
865 1031 949 1092 illi
981 1031 1140 1094 enim
1189 1037 1459 1112 proprias
1488 1031 1778 1112 quasdam
1838 1033 2082 1096 virtutes

439 1133 558 1184 tres
587 1121 942 1184 inﬂexibiles
973 1121 1372 1202 appellabant,
1408 1140 1538 1203 qua:
1571 1139 1642 1184 ex
1679 1122 1812 1184 aliis
1841 1142 2079 1203 quoque

435 1213 627 1276 tribus
658 1209 958 1292 prioribus
989 1209 1305 1272 virtutibus
1337 1211 1396 1271 in
1453 1210 1648 1272 lucem
1709 1209 2074 1290 prodierant,

436 1321 552 1364 non
566 1300 944 1364 autemaDeo
973 1299 1210 1380 proprie
1241 1300 1474 1361 fuerant
1505 1309 1850 1380 procreatm:
1877 1301 2078 1362 aiunt-

436 1411 574 1476 que,
600 1393 706 1452 has
737 1389 1103 1452 inﬂexibiles
1131 1388 1498 1469 spiritalibus
1521 1389 1616 1470 iis,
1650 1407 1684 1450 a
1710 1390 1924 1470 quibus
1946 1410 2081 1472 pro-

437 1483 626 1544 ductae
653 1481 906 1560 fuerant,
943 1480 1252 1540 virtutibus
1283 1478 1635 1559 substratas,
1664 1487 1730 1539 ut
1751 1482 2080 1541 retinerent

438 1569 876 1652 quodammodo
909 1575 967 1630 et
997 1567 1290 1647 subirent,
1322 1585 1389 1628 ac
1441 1565 1790 1628 cohiberent
1851 1569 2080 1646 priores

435 1657 594 1731 illas,
629 1676 704 1719 ne
735 1658 793 1718 in
821 1655 1124 1718 materiam
1153 1653 1600 1736 dilaberentur;
1631 1664 1806 1736 atque
1838 1657 1947 1718 hoc
1979 1657 2074 1720 in-

436 1747 734 1809 ﬁrmiores
766 1765 896 1808 esse
925 1746 996 1808 iis
1026 1763 1159 1824 quae
1189 1744 1416 1824 seip‘sas
1449 1744 1875 1824 produxerunt,
1922 1749 2076 1826 quod

2168 589 2270 640 τῶν
2338 583 2781 664 προϐαλλομένων
2827 581 2986 648 αὐτας
3031 584 3236 651 νοητῶν
3306 583 3604 665 δυνάμεων,
3677 585 3818 642 ἂνα-

2168 673 2485 740 στέλλοντας
2532 675 2712 754 ὥσπερ
2755 675 2849 731 καί
2897 673 3258 740 ἐπιϐαίνοντας
3301 675 3390 730 καὶ
3421 673 3814 754 ἀντεχομένους

2167 769 2272 820 τῶν
2316 766 2417 844 πρὸ
2461 766 2656 844 αὐτῶν,
2703 769 2794 820 τοῦ
2835 763 2913 839 μή
2965 776 3151 820 πεσεῖν
3196 766 3267 827 εἰς
3313 763 3470 839 ὕλην,
3522 765 3610 820 καὶ
3653 766 3814 821 ὰστεο

2169 852 2438 924 νεστέρους
2507 852 2646 910 κατά
2713 860 2889 927 τοῦτο,
2937 851 3032 908 καί
3076 850 3526 932 προϐαλλομένων
3569 855 3816 930 ἑαυτοὺς,

2167 939 2284 998 καθ’
2319 943 2346 998 ὃ
2379 941 2606 1017 δέονται,
2641 944 2714 1004 εἷς
2748 943 2808 1000 τὸ
2859 941 3112 1021 κατέχειν
3171 942 3387 1008 ἑαυτοὺς
3421 945 3495 1008 είς
3525 944 3586 999 τὸ
3619 941 3816 999 ἅπτω-

2167 1053 2277 1091 τον.
2312 1034 2486 1090 Ταῦτα
2559 1033 2656 1110 μὲν
2727 1033 2814 1090 οὖν
2886 1033 2958 1097 ὼς
3035 1032 3087 1087 ἐν
3160 1031 3427 1111 ἐπιτόμῳ,
3471 1035 3536 1089 τὰ
3571 1033 3816 1111 ἐκείνων,

2163 1122 2190 1178 ὁ
2259 1119 2314 1178 δὲ
2385 1121 2532 1200 ἅγίος
2600 1122 2776 1201 σοφῶς
2844 1121 2911 1178 τὰ
2981 1121 3190 1178 ὲναντία
3259 1121 3432 1180 πάντα
3489 1126 3671 1186 αυτοῖς
3703 1147 3818 1202 φη-

2163 1225 2268 1267 σιν’
2346 1211 2406 1268 ἐκ
2449 1219 2578 1270 Θεοῦ
2650 1213 2750 1289 γὰρ
2829 1211 2988 1276 αὐτὰς
3059 1209 3452 1290 δημιουργικῶς
3525 1213 3822 1279 ὅποστῆναί

2162 1306 2344 1381 φησιν,
2407 1303 2466 1358 οὒ
2525 1301 2613 1357 καὶ
2667 1301 2764 1368 τὴν
2825 1299 3108 1380 ἐμφέρειαν
3142 1299 3358 1380 ἔχουσιν
3394 1302 3464 1366 εἷς
3497 1303 3810 1381 κυριότητα⁶

2163 1393 2324 1454 αὐτας
2385 1390 2436 1447 δὲ
2489 1391 2550 1446 τὸ
2609 1387 2916 1466 ἆμείλίκτον
2951 1389 3087 1446 οιατᾶ
3116 1391 3298 1456 πάσης
3327 1388 3562 1468 ὑιρέσεως
3595 1397 3672 1464 τῷ
3713 1390 3820 1447 λό-

2162 1504 2243 1560 γῳ
2311 1483 2406 1557 τῇς
2480 1483 2796 1558 κυριότητος
2880 1479 3028 1560 ἔχειν
3079 1478 3248 1559 λέγει,
3279 1481 3578 1545 κοπτδύσας
3635 1481 3818 1558 ὥσπερ

2161 1572 2248 1626 καὶ
2280 1569 2678 1646 διατεμνούσας,
2717 1571 2803 1628 καὶ
2850 1572 2948 1627 οὒκ
2995 1569 3163 1637 ἐώσας
3205 1582 3420 1648 κρατεῖν
3450 1571 3546 1639 τὴν
3573 1571 3702 1646 πρὸς
3751 1573 3818 1628 τὰ

2163 1661 2386 1728 αἰσθητὰ
2429 1660 2728 1735 ἐπιθυμίαν,
2780 1661 2839 1717 οὐ
2891 1661 2999 1735 μὴν
3056 1661 3148 1724 τὰς
3200 1661 3302 1736 πρὸ
3345 1661 3515 1716 αὐτῶν
3547 1660 3816 1718 ἀναστελ-

2163 1747 2384 1814 λούσας.
2435 1739 2587 1827 ’Ἄρα
2646 1751 2823 1807 τοίνυν
2883 1747 3051 1828 λέγει,
3107 1749 3188 1806 ὃτι
3238 1751 3324 1806 καὶ
3373 1749 3670 1824 ἀμείλικτοί
3711 1751 3818 1806 εἶσι

437 1835 696 1898 debeant
725 1835 1078 1915 semetipsas
1112 1833 1442 1914 continere,
1479 1851 1552 1894 ne
1585 1833 1882 1898 labantur.
1947 1835 2080 1898 llzec

2165 1841 2294 1916 πρὸς
2324 1841 2386 1896 τὸ
2421 1853 2634 1920 χεῖρον,
2679 1841 2768 1895 καὶ
2813 1839 2912 1907 τὴν
2959 1841 3246 1918 κυριότητα
3291 1838 3502 1918 ἔχουσι,
3537 1839 3818 1896 κάντεῦθεν

438 1927 678 2004 quidem
736 1935 1020 2003 tanquam
1080 1923 1140 1983 in
1200 1922 1556 2001 compendio
1615 1932 1753 1984 sunt
1809 1923 2074 2005 illorum,

2165 1935 2266 1986 τῶν
2329 1931 2430 2007 πρὸ
2485 1931 2654 1985 οὔτῶν
2687 1932 2780 1986 οὒκ
2811 1927 3139 2008 ἐξέρχονταί,
3174 1927 3318 1993 ὅπως
3387 1929 3464 2004 μὴ
3535 1931 3608 1993 εἷς
3679 1929 3816 1996 ὓλην

440 2021 530 2080 79
565 2017 660 2078 hic
691 2024 888 2076 autem
921 2021 1158 2074 sanctus
1189 2019 1488 2092 sapienter
1541 2011 1616 2074 iis
1671 2013 1872 2075 omnia
1929 2033 2075 2076 con-

2165 2018 2394 2074 πέσοιεν.
2456 2019 2564 2086 Τὴν
2619 2015 2673 2072 δὲ
2725 2019 2835 2073 τῶν
2883 2020 3042 2097 ἁγίων
3074 2016 3342 2092 δυνάμι-ῶν
3373 2019 3662 2093 ὀναμασίαν
3691 2019 3816 2076 οἴο-

439 2108 616 2170 traria
655 2105 868 2167 tradit:
904 2122 972 2166 ex
1005 2101 1128 2165 Deo
1181 2103 1342 2162 enim
1403 2119 1502 2163 eas
1557 2120 1665 2182 per
1713 2103 2074 2166 creationem

2165 2131 2260 2183 μαι
2311 2106 2504 2175 δηλοῦν
2554 2108 2690 2164 κατὰ
2739 2108 2923 2164 κοινοῦ
2969 2107 3268 2186 ὰῤῥενωπόν
3311 2130 3428 2166 τινα
3477 2110 3564 2164 καὶ
3609 2107 3818 2187 ἑδραίαν

436 2197 757 2280 productas
781 2193 1196 2271 asserit,cujus
1211 2191 1386 2252 etiam
1410 2191 1859 2254 similitudinem
1891 2194 1948 2254 in
1975 2193 2077 2254 do-

2171 2195 2406 2274 ἀνδρίαν,
2460 2195 2734 2270 ἄθελκτον,
2789 2196 3100 2276 ἆθήλυντον,
3159 2196 3454 2259 ἂνένδοτον.
3542 2199 3628 2266 Μὴ
3711 2199 3817 2276 γὰρ

439 2288 664 2348 miuatu
699 2292 922 2358 tenent,
957 2283 1115 2362 ipsas
1147 2289 1344 2342 tamen
1397 2281 1894 2344 inﬂexibilitatem
1952 2301 2080 2362 erga

2172 2287 2389 2344 ἁκούων
2445 2287 2662 2361 θηλυκῷ
2720 2287 3118 2362 ὀνομαζομένας
3161 2289 3402 2364 ὀνόματι,
3489 2289 3561 2350 εἷς
3643 2287 3818 2355 θηλυ-

439 2395 680 2439 omuem
701 2373 1160 2434 submissionem
1177 2371 1408 2432 ratione
1431 2370 1854 2432 dominationis
1871 2371 2080 2434 habere

2173 2376 2378 2454 πρεπὲς
2419 2399 2470 2433 τι
2516 2375 2748 2452 κατάξῃς
2805 2377 2898 2441 τὰς
2946 2379 3083 2440 θείας
3148 2375 3416 2452 δυνάμεις,
3476 2379 3510 2444 ἡ
3567 2378 3664 2456 γὰρ
3723 2385 3820 2434 τοῦ

439 2467 612 2546 dicit,
637 2463 804 2546 quasi
828 2462 1129 2524 tundentes
1161 2469 1217 2523 et
1241 2459 1628 2542 dissecantes,
1651 2469 1846 2522 etnon
1869 2463 2078 2523 sinen-

437 2566 528 2618 tes
559 2571 847 2635 superare
879 2550 1260 2632 cupiditatem
1294 2549 1692 2622 sensibilium,
1730 2569 1848 2611 non
1885 2561 2076 2611 tamen

435 2663 538 2708 eas
567 2662 698 2723 quae
735 2641 1075 2720 praecedunt
1103 2638 1476 2700 cohibentes.
1497 2637 1651 2700 Dicit
1675 2640 1896 2720 itaque,
1921 2639 2078 2720 quod

437 2743 496 2796 et
531 2729 883 2794 inﬂexibiles
915 2729 1035 2790 sint
1064 2728 1136 2790 ad
1170 2727 1414 2806 malum,
1451 2736 1508 2788 et
1556 2727 1923 2789 dominatum
1989 2738 2078 2790 te-

432 2833 614 2889 neant
643 2845 658 2900 ;
691 2831 867 2904 atque
888 2821 1026 2884 hinc
1057 2819 1462 2901 praecedentes
1483 2819 1730 2882 minime
1753 2822 2070 2900 excedunt,

433 2935 509 2978 ne
541 2916 600 2976 in
633 2915 942 2976 materiam
976 2911 1337 2972 dilabantur.
1373 2911 1723 2972 Sanctarum
1749 2917 1944 2972 autem
1965 2910 2076 2972 vir-

439 3013 628 3068 tutum
661 3022 875 3066 nomen
924 3001 1196 3063 existimo
1255 3001 1314 3061 in
1376 3001 1681 3062 communi
1737 3001 2076 3080 significare

441 3093 762 3158 masculam
793 3091 1109 3174 quamdam
1143 3097 1202 3151 et
1225 3097 1599 3152 constantem
1633 3090 2078 3166 virilitatem,ri-

2173 2465 2477 2546 ἆῤῥενωποῦ
2523 2467 2762 2541 σημασία
2819 2467 2907 2522 καὶ
2949 2465 3111 2542 λέξις,
3171 2469 3258 2522 επὶ
3314 2473 3575 2544 γυναικῶν
3629 2465 3818 2544 ἀνδρι-

2163 2557 2400 2630 ζομένων
2483 2556 2570 2612 καὶ
2655 2554 3043 2635 ἁῤῥενοφρόνων
3147 2554 3381 2635 λέγεται,
3588 2555 3820 2634 ὰῤῥένων

2165 2647 2320 2726 ἰσχὺν
2357 2645 2624 2722 ἐχουσῶν,
2663 2643 2904 2724 ’Ἔχουσι
2936 2644 2989 2700 δὲ
3020 2645 3118 2714 τὴν
3161 2643 3369 2722 ἀνδρίαν
3398 2663 3411 2678 °
3467 2647 3539 2708 εἷς
3589 2665 3683 2718 τις
3757 2645 3820 2702 οὗ

2166 2738 2295 2814 πρὸς
2349 2736 2414 2790 τὰ
2460 2733 2766 2813 ἓπαγόμενα
2797 2733 3033 2814 δυσχερῆ
3083 2758 3140 2792 τε
3171 2737 3260 2792 καὶ
3305 2734 3536 2814 λυπηρὰ,
3577 2735 3820 2815 καθάπερ

2158 2825 2296 2882 ἐστὶν
2331 2824 2382 2880 ἐν
2416 2825 2576 2900 ἡμῖν,
2623 2831 2788 2880 ταῦτα
2841 2824 2940 2902 γὰρ
2994 2823 3117 2880 οὔτε
3171 2839 3298 2888 ταῖς
3352 2827 3511 2887 θείαις
3561 2822 3818 2898 δυνάμεσι

2157 2915 2542 2988 προσήκονταο
2619 2915 2706 2970 καὶ
2773 2911 2957 2980 ἔξωθεν
3021 2915 3114 2982 τὴν
3173 2916 3379 2982 κίνησιν
3434 2915 3676 2992 ὄχουσιν,
3740 2916 3820 2979 ὡς

2159 3003 2336 3068 ἄλλως
2383 3003 2460 3078 μὴ
2506 3004 2563 3060 ὃν
2609 3003 2839 3084 φανῆναι
2913 3005 3012 3062 τὴν
3074 3005 3324 3064 τοιαύτην
3381 3001 3609 3082 ἀνδρίαν,
3657 3003 3702 3060 εἰ
3733 3005 3816 3080 μὴ

2163 3093 2492 3159 ἒπανασταίη
2577 3094 2637 3148 τὸ
2722 3091 3002 3174 δυσχερές.
3089 3093 3162 3152 Οὔ
3243 3094 3374 3170 πρὸς
3439 3095 3600 3149 ταῦτα
3657 3101 3814 3170 γοῦν,

441 3185 662 3265 gidam,
697 3201 990 3264 asperam,
1029 3199 1320 3242 severam.
1351 3182 1562 3258 Neque
1613 3199 1750 3241 vero
1803 3181 2078 3254 audiens,

2173 3182 2295 3240 ἀλλ’
2357 3184 2428 3248 εἷς
2487 3183 2660 3247 πάσας
2723 3183 2816 3246 τὰς
2872 3181 2987 3239 κατ’
3023 3183 3182 3250 αὒνὴν
3215 3181 3463 3248 θεοειδεῖς
3523 3181 3814 3260 ἐνεργείας,

439 3277 684 3336 virtutes
709 3273 838 3336 illas
869 3272 1098 3332 divinas
1125 3271 1387 3332 femineo
1421 3270 1663 3332 nomine
1685 3279 2078 3351 nuncupatas,

445 3362 736 3424 muliebre
763 3361 908 3443 quid
935 3362 1008 3422 iis
1039 3359 1304 3422 ascribas
1331 3379 1344 3422 ;
1373 3359 1558 3422 virilis
1588 3361 1744 3422 enim
1779 3360 2077 3439 signiﬁca-

443 3454 522 3513 tio
554 3451 856 3532 dictioque
881 3449 956 3512 de
985 3449 1221 3510 feminis
1245 3448 1540 3526 virilibus,
1575 3457 1634 3510 et
1663 3449 1818 3510 virili
1881 3457 2082 3510 mente

443 3541 730 3620 praeditis,
757 3547 856 3602 aut
888 3539 1044 3601 virili
1064 3539 1280 3600 robore
1306 3537 1688 3619 pollentibus,
1721 3539 2078 3599 enuntiatur.

439 3629 674 3692 Habent
695 3637 892 3691 autem
924 3627 1260 3689 virilitatem
1287 3645 1300 3689 :
1332 3627 1406 3690 ad
1439 3627 1626 3708 quid?
1660 3647 1776 3688 non
1809 3627 1882 3688 ad
1917 3627 2080 3690 dlt'ti-

440 3719 690 3782 cultates
723 3718 1086 3790 incidentes,
1119 3717 1524 3798 tristitiasque,
1559 3715 1705 3778 utin
1731 3716 1900 3778 nobis
1923 3717 2083 3779 acci-

441 3809 530 3872 dit
565 3828 582 3885 ;
619 3809 744 3872 haec
775 3809 936 3871 enim
979 3826 1173 3887 neque
1227 3807 1542 3868 virtutibus
1595 3805 1806 3868 divinis
1862 3825 2083 3869 conve-

440 3898 607 3959 niunt
639 3915 653 3958 :
681 3907 738 3960 ct
759 3897 832 3958 ab
855 3897 1192 3958 extrinseco
1219 3904 1557 3970 moventur,
1595 3906 1659 3956 ut
1687 3894 1859 3956 aliter
1889 3895 2087 3957 istius-

443 3984 600 4048 modi
625 3984 874 4046 virilitas
915 4003 1205 4063 apparere
1261 3992 1538 4064 nequeat,
1603 3984 1714 4046 nisi
1777 3983 2088 4046 difficultas

441 4074 759 4136 exoriatur.
797 4075 926 4136 Non
961 4073 1158 4152 itaque
1188 4076 1260 4134 ad
1301 4073 1426 4133 bznc
1460 4081 1682 4134 tantum
1745 4071 2084 4134 virilitatem

441 4161 736 4236 obtinent,
773 4161 876 4222 sed
909 4161 982 4220 ad
1007 4179 1215 4222 onmes
1245 4179 1383 4222 suas
1416 4159 1744 4223 deiformes
1795 4161 2082 4226 actiones.

2163 3270 2307 3334 Κατ’
2351 3271 2518 3339 αὐτὴν
2565 3269 2618 3327 δέ
2679 3271 2864 3347 ε’ίπον,
2925 3271 3005 3328 ὅτι
3063 3270 3202 3328 ἐστὶν
3255 3271 3452 3348 ἑκάστῃ
3481 3270 3580 3328 ἰδία
3623 3274 3657 3340 ἡ
3701 3275 3820 3328 θεία

2165 3362 2425 3442 ἐνέργεια,
2487 3362 2626 3417 ὥστε
2677 3361 2753 3436 μὴ
2811 3361 3110 3428 ἒξασθενεϊν
3169 3363 3297 3436 πρὸς
3357 3359 3618 3438 μηδεμίαν
3677 3363 3820 3418 ὕπο-

2165 3449 2340 3530 δοχὴν
2373 3454 2477 3506 τῶν
2509 3449 2851 3526 ὲνδιδομένων
2881 3450 3222 3528 ἐλλάμψεων,
3278 3453 3367 3508 καὶ
3413 3455 3528 3508 οἷον
3579 3455 3820 3530 πάσχειν

2167 3539 2263 3597 ὑπ’
2319 3541 2504 3610 αὐτῆς·
2567 3544 2683 3604 οἶός
2739 3543 2879 3598 εστιν
2921 3543 2948 3598 ὁ
3010 3541 3088 3618 μὴ
3131 3541 3207 3598 τῶ
3264 3543 3382 3619 πυρὶ
3434 3540 3818 3616 δαπανώμενος

2165 3629 2329 3703 λίθος,
2363 3630 2417 3692 ὃς
2451 3635 2703 3706 πυροῦται
2750 3629 2870 3706 μέν,
2931 3633 2992 3687 οὗ
3046 3630 3251 3687 καίεται
3308 3628 3381 3686 δέ·
3437 3630 3574 3686 οὕτω
3602 3633 3693 3687 καὶ
3727 3631 3822 3686 ἒν-

2166 3723 2329 3776 ταοθα
2361 3716 2589 3784 δυνατῶς
2646 3717 2732 3775 ἐπὶ
2791 3727 2851 3776 τὸ
2909 3721 3236 3796 θεομίμητον
3301 3719 3633 3800 ἂναγομὶνη,
3667 3720 3822 3796 ὅμως

2169 3811 2272 3889 οὔχ
2301 3811 2526 3878 ἡττᾶται
2556 3809 2642 3864 καὶ
2675 3807 2953 3888 ἀπολείπει
2996 3808 3240 3888 ἀνανδρίᾳ
3287 3809 3387 3878 τὴν
3436 3807 3667 3884 θεοειδῆ,
3731 3811 3824 3866 κί-

2169 3920 2348 3972 νησιν,
2382 3895 2494 3953 ἀλλ’
2535 3896 2772 3976 ἆῤῥεπῶς
2811 3897 2984 3979 ἀφορᾷ
3045 3900 3117 3959 εἰς
3178 3899 3280 3966 τὴν
3330 3898 3458 3978 ὑπὲρ
3515 3904 3690 3956 πᾶσαν
3722 3901 3824 3956 οὗ-

2171 3987 2312 4058 σίαν,
2347 3984 2565 4062 δύναμιν
2597 3987 2695 4056 τὴν
2733 3989 2818 4045 καὶ
2891 3986 3052 4052 αὐτοῖς
3121 3987 3216 4052 τᾶς
3261 3985 3507 4062 δυνάμεις
3550 3985 3824 4063 δημιουρ-

2172 4077 2436 4154 γήσασαν,
2471 4078 2561 4133 καὶ
2600 4078 2794 4146 ταύτης
2851 4078 3007 4134 εἷκὼδ
3067 4077 3264 4155 γίνεται
3323 4077 3460 4134 κατᾶ
3505 4079 3570 4135 τὸ
3601 4078 3820 4158 ἐφικτὸν

2167 4161 2538 4239 δυναμοειδής.
2603 4165 2698 4229 Ὠς
2755 4165 2854 4243 γάρ
3005 4168 3116 4224 θεία
3150 4168 3300 4246 φύσις
3329 4163 3642 4244 ὶνδυναμοϊ,
3677 4167 3824 4224 οὕτω

439 4251 568 4314 Dixi
601 4259 798 4312 autem
831 4267 992 4326 suas,
1041 4250 1180 4330 quia
1212 4249 1454 4311 cuilibet
1479 4267 1584 4310 sua
1617 4249 1860 4331 propria
1895 4251 2080 4314 divina

2169 4255 2258 4312 καὶ
2303 4252 2438 4321 αὕτη
2497 4253 2590 4319 τοὶς
2649 4253 3076 4322 ὑποϐεϐηκυίαςο
3135 4257 3222 4312 καὶ
3278 4255 3394 4314 καθ’
3454 4257 3481 4312 ὃ
3539 4256 3636 4332 μὲν
3681 4255 3822 4323 αὕτη

441 4340 726 4424 competit
756 4341 1040 4421 operatio,
1079 4341 1157 4401 ita
1189 4349 1254 4402 ut
1286 4360 1402 4400 non
1440 4339 1676 4402 deﬁciat
1705 4339 1766 4402 in
1799 4340 1920 4402 ulla
1975 4341 2080 4402 sibi

2166 4345 2274 4400 ὲστῖ
2311 4341 2526 4419 δύναμις
2560 4345 2696 4400 κατά
2725 4345 2933 4422 πρῶτον
2990 4343 3172 4423 λόγον,
3231 4345 3362 4423 πρὸς
3408 4343 3818 4414 ἂντιδιαστολῆν

438 4431 628 4494 indita
658 4431 1054 4492 illustratione
1087 4430 1490 4512 suscipienda,
1529 4447 1638 4490 nec
1669 4429 1741 4491 ab
1782 4449 1852 4492 ea
1906 4431 2080 4510 quid-

2167 4433 2274 4490 τῶν
2307 4432 2425 4508 μετ’
2473 4433 2638 4501 αὐτὴν
2673 4429 2850 4512 (τοῦτο
2900 4433 3000 4512 γαρ
3049 4436 3164 4491 ἔστι
3199 4435 3264 4490 τὸ
3296 4433 3690 4514 ἀρχιδύναμος)
3723 4431 3822 4490 δυ-

441 4539 616 4602 quam
647 4520 924 4600 patiatur;
956 4517 1147 4600 qualis
1179 4497 1268 4581 esi
1297 4518 1446 4600 lapis
1475 4521 1572 4599 qui
1605 4519 1740 4598 igne
1785 4537 1902 4580 non
1925 4497 2080 4582 con-

2170 4497 2339 4588 νατῶς
2373 4521 2489 4602 ἔχει
2521 4497 2804 4592 κατσὶὶτὴν
2865 4497 3108 4581 δοθεῖσαν
3159 4497 3344 4604 χάριν.
3369 4497 3496 4580 ’ἒιπὸ
3529 4497 3823 4580 Geo-bilem:-

439 4608 716 4682 sumitur,
755 4608 852 4689 qui
885 4609 1138 4686 ignescit
1183 4607 1446 4688 quidem,
1477 4607 1580 4670 sed
1614 4627 1728 4668 non
1777 4608 2080 4670 comburi-

2171 4611 2424 4690 στράφθαι
2481 4612 2612 4688 πρὸς
2667 4611 2766 4680 τὴν
2825 4611 2992 4669 αἰτίαν
3051 4617 3157 4670 τῶν
3215 4613 3505 4688 δυνάμεων,
3539 4613 3630 4668 τὸν
3663 4613 3822 4669 Θεόν⁶

439 4709 537 4762 tur
573 4719 588 4774 ;
621 4699 707 4760 sic
742 4699 918 4760 etiam
953 4698 1067 4770 hic,
1104 4697 1244 4758 dum
1279 4705 1552 4778 potenter
1595 4697 1668 4758 ad
1699 4697 1887 4760 Deum
1945 4698 2080 4760 iuni-

2272 4698 2285 4719 !
2487 4701 2507 4731 λ
2655 4701 2668 4720 ν
2734 4703 2746 4722 τ
2837 4699 2866 4722 ρ
2897 4699 2928 4722 ρ
3039 4705 3064 4724 ν
3262 4702 3273 4720 ο
3403 4699 3452 4736 N'v
3721 4703 3734 4722 ν

2169 4703 2266 4756 καθ
2357 4701 2386 4756 ὃ
2455 4698 2508 4756 δι
2585 4724 2670 4757 και
2730 4723 3116 4768 υποοεοιικυιαι
3179 4725 3346 4778 ταυτῃ
3399 4717 3645 4776 οσναμεις
3693 4724 3820 4776 εισι,

440 4788 686 4852 tandum
714 4786 1052 4858 adducitur,
1090 4795 1347 4848 attamen
1381 4805 1498 4847 non
1542 4785 1842 4867 dejicitur,
1891 4806 2080 4868 neque

2172 4789 2412 4868 πρόεισιν
2446 4789 2516 4854 ἑίς
2549 4789 2775 4864 ἐκείνας,
2835 4789 3045 4850 διδοῦσα
3102 4791 3200 4859 τὴν
3258 4790 3473 4866 δύναμιν
3503 4793 3635 4846 κατὰ
3679 4793 3824 4848 θείαν

441 4894 565 4960 prae
593 4877 1001 4939 imbecillitate
1031 4875 1384 4938 deiformem
1419 4883 1642 4939 motum
1700 4876 1946 4958 deserit,
1977 4877 2080 4938 sed

2171 4879 2381 4944 πάντως
2415 4879 2662 4953 μίμησιν,
2719 4883 2826 4947 Τὴν
2859 4877 2912 4934 δὲ
2969 4885 3073 4936 τῶν
3127 4879 3289 4960 ἁγίων
3342 4877 3590 4944 ἐξουσιῶν
3623 4879 3822 4957 ἐκφαν-

442 4975 786 5028 constanter
818 4968 1077 5028 intuetur
1109 4967 1168 5026 in
1197 4967 1472 5026 virtutem
1534 4965 1696 5026 omni
1755 4966 2080 5028 substantia

2165 4967 2380 5044 τορικὴν
2412 4969 2696 5042 ὀνομασίαν
2727 4969 2884 5032 οἶμαι
2920 4966 3136 5044 δηλοῦν,
3188 4968 3306 5036 ἥτις
3363 4969 3472 5025 ἐστὶ
3527 4970 3616 5024 καὶ
3677 4971 3822 5042 ὁμο-

441 5053 840 5136 superiorem,
867 5065 928 5116 et
948 5056 1336 5134 ipsarummet
1352 5054 1640 5116 virtutum
1665 5054 2079 5136 conditricem,

2165 5057 2331 5134 ταγὴς
2395 5062 2500 5113 τῶν
2565 5055 2965 5136 προρρηθέντων
3025 5055 3113 5114 δύο
3171 5081 3236 5115 τα
3257 5057 3485 5138 (μάτων,
3527 5057 3624 5124 τὴν
3656 5061 3822 5116 εὒτα-

441 5143 856 5224 ejusdemque,
886 5145 1076 5224 quoad
1111 5143 1240 5204 ﬁeri
1275 5151 1488 5222 potest,
1525 5143 1714 5223 imago
1756 5143 2080 5207 virtutifor-

2165 5144 2275 5211 ξίαν
2333 5146 2428 5212 τὴν
2488 5144 2746 5221 εὔκοσμον
2806 5149 2889 5203 κσὶ
2921 5147 3253 5228 ἆσῦμιρυρτον
3323 5147 3442 5224 περί
3511 5145 3606 5209 τας
3675 5147 3820 5210 θείας

441 5233 560 5297 mis
592 5233 866 5295 eflicitur.
899 5232 1416 5304 Quemadmodum
1449 5233 1610 5294 enim
1641 5241 1852 5295 natura
1887 5234 2080 5294 divina

2168 5233 2502 5310 ἐλλάμψεις“
2567 5243 2719 5294 τοῦτο
2769 5237 2869 5314 γὰρ
2919 5236 3059 5292 ἐστιν
3105 5235 3240 5293 ἴδιον
3289 5240 3385 5303 τῆς
3441 5231 3700 5306 ἐξουσίας,
3757 5237 3820 5292 τὸ

439 5321 530 5386 illi
564 5322 835 5384 virtutem
857 5321 1218 5402 suppeditat,
1243 5321 1329 5384 sic
1347 5331 1404 5383 et
1426 5322 1551 5383 haec
1575 5321 1964 5385 inferioribus
1989 5343 2003 5383 :
2030 5331 2080 5384 et

2169 5325 2308 5380 κατὰ
2360 5324 2503 5390 τάξιν
2557 5323 2623 5381 τα
2685 5325 3125 5404 παρεμπίπτοντα
3175 5325 3482 5404 διευθετεϊν,
3545 5325 3630 5380 καὶ
3689 5323 3822 5406 δίχα

439 5411 776 5476 secundum
799 5413 955 5494 quod
979 5411 1220 5493 quidem
1247 5411 1374 5492 ipsa
1413 5411 1592 5474 virtus
1616 5419 1726 5494 est,
1755 5413 2080 5474 secundum

2169 5415 2309 5478 τινὸς
2355 5413 2712 5493 περ-περισμοῦ
2769 5415 2857 5470 καὶ
2915 5415 3276 5495 συμφύρσεως.
3365 5413 3516 5471 Ἐπεὶ
3599 5414 3700 5492 γὰρ
3787 5417 3823 5482 ἡ

441 5503 691 5582 primam
717 5499 1111 5580 rationem,ad
1135 5499 1532 5562 dilferentiam
1560 5517 1770 5562 earum
1795 5519 1923 5579 qua:
1954 5509 2088 5582 post

443 5597 630 5671 ipsam
657 5601 796 5654 sunt
823 5593 960 5672 (hoc
981 5591 1140 5652 enim
1168 5600 1256 5652 est
1279 5589 1638 5672 ἀρχιδοναμος
1663 5609 1768 5652 seu
1801 5593 2087 5671 princeps

445 5681 765 5758 virtutum)
793 5681 965 5764 juxta
994 5681 1240 5762 gratiam
1271 5679 1386 5744 sibi
1415 5699 1450 5745 a
1479 5679 1600 5744 Deo
1631 5678 1827 5742 datam
1879 5680 2077 5762 habet,

2169 5503 2374 5570 ὶξουσία
2423 5503 2638 5580 δύναμίς
2694 5505 2809 5560 ἔστι
2861 5505 2997 5561 κατὰ
3053 5503 3148 5573 τήν
3207 5505 3401 5570 ἑαυτῆς
3446 5503 3825 5582 προσήκουσαν

2169 5591 2406 5673 θέλησιν,
2443 5593 2555 5674 (ἵνα
2588 5615 2636 5650 τι
2681 5593 2922 5659 ἀτάκτως
2975 5595 3064 5651 καὶ
3119 5598 3486 5675 συμφυρτικῶς
3537 5591 3573 5660 ἢ
3617 5591 3824 5670 εἴπ’ῃῆ

2168 5681 2516 5764 διαπράξηται
2573 5685 2600 5741 ὁ
2661 5681 2998 5765 ἐξουσιάζων,
3044 5683 3117 5748 εἷς
3171 5685 3198 5740 ὃ
3256 5685 3416 5762 μόνον
3468 5679 3678 5741 δύναται
3735 5703 3824 5742 και
