4078 6204
284 379 401 448 249

674 383 772 445 DE
807 379 1154 446 C(ELESTI
1195 377 1706 457 HIERARCHIA,
1755 373 1919 437 CAP.
1966 373 2130 437 VIII.
2177 405 2256 418 —-
2297 373 2682 436 PARAPHR.
2732 375 3254 440 PACHYMER/E.

3546 369 3664 441 250

263 518 578 591 ὶξουσιάζει,
639 519 728 576 καὶ
785 515 872 572 ὅτε
930 517 1010 591 μὴ
1054 515 1416 591 παρεμπίπτει
1460 512 1646 579 ἔξωθέν
1703 525 1762 569 τῖ
1821 510 1912 578 siit

2005 529 2070 585 nt
2097 519 2168 584 ad
2190 524 2378 586 Deum
2390 521 2678 585 virtutum
2705 531 3009 587 auctorem
3037 523 3230 587 valide
3246 541 3531 588 conversa
3557 523 3657 587 sit:

265 608 504 675 Eanchv
562 607 867 664 διακόπτον·
927 605 1050 662 τότε
1112 605 1212 684 γὰρ
1255 607 1317 662 οὗ
1383 609 1475 660 τοῦ
1530 601 1920 674 ἐξοσσιείζοντός

263 697 407 756 ἐστιν
462 700 499 767 ἡ
551 696 756 763 ἐξουσία
787 741 807 766 ,
867 691 1004 752 ἀλλὰ
1059 701 1153 751 τοῦ
1210 699 1393 770 γαιροῦ
1425 739 1442 768 ,
1517 690 1551 760 ἧ
1606 693 1775 770 τυχὸν
1829 693 1923 748 τοῦ

260 787 470 867 ἑαθροῦ,
517 785 554 854 ἧ
609 791 708 853 τῆς
764 785 936 853 λύπης
1008 783 1172 842 ἄλλον
1215 782 1383 860 τινός)
1416 799 1430 813 ⁸
1463 783 1618 840 τοῦτό
1661 782 1772 839 ἐστι
1830 778 1920 838 καὶ

257 877 482 935 ἐπὶτῶν
524 875 678 934 θείων
732 873 1002 940 ἒξουσιῶν,
1059 872 1210 932 Ἐπεὶ
1273 873 1374 952 γὰρ
1414 879 1578 930 ταῦτα
1621 872 1792 929 πάντα
1818 871 1919 928 ἆλ-

254 965 446 1044 λὸτριά
503 966 601 1022 εἶσι
658 965 883 1038 τούτων,
947 963 1129 1044 ἔχουσι
1185 961 1240 1019 δὲ
1299 965 1398 1030 τὴν
1475 961 1711 1028 ἑξοῦσίαν
1783 961 1918 1019 κατᾶ

251 1058 400 1114 θείαν
442 1057 604 1136 χάριν
668 1052 865 1134 ἀδιεχῆ
933 1056 1024 1111 καὶ
1092 1052 1404 1125 ἂδιάκοπον,
1450 1050 1803 1132 ὑποδέχονται
1831 1049 1918 1108 καὶ

249 1147 351 1210 τας
408 1145 548 1210 θείας
608 1142 902 1219 ὲλλάμψεις
947 1143 1221 1218 εὐκόσμως
1277 1144 1364 1199 καὶ
1425 1142 1792 1221 ἀσυμφύρτως,
1827 1140 1918 1198 καί

248 1235 498 1292 εὔτακτοι
551 1236 652 1292 εἰσι
705 1235 836 1312 πρὸς
881 1235 981 1300 τὴν
1038 1233 1222 1311 νοεράν
1270 1231 1359 1288 καὶ
1421 1231 1776 1309 ὑπερκόσμιον
1817 1232 1917 1286 αὖ-

245 1324 661 1392 τεξουσιότητα.
718 1323 801 1380 ἆεί
852 1325 952 1402 γὰρ
1011 1322 1340 1388 αὖτεξούσιοί
1391 1320 1511 1396 εἶσί,
1571 1321 1660 1378 καὶ
1703 1321 1762 1377 οὗ
1792 1311 1920 1377 ποτὲ

250 1417 358 1490 μὲν
417 1413 581 1490 οὕτω,
639 1415 770 1472 ποτὲ
823 1412 876 1470 δὲ
933 1411 1135 1477 ἄλλως.
1188 1411 1341 1470 Ἐπεὶ
1373 1409 1427 1467 δὲ
1450 1411 1548 1479 τῆς
1573 1410 1830 1483 ἐξουσίας,
1863 1411 1922 1466 τὸ

248 1506 355 1580 μέν
411 1505 555 1562 ἐστιν
608 1504 882 1584 ἔνθεσμον,
962 1503 1025 1560 τὰ
1095 1501 1149 1559 δὲ
1220 1503 1525 1578 τυραννικὸν
1596 1502 1919 1581 (ἐπιφέρεται

245 1595 355 1673 γὰρ
384 1597 418 1663 ἦ
451 1595 657 1661 ἐξουσία
713 1596 802 1650 καὶ
855 1595 956 1661 τὴι
1013 1591 1285 1672 τυραννίδα
1346 1593 1483 1650 κατὰ
1539 1593 1627 1667 τὸ,
1690 1595 1792 1650 Τὸν
1823 1592 1918 1648 τύ-

248 1705 445 1761 ραννον
492 1687 555 1742 οὔ
621 1683 797 1760 (actim
851 1682 1142 1762 εὖσεϐεῐν),
1203 1683 1288 1738 καὶ
1344 1683 1436 1738 ὃτε
1497 1681 1594 1756 μὲν
1663 1689 1754 1738 τοῦ
1825 1681 1918 1737 εν-

247 1777 452 1848 θὲσμου
497 1774 683 1854 ἔχεται
733 1775 766 1840 ἡ
823 1772 1029 1840 hiemi:
1063 1821 1078 1852 ,
1143 1772 1442 1850 ἄκρατητος
1503 1771 1617 1827 ἐστι
1666 1773 1797 1848 πρὸς
1856 1763 1918 1828 τὸ

246 1864 454 1943 ἆγαθῦν
487 1880 500 1894 ⁸
534 1864 622 1927 ὅτε
667 1862 722 1918 δὲ
777 1869 870 1919 τοῦ
926 1861 1156 1935 ἀθέσμου
1185 1863 1272 1919 καὶ
1303 1868 1632 1940 τυραννικοῦ,
1684 1868 1751 1938 τῇ
1783 1883 1916 1940 σφε-

243 1955 378 2028 τέρᾳ
408 1952 622 2028 δδνάμει
674 1953 805 2018 πρὸς
848 1953 916 2008 τὰ
975 1953 1143 2031 χείρω
1199 1951 1583 2030 ἀποκέχρηται
1621 1967 1634 1980 ⁸
1680 1965 1918 2009 ποιεῖται

243 2041 472 2100 ἐνταῦθα
514 2044 614 2110 τὴν
676 2040 926 2117 διαίρεσιν
984 2047 1082 2107 τῆς
1141 2039 1373 2106 ἐξοασίας
1406 2043 1432 2096 ὁ
1465 2040 1636 2120 ἂγιος,
1707 2043 1792 2097 καὶ
1825 2041 1916 2097 λέ-

243 2153 359 2210 γει,
431 2134 514 2189 ὅτι
571 2134 632 2188 οὗ
689 2135 1007 2210 τυρᾶννικῶς
1039 2132 1127 2187 ἐπὶ
1185 2131 1250 2188 τὰ
1283 2132 1450 2210 χείρω
1484 2145 1604 2192 ταῖς
1638 2129 1918 2207 δυνάμεσιν

243 2222 654 2302 ἄποκέχρηνται
713 2224 764 2279 αἱ
821 2222 969 2299 ἅγιαι
1028 2220 1279 2297 ἐξουσίαι,
1354 2218 1489 2275 ἀλλὰ
1545 2221 1631 2277 ἐπὶ
1687 2222 1754 2277 τὰ
1797 2226 1917 2281 θεῖα

243 2314 590 2392 ἆλρατήτως,
641 2311 771 2390 ὅπερ
829 2311 969 2369 ἐστὶν
1029 2309 1165 2368 ἴδιον
1202 2315 1302 2375 τῆς
1348 2308 1580 2375 ἐξουσίας
1613 2308 1731 2386 μετ’
1758 2314 1916 2369 εὔτα-

244 2401 384 2476 ξίας,
419 2403 447 2458 ὅ
501 2403 588 2459 καὶ
645 2403 772 2461 αὐτὸ
828 2404 921 2458 τοῦ
975 2400 1225 2475 ἐνθέσμου
1249 2405 1347 2466 τῆς
1394 2400 1648 2465 ἐξουσίας,
1686 2404 1772 2469 Μὴ
1807 2405 1914 2477 μό-

239 2516 337 2550 νον
391 2495 545 2548 αὗται
601 2491 914 2568 ἀνάγονται,
975 2489 1112 2546 ἀλλὰ
1170 2491 1256 2544 καὶ
1315 2490 1380 2545 τὰ
1429 2479 1551 2565 μετ’
1613 2492 1770 2554 αὑτὰς
1812 2492 1910 2547 ἂν·

238 2585 462 2662 ἀγωσιν
525 2579 844 2661 ἂγαϐοειδῶς
904 2585 1024 2656 (οὔκ
1073 2580 1184 2636 ἔστι
1216 2581 1314 2657 γὰρ
1346 2581 1555 2660 φθόνος,
1632 2580 1745 2640 οὐδέ
1784 2581 1908 2660 γλι-

237 2675 487 2754 σχρότης
517 2695 622 2752 τις,
653 2670 768 2731 οὐδὲ
800 2669 1051 2751 φειδωλία
1081 2672 1156 2745 τῷ
1190 2671 1371 2748 ἁγαθῷ
1410 2689 1421 2702 °
1461 2669 1480 2750 )
1514 2671 1607 2727 καὶ
1652 2673 1778 2742 πρὸς
1809 2674 1909 2739 τὴν

238 2765 417 2820 αἰτίαν
469 2764 664 2842 αὖτῶν,
763 2763 828 2828 ἣν
895 2762 982 2818 καὶ
1067 2759 1424 2826 ἐξουπιοποιὸν
1485 2763 1575 2818 καὶ
1634 2761 1909 2840 ἐξουσιαρ-

235 2856 375 2934 χίαν
422 2854 577 2933 φησί,
636 2855 714 2922 (τὸ
775 2852 896 2930 μὲν,
947 2853 1020 2915 ὡς
1077 2852 1172 2913 τὰς
1242 2849 1472 2915 ἐξουσίας
1505 2848 1910 2928 δημιουργήσα-

236 2967 342 3001 σαν
399 2945 485 3000 καὶ
542 2944 869 3020 ποιήσασαν,
930 2942 991 2996 τὸ
1049 2938 1126 3019 δέ,
1187 2943 1259 3005 ὡς
1290 2947 1395 2998 τῶν
1427 2940 1668 3006 ἐξουσίῶν
1702 2940 1907 3021 ἄρχου-

239 3035 400 3112 σαν,)
431 3035 832 3112 ἀφομςιιούνται,
894 3034 964 3096 ὡς
1009 3031 1243 3104 θεμιτόν.
1309 3037 1474 3090 Τοῦτο
1505 3031 1604 3108 γὰρ
1633 3032 1774 3087 ἐστιν
1807 3033 1906 3088 αὒ-

237 3128 368 3189 ταῖς
401 3125 436 3192 ἡ
466 3122 760 3197 τελείωσις,
792 3124 827 3190 ἡ
860 3123 994 3178 κατὰ
1028 3123 1086 3178 τὸ
1129 3123 1343 3201 ἔφικτὸν
1386 3121 1713 3200 ἀφομοίωσις
1749 3142 1760 3153 ·
1820 3113 1901 3176 καῖ
1926 3163 1967 3215 c

237 3215 446 3281 ταύτην
502 3213 601 3280 τὴν
644 3213 786 3270 θείαν
816 3211 1166 3291 ἂφομοίωσιν,
1228 3211 1405 3274 καθὼς
1463 3210 1538 3266 ’ένι
1572 3211 1626 3265 ἑν
1656 3224 1774 3273 τοῖς
1803 3211 1908 3287 ἆγ-

240 3304 452 3383 γὲλοις,
542 3301 937 3377 ἀναλάμπουσιν
1005 3301 1058 3357 ἐν
1116 3312 1237 3364 ταῖς
1296 3300 1430 3356 κατὰ
1488 3300 1682 3364 ταύτας
1757 3299 1908 3359 edaci-

242 3417 408 3469 σμοις
450 3392 625 3458 τάξεσι
679 3397 778 3459 τῆς
838 3390 1233 3457 ἐξουσιαστιγῆς
1317 3388 1610 3469 δυνὰμεως,
1665 3389 1909 3457 δηλονότι

241 3485 300 3543 ἒν
359 3497 485 3548 ταῖς
540 3481 788 3556 δυνάμεσι
843 3483 930 3537 καὶ
973 3480 1027 3536 ἄν
1087 3493 1207 3542 ut:
1239 3480 1563 3558 κυριότησιν,
1615 3481 1765 3537 αὗται
1812 3483 1912 3567 γὰρ

243 3578 379 3632 εἰσιν
441 3575 494 3630 ᾰὶ
535 3572 657 3629 κατ’
718 3571 878 3634 absit:
943 3571 1031 3631 τὰς
1087 3570 1284 3642 τάξεις,
1335 3573 1390 3627 Ei
1445 3571 1545 3648 γὰρ
1605 3574 1911 3645 ptumam-

242 3669 408 3742 μεθα,
473 3661 732 3740 ἐλέγομεν
782 3660 1098 3739 ἔμπροσθεν,
1133 3658 1214 3716 ὅτι
1276 3660 1340 3715 τὰ
1368 3665 1531 3716 πᾶσιν
1573 3660 1906 3739 ὑπάρχοντα,

242 3753 406 3816 ἰδίως
458 3753 667 3824 ἑκάστῳ
721 3750 809 3807 ἐπὶ
868 3749 1029 3806 πλέον
1085 3748 1505 3828 ἁπονενέμηται,
1549 3749 1641 3805 ’ἕνα
1680 3750 1909 3806 ἐντεῦθεν

241 3845 312 3900 τὰ
367 3842 466 3910 τῆς
510 3838 706 3906 τάξεως
756 3838 1299 3928 διαφυλαχοήσηταυ
1348 3846 1501 3896 τοῦτο
1553 3840 1651 3916 γὰρ
1707 3840 1909 3912 σημαί-

244 3955 324 3989 νει
385 3931 578 3988 καὶτὸ
648 3928 1089 4004 ἇναλαμποὺσης,
1167 3926 1250 3984 Ἠ
1308 3929 1396 3983 καὶ
1440 3926 1613 3990 ἄλλως
1673 3929 1736 3984 τὸ
1779 3927 1909 3982 ἀνα-

241 4021 592 4097 λαμπούσης,
642 4016 726 4074 διὰ
771 4019 870 4085 τὴν
930 4025 1022 4074 τοῦ
1064 4018 1241 4099 φωτὸς
1300 4015 1538 4084 ἰδιότητα
1578 4036 1594 4052 ⁸
1641 4017 1908 4097 ἀνωφερὲς

241 4114 348 4192 γὰρ
384 4117 444 4168 τὸ
500 4109 634 4189 φῶς,
675 4109 839 4165 εἶκαὶ
883 4107 920 4175 ἡ
973 4108 1164 4164 τούτου
1213 4105 1481 4181 ἔλλαμψις
1529 4108 1618 4162 καὶ
1672 4107 1724 4162 ἐν
1783 4108 1905 4170 τοῖς

242 4203 398 4261 κάτὼ
452 4203 673 4278 γίνεται.
741 4197 1036 4276 Πλὴρώσας
1101 4197 1195 4260 τὰς
1227 4197 1479 4261 θεοειδεῖς
1518 4195 1783 4264 ἰδιότητας
1811 4203 1907 4264 τῆς

245 4293 424 4368 μέσης
481 4289 887 4364 διακοσμήσεως
956 4332 974 4363 ,
1050 4285 1286 4359 μέτεισιν
1345 4287 1428 4342 ἐπὶ
1485 4290 1584 4354 τῆν
1636 4288 1908 4366 ἱεραρχίαν

245 4382 446 4454 αεότὼν,
503 4381 601 4446 τὴν
656 4379 931 4455 κάθαρσιν,
995 4378 1087 4432 τὸν
1140 4377 1434 4455 φωτισμὸν,
1481 4376 1581 4442 τὴν
1610 4375 1903 4432 τελείωσιν.

246 4472 569 4548 Καθαίρεται
626 4469 823 4547 τοίνυν,
897 4467 986 4522 καὶ
1030 4467 1332 4546 φωτίζεται,
1368 4467 1456 4522 καὶ
1512 4464 1904 4542 τελεσιουργει-

244 4583 337 4618 ται
389 4558 510 4616 καθ’
577 4559 636 4614 ὅν
683 4556 895 4635 εἴρηται
927 4556 1120 4627 τρόπον
1174 4555 1258 4612 ἐπὶ
1286 4561 1354 4631 τῇ
1383 4553 1568 4631 πρώτῃ
1600 4552 1903 4627 διακοσμή-

2007 619 2068 675 in
2100 620 2386 694 quantum
2440 631 2577 675 vero
2635 613 2810 675 etiam
2839 614 3160 677 inferiores
3186 614 3261 675 ab
3305 615 3415 676 hac
3439 613 3662 677 habent

2004 702 2163 782 quod
2196 701 2437 765 virtutes
2457 703 2727 783 sint,vim
2750 722 2916 765 suam
2945 704 3012 766 in
3045 703 3408 784 illastrajicit
3437 723 3505 766 ac
3536 703 3659 766 dis-

2006 791 2231 870 tribuit,
2266 792 2594 854 secundum
2633 792 2887 855 divinam
2938 811 3184 873 prorsus
3239 792 3654 856 imitationem.

2003 883 2189 946 Porro
2209 900 2426 944 nomen
2455 890 2798 965 sanctarum
2825 891 3174 962 potestatum
3200 882 3653 961 declarativum,

2004 971 2272 1036 existimo
2303 972 2641 1050 signiﬁcare
2690 972 2962 1034 ordinem
3018 973 3319 1050 praedictis
3352 972 3469 1034 illis
3504 973 3659 1035 duo-

2003 1061 2113 1123 bus
2165 1063 2474 1141 azqualem,
2541 1061 2692 1123 bene
2744 1062 3106 1141 ordinatum,
3163 1062 3446 1125 decorum
3479 1062 3571 1122 80
3601 1070 3660 1126 et

2003 1142 2378 1214 inconfusum
2410 1154 2570 1215 circa
2592 1152 2822 1214 divinas
2844 1152 3272 1215 illustrationes
3303 1171 3317 1216 :
3349 1154 3652 1234 proprium

2007 1243 2168 1305 enim
2215 1244 2517 1324 potestatis
2549 1251 2660 1322 est,
2694 1261 2765 1304 ea
2811 1262 2946 1321 quae
2976 1242 3247 1304 incidunt
3295 1245 3354 1306 in
3389 1243 3657 1304 ordinem

2005 1332 2288 1410 dirigere,
2318 1331 2496 1414 idque
2525 1333 2658 1396 sine
2680 1335 3019 1396 temeritate
3036 1352 3104 1395 ac
3127 1333 3656 1396 confusione.Cum

2002 1423 2162 1484 enim
2219 1431 2474 1502 potestas
2530 1425 2714 1485 virtus
2771 1423 2850 1487 sit
2907 1423 3235 1484 secundum
3285 1424 3656 1484 voluntatem

1999 1510 2112 1590 ipsi
2139 1513 2589 1574 convenientem
2623 1513 2714 1592 (ut
2743 1513 2803 1574 in
2828 1512 3102 1574 ordinate
3150 1511 3290 1592 quid
3325 1519 3384 1573 et
3411 1510 3657 1572 confuse

2002 1600 2094 1662 vel
2125 1600 2284 1663 dicat
2314 1601 2404 1662 vel
2427 1611 2559 1681 agat
2591 1602 2644 1665 is
2674 1603 2775 1682 qui
2811 1603 3088 1682 praeditus
3119 1611 3210 1664 est
3243 1610 3560 1679 potestate,
3592 1599 3654 1661 in

2003 1690 2157 1769 quod
2186 1690 2374 1753 solum
2409 1699 2619 1769 potens
2649 1692 2725 1754 sit
2748 1702 2812 1755 et
2843 1701 3190 1772 potestatem
3236 1690 3657 1769 habeat,idque

2004 1779 2240 1855 quando
2294 1781 2441 1842 nihil
2501 1781 2709 1844 incidit
2768 1782 3136 1844 extrinsecus
3177 1780 3517 1860 impediens
3548 1798 3657 1859 po-

1945 1883 1980 1932 B
2008 1876 2275 1930 testatem
2317 1891 2334 1944 ;
2367 1879 2505 1932 tunc
2539 1872 2744 1950 utique
2776 1891 2892 1934 non
2926 1882 3016 1933 est
3040 1879 3298 1949 potestas
3321 1870 3431 1931 ista
3463 1877 3658 1950 potes-

2005 1966 2180 2020 tatem
2213 1959 2623 2034 habentis,sed
2661 1961 3070 2041 temporis,vel
3093 1961 3244 2022 forte
3276 1958 3527 2034 inimici,
3565 1955 3654 2018 vel

2004 2048 2258 2111 tristitiae
2287 2050 2374 2110 vel
2404 2050 2657 2130 alicujus
2685 2050 2976 2122 alterius),
3033 2052 3144 2110 hoc
3175 2050 3235 2109 in
3269 2047 3653 2129 potestatibus

2004 2137 2184 2199 etiam
2214 2139 2430 2202 divinis
2462 2141 2656 2202 locum
2691 2141 2886 2203 habet.
2925 2139 3068 2204 Cum
3103 2139 3261 2202 enim
3287 2139 3413 2200 haec
3457 2138 3656 2199 omnia

2003 2226 2076 2289 ab
2125 2229 2271 2308 ipsis
2327 2230 2522 2292 aliena
2576 2231 2716 2308 sint,
2780 2230 3033 2294 habeant
3076 2237 3272 2291 autem
3302 2237 3648 2306 potestatem

2001 2334 2040 2377 a
2083 2317 2279 2379 divina
2336 2321 2524 2397 gratia
2573 2321 2889 2382 indivisam
2947 2328 3121 2400 atque
3181 2318 3646 2389 indelicientem,

2000 2406 2229 2468 divinas
2261 2409 2440 2469 etiam
2475 2409 2904 2471 illustrationes
2948 2409 3220 2471 ordinate
3253 2416 3311 2468 et
3341 2407 3651 2468 inconiuse

1996 2497 2312 2574 recipiunt,
2359 2515 2428 2560 ac
2480 2498 2632 2561 bene
2686 2499 2950 2578 dispositi
3007 2508 3148 2562 sunt
3201 2498 3273 2559 ad
3318 2495 3642 2576 spiritalem

1997 2594 2054 2646 et
2106 2587 2499 2667 supermundi
2552 2589 2704 2650 alem
2757 2589 2984 2651 arbitrii
3050 2587 3439 2657 libertatem;
3499 2604 3645 2665 quo-

1996 2674 2152 2738 niam
2185 2695 2430 2753 semper
2460 2678 2689 2740 arbitrii
2733 2679 2824 2740 sui
2858 2687 3202 2758 potestatem
3253 2677 3498 2748 habent,
3533 2693 3644 2737 nec

1994 2765 2174 2826 modo
2227 2766 2467 2846 quidem
2517 2771 2626 2839 sic,
2664 2769 2840 2830 modo
2885 2787 3028 2831 vero
3059 2769 3232 2830 aliter
3262 2765 3456 2828 affecti
3488 2773 3646 2828 sunt.

1996 2853 2140 2918 Cum
2191 2864 2388 2918 autem
2422 2866 2686 2937 potestas
2716 2859 2831 2920 alia
2853 2859 3094 2940 quidem
3129 2859 3389 2937 legitima
3414 2855 3516 2935 sit,
3541 2854 3672 2917 alia.

1992 2962 2134 3005 vero
2173 2945 2477 3025 tyrannica
2508 2947 2722 3021 (infert
2748 2949 2906 3008 enim
2943 2957 3196 3028 potestas
3242 2946 3418 3008 etiam
3451 2953 3654 3025 tyran-

1993 3032 2217 3108 nidem,
2239 3035 2410 3113 juxta
2443 3036 2613 3115 iliud,
2650 3040 3008 3115 Tyrannum
3039 3057 3160 3101 non
3181 3036 3362 3116 facile
3389 3042 3474 3097 est
3502 3033 3655 3097 cale-

1992 3125 2099 3200 re),
2133 3133 2192 3186 et
2215 3125 2449 3204 quando
2481 3126 2719 3206 quidem
2747 3127 3013 3206 legitima
3037 3136 3295 3207 potestas
3315 3125 3641 3198 obtinetur,

1994 3213 2205 3275 invicta
2233 3222 2322 3276 est
2365 3214 2440 3277 ad
2497 3215 2715 3276 bonum
2755 3238 2771 3292 ;
2818 3217 3053 3297 quando
3093 3226 3290 3279 autem
3345 3213 3653 3292 illegitima

1995 3311 2052 3363 et
2081 3305 2419 3379 tyrannica,
2461 3312 2598 3367 tunc
2634 3306 2873 3386 propria
2895 3307 2947 3367 vi
2977 3307 3047 3368 ad
3085 3307 3302 3368 malum
3335 3304 3598 3366 abutitur
3629 3320 3644 3362 :

1993 3392 2134 3454 facit
2190 3393 2285 3455 hic
2314 3409 2556 3457 sanctus
2612 3396 2970 3459 divisionem
3009 3396 3340 3477 potestatis,
3365 3414 3435 3456 ac
3479 3393 3643 3465 dicit,

1995 3483 2246 3545 virtutes
2262 3493 2494 3548 sanctas
2538 3503 2655 3548 non
2693 3485 3000 3566 tyrannica
3031 3487 3101 3548 ad
3151 3485 3304 3548 mala
3332 3483 3651 3545 virtutibus

1994 3571 2183 3647 abuti,
2220 3573 2324 3634 sed
2354 3575 2550 3636 animo
2583 3574 2800 3637 invicto
2832 3576 2905 3637 ad
2939 3575 3136 3637 divina
3167 3576 3412 3636 tendere
3446 3595 3459 3636 :
3489 3571 3642 3650 quod

1995 3671 2086 3723 est
2146 3664 2453 3742 proprium
2513 3666 2818 3742 potestatis
2881 3664 3034 3726 bene
3079 3664 3413 3739 ordinatae,
3473 3671 3649 3740 atque

1993 3751 2145 3812 adeo
2178 3752 2357 3813 etiam
2393 3752 2691 3830 legitima}.
2743 3753 2946 3833 Neque
2990 3762 3211 3814 tantum
3263 3751 3405 3830 ipsa}
3433 3749 3502 3808 ad
3534 3767 3640 3808 su-

1996 3857 2181 3918 perna
2210 3849 2540 3914 transeunt,
2574 3861 2774 3903 verum
2809 3842 2986 3904 etiam
3020 3842 3302 3904 inferiora
3334 3857 3439 3900 sua
3469 3838 3641 3898 boni-

1993 3926 2264 3990 formiter
2282 3929 2584 3990 adducunt
2613 3937 2757 4002 (non
2785 3931 2942 3992 enim
2959 3940 3049 3993 est
3074 3930 3518 4008 invidia,neque
3552 3938 3643 3987 te-

1992 4017 2240 4096 nacitas,
2276 4038 2469 4100 neque
2489 4019 2855 4098 parcimonia
2889 4021 3100 4101 bono),
3131 4031 3190 4082 et
3220 4019 3291 4081 ad
3325 4019 3643 4080 Auctorem

1990 4126 2186 4188 suum,
2233 4127 2410 4189 quem
2437 4110 2838 4189 potentilicum
2871 4119 2930 4172 et
2955 4110 3227 4191 potentias
3249 4106 3644 4188 principatum

1991 4206 2160 4257 vocat
2213 4197 2386 4276 (illud
2429 4198 2674 4275 quidem
2704 4248 2720 4272 ,
2768 4201 3052 4279 quoniam
3123 4204 3448 4278 potestates
3510 4215 3649 4256 con-

1992 4285 2143 4348 didit
2173 4304 2240 4347 ac
2263 4288 2485 4348 creavit
2517 4311 2532 4364 -,
2567 4288 2678 4350 boc
2724 4306 2864 4352 vero
2908 4289 3051 4366 quia
3076 4295 3403 4366 potestates
3444 4285 3643 4365 regit),

1992 4386 2277 4456 quantum
2317 4379 2401 4438 fas
2433 4387 2545 4450 est,
2577 4379 3004 4444 assimilantur.
3041 4379 3346 4461 Siquidem
3384 4381 3643 4455 ipsarum

1993 4467 2274 4544 perfectio
2305 4477 2393 4528 est
2417 4467 2544 4547 Dei,
2580 4477 2800 4548 quanta
2832 4470 2957 4530 fieri
2994 4480 3208 4549 potest,
3244 4468 3591 4529 assimilatio
3625 4479 3640 4549 ξ

1988 4556 2265 4636 hancque
2316 4556 2570 4618 divinam
2619 4548 3137 4638 assimilationem,
3187 4566 3470 4638 quantum
3505 4548 3646 4617 licet

245 4671 355 4729 σει,
413 4648 494 4704 δτι
549 4647 763 4713 κάκείνη
807 4647 894 4701 καὶ
924 4645 1058 4711 αὕτη
1102 4647 1204 4702 ὑπὸ
1233 4652 1338 4701 τῶν
1369 4645 1665 4723 θεαρχιιιών
1693 4643 1899 4712 ἑλλάμ-

1998 4646 2230 4724 angelis,
2275 4646 2610 4708 accendunt
2636 4649 2693 4707 in
2729 4648 2854 4708 suis
2897 4647 3294 4710 ornatissimis
3335 4644 3646 4711 ordinibus

245 4745 418 4815 ψεων,
452 4736 592 4805 πλὴν
625 4735 757 4802 αὕτη
813 4733 1064 4812 δευτέρως
1111 4732 1195 4790 διὰ
1243 4734 1338 4801 τῆς
1379 4735 1596 4811 πρώτης
1633 4753 1648 4770 ο
1681 4731 1772 4789 διὰ
1802 4735 1902 4812 γὰρ

1987 4741 2348 4816 ροιθεῑειιὶνω
2371 4735 2620 4810 virtutis,
2645 4736 2875 4799 scilicet
2906 4738 2964 4799 in
2999 4736 3315 4800 virtutibus
3351 4745 3408 4797 et
3440 4733 3642 4797 domi-

241 4827 417 4905 μέσης
450 4827 652 4892 ἐκείνης
704 4830 800 4902 τῇς
847 4829 1210 4904 πρωτοφανῶς
1265 4823 1498 4902 ἐχούσης
1527 4824 1620 4887 τὰς
1675 4825 1899 4880 τελειώ-

1998 4823 2326 4888 aationibus
2359 4843 2376 4900 ;
2412 4827 2502 4887 Ita;
2545 4825 2704 4886 enim
2748 4837 2890 4888 sunt
2920 4825 3148 4887 ordinis
3180 4825 3448 4905 ejusdem
3501 4842 3640 4886 cum

239 4939 381 4996 σεις,
416 4915 801 4994 δευτεροφανῶς
835 4913 1202 4988 αἱέλλαμψεις
1233 4912 1733 4989 διαπορθιιεῦονται,

1980 4915 2076 4977 iis.
2110 4913 2417 4993 Siquidem
2451 4923 2614 4976 recte
2675 4917 3082 4983 meminimus,
3133 4915 3394 4976 diximus
3442 4923 3640 4988 antea,

240 5004 537 5086 quidquid
569 5003 898 5066 universim
931 5001 1172 5082 accidit,
1208 4999 1456 5064 cuilibet
1485 5009 1546 5061 ut
1579 5001 1903 5080 plurimum
1937 5005 2268 5067 secundum
2303 5003 2543 5064 modum
2581 5005 2890 5084 proprium
2956 5004 3261 5084 distribui,
3318 5013 3384 5066 ut
3433 5003 3520 5066 sic
3577 5021 3647 5065 ea

239 5112 378 5176 quae
407 5102 550 5155 sunt
579 5092 811 5154 ordinis
842 5099 1206 5167 serventur;
1272 5091 1384 5152 hoc
1443 5089 1604 5151 enim
1664 5101 1907 5170 propter
1965 5093 2114 5154 lucis
2171 5091 2596 5171 proitrietatem
2659 5093 2953 5172 significat
2984 5097 3157 5156 etiam
3191 5111 3301 5155 vox
3341 5093 3639 5156 accendit-

237 5183 358 5246 Vel
387 5183 568 5245 etiam
602 5181 778 5244 aliter
808 5181 1108 5256 accendit,
1146 5189 1392 5261 propter
1421 5179 1572 5242 lucis
1605 5181 2042 5261 proprietatem
2082 5201 2095 5245 :
2132 5182 2228 5242 lux
2291 5182 2448 5242 enim
2512 5201 2746 5243 sursum
2799 5183 3006 5248 fertur.
3073 5183 3308 5245 tametsi
3366 5185 3447 5242 δι
3513 5181 3642 5260 ejus

241 5267 572 5334 illustratio
621 5271 909 5333 deorsum
943 5270 1119 5332 etiam
1180 5270 1300 5332 fiat.
1364 5269 1763 5332 Deiformibus
1832 5271 2303 5353 proprietatibus
2337 5269 2550 5332 media:
2593 5270 3037 5334 distributionis
3065 5272 3376 5350 absolutis,
3439 5269 3647 5330 transit

240 5361 322 5422 ad
355 5379 563 5423 earnm
598 5359 1028 5434 bierarchiam,
1064 5359 1121 5420 id
1154 5369 1268 5433 est,
1303 5358 1733 5439 expiationem,
1802 5359 2303 5422 illuminationem
2339 5369 2396 5421 et
2453 5360 2906 5440 perfectionem.
2960 5360 3243 5437 Exliiatur
3299 5360 3520 5439 itaque,
3583 5362 3641 5420 et

241 5441 624 5514 illuminatur
655 5458 839 5530 atque
869 5449 1168 5528 perﬁcitur
1203 5467 1273 5511 eo
1305 5449 1484 5510 modo
1512 5468 1629 5529 quo
1661 5450 1891 5511 dictum
1928 5459 2017 5512 est
2047 5451 2104 5511 in
2139 5449 2328 5532 prima
2359 5449 2806 5532 distributione,
2859 5451 3134 5530 quoniam
3191 5460 3302 5510 tam
3339 5449 3436 5510 illa
3462 5465 3640 5523 quam

234 5541 366 5602 hanc
399 5539 513 5602 sub
544 5538 768 5601 divinis
804 5547 895 5600 est
927 5537 1454 5618 illustrationibus,
1487 5555 1691 5600 verum
1730 5540 1855 5601 haec
1886 5541 2152 5602 secundo
2187 5541 2317 5602 loco
2346 5557 2452 5620 per
2483 5539 2736 5620 primam
2767 5558 2780 5600 :
2816 5540 2918 5602 illa
2941 5541 3098 5601 enim
3155 5537 3458 5600 mediante
3509 5554 3641 5616 quas

242 5629 438 5712 prima
472 5629 606 5691 luce
637 5627 968 5710 perficitur,
1000 5627 1282 5690 secundae
1312 5627 1730 5691 illustrationis
1760 5629 1917 5691 radii
1946 5629 2351 5708 trajiciuntur.

323 5717 450 5804 ﬁn.
489 5720 588 5776 Διὰ
615 5726 769 5778 τοῦτο
798 5722 897 5789 τὴν
963 5719 1132 5787 ἀκοὴν
1160 5719 1256 5788 τὴν
1301 5716 1367 5775 δι’
1414 5717 1576 5778 ἄλλον
1619 5720 1692 5782 είς
1733 5718 1894 5776 ἄλ)ον

2056 5717 2181 5800 §[l.
2218 5720 2421 5801 itaque
2477 5718 2776 5798 notitiam,
2825 5735 2957 5800 quae
2985 5735 3020 5778 a
3069 5715 3371 5801 Zacharia,
3418 5723 3478 5780 et
3511 5718 3633 5782 Da-
