  <div class='ocr_page' id='page_1' title='image "/cluster/home/n/w/nwhite01/storage/ocr_20150623/3/hvd.32044029831450/143.png"; bbox 0 0 4042 6206; ppageno 0'>
   <div class='ocr_carea' id='block_1_1' title="bbox 420 391 528 458">
    <p class='ocr_par' dir='ltr' id='par_1_1' title="bbox 420 391 528 458">
     <span class='ocr_line' id='line_1_1' title="bbox 420 391 528 458; baseline -0.019 0"><span class='ocrx_word' id='word_1_1' title='bbox 420 391 528 458; x_wconf 73' lang='grc'><strong>251</strong></span> 
     </span>
    </p>
   </div>
   <div class='ocr_carea' id='block_1_2' title="bbox 1603 389 2607 459">
    <p class='ocr_par' dir='ltr' id='par_1_2' title="bbox 1603 389 2607 459">
     <span class='ocr_line' id='line_1_2' title="bbox 1603 389 2607 459; baseline -0.006 0"><span class='ocrx_word' id='word_1_2' title='bbox 1603 395 1661 459; x_wconf 91' lang='lat' dir='ltr'><strong>S.</strong></span> <span class='ocrx_word' id='word_1_3' title='bbox 1715 392 2058 458; x_wconf 80' lang='lat' dir='ltr'><strong>DIONYSII</strong></span> <span class='ocrx_word' id='word_1_4' title='bbox 2099 389 2607 456; x_wconf 76' lang='lat' dir='ltr'><strong>AREOPAGlT/E</strong></span> 
     </span>
    </p>
   </div>
   <div class='ocr_carea' id='block_1_3' title="bbox 3694 384 3808 451">
    <p class='ocr_par' dir='ltr' id='par_1_3' title="bbox 3694 384 3808 451">
     <span class='ocr_line' id='line_1_3' title="bbox 3694 384 3808 451; baseline 0.009 -1"><span class='ocrx_word' id='word_1_5' title='bbox 3694 384 3808 451; x_wconf 80' lang='lat'><strong>252</strong></span> 
     </span>
    </p>
   </div>
   <div class='ocr_carea' id='block_1_4' title="bbox 419 527 2072 614">
    <p class='ocr_par' dir='ltr' id='par_1_4' title="bbox 419 527 2062 614">
     <span class='ocr_line' id='line_1_4' title="bbox 419 527 2062 614; baseline -0.006 -15"><span class='ocrx_word' id='word_1_6' title='bbox 419 533 670 607; x_wconf 87' lang='lat' dir='ltr'><strong>niele,et</strong></span> <span class='ocrx_word' id='word_1_7' title='bbox 701 530 1010 614; x_wconf 81' lang='lat' dir='ltr'><strong>Eyechiele</strong></span> <span class='ocrx_word' id='word_1_8' title='bbox 1057 527 1388 610; x_wconf 72' lang='lat' dir='ltr'><strong>prophetis,</strong></span> <span class='ocrx_word' id='word_1_9' title='bbox 1422 546 1526 608; x_wconf 89' lang='lat' dir='ltr'><strong>per</strong></span> <span class='ocrx_word' id='word_1_10' title='bbox 1568 527 1748 591; x_wconf 87' lang='lat' dir='ltr'><strong>alium</strong></span> <span class='ocrx_word' id='word_1_11' title='bbox 1779 527 1850 590; x_wconf 87' lang='lat' dir='ltr'><strong>ad</strong></span> <span class='ocrx_word' id='word_1_12' title='bbox 1883 527 2062 590; x_wconf 86' lang='lat' dir='ltr'><strong>alium</strong></span> 
     </span>
    </p>
   </div>
   <div class='ocr_carea' id='block_1_5' title="bbox 2157 527 3806 614">
    <p class='ocr_par' dir='ltr' id='par_1_5' title="bbox 2157 531 3806 614">
     <span class='ocr_line' id='line_1_5' title="bbox 2157 531 3806 614; baseline -0.001 -23"><span class='ocrx_word' id='word_1_13' title='bbox 2157 532 2377 614; x_wconf 70' lang='grc' dir='ltr'>ἕγγελον</span> <span class='ocrx_word' id='word_1_14' title='bbox 2434 532 2727 612; x_wconf 74' lang='grc' dir='ltr'><strong>λεγομένην</strong></span> <span class='ocrx_word' id='word_1_15' title='bbox 2772 531 3249 613; x_wconf 78' lang='grc' dir='ltr'>διαπορθμεόεσθαι</span> <span class='ocrx_word' id='word_1_16' title='bbox 3310 531 3454 609; x_wconf 76' lang='grc' dir='ltr'>παρὰ</span> <span class='ocrx_word' id='word_1_17' title='bbox 3495 553 3552 588; x_wconf 86' lang='grc' dir='ltr'><strong>τε</strong></span> <span class='ocrx_word' id='word_1_18' title='bbox 3594 538 3674 607; x_wconf 82' lang='grc' dir='ltr'>τῷ</span> <span class='ocrx_word' id='word_1_19' title='bbox 3698 540 3806 589; x_wconf 63' lang='lat' dir='ltr'><strong>Za-</strong></span> 
     </span>
    </p>
   </div>
   <div class='ocr_carea' id='block_1_6' title="bbox 417 618 2066 707">
    <p class='ocr_par' dir='ltr' id='par_1_6' title="bbox 417 618 2066 707">
     <span class='ocr_line' id='line_1_6' title="bbox 417 618 2066 707; baseline -0.006 -18"><span class='ocrx_word' id='word_1_20' title='bbox 417 626 689 707; x_wconf 84' lang='lat' dir='ltr'><strong>angelum</strong></span> <span class='ocrx_word' id='word_1_21' title='bbox 707 622 997 686; x_wconf 83' lang='lat' dir='ltr'><strong>transfusa</strong></span> <span class='ocrx_word' id='word_1_22' title='bbox 1018 619 1436 690; x_wconf 81' lang='lat' dir='ltr'><strong>dicitur,exem</strong></span> <span class='ocrx_word' id='word_1_23' title='bbox 1447 618 1608 692; x_wconf 78' lang='lat' dir='ltr'><strong>plum</strong></span> <span class='ocrx_word' id='word_1_24' title='bbox 1631 618 1916 681; x_wconf 75' lang='lat' dir='ltr'><strong>faciamus</strong></span> <span class='ocrx_word' id='word_1_25' title='bbox 1935 636 2066 699; x_wconf 86' lang='lat' dir='ltr'><strong>per-</strong></span> 
     </span>
    </p>
   </div>
   <div class='ocr_carea' id='block_1_7' title="bbox 419 709 2063 794">
    <p class='ocr_par' dir='ltr' id='par_1_7' title="bbox 419 709 2063 794">
     <span class='ocr_line' id='line_1_7' title="bbox 419 709 2063 794; baseline -0.009 -14"><span class='ocrx_word' id='word_1_26' title='bbox 419 716 695 780; x_wconf 82' lang='lat' dir='ltr'><strong>feetionis</strong></span> <span class='ocrx_word' id='word_1_27' title='bbox 725 730 856 794; x_wconf 67' lang='lat' dir='ltr'><strong>qua!</strong></span> <span class='ocrx_word' id='word_1_28' title='bbox 878 709 1114 774; x_wconf 88' lang='lat' dir='ltr'><strong>eminus</strong></span> <span class='ocrx_word' id='word_1_29' title='bbox 1143 715 1804 788; x_wconf 87' lang='lat' dir='ltr'><strong>procurata,progressu</strong></span> <span class='ocrx_word' id='word_1_30' title='bbox 1835 726 1901 768; x_wconf 90' lang='lat' dir='ltr'><strong>ac</strong></span> <span class='ocrx_word' id='word_1_31' title='bbox 1933 724 2063 787; x_wconf 80' lang='lat' dir='ltr'><strong>pro-</strong></span> 
     </span>
    </p>
   </div>
   <div class='ocr_carea' id='block_1_8' title="bbox 417 796 2066 876">
    <p class='ocr_par' dir='ltr' id='par_1_8' title="bbox 417 796 2066 876">
     <span class='ocr_line' id='line_1_8' title="bbox 417 796 2066 876; baseline -0.008 -8"><span class='ocrx_word' id='word_1_32' title='bbox 417 807 649 868; x_wconf 84' lang='lat' dir='ltr'><strong>fusione</strong></span> <span class='ocrx_word' id='word_1_33' title='bbox 680 800 1046 865; x_wconf 84' lang='lat' dir='ltr'><strong>subobscure</strong></span> <span class='ocrx_word' id='word_1_34' title='bbox 1072 797 1142 858; x_wconf 90' lang='lat' dir='ltr'><strong>ad</strong></span> <span class='ocrx_word' id='word_1_35' title='bbox 1165 796 1483 858; x_wconf 83' lang='lat' dir='ltr'><strong>inferiores</strong></span> <span class='ocrx_word' id='word_1_36' title='bbox 1514 796 2066 876; x_wconf 58' lang='lat' dir='ltr'><strong>pervenitJObscu-</strong></span> 
     </span>
    </p>
   </div>
   <div class='ocr_carea' id='block_1_9' title="bbox 416 886 2064 972">
    <p class='ocr_par' dir='ltr' id='par_1_9' title="bbox 416 886 2064 972">
     <span class='ocr_line' id='line_1_9' title="bbox 416 886 2064 972; baseline -0.008 -14"><span class='ocrx_word' id='word_1_37' title='bbox 416 915 547 958; x_wconf 81' lang='lat' dir='ltr'><strong>ram</strong></span> <span class='ocrx_word' id='word_1_38' title='bbox 580 902 772 956; x_wconf 88' lang='lat' dir='ltr'><strong>autem</strong></span> <span class='ocrx_word' id='word_1_39' title='bbox 804 888 1230 972; x_wconf 91' lang='lat' dir='ltr'><strong>perfectionem</strong></span> <span class='ocrx_word' id='word_1_40' title='bbox 1275 886 1443 965; x_wconf 86' lang='lat' dir='ltr'><strong>dixit,</strong></span> <span class='ocrx_word' id='word_1_41' title='bbox 1493 903 1610 946; x_wconf 91' lang='lat' dir='ltr'><strong>non</strong></span> <span class='ocrx_word' id='word_1_42' title='bbox 1646 893 1889 966; x_wconf 82' lang='lat' dir='ltr'><strong>propter</strong></span> <span class='ocrx_word' id='word_1_43' title='bbox 1919 903 2064 965; x_wconf 89' lang='lat' dir='ltr'><strong>pro-</strong></span> 
     </span>
    </p>
   </div>
   <div class='ocr_carea' id='block_1_10' title="bbox 421 974 2062 1066">
    <p class='ocr_par' dir='ltr' id='par_1_10' title="bbox 421 974 2062 1066">
     <span class='ocr_line' id='line_1_10' title="bbox 421 974 2062 1066; baseline -0.007 -20"><span class='ocrx_word' id='word_1_44' title='bbox 421 985 604 1066; x_wconf 88' lang='lat' dir='ltr'><strong>priam</strong></span> <span class='ocrx_word' id='word_1_45' title='bbox 621 983 750 1062; x_wconf 90' lang='lat' dir='ltr'><strong>ejus</strong></span> <span class='ocrx_word' id='word_1_46' title='bbox 762 974 1319 1066; x_wconf 85' lang='lat' dir='ltr'><strong>remissionem,sed</strong></span> <span class='ocrx_word' id='word_1_47' title='bbox 1341 993 1442 1066; x_wconf 86' lang='lat' dir='ltr'><strong>pro</strong></span> <span class='ocrx_word' id='word_1_48' title='bbox 1453 975 1936 1066; x_wconf 85' lang='lat' dir='ltr'><strong>pterimbecillita</strong></span> <span class='ocrx_word' id='word_1_49' title='bbox 1947 983 2062 1035; x_wconf 92' lang='lat' dir='ltr'><strong>tem</strong></span> 
     </span>
    </p>
   </div>
   <div class='ocr_carea' id='block_1_11' title="bbox 415 1065 2063 1153">
    <p class='ocr_par' dir='ltr' id='par_1_11' title="bbox 415 1065 2063 1153">
     <span class='ocr_line' id='line_1_11' title="bbox 415 1065 2063 1153; baseline -0.007 -18"><span class='ocrx_word' id='word_1_50' title='bbox 415 1065 829 1153; x_wconf 85' lang='lat' dir='ltr'><strong>recipientium</strong></span> <span class='ocrx_word' id='word_1_51' title='bbox 867 1090 879 1128; x_wconf 90' lang='lat'><strong>:</strong></span> <span class='ocrx_word' id='word_1_52' title='bbox 908 1070 1020 1129; x_wconf 91' lang='lat' dir='ltr'><strong>hoc</strong></span> <span class='ocrx_word' id='word_1_53' title='bbox 1041 1065 1814 1144; x_wconf 87' lang='lat' dir='ltr'><strong>enim,signiticat,vocando</strong></span> <span class='ocrx_word' id='word_1_54' title='bbox 1844 1082 2063 1126; x_wconf 79' lang='lat' dir='ltr'><strong>secun-</strong></span> 
     </span>
    </p>
   </div>
   <div class='ocr_carea' id='block_1_12' title="bbox 418 1154 2062 1243">
    <p class='ocr_par' dir='ltr' id='par_1_12' title="bbox 418 1154 2062 1243">
     <span class='ocr_line' id='line_1_12' title="bbox 418 1154 2062 1243; baseline -0.006 -19"><span class='ocrx_word' id='word_1_55' title='bbox 418 1165 522 1224; x_wconf 91' lang='lat' dir='ltr'><strong>das</strong></span> <span class='ocrx_word' id='word_1_56' title='bbox 539 1169 733 1243; x_wconf 87' lang='lat' dir='ltr'><strong>partes</strong></span> <span class='ocrx_word' id='word_1_57' title='bbox 762 1156 1129 1224; x_wconf 85' lang='lat' dir='ltr'><strong>initiationis.</strong></span> <span class='ocrx_word' id='word_1_58' title='bbox 1166 1155 1224 1216; x_wconf 91' lang='lat' dir='ltr'><strong>id</strong></span> <span class='ocrx_word' id='word_1_59' title='bbox 1259 1164 1349 1216; x_wconf 87' lang='lat' dir='ltr'><strong>est</strong></span> <span class='ocrx_word' id='word_1_60' title='bbox 1387 1154 1694 1216; x_wconf 74' lang='lat' dir='ltr'><strong>obscurius</strong></span> <span class='ocrx_word' id='word_1_61' title='bbox 1719 1154 1935 1216; x_wconf 90' lang='lat' dir='ltr'><strong>initiari</strong></span> <span class='ocrx_word' id='word_1_62' title='bbox 1961 1171 2062 1214; x_wconf 90' lang='lat' dir='ltr'><strong>se-</strong></span> 
     </span>
    </p>
   </div>
   <div class='ocr_carea' id='block_1_13' title="bbox 417 1243 2068 1324">
    <p class='ocr_par' dir='ltr' id='par_1_13' title="bbox 417 1243 2068 1324">
     <span class='ocr_line' id='line_1_13' title="bbox 417 1243 2068 1324; baseline -0.007 -9"><span class='ocrx_word' id='word_1_63' title='bbox 417 1253 629 1315; x_wconf 88' lang='lat' dir='ltr'><strong>cunda.</strong></span> <span class='ocrx_word' id='word_1_64' title='bbox 667 1252 997 1312; x_wconf 85' lang='lat' dir='ltr'><strong>Verborum</strong></span> <span class='ocrx_word' id='word_1_65' title='bbox 1032 1264 1276 1320; x_wconf 86' lang='lat' dir='ltr'><strong>suorum</strong></span> <span class='ocrx_word' id='word_1_66' title='bbox 1308 1244 1644 1324; x_wconf 84' lang='lat' dir='ltr'><strong>exemplum</strong></span> <span class='ocrx_word' id='word_1_67' title='bbox 1681 1244 1866 1305; x_wconf 91' lang='lat' dir='ltr'><strong>sumit</strong></span> <span class='ocrx_word' id='word_1_68' title='bbox 1895 1243 1970 1304; x_wconf 86' lang='lat' dir='ltr'><strong>ab</strong></span> <span class='ocrx_word' id='word_1_69' title='bbox 1994 1243 2068 1304; x_wconf 89' lang='lat' dir='ltr'><strong>iis</strong></span> 
     </span>
    </p>
   </div>
   <div class='ocr_carea' id='block_1_14' title="bbox 417 1332 2067 1424">
    <p class='ocr_par' dir='ltr' id='par_1_14' title="bbox 417 1332 2067 1424">
     <span class='ocr_line' id='line_1_14' title="bbox 417 1332 2067 1424; baseline -0.007 -20"><span class='ocrx_word' id='word_1_70' title='bbox 417 1361 549 1424; x_wconf 59' lang='lat' dir='ltr'><strong>qna?</strong></span> <span class='ocrx_word' id='word_1_71' title='bbox 577 1341 734 1420; x_wconf 87' lang='lat' dir='ltr'><strong>apud</strong></span> <span class='ocrx_word' id='word_1_72' title='bbox 764 1340 1035 1402; x_wconf 77' lang='lat' dir='ltr'><strong>homines</strong></span> <span class='ocrx_word' id='word_1_73' title='bbox 1060 1345 1197 1397; x_wconf 87' lang='lat' dir='ltr'><strong>sunt</strong></span> <span class='ocrx_word' id='word_1_74' title='bbox 1230 1333 1684 1408; x_wconf 70' lang='lat' dir='ltr'><strong>initiationibus,</strong></span> <span class='ocrx_word' id='word_1_75' title='bbox 1719 1332 1907 1424; x_wconf 77' lang='lat' dir='ltr'><strong>idque</strong></span> <span class='ocrx_word' id='word_1_76' title='bbox 1949 1351 2067 1424; x_wconf 87' lang='lat' dir='ltr'><strong>non</strong></span> 
     </span>
    </p>
   </div>
   <div class='ocr_carea' id='block_1_15' title="bbox 421 1422 2072 1510">
    <p class='ocr_par' dir='ltr' id='par_1_15' title="bbox 421 1422 2072 1510">
     <span class='ocr_line' id='line_1_15' title="bbox 421 1422 2072 1510; baseline -0.007 -16"><span class='ocrx_word' id='word_1_77' title='bbox 421 1422 454 1494; x_wconf 76' lang='grc' dir='ltr'><strong>ει</strong></span> <span class='ocrx_word' id='word_1_78' title='bbox 484 1431 827 1510; x_wconf 89' lang='lat' dir='ltr'><strong>semetipso,</strong></span> <span class='ocrx_word' id='word_1_79' title='bbox 863 1428 966 1489; x_wconf 87' lang='lat' dir='ltr'><strong>sed</strong></span> <span class='ocrx_word' id='word_1_80' title='bbox 989 1427 1063 1486; x_wconf 88' lang='lat' dir='ltr'><strong>ab</strong></span> <span class='ocrx_word' id='word_1_81' title='bbox 1097 1428 1364 1505; x_wconf 88' lang='lat' dir='ltr'><strong>ipsismet</strong></span> <span class='ocrx_word' id='word_1_82' title='bbox 1394 1440 1700 1485; x_wconf 86' lang='lat' dir='ltr'><strong>sacrorum</strong></span> <span class='ocrx_word' id='word_1_83' title='bbox 1737 1422 1942 1503; x_wconf 85' lang='lat' dir='ltr'><strong>peritis</strong></span> <span class='ocrx_word' id='word_1_84' title='bbox 1962 1423 2072 1483; x_wconf 88' lang='lat' dir='ltr'><strong>ini-</strong></span> 
     </span>
    </p>
   </div>
   <div class='ocr_carea' id='block_1_16' title="bbox 423 1511 2065 1588">
    <p class='ocr_par' dir='ltr' id='par_1_16' title="bbox 423 1511 2065 1588">
     <span class='ocr_line' id='line_1_16' title="bbox 423 1511 2065 1588; baseline -0.007 -5"><span class='ocrx_word' id='word_1_85' title='bbox 423 1521 735 1584; x_wconf 89' lang='lat' dir='ltr'><strong>tiatoribus</strong></span> <span class='ocrx_word' id='word_1_86' title='bbox 765 1513 1526 1588; x_wconf 67' lang='lat' dir='ltr'><strong>nostris.Quematlmodum</strong></span> <span class='ocrx_word' id='word_1_87' title='bbox 1554 1513 1710 1573; x_wconf 93' lang='lat' dir='ltr'><strong>enim</strong></span> <span class='ocrx_word' id='word_1_88' title='bbox 1735 1511 1818 1571; x_wconf 89' lang='lat' dir='ltr'><strong>illi</strong></span> <span class='ocrx_word' id='word_1_89' title='bbox 1840 1511 2065 1587; x_wconf 88' lang='lat' dir='ltr'><strong>dicunt,</strong></span> 
     </span>
    </p>
   </div>
   <div class='ocr_carea' id='block_1_17' title="bbox 423 1602 2069 1692">
    <p class='ocr_par' dir='ltr' id='par_1_17' title="bbox 423 1602 2069 1692">
     <span class='ocr_line' id='line_1_17' title="bbox 423 1602 2069 1692; baseline -0.007 -20"><span class='ocrx_word' id='word_1_90' title='bbox 423 1631 528 1692; x_wconf 89' lang='lat' dir='ltr'><strong>per</strong></span> <span class='ocrx_word' id='word_1_91' title='bbox 551 1629 616 1671; x_wconf 92' lang='lat' dir='ltr'><strong>se</strong></span> <span class='ocrx_word' id='word_1_92' title='bbox 646 1616 999 1689; x_wconf 86' lang='lat' dir='ltr'><strong>apparentes</strong></span> <span class='ocrx_word' id='word_1_93' title='bbox 1046 1603 1448 1684; x_wconf 79' lang='lat' dir='ltr'><strong>plenitudines</strong></span> <span class='ocrx_word' id='word_1_94' title='bbox 1489 1610 1666 1683; x_wconf 89' lang='lat' dir='ltr'><strong>atque</strong></span> <span class='ocrx_word' id='word_1_95' title='bbox 1719 1602 2069 1662; x_wconf 88' lang='lat' dir='ltr'><strong>illustratio-</strong></span> 
     </span>
    </p>
   </div>
   <div class='ocr_carea' id='block_1_18' title="bbox 421 1692 2068 1780">
    <p class='ocr_par' dir='ltr' id='par_1_18' title="bbox 421 1692 2068 1780">
     <span class='ocr_line' id='line_1_18' title="bbox 421 1692 2068 1780; baseline -0.007 -17"><span class='ocrx_word' id='word_1_96' title='bbox 421 1721 527 1763; x_wconf 88' lang='lat' dir='ltr'><strong>nes</strong></span> <span class='ocrx_word' id='word_1_97' title='bbox 559 1701 746 1780; x_wconf 83' lang='lat' dir='ltr'><strong>(juxta</strong></span> <span class='ocrx_word' id='word_1_98' title='bbox 794 1695 1064 1770; x_wconf 82' lang='lat' dir='ltr'><strong>illu(I,De</strong></span> <span class='ocrx_word' id='word_1_99' title='bbox 1095 1692 1475 1774; x_wconf 81' lang='lat' dir='ltr'><strong>plenitudine</strong></span> <span class='ocrx_word' id='word_1_100' title='bbox 1497 1694 1628 1771; x_wconf 73' lang='lat' dir='ltr'><strong>ejus</strong></span> <span class='ocrx_word' id='word_1_101' title='bbox 1658 1707 1866 1753; x_wconf 79' lang='lat' dir='ltr'><strong>omnes</strong></span> <span class='ocrx_word' id='word_1_102' title='bbox 1897 1708 2068 1780; x_wconf 79' lang='lat' dir='ltr'><strong>acce-</strong></span> 
     </span>
    </p>
   </div>
   <div class='ocr_carea' id='block_1_19' title="bbox 415 1779 2068 1872">
    <p class='ocr_par' dir='ltr' id='par_1_19' title="bbox 415 1779 2068 1872">
     <span class='ocr_line' id='line_1_19' title="bbox 415 1779 2068 1872; baseline -0.009 -19"><span class='ocrx_word' id='word_1_103' title='bbox 415 1779 619 1872; x_wconf 71' lang='lat' dir='ltr'><strong>pimus</strong></span> <span class='ocrx_word' id='word_1_104' title='bbox 647 1789 728 1862; x_wconf 62' lang='lat'><strong>‘*)</strong></span> <span class='ocrx_word' id='word_1_105' title='bbox 762 1787 1148 1868; x_wconf 81' lang='lat' dir='ltr'><strong>perfectiores</strong></span> <span class='ocrx_word' id='word_1_106' title='bbox 1179 1801 1311 1872; x_wconf 85' lang='lat' dir='ltr'><strong>esse</strong></span> <span class='ocrx_word' id='word_1_107' title='bbox 1342 1783 1412 1842; x_wconf 89' lang='lat' dir='ltr'><strong>iis</strong></span> <span class='ocrx_word' id='word_1_108' title='bbox 1442 1799 1572 1872; x_wconf 58' lang='lat' dir='ltr'><strong>qua;</strong></span> <span class='ocrx_word' id='word_1_109' title='bbox 1605 1799 1711 1872; x_wconf 77' lang='lat' dir='ltr'><strong>per</strong></span> <span class='ocrx_word' id='word_1_110' title='bbox 1745 1781 1892 1872; x_wconf 87' lang='lat' dir='ltr'><strong>alias</strong></span> <span class='ocrx_word' id='word_1_111' title='bbox 1914 1779 2068 1872; x_wconf 81' lang='lat' dir='ltr'><strong>divi-</strong></span> 
     </span>
    </p>
   </div>
   <div class='ocr_carea' id='block_1_20' title="bbox 2149 621 3804 706">
    <p class='ocr_par' dir='ltr' id='par_1_20' title="bbox 2149 621 3804 706">
     <span class='ocr_line' id='line_1_20' title="bbox 2149 621 3804 706; baseline 0 -27"><span class='ocrx_word' id='word_1_112' title='bbox 2149 625 2334 706; x_wconf 83' lang='grc' dir='ltr'>χαρίᾳ,</span> <span class='ocrx_word' id='word_1_113' title='bbox 2405 624 2498 680; x_wconf 80' lang='grc' dir='ltr'>καί</span> <span class='ocrx_word' id='word_1_114' title='bbox 2535 623 2755 696; x_wconf 79' lang='grc' dir='ltr'><strong>Δανιὴλ,</strong></span> <span class='ocrx_word' id='word_1_115' title='bbox 2814 627 2901 680; x_wconf 81' lang='grc' dir='ltr'><strong>καὶ</strong></span> <span class='ocrx_word' id='word_1_116' title='bbox 2958 621 3217 694; x_wconf 79' lang='grc' dir='ltr'>ἰεζεκιὴλ</span> <span class='ocrx_word' id='word_1_117' title='bbox 3275 635 3397 683; x_wconf 78' lang='grc' dir='ltr'>τοῖς</span> <span class='ocrx_word' id='word_1_118' title='bbox 3469 622 3804 702; x_wconf 74' lang='grc' dir='ltr'><strong>προφήταις,</strong></span> 
     </span>
    </p>
   </div>
   <div class='ocr_carea' id='block_1_21' title="bbox 2148 709 3805 791">
    <p class='ocr_par' dir='ltr' id='par_1_21' title="bbox 2148 709 3805 791">
     <span class='ocr_line' id='line_1_21' title="bbox 2148 709 3805 791; baseline -0.001 -23"><span class='ocrx_word' id='word_1_119' title='bbox 2148 712 2411 788; x_wconf 72' lang='grc' dir='ltr'>σύμϐολον</span> <span class='ocrx_word' id='word_1_120' title='bbox 2467 713 2803 786; x_wconf 84' lang='grc' dir='ltr'>ποιησόμεθα</span> <span class='ocrx_word' id='word_1_121' title='bbox 2859 714 2956 779; x_wconf 75' lang='grc' dir='ltr'>τῆς</span> <span class='ocrx_word' id='word_1_122' title='bbox 3035 709 3300 791; x_wconf 81' lang='grc' dir='ltr'>πόῤῥωθεν</span> <span class='ocrx_word' id='word_1_123' title='bbox 3359 710 3805 788; x_wconf 78' lang='grc' dir='ltr'><strong>ἐπιτελουμένης,</strong></span> 
     </span>
    </p>
   </div>
   <div class='ocr_carea' id='block_1_22' title="bbox 2149 799 3808 881">
    <p class='ocr_par' dir='ltr' id='par_1_22' title="bbox 2149 799 3808 881">
     <span class='ocr_line' id='line_1_22' title="bbox 2149 799 3808 881; baseline -0.001 -21"><span class='ocrx_word' id='word_1_124' title='bbox 2149 805 2236 860; x_wconf 80' lang='grc' dir='ltr'><strong>καὶ</strong></span> <span class='ocrx_word' id='word_1_125' title='bbox 2264 802 2347 860; x_wconf 80' lang='grc' dir='ltr'><strong>διὰ</strong></span> <span class='ocrx_word' id='word_1_126' title='bbox 2406 803 2574 877; x_wconf 79' lang='grc' dir='ltr'>μέσης</span> <span class='ocrx_word' id='word_1_127' title='bbox 2610 802 2788 881; x_wconf 80' lang='grc' dir='ltr'>ἐτέρας</span> <span class='ocrx_word' id='word_1_128' title='bbox 2833 802 3030 868; x_wconf 83' lang='grc' dir='ltr'>τάξεως</span> <span class='ocrx_word' id='word_1_129' title='bbox 3095 800 3443 879; x_wconf 67' lang='grc' dir='ltr'><strong>τελειώσεως,</strong></span> <span class='ocrx_word' id='word_1_130' title='bbox 3476 806 3574 869; x_wconf 81' lang='grc' dir='ltr'><strong>τῆς</strong></span> <span class='ocrx_word' id='word_1_131' title='bbox 3605 799 3690 857; x_wconf 77' lang='grc' dir='ltr'><strong>διὰ</strong></span> <span class='ocrx_word' id='word_1_132' title='bbox 3710 803 3808 867; x_wconf 71' lang='grc' dir='ltr'>τὴν</span> 
     </span>
    </p>
   </div>
   <div class='ocr_carea' id='block_1_23' title="bbox 2151 888 3814 969">
    <p class='ocr_par' dir='ltr' id='par_1_23' title="bbox 2151 888 3814 969">
     <span class='ocr_line' id='line_1_23' title="bbox 2151 888 3814 969; baseline -0.001 -21"><span class='ocrx_word' id='word_1_133' title='bbox 2151 892 2372 960; x_wconf 77' lang='grc' dir='ltr'>πρόοδον</span> <span class='ocrx_word' id='word_1_134' title='bbox 2428 893 2529 960; x_wconf 76' lang='grc' dir='ltr'>τὴν</span> <span class='ocrx_word' id='word_1_135' title='bbox 2611 894 2684 954; x_wconf 87' lang='grc' dir='ltr'><strong>είς</strong></span> <span class='ocrx_word' id='word_1_136' title='bbox 2743 889 3052 969; x_wconf 86' lang='grc' dir='ltr'>δευτέρωσιν</span> <span class='ocrx_word' id='word_1_137' title='bbox 3133 888 3560 967; x_wconf 77' lang='grc' dir='ltr'>ἄμυδροῦμένης.</span> <span class='ocrx_word' id='word_1_138' title='bbox 3646 889 3814 963; x_wconf 71' lang='grc' dir='ltr'>’Λμυο</span> 
     </span>
    </p>
   </div>
   <div class='ocr_carea' id='block_1_24' title="bbox 2151 977 3810 1059">
    <p class='ocr_par' dir='ltr' id='par_1_24' title="bbox 2151 977 3810 1059">
     <span class='ocr_line' id='line_1_24' title="bbox 2151 977 3810 1059; baseline -0.001 -23"><span class='ocrx_word' id='word_1_139' title='bbox 2151 979 2439 1059; x_wconf 86' lang='grc' dir='ltr'>δρουμένην</span> <span class='ocrx_word' id='word_1_140' title='bbox 2507 978 2562 1036; x_wconf 76' lang='grc' dir='ltr'>δὲ</span> <span class='ocrx_word' id='word_1_141' title='bbox 2615 982 2714 1048; x_wconf 80' lang='grc' dir='ltr'>τὴν</span> <span class='ocrx_word' id='word_1_142' title='bbox 2768 979 3039 1036; x_wconf 75' lang='grc' dir='ltr'>τελείωσιν</span> <span class='ocrx_word' id='word_1_143' title='bbox 3067 980 3246 1051; x_wconf 79' lang='grc' dir='ltr'>εἶπεν,</span> <span class='ocrx_word' id='word_1_144' title='bbox 3283 977 3342 1036; x_wconf 76' lang='grc' dir='ltr'>οὗ</span> <span class='ocrx_word' id='word_1_145' title='bbox 3373 977 3458 1034; x_wconf 77' lang='grc' dir='ltr'>διὰ</span> <span class='ocrx_word' id='word_1_146' title='bbox 3487 980 3585 1046; x_wconf 78' lang='grc' dir='ltr'><strong>τὴν</strong></span> <span class='ocrx_word' id='word_1_147' title='bbox 3616 981 3810 1036; x_wconf 77' lang='grc' dir='ltr'>οίκεὶαν</span> 
     </span>
    </p>
   </div>
   <div class='ocr_carea' id='block_1_25' title="bbox 2150 1066 3811 1149">
    <p class='ocr_par' dir='ltr' id='par_1_25' title="bbox 2150 1066 3811 1149">
     <span class='ocr_line' id='line_1_25' title="bbox 2150 1066 3811 1149; baseline -0.001 -23"><span class='ocrx_word' id='word_1_148' title='bbox 2150 1071 2313 1138; x_wconf 64' lang='grc' dir='ltr'>αὐτῆς</span> <span class='ocrx_word' id='word_1_149' title='bbox 2364 1069 2597 1143; x_wconf 82' lang='grc' dir='ltr'>ἀτονίαν,</span> <span class='ocrx_word' id='word_1_150' title='bbox 2660 1069 2796 1126; x_wconf 70' lang='grc' dir='ltr'>ἀλλὰ</span> <span class='ocrx_word' id='word_1_151' title='bbox 2839 1071 2981 1148; x_wconf 77' lang='grc' dir='ltr'>παρὰ</span> <span class='ocrx_word' id='word_1_152' title='bbox 3011 1071 3071 1126; x_wconf 86' lang='grc' dir='ltr'>τὸ</span> <span class='ocrx_word' id='word_1_153' title='bbox 3113 1067 3392 1149; x_wconf 72' lang='grc' dir='ltr'>ὑφειμένον</span> <span class='ocrx_word' id='word_1_154' title='bbox 3421 1075 3527 1126; x_wconf 89' lang='grc' dir='ltr'><strong>τῶν</strong></span> <span class='ocrx_word' id='word_1_155' title='bbox 3573 1066 3811 1149; x_wconf 82' lang='grc' dir='ltr'>δεχομέο</span> 
     </span>
    </p>
   </div>
   <div class='ocr_carea' id='block_1_26' title="bbox 2149 1157 3810 1238">
    <p class='ocr_par' dir='ltr' id='par_1_26' title="bbox 2149 1157 3810 1238">
     <span class='ocr_line' id='line_1_26' title="bbox 2149 1157 3810 1238; baseline 0 -24"><span class='ocrx_word' id='word_1_156' title='bbox 2149 1181 2252 1215; x_wconf 88' lang='grc' dir='ltr'><strong>νων</strong></span> <span class='ocrx_word' id='word_1_157' title='bbox 2290 1179 2303 1196; x_wconf 89' lang='grc'><strong>·</strong></span> <span class='ocrx_word' id='word_1_158' title='bbox 2359 1166 2514 1217; x_wconf 86' lang='grc' dir='ltr'>τοῦτο</span> <span class='ocrx_word' id='word_1_159' title='bbox 2570 1161 2669 1238; x_wconf 77' lang='grc' dir='ltr'><strong>γὰρ</strong></span> <span class='ocrx_word' id='word_1_160' title='bbox 2703 1158 2864 1226; x_wconf 78' lang='grc' dir='ltr'>δηλοῖ</span> <span class='ocrx_word' id='word_1_161' title='bbox 2891 1161 2952 1216; x_wconf 85' lang='grc' dir='ltr'><strong>τὸ</strong></span> <span class='ocrx_word' id='word_1_162' title='bbox 3017 1159 3188 1216; x_wconf 75' lang='grc' dir='ltr'>εἰπεῖν</span> <span class='ocrx_word' id='word_1_163' title='bbox 3234 1157 3542 1234; x_wconf 86' lang='grc' dir='ltr'>δευτέρωσιν</span> <span class='ocrx_word' id='word_1_164' title='bbox 3585 1158 3810 1214; x_wconf 86' lang='grc' dir='ltr'>τελειω-</span> 
     </span>
    </p>
   </div>
   <div class='ocr_carea' id='block_1_27' title="bbox 2150 1247 3808 1328">
    <p class='ocr_par' dir='ltr' id='par_1_27' title="bbox 2150 1247 3808 1328">
     <span class='ocr_line' id='line_1_27' title="bbox 2150 1247 3808 1328; baseline -0.001 -23"><span class='ocrx_word' id='word_1_165' title='bbox 2150 1270 2310 1323; x_wconf 65' lang='grc' dir='ltr'>σεοος,</span> <span class='ocrx_word' id='word_1_166' title='bbox 2341 1250 2578 1306; x_wconf 84' lang='grc' dir='ltr'>τουτέστι</span> <span class='ocrx_word' id='word_1_167' title='bbox 2635 1252 2694 1305; x_wconf 83' lang='grc' dir='ltr'>τὸ</span> <span class='ocrx_word' id='word_1_168' title='bbox 2753 1247 3105 1328; x_wconf 75' lang='grc' dir='ltr'>ἀμυδρότερον</span> <span class='ocrx_word' id='word_1_169' title='bbox 3155 1249 3488 1306; x_wconf 76' lang='grc' dir='ltr'>τελειοῦσθαι</span> <span class='ocrx_word' id='word_1_170' title='bbox 3531 1249 3596 1305; x_wconf 78' lang='grc' dir='ltr'>τὰ</span> <span class='ocrx_word' id='word_1_171' title='bbox 3625 1247 3808 1305; x_wconf 75' lang='grc' dir='ltr'>δεύτεο</span> 
     </span>
    </p>
   </div>
   <div class='ocr_carea' id='block_1_28' title="bbox 2151 1337 3813 1418">
    <p class='ocr_par' dir='ltr' id='par_1_28' title="bbox 2151 1337 3813 1418">
     <span class='ocr_line' id='line_1_28' title="bbox 2151 1337 3813 1418; baseline -0.004 -20"><span class='ocrx_word' id='word_1_172' title='bbox 2151 1362 2238 1418; x_wconf 87' lang='grc' dir='ltr'>ρα.</span> <span class='ocrx_word' id='word_1_173' title='bbox 2288 1337 2605 1418; x_wconf 81' lang='grc' dir='ltr'>Ἀναλογίαν</span> <span class='ocrx_word' id='word_1_174' title='bbox 2649 1354 2883 1396; x_wconf 72' lang='grc' dir='ltr'>ποιεῖται</span> <span class='ocrx_word' id='word_1_175' title='bbox 2956 1345 3061 1395; x_wconf 90' lang='grc' dir='ltr'><strong>τῶν</strong></span> <span class='ocrx_word' id='word_1_176' title='bbox 3131 1338 3306 1416; x_wconf 84' lang='grc' dir='ltr'>λόγῶν</span> <span class='ocrx_word' id='word_1_177' title='bbox 3350 1340 3508 1396; x_wconf 75' lang='grc' dir='ltr'><strong>αὗτοί</strong></span> <span class='ocrx_word' id='word_1_178' title='bbox 3569 1339 3676 1395; x_wconf 78' lang='grc' dir='ltr'>ἀπὸ</span> <span class='ocrx_word' id='word_1_179' title='bbox 3704 1343 3813 1394; x_wconf 86' lang='grc' dir='ltr'><strong>τῶν</strong></span> 
     </span>
    </p>
   </div>
   <div class='ocr_carea' id='block_1_29' title="bbox 2152 1425 3814 1506">
    <p class='ocr_par' dir='ltr' id='par_1_29' title="bbox 2152 1425 3814 1506">
     <span class='ocr_line' id='line_1_29' title="bbox 2152 1425 3814 1506; baseline -0.002 -21"><span class='ocrx_word' id='word_1_180' title='bbox 2152 1425 2277 1505; x_wconf 88' lang='grc' dir='ltr'>παρ’</span> <span class='ocrx_word' id='word_1_181' title='bbox 2324 1429 2618 1506; x_wconf 81' lang='grc' dir='ltr'>ἀνθρώποις</span> <span class='ocrx_word' id='word_1_182' title='bbox 2693 1427 3049 1501; x_wconf 85' lang='grc' dir='ltr'>τελειώσεων,</span> <span class='ocrx_word' id='word_1_183' title='bbox 3115 1431 3201 1484; x_wconf 82' lang='grc' dir='ltr'><strong>καὶ</strong></span> <span class='ocrx_word' id='word_1_184' title='bbox 3279 1437 3434 1487; x_wconf 89' lang='grc' dir='ltr'>τοῦτο</span> <span class='ocrx_word' id='word_1_185' title='bbox 3483 1429 3542 1484; x_wconf 75' lang='grc' dir='ltr'>υῦ</span> <span class='ocrx_word' id='word_1_186' title='bbox 3609 1428 3814 1494; x_wconf 89' lang='grc' dir='ltr'>τίθησιν</span> 
     </span>
    </p>
   </div>
   <div class='ocr_carea' id='block_1_30' title="bbox 2153 1508 3812 1599">
    <p class='ocr_par' dir='ltr' id='par_1_30' title="bbox 2153 1508 3812 1599">
     <span class='ocr_line' id='line_1_30' title="bbox 2163 1508 3768 1538; baseline -0.002 -2"><span class='ocrx_word' id='word_1_187' title='bbox 2163 1518 2175 1536; x_wconf 77' lang='grc' dir='ltr'><strong>ν</strong></span> <span class='ocrx_word' id='word_1_188' title='bbox 2230 1515 2244 1538; x_wconf 69' lang='grc' dir='ltr'><strong>ε</strong></span> <span class='ocrx_word' id='word_1_189' title='bbox 2308 1519 2321 1538; x_wconf 76' lang='grc' dir='ltr'><strong>ι</strong></span> <span class='ocrx_word' id='word_1_190' title='bbox 2463 1524 2483 1534; x_wconf 76' lang='grc' dir='ltr'>-ι</span> <span class='ocrx_word' id='word_1_191' title='bbox 2576 1517 2588 1538; x_wconf 74' lang='grc' dir='ltr'><strong>ν</strong></span> <span class='ocrx_word' id='word_1_192' title='bbox 2675 1508 2688 1528; x_wconf 68' lang='grc' dir='ltr'><strong>ί</strong></span> <span class='ocrx_word' id='word_1_193' title='bbox 2840 1519 2851 1534; x_wconf 70' lang='grc' dir='ltr'><strong>ι</strong></span> <span class='ocrx_word' id='word_1_194' title='bbox 2963 1523 2974 1531; x_wconf 73' lang='grc' dir='ltr'><strong>ο</strong></span> <span class='ocrx_word' id='word_1_195' title='bbox 3087 1516 3110 1534; x_wconf 63' lang='grc' dir='ltr'><strong>ιι</strong></span> <span class='ocrx_word' id='word_1_196' title='bbox 3202 1524 3227 1533; x_wconf 65' lang='grc'><strong>.-</strong></span> <span class='ocrx_word' id='word_1_197' title='bbox 3441 1519 3456 1538; x_wconf 68' lang='lat'><strong><em>\</em></strong></span> <span class='ocrx_word' id='word_1_198' title='bbox 3557 1517 3569 1533; x_wconf 71' lang='grc' dir='ltr'><strong>ι</strong></span> <span class='ocrx_word' id='word_1_199' title='bbox 3755 1517 3768 1533; x_wconf 64' lang='grc' dir='ltr'><strong>ι</strong></span> 
     </span>
     <span class='ocr_line' id='line_1_31' title="bbox 2153 1516 3812 1599; baseline -0.002 -26"><span class='ocrx_word' id='word_1_200' title='bbox 2153 1541 2226 1599; x_wconf 84' lang='grc' dir='ltr'><strong>αφ</strong></span> <span class='ocrx_word' id='word_1_201' title='bbox 2304 1539 2510 1596; x_wconf 81' lang='grc' dir='ltr'>εαυτου,</span> <span class='ocrx_word' id='word_1_202' title='bbox 2568 1516 2664 1599; x_wconf 84' lang='grc' dir='ltr'><strong>αλλ</strong></span> <span class='ocrx_word' id='word_1_203' title='bbox 2759 1517 2865 1573; x_wconf 86' lang='grc' dir='ltr'>ἀπο</span> <span class='ocrx_word' id='word_1_204' title='bbox 2917 1539 3024 1574; x_wconf 87' lang='grc' dir='ltr'><strong>των</strong></span> <span class='ocrx_word' id='word_1_205' title='bbox 3081 1537 3267 1574; x_wconf 89' lang='grc' dir='ltr'>οεινων</span> <span class='ocrx_word' id='word_1_206' title='bbox 3339 1539 3459 1588; x_wconf 74' lang='grc' dir='ltr'>περι</span> <span class='ocrx_word' id='word_1_207' title='bbox 3518 1538 3613 1576; x_wconf 79' lang='grc' dir='ltr'><strong>τας</strong></span> <span class='ocrx_word' id='word_1_208' title='bbox 3668 1518 3812 1592; x_wconf 81' lang='grc' dir='ltr'>ίερας</span> 
     </span>
    </p>
   </div>
   <div class='ocr_carea' id='block_1_31' title="bbox 2154 1598 3813 1686">
    <p class='ocr_par' dir='ltr' id='par_1_31' title="bbox 2154 1598 3813 1686">
     <span class='ocr_line' id='line_1_32' title="bbox 2154 1598 3813 1686; baseline -0.001 -23"><span class='ocrx_word' id='word_1_209' title='bbox 2154 1607 2309 1680; x_wconf 77' lang='grc' dir='ltr'>ἡμῶν</span> <span class='ocrx_word' id='word_1_210' title='bbox 2357 1605 2594 1671; x_wconf 72' lang='grc' dir='ltr'>τελετάς.</span> <span class='ocrx_word' id='word_1_211' title='bbox 2654 1598 2745 1670; x_wconf 65' lang='grc' dir='ltr'>Ὠς</span> <span class='ocrx_word' id='word_1_212' title='bbox 2799 1607 2922 1684; x_wconf 75' lang='grc' dir='ltr'>γοῦν</span> <span class='ocrx_word' id='word_1_213' title='bbox 2973 1606 3172 1663; x_wconf 77' lang='grc' dir='ltr'>ἐκεῖνοί</span> <span class='ocrx_word' id='word_1_214' title='bbox 3234 1627 3359 1686; x_wconf 73' lang='grc' dir='ltr'>φασι</span> <span class='ocrx_word' id='word_1_215' title='bbox 3410 1608 3502 1669; x_wconf 75' lang='grc' dir='ltr'><strong>τὰς</strong></span> <span class='ocrx_word' id='word_1_216' title='bbox 3573 1609 3813 1684; x_wconf 69' lang='grc' dir='ltr'>αὖτοφα-</span> 
     </span>
    </p>
   </div>
   <div class='ocr_carea' id='block_1_32' title="bbox 2155 1692 3818 1774">
    <p class='ocr_par' dir='ltr' id='par_1_32' title="bbox 2155 1692 3818 1774">
     <span class='ocr_line' id='line_1_33' title="bbox 2155 1692 3818 1774; baseline 0 -24"><span class='ocrx_word' id='word_1_217' title='bbox 2155 1709 2266 1758; x_wconf 77' lang='grc' dir='ltr'>νεϊς</span> <span class='ocrx_word' id='word_1_218' title='bbox 2324 1695 2736 1773; x_wconf 85' lang='grc' dir='ltr'>ἀποπληρώσεις</span> <span class='ocrx_word' id='word_1_219' title='bbox 2797 1699 2883 1752; x_wconf 71' lang='grc' dir='ltr'><strong>ναὶ</strong></span> <span class='ocrx_word' id='word_1_220' title='bbox 2935 1695 3228 1771; x_wconf 69' lang='grc' dir='ltr'>έλλάμψεις</span> <span class='ocrx_word' id='word_1_221' title='bbox 3260 1697 3534 1774; x_wconf 75' lang='grc' dir='ltr'>(κατὰτὸ,</span> <span class='ocrx_word' id='word_1_222' title='bbox 3584 1692 3678 1751; x_wconf 72' lang='grc' dir='ltr'><strong>Ἐκ</strong></span> <span class='ocrx_word' id='word_1_223' title='bbox 3723 1701 3818 1751; x_wconf 89' lang='grc' dir='ltr'><strong>τοῦ</strong></span> 
     </span>
    </p>
   </div>
   <div class='ocr_carea' id='block_1_33' title="bbox 2153 1781 3818 1863">
    <p class='ocr_par' dir='ltr' id='par_1_33' title="bbox 2153 1781 3818 1863">
     <span class='ocr_line' id='line_1_34' title="bbox 2153 1781 3818 1863; baseline -0.002 -22"><span class='ocrx_word' id='word_1_224' title='bbox 2153 1784 2513 1862; x_wconf 79' lang='grc' dir='ltr'>πληρώματος</span> <span class='ocrx_word' id='word_1_225' title='bbox 2570 1787 2726 1841; x_wconf 67' lang='grc' dir='ltr'>αὑτοῦ</span> <span class='ocrx_word' id='word_1_226' title='bbox 2774 1787 2965 1848; x_wconf 71' lang='grc' dir='ltr'>πάντες</span> <span class='ocrx_word' id='word_1_227' title='bbox 3037 1783 3320 1863; x_wconf 72' lang='grc' dir='ltr'>ἐλάϐομεν)</span> <span class='ocrx_word' id='word_1_228' title='bbox 3386 1792 3490 1840; x_wconf 86' lang='grc' dir='ltr'><strong>τῶν</strong></span> <span class='ocrx_word' id='word_1_229' title='bbox 3566 1781 3641 1839; x_wconf 80' lang='grc' dir='ltr'><strong>δι’</strong></span> <span class='ocrx_word' id='word_1_230' title='bbox 3704 1782 3818 1839; x_wconf 69' lang='grc' dir='ltr'>ἑτέ.</span> 
     </span>
    </p>
   </div>
   <div class='ocr_carea' id='block_1_34' title="bbox 421 1868 2072 1958">
    <p class='ocr_par' dir='ltr' id='par_1_34' title="bbox 421 1868 2063 1958">
     <span class='ocr_line' id='line_1_35' title="bbox 421 1868 2063 1958; baseline -0.008 -16"><span class='ocrx_word' id='word_1_231' title='bbox 421 1868 527 1942; x_wconf 83' lang='lat' dir='ltr'><strong>nas</strong></span> <span class='ocrx_word' id='word_1_232' title='bbox 553 1877 1032 1958; x_wconf 87' lang='lat' dir='ltr'><strong>participationes</strong></span> <span class='ocrx_word' id='word_1_233' title='bbox 1051 1871 1430 1945; x_wconf 87' lang='lat' dir='ltr'><strong>hauriuntur)</strong></span> <span class='ocrx_word' id='word_1_234' title='bbox 1455 1869 1666 1931; x_wconf 84' lang='lat' dir='ltr'><strong>initiati</strong></span> <span class='ocrx_word' id='word_1_235' title='bbox 1697 1868 1883 1947; x_wconf 90' lang='lat' dir='ltr'><strong>enim,</strong></span> <span class='ocrx_word' id='word_1_236' title='bbox 1919 1868 2063 1944; x_wconf 80' lang='lat' dir='ltr'><strong>sive,</strong></span> 
     </span>
    </p>
   </div>
   <div class='ocr_carea' id='block_1_35' title="bbox 2157 1868 3814 1958">
    <p class='ocr_par' dir='ltr' id='par_1_35' title="bbox 2157 1873 3814 1954">
     <span class='ocr_line' id='line_1_36' title="bbox 2157 1873 3814 1954; baseline -0.001 -25"><span class='ocrx_word' id='word_1_237' title='bbox 2157 1897 2253 1952; x_wconf 91' lang='grc' dir='ltr'><strong>ρων</strong></span> <span class='ocrx_word' id='word_1_238' title='bbox 2311 1876 2460 1929; x_wconf 87' lang='grc' dir='ltr'>θείων</span> <span class='ocrx_word' id='word_1_239' title='bbox 2512 1875 2766 1948; x_wconf 81' lang='grc' dir='ltr'>μεθέξεων</span> <span class='ocrx_word' id='word_1_240' title='bbox 2820 1874 3151 1950; x_wconf 63' lang='grc' dir='ltr'>τελειοτέρας</span> <span class='ocrx_word' id='word_1_241' title='bbox 3210 1876 3377 1954; x_wconf 76' lang='grc' dir='ltr'>εἶναι,</span> <span class='ocrx_word' id='word_1_242' title='bbox 3440 1873 3814 1950; x_wconf 68' lang='grc' dir='ltr'>(ἔτελέσθησαν</span> 
     </span>
    </p>
   </div>
   <div class='ocr_carea' id='block_1_36' title="bbox 423 1959 2071 2047">
    <p class='ocr_par' dir='ltr' id='par_1_36' title="bbox 423 1959 2071 2047">
     <span class='ocr_line' id='line_1_37' title="bbox 423 1959 2071 2047; baseline -0.009 -15"><span class='ocrx_word' id='word_1_243' title='bbox 423 1981 485 2032; x_wconf 91' lang='lat' dir='ltr'><strong>ut</strong></span> <span class='ocrx_word' id='word_1_244' title='bbox 515 1971 598 2032; x_wconf 88' lang='lat' dir='ltr'><strong>sic</strong></span> <span class='ocrx_word' id='word_1_245' title='bbox 629 1969 845 2041; x_wconf 90' lang='lat' dir='ltr'><strong>dicam,</strong></span> <span class='ocrx_word' id='word_1_246' title='bbox 876 1963 1116 2047; x_wconf 81' lang='lat' dir='ltr'><strong>perfecti</strong></span> <span class='ocrx_word' id='word_1_247' title='bbox 1143 1970 1280 2024; x_wconf 90' lang='lat' dir='ltr'><strong>sunt</strong></span> <span class='ocrx_word' id='word_1_248' title='bbox 1311 1960 1495 2022; x_wconf 87' lang='lat' dir='ltr'><strong>divini</strong></span> <span class='ocrx_word' id='word_1_249' title='bbox 1524 1959 1776 2038; x_wconf 89' lang='lat' dir='ltr'><strong>apostoli</strong></span> <span class='ocrx_word' id='word_1_250' title='bbox 1812 1959 1884 2020; x_wconf 89' lang='lat' dir='ltr'><strong>ab</strong></span> <span class='ocrx_word' id='word_1_251' title='bbox 1917 1959 2071 2038; x_wconf 78' lang='lat' dir='ltr'><strong>ipso-</strong></span> 
     </span>
    </p>
   </div>
   <div class='ocr_carea' id='block_1_37' title="bbox 429 2048 2075 2124">
    <p class='ocr_par' dir='ltr' id='par_1_37' title="bbox 429 2048 2075 2124">
     <span class='ocr_line' id='line_1_38' title="bbox 429 2048 2075 2124; baseline -0.007 -3"><span class='ocrx_word' id='word_1_252' title='bbox 429 2069 550 2124; x_wconf 75' lang='lat' dir='ltr'><strong>met</strong></span> <span class='ocrx_word' id='word_1_253' title='bbox 582 2061 879 2124; x_wconf 88' lang='lat' dir='ltr'><strong>Salvatore</strong></span> <span class='ocrx_word' id='word_1_254' title='bbox 941 2063 1141 2116; x_wconf 84' lang='lat' dir='ltr'><strong>nostro</strong></span> <span class='ocrx_word' id='word_1_255' title='bbox 1189 2051 1328 2114; x_wconf 89' lang='lat' dir='ltr'><strong>Jesu</strong></span> <span class='ocrx_word' id='word_1_256' title='bbox 1361 2049 1592 2113; x_wconf 86' lang='lat' dir='ltr'><strong>Christo</strong></span> <span class='ocrx_word' id='word_1_257' title='bbox 1621 2067 1690 2111; x_wconf 90' lang='lat' dir='ltr'><strong>ac</strong></span> <span class='ocrx_word' id='word_1_258' title='bbox 1748 2048 1988 2122; x_wconf 87' lang='lat' dir='ltr'><strong>Deo,vel</strong></span> <span class='ocrx_word' id='word_1_259' title='bbox 2042 2067 2075 2110; x_wconf 90' lang='lat' dir='ltr'><strong>a</strong></span> 
     </span>
    </p>
   </div>
   <div class='ocr_carea' id='block_1_38' title="bbox 427 2142 2073 2225">
    <p class='ocr_par' dir='ltr' id='par_1_38' title="bbox 427 2142 2073 2225">
     <span class='ocr_line' id='line_1_39' title="bbox 427 2142 2073 2225; baseline -0.006 -16"><span class='ocrx_word' id='word_1_260' title='bbox 427 2159 634 2212; x_wconf 84' lang='lat' dir='ltr'><strong>sancto</strong></span> <span class='ocrx_word' id='word_1_261' title='bbox 694 2148 1040 2225; x_wconf 83' lang='lat' dir='ltr'><strong>vivilieoque</strong></span> <span class='ocrx_word' id='word_1_262' title='bbox 1085 2143 1309 2220; x_wconf 81' lang='lat' dir='ltr'><strong>Spiritu</strong></span> <span class='ocrx_word' id='word_1_263' title='bbox 1346 2150 1613 2218; x_wconf 88' lang='lat' dir='ltr'><strong>tempore</strong></span> <span class='ocrx_word' id='word_1_264' title='bbox 1650 2142 2073 2214; x_wconf 85' lang='lat' dir='ltr'><strong>Pentecostes;</strong></span> 
     </span>
    </p>
   </div>
   <div class='ocr_carea' id='block_1_39' title="bbox 423 2228 2072 2308">
    <p class='ocr_par' dir='ltr' id='par_1_39' title="bbox 423 2228 2072 2308">
     <span class='ocr_line' id='line_1_40' title="bbox 423 2228 2072 2308; baseline -0.008 -7"><span class='ocrx_word' id='word_1_265' title='bbox 423 2238 751 2301; x_wconf 84' lang='lat' dir='ltr'><strong>consecrati</strong></span> <span class='ocrx_word' id='word_1_266' title='bbox 782 2237 958 2298; x_wconf 84' lang='lat' dir='ltr'><strong>etiam</strong></span> <span class='ocrx_word' id='word_1_267' title='bbox 989 2242 1124 2294; x_wconf 88' lang='lat' dir='ltr'><strong>sunt</strong></span> <span class='ocrx_word' id='word_1_268' title='bbox 1151 2228 1723 2294; x_wconf 88' lang='lat' dir='ltr'><strong>summisacerdotes</strong></span> <span class='ocrx_word' id='word_1_269' title='bbox 1755 2245 1859 2308; x_wconf 90' lang='lat' dir='ltr'><strong>per</strong></span> <span class='ocrx_word' id='word_1_270' title='bbox 1887 2228 2072 2308; x_wconf 82' lang='lat' dir='ltr'><strong>ipsos,</strong></span> 
     </span>
    </p>
   </div>
   <div class='ocr_carea' id='block_1_40' title="bbox 419 2319 2069 2407">
    <p class='ocr_par' dir='ltr' id='par_1_40' title="bbox 419 2319 2069 2407">
     <span class='ocr_line' id='line_1_41' title="bbox 419 2319 2069 2407; baseline -0.008 -17"><span class='ocrx_word' id='word_1_271' title='bbox 419 2339 677 2391; x_wconf 80' lang='lat' dir='ltr'><strong>attamen</strong></span> <span class='ocrx_word' id='word_1_272' title='bbox 705 2326 1025 2407; x_wconf 85' lang='lat' dir='ltr'><strong>perfectior</strong></span> <span class='ocrx_word' id='word_1_273' title='bbox 1047 2322 1286 2383; x_wconf 91' lang='lat' dir='ltr'><strong>omnino</strong></span> <span class='ocrx_word' id='word_1_274' title='bbox 1309 2328 1395 2381; x_wconf 89' lang='lat' dir='ltr'><strong>est</strong></span> <span class='ocrx_word' id='word_1_275' title='bbox 1422 2338 1626 2381; x_wconf 87' lang='lat' dir='ltr'><strong>eorum</strong></span> <span class='ocrx_word' id='word_1_276' title='bbox 1651 2319 2069 2393; x_wconf 83' lang='lat' dir='ltr'><strong>consecratio):</strong></span> 
     </span>
    </p>
   </div>
   <div class='ocr_carea' id='block_1_41' title="bbox 417 2408 2073 2498">
    <p class='ocr_par' dir='ltr' id='par_1_41' title="bbox 417 2408 2073 2498">
     <span class='ocr_line' id='line_1_42' title="bbox 417 2408 2073 2498; baseline -0.007 -18"><span class='ocrx_word' id='word_1_277' title='bbox 417 2410 1328 2498; x_wconf 87' lang='lat' dir='ltr'><strong>quemadmodum,inquam,qui</strong></span> <span class='ocrx_word' id='word_1_278' title='bbox 1392 2415 1450 2469; x_wconf 89' lang='lat' dir='ltr'><strong>in</strong></span> <span class='ocrx_word' id='word_1_279' title='bbox 1479 2408 2073 2469; x_wconf 78' lang='lat' dir='ltr'><strong>divinisexcellentes</strong></span> 
     </span>
    </p>
   </div>
   <div class='ocr_carea' id='block_1_42' title="bbox 416 2499 2069 2588">
    <p class='ocr_par' dir='ltr' id='par_1_42' title="bbox 416 2499 2069 2588">
     <span class='ocr_line' id='line_1_43' title="bbox 416 2499 2069 2588; baseline -0.008 -18"><span class='ocrx_word' id='word_1_280' title='bbox 416 2517 575 2588; x_wconf 91' lang='lat' dir='ltr'><strong>sunt,</strong></span> <span class='ocrx_word' id='word_1_281' title='bbox 601 2508 677 2569; x_wconf 90' lang='lat' dir='ltr'><strong>de</strong></span> <span class='ocrx_word' id='word_1_282' title='bbox 707 2506 798 2569; x_wconf 90' lang='lat' dir='ltr'><strong>his</strong></span> <span class='ocrx_word' id='word_1_283' title='bbox 827 2506 990 2567; x_wconf 89' lang='lat' dir='ltr'><strong>aiunt</strong></span> <span class='ocrx_word' id='word_1_284' title='bbox 1025 2521 1040 2577; x_wconf 89' lang='lat'>;</span> <span class='ocrx_word' id='word_1_285' title='bbox 1067 2504 1145 2563; x_wconf 87' lang='lat' dir='ltr'><strong>ita</strong></span> <span class='ocrx_word' id='word_1_286' title='bbox 1193 2502 1368 2562; x_wconf 90' lang='lat' dir='ltr'><strong>etiam</strong></span> <span class='ocrx_word' id='word_1_287' title='bbox 1405 2499 1678 2560; x_wconf 86' lang='lat' dir='ltr'><strong>existimo</strong></span> <span class='ocrx_word' id='word_1_288' title='bbox 1703 2499 1858 2560; x_wconf 91' lang='lat' dir='ltr'><strong>hunc</strong></span> <span class='ocrx_word' id='word_1_289' title='bbox 1895 2517 2069 2558; x_wconf 88' lang='lat' dir='ltr'><strong>sanc—</strong></span> 
     </span>
    </p>
   </div>
   <div class='ocr_carea' id='block_1_43' title="bbox 419 2589 2073 2670">
    <p class='ocr_par' dir='ltr' id='par_1_43' title="bbox 419 2589 2073 2670">
     <span class='ocr_line' id='line_1_44' title="bbox 419 2589 2073 2670; baseline -0.007 -11"><span class='ocrx_word' id='word_1_290' title='bbox 419 2607 539 2659; x_wconf 92' lang='lat' dir='ltr'><strong>tum</strong></span> <span class='ocrx_word' id='word_1_291' title='bbox 567 2597 797 2669; x_wconf 84' lang='lat' dir='ltr'><strong>dicere,</strong></span> <span class='ocrx_word' id='word_1_292' title='bbox 863 2593 1269 2654; x_wconf 86' lang='lat' dir='ltr'><strong>immediatam</strong></span> <span class='ocrx_word' id='word_1_293' title='bbox 1307 2589 1819 2670; x_wconf 85' lang='lat' dir='ltr'><strong>participationem</strong></span> <span class='ocrx_word' id='word_1_294' title='bbox 1869 2589 2073 2668; x_wconf 81' lang='lat' dir='ltr'><strong>primae</strong></span> 
     </span>
    </p>
   </div>
   <div class='ocr_carea' id='block_1_44' title="bbox 417 2679 2072 2757">
    <p class='ocr_par' dir='ltr' id='par_1_44' title="bbox 417 2679 2072 2757">
     <span class='ocr_line' id='line_1_45' title="bbox 417 2679 2072 2757; baseline -0.007 -9"><span class='ocrx_word' id='word_1_295' title='bbox 417 2683 858 2748; x_wconf 82' lang='lat' dir='ltr'><strong>distributionis</strong></span> <span class='ocrx_word' id='word_1_296' title='bbox 888 2682 1316 2744; x_wconf 86' lang='lat' dir='ltr'><strong>evidentiorem</strong></span> <span class='ocrx_word' id='word_1_297' title='bbox 1353 2697 1487 2742; x_wconf 87' lang='lat' dir='ltr'><strong>esse</strong></span> <span class='ocrx_word' id='word_1_298' title='bbox 1522 2697 1591 2739; x_wconf 88' lang='lat' dir='ltr'><strong>ea</strong></span> <span class='ocrx_word' id='word_1_299' title='bbox 1622 2697 1754 2757; x_wconf 71' lang='lat' dir='ltr'><strong>quae</strong></span> <span class='ocrx_word' id='word_1_300' title='bbox 1799 2679 2072 2738; x_wconf 66' lang='lat' dir='ltr'><strong>median-</strong></span> 
     </span>
    </p>
   </div>
   <div class='ocr_carea' id='block_1_45' title="bbox 419 2758 2075 2837">
    <p class='ocr_par' dir='ltr' id='par_1_45' title="bbox 419 2758 2075 2837">
     <span class='ocr_line' id='line_1_46' title="bbox 419 2758 2075 2837; baseline -0.007 0"><span class='ocrx_word' id='word_1_301' title='bbox 419 2775 577 2837; x_wconf 90' lang='lat' dir='ltr'><strong>tibus</strong></span> <span class='ocrx_word' id='word_1_302' title='bbox 615 2775 746 2836; x_wconf 87' lang='lat' dir='ltr'><strong>aliis</strong></span> <span class='ocrx_word' id='word_1_303' title='bbox 777 2773 1097 2834; x_wconf 86' lang='lat' dir='ltr'><strong>confertur.</strong></span> <span class='ocrx_word' id='word_1_304' title='bbox 1149 2771 1378 2834; x_wconf 86' lang='lat' dir='ltr'><strong>Idcirco</strong></span> <span class='ocrx_word' id='word_1_305' title='bbox 1411 2769 1588 2829; x_wconf 87' lang='lat' dir='ltr'><strong>etiam</strong></span> <span class='ocrx_word' id='word_1_306' title='bbox 1621 2786 1690 2829; x_wconf 89' lang='lat' dir='ltr'><strong>ex</strong></span> <span class='ocrx_word' id='word_1_307' title='bbox 1725 2758 2075 2828; x_wconf 80' lang='lat' dir='ltr'><strong>sacerdotali</strong></span> 
     </span>
    </p>
   </div>
   <div class='ocr_carea' id='block_1_46' title="bbox 422 2856 2078 2937">
    <p class='ocr_par' dir='ltr' id='par_1_46' title="bbox 422 2856 2078 2937">
     <span class='ocr_line' id='line_1_47' title="bbox 422 2856 2078 2937; baseline -0.005 -12"><span class='ocrx_word' id='word_1_308' title='bbox 422 2864 736 2925; x_wconf 84' lang='lat' dir='ltr'><strong>traditione</strong></span> <span class='ocrx_word' id='word_1_309' title='bbox 768 2861 1078 2931; x_wconf 83' lang='lat' dir='ltr'><strong>habemus,</strong></span> <span class='ocrx_word' id='word_1_310' title='bbox 1113 2859 1335 2935; x_wconf 86' lang='lat' dir='ltr'><strong>primos</strong></span> <span class='ocrx_word' id='word_1_311' title='bbox 1365 2857 1740 2937; x_wconf 87' lang='lat' dir='ltr'><strong>sequentium</strong></span> <span class='ocrx_word' id='word_1_312' title='bbox 1789 2856 2078 2936; x_wconf 85' lang='lat' dir='ltr'><strong>perfecto-</strong></span> 
     </span>
    </p>
   </div>
   <div class='ocr_carea' id='block_1_47' title="bbox 421 2947 2078 3033">
    <p class='ocr_par' dir='ltr' id='par_1_47' title="bbox 421 2947 2078 3033">
     <span class='ocr_line' id='line_1_48' title="bbox 421 2947 2078 3033; baseline -0.004 -19"><span class='ocrx_word' id='word_1_313' title='bbox 421 2961 605 3033; x_wconf 87' lang='lat' dir='ltr'><strong>res,et</strong></span> <span class='ocrx_word' id='word_1_314' title='bbox 659 2951 1111 3022; x_wconf 87' lang='lat' dir='ltr'><strong>illuminatorcs,</strong></span> <span class='ocrx_word' id='word_1_315' title='bbox 1169 2956 1228 3010; x_wconf 90' lang='lat' dir='ltr'><strong>et</strong></span> <span class='ocrx_word' id='word_1_316' title='bbox 1285 2948 1616 3028; x_wconf 82' lang='lat' dir='ltr'><strong>expiatores</strong></span> <span class='ocrx_word' id='word_1_317' title='bbox 1661 2947 1976 3015; x_wconf 78' lang='lat' dir='ltr'><strong>nominari.</strong></span> <span class='ocrx_word' id='word_1_318' title='bbox 2015 2957 2078 3007; x_wconf 88' lang='lat' dir='ltr'><strong>ut</strong></span> 
     </span>
    </p>
   </div>
   <div class='ocr_carea' id='block_1_48' title="bbox 420 3035 2078 3126">
    <p class='ocr_par' dir='ltr' id='par_1_48' title="bbox 420 3035 2078 3126">
     <span class='ocr_line' id='line_1_49' title="bbox 420 3035 2078 3126; baseline -0.005 -23"><span class='ocrx_word' id='word_1_319' title='bbox 420 3044 522 3126; x_wconf 81' lang='lat' dir='ltr'><strong>qui</strong></span> <span class='ocrx_word' id='word_1_320' title='bbox 543 3043 614 3106; x_wconf 87' lang='lat' dir='ltr'><strong>ab</strong></span> <span class='ocrx_word' id='word_1_321' title='bbox 643 3043 728 3104; x_wconf 93' lang='lat' dir='ltr'><strong>eis</strong></span> <span class='ocrx_word' id='word_1_322' title='bbox 755 3041 1124 3103; x_wconf 88' lang='lat' dir='ltr'><strong>adducantur</strong></span> <span class='ocrx_word' id='word_1_323' title='bbox 1148 3038 1218 3100; x_wconf 90' lang='lat' dir='ltr'><strong>ad</strong></span> <span class='ocrx_word' id='word_1_324' title='bbox 1266 3038 1531 3100; x_wconf 78' lang='lat' dir='ltr'><strong>ennium</strong></span> <span class='ocrx_word' id='word_1_325' title='bbox 1567 3035 1946 3116; x_wconf 86' lang='lat' dir='ltr'><strong>principium,</strong></span> <span class='ocrx_word' id='word_1_326' title='bbox 1982 3035 2078 3095; x_wconf 86' lang='lat' dir='ltr'><strong>di---</strong></span> 
     </span>
    </p>
   </div>
   <div class='ocr_carea' id='block_1_49' title="bbox 421 3124 2078 3213">
    <p class='ocr_par' dir='ltr' id='par_1_49' title="bbox 421 3124 2078 3213">
     <span class='ocr_line' id='line_1_50' title="bbox 421 3124 2078 3213; baseline -0.007 -17"><span class='ocrx_word' id='word_1_327' title='bbox 421 3124 706 3213; x_wconf 79' lang='lat' dir='ltr'><strong>vinasque</strong></span> <span class='ocrx_word' id='word_1_328' title='bbox 731 3131 1087 3210; x_wconf 89' lang='lat' dir='ltr'><strong>participent</strong></span> <span class='ocrx_word' id='word_1_329' title='bbox 1105 3127 1495 3209; x_wconf 80' lang='lat' dir='ltr'><strong>expiationes,</strong></span> <span class='ocrx_word' id='word_1_330' title='bbox 1513 3124 1983 3186; x_wconf 73' lang='lat' dir='ltr'><strong>illuminationes</strong></span> <span class='ocrx_word' id='word_1_331' title='bbox 2008 3143 2078 3185; x_wconf 90' lang='lat' dir='ltr'><strong>ac</strong></span> 
     </span>
    </p>
   </div>
   <div class='ocr_carea' id='block_1_50' title="bbox 422 3213 2072 3295">
    <p class='ocr_par' dir='ltr' id='par_1_50' title="bbox 422 3213 2072 3295">
     <span class='ocr_line' id='line_1_51' title="bbox 422 3213 2072 3295; baseline -0.007 -11"><span class='ocrx_word' id='word_1_332' title='bbox 422 3222 901 3285; x_wconf 86' lang='lat' dir='ltr'><strong>consecrationes</strong></span> <span class='ocrx_word' id='word_1_333' title='bbox 929 3240 942 3282; x_wconf 91' lang='lat'><strong>:</strong></span> <span class='ocrx_word' id='word_1_334' title='bbox 977 3216 1273 3295; x_wconf 86' lang='lat' dir='ltr'><strong>siquidem</strong></span> <span class='ocrx_word' id='word_1_335' title='bbox 1299 3218 1411 3278; x_wconf 81' lang='lat' dir='ltr'><strong>hoc</strong></span> <span class='ocrx_word' id='word_1_336' title='bbox 1436 3235 1464 3276; x_wconf 91' lang='lat' dir='ltr'><strong>a</strong></span> <span class='ocrx_word' id='word_1_337' title='bbox 1490 3219 1608 3278; x_wconf 90' lang='lat' dir='ltr'><strong>Deo</strong></span> <span class='ocrx_word' id='word_1_338' title='bbox 1647 3213 1864 3275; x_wconf 84' lang='lat' dir='ltr'><strong>divinis</strong></span> <span class='ocrx_word' id='word_1_339' title='bbox 1893 3214 2072 3274; x_wconf 87' lang='lat' dir='ltr'><strong>etiam</strong></span> 
     </span>
    </p>
   </div>
   <div class='ocr_carea' id='block_1_51' title="bbox 2157 1962 3816 2042">
    <p class='ocr_par' dir='ltr' id='par_1_51' title="bbox 2157 1962 3816 2042">
     <span class='ocr_line' id='line_1_52' title="bbox 2157 1962 3816 2042; baseline 0 -23"><span class='ocrx_word' id='word_1_340' title='bbox 2157 1965 2282 2042; x_wconf 75' lang='grc' dir='ltr'>γὰρ,</span> <span class='ocrx_word' id='word_1_341' title='bbox 2339 1963 2460 2042; x_wconf 86' lang='grc' dir='ltr'>φέρε</span> <span class='ocrx_word' id='word_1_342' title='bbox 2515 1965 2706 2035; x_wconf 76' lang='grc' dir='ltr'>εἰπεῖν,</span> <span class='ocrx_word' id='word_1_343' title='bbox 2749 1967 2795 2020; x_wconf 79' lang='grc' dir='ltr'>οἱ</span> <span class='ocrx_word' id='word_1_344' title='bbox 2852 1969 2990 2021; x_wconf 75' lang='grc' dir='ltr'>θεῖοι</span> <span class='ocrx_word' id='word_1_345' title='bbox 3049 1963 3338 2021; x_wconf 70' lang='grc' dir='ltr'>ἀπόστολοι</span> <span class='ocrx_word' id='word_1_346' title='bbox 3386 1962 3509 2042; x_wconf 83' lang='grc' dir='ltr'>παρ’</span> <span class='ocrx_word' id='word_1_347' title='bbox 3541 1964 3698 2019; x_wconf 68' lang='grc' dir='ltr'>αὒτοῦ</span> <span class='ocrx_word' id='word_1_348' title='bbox 3723 1969 3816 2019; x_wconf 86' lang='grc' dir='ltr'><strong>τοῦ</strong></span> 
     </span>
    </p>
   </div>
   <div class='ocr_carea' id='block_1_52' title="bbox 2162 2051 3817 2132">
    <p class='ocr_par' dir='ltr' id='par_1_52' title="bbox 2162 2051 3817 2132">
     <span class='ocr_line' id='line_1_53' title="bbox 2162 2051 3817 2132; baseline -0.001 -24"><span class='ocrx_word' id='word_1_349' title='bbox 2162 2058 2416 2130; x_wconf 77' lang='grc' dir='ltr'>Σωτῆρος</span> <span class='ocrx_word' id='word_1_350' title='bbox 2467 2055 2620 2122; x_wconf 61' lang='grc' dir='ltr'>ἡμῶν</span> <span class='ocrx_word' id='word_1_351' title='bbox 2679 2051 2854 2121; x_wconf 82' lang='grc' dir='ltr'><strong>Ἰησοῦ</strong></span> <span class='ocrx_word' id='word_1_352' title='bbox 2915 2062 3140 2132; x_wconf 71' lang='grc' dir='ltr'>Χριστοῦ</span> <span class='ocrx_word' id='word_1_353' title='bbox 3189 2055 3276 2110; x_wconf 79' lang='grc' dir='ltr'><strong>καὶ</strong></span> <span class='ocrx_word' id='word_1_354' title='bbox 3335 2060 3512 2110; x_wconf 89' lang='grc' dir='ltr'>Θεοῦ’</span> <span class='ocrx_word' id='word_1_355' title='bbox 3573 2052 3608 2120; x_wconf 73' lang='grc' dir='ltr'>ἧ</span> <span class='ocrx_word' id='word_1_356' title='bbox 3671 2053 3817 2129; x_wconf 81' lang='grc' dir='ltr'>παρᾶ</span> 
     </span>
    </p>
   </div>
   <div class='ocr_carea' id='block_1_53' title="bbox 2159 2143 3819 2225">
    <p class='ocr_par' dir='ltr' id='par_1_53' title="bbox 2159 2143 3819 2225">
     <span class='ocr_line' id='line_1_54' title="bbox 2159 2143 3819 2225; baseline 0.001 -28"><span class='ocrx_word' id='word_1_357' title='bbox 2159 2149 2252 2198; x_wconf 84' lang='grc' dir='ltr'><strong>τοῦ</strong></span> <span class='ocrx_word' id='word_1_358' title='bbox 2303 2143 2454 2220; x_wconf 78' lang='grc' dir='ltr'>ἁγίου</span> <span class='ocrx_word' id='word_1_359' title='bbox 2509 2145 2596 2200; x_wconf 85' lang='grc' dir='ltr'><strong>καὶ</strong></span> <span class='ocrx_word' id='word_1_360' title='bbox 2647 2151 2950 2225; x_wconf 68' lang='grc' dir='ltr'>ζωαρχικοῦ</span> <span class='ocrx_word' id='word_1_361' title='bbox 3009 2145 3338 2222; x_wconf 77' lang='grc' dir='ltr'>Πνεόματος,</span> <span class='ocrx_word' id='word_1_362' title='bbox 3400 2146 3456 2199; x_wconf 75' lang='grc' dir='ltr'>ὲν</span> <span class='ocrx_word' id='word_1_363' title='bbox 3515 2149 3590 2216; x_wconf 85' lang='grc' dir='ltr'>τῷ</span> <span class='ocrx_word' id='word_1_364' title='bbox 3647 2148 3819 2219; x_wconf 81' lang='grc' dir='ltr'>καιρῷ</span> 
     </span>
    </p>
   </div>
   <div class='ocr_carea' id='block_1_54' title="bbox 2160 2231 3821 2311">
    <p class='ocr_par' dir='ltr' id='par_1_54' title="bbox 2160 2231 3821 2311">
     <span class='ocr_line' id='line_1_55' title="bbox 2160 2231 3821 2311; baseline 0.001 -25"><span class='ocrx_word' id='word_1_365' title='bbox 2160 2233 2256 2300; x_wconf 74' lang='grc' dir='ltr'><strong>τῆς</strong></span> <span class='ocrx_word' id='word_1_366' title='bbox 2314 2234 2707 2311; x_wconf 74' lang='grc' dir='ltr'>Πεντηκοστῆς,</span> <span class='ocrx_word' id='word_1_367' title='bbox 2757 2234 3102 2301; x_wconf 84' lang='grc' dir='ltr'>ἐτελέσθησαν</span> <span class='ocrx_word' id='word_1_368' title='bbox 3138 2236 3224 2290; x_wconf 78' lang='grc' dir='ltr'>καὶ</span> <span class='ocrx_word' id='word_1_369' title='bbox 3255 2236 3303 2290; x_wconf 76' lang='grc' dir='ltr'>οἱ</span> <span class='ocrx_word' id='word_1_370' title='bbox 3335 2236 3606 2311; x_wconf 74' lang='grc' dir='ltr'>ἀρχιερεῖς</span> <span class='ocrx_word' id='word_1_371' title='bbox 3629 2231 3698 2288; x_wconf 82' lang='grc' dir='ltr'><strong>δι’</strong></span> <span class='ocrx_word' id='word_1_372' title='bbox 3729 2233 3821 2289; x_wconf 74' lang='grc' dir='ltr'><strong>αὖ-</strong></span> 
     </span>
    </p>
   </div>
   <div class='ocr_carea' id='block_1_55' title="bbox 2158 2321 3819 2400">
    <p class='ocr_par' dir='ltr' id='par_1_55' title="bbox 2158 2321 3819 2400">
     <span class='ocr_line' id='line_1_56' title="bbox 2158 2321 3819 2400; baseline 0 -22"><span class='ocrx_word' id='word_1_373' title='bbox 2158 2328 2292 2392; x_wconf 85' lang='grc' dir='ltr'>τῶν,</span> <span class='ocrx_word' id='word_1_374' title='bbox 2345 2324 2428 2378; x_wconf 81' lang='grc' dir='ltr'>καὶ</span> <span class='ocrx_word' id='word_1_375' title='bbox 2485 2322 2784 2400; x_wconf 81' lang='grc' dir='ltr'>τελειοτέρα</span> <span class='ocrx_word' id='word_1_376' title='bbox 2842 2325 3056 2387; x_wconf 74' lang='grc' dir='ltr'>πάντως</span> <span class='ocrx_word' id='word_1_377' title='bbox 3111 2323 3250 2378; x_wconf 75' lang='grc' dir='ltr'>ἐστὶν</span> <span class='ocrx_word' id='word_1_378' title='bbox 3285 2324 3499 2379; x_wconf 72' lang='grc' dir='ltr'>ὶχείνων</span> <span class='ocrx_word' id='word_1_379' title='bbox 3529 2325 3562 2390; x_wconf 82' lang='grc' dir='ltr'>ἡ</span> <span class='ocrx_word' id='word_1_380' title='bbox 3593 2321 3819 2378; x_wconf 84' lang='grc' dir='ltr'>τελείω-</span> 
     </span>
    </p>
   </div>
   <div class='ocr_carea' id='block_1_56' title="bbox 2158 2410 3818 2492">
    <p class='ocr_par' dir='ltr' id='par_1_56' title="bbox 2158 2410 3818 2492">
     <span class='ocr_line' id='line_1_57' title="bbox 2158 2410 3818 2492; baseline -0.001 -26"><span class='ocrx_word' id='word_1_381' title='bbox 2158 2410 2288 2490; x_wconf 88' lang='grc' dir='ltr'>σις)</span> <span class='ocrx_word' id='word_1_382' title='bbox 2351 2413 2423 2476; x_wconf 85' lang='grc' dir='ltr'>ὡς</span> <span class='ocrx_word' id='word_1_383' title='bbox 2480 2419 2604 2489; x_wconf 86' lang='grc' dir='ltr'>γοῦν</span> <span class='ocrx_word' id='word_1_384' title='bbox 2649 2414 2695 2468; x_wconf 78' lang='grc' dir='ltr'>οἱ</span> <span class='ocrx_word' id='word_1_385' title='bbox 2747 2410 2903 2468; x_wconf 81' lang='grc' dir='ltr'>δεινοὶ</span> <span class='ocrx_word' id='word_1_386' title='bbox 2965 2415 3032 2469; x_wconf 69' lang='grc' dir='ltr'><strong>τὰ</strong></span> <span class='ocrx_word' id='word_1_387' title='bbox 3095 2414 3208 2470; x_wconf 83' lang='grc' dir='ltr'>θειά</span> <span class='ocrx_word' id='word_1_388' title='bbox 3255 2435 3382 2492; x_wconf 76' lang='grc' dir='ltr'>φασι</span> <span class='ocrx_word' id='word_1_389' title='bbox 3425 2413 3541 2489; x_wconf 79' lang='grc' dir='ltr'>περὶ</span> <span class='ocrx_word' id='word_1_390' title='bbox 3588 2412 3818 2491; x_wconf 71' lang='grc' dir='ltr'>τούτων,</span> 
     </span>
    </p>
   </div>
   <div class='ocr_carea' id='block_1_57' title="bbox 2157 2500 3820 2582">
    <p class='ocr_par' dir='ltr' id='par_1_57' title="bbox 2157 2500 3820 2582">
     <span class='ocr_line' id='line_1_58' title="bbox 2157 2500 3820 2582; baseline 0.001 -28"><span class='ocrx_word' id='word_1_391' title='bbox 2157 2500 2348 2573; x_wconf 76' lang='grc' dir='ltr'>οὕτως,</span> <span class='ocrx_word' id='word_1_392' title='bbox 2399 2502 2581 2576; x_wconf 79' lang='grc' dir='ltr'>οἶμαι,</span> <span class='ocrx_word' id='word_1_393' title='bbox 2645 2523 2804 2582; x_wconf 86' lang='grc' dir='ltr'>φησιν</span> <span class='ocrx_word' id='word_1_394' title='bbox 2839 2504 2866 2558; x_wconf 72' lang='grc' dir='ltr'><strong>ὃ</strong></span> <span class='ocrx_word' id='word_1_395' title='bbox 2918 2501 3090 2580; x_wconf 77' lang='grc' dir='ltr'>ἅγιος,</span> <span class='ocrx_word' id='word_1_396' title='bbox 3153 2503 3251 2570; x_wconf 77' lang='grc' dir='ltr'>τὴν</span> <span class='ocrx_word' id='word_1_397' title='bbox 3297 2502 3492 2576; x_wconf 79' lang='grc' dir='ltr'>ἄμεσον</span> <span class='ocrx_word' id='word_1_398' title='bbox 3537 2502 3820 2574; x_wconf 77' lang='grc' dir='ltr'>μετουσίαν</span> 
     </span>
    </p>
   </div>
   <div class='ocr_carea' id='block_1_58' title="bbox 2155 2589 3821 2670">
    <p class='ocr_par' dir='ltr' id='par_1_58' title="bbox 2155 2589 3821 2670">
     <span class='ocr_line' id='line_1_59' title="bbox 2155 2589 3821 2670; baseline 0 -26"><span class='ocrx_word' id='word_1_399' title='bbox 2155 2594 2256 2655; x_wconf 73' lang='grc' dir='ltr'>τῆς</span> <span class='ocrx_word' id='word_1_400' title='bbox 2320 2590 2532 2665; x_wconf 79' lang='grc' dir='ltr'>πρώτης</span> <span class='ocrx_word' id='word_1_401' title='bbox 2587 2589 2990 2665; x_wconf 62' lang='grc' dir='ltr'>διακοσμήσεως</span> <span class='ocrx_word' id='word_1_402' title='bbox 3047 2592 3423 2670; x_wconf 63' lang='grc' dir='ltr'>ἱναργεστέραν</span> <span class='ocrx_word' id='word_1_403' title='bbox 3489 2591 3633 2647; x_wconf 73' lang='grc' dir='ltr'>εἶναι</span> <span class='ocrx_word' id='word_1_404' title='bbox 3708 2597 3821 2645; x_wconf 86' lang='grc' dir='ltr'><strong>τῶν</strong></span> 
     </span>
    </p>
   </div>
   <div class='ocr_carea' id='block_1_59' title="bbox 2161 2677 3820 2756">
    <p class='ocr_par' dir='ltr' id='par_1_59' title="bbox 2161 2677 3820 2756">
     <span class='ocr_line' id='line_1_60' title="bbox 2161 2677 3820 2756; baseline 0.001 -23"><span class='ocrx_word' id='word_1_405' title='bbox 2161 2677 2227 2734; x_wconf 89' lang='grc' dir='ltr'>δι’</span> <span class='ocrx_word' id='word_1_406' title='bbox 2286 2679 2473 2754; x_wconf 80' lang='grc' dir='ltr'>ἐτέρων</span> <span class='ocrx_word' id='word_1_407' title='bbox 2525 2679 2698 2753; x_wconf 81' lang='grc' dir='ltr'>μέσων</span> <span class='ocrx_word' id='word_1_408' title='bbox 2757 2680 3193 2754; x_wconf 77' lang='grc' dir='ltr'>ἀποτελουμένων</span> <span class='ocrx_word' id='word_1_409' title='bbox 3269 2682 3361 2736; x_wconf 81' lang='grc' dir='ltr'>Διὸ</span> <span class='ocrx_word' id='word_1_410' title='bbox 3392 2681 3480 2736; x_wconf 79' lang='grc' dir='ltr'><strong>καὶ</strong></span> <span class='ocrx_word' id='word_1_411' title='bbox 3521 2679 3572 2744; x_wconf 78' lang='grc' dir='ltr'>ἐξ</span> <span class='ocrx_word' id='word_1_412' title='bbox 3611 2682 3820 2756; x_wconf 75' lang='grc' dir='ltr'>ἱερατι-</span> 
     </span>
    </p>
   </div>
   <div class='ocr_carea' id='block_1_60' title="bbox 2160 2762 3823 2849">
    <p class='ocr_par' dir='ltr' id='par_1_60' title="bbox 2160 2762 3823 2849">
     <span class='ocr_line' id='line_1_61' title="bbox 2160 2762 3823 2849; baseline -0.003 -25"><span class='ocrx_word' id='word_1_413' title='bbox 2160 2774 2264 2834; x_wconf 78' lang='grc' dir='ltr'>κῆς</span> <span class='ocrx_word' id='word_1_414' title='bbox 2320 2767 2661 2846; x_wconf 79' lang='grc' dir='ltr'>παραδόσεως</span> <span class='ocrx_word' id='word_1_415' title='bbox 2706 2767 2931 2849; x_wconf 74' lang='grc' dir='ltr'>ἔχομεν,</span> <span class='ocrx_word' id='word_1_416' title='bbox 2977 2769 3056 2826; x_wconf 83' lang='grc' dir='ltr'><strong>ὅτι</strong></span> <span class='ocrx_word' id='word_1_417' title='bbox 3100 2769 3341 2826; x_wconf 87' lang='grc' dir='ltr'>τελεσταὶ</span> <span class='ocrx_word' id='word_1_418' title='bbox 3391 2771 3479 2825; x_wconf 80' lang='grc' dir='ltr'>καὶ</span> <span class='ocrx_word' id='word_1_419' title='bbox 3522 2762 3823 2848; x_wconf 81' lang='grc' dir='ltr'>φωτοῦργοὶ</span> 
     </span>
    </p>
   </div>
   <div class='ocr_carea' id='block_1_61' title="bbox 2160 2859 3821 2938">
    <p class='ocr_par' dir='ltr' id='par_1_61' title="bbox 2160 2859 3821 2938">
     <span class='ocr_line' id='line_1_62' title="bbox 2160 2859 3821 2938; baseline 0.001 -24"><span class='ocrx_word' id='word_1_420' title='bbox 2160 2859 2246 2914; x_wconf 70' lang='grc' dir='ltr'><strong>καὶ</strong></span> <span class='ocrx_word' id='word_1_421' title='bbox 2281 2861 2584 2936; x_wconf 81' lang='grc' dir='ltr'>καθαρτικοὶ</span> <span class='ocrx_word' id='word_1_422' title='bbox 2651 2861 2697 2915; x_wconf 78' lang='grc' dir='ltr'>οἱ</span> <span class='ocrx_word' id='word_1_423' title='bbox 2729 2861 2929 2938; x_wconf 83' lang='grc' dir='ltr'>πρῶτοι</span> <span class='ocrx_word' id='word_1_424' title='bbox 2986 2865 3092 2916; x_wconf 84' lang='grc' dir='ltr'><strong>τῶν</strong></span> <span class='ocrx_word' id='word_1_425' title='bbox 3136 2859 3390 2938; x_wconf 74' lang='grc' dir='ltr'>δευτέρων</span> <span class='ocrx_word' id='word_1_426' title='bbox 3443 2860 3821 2938; x_wconf 75' lang='grc' dir='ltr'>ὀνομάζονται,</span> 
     </span>
    </p>
   </div>
   <div class='ocr_carea' id='block_1_62' title="bbox 2162 2940 3822 3027">
    <p class='ocr_par' dir='ltr' id='par_1_62' title="bbox 2162 2940 3822 3027">
     <span class='ocr_line' id='line_1_63' title="bbox 2162 2940 3822 3027; baseline 0 -23"><span class='ocrx_word' id='word_1_427' title='bbox 2162 2951 2235 3012; x_wconf 80' lang='grc' dir='ltr'>ὡς</span> <span class='ocrx_word' id='word_1_428' title='bbox 2298 2940 2366 3004; x_wconf 69' lang='grc' dir='ltr'>δι’</span> <span class='ocrx_word' id='word_1_429' title='bbox 2424 2951 2599 3008; x_wconf 66' lang='grc' dir='ltr'>αὐτῶν</span> <span class='ocrx_word' id='word_1_430' title='bbox 2657 2949 3004 3027; x_wconf 78' lang='grc' dir='ltr'>ἀναγομένων</span> <span class='ocrx_word' id='word_1_431' title='bbox 3063 2951 3260 3006; x_wconf 82' lang='grc' dir='ltr'>τούτων</span> <span class='ocrx_word' id='word_1_432' title='bbox 3318 2952 3406 3006; x_wconf 71' lang='grc' dir='ltr'>επὶ</span> <span class='ocrx_word' id='word_1_433' title='bbox 3461 2952 3558 3015; x_wconf 80' lang='grc' dir='ltr'>τὴν</span> <span class='ocrx_word' id='word_1_434' title='bbox 3605 2950 3822 3004; x_wconf 79' lang='grc' dir='ltr'>πάντων</span> 
     </span>
    </p>
   </div>
   <div class='ocr_carea' id='block_1_63' title="bbox 2160 3038 3826 3118">
    <p class='ocr_par' dir='ltr' id='par_1_63' title="bbox 2160 3038 3826 3118">
     <span class='ocr_line' id='line_1_64' title="bbox 2160 3038 3826 3118; baseline 0 -25"><span class='ocrx_word' id='word_1_435' title='bbox 2160 3039 2334 3118; x_wconf 73' lang='grc' dir='ltr'>ἀρχὴν</span> <span class='ocrx_word' id='word_1_436' title='bbox 2393 3040 2478 3095; x_wconf 82' lang='grc' dir='ltr'>καὶ</span> <span class='ocrx_word' id='word_1_437' title='bbox 2526 3039 2579 3095; x_wconf 76' lang='grc' dir='ltr'>ἐν</span> <span class='ocrx_word' id='word_1_438' title='bbox 2641 3039 2891 3113; x_wconf 80' lang='grc' dir='ltr'>μετουσίᾳ</span> <span class='ocrx_word' id='word_1_439' title='bbox 2949 3039 3245 3118; x_wconf 72' lang='grc' dir='ltr'>γινομένωδ</span> <span class='ocrx_word' id='word_1_440' title='bbox 3303 3044 3409 3094; x_wconf 88' lang='grc' dir='ltr'><strong>τῶν</strong></span> <span class='ocrx_word' id='word_1_441' title='bbox 3435 3038 3587 3095; x_wconf 83' lang='grc' dir='ltr'>θείων</span> <span class='ocrx_word' id='word_1_442' title='bbox 3629 3038 3826 3116; x_wconf 71' lang='grc' dir='ltr'>καθάρ-</span> 
     </span>
    </p>
   </div>
   <div class='ocr_carea' id='block_1_64' title="bbox 2161 3125 3824 3206">
    <p class='ocr_par' dir='ltr' id='par_1_64' title="bbox 2161 3125 3824 3206">
     <span class='ocr_line' id='line_1_65' title="bbox 2161 3125 3824 3206; baseline 0 -26"><span class='ocrx_word' id='word_1_443' title='bbox 2161 3149 2319 3199; x_wconf 77' lang='grc' dir='ltr'>σεων,</span> <span class='ocrx_word' id='word_1_444' title='bbox 2379 3132 2668 3206; x_wconf 80' lang='grc' dir='ltr'>φωτισμῶν</span> <span class='ocrx_word' id='word_1_445' title='bbox 2723 3129 2813 3184; x_wconf 81' lang='grc' dir='ltr'>καὶ</span> <span class='ocrx_word' id='word_1_446' title='bbox 2904 3129 3230 3184; x_wconf 54' lang='grc' dir='ltr'>τελειώσεων</span> <span class='ocrx_word' id='word_1_447' title='bbox 3268 3146 3284 3164; x_wconf 80' lang='grc' dir='ltr'><strong>ο</strong></span> <span class='ocrx_word' id='word_1_448' title='bbox 3330 3136 3485 3186; x_wconf 82' lang='grc' dir='ltr'>τοῦτο</span> <span class='ocrx_word' id='word_1_449' title='bbox 3537 3127 3636 3204; x_wconf 79' lang='grc' dir='ltr'>γὰρ</span> <span class='ocrx_word' id='word_1_450' title='bbox 3708 3125 3824 3182; x_wconf 79' lang='grc' dir='ltr'>ἐστι</span> 
     </span>
    </p>
   </div>
   <div class='ocr_carea' id='block_1_65' title="bbox 2160 3215 3824 3292">
    <p class='ocr_par' dir='ltr' id='par_1_65' title="bbox 2160 3215 3824 3292">
     <span class='ocr_line' id='line_1_66' title="bbox 2160 3215 3824 3292; baseline 0.002 -24"><span class='ocrx_word' id='word_1_451' title='bbox 2160 3215 2640 3290; x_wconf 75' lang='grc' dir='ltr'>νενομοθετημένον</span> <span class='ocrx_word' id='word_1_452' title='bbox 2691 3219 2778 3274; x_wconf 81' lang='grc' dir='ltr'>καὶ</span> <span class='ocrx_word' id='word_1_453' title='bbox 2823 3217 2966 3292; x_wconf 79' lang='grc' dir='ltr'>παρά</span> <span class='ocrx_word' id='word_1_454' title='bbox 3015 3224 3108 3274; x_wconf 87' lang='grc' dir='ltr'><strong>τοῦ</strong></span> <span class='ocrx_word' id='word_1_455' title='bbox 3168 3225 3298 3276; x_wconf 86' lang='grc' dir='ltr'>Θεοῦ</span> <span class='ocrx_word' id='word_1_456' title='bbox 3345 3229 3464 3280; x_wconf 79' lang='grc' dir='ltr'>τοῖς</span> <span class='ocrx_word' id='word_1_457' title='bbox 3519 3216 3675 3274; x_wconf 81' lang='grc' dir='ltr'>θείοις</span> <span class='ocrx_word' id='word_1_458' title='bbox 3719 3219 3824 3272; x_wconf 73' lang='grc' dir='ltr'><strong>τὰ-</strong></span> 
     </span>
    </p>
   </div>
   <div class='ocr_carea' id='block_1_66' title="bbox 419 3303 2072 3389">
    <p class='ocr_par' dir='ltr' id='par_1_66' title="bbox 419 3305 2066 3389">
     <span class='ocr_line' id='line_1_67' title="bbox 419 3305 2066 3389; baseline -0.006 -16"><span class='ocrx_word' id='word_1_459' title='bbox 419 3311 730 3374; x_wconf 87' lang='lat' dir='ltr'><strong>ordinibus</strong></span> <span class='ocrx_word' id='word_1_460' title='bbox 763 3313 894 3389; x_wconf 77' lang='lat' dir='ltr'><strong>lege</strong></span> <span class='ocrx_word' id='word_1_461' title='bbox 921 3317 1203 3372; x_wconf 87' lang='lat' dir='ltr'><strong>statutum</strong></span> <span class='ocrx_word' id='word_1_462' title='bbox 1232 3316 1342 3384; x_wconf 87' lang='lat' dir='ltr'><strong>est,</strong></span> <span class='ocrx_word' id='word_1_463' title='bbox 1378 3315 1444 3366; x_wconf 88' lang='lat' dir='ltr'><strong>ut</strong></span> <span class='ocrx_word' id='word_1_464' title='bbox 1475 3323 1604 3385; x_wconf 63' lang='lat' dir='ltr'><strong>quae</strong></span> <span class='ocrx_word' id='word_1_465' title='bbox 1631 3305 1894 3365; x_wconf 85' lang='lat' dir='ltr'><strong>secunda</strong></span> <span class='ocrx_word' id='word_1_466' title='bbox 1912 3313 2066 3375; x_wconf 89' lang='lat' dir='ltr'><strong>sunt,</strong></span> 
     </span>
    </p>
   </div>
   <div class='ocr_carea' id='block_1_67' title="bbox 2157 3303 3827 3389">
    <p class='ocr_par' dir='ltr' id='par_1_67' title="bbox 2157 3303 3827 3384">
     <span class='ocr_line' id='line_1_68' title="bbox 2157 3303 3827 3384; baseline -0.001 -23"><span class='ocrx_word' id='word_1_467' title='bbox 2157 3327 2346 3383; x_wconf 79' lang='grc' dir='ltr'>γμασι,</span> <span class='ocrx_word' id='word_1_468' title='bbox 2403 3307 2462 3361; x_wconf 77' lang='grc' dir='ltr'>τὸ</span> <span class='ocrx_word' id='word_1_469' title='bbox 2511 3303 2596 3362; x_wconf 78' lang='grc' dir='ltr'>διὰ</span> <span class='ocrx_word' id='word_1_470' title='bbox 2652 3313 2756 3362; x_wconf 84' lang='grc' dir='ltr'><strong>τῶν</strong></span> <span class='ocrx_word' id='word_1_471' title='bbox 2811 3306 3038 3384; x_wconf 89' lang='grc' dir='ltr'>πρώτων</span> <span class='ocrx_word' id='word_1_472' title='bbox 3096 3309 3163 3364; x_wconf 72' lang='grc' dir='ltr'><strong>τὰ</strong></span> <span class='ocrx_word' id='word_1_473' title='bbox 3221 3305 3453 3384; x_wconf 80' lang='grc' dir='ltr'>δεύτερα,</span> <span class='ocrx_word' id='word_1_474' title='bbox 3528 3312 3634 3362; x_wconf 86' lang='grc' dir='ltr'><strong>τῶν</strong></span> <span class='ocrx_word' id='word_1_475' title='bbox 3668 3306 3827 3362; x_wconf 88' lang='grc' dir='ltr'>θείων</span> 
     </span>
    </p>
   </div>
   <div class='ocr_carea' id='block_1_68' title="bbox 425 3393 2072 3484">
    <p class='ocr_par' dir='ltr' id='par_1_68' title="bbox 425 3393 2072 3484">
     <span class='ocr_line' id='line_1_69' title="bbox 425 3393 2072 3484; baseline -0.007 -21"><span class='ocrx_word' id='word_1_476' title='bbox 425 3420 532 3484; x_wconf 85' lang='lat' dir='ltr'><strong>per</strong></span> <span class='ocrx_word' id='word_1_477' title='bbox 554 3403 744 3482; x_wconf 90' lang='lat' dir='ltr'><strong>prima</strong></span> <span class='ocrx_word' id='word_1_478' title='bbox 769 3399 1007 3460; x_wconf 85' lang='lat' dir='ltr'><strong>divinas</strong></span> <span class='ocrx_word' id='word_1_479' title='bbox 1032 3394 1864 3478; x_wconf 81' lang='lat' dir='ltr'><strong>partieipentilluminationes</strong></span> <span class='ocrx_word' id='word_1_480' title='bbox 1893 3414 1906 3455; x_wconf 88' lang='lat'><strong>:</strong></span> <span class='ocrx_word' id='word_1_481' title='bbox 1934 3393 2072 3484; x_wconf 75' lang='lat' dir='ltr'><strong>ordo</strong></span> 
     </span>
    </p>
   </div>
   <div class='ocr_carea' id='block_1_69' title="bbox 2157 3393 3827 3484">
    <p class='ocr_par' dir='ltr' id='par_1_69' title="bbox 2163 3393 3827 3475">
     <span class='ocr_line' id='line_1_70' title="bbox 2163 3393 3827 3475; baseline 0.001 -26"><span class='ocrx_word' id='word_1_482' title='bbox 2163 3396 2414 3473; x_wconf 75' lang='grc' dir='ltr'>μετέχειν</span> <span class='ocrx_word' id='word_1_483' title='bbox 2474 3393 2792 3470; x_wconf 80' lang='grc' dir='ltr'>ἐλλάμψεων</span> <span class='ocrx_word' id='word_1_484' title='bbox 2820 3411 2835 3428; x_wconf 89' lang='grc'>⁶</span> <span class='ocrx_word' id='word_1_485' title='bbox 2881 3395 3024 3461; x_wconf 80' lang='grc' dir='ltr'>τάξις</span> <span class='ocrx_word' id='word_1_486' title='bbox 3081 3398 3182 3475; x_wconf 63' lang='grc' dir='ltr'><strong>γὰρ</strong></span> <span class='ocrx_word' id='word_1_487' title='bbox 3240 3396 3453 3475; x_wconf 81' lang='grc' dir='ltr'>συνέχει</span> <span class='ocrx_word' id='word_1_488' title='bbox 3488 3394 3551 3450; x_wconf 72' lang='grc' dir='ltr'><strong>τά</strong></span> <span class='ocrx_word' id='word_1_489' title='bbox 3578 3416 3634 3451; x_wconf 88' lang='grc' dir='ltr'><strong>τε</strong></span> <span class='ocrx_word' id='word_1_490' title='bbox 3657 3395 3827 3473; x_wconf 69' lang='grc' dir='ltr'>οὖρά-</span> 
     </span>
    </p>
   </div>
   <div class='ocr_carea' id='block_1_70' title="bbox 422 3480 2072 3567">
    <p class='ocr_par' dir='ltr' id='par_1_70' title="bbox 422 3480 2072 3567">
     <span class='ocr_line' id='line_1_71' title="bbox 422 3480 2072 3567; baseline -0.007 -14"><span class='ocrx_word' id='word_1_491' title='bbox 422 3480 583 3553; x_wconf 79' lang='lat' dir='ltr'><strong>enim</strong></span> <span class='ocrx_word' id='word_1_492' title='bbox 609 3498 726 3552; x_wconf 90' lang='lat' dir='ltr'><strong>tam</strong></span> <span class='ocrx_word' id='word_1_493' title='bbox 760 3488 1024 3551; x_wconf 62' lang='lat' dir='ltr'><strong>caelestia</strong></span> <span class='ocrx_word' id='word_1_494' title='bbox 1048 3505 1222 3567; x_wconf 89' lang='lat' dir='ltr'><strong>quam</strong></span> <span class='ocrx_word' id='word_1_495' title='bbox 1270 3485 1580 3548; x_wconf 66' lang='lat' dir='ltr'><strong>terrestria</strong></span> <span class='ocrx_word' id='word_1_496' title='bbox 1611 3484 1897 3545; x_wconf 89' lang='lat' dir='ltr'><strong>continet.</strong></span> <span class='ocrx_word' id='word_1_497' title='bbox 1933 3480 2072 3544; x_wconf 89' lang='lat' dir='ltr'><strong>Ser-</strong></span> 
     </span>
    </p>
   </div>
   <div class='ocr_carea' id='block_1_71' title="bbox 2157 3480 3826 3567">
    <p class='ocr_par' dir='ltr' id='par_1_71' title="bbox 2161 3484 3826 3564">
     <span class='ocr_line' id='line_1_72' title="bbox 2161 3484 3826 3564; baseline 0.001 -25"><span class='ocrx_word' id='word_1_498' title='bbox 2161 3505 2249 3539; x_wconf 84' lang='grc' dir='ltr'><strong>νια</strong></span> <span class='ocrx_word' id='word_1_499' title='bbox 2306 3486 2392 3540; x_wconf 81' lang='grc' dir='ltr'><strong>καὶ</strong></span> <span class='ocrx_word' id='word_1_500' title='bbox 2443 3485 2509 3542; x_wconf 80' lang='grc' dir='ltr'><strong>τὰ</strong></span> <span class='ocrx_word' id='word_1_501' title='bbox 2565 3484 2793 3552; x_wconf 82' lang='grc' dir='ltr'>ἐπίγεια.</span> <span class='ocrx_word' id='word_1_502' title='bbox 2861 3491 3089 3557; x_wconf 84' lang='grc' dir='ltr'>Συνιστᾷ</span> <span class='ocrx_word' id='word_1_503' title='bbox 3139 3489 3230 3542; x_wconf 82' lang='grc' dir='ltr'><strong>τὸν</strong></span> <span class='ocrx_word' id='word_1_504' title='bbox 3283 3484 3443 3562; x_wconf 86' lang='grc' dir='ltr'>λόγον</span> <span class='ocrx_word' id='word_1_505' title='bbox 3494 3485 3676 3564; x_wconf 74' lang='grc' dir='ltr'>αὗτοῦ,</span> <span class='ocrx_word' id='word_1_506' title='bbox 3739 3485 3826 3541; x_wconf 82' lang='grc' dir='ltr'>ὅτι</span> 
     </span>
    </p>
   </div>
   <div class='ocr_carea' id='block_1_72' title="bbox 428 3571 2072 3659">
    <p class='ocr_par' dir='ltr' id='par_1_72' title="bbox 428 3571 2072 3659">
     <span class='ocr_line' id='line_1_73' title="bbox 428 3571 2072 3659; baseline -0.006 -18"><span class='ocrx_word' id='word_1_507' title='bbox 428 3598 666 3641; x_wconf 92' lang='lat' dir='ltr'><strong>monem</strong></span> <span class='ocrx_word' id='word_1_508' title='bbox 700 3598 892 3642; x_wconf 84' lang='lat' dir='ltr'><strong>suum.</strong></span> <span class='ocrx_word' id='word_1_509' title='bbox 929 3577 1084 3659; x_wconf 91' lang='lat' dir='ltr'><strong>quod</strong></span> <span class='ocrx_word' id='word_1_510' title='bbox 1117 3576 1379 3638; x_wconf 89' lang='lat' dir='ltr'><strong>secunda</strong></span> <span class='ocrx_word' id='word_1_511' title='bbox 1411 3575 1500 3634; x_wconf 76' lang='grc'><strong>82</strong></span> <span class='ocrx_word' id='word_1_512' title='bbox 1527 3571 1927 3635; x_wconf 87' lang='lat' dir='ltr'><strong>mediantibus</strong></span> <span class='ocrx_word' id='word_1_513' title='bbox 1961 3571 2072 3652; x_wconf 87' lang='lat' dir='ltr'><strong>pri-</strong></span> 
     </span>
    </p>
   </div>
   <div class='ocr_carea' id='block_1_73' title="bbox 2157 3571 3826 3659">
    <p class='ocr_par' dir='ltr' id='par_1_73' title="bbox 2171 3571 3826 3653">
     <span class='ocr_line' id='line_1_74' title="bbox 2171 3571 3826 3653; baseline 0.001 -25"><span class='ocrx_word' id='word_1_514' title='bbox 2171 3571 2255 3629; x_wconf 77' lang='grc' dir='ltr'>διὰ</span> <span class='ocrx_word' id='word_1_515' title='bbox 2314 3575 2491 3648; x_wconf 86' lang='grc' dir='ltr'>μέσων</span> <span class='ocrx_word' id='word_1_516' title='bbox 2522 3597 2626 3630; x_wconf 86' lang='grc' dir='ltr'><strong>των</strong></span> <span class='ocrx_word' id='word_1_517' title='bbox 2657 3574 2880 3653; x_wconf 86' lang='grc' dir='ltr'>πρώτων</span> <span class='ocrx_word' id='word_1_518' title='bbox 2910 3579 2957 3631; x_wconf 75' lang='grc' dir='ltr'>οἱ</span> <span class='ocrx_word' id='word_1_519' title='bbox 3006 3573 3232 3653; x_wconf 85' lang='grc' dir='ltr'>δευτέροι</span> <span class='ocrx_word' id='word_1_520' title='bbox 3273 3573 3664 3647; x_wconf 68' lang='grc' dir='ltr'>ὶλλάμπονται,</span> <span class='ocrx_word' id='word_1_521' title='bbox 3713 3575 3826 3630; x_wconf 75' lang='grc' dir='ltr'><strong>ἀπὸ</strong></span> 
     </span>
    </p>
   </div>
   <div class='ocr_carea' id='block_1_74' title="bbox 427 3661 2072 3744">
    <p class='ocr_par' dir='ltr' id='par_1_74' title="bbox 427 3663 2072 3742">
     <span class='ocr_line' id='line_1_75' title="bbox 427 3663 2072 3742; baseline -0.006 -11"><span class='ocrx_word' id='word_1_522' title='bbox 427 3667 1290 3731; x_wconf 82' lang='lat' dir='ltr'><strong>misillustrentur.conﬁrmat</strong></span> <span class='ocrx_word' id='word_1_523' title='bbox 1323 3684 1356 3726; x_wconf 74' lang='grc' dir='ltr'><strong>ει</strong></span> <span class='ocrx_word' id='word_1_524' title='bbox 1402 3663 1501 3725; x_wconf 87' lang='lat' dir='ltr'><strong>div</strong></span> <span class='ocrx_word' id='word_1_525' title='bbox 1539 3665 1582 3724; x_wconf 85' lang='lat' dir='ltr'><strong>it</strong></span> <span class='ocrx_word' id='word_1_526' title='bbox 1613 3665 1663 3724; x_wconf 87' lang='lat' dir='ltr'><strong>is</strong></span> <span class='ocrx_word' id='word_1_527' title='bbox 1697 3663 2072 3742; x_wconf 74' lang='lat' dir='ltr'><strong>sacrisquepr</strong></span> 
     </span>
    </p>
   </div>
   <div class='ocr_carea' id='block_1_75' title="bbox 2157 3661 3816 3744">
    <p class='ocr_par' dir='ltr' id='par_1_75' title="bbox 2157 3661 3816 3744">
     <span class='ocr_line' id='line_1_76' title="bbox 2157 3661 3816 3744; baseline 0.001 -27"><span class='ocrx_word' id='word_1_528' title='bbox 2157 3663 2246 3719; x_wconf 78' lang='grc' dir='ltr'>τῶν</span> <span class='ocrx_word' id='word_1_529' title='bbox 2275 3664 2427 3719; x_wconf 84' lang='grc' dir='ltr'>θείων</span> <span class='ocrx_word' id='word_1_530' title='bbox 2485 3665 2573 3720; x_wconf 83' lang='grc' dir='ltr'><strong>καὶ</strong></span> <span class='ocrx_word' id='word_1_531' title='bbox 2628 3664 2783 3742; x_wconf 80' lang='grc' dir='ltr'>ἱερῶν</span> <span class='ocrx_word' id='word_1_532' title='bbox 2839 3671 3166 3744; x_wconf 81' lang='grc' dir='ltr'>προφητῶν,</span> <span class='ocrx_word' id='word_1_533' title='bbox 3240 3663 3326 3724; x_wconf 65' lang='grc' dir='ltr'><strong>οῦς</strong></span> <span class='ocrx_word' id='word_1_534' title='bbox 3385 3665 3472 3719; x_wconf 79' lang='grc' dir='ltr'><strong>καὶ</strong></span> <span class='ocrx_word' id='word_1_535' title='bbox 3526 3661 3816 3739; x_wconf 79' lang='grc' dir='ltr'>θεολόγους</span> 
     </span>
    </p>
   </div>
   <div class='ocr_carea' id='block_1_76' title="bbox 424 3750 2072 3840">
    <p class='ocr_par' dir='ltr' id='par_1_76' title="bbox 424 3754 2072 3840">
     <span class='ocr_line' id='line_1_77' title="bbox 424 3754 2072 3840; baseline -0.006 -18"><span class='ocrx_word' id='word_1_536' title='bbox 424 3760 640 3840; x_wconf 88' lang='lat' dir='ltr'><strong>phetis,</strong></span> <span class='ocrx_word' id='word_1_537' title='bbox 671 3777 818 3840; x_wconf 86' lang='lat' dir='ltr'><strong>quos</strong></span> <span class='ocrx_word' id='word_1_538' title='bbox 842 3767 900 3819; x_wconf 92' lang='lat' dir='ltr'><strong>et</strong></span> <span class='ocrx_word' id='word_1_539' title='bbox 935 3760 1239 3835; x_wconf 86' lang='lat' dir='ltr'><strong>theologos</strong></span> <span class='ocrx_word' id='word_1_540' title='bbox 1283 3763 1475 3836; x_wconf 90' lang='lat' dir='ltr'><strong>vocat,</strong></span> <span class='ocrx_word' id='word_1_541' title='bbox 1535 3763 1594 3816; x_wconf 93' lang='lat' dir='ltr'><strong>ut</strong></span> <span class='ocrx_word' id='word_1_542' title='bbox 1625 3754 1726 3834; x_wconf 91' lang='lat' dir='ltr'><strong>qui</strong></span> <span class='ocrx_word' id='word_1_543' title='bbox 1778 3770 2072 3814; x_wconf 80' lang='lat' dir='ltr'><strong>sermone:</strong></span> 
     </span>
    </p>
   </div>
   <div class='ocr_carea' id='block_1_77' title="bbox 2157 3750 3828 3840">
    <p class='ocr_par' dir='ltr' id='par_1_77' title="bbox 2173 3750 3828 3840">
     <span class='ocr_line' id='line_1_78' title="bbox 2173 3750 3828 3840; baseline -0.008 -22"><span class='ocrx_word' id='word_1_544' title='bbox 2173 3753 2356 3832; x_wconf 77' lang='grc' dir='ltr'>φησίν,</span> <span class='ocrx_word' id='word_1_545' title='bbox 2418 3753 2492 3814; x_wconf 78' lang='grc' dir='ltr'>ὡς</span> <span class='ocrx_word' id='word_1_546' title='bbox 2536 3751 2724 3830; x_wconf 78' lang='grc' dir='ltr'>λόγους</span> <span class='ocrx_word' id='word_1_547' title='bbox 2781 3753 2912 3809; x_wconf 78' lang='grc' dir='ltr'>Θεοῦ</span> <span class='ocrx_word' id='word_1_548' title='bbox 2959 3755 3095 3827; x_wconf 79' lang='grc' dir='ltr'>ἡμῖν</span> <span class='ocrx_word' id='word_1_549' title='bbox 3153 3750 3595 3840; x_wconf 50' lang='grc' dir='ltr'>ἐξαγγέλλονταςε</span> <span class='ocrx_word' id='word_1_550' title='bbox 3658 3752 3828 3829; x_wconf 69' lang='grc' dir='ltr'>Εὑρή-</span> 
     </span>
    </p>
   </div>
   <div class='ocr_carea' id='block_1_78' title="bbox 423 3839 2072 3926">
    <p class='ocr_par' dir='ltr' id='par_1_78' title="bbox 423 3839 2072 3926">
     <span class='ocr_line' id='line_1_79' title="bbox 423 3839 2072 3926; baseline -0.007 -15"><span class='ocrx_word' id='word_1_551' title='bbox 423 3839 532 3912; x_wconf 85' lang='lat' dir='ltr'><strong>Dei</strong></span> <span class='ocrx_word' id='word_1_552' title='bbox 564 3839 735 3910; x_wconf 88' lang='lat' dir='ltr'><strong>nobis</strong></span> <span class='ocrx_word' id='word_1_553' title='bbox 766 3849 1142 3910; x_wconf 88' lang='lat' dir='ltr'><strong>annuntiant.</strong></span> <span class='ocrx_word' id='word_1_554' title='bbox 1182 3847 1302 3908; x_wconf 84' lang='lat' dir='ltr'><strong>lloc</strong></span> <span class='ocrx_word' id='word_1_555' title='bbox 1335 3844 1816 3926; x_wconf 83' lang='lat' dir='ltr'><strong>utique,inquit,a</strong></span> <span class='ocrx_word' id='word_1_556' title='bbox 1853 3841 2072 3904; x_wconf 91' lang='lat' dir='ltr'><strong>theolo-</strong></span> 
     </span>
    </p>
   </div>
   <div class='ocr_carea' id='block_1_79' title="bbox 2157 3839 3831 3926">
    <p class='ocr_par' dir='ltr' id='par_1_79' title="bbox 2172 3839 3831 3918">
     <span class='ocr_line' id='line_1_80' title="bbox 2172 3839 3831 3918; baseline 0.002 -22"><span class='ocrx_word' id='word_1_557' title='bbox 2172 3862 2281 3905; x_wconf 88' lang='grc' dir='ltr'>σεις</span> <span class='ocrx_word' id='word_1_558' title='bbox 2336 3848 2482 3918; x_wconf 81' lang='grc' dir='ltr'>γοῦν,</span> <span class='ocrx_word' id='word_1_559' title='bbox 2547 3841 2718 3918; x_wconf 77' lang='grc' dir='ltr'>).έγεῖ,</span> <span class='ocrx_word' id='word_1_560' title='bbox 2772 3848 2928 3898; x_wconf 84' lang='grc' dir='ltr'>τοῦτο</span> <span class='ocrx_word' id='word_1_561' title='bbox 2987 3840 3314 3916; x_wconf 86' lang='grc' dir='ltr'>δηλούμενον</span> <span class='ocrx_word' id='word_1_562' title='bbox 3356 3855 3472 3906; x_wconf 82' lang='grc' dir='ltr'>τοῖς</span> <span class='ocrx_word' id='word_1_563' title='bbox 3498 3839 3772 3918; x_wconf 83' lang='grc' dir='ltr'>θεολόγοις</span> <span class='ocrx_word' id='word_1_564' title='bbox 3814 3885 3831 3900; x_wconf 95' lang='grc'><strong>.</strong></span> 
     </span>
    </p>
   </div>
   <div class='ocr_carea' id='block_1_80' title="bbox 425 3929 2072 4016">
    <p class='ocr_par' dir='ltr' id='par_1_80' title="bbox 425 3932 2072 4016">
     <span class='ocr_line' id='line_1_81' title="bbox 425 3932 2072 4016; baseline -0.004 -17"><span class='ocrx_word' id='word_1_565' title='bbox 425 3939 515 4016; x_wconf 86' lang='lat' dir='ltr'><strong>gis</strong></span> <span class='ocrx_word' id='word_1_566' title='bbox 549 3955 892 4016; x_wconf 87' lang='lat' dir='ltr'><strong>expressum</strong></span> <span class='ocrx_word' id='word_1_567' title='bbox 925 3936 1214 4015; x_wconf 87' lang='lat' dir='ltr'><strong>reperias;</strong></span> <span class='ocrx_word' id='word_1_568' title='bbox 1261 3954 1330 3996; x_wconf 88' lang='lat' dir='ltr'><strong>ac</strong></span> <span class='ocrx_word' id='word_1_569' title='bbox 1389 3934 1647 4014; x_wconf 91' lang='lat' dir='ltr'><strong>primum</strong></span> <span class='ocrx_word' id='word_1_570' title='bbox 1681 3953 1714 3995; x_wconf 87' lang='lat' dir='ltr'><strong>a</strong></span> <span class='ocrx_word' id='word_1_571' title='bbox 1745 3932 2029 3995; x_wconf 88' lang='lat' dir='ltr'><strong>Zacharia</strong></span> <span class='ocrx_word' id='word_1_572' title='bbox 2062 3939 2072 3984; x_wconf 74' lang='grc' dir='ltr'><strong><em>ὲ</em></strong></span> 
     </span>
    </p>
   </div>
   <div class='ocr_carea' id='block_1_81' title="bbox 2157 3929 3832 4016">
    <p class='ocr_par' dir='ltr' id='par_1_81' title="bbox 2171 3929 3832 4010">
     <span class='ocr_line' id='line_1_82' title="bbox 2171 3929 3832 4010; baseline 0 -25"><span class='ocrx_word' id='word_1_573' title='bbox 2171 3933 2253 3986; x_wconf 75' lang='grc' dir='ltr'><strong>καὶ</strong></span> <span class='ocrx_word' id='word_1_574' title='bbox 2307 3937 2516 4009; x_wconf 86' lang='grc' dir='ltr'>πρῶτον</span> <span class='ocrx_word' id='word_1_575' title='bbox 2567 3931 2642 4006; x_wconf 80' lang='grc' dir='ltr'>τῷ</span> <span class='ocrx_word' id='word_1_576' title='bbox 2688 3934 2924 4010; x_wconf 69' lang='grc' dir='ltr'>Ζαχαρία</span> <span class='ocrx_word' id='word_1_577' title='bbox 2950 3951 2965 3966; x_wconf 80' lang='lat'><strong><em>°</em></strong></span> <span class='ocrx_word' id='word_1_578' title='bbox 3015 3931 3172 4000; x_wconf 79' lang='grc' dir='ltr'>ἡνίκα</span> <span class='ocrx_word' id='word_1_579' title='bbox 3217 3932 3318 4008; x_wconf 74' lang='grc' dir='ltr'>γὰρ</span> <span class='ocrx_word' id='word_1_580' title='bbox 3387 3929 3538 3998; x_wconf 66' lang='grc' dir='ltr'><strong>θιτοῦ</strong></span> <span class='ocrx_word' id='word_1_581' title='bbox 3569 3930 3702 3988; x_wconf 79' lang='grc' dir='ltr'>Θεοῦ</span> <span class='ocrx_word' id='word_1_582' title='bbox 3729 3955 3832 4008; x_wconf 81' lang='grc' dir='ltr'>φι-</span> 
     </span>
    </p>
   </div>
   <div class='ocr_carea' id='block_1_82' title="bbox 423 4017 2072 4102">
    <p class='ocr_par' dir='ltr' id='par_1_82' title="bbox 423 4022 2071 4102">
     <span class='ocr_line' id='line_1_83' title="bbox 423 4022 2071 4102; baseline -0.004 -15"><span class='ocrx_word' id='word_1_583' title='bbox 423 4044 557 4086; x_wconf 92' lang='lat' dir='ltr'><strong>cum</strong></span> <span class='ocrx_word' id='word_1_584' title='bbox 589 4025 751 4087; x_wconf 85' lang='lat' dir='ltr'><strong>enim</strong></span> <span class='ocrx_word' id='word_1_585' title='bbox 779 4025 882 4085; x_wconf 90' lang='lat' dir='ltr'><strong>Dei</strong></span> <span class='ocrx_word' id='word_1_586' title='bbox 919 4023 1235 4085; x_wconf 86' lang='lat' dir='ltr'><strong>clementia</strong></span> <span class='ocrx_word' id='word_1_587' title='bbox 1258 4023 1418 4102; x_wconf 87' lang='lat' dir='ltr'><strong>(nam</strong></span> <span class='ocrx_word' id='word_1_588' title='bbox 1455 4022 1554 4083; x_wconf 85' lang='lat' dir='ltr'><strong>Det</strong></span> <span class='ocrx_word' id='word_1_589' title='bbox 1577 4022 1806 4102; x_wconf 89' lang='lat' dir='ltr'><strong>punitio</strong></span> <span class='ocrx_word' id='word_1_590' title='bbox 1832 4038 2071 4102; x_wconf 88' lang='lat' dir='ltr'><strong>quoque</strong></span> 
     </span>
    </p>
   </div>
   <div class='ocr_carea' id='block_1_83' title="bbox 2157 4017 3836 4102">
    <p class='ocr_par' dir='ltr' id='par_1_83' title="bbox 2169 4017 3836 4100">
     <span class='ocr_line' id='line_1_84' title="bbox 2169 4017 3836 4100; baseline 0.001 -26"><span class='ocrx_word' id='word_1_591' title='bbox 2169 4017 2495 4100; x_wconf 71' lang='grc' dir='ltr'>λανθρωπία,</span> <span class='ocrx_word' id='word_1_592' title='bbox 2555 4018 2611 4088; x_wconf 79' lang='grc' dir='ltr'><strong>(ἡ</strong></span> <span class='ocrx_word' id='word_1_593' title='bbox 2671 4021 2769 4098; x_wconf 78' lang='grc' dir='ltr'>γὰρ</span> <span class='ocrx_word' id='word_1_594' title='bbox 2830 4028 2922 4078; x_wconf 79' lang='grc' dir='ltr'><strong>τοῦ</strong></span> <span class='ocrx_word' id='word_1_595' title='bbox 2980 4028 3112 4080; x_wconf 83' lang='grc' dir='ltr'>Θεοῦ</span> <span class='ocrx_word' id='word_1_596' title='bbox 3169 4021 3396 4099; x_wconf 80' lang='grc' dir='ltr'>τιμωρία</span> <span class='ocrx_word' id='word_1_597' title='bbox 3467 4017 3836 4098; x_wconf 69' lang='grc' dir='ltr'>φιλανθρωπία</span> 
     </span>
    </p>
   </div>
   <div class='ocr_carea' id='block_1_84' title="bbox 423 4111 2072 4191">
    <p class='ocr_par' dir='ltr' id='par_1_84' title="bbox 423 4111 2072 4191">
     <span class='ocr_line' id='line_1_85' title="bbox 423 4111 2072 4191; baseline -0.002 -17"><span class='ocrx_word' id='word_1_598' title='bbox 423 4114 738 4175; x_wconf 86' lang='lat' dir='ltr'><strong>clementia</strong></span> <span class='ocrx_word' id='word_1_599' title='bbox 768 4121 879 4177; x_wconf 87' lang='lat' dir='ltr'><strong>est.</strong></span> <span class='ocrx_word' id='word_1_600' title='bbox 908 4113 1080 4191; x_wconf 85' lang='lat' dir='ltr'><strong>juxta</strong></span> <span class='ocrx_word' id='word_1_601' title='bbox 1112 4111 1280 4186; x_wconf 88' lang='lat' dir='ltr'><strong>illud,</strong></span> <span class='ocrx_word' id='word_1_602' title='bbox 1300 4120 1542 4191; x_wconf 87' lang='lat' dir='ltr'><strong>paterna</strong></span> <span class='ocrx_word' id='word_1_603' title='bbox 1566 4113 1742 4173; x_wconf 85' lang='lat' dir='ltr'><strong>etiam</strong></span> <span class='ocrx_word' id='word_1_604' title='bbox 1777 4112 2072 4172; x_wconf 86' lang='lat' dir='ltr'><strong>correctio</strong></span> 
     </span>
    </p>
   </div>
   <div class='ocr_carea' id='block_1_85' title="bbox 424 4198 2075 4280">
    <p class='ocr_par' dir='ltr' id='par_1_85' title="bbox 424 4198 2075 4280">
     <span class='ocr_line' id='line_1_86' title="bbox 424 4198 2075 4280; baseline -0.001 -17"><span class='ocrx_word' id='word_1_605' title='bbox 424 4201 759 4280; x_wconf 84' lang='lat' dir='ltr'><strong>benignitas</strong></span> <span class='ocrx_word' id='word_1_606' title='bbox 790 4201 1021 4262; x_wconf 82' lang='lat' dir='ltr'><strong>exsistit</strong></span> <span class='ocrx_word' id='word_1_607' title='bbox 1055 4220 1071 4276; x_wconf 90' lang='lat'><strong>;</strong></span> <span class='ocrx_word' id='word_1_608' title='bbox 1097 4199 1374 4280; x_wconf 91' lang='lat' dir='ltr'><strong>quoniam</strong></span> <span class='ocrx_word' id='word_1_609' title='bbox 1405 4200 1587 4260; x_wconf 85' lang='lat' dir='ltr'><strong>instar</strong></span> <span class='ocrx_word' id='word_1_610' title='bbox 1609 4199 1790 4280; x_wconf 83' lang='lat' dir='ltr'><strong>patris</strong></span> <span class='ocrx_word' id='word_1_611' title='bbox 1822 4198 2075 4262; x_wconf 79' lang='lat' dir='ltr'><strong>deduxit</strong></span> 
     </span>
    </p>
   </div>
   <div class='ocr_carea' id='block_1_86' title="bbox 421 4287 2075 4370">
    <p class='ocr_par' dir='ltr' id='par_1_86' title="bbox 421 4287 2075 4370">
     <span class='ocr_line' id='line_1_87' title="bbox 421 4287 2075 4370; baseline -0.002 -18"><span class='ocrx_word' id='word_1_612' title='bbox 421 4311 490 4354; x_wconf 90' lang='lat' dir='ltr'><strong>ac</strong></span> <span class='ocrx_word' id='word_1_613' title='bbox 539 4287 751 4352; x_wconf 87' lang='lat' dir='ltr'><strong>direxit</strong></span> <span class='ocrx_word' id='word_1_614' title='bbox 779 4289 989 4370; x_wconf 85' lang='lat' dir='ltr'><strong>Israel,</strong></span> <span class='ocrx_word' id='word_1_615' title='bbox 1013 4289 1367 4368; x_wconf 84' lang='lat' dir='ltr'><strong>quandoque</strong></span> <span class='ocrx_word' id='word_1_616' title='bbox 1389 4289 1626 4369; x_wconf 87' lang='lat' dir='ltr'><strong>quidem</strong></span> <span class='ocrx_word' id='word_1_617' title='bbox 1665 4288 2075 4368; x_wconf 86' lang='lat' dir='ltr'><strong>promissioni-</strong></span> 
     </span>
    </p>
   </div>
   <div class='ocr_carea' id='block_1_87' title="bbox 423 4377 2071 4460">
    <p class='ocr_par' dir='ltr' id='par_1_87' title="bbox 423 4377 2071 4460">
     <span class='ocr_line' id='line_1_88' title="bbox 423 4377 2071 4460; baseline -0.004 -18"><span class='ocrx_word' id='word_1_618' title='bbox 423 4381 531 4443; x_wconf 86' lang='lat' dir='ltr'><strong>hus</strong></span> <span class='ocrx_word' id='word_1_619' title='bbox 555 4379 1387 4460; x_wconf 88' lang='lat' dir='ltr'><strong>bonorum,quandoquevero</strong></span> <span class='ocrx_word' id='word_1_620' title='bbox 1408 4378 1584 4438; x_wconf 89' lang='lat' dir='ltr'><strong>minis</strong></span> <span class='ocrx_word' id='word_1_621' title='bbox 1614 4396 1682 4440; x_wconf 91' lang='lat' dir='ltr'><strong>ac</strong></span> <span class='ocrx_word' id='word_1_622' title='bbox 1711 4377 2071 4458; x_wconf 86' lang='lat' dir='ltr'><strong>suppliciis),</strong></span> 
     </span>
    </p>
   </div>
   <div class='ocr_carea' id='block_1_88' title="bbox 425 4466 2078 4552">
    <p class='ocr_par' dir='ltr' id='par_1_88' title="bbox 425 4466 2078 4552">
     <span class='ocr_line' id='line_1_89' title="bbox 425 4466 2078 4552; baseline -0.001 -23"><span class='ocrx_word' id='word_1_623' title='bbox 425 4470 968 4552; x_wconf 87' lang='lat' dir='ltr'><strong>quando,inquam,</strong></span> <span class='ocrx_word' id='word_1_624' title='bbox 1003 4467 1110 4531; x_wconf 91' lang='lat' dir='ltr'><strong>Dei</strong></span> <span class='ocrx_word' id='word_1_625' title='bbox 1139 4467 1456 4528; x_wconf 90' lang='lat' dir='ltr'><strong>clementia</strong></span> <span class='ocrx_word' id='word_1_626' title='bbox 1488 4467 1762 4530; x_wconf 89' lang='lat' dir='ltr'><strong>lsraelem</strong></span> <span class='ocrx_word' id='word_1_627' title='bbox 1797 4466 2078 4528; x_wconf 90' lang='lat' dir='ltr'><strong>erudiens</strong></span> 
     </span>
    </p>
   </div>
   <div class='ocr_carea' id='block_1_89' title="bbox 429 4557 2074 4640">
    <p class='ocr_par' dir='ltr' id='par_1_89' title="bbox 429 4557 2074 4640">
     <span class='ocr_line' id='line_1_90' title="bbox 429 4557 2074 4640; baseline -0.004 -18"><span class='ocrx_word' id='word_1_628' title='bbox 429 4578 536 4640; x_wconf 88' lang='lat' dir='ltr'><strong>per</strong></span> <span class='ocrx_word' id='word_1_629' title='bbox 591 4560 988 4640; x_wconf 83' lang='lat' dir='ltr'><strong>captivitatem</strong></span> <span class='ocrx_word' id='word_1_630' title='bbox 1026 4557 1484 4636; x_wconf 78' lang='lat' dir='ltr'><strong>Babyloniorum</strong></span> <span class='ocrx_word' id='word_1_631' title='bbox 1527 4558 1668 4632; x_wconf 91' lang='lat' dir='ltr'><strong>(hoc</strong></span> <span class='ocrx_word' id='word_1_632' title='bbox 1713 4565 1910 4618; x_wconf 88' lang='lat' dir='ltr'><strong>autem</strong></span> <span class='ocrx_word' id='word_1_633' title='bbox 1969 4574 2074 4636; x_wconf 89' lang='lat' dir='ltr'><strong>pro</strong></span> 
     </span>
    </p>
   </div>
   <div class='ocr_carea' id='block_1_90' title="bbox 2158 4107 3834 4188">
    <p class='ocr_par' dir='ltr' id='par_1_90' title="bbox 2158 4107 3834 4188">
     <span class='ocr_line' id='line_1_91' title="bbox 2158 4107 3834 4188; baseline 0 -24"><span class='ocrx_word' id='word_1_634' title='bbox 2158 4108 2290 4182; x_wconf 75' lang='grc' dir='ltr'>ἐστὶ,</span> <span class='ocrx_word' id='word_1_635' title='bbox 2339 4110 2474 4165; x_wconf 61' lang='grc' dir='ltr'>κατὰ</span> <span class='ocrx_word' id='word_1_636' title='bbox 2529 4111 2613 4184; x_wconf 80' lang='grc' dir='ltr'>τὸ,</span> <span class='ocrx_word' id='word_1_637' title='bbox 2675 4111 2877 4166; x_wconf 82' lang='grc' dir='ltr'>Γίνεται</span> <span class='ocrx_word' id='word_1_638' title='bbox 2929 4108 3349 4188; x_wconf 84' lang='grc' dir='ltr'>φιλανθρωπίαῆ</span> <span class='ocrx_word' id='word_1_639' title='bbox 3395 4107 3622 4185; x_wconf 87' lang='grc' dir='ltr'>τιμωρία</span> <span class='ocrx_word' id='word_1_640' title='bbox 3650 4111 3688 4175; x_wconf 73' lang='grc' dir='ltr'><strong>ὴ</strong></span> <span class='ocrx_word' id='word_1_641' title='bbox 3720 4131 3834 4164; x_wconf 82' lang='grc' dir='ltr'>πα-</span> 
     </span>
    </p>
   </div>
   <div class='ocr_carea' id='block_1_91' title="bbox 2157 4196 3832 4276">
    <p class='ocr_par' dir='ltr' id='par_1_91' title="bbox 2157 4196 3832 4276">
     <span class='ocr_line' id='line_1_92' title="bbox 2157 4196 3832 4276; baseline 0.001 -24"><span class='ocrx_word' id='word_1_642' title='bbox 2157 4199 2311 4272; x_wconf 66' lang='grc' dir='ltr'>τρική</span> <span class='ocrx_word' id='word_1_643' title='bbox 2347 4213 2362 4229; x_wconf 82' lang='grc'><strong>⁸</strong></span> <span class='ocrx_word' id='word_1_644' title='bbox 2410 4199 2482 4261; x_wconf 82' lang='grc' dir='ltr'>ὡς</span> <span class='ocrx_word' id='word_1_645' title='bbox 2547 4200 2647 4276; x_wconf 77' lang='grc' dir='ltr'>γὰρ</span> <span class='ocrx_word' id='word_1_646' title='bbox 2705 4199 2883 4276; x_wconf 73' lang='grc' dir='ltr'>πατὴρ</span> <span class='ocrx_word' id='word_1_647' title='bbox 2937 4199 3098 4276; x_wconf 78' lang='grc' dir='ltr'>ἐνῆγε</span> <span class='ocrx_word' id='word_1_648' title='bbox 3165 4200 3252 4255; x_wconf 82' lang='grc' dir='ltr'>καί</span> <span class='ocrx_word' id='word_1_649' title='bbox 3313 4196 3674 4274; x_wconf 75' lang='grc' dir='ltr'>ἐπαιδαγώγει</span> <span class='ocrx_word' id='word_1_650' title='bbox 3727 4199 3832 4254; x_wconf 82' lang='grc' dir='ltr'>τὸν</span> 
     </span>
    </p>
   </div>
   <div class='ocr_carea' id='block_1_92' title="bbox 2162 4279 3835 4366">
    <p class='ocr_par' dir='ltr' id='par_1_92' title="bbox 2162 4279 3835 4366">
     <span class='ocr_line' id='line_1_93' title="bbox 2162 4279 3835 4366; baseline -0.002 -22"><span class='ocrx_word' id='word_1_651' title='bbox 2162 4279 2396 4363; x_wconf 76' lang='grc' dir='ltr'>Ἰσραὴλ,</span> <span class='ocrx_word' id='word_1_652' title='bbox 2431 4296 2535 4345; x_wconf 87' lang='grc' dir='ltr'><strong>ποῦ</strong></span> <span class='ocrx_word' id='word_1_653' title='bbox 2578 4289 2676 4362; x_wconf 73' lang='grc' dir='ltr'>μὲν</span> <span class='ocrx_word' id='word_1_654' title='bbox 2731 4285 2798 4343; x_wconf 85' lang='grc' dir='ltr'>δι’</span> <span class='ocrx_word' id='word_1_655' title='bbox 2850 4287 3192 4366; x_wconf 80' lang='grc' dir='ltr'>ἐπαγγελιῶν</span> <span class='ocrx_word' id='word_1_656' title='bbox 3223 4293 3328 4344; x_wconf 86' lang='grc' dir='ltr'><strong>τῶν</strong></span> <span class='ocrx_word' id='word_1_657' title='bbox 3370 4287 3608 4365; x_wconf 80' lang='grc' dir='ltr'>ἀγαθῶν,</span> <span class='ocrx_word' id='word_1_658' title='bbox 3639 4285 3742 4343; x_wconf 78' lang='grc' dir='ltr'>ποῦ</span> <span class='ocrx_word' id='word_1_659' title='bbox 3775 4285 3835 4342; x_wconf 69' lang='grc' dir='ltr'>δὲ</span> 
     </span>
    </p>
   </div>
   <div class='ocr_carea' id='block_1_93' title="bbox 2157 4374 3836 4454">
    <p class='ocr_par' dir='ltr' id='par_1_93' title="bbox 2157 4374 3836 4454">
     <span class='ocr_line' id='line_1_94' title="bbox 2157 4374 3836 4454; baseline 0.001 -23"><span class='ocrx_word' id='word_1_660' title='bbox 2157 4375 2224 4431; x_wconf 86' lang='grc' dir='ltr'>δι’</span> <span class='ocrx_word' id='word_1_661' title='bbox 2270 4374 2508 4432; x_wconf 80' lang='grc' dir='ltr'>ἀπειλῶν</span> <span class='ocrx_word' id='word_1_662' title='bbox 2567 4378 2654 4433; x_wconf 77' lang='grc' dir='ltr'><strong>καὶ</strong></span> <span class='ocrx_word' id='word_1_663' title='bbox 2707 4383 2982 4454; x_wconf 86' lang='grc' dir='ltr'>τιμωριῶν</span> <span class='ocrx_word' id='word_1_664' title='bbox 3030 4379 3249 4450; x_wconf 72' lang='grc' dir='ltr'>ἡνίκα</span> <span class='ocrx_word' id='word_1_665' title='bbox 3304 4383 3431 4454; x_wconf 82' lang='grc' dir='ltr'>γοῦν</span> <span class='ocrx_word' id='word_1_666' title='bbox 3491 4377 3521 4444; x_wconf 75' lang='grc' dir='ltr'>ἡ</span> <span class='ocrx_word' id='word_1_667' title='bbox 3566 4385 3656 4434; x_wconf 88' lang='grc' dir='ltr'><strong>τοῦ</strong></span> <span class='ocrx_word' id='word_1_668' title='bbox 3698 4383 3836 4433; x_wconf 81' lang='grc' dir='ltr'>Θεοῦ</span> 
     </span>
    </p>
   </div>
   <div class='ocr_carea' id='block_1_94' title="bbox 2159 4463 3834 4544">
    <p class='ocr_par' dir='ltr' id='par_1_94' title="bbox 2159 4463 3834 4544">
     <span class='ocr_line' id='line_1_95' title="bbox 2159 4463 3834 4544; baseline 0.002 -26"><span class='ocrx_word' id='word_1_669' title='bbox 2159 4465 2521 4542; x_wconf 77' lang='grc' dir='ltr'>φιλανθρωπία</span> <span class='ocrx_word' id='word_1_670' title='bbox 2574 4468 2669 4522; x_wconf 80' lang='grc' dir='ltr'>τὸν</span> <span class='ocrx_word' id='word_1_671' title='bbox 2702 4465 2919 4544; x_wconf 69' lang='grc' dir='ltr'>Ἰσραὴλ</span> <span class='ocrx_word' id='word_1_672' title='bbox 2970 4465 3297 4524; x_wconf 82' lang='grc' dir='ltr'>παιδεύσασα</span> <span class='ocrx_word' id='word_1_673' title='bbox 3339 4464 3408 4522; x_wconf 85' lang='grc' dir='ltr'>δι’</span> <span class='ocrx_word' id='word_1_674' title='bbox 3453 4463 3834 4544; x_wconf 77' lang='grc' dir='ltr'>αἷγμαλωσίας</span> 
     </span>
    </p>
   </div>
   <div class='ocr_carea' id='block_1_95' title="bbox 2159 4553 3834 4636">
    <p class='ocr_par' dir='ltr' id='par_1_95' title="bbox 2159 4553 3834 4636">
     <span class='ocr_line' id='line_1_96' title="bbox 2159 4553 3834 4636; baseline 0.002 -28"><span class='ocrx_word' id='word_1_675' title='bbox 2159 4556 2264 4609; x_wconf 77' lang='grc' dir='ltr'><strong>τῶν</strong></span> <span class='ocrx_word' id='word_1_676' title='bbox 2312 4553 2679 4632; x_wconf 77' lang='grc' dir='ltr'>Βαϐυλωνίων,</span> <span class='ocrx_word' id='word_1_677' title='bbox 2739 4557 2925 4636; x_wconf 79' lang='grc' dir='ltr'>(τοῦτο</span> <span class='ocrx_word' id='word_1_678' title='bbox 2987 4555 3042 4612; x_wconf 75' lang='grc' dir='ltr'>δὲ</span> <span class='ocrx_word' id='word_1_679' title='bbox 3097 4557 3317 4634; x_wconf 87' lang='grc' dir='ltr'>γέγονεν</span> <span class='ocrx_word' id='word_1_680' title='bbox 3342 4556 3472 4633; x_wconf 71' lang='grc' dir='ltr'>ὑπὲρ</span> <span class='ocrx_word' id='word_1_681' title='bbox 3527 4557 3623 4620; x_wconf 80' lang='grc' dir='ltr'>τῆς</span> <span class='ocrx_word' id='word_1_682' title='bbox 3683 4558 3834 4630; x_wconf 72' lang='grc' dir='ltr'>ἱερᾶς</span> 
     </span>
    </p>
   </div>
   <div class='ocr_carea' id='block_1_96' title="bbox 427 4644 2072 4728">
    <p class='ocr_par' dir='ltr' id='par_1_96' title="bbox 427 4645 2072 4728">
     <span class='ocr_line' id='line_1_97' title="bbox 427 4645 2072 4728; baseline -0.002 -18"><span class='ocrx_word' id='word_1_683' title='bbox 427 4668 595 4712; x_wconf 83' lang='lat' dir='ltr'><strong>sacra</strong></span> <span class='ocrx_word' id='word_1_684' title='bbox 619 4651 752 4728; x_wconf 84' lang='lat' dir='ltr'><strong>ejus</strong></span> <span class='ocrx_word' id='word_1_685' title='bbox 801 4652 990 4710; x_wconf 81' lang='lat' dir='ltr'><strong>salute</strong></span> <span class='ocrx_word' id='word_1_686' title='bbox 1047 4647 1294 4725; x_wconf 84' lang='lat' dir='ltr'><strong>contigit</strong></span> <span class='ocrx_word' id='word_1_687' title='bbox 1329 4646 1565 4720; x_wconf 85' lang='lat' dir='ltr'><strong>;omnis</strong></span> <span class='ocrx_word' id='word_1_688' title='bbox 1613 4645 1776 4708; x_wconf 92' lang='lat' dir='ltr'><strong>enim</strong></span> <span class='ocrx_word' id='word_1_689' title='bbox 1833 4647 1990 4706; x_wconf 87' lang='lat' dir='ltr'><strong>salus</strong></span> <span class='ocrx_word' id='word_1_690' title='bbox 2043 4663 2072 4706; x_wconf 90' lang='lat' dir='ltr'><strong>a</strong></span> 
     </span>
    </p>
   </div>
   <div class='ocr_carea' id='block_1_97' title="bbox 2157 4644 3834 4728">
    <p class='ocr_par' dir='ltr' id='par_1_97' title="bbox 2165 4644 3834 4723">
     <span class='ocr_line' id='line_1_98' title="bbox 2165 4644 3834 4723; baseline 0.001 -24"><span class='ocrx_word' id='word_1_691' title='bbox 2165 4644 2318 4701; x_wconf 69' lang='grc' dir='ltr'>αυτοῦ</span> <span class='ocrx_word' id='word_1_692' title='bbox 2379 4645 2644 4721; x_wconf 86' lang='grc' dir='ltr'>σωτηρίας</span> <span class='ocrx_word' id='word_1_693' title='bbox 2681 4661 2695 4676; x_wconf 82' lang='grc'><strong><em>⁸</em></strong></span> <span class='ocrx_word' id='word_1_694' title='bbox 2751 4651 2896 4702; x_wconf 82' lang='grc' dir='ltr'>πᾶσα</span> <span class='ocrx_word' id='word_1_695' title='bbox 2926 4646 3026 4722; x_wconf 81' lang='grc' dir='ltr'><strong>γὰρ</strong></span> <span class='ocrx_word' id='word_1_696' title='bbox 3083 4646 3319 4723; x_wconf 87' lang='grc' dir='ltr'>σωτηρία</span> <span class='ocrx_word' id='word_1_697' title='bbox 3362 4645 3504 4722; x_wconf 83' lang='grc' dir='ltr'>παρᾶ</span> <span class='ocrx_word' id='word_1_698' title='bbox 3547 4650 3677 4700; x_wconf 81' lang='grc' dir='ltr'>Θεοῦ</span> <span class='ocrx_word' id='word_1_699' title='bbox 3709 4644 3834 4710; x_wconf 74' lang='grc' dir='ltr'>ἱερά</span> 
     </span>
    </p>
   </div>
   <div class='ocr_carea' id='block_1_98' title="bbox 430 4714 2072 4818">
    <p class='ocr_par' dir='ltr' id='par_1_98' title="bbox 430 4714 2070 4818">
     <span class='ocr_line' id='line_1_99' title="bbox 430 4714 2070 4818; baseline -0.002 -18"><span class='ocrx_word' id='word_1_700' title='bbox 430 4738 552 4801; x_wconf 88' lang='lat' dir='ltr'><strong>Deo</strong></span> <span class='ocrx_word' id='word_1_701' title='bbox 581 4714 750 4800; x_wconf 67' lang='lat' dir='ltr'><strong>sacra</strong></span> <span class='ocrx_word' id='word_1_702' title='bbox 779 4748 890 4818; x_wconf 90' lang='lat' dir='ltr'><strong>est,</strong></span> <span class='ocrx_word' id='word_1_703' title='bbox 914 4737 1053 4817; x_wconf 84' lang='lat' dir='ltr'><strong>quia</strong></span> <span class='ocrx_word' id='word_1_704' title='bbox 1081 4755 1194 4796; x_wconf 88' lang='lat' dir='ltr'><strong>non</strong></span> <span class='ocrx_word' id='word_1_705' title='bbox 1212 4714 1442 4796; x_wconf 65' lang='lat' dir='ltr'><strong>tantum</strong></span> <span class='ocrx_word' id='word_1_706' title='bbox 1469 4753 1691 4815; x_wconf 85' lang='lat' dir='ltr'><strong>corpus</strong></span> <span class='ocrx_word' id='word_1_707' title='bbox 1719 4745 1934 4815; x_wconf 87' lang='lat' dir='ltr'><strong>servat,</strong></span> <span class='ocrx_word' id='word_1_708' title='bbox 1966 4736 2070 4796; x_wconf 92' lang='lat' dir='ltr'><strong>sed</strong></span> 
     </span>
    </p>
   </div>
   <div class='ocr_carea' id='block_1_99' title="bbox 2157 4714 3832 4818">
    <p class='ocr_par' dir='ltr' id='par_1_99' title="bbox 2159 4731 3832 4814">
     <span class='ocr_line' id='line_1_100' title="bbox 2159 4731 3832 4814; baseline 0.002 -26"><span class='ocrx_word' id='word_1_709' title='bbox 2159 4733 2323 4812; x_wconf 83' lang='grc' dir='ltr'>ἐστιν,</span> <span class='ocrx_word' id='word_1_710' title='bbox 2357 4731 2438 4788; x_wconf 79' lang='grc' dir='ltr'><strong>ὅτι</strong></span> <span class='ocrx_word' id='word_1_711' title='bbox 2483 4735 2586 4813; x_wconf 66' lang='grc' dir='ltr'><strong>οἰχ</strong></span> <span class='ocrx_word' id='word_1_712' title='bbox 2619 4733 2802 4797; x_wconf 81' lang='grc' dir='ltr'>ἁπλῶς</span> <span class='ocrx_word' id='word_1_713' title='bbox 2864 4739 3024 4808; x_wconf 89' lang='grc' dir='ltr'>σῶμα</span> <span class='ocrx_word' id='word_1_714' title='bbox 3068 4735 3251 4810; x_wconf 80' lang='grc' dir='ltr'>σώζει,</span> <span class='ocrx_word' id='word_1_715' title='bbox 3298 4731 3434 4789; x_wconf 66' lang='grc' dir='ltr'>ἄλλα</span> <span class='ocrx_word' id='word_1_716' title='bbox 3468 4733 3558 4790; x_wconf 78' lang='grc' dir='ltr'>καὶ</span> <span class='ocrx_word' id='word_1_717' title='bbox 3586 4734 3832 4814; x_wconf 71' lang='grc' dir='ltr'><strong>ψυχήν.)</strong></span> 
     </span>
    </p>
   </div>
   <div class='ocr_carea' id='block_1_100' title="bbox 427 4825 2071 4907">
    <p class='ocr_par' dir='ltr' id='par_1_100' title="bbox 427 4825 2071 4907">
     <span class='ocr_line' id='line_1_101' title="bbox 427 4825 2071 4907; baseline -0.001 -18"><span class='ocrx_word' id='word_1_718' title='bbox 427 4828 604 4890; x_wconf 90' lang='lat' dir='ltr'><strong>etiam</strong></span> <span class='ocrx_word' id='word_1_719' title='bbox 636 4828 919 4907; x_wconf 88' lang='lat' dir='ltr'><strong>animam)</strong></span> <span class='ocrx_word' id='word_1_720' title='bbox 946 4835 1008 4886; x_wconf 92' lang='lat' dir='ltr'><strong>ut</strong></span> <span class='ocrx_word' id='word_1_721' title='bbox 1037 4825 1108 4886; x_wconf 90' lang='lat' dir='ltr'><strong>ad</strong></span> <span class='ocrx_word' id='word_1_722' title='bbox 1143 4827 1482 4887; x_wconf 89' lang='lat' dir='ltr'><strong>Creatorem</strong></span> <span class='ocrx_word' id='word_1_723' title='bbox 1529 4825 1722 4904; x_wconf 85' lang='lat' dir='ltr'><strong>ipsum</strong></span> <span class='ocrx_word' id='word_1_724' title='bbox 1756 4833 2071 4887; x_wconf 86' lang='lat' dir='ltr'><strong>converte-</strong></span> 
     </span>
    </p>
   </div>
   <div class='ocr_carea' id='block_1_101' title="bbox 428 4923 2074 5002">
    <p class='ocr_par' dir='ltr' id='par_1_101' title="bbox 428 4923 2074 5002">
     <span class='ocr_line' id='line_1_102' title="bbox 428 4923 2074 5002; baseline -0.001 -16"><span class='ocrx_word' id='word_1_725' title='bbox 428 4934 540 4998; x_wconf 83' lang='lat' dir='ltr'><strong>ret,</strong></span> <span class='ocrx_word' id='word_1_726' title='bbox 573 4925 884 4985; x_wconf 88' lang='lat' dir='ltr'><strong>ultricibus</strong></span> <span class='ocrx_word' id='word_1_727' title='bbox 925 4943 992 4986; x_wconf 87' lang='lat' dir='ltr'><strong>ac</strong></span> <span class='ocrx_word' id='word_1_728' title='bbox 1024 4924 1168 4985; x_wconf 92' lang='lat' dir='ltr'><strong>feris</strong></span> <span class='ocrx_word' id='word_1_729' title='bbox 1197 4923 1475 5000; x_wconf 81' lang='lat' dir='ltr'><strong>gentibus</strong></span> <span class='ocrx_word' id='word_1_730' title='bbox 1497 4923 1740 4986; x_wconf 90' lang='lat' dir='ltr'><strong>tradidit</strong></span> <span class='ocrx_word' id='word_1_731' title='bbox 1761 4924 2074 5002; x_wconf 85' lang='lat' dir='ltr'><strong>corrigen-</strong></span> 
     </span>
    </p>
   </div>
   <div class='ocr_carea' id='block_1_102' title="bbox 430 5022 2075 5101">
    <p class='ocr_par' dir='ltr' id='par_1_102' title="bbox 430 5022 2075 5101">
     <span class='ocr_line' id='line_1_103' title="bbox 430 5022 2075 5101; baseline -0.001 -16"><span class='ocrx_word' id='word_1_732' title='bbox 430 5023 570 5085; x_wconf 89' lang='lat' dir='ltr'><strong>dum</strong></span> <span class='ocrx_word' id='word_1_733' title='bbox 610 5042 626 5094; x_wconf 83' lang='lat'><strong>;</strong></span> <span class='ocrx_word' id='word_1_734' title='bbox 659 5031 717 5083; x_wconf 90' lang='lat' dir='ltr'><strong>et</strong></span> <span class='ocrx_word' id='word_1_735' title='bbox 746 5031 808 5083; x_wconf 91' lang='lat' dir='ltr'><strong>ut</strong></span> <span class='ocrx_word' id='word_1_736' title='bbox 829 5022 901 5082; x_wconf 85' lang='lat' dir='ltr'><strong>ad</strong></span> <span class='ocrx_word' id='word_1_737' title='bbox 950 5023 1258 5083; x_wconf 82' lang='lat' dir='ltr'><strong>meliorem</strong></span> <span class='ocrx_word' id='word_1_738' title='bbox 1284 5023 1517 5101; x_wconf 80' lang='lat' dir='ltr'><strong>frugem</strong></span> <span class='ocrx_word' id='word_1_739' title='bbox 1553 5022 1910 5097; x_wconf 86' lang='lat' dir='ltr'><strong>traduceret,</strong></span> <span class='ocrx_word' id='word_1_740' title='bbox 1962 5023 2075 5084; x_wconf 91' lang='lat' dir='ltr'><strong>ali-</strong></span> 
     </span>
    </p>
   </div>
   <div class='ocr_carea' id='block_1_103' title="bbox 431 5119 2082 5204">
    <p class='ocr_par' dir='ltr' id='par_1_103' title="bbox 431 5119 2082 5204">
     <span class='ocr_line' id='line_1_104' title="bbox 431 5119 2082 5204; baseline -0.001 -21"><span class='ocrx_word' id='word_1_741' title='bbox 431 5119 665 5204; x_wconf 91' lang='lat' dir='ltr'><strong>quando</strong></span> <span class='ocrx_word' id='word_1_742' title='bbox 688 5119 929 5196; x_wconf 90' lang='lat' dir='ltr'><strong>quidem</strong></span> <span class='ocrx_word' id='word_1_743' title='bbox 961 5120 1236 5200; x_wconf 84' lang='lat' dir='ltr'><strong>gentibus</strong></span> <span class='ocrx_word' id='word_1_744' title='bbox 1265 5120 1848 5202; x_wconf 88' lang='lat' dir='ltr'><strong>tradidit,aliquando</strong></span> <span class='ocrx_word' id='word_1_745' title='bbox 1880 5139 2017 5182; x_wconf 89' lang='lat' dir='ltr'><strong>vero</strong></span> <span class='ocrx_word' id='word_1_746' title='bbox 2047 5138 2082 5181; x_wconf 87' lang='lat' dir='ltr'><strong>a</strong></span> 
     </span>
    </p>
   </div>
   <div class='ocr_carea' id='block_1_104' title="bbox 427 5216 2080 5301">
    <p class='ocr_par' dir='ltr' id='par_1_104' title="bbox 427 5216 2080 5301">
     <span class='ocr_line' id='line_1_105' title="bbox 427 5216 2080 5301; baseline -0.001 -17"><span class='ocrx_word' id='word_1_747' title='bbox 427 5218 764 5301; x_wconf 86' lang='lat' dir='ltr'><strong>captivitate</strong></span> <span class='ocrx_word' id='word_1_748' title='bbox 787 5216 1078 5300; x_wconf 83' lang='lat' dir='ltr'><strong>liberavit,</strong></span> <span class='ocrx_word' id='word_1_749' title='bbox 1115 5226 1172 5279; x_wconf 91' lang='lat' dir='ltr'><strong>et</strong></span> <span class='ocrx_word' id='word_1_750' title='bbox 1206 5220 1275 5281; x_wconf 89' lang='lat' dir='ltr'><strong>ad</strong></span> <span class='ocrx_word' id='word_1_751' title='bbox 1310 5220 1616 5300; x_wconf 79' lang='lat' dir='ltr'><strong>pristinam</strong></span> <span class='ocrx_word' id='word_1_752' title='bbox 1665 5219 1920 5300; x_wconf 84' lang='lat' dir='ltr'><strong>benigne</strong></span> <span class='ocrx_word' id='word_1_753' title='bbox 1949 5221 2080 5282; x_wconf 90' lang='lat' dir='ltr'><strong>cle-</strong></span> 
     </span>
    </p>
   </div>
   <div class='ocr_carea' id='block_1_105' title="bbox 432 5316 2082 5399">
    <p class='ocr_par' dir='ltr' id='par_1_105' title="bbox 432 5316 2082 5399">
     <span class='ocr_line' id='line_1_106' title="bbox 432 5316 2082 5399; baseline 0.001 -16"><span class='ocrx_word' id='word_1_754' title='bbox 432 5327 784 5399; x_wconf 81' lang='lat' dir='ltr'><strong>tuenterque</strong></span> <span class='ocrx_word' id='word_1_755' title='bbox 825 5335 894 5380; x_wconf 86' lang='lat' dir='ltr'><strong>ac</strong></span> <span class='ocrx_word' id='word_1_756' title='bbox 936 5316 1246 5396; x_wconf 83' lang='lat' dir='ltr'><strong>magniﬁce</strong></span> <span class='ocrx_word' id='word_1_757' title='bbox 1276 5317 1571 5380; x_wconf 87' lang='lat' dir='ltr'><strong>fortunam</strong></span> <span class='ocrx_word' id='word_1_758' title='bbox 1603 5319 1833 5380; x_wconf 85' lang='lat' dir='ltr'><strong>reduxit</strong></span> <span class='ocrx_word' id='word_1_759' title='bbox 1867 5341 1883 5393; x_wconf 89' lang='lat'><strong>;</strong></span> <span class='ocrx_word' id='word_1_760' title='bbox 1923 5319 2082 5384; x_wconf 83' lang='lat' dir='ltr'><strong>videt</strong></span> 
     </span>
    </p>
   </div>
   <div class='ocr_carea' id='block_1_106' title="bbox 429 5415 2082 5498">
    <p class='ocr_par' dir='ltr' id='par_1_106' title="bbox 429 5415 2082 5498">
     <span class='ocr_line' id='line_1_107' title="bbox 429 5415 2082 5498; baseline -0.002 -18"><span class='ocrx_word' id='word_1_761' title='bbox 429 5418 530 5482; x_wconf 89' lang='lat' dir='ltr'><strong>ille</strong></span> <span class='ocrx_word' id='word_1_762' title='bbox 579 5417 888 5496; x_wconf 87' lang='lat' dir='ltr'><strong>theologus</strong></span> <span class='ocrx_word' id='word_1_763' title='bbox 940 5415 1248 5477; x_wconf 82' lang='lat' dir='ltr'><strong>Zacharias</strong></span> <span class='ocrx_word' id='word_1_764' title='bbox 1277 5416 1593 5497; x_wconf 89' lang='lat' dir='ltr'><strong>quemdam</strong></span> <span class='ocrx_word' id='word_1_765' title='bbox 1629 5418 1954 5497; x_wconf 91' lang='lat' dir='ltr'><strong>primorum</strong></span> <span class='ocrx_word' id='word_1_766' title='bbox 1992 5416 2082 5498; x_wconf 88' lang='lat' dir='ltr'><strong>(ut</strong></span> 
     </span>
    </p>
   </div>
   <div class='ocr_carea' id='block_1_107' title="bbox 433 5517 2078 5596">
    <p class='ocr_par' dir='ltr' id='par_1_107' title="bbox 433 5517 2078 5596">
     <span class='ocr_line' id='line_1_108' title="bbox 433 5517 2078 5596; baseline -0.002 -17"><span class='ocrx_word' id='word_1_767' title='bbox 433 5517 727 5591; x_wconf 77' lang='lat' dir='ltr'><strong>existimo,</strong></span> <span class='ocrx_word' id='word_1_768' title='bbox 755 5524 998 5596; x_wconf 90' lang='lat' dir='ltr'><strong>propter</strong></span> <span class='ocrx_word' id='word_1_769' title='bbox 1040 5532 1244 5576; x_wconf 89' lang='lat' dir='ltr'><strong>eorum</strong></span> <span class='ocrx_word' id='word_1_770' title='bbox 1305 5534 1433 5596; x_wconf 66' lang='lat' dir='ltr'><strong>quas</strong></span> <span class='ocrx_word' id='word_1_771' title='bbox 1477 5517 1758 5578; x_wconf 81' lang='lat' dir='ltr'><strong>dicuntur</strong></span> <span class='ocrx_word' id='word_1_772' title='bbox 1797 5534 2078 5579; x_wconf 82' lang='lat' dir='ltr'><strong>reveren-</strong></span> 
     </span>
    </p>
   </div>
   <div class='ocr_carea' id='block_1_108' title="bbox 429 5615 2083 5696">
    <p class='ocr_par' dir='ltr' id='par_1_108' title="bbox 429 5615 2083 5696">
     <span class='ocr_line' id='line_1_109' title="bbox 429 5615 2083 5696; baseline -0.002 -19"><span class='ocrx_word' id='word_1_773' title='bbox 429 5616 593 5696; x_wconf 87' lang='lat' dir='ltr'><strong>tiam)</strong></span> <span class='ocrx_word' id='word_1_774' title='bbox 644 5615 1018 5695; x_wconf 82' lang='lat' dir='ltr'><strong>angelorum,</strong></span> <span class='ocrx_word' id='word_1_775' title='bbox 1093 5617 1456 5693; x_wconf 88' lang='lat' dir='ltr'><strong>(angelorum</strong></span> <span class='ocrx_word' id='word_1_776' title='bbox 1523 5615 1791 5696; x_wconf 87' lang='lat' dir='ltr'><strong>inquam,</strong></span> <span class='ocrx_word' id='word_1_777' title='bbox 1839 5623 2083 5694; x_wconf 89' lang='lat' dir='ltr'><strong>propter</strong></span> 
     </span>
    </p>
   </div>
   <div class='ocr_carea' id='block_1_109' title="bbox 432 5714 2080 5798">
    <p class='ocr_par' dir='ltr' id='par_1_109' title="bbox 432 5714 2080 5798">
     <span class='ocr_line' id='line_1_110' title="bbox 432 5714 2080 5798; baseline 0.001 -23"><span class='ocrx_word' id='word_1_778' title='bbox 432 5731 753 5775; x_wconf 90' lang='lat' dir='ltr'><strong>commune</strong></span> <span class='ocrx_word' id='word_1_779' title='bbox 769 5732 1009 5792; x_wconf 89' lang='lat' dir='ltr'><strong>nomen,</strong></span> <span class='ocrx_word' id='word_1_780' title='bbox 1042 5733 1177 5777; x_wconf 91' lang='lat' dir='ltr'><strong>cum</strong></span> <span class='ocrx_word' id='word_1_781' title='bbox 1207 5714 1470 5798; x_wconf 85' lang='lat' dir='ltr'><strong>alioquin</strong></span> <span class='ocrx_word' id='word_1_782' title='bbox 1515 5715 1784 5787; x_wconf 83' lang='lat' dir='ltr'><strong>ultimus,</strong></span> <span class='ocrx_word' id='word_1_783' title='bbox 1822 5733 1936 5774; x_wconf 90' lang='lat' dir='ltr'><strong>non</strong></span> <span class='ocrx_word' id='word_1_784' title='bbox 1969 5731 2080 5778; x_wconf 88' lang='lat' dir='ltr'><strong>au-</strong></span> 
     </span>
    </p>
   </div>
   <div class='ocr_carea' id='block_1_110' title="bbox 505 5831 980 5914">
    <p class='ocr_par' dir='ltr' id='par_1_110' title="bbox 505 5831 980 5914">
     <span class='ocr_line' id='line_1_111' title="bbox 505 5831 980 5914; baseline 0.023 -27"><span class='ocrx_word' id='word_1_785' title='bbox 505 5831 574 5884; x_wconf 75' lang='grc' dir='ltr'>ι*</span> <span class='ocrx_word' id='word_1_786' title='bbox 603 5831 774 5896; x_wconf 76' lang='lat' dir='ltr'><strong>toan.</strong></span> <span class='ocrx_word' id='word_1_787' title='bbox 806 5848 850 5914; x_wconf 82' lang='grc' dir='ltr'><strong>ι,</strong></span> <span class='ocrx_word' id='word_1_788' title='bbox 887 5836 980 5899; x_wconf 84' lang='grc'><strong>16.</strong></span> 
     </span>
    </p>
   </div>
   <div class='ocr_carea' id='block_1_111' title="bbox 2157 4821 3835 4902">
    <p class='ocr_par' dir='ltr' id='par_1_111' title="bbox 2157 4821 3835 4902">
     <span class='ocr_line' id='line_1_112' title="bbox 2157 4821 3835 4902; baseline 0.001 -23"><span class='ocrx_word' id='word_1_789' title='bbox 2157 4823 2230 4879; x_wconf 83' lang='grc' dir='ltr'>ἲν⁹</span> <span class='ocrx_word' id='word_1_790' title='bbox 2293 4821 2596 4902; x_wconf 75' lang='grc' dir='ltr'>ἐπιστραφῇ</span> <span class='ocrx_word' id='word_1_791' title='bbox 2655 4826 2787 4902; x_wconf 76' lang='grc' dir='ltr'>πρὸς</span> <span class='ocrx_word' id='word_1_792' title='bbox 2844 4825 2936 4880; x_wconf 80' lang='grc' dir='ltr'><strong>τὸν</strong></span> <span class='ocrx_word' id='word_1_793' title='bbox 3010 4827 3330 4898; x_wconf 79' lang='grc' dir='ltr'>ποιήσαντα,</span> <span class='ocrx_word' id='word_1_794' title='bbox 3406 4835 3662 4902; x_wconf 75' lang='grc' dir='ltr'>τιμωροϊς</span> <span class='ocrx_word' id='word_1_795' title='bbox 3739 4826 3835 4881; x_wconf 76' lang='grc' dir='ltr'>καὶ</span> 
     </span>
    </p>
   </div>
   <div class='ocr_carea' id='block_1_112' title="bbox 2159 4910 3835 4992">
    <p class='ocr_par' dir='ltr' id='par_1_112' title="bbox 2159 4910 3835 4992">
     <span class='ocr_line' id='line_1_113' title="bbox 2159 4910 3835 4992; baseline 0.001 -26"><span class='ocrx_word' id='word_1_796' title='bbox 2159 4911 2359 4989; x_wconf 79' lang='grc' dir='ltr'>ἀγρίοις</span> <span class='ocrx_word' id='word_1_797' title='bbox 2405 4910 2570 4968; x_wconf 80' lang='grc' dir='ltr'>ἔθνεσι</span> <span class='ocrx_word' id='word_1_798' title='bbox 2632 4913 2941 4985; x_wconf 75' lang='grc' dir='ltr'>παρέδωκεν</span> <span class='ocrx_word' id='word_1_799' title='bbox 2988 4915 3060 4978; x_wconf 76' lang='grc' dir='ltr'>εἰς</span> <span class='ocrx_word' id='word_1_800' title='bbox 3115 4913 3477 4992; x_wconf 65' lang='grc' dir='ltr'>ἐπανόρθωσιν</span> <span class='ocrx_word' id='word_1_801' title='bbox 3511 4929 3526 4942; x_wconf 77' lang='grc'>⁸</span> <span class='ocrx_word' id='word_1_802' title='bbox 3585 4915 3675 4968; x_wconf 77' lang='grc' dir='ltr'>καὶ</span> <span class='ocrx_word' id='word_1_803' title='bbox 3732 4910 3835 4968; x_wconf 75' lang='grc' dir='ltr'>’ἶνα</span> 
     </span>
    </p>
   </div>
   <div class='ocr_carea' id='block_1_113' title="bbox 2159 4999 3832 5080">
    <p class='ocr_par' dir='ltr' id='par_1_113' title="bbox 2159 4999 3832 5080">
     <span class='ocr_line' id='line_1_114' title="bbox 2159 4999 3832 5080; baseline -0.001 -24"><span class='ocrx_word' id='word_1_804' title='bbox 2159 5001 2370 5076; x_wconf 72' lang='grc' dir='ltr'>πετοίγῃ</span> <span class='ocrx_word' id='word_1_805' title='bbox 2424 5001 2510 5058; x_wconf 70' lang='grc' dir='ltr'><strong>επὶ</strong></span> <span class='ocrx_word' id='word_1_806' title='bbox 2567 5003 2627 5058; x_wconf 79' lang='grc' dir='ltr'>τὸ</span> <span class='ocrx_word' id='word_1_807' title='bbox 2684 5002 2955 5080; x_wconf 78' lang='grc' dir='ltr'>κρεῖττον,</span> <span class='ocrx_word' id='word_1_808' title='bbox 3019 5009 3122 5059; x_wconf 80' lang='grc' dir='ltr'><strong>ποῦ</strong></span> <span class='ocrx_word' id='word_1_809' title='bbox 3197 5003 3296 5078; x_wconf 73' lang='grc' dir='ltr'>μὶν</span> <span class='ocrx_word' id='word_1_810' title='bbox 3367 4999 3644 5078; x_wconf 82' lang='grc' dir='ltr'>παρεδίδου</span> <span class='ocrx_word' id='word_1_811' title='bbox 3699 5013 3832 5062; x_wconf 79' lang='grc' dir='ltr'>τοῖς</span> 
     </span>
    </p>
   </div>
   <div class='ocr_carea' id='block_1_114' title="bbox 2163 5088 3835 5171">
    <p class='ocr_par' dir='ltr' id='par_1_114' title="bbox 2163 5088 3835 5171">
     <span class='ocr_line' id='line_1_115' title="bbox 2163 5088 3835 5171; baseline 0 -27"><span class='ocrx_word' id='word_1_812' title='bbox 2163 5088 2356 5161; x_wconf 78' lang='grc' dir='ltr'>ἔθνεσι,</span> <span class='ocrx_word' id='word_1_813' title='bbox 2405 5092 2509 5147; x_wconf 77' lang='grc' dir='ltr'>ποῦ</span> <span class='ocrx_word' id='word_1_814' title='bbox 2553 5089 2607 5147; x_wconf 74' lang='grc' dir='ltr'><strong>δι</strong></span> <span class='ocrx_word' id='word_1_815' title='bbox 2659 5093 2758 5158; x_wconf 70' lang='grc' dir='ltr'>τῆς</span> <span class='ocrx_word' id='word_1_816' title='bbox 2808 5090 3182 5170; x_wconf 80' lang='grc' dir='ltr'>αἰχμαλωσίας</span> <span class='ocrx_word' id='word_1_817' title='bbox 3232 5091 3401 5171; x_wconf 74' lang='grc' dir='ltr'>ἠφίει,</span> <span class='ocrx_word' id='word_1_818' title='bbox 3450 5091 3536 5147; x_wconf 65' lang='grc' dir='ltr'>καί</span> <span class='ocrx_word' id='word_1_819' title='bbox 3564 5091 3695 5168; x_wconf 79' lang='grc' dir='ltr'>πρὸς</span> <span class='ocrx_word' id='word_1_820' title='bbox 3724 5090 3835 5157; x_wconf 75' lang='grc' dir='ltr'>τὴν</span> 
     </span>
    </p>
   </div>
   <div class='ocr_carea' id='block_1_115' title="bbox 2164 5177 3840 5260">
    <p class='ocr_par' dir='ltr' id='par_1_115' title="bbox 2164 5177 3840 5260">
     <span class='ocr_line' id='line_1_116' title="bbox 2164 5177 3840 5260; baseline -0.001 -26"><span class='ocrx_word' id='word_1_821' title='bbox 2164 5177 2422 5257; x_wconf 88' lang='grc' dir='ltr'>προτέραν</span> <span class='ocrx_word' id='word_1_822' title='bbox 2471 5179 2722 5244; x_wconf 80' lang='grc' dir='ltr'>ἐπιεικῶς</span> <span class='ocrx_word' id='word_1_823' title='bbox 2820 5182 2908 5238; x_wconf 80' lang='grc' dir='ltr'><strong>καὶ</strong></span> <span class='ocrx_word' id='word_1_824' title='bbox 2967 5179 3358 5260; x_wconf 78' lang='grc' dir='ltr'>φιλανθρώπως</span> <span class='ocrx_word' id='word_1_825' title='bbox 3434 5180 3522 5236; x_wconf 73' lang='grc' dir='ltr'>καὶ</span> <span class='ocrx_word' id='word_1_826' title='bbox 3577 5178 3840 5256; x_wconf 67' lang='grc' dir='ltr'>μεγάλως</span> 
     </span>
    </p>
   </div>
   <div class='ocr_carea' id='block_1_116' title="bbox 2165 5269 3845 5349">
    <p class='ocr_par' dir='ltr' id='par_1_116' title="bbox 2165 5269 3845 5349">
     <span class='ocr_line' id='line_1_117' title="bbox 2165 5269 3845 5349; baseline -0.003 -19"><span class='ocrx_word' id='word_1_827' title='bbox 2165 5270 2428 5347; x_wconf 74' lang='grc' dir='ltr'>ἐπανῆγεν</span> <span class='ocrx_word' id='word_1_828' title='bbox 2488 5271 2767 5329; x_wconf 70' lang='grc' dir='ltr'>εὐπάθειαν</span> <span class='ocrx_word' id='word_1_829' title='bbox 2799 5291 2810 5303; x_wconf 83' lang='grc'><em>’</em></span> <span class='ocrx_word' id='word_1_830' title='bbox 2877 5275 2972 5349; x_wconf 80' lang='grc' dir='ltr'>ὁρᾷ</span> <span class='ocrx_word' id='word_1_831' title='bbox 3025 5273 3054 5327; x_wconf 83' lang='grc' dir='ltr'>ὁ</span> <span class='ocrx_word' id='word_1_832' title='bbox 3111 5271 3363 5349; x_wconf 84' lang='grc' dir='ltr'>θεολόγος</span> <span class='ocrx_word' id='word_1_833' title='bbox 3411 5270 3682 5349; x_wconf 84' lang='grc' dir='ltr'>Ζαχαρίας</span> <span class='ocrx_word' id='word_1_834' title='bbox 3745 5269 3845 5326; x_wconf 68' lang='grc' dir='ltr'>ἕνα</span> 
     </span>
    </p>
   </div>
   <div class='ocr_carea' id='block_1_117' title="bbox 2164 5357 3847 5438">
    <p class='ocr_par' dir='ltr' id='par_1_117' title="bbox 2164 5357 3847 5438">
     <span class='ocr_line' id='line_1_118' title="bbox 2164 5357 3847 5438; baseline 0.001 -24"><span class='ocrx_word' id='word_1_835' title='bbox 2164 5365 2270 5415; x_wconf 88' lang='grc' dir='ltr'><strong>τῶν</strong></span> <span class='ocrx_word' id='word_1_836' title='bbox 2302 5359 2526 5438; x_wconf 87' lang='grc' dir='ltr'>πρώτων</span> <span class='ocrx_word' id='word_1_837' title='bbox 2579 5361 2786 5436; x_wconf 76' lang='grc' dir='ltr'>(οἶμαι</span> <span class='ocrx_word' id='word_1_838' title='bbox 2827 5360 3000 5437; x_wconf 86' lang='grc' dir='ltr'>λέγων</span> <span class='ocrx_word' id='word_1_839' title='bbox 3050 5359 3136 5416; x_wconf 77' lang='grc' dir='ltr'>διὰ</span> <span class='ocrx_word' id='word_1_840' title='bbox 3187 5363 3287 5428; x_wconf 76' lang='grc' dir='ltr'><strong>τὴν</strong></span> <span class='ocrx_word' id='word_1_841' title='bbox 3357 5365 3464 5416; x_wconf 88' lang='grc' dir='ltr'><strong>τῶν</strong></span> <span class='ocrx_word' id='word_1_842' title='bbox 3526 5357 3847 5435; x_wconf 79' lang='grc' dir='ltr'>λεγομένων</span> 
     </span>
    </p>
   </div>
   <div class='ocr_carea' id='block_1_118' title="bbox 2168 5446 3852 5528">
    <p class='ocr_par' dir='ltr' id='par_1_118' title="bbox 2168 5446 3852 5528">
     <span class='ocr_line' id='line_1_119' title="bbox 2168 5446 3852 5528; baseline 0.002 -26"><span class='ocrx_word' id='word_1_843' title='bbox 2168 5447 2462 5521; x_wconf 70' lang='grc' dir='ltr'>εὖλαϐειαν)</span> <span class='ocrx_word' id='word_1_844' title='bbox 2495 5452 2580 5506; x_wconf 79' lang='grc' dir='ltr'>καὶ</span> <span class='ocrx_word' id='word_1_845' title='bbox 2625 5456 2728 5507; x_wconf 85' lang='grc' dir='ltr'><strong>τῶν</strong></span> <span class='ocrx_word' id='word_1_846' title='bbox 2786 5452 2907 5528; x_wconf 81' lang='grc' dir='ltr'>περὶ</span> <span class='ocrx_word' id='word_1_847' title='bbox 2974 5452 3104 5506; x_wconf 82' lang='grc' dir='ltr'>Θεὸν</span> <span class='ocrx_word' id='word_1_848' title='bbox 3162 5448 3406 5526; x_wconf 77' lang='grc' dir='ltr'>άγγέλῶν</span> <span class='ocrx_word' id='word_1_849' title='bbox 3455 5446 3717 5526; x_wconf 73' lang='grc' dir='ltr'>(ἀγγέλων</span> <span class='ocrx_word' id='word_1_850' title='bbox 3790 5447 3852 5505; x_wconf 64' lang='grc' dir='ltr'>δὲ</span> 
     </span>
    </p>
   </div>
   <div class='ocr_carea' id='block_1_119' title="bbox 2167 5535 3843 5618">
    <p class='ocr_par' dir='ltr' id='par_1_119' title="bbox 2167 5535 3843 5618">
     <span class='ocr_line' id='line_1_120' title="bbox 2167 5535 3843 5618; baseline 0 -25"><span class='ocrx_word' id='word_1_851' title='bbox 2167 5536 2313 5615; x_wconf 64' lang='grc' dir='ltr'>λέγω</span> <span class='ocrx_word' id='word_1_852' title='bbox 2343 5536 2428 5594; x_wconf 76' lang='grc' dir='ltr'><strong>διὰ</strong></span> <span class='ocrx_word' id='word_1_853' title='bbox 2451 5540 2548 5608; x_wconf 81' lang='grc' dir='ltr'><strong>τὴν</strong></span> <span class='ocrx_word' id='word_1_854' title='bbox 2592 5541 2776 5606; x_wconf 71' lang='grc' dir='ltr'>κοινὴν</span> <span class='ocrx_word' id='word_1_855' title='bbox 2802 5541 3134 5618; x_wconf 67' lang='grc' dir='ltr'>ἓπωνυμίαν,</span> <span class='ocrx_word' id='word_1_856' title='bbox 3188 5538 3306 5596; x_wconf 75' lang='grc' dir='ltr'>ἐπεὶ</span> <span class='ocrx_word' id='word_1_857' title='bbox 3363 5535 3539 5601; x_wconf 73' lang='grc' dir='ltr'>ἄλλως</span> <span class='ocrx_word' id='word_1_858' title='bbox 3584 5537 3843 5615; x_wconf 70' lang='grc' dir='ltr'>ὕστερον,</span> 
     </span>
    </p>
   </div>
   <div class='ocr_carea' id='block_1_120' title="bbox 2167 5625 3846 5707">
    <p class='ocr_par' dir='ltr' id='par_1_120' title="bbox 2167 5625 3846 5707">
     <span class='ocr_line' id='line_1_121' title="bbox 2167 5625 3846 5707; baseline 0 -23"><span class='ocrx_word' id='word_1_859' title='bbox 2167 5627 2230 5684; x_wconf 69' lang='grc' dir='ltr'>οὗ</span> <span class='ocrx_word' id='word_1_860' title='bbox 2290 5633 2500 5705; x_wconf 80' lang='grc' dir='ltr'>πρῶτον</span> <span class='ocrx_word' id='word_1_861' title='bbox 2553 5631 2732 5707; x_wconf 85' lang='grc' dir='ltr'>τάγμα</span> <span class='ocrx_word' id='word_1_862' title='bbox 2795 5630 2843 5685; x_wconf 70' lang='grc' dir='ltr'>οἱ</span> <span class='ocrx_word' id='word_1_863' title='bbox 2899 5627 3148 5706; x_wconf 84' lang='grc' dir='ltr'>ἄγγεΛοι)</span> <span class='ocrx_word' id='word_1_864' title='bbox 3206 5625 3327 5707; x_wconf 83' lang='grc' dir='ltr'>παρ’</span> <span class='ocrx_word' id='word_1_865' title='bbox 3374 5630 3531 5686; x_wconf 65' lang='grc' dir='ltr'>αὐτοῦ</span> <span class='ocrx_word' id='word_1_866' title='bbox 3572 5634 3665 5684; x_wconf 88' lang='grc' dir='ltr'><strong>τοῦ</strong></span> <span class='ocrx_word' id='word_1_867' title='bbox 3697 5633 3846 5684; x_wconf 85' lang='grc' dir='ltr'>Θεοῦ</span> 
     </span>
    </p>
   </div>
   <div class='ocr_carea' id='block_1_121' title="bbox 2168 5713 3834 5799">
    <p class='ocr_par' dir='ltr' id='par_1_121' title="bbox 2168 5713 3834 5799">
     <span class='ocr_line' id='line_1_122' title="bbox 2168 5713 3834 5799; baseline 0 -28"><span class='ocrx_word' id='word_1_868' title='bbox 2168 5716 2399 5792; x_wconf 82' lang='grc' dir='ltr'>μαθόντα</span> <span class='ocrx_word' id='word_1_869' title='bbox 2441 5720 2563 5784; x_wconf 75' lang='grc' dir='ltr'>τοὺς</span> <span class='ocrx_word' id='word_1_870' title='bbox 2609 5717 3039 5799; x_wconf 77' lang='grc' dir='ltr'>παρακλητικοὺς</span> <span class='ocrx_word' id='word_1_871' title='bbox 3091 5717 3282 5796; x_wconf 58' lang='grc' dir='ltr'>λόγους</span> <span class='ocrx_word' id='word_1_872' title='bbox 3312 5733 3326 5750; x_wconf 82' lang='grc'><strong><em>⁸</em></strong></span> <span class='ocrx_word' id='word_1_873' title='bbox 3376 5715 3557 5795; x_wconf 67' lang='grc' dir='ltr'>ἕτερον</span> <span class='ocrx_word' id='word_1_874' title='bbox 3613 5713 3667 5772; x_wconf 75' lang='grc' dir='ltr'><strong>δί</strong></span> <span class='ocrx_word' id='word_1_875' title='bbox 3712 5722 3834 5799; x_wconf 78' lang='grc' dir='ltr'><strong>τῶν</strong></span> 
     </span>
    </p>
   </div>
  </div>
