4078 6204
277 273 387 341 261

1265 231 1362 339 De
1405 259 1754 339 COELEsTI
1800 249 2306 347 HIERARCHIA,
2352 273 2516 336 CAP.
2567 257 2669 335 lx.

3536 270 3655 343 262

276 412 506 485 ἑτοίμως
561 411 632 476 εἷς
677 410 956 483 μετάῗοσιν
1012 409 1450 484 ἀναπεπταμένον
1493 407 1585 464 τοῦ
1638 407 1924 488 θεαρχικοῦ

2016 404 2238 466 caeteris
2259 424 2495 485 quoque
2510 403 2787 484 gentibus
2807 405 2873 484 (e
2905 407 3124 487 quibus
3152 427 3261 470 nos
3284 410 3645 474 emersimus

273 501 451 581 φωτὸς
511 499 728 577 ἄπειρόν
788 522 844 556 τε
901 501 987 556 καὶ
1048 499 1266 577 ἄφθονον
1297 497 1555 577 πέλαγος)
1589 497 1682 554 οὒκ
1711 498 1924 576 ἔκφυλοι

273 613 418 654 τινες
489 589 812 646 ἐπεστάτουν
881 591 1008 646 θεοί’
1066 591 1160 665 μία
1217 587 1270 645 δὲ
1316 589 1526 644 πάντων
1585 587 1730 667 ἀρχὴ
1766 633 1782 659 ,
1838 588 1925 641 καὶ

274 702 405 756 προς
439 680 640 745 ταύτην
695 678 892 757 ἂνῆγον
943 679 1064 743 τοὺς
1123 679 1437 757 ἑπομένους,
1483 679 1528 734 οἷ
1559 676 1673 734 καθ’
1707 676 1925 732 ἕκαστον

277 768 426 830 ἔθνος
484 769 854 849 ἱεραρχοῦντες
910 768 1152 848 ἄγγελοι.
1245 768 1352 829 Τὸν
1435 765 1766 846 Μελχισεδὲκ
1831 766 1924 822 ἐν-

273 858 499 925 νοητέον
562 860 824 938 ίεράρχην
905 859 1029 916 ὄντα
1102 857 1510 938 φιλοθεώτατον,
1573 861 1630 915 οὗ
1687 862 1792 912 τῶν
1833 859 1926 912 οὒκ

271 946 469 1028 ὄντων,
501 946 636 1004 ἀλλᾶ
666 955 760 1005 τοῦ
803 947 969 1009 ὅντως
1029 946 1179 1013 ὄντος
1232 948 1449 1022 ὑψίστου
1481 954 1636 1002 Θεοῦ⁰
1697 948 1780 1001 καὶ
1831 947 1928 1023 γὰρ

272 1036 382 1116 οὔχ
447 1037 629 1099 ἁπλῶς
687 1041 778 1096 τὸν
839 1035 1174 1118 Μελχισεδὲκ
1201 1040 1246 1094 οἱ
1277 1038 1518 1115 θεὸσοφοι
1572 1040 1632 1094 οὗ
1690 1035 1931 1117 φιλόθεον

275 1128 464 1202 μόνον,
524 1127 659 1184 ἀλλὰ
711 1129 800 1184 καὶ
853 1129 990 1206 ἱερέα
1041 1126 1387 1200 κεκλήκασιν,
1533 1123 1621 1182 ἵνα
1651 1139 1766 1190 τοῖς
1800 1124 1934 1205 ἐχέ-

273 1238 466 1295 φροσιν
523 1217 759 1296 ἐναργῶς
817 1217 1141 1297 ἐμφαίνωσιν
1174 1263 1189 1290 ,
1252 1217 1330 1272 ὄτι
1404 1218 1480 1290 μὴ
1540 1215 1704 1287 μόνον
1770 1216 1922 1282 αὐτὸς

273 1305 366 1362 ἐπὶ
421 1308 514 1362 τὸν
570 1307 734 1365 ὅντως
791 1307 916 1362 ὅντα
985 1308 1114 1363 Sed:
1175 1305 1529 1384 ἐπέστραπτο,
1586 1304 1800 1384 προσέτι
1869 1303 1923 1361 δὲ

272 1397 366 1452 καὶ
428 1393 614 1459 ἄλλοις
673 1398 748 1460 ὡς
806 1396 1064 1474 ἶεράρχης
1125 1397 1315 1472 ἡγεῖτο
1345 1395 1440 1462 τῆς
1470 1396 1556 1450 ἐπὶ
1613 1395 1711 1462 τὴν
1743 1393 1921 1462 ἄληθῆ

270 1486 364 1540 καὶ
389 1486 562 1559 μόνην
590 1486 843 1565 θεαρχίαν
873 1485 1181 1562 ἀναγωγῆς.

2009 495 2080 554 ad
2116 493 2259 554 illud
2286 494 2467 556 divini
2489 494 2736 555 luminis
2758 495 3116 558 immensum
3137 507 3195 558 et
3216 499 3524 560 exundans
3549 520 3655 582 pe-

2009 583 2364 663 lagus,quod
2385 582 2443 643 in
2469 589 2745 663 promptu
2775 584 3052 646 omnibus
3074 588 3143 647 ad
3170 586 3648 668 participrindum

2009 681 2099 734 est
2131 686 2478 753 expansum)
2517 690 2633 734 non
2666 673 2842 735 alieni
2889 676 3126 754 quidam
3173 677 3253 738 dii
3281 678 3646 760 pra'l‘uerint,

2007 761 2110 825 sed
2137 780 2320 824 unum
2347 761 2613 823 omnium
2637 762 3020 844 principium,
3054 773 3113 825 et
3140 766 3214 826 ad
3248 766 3394 828 illud
3429 769 3646 847 angeli,

2009 852 2112 930 qui
2145 853 2363 932 cuique
2410 851 2636 913 nationi
2680 853 2937 929 praefecti
2978 863 3171 934 erant,
3196 873 3486 936 sequaces
3512 876 3653 920 suos

2012 941 2808 1006 adducerent.Considerare
2829 942 3650 1025 libetMelchisedech,ponti-

2017 1031 2188 1091 ﬁcem
2210 1029 2374 1092 illum
2399 1029 2520 1093 Deo
2543 1031 3093 1113 charissimum,qui
3123 1044 3490 1114 nequaquam
3515 1036 3648 1098 ina-

2020 1119 2182 1180 nium
2211 1118 2484 1199 deorum,
2509 1119 2615 1182 sed
2638 1120 2915 1184 altissimi
2939 1123 3187 1197 verique
3230 1121 3338 1184 Dei
3368 1126 3656 1186 sacerdos

2009 1208 2120 1269 fuit
2147 1225 2160 1270 :
2186 1227 2378 1289 neque
2401 1210 2558 1271 enim
2576 1209 2936 1290 simpliciter
2953 1210 3450 1274 Melchisedecum
3481 1214 3646 1276 theo-

2008 1301 2123 1380 logi
2160 1321 2277 1363 non
2302 1303 2492 1364 solum
2540 1303 2649 1366 Dei
2697 1302 3110 1377 amicum,sed
3167 1310 3229 1367 et
3277 1306 3649 1368 sacerdotem

2005 1391 2424 1472 appellarunt;
2471 1393 2644 1454 utvel
2672 1393 2759 1456 sic
2782 1393 3270 1474 prudentioribus
3320 1403 3645 1475 apertetn-

2004 1482 2300 1556 dicarent,
2331 1501 2451 1543 non
2499 1482 2674 1544 modo
2697 1484 2891 1564 ipsum
2917 1483 2990 1544 ad
3029 1502 3232 1545 verum
3256 1483 3440 1546 Deum
3468 1486 3653 1548 fuisse

275 1591 660 1656 conversum,
720 1591 923 1636 verum
989 1579 1166 1635 etiam
1226 1573 1359 1636 aliis
1388 1573 1458 1634 ad
1495 1589 1697 1634 veram
1734 1582 1792 1634 et
1823 1571 2007 1634 solam
2041 1590 2502 1652 supremamque
2533 1572 2824 1636 Deitatem
2859 1572 3260 1652 provehendis
3289 1572 3505 1636 ducem
3539 1593 3652 1636 ex-

273 1662 529 1728 stitisse.

1891 1769 1920 1848 §
1963 1766 2063 1832 IV.

363 1932 463 1992 Καὶ
522 1941 674 1992 τοῦτο
730 1929 783 1988 δὲ
855 1931 955 2000 τὴν
1015 1931 1114 1999 σὴν
1190 1931 1502 2012 ίεραρχικὴν
1555 1931 1760 1988 σύνεσιν
1791 1934 1990 1997 ὕπο-Β

273 2037 379 2097 part
393 2043 578 2098 σομεν,
613 2021 693 2078 ὅτι
722 2023 810 2078 καὶ
839 2029 917 2095 τῷ
946 2022 1143 2099 Φαραὼ
1187 2025 1315 2098 πρὸς
1347 2028 1440 2078 τοῦ
1474 2033 1587 2084 τοῖς
1625 2021 1924 2098 Αἰγυπτίοις

276 2113 686 2175 ἐπιστατοῦντος
744 2111 999 2190 ἀγγέλου,
1043 2114 1132 2168 καὶ
1187 2118 1264 2184 τῷ
1319 2108 1662 2167 Βαϐυλωνίων
1707 2109 1927 2188 ἄρχοντι

278 2205 413 2279 πρὸς
459 2209 552 2259 τοῦ
598 2203 812 2270 οἰκείου,
865 2204 951 2258 καὶ
998 2205 1060 2258 τὸ
1119 2208 1215 2269 τῆς
1277 2203 1489 2258 πάντων
1531 2206 1781 2278 προνοίας
1842 2203 1928 2256 καὶ

277 2293 596 2371 κυριότητος
649 2289 1000 2366 κηόὲμονικὸν
1055 2293 1142 2348 καὶ
1195 2290 1586 2356 ἑξουσιαστικὸν
1644 2290 1781 2346 κατὰ
1836 2290 1928 2351 τὰς

279 2383 490 2458 ὁράσεις
538 2378 958 2458 διεπορθμεύετο,
1013 2383 1098 2436 καὶ
1156 2395 1273 2444 τοῖς
1339 2380 1537 2436 ἔθνεσιν
1608 2380 1831 2442 ἐκείνοις
1880 2379 1928 2433 οἱ

278 2481 374 2529 τοῦ
402 2470 566 2534 ὄντως
601 2477 733 2527 Θεοῦ
761 2471 1101 2549 θεράποντες,
1164 2470 1430 2547 ἡγεμόνος
1493 2469 1798 2525 ἀνθίσταντο
1830 2473 1928 2533 τῆς

278 2566 388 2615 τῶν
443 2563 777 2616 τυπωθεισῶν
833 2562 936 2616 ὑπὸ
983 2567 1088 2616 τῶν
1144 2559 1443 2638 ἂγγελικῶν
1483 2556 1539 2600 69
1568 2560 1800 2636 ὁράσεων
1834 2557 1928 2613 ἐκ-

279 2651 587 2728 σαντορίας,
636 2663 752 2712 τοῖς
800 2655 907 2705 τῶν
956 2647 1198 2727 ἀγγέλων
1253 2649 1408 2727 ἐγγὺς
1470 2647 1642 2726 ἴξροῐς
1686 2647 1922 2726 ἄνδρᾶσι,

275 2745 358 2812 τῷ
409 2737 633 2812 Δανιὴλ,
663 2741 752 2795 καὶ
795 2745 872 2812 τῷ
927 2739 1121 2818 Ἰωσὴφ
1155 2739 1214 2794 ἐκ
1259 2746 1390 2796 Θεοῦ
1419 2737 1486 2795 δι’
1527 2737 1767 2817 ἀγγέλων
1799 2739 1928 2793 ἄπο-

276 2829 656 2908 ιιαλυφθείσης⁶
691 2829 786 2901 μία
813 2828 914 2905 γάρ
944 2827 1086 2884 ἐστιν
1118 2829 1150 2895 ἦ
1181 2828 1391 2884 πάντων
1450 2828 1598 2906 ἀρχὴ
1651 2829 1737 2882 καὶ
1787 2827 1924 2904 πρό-

279 2941 418 2981 νοια,
460 2919 570 2981 Καί
619 2916 857 2991 οὐδαμῶς
916 2916 1145 2992 οἰητέον,
1198 2916 1460 2974 ’ίοιδαίων
1517 2922 1616 2993 μὲν
1673 2915 1921 2983 ἀποκλη-

283 3015 526 3088 ρωτικῶς
583 3009 828 3086 ἡγεῖσθαι
879 3007 974 3074 τὴν
1031 3008 1308 3086 θεαρχίαν,
1367 3007 1625 3086 ἀγγέλους
1673 3005 1918 3069 δὲίδίως.

279 3100 316 3166 ἢ
385 3099 682 3174 ὁμοτίμοις,
737 3097 774 3162 ἣ
829 3095 1132 3173 ἀντιθέτως,
1195 3096 1230 3164 ἢ
1285 3097 1432 3162 θεούς
1499 3117 1646 3158 τινας
1721 3095 1924 3174 ἑτέρους

280 3189 593 3245 ἐπιστατεῖν
651 3199 768 3248 τοῖς
826 3184 1008 3250 ἄλλοις
1066 3184 1287 3242 ἔθνεσιν*
1335 3184 1472 3244 ἀλλὰ
1518 3186 1703 3242 καὶτὸ
1743 3184 1923 3262 λόγιον

2092 1929 2240 1992 Illud
2287 1950 2524 2012 quoque
2568 1932 2894 2013 pontiﬁciae
2925 1940 3038 1996 tua;
3081 1931 3350 1997 scientia:
3379 1951 3650 1998 comme-

2014 2019 2476 2093 morabimus,ut
2507 2030 2565 2083 et
2588 2021 2881 2084 Pharaoni
2912 2022 2986 2084 ab
3008 2023 3220 2104 angelo
3245 2023 3653 2106 Egyptiorum

2016 2109 2837 2191 praeside,etBaby|oniorum
2862 2113 3158 2193 principia
3179 2114 3420 2193 proprio
3442 2114 3655 2175 itidem

2015 2198 2296 2260 omnibus
2327 2201 2746 2281 prospicientis
2802 2208 2984 2282 atque
3043 2202 3405 2263 dominantis
3456 2205 3652 2283 provi-

2017 2286 2220 2349 dentia
2280 2299 2662 2369 potestasque
2696 2308 2802 2370 per
2859 2291 3118 2352 visiones
3152 2291 3330 2354 fuerit
3358 2293 3649 2366 intimata,

2014 2385 2194 2454 utque
2220 2379 2495 2456 gentibus
2535 2379 2668 2441 istis
2715 2380 2846 2440 veri
2891 2379 2997 2442 Dei
3023 2383 3299 2456 ministri,
3335 2381 3648 2443 ductorum

2013 2466 2201 2528 instar
2248 2467 2468 2529 fuerint
2526 2469 2808 2547 praefecti,
2843 2469 2915 2530 ad
2942 2471 3222 2550 ﬁguratas
3252 2470 3383 2532 illas
3425 2472 3653 2550 angeli-

2014 2574 2112 2616 cas
2133 2556 2393 2617 visiones
2415 2557 2916 2638 interpretandas,
2952 2578 3084 2638 quae
3113 2560 3254 2622 viris
3285 2561 3507 2621 sanctis
3537 2579 3649 2621 an-

2012 2645 2277 2724 gelorum
2328 2645 2649 2722 similibus,
2688 2645 2943 2711 Danieli.
2968 2649 3231 2728 inquam,
3268 2656 3328 2710 et
3366 2648 3654 2730 Josepho,

2010 2752 2078 2795 ex
2112 2743 2278 2814 parte
2298 2733 2407 2796 Dei
2432 2755 2536 2816 per
2557 2739 2811 2814 angelos
2846 2744 2984 2800 ante
3007 2737 3244 2800 fuerant
3275 2739 3550 2802 revelata:
3585 2738 3597 2772 ¹
3636 2761 3649 2797 :

2009 2841 2195 2885 unum
2255 2825 2473 2905 quippe
2531 2833 2796 2888 omnium
2855 2835 2944 2889 est
3003 2826 3360 2908 principium
3417 2845 3656 2910 unaque

2010 2913 2404 2994 providentia.
2470 2917 2680 2991 Neque
2739 2918 2856 2977 ullo
2917 2918 3096 2978 modo
3154 2918 3477 2999 putandum
3537 2925 3653 2999 est,

2007 3003 2175 3083 quasi
2205 3003 2426 3066 Iudaeis
2456 3006 2700 3081 quidem
2733 3010 2940 3067 sortito
2972 3006 3135 3069 Deus
3184 3007 3509 3088 praefuerit,
3541 3025 3653 3068 an-

2007 3093 2123 3169 geli
2154 3101 2350 3154 autem
2383 3111 2678 3173 seorsum,
2715 3096 2802 3156 vel
2845 3097 3169 3176 aequaliter,
3205 3097 3296 3158 vel
3348 3096 3650 3178 opposite,

2007 3190 2106 3243 aut
2135 3181 2232 3242 alii
2267 3181 2442 3244 etiam
2493 3183 2576 3244 dii
2608 3187 2836 3246 cmteris
2867 3185 3150 3263 gentibus
3195 3187 3600 3266 imperitarint
3635 3206 3649 3248 :

281 3279 463 3334 ἐκεῖνο
519 3277 654 3333 κατὰ
695 3274 850 3346 τήνδε
879 3277 981 3342 τὴν
1029 3276 1170 3354 ἱερὰν
1223 3274 1426 3332 ἔννοιαν
1474 3274 1793 3350 ἐκληπτέον,
1826 3277 1926 3354 οὔχ

2016 3272 2116 3333 sed
2151 3273 2261 3333 hoc
2285 3273 2584 3352 eloquium
2610 3292 2756 3336 sano
2789 3275 3048 3351 quodam
3086 3294 3266 3337 sensu
3291 3294 3461 3338 sacro
3482 3276 3658 3337 intel-

283 3370 356 3425 ὡς
411 3365 763 3444 μερισαμένο)
825 3368 954 3422 Θεοῦ
1026 3364 1142 3440 μεθ’
1201 3363 1390 3444 ἐτέρων
1466 3369 1598 3421 θεων
1669 3365 1702 3433 ἢ
1761 3365 1928 3443 ἀγγέ-

284 3462 397 3514 λων
452 3456 551 3523 την
591 3456 707 3512 καθ’
758 3457 900 3530 ἡμᾶς
930 3452 1242 3532 ἡγεμονίαν,
1301 3455 1389 3510 καὶ
1445 3462 1538 3510 τοῦ
1585 3451 1799 3530 Ἰσραὴλ
1859 3454 1930 3518 εἰς

284 3546 555 3625 ἐθνάρχην
624 3546 710 3600 καὶ
762 3544 978 3620 ἐθναγὸν
1051 3542 1520 3619 ὰποκληρωθέντος
1555 3590 1569 3616 ,
1639 3541 1759 3599 ἀλλ’
1828 3543 1924 3622 ὼς,

284 3636 453 3703 αὒτῆς
484 3634 581 3710 μὲν
611 3639 708 3700 τῆς
740 3640 864 3710 μιᾶς
894 3632 1144 3689 ἁπάντων
1160 3631 1475 3710 7⁰Ὑψίστου
1507 3634 1775 3710 προνοίας,
1801 3632 1928 3688 πάν-

282 3748 385 3790 τας
435 3724 738 3804 ἀνθρώπους
794 3729 1070 3787 σωστικῶς
1138 3736 1261 3788 ταῖς
1335 3724 1441 3780 τῶν
1519 3722 1722 3778 οἱκείων
1773 3719 1928 3798 ἆγγέο

283 3816 398 3873 λων
415 3813 469 3857 τί
503 3815 849 3877 ἆνατατικαῖς
907 3813 1287 3894 χειραγωγίαις
1339 3810 1715 3891 διανειμάσης,
1768 3811 1929 3886 μόνου

287 3906 348 3963 δέ
407 3903 602 3986 σχεδὸν
653 3903 794 3980 παρὰ
848 3903 1050 3965 πάντας
1097 3910 1191 3960 τοῦ
1259 3901 1474 3980 Ἰσραὴλ
1532 3901 1618 3957 ἐπὶ
1687 3900 1786 3967 τὴν
1843 3909 1936 3959 τοῦ

290 3997 464 4062 ὄντως
507 3996 690 4074 Κυρίου
733 3990 1059 4072 φωτοδοσίαν
1123 3994 1206 4048 καὶ
1262 3991 1542 4070 ἐπίγνωσιν
1593 3989 1934 4069 ἐπιστραφέν-

290 4109 410 4151 τος.
473 4075 640 4144 υΟθεν
688 4085 724 4152 ἡ
785 4083 1049 4164 θεολογία,
1083 4085 1144 4139 τὸ
1193 4081 1295 4158 μὲν
1327 4081 1512 4138 ἑαυτὸν
1556 4081 1934 4160 αποκληρῶσαι

288 4179 387 4235 τὸν
445 4173 660 4253 Ἰσραὴλ
683 4173 765 4231 ἐπὶ
813 4174 912 4241 τὴν
972 4182 1062 4232 τοῦ
1110 4171 1276 4236 ὅντως
1327 4178 1458 4228 Θεοῦ
1512 4173 1788 4250 θεραπείαν
1844 4169 1936 4245 ἐμ·

288 4267 572 4348 φαίνουσα,
653 4266 741 4338 τὸ,
821 4262 1082 4341 Ἐγενήθη
1140 4265 1302 4341 μερὶς
1366 4259 1580 4340 Κυρίου,
1642 4259 1823 4340 φησίν⁶
1859 4259 1939 4315 ἐν·

289 4354 607 4430 δεικνυμὲνη
681 4352 736 4409 δὲ
788 4353 876 4432 τὸ,
931 4353 1018 4410 καὶ
1080 4353 1232 4408 αὑτὸν
1289 4352 1344 4408 ἐν
1395 4352 1499 4424 ἴσῳ
1555 4363 1673 4413 τοῖς
1721 4349 1935 4410 λοιποῖς

289 4447 495 4504 ἔθνεσιν
551 4442 952 4518 ἀπονεμηθῆναί
989 4463 1115 4498 ’τινι
1164 4441 1270 4498 τῶν
1319 4440 1482 4518 ἁγίων
1535 4438 1804 4519 ἀγγέλων,
1863 4439 1936 4500 εἰς

2015 3362 2314 3441 Iigendum
2349 3372 2462 3444 est,
2495 3381 2615 3425 non
2645 3371 2815 3442 quasi
2846 3363 3004 3426 Deus
3035 3385 3171 3427 cum
3212 3366 3343 3427 aliis
3375 3365 3492 3428 diis
3539 3385 3655 3428 an-

2012 3452 2233 3531 gelisve
2267 3455 2454 3516 nostri
2490 3455 2741 3536 partitus
2773 3455 2849 3517 sit
2881 3455 3376 3535 gubernationem
3407 3475 3426 3530 ;
3476 3465 3653 3536 atque

2012 3542 2355 3606 Israelitica:
2411 3546 2604 3625 gentis
2664 3545 3088 3626 principatum,
3150 3555 3330 3626 atque
3375 3547 3655 3607 ducatum

2013 3632 2145 3711 ipse
2176 3632 2419 3694 sortitus
2463 3634 2541 3695 sit
2575 3651 2590 3707 ;
2658 3635 2761 3694 sed
2796 3637 2974 3715 quod,
3010 3653 3147 3696 cum
3182 3634 3448 3695 altissimi
3483 3633 3663 3695 unica

2013 3721 2115 3783 illa
2147 3739 2346 3783 rerum
2376 3722 2647 3784 omnium
2669 3724 3062 3802 providentia,
3109 3730 3359 3784 cunctos
3390 3723 3662 3785 homines

2013 3809 2086 3872 ad
2119 3811 2370 3872 salutem
2397 3812 2746 3889 angelorum
2772 3812 3049 3874 ductibus
3077 3812 3386 3874 tradiderit
3412 3829 3660 3891 promo-

2017 3901 2262 3974 vendus,
2299 3901 2459 3963 solus
2477 3901 2664 3963 ferme
2705 3901 2910 3977 Israel,
2941 3920 3062 3982 prae
3083 3901 3385 3976 omnibus,
3417 3900 3492 3962 ad
3528 3901 3662 3962 veri

2019 3991 2126 4055 Dei
2175 3990 2440 4052 notitiam
2471 3998 2529 4052 et
2558 3991 3020 4054 illustrationem
3072 3991 3254 4053 fuerit
3306 4007 3658 4054 conversus.

2017 4080 2220 4162 Itaque
2252 4081 2571 4160 theologia,
2605 4100 2741 4143 cum
2807 4081 3090 4162 populum
3143 4079 3538 4142 Israeliticum
3597 4098 3663 4141 se

2020 4173 2139 4232 veri
2175 4170 2278 4234 Dei
2313 4171 2490 4232 cultui
2526 4171 2900 4252 mancipasse
2959 4180 3179 4246 narrat,
3214 4171 3293 4232 ait
3353 4187 3367 4233 :
3433 4169 3662 4232 Factus

2019 4269 2106 4324 est
2130 4280 2274 4340 pars
2304 4263 2546 4323 Dom-ini
2579 4273 2636 4334 ηις
2675 4280 2808 4322 cum
2837 4252 3032 4323 autem
3057 4260 3484 4341 ostendit,eum
3515 4277 3663 4340 quo-

2019 4369 2159 4430 que,
2198 4349 2322 4430 pari
2348 4368 2482 4412 cum
2509 4351 2745 4414 caeteris
2777 4349 3116 4411 nationibus
3137 4351 3654 4428 jure,sanctorum

2021 4439 2255 4501 cuidam
2305 4441 2648 4518 angelorum
2711 4438 2896 4500 fuisse
2943 4439 3376 4517 consignatum,
3439 4447 3500 4498 ut
3533 4437 3666 4516 ejus

289 4538 358 4593 τὸ
415 4532 482 4590 δι’
537 4534 694 4592 αὗτοῦ
740 4533 844 4589 τὼν
895 4532 1018 4600 μίαν
1074 4530 1319 4589 ἄπὰντων
1396 4529 1573 4609 ἀρχὴν
1631 4529 1930 4612 ἐϊιιγνιῖιναλ¹

2027 4525 2210 4608 opera
2266 4528 2507 4590 unicum
2549 4527 2693 4590 illud
2755 4546 2956 4590 rerum
2993 4529 3260 4589 omnium
3295 4525 3657 4608 principium

293 4629 388 4683 τὸν
445 4622 670 4704 Μιχαὴλ
715 4621 817 4703 ἔφη
869 4628 962 4678 τοῦ
1019 4619 1282 4678 Ἰουδαίων
1328 4622 1576 4698 ἡγεῖσθαι
1635 4618 1790 4699 λαοῦ,
1850 4639 1945 4674 σα-

477 4719 621 4794 ἡμᾶς
707 4714 1083 4773 ἐκδιδάσκουσα
1139 4715 1224 4790 τὸ,
1277 4713 1400 4770 πίαν
1463 4713 1571 4770 ἷναι
1649 4713 1754 4769 τῶν
1807 4709 1946 4766 ὅλων

296 4799 580 4887 πρόνοιαν,
643 4805 865 4863 ἁπασῶν
942 4805 1048 4862 τῶν
1107 4802 1347 4883 αορᾶτων
1403 4806 1489 4862 καὶ
1538 4805 1740 4881 ὁρατῶν
1797 4799 1950 4857 δυνά·

301 4919 452 4974 μεων
507 4897 831 4976 ὑπερουσίως
919 4892 1359 4974 ὑπιριδρυμένην⁹
1433 4893 1634 4951 πάντα(
1694 4889 1748 4946 δὲ
1822 4890 1944 4953 τοὺς

299 4985 420 5046 καθ’
483 4985 707 5044 ἕκαστον
775 4984 918 5047 ἔθνος
999 4985 1410 5047 ἐπιστατοῦντας
1487 4980 1743 5062 ἀγγέλους
1776 5026 1794 5056 ,
1857 4977 1940 5036 ἐπ’

299 5078 469 5145 αυτὴν
524 5077 597 5142 ὡς
648 5075 844 5134 οἰκείαν
899 5070 956 5116 ἠ
1006 5074 1186 5154 ἀρχὴν
1241 5074 1361 5137 τοὺς
1404 5071 1695 5149 ἑπομένως
1730 5068 1943 5128 ἐθελου-

298 5167 456 5245 σίως,
496 5164 600 5233 ὅση
655 5163 897 5243 δύναμις,
941 5164 1330 5226 ἁνατείνοντας.

295 4724 412 4800 φῶς

382 5389 399 5428 ¹
428 5389 582 5456 Dan.
615 5408 679 5458 ιι.
765 5399 804 5429 ’⁸
833 5390 1006 5456 Deut.
1048 5405 1233 5472 nx",
1263 5389 1325 5456 9.
1410 5402 1439 5434 ιι
1465 5390 1617 5454 Dan.
1641 5401 1704 5450 ι.

2027 4621 2766 4700 agnosceret,Michaelein
2789 4619 3038 4684 Judaico
3069 4619 3286 4701 populo
3317 4619 3662 4699 praefectum

2029 4710 2226 4784 tradit,
2263 4717 2471 4789 aperte
2501 4710 2724 4772 docens
2757 4709 2989 4772 unicam
3044 4727 3180 4771 esse
3225 4714 3494 4771 omnium
3525 4724 3664 4788 pro-

2025 4799 2367 4866 videntiam,
2399 4800 2488 4859 88
2546 4817 2681 4876 quas
2711 4798 2941 4861 cunctis
2989 4798 3167 4861 simul
3224 4809 3341 4860 tam
3391 4795 3666 4858 invisibi-

2027 4887 2186 4951 libus
2215 4906 2389 4969 quam
2425 4887 2762 4950 visibilibus
2786 4887 3102 4949 virtutibus
3136 4885 3667 4967 superessentiali-

2028 4985 2120 5040 ter
2148 4985 2383 5058 praastet
2414 4991 2440 5020 η
2469 4996 2488 5051 ς
2541 4995 2752 5039 omnes
2799 4986 2995 5039 autem
3021 4976 3268 5056 angelos
3297 4975 3667 5055 singularum

2025 5067 2292 5146 gentium
2324 5066 2657 5148 praefectos,
2701 5066 2775 5128 ad
2829 5065 2977 5128 illud
3038 5065 3233 5148 ipsum
3281 5064 3666 5146 principium,

2029 5164 2091 5219 ut
2113 5157 2443 5238 proprium,
2470 5173 2597 5238 eos,
2621 5155 2723 5238 qui
2781 5155 2936 5219 ultro
2970 5174 3043 5219 ac
3095 5163 3312 5236 sponte
3341 5161 3671 5236 sequantur

2029 5246 2359 5311 deducere.

1626 5481 1886 5550 VARIE
1925 5480 2365 5548 LECTIONES.

382 5599 451 5653 69
472 5603 819 5661 τυπωθιισῶν
851 5602 954 5660 ὑπὸ
979 5601 1088 5660 τῶν
1113 5597 1380 5680 ἀγγέλων,
1572 5597 1670 5680 8.-
1704 5594 1940 5680 ὑπὸ-τῶν
1962 5609 2081 5656 non
2111 5599 2204 5654 est
2231 5589 2295 5653 in
2329 5589 2400 5655 Β.
2486 5590 2550 5645 70
2577 5593 2825 5652 ἁπάντων
2858 5608 2978 5655 non
3011 5586 3217 5652 habuit
3258 5585 3394 5660 CIL,
3428 5582 3669 5664 πάντων,

298 5681 377 5750 1).
463 5681 514 5727 ⁷¹
537 5681 651 5748 Ch.
682 5685 853 5767 ἁγίων
878 5672 1176 5766 ἀγγέλων.’
1200 5672 1210 5680 ’
1230 5679 1295 5732 ἠ
1426 5677 1511 5737 ἐπ’
1541 5678 1759 5754 οἰκείαν,
1791 5672 1863 5739 Ι).
