4078 6204
471 311 587 375 267

1642 298 1705 376 s.
1755 296 2095 378 DIONYSII
2125 315 2662 383 AREOPAGITE.

3735 304 3849 388 968

470 443 638 535 ordo,
664 533 669 535 Α
696 450 902 524 utpote
944 448 1176 535 secreto
1227 441 1348 535 _Deo
1395 444 1894 527 appropinquans,
1933 450 2116 530 magis

2206 450 2340 517 τάξιν
2388 452 2630 531 ἱεραρχεῖ
2664 465 2677 481 ⁸
2709 454 2745 521 ἡ
2807 450 2862 507 δὲ
2928 450 3163 533 δευτέρα,
3223 452 3258 521 ἡ
3319 458 3419 521 τῆς
3462 453 3635 529 μέσης
3666 458 3844 535 ἱεραρ-

470 532 701 595 occulte
742 531 1004 595 secundo
1049 530 1247 594 ordini
1288 549 1387 594 res
1433 552 1631 595 sacras
1660 536 2071 602 subministrat
2104 560 2117 602 :

471 622 773 685 secundus
801 641 962 698 vero,
996 623 1095 702 qui
1129 628 1216 684 est
1241 622 1452 685 media:
1473 624 2120 701 hierarchiaemltimam

467 714 863 776 bierarcliiam
886 712 1258 795 moderatur,
1277 714 1650 777 manifestius
1678 716 1920 796 quidem
1947 739 2119 801 quam

470 803 722 884 primus,
768 802 1060 866 occultius
1088 820 1232 865 vero
1291 822 1469 884 quam
1504 822 1790 886 sequens;
1816 827 1993 887 porro
2028 809 2117 871 υι-

472 892 651 953 timus
697 892 843 955 ordo
883 892 1161 955 humanis
1181 892 1539 955 hierarchiis
1563 905 1797 975 praeest.
1824 898 2119 960 Caeterum

470 1002 603 1044 cum
640 990 759 1045 tres
810 982 1049 1045 ordines
1096 982 1238 1065 sint,
1294 984 1724 1047 illustrationes
1781 986 1895 1047 sibi
1920 996 2123 1049 mutuo

472 1073 872 1138 manifestam.
909 1074 1334 1136 Verumtamen
1396 1073 1741 1151 dicendum,
1827 1078 2124 1157 quomodo

472 1163 701 1243 primus
732 1163 975 1244 quidem
1001 1163 1232 1225 ordinis
1253 1163 1623 1245 principatus
1645 1173 1919 1247 sequenti
1944 1168 2123 1230 simul

471 1253 1006 1315 manifestationem
1034 1252 1341 1327 infuderit,
1376 1260 1435 1313 et
1466 1272 1584 1315 nou
1608 1255 1760 1317 alius
1793 1275 1899 1337 per
1917 1256 2121 1337 alium,

471 1350 527 1404 et
549 1343 827 1404 similiter
863 1342 1164 1404 secundus
1194 1343 1366 1417 ordo;
1414 1350 1624 1405 tertius
1665 1363 1825 1426 vero,
1851 1345 2001 1408 alius
2023 1365 2130 1427 per

471 1432 655 1497 alium
688 1432 859 1495 nobis
890 1432 1161 1494 infundat
1192 1430 1991 1497 illustrationes.Dicendum
2026 1437 2128 1497 ita-

472 1523 776 1606 que,quod
806 1525 869 1585 in
903 1522 1201 1603 prioribus
1231 1522 1566 1604 ordinibus,
1603 1543 1739 1586 cum
1773 1532 1888 1586 tam
1917 1526 2130 1587 dantes

472 1633 647 1694 quam
674 1614 1033 1695 accipientes
1079 1612 1271 1692 angeli
1321 1613 1461 1689 sint,
1516 1613 1577 1674 in
1626 1613 1743 1675 illis
1802 1615 2129 1677 secundum

472 1713 740 1766 naturam
787 1722 908 1766 non
958 1719 1236 1783 magnam
1298 1719 1429 1763 esse
1473 1702 1903 1786 diversitatem,
1947 1706 2034 1766 9i
2068 1718 2136 1771 ut

2205 541 2385 621 χίας,
2454 542 2668 620 ἡγεῖται
2717 546 2816 609 τῆς
2868 541 3109 622 ἐσχάτης
3164 543 3461 622 ἱεραρχίας,
3518 542 3849 624 ἐμφανεστέο

2206 653 2309 709 ρως
2370 631 2470 706 μὲν
2518 632 2649 708 πρὸς
2703 631 2799 699 τὴν
2857 631 3099 709 πρώτην,
3144 630 3605 713 κρυφιωδεστέρως
3636 632 3691 689 δὲ
3724 636 3851 711 πρὸς

2213 720 2300 790 τὴν
2357 721 2476 796 μετ’
2532 721 2695 789 αὒτὴν
2730 736 2744 752 ⁹
2808 722 2842 789 ἡ
2884 719 2940 776 δὲ
2991 720 3202 801 ἐσχάτη
3252 721 3395 787 τάξις
3448 735 3571 786 ταῖς
3600 724 3858 801 ἀνθρωπί-

2206 836 2320 877 ναις
2376 813 2673 893 ἱεραρχίαις
2732 813 3031 877 ἐπιστατεῖ,
3097 814 3239 882 Πλὴν
3283 815 3372 870 επὶ
3427 815 3545 886 τρία
3609 816 3859 894 τάγματὰ

2208 905 2329 984 εἶσι,
2391 901 2456 958 δι’
2502 902 2753 972 ἀλλήλων
2798 903 3107 983 ἐμφαίνουσι
3166 904 3262 967 τὰς
3313 902 3631 982 ἐλλάμψεις,
3711 904 3858 973 Πλὴν

2208 992 2529 1073 ἆπορητέον,
2571 998 2688 1057 πῶς
2751 994 2786 1061 ἡ
2819 993 2918 1068 μὲν
2975 993 3163 1072 πρώτη
3220 991 3509 1075 ταξιαρχία
3556 996 3670 1070 ἅμα
3692 993 3859 1051 ἐνεδί-

2210 1082 2300 1143 δου
2328 1084 2428 1151 τὴν
2486 1081 2733 1161 ἔκφανσιν
2762 1090 2831 1160 τῇ
2891 1080 3009 1159 μετ’
3069 1084 3260 1164 αὐτὴν,
3334 1086 3421 1141 καὶ
3479 1086 3573 1143 οὔκ
3604 1083 3746 1152 ἄλλη
3790 1079 3858 1141 δι’

2209 1172 2401 1248 ἄλλης,
2464 1174 2550 1230 καὶ
2606 1175 2641 1243 ἡ
2690 1171 2907 1248 δευτέρα
2966 1173 3162 1249 ὁμοίως
3200 1191 3214 1205 ·
3254 1176 3288 1243 ἡ
3340 1171 3395 1230 δὲ
3453 1194 3515 1253 γε
3544 1175 3696 1254 τρίτή
3720 1173 3861 1242 ἄλλη

2209 1260 2275 1320 δι’
2306 1261 2474 1330 ἄλλης
2501 1264 2595 1325 τὰς
2646 1264 2778 1341 πρὸς
2826 1262 2964 1339 ἦμᾶς
2997 1261 3292 1339 ὲλλίμψεις
3323 1261 3607 1324 ἐνδίδωσιν.
3655 1263 3864 1323 "Eni:

2212 1356 2300 1410 οὖν
2346 1354 2541 1433 εἰπεῖν,
2594 1352 2675 1409 ὅτι
2732 1355 2819 1409 επὶ
2870 1365 2994 1417 ταῖς
3059 1352 3337 1433 προτέραις
3369 1351 3746 1429 τάξεσιν,ὲπεὶ
3775 1360 3864 1415 καὶ

2212 1446 2259 1500 οἱ
2326 1439 2691 1516 μεταδιδόντες
2763 1442 2851 1499 καὶ
2899 1444 2946 1498 οἱ
3015 1440 3338 1523 μετέχοντες
3427 1439 3646 1522 ἄγγελοί
3704 1445 3862 1517 εἰσιν,

2214 1533 2310 1590 οὒκ
2355 1532 2464 1589 ἔστι
2522 1534 2584 1588 τὸ
2643 1530 2805 1609 μέσον
2864 1532 3037 1588 αὐτῶν
3094 1532 3229 1589 πολὺ
3272 1533 3407 1589 κατὰ
3461 1536 3612 1614 φύσιν
3644 1532 3864 1613 παραλ-

2215 1621 2403 1680 λάττον
2432 1670 2446 1698 ,
2500 1621 2595 1678 ⁴ίνιι
2652 1623 2832 1685 ποσῶς
2901 1618 2987 1678 διὰ
3043 1624 3198 1680 τοῦτο
3269 1622 3427 1679 οἱονεὶ
3513 1644 3866 1704 κατακερμα-

2215 1713 2416 1779 τισθείη
2472 1713 2507 1780 ἦ
2576 1709 2870 1787 ἔλλαμψις,
2920 1711 3009 1767 καὶ
3061 1712 3265 1777 ε’ὑθετος
3316 1724 3435 1777 τοῖς
3466 1711 3700 1793 ὑστέροις
3735 1713 3867 1792 πρὸς

474 1793 644 1856 toties
677 1812 829 1873 opus
861 1793 938 1854 sit
986 1792 1428 1873 quodammodo
1454 1791 1752 1855 subdividi
1781 1793 2121 1856 illustratio-

2216 1800 2492 1882 ὑποδοχήν
2564 1800 2786 1880 γένηται
2822 1847 2839 1864 ,
2893 1798 3150 1860 Ἐνταῦθα
3222 1799 3300 1875 δὲ,
3376 1800 3488 1859 incl
3573 1791 3635 1858 τὸ
3699 1791 3867 1878 μέσον

470 1907 745 1965 nem,quo
763 1892 1183 1964 posterioribus
1197 1900 1366 1963 captu
1380 1891 1561 1949 facilis
1578 1891 2121 1961 evadat.Hicautem,

2212 1895 2366 1961 ἡμῶν
2422 1913 2480 1948 τε
2537 1891 2625 1948 καὶ
2668 1897 2775 1947 τῶν
2825 1889 3068 1969 ἀγγέλων
3134 1890 3292 1967 πολύ,
3354 1889 3439 1949 διὰ
3498 1898 3654 1951 τοῦτο
3723 1890 3866 1960 ἄλλη

470 1992 607 2036 cum
630 1974 876 2036 multum
914 1973 1148 2035 intersit
1174 1973 1326 2033 inter
1378 1991 1487 2034 nos
1517 1979 1576 2034 et
1604 1972 1869 2054 angelos,
1900 1973 2121 2036 idcirco

2214 1980 2283 2039 δι’
2342 1980 2513 2049 ἄλλης
2569 1978 2827 2055 λαμϐάνει
2888 1981 2985 2047 τὴν
3016 1979 3221 2057 λάμψιν
3250 1979 3285 2048 ἥ
3316 1982 3403 2038 καὶ
3453 1981 3552 2049 τὴν
3584 1980 3868 2062 ἀγγελίαν,

472 2064 619 2124 alius
650 2082 755 2144 per
774 2064 955 2125 alium
988 2062 1208 2143 accipit
1230 2063 1684 2124 illustrationem
1716 2082 1786 2124 ac
1829 2064 2121 2144 nuntium,

2215 2078 2287 2141 ὡς
2331 2074 2391 2136 ἄν
2445 2071 2757 2153 ἆπονωτέρα
2835 2071 2955 2131 κατ’
3024 2072 3205 2153 ὀλίγον
3259 2076 3396 2149 ἡμῖν
3455 2080 3724 2155 καταστῇ,
3782 2076 3873 2132 καὶ

474 2162 535 2215 ut
575 2154 812 2215 facilius
857 2155 937 2214 ita
995 2153 1158 2213 brevi
1186 2152 1261 2213 ad
1320 2170 1429 2213 nos
1469 2152 1800 2233 perveniat,
1848 2154 2121 2215 manifes-

2218 2164 2601 2246 ἐμφανέστερον
2657 2152 2717 2220 τὸ
2773 2164 3025 2240 βούλημα
3082 2161 3486 2235 δηλωθήσηται.
3557 2165 3656 2221 Διά
3708 2152 3873 2223 τοῦτο

475 2243 708 2324 tiusque
760 2242 1067 2305 decretum
1122 2243 1229 2305 Dei
1288 2241 1459 2335 nobis
1486 2242 1851 2335 declaretur.
1899 2243 2121 2306 Idcirco

2215 2241 2358 2334 >έγει
2396 2254 2625 2335 ὁᾲᾶγιος,
2654 2252 2821 2335 ’ίναῇ
2876 2255 3012 2311 κατὰ
3055 2252 3200 2335 τοίξιν
3256 2256 3291 2323 ἡ
3352 2256 3483 2335 προς
3542 2256 3673 2312 Θεὸν
3733 2255 3874 2322 ἆναη

474 2333 554 2405 ait
576 2333 673 2395 hic
704 2340 1036 2412 sanctus,ut
1072 2332 1184 2394 hoc
1204 2332 1413 2394 ordine
1432 2332 1505 2393 ad
1537 2331 1724 2394 Deum
1740 2335 1819 2394 sit
1847 2351 2121 2395 ascensus

2214 2331 2368 2415 γωγή
2428 2331 2513 2391 διὰ
2576 2334 2796 2413 Θεωρίας
2855 2381 2870 2406 ,
2934 2339 3021 2392 καὶ
3074 2331 3511 2413 ἒπιστροφὴθιὰ
3574 2336 3818 2408 πράξεως
3856 2383 3872 2406 ,

474 2442 583 2505 ρει·
612 2423 1201 2503 contemplationem,
1239 2430 1296 2484 et
1341 2421 1652 2483 conversio
1688 2441 1794 2502 per
1824 2433 2115 2503 operatio-

2214 2428 2301 2482 καὶ
2354 2424 2598 2482 κοινωνία
2643 2421 2710 2479 δι’
2765 2422 3110 2500 ἐλλάμψεως,
3173 2424 3262 2481 καὶ
3319 2422 3407 2480 διά
3448 2425 3549 2491 τῆς
3570 2425 3709 2480 κατὰ
3756 2424 3875 2503 χά-

474 2532 637 2594 nem,
674 2522 731 2575 et
789 2516 1130 2575 communio
1166 2530 1274 2593 per
1321 2511 1805 2589 illustrationem,
1859 2531 1971 2575 nec
2006 2532 2121 2575 non

2214 2538 2290 2594 ριν
2348 2515 2590 2579 θεώσεως
2644 2511 2856 2578 ἕνωσις.
2921 2512 3186 2595 ’Ἔχομεν
3235 2520 3362 2593 γοῦν
3435 2511 3571 2571 κατᾶ
3626 2513 3872 2591 βαθμοὺς

476 2622 582 2685 per
604 2610 805 2682 gratiae
822 2603 1263 2665 deiticationem
1290 2600 1764 2664 unio.Habemus
1793 2602 1991 2683 itaque
2022 2622 2121 2683 per

2212 2606 2308 2673 τὴν
2363 2607 2495 2683 πρὸς
2555 2606 2685 2661 Θεὸν
2742 2602 2948 2661 ἄνοδον*
3019 2606 3108 2661 καὶ
3157 2602 3235 2660 ἶν’
3264 2604 3489 2681 ᾒπάλιν
3519 2606 3657 2661 κατᾶ
3686 2604 3872 2681 τάξιν,

473 2693 691 2773 gradus
722 2710 1040 2754 ascensum
1071 2691 1143 2752 ad
1159 2692 1443 2764 Deum;et
1467 2698 1530 2751 ut
1560 2690 1639 2751 sit
1665 2690 1921 2751 vicissim
1943 2694 2121 2752 etiam

2212 2697 2299 2752 καὶ
2345 2698 2381 2766 ἦ
2415 2695 2521 2751 ἀπὸ
2552 2695 2685 2751 Θεόῦ
2717 2695 2846 2774 πρὸς
2903 2695 3052 2765 ἡμᾶς
3111 2690 3419 2770 ἐνδιδομένη
3480 2694 3670 2757 πάςαις
3738 2694 3874 2760 ταῖς

477 2782 809 2844 secundum
842 2782 1120 2849 ordinem
1152 2800 1184 2842 a
1218 2778 1579 2844 Deoiuditus
1597 2779 1878 2842 omnibus
1906 2780 2121 2842 bierar—

2213 2788 2535 2868 ίεραρχίαις,
2608 2788 2695 2844 καὶ
2754 2792 3081 2852 κοινωνικῶς
3150 2786 3481 2868 ὲπιιροιτῶσα
3540 2783 3607 2843 δι’
3664 2786 3876 2865 ἀγαθό-

478 2873 629 2933 chiis
655 2874 725 2934 ad
762 2892 868 2934 nos
920 2889 1259 2953 processus,
1297 2888 1402 2951 per
1431 2868 1755 2932 bonitatem
1788 2871 2121 2933 communi-

2212 2900 2350 2947 τητα
2404 2874 2649 2957 πρόοδος,
2706 2874 2791 2934 διὰ
2875 2878 3030 2934 τοῦτο
3082 2878 3171 2933 καὶ
3230 2878 3266 2946 ἡ
3344 2876 3456 2934 Θεία
3509 2877 3693 2957 Γραφὴ
3750 2890 3877 2942 τοῖς

478 2971 684 3024 canter
701 2963 1048 3023 exundans:
1099 2961 1326 3022 idcirco
1350 2960 1524 3021 etiam
1564 2960 1764 3021 divina
1797 2960 2121 3043 Scriptura,

2213 2966 2460 3047 ἀγγέλοις
2520 2968 2586 3025 τὰ
2641 2964 2757 3024 καθ’
2814 2968 2958 3043 ἡμᾶς
3004 2966 3371 3043 ἆπονενέμηκε
3405 2981 3421 2997 ⁸
3483 2972 3584 3023 ποῦ
3628 2966 3728 3040 μὶ»
3775 2964 3880 3045 ἄρ-

477 3052 708 3130 angelis
723 3072 791 3114 ea
834 3071 964 3133 qua)
994 3052 1067 3113 ad
1100 3070 1209 3113 nos
1243 3060 1517 3131 spectant
1548 3050 1848 3113 distribuit
1879 3074 1894 3125 ;
1931 3069 2121 3129 quan-

2213 3059 2384 3138 χοντα
2434 3063 2527 3114 τοῦ
2594 3047 2855 3117 Ἰουδαίων
2904 3054 3035 3115 λαοῦ
3098 3058 3189 3114 τὸν
3248 3053 3473 3136 Μιχαὴλ
3532 3054 3873 3131 δνομάζουσα

480 3143 682 3221 doque
714 3143 872 3204 enim
907 3141 1239 3224 principem
1274 3140 1481 3222 populi
1508 3140 1853 3205 Judaaorum
1882 3160 2121 3204 vocasse

2210 3150 2267 3204 ἐν
2292 3148 2403 3242 fit
2440 3145 2643 3242 Δανιὴλ
2714 3145 2955 3242 εὕρῃται,
3022 3146 3111 3204 καὶ
3127 3144 3353 3242 ..ἄλλοιὲ
3393 3143 3807 3242 ’ἄλλξυνῃέργῶν
3856 3159 3875 3177 ⁸

480 3214 778 3311 reperitur
807 3231 868 3293 in
900 3214 1144 3294 Daniel'e
1176 3214 1553 3312 Michaelem,
1586 3231 1669 3292 uti
1710 3241 1770 3294 et
1801 3231 1951 3293 alios
1977 3250 2121 3311 gen-

2220 3233 2320 3286 ποῦ
2357 3214 2413 3285 δὲ
2483 3214 3066 3306 λὲγόυσα’”Ἐστῆσεν
3124 3225 3245 3307 ὅρια
3297 3226 3459 3284 ἐθνῶν
3506 3227 3534 3283 ὁ
3598 3214 3881 3303 ΗΓψισίιεος

480 3325 625 3384 tium
648 3324 896 3386 aliarum
934 3324 1313 3404 ;quandoque
1344 3342 1484 3386 vero
1519 3322 1601 3386 ait
1628 3342 1642 3385 :
1665 3324 1893 3388 Statuit
1924 3326 2121 3387 termi-

2216 3317 2352 3375 κατὰ
2401 3316 2619 3396 ἀριθμὸν
2650 3315 2900 3396 ἀγγέλων
2969 3322 3126 3393 Θεοῦ,
3185 3317 3261 3383 ὡς
3311 3315 3363 3375 ἑν
3424 3320 3492 3393 τῇ
3520 3313 3736 3396 δευτέρᾳ

479 3430 590 3474 nos
630 3416 907 3492 gentium
929 3415 1281 3475 Altissimus
1307 3416 1487 3491 iuxta
1517 3430 1844 3477 numerum
1874 3414 2121 3495 angelo‘

2213 3416 2305 3467 τοῦ
2338 3406 2574 3470 Μωσέως
2598 3404 2841 3486 εὕρηται.

480 3521 615 3564 rum
654 3503 786 3577 Dei,
815 3504 948 3565 utin
968 3504 1231 3566 secundo
1259 3503 1492 3566 cantico
1528 3503 2061 3585 Moysisinvenitur
2078 3531 2126 3575 ρ.

558 3593 700 3674 §|II.
733 3593 884 3656 Hinc
910 3594 1083 3655 solvit
1113 3602 1520 3673 emergentem
1552 3584 1816 3675 aliquam
1841 3593 2121 3671 quaestio-

2288 3584 2446 3667 §IIL
2482 3588 2749 3649 Ἐντεῦθεν
2807 3588 2919 3647 λὺεί
2988 3590 3389 3652 ἂνακὺπτουσαν
3449 3612 3569 3648 τινα
3612 3586 3880 3668 ἀπορίαν.

479 3692 884 3759 nem.Qu:estio
915 3701 1105 3750 autem
1137 3693 1255 3749 haec
1290 3704 1401 3751 est:
1427 3693 1942 3765 Quomodo,inquit
1980 3707 2121 3759 ,cum

2213 3677 2276 3736 Ἠ
2307 3678 2431 3756 γοῦν
2458 3679 2651 3757 ἀπορία
2684 3698 2696 3711 ·
2736 3677 2842 3742 Καὶ
2915 3684 3052 3756 πῶς,
3108 3705 3296 3764 φησιν,
3346 3680 3591 3760 ἀγγέλων
3651 3679 3874 3757 ἀγαθῶν

481 3784 615 3837 boni
636 3783 819 3853 angeli
858 3783 1124 3852 gentibus
1155 3782 1398 3852 praefecti
1420 3782 1722 3848 sint,solus
1744 3782 1918 3839 Israél
1945 3782 2121 3840 Deum

2211 3767 2521 3847 ἐφεστώτων
2549 3782 2669 3833 τοῖς
2719 3768 2913 3844 ἔθνεσι,
2973 3770 3135 3846 μόνος
3165 3774 3194 3828 ὁ
3226 3771 3441 3851 Ἰσραὴλ
3487 3770 3749 3849 ἒγίνωσκε
3778 3770 3882 3825 τὸν

480 3867 765 3936 cognovit,
785 3866 879 3924 alii
909 3879 1098 3924 autem
1123 3868 1291 3924 idolis
1325 3868 1720 3925 adhaeserunt?
1745 3867 1965 3925 Solutio
1994 3881 2121 3926 vero

2212 3859 2362 3934 Θεὸν,
2415 3860 2462 3915 οἱ
2511 3856 2568 3915 δὲ
2616 3857 2766 3916 ἄλλοι
2800 3858 2922 3923 τοῖς
2970 3858 3207 3925 εἰδώλοις
3252 3872 3619 3940 προσανετχον
3654 3878 3673 3940 ;
3714 3857 3782 3915 Ἠ
3819 3857 3877 3916 δὲ

481 3962 565 4010 est
598 3955 722 4020 ista,
746 3955 899 4026 quod
924 3957 1199 4013 nimirum
1230 3966 1562 4014 ceterarum
1590 3958 1846 4029 gentium
1872 3958 1943 4015 ad
1973 3958 2121 4018 idola

2210 3947 2382 4029 λύσις,
2428 3946 2509 4004 ὅτι
2540 3950 2600 4006 οὗ
2625 3948 2735 4031 χρὴ
2757 3949 3151 4019 αὶτιᾶσθαιτῆς
3209 3950 3294 4008 ἐπί
3344 3952 3411 4008 τὰ
3461 3947 3666 4007 εἴδωλα
3731 3948 3882 4007 ἀπο·

481 4043 719 4101 defectio
749 4044 1116 4117 deceptioque
1144 4045 1311 4103 rectis
1335 4046 1668 4117 angelorum
1698 4047 2121 4119 gubernationi-

2210 4035 2526 4108 πλανήσεως
2581 4045 2686 4095 τῶν
2745 4037 2939 4118 ἐτέρων
2998 4038 3182 4113 ἐθνῶν,
3240 4041 3336 4104 τὰς
3395 4039 3593 4104 εὖθείας
3634 4041 3876 4095 ἓπιστα-

478 4134 588 4189 bus
606 4148 967 4209 nequaquam
998 4135 1327 4207 imputanda
1361 4137 1708 4207 sit(observa
1727 4152 2121 4211 vero,quomo-

2212 4126 2326 4191 σίας
2353 4133 2460 4183 τῶν
2509 4126 2752 4206 ἀγγέλων
2795 4126 2916 4208 (ὅρα
2959 4127 3013 4185 δὲ
3044 4128 3125 4186 ὅτὶ
3165 4131 3296 4209 πρὸς
3329 4129 3428 4197 τὴν
3459 4126 3873 4204 ἀποπλάνησιν,

481 4224 553 4279 do
581 4225 879 4283 defectioni
899 4235 1112 4283 rectam
1144 4227 1622 4297 gubernationem
1643 4229 2031 4300 opponit),sed
2054 4230 2121 4287 il-

2212 4218 2418 4275 εὒθεῖαν
2466 4217 2644 4275 εἶπειν
2698 4217 3070 4298 ἐπιστασίαν),
3116 4217 3237 4275 ἀλλ’
3267 4219 3601 4277 αἰτιάσασθαι
3629 4217 3745 4298 χρὴ
3780 4217 3877 4274 αὗ-

481 4314 550 4370 lis
576 4315 894 4387 ipsis,quod
934 4317 1185 4387 propriis
1224 4319 1671 4389 spontaneisque
1708 4318 1955 4377 motibus
1978 4334 2011 4377 a
2037 4333 2121 4378 re-

2210 4307 2330 4370 τοὺς
2383 4306 2639 4381 ἐκείνους,
2695 4308 3157 4372 ὰποπεπτωκότας
3215 4310 3311 4376 τῆς
3390 4309 3523 4388 πρὸς
3574 4307 3666 4364 τὸν
3734 4307 3876 4364 Θεόν

477 4414 579 4471 cta,
632 4420 761 4476 quae
804 4407 876 4464 ad
920 4407 1102 4465 Deum
1154 4407 1511 4473 ducebat,via
1564 4423 1665 4479 per
1694 4423 1950 4467 amorem
1994 4423 2121 4481 pro-

2210 4396 2494 4475 ἀναγωγῆς
2557 4398 2775 4461 οἰκείαις
2842 4399 2931 4455 καὶ
2979 4397 3331 4464 αὒτεξουσίοις
3402 4400 3599 4476 ὁρμαῖς
3660 4399 3717 4453 ἓν
3768 4420 3876 4477 ιρι-

476 4474 666 4567 prium
699 4497 1090 4555 retractarium
1121 4474 1649 4570 deﬂexerint,etper
1677 4513 1837 4555 suam
1871 4474 2121 4569 pervica-

2209 4474 2414 4559 λαδτια
2465 4486 2836 4562 ἀνυποτάκτῳ,
2884 4488 2971 4545 καὶ
3002 4485 3245 4561 αὐθαδείᾳ
3272 4488 3403 4567 πρός
3436 4474 3513 4545 ήτὸ
3544 4484 3731 4546 δοκοῦν
3764 4474 3874 4545 αὖ-

476 4577 627 4638 ciam
661 4578 733 4638 ad
765 4578 848 4652 id,
882 4578 981 4640 cui
1021 4578 1283 4639 divinum
1309 4577 1615 4659 quidpiam
1648 4577 1849 4641 inesse
1874 4577 2121 4641 arbitra-

2207 4589 2325 4639 τοῖς
2368 4574 2838 4644 ἂποπλανηθέντας
2896 4575 3209 4651 σεϐάσμιον.
3272 4580 3345 4637 Οὒ
3385 4577 3484 4657 γὰρ
3542 4577 3708 4654 μόνον
3767 4577 3874 4645 τῆς

477 4666 716 4742 bantur,
745 4668 1061 4731 colendum
1085 4668 1610 4734 desciverint.N0n
1630 4670 1825 4731 solum
1860 4670 2015 4732 enim
2047 4668 2121 4732 ab

2206 4668 2335 4744 πρὸς
2382 4667 2444 4723 τὸ
2490 4666 2650 4725 Θεῖον
2695 4665 2981 4746 ἀναγωγῆς
3043 4667 3518 4747 ἆποπεπτώκασιν,
3569 4664 3709 4722 ἀλλὰ
3780 4666 3871 4723 καὶ

474 4774 567 4830 ea,
611 4776 740 4838 quae
770 4760 845 4820 ad
881 4757 1065 4819 Deum
1113 4757 1385 4840 ducebat,
1423 4759 1518 4821 via
1548 4758 1880 4836 deviarunt,
1914 4776 2117 4823 verum

476 4845 651 4907 etiam
683 4847 757 4908 iis
787 4847 889 4928 qui
913 4866 1031 4910 non
1062 4856 1231 4909 erant
1263 4847 1343 4908 dii
1367 4867 1471 4929 pro
1504 4848 1719 4929 placito
1750 4867 1857 4911 suo
1888 4848 2114 4910 cultum

471 4934 735 4997 divinum
790 4937 1150 4999 tribuerunt.
1186 4936 1350 5009 Quod
1384 4939 1579 5018 ipsum
1622 4938 1799 5000 etiam
1829 4936 2116 5001 Hebraeo-

468 5049 599 5092 rum
629 5036 841 5107 popqu
869 5038 1179 5109 contigisse
1210 5047 1583 5103 memoratur,
1607 5038 1839 5110 quando
1868 5038 2117 5109 peccavit

467 5132 522 5182 et
552 5126 794 5184 vitulum
819 5126 1103 5185 conﬂavit.
1137 5128 1499 5199 Agnitionetn
1541 5130 1696 5186 enim
1729 5128 1822 5186 Dei
1854 5127 2116 5199 repulisti

469 5217 720 5286 (quando
740 5218 1062 5274 nimiruma
1089 5215 1175 5273 via
1206 5216 1307 5273 Dei
1333 5216 1596 5290 descivit)
1611 5225 1665 5277 et
1687 5227 1812 5291 post
1834 5232 1935 5276 cor
1956 5227 2117 5276 tuum

464 5306 768 5365 ambulasti
800 5306 1048 5379 (quando
1072 5306 1342 5364 nimirum
1375 5322 1570 5367 amore
1593 5310 1831 5381 proprio
1856 5308 2115 5380 pervica-

2202 4768 2320 4819 τοῖς
2365 4755 2443 4831 μὴ
2469 4754 2581 4812 οὖσι
2622 4759 2767 4821 θεοῖς
2798 4756 3060 4836 ἀνάλογον
3084 4763 3152 4836 τῇ
3174 4755 3390 4828 δοκήσει
3436 4757 3641 4813 ἑαυτῶν
3671 4756 3734 4811 τὸ
3777 4755 3868 4812 σέ.

2200 4842 2290 4911 ϐος
2333 4826 2760 4909 ἀποδεδώκασιν.
2816 4826 2898 4905 "0
2950 4826 3015 4916 δῆ
3211 4826 3419 4910 αὐτόςὸ
3450 4847 3558 4904 τῶν
3601 4841 3867 4924 Ἐϐραίων

2200 4933 2329 4998 λαὸς
2381 4933 2695 4992 πεπονθέναι
2747 4934 2983 5016 λέγεται,
3035 4935 3123 4993 ὅτε
3169 4937 3376 5015 ἥμαρτε
3410 4978 3427 5009 ,
3475 4936 3562 5010 καὶ
3607 4933 3856 5015 ἐμοσχο-

2198 5023 2443 5092 ποίησεν.
2497 5023 2815 5103 Ἐπίγνωσιν
2885 5026 2985 5103 γὰρ
3035 5024 3167 5083 Θεοῧ
3228 5025 3432 5083 ἀπώσω
3504 5027 3709 5103 (τοῦτο,
3776 5023 3862 5081 ὅτι

2198 5113 2296 5181 τῆς
2339 5112 2472 5191 πρὸς
2523 5114 2586 5170 τὸ
2620 5112 2781 5171 Θεῖον
2811 5114 3098 5194 ἀναγωγῆς
3145 5114 3527 5191 ἀποπίπτωκε)
3555 5117 3648 5173 καὶ
3676 5113 3853 5171 ὀπίσω

2196 5208 2296 5272 τῆς
2354 5200 2568 5282 καρδίας
2623 5224 2718 5261 σου
2775 5202 3065 5283 ἐπορεὺθης
3117 5206 3312 5281 (τοῦτο,
3348 5205 3429 5263 ὅτι
3459 5203 3514 5261 ἐν
3554 5226 3626 5281 τῃ
3654 5199 3858 5284 φιλαυ-

2193 5315 2281 5367 τιᾳ
2330 5294 2417 5350 καὶ
2474 5290 2715 5367 αὐθαδείᾳ
2762 5305 2884 5360 τοῖς
2936 5293 3015 5371 μὴ
3075 5297 3189 5353 οὖσι
3244 5298 3392 5359 θεοῖς
3424 5296 3484 5353 τὸ
3530 5291 3690 5359 σέϐας
3722 5290 3869 5350 ἀπό,

466 5396 665 5468 ciaque
691 5412 793 5455 sua
833 5397 1088 5455 divinum
1120 5396 1336 5456 cultum
1354 5400 1733 5458 decreverunt
1776 5399 1846 5456 iis
1866 5400 1963 5471 qui
1993 5413 2109 5458 non

2206 5389 2421 5461 ιειμαν).
2450 5382 2585 5471 ,Οὔτε
2616 5383 2715 5462 γὰρ
2774 5384 2943 5461 ἡμεῖς
2972 5386 3389 5465 ἡναγκασμένῃν
3436 5384 3644 5466 ἔχομεν
3689 5384 3870 5456 ζωὴν,

465 5499 627 5547 erant
647 5487 999 5561 diiq).Neque
1013 5489 1164 5547 enim
1187 5490 1299 5549 vita
1324 5490 1495 5552 nobis
1513 5491 1715 5557 εει,οαὶ
1730 5491 1816 5547 vis
1831 5469 1987 5550 illata
2006 5500 2104 5550 aut

2206 5479 2262 5541 bc
2305 5475 2371 5532 τὰ
2423 5469 2616 5553 ἄλογα.
2681 5471 2819 5533 ἀλλὰ
2867 5471 2952 5532 διὰ
3009 5475 3102 5534 τὸν
3138 5473 3299 5555 λόγον
3361 5477 3425 5533 τὸ
3474 5471 3807 5540 αὐτεξούσιον
3834 5487 3865 5505 ⁸

547 5661 572 5701 ρ
601 5649 771 5716 Deut.
807 5670 990 5737 χχχιι,
1024 5656 1060 5721 8
1084 5675 1209 5723 sec.
1246 5657 1526 5739 Septuag.
1560 5667 1589 5712 ν
1627 5655 1783 5722 Osee
1812 5673 1892 5723 tv.
