  <div class='ocr_page' id='page_1' title='image "/cluster/home/n/w/nwhite01/storage/ocr_20150623/3/hvd.32044029831450/152.png"; bbox 0 0 4078 6204; ppageno 0'>
   <div class='ocr_carea' id='block_1_1' title="bbox 224 275 347 351">
    <p class='ocr_par' dir='ltr' id='par_1_1' title="bbox 224 275 347 351">
     <span class='ocr_line' id='line_1_1' title="bbox 224 275 347 351; baseline -0.024 0"><span class='ocrx_word' id='word_1_1' title='bbox 224 275 347 351; x_wconf 69' lang='lat'><strong>269</strong></span> 
     </span>
    </p>
   </div>
   <div class='ocr_carea' id='block_1_2' title="bbox 659 285 1914 368">
    <p class='ocr_par' dir='ltr' id='par_1_2' title="bbox 659 285 1914 368">
     <span class='ocr_line' id='line_1_2' title="bbox 659 285 1914 368; baseline 0.002 -20"><span class='ocrx_word' id='word_1_2' title='bbox 659 285 760 349; x_wconf 90' lang='lat' dir='ltr'><strong>DE</strong></span> <span class='ocrx_word' id='word_1_3' title='bbox 803 285 1153 351; x_wconf 63' lang='lat' dir='ltr'><strong>GmLESTI</strong></span> <span class='ocrx_word' id='word_1_4' title='bbox 1199 285 1698 368; x_wconf 77' lang='lat' dir='ltr'><strong>HIERARGHIA,</strong></span> <span class='ocrx_word' id='word_1_5' title='bbox 1747 290 1914 352; x_wconf 87' lang='lat' dir='ltr'><strong>CAP.</strong></span> 
     </span>
    </p>
   </div>
   <div class='ocr_carea' id='block_1_3' title="bbox 1959 284 3601 360">
    <p class='ocr_par' dir='ltr' id='par_1_3' title="bbox 1959 284 3601 360">
     <span class='ocr_line' id='line_1_3' title="bbox 1959 284 3601 360; baseline 0.005 -8"><span class='ocrx_word' id='word_1_6' title='bbox 1959 284 2065 352; x_wconf 82' lang='lat' dir='ltr'><strong>IX.</strong></span> <span class='ocrx_word' id='word_1_7' title='bbox 2118 322 2191 334; x_wconf 92' lang='lat'><strong>—-</strong></span> <span class='ocrx_word' id='word_1_8' title='bbox 2241 289 2628 352; x_wconf 81' lang='lat' dir='ltr'><strong>PARAPHR.</strong></span> <span class='ocrx_word' id='word_1_9' title='bbox 2677 286 3171 356; x_wconf 63' lang='lat' dir='ltr'><strong>PACHYMERIE</strong></span> <span class='ocrx_word' id='word_1_10' title='bbox 3483 295 3601 360; x_wconf 78' lang='lat'><strong>270</strong></span> 
     </span>
    </p>
   </div>
   <div class='ocr_carea' id='block_1_4' title="bbox 223 421 1892 511">
    <p class='ocr_par' dir='ltr' id='par_1_4' title="bbox 223 421 1892 500">
     <span class='ocr_line' id='line_1_4' title="bbox 223 421 1892 500; baseline 0.002 -21"><span class='ocrx_word' id='word_1_11' title='bbox 223 423 338 480; x_wconf 75' lang='grc' dir='ltr'>οὔτε</span> <span class='ocrx_word' id='word_1_12' title='bbox 373 423 536 478; x_wconf 67' lang='grc' dir='ltr'>πάλιν</span> <span class='ocrx_word' id='word_1_13' title='bbox 591 421 658 477; x_wconf 85' lang='grc' dir='ltr'><strong>δι’</strong></span> <span class='ocrx_word' id='word_1_14' title='bbox 715 422 841 478; x_wconf 46' lang='lat' dir='ltr'><strong>aut?)</strong></span> <span class='ocrx_word' id='word_1_15' title='bbox 896 431 1052 480; x_wconf 84' lang='grc' dir='ltr'>τοῦτο</span> <span class='ocrx_word' id='word_1_16' title='bbox 1107 424 1168 480; x_wconf 72' lang='grc' dir='ltr'><strong>τό</strong></span> <span class='ocrx_word' id='word_1_17' title='bbox 1211 423 1539 489; x_wconf 72' lang='grc' dir='ltr'><strong>αὐτεξούσιον</strong></span> <span class='ocrx_word' id='word_1_18' title='bbox 1571 425 1746 500; x_wconf 71' lang='grc' dir='ltr'>ἡμῶν,</span> <span class='ocrx_word' id='word_1_19' title='bbox 1780 423 1892 483; x_wconf 77' lang='grc' dir='ltr'>εἴσ.</span> 
     </span>
    </p>
   </div>
   <div class='ocr_carea' id='block_1_5' title="bbox 1977 421 3597 511">
    <p class='ocr_par' dir='ltr' id='par_1_5' title="bbox 1977 425 3597 511">
     <span class='ocr_line' id='line_1_5' title="bbox 1977 425 3597 511; baseline 0.006 -27"><span class='ocrx_word' id='word_1_20' title='bbox 1977 425 2228 503; x_wconf 89' lang='lat' dir='ltr'><strong>mposita</strong></span> <span class='ocrx_word' id='word_1_21' title='bbox 2284 425 2608 487; x_wconf 85' lang='lat' dir='ltr'><strong>necessitas</strong></span> <span class='ocrx_word' id='word_1_22' title='bbox 2660 433 2722 487; x_wconf 90' lang='lat' dir='ltr'><strong>ut</strong></span> <span class='ocrx_word' id='word_1_23' title='bbox 2768 425 2981 500; x_wconf 77' lang='lat' dir='ltr'><strong>brutis,</strong></span> <span class='ocrx_word' id='word_1_24' title='bbox 3016 429 3121 491; x_wconf 89' lang='lat' dir='ltr'><strong>sed</strong></span> <span class='ocrx_word' id='word_1_25' title='bbox 3156 447 3263 511; x_wconf 90' lang='lat' dir='ltr'><strong>per</strong></span> <span class='ocrx_word' id='word_1_26' title='bbox 3306 430 3597 494; x_wconf 86' lang='lat' dir='ltr'><strong>rationem</strong></span> 
     </span>
    </p>
   </div>
   <div class='ocr_carea' id='block_1_6' title="bbox 226 514 1874 596">
    <p class='ocr_par' dir='ltr' id='par_1_6' title="bbox 226 514 1874 596">
     <span class='ocr_line' id='line_1_6' title="bbox 226 514 1874 596; baseline 0.001 -25"><span class='ocrx_word' id='word_1_27' title='bbox 226 537 420 590; x_wconf 82' lang='grc' dir='ltr'>ποιμεν</span> <span class='ocrx_word' id='word_1_28' title='bbox 477 514 540 570; x_wconf 75' lang='grc' dir='ltr'>ἄν</span> <span class='ocrx_word' id='word_1_29' title='bbox 597 514 678 571; x_wconf 82' lang='grc' dir='ltr'><strong>ὅτι</strong></span> <span class='ocrx_word' id='word_1_30' title='bbox 735 515 802 570; x_wconf 75' lang='grc' dir='ltr'><strong>τα</strong></span> <span class='ocrx_word' id='word_1_31' title='bbox 860 518 980 570; x_wconf 82' lang='grc' dir='ltr'>θεῖα</span> <span class='ocrx_word' id='word_1_32' title='bbox 1037 522 1186 596; x_wconf 75' lang='grc' dir='ltr'>φῶτα</span> <span class='ocrx_word' id='word_1_33' title='bbox 1217 522 1315 582; x_wconf 80' lang='grc' dir='ltr'>τῆς</span> <span class='ocrx_word' id='word_1_34' title='bbox 1347 517 1591 596; x_wconf 81' lang='grc' dir='ltr'>προνοίας</span> <span class='ocrx_word' id='word_1_35' title='bbox 1623 525 1712 573; x_wconf 85' lang='grc' dir='ltr'><strong>τοῦ</strong></span> <span class='ocrx_word' id='word_1_36' title='bbox 1744 517 1874 575; x_wconf 82' lang='grc' dir='ltr'>Θεοῦ</span> 
     </span>
    </p>
   </div>
   <div class='ocr_carea' id='block_1_7' title="bbox 224 603 1874 682">
    <p class='ocr_par' dir='ltr' id='par_1_7' title="bbox 224 603 1874 682">
     <span class='ocr_line' id='line_1_7' title="bbox 224 603 1874 682; baseline 0.002 -22"><span class='ocrx_word' id='word_1_37' title='bbox 224 604 682 678; x_wconf 71' lang='grc' dir='ltr'>ἀπαμϐλύνονται,</span> <span class='ocrx_word' id='word_1_38' title='bbox 760 603 910 660; x_wconf 82' lang='grc' dir='ltr'>Ἀλλ’</span> <span class='ocrx_word' id='word_1_39' title='bbox 983 603 1160 662; x_wconf 70' lang='grc' dir='ltr'>εἰκόνα</span> <span class='ocrx_word' id='word_1_40' title='bbox 1232 612 1338 660; x_wconf 90' lang='grc' dir='ltr'><strong>τῶν</strong></span> <span class='ocrx_word' id='word_1_41' title='bbox 1407 605 1581 682; x_wconf 81' lang='grc' dir='ltr'>λόγων</span> <span class='ocrx_word' id='word_1_42' title='bbox 1613 605 1739 662; x_wconf 70' lang='grc' dir='ltr'>Λάϐε</span> <span class='ocrx_word' id='word_1_43' title='bbox 1771 607 1874 664; x_wconf 76' lang='grc' dir='ltr'>ἀπὸ</span> 
     </span>
    </p>
   </div>
   <div class='ocr_carea' id='block_1_8' title="bbox 224 692 1874 777">
    <p class='ocr_par' dir='ltr' id='par_1_8' title="bbox 224 692 1874 777">
     <span class='ocr_line' id='line_1_8' title="bbox 224 692 1874 777; baseline 0.002 -27"><span class='ocrx_word' id='word_1_44' title='bbox 224 701 319 752; x_wconf 81' lang='grc' dir='ltr'><strong>τοῦ</strong></span> <span class='ocrx_word' id='word_1_45' title='bbox 347 692 578 760; x_wconf 75' lang='grc' dir='ltr'>ἡλιακοῦ</span> <span class='ocrx_word' id='word_1_46' title='bbox 624 696 824 771; x_wconf 62' lang='grc' dir='ltr'>τρωτός·</span> <span class='ocrx_word' id='word_1_47' title='bbox 887 696 959 758; x_wconf 87' lang='grc' dir='ltr'>ὡς</span> <span class='ocrx_word' id='word_1_48' title='bbox 1011 695 1110 772; x_wconf 76' lang='grc' dir='ltr'>γάρ</span> <span class='ocrx_word' id='word_1_49' title='bbox 1167 694 1344 750; x_wconf 72' lang='grc' dir='ltr'>ἐκεῖσε</span> <span class='ocrx_word' id='word_1_50' title='bbox 1404 695 1546 750; x_wconf 79' lang='grc' dir='ltr'>’ἐστιν</span> <span class='ocrx_word' id='word_1_51' title='bbox 1602 693 1756 777; x_wconf 71' lang='grc' dir='ltr'>ἰδεῖν,</span> <span class='ocrx_word' id='word_1_52' title='bbox 1793 697 1874 752; x_wconf 80' lang='grc' dir='ltr'><strong>ὅτι</strong></span> 
     </span>
    </p>
   </div>
   <div class='ocr_carea' id='block_1_9' title="bbox 225 779 1876 864">
    <p class='ocr_par' dir='ltr' id='par_1_9' title="bbox 225 779 1876 864">
     <span class='ocr_line' id='line_1_9' title="bbox 225 779 1876 864; baseline 0.001 -25"><span class='ocrx_word' id='word_1_53' title='bbox 225 784 311 839; x_wconf 70' lang='grc' dir='ltr'>ἐπὶ</span> <span class='ocrx_word' id='word_1_54' title='bbox 345 784 444 857; x_wconf 73' lang='grc' dir='ltr'>μὲν</span> <span class='ocrx_word' id='word_1_55' title='bbox 493 788 596 838; x_wconf 89' lang='grc' dir='ltr'><strong>τῶν</strong></span> <span class='ocrx_word' id='word_1_56' title='bbox 644 779 908 861; x_wconf 76' lang='grc' dir='ltr'>διαφανῶν</span> <span class='ocrx_word' id='word_1_57' title='bbox 965 784 1016 838; x_wconf 83' lang='grc' dir='ltr'>αἱ</span> <span class='ocrx_word' id='word_1_58' title='bbox 1072 787 1179 838; x_wconf 84' lang='grc' dir='ltr'><strong>τῶν</strong></span> <span class='ocrx_word' id='word_1_59' title='bbox 1237 782 1468 842; x_wconf 74' lang='grc' dir='ltr'>ἀκτίνων</span> <span class='ocrx_word' id='word_1_60' title='bbox 1501 781 1754 847; x_wconf 74' lang='grc' dir='ltr'><strong>διαδόσεις</strong></span> <span class='ocrx_word' id='word_1_61' title='bbox 1788 785 1876 864; x_wconf 84' lang='grc' dir='ltr'><strong>γί-</strong></span> 
     </span>
    </p>
   </div>
   <div class='ocr_carea' id='block_1_10' title="bbox 226 871 1878 951">
    <p class='ocr_par' dir='ltr' id='par_1_10' title="bbox 226 871 1878 951">
     <span class='ocr_line' id='line_1_10' title="bbox 226 871 1878 951; baseline 0.002 -24"><span class='ocrx_word' id='word_1_62' title='bbox 226 895 430 951; x_wconf 79' lang='grc' dir='ltr'>νονται,</span> <span class='ocrx_word' id='word_1_63' title='bbox 485 873 572 928; x_wconf 80' lang='grc' dir='ltr'>καὶ</span> <span class='ocrx_word' id='word_1_64' title='bbox 619 872 707 926; x_wconf 67' lang='grc' dir='ltr'>ἰπὶ</span> <span class='ocrx_word' id='word_1_65' title='bbox 751 874 956 937; x_wconf 79' lang='grc' dir='ltr'>τυῦτοις</span> <span class='ocrx_word' id='word_1_66' title='bbox 988 871 1193 946; x_wconf 81' lang='grc' dir='ltr'>μᾶλλον</span> <span class='ocrx_word' id='word_1_67' title='bbox 1251 874 1339 928; x_wconf 84' lang='grc' dir='ltr'><strong>καὶ</strong></span> <span class='ocrx_word' id='word_1_68' title='bbox 1393 876 1578 949; x_wconf 74' lang='grc' dir='ltr'>ἦττον,</span> <span class='ocrx_word' id='word_1_69' title='bbox 1611 876 1786 939; x_wconf 81' lang='grc' dir='ltr'>καθὼς</span> <span class='ocrx_word' id='word_1_70' title='bbox 1816 873 1878 930; x_wconf 75' lang='grc' dir='ltr'><strong>ἂν</strong></span> 
     </span>
    </p>
   </div>
   <div class='ocr_carea' id='block_1_11' title="bbox 225 961 1874 1042">
    <p class='ocr_par' dir='ltr' id='par_1_11' title="bbox 225 961 1874 1042">
     <span class='ocr_line' id='line_1_11' title="bbox 225 961 1874 1042; baseline 0.002 -25"><span class='ocrx_word' id='word_1_71' title='bbox 225 962 348 1042; x_wconf 81' lang='grc' dir='ltr'>’ἔχοι</span> <span class='ocrx_word' id='word_1_72' title='bbox 376 964 442 1018; x_wconf 81' lang='grc' dir='ltr'>τὸ</span> <span class='ocrx_word' id='word_1_73' title='bbox 465 961 813 1034; x_wconf 66' lang='grc' dir='ltr'>ὑποκείμενον</span> <span class='ocrx_word' id='word_1_74' title='bbox 866 963 998 1037; x_wconf 75' lang='grc' dir='ltr'>πρὸς</span> <span class='ocrx_word' id='word_1_75' title='bbox 1059 964 1157 1029; x_wconf 79' lang='grc' dir='ltr'><strong>την</strong></span> <span class='ocrx_word' id='word_1_76' title='bbox 1213 961 1305 1018; x_wconf 77' lang='grc' dir='ltr'><strong>τοῦ</strong></span> <span class='ocrx_word' id='word_1_77' title='bbox 1363 965 1539 1042; x_wconf 79' lang='grc' dir='ltr'>φωτὸς</span> <span class='ocrx_word' id='word_1_78' title='bbox 1572 963 1874 1040; x_wconf 76' lang='grc' dir='ltr'><strong>μετάληψιν</strong></span> 
     </span>
    </p>
   </div>
   <div class='ocr_carea' id='block_1_12' title="bbox 225 1048 1873 1133">
    <p class='ocr_par' dir='ltr' id='par_1_12' title="bbox 225 1048 1873 1133">
     <span class='ocr_line' id='line_1_12' title="bbox 225 1048 1873 1133; baseline 0.001 -25"><span class='ocrx_word' id='word_1_79' title='bbox 225 1050 688 1118; x_wconf 53' lang='grc' dir='ltr'>ἐπιτηδειότητος</span> <span class='ocrx_word' id='word_1_80' title='bbox 751 1051 836 1108; x_wconf 80' lang='grc' dir='ltr'><strong>ἐπὶ</strong></span> <span class='ocrx_word' id='word_1_81' title='bbox 897 1048 951 1106; x_wconf 74' lang='grc' dir='ltr'>δὲ</span> <span class='ocrx_word' id='word_1_82' title='bbox 1009 1058 1116 1106; x_wconf 73' lang='grc' dir='ltr'><strong>τῶν</strong></span> <span class='ocrx_word' id='word_1_83' title='bbox 1165 1052 1483 1131; x_wconf 76' lang='grc' dir='ltr'><strong>παχυτέρων</strong></span> <span class='ocrx_word' id='word_1_84' title='bbox 1513 1053 1617 1133; x_wconf 66' lang='grc' dir='ltr'><strong>οὔχ</strong></span> <span class='ocrx_word' id='word_1_85' title='bbox 1651 1055 1873 1133; x_wconf 77' lang='grc' dir='ltr'>ὁμοίως,</span> 
     </span>
    </p>
   </div>
   <div class='ocr_carea' id='block_1_13' title="bbox 225 1135 1877 1220">
    <p class='ocr_par' dir='ltr' id='par_1_13' title="bbox 225 1135 1877 1220">
     <span class='ocr_line' id='line_1_13' title="bbox 225 1135 1877 1220; baseline 0.002 -24"><span class='ocrx_word' id='word_1_86' title='bbox 225 1141 353 1197; x_wconf 75' lang='grc' dir='ltr'>ἀλλ’</span> <span class='ocrx_word' id='word_1_87' title='bbox 383 1139 422 1207; x_wconf 71' lang='grc' dir='ltr'>ἥ</span> <span class='ocrx_word' id='word_1_88' title='bbox 453 1141 630 1206; x_wconf 67' lang='grc' dir='ltr'>πάντη</span> <span class='ocrx_word' id='word_1_89' title='bbox 689 1135 977 1206; x_wconf 76' lang='grc' dir='ltr'>ἂδιαδότως</span> <span class='ocrx_word' id='word_1_90' title='bbox 1039 1141 1075 1206; x_wconf 73' lang='grc' dir='ltr'>ἦ</span> <span class='ocrx_word' id='word_1_91' title='bbox 1110 1139 1399 1220; x_wconf 66' lang='grc' dir='ltr'>ἀμυδρῶς·</span> <span class='ocrx_word' id='word_1_92' title='bbox 1465 1149 1620 1200; x_wconf 66' lang='grc' dir='ltr'>τιῦτο</span> <span class='ocrx_word' id='word_1_93' title='bbox 1675 1146 1759 1200; x_wconf 68' lang='grc' dir='ltr'><strong>ιαὶ</strong></span> <span class='ocrx_word' id='word_1_94' title='bbox 1792 1143 1877 1200; x_wconf 75' lang='grc' dir='ltr'>ἐπὶ</span> 
     </span>
    </p>
   </div>
   <div class='ocr_carea' id='block_1_14' title="bbox 224 1227 1883 1306">
    <p class='ocr_par' dir='ltr' id='par_1_14' title="bbox 224 1227 1883 1306">
     <span class='ocr_line' id='line_1_14' title="bbox 224 1227 1883 1306; baseline 0.002 -20"><span class='ocrx_word' id='word_1_95' title='bbox 224 1236 328 1298; x_wconf 76' lang='grc' dir='ltr'>τῆς</span> <span class='ocrx_word' id='word_1_96' title='bbox 391 1229 533 1292; x_wconf 83' lang='grc' dir='ltr'>θείας</span> <span class='ocrx_word' id='word_1_97' title='bbox 603 1227 924 1306; x_wconf 73' lang='grc' dir='ltr'>ἐλλάμψεως</span> <span class='ocrx_word' id='word_1_98' title='bbox 983 1231 1017 1298; x_wconf 82' lang='grc' dir='ltr'><strong>ἡ</strong></span> <span class='ocrx_word' id='word_1_99' title='bbox 1088 1230 1339 1298; x_wconf 77' lang='grc' dir='ltr'>ἀνισότης</span> <span class='ocrx_word' id='word_1_100' title='bbox 1398 1236 1495 1298; x_wconf 83' lang='grc' dir='ltr'>τῆς</span> <span class='ocrx_word' id='word_1_101' title='bbox 1552 1232 1883 1298; x_wconf 70' lang='grc' dir='ltr'>αὖτεξουσίου</span> 
     </span>
    </p>
   </div>
   <div class='ocr_carea' id='block_1_15' title="bbox 225 1308 1883 1400">
    <p class='ocr_par' dir='ltr' id='par_1_15' title="bbox 225 1308 1883 1400">
     <span class='ocr_line' id='line_1_15' title="bbox 225 1308 1883 1400; baseline 0.001 -25"><span class='ocrx_word' id='word_1_102' title='bbox 225 1321 403 1398; x_wconf 80' lang='grc' dir='ltr'>ῥοπῆς</span> <span class='ocrx_word' id='word_1_103' title='bbox 462 1318 516 1398; x_wconf 79' lang='grc' dir='ltr'>ἐρ</span> <span class='ocrx_word' id='word_1_104' title='bbox 533 1318 758 1397; x_wconf 68' lang='grc' dir='ltr'>(ἆζεται,</span> <span class='ocrx_word' id='word_1_105' title='bbox 821 1308 1050 1376; x_wconf 73' lang='grc' dir='ltr'>’Υπόθου</span> <span class='ocrx_word' id='word_1_106' title='bbox 1106 1320 1229 1398; x_wconf 77' lang='grc' dir='ltr'>γάρ,</span> <span class='ocrx_word' id='word_1_107' title='bbox 1289 1322 1386 1388; x_wconf 75' lang='grc' dir='ltr'>τὴν</span> <span class='ocrx_word' id='word_1_108' title='bbox 1443 1322 1709 1400; x_wconf 73' lang='grc' dir='ltr'><strong>ἡμετέραν</strong></span> <span class='ocrx_word' id='word_1_109' title='bbox 1740 1326 1883 1394; x_wconf 69' lang='grc' dir='ltr'>ζωὴν</span> 
     </span>
    </p>
   </div>
   <div class='ocr_carea' id='block_1_16' title="bbox 229 1407 1878 1488">
    <p class='ocr_par' dir='ltr' id='par_1_16' title="bbox 229 1407 1878 1488">
     <span class='ocr_line' id='line_1_16' title="bbox 229 1407 1878 1488; baseline 0.001 -22"><span class='ocrx_word' id='word_1_110' title='bbox 229 1410 356 1485; x_wconf 66' lang='grc' dir='ltr'>ὄψιν</span> <span class='ocrx_word' id='word_1_111' title='bbox 390 1409 542 1465; x_wconf 78' lang='grc' dir='ltr'>εἶναι</span> <span class='ocrx_word' id='word_1_112' title='bbox 571 1409 780 1488; x_wconf 60' lang='lat' dir='ltr'><strong>vespam,</strong></span> <span class='ocrx_word' id='word_1_113' title='bbox 831 1407 952 1464; x_wconf 76' lang='grc' dir='ltr'>ἀλλ’</span> <span class='ocrx_word' id='word_1_114' title='bbox 1012 1408 1290 1488; x_wconf 79' lang='grc' dir='ltr'>ἀνόμοιον,</span> <span class='ocrx_word' id='word_1_115' title='bbox 1326 1408 1410 1466; x_wconf 77' lang='grc' dir='ltr'><strong>διὰ</strong></span> <span class='ocrx_word' id='word_1_116' title='bbox 1436 1413 1498 1466; x_wconf 87' lang='grc' dir='ltr'>τὸ</span> <span class='ocrx_word' id='word_1_117' title='bbox 1530 1412 1878 1476; x_wconf 75' lang='grc' dir='ltr'>αὐτεξούσιον·</span> 
     </span>
    </p>
   </div>
   <div class='ocr_carea' id='block_1_17' title="bbox 230 1497 1885 1578">
    <p class='ocr_par' dir='ltr' id='par_1_17' title="bbox 230 1497 1885 1578">
     <span class='ocr_line' id='line_1_17' title="bbox 230 1497 1885 1578; baseline 0.002 -24"><span class='ocrx_word' id='word_1_118' title='bbox 230 1503 266 1570; x_wconf 74' lang='grc' dir='ltr'><strong>ἦ</strong></span> <span class='ocrx_word' id='word_1_119' title='bbox 325 1500 382 1554; x_wconf 76' lang='grc' dir='ltr'>δὲ</span> <span class='ocrx_word' id='word_1_120' title='bbox 443 1503 542 1565; x_wconf 78' lang='grc' dir='ltr'><strong>τῆς</strong></span> <span class='ocrx_word' id='word_1_121' title='bbox 597 1502 785 1565; x_wconf 73' lang='grc' dir='ltr'>θεϊκῆς</span> <span class='ocrx_word' id='word_1_122' title='bbox 844 1497 1175 1574; x_wconf 79' lang='grc' dir='ltr'>ἂγαθότητος</span> <span class='ocrx_word' id='word_1_123' title='bbox 1210 1497 1508 1578; x_wconf 74' lang='grc' dir='ltr'>φωτοδοσία</span> <span class='ocrx_word' id='word_1_124' title='bbox 1557 1501 1650 1574; x_wconf 83' lang='grc' dir='ltr'><strong>μία</strong></span> <span class='ocrx_word' id='word_1_125' title='bbox 1707 1503 1795 1557; x_wconf 84' lang='grc' dir='ltr'>καὶ</span> <span class='ocrx_word' id='word_1_126' title='bbox 1850 1503 1885 1570; x_wconf 77' lang='grc' dir='ltr'>ἧ</span> 
     </span>
    </p>
   </div>
   <div class='ocr_carea' id='block_1_18' title="bbox 230 1587 1885 1672">
    <p class='ocr_par' dir='ltr' id='par_1_18' title="bbox 230 1587 1885 1672">
     <span class='ocr_line' id='line_1_18' title="bbox 230 1587 1885 1672; baseline 0.002 -27"><span class='ocrx_word' id='word_1_127' title='bbox 230 1590 366 1658; x_wconf 70' lang='grc' dir='ltr'>αὒτή</span> <span class='ocrx_word' id='word_1_128' title='bbox 431 1589 596 1668; x_wconf 72' lang='grc' dir='ltr'>ἐστιν,</span> <span class='ocrx_word' id='word_1_129' title='bbox 654 1587 1022 1670; x_wconf 80' lang='grc' dir='ltr'>ι’)περπλήρης,</span> <span class='ocrx_word' id='word_1_130' title='bbox 1065 1591 1150 1646; x_wconf 71' lang='grc' dir='ltr'>διαὶ</span> <span class='ocrx_word' id='word_1_131' title='bbox 1182 1588 1503 1664; x_wconf 75' lang='grc' dir='ltr'>ἀνελλιπὴς,</span> <span class='ocrx_word' id='word_1_132' title='bbox 1568 1594 1655 1646; x_wconf 82' lang='grc' dir='ltr'>καὶ</span> <span class='ocrx_word' id='word_1_133' title='bbox 1711 1591 1885 1672; x_wconf 78' lang='grc' dir='ltr'>ἁπλῆ,</span> 
     </span>
    </p>
   </div>
   <div class='ocr_carea' id='block_1_19' title="bbox 231 1673 1886 1754">
    <p class='ocr_par' dir='ltr' id='par_1_19' title="bbox 231 1673 1886 1754">
     <span class='ocr_line' id='line_1_19' title="bbox 231 1673 1886 1754; baseline 0.001 -22"><span class='ocrx_word' id='word_1_134' title='bbox 231 1677 322 1732; x_wconf 61' lang='grc' dir='ltr'><strong>καὶ</strong></span> <span class='ocrx_word' id='word_1_135' title='bbox 355 1674 440 1730; x_wconf 62' lang='lat' dir='ltr'><strong>is?</strong></span> <span class='ocrx_word' id='word_1_136' title='bbox 477 1675 729 1737; x_wconf 77' lang='grc' dir='ltr'>ὡσαύτως</span> <span class='ocrx_word' id='word_1_137' title='bbox 762 1673 988 1754; x_wconf 78' lang='grc' dir='ltr'>ἕχουσα’</span> <span class='ocrx_word' id='word_1_138' title='bbox 1054 1679 1088 1745; x_wconf 79' lang='grc' dir='ltr'>ἡ</span> <span class='ocrx_word' id='word_1_139' title='bbox 1145 1686 1272 1754; x_wconf 87' lang='grc' dir='ltr'>γοῦν</span> <span class='ocrx_word' id='word_1_140' title='bbox 1328 1679 1434 1734; x_wconf 85' lang='grc' dir='ltr'><strong>τῶν</strong></span> <span class='ocrx_word' id='word_1_141' title='bbox 1492 1677 1669 1754; x_wconf 73' lang='grc' dir='ltr'>ὄψεων</span> <span class='ocrx_word' id='word_1_142' title='bbox 1700 1679 1886 1746; x_wconf 73' lang='grc' dir='ltr'>αὖτεξ-</span> 
     </span>
    </p>
   </div>
   <div class='ocr_carea' id='block_1_20' title="bbox 1957 514 3599 603">
    <p class='ocr_par' dir='ltr' id='par_1_20' title="bbox 1957 514 3599 603">
     <span class='ocr_line' id='line_1_20' title="bbox 1957 514 3599 603; baseline 0.006 -28"><span class='ocrx_word' id='word_1_143' title='bbox 1957 514 2228 577; x_wconf 87' lang='lat' dir='ltr'><strong>libertate</strong></span> <span class='ocrx_word' id='word_1_144' title='bbox 2260 514 2543 595; x_wconf 78' lang='lat' dir='ltr'><strong>praedita:</strong></span> <span class='ocrx_word' id='word_1_145' title='bbox 2572 533 2763 596; x_wconf 86' lang='lat' dir='ltr'><strong>neque</strong></span> <span class='ocrx_word' id='word_1_146' title='bbox 2791 534 3002 579; x_wconf 83' lang='lat' dir='ltr'><strong>rursus</strong></span> <span class='ocrx_word' id='word_1_147' title='bbox 3030 519 3324 603; x_wconf 85' lang='lat' dir='ltr'><strong>dicamus,</strong></span> <span class='ocrx_word' id='word_1_148' title='bbox 3351 528 3599 603; x_wconf 76' lang='lat' dir='ltr'><strong>propter</strong></span> 
     </span>
    </p>
   </div>
   <div class='ocr_carea' id='block_1_21' title="bbox 1959 603 3600 684">
    <p class='ocr_par' dir='ltr' id='par_1_21' title="bbox 1959 603 3600 684">
     <span class='ocr_line' id='line_1_21' title="bbox 1959 603 3600 684; baseline 0.007 -21"><span class='ocrx_word' id='word_1_149' title='bbox 1959 604 2114 666; x_wconf 82' lang='lat' dir='ltr'><strong>illam</strong></span> <span class='ocrx_word' id='word_1_150' title='bbox 2147 604 2333 684; x_wconf 85' lang='lat' dir='ltr'><strong>ipsam</strong></span> <span class='ocrx_word' id='word_1_151' title='bbox 2367 603 2703 666; x_wconf 91' lang='lat' dir='ltr'><strong>libertatem</strong></span> <span class='ocrx_word' id='word_1_152' title='bbox 2742 615 3000 669; x_wconf 86' lang='lat' dir='ltr'><strong>nostram</strong></span> <span class='ocrx_word' id='word_1_153' title='bbox 3031 607 3244 671; x_wconf 73' lang='lat' dir='ltr'><strong>divinae</strong></span> <span class='ocrx_word' id='word_1_154' title='bbox 3273 611 3600 674; x_wconf 83' lang='lat' dir='ltr'><strong>Providen-</strong></span> 
     </span>
    </p>
   </div>
   <div class='ocr_carea' id='block_1_22' title="bbox 1959 691 3601 763">
    <p class='ocr_par' dir='ltr' id='par_1_22' title="bbox 1959 691 3601 763">
     <span class='ocr_line' id='line_1_22' title="bbox 1959 691 3601 763; baseline 0.006 -10"><span class='ocrx_word' id='word_1_155' title='bbox 1959 694 2052 754; x_wconf 69' lang='lat' dir='ltr'><strong>tite</strong></span> <span class='ocrx_word' id='word_1_156' title='bbox 2082 691 2278 754; x_wconf 86' lang='lat' dir='ltr'><strong>divina</strong></span> <span class='ocrx_word' id='word_1_157' title='bbox 2309 693 2537 756; x_wconf 89' lang='lat' dir='ltr'><strong>lumina</strong></span> <span class='ocrx_word' id='word_1_158' title='bbox 2565 692 2840 757; x_wconf 91' lang='lat' dir='ltr'><strong>obtundi.</strong></span> <span class='ocrx_word' id='word_1_159' title='bbox 2873 696 2990 758; x_wconf 86' lang='lat' dir='ltr'><strong>Sed</strong></span> <span class='ocrx_word' id='word_1_160' title='bbox 3040 697 3332 761; x_wconf 91' lang='lat' dir='ltr'><strong>dictorum</strong></span> <span class='ocrx_word' id='word_1_161' title='bbox 3359 701 3453 762; x_wconf 70' lang='lat'><strong>99</strong></span> <span class='ocrx_word' id='word_1_162' title='bbox 3487 701 3601 763; x_wconf 87' lang='lat' dir='ltr'><strong>ho-</strong></span> 
     </span>
    </p>
   </div>
   <div class='ocr_carea' id='block_1_23' title="bbox 1959 781 3601 864">
    <p class='ocr_par' dir='ltr' id='par_1_23' title="bbox 1959 781 3601 864">
     <span class='ocr_line' id='line_1_23' title="bbox 1959 781 3601 864; baseline 0.005 -20"><span class='ocrx_word' id='word_1_163' title='bbox 1959 801 2091 844; x_wconf 90' lang='lat' dir='ltr'><strong>rum</strong></span> <span class='ocrx_word' id='word_1_164' title='bbox 2126 781 2468 862; x_wconf 75' lang='lat' dir='ltr'><strong>exemplum</strong></span> <span class='ocrx_word' id='word_1_165' title='bbox 2501 784 2703 864; x_wconf 87' lang='lat' dir='ltr'><strong>accipe</strong></span> <span class='ocrx_word' id='word_1_166' title='bbox 2731 802 2766 844; x_wconf 87' lang='lat' dir='ltr'><strong>a</strong></span> <span class='ocrx_word' id='word_1_167' title='bbox 2796 785 3020 848; x_wconf 88' lang='lat' dir='ltr'><strong>lumine</strong></span> <span class='ocrx_word' id='word_1_168' title='bbox 3050 786 3231 852; x_wconf 91' lang='lat' dir='ltr'><strong>solis:</strong></span> <span class='ocrx_word' id='word_1_169' title='bbox 3257 789 3411 851; x_wconf 83' lang='lat' dir='ltr'><strong>sicut</strong></span> <span class='ocrx_word' id='word_1_170' title='bbox 3440 789 3601 853; x_wconf 90' lang='lat' dir='ltr'><strong>enim</strong></span> 
     </span>
    </p>
   </div>
   <div class='ocr_carea' id='block_1_24' title="bbox 1961 870 3602 960">
    <p class='ocr_par' dir='ltr' id='par_1_24' title="bbox 1961 870 3602 960">
     <span class='ocr_line' id='line_1_24' title="bbox 1961 870 3602 960; baseline 0.006 -28"><span class='ocrx_word' id='word_1_171' title='bbox 1961 870 2042 960; x_wconf 86' lang='lat' dir='ltr'><strong>ibi</strong></span> <span class='ocrx_word' id='word_1_172' title='bbox 2077 871 2274 934; x_wconf 86' lang='lat' dir='ltr'><strong>videre</strong></span> <span class='ocrx_word' id='word_1_173' title='bbox 2307 871 2468 953; x_wconf 70' lang='lat' dir='ltr'><strong>lii-et,</strong></span> <span class='ocrx_word' id='word_1_174' title='bbox 2496 873 3088 954; x_wconf 89' lang='lat' dir='ltr'><strong>intransparentibus</strong></span> <span class='ocrx_word' id='word_1_175' title='bbox 3118 877 3359 958; x_wconf 86' lang='lat' dir='ltr'><strong>quidem</strong></span> <span class='ocrx_word' id='word_1_176' title='bbox 3393 897 3602 960; x_wconf 87' lang='lat' dir='ltr'><strong>corpo-</strong></span> 
     </span>
    </p>
   </div>
   <div class='ocr_carea' id='block_1_25' title="bbox 1958 959 3608 1048">
    <p class='ocr_par' dir='ltr' id='par_1_25' title="bbox 1958 959 3608 1048">
     <span class='ocr_line' id='line_1_25' title="bbox 1958 959 3608 1048; baseline 0.004 -27"><span class='ocrx_word' id='word_1_177' title='bbox 1958 959 2129 1022; x_wconf 88' lang='lat' dir='ltr'><strong>ribus</strong></span> <span class='ocrx_word' id='word_1_178' title='bbox 2153 960 2456 1022; x_wconf 86' lang='lat' dir='ltr'><strong>radiorum</strong></span> <span class='ocrx_word' id='word_1_179' title='bbox 2491 961 2621 1023; x_wconf 81' lang='lat' dir='ltr'><strong>ﬁeri</strong></span> <span class='ocrx_word' id='word_1_180' title='bbox 2648 961 3153 1041; x_wconf 87' lang='lat' dir='ltr'><strong>distributionem,</strong></span> <span class='ocrx_word' id='word_1_181' title='bbox 3188 983 3380 1048; x_wconf 92' lang='lat' dir='ltr'><strong>eoque</strong></span> <span class='ocrx_word' id='word_1_182' title='bbox 3414 959 3608 1048; x_wconf 66' lang='lat' dir='ltr'><strong>magis</strong></span> 
     </span>
    </p>
   </div>
   <div class='ocr_carea' id='block_1_26' title="bbox 1958 1050 3604 1136">
    <p class='ocr_par' dir='ltr' id='par_1_26' title="bbox 1958 1050 3604 1136">
     <span class='ocr_line' id='line_1_26' title="bbox 1958 1050 3604 1136; baseline 0.006 -26"><span class='ocrx_word' id='word_1_183' title='bbox 1958 1050 2053 1113; x_wconf 86' lang='lat' dir='ltr'><strong>vel</strong></span> <span class='ocrx_word' id='word_1_184' title='bbox 2088 1051 2414 1132; x_wconf 88' lang='lat' dir='ltr'><strong>minus,pro</strong></span> <span class='ocrx_word' id='word_1_185' title='bbox 2441 1050 2699 1130; x_wconf 86' lang='lat' dir='ltr'><strong>subjecti</strong></span> <span class='ocrx_word' id='word_1_186' title='bbox 2727 1051 2801 1114; x_wconf 91' lang='lat' dir='ltr'><strong>ad</strong></span> <span class='ocrx_word' id='word_1_187' title='bbox 2834 1051 3040 1116; x_wconf 87' lang='lat' dir='ltr'><strong>lumen</strong></span> <span class='ocrx_word' id='word_1_188' title='bbox 3071 1055 3485 1136; x_wconf 86' lang='lat' dir='ltr'><strong>excipiendum</strong></span> <span class='ocrx_word' id='word_1_189' title='bbox 3509 1076 3604 1120; x_wconf 84' lang='lat' dir='ltr'><strong>ca-</strong></span> 
     </span>
    </p>
   </div>
   <div class='ocr_carea' id='block_1_27' title="bbox 1967 1139 3604 1223">
    <p class='ocr_par' dir='ltr' id='par_1_27' title="bbox 1967 1139 3604 1223">
     <span class='ocr_line' id='line_1_27' title="bbox 1967 1139 3604 1223; baseline 0.007 -23"><span class='ocrx_word' id='word_1_190' title='bbox 1967 1140 2244 1220; x_wconf 86' lang='lat' dir='ltr'><strong>pacitate;</strong></span> <span class='ocrx_word' id='word_1_191' title='bbox 2276 1140 2338 1202; x_wconf 90' lang='lat' dir='ltr'><strong>in</strong></span> <span class='ocrx_word' id='word_1_192' title='bbox 2369 1139 2765 1203; x_wconf 82' lang='lat' dir='ltr'><strong>crassioribus</strong></span> <span class='ocrx_word' id='word_1_193' title='bbox 2791 1150 2990 1204; x_wconf 87' lang='lat' dir='ltr'><strong>autem</strong></span> <span class='ocrx_word' id='word_1_194' title='bbox 3014 1162 3132 1204; x_wconf 90' lang='lat' dir='ltr'><strong>non</strong></span> <span class='ocrx_word' id='word_1_195' title='bbox 3167 1145 3463 1223; x_wconf 87' lang='lat' dir='ltr'><strong>similiter,</strong></span> <span class='ocrx_word' id='word_1_196' title='bbox 3495 1147 3604 1211; x_wconf 85' lang='lat' dir='ltr'><strong>sed</strong></span> 
     </span>
    </p>
   </div>
   <div class='ocr_carea' id='block_1_28' title="bbox 1965 1228 3604 1314">
    <p class='ocr_par' dir='ltr' id='par_1_28' title="bbox 1965 1228 3604 1314">
     <span class='ocr_line' id='line_1_28' title="bbox 1965 1228 3604 1314; baseline 0.005 -25"><span class='ocrx_word' id='word_1_197' title='bbox 1965 1229 2324 1291; x_wconf 90' lang='lat' dir='ltr'><strong>automnino</strong></span> <span class='ocrx_word' id='word_1_198' title='bbox 2355 1228 2672 1291; x_wconf 83' lang='lat' dir='ltr'><strong>distribute</strong></span> <span class='ocrx_word' id='word_1_199' title='bbox 2703 1237 2803 1292; x_wconf 90' lang='lat' dir='ltr'><strong>aut</strong></span> <span class='ocrx_word' id='word_1_200' title='bbox 2823 1230 3101 1314; x_wconf 87' lang='lat' dir='ltr'><strong>obscure;</strong></span> <span class='ocrx_word' id='word_1_201' title='bbox 3133 1232 3396 1313; x_wconf 90' lang='lat' dir='ltr'><strong>idipsum</strong></span> <span class='ocrx_word' id='word_1_202' title='bbox 3427 1236 3604 1298; x_wconf 90' lang='lat' dir='ltr'><strong>etiam</strong></span> 
     </span>
    </p>
   </div>
   <div class='ocr_carea' id='block_1_29' title="bbox 1967 1317 3605 1407">
    <p class='ocr_par' dir='ltr' id='par_1_29' title="bbox 1967 1317 3605 1407">
     <span class='ocr_line' id='line_1_29' title="bbox 1967 1317 3605 1407; baseline 0.006 -29"><span class='ocrx_word' id='word_1_203' title='bbox 1967 1319 2026 1380; x_wconf 91' lang='lat' dir='ltr'><strong>in</strong></span> <span class='ocrx_word' id='word_1_204' title='bbox 2057 1319 2252 1380; x_wconf 89' lang='lat' dir='ltr'><strong>divina</strong></span> <span class='ocrx_word' id='word_1_205' title='bbox 2281 1317 2672 1381; x_wconf 89' lang='lat' dir='ltr'><strong>illustratione</strong></span> <span class='ocrx_word' id='word_1_206' title='bbox 2704 1318 3072 1402; x_wconf 72' lang='lat' dir='ltr'><strong>inaequalitas</strong></span> <span class='ocrx_word' id='word_1_207' title='bbox 3103 1321 3312 1386; x_wconf 61' lang='lat' dir='ltr'><strong>libera;</strong></span> <span class='ocrx_word' id='word_1_208' title='bbox 3342 1342 3605 1407; x_wconf 82' lang='lat' dir='ltr'><strong>prapen-</strong></span> 
     </span>
    </p>
   </div>
   <div class='ocr_carea' id='block_1_30' title="bbox 1967 1408 3606 1490">
    <p class='ocr_par' dir='ltr' id='par_1_30' title="bbox 1967 1408 3606 1490">
     <span class='ocr_line' id='line_1_30' title="bbox 1967 1408 3606 1490; baseline 0.005 -21"><span class='ocrx_word' id='word_1_209' title='bbox 1967 1408 2151 1469; x_wconf 90' lang='lat' dir='ltr'><strong>sionis</strong></span> <span class='ocrx_word' id='word_1_210' title='bbox 2171 1416 2470 1489; x_wconf 84' lang='lat' dir='ltr'><strong>operatur.</strong></span> <span class='ocrx_word' id='word_1_211' title='bbox 2497 1410 2779 1490; x_wconf 85' lang='lat' dir='ltr'><strong>Suppone</strong></span> <span class='ocrx_word' id='word_1_212' title='bbox 2809 1410 2994 1485; x_wconf 91' lang='lat' dir='ltr'><strong>enim,</strong></span> <span class='ocrx_word' id='word_1_213' title='bbox 3023 1410 3198 1474; x_wconf 90' lang='lat' dir='ltr'><strong>vitam</strong></span> <span class='ocrx_word' id='word_1_214' title='bbox 3230 1422 3492 1476; x_wconf 87' lang='lat' dir='ltr'><strong>nostram</strong></span> <span class='ocrx_word' id='word_1_215' title='bbox 3515 1415 3606 1477; x_wconf 83' lang='lat' dir='ltr'><strong>vi—</strong></span> 
     </span>
    </p>
   </div>
   <div class='ocr_carea' id='block_1_31' title="bbox 1969 1497 3611 1586">
    <p class='ocr_par' dir='ltr' id='par_1_31' title="bbox 1969 1497 3611 1586">
     <span class='ocr_line' id='line_1_31' title="bbox 1969 1497 3611 1586; baseline 0.005 -27"><span class='ocrx_word' id='word_1_216' title='bbox 1969 1497 2196 1559; x_wconf 89' lang='lat' dir='ltr'><strong>sionem</strong></span> <span class='ocrx_word' id='word_1_217' title='bbox 2217 1515 2346 1559; x_wconf 88' lang='lat' dir='ltr'><strong>esse</strong></span> <span class='ocrx_word' id='word_1_218' title='bbox 2389 1498 2783 1578; x_wconf 90' lang='lat' dir='ltr'><strong>spiritualem,</strong></span> <span class='ocrx_word' id='word_1_219' title='bbox 2812 1499 2919 1562; x_wconf 86' lang='lat' dir='ltr'><strong>sed</strong></span> <span class='ocrx_word' id='word_1_220' title='bbox 2942 1501 3326 1582; x_wconf 71' lang='lat' dir='ltr'><strong>inmqualem,</strong></span> <span class='ocrx_word' id='word_1_221' title='bbox 3358 1513 3611 1586; x_wconf 85' lang='lat' dir='ltr'><strong>propter</strong></span> 
     </span>
    </p>
   </div>
   <div class='ocr_carea' id='block_1_32' title="bbox 1969 1586 3611 1670">
    <p class='ocr_par' dir='ltr' id='par_1_32' title="bbox 1969 1586 3611 1670">
     <span class='ocr_line' id='line_1_32' title="bbox 1969 1586 3611 1670; baseline 0.005 -22"><span class='ocrx_word' id='word_1_222' title='bbox 1969 1586 2202 1648; x_wconf 82' lang='lat' dir='ltr'><strong>arbitrii</strong></span> <span class='ocrx_word' id='word_1_223' title='bbox 2232 1586 2590 1670; x_wconf 87' lang='lat' dir='ltr'><strong>libertatem;</strong></span> <span class='ocrx_word' id='word_1_224' title='bbox 2639 1587 2860 1651; x_wconf 65' lang='lat' dir='ltr'><strong>divinas</strong></span> <span class='ocrx_word' id='word_1_225' title='bbox 2901 1598 3097 1652; x_wconf 87' lang='lat' dir='ltr'><strong>autem</strong></span> <span class='ocrx_word' id='word_1_226' title='bbox 3130 1589 3415 1655; x_wconf 85' lang='lat' dir='ltr'><strong>bonitatis</strong></span> <span class='ocrx_word' id='word_1_227' title='bbox 3444 1593 3611 1657; x_wconf 87' lang='lat' dir='ltr'><strong>illus-</strong></span> 
     </span>
    </p>
   </div>
   <div class='ocr_carea' id='block_1_33' title="bbox 1972 1677 3609 1762">
    <p class='ocr_par' dir='ltr' id='par_1_33' title="bbox 1972 1677 3609 1762">
     <span class='ocr_line' id='line_1_33' title="bbox 1972 1677 3609 1762; baseline 0.004 -25"><span class='ocrx_word' id='word_1_228' title='bbox 1972 1677 2310 1757; x_wconf 87' lang='lat' dir='ltr'><strong>trationem,</strong></span> <span class='ocrx_word' id='word_1_229' title='bbox 2343 1696 2521 1739; x_wconf 89' lang='lat' dir='ltr'><strong>unam</strong></span> <span class='ocrx_word' id='word_1_230' title='bbox 2551 1695 2688 1739; x_wconf 91' lang='lat' dir='ltr'><strong>esse</strong></span> <span class='ocrx_word' id='word_1_231' title='bbox 2716 1687 2774 1741; x_wconf 88' lang='lat' dir='ltr'><strong>et</strong></span> <span class='ocrx_word' id='word_1_232' title='bbox 2804 1678 3103 1754; x_wconf 88' lang='lat' dir='ltr'><strong>eamdem,</strong></span> <span class='ocrx_word' id='word_1_233' title='bbox 3161 1681 3609 1762; x_wconf 88' lang='lat' dir='ltr'><strong>superplenam,</strong></span> 
     </span>
    </p>
   </div>
   <div class='ocr_carea' id='block_1_34' title="bbox 231 1761 1892 1853">
    <p class='ocr_par' dir='ltr' id='par_1_34' title="bbox 231 1761 1888 1840">
     <span class='ocr_line' id='line_1_34' title="bbox 231 1761 1888 1840; baseline 0.003 -19"><span class='ocrx_word' id='word_1_234' title='bbox 231 1765 489 1831; x_wconf 77' lang='grc' dir='ltr'>ουσιότης</span> <span class='ocrx_word' id='word_1_235' title='bbox 560 1761 599 1831; x_wconf 69' lang='grc' dir='ltr'><strong>ἥ</strong></span> <span class='ocrx_word' id='word_1_236' title='bbox 666 1763 940 1829; x_wconf 85' lang='grc' dir='ltr'>παντελῶς</span> <span class='ocrx_word' id='word_1_237' title='bbox 1005 1764 1293 1840; x_wconf 78' lang='grc' dir='ltr'>ἆμέθεκτον</span> <span class='ocrx_word' id='word_1_238' title='bbox 1363 1780 1514 1824; x_wconf 77' lang='grc' dir='ltr'>ποιεῖ</span> <span class='ocrx_word' id='word_1_239' title='bbox 1581 1769 1681 1833; x_wconf 75' lang='grc' dir='ltr'>τὴν</span> <span class='ocrx_word' id='word_1_240' title='bbox 1749 1773 1888 1826; x_wconf 84' lang='grc' dir='ltr'>θείαν</span> 
     </span>
    </p>
   </div>
   <div class='ocr_carea' id='block_1_35' title="bbox 1977 1761 3616 1853">
    <p class='ocr_par' dir='ltr' id='par_1_35' title="bbox 1977 1761 3616 1853">
     <span class='ocr_line' id='line_1_35' title="bbox 1977 1761 3616 1853; baseline 0.004 -25"><span class='ocrx_word' id='word_1_241' title='bbox 1977 1774 2032 1828; x_wconf 90' lang='lat' dir='ltr'><strong>et</strong></span> <span class='ocrx_word' id='word_1_242' title='bbox 2059 1765 2528 1848; x_wconf 85' lang='lat' dir='ltr'><strong>indcﬁcientem,</strong></span> <span class='ocrx_word' id='word_1_243' title='bbox 2562 1775 2620 1829; x_wconf 92' lang='lat' dir='ltr'><strong>et</strong></span> <span class='ocrx_word' id='word_1_244' title='bbox 2658 1767 3015 1848; x_wconf 85' lang='lat' dir='ltr'><strong>simplicem,</strong></span> <span class='ocrx_word' id='word_1_245' title='bbox 3053 1777 3112 1831; x_wconf 90' lang='lat' dir='ltr'><strong>et</strong></span> <span class='ocrx_word' id='word_1_246' title='bbox 3134 1761 3359 1832; x_wconf 6' lang='lat' dir='ltr'><strong>eodem,</strong></span> <span class='ocrx_word' id='word_1_247' title='bbox 3375 1789 3616 1853; x_wconf 88' lang='lat' dir='ltr'><strong>semper</strong></span> 
     </span>
    </p>
   </div>
   <div class='ocr_carea' id='block_1_36' title="bbox 229 1851 1891 1934">
    <p class='ocr_par' dir='ltr' id='par_1_36' title="bbox 229 1851 1891 1934">
     <span class='ocr_line' id='line_1_36' title="bbox 229 1851 1891 1934; baseline 0.003 -24"><span class='ocrx_word' id='word_1_248' title='bbox 229 1855 457 1934; x_wconf 76' lang='grc' dir='ltr'>ἀκτῖνα,</span> <span class='ocrx_word' id='word_1_249' title='bbox 517 1852 571 1909; x_wconf 83' lang='grc' dir='ltr'>ἐν</span> <span class='ocrx_word' id='word_1_250' title='bbox 630 1852 772 1918; x_wconf 80' lang='grc' dir='ltr'>ὅσοις</span> <span class='ocrx_word' id='word_1_251' title='bbox 825 1851 1031 1922; x_wconf 76' lang='grc' dir='ltr'>δηλαδὴ</span> <span class='ocrx_word' id='word_1_252' title='bbox 1089 1854 1363 1913; x_wconf 76' lang='grc' dir='ltr'>ἀντιτυπία</span> <span class='ocrx_word' id='word_1_253' title='bbox 1425 1857 1554 1933; x_wconf 79' lang='grc' dir='ltr'>ἐστὶ,</span> <span class='ocrx_word' id='word_1_254' title='bbox 1617 1858 1891 1915; x_wconf 74' lang='grc' dir='ltr'>κάντεῦθεν</span> 
     </span>
    </p>
   </div>
   <div class='ocr_carea' id='block_1_37' title="bbox 230 1941 1889 2026">
    <p class='ocr_par' dir='ltr' id='par_1_37' title="bbox 230 1941 1889 2026">
     <span class='ocr_line' id='line_1_37' title="bbox 230 1941 1889 2026; baseline 0.003 -26"><span class='ocrx_word' id='word_1_255' title='bbox 230 1941 471 2009; x_wconf 74' lang='grc' dir='ltr'>οὒδόλως</span> <span class='ocrx_word' id='word_1_256' title='bbox 530 1945 566 2013; x_wconf 81' lang='grc' dir='ltr'>ἡ</span> <span class='ocrx_word' id='word_1_257' title='bbox 625 1943 775 2006; x_wconf 80' lang='grc' dir='ltr'>ἀκτὶς</span> <span class='ocrx_word' id='word_1_258' title='bbox 832 1941 1137 2000; x_wconf 81' lang='grc' dir='ltr'>διαδίδοται⁸</span> <span class='ocrx_word' id='word_1_259' title='bbox 1198 1949 1235 2016; x_wconf 74' lang='grc' dir='ltr'>ἥ</span> <span class='ocrx_word' id='word_1_260' title='bbox 1291 1945 1570 2026; x_wconf 75' lang='grc' dir='ltr'>διαφόρους</span> <span class='ocrx_word' id='word_1_261' title='bbox 1622 1962 1766 2004; x_wconf 70' lang='grc' dir='ltr'>ποιεῖ</span> <span class='ocrx_word' id='word_1_262' title='bbox 1795 1950 1889 2012; x_wconf 76' lang='grc' dir='ltr'>τὰς</span> 
     </span>
    </p>
   </div>
   <div class='ocr_carea' id='block_1_38' title="bbox 229 2032 1890 2117">
    <p class='ocr_par' dir='ltr' id='par_1_38' title="bbox 229 2032 1890 2117">
     <span class='ocr_line' id='line_1_38' title="bbox 229 2032 1890 2117; baseline 0.002 -27"><span class='ocrx_word' id='word_1_263' title='bbox 229 2035 505 2115; x_wconf 67' lang='grc' dir='ltr'>μετοχὰς,</span> <span class='ocrx_word' id='word_1_264' title='bbox 540 2034 731 2112; x_wconf 60' lang='grc' dir='ltr'>μιαρᾶς</span> <span class='ocrx_word' id='word_1_265' title='bbox 791 2033 828 2101; x_wconf 73' lang='grc' dir='ltr'>ἢ</span> <span class='ocrx_word' id='word_1_266' title='bbox 889 2032 1155 2112; x_wconf 73' lang='grc' dir='ltr'>μεγάλας,</span> <span class='ocrx_word' id='word_1_267' title='bbox 1206 2033 1439 2114; x_wconf 72' lang='grc' dir='ltr'>ἀμυδρὰς</span> <span class='ocrx_word' id='word_1_268' title='bbox 1495 2037 1532 2105; x_wconf 72' lang='grc' dir='ltr'>ἢ</span> <span class='ocrx_word' id='word_1_269' title='bbox 1591 2038 1782 2117; x_wconf 74' lang='grc' dir='ltr'>φανάς,</span> <span class='ocrx_word' id='word_1_270' title='bbox 1819 2040 1890 2096; x_wconf 90' lang='grc' dir='ltr'>Τό</span> 
     </span>
    </p>
   </div>
   <div class='ocr_carea' id='block_1_39' title="bbox 229 2122 1892 2208">
    <p class='ocr_par' dir='ltr' id='par_1_39' title="bbox 229 2122 1892 2208">
     <span class='ocr_line' id='line_1_39' title="bbox 229 2122 1892 2208; baseline 0.003 -29"><span class='ocrx_word' id='word_1_271' title='bbox 229 2133 386 2202; x_wconf 82' lang='grc' dir='ltr'>γοῦν,</span> <span class='ocrx_word' id='word_1_272' title='bbox 420 2126 607 2204; x_wconf 57' lang='grc' dir='ltr'>μικρὸν</span> <span class='ocrx_word' id='word_1_273' title='bbox 663 2125 755 2179; x_wconf 77' lang='grc' dir='ltr'><strong>καὶ</strong></span> <span class='ocrx_word' id='word_1_274' title='bbox 808 2122 969 2202; x_wconf 74' lang='grc' dir='ltr'>μέγα,</span> <span class='ocrx_word' id='word_1_275' title='bbox 1029 2125 1118 2180; x_wconf 68' lang='grc' dir='ltr'><strong>επὶ</strong></span> <span class='ocrx_word' id='word_1_276' title='bbox 1175 2135 1361 2189; x_wconf 85' lang='grc' dir='ltr'>ποσοῦ.</span> <span class='ocrx_word' id='word_1_277' title='bbox 1415 2127 1504 2183; x_wconf 82' lang='grc' dir='ltr'>καὶ</span> <span class='ocrx_word' id='word_1_278' title='bbox 1531 2128 1696 2205; x_wconf 74' lang='grc' dir='ltr'>μικρὰ</span> <span class='ocrx_word' id='word_1_279' title='bbox 1729 2128 1892 2208; x_wconf 65' lang='grc' dir='ltr'>χάρις</span> 
     </span>
    </p>
   </div>
   <div class='ocr_carea' id='block_1_40' title="bbox 232 2209 1886 2295">
    <p class='ocr_par' dir='ltr' id='par_1_40' title="bbox 232 2209 1886 2295">
     <span class='ocr_line' id='line_1_40' title="bbox 232 2209 1886 2295; baseline 0.002 -24"><span class='ocrx_word' id='word_1_280' title='bbox 232 2215 408 2294; x_wconf 77' lang='grc' dir='ltr'>τυχὸν</span> <span class='ocrx_word' id='word_1_281' title='bbox 464 2215 499 2281; x_wconf 81' lang='grc' dir='ltr'><strong>ἡ</strong></span> <span class='ocrx_word' id='word_1_282' title='bbox 556 2217 655 2280; x_wconf 75' lang='grc' dir='ltr'>τῆς</span> <span class='ocrx_word' id='word_1_283' title='bbox 699 2209 1062 2277; x_wconf 77' lang='grc' dir='ltr'>διδασκαλίαςο</span> <span class='ocrx_word' id='word_1_284' title='bbox 1095 2213 1308 2292; x_wconf 75' lang='grc' dir='ltr'>μεγάλη</span> <span class='ocrx_word' id='word_1_285' title='bbox 1339 2216 1374 2283; x_wconf 77' lang='grc' dir='ltr'><strong>ἡ</strong></span> <span class='ocrx_word' id='word_1_286' title='bbox 1413 2217 1511 2283; x_wconf 78' lang='grc' dir='ltr'>τῆς</span> <span class='ocrx_word' id='word_1_287' title='bbox 1541 2217 1886 2295; x_wconf 71' lang='grc' dir='ltr'>προφητείας·</span> 
     </span>
    </p>
   </div>
   <div class='ocr_carea' id='block_1_41' title="bbox 235 2300 1890 2386">
    <p class='ocr_par' dir='ltr' id='par_1_41' title="bbox 235 2300 1890 2386">
     <span class='ocr_line' id='line_1_41' title="bbox 235 2300 1890 2386; baseline 0.001 -24"><span class='ocrx_word' id='word_1_288' title='bbox 235 2306 311 2362; x_wconf 72' lang='grc' dir='ltr'><strong>Τὸ</strong></span> <span class='ocrx_word' id='word_1_289' title='bbox 340 2302 398 2359; x_wconf 79' lang='grc' dir='ltr'>δὲ</span> <span class='ocrx_word' id='word_1_290' title='bbox 428 2300 657 2381; x_wconf 68' lang='grc' dir='ltr'>ἀμυδρὰς</span> <span class='ocrx_word' id='word_1_291' title='bbox 713 2303 748 2371; x_wconf 73' lang='grc' dir='ltr'>ἢ</span> <span class='ocrx_word' id='word_1_292' title='bbox 806 2304 994 2383; x_wconf 71' lang='grc' dir='ltr'>φανὰς,</span> <span class='ocrx_word' id='word_1_293' title='bbox 1032 2302 1116 2361; x_wconf 75' lang='grc' dir='ltr'><strong>ἐπὶ</strong></span> <span class='ocrx_word' id='word_1_294' title='bbox 1159 2312 1334 2362; x_wconf 88' lang='grc' dir='ltr'>ποιοῦ⁶</span> <span class='ocrx_word' id='word_1_295' title='bbox 1374 2303 1460 2361; x_wconf 77' lang='grc' dir='ltr'><strong>ὅτε</strong></span> <span class='ocrx_word' id='word_1_296' title='bbox 1492 2309 1657 2386; x_wconf 80' lang='grc' dir='ltr'>τυχὸν</span> <span class='ocrx_word' id='word_1_297' title='bbox 1687 2309 1722 2374; x_wconf 82' lang='grc' dir='ltr'><strong>ἡ</strong></span> <span class='ocrx_word' id='word_1_298' title='bbox 1754 2328 1890 2386; x_wconf 89' lang='grc' dir='ltr'>προ-</span> 
     </span>
    </p>
   </div>
   <div class='ocr_carea' id='block_1_42' title="bbox 235 2390 1893 2473">
    <p class='ocr_par' dir='ltr' id='par_1_42' title="bbox 235 2390 1893 2473">
     <span class='ocr_line' id='line_1_42' title="bbox 235 2390 1893 2473; baseline 0.002 -25"><span class='ocrx_word' id='word_1_299' title='bbox 235 2393 435 2473; x_wconf 69' lang='grc' dir='ltr'>φητεία</span> <span class='ocrx_word' id='word_1_300' title='bbox 493 2390 607 2448; x_wconf 82' lang='grc' dir='ltr'>δυσί</span> <span class='ocrx_word' id='word_1_301' title='bbox 655 2414 792 2449; x_wconf 73' lang='grc' dir='ltr'>τισιν</span> <span class='ocrx_word' id='word_1_302' title='bbox 843 2393 1096 2472; x_wconf 78' lang='grc' dir='ltr'>ὑπάρχει,</span> <span class='ocrx_word' id='word_1_303' title='bbox 1155 2395 1245 2449; x_wconf 80' lang='grc' dir='ltr'><strong>καὶ</strong></span> <span class='ocrx_word' id='word_1_304' title='bbox 1299 2399 1376 2467; x_wconf 80' lang='grc' dir='ltr'>τῷ</span> <span class='ocrx_word' id='word_1_305' title='bbox 1432 2395 1529 2468; x_wconf 71' lang='grc' dir='ltr'>μὲν</span> <span class='ocrx_word' id='word_1_306' title='bbox 1589 2395 1675 2451; x_wconf 73' lang='grc' dir='ltr'>ἐπὶ</span> <span class='ocrx_word' id='word_1_307' title='bbox 1732 2394 1893 2452; x_wconf 80' lang='grc' dir='ltr'>πλέον</span> 
     </span>
    </p>
   </div>
   <div class='ocr_carea' id='block_1_43' title="bbox 235 2477 1895 2563">
    <p class='ocr_par' dir='ltr' id='par_1_43' title="bbox 235 2477 1895 2563">
     <span class='ocr_line' id='line_1_43' title="bbox 235 2477 1895 2563; baseline 0.002 -26"><span class='ocrx_word' id='word_1_308' title='bbox 235 2481 376 2561; x_wconf 72' lang='grc' dir='ltr'>ἐστὶ,</span> <span class='ocrx_word' id='word_1_309' title='bbox 408 2487 486 2556; x_wconf 79' lang='grc' dir='ltr'>τῷ</span> <span class='ocrx_word' id='word_1_310' title='bbox 517 2479 572 2537; x_wconf 77' lang='grc' dir='ltr'>δὲ</span> <span class='ocrx_word' id='word_1_311' title='bbox 607 2477 691 2537; x_wconf 69' lang='grc' dir='ltr'><strong>ἐπ’</strong></span> <span class='ocrx_word' id='word_1_312' title='bbox 726 2480 968 2542; x_wconf 75' lang='grc' dir='ltr'>ἔλαττον.</span> <span class='ocrx_word' id='word_1_313' title='bbox 1003 2480 1154 2539; x_wconf 81' lang='grc' dir='ltr'>Ἐπεὶ</span> <span class='ocrx_word' id='word_1_314' title='bbox 1201 2480 1281 2539; x_wconf 80' lang='grc' dir='ltr'><strong>ὅτι</strong></span> <span class='ocrx_word' id='word_1_315' title='bbox 1333 2503 1392 2560; x_wconf 87' lang='grc' dir='ltr'>γε</span> <span class='ocrx_word' id='word_1_316' title='bbox 1445 2486 1530 2539; x_wconf 71' lang='grc' dir='ltr'>οιαὶ</span> <span class='ocrx_word' id='word_1_317' title='bbox 1562 2491 1664 2540; x_wconf 89' lang='grc' dir='ltr'><strong>τῶν</strong></span> <span class='ocrx_word' id='word_1_318' title='bbox 1699 2484 1895 2563; x_wconf 75' lang='grc' dir='ltr'>ἑτέρων</span> 
     </span>
    </p>
   </div>
   <div class='ocr_carea' id='block_1_44' title="bbox 234 2563 1898 2653">
    <p class='ocr_par' dir='ltr' id='par_1_44' title="bbox 234 2563 1898 2653">
     <span class='ocr_line' id='line_1_44' title="bbox 234 2563 1898 2653; baseline 0.001 -25"><span class='ocrx_word' id='word_1_319' title='bbox 234 2574 408 2629; x_wconf 71' lang='grc' dir='ltr'>ὶθνῶν</span> <span class='ocrx_word' id='word_1_320' title='bbox 465 2569 544 2650; x_wconf 73' lang='grc' dir='ltr'><strong>(ἐξ</strong></span> <span class='ocrx_word' id='word_1_321' title='bbox 592 2573 667 2627; x_wconf 85' lang='grc' dir='ltr'><strong>ῶν</strong></span> <span class='ocrx_word' id='word_1_322' title='bbox 719 2572 808 2627; x_wconf 77' lang='grc' dir='ltr'><strong>καὶ</strong></span> <span class='ocrx_word' id='word_1_323' title='bbox 836 2572 998 2646; x_wconf 75' lang='grc' dir='ltr'>ἡμεῖς</span> <span class='ocrx_word' id='word_1_324' title='bbox 1033 2563 1313 2639; x_wconf 65' lang='grc' dir='ltr'>’Ἕλληνες</span> <span class='ocrx_word' id='word_1_325' title='bbox 1346 2571 1493 2636; x_wconf 73' lang='grc' dir='ltr'>ὄντες</span> <span class='ocrx_word' id='word_1_326' title='bbox 1525 2573 1898 2653; x_wconf 83' lang='grc' dir='ltr'>ἆνενεύσαμεν)</span> 
     </span>
    </p>
   </div>
   <div class='ocr_carea' id='block_1_45' title="bbox 235 2659 1901 2727">
    <p class='ocr_par' dir='ltr' id='par_1_45' title="bbox 235 2659 1901 2727">
     <span class='ocr_line' id='line_1_45' title="bbox 235 2659 1901 2727; baseline 0 -7"><span class='ocrx_word' id='word_1_327' title='bbox 235 2665 298 2720; x_wconf 77' lang='grc' dir='ltr'>οὗ</span> <span class='ocrx_word' id='word_1_328' title='bbox 347 2660 488 2727; x_wconf 79' lang='grc' dir='ltr'>ξένοι</span> <span class='ocrx_word' id='word_1_329' title='bbox 539 2665 679 2726; x_wconf 78' lang='grc' dir='ltr'>τινὲς</span> <span class='ocrx_word' id='word_1_330' title='bbox 730 2661 819 2717; x_wconf 79' lang='grc' dir='ltr'><strong>καὶ</strong></span> <span class='ocrx_word' id='word_1_331' title='bbox 875 2659 1158 2718; x_wconf 76' lang='grc' dir='ltr'>ἀλλόκοτοι</span> <span class='ocrx_word' id='word_1_332' title='bbox 1211 2661 1548 2720; x_wconf 76' lang='grc' dir='ltr'>ἰπεστάτουν</span> <span class='ocrx_word' id='word_1_333' title='bbox 1587 2667 1694 2720; x_wconf 86' lang='grc' dir='ltr'>θεοὶ</span> <span class='ocrx_word' id='word_1_334' title='bbox 1725 2663 1810 2720; x_wconf 78' lang='grc' dir='ltr'><strong>ἐπὶ</strong></span> <span class='ocrx_word' id='word_1_335' title='bbox 1841 2667 1901 2721; x_wconf 83' lang='grc' dir='ltr'>τὸ</span> 
     </span>
    </p>
   </div>
   <div class='ocr_carea' id='block_1_46' title="bbox 235 2750 1895 2829">
    <p class='ocr_par' dir='ltr' id='par_1_46' title="bbox 235 2750 1895 2829">
     <span class='ocr_line' id='line_1_46' title="bbox 235 2750 1895 2829; baseline 0.001 -21"><span class='ocrx_word' id='word_1_336' title='bbox 235 2750 628 2827; x_wconf 76' lang='grc' dir='ltr'>ἐξηπλωμένον</span> <span class='ocrx_word' id='word_1_337' title='bbox 674 2757 806 2808; x_wconf 82' lang='grc' dir='ltr'>πᾶσι</span> <span class='ocrx_word' id='word_1_338' title='bbox 856 2765 974 2816; x_wconf 72' lang='grc' dir='ltr'>τοῖς</span> <span class='ocrx_word' id='word_1_339' title='bbox 1022 2751 1257 2809; x_wconf 79' lang='grc' dir='ltr'>θέλουσιν</span> <span class='ocrx_word' id='word_1_340' title='bbox 1318 2753 1390 2818; x_wconf 84' lang='grc' dir='ltr'><strong>είς</strong></span> <span class='ocrx_word' id='word_1_341' title='bbox 1443 2752 1726 2829; x_wconf 81' lang='grc' dir='ltr'>μετάδοσιν</span> <span class='ocrx_word' id='word_1_342' title='bbox 1757 2754 1895 2810; x_wconf 79' lang='grc' dir='ltr'>ἑτοί-</span> 
     </span>
    </p>
   </div>
   <div class='ocr_carea' id='block_1_47' title="bbox 235 2838 1899 2922">
    <p class='ocr_par' dir='ltr' id='par_1_47' title="bbox 235 2838 1899 2922">
     <span class='ocr_line' id='line_1_47' title="bbox 235 2838 1899 2922; baseline 0.003 -26"><span class='ocrx_word' id='word_1_343' title='bbox 235 2863 356 2917; x_wconf 90' lang='grc' dir='ltr'><strong>μως</strong></span> <span class='ocrx_word' id='word_1_344' title='bbox 394 2838 464 2896; x_wconf 85' lang='grc' dir='ltr'><strong>δι’</strong></span> <span class='ocrx_word' id='word_1_345' title='bbox 494 2839 798 2919; x_wconf 78' lang='grc' dir='ltr'>ἆγαθότητα</span> <span class='ocrx_word' id='word_1_346' title='bbox 849 2847 944 2898; x_wconf 83' lang='grc' dir='ltr'><strong>τοῦ</strong></span> <span class='ocrx_word' id='word_1_347' title='bbox 998 2844 1290 2921; x_wconf 82' lang='grc' dir='ltr'>θεαρχικοῦ</span> <span class='ocrx_word' id='word_1_348' title='bbox 1340 2845 1516 2920; x_wconf 79' lang='grc' dir='ltr'>φωτὸς</span> <span class='ocrx_word' id='word_1_349' title='bbox 1549 2841 1764 2922; x_wconf 73' lang='grc' dir='ltr'>ἄπειρον</span> <span class='ocrx_word' id='word_1_350' title='bbox 1797 2843 1899 2901; x_wconf 68' lang='lat'><strong>1:1-</strong></span> 
     </span>
    </p>
   </div>
   <div class='ocr_carea' id='block_1_48' title="bbox 233 2927 1902 3012">
    <p class='ocr_par' dir='ltr' id='par_1_48' title="bbox 233 2927 1902 3012">
     <span class='ocr_line' id='line_1_48' title="bbox 233 2927 1902 3012; baseline 0.002 -25"><span class='ocrx_word' id='word_1_351' title='bbox 233 2931 438 3012; x_wconf 85' lang='grc' dir='ltr'>λαγος,</span> <span class='ocrx_word' id='word_1_352' title='bbox 471 2929 594 2987; x_wconf 76' lang='grc' dir='ltr'>ἀλλ’</span> <span class='ocrx_word' id='word_1_353' title='bbox 627 2927 810 2997; x_wconf 77' lang='grc' dir='ltr'>ἐπειδὴ</span> <span class='ocrx_word' id='word_1_354' title='bbox 877 2933 973 3006; x_wconf 83' lang='grc' dir='ltr'><strong>μία</strong></span> <span class='ocrx_word' id='word_1_355' title='bbox 1042 2933 1254 2987; x_wconf 81' lang='grc' dir='ltr'>πάντων</span> <span class='ocrx_word' id='word_1_356' title='bbox 1319 2933 1466 3011; x_wconf 68' lang='grc' dir='ltr'>ἀρχὴ</span> <span class='ocrx_word' id='word_1_357' title='bbox 1533 2935 1560 2989; x_wconf 80' lang='grc' dir='ltr'>ὁ</span> <span class='ocrx_word' id='word_1_358' title='bbox 1633 2935 1783 2998; x_wconf 75' lang='grc' dir='ltr'>Θεός*</span> <span class='ocrx_word' id='word_1_359' title='bbox 1819 2933 1902 2990; x_wconf 79' lang='grc' dir='ltr'><strong>διὰ</strong></span> 
     </span>
    </p>
   </div>
   <div class='ocr_carea' id='block_1_49' title="bbox 233 3020 1902 3098">
    <p class='ocr_par' dir='ltr' id='par_1_49' title="bbox 233 3020 1902 3098">
     <span class='ocr_line' id='line_1_49' title="bbox 233 3020 1902 3098; baseline 0 -18"><span class='ocrx_word' id='word_1_360' title='bbox 233 3030 408 3080; x_wconf 81' lang='grc' dir='ltr'>τοῦτο</span> <span class='ocrx_word' id='word_1_361' title='bbox 459 3022 591 3098; x_wconf 79' lang='grc' dir='ltr'>πρὸς</span> <span class='ocrx_word' id='word_1_362' title='bbox 643 3030 840 3087; x_wconf 84' lang='grc' dir='ltr'>ταύτην</span> <span class='ocrx_word' id='word_1_363' title='bbox 911 3020 1110 3098; x_wconf 64' lang='grc' dir='ltr'>ἀνῆγον</span> <span class='ocrx_word' id='word_1_364' title='bbox 1181 3024 1229 3077; x_wconf 76' lang='grc' dir='ltr'>οἱ</span> <span class='ocrx_word' id='word_1_365' title='bbox 1299 3022 1416 3078; x_wconf 87' lang='grc' dir='ltr'>καθ’</span> <span class='ocrx_word' id='word_1_366' title='bbox 1488 3021 1712 3079; x_wconf 73' lang='grc' dir='ltr'>ἕκαστον</span> <span class='ocrx_word' id='word_1_367' title='bbox 1761 3023 1902 3090; x_wconf 75' lang='grc' dir='ltr'>ἔθνος</span> 
     </span>
    </p>
   </div>
   <div class='ocr_carea' id='block_1_50' title="bbox 237 3105 1898 3188">
    <p class='ocr_par' dir='ltr' id='par_1_50' title="bbox 237 3105 1898 3188">
     <span class='ocr_line' id='line_1_50' title="bbox 237 3105 1898 3188; baseline 0 -20"><span class='ocrx_word' id='word_1_368' title='bbox 237 3112 657 3177; x_wconf 73' lang='grc' dir='ltr'>ἒπιστατοῦντες</span> <span class='ocrx_word' id='word_1_369' title='bbox 688 3105 910 3188; x_wconf 75' lang='grc' dir='ltr'>ἄγγελοι</span> <span class='ocrx_word' id='word_1_370' title='bbox 966 3111 1088 3172; x_wconf 82' lang='grc' dir='ltr'>τοὺς</span> <span class='ocrx_word' id='word_1_371' title='bbox 1147 3109 1438 3187; x_wconf 75' lang='grc' dir='ltr'>ἑπομένους</span> <span class='ocrx_word' id='word_1_372' title='bbox 1499 3112 1633 3170; x_wconf 76' lang='grc' dir='ltr'>κατὰ</span> <span class='ocrx_word' id='word_1_373' title='bbox 1686 3115 1746 3169; x_wconf 80' lang='grc' dir='ltr'>τὸ</span> <span class='ocrx_word' id='word_1_374' title='bbox 1799 3113 1898 3168; x_wconf 76' lang='grc' dir='ltr'><strong>αὖ·</strong></span> 
     </span>
    </p>
   </div>
   <div class='ocr_carea' id='block_1_51' title="bbox 1976 1855 3617 1939">
    <p class='ocr_par' dir='ltr' id='par_1_51' title="bbox 1976 1855 3617 1939">
     <span class='ocr_line' id='line_1_51' title="bbox 1976 1855 3617 1939; baseline 0.004 -23"><span class='ocrx_word' id='word_1_375' title='bbox 1976 1857 2152 1918; x_wconf 90' lang='lat' dir='ltr'><strong>modo</strong></span> <span class='ocrx_word' id='word_1_376' title='bbox 2181 1874 2248 1918; x_wconf 89' lang='lat' dir='ltr'><strong>se</strong></span> <span class='ocrx_word' id='word_1_377' title='bbox 2274 1855 2593 1920; x_wconf 81' lang='lat' dir='ltr'><strong>habentem</strong></span> <span class='ocrx_word' id='word_1_378' title='bbox 2640 1873 2655 1915; x_wconf 91' lang='lat'><strong>:</strong></span> <span class='ocrx_word' id='word_1_379' title='bbox 2691 1867 2832 1921; x_wconf 91' lang='lat' dir='ltr'><strong>tunc</strong></span> <span class='ocrx_word' id='word_1_380' title='bbox 2865 1857 3071 1939; x_wconf 88' lang='lat' dir='ltr'><strong>utique</strong></span> <span class='ocrx_word' id='word_1_381' title='bbox 3097 1859 3394 1922; x_wconf 81' lang='lat' dir='ltr'><strong>visionum</strong></span> <span class='ocrx_word' id='word_1_382' title='bbox 3428 1860 3617 1924; x_wconf 88' lang='lat' dir='ltr'><strong>libera</strong></span> 
     </span>
    </p>
   </div>
   <div class='ocr_carea' id='block_1_52' title="bbox 1976 1946 3617 2027">
    <p class='ocr_par' dir='ltr' id='par_1_52' title="bbox 1976 1946 3617 2027">
     <span class='ocr_line' id='line_1_52' title="bbox 1976 1946 3617 2027; baseline 0.004 -21"><span class='ocrx_word' id='word_1_383' title='bbox 1976 1947 2293 2027; x_wconf 89' lang='lat' dir='ltr'><strong>propensio</strong></span> <span class='ocrx_word' id='word_1_384' title='bbox 2328 1947 2414 2008; x_wconf 87' lang='lat' dir='ltr'><strong>vel</strong></span> <span class='ocrx_word' id='word_1_385' title='bbox 2434 1947 2674 2009; x_wconf 91' lang='lat' dir='ltr'><strong>omnino</strong></span> <span class='ocrx_word' id='word_1_386' title='bbox 2693 1946 3264 2010; x_wconf 90' lang='lat' dir='ltr'><strong>incommunicatum</strong></span> <span class='ocrx_word' id='word_1_387' title='bbox 3296 1950 3496 2012; x_wconf 85' lang='lat' dir='ltr'><strong>reddit</strong></span> <span class='ocrx_word' id='word_1_388' title='bbox 3513 1969 3617 2012; x_wconf 85' lang='lat' dir='ltr'><strong>ra-</strong></span> 
     </span>
    </p>
   </div>
   <div class='ocr_carea' id='block_1_53' title="bbox 1975 2035 3616 2120">
    <p class='ocr_par' dir='ltr' id='par_1_53' title="bbox 1975 2035 3616 2120">
     <span class='ocr_line' id='line_1_53' title="bbox 1975 2035 3616 2120; baseline 0.004 -24"><span class='ocrx_word' id='word_1_389' title='bbox 1975 2035 2136 2096; x_wconf 87' lang='lat' dir='ltr'><strong>dium</strong></span> <span class='ocrx_word' id='word_1_390' title='bbox 2169 2035 2455 2112; x_wconf 89' lang='lat' dir='ltr'><strong>divinum,</strong></span> <span class='ocrx_word' id='word_1_391' title='bbox 2488 2037 2561 2098; x_wconf 88' lang='lat' dir='ltr'><strong>iis</strong></span> <span class='ocrx_word' id='word_1_392' title='bbox 2590 2036 2877 2100; x_wconf 89' lang='lat' dir='ltr'><strong>nimirum</strong></span> <span class='ocrx_word' id='word_1_393' title='bbox 2911 2037 3014 2118; x_wconf 91' lang='lat' dir='ltr'><strong>qui</strong></span> <span class='ocrx_word' id='word_1_394' title='bbox 3041 2037 3434 2116; x_wconf 82' lang='lat' dir='ltr'><strong>reluctantur,</strong></span> <span class='ocrx_word' id='word_1_395' title='bbox 3469 2058 3616 2120; x_wconf 88' lang='lat' dir='ltr'><strong>pro-</strong></span> 
     </span>
    </p>
   </div>
   <div class='ocr_carea' id='block_1_54' title="bbox 1975 2125 3618 2207">
    <p class='ocr_par' dir='ltr' id='par_1_54' title="bbox 1975 2125 3618 2207">
     <span class='ocr_line' id='line_1_54' title="bbox 1975 2125 3618 2207; baseline 0.003 -22"><span class='ocrx_word' id='word_1_396' title='bbox 1975 2133 2106 2206; x_wconf 87' lang='lat' dir='ltr'><strong>pter</strong></span> <span class='ocrx_word' id='word_1_397' title='bbox 2158 2127 2316 2207; x_wconf 92' lang='lat' dir='ltr'><strong>quod</strong></span> <span class='ocrx_word' id='word_1_398' title='bbox 2363 2125 2608 2188; x_wconf 88' lang='lat' dir='ltr'><strong>omnino</strong></span> <span class='ocrx_word' id='word_1_399' title='bbox 2666 2126 2870 2188; x_wconf 86' lang='lat' dir='ltr'><strong>radius</strong></span> <span class='ocrx_word' id='word_1_400' title='bbox 2919 2145 3040 2189; x_wconf 89' lang='lat' dir='ltr'><strong>non</strong></span> <span class='ocrx_word' id='word_1_401' title='bbox 3089 2126 3495 2205; x_wconf 84' lang='lat' dir='ltr'><strong>distribuitur;</strong></span> <span class='ocrx_word' id='word_1_402' title='bbox 3524 2129 3618 2192; x_wconf 91' lang='lat' dir='ltr'><strong>vel</strong></span> 
     </span>
    </p>
   </div>
   <div class='ocr_carea' id='block_1_55' title="bbox 1975 2215 3614 2300">
    <p class='ocr_par' dir='ltr' id='par_1_55' title="bbox 1975 2215 3614 2300">
     <span class='ocr_line' id='line_1_55' title="bbox 1975 2215 3614 2300; baseline 0.003 -24"><span class='ocrx_word' id='word_1_403' title='bbox 1975 2216 2240 2278; x_wconf 88' lang='lat' dir='ltr'><strong>diversas</strong></span> <span class='ocrx_word' id='word_1_404' title='bbox 2271 2215 2408 2277; x_wconf 80' lang='lat' dir='ltr'><strong>facit</strong></span> <span class='ocrx_word' id='word_1_405' title='bbox 2438 2215 2945 2298; x_wconf 86' lang='lat' dir='ltr'><strong>participationes,</strong></span> <span class='ocrx_word' id='word_1_406' title='bbox 2995 2235 3202 2298; x_wconf 86' lang='lat' dir='ltr'><strong>parvas</strong></span> <span class='ocrx_word' id='word_1_407' title='bbox 3226 2217 3317 2280; x_wconf 87' lang='lat' dir='ltr'><strong>vel</strong></span> <span class='ocrx_word' id='word_1_408' title='bbox 3351 2237 3614 2300; x_wconf 86' lang='lat' dir='ltr'><strong>magnas,</strong></span> 
     </span>
    </p>
   </div>
   <div class='ocr_carea' id='block_1_56' title="bbox 1975 2303 3620 2388">
    <p class='ocr_par' dir='ltr' id='par_1_56' title="bbox 1975 2303 3620 2388">
     <span class='ocr_line' id='line_1_56' title="bbox 1975 2303 3620 2388; baseline 0.003 -23"><span class='ocrx_word' id='word_1_409' title='bbox 1975 2303 2262 2366; x_wconf 87' lang='lat' dir='ltr'><strong>obscuras</strong></span> <span class='ocrx_word' id='word_1_410' title='bbox 2317 2304 2406 2366; x_wconf 88' lang='lat' dir='ltr'><strong>vel</strong></span> <span class='ocrx_word' id='word_1_411' title='bbox 2465 2307 2678 2370; x_wconf 88' lang='lat' dir='ltr'><strong>claras.</strong></span> <span class='ocrx_word' id='word_1_412' title='bbox 2725 2304 2879 2368; x_wconf 90' lang='lat' dir='ltr'><strong>Illud</strong></span> <span class='ocrx_word' id='word_1_413' title='bbox 2911 2306 3108 2388; x_wconf 79' lang='lat' dir='ltr'><strong>itaque</strong></span> <span class='ocrx_word' id='word_1_414' title='bbox 3140 2323 3379 2387; x_wconf 85' lang='lat' dir='ltr'><strong>parvum</strong></span> <span class='ocrx_word' id='word_1_415' title='bbox 3412 2316 3472 2370; x_wconf 92' lang='lat' dir='ltr'><strong>et</strong></span> <span class='ocrx_word' id='word_1_416' title='bbox 3499 2327 3620 2370; x_wconf 86' lang='lat' dir='ltr'><strong>ma-</strong></span> 
     </span>
    </p>
   </div>
   <div class='ocr_carea' id='block_1_57' title="bbox 1975 2392 3618 2475">
    <p class='ocr_par' dir='ltr' id='par_1_57' title="bbox 1975 2392 3618 2475">
     <span class='ocr_line' id='line_1_57' title="bbox 1975 2392 3618 2475; baseline 0.002 -22"><span class='ocrx_word' id='word_1_417' title='bbox 1975 2393 2261 2468; x_wconf 81' lang='lat' dir='ltr'><strong>gnum,ad</strong></span> <span class='ocrx_word' id='word_1_418' title='bbox 2292 2392 2683 2473; x_wconf 87' lang='lat' dir='ltr'><strong>quantitatem</strong></span> <span class='ocrx_word' id='word_1_419' title='bbox 2721 2393 3024 2456; x_wconf 82' lang='lat' dir='ltr'><strong>refertur:</strong></span> <span class='ocrx_word' id='word_1_420' title='bbox 3077 2403 3135 2455; x_wconf 90' lang='lat' dir='ltr'><strong>et</strong></span> <span class='ocrx_word' id='word_1_421' title='bbox 3165 2411 3339 2474; x_wconf 85' lang='lat' dir='ltr'><strong>parva</strong></span> <span class='ocrx_word' id='word_1_422' title='bbox 3367 2403 3618 2475; x_wconf 90' lang='lat' dir='ltr'><strong>estgra-</strong></span> 
     </span>
    </p>
   </div>
   <div class='ocr_carea' id='block_1_58' title="bbox 1986 2481 3618 2564">
    <p class='ocr_par' dir='ltr' id='par_1_58' title="bbox 1986 2481 3618 2564">
     <span class='ocr_line' id='line_1_58' title="bbox 1986 2481 3618 2564; baseline 0.002 -21"><span class='ocrx_word' id='word_1_423' title='bbox 1986 2481 2244 2562; x_wconf 82' lang='lat' dir='ltr'><strong>tia,forte</strong></span> <span class='ocrx_word' id='word_1_424' title='bbox 2270 2482 2641 2564; x_wconf 88' lang='lat' dir='ltr'><strong>eruditionis;</strong></span> <span class='ocrx_word' id='word_1_425' title='bbox 2666 2500 2900 2564; x_wconf 78' lang='lat' dir='ltr'><strong>magna,</strong></span> <span class='ocrx_word' id='word_1_426' title='bbox 2947 2483 3294 2564; x_wconf 72' lang='lat' dir='ltr'><strong>prophetiae.</strong></span> <span class='ocrx_word' id='word_1_427' title='bbox 3331 2483 3482 2546; x_wconf 90' lang='lat' dir='ltr'><strong>lllud</strong></span> <span class='ocrx_word' id='word_1_428' title='bbox 3507 2504 3618 2546; x_wconf 83' lang='lat' dir='ltr'><strong>au-</strong></span> 
     </span>
    </p>
   </div>
   <div class='ocr_carea' id='block_1_59' title="bbox 1984 2571 3616 2654">
    <p class='ocr_par' dir='ltr' id='par_1_59' title="bbox 1984 2571 3616 2654">
     <span class='ocr_line' id='line_1_59' title="bbox 1984 2571 3616 2654; baseline 0.003 -22"><span class='ocrx_word' id='word_1_429' title='bbox 1984 2579 2126 2647; x_wconf 88' lang='lat' dir='ltr'><strong>tem,</strong></span> <span class='ocrx_word' id='word_1_430' title='bbox 2152 2571 2435 2634; x_wconf 87' lang='lat' dir='ltr'><strong>obscuras</strong></span> <span class='ocrx_word' id='word_1_431' title='bbox 2472 2571 2565 2634; x_wconf 90' lang='lat' dir='ltr'><strong>vel</strong></span> <span class='ocrx_word' id='word_1_432' title='bbox 2611 2571 2825 2648; x_wconf 87' lang='lat' dir='ltr'><strong>claras,</strong></span> <span class='ocrx_word' id='word_1_433' title='bbox 2851 2572 2924 2634; x_wconf 88' lang='lat' dir='ltr'><strong>ad</strong></span> <span class='ocrx_word' id='word_1_434' title='bbox 2956 2573 3300 2654; x_wconf 86' lang='lat' dir='ltr'><strong>qualitatem</strong></span> <span class='ocrx_word' id='word_1_435' title='bbox 3330 2574 3616 2648; x_wconf 70' lang='lat' dir='ltr'><strong>refertur,</strong></span> 
     </span>
    </p>
   </div>
   <div class='ocr_carea' id='block_1_60' title="bbox 1985 2661 3617 2744">
    <p class='ocr_par' dir='ltr' id='par_1_60' title="bbox 1985 2661 3617 2744">
     <span class='ocr_line' id='line_1_60' title="bbox 1985 2661 3617 2744; baseline 0.001 -21"><span class='ocrx_word' id='word_1_436' title='bbox 1985 2661 2224 2742; x_wconf 88' lang='lat' dir='ltr'><strong>quando</strong></span> <span class='ocrx_word' id='word_1_437' title='bbox 2249 2661 2401 2724; x_wconf 80' lang='lat' dir='ltr'><strong>forte</strong></span> <span class='ocrx_word' id='word_1_438' title='bbox 2419 2663 2726 2743; x_wconf 87' lang='lat' dir='ltr'><strong>prophetia</strong></span> <span class='ocrx_word' id='word_1_439' title='bbox 2759 2662 2994 2724; x_wconf 90' lang='lat' dir='ltr'><strong>duobus</strong></span> <span class='ocrx_word' id='word_1_440' title='bbox 3016 2662 3313 2744; x_wconf 90' lang='lat' dir='ltr'><strong>aliquibus</strong></span> <span class='ocrx_word' id='word_1_441' title='bbox 3345 2661 3617 2744; x_wconf 83' lang='lat' dir='ltr'><strong>obtingit;</strong></span> 
     </span>
    </p>
   </div>
   <div class='ocr_carea' id='block_1_61' title="bbox 1985 2750 3623 2832">
    <p class='ocr_par' dir='ltr' id='par_1_61' title="bbox 1985 2750 3623 2832">
     <span class='ocr_line' id='line_1_61' title="bbox 1985 2750 3623 2832; baseline 0.001 -20"><span class='ocrx_word' id='word_1_442' title='bbox 1985 2760 2163 2832; x_wconf 90' lang='lat' dir='ltr'><strong>atque</strong></span> <span class='ocrx_word' id='word_1_443' title='bbox 2183 2750 2287 2812; x_wconf 90' lang='lat' dir='ltr'><strong>uni</strong></span> <span class='ocrx_word' id='word_1_444' title='bbox 2309 2751 2548 2832; x_wconf 86' lang='lat' dir='ltr'><strong>quidem</strong></span> <span class='ocrx_word' id='word_1_445' title='bbox 2577 2751 3022 2832; x_wconf 87' lang='lat' dir='ltr'><strong>plenior,altare</strong></span> <span class='ocrx_word' id='word_1_446' title='bbox 3037 2768 3176 2812; x_wconf 91' lang='lat' dir='ltr'><strong>vero</strong></span> <span class='ocrx_word' id='word_1_447' title='bbox 3201 2750 3623 2826; x_wconf 83' lang='lat' dir='ltr'><strong>tenuior.Quin</strong></span> 
     </span>
    </p>
   </div>
   <div class='ocr_carea' id='block_1_62' title="bbox 1983 2839 3625 2924">
    <p class='ocr_par' dir='ltr' id='par_1_62' title="bbox 1983 2839 3625 2924">
     <span class='ocr_line' id='line_1_62' title="bbox 1983 2839 3625 2924; baseline 0.002 -24"><span class='ocrx_word' id='word_1_448' title='bbox 1983 2841 2158 2901; x_wconf 90' lang='lat' dir='ltr'><strong>etiam</strong></span> <span class='ocrx_word' id='word_1_449' title='bbox 2193 2841 2331 2921; x_wconf 88' lang='lat' dir='ltr'><strong>quia</strong></span> <span class='ocrx_word' id='word_1_450' title='bbox 2359 2841 2590 2903; x_wconf 74' lang='lat' dir='ltr'><strong>caeteris</strong></span> <span class='ocrx_word' id='word_1_451' title='bbox 2617 2839 2893 2920; x_wconf 76' lang='lat' dir='ltr'><strong>gentibus</strong></span> <span class='ocrx_word' id='word_1_452' title='bbox 2921 2841 2978 2920; x_wconf 90' lang='lat' dir='ltr'><strong>(e</strong></span> <span class='ocrx_word' id='word_1_453' title='bbox 3027 2840 3244 2922; x_wconf 89' lang='lat' dir='ltr'><strong>quibus</strong></span> <span class='ocrx_word' id='word_1_454' title='bbox 3273 2847 3330 2903; x_wconf 90' lang='lat' dir='ltr'><strong>et</strong></span> <span class='ocrx_word' id='word_1_455' title='bbox 3359 2859 3490 2924; x_wconf 84' lang='lat' dir='ltr'><strong>nos,</strong></span> <span class='ocrx_word' id='word_1_456' title='bbox 3525 2845 3625 2924; x_wconf 91' lang='lat' dir='ltr'><strong>qui</strong></span> 
     </span>
    </p>
   </div>
   <div class='ocr_carea' id='block_1_63' title="bbox 1984 2928 3624 3011">
    <p class='ocr_par' dir='ltr' id='par_1_63' title="bbox 1984 2928 3624 3011">
     <span class='ocr_line' id='line_1_63' title="bbox 1984 2928 3624 3011; baseline 0.002 -19"><span class='ocrx_word' id='word_1_457' title='bbox 1984 2928 2172 2992; x_wconf 74' lang='lat' dir='ltr'><strong>Graeci</strong></span> <span class='ocrx_word' id='word_1_458' title='bbox 2203 2948 2434 3005; x_wconf 87' lang='lat' dir='ltr'><strong>sumus,</strong></span> <span class='ocrx_word' id='word_1_459' title='bbox 2467 2933 2847 3010; x_wconf 67' lang='lat' dir='ltr'><strong>emersimus)</strong></span> <span class='ocrx_word' id='word_1_460' title='bbox 2903 2949 3022 2991; x_wconf 92' lang='lat' dir='ltr'><strong>non</strong></span> <span class='ocrx_word' id='word_1_461' title='bbox 3070 2930 3252 2992; x_wconf 89' lang='lat' dir='ltr'><strong>alieni</strong></span> <span class='ocrx_word' id='word_1_462' title='bbox 3292 2930 3537 3011; x_wconf 89' lang='lat' dir='ltr'><strong>quidam</strong></span> <span class='ocrx_word' id='word_1_463' title='bbox 3565 2942 3624 2996; x_wconf 89' lang='lat' dir='ltr'><strong>et</strong></span> 
     </span>
    </p>
   </div>
   <div class='ocr_carea' id='block_1_64' title="bbox 1983 3018 3623 3104">
    <p class='ocr_par' dir='ltr' id='par_1_64' title="bbox 1983 3018 3623 3104">
     <span class='ocr_line' id='line_1_64' title="bbox 1983 3018 3623 3104; baseline 0.003 -25"><span class='ocrx_word' id='word_1_464' title='bbox 1983 3019 2306 3101; x_wconf 81' lang='lat' dir='ltr'><strong>prodigiosi</strong></span> <span class='ocrx_word' id='word_1_465' title='bbox 2321 3020 2680 3101; x_wconf 66' lang='lat' dir='ltr'><strong>praefuerunt</strong></span> <span class='ocrx_word' id='word_1_466' title='bbox 2695 3021 2776 3083; x_wconf 89' lang='lat' dir='ltr'><strong>dii</strong></span> <span class='ocrx_word' id='word_1_467' title='bbox 2793 3020 2868 3081; x_wconf 86' lang='lat' dir='ltr'><strong>ad</strong></span> <span class='ocrx_word' id='word_1_468' title='bbox 2881 3018 3163 3081; x_wconf 71' lang='lat' dir='ltr'><strong>diiiusum</strong></span> <span class='ocrx_word' id='word_1_469' title='bbox 3178 3021 3479 3097; x_wconf 89' lang='lat' dir='ltr'><strong>omnibus,</strong></span> <span class='ocrx_word' id='word_1_470' title='bbox 3521 3023 3623 3104; x_wconf 85' lang='lat' dir='ltr'><strong>qui</strong></span> 
     </span>
    </p>
   </div>
   <div class='ocr_carea' id='block_1_65' title="bbox 1982 3109 3618 3192">
    <p class='ocr_par' dir='ltr' id='par_1_65' title="bbox 1982 3109 3618 3192">
     <span class='ocr_line' id='line_1_65' title="bbox 1982 3109 3618 3192; baseline 0.002 -20"><span class='ocrx_word' id='word_1_471' title='bbox 1982 3110 2135 3172; x_wconf 84' lang='lat' dir='ltr'><strong>ultro</strong></span> <span class='ocrx_word' id='word_1_472' title='bbox 2158 3128 2263 3190; x_wconf 88' lang='lat' dir='ltr'><strong>per</strong></span> <span class='ocrx_word' id='word_1_473' title='bbox 2285 3110 2604 3172; x_wconf 89' lang='lat' dir='ltr'><strong>bonitatem</strong></span> <span class='ocrx_word' id='word_1_474' title='bbox 2619 3111 2748 3190; x_wconf 88' lang='lat' dir='ltr'><strong>ejus</strong></span> <span class='ocrx_word' id='word_1_475' title='bbox 2771 3109 3280 3190; x_wconf 87' lang='lat' dir='ltr'><strong>participationem</strong></span> <span class='ocrx_word' id='word_1_476' title='bbox 3310 3119 3618 3192; x_wconf 88' lang='lat' dir='ltr'><strong>appetunt,</strong></span> 
     </span>
    </p>
   </div>
   <div class='ocr_carea' id='block_1_66' title="bbox 233 3197 1892 3283">
    <p class='ocr_par' dir='ltr' id='par_1_66' title="bbox 233 3199 1892 3283">
     <span class='ocr_line' id='line_1_66' title="bbox 233 3199 1892 3283; baseline -0.007 -23"><span class='ocrx_word' id='word_1_477' title='bbox 233 3203 483 3281; x_wconf 76' lang='grc' dir='ltr'>θαίρετον</span> <span class='ocrx_word' id='word_1_478' title='bbox 534 3201 624 3257; x_wconf 82' lang='grc' dir='ltr'><strong>καὶ</strong></span> <span class='ocrx_word' id='word_1_479' title='bbox 679 3199 774 3256; x_wconf 73' lang='grc' dir='ltr'>οὒκ</span> <span class='ocrx_word' id='word_1_480' title='bbox 830 3199 1263 3277; x_wconf 78' lang='grc' dir='ltr'>ἠναγκασμένον,</span> <span class='ocrx_word' id='word_1_481' title='bbox 1328 3200 1535 3277; x_wconf 83' lang='grc' dir='ltr'>Μάρτυς</span> <span class='ocrx_word' id='word_1_482' title='bbox 1594 3204 1621 3258; x_wconf 83' lang='grc' dir='ltr'>ὁ</span> <span class='ocrx_word' id='word_1_483' title='bbox 1682 3201 1892 3283; x_wconf 72' lang='grc' dir='ltr'>Μελχι-</span> 
     </span>
    </p>
   </div>
   <div class='ocr_carea' id='block_1_67' title="bbox 1977 3197 3621 3283">
    <p class='ocr_par' dir='ltr' id='par_1_67' title="bbox 1983 3199 3621 3281">
     <span class='ocr_line' id='line_1_67' title="bbox 1983 3199 3621 3281; baseline 0.002 -21"><span class='ocrx_word' id='word_1_484' title='bbox 1983 3199 2165 3261; x_wconf 90' lang='lat' dir='ltr'><strong>divini</strong></span> <span class='ocrx_word' id='word_1_485' title='bbox 2188 3200 2430 3261; x_wconf 90' lang='lat' dir='ltr'><strong>luminis</strong></span> <span class='ocrx_word' id='word_1_486' title='bbox 2461 3201 2752 3262; x_wconf 73' lang='lat' dir='ltr'><strong>infinitum</strong></span> <span class='ocrx_word' id='word_1_487' title='bbox 2777 3200 3042 3281; x_wconf 86' lang='lat' dir='ltr'><strong>pelagus,</strong></span> <span class='ocrx_word' id='word_1_488' title='bbox 3077 3199 3182 3261; x_wconf 89' lang='lat' dir='ltr'><strong>sed</strong></span> <span class='ocrx_word' id='word_1_489' title='bbox 3206 3209 3294 3262; x_wconf 90' lang='lat' dir='ltr'><strong>est</strong></span> <span class='ocrx_word' id='word_1_490' title='bbox 3319 3219 3473 3261; x_wconf 89' lang='lat' dir='ltr'><strong>unus</strong></span> <span class='ocrx_word' id='word_1_491' title='bbox 3496 3220 3621 3264; x_wconf 62' lang='lat' dir='ltr'><strong>omo</strong></span> 
     </span>
    </p>
   </div>
   <div class='ocr_carea' id='block_1_68' title="bbox 235 3287 1897 3372">
    <p class='ocr_par' dir='ltr' id='par_1_68' title="bbox 235 3287 1897 3372">
     <span class='ocr_line' id='line_1_68' title="bbox 235 3287 1897 3372; baseline 0.001 -25"><span class='ocrx_word' id='word_1_492' title='bbox 235 3291 423 3363; x_wconf 74' lang='grc' dir='ltr'>σεδὲκ,</span> <span class='ocrx_word' id='word_1_493' title='bbox 457 3288 703 3367; x_wconf 76' lang='grc' dir='ltr'>βασιλεὺς</span> <span class='ocrx_word' id='word_1_494' title='bbox 759 3289 856 3363; x_wconf 74' lang='grc' dir='ltr'>μὲν</span> <span class='ocrx_word' id='word_1_495' title='bbox 905 3289 1003 3356; x_wconf 77' lang='grc' dir='ltr'>τῆς</span> <span class='ocrx_word' id='word_1_496' title='bbox 1058 3287 1254 3365; x_wconf 70' lang='grc' dir='ltr'>Σαλήμ</span> <span class='ocrx_word' id='word_1_497' title='bbox 1302 3288 1375 3346; x_wconf 81' lang='grc' dir='ltr'>ὥν</span> <span class='ocrx_word' id='word_1_498' title='bbox 1424 3290 1509 3348; x_wconf 76' lang='grc' dir='ltr'><strong>ἐπὶ</strong></span> <span class='ocrx_word' id='word_1_499' title='bbox 1549 3297 1654 3347; x_wconf 85' lang='grc' dir='ltr'><strong>τῶν</strong></span> <span class='ocrx_word' id='word_1_500' title='bbox 1685 3293 1897 3372; x_wconf 83' lang='grc' dir='ltr'>χρόνων</span> 
     </span>
    </p>
   </div>
   <div class='ocr_carea' id='block_1_69' title="bbox 235 3377 1894 3458">
    <p class='ocr_par' dir='ltr' id='par_1_69' title="bbox 235 3377 1894 3458">
     <span class='ocr_line' id='line_1_69' title="bbox 235 3377 1894 3458; baseline 0.001 -20"><span class='ocrx_word' id='word_1_501' title='bbox 235 3384 337 3438; x_wconf 83' lang='grc' dir='ltr'><strong>τοῦ</strong></span> <span class='ocrx_word' id='word_1_502' title='bbox 400 3377 664 3458; x_wconf 73' lang='grc' dir='ltr'>Ἀϐραὰμ,</span> <span class='ocrx_word' id='word_1_503' title='bbox 725 3377 778 3443; x_wconf 75' lang='grc' dir='ltr'>ἐξ</span> <span class='ocrx_word' id='word_1_504' title='bbox 836 3379 995 3436; x_wconf 78' lang='grc' dir='ltr'>ἐθνῶν</span> <span class='ocrx_word' id='word_1_505' title='bbox 1053 3378 1106 3434; x_wconf 81' lang='grc' dir='ltr'>δὲ</span> <span class='ocrx_word' id='word_1_506' title='bbox 1159 3381 1248 3436; x_wconf 77' lang='grc' dir='ltr'><strong>καὶ</strong></span> <span class='ocrx_word' id='word_1_507' title='bbox 1304 3380 1358 3436; x_wconf 80' lang='grc' dir='ltr'>ἐν</span> <span class='ocrx_word' id='word_1_508' title='bbox 1413 3381 1558 3455; x_wconf 83' lang='grc' dir='ltr'>μέσω</span> <span class='ocrx_word' id='word_1_509' title='bbox 1591 3388 1696 3438; x_wconf 67' lang='grc' dir='ltr'><strong>τῶι</strong></span> <span class='ocrx_word' id='word_1_510' title='bbox 1725 3386 1894 3439; x_wconf 63' lang='grc' dir='ltr'>ἐθνῶν</span> 
     </span>
    </p>
   </div>
   <div class='ocr_carea' id='block_1_70' title="bbox 235 3470 1894 3552">
    <p class='ocr_par' dir='ltr' id='par_1_70' title="bbox 235 3470 1894 3552">
     <span class='ocr_line' id='line_1_70' title="bbox 235 3470 1894 3552; baseline 0.001 -23"><span class='ocrx_word' id='word_1_511' title='bbox 235 3472 511 3552; x_wconf 71' lang='grc' dir='ltr'>ἷεράρχης</span> <span class='ocrx_word' id='word_1_512' title='bbox 543 3470 928 3550; x_wconf 71' lang='grc' dir='ltr'>φιλοθεώτατος</span> <span class='ocrx_word' id='word_1_513' title='bbox 958 3471 1369 3548; x_wconf 80' lang='grc' dir='ltr'>γνωριζόμενος⁶</span> <span class='ocrx_word' id='word_1_514' title='bbox 1429 3473 1487 3529; x_wconf 70' lang='grc' dir='ltr'>οὗ</span> <span class='ocrx_word' id='word_1_515' title='bbox 1543 3474 1644 3551; x_wconf 76' lang='grc' dir='ltr'><strong>γὰρ</strong></span> <span class='ocrx_word' id='word_1_516' title='bbox 1704 3474 1894 3538; x_wconf 83' lang='grc' dir='ltr'>ἁπλῶς</span> 
     </span>
    </p>
   </div>
   <div class='ocr_carea' id='block_1_71' title="bbox 240 3559 1896 3642">
    <p class='ocr_par' dir='ltr' id='par_1_71' title="bbox 240 3559 1896 3642">
     <span class='ocr_line' id='line_1_71' title="bbox 240 3559 1896 3642; baseline 0.001 -24"><span class='ocrx_word' id='word_1_517' title='bbox 240 3562 500 3642; x_wconf 59' lang='grc' dir='ltr'>φιλόθεον</span> <span class='ocrx_word' id='word_1_518' title='bbox 569 3568 756 3626; x_wconf 50' lang='grc' dir='ltr'>τοῦτον,</span> <span class='ocrx_word' id='word_1_519' title='bbox 824 3561 876 3615; x_wconf 86' lang='grc' dir='ltr'><strong>αί</strong></span> <span class='ocrx_word' id='word_1_520' title='bbox 946 3563 1146 3640; x_wconf 69' lang='grc' dir='ltr'>Γραφαὶ</span> <span class='ocrx_word' id='word_1_521' title='bbox 1213 3559 1605 3638; x_wconf 79' lang='grc' dir='ltr'>παραδιδοῦσιν,</span> <span class='ocrx_word' id='word_1_522' title='bbox 1642 3561 1779 3618; x_wconf 78' lang='grc' dir='ltr'>ἀλλὰ</span> <span class='ocrx_word' id='word_1_523' title='bbox 1808 3565 1896 3620; x_wconf 81' lang='grc' dir='ltr'><strong>καὶ</strong></span> 
     </span>
    </p>
   </div>
   <div class='ocr_carea' id='block_1_72' title="bbox 238 3647 1894 3730">
    <p class='ocr_par' dir='ltr' id='par_1_72' title="bbox 238 3647 1894 3730">
     <span class='ocr_line' id='line_1_72' title="bbox 238 3647 1894 3730; baseline 0.001 -22"><span class='ocrx_word' id='word_1_524' title='bbox 238 3651 393 3730; x_wconf 82' lang='grc' dir='ltr'>ἱερέα</span> <span class='ocrx_word' id='word_1_525' title='bbox 443 3661 537 3710; x_wconf 58' lang='grc' dir='ltr'><strong>τνῦ</strong></span> <span class='ocrx_word' id='word_1_526' title='bbox 585 3647 751 3714; x_wconf 74' lang='grc' dir='ltr'>ὄντως</span> <span class='ocrx_word' id='word_1_527' title='bbox 804 3651 952 3711; x_wconf 77' lang='grc' dir='ltr'>ὁντος</span> <span class='ocrx_word' id='word_1_528' title='bbox 1005 3657 1157 3725; x_wconf 88' lang='grc' dir='ltr'>Θεοῦ,</span> <span class='ocrx_word' id='word_1_529' title='bbox 1212 3650 1306 3707; x_wconf 73' lang='grc' dir='ltr'><strong>ἵνα</strong></span> <span class='ocrx_word' id='word_1_530' title='bbox 1360 3652 1570 3716; x_wconf 76' lang='grc' dir='ltr'>πάντως</span> <span class='ocrx_word' id='word_1_531' title='bbox 1612 3650 1894 3719; x_wconf 85' lang='grc' dir='ltr'>δηλώσωσι</span> 
     </span>
    </p>
   </div>
   <div class='ocr_carea' id='block_1_73' title="bbox 241 3740 1899 3822">
    <p class='ocr_par' dir='ltr' id='par_1_73' title="bbox 241 3740 1899 3822">
     <span class='ocr_line' id='line_1_73' title="bbox 241 3740 1899 3822; baseline -0.001 -23"><span class='ocrx_word' id='word_1_532' title='bbox 241 3755 367 3808; x_wconf 81' lang='grc' dir='ltr'>τοῖς</span> <span class='ocrx_word' id='word_1_533' title='bbox 401 3740 708 3822; x_wconf 70' lang='grc' dir='ltr'>ἐχέφροσιν,</span> <span class='ocrx_word' id='word_1_534' title='bbox 739 3740 820 3796; x_wconf 79' lang='grc' dir='ltr'><strong>ὅτι</strong></span> <span class='ocrx_word' id='word_1_535' title='bbox 855 3741 932 3816; x_wconf 76' lang='grc' dir='ltr'>μὴ</span> <span class='ocrx_word' id='word_1_536' title='bbox 967 3741 1131 3816; x_wconf 78' lang='grc' dir='ltr'>μόνον</span> <span class='ocrx_word' id='word_1_537' title='bbox 1162 3743 1312 3806; x_wconf 77' lang='grc' dir='ltr'>οὗτος</span> <span class='ocrx_word' id='word_1_538' title='bbox 1344 3741 1411 3809; x_wconf 82' lang='grc' dir='ltr'>ἦν</span> <span class='ocrx_word' id='word_1_539' title='bbox 1460 3741 1726 3819; x_wconf 73' lang='grc' dir='ltr'>φιλόθεος,</span> <span class='ocrx_word' id='word_1_540' title='bbox 1761 3742 1899 3798; x_wconf 82' lang='grc' dir='ltr'>ἀλλᾶ</span> 
     </span>
    </p>
   </div>
   <div class='ocr_carea' id='block_1_74' title="bbox 240 3829 1898 3911">
    <p class='ocr_par' dir='ltr' id='par_1_74' title="bbox 240 3829 1898 3911">
     <span class='ocr_line' id='line_1_74' title="bbox 240 3829 1898 3911; baseline -0.002 -22"><span class='ocrx_word' id='word_1_541' title='bbox 240 3835 334 3889; x_wconf 71' lang='grc' dir='ltr'>καὶ</span> <span class='ocrx_word' id='word_1_542' title='bbox 379 3830 566 3896; x_wconf 78' lang='grc' dir='ltr'>ἄλλοις</span> <span class='ocrx_word' id='word_1_543' title='bbox 597 3833 670 3896; x_wconf 84' lang='grc' dir='ltr'><strong>είς</strong></span> <span class='ocrx_word' id='word_1_544' title='bbox 702 3829 978 3910; x_wconf 67' lang='grc' dir='ltr'>φιλοθείαν</span> <span class='ocrx_word' id='word_1_545' title='bbox 1007 3832 1218 3908; x_wconf 78' lang='grc' dir='ltr'>ἡγεῖτο·</span> <span class='ocrx_word' id='word_1_546' title='bbox 1269 3830 1398 3910; x_wconf 81' lang='grc' dir='ltr'>ὅπερ</span> <span class='ocrx_word' id='word_1_547' title='bbox 1449 3839 1561 3896; x_wconf 88' lang='grc' dir='ltr'><strong>πῶς</strong></span> <span class='ocrx_word' id='word_1_548' title='bbox 1595 3831 1658 3887; x_wconf 72' lang='grc' dir='ltr'><strong>ἂν</strong></span> <span class='ocrx_word' id='word_1_549' title='bbox 1686 3833 1774 3911; x_wconf 82' lang='grc' dir='ltr'>ἦν,</span> <span class='ocrx_word' id='word_1_550' title='bbox 1810 3831 1898 3887; x_wconf 76' lang='grc' dir='ltr'>εἴ-</span> 
     </span>
    </p>
   </div>
   <div class='ocr_carea' id='block_1_75' title="bbox 243 3920 1898 4000">
    <p class='ocr_par' dir='ltr' id='par_1_75' title="bbox 243 3920 1898 4000">
     <span class='ocr_line' id='line_1_75' title="bbox 243 3920 1898 4000; baseline -0.001 -21"><span class='ocrx_word' id='word_1_551' title='bbox 243 3944 350 4000; x_wconf 82' lang='grc' dir='ltr'><strong>περ</strong></span> <span class='ocrx_word' id='word_1_552' title='bbox 384 3920 710 3986; x_wconf 81' lang='grc' dir='ltr'>ἁπαξαπλῶς</span> <span class='ocrx_word' id='word_1_553' title='bbox 746 3921 831 3975; x_wconf 78' lang='grc' dir='ltr'>καὶ</span> <span class='ocrx_word' id='word_1_554' title='bbox 863 3921 1196 3978; x_wconf 65' lang='grc' dir='ltr'>παντάπασιν</span> <span class='ocrx_word' id='word_1_555' title='bbox 1230 3920 1290 3978; x_wconf 78' lang='grc' dir='ltr'>ἐκ</span> <span class='ocrx_word' id='word_1_556' title='bbox 1337 3927 1442 3978; x_wconf 86' lang='grc' dir='ltr'><strong>τῶν</strong></span> <span class='ocrx_word' id='word_1_557' title='bbox 1476 3921 1634 3977; x_wconf 76' lang='grc' dir='ltr'>ἐθνῶν</span> <span class='ocrx_word' id='word_1_558' title='bbox 1690 3925 1724 3993; x_wconf 75' lang='grc' dir='ltr'><strong>ἡ</strong></span> <span class='ocrx_word' id='word_1_559' title='bbox 1775 3925 1898 3978; x_wconf 84' lang='grc' dir='ltr'>θεο-</span> 
     </span>
    </p>
   </div>
   <div class='ocr_carea' id='block_1_76' title="bbox 1979 3288 3621 3374">
    <p class='ocr_par' dir='ltr' id='par_1_76' title="bbox 1979 3288 3621 3374">
     <span class='ocr_line' id='line_1_76' title="bbox 1979 3288 3621 3374; baseline 0.004 -25"><span class='ocrx_word' id='word_1_560' title='bbox 1979 3289 2143 3350; x_wconf 89' lang='lat' dir='ltr'><strong>nium</strong></span> <span class='ocrx_word' id='word_1_561' title='bbox 2175 3289 2546 3371; x_wconf 88' lang='lat' dir='ltr'><strong>principatus</strong></span> <span class='ocrx_word' id='word_1_562' title='bbox 2575 3290 2756 3367; x_wconf 87' lang='lat' dir='ltr'><strong>Deus;</strong></span> <span class='ocrx_word' id='word_1_563' title='bbox 2792 3289 3018 3352; x_wconf 89' lang='lat' dir='ltr'><strong>idcirco</strong></span> <span class='ocrx_word' id='word_1_564' title='bbox 3060 3288 3136 3351; x_wconf 89' lang='lat' dir='ltr'><strong>ad</strong></span> <span class='ocrx_word' id='word_1_565' title='bbox 3167 3289 3360 3369; x_wconf 91' lang='lat' dir='ltr'><strong>ipsum</strong></span> <span class='ocrx_word' id='word_1_566' title='bbox 3387 3309 3621 3374; x_wconf 88' lang='lat' dir='ltr'><strong>quoque</strong></span> 
     </span>
    </p>
   </div>
   <div class='ocr_carea' id='block_1_77' title="bbox 1979 3379 3622 3464">
    <p class='ocr_par' dir='ltr' id='par_1_77' title="bbox 1979 3379 3622 3464">
     <span class='ocr_line' id='line_1_77' title="bbox 1979 3379 3622 3464; baseline 0.002 -23"><span class='ocrx_word' id='word_1_567' title='bbox 1979 3379 2196 3459; x_wconf 84' lang='lat' dir='ltr'><strong>angeli,</strong></span> <span class='ocrx_word' id='word_1_568' title='bbox 2219 3381 2320 3458; x_wconf 92' lang='lat' dir='ltr'><strong>qui</strong></span> <span class='ocrx_word' id='word_1_569' title='bbox 2343 3379 2559 3461; x_wconf 89' lang='lat' dir='ltr'><strong>cuique</strong></span> <span class='ocrx_word' id='word_1_570' title='bbox 2599 3379 2826 3441; x_wconf 88' lang='lat' dir='ltr'><strong>nationi</strong></span> <span class='ocrx_word' id='word_1_571' title='bbox 2852 3379 3118 3460; x_wconf 61' lang='lat' dir='ltr'><strong>praefecti</strong></span> <span class='ocrx_word' id='word_1_572' title='bbox 3149 3389 3346 3461; x_wconf 85' lang='lat' dir='ltr'><strong>erant,</strong></span> <span class='ocrx_word' id='word_1_573' title='bbox 3383 3399 3486 3443; x_wconf 90' lang='lat' dir='ltr'><strong>eos</strong></span> <span class='ocrx_word' id='word_1_574' title='bbox 3516 3391 3622 3464; x_wconf 87' lang='lat' dir='ltr'><strong>qui</strong></span> 
     </span>
    </p>
   </div>
   <div class='ocr_carea' id='block_1_78' title="bbox 1980 3469 3620 3550">
    <p class='ocr_par' dir='ltr' id='par_1_78' title="bbox 1980 3469 3620 3550">
     <span class='ocr_line' id='line_1_78' title="bbox 1980 3469 3620 3550; baseline 0.002 -21"><span class='ocrx_word' id='word_1_575' title='bbox 1980 3469 2602 3550; x_wconf 87' lang='lat' dir='ltr'><strong>sequebantur,libere</strong></span> <span class='ocrx_word' id='word_1_576' title='bbox 2619 3479 2811 3533; x_wconf 90' lang='lat' dir='ltr'><strong>etnon</strong></span> <span class='ocrx_word' id='word_1_577' title='bbox 2831 3481 3044 3531; x_wconf 90' lang='lat' dir='ltr'><strong>coacte</strong></span> <span class='ocrx_word' id='word_1_578' title='bbox 3064 3469 3176 3530; x_wconf 90' lang='lat' dir='ltr'><strong>add</strong></span> <span class='ocrx_word' id='word_1_579' title='bbox 3187 3472 3620 3533; x_wconf 79' lang='lat' dir='ltr'><strong>uxerunt.Tes-</strong></span> 
     </span>
    </p>
   </div>
   <div class='ocr_carea' id='block_1_79' title="bbox 1983 3557 3630 3639">
    <p class='ocr_par' dir='ltr' id='par_1_79' title="bbox 1983 3557 3630 3639">
     <span class='ocr_line' id='line_1_79' title="bbox 1983 3557 3630 3639; baseline 0.001 -21"><span class='ocrx_word' id='word_1_580' title='bbox 1983 3557 2056 3618; x_wconf 87' lang='lat' dir='ltr'><strong>tis</strong></span> <span class='ocrx_word' id='word_1_581' title='bbox 2074 3565 2164 3620; x_wconf 90' lang='lat' dir='ltr'><strong>est</strong></span> <span class='ocrx_word' id='word_1_582' title='bbox 2186 3558 2714 3639; x_wconf 83' lang='lat' dir='ltr'><strong>Melchisedec,qui</strong></span> <span class='ocrx_word' id='word_1_583' title='bbox 2737 3557 2979 3639; x_wconf 91' lang='lat' dir='ltr'><strong>quidem</strong></span> <span class='ocrx_word' id='word_1_584' title='bbox 3002 3575 3107 3619; x_wconf 84' lang='lat' dir='ltr'><strong>rex</strong></span> <span class='ocrx_word' id='word_1_585' title='bbox 3122 3557 3320 3620; x_wconf 90' lang='lat' dir='ltr'><strong>Salem</strong></span> <span class='ocrx_word' id='word_1_586' title='bbox 3348 3568 3462 3621; x_wconf 91' lang='lat' dir='ltr'><strong>tem</strong></span> <span class='ocrx_word' id='word_1_587' title='bbox 3473 3561 3630 3638; x_wconf 71' lang='lat' dir='ltr'><strong>pori~</strong></span> 
     </span>
    </p>
   </div>
   <div class='ocr_carea' id='block_1_80' title="bbox 1982 3646 3626 3725">
    <p class='ocr_par' dir='ltr' id='par_1_80' title="bbox 1982 3646 3626 3725">
     <span class='ocr_line' id='line_1_80' title="bbox 1982 3646 3626 3725; baseline 0.001 -17"><span class='ocrx_word' id='word_1_588' title='bbox 1982 3646 2517 3724; x_wconf 71' lang='lat' dir='ltr'><strong>busAbrahaaerat;</strong></span> <span class='ocrx_word' id='word_1_589' title='bbox 2535 3657 2942 3710; x_wconf 88' lang='lat' dir='ltr'><strong>verumtamen</strong></span> <span class='ocrx_word' id='word_1_590' title='bbox 2964 3665 3035 3708; x_wconf 85' lang='lat' dir='ltr'><strong>ex</strong></span> <span class='ocrx_word' id='word_1_591' title='bbox 3049 3646 3413 3725; x_wconf 82' lang='lat' dir='ltr'><strong>gentibus,et</strong></span> <span class='ocrx_word' id='word_1_592' title='bbox 3429 3647 3490 3708; x_wconf 90' lang='lat' dir='ltr'><strong>in</strong></span> <span class='ocrx_word' id='word_1_593' title='bbox 3505 3667 3626 3710; x_wconf 84' lang='lat' dir='ltr'><strong>me-</strong></span> 
     </span>
    </p>
   </div>
   <div class='ocr_carea' id='block_1_81' title="bbox 1983 3735 3623 3816">
    <p class='ocr_par' dir='ltr' id='par_1_81' title="bbox 1983 3735 3623 3816">
     <span class='ocr_line' id='line_1_81' title="bbox 1983 3735 3623 3816; baseline 0.001 -18"><span class='ocrx_word' id='word_1_594' title='bbox 1983 3737 2076 3798; x_wconf 89' lang='lat' dir='ltr'><strong>dio</strong></span> <span class='ocrx_word' id='word_1_595' title='bbox 2101 3737 2681 3816; x_wconf 88' lang='lat' dir='ltr'><strong>gentium,sacerdos</strong></span> <span class='ocrx_word' id='word_1_596' title='bbox 2701 3735 2825 3798; x_wconf 91' lang='lat' dir='ltr'><strong>Deo</strong></span> <span class='ocrx_word' id='word_1_597' title='bbox 2850 3737 3219 3815; x_wconf 88' lang='lat' dir='ltr'><strong>gratissimus</strong></span> <span class='ocrx_word' id='word_1_598' title='bbox 3243 3747 3334 3797; x_wconf 92' lang='lat' dir='ltr'><strong>est</strong></span> <span class='ocrx_word' id='word_1_599' title='bbox 3354 3737 3623 3816; x_wconf 85' lang='lat' dir='ltr'><strong>agnitus:</strong></span> 
     </span>
    </p>
   </div>
   <div class='ocr_carea' id='block_1_82' title="bbox 1984 3823 3628 3908">
    <p class='ocr_par' dir='ltr' id='par_1_82' title="bbox 1984 3823 3628 3908">
     <span class='ocr_line' id='line_1_82' title="bbox 1984 3823 3628 3908; baseline 0.001 -22"><span class='ocrx_word' id='word_1_600' title='bbox 1984 3844 2101 3888; x_wconf 88' lang='lat' dir='ltr'><strong>non</strong></span> <span class='ocrx_word' id='word_1_601' title='bbox 2126 3827 2283 3888; x_wconf 89' lang='lat' dir='ltr'><strong>enim</strong></span> <span class='ocrx_word' id='word_1_602' title='bbox 2304 3826 2564 3908; x_wconf 83' lang='lat' dir='ltr'><strong>simplici</strong></span> <span class='ocrx_word' id='word_1_603' title='bbox 2610 3826 2786 3888; x_wconf 87' lang='lat' dir='ltr'><strong>modo</strong></span> <span class='ocrx_word' id='word_1_604' title='bbox 2828 3825 3031 3906; x_wconf 91' lang='lat' dir='ltr'><strong>ipsum</strong></span> <span class='ocrx_word' id='word_1_605' title='bbox 3056 3824 3179 3886; x_wconf 90' lang='lat' dir='ltr'><strong>Deo</strong></span> <span class='ocrx_word' id='word_1_606' title='bbox 3211 3823 3439 3886; x_wconf 90' lang='lat' dir='ltr'><strong>clarum</strong></span> <span class='ocrx_word' id='word_1_607' title='bbox 3473 3827 3628 3888; x_wconf 79' lang='lat' dir='ltr'><strong>exti-</strong></span> 
     </span>
    </p>
   </div>
   <div class='ocr_carea' id='block_1_83' title="bbox 1987 3913 3628 3998">
    <p class='ocr_par' dir='ltr' id='par_1_83' title="bbox 1987 3913 3628 3998">
     <span class='ocr_line' id='line_1_83' title="bbox 1987 3913 3628 3998; baseline -0.001 -20"><span class='ocrx_word' id='word_1_608' title='bbox 1987 3917 2129 3978; x_wconf 90' lang='lat' dir='ltr'><strong>tisse</strong></span> <span class='ocrx_word' id='word_1_609' title='bbox 2167 3913 2488 3998; x_wconf 83' lang='lat' dir='ltr'><strong>Scripturae</strong></span> <span class='ocrx_word' id='word_1_610' title='bbox 2518 3916 2780 3993; x_wconf 89' lang='lat' dir='ltr'><strong>tradunt;</strong></span> <span class='ocrx_word' id='word_1_611' title='bbox 2811 3932 3020 3978; x_wconf 88' lang='lat' dir='ltr'><strong>verum</strong></span> <span class='ocrx_word' id='word_1_612' title='bbox 3049 3919 3224 3975; x_wconf 90' lang='lat' dir='ltr'><strong>etiam</strong></span> <span class='ocrx_word' id='word_1_613' title='bbox 3255 3918 3628 3978; x_wconf 86' lang='lat' dir='ltr'><strong>sacerdotem</strong></span> 
     </span>
    </p>
   </div>
   <div class='ocr_carea' id='block_1_84' title="bbox 245 4003 1892 4091">
    <p class='ocr_par' dir='ltr' id='par_1_84' title="bbox 245 4009 764 4091">
     <span class='ocr_line' id='line_1_84' title="bbox 245 4009 764 4091; baseline -0.004 -23"><span class='ocrx_word' id='word_1_614' title='bbox 245 4011 455 4091; x_wconf 83' lang='grc' dir='ltr'>γνωσία</span> <span class='ocrx_word' id='word_1_615' title='bbox 485 4009 764 4072; x_wconf 76' lang='grc' dir='ltr'>ἀπέλειπε.</span> 
     </span>
    </p>
   </div>
   <div class='ocr_carea' id='block_1_85' title="bbox 1977 4003 3631 4091">
    <p class='ocr_par' dir='ltr' id='par_1_85' title="bbox 1985 4003 3631 4086">
     <span class='ocr_line' id='line_1_85' title="bbox 1985 4003 3631 4086; baseline -0.002 -15"><span class='ocrx_word' id='word_1_616' title='bbox 1985 4026 2123 4071; x_wconf 90' lang='lat' dir='ltr'><strong>vere</strong></span> <span class='ocrx_word' id='word_1_617' title='bbox 2153 4007 2493 4069; x_wconf 83' lang='lat' dir='ltr'><strong>exsistentis</strong></span> <span class='ocrx_word' id='word_1_618' title='bbox 2525 4007 2651 4078; x_wconf 90' lang='lat' dir='ltr'><strong>Dei;</strong></span> <span class='ocrx_word' id='word_1_619' title='bbox 2674 4007 2756 4068; x_wconf 88' lang='lat' dir='ltr'><strong>ita</strong></span> <span class='ocrx_word' id='word_1_620' title='bbox 2789 4013 2852 4067; x_wconf 91' lang='lat' dir='ltr'><strong>ut</strong></span> <span class='ocrx_word' id='word_1_621' title='bbox 2874 4009 3116 4067; x_wconf 90' lang='lat' dir='ltr'><strong>omnino</strong></span> <span class='ocrx_word' id='word_1_622' title='bbox 3147 4003 3456 4067; x_wconf 83' lang='lat' dir='ltr'><strong>intellectu</strong></span> <span class='ocrx_word' id='word_1_623' title='bbox 3483 4023 3631 4086; x_wconf 70' lang='lat' dir='ltr'><strong>prte-</strong></span> 
     </span>
    </p>
   </div>
   <div class='ocr_carea' id='block_1_86' title="bbox 248 4093 3629 4180">
    <p class='ocr_par' dir='ltr' id='par_1_86' title="bbox 248 4093 3629 4180">
     <span class='ocr_line' id='line_1_86' title="bbox 248 4093 3629 4180; baseline -0.001 -19"><span class='ocrx_word' id='word_1_624' title='bbox 248 4099 402 4162; x_wconf 89' lang='lat' dir='ltr'><strong>ditis</strong></span> <span class='ocrx_word' id='word_1_625' title='bbox 452 4097 814 4180; x_wconf 76' lang='lat' dir='ltr'><strong>significent,</strong></span> <span class='ocrx_word' id='word_1_626' title='bbox 847 4099 1042 4179; x_wconf 83' lang='lat' dir='ltr'><strong>ipsum</strong></span> <span class='ocrx_word' id='word_1_627' title='bbox 1085 4117 1202 4160; x_wconf 91' lang='lat' dir='ltr'><strong>non</strong></span> <span class='ocrx_word' id='word_1_628' title='bbox 1226 4096 1417 4161; x_wconf 87' lang='lat' dir='ltr'><strong>solum</strong></span> <span class='ocrx_word' id='word_1_629' title='bbox 1457 4097 1580 4161; x_wconf 93' lang='lat' dir='ltr'><strong>Deo</strong></span> <span class='ocrx_word' id='word_1_630' title='bbox 1604 4100 1849 4162; x_wconf 80' lang='lat' dir='ltr'><strong>charum</strong></span> <span class='ocrx_word' id='word_1_631' title='bbox 1874 4103 2195 4180; x_wconf 82' lang='lat' dir='ltr'><strong>exstitisse,</strong></span> <span class='ocrx_word' id='word_1_632' title='bbox 2226 4115 2431 4160; x_wconf 89' lang='lat' dir='ltr'><strong>verum</strong></span> <span class='ocrx_word' id='word_1_633' title='bbox 2458 4104 2515 4158; x_wconf 89' lang='lat' dir='ltr'><strong>et</strong></span> <span class='ocrx_word' id='word_1_634' title='bbox 2542 4097 2689 4158; x_wconf 89' lang='lat' dir='ltr'><strong>alios</strong></span> <span class='ocrx_word' id='word_1_635' title='bbox 2710 4113 2949 4178; x_wconf 89' lang='lat' dir='ltr'><strong>quoque</strong></span> <span class='ocrx_word' id='word_1_636' title='bbox 2999 4095 3073 4155; x_wconf 89' lang='lat' dir='ltr'><strong>ad</strong></span> <span class='ocrx_word' id='word_1_637' title='bbox 3120 4093 3226 4157; x_wconf 90' lang='lat' dir='ltr'><strong>Dei</strong></span> <span class='ocrx_word' id='word_1_638' title='bbox 3299 4094 3629 4157; x_wconf 83' lang='lat' dir='ltr'><strong>amicitiam</strong></span> 
     </span>
    </p>
   </div>
   <div class='ocr_carea' id='block_1_87' title="bbox 250 4183 3630 4270">
    <p class='ocr_par' dir='ltr' id='par_1_87' title="bbox 250 4183 3630 4270">
     <span class='ocr_line' id='line_1_87' title="bbox 250 4183 3630 4270; baseline -0.001 -20"><span class='ocrx_word' id='word_1_639' title='bbox 250 4187 772 4266; x_wconf 81' lang='lat' dir='ltr'><strong>adduxisse,quod</strong></span> <span class='ocrx_word' id='word_1_640' title='bbox 801 4188 903 4270; x_wconf 90' lang='lat' dir='ltr'><strong>qui</strong></span> <span class='ocrx_word' id='word_1_641' title='bbox 938 4187 1066 4250; x_wconf 82' lang='lat' dir='ltr'><strong>ﬁeri</strong></span> <span class='ocrx_word' id='word_1_642' title='bbox 1091 4188 1458 4270; x_wconf 88' lang='lat' dir='ltr'><strong>potuisset,si</strong></span> <span class='ocrx_word' id='word_1_643' title='bbox 1483 4190 1809 4251; x_wconf 89' lang='lat' dir='ltr'><strong>universim</strong></span> <span class='ocrx_word' id='word_1_644' title='bbox 1836 4201 1894 4255; x_wconf 92' lang='lat' dir='ltr'><strong>et</strong></span> <span class='ocrx_word' id='word_1_645' title='bbox 1921 4191 2166 4254; x_wconf 91' lang='lat' dir='ltr'><strong>omnino</strong></span> <span class='ocrx_word' id='word_1_646' title='bbox 2187 4198 2245 4251; x_wconf 90' lang='lat' dir='ltr'><strong>et</strong></span> <span class='ocrx_word' id='word_1_647' title='bbox 2267 4187 2424 4268; x_wconf 85' lang='lat' dir='ltr'><strong>apud</strong></span> <span class='ocrx_word' id='word_1_648' title='bbox 2450 4205 2658 4248; x_wconf 91' lang='lat' dir='ltr'><strong>omnes</strong></span> <span class='ocrx_word' id='word_1_649' title='bbox 2678 4195 2886 4266; x_wconf 86' lang='lat' dir='ltr'><strong>gentes</strong></span> <span class='ocrx_word' id='word_1_650' title='bbox 2903 4184 3009 4246; x_wconf 88' lang='lat' dir='ltr'><strong>Dei</strong></span> <span class='ocrx_word' id='word_1_651' title='bbox 3033 4183 3241 4245; x_wconf 91' lang='lat' dir='ltr'><strong>notitia</strong></span> <span class='ocrx_word' id='word_1_652' title='bbox 3274 4184 3630 4247; x_wconf 82' lang='lat' dir='ltr'><strong>defecisset?</strong></span> 
     </span>
    </p>
   </div>
   <div class='ocr_carea' id='block_1_88' title="bbox 336 4273 1892 4361">
    <p class='ocr_par' dir='ltr' id='par_1_88' title="bbox 336 4276 1892 4360">
     <span class='ocr_line' id='line_1_88' title="bbox 336 4276 1892 4360; baseline -0.001 -21"><span class='ocrx_word' id='word_1_653' title='bbox 336 4278 369 4358; x_wconf 61' lang='grc' dir='ltr'>ᾗ</span> <span class='ocrx_word' id='word_1_654' title='bbox 403 4276 505 4339; x_wconf 80' lang='grc' dir='ltr'><strong>Ιν.</strong></span> <span class='ocrx_word' id='word_1_655' title='bbox 537 4280 647 4339; x_wconf 75' lang='grc' dir='ltr'><strong>Καὶ</strong></span> <span class='ocrx_word' id='word_1_656' title='bbox 678 4287 832 4337; x_wconf 83' lang='grc' dir='ltr'>τοῦτο</span> <span class='ocrx_word' id='word_1_657' title='bbox 863 4277 916 4334; x_wconf 73' lang='grc' dir='ltr'>δὲ</span> <span class='ocrx_word' id='word_1_658' title='bbox 947 4279 1244 4353; x_wconf 74' lang='grc' dir='ltr'>ὑπομνήσω</span> <span class='ocrx_word' id='word_1_659' title='bbox 1291 4281 1390 4346; x_wconf 75' lang='grc' dir='ltr'>τὴν</span> <span class='ocrx_word' id='word_1_660' title='bbox 1441 4282 1540 4348; x_wconf 73' lang='grc' dir='ltr'>σὴν</span> <span class='ocrx_word' id='word_1_661' title='bbox 1585 4283 1892 4360; x_wconf 66' lang='grc' dir='ltr'>ίεραρχικηι</span> 
     </span>
    </p>
   </div>
   <div class='ocr_carea' id='block_1_89' title="bbox 1977 4273 3632 4361">
    <p class='ocr_par' dir='ltr' id='par_1_89' title="bbox 2069 4273 3632 4361">
     <span class='ocr_line' id='line_1_89' title="bbox 2069 4273 3632 4361; baseline -0.004 -19"><span class='ocrx_word' id='word_1_662' title='bbox 2069 4281 2217 4361; x_wconf 81' lang='lat' dir='ltr'><strong>§IV.</strong></span> <span class='ocrx_word' id='word_1_663' title='bbox 2254 4279 2404 4340; x_wconf 83' lang='lat' dir='ltr'><strong>illud</strong></span> <span class='ocrx_word' id='word_1_664' title='bbox 2425 4295 2662 4359; x_wconf 90' lang='lat' dir='ltr'><strong>quoque</strong></span> <span class='ocrx_word' id='word_1_665' title='bbox 2689 4275 3006 4356; x_wconf 60' lang='lat' dir='ltr'><strong>pontiﬁciis</strong></span> <span class='ocrx_word' id='word_1_666' title='bbox 3032 4284 3146 4336; x_wconf 85' lang='lat' dir='ltr'><strong>tuae</strong></span> <span class='ocrx_word' id='word_1_667' title='bbox 3167 4273 3431 4336; x_wconf 71' lang='lat' dir='ltr'><strong>scientiae</strong></span> <span class='ocrx_word' id='word_1_668' title='bbox 3464 4294 3632 4336; x_wconf 82' lang='lat' dir='ltr'><strong>com-</strong></span> 
     </span>
    </p>
   </div>
   <div class='ocr_carea' id='block_1_90' title="bbox 250 4362 1892 4449">
    <p class='ocr_par' dir='ltr' id='par_1_90' title="bbox 250 4367 1892 4449">
     <span class='ocr_line' id='line_1_90' title="bbox 250 4367 1892 4449; baseline -0.003 -21"><span class='ocrx_word' id='word_1_669' title='bbox 250 4372 467 4428; x_wconf 83' lang='grc' dir='ltr'>σύνεσιν</span> <span class='ocrx_word' id='word_1_670' title='bbox 499 4371 650 4449; x_wconf 71' lang='grc' dir='ltr'>(φησῖ</span> <span class='ocrx_word' id='word_1_671' title='bbox 721 4371 853 4448; x_wconf 80' lang='grc' dir='ltr'>πρὸς</span> <span class='ocrx_word' id='word_1_672' title='bbox 926 4368 1014 4425; x_wconf 76' lang='grc' dir='ltr'><strong>τόν</strong></span> <span class='ocrx_word' id='word_1_673' title='bbox 1092 4367 1312 4448; x_wconf 77' lang='grc' dir='ltr'>Ἐφέσου</span> <span class='ocrx_word' id='word_1_674' title='bbox 1346 4370 1629 4448; x_wconf 79' lang='grc' dir='ltr'>Τιμόθεον)</span> <span class='ocrx_word' id='word_1_675' title='bbox 1687 4369 1767 4428; x_wconf 81' lang='grc' dir='ltr'><strong>ὅτι</strong></span> <span class='ocrx_word' id='word_1_676' title='bbox 1816 4374 1892 4428; x_wconf 59' lang='grc' dir='ltr'><strong>καῖ</strong></span> 
     </span>
    </p>
   </div>
   <div class='ocr_carea' id='block_1_91' title="bbox 1977 4362 3632 4449">
    <p class='ocr_par' dir='ltr' id='par_1_91' title="bbox 1991 4362 3632 4449">
     <span class='ocr_line' id='line_1_91' title="bbox 1991 4362 3632 4449; baseline -0.002 -19"><span class='ocrx_word' id='word_1_677' title='bbox 1991 4367 2331 4432; x_wconf 87' lang='lat' dir='ltr'><strong>memorabo</strong></span> <span class='ocrx_word' id='word_1_678' title='bbox 2371 4367 2720 4449; x_wconf 87' lang='lat' dir='ltr'><strong>(alloquitur</strong></span> <span class='ocrx_word' id='word_1_679' title='bbox 2745 4366 2819 4427; x_wconf 88' lang='lat' dir='ltr'><strong>ad</strong></span> <span class='ocrx_word' id='word_1_680' title='bbox 2845 4364 3226 4426; x_wconf 89' lang='lat' dir='ltr'><strong>Timotheum</strong></span> <span class='ocrx_word' id='word_1_681' title='bbox 3254 4362 3470 4443; x_wconf 89' lang='lat' dir='ltr'><strong>Ephesi</strong></span> <span class='ocrx_word' id='word_1_682' title='bbox 3502 4367 3632 4445; x_wconf 87' lang='lat' dir='ltr'><strong>epi-</strong></span> 
     </span>
    </p>
   </div>
   <div class='ocr_carea' id='block_1_92' title="bbox 252 4451 1892 4540">
    <p class='ocr_par' dir='ltr' id='par_1_92' title="bbox 252 4457 1892 4540">
     <span class='ocr_line' id='line_1_92' title="bbox 252 4457 1892 4540; baseline 0 -23"><span class='ocrx_word' id='word_1_683' title='bbox 252 4461 304 4518; x_wconf 76' lang='grc' dir='ltr'>αἱ</span> <span class='ocrx_word' id='word_1_684' title='bbox 334 4459 461 4516; x_wconf 79' lang='grc' dir='ltr'>καθ’</span> <span class='ocrx_word' id='word_1_685' title='bbox 492 4457 686 4523; x_wconf 69' lang='grc' dir='ltr'>ὕπνους</span> <span class='ocrx_word' id='word_1_686' title='bbox 741 4460 949 4537; x_wconf 74' lang='grc' dir='ltr'>ὁράσεις</span> <span class='ocrx_word' id='word_1_687' title='bbox 998 4458 1076 4532; x_wconf 80' lang='grc' dir='ltr'>τῷ</span> <span class='ocrx_word' id='word_1_688' title='bbox 1126 4459 1325 4536; x_wconf 81' lang='grc' dir='ltr'>Φαραὼ</span> <span class='ocrx_word' id='word_1_689' title='bbox 1373 4460 1460 4515; x_wconf 82' lang='grc' dir='ltr'>καὶ</span> <span class='ocrx_word' id='word_1_690' title='bbox 1509 4466 1587 4534; x_wconf 79' lang='grc' dir='ltr'><strong>τῷ</strong></span> <span class='ocrx_word' id='word_1_691' title='bbox 1617 4459 1892 4540; x_wconf 72' lang='grc' dir='ltr'>Ναϐουχο-</span> 
     </span>
    </p>
   </div>
   <div class='ocr_carea' id='block_1_93' title="bbox 1977 4451 3633 4540">
    <p class='ocr_par' dir='ltr' id='par_1_93' title="bbox 1990 4451 3633 4540">
     <span class='ocr_line' id='line_1_93' title="bbox 1990 4451 3633 4540; baseline -0.003 -19"><span class='ocrx_word' id='word_1_692' title='bbox 1990 4458 2260 4540; x_wconf 89' lang='lat' dir='ltr'><strong>scopum)</strong></span> <span class='ocrx_word' id='word_1_693' title='bbox 2295 4457 2590 4538; x_wconf 90' lang='lat' dir='ltr'><strong>quomodo</strong></span> <span class='ocrx_word' id='word_1_694' title='bbox 2623 4455 2805 4519; x_wconf 84' lang='lat' dir='ltr'><strong>etiam</strong></span> <span class='ocrx_word' id='word_1_695' title='bbox 2845 4451 3137 4515; x_wconf 87' lang='lat' dir='ltr'><strong>Pharaoni</strong></span> <span class='ocrx_word' id='word_1_696' title='bbox 3163 4461 3221 4514; x_wconf 94' lang='lat' dir='ltr'><strong>et</strong></span> <span class='ocrx_word' id='word_1_697' title='bbox 3242 4451 3633 4516; x_wconf 88' lang='lat' dir='ltr'><strong>Nabuchodo-</strong></span> 
     </span>
    </p>
   </div>
   <div class='ocr_carea' id='block_1_94' title="bbox 251 4543 1892 4629">
    <p class='ocr_par' dir='ltr' id='par_1_94' title="bbox 251 4545 1892 4626">
     <span class='ocr_line' id='line_1_94' title="bbox 251 4545 1892 4626; baseline -0.001 -20"><span class='ocrx_word' id='word_1_698' title='bbox 251 4547 500 4626; x_wconf 81' lang='grc' dir='ltr'>δονόσορ,</span> <span class='ocrx_word' id='word_1_699' title='bbox 563 4545 648 4604; x_wconf 75' lang='grc' dir='ltr'><strong>διὰ</strong></span> <span class='ocrx_word' id='word_1_700' title='bbox 704 4553 811 4604; x_wconf 71' lang='grc' dir='ltr'><strong>τῶν</strong></span> <span class='ocrx_word' id='word_1_701' title='bbox 869 4546 1113 4624; x_wconf 76' lang='grc' dir='ltr'>ἀγγέλων</span> <span class='ocrx_word' id='word_1_702' title='bbox 1161 4553 1268 4603; x_wconf 88' lang='grc' dir='ltr'><strong>τῶν</strong></span> <span class='ocrx_word' id='word_1_703' title='bbox 1314 4547 1734 4604; x_wconf 79' lang='grc' dir='ltr'>ἐπιστατούντων</span> <span class='ocrx_word' id='word_1_704' title='bbox 1764 4549 1892 4607; x_wconf 72' lang='grc' dir='ltr'>ἰδίως</span> 
     </span>
    </p>
   </div>
   <div class='ocr_carea' id='block_1_95' title="bbox 1977 4543 3630 4629">
    <p class='ocr_par' dir='ltr' id='par_1_95' title="bbox 1991 4543 3630 4629">
     <span class='ocr_line' id='line_1_95' title="bbox 1991 4543 3630 4629; baseline -0.002 -20"><span class='ocrx_word' id='word_1_705' title='bbox 1991 4547 2196 4610; x_wconf 88' lang='lat' dir='ltr'><strong>nosori</strong></span> <span class='ocrx_word' id='word_1_706' title='bbox 2228 4565 2336 4629; x_wconf 88' lang='lat' dir='ltr'><strong>per</strong></span> <span class='ocrx_word' id='word_1_707' title='bbox 2364 4547 2626 4627; x_wconf 83' lang='lat' dir='ltr'><strong>angelos,</strong></span> <span class='ocrx_word' id='word_1_708' title='bbox 2685 4543 2988 4606; x_wconf 84' lang='lat' dir='ltr'><strong>nationum</strong></span> <span class='ocrx_word' id='word_1_709' title='bbox 3021 4543 3304 4623; x_wconf 55' lang='lat' dir='ltr'><strong>praesides</strong></span> <span class='ocrx_word' id='word_1_710' title='bbox 3337 4545 3630 4624; x_wconf 86' lang='lat' dir='ltr'><strong>proprios,</strong></span> 
     </span>
    </p>
   </div>
   <div class='ocr_carea' id='block_1_96' title="bbox 250 4632 1892 4716">
    <p class='ocr_par' dir='ltr' id='par_1_96' title="bbox 250 4635 1892 4716">
     <span class='ocr_line' id='line_1_96' title="bbox 250 4635 1892 4716; baseline -0.001 -21"><span class='ocrx_word' id='word_1_711' title='bbox 250 4652 376 4702; x_wconf 67' lang='grc' dir='ltr'>τοῖς</span> <span class='ocrx_word' id='word_1_712' title='bbox 407 4637 603 4694; x_wconf 79' lang='grc' dir='ltr'>ἔθνεσιν</span> <span class='ocrx_word' id='word_1_713' title='bbox 635 4636 972 4716; x_wconf 72' lang='grc' dir='ltr'>ἒγεγένηντο,</span> <span class='ocrx_word' id='word_1_714' title='bbox 1027 4635 1143 4693; x_wconf 82' lang='grc' dir='ltr'>καθ’</span> <span class='ocrx_word' id='word_1_715' title='bbox 1201 4638 1262 4701; x_wconf 83' lang='grc' dir='ltr'><strong>ἃς</strong></span> <span class='ocrx_word' id='word_1_716' title='bbox 1310 4640 1518 4714; x_wconf 66' lang='grc' dir='ltr'>ὁράσεις</span> <span class='ocrx_word' id='word_1_717' title='bbox 1550 4642 1610 4694; x_wconf 82' lang='grc' dir='ltr'>τὸ</span> <span class='ocrx_word' id='word_1_718' title='bbox 1641 4637 1734 4706; x_wconf 70' lang='grc' dir='ltr'><strong>τῆς</strong></span> <span class='ocrx_word' id='word_1_719' title='bbox 1767 4640 1892 4696; x_wconf 75' lang='grc' dir='ltr'>πάν-</span> 
     </span>
    </p>
   </div>
   <div class='ocr_carea' id='block_1_97' title="bbox 1977 4632 3632 4716">
    <p class='ocr_par' dir='ltr' id='par_1_97' title="bbox 1992 4632 3632 4712">
     <span class='ocr_line' id='line_1_97' title="bbox 1992 4632 3632 4712; baseline -0.003 -13"><span class='ocrx_word' id='word_1_720' title='bbox 1992 4639 2054 4699; x_wconf 90' lang='lat' dir='ltr'><strong>in</strong></span> <span class='ocrx_word' id='word_1_721' title='bbox 2087 4637 2314 4699; x_wconf 91' lang='lat' dir='ltr'><strong>somnis</strong></span> <span class='ocrx_word' id='word_1_722' title='bbox 2335 4637 2594 4698; x_wconf 87' lang='lat' dir='ltr'><strong>visiones</strong></span> <span class='ocrx_word' id='word_1_723' title='bbox 2614 4634 2736 4697; x_wconf 91' lang='lat' dir='ltr'><strong>sint</strong></span> <span class='ocrx_word' id='word_1_724' title='bbox 2751 4632 3171 4712; x_wconf 67' lang='lat' dir='ltr'><strong>exhibita),per</strong></span> <span class='ocrx_word' id='word_1_725' title='bbox 3189 4649 3336 4710; x_wconf 88' lang='lat' dir='ltr'><strong>quas</strong></span> <span class='ocrx_word' id='word_1_726' title='bbox 3366 4633 3632 4694; x_wconf 86' lang='lat' dir='ltr'><strong>omnium</strong></span> 
     </span>
    </p>
   </div>
   <div class='ocr_carea' id='block_1_98' title="bbox 251 4725 1892 4812">
    <p class='ocr_par' dir='ltr' id='par_1_98' title="bbox 251 4725 1892 4808">
     <span class='ocr_line' id='line_1_98' title="bbox 251 4725 1892 4808; baseline -0.001 -21"><span class='ocrx_word' id='word_1_727' title='bbox 251 4750 362 4787; x_wconf 83' lang='grc' dir='ltr'><strong>των</strong></span> <span class='ocrx_word' id='word_1_728' title='bbox 395 4727 642 4808; x_wconf 84' lang='grc' dir='ltr'>προνοίας</span> <span class='ocrx_word' id='word_1_729' title='bbox 695 4729 783 4784; x_wconf 80' lang='grc' dir='ltr'><strong>καὶ</strong></span> <span class='ocrx_word' id='word_1_730' title='bbox 841 4727 1155 4806; x_wconf 80' lang='grc' dir='ltr'>κυριότητος</span> <span class='ocrx_word' id='word_1_731' title='bbox 1213 4725 1570 4800; x_wconf 79' lang='grc' dir='ltr'>κηδεμονικὸν</span> <span class='ocrx_word' id='word_1_732' title='bbox 1623 4735 1716 4786; x_wconf 85' lang='grc' dir='ltr'><strong>τοῦ</strong></span> <span class='ocrx_word' id='word_1_733' title='bbox 1773 4735 1892 4786; x_wconf 71' lang='grc' dir='ltr'>Θεοιῖ</span> 
     </span>
    </p>
   </div>
   <div class='ocr_carea' id='block_1_99' title="bbox 1977 4725 3634 4812">
    <p class='ocr_par' dir='ltr' id='par_1_99' title="bbox 1986 4725 3634 4812">
     <span class='ocr_line' id='line_1_99' title="bbox 1986 4725 3634 4812; baseline -0.005 -18"><span class='ocrx_word' id='word_1_734' title='bbox 1986 4733 2080 4794; x_wconf 73' lang='grc'><strong>95</strong></span> <span class='ocrx_word' id='word_1_735' title='bbox 2113 4729 2500 4812; x_wconf 78' lang='lat' dir='ltr'><strong>providentiae</strong></span> <span class='ocrx_word' id='word_1_736' title='bbox 2531 4749 2597 4792; x_wconf 88' lang='lat' dir='ltr'><strong>ac</strong></span> <span class='ocrx_word' id='word_1_737' title='bbox 2619 4726 3048 4790; x_wconf 84' lang='lat' dir='ltr'><strong>dominationis</strong></span> <span class='ocrx_word' id='word_1_738' title='bbox 3072 4725 3174 4786; x_wconf 91' lang='lat' dir='ltr'><strong>Dei</strong></span> <span class='ocrx_word' id='word_1_739' title='bbox 3207 4745 3348 4787; x_wconf 89' lang='lat' dir='ltr'><strong>cura</strong></span> <span class='ocrx_word' id='word_1_740' title='bbox 3379 4725 3452 4786; x_wconf 90' lang='lat' dir='ltr'><strong>iis</strong></span> <span class='ocrx_word' id='word_1_741' title='bbox 3484 4727 3634 4788; x_wconf 91' lang='lat' dir='ltr'><strong>insi-</strong></span> 
     </span>
    </p>
   </div>
   <div class='ocr_carea' id='block_1_100' title="bbox 253 4816 1902 4896">
    <p class='ocr_par' dir='ltr' id='par_1_100' title="bbox 253 4816 1902 4896">
     <span class='ocr_line' id='line_1_100' title="bbox 253 4816 1902 4896; baseline -0.001 -21"><span class='ocrx_word' id='word_1_742' title='bbox 253 4816 689 4894; x_wconf 77' lang='grc' dir='ltr'>διεπορθμεύετο⁶</span> <span class='ocrx_word' id='word_1_743' title='bbox 747 4819 898 4879; x_wconf 82' lang='grc' dir='ltr'>οὗτος</span> <span class='ocrx_word' id='word_1_744' title='bbox 929 4816 1030 4894; x_wconf 65' lang='grc' dir='ltr'><strong>γὰρ</strong></span> <span class='ocrx_word' id='word_1_745' title='bbox 1068 4817 1252 4896; x_wconf 82' lang='grc' dir='ltr'>Κύριος</span> <span class='ocrx_word' id='word_1_746' title='bbox 1285 4819 1377 4874; x_wconf 82' lang='grc' dir='ltr'>καὶ</span> <span class='ocrx_word' id='word_1_747' title='bbox 1408 4819 1712 4895; x_wconf 75' lang='grc' dir='ltr'>προνοητὴς</span> <span class='ocrx_word' id='word_1_748' title='bbox 1763 4819 1902 4875; x_wconf 74' lang='grc' dir='ltr'>πάν-</span> 
     </span>
    </p>
   </div>
   <div class='ocr_carea' id='block_1_101' title="bbox 250 4905 1906 4987">
    <p class='ocr_par' dir='ltr' id='par_1_101' title="bbox 250 4905 1906 4987">
     <span class='ocr_line' id='line_1_101' title="bbox 250 4905 1906 4987; baseline -0.001 -21"><span class='ocrx_word' id='word_1_749' title='bbox 250 4929 362 4966; x_wconf 84' lang='grc' dir='ltr'><strong>των</strong></span> <span class='ocrx_word' id='word_1_750' title='bbox 393 4908 483 4964; x_wconf 71' lang='grc' dir='ltr'><strong>καὶ</strong></span> <span class='ocrx_word' id='word_1_751' title='bbox 513 4909 668 4980; x_wconf 81' lang='grc' dir='ltr'>Θεὸς,</span> <span class='ocrx_word' id='word_1_752' title='bbox 729 4907 802 4968; x_wconf 77' lang='grc' dir='ltr'>ὡς</span> <span class='ocrx_word' id='word_1_753' title='bbox 859 4907 945 4962; x_wconf 77' lang='grc' dir='ltr'>ἰαὶ</span> <span class='ocrx_word' id='word_1_754' title='bbox 999 4908 1027 4962; x_wconf 83' lang='grc' dir='ltr'>ὁ</span> <span class='ocrx_word' id='word_1_755' title='bbox 1079 4905 1282 4972; x_wconf 68' lang='grc' dir='ltr'>Παολος</span> <span class='ocrx_word' id='word_1_756' title='bbox 1331 4906 1612 4987; x_wconf 76' lang='grc' dir='ltr'>πολλαχοῦ</span> <span class='ocrx_word' id='word_1_757' title='bbox 1641 4905 1906 4976; x_wconf 77' lang='grc' dir='ltr'>ἐδήλωσεν</span> 
     </span>
    </p>
   </div>
   <div class='ocr_carea' id='block_1_102' title="bbox 254 4993 1908 5076">
    <p class='ocr_par' dir='ltr' id='par_1_102' title="bbox 254 4993 1908 5076">
     <span class='ocr_line' id='line_1_102' title="bbox 254 4993 1908 5076; baseline 0 -22"><span class='ocrx_word' id='word_1_758' title='bbox 254 4997 443 5055; x_wconf 78' lang='grc' dir='ltr'>εἰπών’</span> <span class='ocrx_word' id='word_1_759' title='bbox 504 4997 591 5065; x_wconf 75' lang='grc' dir='ltr'><strong>Μὴ</strong></span> <span class='ocrx_word' id='word_1_760' title='bbox 641 4997 736 5054; x_wconf 71' lang='grc' dir='ltr'>οὒκ</span> <span class='ocrx_word' id='word_1_761' title='bbox 789 4993 929 5053; x_wconf 80' lang='grc' dir='ltr'>ἔστιν</span> <span class='ocrx_word' id='word_1_762' title='bbox 983 4997 1011 5051; x_wconf 82' lang='grc' dir='ltr'>ὁ</span> <span class='ocrx_word' id='word_1_763' title='bbox 1065 4997 1195 5060; x_wconf 72' lang='grc' dir='ltr'>Θεὸς</span> <span class='ocrx_word' id='word_1_764' title='bbox 1229 4997 1314 5052; x_wconf 75' lang='grc' dir='ltr'>καὶ</span> <span class='ocrx_word' id='word_1_765' title='bbox 1347 4995 1541 5076; x_wconf 65' lang='grc' dir='ltr'>ἐθνῶνς</span> <span class='ocrx_word' id='word_1_766' title='bbox 1589 4998 1671 5052; x_wconf 76' lang='grc' dir='ltr'><strong>ναὶ</strong></span> <span class='ocrx_word' id='word_1_767' title='bbox 1701 4999 1788 5054; x_wconf 82' lang='grc' dir='ltr'>καὶ</span> <span class='ocrx_word' id='word_1_768' title='bbox 1818 4998 1908 5054; x_wconf 77' lang='grc' dir='ltr'><strong>ἰθ-</strong></span> 
     </span>
    </p>
   </div>
   <div class='ocr_carea' id='block_1_103' title="bbox 253 5083 1912 5164">
    <p class='ocr_par' dir='ltr' id='par_1_103' title="bbox 253 5083 1912 5164">
     <span class='ocr_line' id='line_1_103' title="bbox 253 5083 1912 5164; baseline -0.001 -20"><span class='ocrx_word' id='word_1_769' title='bbox 253 5093 385 5161; x_wconf 79' lang='grc' dir='ltr'>νῶν,</span> <span class='ocrx_word' id='word_1_770' title='bbox 420 5087 576 5163; x_wconf 83' lang='grc' dir='ltr'>εἴπερ</span> <span class='ocrx_word' id='word_1_771' title='bbox 647 5086 734 5149; x_wconf 89' lang='grc' dir='ltr'>ε’ίς</span> <span class='ocrx_word' id='word_1_772' title='bbox 804 5088 832 5142; x_wconf 77' lang='grc' dir='ltr'>ὁ</span> <span class='ocrx_word' id='word_1_773' title='bbox 905 5084 1060 5148; x_wconf 82' lang='grc' dir='ltr'>Θεός.</span> <span class='ocrx_word' id='word_1_774' title='bbox 1135 5083 1288 5142; x_wconf 80' lang='grc' dir='ltr'>Ἀλλ’</span> <span class='ocrx_word' id='word_1_775' title='bbox 1359 5088 1410 5142; x_wconf 80' lang='grc' dir='ltr'>αἱ</span> <span class='ocrx_word' id='word_1_776' title='bbox 1467 5087 1672 5164; x_wconf 78' lang='grc' dir='ltr'>ὁράσεις</span> <span class='ocrx_word' id='word_1_777' title='bbox 1703 5087 1799 5161; x_wconf 72' lang='grc' dir='ltr'>μὲν</span> <span class='ocrx_word' id='word_1_778' title='bbox 1829 5085 1912 5142; x_wconf 76' lang='grc' dir='ltr'>διὰ</span> 
     </span>
    </p>
   </div>
   <div class='ocr_carea' id='block_1_104' title="bbox 254 5172 1910 5256">
    <p class='ocr_par' dir='ltr' id='par_1_104' title="bbox 254 5172 1910 5256">
     <span class='ocr_line' id='line_1_104' title="bbox 254 5172 1910 5256; baseline -0.001 -23"><span class='ocrx_word' id='word_1_779' title='bbox 254 5183 364 5234; x_wconf 84' lang='grc' dir='ltr'><strong>τῶν</strong></span> <span class='ocrx_word' id='word_1_780' title='bbox 394 5174 668 5256; x_wconf 67' lang='grc' dir='ltr'>ἀγγέλων,</span> <span class='ocrx_word' id='word_1_781' title='bbox 703 5177 756 5232; x_wconf 75' lang='grc' dir='ltr'>αἱ</span> <span class='ocrx_word' id='word_1_782' title='bbox 787 5172 841 5231; x_wconf 81' lang='grc' dir='ltr'>δὲ</span> <span class='ocrx_word' id='word_1_783' title='bbox 868 5173 1043 5238; x_wconf 86' lang='grc' dir='ltr'>λύσεις</span> <span class='ocrx_word' id='word_1_784' title='bbox 1089 5174 1413 5255; x_wconf 82' lang='grc' dir='ltr'>ἀλλαχόθεν,</span> <span class='ocrx_word' id='word_1_785' title='bbox 1464 5177 1555 5231; x_wconf 78' lang='grc' dir='ltr'><strong>καὶ</strong></span> <span class='ocrx_word' id='word_1_786' title='bbox 1581 5175 1639 5232; x_wconf 70' lang='grc' dir='ltr'>οὔ</span> <span class='ocrx_word' id='word_1_787' title='bbox 1669 5175 1751 5234; x_wconf 79' lang='grc' dir='ltr'>διὰ</span> <span class='ocrx_word' id='word_1_788' title='bbox 1783 5176 1910 5233; x_wconf 80' lang='grc' dir='ltr'>τού-</span> 
     </span>
    </p>
   </div>
   <div class='ocr_carea' id='block_1_105' title="bbox 253 5263 1906 5345">
    <p class='ocr_par' dir='ltr' id='par_1_105' title="bbox 253 5263 1906 5345">
     <span class='ocr_line' id='line_1_105' title="bbox 253 5263 1906 5345; baseline -0.001 -21"><span class='ocrx_word' id='word_1_789' title='bbox 253 5288 388 5342; x_wconf 80' lang='grc' dir='ltr'>των,</span> <span class='ocrx_word' id='word_1_790' title='bbox 446 5265 558 5339; x_wconf 60' lang='grc' dir='ltr'><strong>³ὅσῳ</strong></span> <span class='ocrx_word' id='word_1_791' title='bbox 607 5267 696 5322; x_wconf 77' lang='grc' dir='ltr'>καὶ</span> <span class='ocrx_word' id='word_1_792' title='bbox 751 5271 881 5322; x_wconf 83' lang='grc' dir='ltr'>Θεοῦ</span> <span class='ocrx_word' id='word_1_793' title='bbox 927 5263 1248 5342; x_wconf 81' lang='grc' dir='ltr'>θεράποντες</span> <span class='ocrx_word' id='word_1_794' title='bbox 1300 5266 1546 5345; x_wconf 72' lang='grc' dir='ltr'>δπῆρχον</span> <span class='ocrx_word' id='word_1_795' title='bbox 1591 5265 1640 5322; x_wconf 84' lang='grc' dir='ltr'><strong>οί</strong></span> <span class='ocrx_word' id='word_1_796' title='bbox 1687 5265 1906 5345; x_wconf 82' lang='grc' dir='ltr'>συγκρί-</span> 
     </span>
    </p>
   </div>
   <div class='ocr_carea' id='block_1_106' title="bbox 255 5352 1907 5434">
    <p class='ocr_par' dir='ltr' id='par_1_106' title="bbox 255 5352 1907 5434">
     <span class='ocr_line' id='line_1_106' title="bbox 255 5352 1907 5434; baseline -0.001 -22"><span class='ocrx_word' id='word_1_797' title='bbox 255 5375 438 5420; x_wconf 85' lang='grc' dir='ltr'>νοντες</span> <span class='ocrx_word' id='word_1_798' title='bbox 489 5354 556 5410; x_wconf 75' lang='grc' dir='ltr'><strong>τὰ</strong></span> <span class='ocrx_word' id='word_1_799' title='bbox 607 5353 872 5433; x_wconf 84' lang='grc' dir='ltr'>ὀνείρατα,</span> <span class='ocrx_word' id='word_1_800' title='bbox 929 5354 1016 5411; x_wconf 77' lang='grc' dir='ltr'>καὶ</span> <span class='ocrx_word' id='word_1_801' title='bbox 1068 5358 1172 5410; x_wconf 81' lang='grc' dir='ltr'><strong>τῶν</strong></span> <span class='ocrx_word' id='word_1_802' title='bbox 1225 5352 1488 5433; x_wconf 77' lang='grc' dir='ltr'>ἀγγέλων,</span> <span class='ocrx_word' id='word_1_803' title='bbox 1542 5353 1723 5434; x_wconf 70' lang='grc' dir='ltr'>ἒγγὺς,</span> <span class='ocrx_word' id='word_1_804' title='bbox 1769 5354 1907 5411; x_wconf 79' lang='grc' dir='ltr'>ὥστε</span> 
     </span>
    </p>
   </div>
   <div class='ocr_carea' id='block_1_107' title="bbox 255 5437 1906 5522">
    <p class='ocr_par' dir='ltr' id='par_1_107' title="bbox 255 5437 1906 5522">
     <span class='ocr_line' id='line_1_107' title="bbox 255 5437 1906 5522; baseline 0.001 -22"><span class='ocrx_word' id='word_1_805' title='bbox 255 5443 364 5501; x_wconf 70' lang='grc' dir='ltr'><strong>ἀπὶ.</strong></span> <span class='ocrx_word' id='word_1_806' title='bbox 393 5451 529 5502; x_wconf 83' lang='grc' dir='ltr'>Θεοῦ</span> <span class='ocrx_word' id='word_1_807' title='bbox 581 5441 650 5500; x_wconf 81' lang='grc' dir='ltr'>δι’</span> <span class='ocrx_word' id='word_1_808' title='bbox 713 5447 885 5502; x_wconf 74' lang='grc' dir='ltr'>αὒτῶν</span> <span class='ocrx_word' id='word_1_809' title='bbox 940 5443 1008 5500; x_wconf 83' lang='grc' dir='ltr'>τὰ</span> <span class='ocrx_word' id='word_1_810' title='bbox 1064 5449 1170 5500; x_wconf 81' lang='grc' dir='ltr'><strong>τῶν</strong></span> <span class='ocrx_word' id='word_1_811' title='bbox 1229 5441 1518 5500; x_wconf 76' lang='grc' dir='ltr'>ἐπιλύσεων</span> <span class='ocrx_word' id='word_1_812' title='bbox 1558 5445 1811 5522; x_wconf 75' lang='grc' dir='ltr'>γίνεσθαι.</span> <span class='ocrx_word' id='word_1_813' title='bbox 1849 5437 1906 5502; x_wconf 73' lang='grc' dir='ltr'>Ὀ</span> 
     </span>
    </p>
   </div>
   <div class='ocr_carea' id='block_1_108' title="bbox 255 5531 1908 5615">
    <p class='ocr_par' dir='ltr' id='par_1_108' title="bbox 255 5531 1908 5615">
     <span class='ocr_line' id='line_1_108' title="bbox 255 5531 1908 5615; baseline -0.002 -23"><span class='ocrx_word' id='word_1_814' title='bbox 255 5534 356 5613; x_wconf 64' lang='grc' dir='ltr'>γὰρ</span> <span class='ocrx_word' id='word_1_815' title='bbox 411 5531 618 5615; x_wconf 69' lang='grc' dir='ltr'>Ἰωσὴφ</span> <span class='ocrx_word' id='word_1_816' title='bbox 666 5533 734 5590; x_wconf 83' lang='grc' dir='ltr'><strong>τὰ</strong></span> <span class='ocrx_word' id='word_1_817' title='bbox 781 5539 875 5591; x_wconf 89' lang='grc' dir='ltr'><strong>τοῦ</strong></span> <span class='ocrx_word' id='word_1_818' title='bbox 923 5533 1123 5611; x_wconf 80' lang='grc' dir='ltr'>Φαραὼ</span> <span class='ocrx_word' id='word_1_819' title='bbox 1174 5532 1414 5612; x_wconf 77' lang='grc' dir='ltr'>ὀνείρατα</span> <span class='ocrx_word' id='word_1_820' title='bbox 1463 5532 1614 5590; x_wconf 74' lang='grc' dir='ltr'>ἔλυεν</span> <span class='ocrx_word' id='word_1_821' title='bbox 1643 5533 1772 5611; x_wconf 80' lang='grc' dir='ltr'>ὑπὲρ</span> <span class='ocrx_word' id='word_1_822' title='bbox 1801 5537 1908 5591; x_wconf 85' lang='grc' dir='ltr'><strong>τῶν</strong></span> 
     </span>
    </p>
   </div>
   <div class='ocr_carea' id='block_1_109' title="bbox 334 5650 840 5728">
    <p class='ocr_par' dir='ltr' id='par_1_109' title="bbox 334 5650 840 5728">
     <span class='ocr_line' id='line_1_109' title="bbox 334 5650 840 5728; baseline -0.01 -13"><span class='ocrx_word' id='word_1_823' title='bbox 334 5664 357 5694; x_wconf 74' lang='grc' dir='ltr'><em>τ</em></span> <span class='ocrx_word' id='word_1_824' title='bbox 377 5651 566 5717; x_wconf 80' lang='lat' dir='ltr'><strong>Rom.</strong></span> <span class='ocrx_word' id='word_1_825' title='bbox 595 5663 690 5728; x_wconf 83' lang='grc' dir='ltr'>ιιι,</span> <span class='ocrx_word' id='word_1_826' title='bbox 732 5650 840 5711; x_wconf 77' lang='lat'><strong>29.</strong></span> 
     </span>
    </p>
   </div>
   <div class='ocr_carea' id='block_1_110' title="bbox 1991 4815 3631 4901">
    <p class='ocr_par' dir='ltr' id='par_1_110' title="bbox 1991 4815 3631 4901">
     <span class='ocr_line' id='line_1_110' title="bbox 1991 4815 3631 4901; baseline -0.003 -18"><span class='ocrx_word' id='word_1_827' title='bbox 1991 4823 2314 4883; x_wconf 90' lang='lat' dir='ltr'><strong>nuabatur:</strong></span> <span class='ocrx_word' id='word_1_828' title='bbox 2342 4819 2634 4901; x_wconf 88' lang='lat' dir='ltr'><strong>siquidem</strong></span> <span class='ocrx_word' id='word_1_829' title='bbox 2662 4819 2758 4881; x_wconf 84' lang='lat' dir='ltr'><strong>hic</strong></span> <span class='ocrx_word' id='word_1_830' title='bbox 2786 4815 3202 4889; x_wconf 88' lang='lat' dir='ltr'><strong>estDominus,</strong></span> <span class='ocrx_word' id='word_1_831' title='bbox 3239 4823 3297 4875; x_wconf 93' lang='lat' dir='ltr'><strong>et</strong></span> <span class='ocrx_word' id='word_1_832' title='bbox 3344 4816 3631 4896; x_wconf 82' lang='lat' dir='ltr'><strong>provisor,</strong></span> 
     </span>
    </p>
   </div>
   <div class='ocr_carea' id='block_1_111' title="bbox 1994 4904 3634 4990">
    <p class='ocr_par' dir='ltr' id='par_1_111' title="bbox 1994 4904 3634 4990">
     <span class='ocr_line' id='line_1_111' title="bbox 1994 4904 3634 4990; baseline -0.005 -18"><span class='ocrx_word' id='word_1_833' title='bbox 1994 4919 2052 4972; x_wconf 92' lang='lat' dir='ltr'><strong>et</strong></span> <span class='ocrx_word' id='word_1_834' title='bbox 2084 4911 2240 4972; x_wconf 90' lang='lat' dir='ltr'><strong>Deus</strong></span> <span class='ocrx_word' id='word_1_835' title='bbox 2270 4911 2560 4990; x_wconf 87' lang='lat' dir='ltr'><strong>omnium,</strong></span> <span class='ocrx_word' id='word_1_836' title='bbox 2595 4908 2748 4970; x_wconf 88' lang='lat' dir='ltr'><strong>sicut</strong></span> <span class='ocrx_word' id='word_1_837' title='bbox 2775 4906 2950 4969; x_wconf 90' lang='lat' dir='ltr'><strong>etiam</strong></span> <span class='ocrx_word' id='word_1_838' title='bbox 2981 4904 3202 4968; x_wconf 87' lang='lat' dir='ltr'><strong>Paulus</strong></span> <span class='ocrx_word' id='word_1_839' title='bbox 3261 4904 3461 4965; x_wconf 90' lang='lat' dir='ltr'><strong>multis</strong></span> <span class='ocrx_word' id='word_1_840' title='bbox 3491 4905 3634 4966; x_wconf 84' lang='lat' dir='ltr'><strong>locis</strong></span> 
     </span>
    </p>
   </div>
   <div class='ocr_carea' id='block_1_112' title="bbox 1998 4993 3632 5078">
    <p class='ocr_par' dir='ltr' id='par_1_112' title="bbox 1998 4993 3632 5078">
     <span class='ocr_line' id='line_1_112' title="bbox 1998 4993 3632 5078; baseline -0.004 -16"><span class='ocrx_word' id='word_1_841' title='bbox 1998 4999 2336 5077; x_wconf 84' lang='lat' dir='ltr'><strong>declaravit,</strong></span> <span class='ocrx_word' id='word_1_842' title='bbox 2370 4998 2615 5060; x_wconf 89' lang='lat' dir='ltr'><strong>dicens:</strong></span> <span class='ocrx_word' id='word_1_843' title='bbox 2642 4995 2936 5078; x_wconf 82' lang='lat' dir='ltr'><strong>Nunquid</strong></span> <span class='ocrx_word' id='word_1_844' title='bbox 2961 5000 3048 5057; x_wconf 88' lang='lat' dir='ltr'><strong>cst</strong></span> <span class='ocrx_word' id='word_1_845' title='bbox 3083 4993 3240 5055; x_wconf 83' lang='lat' dir='ltr'><strong>Deus</strong></span> <span class='ocrx_word' id='word_1_846' title='bbox 3267 4996 3450 5056; x_wconf 73' lang='lat' dir='ltr'><strong>etiam</strong></span> <span class='ocrx_word' id='word_1_847' title='bbox 3478 5011 3632 5075; x_wconf 83' lang='lat' dir='ltr'><strong>gen-</strong></span> 
     </span>
    </p>
   </div>
   <div class='ocr_carea' id='block_1_113' title="bbox 1994 5084 3630 5169">
    <p class='ocr_par' dir='ltr' id='par_1_113' title="bbox 1994 5084 3630 5169">
     <span class='ocr_line' id='line_1_113' title="bbox 1994 5084 3630 5169; baseline -0.005 -20"><span class='ocrx_word' id='word_1_848' title='bbox 1994 5090 2178 5152; x_wconf 76' lang='lat' dir='ltr'><strong>lium?</strong></span> <span class='ocrx_word' id='word_1_849' title='bbox 2198 5091 2320 5152; x_wconf 78' lang='lat' dir='ltr'><strong>imo</strong></span> <span class='ocrx_word' id='word_1_850' title='bbox 2368 5096 2424 5150; x_wconf 86' lang='lat' dir='ltr'><strong>ct</strong></span> <span class='ocrx_word' id='word_1_851' title='bbox 2450 5089 2744 5169; x_wconf 83' lang='lat' dir='ltr'><strong>gentium,</strong></span> <span class='ocrx_word' id='word_1_852' title='bbox 2776 5085 3060 5166; x_wconf 80' lang='lat' dir='ltr'><strong>quoniam</strong></span> <span class='ocrx_word' id='word_1_853' title='bbox 3090 5101 3251 5144; x_wconf 82' lang='lat' dir='ltr'><strong>unus</strong></span> <span class='ocrx_word' id='word_1_854' title='bbox 3281 5093 3372 5145; x_wconf 72' lang='lat' dir='ltr'><strong>est</strong></span> <span class='ocrx_word' id='word_1_855' title='bbox 3405 5084 3566 5144; x_wconf 81' lang='lat' dir='ltr'><strong>Deus</strong></span> <span class='ocrx_word' id='word_1_856' title='bbox 3589 5101 3630 5141; x_wconf 86' lang='lat' dir='ltr'><strong>r.</strong></span> 
     </span>
    </p>
   </div>
   <div class='ocr_carea' id='block_1_114' title="bbox 1998 5172 3634 5258">
    <p class='ocr_par' dir='ltr' id='par_1_114' title="bbox 1998 5172 3634 5258">
     <span class='ocr_line' id='line_1_114' title="bbox 1998 5172 3634 5258; baseline -0.006 -19"><span class='ocrx_word' id='word_1_857' title='bbox 1998 5179 2216 5240; x_wconf 89' lang='lat' dir='ltr'><strong>Verum</strong></span> <span class='ocrx_word' id='word_1_858' title='bbox 2246 5179 2505 5240; x_wconf 86' lang='lat' dir='ltr'><strong>visiones</strong></span> <span class='ocrx_word' id='word_1_859' title='bbox 2529 5177 2771 5258; x_wconf 91' lang='lat' dir='ltr'><strong>quidem</strong></span> <span class='ocrx_word' id='word_1_860' title='bbox 2806 5193 2912 5256; x_wconf 85' lang='lat' dir='ltr'><strong>per</strong></span> <span class='ocrx_word' id='word_1_861' title='bbox 2939 5172 3204 5252; x_wconf 85' lang='lat' dir='ltr'><strong>angelos,</strong></span> <span class='ocrx_word' id='word_1_862' title='bbox 3236 5172 3634 5234; x_wconf 66' lang='lat' dir='ltr'><strong>resolutiones</strong></span> 
     </span>
    </p>
   </div>
   <div class='ocr_carea' id='block_1_115' title="bbox 1996 5260 3633 5348">
    <p class='ocr_par' dir='ltr' id='par_1_115' title="bbox 1996 5260 3633 5348">
     <span class='ocr_line' id='line_1_115' title="bbox 1996 5260 3633 5348; baseline -0.007 -18"><span class='ocrx_word' id='word_1_863' title='bbox 1996 5277 2193 5332; x_wconf 89' lang='lat' dir='ltr'><strong>autem</strong></span> <span class='ocrx_word' id='word_1_864' title='bbox 2228 5267 2492 5348; x_wconf 84' lang='lat' dir='ltr'><strong>aliunde,</strong></span> <span class='ocrx_word' id='word_1_865' title='bbox 2519 5274 2577 5329; x_wconf 89' lang='lat' dir='ltr'><strong>et</strong></span> <span class='ocrx_word' id='word_1_866' title='bbox 2606 5285 2727 5328; x_wconf 92' lang='lat' dir='ltr'><strong>non</strong></span> <span class='ocrx_word' id='word_1_867' title='bbox 2755 5283 2864 5347; x_wconf 90' lang='lat' dir='ltr'><strong>per</strong></span> <span class='ocrx_word' id='word_1_868' title='bbox 2893 5264 3021 5340; x_wconf 90' lang='lat' dir='ltr'><strong>hos,</strong></span> <span class='ocrx_word' id='word_1_869' title='bbox 3056 5263 3135 5324; x_wconf 88' lang='lat' dir='ltr'><strong>ita</strong></span> <span class='ocrx_word' id='word_1_870' title='bbox 3165 5271 3227 5324; x_wconf 91' lang='lat' dir='ltr'><strong>ut</strong></span> <span class='ocrx_word' id='word_1_871' title='bbox 3255 5263 3354 5323; x_wconf 91' lang='lat' dir='ltr'><strong>Dei</strong></span> <span class='ocrx_word' id='word_1_872' title='bbox 3388 5260 3633 5339; x_wconf 76' lang='lat' dir='ltr'><strong>fuerint,</strong></span> 
     </span>
    </p>
   </div>
   <div class='ocr_carea' id='block_1_116' title="bbox 1992 5349 3640 5439">
    <p class='ocr_par' dir='ltr' id='par_1_116' title="bbox 1992 5349 3640 5439">
     <span class='ocr_line' id='line_1_116' title="bbox 1992 5349 3640 5439; baseline -0.007 -20"><span class='ocrx_word' id='word_1_873' title='bbox 1992 5359 2343 5439; x_wconf 81' lang='lat' dir='ltr'><strong>angelisque</strong></span> <span class='ocrx_word' id='word_1_874' title='bbox 2366 5357 2705 5438; x_wconf 85' lang='lat' dir='ltr'><strong>propinqui,</strong></span> <span class='ocrx_word' id='word_1_875' title='bbox 2730 5355 2832 5436; x_wconf 85' lang='lat' dir='ltr'><strong>qui</strong></span> <span class='ocrx_word' id='word_1_876' title='bbox 2863 5353 3096 5415; x_wconf 91' lang='lat' dir='ltr'><strong>somnia</strong></span> <span class='ocrx_word' id='word_1_877' title='bbox 3125 5349 3640 5439; x_wconf 74' lang='lat' dir='ltr'><strong>dijudicarnnt,ita</strong></span> 
     </span>
    </p>
   </div>
   <div class='ocr_carea' id='block_1_117' title="bbox 1993 5437 3640 5528">
    <p class='ocr_par' dir='ltr' id='par_1_117' title="bbox 1993 5437 3640 5528">
     <span class='ocr_line' id='line_1_117' title="bbox 1993 5437 3640 5528; baseline -0.008 -16"><span class='ocrx_word' id='word_1_878' title='bbox 1993 5458 2056 5512; x_wconf 92' lang='lat' dir='ltr'><strong>ut</strong></span> <span class='ocrx_word' id='word_1_879' title='bbox 2080 5437 2119 5511; x_wconf 61' lang='grc' dir='ltr'><strong>ε</strong></span> <span class='ocrx_word' id='word_1_880' title='bbox 2150 5453 2272 5512; x_wconf 91' lang='lat' dir='ltr'><strong>Deo</strong></span> <span class='ocrx_word' id='word_1_881' title='bbox 2301 5437 2407 5528; x_wconf 87' lang='lat' dir='ltr'><strong>per</strong></span> <span class='ocrx_word' id='word_1_882' title='bbox 2434 5448 2571 5512; x_wconf 89' lang='lat' dir='ltr'><strong>illos</strong></span> <span class='ocrx_word' id='word_1_883' title='bbox 2601 5437 2804 5509; x_wconf 84' lang='lat' dir='ltr'><strong>eorum</strong></span> <span class='ocrx_word' id='word_1_884' title='bbox 2857 5443 3140 5506; x_wconf 87' lang='lat' dir='ltr'><strong>resolutio</strong></span> <span class='ocrx_word' id='word_1_885' title='bbox 3189 5443 3382 5501; x_wconf 83' lang='lat' dir='ltr'><strong>ﬁeret.</strong></span> <span class='ocrx_word' id='word_1_886' title='bbox 3415 5437 3640 5518; x_wconf 85' lang='lat' dir='ltr'><strong>Joseph</strong></span> 
     </span>
    </p>
   </div>
   <div class='ocr_carea' id='block_1_118' title="bbox 1991 5528 3642 5611">
    <p class='ocr_par' dir='ltr' id='par_1_118' title="bbox 1991 5528 3642 5611">
     <span class='ocr_line' id='line_1_118' title="bbox 1991 5528 3642 5611; baseline -0.007 -9"><span class='ocrx_word' id='word_1_887' title='bbox 1991 5537 2152 5603; x_wconf 91' lang='lat' dir='ltr'><strong>enim</strong></span> <span class='ocrx_word' id='word_1_888' title='bbox 2167 5538 2341 5602; x_wconf 88' lang='lat' dir='ltr'><strong>solvit</strong></span> <span class='ocrx_word' id='word_1_889' title='bbox 2364 5540 2595 5602; x_wconf 90' lang='lat' dir='ltr'><strong>somnia</strong></span> <span class='ocrx_word' id='word_1_890' title='bbox 2611 5534 2933 5600; x_wconf 83' lang='lat' dir='ltr'><strong>Pharaonis</strong></span> <span class='ocrx_word' id='word_1_891' title='bbox 2956 5548 3140 5611; x_wconf 83' lang='lat' dir='ltr'><strong>super</strong></span> <span class='ocrx_word' id='word_1_892' title='bbox 3151 5528 3490 5609; x_wconf 61' lang='lat' dir='ltr'><strong>Aﬂgyptios,</strong></span> <span class='ocrx_word' id='word_1_893' title='bbox 3521 5530 3642 5592; x_wconf 87' lang='lat' dir='ltr'><strong>Da-</strong></span> 
     </span>
    </p>
   </div>
  </div>
