4078 6204
246 322 374 388 277

549 281 562 296 ’
661 329 762 392 DE
807 325 1157 392 CCELESTI
1201 320 1708 405 HIERARCHIA,
1758 324 1926 390 CAP.
1977 327 2112 389 v11.
2160 360 2238 372 -
2281 326 2671 391 PARAPHR.
2725 324 3245 392 PACHYMERE.

3524 328 3638 394 278

251 461 591 540 πρεσϐυτάτη
653 464 738 544 (οὐ
793 464 930 522 κατᾶ
979 465 1197 546 χρόνον,
1231 462 1368 522 ἀλλὰ
1397 463 1534 522 κατὰ
1563 462 1734 540 τάξιν)
1759 463 1900 522 πάν-

1987 458 2322 541 tiquissima
2349 463 2492 539 (non
2523 462 2854 524 secundum
2886 467 3143 541 tempus,
3164 462 3268 525 sed
3299 463 3631 528 secundum

247 574 361 618 τως
423 551 779 632 διακόσμησις
838 556 946 612 τῶν
1005 554 1122 634 περὶ
1182 557 1312 613 Θεὸν
1369 555 1456 613 καὶ
1525 552 1704 630 κύκλῳ
1777 555 1908 612 Θεοῦ

245 644 392 700 νόων
429 643 589 723 (κατὰ
648 647 737 703 τὸσ
799 644 988 721 Κύκλῳ
1047 648 1206 706 αὐτοῦ
1259 646 1293 714 ἡ
1352 644 1526 714 σκηνσὶ⁸
1585 647 1761 704 αὖτοῦ’
1807 644 1904 704 κᾶν

246 735 342 790 καὶ
415 734 546 813 ὑπὲρ
617 741 722 792 πᾶν
795 735 960 815 πέρας
1018 737 1104 792 καὶ
1161 734 1376 815 ἄπειρον
1433 737 1496 793 τό
1552 735 1708 793 emt»
1737 733 1902 816 iactv)

246 823 360 880 ὑπὸ
385 827 482 892 τῆς
515 821 836 902 ἐλλάμψεως
869 825 967 895 τῆς
1010 824 1261 906 ἀρχηγοῦ
1320 825 1408 883 καὶ
1461 825 1628 890 αἰτίας
1658 825 1904 884 ἁπάντων

247 916 362 968 τῶν
399 913 755 995 τελειώσεων,
817 915 1311 994 μυσταγωγουμένη
1353 912 1460 993 (διὰ
1513 916 1573 973 τὸ
1630 915 1708 992 μὴ
1759 915 1901 973 εἶναι

247 1001 439 1078 ἑτέραν
467 1004 569 1082 πρὸ
600 1008 763 1072 αὐτῆς
815 1003 984 1079 τάξιν,
1045 1002 1168 1062 ἀλλ’
1226 1005 1390 1074 αὐτὴν
1440 1005 1653 1080 άμέσως
1684 1004 1772 1063 ἔπ’
1801 1006 1900 1063 αὖ·

246 1095 350 1160 τὴν
379 1092 760 1168 ἂνατείνεσθαι,
796 1093 1092 1171 ἑλκομένην
1151 1097 1268 1153 οἷον
1325 1095 1429 1152 ὑπὸ
1482 1100 1574 1152 τοῦ
1611 1094 1904 1174 αὖταγάθου

245 1183 338 1239 καὶ
368 1188 603 1260 φυσικῶς
666 1183 887 1263 ἀγαθοῦ,
946 1185 1007 1241 οὗ
1061 1184 1148 1241 καὶ
1205 1183 1383 1242 πάντα
1437 1183 1694 1264 ἑφίενται·
1751 1190 1904 1242 τοῦτο

251 1273 358 1350 γὰρ
414 1273 527 1330 ἱστι
592 1274 656 1330 τὸ
724 1273 1103 1330 ἀνατείνεσθαι·
1179 1277 1239 1334 οὗ
1309 1274 1410 1354 γὰρ
1478 1274 1695 1353 ἀφίησιν
1741 1275 1905 1343 αὒτῆν

247 1363 505 1438 ἠρεμεῖν,
566 1364 654 1419 καὶ
710 1365 829 1420 οἷον
889 1362 1271 1439 έπινυστάζειν,
1339 1366 1373 1434 ἠ
1431 1362 1657 1444 ἄῤῥητος
1729 1363 1903 1431 ἰκείνη

247 1451 402 1518 ἀκτὶς
462 1449 891 1531 ἒπιλάρπουσα),
951 1454 1281 1529 καθαίρεται,
1340 1453 1430 1511 καὶ
1483 1454 1787 1534 φωτίζεται,
1821 1452 1905 1511 καὶ

242 1541 703 1621 τελεσιουργεῖται
778 1541 833 1598 ιν
901 1541 1234 1623 κρυφιωτέρᾳ
1302 1544 1391 1600 καὶ
1462 1540 1728 1622 φανοτέρᾳ
1794 1544 1906 1615 θείᾳ

1989 550 2282 620 ordinem)
2299 551 2545 612 omnino
2559 550 2898 614 distributio
2914 569 3117 612 earum
3131 571 3262 634 quae
3273 554 3433 616 circa
3447 553 3633 617 Deum

1989 647 2048 701 et
2071 639 2132 702 in
2151 639 2405 702 circuitu
2428 640 2534 702 Dei
2554 639 3234 719 suntintelligentiarum
3254 643 3442 722 (juxta
3459 644 3631 706 illud:

1988 728 2062 791 In
2085 731 2353 793 circuitu
2382 731 2575 811 ipsius
2597 729 3051 793 tabernaculum
3074 733 3204 806 ejus
3235 746 3258 775 ν
3279 752 3295 812 ;
3320 733 3434 794 etsi
3454 734 3634 798 etiam

1987 838 2169 901 super
2205 839 2448 884 omnem
2478 822 2810 885 terminum
2845 830 2902 882 et
2921 823 3013 884 97
3040 822 3394 884 inﬁnitatem
3419 826 3495 888 sit
3517 827 3634 890 Nu-

1989 927 2126 973 men
2146 911 2434 986 divinum)
2453 910 2525 974 ab
2549 911 2806 993 ipsamet
2827 911 3101 992 primitus
3119 912 3394 977 initiante
3414 915 3636 981 illumi-

1985 1000 2228 1063 natione
2240 1007 2660 1065 etcmterarum
2675 1000 3072 1064 initiationum
3091 1020 3274 1065 causa
3285 1016 3636 1072 consecrata

1989 1089 2084 1164 (eo
2102 1089 2259 1172 quod
2282 1109 2401 1154 non
2420 1090 2498 1152 sit
2514 1090 2664 1153 alius
2684 1089 2830 1153 ordo
2855 1098 2989 1152 ante
3008 1090 3217 1172 ipsam,
3244 1091 3348 1154 sed
3375 1094 3627 1174 ipsamet

1985 1179 2330 1244 immediate
2347 1181 2422 1243 ad
2442 1199 2572 1244 eam
2594 1180 3230 1260 extendatur,attracta
3251 1183 3634 1262 quodammo-

1985 1268 2061 1332 do
2091 1269 2168 1333 ab
2198 1271 2456 1352 ipsomet
2485 1289 2592 1353 per
2619 1288 2684 1333 se
2714 1269 2894 1348 bono,
2945 1279 3005 1332 et
3046 1279 3257 1332 natura
3287 1271 3444 1335 bono
3473 1278 3631 1356 quod

1988 1361 2188 1423 omnia
2213 1369 2522 1442 appetunt;
2554 1361 2668 1423 hoc
2697 1359 2858 1423 enim
2892 1366 2981 1422 est
3011 1360 3289 1438 extendi;
3321 1380 3438 1424 non
3469 1367 3629 1428 enim

1988 1449 2422 1512 inell'ahilisille
2446 1449 2918 1512 radiusillucens
2954 1449 3237 1529 permittit
3259 1451 3448 1530 ipsam
3479 1455 3627 1517 soli-

1987 1541 2194 1603 tariam
2227 1549 2284 1602 et
2331 1539 2772 1621 quodammodo
2824 1539 3176 1620 dormitare)
3215 1551 3516 1624 purgatur,
3572 1554 3630 1607 et

241 1629 568 1712 φωτοδοσίᾳ,
656 1629 954 1693 Κὰντεῦθεν
1026 1630 1210 1708 δῆλον,
1275 1631 1356 1691 ὅτι
1411 1633 1513 1690 ὑπὸ
1567 1637 1668 1700 τῆς
1704 1629 1902 1701 τάξεως

1987 1629 2546 1711 illuminaturatque
2561 1628 3189 1711 perﬁcitursecretiori
3216 1629 3397 1692 simul
3419 1640 3477 1694 et
3497 1650 3628 1696 ma-

238 1721 431 1803 ἶχουσι
461 1722 560 1790 τὴν
589 1721 859 1798 ¹ἐλλαμψιν
889 1720 1134 1783 πλείονα.
1169 1724 1228 1781 Ei
1261 1724 1357 1802 γὰρ
1385 1721 1552 1786 οὕτως
1611 1720 1900 1800 ἐδημιουρ-

1989 1719 2276 1782 nil‘estiori
2307 1717 2510 1782 divina
2560 1717 2978 1781 illustratione.
3033 1718 3204 1780 Unde
3234 1721 3410 1782 etiam
3445 1730 3624 1803 patet,

237 1814 410 1892 τήθη,
458 1811 598 1870 ὥστε
656 1812 845 1882 πρώτη
907 1813 1077 1892 εἶναι,
1123 1812 1240 1870 οὔτε
1269 1813 1596 1892 καθάρσεως,
1638 1812 1754 1869 οὔτε
1783 1833 1902 1892 φω-

1988 1809 2144 1890 quod
2167 1808 2279 1871 sub
2291 1809 2500 1871 ordine
2517 1807 2854 1870 uberiorem
2871 1807 3129 1870 habeant
3145 1807 3624 1879 illustrationem.

239 1909 440 1977 τισμοῦ
469 1899 669 1978 ἐδέετο,
704 1900 844 1960 οὕτω
891 1901 1216 1977 πλασθεῖσα,
1275 1902 1414 1961 ὥστε
1469 1903 1558 1960 καὶ
1615 1900 1730 1968 ἀξία
1761 1901 1902 1959 εἷναι

1987 1901 2044 1964 Si
2070 1905 2229 1962 enlm
2252 1904 2331 1960 ita
2352 1898 2590 1961 condita
2610 1906 2766 1961 esset
2795 1897 2897 1959 illa
2929 1897 3258 1979 distinctio,
3290 1907 3352 1963 ut
3381 1903 3626 1966 omnino

237 1997 340 2060 τῆς
369 1992 595 2071 πρώτης
639 1991 868 2058 τάξεως.
927 1992 1302 2073 Κρυφιωτέραν
1360 1990 1414 2048 δὲ
1472 1992 1558 2049 καὶ
1612 1991 1902 2072 φανοτέραν

1987 1997 2177 2072 prima
2193 1997 2371 2066 esset,
2388 2007 2584 2070 neque
2606 1987 2954 2070 purgatione
2978 2006 3172 2069 neque
3192 1988 3627 2057 illuminatione

236 2083 341 2149 τὴν
379 2083 545 2150 αὐτὴν
581 2096 738 2139 εϊπεν
777 2079 1126 2163 φωτοδοσίαψ
1186 2083 1221 2138 ἃ
1273 2080 1342 2151 δὴ
1399 2083 1488 2139 καὶ
1545 2081 1753 2138 ἐναντία
1781 2081 1901 2159 περὶ

1987 2097 2136 2160 opus
2163 2077 2434 2150 haberet,
2468 2097 2600 2140 cum
2631 2083 2711 2140 ita
2739 2077 2989 2140 formata
3013 2077 3185 2154 foret,
3213 2087 3276 2139 ut
3300 2081 3492 2159 primo
3519 2102 3624 2148 or—

236 2173 300 2229 τδ
332 2172 465 2228 αὒτὸ
493 2172 737 2252 φαίνεταί
765 2193 882 2236 πως
940 2171 1112 2230 εἶναι.
1171 2172 1244 2230 Τὸ
1302 2171 1402 2250 γὰρ
1458 2169 1675 2250 κρύφιον
1704 2169 1764 2227 οὗ
1794 2193 1902 2250 φα-

1987 2167 2126 2230 dine
2140 2168 2315 2249 digna
2329 2176 2510 2231 esset.
2533 2167 2931 2231 Secretiorem
2954 2176 3152 2229 autem
3176 2175 3234 2230 et
3257 2171 3624 2237 manifestio-

239 2269 356 2319 vo'v'
397 2263 575 2318 καὶτὸ
651 2263 817 2340 φανὸν
872 2264 934 2321 οὗ
955 2261 1193 2341 κρύφιον,
1251 2260 1388 2318 κατᾶ
1443 2266 1626 2318 τοῦτον
1656 2260 1749 2316 τὸν
1776 2259 1902 2340 τρό-

1987 2275 2112 2320 rem
2147 2257 2419 2320 eamdem
2451 2257 2678 2320 vocavit
2727 2256 3206 2331 illustrationem,
3255 2277 3390 2338 quae
3423 2262 3625 2342 utique

232 2375 364 2414 πον.
404 2353 462 2410 Εἰ
489 2352 589 2430 γὰρ
619 2353 707 2408 καὶ
737 2350 944 2408 έναντία
977 2351 1075 2407 είσί
1129 2351 1248 2430 περὶ
1305 2351 1367 2406 τὸ
1424 2351 1575 2422 αὐτὸ,
1608 2347 1745 2406 ἀλλὰ
1771 2349 1902 2429 πρὸς

1987 2351 2144 2412 circa
2174 2347 2333 2409 idem
2364 2346 2644 2410 videntur
2675 2345 2848 2427 quasi
2899 2363 3033 2408 esse
3081 2348 3400 2411 contraria.
3453 2349 3623 2422 Quod

236 2440 379 2498 ἄλλο
440 2441 534 2498 καὶ
586 2437 718 2496 ἄλλο
775 2445 1037 2497 νοοῦνται.
1075 2438 1414 2519 Κρυφιωτέρα
1472 2438 1571 2514 μὲν
1614 2437 1714 2516 γὰρ
1771 2439 1902 2514 πρὸς

1987 2437 2148 2500 enim
2180 2436 2478 2499 occultum
2510 2444 2620 2511 est,
2656 2453 2774 2498 non
2805 2442 2896 2496 est
2926 2433 3301 2496 manifestum
3329 2453 3344 2511 ;
3379 2445 3437 2498 et
3465 2440 3623 2520 quod

237 2533 409 2605 ἡμᾶς,
441 2531 517 2592 ὡς
547 2527 840 2608 νοητοτέρα
876 2526 1086 2608 (νοηταὶ
1148 2529 1248 2608 γὰρ
1306 2527 1392 2584 καὶ
1448 2528 1502 2584 αἱ
1563 2529 1670 2583 τῶν
1701 2525 1901 2584 ὑποϐε-

1987 2526 2388 2606 manifestum,
2414 2544 2534 2588 non
2555 2533 2643 2588 est
2667 2524 2988 2603 occultum,
3003 2525 3170 2603 juxta
3195 2525 3472 2588 eumdem
3501 2547 3623 2590 mo-

235 2617 482 2687 6τ,κ·)ιῶν
541 2618 745 2684 τάξεων
803 2616 1172 2698 ἐλλάμψεις),
1215 2616 1502 2695 νοητοτέρα
1571 2613 1627 2672 δὲ
1699 2618 1732 2684 ἡ
1805 2617 1900 2686 τῆς

1987 2613 2278 2680 dum.Etsi
2301 2615 2463 2678 enim
2484 2615 2661 2677 etiam
2679 2615 2980 2676 contraria
2993 2621 3128 2675 sunt
3152 2625 3426 2694 respectu
3455 2619 3622 2698 ejus-

236 2710 494 2790 πρώτης,
552 2710 640 2765 καὶ
698 2709 834 2782 ἡμῖν
875 2707 1270 2787 ἂγνωστοτέρα,
1302 2705 1386 2763 διὰ
1412 2713 1568 2763 τοῦτο
1593 2707 1680 2762 καὶ
1711 2704 1899 2763 ἁπλω-

1987 2705 2146 2770 dem.
2174 2705 2244 2768 ad
2269 2705 2428 2768 aliud
2456 2713 2655 2769 tamen
2686 2713 2861 2786 atque
2892 2703 3052 2766 aliud
3072 2703 3624 2784 intelliguntur.0c-

233 2800 367 2867 τικὴ
406 2798 505 2879 (ὡς
537 2799 614 2875 μὴ
645 2797 1049 2872 κατανοοομένη
1105 2797 1416 2854 άπεντεῦθεν
1474 2793 1564 2852 διὰ
1599 2817 1738 2858 τινος
1792 2802 1900 2854 τῶν

1987 2797 2198 2860 cultior
2210 2796 2452 2878 quidem
2470 2805 2560 2858 est
2581 2795 2775 2869 nobis,
2794 2795 2932 2876 quia
2957 2794 3342 2875 spiritualior;
3361 2797 3626 2879 (spirita-

235 2889 517 2969 ἡμετέρων
567 2890 658 2945 καὶ
699 2887 1018 2970 χθαμαλῶν,
1087 2887 1120 2944 ἃ
1175 2885 1241 2955 δὴ
1296 2886 1385 2944 καὶ
1441 2887 1704 2952 συνθέσεις
1747 2885 1897 2968 εἰσὶν)

1987 2885 2074 2948 les
2087 2886 2249 2948 enim
2263 2885 2836 2949 suntetlnferiorum
2853 2884 3128 2946 ordinum
3151 2885 3625 2970 illustrationesz)

233 2979 379 3038 ἀλλᾶ
406 2968 496 3036 καὶ
526 2979 791 3042 ἑνοποιός,
853 2968 1022 3050 ”¹Οσῳ
1079 2976 1179 3055 γὰρ
1237 2981 1336 3044 τῆς
1369 2975 1502 3044 ὕλης
1532 2979 1688 3052 ἡμῶν
1719 2978 1747 3032 ὁ
1780 2983 1901 3038 νοῦς

1987 2975 2356 3054 spiritualior
2379 2984 2577 3038 autem
2602 2982 2692 3038 est
2717 2974 2816 3036 illa
2837 2973 3042 3055 prima:
3061 2974 3500 3039 distributionis
3526 2968 3627 3042 no-

234 3068 634 3141 ἁποδίισταται,
669 3073 924 3124 τοσοῦτον
973 3067 1094 3144 περὶ
1151 3066 1214 3123 τὸ
1268 3064 1326 3122 ἓν
1383 3078 1584 3146 χωρεῖ,
1617 3067 1701 3122 καὶ
1732 3064 1901 3123 ἀύλο-

1987 3063 2198 3146 bisque
2244 3065 2535 3146 ignotior;
2569 3065 2794 3130 idcirco
2825 3063 3002 3127 etiam
3038 3063 3350 3144 simpliﬁca
3377 3069 3468 3142 (ut
3496 3086 3624 3147 quae

234 3159 433 3238 τέρως,
471 3159 544 3224 ὡς
582 3156 642 3214 ἄν
674 3179 755 3220 τις
817 3156 992 3236 εἴποι,
1023 3162 1115 3212 τοῦ
1143 3157 1338 3223 νοητοῦ
1368 3153 1762 3234 ἐπιδράττεται.
1799 3155 1902 3218 Καὶ

1987 3173 2105 3217 non
2135 3155 2510 3235 cognoscitur
2533 3173 2638 3233 per
2656 3153 2912 3236 aliquam
2939 3172 2972 3214 e
2994 3152 3173 3215 rebus
3191 3154 3407 3216 nostris
3428 3164 3626 3220 terre-

235 3250 286 3306 τί
337 3247 486 3326 λέγω
545 3249 618 3310 εἷς
678 3248 864 3325 ταῦτα,
901 3244 1032 3302 ὅπου
1064 3265 1125 3324 γε
1157 3250 1225 3322 τῇ
1257 3246 1493 3314 αἰσθήσει
1543 3251 1700 3301 τοῦτο
1759 3267 1902 3320 συμ-

1987 3245 2100 3320 nis,
2130 3263 2262 3328 qua:
2286 3245 2809 3325 compositmsunt)
2833 3242 2976 3323 quin
2999 3252 3054 3304 et
3077 3243 3322 3306 uniﬁca.
3348 3243 3640 3317 Quantum

234 3337 409 3395 ϐαίνει
442 3339 513 3400 εἷς
546 3337 612 3393 τὰ
643 3336 866 3402 αἰσθητὰ
897 3335 1182 3414 πράγματα
1211 3354 1228 3406 ;
1284 3333 1552 3413 πόρῤωθεν
1611 3335 1710 3413 γὰρ
1766 3334 1902 3412 βλέ-

1987 3334 2146 3398 enim
2171 3353 2206 3396 a
2227 3335 2474 3397 materia
2492 3352 2663 3396 mens
2685 3341 2886 3394 nostra
2905 3332 3155 3407 recedit,
3175 3333 3548 3397 tantumdem
3561 3335 3635 3396 ad

236 3427 439 3490 ποντές
471 3449 549 3494 τι,
588 3426 804 3500 οἰόμεθα
863 3425 899 3494 ἢ
957 3428 1092 3496 ζῶον
1150 3423 1320 3494 εῖναι,
1387 3423 1418 3491 ἢ
1465 3422 1609 3481 λίθον
1642 3426 1834 3503 τυχὸν,
1867 3423 1902 3491 ἢ

1987 3443 2171 3486 unum
2206 3423 2416 3499 tendit,
2436 3431 2498 3486 et
2518 3421 3001 3496 immaterialius,
3027 3429 3090 3482 ut
3123 3420 3208 3483 ita
3233 3421 3372 3498 quis
3400 3422 3640 3491 dixerit.

247 3515 490 3594 δένδρον,
543 3515 578 3584 ἢ
629 3513 763 3572 ἄλλο
792 3533 865 3570 τιο
913 3514 1350 3592 προσεγγίζοντες
1381 3509 1437 3568 δὲ
1466 3519 1600 3584 ζῶον
1630 3514 1901 3588 μανθάνο-

1987 3530 2109 3574 rem
2125 3513 2535 3576 intellectilem
2553 3511 3034 3591 comprehendit.
3051 3509 3278 3591 Ecquid
3295 3511 3428 3572 dico
3443 3513 3503 3573 in
3518 3514 3630 3587 his,

238 3627 364 3685 μεν,
396 3605 486 3662 καὶ
518 3601 719 3661 τοιόνδε
800 3609 962 3677 ζῶον,
1049 3601 1321 3677 ἄνθρωπον
1367 3603 1558 3681 τυχὸν,
1604 3605 1701 3658 καὶ
1745 3601 1900 3658 τόνδε

1987 3622 2118 3675 cum
2155 3603 2213 3664 id
2244 3603 2447 3666 sensui
2479 3620 2722 3682 quoque
2754 3600 3198 3680 accidatquoad
3225 3618 3322 3661 res
3351 3600 3635 3662 sensiles‘?

237 3698 332 3751 τὸν
367 3694 668 3768 ἄνθρωπον.
729 3690 834 3753 Καὶ
891 3693 958 3748 τὰ
1011 3689 1194 3748 παιδία
1255 3690 1512 3769 πρότερον
1541 3691 1746 3755 πάντας
1776 3692 1896 3756 τοὺς

1987 3693 2277 3773 siquidem
2301 3691 2538 3753 eminus
2559 3689 2862 3771 quidpiam
2882 3689 3173 3768 videntes,
3194 3696 3470 3768 putamus
3487 3688 3633 3750 illud

241 3783 440 3859 ἄνδρας
484 3782 719 3860 πατέρας
777 3779 958 3860 καλεῖ,
1023 3780 1109 3836 καὶ
1170 3777 1404 3858 μητέρας
1461 3780 1558 3842 τὰς
1612 3792 1895 3856 γυναῖκας’

1987 3783 2072 3843 vel
2095 3779 2312 3844 animal
2335 3780 2601 3853 esse,vel
2628 3781 2780 3840 forte
2803 3778 3086 3857 lapidem,
3103 3777 3194 3838 vel
3220 3775 3526 3858 arborem,
3542 3778 3634 3840 vel

235 3874 466 3951 ὕστερον
509 3869 565 3927 δὲ
621 3873 952 3927 ἑνοποιεϊται
1010 3871 1045 3937 ἡ
1100 3874 1299 3948 γνῶσις
1356 3870 1578 3942 τούτων,
1611 3869 1699 3925 καὶ
1727 3870 1897 3947 γινώ-

1987 3870 2123 3953 quid
2140 3871 2324 3951 aliud;
2339 3869 2894 3951 appropinquantes
2905 3885 3045 3929 vero
3065 3866 3484 3944 cognoscimus
3502 3885 3635 3930 esse

236 3983 426 4020 σ-κουσι
460 3961 582 4026 τοὺς
616 3959 836 4028 ἀληθεῖς
867 3960 1126 4038 πατέρας.
1162 3955 1320 4020 Εἶδες
1377 3963 1494 4022 πῶς
1552 3959 1587 4027 ἡ
1646 3956 1900 4026 αἴσθησις

1987 3961 2227 4036 animal,
2249 3968 2308 4022 et
2330 3959 2572 4041 quidem
2599 3960 2714 4021 tale
2735 3956 2978 4032 animal,
2999 3956 3303 4019 hominem
3324 3955 3489 4019 verbi
3508 3975 3636 4036 grao

238 4053 600 4108 ὲνοποιεῐται·
635 4058 790 4108 τοῦτο
819 4050 907 4107 καὶ
945 4051 972 4106 ὁ
1004 4055 1128 4110 νοῦς
1160 4049 1362 4128 πάσχει
1399 4060 1516 4114 τοῖς
1546 4061 1766 4115 νοητοῖς
1796 4049 1902 4123 έμ-

1987 4050 2089 4127 tia,
2123 4059 2184 4113 et
2213 4052 2370 4113 hunc
2401 4048 2733 4112 hominem.
2784 4046 2885 4110 Sic
2934 4046 3107 4127 pueri
3137 4046 3394 4127 primum
3425 4064 3633 4108 omnes

237 4141 511 4200 ὄατεῦων.
575 4139 726 4198 Ἀλλ’
784 4139 1020 4196 ιντεῦθεν
1076 4137 1437 4194 ὕπανακύπτει
1495 4137 1688 4216 ἀπορία
1732 4138 1900 4216 ἀναγ-

1987 4147 2140 4202 viros
2167 4148 2366 4222 patres
2390 4147 2626 4219 vocant,
2653 4144 2991 4217 matresque
3010 4135 3284 4210 feminas,
3307 4142 3513 4216 postea
3531 4152 3636 4198 ve-

240 4231 396 4302 καία,
463 4236 576 4292 πῶς
636 4229 674 4296 ἦ
733 4229 832 4305 μὲν
890 4228 1143 4294 αἴσθησις
1201 4228 1277 4291 είς
1327 4227 1391 4282 τὸ
1437 4224 1719 4305 ιγγύτερον
1757 4228 1902 4303 μᾶλ-

1987 4249 2053 4293 r0
2084 4232 2296 4294 horum
2329 4228 2587 4309 cognitio
2620 4227 2961 4306 uniﬁcatur,
2990 4233 3435 4306 agnoscuntque
3465 4236 3634 4287 veros

239 4325 335 4378 λον
367 4320 719 4390 ἑνοποιεϊται,
777 4322 800 4377 δ
855 4317 910 4374 δὲ
963 4325 1080 4381 νοῦς
1137 4317 1212 4379 εἷς
1265 4317 1326 4372 τὸ
1376 4314 1728 4394 πορῤωτερον,
1761 4319 1902 4375 καὶό

1991 4327 2286 4400 parentes.
2307 4316 2491 4383 Vides
2523 4316 2824 4395 quomodo
2852 4333 3064 4378 sensus
3095 4313 3408 4376 uniﬁcetur
3437 4333 3451 4376 :
3477 4312 3635 4375 idem

238 4411 406 4475 αὒτὸς
453 4407 600 4486 λέγει
631 4409 890 4489 κρύφιονς
949 4405 1053 4469 Καὶ
1085 4405 1228 4464 ἔστιν
1261 4405 1456 4484 εἰπεῖν,
1490 4405 1578 4462 ὅτι
1606 4405 1724 4463 κατ’
1758 4407 1900 4478 ἀλή-

1988 4410 2167 4472 etiam
2194 4409 2381 4470 menti
2412 4407 2648 4482 accidit,
2680 4405 2821 4467 dum
2845 4405 2918 4466 ad
2948 4421 3043 4466 res
3067 4402 3451 4465 intellectiles
3471 4420 3639 4465 acce-

239 4504 390 4558 θειαν
425 4497 602 4555 ἐκεῖνο
630 4497 748 4578 ἔχει
794 4499 821 4554 ὁ
852 4505 973 4558 νοῦς
1006 4492 1309 4573 ἒγτΰτερον,
1350 4495 1412 4550 τὸ
1446 4493 1692 4552 ἐπέκεινα
1723 4496 1902 4563 πάσης

1989 4499 2100 4561 dit.
2144 4501 2364 4562 Verum
2416 4497 2559 4559 hinc
2617 4494 2924 4557 suboritur
2954 4491 3292 4554 necessaria
3320 4489 3631 4570 dubitatio,

242 4587 445 4655 ὓλικῆς
490 4586 778 4650 συνθέσεως
835 4589 926 4643 καὶ
978 4585 1270 4655 αἶσθήσεως
1306 4603 1318 4616 ·
1397 4592 1552 4643 τοῦτο
1623 4587 1723 4664 γὰρ
1793 4585 1898 4643 ἐστι

242 4680 334 4736 καὶ
373 4679 645 4750 προσῆκον
678 4683 754 4752 τῷ
785 4682 860 4751 νῷ
889 4675 976 4731 καὶ
1019 4687 1141 4738 ταῖς
1186 4679 1278 4731 τοῦ
1321 4681 1411 4732 νοῦ
1453 4675 1763 4753 ἐνεργείαις.
1798 4681 1902 4735 Νοί

240 4769 345 4846 γὰρ
401 4765 708 4845 ποῤῥῴτερα
788 4766 855 4822 τὰ
925 4765 1164 4833 αἰσθήσει
1238 4768 1423 4826 ποσῶς
1506 4765 1898 4828 ὑποπίπτοντα,

244 4858 398 4916 Κατὰ
429 4856 554 4935 γοῦν
585 4854 868 4932 ἀναλογίαν
925 4855 1066 4932 (ἐπεὶ
1122 4851 1450 4932 κρυφιωτέρα
1499 4854 1585 4910 καὶ
1615 4854 1904 4933 νοητοτὲρα

237 4947 276 5012 ἡ
363 4945 471 5001 τῶν
555 4945 779 5022 πρώτων
865 4941 1132 5019 ’ἐλλαμψις
1205 4941 1346 5020 παρᾶ
1415 4941 1514 5006 τὰς
1587 4948 1690 4999 τῶν
1723 4941 1900 5001 δευτέ-

244 5056 356 5110 ρων
429 5032 754 5110 ἱλλάμψεις)
810 5031 1014 5108 μᾶλλον
1087 5029 1220 5098 αὕτη
1291 5032 1534 5094 ἑνοποιός
1605 5031 1740 5110 ἐστι,
1817 5035 1902 5091 καὶ

246 5122 393 5180 οὕτω
460 5123 560 5198 μὲν
628 5121 957 5201 κρυφιωτέρα
1030 5121 1160 5198 πρὸς
1231 5121 1372 5195 ἡμᾶς
1443 5122 1532 5176 καὶ
1599 5122 1690 5178 τόν
1759 5123 1903 5198 ἠμε-

244 5234 399 5291 τερον
479 5214 620 5266 νοῦν⁹
699 5210 961 5292 φανοτέρα
1004 5207 1059 5266 δὲ
1117 5208 1302 5289 παλιν,
1372 5209 1504 5289 πρὸς
1574 5212 1736 5280 αὐτὴν
1805 5214 1904 5282 τὴν

247 5299 558 5382 δεχομένην
604 5301 705 5369 τήν
758 5298 1047 5376 ἔλλαμψιν·
1104 5297 1435 5378 πρωτόδοτος
1488 5299 1588 5379 γὰρ
1631 5301 1719 5358 καὶ
1749 5325 1901 5381 πρω-

247 5392 490 5472 τοφανής
519 5391 610 5448 καὶ
635 5389 931 5468 ὸλικωτέρα
979 5387 1185 5466 μᾶλλον
1241 5391 1276 5458 ἡ
1337 5385 1604 5465 ἕλλαμψις
1635 5391 1669 5459 ἡ
1700 5393 1774 5456 είς
1807 5395 1902 5452 αὖ-

246 5482 346 5550 τὴν
376 5477 681 5560 κείυμὲνη.
743 5481 800 5536 El
857 5478 912 5536 δὲ
967 5481 1002 5548 ἡ
1058 5477 1193 5550 αὕτη
1245 5477 1331 5534 καὶ
1360 5476 1730 5563 ὺπερπλήρης,
1765 5480 1902 5541 ἀλλὰ

323 5671 352 5704 ν
384 5652 541 5719 Psal.
574 5669 718 5733 xvn,
751 5654 848 5724 12.

1987 4587 2095 4666 qui
2117 4605 2330 4650 sensus
2350 4585 2508 4648 circa
2530 4583 2588 4646 id
2619 4582 2776 4666 quod
2800 4582 3053 4645 vicinius
3075 4589 3166 4644 est
3191 4579 3376 4657 magis
3395 4579 3638 4642 uniﬁce—

1990 4688 2108 4752 tur,
2146 4695 2313 4738 mens
2343 4693 2481 4737 vero
2517 4676 2676 4736 circa
2704 4673 3016 4744 remotius,
3051 4679 3109 4734 et
3137 4669 3296 4752 quod
3321 4669 3447 4750 ipse
3471 4676 3638 4731 vocat

1988 4763 2328 4830 occultius?
2351 4765 2438 4827 Ac
2469 4763 2645 4825 liceat
2675 4761 2901 4841 dicere,
2935 4759 3084 4821 illud
3119 4776 3251 4820 vere
3287 4758 3474 4820 menti
3492 4775 3633 4839 pro—

1990 4855 2274 4936 pinquius
2305 4871 2456 4925 esse,
2494 4851 2649 4933 quod
2679 4849 2845 4912 omni
2876 4847 3171 4911 materiali
3200 4847 3632 4936 compositione

1985 4935 2447 5024 sensationeque
2479 4939 2754 5022 superius
2781 4946 2910 5016 est;
2941 4936 3220 5018 quoniam
3243 4935 3336 4998 98
3363 4935 3423 4998 id
3451 4937 3641 4998 menti

1986 5025 3456 5114 montisqueoperationibusestconlormiusMenti
3477 5025 3635 5088 enim

1988 5113 2824 5196 suntremotiora,quzesensui
2839 5114 3280 5196 quodammodo
3292 5113 3638 5194 subjacent,

1989 5211 2330 5278 Secundum
2349 5210 2502 5272 hanc
2515 5205 3330 5290 itaqueproportionem(cum
3347 5203 3636 5266 occultior

1989 5299 2544 5381 intelligibiliorque
2565 5297 2644 5360 sit
2661 5297 2986 5380 primorum
3010 5293 3348 5368 illustratio,
3375 5309 3634 5381 sequen-

1989 5393 2136 5456 tium
2153 5380 2380 5455 illustre
2392 5380 2657 5453 tionibus
2675 5383 3181 5468 comparataﬁpsa
3201 5382 3387 5460 magis
3407 5380 3630 5443 nniﬁca

1985 5477 2603 5568 est,adeoquesecund
2613 5495 2711 5541 um
2730 5492 2838 5540 nos
2856 5473 3094 5558 quidem
3121 5480 3503 5552 mentemque
3526 5486 3604 5532 no
