4042 6206
430 279 548 345 279

1604 278 1662 338 S.
1713 274 2047 338 DlONYSII
2110 271 2622 334 ΑΒΕΟΡΑΕΙΤίΕ

3687 270 3805 334 280

432 411 939 484 stramobscurior
957 409 1520 486 etoccultior,simul
1540 409 1967 490 tamenilli.qui
1991 409 2066 471 il-

2169 409 2294 486 ταρὰ
2349 409 2410 464 τὸ
2471 410 2573 464 τῶν
2629 405 3040 488 ὑποδεχομένων
3071 406 3250 470 ⁴ποσῶς
3284 405 3676 486 παραλλάττον
3719 409 3804 466 δια

432 502 842 566 lustrationem
861 519 987 564 eam
1000 500 1126 565 exci
1135 497 1941 580 pit,manifestior;siquidem
1961 505 2075 578 pri-

435 593 699 674 migenia
731 591 1156 672 primilucaque
1208 598 1266 650 et
1322 588 1610 669 integrior
1639 596 1730 651 est
1762 588 2072 650 illustratio

434 701 562 764 qua:
576 682 650 744 ad
673 699 799 743 eam
813 678 1182 742 diffunditur.
1201 677 1323 740 Etsi
1345 685 1541 741 autem
1558 677 1692 757 ipsa
1715 677 2074 759 superplena

433 773 530 851 sit,
547 779 800 832 attamen
825 787 927 850 pro
945 769 1395 849 suscipientium
1420 767 1768 830 conditione
1785 767 2068 829 variatur:

429 859 653 921 idcirco
673 858 834 921 enim
855 857 1102 920 addidit:
1123 860 1195 920 Et
1210 857 1384 939 quasi
1400 855 2077 937 liquidior;utindicaret

432 947 837 1028 subjectorum
862 945 1290 1030 diversitatem,
1325 947 1713 1010 variationem
1757 946 2072 1027 quamdam

431 1037 634 1096 afferre
656 1037 1254 1094 illustrationi.Abhac
1278 1047 1465 1096 autem
1480 1038 1657 1108 prima
1683 1037 2076 1106 dispositione,

432 1129 643 1190 iterum
674 1127 939 1190 secunda
962 1147 1066 1207 pro
1089 1148 1196 1191 sua
1220 1129 1510 1210 portione,
1538 1135 1596 1190 et
1618 1146 1651 1189 a
1674 1127 1938 1191 secunda
1964 1134 2074 1189 ter-

431 1219 533 1295 tia,
569 1226 627 1281 et
656 1237 688 1279 a
722 1217 896 1279 tertia
925 1226 1122 1279 nostra
1153 1219 1284 1280 hac
1316 1218 1672 1299 hierarchia,
1725 1236 1900 1297 quam
1955 1237 2075 1279 non

430 1309 748 1370 humanam
773 1307 905 1369 dico
937 1306 1237 1388 (quoniam
1253 1307 1450 1388 etipsa
1477 1306 1677 1370 divina
1702 1308 2073 1390 est,divinas--

2155 505 2310 555 τοῦτο
2364 497 2464 577 γὰρ
2510 496 2688 572 ἐτέθη,
2751 498 2846 554 Καὶ
2907 498 2981 561 ὡς
3035 493 3226 572 διειδῆ,
3288 498 3381 553 ’ἱνα
3437 493 3600 574 δείξῃ,
3635 497 3805 556 ὅτιτὸ

2155 595 2263 644 τῶν
2292 584 2652 650 ὑποκειμένων
2686 583 2954 666 διάφορον,
3005 583 3222 643 ἀλλοίαν
3257 586 3352 654 τὴν
3399 584 3665 663 ἕλλαμψιν
3723 589 3810 644 τί·

2157 682 2303 755 ϐῃσι,
2366 677 2514 752 Παρᾶ
2569 676 2768 742 ταύτης
2830 674 2883 731 δὲ
2943 674 3104 732 πάλιν
3163 680 3261 742 τῆς
3332 676 3550 754 πρώτης
3609 676 3807 743 τάξεως

2159 765 2436 845 ἀναλόγως
2468 765 2506 832 ἦ
2535 763 2772 844 δευτέρα,
2806 765 2893 821 καὶ
2925 766 3067 842 παρὰ
3096 765 3192 833 τῆς
3243 763 3484 845 δευτέρας
3541 768 3575 834 ἦ
3632 769 3806 846 τρίτη,

2156 859 2244 914 καὶ
2274 857 2415 936 παρὰ
2443 855 2540 924 τῆς
2583 855 2762 932 τρίτης
2817 855 2852 923 ἦ
2910 853 3028 912 καθ’
3084 856 3229 931 ἡμᾶς
3282 855 3416 922 αὕτη
3446 857 3713 937 ἱεραρχία,
3745 858 3811 925 ἣν

2157 951 2253 1006 οῦκ
2282 947 2613 1025 ἀνθρωπίνην
2670 947 2808 1024 φημῖ
2869 943 3003 1024 (θεία
3063 946 3162 1024 γὰρ
3218 947 3306 1002 καὶ
3361 945 3521 1023 αὕτη,
3555 951 3643 1005 καὶ
3669 949 3811 1014 θείας

2160 1036 2453 1112 ἐλλάμψεις
2487 1033 2754 1116 δέχεταιο)
2791 1033 2928 1091 ἀλλά
2980 1033 3076 1100 τὴν
3125 1032 3244 1091 καθ’
3282 1037 3420 1109 ἡμᾶς
3449 1036 3570 1101 τοὺς
3605 1037 3812 1115 ἀνθρώ-

2157 1148 2287 1190 nos;
2321 1122 2703 1203 ἐνεργουμένην
2762 1129 2829 1200 τῇ
2884 1129 2976 1180 τοῦ
3036 1131 3167 1180 Θεοῦ
3224 1125 3432 1204 χάριτι.
3495 1127 3556 1184 Τί
3585 1123 3640 1182 δὲ
3671 1129 3813 1206 παρᾶ

2156 1221 2253 1284 τῆς
2286 1216 2506 1294 πρώτης
2537 1215 2570 1283 ἡ
2616 1211 2851 1291 δευτέρα,
2905 1213 2990 1269 καὶ
3043 1213 3170 1290 παρ’
3223 1215 3387 1280 αὐτῆς
3433 1215 3466 1282 ἡ
3517 1215 3697 1295 τρίτη,
3729 1223 3816 1278 καὶ

2158 1305 2283 1385 παρ’
2315 1305 2519 1371 ἐκείνης
2581 1306 2616 1372 ἡ
2677 1301 2795 1360 καθ’
2854 1304 2999 1379 ἡμᾶς
3032 1300 3329 1379 λαμϐάνεις
3387 1304 3601 1365 Πάντως
3637 1309 3814 1384 ἱεραρ-

430 1417 544 1480 que
571 1398 819 1478 suscipit
843 1395 1293 1478 illustrationes)
1329 1397 1437 1459 sed
1467 1415 1597 1459 eam
1622 1415 1755 1476 quae
1780 1398 1936 1478 apud
1970 1416 2079 1459 nos

2169 1409 2374 1477 χεῖται,
2429 1396 2504 1460 Τὰ
2557 1391 2611 1450 δὲ
2663 1394 2759 1462 τῆς
2790 1393 3064 1473 ἱεραρχίας
3096 1393 3258 1466 καλὰ,
3292 1396 3390 1461 τὴν
3421 1395 3690 1472 κάθαρσιν,
3725 1399 3817 1452 τὸν

430 1488 706 1550 homines
737 1486 932 1549 divina
965 1486 1150 1564 gratia
1202 1497 1610 1552 consecratur.
1645 1487 1797 1561 Quid
1840 1506 2015 1569 porro
2047 1507 2082 1549 a

2169 1485 2460 1566 φωτισμὸν,
2495 1482 2592 1550 τὴν
2624 1481 2922 1556 τελείωσιν,
2962 1483 3165 1549 ἑκάστη
3197 1483 3340 1562 παρὰ
3395 1491 3526 1540 Θεοῦ
3577 1483 3660 1540 διὰ
3711 1492 3817 1542 τῶν

431 1580 622 1659 prima
649 1577 935 1658 secunda,
962 1585 1020 1639 et
1068 1576 1140 1638 ab
1171 1577 1281 1639 hac
1326 1577 1524 1651 tertia,
1552 1586 1608 1638 et
1637 1577 1710 1640 ab
1742 1578 1845 1638 illa
1877 1589 2082 1640 nostra

2169 1578 2266 1652 πρὸ
2297 1574 2492 1640 ταύτης
2524 1571 2805 1647 λαμϐάνει,
2844 1574 2915 1630 Τὸ
2975 1580 3100 1650 γοῦν
3155 1573 3296 1650 παρα
3351 1573 3449 1641 τῆς
3483 1573 3700 1649 πρώτης
3736 1579 3813 1631 ξε-

438 1657 564 1730 haec
592 1666 854 1747 accipit?
908 1657 1079 1738 Quod
1135 1667 1196 1726 in
1248 1668 1434 1728 sacris
1480 1667 1724 1729 omnino
1769 1660 2086 1746 dirigatur.

2169 1667 2480 1744 ραρχεϊσθαι
2516 1663 2613 1728 τὴν
2644 1660 2912 1742 δευτέραν,
2965 1663 3250 1740 ἀνάγεσθαι
3289 1665 3440 1718 εἶπεν
3494 1665 3821 1744 ἱεραρχιιεῦς

435 1757 748 1820 Bonavero
769 1755 1126 1818 hierarcbiae
1140 1756 2083 1836 expiationem.illuminationem,

2169 1757 2300 1832 πρὸς
2335 1753 2494 1821 αὖτήν
2553 1753 2651 1819 τὴν
2707 1752 3034 1832 ὑπεράρχιον
3093 1751 3296 1831 ἀρχὴν,
3333 1753 3419 1808 καὶ
3450 1753 3624 1819 πάσης
3658 1757 3819 1811 εὔκο-

437 1846 892 1927 perfectionem,
920 1843 1200 1926 qumlibet
1229 1865 1261 1906 a
1294 1847 1415 1908 Deo
1440 1864 1545 1927 per
1567 1847 1821 1927 primum
1846 1847 2082 1928 accipit.

2171 1841 2337 1918 σμίας
2371 1841 2692 1922 περάτωσιψ
2755 1842 2928 1898 πάντα
2984 1841 3085 1919 γὰρ
3146 1842 3210 1896 τὰ
3269 1842 3438 1919 ἀγαθὰ
3479 1857 3706 1920 περατοϊ
3733 1846 3824 1901 καὶ

437 1934 769 1998 Secundam
794 1935 992 2014 itaque
1015 1953 1050 1995 a
1075 1940 1264 2016 prima
1283 1935 1345 1996 in
1371 1935 1558 1997 sacris
1584 1936 1727 2015 regi,
1753 1946 1928 1997 vocat
1950 1936 2082 1997 hie-

2172 1937 2327 2013 ὁρίζει
2363 1936 2422 1989 τὸ
2455 1941 2638 2011 Θετον,
2675 1932 2754 1989 ὅτι
2807 1931 2953 1991 οῦδὲν
3002 1932 3196 2012 ἀγαθὸν
3243 1931 3431 2004 ἔξωθεν
3461 1933 3613 1991 τοῦτο
3643 1934 3821 2009 ἐστιν,

437 2024 708 2087 rarcbice
731 2024 947 2086 adduci
969 2024 1038 2084 ad
1066 2024 1576 2106 superprincipale
1601 2024 2080 2105 principium,at-

2172 2027 2208 2092 ἢ
2267 2023 2505 2101 λέγεται,
2541 2021 2648 2079 οὔδ’
2680 2021 2742 2078 ἂν
2774 2021 3046 2090 ἐννοηθείη
3077 2021 3229 2080 ποτέ.
3268 2023 3471 2078 Γίνεται
3529 2021 3580 2078 δὲ
3638 2031 3823 2105 τοῦτο,

438 2133 550 2195 que
579 2113 772 2178 omnis
821 2124 998 2176 rectae
1046 2113 1436 2176 ordinationis
1459 2115 2077 2177 consummationem:

2169 2114 2305 2170 κατὰ
2334 2115 2423 2169 τὸν
2453 2112 2612 2169 αὒτὸν
2669 2114 2865 2187 Οεσμὸν
2921 2111 3016 2180 τῆς
3075 2111 3340 2187 εὒκόσμου
3370 2112 3704 2193 ταξιαρχίας·
3741 2113 3825 2170 ὅτι

438 2204 700 2264 divinum
753 2203 912 2264 enim
950 2202 1186 2265 Numen
1239 2203 1394 2266 bona
1435 2211 1645 2266 cuncta
1671 2204 1978 2286 terminat,
2013 2223 2084 2267 ac

2169 2205 2211 2259 εἰ
2241 2203 2329 2260 καὶ
2361 2201 2443 2260 διὰ
2473 2201 2671 2258 τούτων
2704 2202 3009 2280 ἀνάγονται,
3046 2199 3182 2256 ἄλλα
3216 2201 3360 2279 παρὰ
3395 2209 3488 2258 τοῦ
3529 2205 3678 2262 Θείου
3728 2201 3822 2259 δέ-

439 2292 666 2373 det‘tnit,
687 2297 823 2373 quia
844 2293 987 2354 nihil
1016 2300 1179 2355 extra
1201 2293 1389 2372 ipsum
1420 2293 1559 2355 boni
1591 2300 1700 2369 est,
1729 2295 1816 2355 vel
1839 2294 2080 2375 dicitur,

435 2383 524 2444 vel
559 2400 814 2463 unquam
866 2382 1177 2461 cogitatur.
1221 2381 1317 2443 Fit
1346 2393 1544 2444 autem
1588 2383 1698 2445 hoc
1724 2383 1894 2463 juxta
1927 2383 2080 2445 bene

439 2471 695 2533 ordinati
728 2471 950 2534 ordinis
972 2472 1336 2554 principatus
1360 2471 1756 2534 sanctionem:
1788 2474 1924 2553 quia
1946 2473 2084 2535 licet

439 2560 511 2622 ab
537 2562 628 2622 his
651 2561 1045 2638 adducantur,
1081 2570 1336 2624 attamen
1370 2561 1441 2624 ab
1474 2563 1600 2642 ipso
1627 2563 1886 2626 Numine
1918 2563 2081 2626 acci-

440 2650 608 2730 piunt
638 2649 1269 2730 illustrationes,quod
1299 2659 1388 2713 est
1424 2651 1778 2732 principium
1810 2660 1866 2713 et
1899 2672 2078 2714 causa

441 2739 636 2800 omnis
657 2739 906 2813 ordinis,
933 2759 1052 2801 non
1076 2744 1302 2803 tantum
1333 2740 1532 2821 primi,
1567 2741 1670 2802 sed
1716 2751 1778 2803 et
1809 2741 2077 2824 secundi,

441 2833 498 2888 et
528 2826 710 2909 tertii,
742 2833 800 2890 ct
829 2827 879 2888 si
911 2829 1044 2906 quis
1075 2828 1151 2890 sit
1180 2827 1358 2892 alius.
1396 2828 1514 2890 Ista
1544 2829 1704 2892 enim
1737 2829 1829 2892 lex
1864 2839 1977 2905 est,
2014 2841 2082 2892 ut

2167 2313 2360 2373 χονται
2391 2293 2484 2357 τὰς
2517 2289 2835 2366 έλλάμψεις,
2897 2295 2995 2358 τῆς
3065 2291 3242 2369 ἀρχῆς
3300 2291 3387 2347 καὶ
3449 2291 3611 2357 αἰτίας
3642 2293 3823 2358 πάσης

2166 2381 2386 2455 τάξεως,
2423 2381 2500 2458 μὴ
2530 2381 2693 2456 μόνον
2751 2385 2849 2447 τῆς
2905 2379 3146 2458 πρώτης,
3207 2377 3346 2436 ἆγιᾶ
3395 2380 3480 2436 καὶ
3510 2381 3606 2448 τῆς
3638 2379 3824 2438 δευτέ-

2167 2493 2283 2550 ρας,
2317 2472 2403 2526 καὶ
2435 2475 2533 2537 τῆς
2562 2471 2770 2550 τρίτης,
2824 2469 2911 2525 καὶ
2963 2468 3016 2523 εἴ
3066 2489 3146 2531 τις
3181 2466 3327 2535 ἄλλη
3359 2468 3492 2530 ἐστὶ,
3527 2471 3692 2528 Τοῦτο
3725 2472 3826 2549 γὰρ

2166 2562 2275 2618 ἐστι
2307 2563 2492 2636 νόμος,
2553 2562 2626 2625 ὡς
2688 2558 2749 2615 ἄν
2808 2582 2888 2622 τις
2944 2557 3118 2630 εἴποι,
3152 2565 3244 2615 τοῦ
3282 2559 3648 2638 παραγωγέως
3681 2560 3824 2633 ἆμε-

2166 2651 2379 2713 τέθετός
2409 2672 2466 2706 τε
2497 2651 2584 2706 καὶ
2615 2649 2894 2729 εῦκοσμος,
2958 2649 3019 2704 τὸ
3079 2649 3146 2704 τὰ
3205 2649 3498 2727 πράγματα
3541 2663 3827 2728 συντηρεῖν

2164 2763 2222 2798 τε
2253 2743 2337 2797 καὶ
2368 2739 2600 2797 τελειοῦν
2656 2737 2745 2820 ἀφ’
2806 2737 3017 2817 ἑαυτοῦ,
3083 2739 3127 2795 εἷ
3187 2739 3278 2795 καὶ
3340 2735 3421 2794 διᾶ
3456 2759 3616 2795 τινων
3646 2737 3828 2796 ἄλλων

2165 2833 2224 2887 τὸ
2253 2833 2496 2888 τοιοῦτον
2529 2830 2614 2886 ἐπὶ
2644 2851 2750 2886 τισι
2781 2829 3001 2906 γίνεται.

441 2915 523 2976 ita
552 2916 684 2996 quis
715 2915 869 2978 dicat
892 2916 1266 2978 adductionis
1319 2918 1707 2980 immutabilis
1742 2929 1799 2980 et
1830 2919 1982 2983 bene
2014 2919 2304 2997 ordinata,
2341 2927 2405 2981 ut
2437 2917 2510 2980 ab
2547 2917 2674 2999 ipsa
2703 2936 2799 2980 res
2823 2922 3262 2980 conserventur
3281 2933 3352 2978 ac
3379 2934 3500 2996 .per
3525 2916 3829 2994 liciantur,

442 3005 555 3067 etsi
586 3023 692 3085 per
722 3005 866 3067 alias
897 3005 1184 3088 quasdam
1221 3006 1277 3067 id
1311 3009 1369 3068 in
1402 3007 1546 3088 ipsis
1580 3009 1701 3070 ﬁat.

522 3096 552 3175 §
581 3095 654 3158 ΙΙ.
677 3095 1124 3158 Manifestatorii
1147 3105 1341 3158 autem
1362 3106 1497 3159 sunt
1514 3117 1747 3180 omnes,
1769 3099 1944 3162 etiam
1971 3100 2086 3180 ipsi

2251 3103 2382 3180 δη.
2419 3099 2826 3178 Ἐκφαντορικοὶ
2896 3096 2949 3154 δὲ
3029 3093 3220 3161 πάντες
3291 3099 3385 3154 εἰσί
3456 3097 3541 3153 καὶ
3603 3097 3746 3154 αὐτοὶ
3780 3121 3830 3155 οι

443 3184 795 3265 angeli,sive
818 3184 963 3247 ordo
991 3194 1348 3266 postremus;
1376 3187 1810 3266 progrediendo
1831 3189 1988 3250 enim
2015 3189 2093 3252 de

442 3274 588 3354 ipsis
616 3276 841 3351 angelis
873 3274 1014 3335 solis
1042 3273 1325 3354 loquitur,
1364 3276 1538 3337 modo
1575 3286 1771 3338 autem
1807 3277 1983 3340 etiam
2018 3279 2094 3341 de

446 3362 637 3424 tribus
655 3361 988 3424 ordinibus.
1010 3362 1368 3443 Interpretes
1392 3365 1589 3445 itaque
1607 3375 1744 3426 sunt
1766 3384 1968 3428 eorum
1993 3369 2094 3448 qui

451 3451 831 3530 praecedunt;
869 3451 1416 3515 manifestantenim
1443 3471 1551 3532 per
1567 3454 1713 3516 alios
1737 3455 2092 3518 voluntatem

451 3539 584 3621 Dei,
610 3558 740 3619 quze
766 3539 918 3618 ipsis
946 3559 979 3601 a
1008 3539 1308 3620 prioribus
1332 3552 1457 3604 erat
1483 3543 1878 3618 manifestata,
1910 3555 1969 3608 et
1997 3546 2093 3608 his

450 3629 662 3691 iterum
688 3647 792 3710 per
811 3629 978 3691 alios.
1004 3633 1088 3694 Ac
1117 3631 1292 3712 primi
1319 3631 1557 3712 quidem
1585 3632 1932 3695 internuntii
1957 3643 2095 3697 sunt

451 3717 694 3779 motoris
729 3719 819 3780 sui
852 3721 991 3800 Dei;
1040 3729 1360 3800 sequentes
1393 3723 1486 3783 99
1513 3741 1652 3784 vero
1686 3741 1834 3804 quos
1861 3733 1918 3787 et
1946 3723 2094 3787 reli-

452 3826 597 3888 quos
614 3817 777 3869 vocat
795 3809 1042 3883 (scilicet
1062 3809 1209 3871 ordo
1234 3811 1561 3889 secundus)
1576 3812 1936 3893 interpretes
1956 3822 2094 3876 sunt

454 3914 657 3957 eorum
684 3897 784 3978 qui
805 3915 873 3958 ex
899 3897 1020 3957 Deo
1045 3898 1187 3958 moti
1211 3909 1368 3962 sunt.
1394 3901 1590 3962 Habes
1620 3902 1820 3979 itaque
1846 3911 1970 3965 tres
1993 3921 2094 3965 or-

455 3985 625 4044 dines
648 3985 978 4046 cmlestium
999 3985 1562 4049 virtutum.Tantum
1588 3999 1783 4052 autem
1810 4009 1966 4054 curae
1990 3991 2097 4054 fuit

454 4072 610 4133 bono
638 4075 781 4152 Deo,
810 4075 1317 4155 superessentiali,
1344 4077 1607 4156 inquam,
1631 4079 2013 4142 concinnitati
2037 4087 2093 4144 et

455 4161 645 4222 ordini
675 4161 999 4243 (principes
1021 4162 1180 4223 enim
1205 4181 1349 4226 suos
1383 4165 1814 4230 Lacedzemonii
1840 4170 2089 4231 concin-

453 4259 687 4313 natores
708 4249 1077 4330 appellabant
1093 4259 1392 4332 ,tanquam
1421 4254 1707 4335 quidlibet
1730 4257 2088 4321 concinnan-

452 4351 539 4400 tes
561 4359 626 4400 ac
648 4339 1437 4416 ordinantes)universorum
1463 4343 1659 4424 itaque
1680 4347 1959 4428 Deo,(qui
1976 4367 2090 4410 non

2178 3188 2428 3269 ἄγγελοι,
2467 3188 2633 3267 ἤγουν
2664 3192 2698 3259 ἡ
2732 3186 2941 3268 ἐσχάτη
2973 3187 3140 3254 τάξις
3187 3189 3525 3266 παρακατιὼν
3555 3188 3653 3266 γὰρ
3685 3187 3835 3264 λέγεί

2177 3281 2296 3359 περῖ
2350 3278 2524 3335 αύτῶν
2583 3278 2763 3350 μόνων
2821 3283 2927 3333 τῶν
2984 3275 3250 3356 ἀγγέλων,
3310 3279 3395 3333 νῦν
3449 3275 3506 3333 δὲ
3563 3279 3680 3354 περὶ
3719 3281 3833 3334 τῶν

2177 3372 2335 3446 τριῶν
2366 3389 2497 3448 φησι
2526 3365 2754 3432 τάξεων,
2784 3366 3189 3447 Ἐκφαντορικοὶ
3222 3375 3346 3444 γοῦν
3404 3374 3507 3423 τῶν
3567 3369 3668 3446 πρὸ
3728 3367 3833 3424 αὖ-

2178 3465 2303 3515 τῶν
2341 3457 2638 3536 ἐκφαίνουσι
2697 3457 2795 3535 γὰρ
2854 3457 2915 3512 τὸ
2977 3455 3060 3512 διὰ
3102 3459 3207 3512 τῶν
3242 3458 3342 3534 πρὸ
3373 3457 3570 3513 τούτων
3601 3458 3836 3528 ἒκιρανῗεν

2177 3545 2338 3608 πάλιν
2369 3546 2586 3608 ἐκείνοις
2618 3543 2684 3600 δι’
2716 3545 2917 3620 ἄλλων,
2967 3547 3055 3602 καὶ
3107 3546 3308 3611 τούτοις
3359 3543 3424 3602 δι’
3457 3544 3664 3625 ἄλλων,
3695 3546 3833 3624 βαύ-

2177 3636 2328 3713 λημα
2359 3638 2451 3694 τοῦ
2481 3642 2634 3693 Θεοῦ.
2675 3636 2772 3692 Καὶ
2829 3637 2875 3692 oi
2939 3634 3034 3710 μὲν
3090 3642 3288 3714 πρῶτοι
3319 3640 3385 3712 τῇ
3415 3633 3579 3714 τάξει,
3623 3634 3835 3715 ἐκφανε-

2176 3726 2370 3805 τορικοὶ
2431 3734 2519 3784 τοῦ
2553 3729 2832 3787 κινοῦντος
2862 3725 3077 3786 τούτους
3143 3723 3296 3782 Θεοῦ·
3360 3726 3407 3781 οἱ
3461 3722 3516 3780 δὲ
3575 3725 3690 3799 μετ’
3725 3725 3834 3782 αὖ-

2175 3817 2320 3887 τοὺς,
2356 3815 2445 3878 οὖς
2475 3812 2618 3892 λέγει
2649 3813 2738 3869 καὶ
2795 3813 3015 3875 λοιποὺς
3078 3811 3262 3891 (ἤγουν
3320 3814 3354 3882 ἦ
3412 3811 3622 3891 δευτέρα
3656 3814 3836 3895 τάξις)

2176 3906 2375 3961 τούτων
2433 3901 2498 3971 δὴ
2555 3902 2662 3959 τῶν
2717 3901 2777 3959 ἐκ
2840 3908 2969 3959 Θεοῦ
3027 3900 3397 3978 κεκινημένων
3437 3901 3839 3984 ἐκφαντορικοί.

2176 3991 2388 4072 ’Ἐχεις
2421 3998 2700 4071 τοιγαροῦν
2761 3992 2856 4055 τὰς
2914 4004 3064 4070 τρεῖς
3115 3989 3288 4057 τάξεις
3319 3998 3424 4048 τῶν
3452 3995 3706 4071 οὖρανίων
3738 3991 3842 4052 δυο

2181 4083 2413 4157 νάμεων.
2463 4082 2728 4140 Τοσοῦτον
2791 4079 2846 4136 δὲ
2907 4080 3138 4154 ἐμέλησε
3194 4088 3271 4156 τῷ
3328 4081 3509 4160 ἀγαθῷ
3567 4090 3706 4158 Θεῷ,
3768 4091 3844 4161 τῇ

2176 4171 2469 4248 ὑπερουσίῳ
2529 4169 2673 4249 λέγω
2729 4169 2957 4249 ἁρμονίᾳ
3017 4171 3104 4227 καὶ
3161 4169 3303 4236 τάξει
3360 4171 3658 4251 (ἁρμοστὰς
3705 4173 3841 4253 γὰρ,

2173 4261 2295 4326 τοὺς
2353 4259 2620 4340 ἄρχοντας
2652 4262 2697 4315 οἱ
2732 4257 3142 4336 Λακεδαιμόνιοι
3199 4258 3405 4339 ἔλεγον,
3453 4263 3524 4324 ὡς
3558 4262 3841 4340 ἁρμόζον-

2174 4371 2265 4412 τας
2297 4349 2385 4405 καὶ
2426 4348 2711 4411 τάττοντας
2757 4347 3040 4425 ἕκαστον)·
3117 4355 3194 4423 τῷ
3267 4356 3394 4426 γοῦν
3455 4351 3539 4407 ἐπὶ
3615 4351 3842 4409 πάντων

451 4428 702 4509 simplex
733 4429 1125 4491 concinnator
1153 4439 1262 4512 est,
1297 4431 1399 4492 sed
1434 4432 1688 4512 ipsamet
1721 4437 2086 4500 concinnitas

2177 4446 2316 4519 Θεῷ³
2375 4438 2477 4517 (τῷ
2537 4438 2613 4514 μὴ
2671 4437 2854 4502 ἁπλῶς
2887 4440 3156 4516 ἁρμοστῇ,
3217 4437 3354 4496 ἀλλὰ
3410 4445 3477 4514 τῇ
3539 4441 3842 4519 ῦπερουσίῳ

453 4518 997 4600 superessentialis)
1033 4529 1190 4582 tanta
1219 4540 1359 4583 cura
1402 4523 1515 4584 fuit
1557 4524 1875 4604 Cujuslibet
1908 4546 2090 4590 sacrae

453 4608 782 4670 rcelestium
815 4609 1224 4682 ordinationis,
1261 4620 1321 4672 ut
1347 4621 1405 4675 et
1443 4612 1712 4675 ordinem
1751 4615 2006 4680 habeant
2031 4628 2094 4680 et

450 4697 764 4760 adduction
775 4707 956 4774 em,ut
971 4718 1076 4780 per
1087 4701 1315 4781 priores
1326 4703 1687 4782 posteriores
1699 4705 1808 4767 add
1820 4715 2086 4772 ucantur:

451 4787 726 4865 quoniam
755 4789 1078 4870 unicuique
1107 4789 1459 4864 hierarchiaa
1485 4802 1605 4855 tres
1625 4812 1824 4857 sacros
1849 4796 2091 4858 ordines

453 4875 780 4938 constituit.
805 4875 995 4939 Habet
1019 4879 1174 4939 enim
1196 4879 1384 4960 prima
1404 4882 1670 4960 thronos,
1699 4885 2008 4946 cherubim
2035 4893 2094 4948 et

455 4963 782 5056 seraphim,
809 4974 866 5026 et
894 4976 1213 5056 sequentes
1243 4969 1372 5030 aliae
1403 4971 1679 5033 similiter
1708 4973 2094 5056 exsistunt,et

457 5051 900 5143 distinguuntur
950 5054 1008 5114 in
1056 5055 1278 5135 primas
1328 5066 1386 5118 et
1419 5059 1645 5122 medias
1675 5071 1732 5122 et
1762 5051 2093 5143 poetremas

455 5138 819 5203 virtutes.Ad
836 5141 958 5204 haec
974 5144 1699 5221 considera,minutiorem
1717 5138 2092 5216 esseillarum

456 5227 980 5323 distributionem;
1017 5233 1300 5323 quoniam
1351 5235 1567 5298 iterum
1615 5257 2096 5323 unamquamque

457 5318 837 5396 peculiariter
866 5319 1307 5398 dispositionem
1342 5323 1583 5389 abusive
1606 5318 2088 5393 distributionem

453 5407 782 5500 appellavit;
801 5409 926 5500 sive
952 5428 1440 5500 unumquemque
1472 5416 1742 5480 ordinem
1773 5420 2092 5500 cujuslibet

453 5498 599 5587 trini
615 5497 844 5587 ordinis
861 5497 1071 5560 iisdem
1088 5503 1492 5579 congruentiis
1512 5497 1947 5587 ordinibusque
1971 5509 2092 5572 dis-

458 5584 656 5650 tinxit.
692 5585 814 5652 lloc
842 5598 1039 5654 autem
1072 5599 1313 5655 sanctus
1341 5594 1575 5678 asserit,
1625 5584 2088 5672 demonstratio-

2173 4528 2516 4609 αῦθαρμονίᾳ)
2590 4538 2841 4588 τοσοῦτον
2913 4529 3144 4607 ἐμέλησε
3215 4535 3311 4598 τῆς
3383 4531 3524 4608 ἱερᾶς
3606 4533 3842 4590 ἑκάστω

2173 4626 2278 4677 τῶν
2319 4619 2570 4698 οὖρανίων
2616 4618 2922 4693 εὖκοσμίσς,
2982 4621 3157 4684 καθὼς
3219 4619 3402 4700 ἔχουσι
3461 4620 3683 4696 τάξεως,
3746 4626 3840 4680 καὶ

2174 4709 2486 4787 ἀναγωγῆς,
2544 4709 2718 4773 καθὼς
2779 4708 3068 4786 ἀνάγονται
3131 4707 3214 4766 διὰ
3274 4715 3379 4766 τῶν
3439 4710 3706 4788 προτέρων
3770 4715 3841 4772 τὰ

2173 4796 2382 4875 ὕστερα·
2437 4796 2516 4852 ὅτι
2569 4798 2659 4853 καὶ
2705 4800 2803 4872 μιᾷ
2859 4797 3058 4875 ἑκάστῃ
3109 4799 3351 4878 ἱεραρχίᾳ
3381 4813 3524 4876 τρεῖς
3555 4801 3697 4879 ἱερὰς
3731 4803 3838 4857 τεὶ-

2175 4885 2282 4952 ξεις
2315 4885 2479 4946 ἔθετο.
2513 4884 2689 4965 ’Ἔχει
2752 4887 2851 4964 γὰρ
2907 4887 2940 4954 ἡ
3005 4887 3190 4965 πρώτη
3247 4889 3483 4966 θρόνους,
3543 4889 3837 4970 χεροοδὶμ,

2177 4978 2265 5033 καὶ
2297 4977 2546 5055 σεραφίμ’
2612 4977 2694 5032 καὶ
2754 4976 2976 5043 καθεξῆς
3035 4978 3089 5033 αἱ
3148 4976 3302 5036 ἄλλαι
3362 4978 3528 5042 οὕτως
3588 4981 3707 5058 εἰσὶ,
3745 4984 3840 5038 καὶ

2178 5063 2504 5143 διαιροῦνται
2562 5066 2634 5127 είς
2694 5063 2908 5143 πρώτας
2978 5067 3067 5122 καὶ
3136 5066 3304 5140 μέσας
3374 5071 3461 5124 καὶ
3531 5066 3849 5136 τελευταίας

2182 5151 2454 5229 δυνάμεις,
2510 5152 2613 5215 Καὶ
2661 5153 2738 5210 ’ἐτι
2791 5153 2897 5210 νόει
2946 5153 3267 5235 λεπτοτέραν
3295 5157 3393 5224 τὴν
3423 5155 3709 5234 ὠκοσμίσν
3749 5162 3855 5219 αὒ-

2179 5251 2310 5324 τῶν,
2385 5243 2466 5300 ὅτι
2537 5242 2703 5300 πάλιν
2761 5243 2885 5319 μίαν
2945 5245 3178 5312 ἐκαστην
3235 5243 3413 5307 ίδικῶς
3459 5245 3861 5331 διακόσμησιν,

2178 5335 2625 5414 καταχρηστικῶς
2661 5335 2785 5389 εἷπε
2815 5334 2874 5389 τὸ
2905 5331 3282 5410 διακόσμησιν,
3332 5334 3496 5414 ἤγουν
3527 5335 3582 5391 ἓν
3613 5335 3863 5396 ἕκαστον

2175 5424 2353 5500 τάγμα
2385 5428 2481 5489 τῆς
2517 5428 2640 5487 ιιιᾶς
2674 5419 2949 5500 τριαδικῆς
2980 5421 3203 5504 τάξεως,
3243 5437 3366 5490 ταῖς
3405 5425 3594 5492 αὖταϊς
3629 5425 3860 5507 διεχώ-

2174 5532 2316 5588 ρισεν
2345 5510 2617 5590 ἁρμονίαις
2648 5509 2736 5565 καὶ
2771 5510 3101 5586 εὔκοσμίαις.
3140 5511 3301 5570 Τοῦτο
3357 5509 3411 5566 δὲ
3473 5511 3619 5592 λέγει
3681 5516 3711 5570 ὁ
3781 5517 3859 5572 α’-

2173 5623 2312 5681 γιος,
2370 5597 2654 5678 λαμϐανων
2709 5597 2809 5668 τὴν
2868 5597 3133 5671 ἀπόδειξιν
3187 5601 3250 5659 ἔκ
3297 5603 3395 5670 τῆς
3440 5612 3536 5664 τοῦ
3599 5593 3850 5668 Ἠσαίου
