4058 6196
213 308 330 374 281
653 313 747 374 DE
793 308 1146 375 CCELESTI
1193 310 1698 390 HIERARCHIA,
1735 311 1899 373 CAP.
1948 311 2028 372 X.
2074 343 2151 356 —
2197 311 2582 374 PARAPHR.
2650 312 3161 375 PACHYMERJE.
3486 300 3608 376 ?82

217 447 557 525 προφητείας
594 460 611 478 ⁸
662 448 711 502 oi
768 447 870 524 γὰρ
921 447 1184 504 θειότατοι
1237 448 1463 526 σεραφὶμ
1520 446 1696 525 ἔτερος
1759 446 1871 525 πρὸς

1970 462 2107 507 nem
2142 444 2463 507 mutuando
2495 463 2563 508 ex
2597 445 2911 526 prophetia
2957 447 3163 528 lsaire;
3215 444 3494 529 quoniam
3527 446 3608 509 ibi

216 539 318 590 τὸν
388 535 566 611 ἕτερον
616 537 794 612 κράζει
851 536 948 603 τὴν
1008 536 1417 594 ἀκατάπαυστον
1475 537 1682 604 ἐκείνην
1724 537 1871 608 ὕμνοι

1966 536 2256 599 divissimi
2292 537 2593 620 seraphim
2644 539 2796 601 alter
2829 539 2900 601 ad
2934 542 3185 604 alterum
3217 541 3480 602 clamant
3514 539 3613 600 in-

216 624 438 703 λογίαν,
471 623 765 692 δηλοῦντος
825 625 1061 683 ἐντεῦθεν
1089 633 1184 682 τοῦ
1233 625 1417 706 λόγου,
1456 625 1538 682 ὅτι
1580 627 1667 682 καὶ
1712 626 1871 683 αὐτῶν

1964 626 2318 688 cessabilem
2374 628 2532 690 illam
2585 629 3022 709 hymnologiam
3064 679 3080 711 ,
3131 630 3437 710 Scriptura
3476 628 3619 692 hinc

215 720 332 769 τῶν
389 712 710 792 θεολογικῶν
767 715 1020 793 γνώσεων
1077 719 1123 772 οἱ
1182 722 1384 794 πρῶτοι
1439 720 1556 782 τοῖς
1620 715 1871 792 δευτέροις

1963 715 2434 793 demonstrante,
2459 717 2682 798 primos
2713 721 3105 800 sequentibus
3141 721 3506 799 theologicas
3528 719 3614 799 ip-

217 801 590 877 μεταδιδόασι,
658 802 984 882 Θεολογικὴν
1044 803 1110 873 δη
1161 813 1356 883 γνῶσιν
1428 807 1542 862 τὸν⁹
1606 806 1871 883 τρισάγιον

1961 824 2054 867 sas
2105 807 2376 868 notiones
2427 809 2899 872 communicare.
2941 809 3361 888 Theologicam
3414 822 3614 871 autem

212 893 391 967 ὕμνον
439 892 609 971 λέγει·
661 896 747 950 καὶ
805 893 904 972 γάρ
951 895 1046 959 τὰς
1106 909 1252 974 τρεῖς
1320 895 1469 972 ἁγίας
1531 885 1871 959 ’Υποστάσεις

1961 895 2262 956 notionem
2296 906 2462 958 vocat
2488 896 2767 976 hymnum
2800 899 2991 973 illum,
3020 899 3077 960 in
3102 885 3220 978 quo
3249 908 3337 961 ter
3357 902 3615 962 Sanctus

216 985 302 1046 εἷς
363 981 488 1058 μίαν
546 983 835 1060 κυριότητα
884 985 971 1040 καὶ
1024 984 1262 1051 Θεότητα
1315 985 1587 1048 συνιόόσσς
1630 984 1875 1041 κάκεῖνοι

217 1072 447 1154 ἔμαθον,
487 1074 576 1129 καὶ
604 1074 772 1148 ἡμεῖς
801 1071 868 1130 δι’
911 1075 1124 1130 ὶκείνων
1155 1075 1511 1151 μανθάνομεν,

307 1251 467 1332 ξΠῙ.
516 1244 650 1312 "Esi
710 1254 1022 1332 προστίθησι
1080 1258 1167 1312 καὶ
1224 1255 1544 1332 λεπτοτέραν
1616 1254 1878 1321 ἀπόδειξιν

214 1349 323 1410 τῆς
396 1343 648 1403 εὐτάκτου
706 1344 790 1401 ἰπὶ
867 1352 998 1402 πᾶσι
1079 1347 1478 1420 καταστάσεως,
1543 1349 1630 1402 καί
1683 1370 1874 1427 φησιν,

218 1433 305 1489 ὅτι
349 1433 439 1489 καί
467 1433 584 1490 καθ’
617 1435 774 1493 αὒτόν
806 1435 1028 1500 ἕκαστος
1075 1435 1313 1512 οὒράνιός
1342 1459 1399 1493 τε
1429 1439 1516 1494 καὶ
1555 1437 1874 1514 ἂνθρώπίνος

218 1531 344 1587 νοῦς
397 1522 568 1588 ἰδικὰς
619 1523 737 1603 ἔχει
799 1525 1012 1603 πρώτας
1076 1529 1158 1584 καὶ
1208 1527 1372 1602 μέσας
1433 1529 1519 1584 καὶ
1568 1526 1874 1590 τελευταίας

220 1611 472 1687 δυνᾶμείς
503 1618 630 1689 πρὸς
661 1616 753 1676 τας
805 1614 1086 1693 εἰρημένας
1133 1616 1416 1694 ἆναγωγᾶς
1448 1617 1536 1672 καὶ
1567 1616 1871 1691 ὲκφᾶνσειςο

223 1703 335 1759 νόει
380 1702 435 1758 δέ
496 1705 595 1772 τὴν
643 1705 915 1782 κάθαρσιν,
969 1707 1060 1761 τὸν
1117 1709 1393 1785 φωτισμὸν
1451 1707 1548 1773 τὴν
1577 1706 1868 1763 τελείωσιν⁹

223 1794 366 1848 οὕτω
423 1793 524 1870 γὰρ
581 1795 670 1850 καὶ
730 1793 1002 1872 ἀναλόγως
1063 1797 1113 1851 αἱ
1159 1794 1452 1872 ἐλλάμψεις
1507 1796 1871 1875 ἔκφαίνονται,

226 1882 344 1939 καθ’
376 1884 437 1940 ἃς
498 1887 721 1946 uasto:
781 1884 835 1940 ἓν
897 1886 1148 1959 μετουσίᾳ
1196 1887 1392 1964 γίνεται
1440 1887 1572 1944 κατὰ
1615 1889 1675 1942 τὸ
1735 1887 1876 1961 αὖτῴ

223 1975 443 2047 θεμιτὸν
487 1975 577 2029 καὶ
605 1973 842 2052 ἰφὶκτόν.
899 1967 1079 2032 ’Ὅσον
1137 1978 1232 2055 γὸρ
1292 1977 1476 2046 ἀνήκει
1529 1983 1596 2052 τῇ
1626 1975 1727 2050 ἰδίᾳ
1757 1977 1876 2034 lxi-

1965 985 2389 1061 prouuntiatur
2429 1007 2442 1048 :
2479 987 2699 1047 etenim
2741 998 2859 1050 tres
2889 997 3121 1052 sanctas
3162 991 3517 1071 Hypostases
3546 989 3609 1051 in

1965 1077 2202 1137 unicam
2237 1074 2708 1140 dominationem
2740 1097 2808 1140 ac
2845 1080 3131 1142 Deitatem
3179 1088 3465 1142 coeuntes
3496 1079 3611 1160 ipsi

1973 1165 2338 1247 didicerunt,
2375 1179 2434 1230 et
2466 1187 2575 1229 nos
2606 1187 2711 1250 per
2740 1168 2873 1230 illos
2902 1169 3209 1232 discimus.

2043 1254 2292 1334 §lll.Ad
2315 1257 2440 1318 haec
2462 1257 2627 1318 addit
2648 1258 2824 1319 etiam
2859 1257 3226 1320 subtiliorem
3252 1259 3615 1320 demonstra-

1963 1342 2182 1406 tionem
2243 1345 2396 1408 bene
2428 1347 2721 1410 ordinato:
2751 1348 2806 1408 in
2843 1349 3124 1410 omnibus
3156 1348 3611 1424 constitutionis,

1960 1433 2194 1516 aitque,
2229 1436 2557 1512 quamlibet
2596 1457 2700 1518 per
2747 1457 2810 1498 se
2861 1439 3159 1500 cmlestem
3195 1457 3261 1500 ac
3294 1439 3614 1498 humanam

1962 1532 2223 1586 mentem
2275 1526 2612 1605 peculiares
2657 1526 2880 1589 habere
2915 1527 3134 1608 primas
3167 1535 3223 1588 et
3256 1527 3483 1589 medias
3542 1545 3612 1589 ac

1963 1622 2290 1693 postremas
2318 1615 2653 1696 virtutes,in
2679 1617 2894 1678 ordine
2917 1617 2988 1678 ad
3009 1617 3200 1678 dictas
3223 1617 3615 1678 adduc-tiones

1959 1721 2027 1764 ac
2062 1703 2573 1766 manifestationes
2601 1726 2614 1768 :
2643 1707 2909 1786 intelligo
2931 1706 3354 1787 expiationem,
3383 1705 3614 1767 illumi-

1961 1794 2260 1857 nationem
2288 1815 2354 1858 ac
2379 1798 2836 1876 perfectionem;
2871 1803 2954 1866 sic
2973 1801 3129 1862 enim
3159 1800 3330 1860 etiam
3358 1816 3612 1879 propor-

1965 1885 2124 1946 tione
2147 1895 2434 1966 apparent
2456 1886 2879 1950 illustrationes
2896 1888 3246 1967 ,secundum
3265 1907 3410 1969 quas
3432 1887 3610 1968 quili-

1970 1973 2069 2034 bet
2097 1975 2290 2054 quoad
2326 1976 2410 2037 illi
2437 1977 2520 2038 l'as
2540 1997 2607 2038 ac
2640 1977 2922 2058 possibile
2953 1977 3374 2058 est,particeps
3392 1977 3452 2038 ﬁt
3479 1977 3607 2039 Dei.

225 2084 356 2118 στου
415 2063 585 2142 τάξει,
617 2064 773 2120 τόσον
817 2066 903 2120 καὶ
949 2068 1244 2143 ἐφικνεϊται
1276 2069 1375 2132 τῆς
1417 2068 1749 2144 κπθὰρσεως,
1784 2075 1871 2124 τοῦ

1961 2062 2259 2134 Quantum
2307 2069 2466 2127 enim
2505 2068 2741 2146 proprio
2794 2069 3008 2149 cuique
3055 2067 3247 2129 ordini
3301 2066 3605 2147 competit,

227 2152 527 2231 φωτισμοῦ,
563 2154 650 2209 καὶ
706 2159 806 2221 τῆς
858 2153 1206 2234 τελειώσεως,
1261 2159 1417 2214 αὑτοῦ
1462 2154 1526 2224 δὴ
1555 2160 1648 2213 τοῦ
1677 2157 1871 2235 ἀγαθοῦ

1961 2155 2324 2216 tantumdem
2351 2155 2525 2217 etiam
2547 2156 3095 2237 deipsiusmetboni
3115 2157 3219 2219 Dei
3235 2154 3603 2237 expiatione,

230 2248 387 2303 Θεοῦ,
419 2241 564 2306 Τέως
595 2240 648 2298 δέ
678 2243 790 2299 ἐστι
841 2246 926 2300 καὶ
975 2247 1007 2311 ἡ
1067 2245 1310 2323 κάθαρσις
1340 2247 1761 2324 ὑπεραγνοτάτη,
1788 2247 1871 2303 καὶ

1961 2241 2416 2325 illuminatione,
2443 2263 2509 2308 ac
2538 2247 2899 2326 perfectione
2923 2247 3334 2329 consequitur.
3368 2247 3470 2307 Est
3493 2246 3608 2307 ita-

229 2333 290 2385 τὸ
366 2331 481 2410 φῶς
537 2332 913 2413 ὑπερπλῆρες,
978 2336 1065 2390 καὶ
1132 2335 1434 2413 προτέλειος
1477 2337 1510 2403 ἡ
1574 2335 1868 2400 τελείωσις.

1961 2350 2074 2412 que
2102 2333 2205 2395 Dei
2235 2352 2465 2414 quoque
2492 2337 2746 2416 expiatio
2773 2337 2904 2416 plus
2935 2355 3107 2418 quam
3145 2334 3487 2417 purissima,
3521 2334 3612 2396 lu-

230 2419 382 2477 Ἐπεὶ
443 2419 497 2476 δὲ
558 2425 608 2478 αἱ
660 2425 856 2480 εὖθεϊαι
916 2423 1210 2502 ἐλλάμψεις
1273 2423 1508 2504 ἄπειροι,
1569 2429 1705 2486 κατὰ
1751 2428 1871 2502 μίαν

1962 2439 2217 2502 menque
2234 2441 2414 2503 supra
2437 2444 2610 2503 quam
2639 2425 3322 2505 plenum,perfectioque
3340 2443 3606 2505 praepet-

230 2509 468 2578 ἑκάστην
533 2512 801 2588 ἱλλαμψιν
885 2513 1102 2578 ἕκαστος
1177 2516 1414 2595 οὐράνιος
1485 2524 1603 2581 νοῦς
1667 2523 1871 2593 πρῶτον

1961 2509 2131 2574 fecta.
2159 2512 2302 2574 Cum
2327 2521 2522 2575 autem
2550 2525 2730 2577 rectae
2752 2513 3175 2577 illustrationes
3197 2516 3439 2576 inﬁnitze
3460 2514 3602 2590 sint,

234 2604 566 2680 καθαίρεται,
599 2602 726 2661 εἶτα
755 2605 1062 2685 φωτίζεται,
1115 2604 1301 2662 ἔπειτα
1354 2605 1671 2669 τελειοῦται.
1720 2605 1871 2665 Οζδέν

1962 2600 2290 2662 secundum
2323 2603 2452 2663 l00
2468 2622 2953 2686 unamquamque
2974 2605 3424 2666 illustrationem
3450 2622 3606 2681 qua-

226 2691 330 2767 γάρ
357 2691 606 2765 ἀπεικὸς,
640 2694 682 2750 εἰ
715 2695 743 2750 ὁ
773 2695 908 2750 κατὰ
938 2716 987 2750 τι
1019 2693 1244 2774 τέλειος,
1279 2695 1396 2752 κατ’
1443 2695 1574 2753 ἄλλο
1625 2697 1871 2775 καθαίρε-

1961 2689 2104 2752 libet
2133 2709 2302 2753 mens
2333 2693 2592 2756 caelestis
2611 2695 2866 2772 primum
2901 2699 3192 2772 expiatur,
3229 2692 3447 2754 deinde
3470 2692 3606 2754 illu-

225 2795 338 2860 ταις
374 2783 466 2837 καὶ
501 2785 546 2837 εἱ
576 2785 604 2838 ὁ
636 2783 775 2838 κατέ
826 2805 877 2840 τι
934 2785 1370 2863 πεφωτισμᾶνος,
1415 2785 1533 2842 κατ’
1591 2789 1718 2845 αὐτὸ
1775 2787 1871 2860 μὲν

1961 2789 2278 2853 stratur,ac
2301 2789 2501 2862 postea
2526 2783 3014 2862 perficitur.Nihil
3039 2791 3196 2845 enim
3220 2782 3457 2845 absurdi
3490 2790 3600 2854 est,

226 2868 546 2943 τελειοῦται,
593 2871 714 2927 κατ’
773 2871 902 2930 ἄλλο
941 2872 994 2930 δὲ
1043 2873 1202 2930 πάλιν
1247 2877 1513 2954 καθαρθεὶς
1569 2877 1871 2954 φωτίζεται⁹

1961 2868 2080 2930 siis
2110 2870 2210 2950 qui
2243 2872 2570 2934 secundum
2605 2873 2746 2954 quid
2786 2874 3082 2951 perfectus
3131 2883 3240 2948 est,
3274 2870 3605 2933 secundum

228 2957 376 3016 οὔδέν
426 2961 526 3038 γὰρ
569 2961 852 3024 αὐτοτελὲς
882 2962 917 3021 ii
951 2963 1241 3039 ἀπροαδεὲς
1317 2963 1680 3044 τελειότητος,
1717 2967 1761 3022 εἰ
1795 2967 1871 3039 μὴ

1961 2957 2120 3017 aliud
2176 2959 2472 3039 expiatur;
2507 2971 2565 3024 et
2596 2967 2642 3022 si
2677 2963 3005 3024 secundum
3063 2960 3205 3042 quid
3256 2960 3604 3034 illustratus,

227 3051 289 3104 τὸ
320 3046 486 3112 ὄντως
541 3051 842 3126 αὖτοτελὲς,
898 3055 957 3108 τὸ
1001 3051 1135 3119 ὃτως
1191 3053 1528 3132 προτέλειον.
1585 3059 1681 3113 Καὶ
1739 3055 1871 3114 οὕτω

1961 3031 2292 3109 secundum
2319 3031 2475 3111 idem
2499 3051 2736 3132 quidem
2766 3031 3424 3132 perﬂatum-secundum
3442 3047 3603 3110 aliud

232 3138 331 3211 μὲν
392 3141 421 3195 ὁ
483 3140 722 3218 οοόράνιος
768 3147 884 3207 νοῦς
943 3141 1107 3206 ἰδικὰς
1155 3143 1272 3222 ἔχει
1331 3146 1424 3208 τὰς
1480 3158 1623 3218 τρεῖς
1682 3147 1871 3208 ταύτας

1961 3155 2096 3198 vero
2116 3137 2330 3199 iterum
2351 3140 2614 3218 expiatus
2640 3141 3024 3216 illuminatur;
3051 3140 3197 3202 nihil
3223 3139 3381 3200 enim
3410 3157 3516 3221 per
3540 3155 3605 3199 se

228 3227 403 3294 τάξεις
427 3250 483 3285 τε
512 3231 601 3286 καὶ
639 3229 910 3306 δυνάμεις.
951 3238 1069 3296 Πῶς
1119 3231 1174 3289 δὲ
1224 3236 1313 3291 καὶ
1343 3235 1370 3290 ὃ
1400 3235 1730 3306 ἀνθρώπειος
1758 3243 1874 3301 νοῦς

227 3319 425 3381 ταύτας
458 3318 598 3398 ἔχει,
659 3319 803 3388 πλὴν
832 3324 920 3378 καὶ
967 3323 1119 3387 αὑτὸς
1151 3326 1224 3387 είς
1276 3325 1378 3392 τὴν
1403 3327 1536 3381 κατὰ
1569 3328 1697 3381 Θεὸν
1731 3327 1876 3391 κίνη-

231 3428 336 3488 σινς
393 3408 512 3466 οὒδὲ
557 3412 655 3487 γὰρ
702 3413 822 3482 περὶ
871 3419 976 3470 τῶν
1028 3420 1298 3488 κοσμικῶν
1361 3417 1623 3485 κινήσεων
1654 3416 1681 3471 ὁ
1711 3414 1868 3490 λόγος

230 3497 372 3556 ἐστὶν
401 3501 564 3574 ἡμῖν.
604 3490 754 3568 ’Ήόη
798 3500 1049 3580 λέγομεν,
1087 3511 1184 3569 πᾶς
1215 3511 1330 3568 νοῦς
1364 3503 1480 3584 ἔχει
1523 3505 1721 3575 ὠσίαν,
1756 3494 1870 3559 καθ’

227 3587 294 3654 ἣν
329 3591 534 3667 πρῶτόν
566 3591 727 3648 ὶστιν·
795 3592 918 3648 εἶτα
978 3595 1062 3648 καὶ
1120 3591 1358 3667 δύναμιν,
1409 3592 1522 3650 καθ’
1557 3595 1621 3661 ἢν
1642 3591 1872 3669 διαρκεῖ-

226 3677 529 3737 τελευταίαν
579 3678 632 3736 δὲ
684 3681 975 3760 ἱνὲργειαν,
1031 3681 1144 3740 καθ’
1193 3684 1258 3752 ἢν
1290 3686 1354 3740 τὰ
1411 3685 1583 3739 οἰκεῖα
1627 3683 1872 3759 πράττων

226 3768 458 3852 εὗσεεεῐ·
519 3779 681 3828 ταῦτα
737 3773 826 3828 καὶ
869 3771 923 3827 ἐν
953 3779 1030 3847 τῷ
1064 3773 1182 3840 ἑξῆς
1237 3775 1514 3852 κεφαλαίῳ
1569 3774 1867 3851 σαφηνίζει.

231 3848 466 3924 ’Ἄλλως
497 3882 553 3917 τε
602 3859 656 3917 δὲ
690 3860 872 3919 οὐδένα
903 3862 1008 3918 τῶν
1043 3860 1328 3940 ανθρώπων
1381 3862 1540 3936 ἴσμεν
1584 3861 1701 3919 οὔτε
1735 3883 1870 3939 προ-

226 3951 429 4027 φήτην,
462 3949 579 4007 οὔτε
633 3949 854 4026 δίκαιον,
888 3952 965 4027 μὴ
1009 3949 1259 4018 δεηθέντα
1290 3956 1387 4020 τῆς
1418 3953 1610 4015 οἰκείας
1662 3950 1871 4029 προφέ-

229 4060 365 4102 σεως
400 4041 474 4104 εἰς
508 4043 569 4096 τὸ
594 4039 890 4107 πλησιάσαι
956 4044 1093 4113 Θεῷ.
1130 4031 1284 4118 ’Ὅρα
1313 4043 1414 4120 γὰρ
1445 4041 1494 4097 τί
1525 4063 1686 4118 φησιν
1715 4043 1743 4096 ὁ
1773 4040 1871 4105 ἕως

227 4130 404 4205 τρίτου
474 4133 696 4199 οὒρανοῡ
753 4130 975 4209 φθάσας.
1040 4122 1366 4200 ’Υπωπιάζω
1423 4152 1522 4204 μου
1567 4131 1626 4185 τὸ
1685 4135 1869 4206 σῶμα,

1715 4219 1867 4280 αὐτὸς

227 4221 312 4274 καὶ
396 4217 724 4297 δουλαγωγῶ
758 4263 774 4292 ,
847 4221 1042 4290 μήπως
1120 4219 1302 4283 ἄλλοις
1375 4219 1598 4296 κηρύξας
1635 4265 1651 4298 ,

227 4307 483 4382 ἀδόκιμος
526 4309 789 4386 γένωμαι.
827 4311 926 4366 Καὶ
981 4309 1145 4366 ταύτά
1205 4311 1334 4364 εἰσιν
1403 4311 1436 4377 ἡ
1481 4308 1666 4386 πρώτη
1724 4307 1867 4373 τάξις
1897 4307 1938 4358 ι)

1961 3227 2314 3308 perfectum,
2347 3230 2438 3290 vel
2481 3230 2638 3307 quod
2667 3250 2785 3291 non
2817 3230 3078 3306 indigeat
3106 3228 3467 3310 perfectione
3491 3227 3604 3290 nisi

1960 3316 2115 3394 quod
2133 3336 2236 3395 per
2258 3336 2322 3379 se
2350 3337 2484 3380 vere
2507 3320 3004 3400 perfectum,vere
3023 3319 3472 3400 prmperfectum
3490 3325 3601 3379 est.

1961 3405 2154 3485 Atque
2187 3406 2264 3468 ita
2296 3408 2537 3488 quidem
2575 3428 2742 3471 mens
2773 3409 3036 3472 ccelestis
3068 3409 3461 3489 particulares
3495 3409 3603 3469 hos

1959 3503 2078 3555 tres
2099 3495 2341 3557 ordines
2358 3497 2531 3559 habet
2551 3508 2725 3579 atque
2745 3499 3099 3562 virtutss.At
3115 3497 3408 3579 quomodo
3425 3497 3603 3558 etiam

1958 3601 2128 3643 mens
2153 3585 2411 3647 humana
2431 3587 2504 3647 iis
2538 3588 2781 3668 praedita
2807 3598 2917 3662 est,
2939 3608 3070 3648 cum
3097 3587 3337 3648 exsistat
3369 3603 3604 3666 quoque

1957 3673 2286 3735 secundum
2324 3687 2544 3737 motum
2584 3677 2721 3739 Dei?
2767 3696 2960 3756 neque
2991 3676 3151 3737 enim
3183 3675 3257 3736 de
3291 3675 3603 3736 mundanis

1955 3761 2218 3824 motibus
2247 3763 2420 3825 nobis
2451 3784 2650 3826 sermo
2684 3774 2794 3826 est.
2840 3767 3016 3828 Modo
3047 3765 3323 3839 dicimus,
3359 3781 3598 3825 omnem

1960 3860 2215 3913 mentem
2251 3853 2471 3916 habere
2503 3862 2849 3936 essentiam,
2882 3854 3211 3917 secundum
3260 3873 3438 3932 quam
3473 3853 3599 3935 pri-

1957 3960 2118 4002 mum
2147 3950 2259 4023 est;
2287 3944 2508 4006 deinde
2527 3944 2703 4005 etiam
2739 3945 3035 4019 Virtutem,
3061 3945 3390 4007 secundum
3421 3961 3600 4022 quam

1957 4039 2170 4111 potens
2199 4042 2313 4113 est,
2343 4043 2705 4113 postremum
2734 4052 2874 4096 vero
2917 4035 3346 4114 operationem,
3382 4051 3604 4095 secun-

1957 4120 2098 4181 dum
2125 4139 2324 4200 quam,
2356 4140 2426 4182 ea
2471 4141 2601 4202 qua:
2632 4121 2744 4184 sibi
2778 4125 3016 4203 propria
3046 4135 3190 4184 sunt
3217 4123 3473 4202 agendo,
3509 4121 3605 4201 pia

1956 4219 2067 4286 est;
2090 4211 2214 4271 hzec
2245 4211 2420 4273 etiam
2457 4212 2514 4271 in
2549 4212 2828 4292 sequenti
2859 4213 3050 4294 capite
3081 4212 3370 4274 declarat.
3410 4214 3602 4273 Cane-

1957 4317 2089 4360 rum
2134 4301 2438 4362 neminem
2482 4301 2749 4372 omnino,
2787 4320 2980 4382 neque
3007 4302 3377 4382 prophetam,
3414 4319 3605 4382 neque

225 4401 310 4452 καὶ
353 4398 520 4470 μέση⁹
582 4399 608 4452 ὃ
665 4399 764 4474 γὰρ
824 4401 1176 4468 ὅπωπιασμὸς
1228 4400 1324 4468 τῆς
1367 4401 1556 4476 σαρκὸς
1588 4401 1796 4476 πρώτη,
1834 4399 1868 4466 ἡ

1961 4389 2179 4466 iustum
2215 4389 2767 4470 cugnoscimus,qui
2793 4411 2910 4452 non
2947 4412 3093 4472 Opus
3128 4390 3339 4452 habeat
3371 4396 3606 4470 propria

223 4484 276 4541 δὲ
307 4485 646 4564 δουλαγωγία
691 4488 784 4554 τῆς
829 4488 1096 4562 ὶμπαθοῦς
1140 4487 1385 4567 ὀρέξεως,
1431 4486 1664 4564 δευτέρα,
1710 4491 1771 4542 τὸ
1816 4484 1869 4542 δὲ

224 4573 470 4653 δόκιμον,
505 4575 807 4634 τελευταῖον
839 4580 925 4633 καὶ
955 4576 1179 4636 τέλειον.
1216 4571 1298 4633 ’Ἢ
1329 4577 1408 4633 ὅτι
1439 4577 1498 4632 ἐκ
1528 4577 1633 4634 τῶν
1663 4576 1868 4636 ἁπλου-

224 4667 424 4741 στέρων
488 4666 762 4741 μυήσεων,
835 4667 964 4744 ὅπερ
1012 4666 1279 4744 γάλακτος
1317 4669 1577 4741 ποτισμον
1621 4664 1871 4724 ἐκάλεσεν

223 4754 251 4810 ὀ
293 4751 652 4826 Ἀπόστολος,
686 4757 801 4831 περὶ
857 4757 921 4810 τα
979 4758 1142 4830 μέσα,
1197 4759 1284 4813 καὶ
1332 4757 1393 4812 ἑκ
1422 4757 1616 4811 τούτων
1651 4756 1776 4834 πρὸς
1808 4754 1873 4810 τὰ

225 4845 467 4922 μείζονα,
501 4841 666 4921 ἤγουν
726 4845 824 4912 τὴν
882 4847 988 4901 τῶν
1039 4844 1256 4902 τελείων
1304 4845 1496 4924 τροφὴι
1545 4846 1868 4921 ἂναγόμεθα,

224 4935 252 4988 ὃ
280 4935 368 4988 καὶ
414 4933 472 4988 ἐν
500 4933 840 5010 Εὗαγγελίοις
892 4937 920 4990 ὁ
959 4935 1139 5013 Κύριος
1170 4933 1354 5013 δηλοῖ,
1389 4933 1558 5012 λέγων
1591 4937 1720 5012 πρὸς
1752 4934 1872 4994 τοὺς

225 5023 406 5099 ἁγίους
458 5021 813 5086 ἀποστόλους.
878 5023 1055 5080 Πολλᾶ
1100 5024 1215 5104 ἔχω
1244 5023 1416 5099 λέγων
1457 5027 1614 5098 ἡμῖν,
1647 5020 1767 5080 ἀλλ’
1811 5022 1871 5078 οὗ

226 5107 443 5166 δύνασθε
487 5111 770 5186 βαστάζειν
826 5109 966 5180 ἄρτι,
1026 5115 1082 5171 ΕΞ
1126 5111 1179 5168 δὲ
1246 5111 1441 5184 θὲλεις,
1489 5111 1585 5189 ὅρα
1639 5113 1727 5169 καὶ
1773 5111 1869 5178 τὴν

225 5197 546 5278 παραδοχὴν
589 5201 684 5256 τοῦ
725 5203 983 5280 παναγίου
1035 5203 1336 5276 Πνεύματος
1382 5201 1435 5258 ἰν
1476 5216 1595 5266 τοῖς
1633 5199 1870 5258 ἀποστό-

227 5286 359 5349 λοις·
396 5289 553 5355 ἆδόθη
590 5291 686 5366 γὰρ
740 5293 919 5370 τοῦτο,
966 5291 1172 5370 πρῶτοι
1235 5291 1330 5365 μὲν
1363 5291 1434 5352 εἷς
1488 5303 1716 5366 σημεῖα,
1749 5287 1870 5344 δεύ-

227 5397 371 5450 τερον
430 5375 484 5433 δὲ
540 5377 608 5434 δι’
668 5378 1062 5456 ἔμφυτήσεως,
1139 5385 1224 5436 καὶ
1285 5384 1455 5458 τρίτον
1511 5379 1566 5435 ἰν
1637 5379 1868 5456 πυρίνοις

231 5464 519 5543 γλώσσαις,
556 5465 848 5544 coemam,
905 5471 977 5532 ὡς
1010 5469 1071 5526 ἂν
1133 5470 1279 5527 εἴποι
1336 5491 1440 5552 τις,
1491 5470 1628 5532 καταί
1656 5473 1746 5528 τὸν
1775 5468 1870 5551 μέ-

309 5640 381 5707 ιΙ
409 5642 551 5709 Cor.
586 5657 673 5720 lx,
710 5641 809 5709 27.

1955 4478 2376 4555 cooperatione
2399 4487 2577 4558 atque
2611 4481 2970 4554 or.ntiuue,ut
3000 4479 3431 4560 appropinquet
3454 4478 3601 4541 Deo.

1955 4567 2214 4629 Adverte
2246 4568 2403 4629 enim
2429 4569 2571 4648 quid
2611 4569 2767 4629 dicat
2814 4573 2865 4630 is
2897 4569 2998 4648 qui
3033 4571 3103 4630 ad
3144 4571 3380 4629 tertium
3415 4587 3602 4649 usque

1956 4657 2171 4718 coelum
2197 4659 2835 4738 perveneratzmstigo
2853 4677 3073 4738 corpus
3099 4663 3604 4728 meum,otinser-

1955 4746 2170 4802 vitu‘em
2194 4745 2398 4817 redigo;
2427 4763 2486 4801 ne
2505 4748 2644 4816 [arte
2663 4763 2784 4803 cum
2806 4749 2928 4802 aliis
2949 4749 3370 4816 pradicavert'm,
3394 4748 3503 4818 ipse
3518 4761 3606 4803 re-

1955 4837 2176 4916 probus
2203 4837 2440 4915 c/ﬁciar
2465 4852 2508 4898 κ.
2547 4837 2738 4918 Atque
2771 4838 2864 4899 luc
2905 4846 2992 4898 est
3031 4838 3259 4918 primus
3283 4847 3340 4898 et
3372 4837 3606 4898 medius

1960 4925 2104 4985 ordo
2134 4942 2147 4988 :
2180 4944 2316 4986 nam
2350 4924 2646 5003 castigatio
2680 4928 2877 4988 carnis
2902 4927 3127 5007 primus
3157 4937 3269 5006 est,
3303 4927 3604 4988 secundus

1956 5033 2092 5075 vero
2125 5014 2389 5076 subactio
2436 5015 2734 5076 effrenata:
2769 5016 3139 5096 cupiditatis.
3171 5017 3429 5097 probitas
3459 5033 3602 5078 vero

1955 5112 2290 5184 postremus
2320 5112 2497 5184 atque
2520 5104 2957 5184 periectus.Ve|
2982 5105 3158 5168 etiam
3194 5106 3348 5187 quia
3376 5105 3602 5186 simpli-

1955 5191 2216 5254 cioribus
2241 5192 2547 5267 doctrinis,
2579 5211 2726 5273 quas
2759 5194 2924 5255 lactis
2954 5196 3255 5275 potionem
3284 5195 3602 5274 Apostolus

1956 5282 2279 5356 vocavit,ad
2307 5281 2622 5356 medias,et
2642 5302 2709 5344 ex
2737 5282 2932 5354 his,ad
2967 5286 3223 5363 majores
3253 5283 3376 5345 sive
3412 5284 3602 5363 perfe-

1955 5378 2183 5431 ctorum
2199 5370 2394 5432 cibum
2421 5371 2963 5453 adducimur;quod
2989 5374 3162 5434 etiam
3189 5373 3245 5432 in
3267 5371 3598 5450 Evangeliis

1955 5458 2241 5527 Dominus
2280 5461 2572 5548 signiﬁcat
2623 5463 2695 5524 ad
2729 5471 2970 5525 sanctos
3009 5461 3308 5549 apostolos
3339 5461 3542 5528 dicens
3576 5478 3590 5530 ;
