4058 6196
246 307 375 388 2‘89
699 310 797 388 DE
841 310 1191 387 C(ELESTI
1238 309 1742 400 HIERARCHIA,
1789 312 2064 381 CAP.X[.
2099 352 2177 364 —
2208 315 2596 382 PARAPHR.
2644 273 3135 383 PACHYMERE
3502 313 3619 379 290

246 460 420 537 ἱερεὺς
479 455 691 513 δύναται
739 469 916 513 ποιεῖν
958 457 1058 513 ’ὁὶα
1114 457 1256 534 παρὰ
1313 458 1379 512 τὰ
1430 459 1535 512 τῶν
1591 454 1900 512 ὑποδεεστέο

1992 454 2118 515 chia
2171 453 2471 515 ccelestem
2521 453 2791 518 ordinem
2851 453 3136 514 imitatur.
3169 450 3316 514 Nam
3350 453 3631 516 sacerdos

246 571 382 627 ρων,
440 547 602 624 ἤγουν
659 544 914 603 διάκόνων
972 549 1057 604 καὶ
1105 554 1210 603 τῶν
1263 545 1408 612 ἑξῆς·
1471 549 1500 602 ὁ
1555 542 1796 612 διάκονος
1844 546 1905 602 τὰ

1993 551 2186 623 potest
2218 543 2410 605 facere
2441 562 2810 623 quaecunque
2837 544 3078 605 ordines
3111 541 3628 617 inferiores,scilia

247 645 360 696 νῶν
427 637 606 714 ἱερέων
639 638 734 693 οὑκ
800 636 1178 714 ἓπιτέτραπται
1235 636 1437 698 ποιεῖν,
1504 636 1589 702 Μὴ
1647 643 1772 714 γοῦν
1825 635 1909 692 διὰ

247 733 412 783 τοῦτο
443 727 643 792 οἰηθείη
679 748 779 806 τις,
835 727 1043 790 άπάσας
1094 728 1189 790 τὰς
1229 724 1514 804 άγγελικὰς
1575 726 1752 789 οὑσίας
1815 723 1908 782 δν-

246 816 443 889 νάμεις
497 814 772 893 λέγεσθαι,
799 815 877 872 ὅτι
909 815 1056 894 τάχα
1114 817 1166 871 αἱ
1213 812 1459 888 δυνάμεις
1503 816 1683 893 τάγμα
1713 815 1900 872 τελευο

246 905 408 961 ταῒόν
448 905 617 962 ἕστιψ
653 907 701 962 οἱ
727 907 826 983 γαρ
857 904 1100 983 ἄγγελοι,
1133 905 1221 961 καί
1251 905 1349 980 πρό
1381 905 1578 961 τούτων
1609 907 1656 962 οἱ
1688 905 1902 984 ἀρχάγ-

247 1000 428 1073 γελοι,
461 996 548 1051 καὶ
579 997 630 1050 αἱ
674 994 860 1074 ἁρχαὶ,
893 997 981 1051 καὶ
1011 994 1088 1050 ἔτι
1118 996 1219 1050 ὑπὸ
1265 999 1364 1061 τῆς
1413 992 1654 1073 δευτέρας
1695 993 1902 1070 τριάδος

249 1087 310 1140 αἶ
364 1083 613 1160 ἐξουσίαι,
677 1085 812 1152 μετὰ
868 1085 963 1148 τὰς
1016 1081 1268 1160 δονάμεις
1317 1085 1420 1140 ὑπὸ
1477 1086 1574 1150 τῆς
1630 1083 1901 1161 θεολογίας

246 1174 560 1230 τάττονται·
609 1171 730 1228 ἀλλ’
775 1171 922 1249 ὅμως
981 1179 1174 1237 κοινῶς
1221 1174 1311 1230 καὶ
1366 1180 1532 1230 ταῦτα
1563 1173 1626 1228 τὰ
1655 1173 1904 1230 ὑποκάτω

247 1262 508 1341 τάγματα
536 1260 782 1339 δυνάμεις
812 1262 1122 1326 καλοῦνται,

335 1441 365 1521 §
400 1451 467 1505 ΙΙ.
507 1441 744 1520 Δέγομεν
785 1445 981 1524 τοίνυν,
1014 1443 1120 1514 ὅτι,
1153 1450 1343 1506 κοινῶς
1404 1442 1488 1499 ἐπὶ
1539 1448 1665 1499 πᾶσι
1697 1463 1904 1522 κεχρη-

253 1531 403 1606 μένοι
463 1539 542 1607 τῷ
595 1533 693 1601 τῆς
751 1531 1023 1608 δυνάμεως
1067 1533 1313 1614 ὀνόματι,
1361 1531 1419 1588 οὑ
1471 1532 1726 1611 σύγχυσίν
1783 1553 1900 1588 τινα

248 1621 481 1680 ἐκάστου
533 1623 816 1701 εἰσάγομεν
866 1623 1162 1702 τάγματος,
1196 1626 1269 1687 ὡς
1302 1622 1423 1702 φέρε
1456 1622 1652 1692 εἰπεῖν,
1688 1629 1773 1678 νῦν
1804 1621 1900 1694 μὲν

252 1711 505 1789 λέγεσθαι
567 1709 708 1778 ἰδίως
749 1715 842 1776 τὰς
904 1711 956 1768 ἐν
987 1719 1054 1791 τῇ
1097 1712 1309 1786 δευτέρα
1356 1709 1524 1790 τριάδι
1571 1713 1703 1768 κατὰ
1760 1711 1903 1776 τάξιν

1991 643 2084 694 cet
2115 631 2344 695 diaconi
2371 640 2992 713 etsequentes,verum
3018 633 3510 712 nonpermissum
3544 641 3635 695 est

1989 723 2242 784 diacono
2273 723 2647 785 sacerdotum
2682 724 2883 784 munia
2917 739 3226 804 peragere.
3266 719 3397 782 Non
3428 721 3630 798 itaque

1989 812 2211 875 idcirco
2242 813 2379 890 quis
2409 811 2728 891 existimet,
2770 831 2978 873 omnes
3009 811 3306 890 angelicas
3340 813 3631 873 essentias

1989 903 2234 963 virtutes
2265 900 2572 982 appellari,
2626 902 2781 982 quod
2813 902 2962 962 forte
3003 901 3250 961 virtutes
3283 900 3474 961 ultimi
3509 902 3631 963 sint

1987 991 2234 1066 ordinis;
2287 1009 2421 1051 nam
2458 990 2673 1071 angeli,
2729 999 2786 1052 et
2828 999 2966 1052 ante
3024 991 3134 1052 hos
3178 989 3522 1068 archangeli
3575 999 3634 1051 et

1988 1081 2373 1160 principatus,
2436 1090 2617 1160 atque
2675 1080 2920 1160 insuper
2969 1077 3030 1140 in
3077 1079 3338 1140 secundo
3371 1086 3632 1142 ternario

1991 1178 2332 1248 potestates,
2371 1177 2502 1250 post
2541 1169 2782 1231 virtutes
2834 1187 2869 1230 a
2903 1169 3204 1246 theologia
3232 1167 3625 1250 collocantur;

1987 1271 2245 1324 attamen
2280 1263 2340 1324 in
2372 1263 2674 1324 communi
2718 1262 2892 1324 etiam
2926 1261 2986 1324 hi
3015 1261 3260 1324 ordines
3288 1260 3630 1344 inferiores,

1988 1353 2235 1414 virtutes
2265 1351 2664 1434 appellantur.

2069 1443 2097 1522 §
2130 1441 2200 1505 ll.
2236 1441 2503 1504 Dicimus
2535 1442 2732 1524 itaque
2763 1462 2892 1518 nos,
2936 1459 3074 1505 cum
3106 1441 3410 1504 communi
3445 1444 3632 1504 virtu-

1987 1532 2064 1593 tis
2101 1532 2341 1592 nomine
2372 1532 2429 1593 in
2459 1531 2735 1593 omnibus
2768 1532 3013 1605 utimur,
3051 1531 3274 1592 nullam
3324 1531 3630 1593 confusio-

1986 1638 2123 1680 nem
2189 1621 2419 1683 ordinis
2483 1622 2831 1702 cujusquam
2896 1620 3301 1696 introducere,
3365 1630 3426 1682 ut
3463 1621 3631 1684 verbi

1985 1710 2190 1788 gratia,
2270 1711 2444 1770 modo
2505 1711 2746 1790 quidem
2825 1711 3064 1791 proprie
3122 1711 3371 1773 virtutes
3428 1712 3638 1792 appel-

251 1798 658 1878 δευτερευούσας
722 1799 991 1878 δυνάμεις,
1046 1809 1133 1858 νῦν
1200 1801 1254 1857 δὲ
1303 1802 1512 1858 ἅπαντα
1568 1802 1632 1856 τὰ
1691 1801 1902 1879 οὑράνια

1992 1801 2180 1860 Iemus
2219 1799 2347 1860 105
2373 1817 2475 1861 eas
2506 1819 2636 1881 qum
2663 1800 2723 1861 in
2773 1801 3037 1863 secundo
3098 1799 3310 1862 ordine
3355 1800 3633 1863 secunda;

252 1891 526 1968 τάγματα·
562 1890 683 1948 ἀλλ’
715 1893 996 1968 ὁμώνυμόν
1054 1893 1200 1949 ἐστίν
1232 1891 1400 1966 ὄνομα
1443 1893 1495 1947 αἱ
1533 1889 1774 1953 δυνάμεις
1808 1890 1902 1946 λέ-

253 2002 404 2056 γεται
463 1981 586 2058 γὰρ’
623 1981 762 2038 οὕτω
802 1983 889 2038 καὶ
941 1985 1001 2038 τὸ
1057 1981 1217 2038 ἱδικὸν
1276 1983 1456 2059 τάγμα
1495 2028 1512 2059 ,
1568 1982 1656 2037 καὶ
1715 1986 1904 2044 κοινῶς

254 2069 428 2126 πάντα
473 2072 535 2126 τὰ
565 2071 840 2150 τάγματα,
899 2074 970 2137 ὡς
1017 2069 1233 2147 δύναμιν
1270 2071 1468 2151 ἔχοντά
1498 2093 1636 2132 τινα,
1686 2069 1905 2138 Ἐπειδῆ

255 2161 428 2215 τοίνυν
472 2161 546 2224 εἰς
598 2161 714 2238 τρία
757 2159 1034 2239 διῄρηνται
1078 2169 1153 2236 τῷ
1195 2161 1314 2218 κατ’
1359 2161 1544 2226 αὑτοὺς
1583 2158 1777 2234 ὑψηλῷ
1806 2159 1902 2216 λά-

260 2250 340 2326 γῲ
374 2247 464 2327 (τὰ
494 2251 595 2328 γὰρ
624 2249 806 2324 ὑψηλὰ
835 2251 1081 2326 ὑψηλῶς,
1130 2254 1214 2307 καὶ
1260 2253 1323 2306 τὰ
1373 2251 1698 2329 ὑπερκὸσμια
1741 2253 1906 2326 ὑπερ-

260 2343 496 2413 κοσμίως
572 2339 835 2420 ὀφείλουσι
913 2340 1223 2419 λέγεσθαι),
1282 2338 1565 2417 διῄρηνται
1622 2341 1790 2396 τοίνυν
1861 2340 1906 2396 οἱ

260 2433 398 2486 Θεΐοι
461 2430 578 2491 νόες
632 2431 708 2493 εἷς
766 2432 966 2510 οὐσίαν,
1001 2433 1078 2486 εἰσ
1107 2428 1348 2507 δύναμιν,
1380 2432 1466 2486 καὶ
1511 2428 1797 2507 ἐνέργειαν,
1831 2431 1904 2491 ὡς

260 2521 314 2574 ὲν
345 2519 714 2598 ὑποδείγματι,
767 2521 940 2577 οὑσίαν
987 2521 1084 2598 μὲν
1131 2522 1273 2576 εἶναι
1330 2521 1427 2586 τὴν
1481 2527 1575 2576 τοὺ
1619 2520 1776 2596 πυρὸς
1806 2518 1905 2599 φό-

261 2633 367 2688 σιν,
398 2607 611 2684 δύναμιν
655 2608 709 2664 δὲ
764 2611 961 2676 ταύτης
1013 2612 1073 2667 τὸ
1124 2612 1441 2690 φωτιστικὸν
1475 2613 1559 2665 καὶ
1592 2612 1652 2665 τὸ
1684 2631 1903 2665 καυστι-

261 2700 382 2772 κοθ,
417 2699 687 2778 ἐνέργειαν
729 2697 781 2755 δὲ
811 2701 872 2755 τὸ
914 2703 1010 2766 τῆς
1066 2697 1334 2775 δυνάμεως
1387 2699 1748 2773 ἀποτέλεσμα,
1783 2703 1901 2755 οἷον

262 2791 322 2844 τὸ
367 2790 613 2868 φωτίζειν
647 2790 734 2846 καὶ
811 2791 872 2846 τὸ
928 2792 1116 2852 καίειν,
1181 2787 1400 2856 Ἐπειδὴ
1451 2799 1614 2847 ταῦτα
1669 2789 1758 2844 καὶ
1793 2811 1897 2844 κα-

259 2877 474 2934 λοῦνται
543 2878 803 2943 πολλάκις
854 2881 942 2936 καὶ
995 2881 1054 2935 ἐκ
1111 2885 1210 2946 τῆς
1267 2881 1467 2949 οὖσὶας,
1520 2877 1605 2934 ὅτε
1654 2877 1900 2956 λέγονται

269 2967 377 3030 δόες
407 2966 446 3034 ἢ
476 2969 772 3043 πνεύματα⁸
829 2968 1110 3025 καλοῦνται
1159 2971 1245 3024 καὶ
1306 2969 1410 3024 ἀπὸ
1468 2969 1566 3034 τῆς
1617 2967 1898 3045 ἐνεργείας,

260 3057 351 3112 ὅτε
380 3056 601 3135 ἄγγελοι
657 3059 918 3135 λέγονται·
973 3058 1069 3114 οὑκ
1111 3059 1409 3121 ἀπεικότως
1465 3056 1748 3114 καλοῦνται
1815 3060 1964 3148 καὶϐ

259 3145 368 3200 ἀπὸ
420 3150 518 3211 τῆς
550 3143 818 3222 δυνάμεως
849 3146 1120 3224 δυναμεις.
1156 3139 1292 3205 ’Ὅτε
1348 3147 1518 3204 τοίνυν
1573 3145 1811 3208 ἅπαντας
1870 3146 1904 3214 ἢ

259 3235 409 3298 τινάς
461 3234 633 3293 αὑτῶν
693 3235 817 3316 δίχα
859 3238 1000 3302 τινος
1059 3237 1508 3317 παρατηρήσεως,
1541 3236 1778 3314 οὑρανίας
1810 3239 1904 3295 οὑ-

265 3324 383 3390 σίας
435 3324 472 3392 ἢ
529 3325 768 3404 οὐρανίας
800 3325 1044 3402 δυνάμεις
1096 3325 1492 3400 ἀποκαλοῦμεν,
1538 3325 1746 3394 οἰητέον
1803 3324 1907 3400 ἐμ-

263 3413 467 3492 φαίνειν
518 3415 606 3470 καὶ
662 3413 975 3472 ἐκδεικνύειν
1029 3417 1173 3492 ἡμας
1233 3415 1421 3480 αὑτοὺς
1464 3416 1581 3478 τοὺς
1627 3413 1748 3488 πτρὶ
1775 3415 1848 3468 ῶν
1879 3413 1906 3468 ὁ

265 3504 452 3581 λόγος,
512 3505 648 3561 κατὰ
701 3527 817 3561 τινα
862 3518 1118 3585 περισσὴν
1175 3505 1382 3582 φράσιν·
1428 3504 1542 3560 ἀντὶ
1571 3505 1670 3582 γὰρ
1700 3511 1792 3561 τοῦ
1823 3503 1903 3556 εἶ-

265 3598 391 3651 πεῖν
444 3592 729 3675 ἀγγέλους,
786 3594 1014 3674 λέγομεν
1071 3595 1308 3674 οὐρανίας
1362 3593 1564 3666 οὑσίας,
1597 3591 1632 3660 ἢ
1665 3591 1903 3670 οὐρανίας

265 3683 535 3764 δυνάμεις,
567 3684 630 3740 ἐκ
678 3691 778 3753 τῆς
833 3691 1018 3754 κοινῆς
1075 3687 1246 3742 αὐτῶν
1303 3683 1500 3763 οὗσίας,
1549 3683 1584 3750 ἢ
1629 3682 1715 3737 καὶ
1759 3679 1906 3736 δυνά·

265 3797 434 3855 μεως,
467 3775 565 3844 τῆς
595 3765 718 3832 καθ’
759 3775 980 3834 ἕκαστον
1029 3774 1420 3857 ἐμφαινομένης
1465 3775 1656 3834 αὐτῶν,
1693 3775 1764 3830 Ob
1795 3771 1905 3847 μὴν

265 3865 318 3922 δὲ
348 3865 583 3941 οἰητέον,
617 3866 936 3944 προσάπτειν
992 3867 1134 3942 ἡμᾶς
1193 3864 1319 3930 ταῖς
1368 3861 1776 3931 ὑποϐεϐηκυίαις
1809 3860 1906 3916 οὑ-

271 3963 406 4021 σιαις
463 3957 567 4024 την
601 3954 839 4024 ἶδιοτητα
893 3961 1001 4014 τῶν
1050 3954 1228 4021 καλῶς
1284 3953 1693 4032 διακεκριμένων
1744 3951 1908 4031 ἁγίων

272 4045 544 4124 δυνάμεων
598 4047 690 4126 (αἴ
747 4044 813 4114 δὴ
883 4045 1036 4124 ἅγιαι
1103 4043 1344 4121 δυνάμεις
1393 4044 1758 4123 ὑπερκείμεναί
1812 4043 1908 4098 εἰσι

269 4139 400 4214 πρὸς
455 4137 522 4193 τὰ
571 4135 873 4217 ὑφειμένα).
928 4142 1094 4194 Τοῦτο
1143 4136 1243 4215 γὰρ
1301 4135 1419 4210 ἐμοὶ
1461 4132 1644 4212 λόγος,
1680 4131 1772 4189 ’ίνα
1831 4132 1907 4205 μὴ

270 4228 471 4295 οἱηθείη
499 4227 579 4291 τίς
609 4249 659 4284 τι
704 4237 995 4302 τοιοῦντον,
1049 4226 1129 4284 ὅτι
1187 4227 1564 4305 προσάπτομεν
1604 4236 1726 4286 ταῖς
1755 4222 1909 4302 ὑφει-

269 4317 454 4393 μέναις
508 4319 573 4374 τα
628 4319 998 4394 ὑπερκείμενα,
1031 4315 1135 4378 Καὶ
1162 4315 1354 4393 λύομεν
1403 4315 1635 4372 ἐντεῦθεν
1664 4313 1763 4379 τὴν
1792 4312 1910 4390 περὶ

1989 1901 2153 1964 sunt,
2192 1890 2366 1951 modo
2395 1908 2532 1951 vero
2565 1909 2774 1952 omnes
2804 1890 3046 1952 ordines
3076 1889 3350 1954 caelestes
3381 1912 3394 1953 :
3426 1908 3631 1953 verum

1989 1979 2102 2040 hoc
2135 1997 2350 2041 nomen
2386 1979 2622 2040 virtutis
2650 1986 2739 2040 est
2756 1980 3305 2060 aequivocummam
3341 1984 3458 2040 tam
3484 1979 3631 2041 ordo

1991 2069 2267 2148 proprius
2293 2088 2466 2150 quam
2499 2069 2557 2130 in
2589 2069 2891 2132 communi
2925 2088 3134 2132 omnes
3165 2069 3498 2132 ordinesita
3524 2088 3633 2130 no-

1993 2159 2312 2233 minantur,
2359 2168 2561 2239 utpote
2612 2159 2807 2240 aliqua
2848 2159 3063 2221 virtute
3089 2159 3632 2239 praeditillumita-

1988 2266 2102 2326 que
2122 2265 2228 2327 pro
2256 2246 2496 2308 sublimi
2517 2266 2619 2308 sua
2640 2249 2866 2309 ratione
2886 2249 2943 2308 in
2971 2250 3079 2309 tria
3108 2246 3463 2322 dividantur,
3478 2257 3632 2319 (nam

1988 2335 2268 2396 sublimia
2299 2337 2636 2399 sublimiter
2658 2344 2718 2400 et
2745 2337 3238 2417 supermundiala
3267 2354 3632 2418 supramun-

1987 2425 2223 2486 dialiter
2253 2426 2532 2505 distingui
2559 2426 2796 2500 debent)
2829 2427 3202 2506 dividuntur,
3235 2425 3501 2507 inquam,
3535 2426 3631 2485 di-

1989 2515 2136 2575 vinze
2165 2524 2400 2576 mentes
2425 2515 2483 2576 in
2519 2515 2864 2591 essentiam,
2912 2515 2973 2577 in
3003 2517 3301 2597 virtutem,
3331 2524 3390 2578 et
3419 2533 3634 2594 opera-

1988 2603 2233 2677 tionem;
2261 2605 2340 2664 ita
2373 2613 2435 2664 ut
2493 2606 2746 2686 exempli
2768 2607 2976 2686 gratia,
3005 2606 3262 2668 essentia
3282 2603 3525 2686 quidem
3552 2605 3631 2666 sit

1989 2700 2197 2754 natura
2221 2694 2587 2773 ignis,virtus
2609 2713 2748 2757 vero
2775 2697 2861 2757 vis
2895 2694 3275 2756 illuminandi
3307 2703 3365 2756 et
3397 2695 3632 2766 urendi,

1984 2784 2244 2862 operatio
2277 2784 2534 2864 denique
2568 2784 2796 2846 virtutis
2817 2785 3524 2866 complementum,quale
3539 2791 3633 2847 est

1985 2873 2324 2934 illuminare
2339 2888 2393 2936 et
2408 2873 2760 2937 urere.Cum
2781 2875 2978 2956 itaque
3008 2893 3417 2954 saepenumero
3435 2875 3610 2936 etiam

1986 2963 2059 3024 ab
2093 2964 2580 3026 essentiauomen
2614 2963 3005 3044 accipiant,ut
3035 2963 3516 3044 quandomentes
3538 2963 3630 3025 vel

1989 3053 2234 3132 spiritus
2261 3064 2525 3130 vocatur;
2559 3055 2918 3134 quandoque
2947 3055 3122 3115 etiam
3179 3053 3252 3114 ab
3285 3052 3632 3133 operatione

1989 3141 2394 3217 nominentur,
2433 3153 2492 3204 ut
2523 3163 2655 3205 cum
2685 3142 2878 3221 angeli
2913 3149 3333 3223 nuncupantur
3363 3161 3478 3204 non
3515 3143 3634 3204 im-

1991 3236 2202 3294 merito
2233 3233 2683 3295 etiamavirtute
2706 3235 2950 3294 virtutes
2969 3231 3635 3313 appellantur.Quando

1989 3321 2168 3398 igitur
2183 3338 2390 3384 omnes
2410 3323 2497 3384 vel
2516 3323 2739 3402 aliquas
2763 3339 2974 3384 earum
2991 3322 3120 3383 sine
3135 3322 3252 3384 ulla
3263 3320 3636 3384 observatio-

1991 3428 2067 3472 ne
2097 3411 2372 3473 caalestes
2399 3413 2688 3474 essentias
2712 3411 3087 3474 velcaalestes
3109 3411 3353 3472 virtutes
3375 3411 3634 3491 appella-

1991 3500 2610 3576 mus,existimandum
2641 3509 2752 3576 est,
2780 3519 2888 3562 nos
2921 3501 3056 3562 illos
3085 3501 3390 3562 insinuare
3419 3519 3487 3561 ac
3519 3501 3630 3562 de-

1991 3597 2322 3652 monstrare
2357 3591 2431 3652 de
2463 3592 2684 3672 quibus
2713 3590 2888 3652 nobis
2927 3609 3124 3652 sermo
3157 3597 3267 3663 est,
3301 3590 3631 3651 secundum

1990 3679 2248 3758 pbrasim
2281 3679 2540 3756 aliquam
2571 3680 2972 3742 abundantem
3001 3700 3014 3742 :
3041 3698 3147 3759 pro
3177 3697 3248 3740 eo
3280 3677 3438 3739 enim
3473 3677 3633 3758 quod

1988 3766 2326 3830 diceremus
2340 3769 2605 3850 angelos,
2639 3767 2894 3831 dicimus
2921 3767 3195 3830 cmlestes
3220 3768 3634 3848 essentias,vel

1991 3855 2264 3918 ccelestes
2288 3857 2633 3938 virtutes,ex
2653 3857 2955 3920 communi
2985 3856 3223 3919 illorum
3248 3857 3627 3933 essentia,vel

1991 3946 2166 4008 etiam
2191 3947 2406 4010 virtute
2436 3966 2570 4025 qua
2591 3948 2650 4008 in
2671 3948 2920 4027 singulis
2961 3946 3212 4010 relucet.
3236 3945 3621 4028 Nequaquam

1991 4044 2192 4099 autem
2217 4037 2673 4101 existimandum
2700 4048 2930 4112 est,nos
2950 4037 3067 4100 rite
3095 4037 3457 4117 digestarum
3479 4055 3622 4098 san-

1994 4135 2218 4189 ctarum
2245 4133 2522 4191 virtutum
2565 4128 2983 4210 prOprietatem
3019 4125 3404 4190 inferioribus
3427 4143 3635 4188 essen-

1996 4219 2091 4280 tiis
2110 4219 2434 4283 attribuere
2456 4222 2870 4302 (superpositae
2892 4220 3096 4300 utique
3126 4228 3264 4281 sunt
3293 4219 3638 4298 superiores

1993 4309 2236 4370 virtutes
2265 4310 2832 4387 inferioribus).Hoc
2851 4313 3009 4373 enim
3035 4311 3193 4385 dico,
3231 4328 3305 4371 ne
3337 4307 3470 4390 quis
3493 4309 3635 4390 quid

266 4416 379 4483 τοῦ,
415 4414 536 4470 πῶς
567 4410 758 4471 κοινῶς
814 4409 879 4466 τὰ
936 4407 1149 4484 οὑράνια
1185 4409 1434 4485 τάγματα
1464 4404 1708 4483 λέγονται
1738 4404 1905 4480 ἀγγε-

1994 4398 2194 4460 simile
2211 4400 2703 4481 existimet,quasi
2717 4400 3098 4462 inferioribus
3118 4398 3459 4480 superiores
3481 4417 3636 4461 coae-

267 4498 374 4574 λοι,
460 4496 820 4558 διδασκαλίαν.
897 4499 1023 4576 Περὶ
1077 4495 1132 4554 δὲ
1206 4503 1311 4554 τῶν
1378 4493 1766 4574 ὑπερκειμένων
1819 4492 1906 4548 καὶ

270 4590 430 4654 αὑτὰς
486 4587 582 4654 τὰς
641 4587 910 4665 δυνάμεις,
972 4587 1138 4651 οωείς
1198 4610 1287 4652 μοι
1334 4586 1517 4665 λόγος,
1551 4587 1596 4640 εἰ
1627 4583 1716 4640 καὶ
1745 4588 1910 4639 ταῦτα

271 4679 518 4756 δυνάμεις
577 4677 888 4738 καλοῦνται*
948 4677 1076 4736 αὑτὰ
1147 4678 1246 4756 γὰρ
1302 4677 1374 4740 ὡς
1428 4675 1778 4753 ὑπερκείμενα
1845 4673 1911 4728 τα

270 4769 538 4848 προσόντα
581 4781 697 4831 τοῖς
756 4767 1055 4847 ὑφειμένοις
1103 4766 1296 4830 ὑλικῶς
1353 4765 1560 4846 ἔχουσι,
1587 4766 1651 4821 τα
1678 4761 1731 4819 δὲ
1759 4765 1912 4842 ὑφει-

272 4859 401 4935 μένα
431 4859 501 4916 τᾶ
528 4863 637 4938 τῶν
677 4857 1066 4937 ὑπερκειμένων
1097 4861 1201 4938 οὔχ
1251 4855 1444 4922 ὑλικῶς
1499 4855 1740 4935 ἔχουσιν,
1775 4850 1913 4908 ἀλλὰ

437 4953 467 4964 -
585 4937 621 4976 ν,
680 4945 702 4965 α
838 4948 851 4969 ,
1101 4947 1111 4964 ρ
1360 4947 1373 4968 ε
1599 4944 1609 4962 ι

273 4971 528 5028 μερικως.
630 4961 758 5006 υοεν
802 4971 898 5006 ονκ
926 4947 1288 5028 ἀνατρεπομεν
1321 4969 1417 5016 την
1445 4947 1710 5023 ἡμετεραν
1741 4943 1914 4999 ὁπωσ-

273 5047 360 5096 οὑν
418 5035 778 5094 διδασκαλίαν·
815 5038 952 5094 κατὰ
1009 5037 1108 5116 γὰρ
1149 5039 1242 5093 τὸν
1291 5033 1549 5100 πολλάκις
1599 5035 1735 5107 ἡμῖν
1768 5031 1910 5087 ἀπο-

273 5128 485 5187 δοθέντα
539 5125 704 5206 λόγον
756 5128 872 5207 περὶ
914 5128 1108 5198 αὑτῶν,
1163 5127 1215 5182 αἱ
1247 5125 1343 5202 μὲν
1373 5121 1786 5204 ὑπερϐεϐηκοται
1817 5121 1911 5182 τὰς

270 5219 374 5277 τῶν
401 5217 702 5300 ὑγειμένων
747 5219 964 5298 ἔχουσιν
1005 5213 1298 5296 ἱδιότητας,
1329 5213 1466 5271 ἀλλὰ
1520 5219 1806 5294 περισσῶς,
1840 5211 1914 5275 ὡς

269 5311 356 5368 καὶ
384 5307 551 5368 πλέιν
599 5331 650 5368 τι
689 5306 932 5389 ἔχουσαι⁹
967 5308 1020 5364 αἱ
1069 5303 1124 5363 δὲ
1153 5304 1454 5362 τελευταῖαι
1483 5305 1576 5368 τὰς
1605 5307 1709 5361 τῶν
1751 5303 1914 5380 ὅπερ·

270 5396 570 5468 ϐεϐηκυιῶν
629 5396 892 5466 ὁλότητας
947 5394 1212 5474 οὐδαμῶς,
1273 5399 1501 5473 μερικῶς
1530 5391 1586 5450 δὲ
1617 5395 1691 5458 εἱς
1753 5390 1914 5453 αὑτὰς

1991 4507 2266 4569 quemue.
2302 4493 2498 4571 Atque
2542 4491 2683 4554 hinc
2715 4491 3008 4554 solvimus
3052 4491 3211 4552 illam
3247 4489 3635 4568 quaestionem

1992 4579 2116 4641 sive
2147 4579 2499 4655 doctrinam,
2544 4581 2838 4662 quomodo
2889 4581 3161 4643 ccelestes
3189 4579 3431 4640 ordines
3464 4579 3635 4658 vulgo

1994 4669 2189 4748 angeli
2218 4670 2613 4750 appellentur.
2651 4671 2734 4732 De
2767 4669 3179 4752 superioribus
3202 4677 3421 4744 autem,
3449 4667 3638 4731 adeo-

1997 4779 2114 4841 que
2145 4760 2218 4821 de
2250 4760 2392 4840 ipsis
2426 4761 2973 4836 virtutibus,nullus
2999 4761 3141 4823 mihi
3170 4779 3367 4822 sermo
3395 4768 3506 4836 est,
3543 4769 3638 4822 ta-

1997 4851 2168 4912 metsi
2215 4851 2306 4911 ha;
2347 4869 2581 4930 quoque
2610 4850 2855 4912 virtutes
2885 4859 3302 4932 nuncupentur
3334 4867 3348 4912 :
3375 4849 3521 4930 ipsa“:
3551 4849 3640 4912 si-

1996 4939 2233 5020 quidem
2269 4947 2540 5020 tanquam
2574 4940 2913 5020 superiores
2945 4959 3014 5002 ea
3045 4956 3174 5021 quae
3223 4947 3359 5001 sunt
3389 4940 3448 5000 in
3479 4939 3638 5002 infe-

1995 5028 2259 5092 rioribus
2306 5029 2627 5092 universim
2667 5030 2906 5106 habent,
2935 5047 3135 5092 verum
3161 5029 3477 5092 inferiores
3529 5048 3639 5092 ne-

1998 5138 2294 5200 quaquam
2315 5120 2774 5193 unlversim,sed
2800 5129 3020 5182 tantum
3047 5139 3115 5182 ex
3139 5127 3306 5202 parte
3325 5116 3548 5181 habent
3569 5137 3640 5181 ea

1997 5228 2133 5291 qua:
2147 5208 2523 5290 superiorum
2546 5206 3016 5274 sunt.Unde'non
3039 5210 3357 5274 evertimus
3379 5210 3650 5270 bancno-

1995 5306 2179 5362 stram
2203 5300 2683 5382 qualemcunque
2709 5301 3064 5381 doctrinam;
3089 5319 3226 5363 nam
3267 5301 3431 5379 juxta
3455 5299 3644 5360 ratio-

1996 5407 2134 5452 nem
2156 5407 2333 5471 quam
2354 5407 2513 5470 saepe
2527 5389 2602 5453 de
2624 5391 2718 5453 his
2735 5390 3379 5474 dedimus,superiores
3400 5387 3644 5466 quidem

271 5492 323 5548 ἀί
348 5501 724 5573 πρωτοφανετς
782 5485 1076 5566 incipe“;
1107 5483 1193 5543 διὰ
1220 5488 1326 5543 τῶν
1374 5480 1905 5573 πρώτωνλέιναλόγως

1992 5477 2339 5573 inferiorum
2362 5481 2779 5573 proprietates
2803 5481 3257 5573 b_abent,verum
3277 5477 3638 5573 eminenter,

273 5567 404 5644 τοῖς
436 5567 804 5658 ὑποκειμένοις
860 5575 1355 5657 διαπορθμεύονται.
1407 5581 1568 5632 Δοκει
1595 5571 1651 5631 δέ
1677 5593 1788 5639 πως
1818 5572 1905 5628 ὲν-

1993 5569 2254 5632 ntetiam
2277 5567 2420 5650 quid
2463 5569 2720 5651 amplius
2761 5569 3040 5646 habeant;
3089 5576 3403 5658 postremas
3439 5571 3640 5658 autem

272 5670 431 5730 ταῦθα
487 5656 690 5753 λέγειν,
737 5669 820 5727 ὅτι
858 5667 979 5728 κατ’
1008 5656 1150 5737 ἆξίαν
1203 5667 1257 5726 αὶ
1305 5663 1581 5747 ἀγγελιιιαὶ
1611 5661 1905 5740 διακοσμή-

1993 5659 2368 5742 superiorum
2395 5659 2658 5724 to'taliter
2679 5678 3053 5742 nequaquam
3077 5656 3378 5737 obtinent,
3399 5656 3503 5720 sed
3536 5669 3646 5734 per

3627 5769 3681 5819 [Α.
