4042 6206
474 316 591 389 303

1618 320 1679 387 s.
1731 316 2071 389 DIONYSII
2126 310 2656 390 AREOPAGITIE.

3728 321 3841 398 304

461 466 656 521 autem
674 456 902 538 Deique
919 455 1559 537 imitatione,quaelibet
1576 458 1851 539 superior
1872 477 1940 520 ex
1972 476 2098 540 par-

2192 462 2323 530 ἱερᾶς
2385 462 2705 535 Θεογνωσίᾶς
2751 482 2806 516 τε
2865 462 2955 518 καὶ
2998 464 3347 539 θεομιμησίας
3402 467 3472 530 ὡς
3508 464 3572 523 δι’
3621 468 3837 526 ἆκείνων

463 556 521 611 te
554 547 874 627 cujuslibet
893 545 1294 621 inferioris,ad
1319 565 1493 627 quam
1517 547 1998 626 ejusinterventu
2024 548 2111 609 dio

462 637 597 699 vina
628 635 853 698 lumina
883 634 1655 716 trajiciuntur.‘Supremam
1687 636 1866 716 igitur
1896 638 2107 701 caeles-

466 726 608 788 tium
654 723 1182 804 intelligentiarum
1229 724 1706 807 dispositionem,
1757 735 2108 789 caeterorum

463 815 809 894 angelorum
854 813 1120 876 omnium
1166 815 1466 896 essentias,
1493 815 1632 896 jure
1710 817 1921 878 merito
1980 826 2111 898 post

462 903 1283 979 Deum,omnissacrosanctze
1305 906 1413 967 Dei
1438 904 1795 982 cognitionis
1820 906 2106 967 imitatio-

463 995 675 1075 nisque
699 992 1062 1075 principium
1109 1011 1242 1057 esse
1276 995 1713 1076 censent,quod
1768 996 2025 1077 perillas
2049 998 2107 1059 in

464 1100 674 1146 omnes
702 1084 776 1145 ad
808 1101 917 1145 nos
935 1101 1122 1163 usque
1143 1082 1252 1146 Dei
1288 1083 1639 1164 principalis
1670 1084 1984 1148 illustratio
2004 1087 2107 1147 de-

462 1173 726 1251 rivetur;
759 1182 1121 1254 quapropter
1149 1190 1376 1234 sacram
1399 1191 1636 1236 omnem
1656 1174 1883 1255 Deique
1906 1176 2106 1237 imita—

462 1263 671 1325 tricem
686 1268 977 1324 actionem
994 1262 1069 1324 ad
1099 1264 1285 1326 Deum
1319 1262 1563 1342 quidem
1599 1270 1662 1325 ut
1691 1274 1990 1327 auctorem
2012 1284 2103 1328 re-

461 1352 681 1428 ferunt,
707 1350 780 1414 ad
804 1356 1023 1433 primas
1057 1358 1251 1413 autem
1291 1370 1357 1414 ac
1401 1352 1727 1415 deiformes
1757 1362 2007 1435 mentes,
2042 1365 2105 1416 ut

2193 550 2265 614 εἰς
2297 548 2470 613 πάσας
2514 550 2601 605 καὶ
2643 551 2716 615 εἰς
2754 552 2899 627 ἡμᾶς
2945 548 2970 593 ⁷
3014 557 3113 619 τῆς
3170 556 3465 634 Θεαρχικῆς
3517 555 3835 634 ἐλλάμψεως

2192 636 2560 714 διαδιδομένης
2595 654 2610 669 '
2671 638 2750 696 διὸ
2807 641 2893 696 καὶ
2943 645 3118 698 πᾶσαν
3172 643 3315 721 ἱερὰν
3362 646 3450 700 καὶ
3516 647 3839 722 θεομίμητον

2194 728 2462 817 ἐνεργειαν
2520 728 2605 785 ἐπὶ
2653 731 2779 786 Θεὸν
2841 730 2939 806 μὲν
2997 732 3070 795 ὡς
3125 733 3309 789 αθίτιον
3366 732 3732 817 ἀναφέρουσιν,
3754 738 3843 794 ἰπὶ

2195 816 2250 873 δὲ
2293 819 2414 881 τοὺς
2500 819 2743 896 πρώτους
2808 818 3061 884 Θιοειδεϊς
3147 822 3270 886 νόας
3316 823 3386 888 ὡς
3472 816 3842 904 πρωτουργοὺς

2190 913 2296 964 τῶν
2366 908 2517 963 θείων
2580 909 2668 964 καὶ
2724 906 3091 975 διδασχὰλους.
3138 912 3336 968 Οὗκοῦν
3407 913 3441 980 ἡ
3489 914 3674 991 πρώτη
3732 922 3847 985 τῶν.

2192 996 2355 1075 ἁγίων
2399 995 2644 1075 ἀγγέλων
2694 995 3046 1072 διακόσμησις
3078 997 3283 1072 μᾶλλον
3327 999 3548 1058 ἀπασῶν
3592 1001 3710 1082 ἔχει
3741 1003 3843 1071 τὴν

2190 1086 2452 1165 ἐμπόριον
2521 1084 2783 1167 ἰδιότητα,
2830 1089 2917 1144 καὶ
2938 1089 3037 1155 τὴν
3079 1088 3388 1169 κεχυμένην
3424 1094 3522 1159 τῆς
3547 1094 3845 1172 θεαρχικῆς

2191 1175 2374 1257 σοφίας
2422 1173 2744 1253 μετάδοσιν,
2815 1177 2903 1233 καὶ
2953 1179 3011 1234 τὸ
3053 1181 3346 1258 γνωστικὸν
3402 1181 3502 1247 τῆς
3542 1178 3845 1259 ὑπερτάτης

2187 1273 2295 1323 τῶν
2340 1265 2507 1322 Θείων
2566 1264 2889 1342 ἐλλάμψεῶν
2958 1266 3286 1344 ἐπιστήμης,
3343 1269 3429 1325 καὶ
3479 1270 3579 1337 την
3636 1272 3847 1349 θρονίαν

2185 1350 2432 1422 ῖδιότητα
2462 1355 2562 1423 τὴν
2604 1354 3053 1431 ἀναπεπταμένην
3116 1355 3394 1437 θεοδοχίαν
3438 1358 3792 1439 ἐμφαίνουσιν
3825 1376 3843 1393 ⁸

462 1442 778 1524 primarios
811 1440 1125 1506 effectores
1146 1440 1481 1503 divinorum
1514 1461 1760 1523 operum
1784 1463 1851 1508 ac
1883 1445 2102 1522 magis-

2195 1446 2246 1502 αἱ
2286 1444 2342 1501 δὲ
2396 1445 2503 1501 τῶν
2539 1444 2833 1523 ὑφειμένων
2877 1445 3063 1502 οὐσιῶν
3111 1444 3491 1522 διακοσμήσεις
3538 1454 3634 1516 τῆς
3667 1451 3846 1524 ἐμπυ-

463 1532 817 1596 tros.Prima
851 1531 1050 1611 itaque
1082 1539 1427 1593 sanctorum
1454 1532 1799 1611 angelorum
1822 1532 2103 1596 distribu-

2198 1536 2332 1615 ρίου,
2364 1540 2465 1600 τῆς
2499 1540 2695 1615 σοφῆς,
2769 1539 2867 1601 τῆς
2899 1541 3226 1616 γνωστικῆς,
3270 1542 3367 1603 τῆς
3395 1536 3648 1619 θεοδόχου
3679 1538 3845 1596 εὐνά-

462 1621 543 1684 tio
575 1621 766 1700 magis
792 1638 915 1701 prae
943 1619 1199 1701 reliquis
1229 1621 1463 1698 igneam
1516 1623 1933 1703 proprietatem
1965 1644 2103 1685 con-

2198 1647 2339 1701 μεως
2395 1623 2682 1704 μετέχουσι
2744 1624 2862 1699 μὲν,
2935 1626 3227 1705 ὑφειμένως
3285 1624 3360 1707 δὲ,
3421 1629 3507 1685 καὶ
3565 1631 3698 1709 πρὸς
3742 1631 3843 1691 τὰς

462 1711 629 1787 tinet,
648 1712 956 1791 fusamque
997 1709 1217 1771 divinze
1249 1709 1559 1791 sapientia:
1602 1712 2103 1785 communionem,

2199 1716 2411 1795 πρώτας
2443 1714 2666 1792 ὁρῶσαι,
2729 1716 2816 1770 καὶ
2882 1712 2948 1769 δι’
3007 1716 3175 1771 αἰτῶν
3245 1718 3317 1781 ὡς
3376 1727 3467 1775 τοῦ
3508 1721 3845 1794 Θεομιμήτου

460 1820 526 1862 ac
554 1799 1149 1863 summaedivinarum
1184 1799 1645 1862 illustrationum
1669 1802 2103 1864 scientiaeusum

2200 1804 2550 1883 πρωτουργῶς
2595 1803 2904 1879 ἠξιωμένων
2963 1806 3050 1861 ἒπὶ
3106 1809 3168 1861 τὸ
3198 1808 3290 1863 τοῦ
3331 1804 3587 1872 θεοειδοῦς
3625 1808 3846 1888 ἐφικτὸν

458 1898 632 1972 atque
665 1890 962 1972 peritiam,
994 1890 1253 1970 soliique
1286 1889 1735 1973 proprietatem,
1780 1911 1911 1971 quae
1943 1902 2103 1972 patu-

2199 1893 2544 1971 ἆναγόμέναι.
2607 1894 2708 1957 Τὰς
2765 1893 3044 1971 εἰρημέναις
3103 1896 3187 1949 οὖν
3220 1896 3370 1973 ἁγίας
3424 1893 3713 1969 ἰδιότητας,
3767 1897 3844 1953 ὧν

456 1980 572 2043 lam
604 1980 677 2043 ad
698 1980 883 2044 Deum
901 1979 1316 2060 excipiendum
1354 1980 1741 2060 capacitatem
1762 1981 2103 2045 indicatzin-

2197 1987 2251 2040 ἓν
2283 1983 2532 2060 μετουσίᾳ
2561 1982 2644 2042 διὰ
2686 1983 2791 2039 τῶν
2823 1984 3047 2062 πρώτων
3085 1985 3136 2039 αἱ
3178 1985 3312 2059 μετὰ
3359 1986 3515 2049 αὐτὰς
3547 1988 3715 2043 οὖσὶαι
3739 2010 3844 2064 γε-

456 2071 739 2133 feriorum
771 2078 971 2133 autem
1019 2068 1416 2132 essentiarum
1472 2070 1908 2151 dispositiones
1938 2072 2103 2150 hujus

2198 2073 2442 2152 γόνασιν,
2473 2075 2660 2135 αὐταῖς
2693 2070 2915 2138 ὲκείναίς
2960 2073 3093 2148 μετὰ
3126 2076 3255 2131 Θεὸν
3298 2077 3368 2139 ὡς
3410 2075 3685 2155 ἱεράρχαις
3712 2076 3846 2133 ἀραί

457 2160 666 2241 igneae,
688 2160 998 2243 sapientis,
1030 2158 1295 2239 scientis,
1331 2177 1399 2221 ac
1440 2158 1547 2222 Dei
1581 2162 1815 2241 capacis
1866 2161 2116 2222 virtutis
2197 2161 2451 2220 τιθέασιν.
3198 2170 3199 2173 ‘

459 2250 777 2332 participes
809 2250 1046 2331 quidem
1079 2256 1219 2311 sunt
1249 2256 1307 2310 et
1337 2249 1500 2330 ipsae,
1538 2249 1641 2311 sed
1678 2250 1947 2312 inferiori
1982 2251 2194 2330 gradu,
2227 2257 2281 2312 et
2315 2269 2448 2311 cum
2482 2257 2758 2330 respectu
2807 2250 2878 2312 ad
2914 2250 3145 2331 priores
3177 2270 3280 2331 per
3311 2271 3482 2333 quas,
3516 2260 3582 2313 ut
3626 2251 3848 2317 divinae

456 2341 798 2402 imitationis
830 2339 1350 2421 praeformatriccs,
1387 2339 1459 2401 ad
1495 2339 1959 2403 deiformitatem
1992 2360 2095 2421 pro
2129 2349 2302 2422 captu
2334 2358 2439 2401 suo
2475 2351 2928 2421 promoventur.
2965 2339 3167 2402 Dictas
3212 2347 3409 2421 itaque
3441 2343 3845 2423 proprietates

454 2440 892 2510 sacrosanct'as,
926 2448 1175 2511 quarum
1209 2429 1489 2491 secundm
1518 2442 1750 2493 naturae
1780 2450 1884 2512 per
1917 2435 2137 2511 primas
2176 2428 2498 2511 participes
2531 2428 2760 2493 cil'ecta:
2790 2436 2950 2507 sunt,
2984 2428 3058 2490 iis
3109 2428 3253 2511 ipsis
3288 2442 3422 2508 post
3452 2430 3665 2507 Deum,
3702 2443 3846 2497 tan-

457 2538 630 2601 quam
666 2519 996 2602 praepositis
1030 2520 1178 2600 suis,
1211 2526 1485 2600 acceptas
1515 2519 1736 2585 ferunt.
2064 2602 2092 2682 §
2136 2599 2213 2665 Iv

520 2707 735 2772 Aiebat
748 2707 949 2790 itaque
966 2708 1069 2790 qui
1082 2708 1208 2772 haec
1220 2706 1843 2789 referebat,visionem
1857 2709 2098 2786 quidem

454 2800 617 2864 illam
667 2798 989 2862 exbibitam
1036 2818 1169 2863 esse
1214 2797 1489 2877 theologo
1522 2797 1830 2879 aquodam
1865 2816 2093 2879 eorum,

455 2889 558 2972 qui
586 2888 758 2951 nobis
790 2898 1068 2971 praesunt,
1090 2896 1431 2954 sanctorum
1464 2905 1533 2950 ac
1555 2887 1863 2950 beatorum
1908 2908 2095 2968 ange-

2192 2892 2409 2948 τούντων
2440 2892 2576 2965 ἡμῖν
2617 2888 2779 2967 ἁγίων
2829 2889 2915 2946 καὶ
2974 2890 3244 2967 μακαρίων
3274 2887 3541 2967 ἀγγέλων,
3574 2890 3667 2946 καὶ
3699 2892 3841 2970 πρὸς

453 2980 671 3053 lorum,
705 2978 1312 3059 cujusilluminatrice
1343 2977 1811 3063 manuductione
1836 2978 1907 3041 ad
1930 2978 2100 3059 spiri—

2192 2984 2279 3050 τῆς
2299 2977 2624 3060 φωτιστικῆς
2660 2982 2816 3036 αὖτοῦ
2838 2977 3197 3057 χειραγωγίας
3220 2976 3305 3033 ἐπὶ
3326 2978 3425 3045 τὴν
3450 2978 3632 3055 νοερὰ-ι
3648 2993 3677 3037 8
3706 2978 3847 3037 ἐκείο

2268 2700 2501 2789 ’Ἔλεγεν
2535 2711 2621 2767 οὖν
2651 2709 2679 2765 ὁ
2722 2718 2885 2767 ταῦτα
2958 2709 3156 2789 φήσας,
3204 2709 3299 2778 τὴν
3343 2707 3442 2785 μὲν
3473 2707 3654 2787 ὅρασιν
3685 2710 3843 2769 ὲκεί-

2182 2824 2279 2869 νην
2338 2797 2719 2879 ὑποδτιχθῆναι
2763 2805 2838 2874 τῷ
2893 2797 3127 2877 Θεολόγῳ
3174 2796 3240 2854 δι’
3301 2799 3416 2863 ἐνὸς
3460 2805 3566 2855 τῶν
3598 2798 3843 2858 ἐπιστα-

458 3068 638 3132 talem
681 3067 854 3130 istam
904 3067 1472 3148 contemplationem
1504 3067 1692 3131 fuerat
1747 3076 2011 3141 evectus,
2043 3069 2100 3129 in

460 3177 577 3241 qua
617 3176 932 3237 supremas
974 3158 1105 3220 illas
1136 3158 1423 3220 essentias
1474 3157 1666 3238 (quasi
1708 3157 1767 3219 in
1794 3158 2099 3239 symbolis,

460 3259 524 3313 ut
550 3249 875 3326 sioloquar)
908 3248 1048 3311 vidit
1065 3249 1216 3311 infra
1236 3249 1423 3311 Deum
1457 3257 1515 3310 et
1525 3249 1690 3329 juxta
1706 3251 1890 3311 Deum
1907 3257 1964 3310 et
1988 3250 2103 3310 cir-

461 3338 727 3401 caDeum
746 3339 1271 3416 collocatas,atque
1288 3346 1556 3401 omnium
1580 3341 1827 3419 insuper
1844 3340 2102 3419 ipsarum

462 3428 1033 3510 superinell‘abiliter
1103 3430 1469 3492 eminentem
1533 3429 2103 3509 superprincipalem

458 3518 840 3594 verticem,in
866 3519 1059 3581 medio
1085 3519 1658 3599 supereminentium
1706 3518 1989 3580 virtutum
2013 3537 2105 3580 su-

458 3608 1285 3691 perpositum.Didicititaque
1300 3626 1370 3671 ex
1398 3608 1563 3671 hisce
1588 3607 1913 3670 visionibus
1929 3608 2103 3670 theo-

458 3698 1394 3779 logus,Divinitatem,secundum
1420 3718 1660 3761 omnem
1689 3706 2105 3779 supernatura-

456 3790 574 3852 lem
597 3788 1173 3862 excellentiam,sine
1195 3790 1636 3870 comparatione
1662 3796 1942 3869 praestare
1969 3806 2101 3849 om-

459 3879 518 3939 ni
550 3878 766 3940 visibili
799 3886 856 3939 et
886 3875 1169 3938 invisibili
1197 3878 1827 3958 virtuti,omnibusqne
1858 3877 2105 3958 insuper

460 3976 793 4047 exemptam
828 3984 980 4041 esse,
1005 3974 1067 4026 ut
1092 3983 1222 4044 quae
1253 3984 1327 4028 ne
1350 3966 1560 4046 primis
1585 3967 1827 4047 quidem
1850 3966 1981 4029 istis
2012 3985 2101 4028 es-

2188 3091 2284 3136 νην
2339 3068 2556 3142 θεωρίαν
2614 3067 2952 3141 ἀνατεθῆναι,
3016 3064 3133 3123 καθ’
3196 3067 3262 3134 ἣν
3293 3067 3432 3146 ἑώρα
3462 3069 3557 3131 τὰς
3604 3070 3844 3149 ὑπερτά-

2185 3177 2279 3222 τας
2336 3156 2511 3220 οὐσίας
2572 3157 2662 3231 (ὡς
2732 3155 2786 3211 ἐν
2845 3153 3129 3231 συμϐόλοις
3173 3157 3367 3224 εἰπεῖν)
3408 3157 3510 3213 ὑπὸ
3564 3159 3695 3214 θεὸν
3750 3159 3847 3245 7:“:

2187 3246 2322 3322 μετὰ
2353 3252 2484 3303 Θεοῦ
2512 3247 2540 3291 9
2580 3246 2667 3302 καὶ
2710 3245 2828 3324 περὶ
2873 3246 3001 3302 Θεὸν
3057 3243 3354 3325 ἱδρυμένας,
3400 3248 3488 3303 καὶ
3518 3246 3619 3314 τὴν
3661 3243 3849 3303 ἁπάν-

2193 3357 2293 3391 των
2351 3336 2437 3391 καὶ
2494 3336 2662 3391 αὐτῶν
2718 3334 3091 3414 ὑπεραρῥήτως
3138 3334 3471 3414 ἐξῃρημένην
3506 3338 3849 3418 ὑπεράρχιον

2188 3424 2457 3503 ἀκρότητα
2512 3424 2566 3480 ἐν
2622 3424 2771 3501 μέσῳ
2821 3430 2927 3481 τῶν
2990 3422 3417 3504 ὑπερϐεϐηλυιῶν
3449 3424 3500 3468 Ῑο
3553 3425 3849 3502 δυνάμεων

2186 3511 2621 3593 ὑπεριδρυμένην.
2683 3512 3003 3588 Ἐμάνϐανεν
3059 3513 3147 3570 οὗν
3203 3528 3318 3579 τοῖς
3381 3514 3669 3593 ὁρωμένοις
3722 3514 3777 3560 ιι
3815 3518 3847 3573 ὁ

2186 3603 2460 3682 θεολόγος,
2514 3604 2595 3661 ὅτι
2638 3604 2772 3661 κατὰ
2812 3609 2987 3660 πᾶσαν
3029 3603 3333 3683 ὑπερούσιον
3362 3605 3636 3685 ὑπεροχὴν
3667 3606 3854 3684 ἀσυγ-

2187 3695 2375 3773 κρίτως
2440 3692 2739 3774 ὒπερίδρυτο
2769 3692 2822 3737 19
2894 3695 2955 3750 τὸ
3006 3701 3185 3769 Θιϊον,
3234 3694 3447 3762 ἁπάσης
3489 3696 3689 3773 ὁρατῆς
3756 3698 3857 3753 καὶ

2186 3784 2411 3863 ἀοράτου
2481 3782 2872 3862 δυνάμεως,καὶ
2926 3785 3032 3859 μὴν
3062 3783 3144 3841 ὅτι
3190 3782 3404 3841 πάντων
3446 3784 3585 3840 ἐστὶν
3630 3784 3859 3865 hippia-

2185 3874 2342 3950 μένον
2373 3875 2446 3938 ὡς
2499 3874 2748 3954 καθόλου,
2821 3872 2958 3951 μηδὲ⁹
3000 3887 3121 3941 ταῖς
3151 3874 3385 3954 πρώταις
3416 3880 3523 3931 τῶν
3552 3874 3730 3932 ὄντων
3767 3878 3865 3934 οὖ-

2184 3965 2319 4024 σίαις
2349 3964 2598 4046 ἒμφερές.
2632 3962 2849 4044 προσέτι
2906 3965 2994 4022 καὶ
3048 3966 3111 4021 τὸ
3154 3964 3366 4021 πάντων
3410 3965 3535 4023 αὐτὸ
3566 3964 3763 4045 ἀρχὴν
3796 3965 3859 4016 13

458 4056 664 4118 sentiis
688 4054 809 4116 ullo
826 4054 1001 4117 modo
1022 4054 1238 4116 similis
1263 4056 1491 4117 existat:
1516 4055 1586 4116 ad
1604 4056 1946 4134 haec,ipsam
1970 4074 2099 4116 om-

2192 4052 2271 4110 μιαί
2326 4054 2492 4110 αἰτίαν
2558 4054 2861 4111 οὐσιοποιὸν
2905 4053 3077 4130 εἶναι,
3101 4054 3189 4110 καὶ
3216 4057 3315 4120 τῆς
3340 4055 3442 4109 τῶν
3475 4050 3641 4109 ὄντων
3676 4052 3860 4111 ἀδια-

457 4145 623 4206 nium
656 4163 789 4207 esse
801 4144 1161 4226 principium
1181 4150 1238 4205 et
1257 4161 1490 4205 causam
1507 4141 2097 4219 substantiﬁcam,in-

2192 4144 2335 4199 luteo
2384 4148 2553 4219 μονῆς
2612 4142 2969 4202 ἀναλλοίωτον
3041 4141 3271 4224 ἵδρυσιν,
3330 4142 3416 4222 ὑφ’
3471 4144 3538 4210 ἧς
3604 4144 3696 4200 καὶ
3788 4146 3860 4201 τὸ

458 4232 944 4314 dissolubilisque
984 4251 1184 4294 rerum
1216 4231 1543 4295 mansionis
1572 4232 1942 4296 immutabile
1993 4236 2098 4295 ﬁr-

2192 4231 2349 4309 εἶναι,
2412 4234 2590 4290 καὶτὸ
2655 4232 2712 4289 εὖ
2769 4233 2937 4309 εἶναι,
2993 4234 3082 4291 καὶ
3139 4237 3322 4298 αὔταις
3364 4245 3489 4298 ταῖς
3527 4230 3861 4311 ὑπερϐεϐη-

459 4330 923 4397 mamentum,ex
938 4341 1053 4403 quo
1085 4330 1147 4383 ut
1178 4322 1636 4402 essent,etbene
1658 4332 2094 4403 essent,supre-

2192 4324 2350 4388 κυίαις
2375 4323 2486 4379 εστὶ
2541 4321 2829 4398 δυνάμεσιν
2874 4340 2891 4357 ⁸
2962 4326 3083 4380 εἶτα
3140 4322 3234 4387 τάς
3293 4321 3465 4379 αὒτῶν
3507 4326 3615 4378 τῶν
3657 4323 3865 4401 ἁγιω-

458 4432 571 4475 mae
599 4413 777 4476 etiam
815 4416 844 4473 1
870 4413 948 4473 14
994 4412 1239 4474 virtutes
1269 4412 1616 4475 habuissent
1646 4434 1666 4475 :
1692 4414 1849 4494 ipsas
1879 4413 2097 4476 deinde

2192 4411 2350 4470 τᾶτων
2400 4413 2628 4493 σεραφὶμ
2683 4412 2902 4489 ἐμυεῖτο
2961 4411 3214 4477 θεοειδεῖς
3256 4409 3527 4492 δυνάμεις,
3585 4416 3692 4478 τῆς
3747 4411 3866 4488 μὲν

455 4502 781 4565 deiformes
795 4502 1303 4565 sanctissimorum
1329 4504 1628 4584 seraphim
1656 4504 1901 4565 virtutes
1924 4502 2099 4566 doce-

2192 4509 2320 4577 ,ερᾶς
2377 4503 2549 4560 αὐτῶν
2606 4502 2907 4579 ἐπωνυμίας
2972 4503 3031 4559 τὸ
3090 4501 3344 4581 ἐμπόριον
3426 4502 3867 4578 σημαινούσης,

455 4590 648 4666 batur,
683 4610 934 4673 quorum
967 4609 1201 4653 sacrum
1235 4611 1452 4654 nomen
1485 4592 1624 4673 quid
1666 4592 1906 4673 igneum
1942 4592 2098 4655 desi-

2192 4594 2295 4672 rtspi
2354 4595 2412 4650 οὗ
2464 4594 2652 4673 μικρὸν
2734 4592 2949 4672 ὕστερον
3024 4591 3193 4661 ἡμεῖς
3257 4590 3501 4669 ἐροῦμεν,
3562 4593 3635 4655 ὡς
3700 4593 3868 4667 ἡμῖν

454 4682 768 4761 gnat(l'l*)
790 4683 992 4762 dequo
1009 4700 1116 4743 nos
1148 4684 1319 4763 paulo
1342 4690 1470 4763 post
1493 4683 1963 4764 dicemus,prout
1997 4702 2092 4764 po-

2192 4684 2386 4763 ;cptmbv
2442 4684 2811 4763 ὑφηγήσασθαι
2865 4684 2958 4748 τὰς
3004 4680 3090 4739 ἐπὶ
3158 4683 3220 4738 τὸ
3250 4679 3477 4745 θεοειδὲς
3520 4686 3616 4748 τῆς
3650 4679 3870 4756 ἔμπυ-

454 4772 697 4835 terimus
726 4771 1129 4851 interpretari,
1161 4773 1327 4834 istius
1349 4774 1539 4850 igneae
1568 4774 1797 4835 virtutis
1832 4773 1905 4834 ad
1935 4773 2089 4834 divi-

2192 4775 2280 4829 δίου
2337 4769 2605 4847 δυνάμεως
2660 4772 2964 4853 ἆναγωγάς.
3028 4776 3137 4840 Τῆς
3181 4771 3236 4828 δέ
3291 4777 3399 4828 τῶν
3449 4776 3659 4849 πτερῶν
3718 4771 3870 4839 ἑξα-

450 4879 587 4923 nam
613 4861 1066 4923 similitudinem
1088 4861 1597 4942 impulsus.l’orro
1638 4882 1774 4925 cum
1808 4880 2087 4927 senatum

2192 4861 2311 4930 τλῆς
2362 4860 2732 4937 ἱεροπλαστίας
2760 4863 2859 4929 τὴν
2902 4862 2987 4918 ἐπὶ
3047 4862 3109 4917 τὸ
3149 4868 3306 4919 Θεϊον
3348 4860 3402 4917 ἐν
3446 4862 3742 4942 πφώταις,
3803 4862 3870 4919 ἒν

449 4951 673 5013 alarum
700 4970 885 5015 sacras
931 4950 1185 5015 ﬁctionis
1214 4951 1543 5015 absolutam
1581 4970 1994 5036 summamque
2025 4952 2089 5015 in

2192 4953 2385 5026 Le'ntc,
2413 4951 2467 5008 ἐν
2532 4950 2859 5017 τελευταίαις
2914 4951 3161 5020 νοὴσεσιν
3210 4949 3475 5009 ἆπόλυτον
3535 4951 3623 5007 καὶ
3653 4955 3871 5032 ὓπερ-

446 5039 634 5104 Deum
693 5042 753 5104 in
784 5042 993 5123 primis
1023 5059 1091 5104 ac
1132 5042 1346 5105 mediis
1375 5041 1831 5125 novissimisque
1863 5042 2087 5108 menti-

2192 5043 2337 5109 ιατην
2384 5041 2693 5120 ἀνάστασιν,
2767 5041 2905 5101 ἀλλὰ
2987 5043 3074 5100 καὶ
3125 5043 3187 5099 τὸ
3256 5040 3581 5120 ἀπειρόπουν
3658 5044 3876 5100 abte?»

1758 5202 2023 5269 VARIIE
2074 5198 2514 5266 LECTIONES.

526 5320 599 5386 Εἷς
658 5337 778 5383 non
809 5328 925 5400 est
980 5321 1039 5383 in
1100 5322 1173 5384 D.
1232 5320 1299 5383 P.
1360 5318 1467 5385 Ch.
1550 5321 1583 5371 8
1611 5322 1709 5390 τὴν
1766 5322 1931 5400 ἱεράν,
1965 5320 2073 5399 Ch,
2108 5319 2179 5383 Ι).
2213 5321 2313 5400 SC.
2347 5318 2480 5384 Sar.
2512 5320 2860 5400 ᾇναταθῆναι,
2896 5320 2977 5400 Mr.
3011 5318 3081 5400 ὃς
3103 5317 3169 5383 Ρ.
3204 5319 3274 5387 D.
3302 5318 3409 5383 Ch.
3460 5316 3595 5384 Sar.

445 5408 696 5484 tantum
726 5399 926 5465 habet.
956 5404 1073 5484 fati
1128 5402 1292 5484 μετὰ,
1321 5403 1474 5484 ῥεόν,
1526 5399 2022 5484 qgodhseqtiitur
2082 5400 2181 5468 Sc.
2266 5399 2323 5445 4°
2343 5399 2769 5478 ὑποϐεϐηκυιῶν,
2826 5400 2895 5465 Ρ.
2938 5399 3010 5466 D.
3058 5399 3187 5466 Sar.

438 5478 495 5524 η
523 5480 906 5563 ὓπερίδρουται,
941 5481 1051 5546 Ch.
1138 5479 1187 5525 ‘3
1216 5482 1302 5539 καὶ
1331 5482 1532 5563 ἀρχήν,
1552 5478 1631 5547 Ι).
1666 5481 1773 5546 Ch.

526 5596 689 5684 (17f)
721 5601 956 5684 Nomen
988 5597 1224 5684 scilicet
1239 5596 1538 5684 Bebraice
1568 5616 1945 5680 expressum,
1977 5613 2185 5669 ωηεπιυ
2216 5599 2374 5684 quod
2411 5598 2731 5682 signiﬁcat,
2767 5598 3073 5683 ardentes,
3124 5602 3419 5684 fulgentes
3451 5616 3467 5676 ;
3534 5613 3568 5657 a
3622 5598 3892 5667 radice

444 5688 600 5737 mw.
642 5678 933 5755 incendit,
965 5679 1297 5744 succendit.
1336 5680 1566 5744 Dnacu.

3273 5401 3323 5445 ¹Ῑ
3357 5400 3707 5479 εἰρημένοις,
3790 5400 3881 5473 ι),
