4078 6204
234 338 356 407 305

1200 350 1297 413 DE
1339 347 1688 413 C(ELESTI
1734 346 2238 425 HIERARCHIA,
2271 349 2434 412 CAP.
2482 344 2648 412 ΧῐΙῙ.

3499 343 3616 412 306

230 486 324 540 καὶ
365 482 788 563 πολυπρόσωπον
859 487 996 563 δρῶν
1067 486 1097 541 ὀ
1165 485 1302 563 ἱερὸς
1369 483 1640 564 θεολόγος,
1687 487 1875 544 καὶτὸ

1974 487 2067 545 bus
2099 484 2534 561 excitationem,
2571 503 2683 548 nec
2728 501 2847 546 non
2901 483 3368 548 innumerabiles
3400 502 3606 548 eorum

231 586 356 639 τοῖς
387 585 606 648 πτεροῖς
669 571 1172 631 ἀποδιαστέλλεσθαι
1227 573 1326 641 τὴν
1381 575 1483 630 ὑπὸ
1539 575 1663 638 τοὺς
1719 574 1884 640 πόδας

233 665 326 720 καὶ
354 664 455 730 τὴν
482 663 610 741 ὑπὲρ
640 663 704 720 τά
734 664 996 742 πρόσωπα
1037 663 1282 743 θεωρίαν,
1327 663 1417 720 καὶ
1468 663 1569 730 τὴν
1641 665 1696 721 ἐν
1768 679 1883 730 τοῖς

232 753 424 826 μέσοις
453 765 671 829 πτεροῖς
728 750 1081 832 ἆεικινησίαν,
1161 753 1293 823 πρὸς
1365 752 1465 821 τήν
1537 755 1736 822 νοητὴν
1778 762 1885 812 τῶν

227 842 519 920 δρωμένων
554 842 783 920 ἀνήγετο
829 849 1050 923 γνῶσιν,
1105 842 1496 922 ἐκφαινομένης
1572 848 1717 918 αὒτῷ
1787 849 1884 912 τῆς

224 938 342 988 τῶν
403 932 706 1010 ὑπερτάτων
746 938 880 987 νοῶν
949 931 1251 1009 πολυπόρου
1322 933 1410 988 καὶ
1485 931 1881 1007 πολυθεάμονος

221 1019 525 1096 δυνάμεως,
577 1022 662 1078 καὶ
710 1026 807 1088 τῆς
856 1022 997 1097 ἱερᾶς
1049 1022 1223 1081 αὑτῶν
1254 1019 1556 1095 εὒλαϐείας,
1593 1023 1660 1092 ἣν
1705 1021 1881 1104 ἔχου-

221 1135 310 1168 σιν
337 1110 705 1187 ὑπερκοσμίως
736 1112 807 1174 εἷς
840 1109 938 1178 τήν
989 1117 1093 1167 τῶν
1146 1110 1494 1190 ὑψηλοτέρων
1523 1111 1582 1162 14
1637 1115 1732 1170 καὶ
1773 1114 1881 1190 βα-

225 1201 457 1281 θυτέρων
511 1197 707 1267 αὐθάδη
759 1201 848 1257 καὶ
898 1204 1151 1274 θρασεῖαν
1199 1202 1286 1257 καὶ
1335 1201 1614 1280 ἀνέφιγτον
1644 1201 1877 1283 ἔρευναν,

229 1292 323 1347 καὶ
393 1295 494 1357 τῆς
565 1289 620 1346 ἐν
687 1292 981 1367 συμμετρίᾳ
1039 1291 1144 1347 τῶν
1203 1291 1545 1367 θεομιμὴτων
1603 1293 1883 1372 ἐνεργειῶν

229 1378 610 1450 ἇκαταλήκτου
662 1380 750 1436 καὶ
804 1381 1093 1455 ὑψιπξτοῦς
1153 1379 1508 1448 άεικινησίας.
1569 1379 1738 1439 Ἀλλᾶ
1796 1384 1883 1440 καὶ

231 1471 333 1538 τὴν
403 1469 700 1550 θεαρχικὴν
763 1469 969 1537 ἐκείνην
1039 1471 1126 1526 καὶ
1198 1470 1554 1546 πολυτίμητον
1621 1472 1882 1547 ὑμνῳδίαν

231 1559 703 1636 ἐμυσταγωγεϊτο,
761 1561 855 1616 τοῦ
909 1559 1196 1622 τυποῦντος
1252 1561 1348 1627 τὴν
1401 1562 1585 1639 ’ὑρασιν
1653 1562 1883 1642 ἀγγέλου

235 1650 378 1705 κατὰ
407 1647 627 1724 δύναμιν
690 1655 765 1722 τῷ
821 1646 1058 1728 θεολόγῳ
1103 1647 1471 1725 μεταδιδόντος
1531 1651 1627 1719 τῆς
1687 1653 1884 1717 οἰκείας

235 1738 607 1816 ἱερογνωσίας,
640 1735 941 1796 Ἐδίδασκεν
993 1741 1079 1796 οὗν
1129 1740 1286 1795 αὑτὸν
1339 1741 1423 1796 καὶ
1458 1742 1635 1820 τοῦτο,
1668 1739 1749 1798 ὅτι
1779 1742 1883 1799 κά-

1970 573 2176 654 pedes,
2212 574 2546 656 multasque
2575 573 2756 636 facies
2783 581 3024 636 sanctus
3053 573 3156 638 ille
3188 575 3494 654 theologus
3528 575 3616 637 vi-

1969 665 2162 738 deret,
2191 671 2374 744 utque
2401 664 2513 725 alis
2535 670 2650 726 tam
2675 663 2891 744 pedum
2926 681 3100 744 quam
3129 662 3409 726 facierum
3442 683 3615 748 aspe-

1969 760 2096 814 ctus
2121 760 2492 828 arcerentur,
2513 752 2738 835 alaeque
2763 751 2973 814 media:
2999 761 3280 834 perpetuo
3309 773 3614 817 moveren-

1971 849 2084 915 tur,
2118 841 2190 904 ad
2227 841 2667 922 intelligibilem
2700 859 2905 904 eorum
2941 860 3072 923 qua:
3102 842 3382 905 cernebat
3411 848 3614 906 scien-

1969 931 2108 993 tiam
2130 930 2563 1014 adducebatur,
2588 949 2653 994 ex
2665 931 2876 1012 plicata
2899 931 2985 993 illi
3005 950 3418 1014 supremorum
3439 935 3613 1014 spiri-

1969 1029 2132 1084 tuum
2162 1021 2482 1102 multivaga
2507 1022 2884 1103 plurimaque
2907 1022 3191 1084 cernendi
3215 1021 3610 1099 facultate,sa—

1967 1129 2185 1192 eraque
2216 1129 2423 1174 eorum
2456 1111 2814 1190 reverentia,
2844 1129 3019 1193 quam
3051 1113 3613 1194 supermundialiter

1964 1199 2247 1263 exhibent
2273 1201 2335 1263 in
2359 1200 2774 1263 sublimiorum
2807 1200 3372 1282 profundiorumque
3397 1211 3610 1284 myste-

1963 1289 2188 1353 riorum
2201 1289 2479 1353 insolenti
2495 1308 2562 1353 ac
2581 1290 2897 1353 temeraria
2909 1290 3463 1374 impenetrabilique
3478 1312 3608 1373 per-

1966 1380 2346 1455 scrutatione,
2371 1399 2483 1443 nec
2508 1398 2622 1444 non
2649 1381 2871 1461 optime
2901 1379 3129 1460 digesta
3153 1379 3338 1444 Deum
3370 1382 3605 1445 imitan-

1967 1471 2110 1532 tium
2144 1471 2440 1532 actionum
2476 1469 2819 1532 incessabili
2851 1477 2909 1532 et
2952 1470 3290 1533 altivolante
3323 1480 3606 1553 perpetua

1968 1559 2253 1622 motione.
2280 1559 2438 1633 Quin
2470 1567 2530 1622 et
2558 1560 2820 1622 divinum
2847 1559 2990 1622 illud
3016 1561 3605 1643 praestantissimum-

1967 1668 2082 1730 que
2109 1649 2299 1713 laudis
2322 1651 2616 1712 canticum
2649 1649 2937 1725 discebat,
2962 1652 3172 1730 angelo
3195 1652 3296 1733 qui
3319 1652 3602 1714 visionem

1967 1737 2335 1808 efformabat.
2374 1747 2545 1820 prout
2597 1745 2855 1821 poterat,
2906 1739 3021 1820 ipsi
3070 1741 3345 1820 theologo
3375 1760 3603 1805 sacram

232 1828 418 1904 θαρσίς
448 1826 563 1883 ἐστι
595 1841 711 1912 τοῖς
741 1827 981 1884 ὄπωσοῦν
1037 1831 1294 1908 καθαροῖς
1353 1831 1384 1898 ἡ
1442 1829 1538 1897 τῆς
1588 1834 1882 1912 θεαρχικῆς

1974 1848 2134 1891 suam
2162 1828 2468 1892 scientiam
2497 1829 3000 1892 communicante.
3026 1829 3177 1903 Quin
3200 1838 3258 1892 et
3281 1832 3389 1895 hoc
3412 1832 3604 1912 ipsum

230 1915 504 1994 ὃιαυγείας
563 1909 855 1994 ἁγνότητος
892 1918 950 1968 '5
1005 1919 1078 1981 ὡς
1137 1919 1351 1998 ἐφικτὸν
1410 1921 1682 1994 μετουσία.
1717 1909 1882 1988 νλὺτὴ

1974 1918 2279 1994 edocebat,
2315 1919 2612 2001 quomodo
2643 1919 2856 1982 divina:
2883 1920 3168 1984 claritatis
3196 1939 3264 1983 ac
3296 1909 3609 1984 munditiei

233 2004 288 2062 δὲ
323 2007 408 2080 ω,
472 2007 600 2084 πρὸς
641 2007 802 2075 αὑτῆς
858 2007 1108 2087 θεαρχίας
1163 2007 1511 2087 ἐξῃρημέναις
1567 2011 1758 2075 αἰτίαις
1815 2012 1886 2076 εἷς

1974 2027 2076 2090 pro
2096 2009 2385 2090 cujusque
2403 2017 2574 2090 captu
2596 2009 3226 2092 participatio,quoquo
3246 2009 3422 2073 modo
3444 2029 3612 2074 mun-

231 2097 442 2158 πάντας
496 2096 617 2158 τοὺς
669 2097 837 2169 ἱεροὺς
892 2103 1014 2160 νόας
1067 2098 1359 2176 ὑπερνυσίψ
1391 2100 1698 2177 κρυφιότητι
1728 2099 1883 2156 τελε-

1974 2097 2062 2160 dis
2087 2098 2260 2159 etiam
2297 2106 2455 2160 esset
2485 2097 2979 2181 expiationi.Qum
3021 2119 3154 2162 cum
3189 2099 3503 2181 praecipuis
3533 2101 3609 2162 de

230 2188 605 2264 τωργουμένη
638 2184 692 2234 17
751 2200 874 2250 ταῖς
931 2188 1049 2265 περὶ
1108 2187 1270 2254 αὑτὴν
1331 2189 1403 2251 ὡς
1447 2190 1760 2264 ὑπερτάταις
1790 2188 1883 2246 δυ-

1974 2186 2164 2251 causis
2187 2207 2221 2250 a
2246 2188 2355 2250 Dei
2383 2187 2717 2270 principatu
2742 2190 2802 2251 in
2844 2189 3080 2251 cunctis
3101 2189 3286 2252 sacris
3311 2189 3610 2252 mentibus

239 2277 491 2354 νάμεσιν,
525 2276 880 2355 ἒκφανεστέρα
941 2277 1054 2338 πώς
1118 2276 1227 2333 ἐστι
1284 2278 1373 2334 καὶ
1431 2277 1633 2353 μᾶλλον
1695 2280 1883 2347 ἑαυτὴν

1974 2277 2456 2357 superessentiali
2474 2277 2729 2360 quodam
2754 2287 2982 2341 secreto
3003 2279 3609 2362 operatur,supremis

233 2367 473 2445 ἐκφαίνει
507 2367 592 2421 καὶ
623 2363 915 2421 διαδίδωσιν
949 2381 962 2395 ⁸
1023 2367 1112 2423 ἐπὶ
1155 2365 1209 2422 δὲ
1266 2368 1372 2423 τῶν
1430 2365 1684 2441 δευτέρων
1714 2369 1750 2437 ἢ
1781 2375 1885 2424 τῶν

1974 2376 2166 2429 tamen
2220 2366 2541 2428 virtutibus
2598 2367 2836 2449 Deoque
2895 2368 3181 2449 proximis
3241 2368 3612 2430 manifestior

233 2455 494 2536 ἐσχάτων
523 2456 676 2525 ἡμῶν
707 2461 902 2533 νοερῶν
934 2455 992 2506 ¹8
1047 2454 1340 2531 δυνάμεων,
1402 2459 1475 2522 ὡς
1534 2460 1698 2526 αὑτῆς
1754 2458 1884 2516 ἑκά-

1974 2455 2416 2535 quodammodo
2448 2456 2668 2531 existit;
2703 2457 2896 2538 iisque
2929 2457 3114 2536 magis
3143 2475 3207 2519 se
3251 2458 3522 2539 explanat
3552 2465 3610 2518 et

235 2569 348 2604 σττ.
383 2547 524 2601 κατὰ
562 2547 621 2600 τὸ
653 2543 874 2612 θεοειδὲς
925 2545 1223 2618 διέστηκεν,
1285 2545 1422 2603 οὕτω
1472 2547 1570 2616 τὴν
1626 2549 1798 2626 φανὴν
1832 2548 1889 2597 19

1974 2545 2237 2608 insinuat
2265 2565 2280 2621 ;
2336 2545 2614 2608 secundis
2642 2565 2779 2608 vero
2813 2546 3218 2610 uovissimisve
3247 2547 3463 2609 nostris
3491 2549 3610 2608 vir-

241 2636 411 2703 αὑτῆς
447 2632 716 2710 ἔλλαμψιν
761 2636 975 2714 συνάγει
1043 2637 1171 2714 πρὸς
1240 2637 1301 2693 τὸ
1369 2641 1465 2704 τῆς
1538 2637 1730 2700 οἰκείας
1760 2659 1889 2713 κρυ·

1977 2633 2198 2696 tutibus
2226 2636 2390 2696 hisce
2421 2635 2805 2716 spiritalibus,
2840 2643 3013 2718 prout
3043 2655 3292 2716 quaeque
3323 2655 3356 2698 a
3386 2636 3612 2698 deifor-

240 2727 498 2804 φιὸτητος
533 2725 739 2780 ἐνιαῖον
769 2723 1064 2803 ἄγνωστον.
1131 2724 1429 2800 Ἐλλάμπει
1487 2724 1540 2782 δὲ
1602 2739 1722 2790 τοῖς
1774 2728 1889 2785 καθ’

1979 2725 2179 2786 mitate
2205 2725 2334 2805 ipsa
2362 2725 2562 2806 distat,
2595 2726 2675 2788 ita
2705 2725 2928 2788 claram
2980 2728 3111 2807 ejus
3159 2726 3608 2789 illustrationem

243 2816 473 2872 ἕκαστον
505 2812 763 2889 δευτέροις
794 2812 880 2870 διὰ
909 2819 1014 2871 τῶν
1043 2814 1296 2892 πρώτων,
1333 2817 1444 2896 καὶ,
1468 2815 1512 2872 εἰ
1562 2814 1645 2873 δεῖ
1694 2818 1888 2874 συντό-

1974 2815 2046 2877 ad
2101 2815 2315 2877 secreti
2365 2814 2459 2876 sui
2506 2815 2862 2894 singularem
2895 2816 3127 2880 confert
3155 2815 3613 2892 ignorationem.

244 2928 361 2979 μως
415 2905 610 2976 εἰπεῖν,
665 2903 890 2981 πρώτως
948 2903 1010 2960 ἔκ
1057 2912 1149 2962 τοῦ
1195 2905 1409 2984 κρυφίου
1461 2907 1592 2984 πρὸς
1623 2906 1682 2963 τὸ
1714 2907 1889 2986 ἐμφα-

1976 2901 2279 2967 Secundas
2300 2922 2476 2985 porro
2503 2905 2796 2982 sigillatim
2823 2924 2928 2986 per
2950 2906 3173 2986 primas
3194 2906 3535 2986 illustrat,et
3551 2913 3617 2967 ut

242 2995 323 3055 νὲς
360 2993 549 3070 ἄγεται
603 2991 687 3048 διὰ
737 2993 842 3049 τῶν
893 2994 1118 3072 πρώτων
1169 2993 1467 3070 δυνάμεων,
1516 3005 1680 3055 Τοῦτο
1710 2997 1889 3074 γοῦνὸ

1977 2994 2310 3055 summatim
2337 2993 2553 3068 dicam,
2581 2994 2856 3075 primitus
2885 3014 2955 3057 ex
3000 2995 3233 3058 occulto
3257 2995 3317 3056 in
3341 3003 3618 3076 apertum

243 3082 498 3161 θεολόγος
559 3080 858 3139 ἑδιδάσκετο
917 3086 1046 3160 πρὸς
1080 3091 1171 3141 τοῦ
1226 3091 1680 3164 φωταγωγοῦντος
1740 3087 1889 3144 αὑτὸν

1978 3082 2216 3188 d'ucitur
2232 3102 2346 3188 per
2368 3083 2618 3185 virtutes
2645 3085 2914 3188 primas._
2943 3087 3065 3148 Hoc
3114 3085 3293 3188 igitur
3313 3085 3626 3188 theologus

247 3172 506 3250 ἀγγέλου,
570 3173 630 3228 τὸ
685 3173 782 3240 τὴν
839 3173 1090 3250 κάθαρσιν
1122 3174 1209 3230 καὶ
1241 3174 1410 3238 πάσας
1463 3175 1557 3236 τὰς
1606 3173 1889 3254 θεαρχικοὶς

1977 3172 2051 3235 ab
2076 3173 2310 3248 angelo,
2328 3175 2426 3254 qui
2454 3173 2646 3254 ipsum
2671 3173 3626 3255 illustrabat.discebat,quomodo

241 3261 534 3340 ἐνεργείας,
602 3258 686 3317 διὰ
744 3268 850 3318 τῶν
911 3262 1132 3335 πρώτων
1189 3267 1384 3322 οὐσιῶν
1455 3262 1889 3346 ἂναλαμπούσας,

1978 3281 2114 3325 cum
2148 3261 2401 3341 ipsamet
2427 3262 2703 3344 expiatio,
2727 3273 2848 3325 tum
2873 3272 3104 3326 craterae
3128 3263 3232 3326 Dei
3268 3263 3626 3344 principales

253 3354 323 3412 εἰς
377 3352 555 3415 πάσας
611 3351 702 3412 τὰς
762 3350 950 3414 λοιπὰς
1011 3349 1324 3409 διαδίδοσθαι
1354 3353 1489 3408 κατὰ
1519 3354 1618 3420 τὴν
1667 3353 1889 3421 ἑκάστης

1980 3351 2358 3432 operationes
2389 3370 2619 3428 omnis,
2657 3371 2763 3434 per
2795 3355 3012 3431 primas
3052 3354 3340 3415 essentias
3375 3354 3624 3415 elucen-

243 3441 373 3519 πρὸς
437 3441 532 3503 τὰς
591 3441 901 3518 θεουργικὰς
962 3442 1244 3516 μετουσίας
1303 3440 1608 3520 ἀναλογίαν
1674 3441 1752 3499 διὸ
1809 3445 1889 3500 καί

1981 3451 2094 3521 tes,
2129 3441 2189 3502 in
2223 3459 2435 3503 omnes
2459 3441 2725 3524 reliquas
2756 3443 3206 3522 distribuantur,
3230 3443 3397 3522 juxta
3428 3444 3629 3522 cujus-

246 3531 342 3597 τὴν
380 3529 653 3606 ἐμπυρίως
711 3531 1034 3607 καθαρτικὴν
1092 3528 1332 3596 ἰδιότητα
1387 3545 1502 3597 τοῖς
1560 3534 1784 3611 οεραφὶμ
1813 3534 1889 3589 εἷ-

1980 3530 2127 3592 libet
2157 3530 2228 3592 ad
2262 3530 2506 3592 deificas
2531 3533 3012 3611 participatioues
3039 3533 3449 3613 capacitatem:
3481 3550 3622 3610 qua-

253 3623 428 3682 κότως
464 3619 599 3692 μετὰ
657 3620 786 3674 Θεὸν
817 3617 1166 3676 ἀνατέθεικεν.
1206 3618 1364 3678 Οὑδὲν
1424 3621 1512 3677 οὗν
1569 3621 1790 3696 ἄτοπον,
1851 3624 1895 3677 εί

241 3709 520 3786 καθαίρειν
551 3707 760 3786 λέγεται
817 3709 907 3764 τὸν
965 3709 1214 3790 θεολόγον
1274 3711 1302 3766 ὀ
1363 3711 1614 3789 σεραφὶμ.
1664 3709 1760 3774 Ὠς
1796 3712 1896 3790 γὲιρ

246 3799 274 3854 ὁ
309 3800 446 3861 Θεὸς
496 3798 729 3874 καθαίρει
790 3797 990 3863 πάντας
1045 3805 1122 3872 τῷ
1178 3798 1356 3866 πάσης
1415 3800 1715 3878 καθάρσεως
1748 3801 1898 3858 εἶναι

244 3890 422 3949 αἰτίας
455 3885 536 3966 εἴ),
570 3885 775 3961 μᾶλλον
823 3886 877 3942 δὲ
929 3887 1320 3965 (παραπλησίῳ
1351 3890 1450 3966 γὰρ
1479 3891 1757 3968 χρήσομαι
1787 3912 1898 3948 πα-

243 3975 613 4054 ράδείγματι),
649 3977 884 4055 καθάπερ
943 3979 970 4032 ὁ
1025 3975 1143 4033 καθ’
1200 3979 1343 4053 ἡμᾶς
1393 3980 1654 4058 ἱεράρχης
1683 3978 1768 4036 διὰ
1793 3986 1900 4036 τῶν

247 4069 410 4123 αὑτοῦ
470 4065 790 4144 λειτ.υργῶν
873 4067 910 4133 ἣ
992 4065 1176 4144 ἱερέων
1225 4068 1488 4146 καθαίρων
1544 4069 1578 4137 ἢ
1637 4070 1896 4150 φωτίζων,

247 4156 406 4219 αὑτὸς
491 4154 702 4232 λέγεται
798 4156 1065 4231 καθαίρειν
1146 4158 1234 4214 καὶ
1318 4159 1560 4237 φωτίζειν
1642 4165 1746 4216 τῶν
1831 4157 1901 4215 δι’

248 4248 412 4304 αὑτιῦ
484 4247 889 4322 καθιερωμένων
959 4244 1158 4311 τάξεων
1238 4245 1324 4302 ἐπ’
1409 4248 1564 4304 αὑτὸν
1633 4248 1899 4305 ἀνατιθει-

246 4335 357 4392 σῶν
418 4335 513 4397 τὰς
561 4335 754 4398 οἰκείας
809 4336 952 4414 ἱερὰς

1036 4335 1295 4414 ἐνεργείας
1308 4356 1322 4370 ⁸

1983 3627 2224 3700 propter
2263 3637 2370 3700 per
2416 3621 2607 3698 ignem
2642 3639 2709 3681 ex
2725 3621 2926 3701 piandi
2960 3620 3381 3702 proprietatem
3416 3619 3624 3680 merito

1981 3707 2127 3790 ipsis
2157 3709 2458 3789 serapbim
2491 3709 2822 3770 secundum
2857 3713 3041 3774 Deum
3097 3708 3324 3772 tribuit.
3384 3706 3623 3789 Nequa—

1983 3816 2160 3877 quam
2194 3797 2376 3876 igitur
2399 3797 2720 3859 absurdum
2743 3798 2894 3878 sit,si
2915 3798 3254 3878 theologum
3278 3798 3517 3878 expiare
3535 3816 3630 3858 se-

1981 3888 2215 3968 raphim
2244 3886 2617 3967 perhibetur.
2641 3886 2714 3950 Ut
2745 3887 2904 3948 enim
2949 3891 3130 3970 Deus,
3163 3887 3279 3950 hoc
3311 3887 3438 3966 ipso
3470 3887 3627 3968 quod

1981 3977 2177 4038 omnis
2198 3975 2555 4058 expiationis
2585 3995 2762 4039 causa
2801 3977 2900 4058 sit,
2928 3996 3137 4040 omnes
3171 3977 3461 4058 puriﬁcat,
3493 3977 3628 4038 “5

1983 4067 2074 4128 vel
2096 4065 2289 4147 potius
2313 4067 2392 4144 (ut
2413 4068 2596 4146 magis
2622 4066 2792 4128 obvio
2825 4067 3094 4148 exemplo
3128 4069 3273 4143 utar)
3296 4065 3625 4147 sicutapud

1985 4174 2094 4217 nos
2127 4157 2414 4238 pontifex,
2450 4157 2590 4218 dum
2623 4175 2732 4238 per
2763 4157 3067 4220 ministros
3115 4174 3256 4218 suos
3285 4173 3389 4218 seu
3419 4174 3624 4218 sacer-

1983 4245 2152 4307 dotes
2175 4246 2389 4327 expiat,
2410 4245 2806 4327 illuminatve,
2833 4247 3084 4326 ipsemet
3116 4245 3354 4325 expiare
3385 4252 3446 4306 et
3478 4244 3622 4306 illu-

1412 4337 1549 4394 οὕτω
1633 4339 1719 4394 καὶ
1800 4339 1926 4415 τὴν
1984 4333 3624 4415 minaredicitur,quodilliordines,quosconsecrat,sa-

245 4425 448 4480 οἰκείαν
523 4425 843 4500 καθαρτικὴν
927 4425 1237 4500 ἐπιστήμην
1306 4427 1392 4483 καὶ
1464 4425 1682 4504 δύναμιν
1725 4429 1752 4484 ὁ
1798 4428 1889 4495 τὴν

1983 4432 2320 4486 crosanctas
2343 4443 2478 4486 suas
2495 4414 2561 4485 in
2583 4427 2776 4506 ipsum
2802 4414 3062 4488 referant
3085 4424 3374 4487 actiones:
3400 4422 3487 4483 sic
3509 4441 3620 4484 an-

248 4514 502 4591 κάθαρσιν
535 4521 627 4572 τοῦ
657 4513 908 4593 θεολόγον
980 4515 1334 4594 τελετουργῶν
1403 4516 1452 4560 91
1527 4516 1776 4596 ἅγγελος,
1813 4517 1897 4573 ἐπὶ

249 4605 382 4660 Θεὸν
417 4603 514 4674 μὲν
545 4606 615 4665 ὡς
649 4602 850 4678 αἴτιον,
894 4606 982 4661 ἒπὶ
1026 4604 1080 4661 δέ
1123 4612 1230 4662 τῶν
1261 4608 1488 4686 σεραφὶμ
1519 4609 1590 4673 ὡς
1619 4628 1895 4685 πρωτουρ-

244 4696 341 4770 γὸν
371 4693 657 4772 ἱεράρχην,
688 4693 1018 4759 ἀνατίθησιν
1077 4696 1150 4760 ὡς
1207 4693 1270 4750 ἅν
1325 4719 1406 4760 τις
1465 4697 1618 4776 φαίη,
1655 4694 1771 4770 μετ’
1804 4696 1895 4776 εὗσέ

244 4780 463 4845 λαϐείας
494 4782 790 4859 άγγελικῆς
844 4784 934 4839 τὸν
985 4783 1076 4840 ὑπ’
1131 4784 1288 4842 αὒτοὺ
1337 4774 1720 4864 καθαιρόμενον
1749 4774 1901 4842 ὲκδιέ

243 4869 486 4931 δάσκωνο
524 4869 658 4928 ’Ὅτι
689 4871 785 4938 τῆς
818 4873 890 4935 εἰς
936 4873 996 4928 σὲ
1031 4873 1163 4951 πρὸς
1194 4873 1324 4948 ἐμοῦ
1351 4873 1894 4954 τελετουργνουμένης

250 4962 559 5039 καθάρσεως
590 4961 738 5041 ἀρχὴ
811 4962 910 5037 μέν
982 4961 1123 5018 ἐστιν
1194 4963 1519 5044 ἐξῃρημένη,
1590 4965 1678 5021 καὶ
1722 4965 1894 5044 οὐσία,

248 5051 336 5106 καὶ
364 5049 691 5129 δημιουργὸς
724 5052 813 5108 καὶ
843 5050 1042 5126 αἴτιος,
1107 5055 1134 5109 ὃ
1189 5055 1276 5110 καὶ
1331 5054 1426 5118 τὰς
1476 5053 1688 5131 πρώτας
1719 5055 1894 5115 οὐσίας

1978 4513 2144 4593 gelus
2185 4531 2420 4594 quoque
2450 4515 2552 4595 qui
2595 4514 2939 4592 theologum
2994 4513 3292 4594 expiabat,
3321 4511 3618 4592 propriam

1981 4602 2270 4684 purgandi
2324 4603 2437 4664 vim
2491 4611 2666 4684 atque
2714 4604 3023 4665 scientiam
3077 4605 3201 4666 Deo
3250 4600 3515 4683 quidem,
3559 4611 3622 4664 ut

1980 4691 2230 4764 auctori,
2248 4693 2545 4770 seraphim
2567 4709 2732 4766 vero,
2753 4697 3031 4773 tanquam
3058 4688 3400 4773 primicerio
3422 4706 3621 4752 sacro,

1981 4801 2112 4844 rum
2147 4779 2416 4857 antistiti,
2447 4781 2742 4862 attribuit;
2775 4800 2844 4844 ac
2885 4782 2934 4843 si
2965 4781 3144 4848 dicat.
3188 4798 3321 4842 cum
3352 4779 3620 4855 angelica

1979 4870 2233 4951 quadam
2260 4877 2590 4932 reverentia
2607 4889 2741 4932 eum
2765 4870 2865 4952 qui
2889 4871 3247 4951 purgabatur
3267 4866 3611 4938 instituens:

1980 4961 2122 5040 Ejus
2143 4978 2279 5037 quae
2302 4960 2361 5020 in
2390 4969 2445 5022 te
2473 4979 2604 5022 meo
2634 4961 2962 5024 ministerio
2990 4962 3297 5042 perficitur
3321 4960 3614 5045 expiatio-

1977 5058 2092 5125 nis,
2130 5048 2482 5132 principium
2533 5049 2772 5132 quidem
2823 5051 3211 5134 prateipuum,
3247 5059 3306 5114 et
3351 5055 3609 5119 essentia

1565 5213 1824 5278 VARIIE
1882 5209 2201 5277 LECTION
2209 5207 2320 5274 ES.

328 5343 384 5388 ιι
413 5348 486 5408 εἰς
519 5345 618 5426 ιςὴν
641 5351 748 5426 των
777 5345 1146 5426 ὑψηλοτέρων,
1181 5347 1252 5410 1).

1338 5347 1391 5390 ¹⁵
1421 5349 1853 5430 καὶῗᾶγνότητος,
1888 5347 1958 5410 D.
1988 5353 2044 5408 et
2251 5345 2589 5430 νηδιαυγγίας
2617 5351 2934 5430 ἀγνότητυς.
2991 5353 3278 5430 ἀγνόητος,
3343 5356 3423 5415 Μ.
3483 5369 3612 5412 cor-

245 5435 422 5511 rupte
452 5423 828 5511 npi_nor;_ejus
859 5423 1136 5511 lectionis
1164 5433 1361 5511 tamen
1382 5423 1692 5511 vestigium
1709 5423 1892 5511 _est_in
1917 5428 2303 5511 translatione
2326 5423 2509 5511 scoti,
2533 5423 2713 5492 vertit
2733 5430 2920 5511 enim,
2941 5423 3281 5511 incognita.
3368 5430 3422 5474 ιθ
3445 5432 3601 5510 αὕτη,

242 5503 348 5569 Chi.
387 5507 458 5565 D.
494 5503 509 5506 ⁷
546 5503 599 5547 Π
624 5503 1031 5585 τελέσιουμένη,
1063 5506 1132 5570 D.

242 5593 347 5642 τῶν
378 5585 560 5661 μέσων
594 5592 811 5664 νοερῶν,

899 5586 953 5632 ιθ
979 5611 1064 5667 γρ.
1127 5590 1370 5668 φαεινὴν,

243 5666 290 5716 ’ί
325 5665 742 5747 τελεσιουργῶν,
777 5666 884 5730 Ch.

1217 5507 1270 5552 ¹8
1296 5509 1332 5577 ἦ
1363 5510 1466 5566 τῶν
1500 5507 1670 5584 ἡμῶν,
1708 5507 1782 5571 Μ.
1814 5507 1881 5570 Ρ.
1914 5509 2022 5571 Ch.
2057 5511 2156 5572 SC.
2186 5510 2318 5571 Sar.
2356 5510 2391 5577 ἢ
2420 5515 2526 5567 τῶν
2577 5514 2677 5589 πρὸ
2707 5507 2989 5590 ὴαῶνρι),
3026 5509 3096 5572 V.
3128 5515 3230 5567 τῶν
3287 5512 3535 5591 ἐσχάτων

1217 5590 1370 5651 εινὴν.
1454 5587 1510 5635 ²⁰
1537 5591 1677 5649 εἶναι
1735 5592 1893 5651 αἰτία.
1951 5588 2022 5651 Ι).
2089 5588 2151 5651 8.
2215 5587 2278 5650 Ρ.
2312 5589 2457 5648 εἶναι
2486 5591 2622 5648 αἰτία
2681 5594 2766 5650 καὶ
2797 5592 2964 5651 ὀργὴ.
3002 5590 3109 5651 Ch.
3139 5592 3206 5651 V.
3238 5595 3375 5650 εἶναι
3403 5592 3599 5651 α’ίτιος.

1537 5591 1677 5649 εἶναι
1735 5592 1893 5663 αἰτία,
1951 5591 2022 5651 Ι).

2089 5588 2151 5652 S.
2215 5587 2278 5650 Ρ.
2312 5589 2457 5648 εἶναι
2486 5587 2627 5648 αἰτία.
2681 5594 2766 5650 καὶ
2797 5587 2964 5674 ἁρχὴ,
3002 5590 3109 5656 Ch.
3139 5592 3206 5652 V.
3238 5587 3599 5660 εἷναίἀῗτιος,
