4058 6196
242 327 365 394 313

657 329 753 393 DE
795 330 1144 395 CCELESTI
1193 330 1703 408 HIERARCHIA,
1748 327 1914 391 CAP.
1965 326 2138 391 XIII.
2181 361 2254 372 —
2303 327 2686 392 PARAPHR.
2737 325 3228 392 PACHYMERE

3511 318 3624 390 314

245 467 348 534 τὴν
388 463 658 541 ἕλλαμῲιν
686 463 958 544 δέχονται,
1016 465 1190 527 καθὼς
1248 463 1343 522 καὶ
1401 466 1552 521 αὗται
1609 464 1751 541 παρᾶ
1807 465 1886 516 toi

1983 456 2281 536 supremae
2309 475 2442 520 cum
2479 460 2734 539 primum
2784 466 3087 523 auctorem
3133 475 3306 520 suum
3337 474 3626 538 agnosce-

249 561 386 610 Θεοῦ
425 555 624 620 ταύτην
658 551 930 634 δέχονται·
965 551 1290 612 ἀνατείνουσι
1335 553 1433 632 γὰρ
1467 553 1559 614 τὰς
1613 552 1701 609 ὑπ’
1731 551 1891 610 αὕτα(

249 642 570 720 ἆγαῦοειδῶς
629 643 723 698 καί
781 639 909 721 δίχα
965 643 1165 706 παντὸς
1212 642 1402 722 φθόνου
1430 642 1639 721 (ἀγαθῷ
1667 641 1766 719 γὰρ
1797 639 1892 698 οὒ-

247 729 360 795 δείς
391 731 654 809 ἐγγίνεται
686 734 873 808 cori-ioc
918 732 1055 787 κατὰ
1095 732 1186 788 τδν
1220 730 1527 809 Πλάτωνα,)
1581 729 1892 808 πληρεστά-

243 843 348 887 τως
382 818 756 896 μεταδιδούσαι
785 825 883 888 τῆς
917 820 1142 901 αἴγλης,
1198 819 1298 878 κᾶν
1350 820 1578 892 ἐκεῖναι,
1612 818 1734 877 ὅσον
1766 841 1892 900 χω·-

243 920 413 987 ροῦσι,
446 909 747 990 δέχωνται.
776 910 952 968 Τοῦτο
982 910 1180 988 γίνεται
1240 911 1325 967 καὶ
1381 910 1468 967 ἐπὶ
1526 923 1647 973 ταῖς
1681 909 1890 988 έτέραϊς

241 999 343 1063 ἕως
375 1001 466 1056 καὶ
495 1005 601 1056 τῶν
636 999 732 1078 ἔσχ
746 996 908 1060 σίτων.
963 996 1163 1058 ’Ἔστιν
1222 1000 1310 1056 οὖν
1369 1000 1536 1056 ἅπασι
1567 1011 1684 1064 τοῖς
1716 1021 1887 1076 φωτι-

240 1087 490 1162 ζτιμὲνοις
522 1089 670 1169 ἀρχῆ
739 1096 833 1147 τοῦ
901 1090 1210 1168 φωτίζεσθαι
1282 1089 1310 1145 ὃ
1382 1089 1534 1163 Θεὸς,
1607 1087 1756 1166 φόσει
1804 1089 1888 1145 καὶ

242 1177 414 1242 ὄντως
445 1179 635 1250 κυρίως
669 1181 744 1242 ὡς
774 1180 946 1258 φωτὸς
992 1179 1172 1258 πηγὴ,
1231 1179 1316 1234 καὶ
1375 1177 1638 1258 αὖτόφως,
1673 1198 1763 1234 και
1795 1177 1890 1234 αἴ-

241 1289 356 1330 τιος
391 1274 524 1324 πᾶσι
582 1268 669 1324 καὶ
727 1275 820 1324 τοὺ
876 1267 1044 1348 εἶναι,
1103 1269 1189 1324 καὶ
1246 1273 1336 1324 τοῦ
1391 1269 1514 1345 ἑιρᾷν
1574 1267 1700 1323 αὐτὸ
1735 1265 1800 1334 δὴ
1829 1268 1891 1323 τὸ

240 1359 376 1436 φ’ὖς·
412 1357 556 1413 Θέσει
610 1355 664 1412 δὲ
716 1358 802 1414 καὶ
855 1356 990 1414 κατᾶ
1037 1358 1198 1435 χάριν
1249 1359 1590 1432 θεομιμῆτως
1620 1357 1756 1412 κατᾶ
1788 1356 1889 1431 μέ-

239 1469 328 1522 ρος
375 1445 485 1520 μία
519 1452 588 1522 τῇ
621 1444 796 1522 ἑτέρᾳ,
826 1448 860 1514 ἡ
892 1446 1078 1522 πρώτη
1135 1446 1202 1523 τῇ
1261 1446 1378 1519 μετ’
1413 1447 1598 1526 αὒτήν,
1633 1445 1684 1501 ἐν
1718 1452 1792 1520 τῷ
1823 1443 1888 1501 δι’

237 1537 405 1602 αὖτῆς
441 1537 514 1596 εἷς
551 1535 756 1600 ἐκείνην
787 1536 884 1603 τὴν
926 1533 1189 1611 ἒλλαμψιν
1247 1534 1572 1616 διέρχεσθαι,
1608 1536 1635 1590 ὃ
1666 1533 1720 1590 δὲ
1755 1534 1887 1592 ἐπο-

238 1625 558 1704 χετεῶεσθαι
591 1625 774 1695 εἶπεν,
829 1625 934 1681 ἀπὸ
991 1631 1290 1705 μεταφορᾶς
1346 1631 1438 1682 τοῦ
1489 1622 1574 1684 διὰ
1632 1623 1889 1694 σωλήνων

233 1712 589 1795 διερχομένου
637 1713 848 1776 ὕδατος.
908 1715 977 1774 Τὸ
1035 1713 1088 1769 δὲ
1147 1715 1211 1770 τὰ
1269 1715 1443 1772 οἰκεῖα
1502 1714 1764 1792 ἐνεργεῖν,
1801 1715 1888 1770 καὶ

235 1804 524 1868 ἀπαύστως
560 1803 903 1865 ἀνατετάσθαι
938 1805 1065 1881 πρὸς
1111 1805 1202 1861 τὸν
1264 1805 1416 1878 Θεὸν,
1475 1803 1570 1860 καῖ
1628 1805 1700 1866 εἷς
1762 1805 1885 1859 istu-

233 1894 360 1955 τοὺς
395 1890 774 1951 συστέλλεσθαι
815 1891 1000 1972 πάλιν,
1072 1895 1135 1950 τὸ
1205 1893 1304 1968 μὲν
1373 1898 1442 1970 τῇ
1512 1893 1708 1973 ὶφὲσει,
1741 1890 1888 1949 τὸδὲ

233 1988 306 2058 τῇ
363 1989 622 2062 προσοχῇ
657 1984 749 2038 καί
783 1982 852 2050 τῆ
883 1980 1145 2059 εὐλαϐείᾳ,
1207 1993 1362 2042 τοῦτο
1393 1981 1454 2040 ἂν
1485 1983 1706 2050 κληθείη
1764 1985 1889 2040 Oso-

237 2071 480 2145 μίμητος
511 2071 701 2150 ἀρετή.
753 2070 914 2138 Τάξιν
945 2070 999 2128 δὲ
1028 2072 1172 2147 ὅμῶς
1223 2074 1320 2140 τὴν
1351 2074 1421 2138 ὡς
1463 2071 1625 2129 ἄλλο.)
1657 2072 1711 2128 εν
1741 2071 1890 2146 ἄλλῳ

238 2157 602 2239 διαφυλάττει·
664 2162 740 2226 ὡς
796 2162 882 2218 τόο
928 2167 1001 2238 Ζῇ
1059 2161 1113 2218 ἐν
1154 2161 1283 2238 ὶμοῖ
1341 2164 1375 2232 ἡ
1434 2163 1586 2243 ψυχή
1625 2184 1742 2244 σου,
1774 2162 1887 2219 ἀντὶ

238 2257 358 2320 τοῦ,
391 2251 429 2318 ἡ
461 2246 770 2306 διδασκαλία
803 2272 919 2325 σου,
958 2253 1045 2308 καὶ
1093 2253 1127 2319 ἡ
1177 2253 1373 2318 ταύτης
1407 2249 1709 2327 μετάδοσις.
1743 2255 1886 2316 Τὶως

240 2337 297 2395 δὲ
326 2339 386 2396 τὸ
417 2340 515 2414 μὲν
541 2340 681 2396 Θέσει
714 2340 859 2396 ἐστὶν
889 2343 1032 2420 ἐκεῖ,
1073 2342 1135 2397 τὸ
1180 2339 1234 2396 δὲ
1293 2340 1628 2416 συμϐεϐηκὸς
1663 2343 1722 2398 οὗ
1749 2342 1884 2398 πάνυ

243 2451 296 2484 τι
378 2427 645 2496 χληθείη⁶
733 2431 794 2486 τὸ
877 2429 978 2509 γὰρ
1060 2428 1396 2504 συμϐεϐηκὸς
1441 2430 1495 2487 ἐν
1551 2429 1886 2506 ὑποκειμένῳ

235 2517 402 2574 ἐστίν·
439 2519 693 2576 ἀσύνθετα
765 2517 820 2575 δὲ
891 2518 991 2576 καὶ
1065 2519 1198 2579 ἅύλα
1267 2521 1470 2600 ἐκεῖνα,
1545 2521 1732 2578 καὶτὰ
1764 2518 1884 2587 εἴδη

240 2609 439 2680 astam,
473 2609 603 2678 ζωαῖ
637 2612 740 2688 οὐχ
771 2610 842 2674 ὡς
887 2609 938 2665 ἐν
970 2608 1072 2686 ὕλῃ
1102 2609 1224 2670 εἰσί.
1283 2611 1392 2676 Τὴν
1435 2609 1560 2689 γοῦν
1588 2610 1886 2690 ὑπερτάτην

1979 553 2134 616 rent,
2200 547 2331 608 ll9
2379 547 2958 630 pulcllritudinisque
3015 548 3266 629 ejusque
3324 545 3623 609 desiderio

1979 640 2350 711 tenerentur,
2378 636 2492 699 hoc
2510 637 2685 699 etiam
2715 646 3001 700 assecuta)
3031 645 3191 716 sunt,
3224 645 3287 699 ut
3323 635 3531 718 prima:
3552 635 3626 697 ad

1978 723 2192 786 divina:
2225 727 2533 805 potestatis
2562 723 2737 808 atque
2767 726 3019 789 actionis
3052 723 3442 788 imitationem
3489 744 3626 807 per-

1977 815 2285 878 venirent:
2318 824 2640 893 sequentes
2671 816 2830 877 enim
2865 816 3122 897 primum
3159 833 3267 897 per
3293 814 3449 896 ipsas
3477 815 3622 878 illu-

1978 904 2324 965 strationem
2361 904 2683 986 accipiunt,
2721 904 3222 986 quemadmodum
3265 903 3408 985 ipsa:
3437 921 3470 964 a
3501 905 3624 967 Deo

1973 992 2134 1053 illam
2159 995 2460 1076 accipiunt
2487 1013 2503 1072 ;
2536 995 2816 1076 quoniam
2848 995 2942 1056 his
2965 1013 3092 1056 eam
3124 991 3380 1074 benigne
3408 1002 3463 1054 et
3483 991 3624 1056 abs-

1974 1101 2088 1162 que
2113 1083 2230 1145 ulla
2254 1085 2471 1145 invidia
2497 1084 2834 1164 expandunt
2860 1086 3039 1164 (bono
3072 1083 3230 1144 enim
3273 1084 3435 1145 nullo
3467 1083 3623 1146 inest

1973 1171 2295 1253 invidia,ut
2328 1173 2494 1236 Plato
2520 1175 2652 1255 ait),
2673 1174 3018 1256 plenissime
3046 1173 3421 1256 splendorem
3447 1192 3618 1235 suum

1975 1262 2484 1343 twn-fundentes,
2521 1265 2786 1345 quamvis
2847 1265 2986 1344 ipsae
3042 1271 3290 1336 tantum,
3340 1270 3621 1342 quantum

1975 1349 2239 1432 capiunt,
2261 1354 2580 1433 accipiunt.
2606 1353 2774 1426 Quod
2815 1355 2989 1414 etiam
3019 1353 3262 1432 reliquis
3292 1352 3362 1412 ad
3388 1360 3624 1432 postre-

1975 1459 2104 1501 mas
2131 1461 2320 1522 usque
2355 1442 2647 1505 usuvenit.
2679 1441 2780 1504 Est
2812 1443 2996 1521 igitur
3025 1441 3290 1504 omnium
3324 1460 3455 1521 qua;
3484 1441 3626 1503 illu-

1974 1540 2237 1594 slrantur
2295 1531 2670 1594 illuminandi
2725 1531 3086 1614 principium
3159 1531 3338 1606 Deus,
3413 1539 3628 1593 natura

1974 1621 2213 1698 quidem
2249 1630 2306 1683 et
2337 1641 2542 1684 revera
2579 1625 2817 1704 proprie
2852 1631 2915 1684 ut
2945 1621 3072 1685 fons
3131 1621 3302 1696 lucis,
3339 1628 3398 1682 et
3427 1638 3534 1702 per
3561 1639 3625 1683 se

1915 1748 1950 1798 Β
1974 1709 2070 1770 lux
2110 1719 2166 1772 et
2195 1721 2402 1773 auctor
2435 1713 2710 1774 omnibus
2741 1723 2803 1773 ut
2838 1721 2897 1774 et
2927 1712 3064 1787 sint,
3101 1723 3160 1774 et
3189 1711 3382 1792 ipsum
3423 1709 3623 1771 lumen

1975 1800 2210 1863 videant
2239 1820 2254 1878 ;
2311 1821 2378 1864 ex
2411 1801 2680 1864 instituto
2712 1811 2932 1878 autem,
2967 1811 3025 1864 et
3053 1801 3343 1865 secndum
3372 1800 3617 1880 gratiam

1971 1889 2077 1952 Dei
2101 1891 2431 1954 imitatione
2458 1911 2530 1954 ex
2557 1903 2722 1973 parte
2747 1911 2864 1955 una
2887 1893 3074 1972 alteri,
3104 1891 3293 1972 prima
3321 1888 3621 1970 sequenti,

1971 1980 2113 2041 dum
2147 1999 2256 2062 per
2285 1981 2471 2062 ipsam
2529 1982 2602 2044 ad
2656 1983 2815 2044 illam
2862 1981 3074 2046 transit
3103 1979 3452 2060 illustratio;
3509 1979 3623 2040 hoc

1971 2069 2175 2151 utique
2204 2070 2509 2135 derivandi
2543 2071 2829 2135 vocabulo
2860 2090 3006 2134 usus
3052 2087 3159 2152 per
3187 2069 3618 2150 metaphoram,

1969 2159 2338 2223 acanalibus
2400 2179 2508 2242 per
2567 2179 2716 2244 quos
2773 2180 2924 2244 aqua
2983 2158 3213 2224 transit.
3246 2158 3430 2221 Porro
3463 2157 3621 2240 quod

1969 2267 2101 2330 qua;
2124 2267 2234 2311 sua
2258 2258 2612 2331 suntagant,
2638 2259 2694 2313 et
2719 2251 3088 2314 incessanter
3112 2249 3171 2311 in
3196 2247 3380 2311 Deum
3409 2248 3619 2310 inten-

1968 2338 2130 2411 dant,
2156 2347 2212 2400 et
2241 2339 2300 2401 in
2333 2341 2638 2422 semetipsi
2673 2342 2869 2404 denuo
2919 2341 3297 2420 colligantur,
3322 2336 3472 2400 illud
3495 2337 3625 2419 qui-

1970 2427 2104 2488 dem
2128 2429 2363 2506 atl'ectu,
2381 2430 2495 2493 hoc
2521 2448 2656 2493 vero
2680 2431 3008 2493 attentione
3039 2447 3106 2491 ac
3126 2427 3484 2502 reverentia,
3516 2444 3612 2489 vo-

1969 2517 2092 2578 cari
2117 2517 2525 2602 possitvirtus,
2553 2537 2684 2600 quas
2706 2521 2892 2583 Deum
2926 2518 3213 2582 imitatur.
3238 2517 3392 2592 Quin
3423 2521 3482 2579 et
3508 2534 3612 2578 or-

1969 2607 2170 2672 dinem
2196 2630 2434 2694 quoque
2453 2621 2516 2675 ut
2537 2613 2689 2676 alius
2713 2619 2773 2675 in
2797 2613 2913 2676 alio
2934 2613 3230 2693 observat,
3249 2611 3416 2691 juxta
3435 2607 3609 2673 illud.

239 2693 599 2771 διακόσμησιν
655 2701 709 2753 αἱ
766 2697 947 2755 λοιπαὶ
1005 2699 1240 2777 οὒράνιαι
1311 2700 1500 2774 οὒσίαι,
1558 2701 1691 2762 τέως
1749 2699 1882 2773 μετᾶ

1971 2699 2127 2761 Vivit
2156 2693 2225 2762 in
2249 2693 2347 2764 me
2380 2702 2578 2766 anima
2624 2711 2743 2778 tua,
2777 2703 2836 2766 id
2869 2710 2960 2765 est
2990 2701 3262 2764 doctrina
3288 2707 3411 2774 tua,
3445 2699 3612 2779 ejus-

239 2788 372 2841 Θεὸν
407 2785 586 2865 ἀρχὴν
615 2787 868 2866 ἡγοῦνται
903 2793 1002 2855 τῆς
1046 2789 1366 2868 θεογνωσῑας
1411 2791 1498 2846 καὶ
1551 2795 1645 2857 τῆς
1693 2793 1880 2865 θεομι-

1971 2806 2079 2868 que
2108 2792 2588 2855 communicatio.
2625 2795 2845 2856 Verum
2883 2792 3124 2875 quidem
3157 2789 3306 2853 illud
3335 2807 3406 2852 ex
3436 2788 3613 2850 insti-

237 2874 438 2950 μησίας
471 2877 662 2950 αοότῶν,
721 2879 795 2941 ὡς
846 2875 916 2934 δι’
970 2880 1184 2935 ἓκείνων
1220 2880 1291 2942 εἷς
1326 2880 1480 2942 αὐτὰς
1515 2877 1879 2955 διαδιδομένης

1971 2885 2088 2940 tuto
2121 2878 2209 2942 sic
2245 2899 2312 2942 se
2344 2880 2545 2957 habet,
2593 2889 2650 2944 at
2675 2903 2792 2946 non
2820 2874 3064 2945 omnino
3097 2899 3202 2963 per
3230 2879 3508 2943 accidens
3535 2876 3616 2939 ita

234 2964 330 3032 τῆς
379 2961 698 3040 ἐλλάμψεως
731 2982 744 2997 ⁶
811 2965 892 3022 διὸ
941 2967 1036 3024 καί
1091 2975 1264 3025 πᾶσαν
1302 2967 1569 3046 ἐνέργειαν
1622 2968 1715 3025 ἐπὶ
1751 2970 1881 3025 Θεὸν

1971 2967 2185 3049 aliquid
2220 2971 2414 3032 vocari
2465 2981 2706 3052 posset;
2760 2991 2898 3034 nam
2944 2961 3222 3034 accidens
3253 2969 3314 3031 in
3345 2967 3614 3050 subjecto

234 3054 333 3111 μὲν
361 3054 734 3134 ἀναφέρουσιν,
793 3058 866 3122 ὡς
927 3059 999 3122 εἰς
1061 3057 1306 3137 ἀρχηγὸν
1361 3059 1448 3115 καὶ
1503 3058 1704 3132 αἴτιον,
1739 3058 1881 3121 αὖθις

235 3141 288 3198 δὲ
323 3142 448 3218 μετ’
487 3144 643 3201 αὖτὸν
714 3144 798 3202 ἐπὶ
869 3147 989 3211 τοὺς
1062 3148 1326 3226 πρώτους,
1388 3149 1462 3211 ὡς
1520 3147 1740 3226 πρώτως
1813 3148 1883 3213 εἷς

237 3233 429 3296 αὖτοὺς
486 3235 550 3290 τὰ
608 3234 704 3302 τῆς
759 3237 1113 3313 θεομιμησίας
1167 3236 1548 3317 ἀναφαίνοντας
1607 3238 1698 3294 καί
1736 3233 1884 3294 διδά-

237 3344 493 3385 σκοντας.
544 3327 743 3381 Λοιπὸν
772 3327 806 3393 ἡ
839 3325 1026 3404 πρώτη
1069 3326 1237 3406 τάξις,
1286 3326 1490 3402 μᾶλλον
1533 3333 1638 3383 τῶν
1684 3323 1880 3401 ἅΛλων,

237 3413 306 3466 τὰ
334 3412 606 3490 προσόντα
635 3413 797 3490 ἑαυτῇ
829 3415 947 3494 ἔχει
993 3416 1056 3472 τὸ
1100 3415 1377 3495 ἐμπόριον,
1429 3414 1560 3494 ὅπερ
1590 3415 1738 3472 ἐστὶν
1778 3415 1884 3472 τῶν

238 3503 502 3581 σεραφεμ,
533 3504 630 3571 τὴν
661 3505 761 3568 τῆς
791 3506 974 3585 σοφίας
1005 3505 1188 3586 χύσιν,
1222 3506 1297 3562 ’ἐτι
1329 3504 1383 3561 δὲ
1434 3509 1523 3563 καί
1558 3508 1618 3562 τὸ
1649 3527 1881 3584 γνωστι-

231 3593 327 3646 κὸν
357 3597 458 3657 τῆς
491 3591 796 3668 ἐπιστήμης
823 3599 928 3650 τῶν
958 3595 1110 3651 θείων
1170 3594 1512 3676 ἐλλάμψεων,
1653 3593 1882 3664 ἐπιστή-

233 3703 311 3752 μη
343 3682 446 3758 γὰρ
477 3683 606 3759 πρὸς
637 3684 704 3738 τὰ
733 3683 998 3750 ἐπιστητέ
1055 3684 1222 3762 ἐστι,)
1277 3687 1365 3741 καὶ
1408 3686 1506 3752 τὴν
1537 3689 1643 3742 τῶν
1673 3683 1883 3761 Θρώνων

231 3768 502 3844 ἰδιότητα,
539 3773 601 3827 τὸ
628 3771 974 3850 ἀνεῳγμένην
1003 3771 1250 3842 δηλονότι
1305 3779 1403 3841 τὴν
1456 3775 1578 3853 περί
1611 3773 1703 3830 τοῦ
1734 3773 1882 3829 Θείου

229 3857 416 3924 νόησιν
453 3858 621 3939 ἔχειν,
683 3863 710 3918 ὃ
765 3861 828 3928 δτ,
882 3862 1128 3943 Θεοδοχία
1181 3863 1294 3921 ἐστί
1337 3886 1392 3920 τε
1423 3866 1510 3921 καὶ
1543 3863 1876 3938 ὀνομάζεται,

1965 3066 2089 3135 est;
2113 3058 2214 3120 sed
2250 3057 2350 3121 illa
2381 3069 2520 3122 sunt
2550 3061 2943 3142 incomposita
2963 3070 3021 3124 et
3043 3059 3304 3122 materiai
3324 3057 3610 3139 expertia,

1966 3146 2317 3228 speciesque
2335 3148 2572 3212 illorum
2597 3151 2753 3230 vitae,
2772 3169 2892 3212 non
2917 3151 3071 3213 sicut
3088 3150 3144 3211 in
3167 3147 3432 3223 materia,
3449 3154 3609 3210 sunt.

1968 3237 2323 3318 Supremam
2360 3239 2538 3317 igitur
2568 3238 2904 3302 caelestium
2938 3237 3463 3318 intelligentiarum
3495 3235 3616 3300 dis-

1970 3325 2330 3406 positionem
2361 3327 2608 3410 reliqua;
2638 3329 2913 3392 caelestes
2947 3334 3244 3400 essentizn,
3277 3328 3396 3390 huc
3425 3344 3613 3408 usque

1968 3422 2103 3496 post
2125 3416 2314 3476 Deum
2349 3417 2567 3479 divinae
2596 3416 2951 3497 cognitionis
2981 3417 3464 3497 imitationesque
3492 3431 3615 3476 suae

1967 3502 2327 3584 principium
2360 3523 2495 3568 esse
2525 3515 2795 3587 censent,
2849 3507 3005 3588 quod
3044 3525 3152 3587 per
3202 3505 3332 3568 illas
3362 3504 3421 3565 in
3453 3503 3612 3584 ipsas

1966 3591 2282 3654 illustratio
2316 3593 2662 3673 derivetur;
2717 3603 3079 3677 quapropter
3134 3597 3308 3659 etiam
3368 3611 3608 3654 omnem

1965 3686 2257 3742 actionem
2287 3701 2484 3763 suam,
2511 3684 2582 3744 ad
2613 3684 2798 3746 Deum
2831 3685 3069 3764 quidem
3099 3693 3160 3746 ut
3191 3683 3518 3764 principem
3551 3689 3611 3743 et

1965 3778 2280 3838 auctorem
2335 3771 2624 3849 referunt,
2683 3773 2904 3835 deinde
2931 3791 3071 3835 vero
3105 3781 3234 3854 post
3280 3773 3473 3851 ipsum
3531 3770 3606 3834 ad

1966 3859 2188 3944 primas
2211 3859 2342 3920 illas
2369 3869 2622 3939 mentes,
2638 3869 2913 3944 tanquam
2935 3881 3065 3944 qua:
3088 3861 3294 3943 prima:
3313 3861 3371 3922 in
3392 3867 3609 3924 semet-

238 3945 302 4004 Ἦ
376 3946 430 4003 δὲ
509 3949 628 4025 μετ’
702 3951 866 4018 ανδ-τὴν
937 3951 1079 4018 τάξις
1113 3953 1332 4034 μετέχει
1370 3953 1467 4029 μὲν
1497 3959 1602 4010 τῶν
1631 3953 1880 4008 τοιούτων

1971 3941 2106 4031 ipsis
2135 3951 2364 4014 divinas
2397 3941 2775 4016 ἰῐηὶιειιίοηθέ
2790 3961 2847 4016 et
2879 3941 3203 4017 exhibeant
3235 3961 3292 4016 et
3322 3953 3599 4019 doceant.

231 4034 532 4112 δυνάμεων,
565 4039 858 4118 ὕφειμένως
914 4039 991 4122 δὲ,
1053 4046 1149 4100 καί
1199 4047 1329 4122 πρὸς
1363 4044 1456 4107 τὰς
1493 4043 1702 4121 πρώτας
1740 4043 1880 4120 ὁρῶ-

1971 4039 2256 4103 Οωῑεινυηι
2291 4040 2519 4121 primus
2550 4041 2652 4104 ille
2685 4042 2831 4104 ordo
2863 4045 2964 4121 qui
2995 4042 3292 4125 seraphim
3325 4050 3436 4118 est,
3459 4043 3608 4104 reli-

231 4146 342 4201 σαι,
377 4126 446 4183 δι’
502 4129 673 4186 αὐτῶν
725 4133 798 4192 ὡς
853 4133 1078 4210 πρώτως
1133 4133 1442 4206 ἠξιωμένων
1484 4138 1580 4200 τῆς
1611 4135 1880 4207 ϐεομιμηο

1971 4135 2098 4209 quis
2129 4129 2310 4208 magis
2360 4129 2420 4192 in
2472 4148 2537 4192 se
2591 4131 2824 4211 igneam
2875 4133 3130 4195 continet
3166 4150 3275 4196 seu
3303 4133 3611 4214 sapientiae

237 4217 353 4279 σίας
417 4217 504 4273 ἐπὶ
561 4221 621 4274 τὸ
677 4218 898 4286 Θεοειδὲς
958 4223 1031 4286 ὡς
1093 4222 1302 4303 ἐφικτὸν
1345 4223 1650 4301 ἀνάγονται·
1689 4218 1878 4277 ἀναίτια

1971 4217 2282 4294 Iusionem,
2317 4227 2495 4300 atque
2527 4220 2775 4301 insuper
2804 4221 3069 4285 scientias
3097 4222 3426 4284 divinarum
3467 4221 3608 4284 illu-

234 4305 383 4392 075.16!
415 4314 541 4384 γοῦν
571 4322 696 4373 ταῖς
728 4310 962 4390 πρώταις
1020 4313 1094 4376 ὡς
1151 4313 1423 4392 ἱεράρχαις
1460 4313 1593 4389 μετᾶ
1625 4312 1754 4368 Θεὸν
1785 4311 1878 4372 τὰς

1971 4307 2313 4369 strationum
2347 4308 2616 4388 peritiam
2644 4311 2919 4389 (scientia
2949 4311 3106 4372 enim
3138 4311 3212 4372 ad
3241 4329 3340 4373 res
3366 4309 3607 4373 scibites

230 4391 502 4462 ἰδιότητας
535 4397 773 4471 ἐκείνων,
805 4401 880 4452 ὧν
913 4402 1062 4456 αὗται
1093 4403 1150 4456 εν
1179 4391 1428 4475 μετοοσίᾳ
1459 4402 1716 4480 γίνονται,

1971 4395 2243 4476 refertur)
2281 4395 2754 4479 thronorumque
2789 4399 3233 4480 proprietatem,
3268 4417 3401 4482 qum
3432 4398 3609 4461 nimi-

233 4501 372 4544 rum
414 4483 676 4563 patulam
709 4486 781 4547 ad
815 4485 999 4550 Deum
1034 4489 1484 4569 intelligentiam
1518 4489 1726 4569 habet,
1756 4485 1916 4567 quod
1950 4485 2056 4548 Dei
2094 4485 2395 4564 susceptio
2440 4493 2496 4548 et
2529 4497 2618 4548 est
2650 4496 2707 4548 et
2733 4487 3091 4569 appellatur.
3127 4488 3284 4550 Ordo
3315 4489 3416 4570 qui
3447 4489 3605 4551 hunc

239 4573 518 4650 sequitur
551 4575 882 4638 istiusmodi
915 4577 1155 4658 quidem
1183 4585 1430 4642 virtutes
1461 4579 1789 4661 participat,
1823 4575 1930 4638 sed
1963 4573 2230 4636 inferiori
2263 4573 2472 4653 gradu,
2510 4582 2568 4637 et
2602 4576 2738 4636 120
2768 4595 2900 4638 cum
2929 4586 3203 4656 respectu
3247 4579 3318 4640 ad
3353 4576 3604 4658 priores,

231 4679 342 4740 per
371 4681 551 4744 quos,
588 4672 863 4746 tanquam
897 4666 1111 4730 divinae
1140 4669 1484 4730 imitationis
1517 4666 1912 4748 primicerios,
1942 4662 2015 4726 ad
2051 4662 2511 4725 deiformitatem
2575 4682 2680 4745 pro
2738 4675 2910 4746 captu
2963 4684 3071 4726 suo
3129 4675 3596 4748 promoventur;

231 4770 421 4833 quare
452 4752 630 4814 etiam
667 4754 876 4835 primis
908 4755 1043 4834 illis,
1077 4765 1354 4840 tanquam
1387 4758 1720 4842 prtepositis
1748 4755 1894 4837 suis,
1929 4761 2060 4836 post
2093 4754 2278 4815 Deum
2311 4760 2588 4834 acceptas
2618 4755 2816 4817 ferunt
2849 4755 3238 4836 proprietates
3281 4755 3424 4819 istas
3458 4774 3600 4838 qua-

232 4860 364 4904 rum
403 4842 728 4925 participes
757 4843 889 4907 facti
921 4854 1082 4909 sunt.

308 4931 338 5012 §
368 4929 472 4995 IV.
508 4931 724 5012 ’Ἔλεγε
756 4943 881 5013 γοῦν
923 4941 950 4993 ὁ
996 4939 1191 5007 ταύτην
1232 4939 1329 5006 τὴν
1359 4939 1504 4996 λύσιν
1532 4939 1874 5015 ποιούμενος,

2043 4931 2188 5011 §IV.
2208 4929 2424 4994 Aiebat
2442 4931 2643 5014 itaque
2664 4932 2765 5015 qui
2787 4932 2940 4998 hanc
2960 4934 3321 4998 solutionem
3345 4935 3608 4998 tradide-

222 5021 416 5098 (οἶμαι
439 5020 563 5102 δὲ,ὁ
588 5025 757 5103 μέγας
788 5025 855 5094 ἦν
883 5023 1207 5106 ἰερὸθεος,ἢ
1229 5029 1379 5094 εἴτις
1409 5029 1568 5093 ἄλλος
1596 5027 1717 5088 κατ’
1734 5031 1875 5087 ἐκεῖ-

1971 5029 2047 5084 rat
2068 5024 2228 5098 (puto
2251 5027 2449 5082 autem
2479 5039 2755 5102 magnum
2786 5021 3175 5087 Hierotheum
3206 5025 3414 5102 fuisse,
3433 5025 3524 5088 vel
3549 5027 3604 5091 si

225 5111 368 5202 vov,)
390 5110 474 5169 ὅτι
500 5114 534 5181 ἡ
559 5113 660 5189 μὲν
691 5113 874 5192 ὅρασις
905 5115 1081 5186 ἐκείνη
1110 5117 1397 5200 ὑπεδείχθη
1426 5127 1502 5194 τῷ
1531 5121 1783 5202 προφήτη
1808 5117 1874 5176 δι’

1971 5107 2261 5202 quisalius
2282 5107 2368 5170 illi
2391 5111 2696 5202 secundus
2718 5111 3130 5202 sit)_visionem
3161 5114 3401 5198 quidem
3439 5114 3602 5178 illam

224 5201 339 5265 ἑνὸς
373 5207 485 5258 τῶν
516 5202 784 5284 ἀγγέλων,
830 5205 1136 5265 ἀναταθέντι
1184 5195 1329 5288 παρῖ
1370 5209 1466 5277 τῆς
1515 5195 1873 5290 χειραγωγίας

1971 5195 2615 5290 exhibitamprophetaa
2643 5216 2751 5281 per
2778 5198 3038 5282 aliquem
3069 5195 3374 5283 angelum,
3428 5204 3600 5282 cujus

220 5291 427 5347 ὶκείνου
459 5293 538 5355 εἷς
566 5293 664 5360 τἠν
694 5283 912 5372 θεωρίαν
945 5283 1301 5378 ἑκείντ.ν,καδ⁹
1324 5298 1391 5368 ἣν
1425 5283 1565 5378 ἐώρα
1601 5283 1702 5362 τὰς*
1721 5283 1876 5379 ὓπερ-

1971 5283 2418 5379 cnanuductione
2447 5285 2520 5348 ad
2553 5287 2725 5350 istam
2783 5291 3351 5373 contemplationem
3404 5291 3600 5355 fuerat

222 5400 382 5442 τατας
418 5381 623 5454 οὐσίας,
656 5383 729 5444 ὡς
765 5382 820 5439 ἄν
854 5373 1169 5460 συμϐόλοις,
1195 5373 1574 5468 ἑξαπτερύγους
1599 5390 1704 5446 ὑπὸ
1734 5373 1864 5446 Θεδν

1971 5383 2213 5468 avectus,
2247 5373 2308 5437 in
2340 5394 2457 5468 qua
2485 5395 2798 5458 supremas
2826 5379 2958 5442 illas
2989 5383 3300 5456 essentias,
3334 5381 3504 5458 quasi
3538 5381 3600 5443 in

221 5467 328 5547 (ὅτι
362 5491 506 5549 μεγα
557 5470 626 5538 ἧν
678 5471 740 5528 τὸ
789 5480 882 5530 τοῦ
931 5475 1231 5550 καθημένου
1278 5465 1730 5557 ὑπεξῃρημένων),
1774 5481 1863 5538 καὶ

1971 5465 2258 5550 iymbolis,
2279 5484 2378 5528 sex
2403 5467 2529 5530 alas
2551 5468 2842 5533 habentes
2871 5471 3017 5534 vidit
3035 5473 3186 5534 infra
3220 5471 3405 5534 Deum
3434 5471 3601 5554 (quo-

223 5560 357 5632 μετὰ
389 5565 523 5617 Θεοῦ
558 5559 643 5649 (οὗ
671 5561 770 5640 γὰρ
796 5560 931 5629 ἦσαν
959 5564 1058 5642 πρὸ
1089 5565 1302 5622 ἑκείνων
1331 5565 1503 5646 ἕτεραι
1534 5568 1751 5649 τάξεις),
1775 5569 1860 5626 καὶ

1971 5561 2101 5621 liam
2137 5574 2420 5638 perquam
2455 5557 2673 5623 eximia
2703 5568 2829 5621 erat
2866 5561 3161 5649 majestas
3193 5560 3509 5643 sedentis);
3539 5577 3598 5630 et

223 5648 346 5732 περί
377 5651 536 5727 Θεὸν,
573 5647 655 5712 ὅτι
686 5649 866 5731 κύκλῳ
891 5651 1133 5716 ἵσταντο.
1196 5657 1269 5721 Τὸ
1323 5654 1379 5721 δὲ
1434 5647 1717 5744 ἱδρυμένων
1751 5665 1858 5724 τῶν

1971 5665 2105 5725 una
2118 5648 2306 5712 Deum
2322 5649 2484 5732 (quia
2499 5666 2616 5711 non
2629 5656 2802 5716 erant
2826 5648 2928 5716 alii
2956 5650 3198 5716 ordines
3219 5649 3450 5740 priores
3475 5651 3593 5731 iis),
