4042 6206
409 375 551 451 ,315

1611 381 1672 444 S.
1725 379 2068 445 DIONYSII
2112 375 2642 444 AREOPAGITE.

3695 378 3808 448 316

436 525 495 582 et
522 516 678 582 circa
705 518 918 591 Deum,
945 511 1228 593 quoniam
1259 512 1316 574 in
1348 510 1601 576 circuitu
1629 514 1885 577 stabant;
1907 514 2076 589 Quod

2184 517 2355 585 τάξεων
2386 521 2448 578 τὸ
2477 520 2610 596 πρὸς
2666 517 2732 578 τὰ
2789 517 2937 576 κάτω
2996 516 3210 585 άκλινὶς
3267 513 3432 586 δηλοι
3475 509 3572 577 καί
3602 519 3811 595 ἂμετα-

433 617 632 671 autem
664 606 904 668 ordines
948 603 1034 666 illi
1087 602 1298 664 ﬁrmati
1352 611 1576 679 essent,
1633 604 1905 686 designat
1955 607 2090 669 illos

436 713 574 776 erga
601 695 885 758 inferiora
916 710 1051 754 esse
1110 691 1466 755 inﬁexibiles
1503 701 1560 755 et
1594 693 1960 757 immobiles.
1998 695 2088 758 Ad

437 788 562 850 haec
587 785 730 848 vidit
751 784 1115 847 eminentem
1136 783 1421 846 verticem
1446 784 1507 846 in
1535 785 1733 847 me'lio
1757 803 1962 848 eorum
1989 787 2098 849 de-

435 893 615 956 super
647 875 970 946 ﬁrmatum,
1006 891 1074 934 ex
1108 890 1358 954 quorum
1398 873 1799 954 symbolorum
1839 875 2092 938 visioni-

435 963 546 1027 bus
575 962 810 1033 didicit,
863 961 1134 1023 divinum
1176 963 1411 1024 Numen
1466 962 1794 1025 secundum
1849 982 2090 1026 omnem

437 1051 951 1134 supernaturalem
985 1050 1426 1124 excellentiam,
1481 1051 1612 1112 sine
1643 1053 2094 1134 comparatione

437 1141 798 1206 antecellere
829 1139 1126 1202 visibilem
1159 1157 1396 1204 omnem
1431 1149 1487 1202 et
1519 1140 1882 1204 invisibilem
1917 1151 2092 1204 natu-

437 1251 588 1310 ram;
615 1229 941 1314 didicit,ab
969 1230 1246 1292 omnibus
1276 1230 1524 1313 insuper
1553 1231 1814 1295 divinum
1848 1235 2092 1297 Numen

439 1330 777 1404 exemptum
832 1339 988 1401 esse,
1046 1329 1320 1402 tanquam
1355 1321 1662 1384 dominum
1711 1341 1747 1384 a
1796 1323 2007 1397 servis,
2038 1331 2095 1386 et

439 1419 767 1473 creatorem
803 1429 837 1472 a
861 1411 1187 1474 creaturis:
1226 1418 1284 1472 et
1325 1430 1441 1472 non
1475 1412 1665 1474 solum
1699 1412 1853 1485 aliis,
1883 1413 1989 1476 sed
2022 1432 2094 1474 ne

442 1500 652 1583 primis
684 1499 925 1580 quidem
973 1498 1322 1564 substantiis
1379 1501 1575 1564 simile
1612 1503 1914 1577 existere;
1965 1507 2093 1565 tum

443 1593 578 1673 quia
597 1589 741 1652 illud
768 1590 826 1651 in
853 1590 1064 1651 throno
1108 1590 1474 1669 ordinesque
1509 1610 1642 1653 cum
1679 1601 1940 1654 tremore
1967 1592 2091 1654 cir-

443 1687 812 1744 cumstantes
843 1678 1008 1753 vidit,
1047 1688 1168 1740 tum
1203 1679 1340 1760 quia
1373 1681 1596 1760 primos
1647 1681 1889 1743 ordines
1927 1681 2090 1744 vidit.

446 1769 507 1834 Si
541 1769 735 1849 itaque
755 1769 1017 1831 divinum
1045 1766 1276 1831 Numen
1303 1789 1376 1831 ne
1403 1769 1609 1851 primis
1631 1770 1873 1849 quidem
1902 1771 2098 1832 simile

447 1860 759 1933 existebat,
785 1859 928 1939 quid
951 1859 1234 1937 cogitabit
1257 1859 1389 1941 quis
1409 1860 1482 1922 de
1507 1859 1934 1942 sequentibus?
1957 1859 2098 1922 Ter.
2123 1897 2158 1945 Β

449 1951 524 2012 tio
548 1970 786 2031 quoque
806 1950 1037 2020 didicit,
1060 1949 1245 2011 Deum
1272 1950 1540 2012 omnium
1570 1969 1699 2011 esse
1731 1950 2093 2030 principium

448 2050 505 2102 et
531 2058 794 2114 causam,
823 2038 1300 2100 indissolubilem
1331 2047 1387 2099 et
1411 2039 1864 2114 immutabilem,
1888 2059 1954 2102 ex
1981 2059 2096 2120 qua

449 2138 563 2192 tam
593 2148 722 2190 esse
746 2148 923 2209 quam
951 2127 1106 2190 bene
1147 2147 1278 2189 esse
1308 2127 1424 2190 illis
1449 2128 1674 2207 obtigit.
1703 2129 1872 2191 Unde
1899 2138 2094 2190 autem

450 2231 504 2283 et
528 2220 671 2282 illud
696 2219 870 2282 dicit?
892 2219 970 2280 Ex
996 2238 1066 2281 ec
1087 2219 1242 2299 quod
1268 2218 1467 2281 omnia
1488 2220 1558 2280 ad
1583 2220 1774 2300 ipsum
1801 2228 2092 2300 spectent,

448 2309 766 2389 omniaque
789 2309 861 2371 ad
889 2329 1023 2371 eum
1053 2309 1188 2369 tend
1216 2317 1316 2382 -nt,
1345 2317 1406 2369 ut
1433 2308 1535 2390 qui
1557 2307 1818 2387 benigne
1851 2310 2095 2370 omnino

449 2399 707 2461 victoria:
760 2399 1060 2479 pramium
1125 2398 1365 2460 tribuat.
1423 2399 1733 2472 Quomodo
1789 2408 1918 2478 post
1949 2418 2096 2460 con-

449 2491 891 2570 templationem
951 2491 1113 2552 circa
1165 2491 1399 2552 Numen
1451 2489 1716 2551 divinum
1774 2489 2100 2550 deiformes

453 2581 674 2643 deinde
707 2581 950 2640 virtutes
1001 2597 1069 2641 ac
1120 2578 1420 2660 seraphim
1476 2577 1705 2652 didicit,
1741 2585 1944 2640 etnon
1999 2596 2099 2638 se-

455 2669 714 2731 cundum
754 2669 1028 2730 ordinem
1063 2668 1171 2730 ista
1207 2668 1496 2748 patefacta
1551 2674 1730 2730 sunt?
1784 2667 1871 2729 Ac
1902 2667 2104 2728 dicere

453 2759 650 2831 liceat,
682 2757 838 2838 quod
874 2758 1334 2837 supereminens
1366 2757 1553 2834 gloria
1581 2755 1849 2818 sedentis
1907 2756 2101 2835 ipsum

453 2849 666 2910 fecerit
713 2846 835 2908 illic
895 2847 1150 2927 primum
1186 2845 1456 2906 obtutum
1495 2847 1698 2924 ﬁgere,
1747 2863 1814 2905 ac
1861 2845 2098 2915 deinde,

455 2947 765 3020 postquam
791 2936 846 2997 id
884 2936 1034 3017 quod
1069 2935 1305 2996 Domini
1340 2944 1465 2996 crat
1501 2934 1760 2995 medium
1805 2953 1874 2995 ac
1925 2933 2101 2994 mini-

457 3027 778 3090 nistrorum
830 3025 1232 3087 diversitatem
1291 3023 1604 3097 didicerat,
1639 3023 1888 3086 virtutes
1935 3039 2104 3084 sera-

456 3115 618 3196 pbim
648 3114 922 3178 edoctum
957 3134 1121 3191 esse;
1154 3113 1432 3195 quoniam
1454 3119 1696 3175 virtutes
1725 3112 1912 3192 igneae
1939 3119 2099 3186 sunt,

2173 613 2409 677 κίνητον,
2442 609 2616 680 Ἐώρα
2673 606 2728 665 δὲ
2790 609 2874 666 καὶ
2917 610 3014 678 τὴν
3074 608 3408 686 ἐξῃρημένην
3458 609 3734 689 ἄκρότητα
3761 610 3814 669 ἐν

2175 699 2323 775 μέσῳ
2377 699 2575 756 τούτων
2628 696 3066 778 ὑπεριδρυμὲνην’
3116 699 3395 757 κάντεῦθεν
3455 698 3515 758 ὲκ
3570 705 3673 767 τῆς
3734 698 3817 758 διὰ

2174 794 2279 846 τῶν
2309 786 2591 865 συμϐόλων
2635 789 2868 867 ὁράσεως
2926 789 2998 852 εἰς
3059 787 3392 846 διδασκαλίαν
3453 789 3704 870 ἀνήγετο,
3735 789 3815 848 ὅτι

2175 879 2500 958 ἀσυγκρίτως
2575 879 2707 935 κατὰ
2775 885 2949 936 πᾶσαν
2979 879 3252 958 ὑπεροχὴν
3326 878 3420 936 καῖ
3490 879 3814 956 ὑπερουσίως

2174 969 2234 1025 τὸ
2265 975 2422 1025 Θεῖον
2449 966 2756 1046 ὑπέρκειται
2816 968 2992 1036 πάσης
3050 969 3244 1045 ὁρατῆς
3303 969 3392 1025 καὶ
3451 968 3678 1036 ἀοράτου
3714 969 3813 1025 οὑ-

2175 1057 2313 1120 σίας⁶
2348 1056 2660 1137 ἐμάνθανεν,
2729 1057 2811 1114 ὅτι
2879 1060 2974 1115 καί
3046 1057 3260 1114 πάντων
3314 1057 3454 1116 ὶστὶν
3484 1057 3814 1138 ἐξῃρημένον

2174 1147 2235 1203 τὸ
2269 1154 2451 1226 Θεῖον,
2481 1148 2555 1211 ὡς
2585 1145 2848 1214 δεσπότης
2879 1145 3100 1220 δούλων,
3153 1149 3241 1204 καὶ
3297 1150 3525 1215 ποιητὴς
3586 1149 3819 1223 κτισμά-

2176 1257 2305 1298 των,
2339 1237 2425 1292 καὶ
2455 1237 2550 1293 οὑκ
2591 1235 2837 1317 ἐμφερὲς,
2895 1238 2973 1311 μὴ
3031 1237 3192 1312 μόνον
3249 1249 3368 1300 τοῖς
3428 1235 3632 1318 ἄλλοις,
3698 1237 3818 1295 ἀλλ’

2177 1324 2292 1383 οὑδὲ
2325 1339 2446 1391 ταῖς
2505 1326 2738 1404 πρώταις
2767 1329 2956 1390 αὑταῖς
3014 1325 3241 1389 οὑσίαις·
3304 1326 3480 1384 ἐκεῖνο
3539 1327 3660 1402 μὲν,
3724 1327 3805 1385 ὅτι

2177 1417 2238 1471 τὸ
2271 1415 2367 1489 μὲν
2411 1415 2500 1471 επὶ
2553 1415 2734 1492 θρόνου
2791 1415 2956 1495 ἐώρα,
3016 1416 3111 1479 τὰς
3171 1413 3225 1472 δὲ
3284 1415 3453 1481 τάξεις
3485 1417 3616 1492 μετᾶ
3649 1415 3819 1495 φόϐου

2176 1503 2484 1578 ἱσταμέναςο
2571 1503 2746 1577 10610,
2835 1503 2914 1561 ὅτι
3002 1505 3096 1562 τὰς
3180 1504 3394 1582 πρώτας
3456 1504 3565 1561 εἱδε
3616 1505 3820 1571 τάξεις.

2180 1595 2237 1650 Et
2269 1601 2391 1669 γοῦν
2448 1607 2568 1660 ταῖς
2613 1595 2842 1672 πρώταις
2876 1596 2972 1650 οὑκ
3001 1600 3064 1670 ᾖν
3096 1593 3321 1675 ἐμφερὲς
3379 1597 3439 1651 τὸ
3495 1603 3680 1670 Θεῖον,
3740 1596 3828 1653 ἐπὶ

2177 1682 2297 1746 τοῖς
2330 1682 2586 1761 δευτεροις
2622 1684 2668 1738 τί
2700 1681 2761 1738 άν
2787 1683 3026 1742 ἰινοοῖτό
3086 1704 3203 1758 τις;
3271 1685 3366 1743 Καὶ
3422 1685 3595 1762 τρίτον
3648 1685 3824 1759 ἐμαν-

2177 1778 2320 1848 θανε,
2357 1778 2415 1831 τὸ
2459 1777 2674 1832 πάντων
2730 1776 2909 1856 ἀρχην
2966 1777 3057 1832 καὶ
3111 1777 3284 1833 αἰτίαν
3342 1777 3485 1833 εἶναι
3543 1776 3826 1834 ἀδιάλυτόν

2178 1887 2236 1920 τε
2266 1866 2352 1920 καὶ
2391 1863 2770 1944 ἀναλλοίωτον,
2831 1865 2916 1945 ὑφ’
2974 1867 3041 1932 ἧς
3099 1867 3184 1922 καὶ
3246 1869 3306 1922 τὸ
3364 1868 3507 1922 εἶναι
3557 1869 3742 1924 καὶτὸ
3774 1869 3828 1924 εὑ

2181 1955 2624 2018 εἶναικὰκείναις
2681 1954 2814 2013 ἐστί.
2876 1956 3038 2011 Πόθεν
3099 1954 3152 2010 δὲ
3208 1960 3294 2012 καὶ
3351 1962 3503 2012 10610
3546 1957 3823 2031 κατεμείν-

2179 2045 2371 2117 θανενς
2444 2045 2505 2096 εκ
2574 2049 2666 2098 τοῦ
2737 2044 2801 2098 τὰ
2872 2042 3042 2098 πάντα
3102 2045 3232 2121 πρὸς
3267 2044 3422 2099 αὑτὸν
3476 2044 3696 2122 ἀφορᾷν,
3733 2039 3828 2100 καὶ

2180 2131 2372 2186 πάντα
2407 2132 2537 2208 πρὸς
2597 2134 2750 2190 αὑτὸν
2807 2132 3187 2204 ἀνατείνεσθαι,
3242 2131 3583 2195 πανευλαϐὤς
3643 2135 3824 2202 πάντη

2180 2219 2589 2297 ἂποπληροῦντα
2621 2223 2709 2276 τὸν
2741 2223 3018 2284 ἐπινίκιον,
3057 2228 3175 2285 Πως
3234 2223 3370 2296 μετὰ
3426 2223 3526 2289 τὴν
3583 2225 3700 2301 περὶ
3761 2225 3824 2279 τὸ

2183 2317 2338 2364 Θεῖον
2367 2311 2606 2388 θεωρίαν,
2644 2312 2765 2367 εἶτα
2796 2313 2889 2376 τὰς
2919 2309 3173 2374 θεοειδεῖς
3229 2310 3472 2385 δυνάμεις
3518 2319 3624 2368 τῶν
3653 2333 3821 2391 σερα-

2182 2401 2278 2476 φὶμ
2309 2401 2691 2475 κατεμάνθανε,
2748 2403 2833 2456 καὶ
2907 2403 2966 2457 οὑ
3034 2401 3171 2457 κατὰ
3201 2401 3344 2467 τάξιν
3374 2400 3648 2482 ἀνήγετο;
3724 2403 3828 2460 Καί

2184 2488 2322 2544 ἔστιν
2355 2490 2550 2569 εἰπεῖν,
2584 2490 2662 2546 ὅτι
2693 2493 2754 2548 τὸ
2783 2489 3108 2570 ὑπερϐάλλον
3140 2497 3240 2558 τῆς
3271 2489 3422 2558 δόξης
3451 2492 3544 2548 106
3575 2492 3823 2566 καθημέ-

2188 2601 2274 2634 νου
2303 2579 2564 2646 πεποίηκε
2621 2587 2804 2638 τοῦτον
2855 2580 3032 2637 ἐκεῖσε
3061 2579 3286 2645 πρώτως
3317 2581 3665 2655 ἀναταθῆναι,
3697 2594 3830 2639 εῖτα

2188 2665 2302 2742 μεθ’
2335 2669 2362 2724 ὃ
2392 2667 2550 2743 ἔμαθε
2583 2670 2644 2726 τὸ
2675 2669 2837 2745 μέσον
2867 2677 2958 2726 τοῦ
2988 2669 3242 2728 δεσπότου
3271 2673 3359 2727 καὶ
3393 2676 3497 2728 τῶν
3533 2670 3736 2727 δούλων
3767 2673 3832 2727 τὸ

2187 2755 2454 2838 διάφορον,
2489 2759 2707 2834 ἐμυεῖτο
2736 2761 2830 2824 τὰς
2861 2757 3102 2834 δυνάμεις
3131 2759 3238 2816 τῶν
3267 2761 3517 2839 σεραφὶμ,
3553 2760 3634 2816 ὅτι
3661 2758 3831 2816 δυνά-

2188 2867 2304 2922 μεις
2335 2846 2579 2924 ἐμπόριοί
2609 2849 2731 2925 εἶσι,
2791 2849 2928 2904 κατὰ
2982 2848 3080 2916 τὴν
3139 2848 3312 2904 αὑτῶν
3367 2849 3696 2928 ἒπωνυμίιν,
3759 2851 3833 2914 ὡς

2187 2938 2373 3013 μικρὸν
2406 2937 2622 3016 ὕστερον
2657 2940 2683 2994 ὑ
2713 2937 2864 3016 ἅγιος
2895 2937 3038 2995 εἴποι
3084 2937 3171 2994 καὶ
3199 2939 3530 3017 ὑφηγήσεται
3563 2937 3617 2993 ἐν
3646 2938 3725 3012 τῷ
3760 2937 3830 2994 ιε’

2185 3025 2474 3104 κεφαλαίῳ.
2508 3025 2799 3102 Ἐμάνθανε
2856 3028 2952 3094 την
2995 3033 3099 3084 τῶν
3160 3029 3367 3101 πτερῶν
3414 3025 3648 3096 ἐξαπλῆν
3675 3028 3832 3105 ἱερο-

2185 3112 2469 3190 πλαστίαν,
2500 3115 2581 3172 ὅτι
2617 3116 2788 3180 καθὼς
2819 3117 2907 3173 καὶ
2936 3115 3190 3194 πρότερον
3235 3115 3439 3195 ἔλεγεν,
3469 3118 3545 3180 ὡς
3577 3123 3677 3180 πᾶς
3708 3119 3836 3179 νοῦς

453 3209 628 3290 juxta
693 3206 1239 3268 denominationem
1314 3223 1504 3282 suam,
1572 3203 1655 3264 uti
1731 3203 1903 3281 paulo
1976 3211 2099 3280 post

2189 3205 2275 3260 καὶ
2307 3207 2649 3281 πρώτας,καὶ
2680 3203 2872 3284 μέσας,
2906 3206 2994 3260 καὶ
3023 3204 3322 3268 τελευταίας
3355 3204 3472 3285 ἔχει
3503 3205 3697 3270 τάξεις.
3736 3203 3839 3263 Ἠν

460 3300 558 3361 hic
587 3305 825 3360 sanctus
859 3294 1102 3357 tradidit
1155 3303 1212 3356 et
1273 3293 1562 3374 explicuit
1613 3301 1804 3372 capite
1867 3294 1960 3354 l5.
1998 3291 2104 3354 Di-

459 3387 604 3450 dicit
636 3405 872 3468 quoque
902 3403 1179 3447 senarum
1211 3385 1437 3445 alarum
1495 3401 1720 3444 sacram
1779 3383 2102 3454 ﬁctionem,

466 3479 593 3538 121
636 3475 1134 3558 quemadmodum
1182 3473 1354 3536 etiam
1390 3482 1525 3534 ante
1554 3473 1807 3552 dixerat,
1845 3480 2104 3533 mentem

461 3587 699 3630 omnem
733 3577 792 3628 et
818 3565 1041 3647 primos
1073 3574 1128 3626 et
1163 3563 1391 3625 modios
1425 3571 1481 3624 et
1515 3573 1846 3642 postremos
1863 3562 2107 3623 ordines

460 3658 701 3720 habere.
739 3655 878 3718 Erat
905 3655 1104 3734 itaque
1136 3654 1255 3716 illic
1305 3654 1480 3715 etiam
1515 3651 1854 3713 istiusmodi
1896 3651 2106 3730 triplex

462 3747 609 3809 ordo
631 3746 692 3809 in
715 3763 992 3828 suprema
1019 3753 1074 3805 et
1109 3743 1382 3805 absoluta
1412 3741 1781 3804 intentione:
1813 3739 2106 3820 siquidem

463 3856 594 3916 qua:
625 3835 731 3898 alte
760 3835 966 3896 solutae
995 3831 1385 3913 apparebant.
1431 3830 1584 3904 Quin
1614 3840 1670 3891 et
1703 3829 1969 3891 carentia
2003 3847 2108 3907 pe-

463 3926 628 3999 dum,
649 3935 710 3986 et
741 3923 1059 3985 multitudo
1085 3922 1302 4001 pedum
1337 3940 1572 4000 eorum,
1595 3938 1664 3980 ac
1695 3918 1851 3998 quod
1883 3918 2114 3980 duabus

465 4013 706 4094 quidem
736 4013 846 4074 alis
869 4011 1312 4072 absconderent
1341 4028 1408 4069 ac
1437 4016 1706 4085 tegerent
1738 4008 1918 4087 pedes
1950 4027 2109 4082 suos,

467 4101 697 4164 duabus
730 4103 867 4162 item
893 4109 1195 4179 aspectum
1224 4099 1504 4158 facierum
1535 4114 1772 4156 suarum
1798 4096 2109 4176 abderent,

459 4189 688 4252 duabus
721 4208 856 4250 vero
886 4187 1095 4249 mediis
1127 4205 1366 4266 semper
1400 4193 1803 4259 moverentur;
1840 4185 1988 4260 haec,
2015 4192 2110 4246 in-

2189 3293 2276 3348 οὖν
2335 3294 2552 3349 κάκεῖσε
2585 3297 2616 3362 ἡ
2650 3295 2874 3360 τοιαύτη
2907 3295 3090 3372 τριττὴ
3121 3292 3264 3358 τάξις
3325 3293 3380 3349 ἐν
3437 3295 3503 3369 τῇ
3559 3294 3837 3372 ὑπερτάτη

2191 3383 2276 3438 καὶ
2307 3382 2555 3457 ἀπολύτῳ
2585 3383 2854 3440 ἀνατάσει·
2910 3386 2958 3439 αἱ
3001 3383 3100 3461 γᾶρ
3154 3381 3241 3439 δύο
3292 3382 3544 3460 πτέρυγες
3575 3381 3840 3440 ἆπύλυτοι

2188 3481 2584 3552 κατεφαίνοντο.
2622 3471 2789 3530 Ἀλλὰ
2829 3474 2919 3530 καὶ
2967 3475 3030 3529 τὸ
3079 3462 3517 3552 ἀπειρόπουν’καῖ
3559 3469 3840 3530 πολύπουν

2190 3561 2384 3642 αὑτῶν,
2438 3563 2526 3618 καὶ
2575 3565 2635 3618 τὸ
2689 3575 2806 3628 τοῖς
2866 3564 2964 3636 μὲν
3024 3561 3134 3619 δυσὶ
3195 3574 3411 3640 πτεροῖς
3471 3559 3843 3619 ἀποδιαστέλ-

2191 3650 2371 3708 λεσθαι
2402 3653 2488 3708 καὶ
2519 3653 2799 3709 σκὲπεσθαι
2855 3655 2954 3720 τὴν
3010 3653 3139 3729 ὑπὲρ
3198 3652 3318 3715 τοὺς
3377 3650 3568 3730 πόδας,
3613 3664 3737 3713 τοῖς
3784 3649 3844 3706 δὲ

2192 3739 2303 3798 δυσὶ
2360 3742 2457 3809 τὴν
2513 3742 2644 3820 ὑπὲρ
2701 3745 2766 3798 τὰ
2825 3741 3083 3817 πρόσωπα
3138 3741 3379 3820 θεωρίαν,
3409 3755 3530 3804 τοῖς
3560 3739 3616 3796 δὲ
3647 3741 3848 3815 μέσοις

2194 3835 2275 3889 ἀεὶ
2306 3837 2592 3914 κινεῖσθαι,
2624 3842 2786 3891 ταῦτα
2844 3833 2908 3903 δὴ
2967 3835 3032 3890 τὰ
3087 3834 3211 3912 παρ’
3255 3835 3456 3891 ἑκείνου
3486 3832 3734 3912 ὁρώμενα
3767 3835 3846 3896 εἷς

2195 3930 2390 4000 γνῶσιν
2427 3923 2626 4002 ἀνῆγον
2660 3925 2848 3992 αὑτὴν,
2894 3923 3228 4000 δηλουμένης
3263 3925 3404 3996 αὑτῷ
3460 3921 3551 3981 διὰ
3608 3922 3849 3995 τούτων,

2197 4012 2280 4068 διὰ
2311 4013 2408 4087 μὲν
2441 4015 2501 4069 τὸ
2548 4012 2992 4092 πολυπρόσωπον,
3052 4018 3154 4080 τῆς
3211 4011 3512 4089 πολυπύρου
3544 4013 3633 4068 καὶ
3663 4010 3853 4070 πολυ-

2197 4103 2451 4175 θεάμονοτ
2485 4101 2776 4174 δυνάμεως,
2834 4103 2919 4160 διὰ
2975 4102 3028 4159 δὲ
3088 4104 3149 4159 τὸ
3207 4102 3515 4176 σκέπεσθαι,
3547 4106 3645 4168 τῆς
3676 4101 3854 4158 66).:-

2198 4190 2362 4266 ϐείας,
2398 4193 2464 4260 ἣν
2495 4191 2712 4272 ἔχουσιν
2767 4195 2838 4256 εἰς
2897 4193 2994 4260 τὴν
3045 4200 3151 4248 τῶν
3181 4191 3528 4269 ὑψηλοτέρων
3558 4192 3645 4247 καὶ
3673 4191 3854 4262 βαθυο

459 4299 662 4362 quam,
697 4279 771 4340 ab
802 4278 928 4358 ipso
960 4277 1082 4337 visa
1115 4275 1186 4335 ad
1225 4274 1490 4335 notitiam
1523 4293 1653 4336 eam
1706 4274 2110 4351 adduci-bant,

2197 4281 2361 4358 τέρων
2418 4281 2612 4349 αιῦθάδη
2673 4283 2757 4338 καὶ
2816 4281 3094 4361 ἀνέφικτον
3127 4279 3336 4360 ἔρευναν
3399 4281 3528 4359 (τοῦν
3560 4281 3658 4353 μὲν
3687 4281 3855 4354 ὑψη-

462 4389 567 4450 per
595 4371 808 4430 multas
829 4366 1076 4445 quidem
1104 4364 1282 4426 facies
1307 4364 1420 4442 ipsi
1447 4363 1802 4424 declaranda
1833 4365 1940 4425 vim
1969 4365 2116 4426 mul-

2198 4370 2426 4450 λοτέρων
2483 4369 2568 4427 διὰ
2601 4373 2660 4427 τὸ
2697 4373 2761 4428 τα
2817 4372 3096 4448 πρόσωπα,
3155 4375 3261 4426 τῶν
3296 4368 3351 4426 δὲ
3409 4368 3704 4446 ϐαθυτέρων
3762 4366 3859 4424 διά

461 4459 710 4537 tivagam
743 4457 1121 4538 plurimaque
1147 4454 1431 4516 cernendi
1456 4453 1830 4528 facultatem;
1867 4471 1972 4533 per
2001 4451 2099 4515 ob-

2199 4462 2259 4516 τὸ
2289 4461 2405 4522 τοὺς
2436 4459 2600 4524 πόδας
2631 4460 2971 4536 σκέπεσθαι),
3020 4459 3104 4517 διὰ
3161 4458 3215 4515 δὲ
3272 4461 3334 4516 τὸ
3387 4458 3711 4535 ἀεικίνητον,
3744 4462 3856 4524 τῆς

460 4549 818 4610 velationcm
848 4565 1010 4620 vero,
1035 4564 1164 4607 eam
1199 4563 1371 4624 quam
1409 4543 1690 4604 exhibent
1721 4542 2099 4605 reverentian

2199 4551 2490 4624 ὑψιπετούς
2562 4552 2646 4606 καὶ
2715 4549 3089 4620 ἆκαταλῆκτου
3157 4549 3482 4625 θεομιμήτου
3550 4548 3855 4625 ὲνεργεῖας.

463 4639 524 4700 in
590 4637 1039 4716 sublimiorum,
1078 4634 1654 4715 profundiorumque
1701 4635 2099 4712 mysteriorun

2201 4635 2368 4692 Ἀλλὰ
2414 4639 2633 4704 χαίτην
2664 4637 2924 4713 ὑμνῳδίαν
2979 4638 3184 4706 ἐκείνην
3246 4644 3333 4703 τὴν
3391 4639 3455 4694 εκ
3506 4643 3635 4692 Θεοῦ
3664 4635 3860 4715 ἀρχο-

464 4727 673 4790 audaci
709 4737 764 4788 et
798 4725 1170 4787 inscrutabili
1205 4721 2099 4801 investigatione(sublimiorun

2201 4725 2370 4798 μένην
2441 4729 2533 4783 καί
2608 4728 2680 4786 εὶς
2754 4729 2882 4784 Θεὸν
2916 4729 3212 4806 λήγουσαν,
3270 4727 3368 4792 τὴν
3401 4723 3858 4804 ’¹Αγιος,ἇ’γιος,

466 4817 735 4898 quidem,
771 4816 907 4896 quia
937 4815 1130 4878 facies.
1163 4813 1615 4895 profundiorum
1650 4831 1810 4892 vero,
1836 4811 2099 4893 quonian

2201 4813 2378 4890 ἅγιος,
2437 4815 2875 4896 ἐμυσταγωγεῖτο
2907 4817 2934 4873 δ
2965 4817 3271 4896 προφήτης,
3329 4825 3424 4875 τοῦ
3478 4813 3708 4892 ἀγγέλου
3742 4835 3862 4888 με-

468 4919 651 4988 penes
684 4907 908 4985 tegunt)
940 4924 1044 4986 per
1071 4905 1410 4965 continuam
1438 4921 1577 4964 vero
1603 4901 1955 4975 motionem,
1981 4901 2099 4962 alti-

2205 4901 2501 4966 ταδιδόντος
2559 4907 2701 4979 αὑτῷ
2759 4908 2855 4973 τῆς
2911 4907 3164 4972 τοιαύτης
3221 4906 3363 4984 ἱερᾶς
3421 4907 3693 4981 γνώσεως·
3749 4905 3866 4970 τὴν

472 4995 718 5056 volantis
744 5008 804 5056 et
828 4994 1205 5056 inccssabilis
1228 4992 1331 5053 Dei
1353 4991 1699 5054 imitationis
1716 4991 2094 5066 operationes

2204 4993 2303 5071 γὰρ
2346 4994 2603 5061 τοιαύτην
2633 5001 2829 5073 γνῶσιν
2886 4997 3042 5058 αὑτὸς
3103 5001 3310 5074 πρῶτος
3363 4991 3447 5050 διὰ
3475 4996 3576 5050 τῶν
3605 4993 3713 5070 πρὸ
3748 4994 3869 5048 αὑ-

474 5083 626 5157 Quin
655 5093 711 5144 et
735 5083 927 5145 laudis
958 5084 1099 5143 illud
1135 5082 1464 5155 canticum,
1499 5079 1654 5160 quod
1696 5097 1729 5140 a
1765 5081 1884 5139 Deo
1918 5078 2097 5159 incipi

2201 5088 2293 5136 106
2322 5079 2622 5156 δεξάμενος,
2687 5088 2763 5156 τῷ
2818 5084 3067 5163 προιρήτη
3127 5082 3468 5161 παρέπεμπε.
3528 5080 3663 5158 Πρὸς
3722 5080 3870 5137 τού-

477 5183 533 5236 et
566 5173 622 5234 in
657 5173 843 5238 Deum
879 5172 1134 5234 desinit:
1165 5171 1451 5248 Sanctus,
1482 5177 1754 5249 sanctus,
1786 5178 2034 5230 sanctus
2071 5177 2094 5202 ο

2203 5193 2314 5233 τοις
2348 5170 2610 5228 ἐδίδασκεν
2645 5175 2800 5230 αὑτὸν
2850 5175 2936 5230 καὶ
2995 5173 3172 5244 10610,
3207 5169 3286 5228 ὅτι
3340 5173 3374 5240 ὴ
3433 5169 3526 5228 106
3558 5176 3693 5226 Θεοὺ
3721 5191 3874 5244 μετ-

479 5265 766 5345 propheta
799 5262 1182 5334 edocebatur,
1217 5259 1288 5321 ab
1319 5258 1557 5338 angelo,
1589 5257 1702 5340 ipsi
1755 5256 2096 5336 ejnScemod

2205 5263 2353 5317 ουσία
2434 5275 2552 5326 τοῖς
2639 5267 2891 5340 καθαροῖς
2963 5264 3204 5318 ὁπωσοῦν
3251 5261 3503 5340 κάθαρσίς
3549 5260 3722 5322 ἐστιν,
3762 5258 3880 5318 Ἐκ

475 5371 705 5416 sacram
739 5351 1006 5414 notitiam
1057 5349 1576 5410 commnnicante:
1615 5365 1749 5407 nam
1786 5345 2096 5407 istiusmod

2206 5351 2359 5406 τίνων
2425 5349 2477 5406 δὲ
2543 5359 2693 5409 τοῦτο
2741 5351 3045 5422 ἐδίδασκεν,
3095 5349 3146 5416 ἐξ
3189 5354 3264 5407 ὧν
3313 5351 3342 5407 ὁ
3385 5351 3625 5429 Σεραφὶυ.
3698 5351 3883 5407 αὑτὸν

473 5442 784 5504 scientiam
824 5442 950 5521 ipse
984 5441 1210 5519 primus
1241 5458 1272 5497 a
1306 5435 1770 5516 pl‘iCCC’SSOt‘ibllS
1801 5435 1922 5494 suis
1955 5436 2099 5496 acci-

2205 5439 2496 5518 ἐκάθηρεν,
2535 5443 2592 5500 Ὀ
2623 5443 2720 5519 γὰρ
2755 5442 2979 5519 καθαρός
3013 5440 3186 5503 άλλως
3251 5442 3344 5497 οὑκ
3407 5440 3524 5521 ἔχει
3557 5439 3878 5512 καθαίρειν,

477 5536 670 5616 piens,
690 5531 998 5612 propheta
1023 5525 1316 5588 tradebat:
1343 5525 1416 5586 ad
1445 5525 1564 5616 han-0
1590 5525 1780 5616 ipsum
1808 5523 2096 5616 θάᾳτθβθί

2207 5531 2358 5604 εὶμὴ
2391 5533 2541 5597 αὑτὸς
2570 5530 2950 5608 πληρεστάτως
3003 5530 3120 5610 ἔχει
3172 5531 3267 5597 τὴν
3319 5529 3595 5607 κάθαρσιν,
3647 5529 3784 5590 Πῶς
3822 5526 3886 5584 δί

475 5611 580 5687 Dei
605 5611 1113 5699 participationem
1141 5632 1377 5698 quoquo
1405 5614 1582 5676 modo
1604 5613 1767 5696 puris
1795 5611 2096 5698 expiation

2209 5620 2322 5678 ἐστι
2354 5634 2469 5683 τοῖς
2504 5621 2749 5682 ὁπωσοῦν
2799 5623 3050 5704 καθαροῖς
3107 5621 3143 5690 ἡ
3203 5619 3455 5702 μετουσία
3513 5617 3610 5692 τῆς
3668 5617 3888 5694 θε’ἰκῆς

547 5742 573 5776 ιι
603 5726 698 5792 lsa
723 5741 806 5802 v1,
833 5726 893 5790 3.
