4026 6210
463 285 583 356 319

1631 295 1692 360 S.
1738 290 2073 358 DIONYSlI
2117 287 2638 356 AREOPAGITIE.

3706 279 3810 351 320

465 445 604 491 suas
631 427 705 491 ad
738 430 928 512 ipsum
950 429 1206 495 referant
1239 435 1534 508 actiones;
1557 429 1644 494 sic
1675 429 1921 508 angelus
1950 447 2097 509 quo-

2182 423 2543 500 ἐκπέμποντα,
2605 426 2932 504 ἀνατίθησιν,
2986 425 3044 482 οὗ
3101 424 3539 504 σφετεριζόμενος
3586 421 3684 490 τὴν
3727 443 3808 479 τι-

465 535 586 598 que
617 520 712 600 qui
739 519 1076 597 theologum
1109 519 1577 602 expiabat,suam
1603 519 1879 602 expiandi
1903 520 2099 581 scien-

464 606 607 671 tiam
634 607 754 672 Deo
778 608 1016 690 quidem
1035 619 1099 670 ut
1122 627 1314 671 causae
1335 609 1909 691 ascribit,serapbim
1934 626 2094 682 vero,

463 703 742 773 tanquam
774 698 855 758 illi
883 697 983 778 qui
1009 696 1198 778 primo
1227 697 1357 760 loco
1381 699 1773 780 expiationem
1803 697 2022 778 excipit
2042 704 2100 758 et

463 786 697 867 emittit,
734 788 1021 849 honorem
1055 787 1228 848 istum
1257 788 1376 848 sibi
1411 788 1657 849 minime
1678 787 2010 867 vindicans,
2043 792 2101 847 et

462 875 630 954 quasi
659 874 973 938 ambitiose
995 894 1237 939 sumens
1261 877 1490 957 (procul
1533 878 1690 939 enim
1716 896 1749 940 a
1769 877 1983 938 divinis
2016 876 2098 936 is~

463 963 1006 1028 tiusmodiambitio
1039 966 1177 1044 est),
1200 967 1302 1028 sed
1332 986 1466 1029 cum
1500 967 1768 1046 angelica
1802 966 2100 1044 quodam-

393 1071 402 1078 ‘
463 1052 638 1115 modo
667 1056 1000 1117 reverentia
1023 1056 1244 1119 docens
1276 1076 1343 1118 ac
1381 1057 1590 1118 dicens
1612 1055 1682 1118 ad
1717 1057 2095 1136 praphetam:

458 1140 601 1220 Ejus
633 1163 766 1220 qua:
803 1164 908 1225 per
933 1163 1026 1207 me
1059 1146 1114 1206 in
1139 1155 1198 1208 te
1219 1146 1523 1226 perficitur
1548 1145 1903 1224 expiationis
1928 1145 2096 1227 prin-

459 1231 680 1312 cipium
704 1235 942 1312 quidem
969 1243 1057 1296 est
1079 1234 1443 1315 Deus,qucm
1469 1236 1527 1298 in
1559 1237 1772 1298 throno
1803 1234 2098 1296 elevatum

458 1322 678 1386 cernis.
700 1322 808 1384 Hic
833 1332 919 1385 est
949 1323 1074 1406 ipsa
1103 1343 1206 1404 per
1237 1343 1302 1386 se
1327 1325 1586 1404 expiatio
1617 1334 1671 1386 et
1704 1323 1959 1387 essentia
1989 1343 2097 1385 ex-

461 1410 761 1491 piationis,
802 1416 936 1474 125
957 1423 1160 1497 utpote
1190 1415 1447 1476 essentia
1465 1413 1730 1476 luminis.
1751 1413 1856 1475 Hic
1879 1421 1967 1475 est
1996 1413 2099 1493 qui

460 1503 684 1584 primas
711 1507 1024 1579 essentias,
1050 1525 1198 1587 quas
1217 1507 1375 1568 circa
1407 1523 1543 1568 eum
1577 1505 1760 1584 vides,
1799 1505 2095 1587 produxit,

2183 516 2287 591 μὴν
2333 517 2418 570 καὶ
2450 515 2570 572 οἷον
2601 513 3068 594 φιλοτιμούμενος,
3121 513 3329 594 (πόῤῥω
3354 515 3454 592 γὰρ
3481 513 3546 569 τὰ
3579 515 3698 569 θεῖα
3717 517 3807 580 τῆς

2181 604 2430 670 τοιαύτης
2483 603 2808 682 φιλοτιμὶας,
2858 603 2976 660 ἀλλ’
3021 603 3140 661 οἷον
3193 601 3312 678 μετ’
3343 600 3614 666 εὐλαϐείας
3645 606 3806 680 ἅγγε-

2181 691 2336 773 λικῆς
2394 691 2730 766 ἐκδιδάσκων,
2792 694 2880 750 καὶ
2934 692 3101 772 λέγων
3173 695 3304 773 πρὸς
3358 695 3451 750 τὸν
3507 694 3801 772 προιρήτην·

2183 771 2316 841 "Ott
2373 789 2470 848 τῆς
2542 786 2613 846 εἷς
2664 784 2724 838 σὲ
2788 782 2912 860 παρ’
2973 771 3104 857 ἐμοῦ
3157 771 3446 860 γινομένης
3519 781 3807 856 καθάρσεως

2182 872 2327 952 ἀρχὴ
2380 873 2474 948 μέν
2517 871 2657 928 ἐστιν
2701 873 2759 928 ὃν
2817 875 2941 946 ὁρᾷς
2993 872 3086 930 ἐπὶ
3137 879 3229 930 τοῦ
3279 872 3577 951 ἐπηρμένου
3632 872 3807 949 θρόνου

2183 963 2336 1026 Θεόν,
2371 961 2533 1026 Οὗτος
2573 961 2943 1040 αὒτοκάθκρσίς
2998 962 3107 1018 ἐστι
3165 964 3250 1020 καὶ
3312 964 3460 1022 οὖσία
3489 960 3803 1038 καθάρσεως,

2182 1053 2256 1116 ὡς
2313 1052 2461 1110 οὖσία
2515 1053 2709 1133 φωτός.
2746 1051 2909 1116 Οὗτος
2964 1055 2991 1108 ὁ
3047 1054 3134 1109 καὶ
3183 1053 3272 1119 τὰς
3303 1053 3514 1130 πρώτας
3546 1051 3727 1114 αὒσὶας
3757 1050 3808 1114 ἃς

2180 1143 2297 1220 περὶ
2355 1142 2511 1198 αὐτὸν
2555 1145 2774 1219 θεωρετς
2833 1144 3184 1220 παραγαγὼν,
3257 1144 3342 1198 καὶ
3399 1149 3435 1217 ᾖ
3486 1142 3602 1211 περὶ
3660 1142 3806 1196 αὒτόν

2178 1231 2367 1306 ἱδρύσει
2424 1230 2687 1310 συνέχων,
2721 1232 2807 1286 καὶ
2865 1228 3126 1309 διατηρῶν
3195 1233 3327 1311 πρὸς
3399 1231 3656 1310 ἀτρσψίαν
3741 1231 3812 1286 καὶ

2180 1321 2610 1396 ἇμεταπτωσίαν.
2676 1317 2992 1398 Ἀτρέπτους
3048 1321 3102 1377 δὲ
3159 1319 3243 1379 δεῖ
3272 1322 3420 1378 νοεῖν
3464 1319 3650 1384 αὐτοὺς
3702 1321 3808 1376 κατ’

2180 1405 2356 1466 έκεῖνο
2387 1407 2502 1466 καθ’
2545 1408 2573 1465 ὅ
2632 1411 2784 1483 εἰσιν,
2845 1411 2964 1467 οἷον
3006 1413 3066 1468 τὸ
3122 1411 3376 1469 ἀθάνατον
3417 1411 3490 1468 εἷς
3519 1412 3616 1475 τὴν
3645 1411 3800 1482 ζωὴν,

2181 1499 2298 1556 καθ’
2349 1499 2415 1568 ἢν
2473 1499 2746 1556 οὖσίωνται
2803 1501 2874 1562 εὶς
2921 1501 2981 1556 τὸ
3033 1505 3171 1558 εἶναι
3222 1502 3360 1582 φῶς,
3389 1501 3478 1557 καὶ
3527 1501 3600 1564 είς
3655 1503 3717 1556 τὸ
3746 1499 3812 1574 μὴ

461 1591 703 1671 etjuxta
734 1613 799 1655 se
831 1595 1198 1672 collocando,
1231 1595 1524 1676 continet,
1558 1605 1734 1675 atque
1777 1603 2097 1666 conservat

2183 1589 2458 1664 τρέπεσθαι
2510 1591 2581 1652 εἷς
2631 1587 2884 1668 ὲκφύλους
2945 1591 3084 1654 τινας
3146 1591 3441 1665 ἐπιθυμίας.
3494 1591 3566 1648 Τὸ
3596 1591 3693 1664 μὲν
3726 1591 3813 1667 γὰρ

460 1670 974 1746 abimmutatione
1007 1694 1062 1747 et
1088 1670 1698 1764 lapSu.linniutabiles
1728 1693 1924 1746 autem
1945 1685 2097 1764 cogi-

2186 1680 2257 1740 εἷς
2295 1679 2422 1734 Θεὸν
2463 1678 2806 1736 ἀνατετάσθαι
2846 1679 2942 1746 τῆς
3001 1682 3169 1737 ανῖιτῶν
3227 1681 3337 1736 ἔστι
3398 1683 3574 1759 νοερὶς
3627 1703 3812 1759 προαι-

461 1771 652 1834 tandaa
674 1782 808 1834 sunt
839 1775 1169 1837 secundum
1203 1774 1547 1855 essentiam,
1583 1775 1738 1835 velut
1771 1781 1829 1836 itt
1859 1776 2097 1836 immor-

2186 1767 2401 1845 ρὲσεως·
2437 1769 2496 1824 τὸ
2527 1766 2579 1823 δὲ
2629 1769 2697 1833 εἰς
2756 1768 2835 1824 ἀεὶ
2893 1771 3010 1847 περὶ
3066 1777 3218 1826 τυῠτο
3271 1768 3506 1848 δίαρκετν
3540 1776 3637 1836 τῆς
3671 1770 3812 1826 ἀντι-

463 1860 778 1944 talitate,in
793 1865 1269 1944 vita,secundum
1290 1882 1462 1944 quam
1491 1870 1748 1925 essentia
1762 1883 1866 1924 sua
1886 1863 2097 1926 habent

2186 1857 2402 1932 λήψεως
2461 1857 2569 1913 ἐστι
2622 1865 2714 1914 τοῦ
2765 1866 2914 1917 Θεοῦ·
2963 1859 3133 1916 πάντα
3193 1860 3291 1937 γὰρ
3323 1858 3492 1916 δετται
3524 1859 3656 1916 Θεοῧ
3684 1861 3812 1936 βοη-

461 1958 524 2010 ut
555 1950 673 2013 sint
696 1953 920 2033 lumen,
958 1962 1014 2014 el
1045 1955 1115 2014 ad
1149 1962 1461 2016 extraneas
1491 1953 1718 2033 aliquas
1747 1953 2097 2033 cupiditates

2185 1950 2344 2010 θείας.
2385 1948 2549 2010 Αὐτός
2582 1947 2723 2002 ἐστιν
2768 1950 2794 2003 δ
2825 1949 2912 2004 καὶ
2957 1950 3075 2014 τοὺς
3130 1949 3324 2011 ἄλλους
3382 1951 3542 2007 κυνῶν
3593 1949 3679 2007 ἐπὶ
3731 1951 3814 2012 τὰς

462 2042 725 2103 converti
786 2055 1107 2122 nequeant.
1152 2041 1318 2113 Quod
1379 2043 1537 2104 enim
1570 2043 1628 2102 in
1675 2041 1859 2103 Deum
1893 2053 2097 2104 exten-

2191 2039 2466 2113 μετουσίας
2523 2038 2617 2100 τὰς
2678 2037 2890 2112 πρώτας
2952 2041 3058 2092 τιῦν
3089 2039 3258 2094 αὐτῶν
3289 2045 3655 2118 προνοητικῶν
3688 2043 3816 2117 ἔνερ-

464 2129 699 2206 dantur,
731 2131 787 2193 id
837 2149 904 2195 ex
965 2151 1170 2193 eorum
1212 2133 1463 2212 spiritali
1509 2132 1726 2212 pendet
1775 2132 2097 2197 libertate:

2187 2135 2369 2205 γειῶν,
2435 2126 2495 2190 ἃς
2556 2129 2605 2182 αἱ
2658 2132 2859 2202 πρῶται
2941 2127 3118 2192 τάξεις
3173 2126 3446 2208 δεχονται,
3519 2131 3607 2185 καὶ
3666 2129 3816 2186 πάλιν

461 2219 619 2297 quod
649 2229 843 2283 autem
889 2220 948 2282 in
980 2225 1092 2286 hoc
1125 2240 1362 2301 semper
1396 2231 1796 2300 perseverant,
1831 2223 1958 2302 opis
2015 2227 2097 2285 est

2187 2217 2342 2282 αὗτὰς
2376 2219 2446 2282 εἷς
2487 2217 2548 2271 τὸ
2579 2213 2934 2291 μεταδιδόναι·
2969 2239 2998 2272 τ
3031 2219 3152 2272 οὖτο
3193 2219 3293 2296 γὰρ
3349 2215 3540 2284 δηλοῦν
3595 2220 3684 2275 καὶ
3726 2220 3815 2285 τὴν

459 2308 566 2369 Dei
603 2330 616 2372 :
651 2311 850 2372 omnia
880 2312 1037 2372 enim
1077 2311 1183 2373 Dei
1241 2311 1458 2372 auxilio
1507 2329 1657 2390 opus
1690 2310 1930 2372 habent.
1965 2311 2097 2387 [pse

2187 2304 2516 2385 ἀποστολὴ-ι,
2552 2308 2578 2361 ὁ
2627 2306 2722 2373 τὴν
2767 2304 2921 2361 λύσιν
2952 2303 3119 2384 )ἐγων
3178 2304 3464 2363 ἐδίδασιιεν
3501 2306 3644 2370 Ἀλλ’
3675 2311 3813 2373 οὗτος

459 2404 549 2458 est
569 2399 666 2478 qui
695 2405 866 2461 etiam
899 2401 1046 2462 alios
1083 2410 1270 2462 movet
1298 2401 1367 2462 ad
1404 2401 1624 2481 primas
1653 2418 1752 2464 eas
1789 2402 2097 2480 providen-

2183 2407 2277 2470 μὲν
2320 2396 2460 2452 ἐστιν
2489 2397 2516 2451 δ
2548 2399 2646 2461 τῆς
2705 2395 3008 2472 καθάρσεως
3070 2396 3266 2468 αἴτιος,
3302 2398 3329 2452 δ
3378 2399 3506 2463 Θεὸς
3552 2397 3812 2472 δηλονότι,

460 2487 556 2551 tia;
580 2507 702 2551 sua:
730 2491 1104 2570 operationes
1129 2489 1594 2571 participandas,
1631 2509 1773 2571 quas
1801 2491 1968 2571 primi
2004 2511 2097 2552 ore

2182 2487 2315 2561 μετὰ
2361 2483 2414 2540 δὲ
2447 2486 2576 2539 Θεὸν
2645 2484 2902 2563 ἷεράρχης
2959 2489 3058 2551 τῆς
3111 2487 3434 2565 καθάρσεως,
3492 2489 3520 2543 ὁ
3572 2490 3812 2568 σεραφὶμ.

460 2579 632 2642 dines
666 2583 1020 2662 suscipiunt,
1057 2589 1115 2644 et
1159 2581 1230 2644 ad
1264 2582 1503 2644 easdem
1537 2582 1754 2645 iterum
1786 2582 2097 2646 transfun-

2182 2571 2306 2652 παρ’
2339 2574 2397 2630 οὗ
2439 2573 2590 2651 κάγὼ
2641 2574 2700 2630 τὸ
2754 2574 3017 2648 καθαίρειν
3064 2575 3324 2651 ὲμυήθην,
3376 2576 3542 2641 Οὗτος
3565 2579 3656 2633 οὗν
3687 2577 3817 2635 ἐστιν

457 2669 686 2733 dendas
721 2689 735 2735 :
771 2673 883 2734 hoc
917 2673 1074 2734 enim
1101 2671 1442 2734 missionem
1475 2690 1580 2734 seu
1605 2673 1958 2752 legationem
1993 2674 2093 2734 de-

459 2759 687 2823 clarare
718 2761 884 2842 dixit,
919 2767 1016 2842 qui
1066 2763 1217 2823 hanc
1263 2761 1620 2824 solutionem
1681 2760 1941 2824 tradidit.
1977 2762 2095 2824 Sed

459 2848 559 2910 hic
589 2850 829 2930 quidem
865 2860 954 2912 est
983 2852 1334 2932 expiationis
1377 2862 1606 2926 auctor,
1656 2852 1882 2914 scilicet
1914 2852 2091 2929 Deus;

2181 2667 2208 2721 ὁ
2239 2664 2486 2743 σεραφῖμ,
2521 2662 2619 2718 ὁδι⁹
2675 2663 2805 2736 ἐμοῦ
2846 2684 2903 2718 σε
2963 2667 3248 2746 καθαίρων,
3309 2663 3378 2720 δι’
3425 2665 3585 2732 οὗπερ
3638 2669 3668 2723 δ
3724 2665 3815 2733 δη-

2180 2754 2427 2832 μιουργὸς
2479 2757 2574 2819 τῆς
2634 2752 2932 2831 καθάρσεως
2995 2755 3022 2808 ὁ
3086 2755 3239 2833 Θεὸς,
3283 2755 3382 2819 τὰς
3445 2756 3640 2821 οίκείας
3687 2755 3818 2831 ἐνερο

2178 2845 2322 2922 γείας
2387 2841 2447 2896 ἐκ
2501 2848 2594 2898 τοῦ
2661 2841 2846 2901 ἑαυτοῦ
2919 2843 3132 2920 κρυφίου
3187 2845 3260 2908 εἰς
3321 2846 3465 2920 ἡμᾶς
3523 2848 3814 2925 προήγαγε.

460 2945 594 3018 post
611 2929 808 3001 ’Deum
841 2958 978 3002 vero
1029 2929 1080 3002 is
1133 2940 1232 3022 qui
1288 2940 1606 3021 expiationi
1639 2941 1982 3022 praepositus
2012 2950 2097 3003 est

2186 2933 2356 2992 Ταῦτα
2419 2932 2517 3006 μὲν
2567 2929 2772 2995 ἐκεῖνος
2831 2933 2858 2987 ὁ
2887 2932 3023 3010 ἱερὸς
3058 2932 3189 3012 ἀνὴρ
3219 2931 3453 2992 ἐδίδασκέ
3482 2954 3572 3009 με’
3620 2938 3704 2993 σοὶ
3744 2935 3816 3008 δὲ,

461 3029 792 3107 seraphim,
818 3048 851 3091 a
881 3049 998 3113 quo
1031 3039 1091 3093 et
1121 3049 1229 3111 ego
1263 3031 1501 3111 expiare
1534 3048 1662 3092 sum
1689 3030 1956 3094 edoctus.
1991 3029 2100 3094 Hic

458 3117 656 3199 itaque
684 3119 1092 3200 estseraphim
1118 3121 1216 3200 qui
1248 3137 1354 3197 per
1375 3137 1470 3181 me
1491 3128 1544 3180 te
1575 3121 1768 3199 expiat
1795 3139 1900 3199 per
1917 3139 2095 3198 quem

457 3225 595 3268 suas
615 3210 995 3290 operationes
1023 3229 1092 3271 ex
1139 3209 1338 3272 abdito
1369 3208 1441 3271 ad
1475 3229 1582 3270 nos
1613 3209 1770 3270 Deus
1799 3212 1922 3291 ipse
1957 3229 2097 3292 pro-

457 3293 646 3371 duxit,
715 3297 814 3377 qui
873 3307 964 3360 est
1017 3307 1220 3360 auctor
1271 3297 1646 3379 expiationis.
1681 3299 1816 3361 Hinc
1855 3300 2096 3381 quidem

457 3395 698 3449 sanctus
728 3387 828 3448 ille
861 3387 947 3448 vir
977 3407 1073 3450 me
1103 3388 1332 3470 docuit;
1371 3389 1475 3449 tibi
1512 3397 1711 3450 autem
1749 3389 1874 3470 ipse
1902 3390 2098 3470 trado,

457 3492 491 3534 o
512 3475 1221 3557 Thimotltee,secundum
1244 3477 1561 3556 imaginem
1581 3497 1755 3556 quam
1777 3479 1900 3558 jam
1928 3477 2102 3539 tradi-

461 3562 655 3625 dimus
685 3566 983 3648 seraphim
1009 3567 1299 3647 etangeli;
1318 3576 1432 3629 tute
1459 3577 1655 3628 autem
1675 3566 1940 3628 scientiae
1965 3567 2105 3648 erit,

2183 3023 2229 3078 ὦ
2285 3023 2529 3096 Τιμόθεε,
2593 3021 2701 3099 ἐγὼ
2761 3019 3084 3096 μεταδίδωμι
3121 3070 3137 3102 ,
3193 3024 3331 3080 κατᾶ
3383 3025 3480 3090 τὴν
3539 3025 3717 3084 είκόνα
3758 3027 3817 3094 ἢν

2185 3112 2375 3191 ἂρτίως
2434 3110 2686 3189 ἐλέγομεν
2741 3118 2831 3168 τοῦ
2887 3113 3116 3190 σεραφῗμ
3171 3115 3259 3170 καὶ
3313 3120 3405 3170 τοῦ
3437 3113 3693 3193 ἀγγέλου·
3733 3117 3817 3185 τῆς

2185 3209 2285 3270 σῆς
2317 3202 2359 3258 δ’
2395 3200 2453 3257 ἂν
2507 3201 2597 3260 εἴη
2661 3202 2938 3273 συνέσεως,
3000 3202 3036 3269 ἢ
3092 3202 3312 3281 θατὲραν
3367 3209 3473 3260 τῶν
3532 3207 3816 3283 εἰρημένων

2185 3295 2330 3353 δυοῖν
2387 3295 2567 3350 αίτιιῖιν
2619 3291 2879 3367 δέξασθαι,
2940 3297 3027 3352 καὶ
3074 3295 3398 3363 ἂπολυθῆναι
3452 3305 3549 3366 τῆς
3608 3299 3819 3379 ἀπορίας

2186 3387 2272 3443 γαὶ
2309 3383 2512 3460 μᾶλλον
2541 3384 2639 3450 τὴν
2669 3383 2887 3462 ὑστέραν
2940 3391 3162 3459 τιμῆσαι
3215 3387 3288 3450 ὠς
3317 3387 3378 3443 τὸ
3409 3386 3626 3466 εὔλογον
3661 3387 3817 3470 ἔχου-

2188 3498 2305 3549 σαν,
2361 3475 2397 3542 ἢ
2444 3472 2568 3549 παρ’
2618 3473 2801 3530 ἑαυτοῦ
2856 3496 2905 3529 τι
2957 3475 3369 3556 συγγενέστερον
3417 3479 3507 3534 καὶ
3554 3477 3819 3556 ἁρμοδιώ-
3882 3545 3887 3550 η

2190 3587 2339 3642 τερον
2370 3563 2619 3637 ἐξευρεῖν,
2667 3562 2703 3630 ἢ
2747 3562 2873 3641 παρ’
2920 3563 3098 3641 ἐτέρου
3148 3563 3566 3641 πεπαιδευμένου
3617 3570 3683 3625 τὰ
3711 3571 3824 3625 θεῖα

455 3655 819 3716 autalteram
848 3656 1141 3717 dictarum
1167 3675 1474 3719 causarum
1503 3655 1905 3731 admittere,et
1931 3658 2094 3718 omni

2182 3660 2393 3732 μαθεῖν,
2428 3659 2558 3709 Θεοῦ
2601 3651 2833 3716 διδόντος
2881 3654 3050 3729 ῥῆμα,
3114 3656 3250 3712 κατᾶ
3307 3657 3389 3712 τό²
3455 3658 3642 3732 Κύριος
3672 3659 3821 3715 δώσει

453 3743 838 3824 ambiguitate
872 3745 1291 3826 liberari,quin
1329 3745 1522 3826 potius
1555 3746 1944 3827 posteriorem
1976 3748 2092 3810 lto-

2182 3747 2322 3826 ῥῆμα
2381 3755 2498 3805 τοῖς
2573 3742 3111 3823 εὒαγγελιζομὲνοις,
3173 3745 3566 3821 προξενούντων
3621 3747 3823 3816 δηλαδὴ

455 3851 668 3896 norare
694 3844 970 3916 tanquam
1007 3836 1497 3915 probabilem,vel
1534 3854 1638 3917 per
1662 3843 1718 3896 te
1739 3835 1877 3916 quid
1912 3836 2097 3912 magis

2182 3838 2269 3893 καὶ
2323 3833 2707 3908 μεσιτευόντων
2772 3834 2860 3888 καὶ
2921 3834 3026 3890 τῶν
3105 3835 3255 3891 θείων
3305 3835 3571 3917 ἀγγέλων,
3630 3835 3700 3894 δι’
3753 3841 3821 3894 ὧν

455 3923 636 3984 afﬁne
667 3943 732 3986 ac
757 3925 1128 3986 commodius
1155 3925 1543 4006 reperire,vel
1567 3924 1769 3986 abalio
1784 3943 1984 3987 rerum
2011 3926 2097 3986 di-

2183 3932 2326 3983 πᾶσα
2384 3922 2648 3997 ἕλλαμψις
2707 3923 2779 3984 εἰς
2831 3923 2972 3998 ἡμᾶς
3032 3921 3493 4003 διαπορθμεῦεται.
3526 3928 3627 3986 Καὶ
3667 3926 3823 3987 πάλιν

461 4011 725 4073 vinarutn
777 4015 964 4093 perito
1009 4014 1343 4094 addiscere,
1378 4017 1498 4077 Deo
1538 4014 1784 4076 verbum
1812 4015 2097 4094 suppedi-

2185 4014 2281 4081 τῆς
2315 4018 2414 4079 σῆς
2451 4011 2542 4077 εἴη
2577 4009 2906 4084 ἐπιστήμης,
2941 4011 2995 4068 ἐν
3047 4019 3123 4086 τῷ
3169 4013 3204 4081 ἢ
3236 4011 3324 4092 ἀφ’
3359 4013 3542 4072 ἑαυτοῦ
3572 4015 3822 4095 ἑξευρεϊν,

463 4101 814 4181 tante,juxta
847 4101 1310 4165 illudznominus
1329 4104 1498 4164 dabit
1518 4104 1764 4164 verbum
1789 4107 2097 4186 evangeli-

2185 4104 2220 4172 ἢ
2283 4103 2408 4180 παρ’
2462 4100 2640 4178 ἐτέρου
2699 4103 2890 4174 μαθεῖν
2923 4148 2939 4178 ,
3003 4100 3334 4178 ἀνακαλύψαι
3389 4105 3476 4160 καὶ
3541 4106 3678 4180 ἡμῖν
3732 4109 3825 4172 τὴν

457 4190 1296 4272 zontibuso‘,conciliantibus
1321 4192 1600 4252 nimirum
1629 4203 1684 4254 et
1718 4184 2097 4256 interceden-

2183 4192 2434 4257 τοιαύτην
2491 4189 2717 4272 ἐραστὴν
2768 4191 3009 4269 θεωρίαν,
3067 4193 3140 4254 ὡς
3189 4191 3558 4272 φιλαγγὲλοις,
3605 4197 3651 4252 εἰ
3709 4197 3824 4252 οἶόν

457 4279 619 4343 tibus
641 4279 854 4343 divinis
879 4281 1128 4362 angelis,
1151 4299 1257 4361 per
1288 4299 1435 4362 quos
1464 4282 1656 4343 omnis
1687 4281 2003 4345 illustratio
2027 4284 2097 4346 ad

2183 4284 2241 4340 τέ
2291 4283 2455 4340 ἔστιν.
2519 4271 2673 4356 ’Ὅρα
2725 4275 2769 4335 δ’
2823 4278 3057 4336 ἐντεῦθεν
3089 4282 3148 4337 τὸ
3200 4271 3291 4341 τοῦ
3333 4271 3540 4362 πατρὸς
3586 4283 3823 4365 μέτριον,

460 4388 570 4430 nos
601 4370 951 4433 traducitur.
985 4373 1181 4447 Atque
1227 4369 1444 4431 iterum
1497 4378 1607 4431 tute
1651 4371 1765 4432 erit
1815 4373 2096 4450 scientiae,

2183 4380 2298 4437 πῶς
2382 4369 2665 4442 διδάσκων,
2744 4370 2832 4423 καὶ
2883 4367 2945 4424 ἐκ
3001 4369 3192 4446 μέρους
3250 4378 3407 4442 ζητεῖ
3464 4377 3682 4446 μαθεῖν’
3743 4375 3826 4430 καὶ

459 4459 597 4520 dum
641 4459 786 4521 vela
815 4461 1123 4541 temetipso
1164 4459 1417 4533 invenis,
1443 4461 1537 4522 vel
1559 4460 1631 4522 ab
1664 4462 1850 4524 altero
1892 4463 2096 4546 discis,

2182 4463 2460 4538 πνεύματα
2525 4461 2626 4538 γὰρ
2695 4458 2985 4538 προφητῖόν
3063 4459 3358 4541 προφήταις
3413 4463 3826 4536 ὑποτάσσονται,

460 4549 633 4610 nobis
655 4549 830 4612 etiam
853 4549 1283 4630 angelorum,si
1316 4550 1478 4612 dictu
1511 4551 1595 4611 ias
1623 4551 1719 4632 sit,
1737 4553 2097 4616 amatoribus

2182 4555 2318 4612 κατὰ
2371 4553 2470 4619 τὴν
2530 4547 2815 4618 διήκουσαν
2865 4546 2951 4604 ἐπὶ
3007 4555 3167 4607 πᾶσιν
3226 4549 3465 4617 εὕταξιαν
3534 4554 3681 4632 παρὰ
3740 4561 3826 4610 τοῦ

459 4638 826 4718 ejuscemodi
856 4640 1170 4702 amabilem
1205 4640 1769 4720 contemplationem
1805 4643 2088 4707 revelare.

2183 4643 2379 4721 ἆγαθοῦ
2409 4645 2540 4698 Θεοῦ
2569 4638 2656 4693 καὶ
2689 4640 2940 4714 Σωτῆρος
2967 4637 3122 4712 ἡμῶν
3154 4639 3636 4715 νομοθετουμένην,

458 4726 783 4789 Considera
814 4738 1009 4790 autem
1044 4729 1180 4790 hinc
1224 4729 1402 4807 patris
1427 4730 1600 4810 hujus
1641 4732 2013 4808 modestiam,
2041 4732 2368 4812 quomodo,
2405 4728 2546 4790 dum
2577 4725 2772 4798 docet,
2807 4725 2987 4787 etiam
3023 4743 3093 4787 ex
3150 4735 3316 4807 parte
3345 4727 3578 4792 discere
3603 4731 3826 4812 cupiat.

458 4815 689 4879 Etenim
722 4817 964 4897 spiritus
997 4820 1427 4896 prophetarum
1462 4819 1770 4899 prOphetis
1796 4821 2224 4902 subjiciuntur,
2267 4817 2593 4884 secundum
2625 4813 2786 4876 illam
2820 4832 2950 4894 qua;
2997 4823 3208 4879 cuncta
3261 4815 3546 4898 pervadit,
3607 4828 3831 4883 rectam

458 4923 492 4968 a
525 4907 648 4970 Deo
679 4907 839 4969 bono
863 4927 932 4970 ac
962 4908 1264 4972 Salvatore
1296 4917 1502 4970 nostro
1534 4915 1810 4971 statutam
1843 4916 2307 4977 ordinationem.

538 5128 602 5175 ο*
632 5129 788 5196 Psal.
820 5145 1004 5212 vau,
1041 5129 1138 5192 12.
