4026 6210
510 379 626 448 339

1669 379 1730 441 S.
1778 377 2118 442 DIONYSII
2166 377 2699 440 AREOPAGITxE.

3749 375 3840 441 340

511 533 630 593 que
641 505 1306 592 significat(19').lgneae
1325 508 1483 572 enim
1499 507 1838 590 divinaque
1849 518 1994 572 rotae
2006 531 2153 575 con-

2256 512 2404 588 εμοὺς
2434 513 2522 569 καὶ
2562 509 2946 587 ἀνακαλύψεις.
3007 510 3066 569 Οἱ
3117 510 3217 589 γὰρ
3272 509 3515 590 ἒμπύριοι
3570 512 3654 568 καὶ
3702 517 3844 571 θεοειο

509 603 818 668 versiones
855 601 1096 682 quidem
1140 618 1278 662 suas
1309 597 1552 681 habent,
1601 598 1758 680 quod
1789 602 2157 682 sempiterno

513 700 676 753 motu
698 690 856 753 circa
879 689 1039 752 idem
1065 706 1363 750 summum
1393 686 1610 750 bonum
1635 697 1968 765 versentur;
1998 709 2156 752 reve-

512 780 764 844 lationes
783 797 945 855 vero,
969 777 1131 858 quod
1165 777 1396 840 occulta
1447 788 1817 840 sacramenta
1864 780 2154 858 revolent,

511 880 572 934 et
597 869 952 933 humiliores
996 885 1263 950 quosque
1315 875 1722 948 promoveant,
1757 869 2159 950 sublimesque

517 961 697 1024 divini
726 959 978 1039 fulgoris
1010 958 1210 1021 radios
1242 956 1315 1019 ad
1356 957 1677 1020 inferiores
1722 958 2154 1021 transfundam.

591 1049 842 1129 Reliqua
856 1046 1026 1110 nobis
1043 1047 1115 1108 de
1136 1045 1466 1108 caelestium
1481 1045 1930 1109 distinctionum
1947 1045 2159 1125 gaudio

515 1139 823 1202 reddenda
842 1138 995 1199 ratio
1019 1144 1129 1198 est:
1157 1134 1377 1198 etenim
1408 1137 1650 1196 omnino
1677 1137 1992 1217 incapaces
2023 1145 2162 1198 sunt

516 1227 818 1312 passibilis
834 1234 1052 1289 nostra;
1069 1223 1405 1306 voluptatis;
1427 1224 1548 1286 Deo
1566 1231 1762 1287 autem
1783 1225 2162 1302 congaudere

516 1318 932 1401 perhibentur,
954 1315 1029 1377 ob
1051 1333 1255 1377 eorum
1283 1315 1383 1395 qui
1409 1315 1711 1394 perierant
1732 1314 2157 1389 inventionem,

517 1407 746 1471 scilicet
767 1404 1098 1470 secundum
1127 1404 1478 1466 deiformcm
1504 1404 1880 1485 suavitatem,
1898 1423 2074 1485 quam
2093 1423 2163 1468 ex

515 1497 778 1572 illorum,
797 1495 899 1574 qui
917 1495 990 1556 ad
1014 1494 1201 1557 Deum
1223 1502 1674 1568 convertuntur,
1697 1511 1839 1556 cura
1856 1494 2162 1575 saluteque

518 1585 882 1666 percipiunt,
921 1589 977 1645 et
1001 1583 1172 1664 juxta
1192 1581 1465 1662 benignae
1489 1582 1718 1662 copiam
1741 1581 1964 1645 laetitiae
1985 1591 2162 1664 atque

519 1675 835 1738 ineﬂ‘abilis
865 1671 1302 1746 delectationis,
1359 1673 1534 1751 cujus
1591 1690 2007 1753 saepenumero
2059 1673 2162 1733 viri

519 1782 756 1846 quoque
780 1763 971 1827 sancti
995 1763 1314 1842 participes
1341 1760 1536 1824 effecti
1565 1769 1724 1836 sunt,
1757 1781 1890 1823 cum
1921 1764 1977 1824 in
2006 1763 2165 1844 ipsos

522 1855 738 1918 divinae
770 1854 930 1916 illius
959 1871 1027 1915 ac
1057 1851 1285 1915 deificae
1316 1851 1466 1914 lucis
1498 1851 1696 1933 fulgor
1726 1852 2021 1915 inﬂueret.

603 1948 746 2009 Haec
777 1962 812 2004 a
842 1962 936 2006 me
967 1943 1043 2005 de
1073 1943 1260 2004 sacris
1293 1943 1418 2003 istis
1459 1941 1804 2003 fictionibus
1836 1941 1992 2003 dicta
2024 1942 2162 2017 sint,

525 2053 656 2114 quae
675 2035 1167 2096 licetaccuratam
1194 2031 1541 2092 earumdem
1561 2031 2038 2112 explanationem
2066 2033 2171 2092 mi-

524 2127 686 2187 nime
716 2123 1028 2202 attingant,
1065 2122 1314 2184 multum
1347 2127 1574 2200 tamen,
1609 2129 1672 2181 ut
1702 2120 1938 2201 orinor,
1973 2122 2172 2183 confe-

526 2222 663 2278 rent
691 2212 1101 2292 intelligentiae
1158 2220 1403 2283 nostrae,
1440 2229 1514 2273 ne
1545 2210 1697 2273 fictis
1755 2212 2172 2291 hujuscemodi

527 2301 1062 2387 imaginationibus
1093 2302 1506 2365 immoremur.

610 2394 779 2469 Quod
811 2394 862 2456 si
893 2393 1211 2474 objeceris,
1247 2409 1356 2453 nos
1388 2409 1758 2474 nequaquam
1805 2391 2071 2452 omnium
2105 2410 2175 2453 ex

527 2486 761 2560 ordine,
794 2501 924 2565 quae
953 2481 1274 2564 Scripturis
1326 2482 1727 2554 continentur,
1761 2482 2043 2543 virtutum
2077 2489 2176 2542 aut

529 2575 941 2657 operationum
959 2571 1356 2651 imaginumve
1369 2571 1769 2651 angelicarum
1787 2571 1998 2633 fecisse
2014 2589 2177 2632 men-

531 2667 784 2740 tionem;
804 2662 1240 2742 respondemus
1258 2661 1317 2722 id
1341 2661 1502 2740 quod
1520 2679 1618 2722 res
1631 2665 1742 2737 est,
1761 2679 1867 2722 nos
1885 2678 2166 2741 quarum-

532 2756 669 2817 dam
699 2751 1246 2833 supermundialem
1282 2751 1588 2812 scientiam
1620 2749 1945 2830 ignorasse,
1972 2768 2039 2812 ac
2067 2768 2170 2832 po-

533 2845 655 2907 tius
686 2842 929 2905 doctore
959 2859 1028 2902 ac
1058 2839 1459 2902 illuminatore
1490 2839 1602 2910 alio
1636 2839 1938 2901 discendis
1965 2838 2040 2902 iis
2071 2842 2169 2902 in-

534 2934 778 3013 digere;
813 2929 1095 3011 quasdam
1127 2948 1288 3010 vero,
1325 2929 1481 3010 quod
1517 2928 1689 2990 dictis
1723 2928 2164 3009 mquivalerent,

535 3021 924 3104 pertransire,
961 3039 1096 3084 cum
1128 3019 1412 3082 orationis
1442 3018 1718 3082 brevitati
1764 3019 2169 3096 consulentes,

534 3123 659 3176 tum
678 3129 916 3188 arcana,
932 3130 1063 3193 quae
1079 3117 1314 3193 captum
1337 3117 1603 3174 nostrum
1620 3109 2173 3192 superant,silentio

535 3203 922 3268 honorantes.

2241 601 2353 665 δεῖς
2412 603 2599 682 τροχοὶ
2659 603 2780 666 τοὺς
2840 599 2937 677 μὲν
2995 600 3389 675 ἆνακυλισμοὺς
3446 599 3632 681 ἔχουσι
3663 608 3722 678 τῇ
3745 605 3843 682 περὶ

2241 695 2300 750 τὸ
2365 696 2552 752 ταύτὸν
2623 694 2818 772 ἀγαθὸν
2885 695 3175 768 ἆεικινήτῳ
3203 691 3257 736 6⁷
3287 694 3525 764 κενήσει⁶
3599 695 3688 757 τὰς
3735 697 3848 753 ἀνα.

2240 783 2499 861 καλύψεις
2559 782 2613 840 δὲ
2695 789 2764 860 τῇ
2817 790 2923 841 τῶν
2978 787 3205 864 κρυφίων
3276 783 3614 863 ἐκφαντορίᾳ,
3667 786 3742 841 καὶ
3793 793 3847 861 τῇ

2240 881 2346 930 τῶν
2407 873 2721 950 περιπεζίων
2773 874 3050 952 ἀναγωγῇ,
3107 873 3194 930 καὶ
3249 878 3319 947 τῇ
3375 878 3482 929 τῶν
3534 875 3743 948 ὑψηλῶν
3771 873 3848 931 ἰλ-

2241 963 2501 1039 λάμψεων
2534 964 2604 1028 εἰς
2634 963 2701 1019 τὰ
2725 963 2978 1042 ὑφειμένα
3012 967 3343 1041 καταγογικῇ
3371 961 3783 1038 διαπορθμεύσει,

2323 1055 2522 1118 Λοιπὸς
2591 1055 2728 1128 ἡμῖν
2800 1054 2875 1116 εἰς
2905 1050 3228 1133 διασάιρησιν
3286 1055 3313 1108 6
3379 1055 3640 1132 περὶτῆς
3704 1060 3848 1133 χαρᾶς

2242 1149 2346 1199 τῶν
2379 1142 2632 1221 οὒρανίων
2671 1140 3078 1218 διακοσμήσεων
3136 1141 3316 1219 λόγος·
3381 1144 3469 1198 καὶ
3521 1143 3622 1220 γὰρ
3677 1141 3851 1199 ἄδεκτοι

2243 1230 2518 1295 παντελῶς
2575 1233 2675 1288 εἶσι
2733 1236 2830 1298 τῆς
2898 1230 3018 1288 καθ’
3095 1232 3238 1307 ἡμᾶς
3327 1229 3594 1306 ἐμπαθοῦς
3665 1229 3850 1300 ἡδονῆςυ

2242 1321 2550 1401 συγχαίρειν
2621 1319 2675 1377 δὲ
2748 1327 2864 1396 Θεῴ
2935 1319 3177 1399 λέγονται
3249 1327 3316 1398 τῇ
3374 1322 3482 1378 τῶν
3511 1320 3855 1378 ἆπωλωλότων

2244 1412 2440 1489 εὑρέσει
2511 1411 2648 1468 κατὰ
2721 1411 2819 1478 τὴν
2893 1409 3102 1478 θεοειδῆ
3175 1411 3478 1489 ῥαστώνην,
3513 1413 3600 1467 καὶ
3656 1413 3744 1476 τὴν
3792 1410 3862 1467 ἰπὶ

2243 1507 2310 1578 τῇ
2365 1501 2581 1580 προνοίᾳ
2641 1502 2726 1557 ιιαὶ
2785 1506 3020 1578 σωτηρίᾳ
3072 1507 3178 1558 τῶν
3226 1501 3312 1558 ἐπὶ
3344 1501 3472 1557 Θεὸν
3503 1499 3863 1581 ἐπιστρεφοοιὲ-

2246 1612 2348 1646 νων
2420 1588 2701 1668 ἀγαθοειδῆ
2775 1591 2865 1647 καὶ
2931 1589 3153 1670 ἄφθονον
3233 1589 3578 1669 εὐφροσύνην,
3651 1593 3732 1646 καὶ
3786 1591 3864 1658 τὴν

2249 1677 2525 1738 εὔπαθειαν
2554 1677 2764 1745 εκείνην
2794 1679 2890 1747 τὴν
2945 1677 3194 1757 agema»,
3253 1681 3321 1744 ἧς
3384 1679 3438 1734 ἐν
3496 1677 3696 1753 μεθέξει
3749 1678 3865 1735 πολ-

2246 1766 2398 1831 λάγις
2471 1768 2720 1845 γεγόνασι
2791 1770 2878 1825 καὶ
2950 1766 3128 1847 ἄνδρες
3199 1770 3347 1847 ἱεροὶ,
3409 1768 3545 1825 κατὰ
3589 1768 3683 1834 τὰς
3709 1772 3866 1848 Oenop-

2249 1858 2373 1935 γοὺς
2403 1862 2510 1912 τῶν
2539 1855 2690 1913 θείων
2727 1856 3050 1934 ἐλλάμψεων
3082 1860 3466 1939 ξπιφοιτὴνεις,

2331 1945 2572 2004 Τοσαῦτά
2605 1969 2696 2021 μοι
2740 1949 2858 2025 περὶ
2917 1954 3023 2005 τῶι
3077 1949 3229 2023 ιερῶν
3255 1946 3310 1990 68
3341 1946 3690 2005 ἂναπλάσεων
3745 1947 3867 2025 εἰρή-

2253 2057 2384 2111 στω,
2443 2035 2539 2104 τῆς
2596 2037 2694 2111 μὲν
2755 2035 2998 2115 ἀκριϐοῦς
3058 2037 3228 2094 αὖτῶν
3287 2037 3627 2118 ἐκφαντορίας
3676 2036 3868 2094 ἀπολει-

2252 2126 2487 2206 πόμενα,
2521 2128 2870 2184 συντελοῦντα
2901 2125 2978 2199 δὲ,
3015 2129 3087 2191 ὡς
3119 2127 3309 2208 οἶμαι²
3346 2128 3474 2206 πρὸς
3504 2129 3565 2183 τὸ
3597 2125 3730 2202 μηδὲ
3787 2148 3869 2182 ταο

2253 2221 2448 2280 πεινῶς
2503 2212 2558 2258 ⁸9
2589 2218 2728 2293 ἡμᾶς
2784 2215 3131 2292 ἐναπομετναι
3190 2228 3312 2281 ταῖς
3373 2230 3704 2281 τυπωτικαῖς
3756 2238 3872 2295 φαι-

2258 2307 2461 2371 τασίαις
2475 2354 2489 2369 ,

2340 2398 2396 2452 ΕΞ
2453 2395 2509 2453 δὲ
2564 2398 2651 2454 καὶ
2709 2403 2864 2454 τοῖτο
2920 2397 3103 2476 φαίης³
3165 2397 3238 2461 ὡς
3291 2399 3350 2456 οὒ
3374 2397 3587 2455 πάντων
3620 2396 3739 2464 ἑξῆς
3788 2399 3877 2453 τῶν

2257 2486 2554 2565 ἀγγελικῶν
2591 2487 2666 2562 ,ἐν
2721 2499 2838 2550 τοῖς
2894 2485 3093 2564 λογίοις
3151 2486 3446 2562 δῡνάμεων,
3507 2487 3542 2555 ἤ
3598 2487 3874 2566 ἐνεργειῶν,

2257 2576 2290 2643 ἧ
2377 2576 2591 2633 εἰκόνων
2684 2576 3048 2649 ἐποιησάμεθα
3135 2576 3375 2652 μνάμην’
3477 2577 3880 2656 ἀποκρινούμεθα

2251 2665 2499 2746 τάληθὲς,
2562 2666 2641 2722 ὃτι
2700 2673 2805 2723 τῶν
2859 2667 2957 2740 μὲν
3011 2666 3108 2732 τὴν
3178 2667 3534 2745 ὑπερκόσμιον
3597 2666 3879 2740 ὲπιστήμην

2251 2759 2618 2836 ἤγνοὴσαμεν,
2653 2759 2738 2812 καὶ
2769 2755 2972 2831 μᾶλλον
3005 2755 3088 2812 ἐπ’
3129 2757 3306 2821 αὐτοῖς
3333 2757 3496 2831 ἡμεῖς
3563 2756 3747 2834 ἑτέρου
3808 2760 3884 2811 τοῦ

2251 2846 2720 2926 φωταγωγοῦντος,
2807 2852 2899 2902 τοῦ
2976 2852 3231 2920 μυοῦντος
3259 2842 3315 2887 ⁷9
3350 2843 3595 2920 δεόμεθα·
3695 2844 3760 2903 τὰ
3841 2841 3882 2898 δέ

2257 2937 2328 3000 ὡς
2395 2948 2515 3000 τοῖς
2587 2935 2908 3013 εἰρημένοις⁸
3007 2931 3316 3010 ὁμοδύναμα
3406 2933 3881 3015 παραλελοίπαμεν,

2256 3030 2353 3091 τῆς
2427 3047 2483 3081 τε
2556 3026 2884 3105 συμμετρίας
2943 3031 3033 3082 τοῦ
3085 3023 3246 3103 λόγου
3307 3026 3751 3104 προνενοηκότες,
3813 3025 3886 3080 καὶ

2256 3115 2354 3184 τῆν
2386 3114 2515 3192 ὑπὲρ
2545 3117 2687 3191 ἡμᾶς
2720 3112 3044 3195 κρ·›φιότητα
3075 3115 3576 3193 σιγάτιμήσαντες,

1745 3330 2328 3450 ADNOTATIOITi—ES
2374 3385 2745 3452 CORDEBII

610 3505 637 3573 §
673 3503 1036 3573 IAntequam
1069 3499 1320 3573 diversas
1367 3498 1599 3562 formas,
1621 3495 1688 3573 _i_n
1719 3494 1882 3554 titulo
1910 3495 2484 3573 rece_nsitas._quibus
2513 3495 3164 3573 angel_i__desc_ribuntur,
3198 3498 3436 3573 mystice
3475 3495 3750 3573 explicet,
3774 3511 3900 3573 pra}-

540 3565 756 3639 monet,
790 3565 1017 3650 eosdem
1047 3568 1279 3650 angelos
1310 3577 1571 3650 respectu
1605 3568 1963 3626 diversorum
1996 3565 2304 3639 aliquando
2337 3565 2826 3638 prmessercilicet
2861 3565 3569 3643 interioribus,aliquando
3601 3565 3904 3628 etiam'sub-

547 3661 692 3707 esse.
725 3643 941 3702 scilicet
977 3643 1374 3715 superioribus
1403 3643 1538 3715 suis.

615 3717 734 3788 sli.
769 3715 1011 3788 Exponit
1051 3709 1196 3786 quid
1235 3728 1338 3787 per
1374 3714 1527 3786 ignis
1558 3709 1796 3769 formam
1831 3709 1890 3766 in
1920 3709 2231 3781 Scripturis
2270 3709 2662 3782 signiﬁcetur.
2703 3717 2759 3768 et
2787 3725 2908 3784 quae
2939 3713 3050 3771 sint
3083 3713 3233 3785 ignis
3264 3711 3666 3784 proprietates,
3699 3722 3755 3772 et
3782 3730 3837 3789 qr
3856 3709 3903 3769 id

548 3790 780 3860 mystice
810 3789 1126 3845 insinuent.

617 3852 726 3917 Ubi
757 3867 888 3917 nota
916 3874 984 3916 ex
1015 3857 1252 3927 epistola
1283 3857 1466 3913 sancti
1500 3854 1756 3927 Dionysii
1787 3853 1855 3911 ad
1889 3852 2567 3927 Titum,aliter_eamd_em
2593 3853 2925 3927 imaginem
2947 3855 3098 3926 ignis
3117 3853 3688 3926 accipiendam,cum
3709 3855 3778 3913 de
3805 3853 3905 3927 Deo

547 3930 754 3989 dicitur
774 3933 873 4010 qui
905 3924 1336 4010 intelligentiam
1361 3936 1593 4010 superat
1627 3924 1839 4010 {aliter
1869 3924 2515 4010 cumndeproyi‘dentiis
2555 3924 2712 4010 ej_us,_
2733 3941 2881 4008 quas
2913 3924 3291 4010 intelligentia
3328 3924 3704 4010 percipimus,
3730 3934 3826 3985 aut
3851 3925 3907 3980 de

547 3994 934 4069 sermonibus,
964 4007 1022 4057 tt
1049 3994 1208 4056 aliter
1239 4013 1368 4055 cum
1400 3994 1469 4054 de
1499 3995 1736 4070 angelis.
1773 3999 1958 4070 Atque
1982 3994 2139 4052 illam
2167 3997 2419 4070 quidem,
2454 3994 2670 4070 inquit,
2699 3994 3010 4069 imaginem
3051 3994 3202 4070 ignis
3233 3998 3302 4054 de
3333 3994 3445 4056 Deo

3516 4001 3904 4068 ictam,secun.

549 4071 684 4128 dum
716 4066 946 4129 causam
979 4072 1238 4141 accipere
1269 4066 1715 4141 oportetnaiiam
1749 4066 2067 4141 secundum
2120 4068 2504 4141 existentiam,
2536 4066 2706 4124 aliam
2750 4066 2883 4125 vero
2936 4066 3254 4127 secundum
3287 4066 3788 4140 participationem
3820 4085 3833 4126 :
3866 4073 3910 4122 et

549 4141 656 4200 alia
688 4141 874 4207 aliter,
907 4151 970 4199 ut
1027 4136 1223 4197 eorum
1256 4136 1658 4207 contemplatio
1689 4147 1748 4195 et
1778 4136 2109 4195 constitutio
2139 4139 2390 4196 scienter
2430 4140 2573 4196 facta
2607 4141 2939 4210 praeseribit.
2994 4141 3108 4198 Nec
3144 4136 3303 4199 enim
3338 4136 3560 4210 oportet
3594 4144 3830 4200 fortuito
3855 4152 3911 4193 ac

552 4221 765 4285 temere
795 4215 1038 4285 miscere
1066 4210 1697 4285 symbola,_sed_p0t_i_us
1729 4213 2034 4278 explanare
2061 4224 2126 4285 ea
2174 4210 2586 4285 convenienter
2619 4213 2841 4285 causis,
2875 4221 2972 4269 aut
3001 4212 3336 4285 existentiis,
3370 4221 3470 4285 aut
3520 4211 3908 4285 potestatibus.

545 4296 644 4343 aut
665 4284 984 4346 ordinibus,
1033 4280 1186 4340 135
1218 4290 1316 4354 aut
1351 4281 1744 4354 dignitatibus,
1777 4294 1898 4351 quae
1929 4280 2120 4337 omnia
2160 4281 2203 4338 si

547 4358 738 4413 veniat
764 4355 1054 4427 prmceptis
1085 4353 1317 4427 divinis,
1348 4351 1559 4427 qu'aein
1599 4351 1876 4422 Scriptura
1902 4357 2180 4427 vocantur

2249 4282 2339 4366 nis
2388 4281 2774 4366 declarantur.
2812 4283 3113 4366 Quomodo
3142 4295 3334 4366 autem
3369 4281 3560 4366 imago
3594 4284 3758 4366 ignis
3783 4296 3914 4339 con-

2251 4351 2413 4427 salm.
2445 4365 2524 4409 ιι.
2559 4353 2635 4427 7_:
2670 4353 2899 4425 Etoquia
2930 4355 3152 4410 Domini
3183 4356 3300 4427 igne
3328 4351 3674 4427 examinata,
3707 4363 3764 4412 et
3790 4367 3915 4426 quo-

545 4427 717 4485 modo
747 4422 989 4498 angelis,
1021 4441 1138 4485 non
1173 4426 1321 4498 idem
1355 4422 1607 4498 sentiunt
1639 4431 1867 4498 sanctus
1902 4422 2173 4480 Maximus
2204 4434 2265 4498 et
2286 4425 2537 4482 Joannes
2567 4422 2984 4497 Cyparis<iotus
3013 4422 3222 4482 Decad.‘
3247 4427 3300 4480 6.
3336 4440 3460 4497 cap.
3499 4427 3626 4496 2,ut
3656 4422 3917 4484 observat

547 4495 886 4556 Turrianus.
921 4497 1474 4569 SanctusMaximus
1504 4496 1655 4551 enim
1693 4497 1766 4552 ita
1799 4495 2210 4569 interpretatur
2231 4495 2625 4569 Dionysium,
2646 4505 2705 4553 ut
2755 4512 3054 4569 sermones
3081 4499 3180 4554 Dei
3215 4495 3487 4554 vocentur
3519 4495 3678 4569 ignei
3712 4510 3918 4556 secun-

548 4569 684 4628 dum
717 4572 1101 4637 existentiam,
1137 4568 1194 4626 id
1225 4578 1328 4638 est,
1359 4570 1493 4640 quia
1528 4569 1612 4624 sic
1671 4581 1771 4640 eos
1828 4566 1959 4622 fecit
2016 4565 2190 4640 Deus,
2225 4567 2279 4640 id
2322 4565 2409 4624 est
2464 4565 2612 4640 hanc
2645 4569 2728 4625 eis
2757 4570 2870 4624 vim
2902 4568 3122 4633 indidt,
3155 4583 3289 4626 cum
3321 4583 3521 4626 eorum
3546 4565 3761 4627 auctor
3787 4569 3915 4626 fuit;

546 4642 866 4700 secundum
900 4656 1032 4700 vero
1063 4637 1556 4713 participationem
1589 4639 1808 4711 angelis
1835 4639 2127 4706 convenit,
2161 4637 2291 4709 quia
2327 4638 2547 4713 similes
2579 4640 2865 4713 esseDeo.
2905 4640 3002 4711 qui
3047 4641 3197 4713 ignis
3228 4654 3576 4697 consumens
3605 4649 3724 4701 est.
3751 4657 3793 4713 ar
3816 4640 3920 4695 Deo

549 4713 736 4785 inquit
759 4721 988 4785 sanctus
1019 4709 1830 4785 lllaximusmcceperunﬁcum
1851 4723 1951 4780 per
1980 4724 2041 4785 se
2071 4718 2254 4785 essent
2281 4709 2598 4785 secundum
2632 4709 3034 4785 substantiam.
3066 4709 3320 4785 Ioannes
3343 4725 3478 4785 vero
3499 4712 3923 4785 Cyparissiotns

547 4780 870 4842 svc'undum
902 4780 1511 4842 existentiamdiciteis
1540 4781 2025 4850 convenire,quod
2056 4780 2412 4850 probabilius
2434 4781 2895 4846 videtur,utcum
2930 4781 3245 4839 substantia
3278 4782 3449 4839 simul
3483 4780 3920 4840 similitudinem

544 4854 637 4928 Dei
672 4857 1018 4928 acceperint.
1056 4856 1196 4925 Quia
1229 4857 1275 4911 si
1321 4857 1476 4927 prius
1531 4863 1751 4928 oportet
1803 4861 2011 4928 ess_e,et
2040 4861 2233 4928 postea
2284 4853 2618 4928 participare
2652 4854 2809 4928 aliud
2839 4863 3039 4928 przeter
3060 4868 3234 4928 quam
3267 4869 3413 4928 esse,
3445 4854 3642 4928 angeli
3676 4869 3798 4928 non
3831 4855 3926 4909 ha-

542 4927 683 4985 bent
709 4923 1334 4999 per'participationem'
1372 4929 1478 4984 hoc
1515 4923 1668 4998 quod
1699 4923 1782 4982 eis
1815 4924 2086 4999 tribuitur
2118 4924 2240 4979 istis
2285 4924 2631 4999 nominibus
2661 4932 2720 4999 et
2747 4923 3216 4999 ﬁgurationibus,
3246 4927 3343 4981 sed
3377 4939 3476 4999 per
3503 4923 3879 4999 existentiam
3911 4942 3920 4982 ;

585 4999 677 5070 uia
731 5013 844 5057 non
901 5000 1130 5058 fuerunt
1186 5000 1522 5070 priusquam
1581 4999 1677 5070 ista

1740 4994 2528 5082 participarenttsedgpqtius
2545 5009 2676 5082 cum
2707 4994 2808 5082 bis
2829 4996 2996 5082 donis
3023 4998 3201 5082 creati
3221 5002 3389 5082 sunt.
3422 4995 3584 5055 Unde
3617 4995 3927 5071 Gregorius

593 5070 929 5129 azianzenus
958 5064 1226 5143 angelum
1261 5064 1397 5128 dici't
1433 5083 1556 5128 esse
1588 5064 1758 5140 primi
1791 5064 2026 5125 luminis
2055 5064 2360 5139 quamdam
2390 5065 2704 5124 ﬂuxionem
2735 5078 2788 5124 et
2831 5067 3352 5140 participationem.

1871 5187 2125 5255 varum
2155 5188 2589 5254 LECTIONES.
2636 5173 2642 5180 '

623 5313 689 5366 67
719 5338 803 5396 γρ.
840 5313 1145 5389 ἆειδινήτῳ.
1202 5311 1269 5396 ξδ
1291 5316 1377 5396 διαὶ
1401 5315 1519 5396 περὶ
1548 5319 1652 5371 τῶν
1679 5315 1858 5394 ἱερῶν,
1890 5311 1953 5374 8.
1988 5307 2055 5373 Ρ.
2087 5305 2158 5369 Ι).
2186 5304 2292 5368 Ch.
2330 5306 2426 5367 Sc.
2463 5309 2590 5370 Ser.
2653 5306 2718 5357 69
2743 5309 2818 5384 μὴ
2853 5315 3137 5390 ταπεινῶς,
3175 5309 3240 5371 P.
3274 5306 3343 5369 D.
3375 5309 3510 5384 μήτε
3543 5317 3850 5380 ταπεινῶς,
3881 5311 3933 5369 S.

544 5395 610 5448 60
636 5393 844 5455 καῖ’του
887 5402 1168 5474 μυοῦντος,
1213 5393 1279 5458 Ρ.
1308 5393 1375 5456 D.
1413 5395 1521 5457 Ch.

623 5556 778 5637 (19⁸)
811 5555 1108 5618 Multoties
1134 5555 1346 5634 legitur
1375 5555 1536 5637 apud
1570 5550 1940 5618 Ezechielem
1975 5565 2193 5611 nomen

547 5634 771 5727 Gelgel,
786 5648 878 5711 vel
901 5649 1099 5725 potius
1125 5644 1344 5726 Gulgal
1375 5634 1513 5710 7:53
1547 5643 1705 5726 quod
1745 5659 1930 5703 unum
1967 5645 2190 5700 tantum

545 5735 849 5797 constituit
878 5735 1119 5801 verbum
1133 5738 1430 5819 .Septuag.
1446 5737 1652 5821 τροχοί,
1669 5735 1898 5820 vulgata
1923 5747 2058 5793 vero
2074 5731 2184 5794 La-

2283 5551 2405 5612 tina
2441 5557 2588 5612 rotae
2616 5547 3036 5614 reddiderunt.
3063 5549 3124 5614 Si
3167 5548 3424 5612 aradice
3468 5535 3569 5612 :5:
3602 5547 3941 5622 derivetur,

2277 5641 2654 5720 rotationem,
2689 5638 3116 5704 revolutionem
3172 5639 3486 5720 significat,
3547 5638 3592 5697 si
3666 5652 3880 5704 autem
3919 5658 3945 5699 δ

2275 5729 2480 5795 radice
2507 5716 2644 5811 n52,
2680 5727 3109 5796 reuelationem
3139 5716 3405 5794 denotat.
3441 5727 3689 5799 Dnacu.
