4026 6210
486 371 602 436 343

1651 371 1714 435 S.
1765 371 2104 435 DIONYSII
2144 373 2675 435 AREOPAGITZE.

3749 373 3870 438 314

483 511 648 594 ipsas
677 527 806 592 quae
837 517 1096 592 prmsunt
1123 509 1280 584 aliis,
1305 507 1399 571 his
1427 506 1574 590 ipsis
1601 507 1820 570 iterum
1852 506 1912 567 in
1943 508 2127 569 sacris

2215 511 2294 572 θις
2323 505 2449 586 παρ’
2499 508 2672 564 αὐτῶν
2723 506 2926 572 ἐκεινοις
2973 507 3387 586 ίεραρχουμένας
3447 505 3722 586 ἐλέγομεν,
3775 507 3872 566 ὅν-

488 601 737 663 subesse
785 599 1148 674 diceremus,
1183 617 1321 662 vere
1350 616 1449 660 res
1492 597 1751 660 absurda
1783 606 1842 659 et
1885 597 2133 660 confusa

487 690 814 754 videretur.
833 689 938 752 Sin
951 697 1144 750 autem
1171 689 1358 751 sacris
1380 689 1508 750 illas
1533 705 1788 768 praeesse
1809 695 1866 748 et
1883 687 2133 750 subesse

487 781 763 856 dicimus,
799 797 918 840 non
943 787 1140 841 tamen
1165 779 1502 854 easdem,et
1531 776 1769 859 iisdem,
1793 775 1895 838 sed
1915 795 2130 858 quam-

487 870 845 934 libetearum
862 867 1108 931 subesse
1120 869 1360 950 quidem
1378 867 1696 948 prioribus,
1717 885 1974 949 praeesse
1993 885 2130 928 vero

489 957 946 1041 posterioribus,
963 959 1122 1022 haud
1145 959 1468 1037 incongrue
1486 962 1620 1039 quis
1641 955 2130 1037 dixerit,easdem

487 1049 1022 1124 eﬂ‘ormationes,et
1039 1048 1248 1130 primis
1265 1056 1323 1110 et
1336 1047 1549 1110 mediis
1573 1057 1630 1110 et
1643 1045 2130 1127 postremis,pro-

485 1140 616 1221 prie
629 1138 805 1202 simul
819 1157 890 1200 ac
909 1156 1052 1200 vere
1075 1138 1320 1200 omnino
1339 1136 1784 1201 accommodari
1803 1135 2131 1218 posse.Hoc

486 1238 686 1292 autem
736 1237 978 1292 sanctus
1025 1229 1120 1290 hic
1150 1227 1448 1310 proponit,
1478 1226 1618 1308 quia
1647 1235 1826 1288 verna
1869 1225 2132 1290 facturus

489 1328 577 1383 est
610 1319 684 1381 de
713 1319 1041 1392 caelestium
1071 1318 1351 1379 ordinum
1406 1315 1883 1393 formationibus,
1920 1325 1978 1378 et
2009 1335 2130 1378 non

488 1408 616 1470 vult
644 1407 882 1490 proprio
915 1406 1135 1488 quique
1153 1407 1353 1470 ordini
1383 1407 1557 1470 aliam
1589 1413 1768 1484 atque
1797 1406 1970 1469 aliam
2002 1405 2127 1468 for-

489 1518 644 1562 mam
699 1499 1002 1579 aﬂingere,
1036 1497 1140 1560 sed
1191 1516 1398 1559 omnes
1429 1496 1778 1577 simpliciter
1827 1495 2127 1570 omnibus,

2213 619 2321 662 τως
2377 597 2570 654 ἀτοπία
2625 597 2686 653 τὸ
2745 602 2964 676 πρᾶγμα
3017 595 3187 654 ἐδόκει
3244 597 3331 654 καὶ
3381 601 3662 678 σύγχυσις.
3709 601 3770 656 Εἰ
3815 597 3874 656 δὲ

2214 690 2310 753 τὰς
2379 688 2538 751 αὐτὰς
2604 689 2881 767 ἱεραρχεϊν
2955 688 3042 744 καὶ
3137 689 3501 768 ἱεραρχεϊσθαι
3587 687 3821 768 λέγομεν
3851 739 3867 764 ,

2214 775 2389 836 οὐκέτι
2458 775 2513 833 δὲ
2585 783 2690 834 τῶν
2763 777 2934 835 αὐτῶν
3005 777 3095 834 καὶ
3155 779 3274 856 περὶ
3321 783 3428 834 τῶν
3457 777 3650 852 αιότῶν,
3724 779 3872 838 ἀλλὰ

2213 867 2313 935 τὴν
2365 867 2596 933 ἑκάστην
2651 868 3019 946 ἱεραρχεϊσται
3095 868 3197 924 ὑπὸ
3275 868 3381 924 τῶν
3451 867 3698 946 πρώτων,
3775 873 3872 927 καὶ

2215 959 2487 1036 ίερσρχεϊν
2517 963 2622 1013 τῶν
2657 953 2935 1035 δευτέρων,
2970 957 3063 1014 οὒκ
3099 955 3396 1017 ἀπεικότως
3456 957 3520 1013 ὅίν
3563 981 3643 1023 τις
3701 959 3863 1040 φαίη,

2213 1047 2308 1108 τὰς
2340 1046 2500 1108 αὐτὰς
2535 1045 2841 1124 μορφώσεις
2893 1043 3138 1104 δύνασθαι
3191 1048 3541 1125 περιτίθεσθαι
3602 1049 3686 1105 καὶ
3735 1063 3866 1114 ταῖς

2213 1137 2473 1215 πρώταις,
2509 1137 2597 1192 καὶ
2627 1148 2747 1199 ταῖς
2779 1135 3066 1216 ἐσχάταις,
3123 1137 3330 1202 οἰκείως
3359 1137 3534 1204 πάντη
3589 1139 3676 1194 καὶ
3731 1137 3874 1205 ἅλη-

2213 1227 2387 1290 θινῶς.
2429 1232 2596 1283 Τοῦτο
2637 1223 2692 1281 δὲ
2751 1227 3097 1304 προστίθησιν
3153 1225 3375 1286 ἐνταῦθα
3431 1229 3459 1282 ὁ
3515 1227 3690 1306 ἅγιος,
3753 1227 3874 1284 ἐπεὶ

2215 1313 2399 1391 μέλλει
2467 1313 2641 1394 λέγειν
2703 1314 2819 1393 περὶ
2875 1319 2977 1372 τῶν
3062 1315 3390 1396 μορφώσεων
3449 1321 3553 1373 τῶν
3609 1317 3874 1396 οὖρανίων

2213 1405 2522 1484 ταγμάτων,
2595 1408 2684 1462 καὶ
2754 1403 3001 1483 βούλεται
3053 1405 3130 1480 μὴ
3195 1403 3296 1480 ἰδίᾳ
3369 1407 3574 1480 ἑκάστῳ
3629 1408 3874 1486 τάγματι

2214 1495 2387 1563 ἂλλην
2441 1497 2528 1552 καί
2577 1494 2746 1562 ἄλλην
2795 1494 3113 1574 περιτιθέναι
3169 1496 3465 1576 μόρφωσιν,
3511 1496 3650 1554 ἀλλὰ
3689 1498 3876 1562 πασας

489 1588 643 1650 sicut
670 1607 802 1650 esse
821 1587 996 1650 habet
1015 1588 1162 1650 ratio
1177 1587 1462 1650 veritatis.
1497 1587 1942 1664 Asserititaque
1973 1587 2127 1668 quod

2217 1584 2400 1649 ἁπλῶς
2449 1597 2567 1648 τοῖς
2603 1591 2753 1658 πᾶσι,
2817 1586 2993 1648 κατὼς
3049 1584 3168 1665 ἔχει
3225 1587 3313 1642 καὶ
3373 1589 3401 1643 ὁ
3455 1591 3556 1653 τῆς
3613 1586 3876 1653 ἀληθείας

488 1678 561 1742 ad
599 1679 730 1738 157
762 1677 1056 1740 anteriora
1091 1677 1506 1756 extendantur,
1539 1693 1739 1738 verum
1764 1674 2127 1740 conversive:

2217 1675 2398 1752 λόγος.
2461 1673 2951 1752 Προκατασκευάζει
3011 1681 3156 1754 γοῦν,
3218 1674 3300 1732 ὅτι
3353 1675 3438 1732 καὶ
3495 1677 3556 1732 τὸ
3613 1677 3746 1746 πρὸς
3811 1677 3878 1732 τὸ

489 1769 781 1850 siquidem
797 1767 866 1830 ad
883 1767 1186 1830 anteriora
1203 1785 1438 1848 quoque
1465 1765 1618 1846 ignis
1644 1766 2004 1840 extenditur,
2026 1767 2127 1830 sed

2217 1763 2435 1827 ἄναντες
2513 1764 2894 1844 ἀνατείνεσθαι,
2984 1763 3122 1832 πλὴν
3199 1764 3644 1844 ἐπιστρεπτικῶς⁶
3729 1766 3876 1822 ἂνα-

489 1849 664 1920 modo
695 1857 1042 1937 irrationali,
1077 1876 1144 1918 ac
1175 1851 1444 1930 naturali,
1473 1856 1696 1918 nullam
1727 1855 1955 1917 habens
1985 1875 2127 1918 con-

2217 1853 2442 1910 τείνεται
2473 1853 2574 1932 γὰρ
2605 1855 2733 1932 πρὸς
2767 1855 2828 1910 τὸ
2869 1849 3086 1917 ἄναντες
3145 1855 3234 1910 καὶ
3287 1861 3410 1934 πῦρ,
3475 1852 3593 1910 ἀλλ’
3654 1853 3876 1932 ἆλόγως

487 1949 825 2010 verr-ionem
859 1967 925 2009 ac
981 1947 1339 2010 libertatem.
1375 1945 1480 2008 Illa
1509 1945 1686 2023 igitur
1731 1947 1802 2007 ad
1835 1947 2127 2008 anteriora

2214 1945 2304 1999 καὶ
2361 1949 2620 2024 φυσικῶς,
2685 1941 2948 2018 μηδεμίαν
3007 1942 3137 2024 ἔχον
3195 1942 3517 2022 ἐπιστροφὴν
3581 1945 3670 2000 καὶ
3729 1967 3878 2021 προ-

491 2039 778 2119 extensio,
803 2047 859 2100 et
879 2037 1103 2100 circum
1137 2037 1488 2119 semetipsas
1513 2043 1787 2098 constans
1817 2035 2126 2114 volutatio,

486 2127 891 2208 virtutumque
938 2128 1208 2190 custodia
1240 2127 1614 2208 propriarum
1663 2126 1796 2201 (etsi
1829 2126 1985 2187 enim
2020 2144 2128 2206 ap-

489 2226 690 2298 petant
723 2217 1052 2299 superiora,
1085 2237 1206 2279 non
1239 2225 1434 2278 tamen
1486 2216 1544 2278 id
1576 2215 1798 2278 faciunt
1825 2235 1892 2276 ac
1923 2217 1974 2276 si
2003 2217 2126 2278 vir-

487 2316 672 2369 tutum
735 2315 1076 2387 contemptu
1132 2309 1506 2388 propriarum
1567 2307 1682 2368 alia
1742 2315 2125 2388 quaererent;

489 2397 633 2480 quin
704 2397 904 2476 potius
965 2398 1074 2459 hoc
1133 2397 1263 2478 ipso
1321 2396 1506 2474 magis
1562 2401 1833 2476 proprias
1889 2396 2132 2459 virtutes

486 2494 834 2564 amant,quo
861 2485 1007 2548 alias
1022 2485 1328 2567 appetunt)
1359 2506 1374 2566 ;
1411 2485 1581 2546 tertio
1601 2483 1862 2565 denique
1881 2485 2130 2546 inferio-

487 2575 656 2638 ribus
688 2593 752 2638 se
781 2574 1366 2655 communicandi,et
1394 2574 1465 2636 ad
1489 2573 1737 2637 eosdem
1769 2575 2131 2655 procedendi

484 2666 694 2742 virtus,
733 2664 1075 2728 caelestibus
1127 2683 1366 2745 quoque
1395 2663 1672 2726 omnibus
1723 2663 2132 2744 intelligentiis

485 2753 796 2836 competit,
831 2755 972 2816 licet
1020 2752 1153 2817 aliis
1204 2753 1443 2835 quidem
1475 2753 1830 2831 universim,
1861 2762 1927 2816 ut
1973 2773 2131 2837 saepe

488 2843 707 2907 dictum
742 2852 850 2919 est,
887 2843 1019 2905 aliis
1052 2861 1190 2907 vero
1224 2862 1296 2906 ex
1331 2851 1525 2925 parte.

2214 2035 2436 2115 αίρεσιν,
2517 2035 2590 2093 Td
2659 2044 2784 2114 γοῦν
2858 2035 2986 2114 πρὸς
3057 2037 3119 2091 τὸ
3192 2033 3409 2098 ἄναντες
3481 2037 3876 2116 ἀνατεινεσθαι,

2211 2127 2300 2181 καὶ
2370 2127 2430 2181 τὸ
2497 2126 2616 2204 περὶ
2685 2125 2874 2188 ἑαυτὰς
2960 2123 3199 2204 ἆῤῥεπῶς
3283 2124 3680 2205 συστρέφεσθαι,
3773 2131 3868 2184 καὶ

2212 2220 2482 2294 φροῦρεῐν,
2515 2216 2612 2279 τὰς
2691 2215 2886 2276 οἰκείας
2971 2213 3216 2289 δυνάμεις
3291 2215 3360 2294 (εἰ
3417 2215 3516 2294 γὰρ
3591 2217 3679 2272 καὶ
3761 2217 3876 2273 τῶν

2213 2304 2516 2382 ὑπερτάτων
2549 2304 2801 2384 ἐφίενται,
2836 2304 2956 2361 ἀλλ’
3007 2304 3093 2361 οὖν
3144 2305 3250 2385 οὔχ
3303 2306 3377 2371 ὡς
3442 2313 3876 2385 καταφρονοῦσαι
3933 2367 3936 2372 ,

2215 2399 2320 2448 τῶν
2379 2395 2584 2450 οἰκείων
2631 2391 2926 2468 δυνάμεων,
2982 2394 3318 2466 ἐπιζητοῦσιν
3374 2393 3549 2475 ἓτερα,
3615 2394 3684 2452 δι’
3741 2395 3877 2452 αὖτό

2217 2485 2314 2558 μὲν
2345 2484 2431 2540 οὖν
2465 2482 2670 2558 μᾶλλον
2701 2491 2855 2541 τοῦτο
2890 2485 2947 2542 τὸ
2977 2484 3326 2561 ἆγαπητικῶς
3375 2484 3526 2564 ἔχειν
3583 2485 3718 2563 πρὸς
3777 2487 3877 2551 τὰς

2217 2572 2410 2637 οἰκείας
2469 2571 2736 2648 δυνάμεις,
2796 2575 2884 2629 καὶ
2941 2573 3132 2652 ἑτέρων
3187 2575 3469 2653 ἐφίενται),
3533 2575 3618 2630 καὶ
3663 2575 3872 2654 τρίτον,

2213 2664 2276 2718 τὸ
2332 2663 2450 2742 περὶ
2505 2665 2572 2719 τὰ
2629 2661 2843 2741 δεύτερα
2895 2667 3203 2720 κοινωνικὸν
3253 2665 3343 2720 καὶ
3399 2661 3670 2744 προδικὸν,
3757 2667 3876 2723 πά-

2216 2774 2330 2818 σαις
2361 2755 2579 2834 ἁρμόσει
2609 2767 2732 2818 ταῖς
2762 2753 3025 2832 οὐρανίαις
3057 2753 3280 2829 οὐσίαις,
3339 2755 3382 2810 εί
3439 2755 3528 2811 καὶ
3583 2769 3706 2819 ταῖς
3769 2758 3874 2833 μὲν

2216 2841 2444 2918 ὑλικῶς,
2479 2845 2551 2906 ὡς
2585 2841 2845 2908 πολλάκις
2879 2843 3120 2922 εἴρηται,
3149 2856 3269 2906 ταῖς
3303 2841 3359 2900 δὲ
3385 2850 3639 2922 μερικῶς,

561 2935 592 3014 §
639 2933 712 2996 II.
748 2935 894 2997 Cum
945 2940 1146 3015 itaque
1178 2932 1548 3014 propositum
1594 2931 1766 2995 nobis
1795 2934 1872 2995 sit
1917 2934 2127 3012 figuras

2298 2933 2426 3011 δυ.
2485 2931 2638 2991 Ἐπεὶ
2695 2936 2784 2989 οὖν
2841 2932 3164 3014 προεθέμεθα
3219 2933 3340 2998 τοὺς
3399 2934 3590 2996 τύπους
3656 2935 3874 2992 ἀνακα-

481 3041 834 3104 expurgare,
870 3023 932 3085 id
991 3030 1079 3084 est
1129 3022 1574 3084 eiiormationes
1629 3029 1686 3086 et
1737 3022 2028 3102 imagines
2059 3025 2127 3086 ad

2213 3025 2394 3101 θᾶραι,
2429 3019 2674 3090 δηλονότι
2705 3023 2800 3085 τάς
2833 3022 3132 3101 μορφώσεις
3168 3023 3256 3078 καὶ
3311 3023 3406 3085 τὰς
3459 3024 3664 3086 εἰκόνας
3727 3025 3870 3080 ἀνέ-

477 3111 892 3176 sublimiorem
923 3113 1238 3192 quemdam
1269 3131 1511 3174 sensum
1554 3111 1990 3194 adducere;age
2017 3132 2127 3194 prae

2218 3110 2296 3178 ξαι
2357 3111 2439 3175 εἰς
2494 3134 2613 3169 τινα
2671 3113 2966 3192 ὑπερτάτην
3025 3113 3112 3168 καὶ
3167 3113 3380 3188 μείζονα
3437 3111 3664 3186 ἔννοιαν,
3741 3115 3872 3190 φέρε

481 3203 711 3265 caeteris
730 3202 984 3284 primum
1007 3202 1209 3282 figurae
1229 3202 1380 3279 ignis
1401 3201 1796 3283 expiationem
1823 3203 2127 3286 faciamus,

2218 3203 2318 3281 πρὸ
2389 3201 2495 3258 τῶν
2559 3199 2735 3259 ἄλλων
2805 3202 3022 3282 πρώτην
3087 3201 3438 3280 ἀνακάθαρσιν
3515 3203 3874 3278 ποιησώμεθα

481 3293 758 3368 quoniam
787 3311 904 3372 prae
926 3291 1177 3372 reliquis
1193 3291 1517 3374 Scriptura:
1531 3291 1746 3354 divinas
1763 3292 2127 3355 materialem

2216 3295 2315 3358 τῆς
2347 3297 2441 3348 τοῦ
2467 3291 2628 3370 πυρὸς
2661 3291 2887 3364 εἰκόνος,
2922 3289 3002 3346 ὅτι
3033 3292 3121 3346 καὶ
3155 3291 3292 3368 παρὰ
3347 3290 3440 3356 τὰς
3500 3289 3662 3354 ἄλλας
3719 3293 3874 3348 εἰκό-

481 3381 638 3460 ignis
670 3381 1142 3444 eii‘ormationem
1167 3383 1480 3444 honorant.
1516 3380 1750 3443 Etenim
1783 3401 1900 3444 non
1935 3382 2127 3444 solum

2216 3401 2308 3442 νας
2369 3379 2466 3447 τὴν
2521 3381 2775 3460 ἐμπόριον
2831 3379 3150 3460 ὑλογραφίαν
3204 3381 3239 3448 ἡ
3288 3381 3398 3436 θεία
3457 3381 3642 3461 Γραιρὴ
3712 3389 3872 3457 τιμᾷ.

479 3471 862 3550 rotasigneas
881 3471 1168 3550 referunt,
1197 3479 1258 3532 ut
1287 3471 1665 3551 reperiturin
1689 3472 2002 3534 Ezechiele
2029 3473 2128 3534 di-

479 3569 680 3625 cente:
715 3561 795 3623 Et
811 3561 1294 3641 spirituseratin
1309 3565 1511 3641 rotisc;
1549 3579 1750 3622 verum
1785 3560 1959 3624 etiam
1993 3563 2126 3624 ani-

479 3650 662 3713 malia
693 3649 1074 3731 ignitajuxta
1105 3650 1274 3714 illud:
1297 3649 1561 3731 Cumque
1583 3649 1966 3714 ambularent
1993 3653 2126 3716 ani-

477 3741 673 3812 malia,
706 3740 1270 3813 cmbulabantpariter
1299 3745 1349 3798 et
1376 3747 1510 3797 rotae
1529 3742 1597 3809 d;
1623 3743 1888 3814 virosque
1909 3743 2127 3813 igneos,

477 3843 649 3904 atque
675 3833 972 3898 carbones,
1014 3833 1174 3902 juxta
1208 3829 1388 3888 illud:
1446 3832 1715 3890 Carboncs
1743 3833 1979 3890 succensi
2005 3839 2132 3892 sunt

479 3923 546 3983 in
565 3921 830 4000 itlips-um
849 3931 891 3996 θ,
919 3921 1314 3995 etﬂuvios,ac
1329 3921 1378 3981 si
1400 3921 1530 4002 quis
1545 3921 1746 3985 Grmce
1764 3923 1944 3990 dicat.
1975 3947 2132 3994 πυρι-

481 4010 858 4090 φλεγέθοντας,
903 4009 961 4070 id
1016 4018 1105 4070 est
1160 4011 1702 4090 ﬂammr‘gerantes,
1730 4013 1896 4092 juxta
1939 4011 2125 4078 illud:

478 4099 558 4163 Et
571 4099 796 4179 ﬂuvius
821 4099 976 4177 ignis
990 4097 1358 4162 scaturiebat
1378 4107 1519 4162 ante
1535 4101 1718 4180 pedes
1729 4102 1896 4180 ejus:
1931 4111 1990 4164 et
2012 4109 2093 4166 ite
2107 4137 2128 4148 -

479 4208 616 4252 rum
650 4188 896 4249 thronos
929 4188 1156 4268 igneos,
1193 4195 1254 4250 ut
1285 4189 1345 4251 in
1404 4189 1718 4252 Ezechiele
1751 4189 1990 4254 tradidit
2021 4210 2035 4256 :
2075 4203 2131 4258 et

480 4297 700 4340 nomen
733 4277 1039 4358 seraphim
1075 4277 1422 4342 incensore:
1445 4287 1501 4342 et
1526 4279 1913 4359 calefactores
1934 4291 2125 4367 sonat,

481 4367 644 4430 calor
670 4367 826 4429 enim
856 4367 1010 4448 ignis
1044 4367 1376 4448 proprietas
1399 4377 1510 4448 est,
1535 4375 1590 4430 et
1615 4367 1766 4430 actio
1794 4369 1922 4449 ejus
1947 4373 2123 4444 ustio,

479 4465 657 4534 atque
675 4456 923 4538 omnino
951 4475 1188 4518 sursum
1214 4467 1274 4520 et
1309 4457 1586 4519 deorsum
1611 4457 1848 4536 igneam
1881 4459 2124 4538 ﬁguram

481 4537 1263 4618 commendat.Quapropter
1281 4538 1529 4600 formam
1559 4545 1789 4618 igneam
1811 4537 2127 4604 fortiﬁcare

2211 3465 2315 3528 Καὶ
2375 3469 2476 3547 γὰρ
2534 3470 2610 3544 μὴ
2665 3471 2828 3545 μόνοι
2884 3471 3112 3548 τροχοὺς
3189 3467 3472 3550 πυρώδεις,
3545 3472 3618 3534 ὣς
3675 3471 3734 3528 ἐν
3791 3479 3876 3546 τῷ

2213 3554 2471 3629 Ἰεζεκιὴλ
2501 3558 2737 3638 εὕρηται,
2784 3560 2888 3621 Καὶ
2950 3561 3154 3630 πνεῦμα
3211 3558 3278 3626 ἧν
3335 3561 3390 3614 ἐν
3443 3573 3562 3623 τοῖς
3619 3567 3872 3642 τροχοξς,

2211 3645 2448 3725 λέγοντι,
2512 3647 2889 3728 παραδίδωσιν,
2950 3648 3087 3706 ἀλλὰ
3139 3647 3226 3706 καὶ
3297 3655 3406 3720 ζῶα
3467 3650 3876 3728 πεπυρωμένα,

2213 3738 2350 3794 κατὰ
2418 3739 2503 3813 τὸ,
2567 3737 2656 3796 Ἐν
2709 3740 2786 3814 τῷ
2839 3739 3151 3817 πορεύεσθαι
3223 3739 3288 3794 τὰ
3343 3745 3476 3812 ζῶα,
3547 3741 3876 3818 ἐπορεύοντο

2213 3827 2301 3882 καὶ
2333 3829 2382 3884 οἱ
2438 3829 2650 3907 τροχοί·
2711 3829 2799 3885 καὶ
2851 3825 3036 3906 ἄνδρας
3094 3825 3372 3908 πυρώδεις,
3434 3833 3520 3886 καὶ
3581 3829 3876 3913 ἄνθρακας,

2214 3916 2350 3975 κατὰ
2399 3916 2484 3997 τό,
2546 3917 2856 3998 ’¹Αντρακες
2907 3917 3216 3997 ἆνήφθησαν
3276 3920 3360 3975 ἐπὶ
3417 3920 3478 3975 τὸ
3551 3919 3706 3976 αὖτόο
3781 3924 3876 3979 καὶ

2213 4003 2539 4082 ποταμοὺς,’
2582 4009 2656 4072 ὡς
2731 4007 2791 4064 ἄν
2861 4029 2940 4070 τις
3015 4007 3161 4066 εἴποι
3231 4007 3372 4064 κατὰ
3429 4009 3546 4074 τοὺς
3579 3999 3874 4077 "Elimia;

2211 4095 2710 4178 πυριφλεγέθοντας,
2786 4099 2922 4154 κατὰ
3000 4099 3084 4172 τὸ,
3186 4099 3284 4156 Καὶ
3376 4099 3617 4172 ποταμὸς
3701 4102 3874 4178 πυρὸς

2212 4183 2363 4241 εἷλκε
2449 4188 2551 4266 πρὸ
2641 4193 2748 4244 τῶν
2804 4185 2978 4244 ποδῶν
3038 4186 3216 4244 αὖτοῦ·
3282 4187 3372 4244 καὶ
3428 4185 3588 4244 πάλιν
3647 4189 3872 4267 θρόνους

2210 4274 2478 4354 πυρίνους,
2552 4277 2626 4340 ὡς
2693 4275 2747 4332 ἐν
2812 4283 2889 4351 τῷ
2960 4273 3216 4348 Ἰεζεκιὴλ
3275 4274 3620 4355 παραδίδωσι’
3681 4280 3774 4335 καὶ
3832 4283 3872 4348 ἡ

2213 4362 2485 4439 ἐπωνυμία
2547 4367 2654 4421 τῶν
2725 4365 2954 4446 σεραφὶμ
3035 4365 3338 4444 ἐμπρησταί
3410 4367 3509 4422 εἰσι
3581 4367 3670 4422 καὶ
3740 4371 3876 4446 θερ-

2212 4454 2514 4529 μαίνοντες,
2573 4461 2736 4512 ταῦτα
2793 4455 2892 4534 γὰρ
2948 4456 3045 4510 εἰσι
3103 4463 3194 4514 τοῦ
3249 4456 3433 4535 πυρὸς,
3495 4455 3558 4510 τὸ
3607 4457 3708 4528 μὲν
3737 4463 3874 4536 θερ-

2212 4543 2312 4616 μὸν
2344 4541 2564 4618 ἰδιότης,
2600 4565 2658 4600 το
2687 4541 2740 4599 δὲ
2770 4546 3052 4601 καυστικὸν
3081 4541 3339 4622 ἐνέργεια·
3403 4545 3492 4600 καὶ
3550 4542 3690 4608 ὅλως
3751 4546 3872 4602 ἅνω

477 4645 698 4690 censeo
727 4627 1065 4690 caelestium
1087 4627 1618 4708 intelligentiarum
1640 4627 2124 4706 deiformitatem;

2212 4631 2298 4686 καὶ
2328 4631 2476 4690 κάτω
2519 4632 2614 4700 τὴν
2673 4632 2924 4711 ἐμπύρων
2973 4630 3373 4690 τυποπλαστὶαν
3433 4637 3582 4709 τιμᾷ.
3637 4635 3709 4691 Τὸ
3769 4637 3882 4708 μὲι

477 4718 758 4798 quoniam
813 4717 970 4780 Deus
1003 4725 1210 4780 noster
1249 4719 1410 4797 ignis
1441 4735 1796 4780 consumens
1826 4722 1847 4764 ἲ
1888 4719 2124 4782 dicitur.

479 4807 636 4880 Quin
669 4814 726 4868 et
755 4807 817 4868 in
849 4807 986 4886 igne
1019 4807 1174 4868 Deus
1211 4807 1373 4870 visus
1407 4816 1517 4888 est,
1543 4815 1607 4870 ut
1645 4809 1904 4870 essentia
1937 4810 2129 4872 forma

479 4913 718 4972 carens,
745 4901 802 4955 et
829 4893 1377 4976 superessentialis,
1399 4897 1678 4978 quoniam
1697 4896 1857 4974 ignis
1888 4897 2122 4968 multas,

478 4985 526 5046 si
560 4985 722 5046 dictu
740 4983 826 5046 fas
856 4983 1180 5065 sit,divinm
1213 4985 1592 5066 proprietatis
1619 4987 1906 5065 imagines
1924 5005 2043 5068 prie
2063 5006 2128 5051 se

478 5073 614 5137 fert.
643 5070 1090 5154 Explicathunc
1123 5075 1327 5152 ignem
1360 5073 1664 5150 sensilem,
1691 5085 1756 5138 ut
1785 5083 1876 5138 est
1897 5076 1958 5138 in
1991 5096 2124 5138 om-

481 5163 656 5226 nibus
671 5163 1025 5244 quandoque
1047 5162 1290 5244 quidem
1309 5165 1749 5245 ipsemetiguis,
1768 5165 2126 5246 quandoque

477 5271 624 5318 vero
649 5251 801 5332 ignis
833 5257 1184 5334 proprietas,
1213 5271 1432 5334 nempe
1451 5253 1632 5330 calor,
1659 5272 1766 5336 per
1794 5273 1967 5336 quem
2001 5275 2124 5316 om-

477 5347 575 5407 nia
609 5349 924 5406 moventur
959 5364 972 5400 :
1017 5342 1183 5404 aiunt
1215 5341 1373 5404 enim
1407 5343 1670 5405 calorem
1717 5361 1850 5406 esse
1880 5361 2116 5407 causam

475 5444 692 5498 motus.
720 5433 848 5496 Non
881 5439 1110 5495 tantum
1143 5450 1283 5513 ergo
1316 5433 1377 5495 in
1421 5433 1576 5508 aliis,
1610 5449 1816 5495 verum
1850 5433 2025 5495 etiam
2059 5435 2118 5496 in

473 5525 770 5588 elemento
795 5523 1055 5586 maxime
1078 5523 1636 5598 contrario,scilicet
1655 5541 1830 5604 aqua,
1857 5523 2118 5586 calorem

469 5615 734 5696 reperies
760 5633 774 5677 :
797 5613 1098 5694 quomodo
1130 5613 1288 5676 enim
1315 5619 1662 5676 moveretur
1684 5611 1796 5676 nisi
1841 5611 2117 5693 spiritum

550 5759 574 5791 ο
603 5749 824 5812 Ezech.
856 5765 898 5828 ι,
931 5748 1029 5814 21.
1075 5749 1102 5794 d
1133 5748 1285 5818 Ibid.
1323 5748 1418 5816 19.
1490 5755 1511 5784 θ
1539 5745 1701 5813 Psal.
1735 5763 1881 5828 xvu,
1915 5747 1974 5814 9.

2210 4719 2299 4775 οὗν
2325 4717 2558 4796 πυρῶδες
2604 4721 2876 4803 ἐμφαίνειν
2919 4719 3105 4797 οἴομαι
3155 4722 3216 4777 τὸ
3267 4719 3491 4784 θεοειδὲς
3545 4728 3646 4780 τῶν
3701 4725 3878 4801 οὖρα-

2211 4811 2332 4866 νίων
2394 4808 2687 4888 δυνάμεων*
2751 4814 2839 4870 καὶ
2896 4813 2996 4892 γὰρ
3053 4815 3081 4869 ὁ
3142 4815 3271 4877 Θεὸς
3333 4814 3486 4888 ἡμῶν
3557 4822 3660 4890 πῦρ
3723 4836 3876 4870 κατ-

2211 4899 2501 4959 αναλισκον
2547 4900 2792 4980 λέγεται.
2857 4903 3162 4982 Ἐθεωρήθῃ
3217 4899 3271 4958 δὲ
3331 4904 3405 4968 εἰς
3465 4909 3564 4976 πῦρ
3615 4905 3646 4958 ὁ
3705 4907 3878 4984 Θεὸς,

2209 4991 2244 5058 ἡ
2275 4989 2587 5069 ἆμύρφωτος
2619 4992 2767 5050 ουσία
2812 4995 2903 5051 καὶ
2956 4993 3290 5072 ὁπεροόσιος,
3353 4991 3434 5048 ὅτι
3499 4993 3586 5047 καὶ
3643 4993 3706 5048 τὸ
3765 4993 3880 5070 πῦρ

2208 5079 2411 5144 πολλὰς
2481 5079 2688 5147 εἰκόνας
2757 5081 2905 5163 ἔχει,
2979 5083 3023 5138 εἰ
3080 5081 3230 5155 θέμις
3287 5081 3420 5144 τέως
3497 5081 3696 5154 εἰπεῖν,
3769 5087 3884 5148 τῆς

2207 5173 2502 5248 θεαρχικῆς
2567 5167 2857 5239 ἰδιότητος.
2931 5170 3211 5252 Ἐκιρράζει
3279 5171 3344 5228 τὸ
3415 5171 3664 5236 αἰσθητὸν
3737 5181 3880 5250 πῦρ,

2207 5257 2284 5314 ὄτι
2345 5257 2480 5314 ἔστὶν
2539 5259 2591 5316 ἓν
2651 5267 2804 5337 πᾶσι,
2866 5260 2967 5318 ποῦ
3027 5283 3122 5334 μεν
3180 5261 3267 5315 καὶ
3331 5261 3460 5316 αὒτὸ
3511 5262 3571 5316 τὸ
3601 5267 3730 5337 πῦρ,
3763 5265 3884 5318 ποῦ

2205 5345 2259 5403 δὲ
2328 5349 2416 5404 καὶ
2490 5349 2523 5416 ἡ
2594 5357 2685 5407 τοῦ
2757 5351 2912 5427 πυρὸς
2969 5347 3192 5428 ἰδιότης,
3255 5351 3314 5404 τὸ
3369 5349 3588 5428 θερμῧιι,
3650 5349 3772 5406 κατ’
3834 5352 3876 5408 ὃ

2203 5435 2373 5494 πάντα
2406 5437 2688 5496 κινοῦνται’
2754 5439 2928 5496 αἴτιον
2984 5440 3083 5518 γὰρ
3143 5439 3240 5504 τῆς
3300 5439 3562 5507 κινήσεως
3621 5439 3682 5494 τὸ
3741 5443 3884 5517 θερ-

2205 5527 2304 5602 μὸν
2361 5525 2594 5606 λέγουσι,
2653 5529 2734 5594 Νὴ
2791 5529 2954 5604 μόνον
3013 5530 3099 5584 οὖν
3150 5526 3202 5582 ἐν
3275 5539 3392 5590 τοῖς
3455 5525 3666 5596 ἄλλοις,
3721 5528 3884 5586 ἀλλὰ

2203 5617 2292 5672 καὶ
2351 5613 2404 5670 ἐν
2463 5619 2602 5692 αὐτῷ
2658 5624 2734 5693 τῷ
2784 5615 3152 5694 ἐναντιωτάτῳ
3211 5613 3501 5700 στοιχείῳ,
3561 5621 3640 5692 τῷ
3688 5614 3844 5674 ὕδατι

3853 5711 3886 5742 8

2063 5746 2083 5793 ί
2107 5745 2280 5816 Deut.
2323 5763 2406 5833 iv,
2437 5747 2537 5818 24.
