4058 6196
57 47 446 123 m

264 376 382 445 349

668 380 767 444 DE
810 377 1161 445 CtELESTI
1204 373 1705 458 HIERARCHIA,
1753 376 1917 440 CAP.
1965 374 2097 440 XV.
2162 409 2241 422 —
2285 377 2669 443 PARAPHR.
2723 377 3240 443 PACHYMERE.

3522 377 3642 450 350

263 522 330 576 τα
370 519 484 577 ἅνω
527 519 611 577 καὶ
659 520 706 577 οἱ
765 520 904 576 θεῖοι
963 516 1204 595 ἄγγελοι,
1239 516 1374 575 ὅπου
1414 537 1473 595 γε
1516 517 1604 574 καὶ
1647 518 1753 573 τῶν
1810 515 1909 572 ἂν·

2022 509 2351 589 temtangeli
2368 510 2525 572 enim
2544 510 2727 573 divini
2743 510 2812 573 ad
2833 529 3093 592 superna
3104 521 3241 577 sunt
3257 515 3645 592 erecti,unde

262 608 490 686 θρώπων
547 611 594 666 οἱ
633 610 699 665 τὰ
737 609 849 665 ἅνω
876 616 1156 681 ζητοῦντες
1212 609 1286 673 ὡς
1331 607 1559 688 φοίνικες
1606 605 1783 663 ἀνθεῖν
1826 604 1919 663 λέ-

264 721 472 777 γονται,
507 700 596 756 καὶ
654 702 729 762 ὡς
758 697 931 778 κέδροι
983 696 1393 776 πληθύνεσται),
1430 697 1519 753 καί
1561 694 1645 753 διὰ
1692 698 1754 753 τὸ
1784 695 1920 752 κατὰ

260 790 423 867 φύσιν
482 789 712 869 ἀρχικὸν
765 790 855 845 καὶ
894 789 1219 866 ἡγεμονικὸς
1262 793 1369 843 τῶν
1424 786 1735 864 ἀνθρώπω),
1798 782 1918 843 κατ’

261 877 445 936 εἰκόνα
504 877 847 935 πλασθέντων
907 885 1038 937 Θεοῦ
1072 878 1159 934 καὶ
1214 876 1468 951 ὁμοίωσιν
1503 876 1644 952 (περί
1685 878 1759 930 ὧν
1820 873 1915 931 λὲ-

254 985 434 1046 γεται⁸
475 970 572 1026 Καὶ
631 966 946 1047 ἀρχέτωσαν
977 970 1080 1024 τῶν
1135 967 1335 1047 ἰχθύων
1376 968 1465 1023 καὶ
1513 973 1617 1023 τῶν
1662 969 1918 1022 πετεινῶν

253 1068 354 1117 τοῦ
383 1060 657 1134 οθῦρανοῦ),
701 1059 795 1113 καὶ
835 1054 919 1113 διὰ
969 1059 1029 1113 τὸ
1061 1058 1364 1123 αἰσθητικὸν
1410 1058 1509 1131 μὲν
1556 1055 1733 1135 ὀλίγον
1769 1055 1917 1136 ’ἐχειν

253 1150 350 1205 τὸν
411 1147 712 1228 ἄνθρωπον,
781 1149 854 1211 ὡς
943 1149 1071 1225 πρὸς
1130 1148 1223 1212 τὰς
1299 1146 1489 1214 λοιπὰς
1554 1153 1655 1203 τῶν
1708 1145 1919 1225 ἀλόγων

259 1237 418 1307 ζώων
463 1236 733 1316 δυνάμεις,
791 1239 1147 1309 καρατητικὸν
1188 1235 1243 1293 δὲ
1300 1237 1516 1294 πάντων
1572 1244 1641 1314 τῇ
1689 1246 1779 1295 τοῦ
1828 1242 1919 1292 νοῦ

261 1325 515 1403 δυνάμει,
564 1328 648 1383 καὶ
705 1332 773 1404 τῇ
834 1327 978 1382 κατὰ
1042 1327 1262 1404 λογικὴν
1326 1325 1633 1401 ἐπιστήμην
1691 1325 1912 1405 ἰπικρα-

264 1418 410 1490 τεέᾳ.
445 1423 615 1475 Τοῦτο
658 1415 712 1472 δὲ
758 1417 869 1472 ἐστι
920 1418 1177 1491 ’τοιοῦτον⁹
1231 1414 1308 1472 ὅτι
1342 1418 1388 1474 οἱ
1432 1415 1695 1495 ἅνθρωποι
1742 1414 1919 1492 ὀλίγον

2003 607 2056 655 et
2080 598 2339 657 homines
2352 599 2450 671 qui
2471 616 2714 671 superna
2739 608 3085 672 spectant,ut
3106 603 3395 673 phoenices
3416 606 3646 681 ﬂorere,

2001 695 2058 749 et
2093 699 2367 769 tanquam
2401 690 2566 752 cedri
2598 689 2978 765 multiplicari
3008 691 3427 776 perhibentur)
3464 715 3481 772 ;
3517 707 3640 760 tum

2001 777 2174 838 etiam
2213 779 2789 859 propterbominum
2823 781 3147 843 naturalem
3186 785 3560 865 principandi
3592 795 3653 851 et

2002 867 2336 947 imperandi
2367 868 2816 949 prerogativam,
2846 878 2909 932 ut
2930 871 3028 947 qui
3051 869 3121 931 ad
3148 870 3466 952 imaginem
3493 883 3554 937 et
3568 883 3651 938 si-

2003 956 2400 1020 militudinem
2435 957 2536 1021 Dei
2573 959 2708 1020 facti
2738 968 2871 1019 sunt
2906 960 3006 1031 (de
3033 960 3249 1041 quibus
3278 964 3499 1027 dicitur
3530 987 3544 1029 :
3579 965 3650 1027 Et

2007 1047 2248 1127 praesint
2279 1046 2569 1126 piscibus,
2609 1056 2665 1109 et
2697 1049 3033 1111 volucribus
3064 1051 3295 1134 cmlih);
3328 1063 3449 1116 tum
3487 1055 3647 1134 quod

2003 1136 2201 1211 homo,
2235 1138 2508 1219 quamvis
2542 1156 2720 1199 sensu
2749 1139 2988 1219 quidem
3019 1151 3363 1204 caeterorum
3397 1162 3647 1224 compa-

2001 1225 2234 1289 ratione
2267 1228 2599 1303 brutorum,
2625 1227 2871 1291 minime
2900 1229 3111 1305 valeat,
3139 1231 3418 1294 omnibus
3450 1242 3648 1296 tamen

2003 1320 2255 1395 imperet
2276 1318 2573 1396 praestanti
2596 1316 2645 1379 vi
2673 1317 2908 1398 mentis,
2944 1339 3013 1381 ac
3046 1320 3414 1383 rationalibis
3444 1328 3647 1385 scien-

2009 1404 2104 1466 tia;
2133 1406 2464 1469 dominatu.
2521 1410 2647 1470 ΙΙοο
2689 1416 2884 1470 autem
2920 1408 3000 1470 ita
3029 1428 3092 1471 se
3142 1410 3343 1491 habet,
3366 1413 3649 1491 quoniam

264 1508 333 1563 τὸ
368 1506 488 1564 κατ’
550 1505 801 1573 αἴσθησιν
852 1506 1035 1586 ἔχουσι
1067 1508 1195 1584 πρὸς
1252 1507 1317 1563 τὰ
1360 1505 1497 1562 ἄλλα
1543 1513 1674 1577 ζῶα·
1709 1507 1774 1562 τὰ
1824 1505 1921 1580 μὲν

2022 1494 2286 1586 honines
2337 1514 2540 1576 parum
2576 1496 2715 1577 quid
2768 1497 2842 1559 de
2871 1516 3053 1560 sensu
3098 1498 3341 1575 habent,
3376 1510 3652 1582 respectu

266 1597 379 1675 γὰρ
436 1596 605 1674 ἄλογα
635 1599 696 1653 τὸ
727 1603 831 1652 πᾶν
883 1583 1134 1663 αἴσθησίς
1176 1598 1298 1652 εἷσι’
1335 1594 1403 1651 δι’
1446 1598 1513 1663 ἧς
1545 1598 1632 1653 καί
1662 1593 1925 1652 διοικοῦν-

2022 1583 2259 1645 aliorum
2292 1586 2661 1647 animalium:
2694 1586 2869 1650 bruta
2897 1588 3056 1651 enim
3092 1606 3333 1668 prorsus
3362 1599 3656 1655 suntsen-

268 1710 366 1743 ται
394 1688 601 1755 ἀνόητα
646 1687 796 1747 ὄντα.
832 1686 922 1743 Ἐν
954 1688 1089 1762 ἡμῖν
1119 1683 1173 1741 δὲ
1204 1687 1379 1766 βραχὺ
1408 1688 1470 1743 τὸ
1502 1686 1831 1753 αἰσθητικόν·
1868 1688 1927 1743 οὗ

2022 1690 2133 1746 sus,
2167 1692 2285 1749 quo
2318 1675 2495 1735 etiam
2516 1684 2825 1756 reguntur,
2858 1697 2991 1738 cum
3023 1676 3141 1740 sint
3170 1678 3554 1743 irrationalia.
3586 1680 3653 1743 In

266 1778 379 1855 γὰρ
407 1774 475 1832 δι’
522 1781 684 1836 αὐτου
727 1776 1101 1853 συνιστάμεθα,
1135 1774 1272 1831 ἀλλὰ
1304 1773 1389 1832 διὰ
1422 1782 1515 1833 τοῦ
1558 1782 1765 1852 νοεροῦ.
1798 1774 1925 1831 Ἐπὶ

2022 1761 2182 1823 nobis
2195 1770 2391 1826 autem
2416 1764 2715 1828 modicum
2729 1766 2869 1848 quid
2886 1776 2975 1828 est
2988 1768 3246 1832 sensile:
3276 1787 3472 1850 neque
3491 1770 3656 1834 enim

268 1865 330 1923 δὲ
384 1872 491 1923 τῶν
520 1866 761 1944 ἀγγέλων
820 1863 936 1923 οὐδὲ
965 1866 1025 1922 τὸ
1056 1866 1390 1945 βραχύτατόν
1423 1865 1538 1924 ἐστι
1571 1872 1678 1923 τῶν
1733 1867 1921 1945 αἰσθή-

2022 1871 2080 1913 ex
2103 1871 2175 1914 eo
2206 1861 2572 1930 constamus,
2600 1855 2703 1917 sed
2727 1874 2797 1918 ex
2824 1856 3179 1922 intellectili.
3204 1857 3272 1921 In
3294 1859 3521 1940 angelis
3541 1879 3655 1925 au-

268 1979 439 2037 σεων,
471 1955 610 2015 ἀλλὰ
655 1957 817 2021 τύπος
866 1957 1067 2035 βραχὺς
1096 1944 1311 2012 ἐκεῖνων
1369 1956 1434 2011 τὰ
1464 1954 1580 2012 καθ’
1612 1957 1779 2031 ἡμᾶς’
1832 1944 1925 2017 Ὠς

2022 1948 2129 2003 tem
2152 1960 2345 2023 neque
2363 1945 2676 2006 minimum
2706 1946 2845 2027 quid
2875 1955 2964 2009 est
2985 1965 3516 2031 sensuum,verum
3551 1969 3654 2013 no-

266 2048 378 2126 γὰρ
407 2032 458 2103 οἱ
488 2045 734 2125 ἄγγελοι,
766 2046 843 2122 μὴ
869 2032 1203 2127 κεχρημένοι
1245 2058 1363 2110 τοῖς
1395 2044 1509 2102 καθ’
1542 2047 1685 2122 ἡμᾶς
1730 2046 1924 2113 αἰσθη-

2022 2032 2210 2127 stratia
2238 2034 2570 2127 suntrudis
2598 2034 2837 2099 illorum
2872 2037 3079 2117 ﬁgura.
3135 2039 3658 2113 Quemadmodum

266 2137 502 2215 τηρίοις,
537 2136 673 2194 κατὰ
704 2135 839 2194 πολὺ
894 2135 1215 2215 ὑπερέχουσι
1274 2136 1353 2210 τῷ
1384 2136 1637 2214 περιὸντιι
1670 2140 1770 2203 τῆς
1804 2156 1928 2192 νοε-

268 2233 370 2304 ρᾶς
442 2224 739 2301 δυνάμεως
802 2225 940 2283 οὕτω
990 2225 1083 2283 καὶ
1137 2228 1183 2283 οἱ
1243 2222 1508 2305 ἅνθρωποι
1564 2231 1636 2302 τῇ
1691 2232 1785 2284 τοῦ
1838 2231 1927 2283 νοῦ

267 2316 545 2397 ὒπεροχῇ,
574 2317 663 2374 καὶ
726 2322 792 2394 τῇ
835 2315 1030 2395 λογικῇ
1087 2314 1387 2397 ἐπιστήμης
1432 2321 1531 2384 τῆς
1581 2314 1777 2394 ἀλόγου
1828 2313 1929 2395 φό-

272 2427 416 2470 σεως
463 2412 740 2485 κρατοῦσι.
778 2406 854 2465 Τὰ
904 2412 1029 2484 γοῦν
1090 2404 1283 2487 ἄλογα,
1311 2406 1391 2482 μὴ
1422 2404 1618 2485 ἔχοντα
1661 2408 1755 2462 τὸν
1786 2412 1928 2479 νοῦν,

272 2497 500 2559 εἰκότως
561 2492 949 2574 δραστικώτερα
979 2497 1068 2553 καὶ
1116 2494 1323 2573 ὀξύτερο
1352 2496 1490 2554 κατὰ
1540 2495 1632 2561 τὰς
1667 2496 1934 2573 αἰσθήσεις

274 2587 438 2662 εἰσὶν,
471 2586 654 2659 ὥσπερ
682 2588 771 2643 καὶ
826 2586 893 2642 τὰ
934 2586 1090 2661 φυτὰ,
1127 2586 1204 2659 μὴ
1248 2583 1448 2664 ἔχοντα
1491 2585 1766 2660 αἴσθησιν,
1798 2584 1935 2642 κατὰ

282 2677 381 2740 τὰς
446 2676 673 2756 φυσικὰς
731 2676 1019 2754 ἐνεργείας,
1081 2676 1180 2744 τὴν
1234 2675 1544 2754 θρεπτικὴν,
1606 2675 1704 2743 τὴν
1763 2673 1933 2741 αὔξη-

279 2767 468 2847 τικήν,
499 2766 587 2821 καὶ
644 2764 742 2831 τήν
799 2771 892 2822 τοῦ
928 2770 1114 2843 γεννᾷν
1171 2764 1232 2820 τό
1294 2762 1501 2840 ὅμοιον,
1562 2762 1933 2845 ἐνεργεστέρας

285 2856 505 2936 ἔχουσι.
571 2854 670 2910 Διὰ
715 2861 873 2912 τοῦτο
903 2854 1003 2932 γὰρ
1060 2854 1145 2910 καὶ
1180 2853 1316 2926 ζώου
1369 2851 1757 2921 κολοϐωθέντος
1798 2853 1934 2913 κατά

277 2969 353 3013 τι,
388 2947 452 3003 οὖ
505 2942 716 3001 δύναται
777 2943 1039 3013 ἆναθῆλαι
1096 2944 1157 2999 τὸ
1205 2942 1395 3001 λεῖπον
1448 2943 1636 3023 μέρος
1670 2950 1831 3025 φυτοῦ
1876 2941 1931 2999 δὲ

278 3036 477 3115 μέρους
509 3033 856 3108 ἒκκοπέντος,
889 3035 924 3101 ἡ
982 3031 1309 3104 ἆναθήλησις
1341 3032 1541 3091 πλείων
1601 3035 1824 3113 γίνεται,
1858 3035 1931 3097 ὡς

280 3123 687 3196 πλεοναζούσης
768 3122 824 3179 ἐν
906 3121 1111 3188 τούτοις
1182 3127 1281 3190 τῆς
1345 3127 1566 3202 φυτικῆς
1632 3120 1927 3198 δυνάμεως,

2008 2120 2188 2201 igitur
2215 2123 2410 2203 angeli
2440 2143 2573 2187 cum
2607 2145 2727 2188 non
2758 2134 3001 2189 utantur
3026 2127 3104 2192 iis
3130 2129 3345 2211 quibus
3376 2148 3487 2192 nos
3516 2149 3658 2193 sen-

2013 2229 2184 2272 suum
2217 2211 2648 2291 instrumentis,
2684 2215 3001 2296 plurlmum
3034 2219 3396 2282 antecellunt
3424 2218 3653 2283 intelli-

2014 2302 2227 2380 gentiis
2257 2303 2430 2384 copia
2453 2304 2790 2383 facultatis;
2825 2304 2911 2369 sic
2943 2306 3119 2369 etiam
3149 2307 3422 2371 homines
3444 2308 3658 2372 mentis

2017 2390 2369 2454 excellentia
2401 2397 2464 2456 et
2483 2393 2818 2457 ratiocinali
2849 2396 3101 2461 scientia
3116 2396 3525 2461 irrationalem
3546 2414 3656 2460 su-

2020 2491 2230 2561 perant
2260 2491 2552 2547 naturam.
2576 2483 2755 2547 Bruta
2784 2486 3006 2567 itaque,
3032 2506 3167 2568 quae
3199 2495 3399 2552 mente
3427 2494 3655 2569 carent,

2019 2570 2233 2632 merito
2251 2571 2587 2635 efﬁcaciora
2619 2582 2831 2637 suntet
2857 2575 3150 2639 celeriora
3161 2576 3491 2641 secundum
3511 2595 3654 2640 sen-

2016 2678 2116 2722 sus
2154 2680 2170 2737 ;
2216 2661 2724 2738 quemadmodum
2756 2672 2815 2726 et
2848 2664 3084 2745 plantas,
3116 2686 3254 2748 quae
3310 2675 3448 2730 sunt
3476 2684 3660 2730 sensu

2016 2749 2340 2826 destitutas,
2366 2754 2720 2832 vegcttativas
2758 2756 2883 2816 Ml
2933 2755 3263 2832 facultates,
3298 2765 3362 2819 ut
3387 2755 3659 2820 altricem

2020 2846 2079 2902 et
2104 2842 2431 2904 auctricem
2464 2849 2525 2905 et
2553 2842 2646 2904 sui
2675 2842 2890 2907 similis
2945 2847 3406 2925 generatricem,
3438 2846 3664 2910 habent

2019 2930 2414 2994 efficaciores.
2462 2931 2694 2995 Idcirco
2726 2932 2885 2996 enim
2935 2934 3179 2998 animali
3219 2936 3490 3000 mutilata
3522 2953 3658 3017 pars

2017 3018 2280 3083 abscissa
2326 3038 2713 3101 nequaquam
2743 3021 2962 3088 iterum
3014 3031 3209 3103 potest
3251 3025 3659 3107 repullulare;

2020 3108 2236 3191 plantas
2291 3127 2460 3186 vero,
2496 3109 2547 3172 si
2601 3129 2740 3190 pars
2769 3121 3003 3176 resecta
3049 3114 3147 3196 sit,
3179 3114 3562 3193 repullulatio
3592 3115 3660 3178 ﬁt

284 3216 387 3272 Διά
429 3221 594 3271 ταῦτα
626 3212 806 3270 «τοίνυν
858 3212 1031 3269 πάντα
1086 3213 1147 3268 τὸ
1187 3211 1636 3293 ἀνθρωπόμορφον
1693 3211 1928 3292 ἀναγρά-

2022 3198 2287 3295 uberior,
2317 3198 2400 3295 ita
2425 3208 2488 3262 ut
2517 3201 2577 3263 in
2603 3200 3047 3295 hisvegetativa
3074 3203 3162 3295 vis
3188 3204 3472 3268 abundet.
3507 3204 3656 3268 Pro-

276 3326 464 3386 900m,
497 3306 586 3361 καὶ
618 3300 701 3359 διὰ
732 3304 792 3360 τὸ
838 3303 987 3382 φύσει
1014 3302 1114 3371 τῆς
1145 3288 1330 3383 ψυχης
1362 3288 1656 3360 ἀδούλωτον
1687 3304 1776 3359 καὶ
1801 3288 1930 3360 a6:-

2022 3295 2149 3386 pter
2168 3288 2294 3386 haec
2326 3288 2523 3370 itaque
2554 3291 2755 3355 omnia
2784 3292 3042 3386 humana
3061 3293 3249 3386 forma
3270 3298 3518 3386 angelos
3547 3295 3657 3386 de-

276 3395 521 3461 εξούσισν

282 3506 474 3542 σκεται
483 3532 499 3547 ,

528 3441 545 3474 ,
606 3394 635 3450 ὃ
691 3393 779 3449 κάὶ
834 3393 962 3450 αὐτὸ
1023 3394 1219 3471 προσὸν
1269 3405 1385 3456 τοῖς
1445 3390 1694 3471 αγγέλοις
1762 3393 1929 3472 γινώ-

366 3653 547 3712 "Ean
580 3650 636 3709 δὲ
668 3655 755 3709 καὶ
782 3650 901 3710 καθ’
956 3653 1179 3710 ἕκαστον
1234 3653 1341 3708 τῶν
1391 3651 1731 3730 ἆνθρωπίσων
1762 3651 1936 3730 μερῶν

284 3743 502 3807 εἰκόνας
550 3740 832 3821 ἆρμοὲίσος
865 3741 1093 3819 ἐξευρεῖν
1140 3742 1271 3821 πρὸς
1329 3741 1395 3798 τὰ
1424 3742 1633 3820 οὖράνια
1662 3740 1935 3819 τάγματα,

287 3835 394 3892 Καὶ
414 3839 631 3910 πρῶτον
662 3832 721 3888 ἐκ
749 3832 857 3888 τῶν
893 3833 1207 3901 αἰσθήσεων.
1245 3822 1419 3889 ’Ὅθεν
1451 3831 1539 3888 καὶ
1568 3833 1619 3887 αἱ
1652 3831 1748 3906 μὲν
1779 3831 1935 3887 ὀπτι-

284 3924 379 3981 aui.
439 3922 713 3998 δυνάμεις,
767 3922 884 3977 ἒπεὶ
934 3918 1147 3986 διειδεϊς
1199 3921 1323 3999 εἶσι,
1381 3921 1469 3976 καὶ
1534 3919 1797 3995 ἂπαλλὸν,
1850 3922 1938 3977 καὶ

283 4012 478 4091 ὑγρὸν,
511 4011 600 4067 καὶ
642 4014 737 4070 οὐκ
789 4010 1067 4067 ἀντίτυπον
1109 4012 1169 4066 τὸ
1213 4011 1556 4086 αἰσθητήριον
1597 4009 1814 4089 ἔχουσι,
1840 4009 1937 4077 τὴν

285 4103 425 4181 πρὸς
479 4103 540 4159 τὸ
570 4104 693 4157 θεῖα
723 4105 828 4157 τῶν
859 4098 1104 4178 ἀγγέλων
1160 4097 1379 4166 δηλοῦσι
1412 4096 1768 4166 διειδεστάτην
1801 4099 1934 4156 ἂνά-

287 4213 495 4261 νευσιν,
526 4192 615 4248 καὶ
658 4191 759 4258 τὴν
802 4188 1038 4268 ἁπαλὴν,
1070 4190 1158 4246 καὶ
1186 4189 1369 4268 ὑγρὰν,
1406 4190 1492 4245 καὶ
1518 4192 1613 4248 οὐκ
1655 4189 1933 4247 ἀντίτυπον

282 4279 568 4361 ὑποδοχὴν
613 4284 719 4337 τῶν
749 4281 900 4337 θείων
946 4278 1288 4358 ἐλλάμψεων,
1335 4278 1431 4346 τὴν
1486 4276 1813 4354 ὀξυκίνητον,
1847 4279 1935 4335 καὶ

287 4373 552 4451 καθαρὰν,
585 4371 674 4427 καὶ
726 4368 1174 4446 ἀναπεπταμένην
1211 4369 1338 4448 πρὸς
1386 4369 1487 4436 τὴν
1547 4367 1815 4448 ὅποδοχῆν
1846 4376 1938 4425 τοῦ

287 4463 430 4518 θείου
474 4460 676 4540 φωτός.

375 4553 435 4606 Αἱ
491 4555 592 4616 τῆς
648 4549 952 4628 ὀσφρήσεως
1013 4548 1259 4625 δυνάμεις
1307 4550 1366 4606 τὸ
1411 4546 1937 4617 ἁντιληπτικὸντῆς

292 4638 526 4703 εὐώδους
574 4638 882 4720 διαδόσεως,
919 4640 1004 4696 καὶ
1033 4646 1139 4696 τῶν
1186 4641 1265 4707 μὴ
1298 4640 1553 4697 τοιούτων
1616 4636 1937 4717 διακριτικὸν

287 4728 346 4784 ἐν
407 4730 714 4805 ὶπιστήμῃ·
747 4731 841 4786 οὐκ
896 4727 1127 4797 ἤκουσας
1184 4729 1305 4808 γὰρ,
1342 4727 1423 4785 ὅτι
1481 4728 1569 4785 καὶ
1614 4734 1729 4802 Θεῷ
1784 4726 1939 4806 λογί-

287 4830 436 4893 ζεται
497 4820 772 4900 βδέλυγμα
824 4821 885 4877 τὸ
934 4821 1077 4899 παρὰ
1122 4826 1227 4877 τῶν
1290 4819 1512 4885 ἀναξίων
1571 4823 1941 4899 προσφερόμεο

287 4933 380 4967 νον
439 4915 733 4987 θυμίαμα;
787 4917 951 4969 Τοῦτο
1007 4911 1259 4988 ἡγοῦνται
1296 4908 1564 4988 βδέλυγμα
1611 4910 1695 4965 καὶ
1736 4910 1801 4965 τὰ
1849 4913 1945 4968 οὔ·

287 5001 446 5080 ρᾶνια
475 5001 751 5077 τάγματα,
786 5001 872 5056 καὶ
903 4998 1098 5062 ὁλικῶς
1131 5001 1508 5080 ἀποφεύγουσι.

374 5090 451 5147 τὰ
500 5088 617 5145 ὦτα
660 5090 723 5145 τὸ
783 5088 1075 5168 μετοχικὸν
1119 5085 1358 5165 δηλοῦσι⁹
1392 5090 1478 5144 καὶ
1523 5088 1585 5144 τὸ
1640 5091 1946 5167 γνωστικιῖκ

286 5177 634 5236 ὖποδεκτικὸν
693 5183 794 5244 τῆς
852 5179 992 5242 θείας
1036 5178 1335 5240 ἐπιπνοίας·
1400 5179 1434 5247 ἡ
1502 5177 1600 5255 γὰρ
1670 5177 1808 5243 πνοὴ
1868 5174 1947 5233 διὰ

289 5271 397 5324 τῶν
454 5267 608 5325 ὢτων
638 5267 983 5346 γινώσκεται.
1039 5269 1217 5335 Πνοὴν
1266 5264 1321 5323 δὲ
1365 5267 1515 5345 λέγει
1577 5268 1637 5323 τὸ
1664 5270 1810 5323 θεῖον
1856 5265 1945 5323 καὶ

289 5358 652 5428 πνευματικὸν
711 5356 980 5437 χάρισμα,
1028 5357 1202 5421 καθὼς
1259 5357 1348 5415 καὶ
1388 5355 1443 5412 ἐν
1499 5360 1575 5430 τῷ
1629 5352 1752 5413 Ἰὼϐ
1780 5353 1940 5433 εὕρη-

295 5469 381 5504 ται
461 5446 701 5526 λέγοντιο
788 5446 934 5515 Πνοῆ
1013 5443 1075 5502 δᾶ
1168 5446 1596 5526 Παντοκράτορος
1682 5447 1715 5515 ἡ
1788 5441 1939 5505 διδέ-

288 5558 383 5595 ano
397 5537 486 5594 ισᾶ
525 5558 617 5613 με.

367 5725 395 5770 δ
420 5722 571 5791 Gen.
606 5742 654 5813 ι,
685 5721 789 5787 26.
873 5723 889 5765 ¹
926 5721 1262 5814 Job.xxxu,
1291 5724 1351 5793 8.

2015 3379 2291 3459 pingunt,
2326 3387 2383 3441 et
2413 3387 2662 3460 propter
2689 3382 3020 3445 naturalem
3076 3382 3292 3448 animae
3322 3384 3663 3464 ingenuita-

2015 3476 2133 3530 tem
2167 3475 2227 3530 et
2258 3466 2490 3530 arbitrii
2515 3468 2878 3553 libertatem,
2902 3491 3035 3554 quas
3057 3481 3114 3535 et
3141 3473 3203 3536 in
3226 3474 3453 3554 angelis
3472 3492 3662 3555 agno—

2016 3566 2284 3622 scuntur.

2103 3648 2282 3721 Quin,
2315 3648 2459 3713 licet
2486 3649 2666 3713 etiam
2698 3669 2768 3713 ex
2792 3651 3042 3729 singulis
3068 3652 3348 3716 humanis
3379 3652 3665 3717 membris

2020 3736 2494 3817 aptasimagines
2507 3737 2849 3801 coelestibus
2860 3742 3174 3804 ordinibus
3185 3742 3661 3806 accommodare.

2020 3828 2097 3890 Et
2120 3829 2376 3906 primum
2409 3846 2443 3890 e
2474 3829 2773 3891 sensibus.
2813 3828 2986 3893 Unde
3014 3831 3257 3895 videndi
3289 3832 3532 3913 quidem
3568 3831 3663 3894 fa-

2022 3918 2289 3987 cultates,
2316 3935 2451 3979 cum
2482 3917 2856 3999 perspicaces
2902 3919 3043 3996 sint,
3079 3929 3136 3982 et
3168 3931 3462 4003 tenerum,
3496 3929 3554 3985 et
3584 3920 3666 3983 li-

2023 4006 2292 4088 quidum,
2330 4014 2388 4068 et
2416 4024 2792 4087 nequaquam
2841 4008 3234 4073 reluctantem
3268 4028 3510 4073 sensum
3566 4011 3669 4074 ha-

2020 4096 2220 4173 beant,
2254 4095 2559 4158 declarant
2612 4096 2964 4177 angelorum
3018 4099 3533 4181 perspicacissima
3589 4100 3665 4162 ad

2019 4186 2215 4248 divina
2238 4184 2702 4267 suspectionent,
2733 4195 2791 4249 et
2814 4196 3105 4264 teneram,
3134 4188 3539 4271 liquidamque
3562 4189 3669 4252 mi-

2018 4277 2298 4357 nimeque
2339 4276 2737 4355 refragantem
2769 4277 3103 4341 divinorum
3136 4279 3428 4343 luminum
3455 4298 3665 4343 susce-

2023 4366 2311 4447 ptionem,
2348 4385 2477 4447 quae
2526 4366 2693 4429 velox
2730 4367 2806 4429 sit
2862 4378 2920 4431 et
2950 4388 3099 4450 pura
3133 4387 3149 4445 ;
3206 4377 3265 4432 et
3293 4388 3552 4451 expansa
3593 4369 3668 4432 ad

2021 4456 2205 4519 divini
2238 4455 2482 4518 luminis
2512 4457 2949 4539 exceptionem.

2101 4544 2365 4609 Olfactus
2418 4546 2573 4608 vires
2628 4546 2969 4626 signiﬁcant
3017 4547 3348 4627 fragrantes
3377 4547 3667 4611 distribu-

2024 4636 2217 4698 tiones
2246 4635 2581 4715 excipiendi
2614 4637 2954 4701 facultatem
2986 4646 3045 4701 et
3075 4638 3264 4719 perite
3287 4638 3672 4701 discernendi

2026 4742 2093 4789 ea
2146 4743 2277 4803 quas
2306 4744 2423 4786 non
2475 4734 2611 4787 sunt
2642 4727 2988 4805 ejusmodi:
3039 4728 3305 4810 nunquid
3352 4727 3511 4790 enim
3551 4747 3671 4791 non

2026 4813 2457 4895 audiisti,quod
2486 4817 2643 4878 Deus
2668 4815 3097 4881 abominationi
3117 4817 3330 4880 habeat
3357 4817 3669 4880 incensum

2027 4903 2186 4983 quod
2202 4902 2274 4965 ab
2298 4902 2562 4983 indignis
2575 4904 3025 4967 oﬂ‘ertur‘ndem
3043 4906 3218 4970 etiam
3242 4906 3675 4970 abuminationi

2031 4991 2251 5056 habent
2282 4992 2689 5056 ordinationes
2718 4993 3018 5071 cmlestes,
3055 5006 3115 5058 et
3141 4996 3383 5059 omnino
3418 4996 3670 5074 fugiunt.

2112 5084 2310 5146 Aures
2340 5082 2647 5163 designant
2683 5083 2894 5146 divinae
2921 5083 3329 5167 inSpirationis
3357 5086 3673 5169 participa-

2032 5173 2280 5247 tionem,
2300 5181 2359 5233 et
2380 5172 2650 5253 ejusdem
2681 5171 3067 5237 scientificam
3094 5176 3560 5256 susceptionem:
3584 5174 3676 5237 in-

2028 5260 2270 5345 spiratio
2304 5262 2461 5324 enim
2495 5261 2742 5326 auribus
2786 5260 3184 5344 dignoscitur.
3217 5264 3671 5346 Inspirationem

2027 5360 2225 5415 autem
2277 5360 2448 5415 vocat
2476 5352 2737 5415 divinam
2796 5370 2865 5415 ac
2897 5354 3226 5434 spiritalem
3280 5354 3556 5433 gratiam,
3590 5353 3675 5416 uti

2025 5442 2203 5505 etiam
2262 5446 2557 5523 reperitur
2612 5441 2674 5504 in
2748 5441 2895 5507 Jobo
2967 5441 3253 5506 dicente:
3342 5443 3677 5524 [aspiratio

2024 5537 2225 5599 autem
2257 5528 2698 5615 Omnipotenu‘s
2730 5530 2894 5597 docet
2926 5547 3023 5597 me
3052 5531 3088 5596 ‘.
