4078 6204
292 331 414 403 353

725 332 822 403 De
861 326 1210 407 COELESTI
1253 332 1758 422 HIERARCHIA,
1793 343 1954 407 CAP.
2006 336 2140 408 xv.
2175 377 2242 389 —
2286 336 2673 408 PARAPHR.
2719 337 3233 407 PACHYMERE.

3549 338 3666 410 354

292 478 401 528 τῶν
434 471 586 535 ἐκτὸς
630 473 958 551 προσθήκης,
1011 475 1094 529 καὶ
1152 473 1232 530 aia
1289 482 1441 533 τοῦτο
1488 475 1798 547 ὰπρόσθετοι
1855 479 1969 540 καὶ,

2056 477 2328 560 licuntur,
2364 488 2644 560 tanquam
2705 476 2880 539 liberi
2936 475 3009 538 ab
3067 477 3403 541 extrinseco
3435 477 3667 541 addita-

293 560 490 635 ἁπλοῖ,
523 563 658 617 κατᾶ
689 562 787 628 τὴν
819 564 890 623 ὡς
948 561 1159 642 ἐφικτὸν
1189 565 1319 641 πρὸς
1364 564 1464 632 τῆν
1493 567 1633 622 θείαν
1665 566 1944 636 ἁπλότητα

289 651 650 731 ἇφομοίωσιν,

375 828 404 909 §
433 826 532 890 IV.
567 829 948 890 Πολυποίκιλον
975 831 1118 911 )ἑγει
1151 835 1249 903 τὴν
1281 835 1464 914 σοφίαν
1494 843 1587 894 τοῦ
1619 840 1772 911 Θεοῦ,
1812 838 1944 894 κατὰ

291 921 387 974 τὸν
413 918 583 997 μέγαν
613 919 912 978 ἀπόστολον
946 923 1175 984 Παῦλον.
1244 927 1408 982 Δοκεῖ
1466 923 1520 981 δὲ
1572 927 1636 982 τὰ
1667 925 1758 984 δύο
1790 926 1946 983 ἐναν-

292 1008 383 1062 τία
415 1019 582 1086 εἶναι,
631 1007 692 1063 τό
742 1029 800 1064 τε
845 1009 1046 1067 ἁπλοῦν
1091 1014 1178 1068 καὶ
1235 1015 1295 1069 τὸ
1356 1013 1757 1073 πολυποίκιλον.
1797 1008 1948 1070 Ἀλλ’

295 1094 441 1152 ἔστιν
496 1097 780 1175 εἰπεῖνβτι
838 1101 899 1154 τὸ
955 1100 1154 1158 ἀπλοῦν
1212 1104 1308 1174 μὲι
1366 1104 1546 1185 εἶπεν,
1604 1104 1696 1160 ’ίνα
1730 1101 1947 1181 δηλώσῃ

297 1186 364 1240 τὸ
395 1185 672 1243 ἀσύνθετον
700 1195 792 1244 τοῦ
824 1191 978 1266 Θεοῦ,
1036 1194 1120 1248 καὶ
1153 1193 1213 1248 τό
1248 1193 1511 1267 μηδεμιᾶς
1556 1192 1780 1262 διπλόης
1825 1197 1948 1250 ἑπι-

299 1273 578 1348 δεόμενονσ
622 1277 680 1333 0-3
725 1277 825 1356 γάρ
882 1280 945 1334 ἐκ
1001 1283 1282 1352 μαθήσεως
1343 1285 1501 1362 σοφὸς
1533 1286 1560 1340 ὁ
1624 1287 1776 1365 Θεὸς,
1831 1281 1950 1339 ἀλλ’

301 1367 627 1445 αὖτὸχρημα
669 1369 823 1446 σοφία
866 1371 998 1429 ἔστί.
1061 1373 1132 1429 Τὸ
1190 1370 1244 1427 δὲ
1277 1371 1680 1447 πολυποίκιλον,
1715 1375 1843 1432 διότι
1880 1376 1954 1439 εἰς

299 1455 478 1512 πολλᾶ
548 1457 793 1535 γνώσεως
858 1459 978 1527 ε’ίδη
1011 1469 1400 1536 μετατυποῦται
1432 1461 1515 1519 διὰ
1545 1464 1645 1532 τὴν
1708 1469 1815 1520 τῶν
1858 1461 1952 1520 ἐλ-

301 1545 667 1621 λαμπομένων
731 1548 998 1607 ἄσθένειαν
1035 1568 1048 1582 ⁶
1113 1554 1392 1633 ἀρχιερεὺς
1466 1555 1564 1632 γὰρ
1605 1554 1714 1611 ἐστι
1759 1553 1951 1632 μέγας,

300 1636 644 1716 συμπάσχων
705 1639 831 1702 ταῖς
887 1641 1044 1715 ἡμῶν
1101 1642 1410 1705 ἀσθενείαις·
1475 1642 1611 1700 ὥστε
1664 1641 1810 1711 ἁπλῆ
1859 1641 1954 1718 μέν

300 1725 518 1804 λέγεται
563 1729 718 1808 σοφὶὰ
777 1736 906 1786 Θεοῦ
963 1732 1100 1787 κατὰ
1154 1731 1253 1798 τὴν
1297 1735 1476 1812 φύσιν,
1525 1731 1858 1813 πολὺτροπος
1902 1730 1956 1786 δὲ

2030 577 2256 648 mento,
2307 576 2482 650 atque
2512 567 2650 630 ideo
2679 565 2943 649 expediti
2973 566 3414 648 simplicesque,
3450 585 3670 631 secun-

2029 657 2171 720 dum
2205 676 2334 721 eam
2369 677 2506 739 quae
2534 656 2747 720 divinae
2775 654 3170 737 simplicitatis
3200 655 3330 719 dari
3360 666 3552 739 potest
3583 658 3669 721 si-

2033 748 2456 811 militudinem.

2113 838 2142 918 §
2174 837 2272 901 IV.
2310 837 2730 901 Multiformem
2764 854 2938 917 porro
2971 844 3136 898 vocat
3167 837 3274 899 Dei
3297 838 3672 920 “asapien-

2032 927 2196 999 tiam,
2206 930 2376 1008 juxta
2411 945 2686 1005 magnum
2720 925 3051 1006 apostolum
3110 926 3377 990 Paulum.
3407 928 3675 1008 Simplex

2031 1025 2229 1079 autem
2261 1025 2321 1079 et
2344 1015 2731 1078 multifarium
2753 1014 3032 1077 videntur
3055 1034 3188 1076 esse
3209 1016 3329 1079 duo
3349 1017 3667 1080 contraria.

2033 1107 2503 1184 Verum,dicere
2526 1103 3030 1184 licet,simplicem
3064 1105 3306 1185 quidem
3338 1105 3581 1181 dixisse,
3609 1117 3676 1170 ut

2034 1196 2378 1258 ostenderet
2400 1195 2586 1258 Deum
2612 1211 2743 1256 esse
2769 1191 2900 1255 sine
2919 1192 3375 1274 compositione,
3428 1202 3487 1258 et
3516 1196 3678 1258 nulla

2034 1285 2388 1366 duplicitate
2414 1283 2726 1364 indigere:
2778 1301 2974 1361 neque
3010 1283 3169 1343 enim
3201 1283 3488 1346 discendo
3522 1286 3679 1349 Deus

2036 1375 2280 1457 sapiens
2315 1376 2404 1451 iit,
2432 1374 2538 1437 sed
2572 1382 2662 1436 est
2693 1390 2902 1454 reapse
2925 1372 3237 1453 sapientia.
3267 1372 3678 1438 Multiformem

2037 1482 2199 1538 vero,
2231 1463 2370 1545 quia
2409 1462 2471 1524 in
2521 1463 2734 1524 multas
2763 1459 3122 1540 cognitionis
3151 1461 3410 1544 Species,
3444 1471 3684 1544 propter

2039 1571 2245 1615 eorum
2271 1552 2371 1634 qui
2403 1553 2772 1616 illustrantur
2799 1549 3297 1628 imbecillitatem,
3322 1552 3681 1614 tranforma-

2043 1652 2176 1706 tur:
2214 1641 2480 1724 pontifex
2513 1643 2678 1704 enim
2711 1657 2956 1720 magnus
2990 1648 3101 1714 est,
3137 1641 3235 1720 qui
3263 1642 3480 1702 nostris
3508 1641 3682 1706 intir-

2043 1732 2346 1794 mitatibus
2377 1734 2757 1813 compatitur;
2783 1731 2862 1793 ita
2891 1737 2954 1791 ut
2982 1728 3093 1792 Dei
3123 1728 3364 1810 quidem
3396 1732 3686 1812 sapientia

301 1817 442 1874 κατᾶ
500 1817 599 1884 τὴν
655 1818 931 1898 πρόνοιαν.
1005 1819 1222 1890 Ἐπειδὴ
1278 1824 1447 1882 τοίνυν
1509 1821 1644 1890 αὕτη
1704 1823 1790 1879 καὶ
1839 1822 1956 1884 τοὺς

2056 1821 2548 1904 dicatursimplex
2563 1819 2896 1882 secundum
2911 1827 3204 1899 naturam,
3223 1819 3572 1884 multimoda
3583 1839 3686 1884 ve-

303 1908 567 1972 ἆσκεπεῖς
614 1915 847 1988 φυσικῶς
902 1909 1238 1992 ἀμφιέννυσι,
1298 1914 1384 1969 καὶ
1440 1914 1606 1980 σκεύη
1638 1914 1756 1969 τινὰ
1785 1909 1964 1968 διδωσι

303 1997 609 2075 περιφέρειν
668 1997 873 2064 αὒτοϊς
920 2004 1043 2082 φερε
1090 2003 1178 2058 καὶ
1235 2003 1301 2058 τὰ
1370 2006 1592 2060 τσιαῦτα
1658 2005 1772 2081 ἱερὰ
1827 2024 1963 2080 προ-

304 2083 558 2160 ϐλήματὰ
603 2110 662 2145 το
718 2091 806 2145 καὶ
838 2089 1059 2169 ὄργανα,
1114 2094 1187 2156 ὡς
1219 2094 1355 2166 ἡμῖν
1412 2095 1529 2148 ἔστι
1575 2091 1815 2172 δυνατὸν,
1843 2091 1966 2146 ἂνα-

311 2175 612 2252 πτύξωμεν.
671 2180 771 2237 Τὸν
811 2179 906 2253 μὲν
970 2181 1069 2261 γὰρ
1123 2183 1292 2260 φανὴν
1347 2185 1434 2238 καὶ
1480 2181 1694 2261 πυρώδη
1739 2181 1960 2252 ἐσθῆτα,

309 2268 485 2330 καθῶς
545 2269 686 2347 παρὰ
745 2265 1003 2339 Ἰεζεκιὴλ
1045 2271 1132 2326 καὶ
1185 2271 1386 2339 Δανιὴλ
1431 2272 1670 2352 εὕρηται,
1719 2271 1956 2346 ὑπολαμ-

309 2353 458 2411 ϐάνω
479 2357 783 2433 σημαίνειν,
816 2359 914 2425 τὴν
973 2359 1068 2432 μὲν
1112 2359 1328 2440 πυρώδη
1367 2361 1563 2428 ἐσθῆτα
1605 2365 1664 2420 τὸ
1705 2359 1949 2432 θεοειδές,

312 2447 449 2502 κατὰ
509 2447 608 2512 τὴν
658 2453 750 2502 τοῦ
805 2449 964 2527 πυρὸς
1000 2449 1173 2506 είκόνα
1230 2451 1401 2515 καθὼς
1436 2451 1714 2530 ἐλέγομεν,
1760 2451 1858 2516 τὴν
1901 2447 1956 2504 δί

310 2537 481 2613 φανὴν
512 2535 600 2590 καὶ
632 2537 893 2614 φωτεινὴν
955 2539 1014 2593 τὸ
1044 2540 1389 2618 φωτιστικὸν.
1463 2539 1612 2596 Ἐπεὶ
1667 2538 1721 2595 δὲ
1776 2541 1863 2596 καὶ
1919 2539 1952 2605 ἡ

309 2625 468 2692 ἐσθὴς
514 2625 698 2699 κτῆμά
727 2627 774 2681 τί
806 2625 940 2700 ἐστι,
986 2625 1208 2684 καθόλου
1254 2627 1493 2707 περιέχει
1525 2631 1584 2684 τὸ
1624 2636 1806 2708 σῶμα,
1851 2627 1966 2683 ὅθεν

307 2717 397 2770 καὶ
455 2715 746 2794 ἀμπεχόνη
809 2714 1047 2795 λέγεται,
1112 2718 1195 2774 ὲπὶ
1235 2714 1289 2773 δὲ
1331 2724 1440 2774 τῶν
1463 2719 1757 2793 κτημάτων
1787 2739 1843 2773 τε
1879 2719 1967 2773 καὶ

311 2808 616 2886 χρημάτων
675 2808 724 2862 αἱ
775 2804 863 2884 ἀφ’
920 2805 1098 2885 ἐτέρου
1153 2808 1226 2871 εἰς
1290 2805 1449 2865 ἄλλον
1493 2807 1841 2886 κληρονομίαι
1890 2807 1963 2884 γίο

312 2916 516 2970 νονται,
591 2893 686 2972 ὅρα
733 2896 784 2950 τί
826 2893 969 2973 λέγει
1030 2895 1245 2953 ἐνταῦθα
1303 2898 1430 2970 πρὸς
1491 2905 1657 2954 ταῦτα
1711 2900 1739 2953 ὁ
1788 2896 1964 2974 ἅγιος,

319 2984 419 3040 Διὰ
461 2983 512 3039 τί
532 2984 686 3054 ἐσθής
722 3003 738 3064 ;
778 2985 874 3040 Διὰ
925 2985 1020 3046 τὰς
1092 2984 1146 3040 ἓν
1192 2985 1394 3062 οὖρανῷ
1436 2985 1611 3052 λήξεις
1643 2988 1728 3043 καὶ
1761 2985 1965 3066 κληρο-

316 3075 528 3149 νομίας,
564 3075 701 3129 κατὰ
731 3073 814 3133 τό.
879 3082 1035 3132 Δεῦτε
1120 3077 1165 3130 οἱ
1220 3074 1576 3152 εὕλογημὲνοι
1623 3079 1716 3131 τοῦ
1762 3077 1966 3154 Πατρὸς

317 3185 445 3243 μου,
524 3162 958 3241 κληρονομήσατε
1031 3163 1130 3231 τὴν
1209 3165 1616 3240 ἡτοιμασμένην
1690 3168 1816 3242 ύμῖν
1860 3167 1966 3242 βα-

318 3253 521 3310 σιλείαν
593 3255 695 3310 ἀπὸ
755 3251 1057 3321 καταϐολῆς
1137 3255 1363 3329 κόσμου.
1441 3257 1528 3321 Τίς
1588 3255 1642 3312 δὲ
1701 3259 1736 3324 ἡ
1808 3257 1966 3332 βασι-

317 3343 487 3413 λεία;
536 3343 751 3405 Πάντως
797 3341 972 3398 ἐκεῖνο
1002 3344 1068 3411 τὴ
1123 3347 1268 3401 θεῖον
1327 3346 1413 3400 καὶ
1471 3342 1752 3426 ἀδιάδοχον
1810 3346 1920 3420 φῶς
1956 3359 1970 3375 ⁸

319 3433 473 3500 λῆξιν
531 3433 630 3510 γὰρ
671 3432 771 3499 τὴν
825 3430 1179 3509 κληρονομίαν
1231 3434 1276 3490 οἱ
1322 3433 1537 3490 παλαιοὶ
1584 3433 1764 3512 ἔλεγον
1795 3452 1810 3466 ⁶
1861 3434 1976 3490 ὅθεν

322 3525 413 3578 καὶ
458 3521 708 3600 ληγάτοι,
757 3523 845 3579 καὶ
903 3521 1216 3600 ληγατάριοι
1249 3525 1334 3580 καὶ
1407 3522 1757 3602 ληξιαρχικὸν
1799 3524 1978 3603 γράμ-

325 3635 427 3688 μα,
490 3613 551 3667 τὸ
607 3609 880 3686 διδόμενον
938 3624 1054 3674 τοῖς
1107 3614 1236 3691 ὑπὲρ
1283 3613 1344 3668 τὰ
1386 3611 1659 3669 δεκαοκτώ
1719 3612 1814 3680 ἔτη
1858 3613 1970 3668 οὖσι

324 3707 432 3758 τῶν
465 3700 839 3780 κληρονόμων,
903 3702 975 3765 εἰς
1033 3703 1094 3758 τὸ
1143 3701 1326 3782 ἅρχείν
1370 3704 1468 3768 τῆς
1528 3702 1722 3765 οἰκείας
1767 3701 1973 3782 κληρο-

323 3792 541 3866 νομίας,
617 3789 700 3848 διὰ
749 3790 809 3846 τό
868 3795 967 3857 τῆς
1023 3790 1211 3859 ἥλικας
1263 3791 1489 3851 τέλειον.
1537 3790 1639 3852 Καὶ
1669 3791 1832 3848 ταῦτα
1877 3791 1975 3867 μὲν

325 3877 412 3936 διὰ
456 3882 554 3947 τὴν
585 3879 778 3949 ἐσθῆτα
815 3896 828 3908 ’
866 3879 1068 3956 μᾶλλον
1099 3879 1152 3937 δὲ
1183 3887 1217 3950 ὴ
1249 3881 1408 3950 ἔσθ-ἶνις
1454 3880 1538 3938 διὰ
1601 3891 1763 3941 ταῦτα
1792 3903 1975 3953 παρα-

325 3968 678 4046 λαμϐάνεται.
743 3972 840 4026 Διὰ
896 3969 1040 4026 δὲτὸ
1096 3973 1259 4050 φανὸν
1319 3974 1406 4028 καὶ
1464 3969 1721 4050 πυρῶδες,
1769 3973 1858 4028 καὶ
1900 3969 1977 4027 ’ἐτι

324 4083 428 4127 την
458 4059 681 4116 καθόλου
726 4060 990 4140 περιοχὴν
1020 4063 1116 4128 τῆς
1146 4063 1367 4138 ἒσθῇτος
1409 4061 1550 4141 λέγει
1583 4059 1715 4121 ὅπου
1745 4063 1804 4118 τὸ
1835 4063 1970 4142 φῶς.

328 4153 498 4207 Ποῖον
561 4155 672 4229 φῶς
711 4170 726 4223 ;
789 4151 890 4207 Καὶ
930 4151 992 4206 τὸ
1024 4149 1248 4207 καθόλου
1280 4150 1580 4232 ἐκλάμπον,
1611 4152 1700 4208 καὶ
1730 4153 1790 4207 τὸ
1816 4150 1980 4208 καθό-

325 4240 426 4298 λου
488 4238 896 4316 ὶκλαμπόμενον
929 4257 944 4273 ⁸
1011 4238 1130 4296 ἀλλ’
1185 4240 1360 4298 ἐκεῖνο
1419 4241 1513 4317 μέν
1569 4240 1698 4320 ὅπερ
1743 4239 1886 4296 ἔστιν
1944 4241 1978 4306 ἡ

328 4329 443 4387 θεία
473 4331 650 4409 φύσις,
710 4334 917 4396 νοητῶς
973 4328 1234 4405 ὲλλάμπει
1271 4346 1284 4361 ⁸
1343 4337 1500 4389 τοῦτο
1559 4330 1640 4412 δὲ,
1684 4329 1814 4409 ὅπερ
1843 4327 1981 4386 ἐστὶν

329 4422 367 4487 ἦ
425 4418 714 4498 ἀγγελικη,
774 4424 965 4497 νοερῶς
1039 4418 1366 4496 ἐλλάμπεται
1403 4437 1416 4451 ⁸
1487 4423 1681 4488 νοητὸν
1743 4421 1840 4495 μὲν
1884 4419 1983 4497 γὰρ

333 4509 500 4589 ἔστιν,
551 4508 639 4565 ἅτε
669 4510 848 4566 ἐκεῖνο
876 4511 1146 4589 τυγχάνον
1202 4513 1264 4567 τὸ
1324 4511 1608 4587 νοούμενον
1643 4529 1657 4542 ’
1693 4514 1874 4588 νοερόν
1901 4506 1981 4582 δὲ,

2049 1933 2115 1976 ro
2133 1913 2460 1976 secundum
2482 1911 3232 1992 providentiam.Ca2terum
3257 1929 3391 1973 cum
3406 1911 3688 1994 hincque-

2049 2025 2165 2086 que
2182 2013 2396 2067 natura
2416 2021 2521 2065 sua
2539 2001 2731 2063 nudos
2755 2001 3080 2082 cooperiat,
3099 2007 3158 2061 et
3175 2000 3442 2082 quaedam
3464 2002 3535 2063 iis
3557 2003 3685 2065 ins-

2049 2102 2350 2156 trumenta
2370 2090 2845 2155 circumferenda
2864 2090 3077 2165 tradat;
3098 2090 3351 2168 agedum
3376 2091 3551 2153 etiam
3578 2093 3689 2156 ista

2047 2202 2214 2246 sacra
2234 2182 2609 2263 operimenta
2630 2189 2688 2242 et
2705 2181 3128 2260 instrumenta,
3145 2190 3322 2260 prout
3347 2199 3687 2263 possumus,

2050 2269 2802 2353 explicemusAclucidam
2816 2270 3058 2351 quidem
3082 2270 3687 2352 igneamquevestem,

2048 2373 2111 2422 ut
2128 2361 2282 2442 apud
2307 2361 2676 2422 Ezechielem
2700 2370 2758 2422 et
2778 2360 3085 2424 Danielem
3105 2359 3422 2439 reperitur,
3437 2360 3693 2422 arbitror

2049 2451 2409 2531 signiﬁcare,
2425 2456 2716 2531 quatenus
2739 2449 3022 2510 nimirum
3049 2455 3138 2510 est
3160 2448 3353 2529 ignea,
3375 2448 3690 2512 deiformi-

2051 2549 2252 2616 tatem,
2273 2541 2444 2621 juxta
2468 2541 2635 2601 istam
2660 2539 2815 2617 ignis
2839 2538 3163 2617 imaginem
3185 2539 3261 2599 de
3282 2557 3400 2616 qua
3427 2539 3688 2622 egimus;

2047 2639 2340 2710 quatenus
2373 2647 2510 2690 vero
2542 2638 2631 2690 est
2659 2627 2998 2709 splendida,
3027 2638 3082 2688 et
3115 2627 3372 2690 lucidam
3407 2629 3522 2690 vim
3549 2629 3692 2692 illu-

2050 2721 2342 2784 minandi.
2375 2723 2521 2783 Cum
2552 2727 2748 2782 autem
2783 2718 2964 2780 etiam
3002 2717 3176 2780 vestis
3225 2720 3548 2800 possessio,
3585 2738 3693 2782 seu

2048 2810 2318 2892 Supellex
2336 2811 2607 2888 quaedam
2627 2809 2846 2889 sitquze
2873 2814 3056 2869 totum
3081 2825 3294 2888 corpus
3315 2807 3696 2889 ambit,unde

2050 2910 2108 2962 et
2130 2902 2380 2963 amictus
2398 2918 2503 2960 seu
2532 2899 2947 2959 indumentum
2981 2897 3224 2977 dicitur;
3251 2898 3694 2978 possessionum

2048 2999 2244 3051 autem
2273 2998 2330 3050 et
2351 2987 2806 3068 supellectilium
2834 2987 2909 3047 ab
2933 2987 3046 3048 alio
3071 2987 3143 3048 ad
3167 2984 3345 3049 alium
3374 2987 3696 3050 haeredita-

2051 3091 2139 3142 tcs
2188 3078 2556 3152 deriventur,
2579 3076 2832 3140 observa
2882 3075 3023 3156 quid
3069 3083 3312 3138 sanctus
3340 3075 3436 3137 hic
3466 3077 3539 3137 ad
3571 3077 3697 3138 haec

2052 3171 2229 3232 dicat.
2251 3169 2328 3230 Ad
2356 3168 2499 3245 quid
2523 3169 2735 3229 vestis?
2758 3169 3010 3246 Propter
3029 3175 3221 3227 sortes
3244 3174 3302 3225 et
3321 3165 3698 3228 haereditatcs

2059 3257 2562 3339 cmli,juxtaillud:
2598 3256 2818 3332 Venite,
2842 3255 3133 3318 benedicti
3167 3257 3379 3318 Patris
3400 3257 3538 3336 mei,
3555 3275 3698 3338 pos-

2055 3349 2252 3412 sidete
2277 3356 2566 3428 paratum
2596 3345 2763 3410 vobis
2778 3362 3034 3425 regnum
3054 3343 3128 3406 ab
3147 3345 3388 3424 origine
3419 3347 3636 3408 mundi
3647 3364 3698 3406 κ.

2062 3435 2369 3508 Quodnam
2389 3453 2563 3516 porro
2576 3439 2855 3514 regnum?
2874 3432 3022 3494 Illud
3041 3433 3244 3513 utique
3263 3432 3525 3496 divinum
3547 3453 3700 3497 sem-

2065 3523 2756 3606 piternumquelumen:
2814 3520 3044 3602 antiqui
3098 3523 3257 3583 enim
3308 3521 3482 3596 λῆξιν,
3517 3523 3575 3584 id
3608 3532 3701 3586 est

2054 3613 2686 3694 sortem,appellabant
2699 3612 3104 3674 hmreditatem
3117 3609 3297 3688 ;unde
3307 3609 3484 3672 etiam
3500 3613 3698 3694 legati,

2059 3712 2116 3765 et
2141 3703 2429 3782 legatarii,
2444 3703 2854 3782 scriptumque
2872 3699 3248 3781 legatarium,
3269 3701 3427 3780 quod
3449 3701 3704 3763 haeredi-

2061 3791 2173 3854 bus
2190 3792 2364 3852 datur
2384 3791 2482 3872 qui
2499 3791 2624 3871 jam
2650 3789 2948 3852 decimum
2972 3797 3240 3851 octavum
3262 3805 3482 3850 annum
3505 3807 3704 3852 exces-

2061 3879 2736 3956 serunt,uthaareditatis
2755 3896 2876 3940 sum
2895 3876 3472 3940 administrationem
3499 3896 3566 3941 ac
3588 3897 3701 3957 gu-

2063 3971 2474 4034 bernationem
2506 3980 2754 4051 propter
2783 3969 2968 4031 aetatis
3005 3967 3432 4048 perfectionem
3464 3969 3701 4034 adeant.

2061 4061 2254 4143 Atque
2302 4061 2429 4123 haec
2463 4059 2705 4140 quidem
2741 4067 2984 4140 propter
3013 4065 3235 4120 vestem
3267 4076 3284 4134 ;
3334 4058 3480 4134 quin
3512 4059 3707 4138 potius

2065 4151 2243 4214 vestis
2264 4159 2508 4232 propter
2533 4151 2658 4212 haec
2682 4148 3025 4212 assumitur.
3052 4149 3303 4229 Propter
3321 4148 3704 4228 splendorem

2063 4250 2261 4303 autem
2279 4251 2458 4320 atque
2482 4240 2717 4320 igneam
2742 4238 3108 4319 qualitatem,
3126 4237 3306 4298 totius
3328 4237 3504 4300 etiam
3527 4238 3706 4301 vestis

2064 4330 2517 4412 amplitudinem
2548 4335 2713 4410 quasi
2746 4329 2940 4390 lucem
2977 4344 3110 4389 esse
3166 4327 3270 4389 ait.
3329 4326 3573 4400 Qualem
3605 4329 3704 4391 lu-

2066 4420 2246 4482 cem?
2275 4418 2418 4493 Quaa
2438 4419 2723 4481 nimirum
2749 4435 2856 4498 per
2878 4423 3060 4478 totum
3103 4415 3375 4493 illustrat,
3401 4425 3460 4478 et
3483 4433 3589 4498 per
3612 4423 3707 4477 to-

2069 4516 2197 4571 tum
2229 4509 2586 4571 illustratur:
2613 4515 2788 4588 atque
2817 4506 2920 4567 illa
2946 4505 3185 4586 quidem
3219 4521 3354 4585 quas
3383 4505 3580 4567 divina
3601 4524 3708 4566 na-

333 4600 395 4654 τὸ
453 4598 860 4674 ἐλλαμπόμενον
932 4606 1020 4656 καὶ
1062 4606 1234 4658 νοοῦν.
1272 4600 1416 4664 Τέως
1447 4599 1525 4678 δὲ,
1563 4598 1785 4657 κάκεῖνο
1815 4596 1969 4654 καθό·

2073 4606 2206 4660 tura
2232 4607 2320 4660 est
2342 4597 2799 4676 intelligibiliter
2826 4596 3109 4675 illustrat;
3135 4593 3260 4655 haec
3283 4612 3419 4656 vero
3443 4613 3572 4675 quas
3596 4612 3708 4656 an-

335 4687 430 4744 λου
475 4687 772 4764 ὲλλάμπον,
834 4691 916 4746 καὶ
977 4687 1102 4770 δίχα
1165 4691 1309 4753 τινος
1340 4687 1619 4768 φειδωλίας
1651 4709 1706 4744 τε
1744 4689 1831 4744 καὶ
1861 4686 1988 4765 γλιο

339 4778 669 4858 σχρότητος,
730 4780 817 4836 καὶ
875 4785 1028 4837 τοῦτο
1070 4779 1296 4837 καθόλοῦ
1354 4777 1704 4854 ἐλλάμπεται,
1737 4779 1782 4833 εἰ
1812 4777 1898 4832 καὶ
1927 4777 1990 4832 τὸ

340 4866 556 4945 ἐφικτὸν
586 4864 908 4949 ὑποδέχεται
959 4866 1098 4948 (οὐδὲ
1129 4869 1230 4947 γὰρ
1273 4869 1334 4926 τό
1365 4867 1578 4948 μέτριον
1644 4864 1990 4946 ὑποδέχεται,

341 4954 476 5014 διότι
511 4958 736 5036 μετρίως
796 4956 1148 5034 ἰλλάμπεται,
1183 4957 1304 5016 ἀλλ’
1365 4957 1505 5015 οὕτω
1535 4956 1754 5032 λέγεται
1791 4956 1852 5012 τὸ
1887 4953 1990 5030 μὲ-

342 5068 486 5126 τριον
518 5045 895 5127 ὑποδέχεσθαι,
953 5045 1033 5104 ὅτι
1101 5047 1328 5105 καθόλου
1390 5045 1740 5123 ἒλλάμπεται,
1792 5044 1879 5100 καὶ
1933 5045 1994 5100 τὸ

346 5135 628 5215 ἄγχωροῦν
661 5135 1083 5217 προσλαμϐάνει)
1122 5156 1135 5171 °
1173 5138 1350 5196 ἐκεῖνο
1379 5137 1479 5216 γὰρ
1533 5137 1599 5204 ἦν
1657 5133 1720 5191 ἄν
1770 5138 1871 5202 τῆς
1902 5139 1994 5190 τοῦ

342 5224 739 5302 ἱλλάμποντος,
813 5229 886 5290 ὡς
943 5226 1005 5284 ἄν
1061 5250 1141 5293 τις
1195 5225 1367 5308 εἴποι,
1432 5223 1715 5308 φειδωλίας
1773 5224 1863 5280 καὶ
1903 5231 1996 5281 τοῦ

344 5314 560 5395 φθόνου,
621 5315 755 5393 ἃπερ
812 5315 989 5396 πόρῤω
1045 5319 1143 5375 εἰσὶ
1211 5321 1308 5386 τῆς
1375 5319 1516 5382 θείας
1586 5315 1674 5372 καὶ
1733 5313 1992 5391 μακαρίας

345 5405 554 5484 φύσεως
589 5421 605 5436 ⁰
636 5413 791 5462 τοῦτο
836 5404 891 5463 δὲ
939 5408 1145 5474 πάντως
1177 5409 1286 5467 ἐστὶ
1316 5409 1414 5477 τῆς
1445 5412 1553 5462 τῶν
1581 5401 1990 5483 ὑποδεχομένων

346 5493 646 5569 δυνάμεως.
691 5495 759 5554 Ἠ
789 5493 845 5552 δὲ
875 5499 1114 5576 ἱερατικὴ
1167 5498 1334 5567 στολὴ
1391 5491 1864 5574 παραλαμϐάνεται
1909 5491 1992 5551 διὰ

345 5583 410 5641 τὸ
482 5583 769 5664 πρόσάγειν
827 5587 950 5650 τοὺς
1011 5591 1120 5645 τῶν
1164 5587 1450 5668 ἄνθρώπων
1508 5584 1680 5650 ἀξίους
1752 5585 1882 5661 πρὸς
1926 5584 1992 5640 τὰ

438 5752 464 5797 ι
493 5753 703 5823 Matth.
736 5770 872 5819 xxv.
905 5755 1008 5828 34.

2071 4687 2258 4769 gelica
2285 4695 2376 4750 est
2394 4686 2784 4765 intelligendo
2809 4684 3178 4746 illustratur:
3214 4683 3590 4762 intelligibile
3621 4684 3709 4745 si-

2073 4775 2317 4854 quidem
2341 4775 2487 4837 illud
2510 4784 2598 4838 est
2617 4774 2777 4852 quod
2801 4773 3174 4851 intelligitur,
3201 4772 3548 4853 intelligens
3577 4792 3710 4836 vero

2075 4864 2136 4926 id
2177 4865 2338 4946 quod
2381 4864 2707 4926 illustratur
2727 4870 2786 4925 et
2813 4861 3105 4940 intelligit.
3153 4860 3360 4941 Itaque
3387 4881 3496 4943 per
3525 4871 3711 4926 totum

2073 4954 2219 5016 illud
2235 4953 2491 5016 illustrat
2503 4953 2633 5016 sine
2651 4952 2774 5016 ulla
2785 4951 3152 5034 parsimonia
3168 4951 3259 5013 vel
3278 4953 3710 5030 contractione,

2081 5044 2217 5106 M4
2243 5051 2300 5107 et
2329 5044 2444 5106 hoc
2482 5061 2590 5126 per
2637 5051 2822 5104 totum
2865 5040 3218 5120 illustratur,
3254 5042 3391 5120 etsi,
3429 5051 3713 5124 quantum

2077 5133 2166 5197 fas
2196 5141 2308 5211 est,
2343 5132 2622 5212 suscipiat
2650 5131 2872 5213 (neque
2920 5131 3085 5193 enim
3117 5132 3279 5211 quod
3309 5139 3715 5196 mensuratum

2079 5231 2170 5286 est
2194 5221 2464 5304 suscipit,
2480 5222 2620 5304 quia
2641 5219 3348 5298 mensurateillustratur,
3373 5222 3476 5284 sed
3500 5221 3588 5283 sic
3616 5219 3716 5282 di-

2078 5315 2229 5377 citur
2253 5313 2621 5375 moderatum
2651 5310 2792 5393 quid
2818 5309 3149 5392 suscipere,
3171 5319 3463 5392 quatenus
3495 5327 3602 5392 per
3633 5319 3717 5372 to-

2080 5412 2200 5466 tum
2222 5403 2641 5484 illustratur,et
2663 5412 2949 5483 quantum
2972 5418 3188 5481 capere
3210 5406 3426 5482 potest,
3443 5400 3709 5480 accipit):

2079 5513 2212 5556 nam
2240 5493 2387 5556 illud
2407 5493 2755 5556 illustrantis
2782 5499 2959 5567 esset,
2986 5509 3058 5552 ac
3079 5491 3126 5552 si
3148 5491 3278 5572 quis
3301 5490 3545 5565 diceret,
3577 5507 3715 5570 par-

2075 5585 2346 5650 cimonize
2371 5585 2462 5648 vel
2495 5582 2754 5661 invidias,
2809 5597 2942 5662 quae
2971 5579 3175 5662 procul
3206 5577 3423 5642 absunt
3453 5597 3489 5642 a
3521 5577 3720 5643 divina
