4058 6196
444 270 561 345 355

1539 249 1541 254 “
1611 265 1672 346 s.
1720 277 2063 346 DIONYSII
2111 266 2645 345 AREOPAGIT/E.

3700 269 3815 343 356

445 412 734 497 beataque
759 426 964 480 natura
991 442 1005 492 ;
1039 419 1151 480 hoc
1177 422 1373 478 autem
1405 417 1645 478 omnino
1670 417 1964 479 facultatis
1985 426 2074 481 est

2191 432 2276 475 εἴα
2308 417 2548 491 θεάματα
2577 419 2665 474 καὶ
2723 419 3007 496 μυστήρια,
3069 419 3240 484 καθὼς
3302 421 3392 474 καὶ
3452 419 3538 475 ἐπὶ
3581 423 3690 474 τῶν
3719 422 3813 474 ἓν·

444 505 918 586 suscipientium.
946 509 1130 568 Porro
1153 507 1301 567 stola
1323 505 1709 568 sacerdotalis
1738 508 2080 582 assumitur,

447 613 517 657 eo
540 595 698 673 quod
723 595 1018 658 adducant
1039 596 1309 656 homines
1337 596 1435 674 qui
1462 605 1771 657 merentur
1792 597 1865 657 ad
1890 595 2087 658 divina

444 685 780 766 spectacula
813 686 1204 766 mysteriaque
1231 707 1244 755 ;
1283 685 1436 746 sicut
1465 686 1646 745 etiam
1681 685 1777 746 hic
1810 688 2087 747 usuvenit

444 775 873 855 sacerdotibus,
906 794 1013 856 per
1043 793 1190 856 quos
1244 774 1590 854 baptismus,
1629 775 1911 855 expiatio,
1949 777 2087 837 illu-

2167 511 2328 565 ται)οα
2357 507 2536 586 ἱερέων
2581 507 2712 588 ἐστὶ,
2745 505 2813 563 δι’
2870 509 2944 563 ὦν
2998 509 3059 563 τὸ
3090 508 3388 587 βάπτισμα,
3421 506 3486 563 δι’
3531 511 3606 564 ὧν
3640 510 3673 575 ἡ
3707 509 3812 563 κά-

2169 602 2368 676 θαρσις,
2418 601 2445 653 ὁ
2477 600 2771 676 φωτισμὸς,
2814 599 2842 664 ἦ
2891 598 3219 677 χειροτονία,
3252 600 3286 665 ἡ
3320 597 3554 677 εὖλογία,
3591 600 3682 654 καὶ
3714 597 3816 652 ἆλ-

2169 687 2276 752 λως
2306 686 2390 743 διὰ
2433 690 2492 743 τὸ
2549 687 2908 767 ἆνριερωμὲνον
2954 688 3039 744 καὶ
3096 687 3424 764 ἡγιασμένον
3469 692 3566 753 τῆς
3599 688 3815 754 ἀπάσης

2171 778 2311 844 ζωῆς
2350 779 2543 839 αὖτῶν,

441 865 667 945 Stratio,
705 881 914 926 manus
947 865 1268 944 impositio,
1297 863 1755 944 benedictioque
1785 865 2504 946 confertur,praeterqnam
2538 865 2712 927 etiam
2747 864 2909 946 quod
2940 873 3056 929 tota
3087 883 3291 928 eorum
3325 865 3442 927 vita
3464 877 3820 929 consecrata

442 954 520 1016 sit
563 973 631 1015 ac
659 953 1044 1017 sanctiﬁcata.

519 1045 690 1106 Zonze
702 1051 920 1126 autem,
938 1045 1439 1125 quemadmodum
1455 1043 1550 1105 hic
1572 1043 1835 1106 membra
1855 1045 2081 1125 genita-

438 1133 517 1197 lia
538 1152 834 1214 renesque
860 1135 1233 1215 succingant,
1259 1136 1344 1196 sic
1369 1143 1428 1195 et
1455 1134 1535 1196 ibi
1563 1135 1848 1196 fecundas
1873 1154 2079 1196 eorum

437 1224 683 1286 virtutes
706 1223 1072 1286 Custodiunt:
1110 1225 1337 1286 divinos
1369 1225 1527 1284 enim
1563 1224 1916 1303 splendores
1943 1243 2080 1284 suos

441 1313 604 1394 quasi
635 1312 786 1374 fetus
817 1312 1128 1392 quosdam,
1181 1331 1315 1374 cum
1370 1331 1522 1372 unus
1572 1313 1715 1373 ordo
1763 1312 1917 1388 aliis,
1953 1321 2076 1372 tum

441 1420 652 1464 omnes
678 1401 850 1464 nobis
884 1402 1284 1476 manifestam;
1309 1401 1449 1481 quin
1480 1409 1538 1462 et
1567 1401 1879 1463 collectum
1906 1420 2076 1463 suum

444 1492 709 1555 habitum
733 1492 801 1552 ad
830 1511 1008 1553 unum
1034 1500 1410 1565 convertunt,
1427 1492 1513 1554 sic
1537 1499 1595 1551 ut
1619 1489 1945 1552 intellectio
1972 1509 2077 1553 eo-

439 1602 570 1644 rum
586 1581 1391 1658 maneatindivulsa,tametsi
1417 1581 1551 1641 aliis
1573 1581 2075 1643 communicetur:

441 1673 573 1733 sine
620 1673 784 1753 lapsu
830 1670 988 1732 enim
1035 1681 1092 1732 et
1138 1691 1272 1733 cum
1318 1672 1537 1733 decore
1576 1670 2078 1750 circumvolvitur,

2244 1051 2314 1102 Αἱ
2346 1046 2398 1102 δὲ
2444 1051 2626 1126 ζῶναι,
2676 1048 2749 1110 ὡς
2781 1047 2996 1104 ἐνταῦθα
3038 1047 3103 1102 τὰ
3134 1046 3327 1122 γόνιμα
3373 1047 3508 1125 μέρη
3565 1047 3690 1111 τοὺς
3725 1067 3816 1100 νε·-

2163 1137 2322 1215 φροὺς
2380 1137 2807 1216 περισοίγγουσιν
2847 1185 2860 1208 ,
2917 1136 3083 1197 οὕτως
3134 1137 3311 1192 ἒκεῖσε
3401 1143 3814 1216 περιφρουροῦσι

2162 1229 2255 1288 τὰς
2286 1225 2536 1302 γονίμους
2581 1225 2826 1303 δυνάμεις
2893 1227 3062 1282 αὒτῶν
3111 1241 3127 1256 ⁸
3176 1225 3476 1303 ἐκφαίνουσι
3510 1228 3609 1303 γὰρ
3644 1230 3821 1284 αιότῶν

2161 1317 2234 1378 ὡς
2281 1315 2371 1372 οἷά
2435 1337 2578 1378 τινας
2631 1318 2790 1394 γονὰς
2859 1317 2924 1371 τὰ
2981 1319 3100 1371 θεῖα
3158 1315 3534 1393 ἀμαρύγματα,
3597 1317 3687 1370 καὶ
3743 1315 3820 1370 ἔτι

2161 1404 2338 1482 ἕτερον
2399 1412 2502 1460 τῶν
2534 1407 2840 1483 ταγμάτων,
2886 1409 2973 1460 καὶ
3030 1407 3201 1460 πάντα
3231 1406 3356 1483 πρὸς
3415 1406 3579 1478 ἡμᾶς·
3619 1407 3709 1460 καὶ
3743 1405 3821 1458 ἔτι

2799 1494 2853 1550 ἓν

2162 1493 2530 1574 συστρέφουσιν
2567 1497 2639 1560 εἷς
2687 1499 2746 1551 τὸ
2799 1494 2877 1574 ἓν,
2939 1495 3034 1561 τὴν
3106 1495 3409 1573 συναγωγὸν
3459 1494 3630 1550 αὒτῶν
3675 1493 3789 1558 ἕξιν

2163 1584 2236 1644 ὡς
2269 1581 2328 1637 ἅν
2358 1587 2390 1650 ἡ
2435 1583 2618 1650 νόησις
2676 1585 2830 1660 μείνῃ
2877 1581 3195 1646 ἀσκέδαττος
3241 1585 3331 1638 καὶ
3362 1582 3551 1649 ταυτὶ]

3806 1541 3821 1573 1

3561 1631 3575 1661 ,
3613 1584 3657 1637 εἰ
3731 1585 3824 1638 καὶ

2169 1685 2288 1736 τοῖς
2333 1671 2528 1750 ἑτέροις
2574 1673 3005 1752 παραπέμπεται.
3057 1670 3477 1746 Ἀμετάπτωτος
3527 1673 3627 1750 γὰρ
3660 1694 3823 1730 συνε-

442 1761 598 1840 quod
633 1739 810 1824 etiam
842 1779 1004 1821 zona:
1035 1761 1268 1836 accidit,
1319 1760 1555 1822 tametsi
1585 1739 2082 1823 communicetur'.

2184 1762 2430 1834 timent,
2465 1764 2550 1818 καὶ
2597 1763 2714 1837 μετ’
2770 1762 3076 1841 εὔκοσμίας,
3125 1761 3252 1836 ὅπερ
3299 1764 3382 1818 καὶ
3417 1761 3544 1816 aut?)
3575 1767 3677 1826 τῆς
3710 1766 3824 1831 ζώ-

442 1850 958 1924 Quemadmodum
987 1851 1143 1912 enim
1171 1851 1365 1913 unitas
1389 1850 1824 1912 communicata
1849 1869 2085 1911 rursum

441 1949 648 2003 manet
679 1942 916 2022 eadem,
952 1949 1008 2002 et
1038 1960 1156 2002 non
1187 1941 1428 2016 excudit,
1460 1947 1516 2001 et
1547 1938 1772 2000 circum
1805 1940 2087 2016 semetip-

442 2049 572 2092 sam
604 2032 952 2111 revolvitur,
988 2032 1222 2112 quando
1272 2030 1433 2093 verbi
1464 2029 1649 2108 gratia
1679 2029 1898 2090 dicitur
1926 2048 2086 2090 unus

446 2119 749 2189 denarius.
767 2130 824 2182 et
846 2139 998 2182 unus
1019 2119 1420 2193 centenarins,
1441 2128 1499 2182 et
1517 2137 1670 2180 unus
1697 2117 2088 2194 millcnarius;

449 2211 535 2271 sic
564 2220 619 2270 et
651 2209 751 2271 illa
781 2210 980 2272 divina
1011 2209 1172 2271 notio
1201 2211 1343 2271 dum
1375 2209 1784 2288 participatur,
1835 2208 2092 2288 simplex

445 2299 508 2361 in
538 2317 603 2361 se
633 2308 852 2380 manet,
890 2310 945 2361 et
980 2319 1093 2361 non
1127 2299 1366 2362 excidit.

530 2387 663 2468 §V.
713 2389 903 2468 Virga;
960 2389 1291 2470 symbolum
1352 2395 1486 2448 sunt
1538 2389 1727 2464 regni,
1790 2399 1849 2449 et
1905 2395 2089 2461 recte,

443 2478 606 2559 juxta
643 2479 788 2540 illud
817 2500 830 2542 :
873 2478 1057 2559 Virga
1089 2479 1462 2546 directionis,
1491 2479 1677 2554 virga
1711 2478 1888 2557 regni
1917 2479 2089 2541 tuik'.

447 2567 794 2645 Signiﬁcant
826 2569 1023 2648 itaque
1054 2568 1274 2646 regiam
1302 2567 1678 2648 dignitatem,
1705 2575 1763 2628 et
1794 2585 1826 2626 a
1859 2575 2096 2627 terrena

445 2656 730 2718 servitute
753 2657 1113 2720 libertatem.
1142 2658 1285 2719 Cum
1321 2665 1515 2716 autem
1550 2664 1776 2717 rectum
1806 2654 1903 2728 sit,
1927 2655 2085 2734 quod

446 2763 519 2808 ex
549 2765 718 2822 aequo
759 2745 944 2824 signis
974 2747 1097 2806 suis
1129 2744 1472 2825 respondet,
1504 2753 1561 2805 et
1592 2763 1658 2805 ex
1692 2762 1858 2824 azquo
1887 2745 2090 2805 termi-

449 2842 574 2908 nat,
611 2842 903 2913 Virgarum
939 2835 1230 2896 rectitudo
1261 2835 1524 2895 declarat
1557 2852 1658 2895 eos
1692 2843 1853 2895 recte
1884 2841 2092 2896 cuncta

448 2923 894 3002 determinare;
955 2924 1105 2986 nihil
1165 2925 1324 2985 enim
1384 2942 1516 2984 cum
1576 2924 1858 2984 curvitate
1897 2923 2094 3003 aliqua

448 3013 784 3095 perﬁciunt.

527 3103 726 3164 Hastae
777 3108 838 3166 et
898 3121 1143 3168 secures
1172 3103 1456 3164 denotant
1485 3102 1602 3164 vim
1642 3101 1960 3184 inaequalia
1990 3120 2096 3165 seu

449 3193 776 3254 materialia
798 3193 1102 3256 dividendi
1120 3192 1411 3258 :dividunt
1433 3192 1589 3254 enim
1613 3210 1646 3254 a
1669 3193 1823 3255 malo
1846 3192 2092 3256 bonum.

449 3281 597 3344 Nam
632 3282 756 3345 haec
791 3291 880 3347 est
909 3281 1294 3344 discernendi
1325 3281 1435 3356 vis,
1472 3300 1605 3360 qua:
1635 3299 1886 3344 acumen
1921 3281 2098 3344 habet

451 3379 514 3432 ut
545 3373 735 3452 hasta,
770 3380 828 3434 et
856 3372 1216 3435 activitalem
1263 3372 1702 3452 eﬂicaciamque
1734 3379 1795 3433 ut
1823 3390 2092 3434 secures.

531 3549 908 3614 Geometrica
936 3567 1072 3612 vero
1105 3548 1454 3630 fabriliaque
1504 3549 1900 3611 instrumenta
1932 3548 2098 3612 desi-

447 3649 652 3722 gnant,
669 3641 754 3701 uti
781 3639 1059 3720 diximus,
1079 3638 1570 3720 perpendiculum
1593 3638 1834 3718 quidem
1861 3658 2100 3718 geome-

2172 1873 2267 1916 νης
2301 1850 2431 1925 ἐστὶ,
2466 1850 2565 1907 κῖν
2596 1853 2680 1907 καὶ
2714 1849 3068 1925 μεταδίδοται,
3132 1850 3224 1914 Ὠς
3255 1851 3355 1930 γὰρ
3388 1852 3418 1918 ἢ
3451 1852 3611 1924 μονὸς
3646 1871 3824 1924 μετα-

2171 1937 2415 2014 διδομένη
2449 1940 2604 1997 πάλιν
2651 1943 2794 2000 μένει
2827 1943 2990 2010 ταυῖή
3024 1963 3078 1996 τε
3139 1942 3226 1997 καί
3282 1941 3690 2014 ἑμετάπτωτος,
3737 1940 3827 1996 καί

2175 2041 2292 2107 περί
2345 2031 2537 2098 ἑαυτήν
2597 2031 2974 2103 συνελίσσεται,
3039 2029 3127 2086 ὅτε
3168 2027 3372 2097 δηλαδὴ
3404 2031 3496 2104 μία
3540 2027 3697 2092 δεκὰς
3730 2029 3826 2084 λέ-

2177 2140 2326 2196 γεται
2387 2123 2472 2176 καὶ
2533 2122 2625 2196 μία
2683 2121 2988 2194 ἐκατοντὰς,
3051 2122 3138 2176 καὶ
3197 2121 3290 2194 μία
3318 2119 3591 2199 χιλιοστός
3626 2135 3640 2149 ⁸
3675 2121 3826 2174 οὕτω

2177 2207 2394 2276 κάκείνη
2426 2211 2459 2277 ἡ
2485 2211 2594 2266 θεία
2626 2211 2831 2282 νόησις,
2867 2208 3234 2289 μετεχομὲνη,
3259 2207 3405 2276 ἀπλῆ
3436 2230 3515 2272 τις
3563 2208 3711 2283 μένει
3740 2210 3827 2263 καὶ

2179 2301 2587 2376 ἆμετίπτωτος,

2256 2389 2305 2468 ἓ,
2343 2386 2414 2451 v.
2452 2390 2528 2451 Αἱ,
2557 2387 2754 2468 ῥάϐδοι,
2790 2387 3048 2464 σύμϐολον
3093 2387 3358 2464 βασιλείας
3417 2389 3535 2462 εἰσὶ,
3583 2390 3672 2443 καὶ
3734 2391 3827 2446 εὖ-

2456 2480 2468 2496 \
2546 2481 2558 2496 ι
2633 2469 2646 2488 θ
2704 2476 2783 2497 ras
2921 2481 2932 2500 ν
2987 2480 2996 2497 ι
3313 2475 3428 2497 τριοκ
3566 2483 3591 2493 ς.

2177 2484 2314 2554 θεῖς,
2347 2501 2482 2535 κατα
2511 2501 2594 2550 το,
2652 2489 2842 2543 Ραοοος
2888 2482 3192 2549 ευθυτητος,
3227 2479 3258 2546 ἡ
3303 2493 3486 2555 ραοοος
3531 2499 3628 2544 της
3667 2478 3829 2554 βασι-

2179 2569 2321 2631 λείας
2383 2590 2498 2629 σου,
2567 2566 2802 2633 Δτιλοῦσι
2856 2574 3136 2646 τοιγαροῦν
3202 2569 3264 2625 τὸ
3333 2566 3609 2642 βασιλικὸν
3668 2615 3682 2636 ,
3737 2572 3828 2624 καὶ

2179 2661 2307 2722 πρὸς
2351 2658 2415 2713 τὰ
2457 2657 2602 2712 κάτω
2633 2654 2946 2715 ἀδούλωτον.
2983 2655 3131 2713 Ἐπεὶ
3188 2654 3241 2712 δὲ
3287 2657 3403 2712 εὓθύ
3462 2659 3596 2716 εστι.
3659 2658 3723 2712 τὸ
3775 2657 3829 2721 ἐξ

2170 2748 2288 2802 ἴσου
2346 2760 2460 2810 τοῖς
2509 2735 2592 2824 ἐφ’
2653 2752 2836 2802 εαυτοῦ
2894 2767 3138 2822 σημειοις
3195 2746 3456 2820 κείμενον,
3522 2747 3609 2800 καὶ
3654 2749 3719 2802 τὸ
3773 2747 3826 2812 ἐξ

2174 2837 2290 2893 ἴσόν
2311 2847 2584 2913 περαῖνον,
2617 2836 2676 2890 τὸ
2708 2839 2813 2890 τῶν
2846 2835 2905 2914 ῥά
2929 2833 3042 2891 ’δων
3075 2835 3216 2911 εὒοὺ,
3251 2833 3411 2900 δηλοῖ
3457 2837 3516 2892 τὸ
3552 2838 3828 2911 περαίνειν
3897 2847 3902 2851 ’

2175 2925 2404 2988 ἐκείνου(
2435 2925 2606 2981 πάντα
2650 2924 2835 2990 εὐθέως
2867 2943 2879 2957 ⁶
2919 2923 3033 2983 οὔδε
3095 2923 3193 3002 γὰρ
3251 2923 3454 2982 τελοῦσι
3501 2926 3639 3002 μετά
3670 2948 3828 2988 τινος

2117 3023 2158 3074 C
2183 3014 2554 3081 σκολιότητος,

2259 3105 2334 3163 Τὰ
2363 3101 2554 3184 δόρατα
2613 3105 2698 3160 καὶ
2734 3105 2779 3160 οἱ
2833 3101 3055 3168 πέλδκες
3099 3101 3318 3170 δηλοῦσι
3376 3106 3437 3161 τὸ
3510 3104 3834 3184 διαιρετίκὸν

2178 3199 2283 3250 τῶν
2327 3193 2613 3273 ἀνομοίων,
2668 3194 2830 3271 ἤγουν
2887 3199 2992 3250 τῶν
3051 3192 3244 3250 ὑλικῶν
3291 3192 3591 3274 ’διαιροῦσι
3638 3196 3832 3275 γὰρτὸ

2181 3296 2421 3356 κρεῖττον
2451 3283 2555 3340 ἀπὸ
2586 3289 2676 3340 τοῦ
2707 3285 2971 3364 χείρονος.
2998 3279 3167 3343 Τοῦτο
3199 3285 3297 3360 γὰρ
3323 3284 3466 3341 ἐστιν
3497 3287 3530 3354 ἡ
3555 3284 3833 3364 διακριτι-

2179 3374 2248 3441 κῆ
2278 3371 2569 3452 Bonam
2601 3373 2747 3439 ὀξεῖα
2778 3373 2912 3429 κατὰ
2943 3373 3000 3428 τὸ
3048 3371 3189 3453 δόρυ,
3224 3376 3258 3442 ἡ
3289 3373 3505 3453 ἐνεργὴς
3538 3377 3624 3431 καὶ
3658 3373 3832 3454 δρασ-

2180 3467 2334 3538 τηρία
2365 3465 2500 3521 κατὰ
2543 3467 2664 3528 τούς
2719 3465 2978 3525 πέλοκας.

2263 3555 2337 3613 Τὰ
2401 3554 2454 3610 δὲ
2499 3575 2831 3635 γεωμετρικα
2877 3558 2962 3612 καὶ
3022 3557 3297 3614 τεκτονικὰ
3355 3557 3575 3636 ὄργανα,
3642 3559 3830 3624 καθώς

2184 3643 2462 3722 ἐλέγομεν,
2529 3647 2767 3726 σχοινίον
2807 3645 3190 3726 γεωμετρικὸν,
3263 3647 3323 3703 τὸ
3393 3646 3833 3730 Θεμελειωτικὸν,

446 3733 660 3823 tricum
692 3729 979 3823 fundandi
1013 3737 1071 3823 et
1101 3729 1459 3823 adiﬁcandi,
1491 3729 1658 3808 juxta
1694 3729 1875 3823 illud:
1929 3731 2089 3823 _Un_us

2184 3740 2260 3794 ui
2292 3736 2722 3818 οἶκοδομητικὸν,
2767 3741 2902 3796 κατὰ
2931 3741 2992 3795 τὸ
3028 3757 3040 3770 ·
3082 3741 3165 3806 Εἷς
3195 3741 3284 3797 τὸν
3331 3737 3422 3796 ἕνα
3465 3739 3830 3823 οἰκοδομεῖτε,

447 3821 712 3884 alterum
741 3820 1093 3900 wdiﬁcatel,
1143 3827 1318 3908 atque
1346 3819 1593 3900 insuper
1622 3818 1970 3900 perﬁciendi
2003 3819 2089 3880 fa-

2184 3831 2272 3884 Ka‘t
2306 3825 2380 3883 ἔτι
2423 3828 2484 3884 τὸ
2535 3827 2868 3884 τελειωτικόν
2905 3845 2919 3859 ‘
2965 3827 3079 3887 οὐδὲ
3135 3831 3228 3908 γὰρ
3272 3828 3481 3908 λέγεται
3528 3818 3833 3905 οἰκοδόμος

439 3910 777 3971 ὀυιιειιειηε
832 3927 952 3969 non
1005 3908 1162 3969 enim
1197 3907 1413 3969 dicitur
1443 3908 1784 3979 mdiﬁcator,
1822 3908 1925 3988 qui
1956 3908 2089 3970 fun-

2184 3919 2205 3973 ὃ
2236 3915 2500 3993 θεμελιῶν
2533 3919 2619 3974 καὶ
2664 3919 2853 3989 κτίζων
2885 3918 3067 3994 μόνον,
3129 3919 3245 3976 ἀλλ’
3285 3922 3306 3974 3
3345 3919 3563 3975 τελειῶν
3591 3919 3692 3987 τὴν
3747 3923 3833 3978 οἰ-

449 3998 795 4089 damentum
845 3997 1036 4057 solum
1074 3995 1209 4056 Mli
1239 3997 1450 4089 ponit,_
1484 4014 1718 4089 murum
1754 3997 1956 4089 erigit,
1990 3998 2089 4060 sed

2184 4007 2294 4063 κίαν
2331 4022 2344 4036 ⁸
2371 4007 2405 4074 ἡ
2438 4008 2572 4064 οἰκία
2603 4008 2701 4087 γὰρ
2763 4007 2913 4072 τέλος
2975 4008 3142 4082 ἐστὶν,
3205 4007 3386 4065 ὶκεϊια
3431 4005 3484 4062 δὲ
3542 4007 3693 4089 ἀρχὴ
3740 4013 3834 4068 καὶ

455 4085 560 4165 qui
586 4086 830 4146 domum
847 4086 1330 4165 perﬁcit;domus
1355 4085 1513 4146 enim
1539 4085 1675 4147 ﬁnis
1703 4093 1812 4160 est,
1841 4084 1941 4147 illa
1964 4104 2089 4149 vero

2184 4097 2309 4176 πρὸς
2355 4097 2414 4154 τὸ
2446 4095 2593 4164 τέλος
2618 4084 2639 4132 γ’
2674 4084 2887 4174 οὐδεμία
2918 4096 2972 4154 δὲ
3015 4097 3162 4178 ἀρχὴ
3209 4099 3470 4177 συγγενὴς
3500 4084 3836 4162 τοὶς-τέλε-

449 4175 810 4255 principium
850 4175 1134 4237 duntaxat
1163 4181 1321 4246 sunt,
1357 4183 1416 4235 et
1468 4173 1540 4235 ad
1591 4175 1768 4236 ﬁnem
1805 4175 2095 4255 tendunt;

2180 4207 2285 4265 σιν,
2332 4187 2403 4252 ὡς
2447 4184 2563 4244 οὐδὲ
2593 4187 2779 4267 τρόπις
2823 4190 2891 4265 τῇ
2933 4189 3026 4255 νηί
3064 4207 3081 4228 ο
3129 4186 3213 4244 διςὶ
3243 4194 3396 4244 τοῦτο
3441 4196 3564 4265 γοῦν
3594 4192 3835 4268 προστέ-

447 4265 678 4325 nullum
711 4271 908 4326 autem
942 4263 1299 4344 principium
1330 4272 1418 4324 est
1449 4262 1672 4324 ﬁnibus
1703 4282 1995 4350 coaevum,
2029 4275 2089 4329 ut

2184 4277 2343 4332 ὒειται
2378 4275 2485 4349 καὶ,
2517 4277 2588 4334 Τὸ
2617 4275 2978 4352 τελειωτικὸν,
3012 4279 3098 4334 καὶ
3127 4276 3223 4333 ὅσα
3254 4275 3390 4333 ἂλλα
3419 4285 3515 4344 τῆς
3547 4277 3834 4359 ἀναγωγοῧ

447 4372 651 4432 neque
683 4354 884 4415 carina
912 4352 1043 4415 navi
1067 4376 1092 4426 ;
1151 4352 1370 4415 idcirco
1431 4352 1607 4414 etiam
1639 4352 1878 4415 additur
1905 4357 2089 4436 perﬁ-

2184 4366 2425 4443 προνοίας
2457 4368 2561 4421 τῶν
2591 4367 2840 4448 πρώτων,
2873 4369 2958 4423 καὶ
2988 4366 3401 4446 ἐπιστρεπτικῆς
3432 4372 3539 4423 τῶν
3569 4368 3834 4450 δευτέρων

448 4444 651 4506 ciendi
671 4443 1047 4523 facultatem,
1081 4451 1139 4504 et
1187 4460 1556 4523 quaecunque
1605 4442 1736 4513 alia,
1778 4442 2097 4507 inferiores

448 4533 785 4594 adducendi
843 4541 899 4594 et
957 4531 1345 4594 convertendi
1378 4531 1808 4613 providentiam
1846 4553 2097 4597 concer-

450 4621 675 4696 nentia,
712 4621 920 4701 primis
948 4621 1066 4684 illis
1095 4621 1300 4683 insunt
1329 4634 1387 4684 et
1418 4621 1835 4684 attribuuntur.

531 4711 768 4774 Accidit
799 4728 1040 4792 quoque
1071 4719 1606 4791 nonnunquam,ut
1636 4711 1969 4774 istiusmodi
1999 4714 2097 4776 in-

452 4808 782 4862 strumenta
801 4800 1136 4862 divinorum
1156 4819 1294 4880 erga
1321 4800 1803 4881 nosjudiciorum
1831 4802 2095 4882 symbola

451 4889 727 4952 existant.
753 4889 838 4950 Ac
865 4890 1028 4968 Virga
1053 4889 1292 4970 quidem
1320 4907 1424 4968 pro
1448 4890 1806 4952 correctrice
1834 4891 2098 4973 discipli-

449 4997 527 5042 na
549 4979 827 5052 sumitur,
851 4977 936 5039 uti
959 4997 1093 5039 cum
1117 4978 1350 5041 divinus
1371 4977 1689 5058 Apostolus
1711 4985 1808 5042 ait:
1831 4980 1902 5042 In
1924 4985 2098 5060 virga

447 5069 690 5132 veniam
710 5068 788 5129 ad
807 5085 931 5147 vos,
947 5084 1027 5128 an
1053 5068 1117 5129 in
1139 5067 1509 5130 charitatem‘?
1535 5071 1648 5131 Pro
1670 5069 1932 5132 vindicta
1955 5088 2093 5133 vero

443 5156 692 5239 justitiaa
715 5156 966 5234 gladius,
987 5156 1107 5217 falx
1140 5165 1200 5217 et
1239 5157 1490 5237 securis,
1512 5157 1666 5220 sicut
1707 5157 1883 5220 etiam
1910 5160 1968 5220 in
1994 5179 2092 5222 sa-

449 5247 567 5310 cris
596 5245 935 5322 Evangeliis
965 5246 1037 5306 de
1071 5247 1187 5308 ﬁcu
1228 5245 1511 5308 inutiliter
1543 5247 1737 5308 locum
1765 5258 2093 5330 occupante

447 5338 724 5400 refertur.
743 5337 855 5398 Pro
878 5335 1152 5398 libertate
1169 5353 1305 5396 vero
1328 5335 1401 5397 ab
1421 5337 1653 5398 insidiis
1679 5338 2094 5403 haereditarius

447 5425 769 5500 funiculus,
777 5424 946 5504 juxta
971 5424 1140 5488 illud:
1171 5425 1505 5488 lv‘uniculus
1526 5425 1904 5490 haereditatis
1921 5432 2092 5494 “.Pro

2181 4453 2291 4511 ἔστί
2319 4477 2377 4512 τε
2420 4457 2508 4514 καὶ
2537 4453 2770 4535 λέγεται.

2263 4713 2426 4781 ’Ἐστι
2458 4720 2512 4779 δὲ
2556 4722 2640 4781 ὅτε
2698 4732 2862 4783 ταῦτα
2921 4727 2986 4782 τὰ
3015 4723 3210 4804 ὄργανα
3255 4725 3530 4793 δηλωτικὰ
3588 4728 3688 4786 εἶσι
3723 4734 3834 4786 τῶν

2182 4805 2253 4868 εὶς
2309 4803 2452 4879 ἡμᾶίς
2507 4807 2723 4884 κρίσεων
2792 4806 2877 4862 τοῧ
2935 4803 3099 4869 Θεοῦ,
3146 4806 3248 4868 Καὶ
3300 4810 3374 4872 εἷς
3434 4807 3671 4867 παιδείαν
3730 4811 3832 4885 μὲν

2179 4895 2604 4972 ἒπανορϐωτικὴν
2635 4897 2668 4964 ἡ
2729 4893 2917 4974 ῥάϐδος
2978 4895 3470 4975 παραλαμϐάνεται,
3535 4899 3607 4961 ὥς
3665 4921 3836 4979 φησιν

2180 4986 2207 5041 ὁ
2261 4986 2406 5046 θεῖος
2456 4982 2783 5050 Ἀπόστολος
2819 5003 2832 5018 ’
2891 4985 2976 5042 Ἐν
3027 4984 3201 5065 ῥάϐδῳ
3245 4987 3382 5045 ἔλθω
3442 4989 3573 5068 πρὸς
3603 4986 3835 5064 ὕμᾶς,ἤ

2179 5072 2233 5129 ἐν
2278 5073 2508 5154 ἂγάπῃς
2548 5075 2631 5137 Εἰς
2684 5071 2738 5129 δὲ
2784 5074 2920 5150 μετᾶ
2973 5071 3308 5144 δικαιοσύνης
3369 5077 3627 5156 τιμωρίαν
3657 5079 3723 5134 τὸ
3757 5076 3833 5142 Et-

2178 5183 2291 5244 φος,
2342 5164 2402 5218 τὸ
2442 5161 2717 5241 δρέπανον,
2772 5165 2856 5219 καὶ
2887 5165 2914 5219 ὁ
2945 5163 3190 5242 πὲλέκυς,
3247 5168 3424 5231 καθὼς
3474 5169 3561 5223 καὶ
3621 5165 3676 5221 ἐν
3708 5181 3834 5231 τοῖς

2174 5255 2337 5326 ἱεροῖς
2387 5252 2724 5330 Εὖαγγελίοις
2760 5257 2873 5333 περὶ
2927 5256 3026 5320 τῆς
3079 5256 3241 5324 συκῆς
3297 5261 3392 5322 τῆς
3452 5258 3832 5334 καταργούσης

2173 5344 2265 5398 τὸν
2313 5342 2476 5400 τόπον
2533 5344 2773 5421 φέρεται.
2829 5345 2915 5408 Εἷς
2969 5343 3022 5400 δὲ
3107 5345 3403 5424 ἐλευθερίαν
3462 5347 3834 5422 περιστάσεως

2174 5433 2235 5490 τὸ
2264 5431 2615 5512 κληροδότοῦν
2668 5435 2929 5514 σχοινίον,
2993 5437 3127 5494 κατὰ
3177 5438 3263 5515 τὸ,
3318 5436 3620 5516 Σχοίνισμα
3679 5436 3834 5508 κλη-

529 5613 604 5692 k‘,
643 5611 773 5676 Psal
806 5628 970 5691 κων,
1009 5614 1062 5674 7.
1141 5615 1156 5659 ι
1188 5613 1447 5679 lThess.
1485 5631 1523 5676 v
1582 5617 1680 5678 ll.
1757 5624 1795 5652 ι’
1827 5619 1849 5682 Ι
1882 5619 2021 5684 Cor.
2052 5636 2132 5705 tv,
2166 5625 2264 5688 21.
2326 5635 2354 5667 η
2384 5622 2561 5686 Deut.
2586 5636 2770 5696 xxxn,
2798 5620 2863 5688 9-
