4058 6196
279 246 391 327 357
721 251 820 320 DE
862 241 1212 321 COELES'I‘I
1258 243 1760 334 HIERARCHIA,
1807 254 1970 316 CAP.
1988 253 2117 316 xv.
2153 285 2230 296 -
2260 250 2648 315 manus.
2695 224 3207 314 PACIIYMERE.
3531 235 3648 312 358

280 395 558 474 ρονομίας,
599 393 684 455 Εἷς
737 387 792 445 δὲ
847 388 999 453 τέλος
1046 389 1278 456 παιδείας
1336 390 1492 448 πάλιν
1553 392 1578 447 ὁ
1624 391 1831 464 τέμνων
1859 391 1908 446 τε

2010 388 2127 448 ﬁne
2158 403 2297 448 vero
2329 386 2660 466 disciplina:
2685 385 2897 446 iterum
2931 385 3160 447 securis
3185 404 3319 466 quae
3349 385 3502 447 mala
3542 396 3642 449 re-

279 483 500 564 χαλεπὰ
559 480 743 546 πέλυξ’
779 483 850 543 εἷς
896 479 948 535 δὲ
1004 479 1342 557 ἐπανάληψιν
1400 486 1499 548 τῆς
1547 480 1802 560 προτέρας
1836 482 1908 536 εὖ·

2012 487 2195 557 secat,
2235 485 2295 539 et
2321 476 2855 564 virgaiterumpro
2887 474 3154 564 pristinae
3184 475 3483 537 felicitatis
3515 495 3647 538 res-

276 561 497 636 παθείας
555 573 591 638 ἡ
649 567 837 648 ῥάϐδος
895 568 1052 624 πᾶλιν
1087 615 1104 644 ,
1166 571 1238 634 ὡς
1296 571 1356 626 τό
1391 615 1408 632 .
1472 572 1531 626 ’Β
1580 567 1766 647 ῥαϐδος
1813 593 1903 627 σου

2014 565 2474 646 titutione,juxta
2510 563 2676 626 illud:
2693 561 2878 642 Virga
2901 570 3090 636 tua,et
3111 562 3363 626 baculus
3389 567 3648 647 tuus,ip-

275 666 364 721 καὶ
415 665 452 725 ἦ
511 660 773 739 βακτηρία
831 681 966 734 σου,
1038 666 1188 716 αὗται
1246 676 1312 735 με
1375 658 1764 732 παρεκάλεσαν.
1843 663 1908 718 Είι

2013 675 2082 719 sa
2105 673 2198 719 me
2230 654 2539 717 consoluta
2568 661 2758 716 sunt°.
2792 656 2903 713 Pro
2935 652 3251 715 collatione
3273 671 3410 716 vero
3435 674 3652 718 mune-

275 751 329 809 δὲ
381 751 698 830 προσθήκην
756 747 963 828 δωρεῶν
1020 751 1285 817 αἰσθητῶν
1330 749 1429 824 μὲν
1461 751 1547 806 καὶ
1575 756 1777 828 μικρῶν
1810 750 1908 806 ὅσοι

2013 765 2144 808 rum
2179 745 2485 806 seusilium
2528 743 2766 824 quidem
2801 751 2858 803 et
2890 742 2950 802 in
2983 743 3192 804 ordine
3223 743 3296 805 ad
3328 743 3522 806 dantis
3554 746 3652 807 di-

274 843 415 900 κατα
444 838 736 916 ἀναλογίαν
777 846 869 895 τοῦ
899 835 1152 911 διδόντος,
1217 841 1278 895 τὸ
1334 838 1619 915 ἀμυντικὸν
1653 842 1738 896 καὶ
1771 862 1908 916 στρα‹

2010 836 2289 913 gnitatem
2317 833 2686 911 exiguorum,
2723 838 2787 891 ut
2816 838 3116 892 armatura
3146 851 3252 893 seu
3275 832 3452 894 vestis
3488 835 3650 897 mili-

272 933 531 988 τιωτικὸν
587 929 830 1009 φόρημα,
875 929 1047 992 καθὼς
1099 929 1276 1006 ὡράθη
1309 930 1384 1003 τῷ
1433 936 1525 985 τοῦ
1584 934 1734 995 Ναυῆ
1764 928 1902 986 ἰσοῦ

2013 925 2183 998 teris,
2220 941 2355 1004 quae
2388 923 2511 983 visa
2541 930 2630 982 est
2659 938 2693 981 a
2722 919 2863 983 Jesu
2911 921 3095 995 Nave;
3128 922 3483 1003 spiritalium
3517 943 3655 987 vero

272 1026 486 1088 νοητῶν
519 1017 574 1075 δὲ
616 1019 706 1074 καὶ
763 1015 1038 1096 μεγάλων,
1088 1017 1220 1096 ἅπερ
1281 1016 1454 1074 πολλὰ
1480 1029 1597 1082 τοῖς
1641 1018 1812 1096 ἁγίοις
1844 1040 1908 1074 κα

2011 1033 2075 1076 ac
2102 1030 2475 1092 magnorum,
2510 1028 2639 1090 qua:
2673 1009 2925 1089 plurima
2954 1009 3227 1090 variaque
3254 1015 3473 1074 sanctis
3516 1033 3643 1074 ma-

275 1108 504 1190 διάφορα
563 1107 912 1189 ἐξεφάνησαν.
975 1109 1074 1164 Καὶ
1143 1104 1280 1171 ὅλιιος
1335 1107 1428 1164 οὒκ
1485 1106 1546 1162 ἂν
1608 1107 1908 1186 ἀπορήσειε·

2014 1103 2287 1166 nifestata
2335 1109 2496 1164 sunt.
2543 1102 2944 1190 Nequehvero
2998 1098 3291 1190 dubitabit
3319 1101 3438 1163 ullo
3471 1104 3646 1166 modo

270 1202 298 1257 ὁ
363 1196 674 1262 ὂιαϐατικὸς
720 1206 840 1260 νοῦς
899 1198 1101 1261 οἰκείως
1155 1197 1385 1272 ἁρμόσαι
1443 1208 1562 1260 τοῖς
1611 1195 1828 1276 ἆφᾶνὲσι
1860 1197 1908 1253 τε

2009 1213 2178 1256 mens
2210 1192 2544 1276 perspicax,
2579 1188 2833 1251 visibilia
2886 1189 3127 1270 proprie
3175 1189 3354 1251 rebus
3384 1210 3514 1272 quas
3543 1211 3645 1254 as-

268 1286 594 1368 φαινόμενα.

351 1377 382 1458 §
412 1375 514 1443 VI.
547 1380 617 1436 Τὸ
645 1376 820 1434 δὲκαὶ
863 1375 1087 1452 ἀνέμους
1145 1377 1335 1440 αὖτοὺς
1386 1377 1754 1452 ὀνομάζεσθαι,
1817 1398 1919 1432 κα-

263 1469 333 1524 τὰ
388 1470 452 1524 τὸ
486 1516 504 1545 ,
555 1467 615 1524 Ὀ
664 1470 968 1544 περιπατῶν
1025 1465 1119 1521 ἐπὶ
1175 1466 1448 1546 πτερύγων
1508 1462 1717 1540 ἀνέμωθ
1747 1511 1763 1544 ,
1822 1463 1917 1532 τήν

263 1556 448 1622 ὀξεῖαν
497 1557 670 1613 αὖτῶν
708 1559 905 1622 πτῆσιν
960 1550 1140 1626 δηλοῖ,
1179 1555 1263 1610 καὶ
1313 1551 1506 1634 σχεδὸν
1541 1551 1787 1632 ἀχρόνως
1834 1552 1918 1608 ἐπὶ

267 1646 445 1703 πάντα
492 1643 802 1715 διήκουσαν.
856 1641 1045 1708 Καλῶς
1077 1641 1131 1698 δὲ
1162 1644 1384 1700 τέθειται
1429 1644 1490 1700 τὸ
1521 1640 1732 1722 σχεδόν·
1763 1649 1917 1700 τοῦτο

305 1737 318 1752 ε
411 1733 470 1756 1"
690 1733 704 1752 κ
1085 1741 1105 1750 ε-
1179 1731 1193 1754 ’
1337 1735 1347 1756 Ι
1553 1732 1568 1748 \
1653 1731 1679 1754 ν
1838 1731 1862 1750 Π

264 1758 365 1815 γαρ
417 1755 556 1792 ιοιον
608 1757 702 1792 και
763 1733 924 1809 μόνον
976 1740 1131 1796 Θεου.
1201 1746 1453 1813 Αχρονως
1521 1732 1574 1787 δε
1626 1752 1803 1806 ειπεν,
1836 1753 1916 1787 οτι

2005 1293 2246 1365 pectum
2279 1282 2508 1360 fugiunt
2536 1278 3011 1342 accommodare.

2088 1376 2115 1450 ἓ
2141 1370 2418 1444 VLQuod
2451 1381 2648 1431 autem
2683 1376 2742 1429 et
2773 1369 2930 1429 venti
2948 1368 3538 1450 uominentur,juxta
3568 1371 3643 1433 il-

2003 1462 2253 1537 ludzout'
2270 1459 2540 1522 ambulat
2561 1476 2744 1540 super
2764 1475 2995 1538 pennas
3015 1460 3644 1532 ventorump,celerem

2004 1568 2210 1614 eorum
2239 1551 2491 1612 volatum
2517 1547 2988 1628 signiﬁcat,etad
3006 1548 3205 1608 omnia
3220 1547 3408 1610 ferme
3422 1548 3647 1632 absque

2004 1650 2270 1722 tempore
2297 1640 2932 1721 penetrantem.Becte
2955 1636 3100 1698 dixit
3119 1639 3348 1716 ferme:
3377 1657 3511 1701 nam
3536 1642 3648 1702 hoc

2003 1731 2305 1812 proprium
2329 1738 2422 1791 est
2443 1747 2511 1790 ac
2535 1728 2715 1790 solius
2751 1726 2879 1788 Dei.
2905 1727 3146 1806 Absque
3167 1734 3429 1809 tempore
3445 1741 3643 1792 autem

269 1825 356 1881 ἐπὶ
385 1825 491 1899 μὲν
523 1830 629 1881 τῶν
660 1825 946 1898 αἰσθητῶν,
982 1822 1244 1904 ἕγχροννα
1273 1825 1357 1879 καὶ
1383 1820 1664 1900 βραδύτερα
1689 1823 1752 1877 τὰ
1781 1822 1896 1899 γινό

2010 1819 2320 1901 dixit,nam
2350 1821 2410 1881 in
2433 1816 2754 1881 sensilibus
2774 1835 2871 1878 res
2893 1816 3040 1878 ﬁunt
3065 1817 3296 1880 tardius
3327 1831 3385 1880 et
3414 1820 3473 1881 in
3505 1829 3648 1882 tem-

265 1929 425 1987 μενα³
485 1912 567 1970 ἐπὶ
601 1911 655 1967 δὲ
698 1917 803 1970 τῶν
851 1914 1148 1989 ἀσωμάτων
1176 1913 1264 1968 καὶ
1296 1918 1500 1978 νοητῶν
1534 1910 1806 1986 συντόμως
1833 1911 1908 1966 καῖ

2003 1927 2174 1992 pore;
2198 1911 2256 1971 in
2289 1906 2660 1990 incorporeis
2686 1915 2881 1969 autem
2907 1914 2965 1967 et
2994 1906 3648 1992 intelligibllibus,pun-

265 2003 502 2077 ἀμελητὶ
531 2003 978 2082 τελεσιουργεῖται
1021 2004 1082 2058 τὸ
1135 2002 1519 2078 πραττόμενον.
1557 1999 1754 2058 ’Ἔστιν
1799 1999 1908 2056 ἕτε-

2003 2009 2094 2062 cto
2114 2000 2398 2080 temporis
2422 1998 2620 2061 etsine
2644 2015 2811 2058 mora
2833 1996 3138 2077 perﬁcitur
3163 1997 3218 2058 id
3245 2001 3400 2080 quod
3424 2001 3648 2063 facien-

265 2116 354 2172 ρον
411 2092 610 2149 ἷδίωαα
662 2091 770 2149 τῶν
826 2090 1063 2170 ἆνέμω),
1123 2090 1204 2148 ὅτι
1261 2091 1516 2148 παντοίαν
1568 2089 1668 2157 τήν
1708 2092 1908 2156 κίνησιν

2001 2089 2140 2150 dum
2174 2099 2281 2152 est.
2319 2088 2419 2151 Est
2450 2095 2508 2150 et
2550 2087 2665 2149 alia
2715 2088 3042 2168 proprietas
3100 2095 3431 2160 ventorum,
3487 2093 3643 2172 quod

267 2182 480 2263 ἔχουσι,
515 2183 600 2240 καί
646 2180 732 2238 ἰπὶ
790 2185 966 2239 παντί.
1009 2178 1194 2243 Καλῶς
1247 2182 1345 2258 γὰρ
1373 2179 1486 2260 ἔχει
1520 2181 1604 2236 καὶ
1639 2182 1667 2235 ὁ
1698 2190 1790 2238 τοῦ
1819 2179 1914 2234 ἀέ-

267 2293 355 2349 ρος
405 2272 630 2346 ὁρισμὸς
677 2270 813 2326 κατὰ
857 2269 1137 2341 Πλάτωνα,
1185 2269 1265 2325 ὅτι
1325 2269 1600 2348 στοιχεῖόν
1645 2268 1811 2347 ἐστιν,
1856 2269 1914 2326 οὗ

260 2367 426 2418 πᾶσαι
487 2363 544 2416 αἱ
599 2359 737 2415 κατὰ
794 2358 962 2416 τόπον
1013 2359 1262 2429 κινήσεις
1285 2359 1418 2414 κατὰ
1464 2359 1616 2438 φύσιν
1673 2357 1792 2418 εἶσί.
1843 2359 1912 2416 Τὸ

259 2451 356 2528 γὰρ
390 2457 494 2527 πῦρ
529 2447 637 2504 ἅνω
667 2449 784 2529 ἔχει
817 2448 918 2516 τὴν
952 2448 1087 2505 κατὰ
1116 2449 1266 2527 φύσιν
1289 2448 1522 2526 κίνησιν,
1555 2444 1701 2503 κάτω
1735 2444 1789 2502 δὲ
1813 2447 1909 2513 τὴν

261 2541 403 2618 παρὰ
451 2541 628 2620 φύσιν
683 2538 719 2606 ἡ
761 2536 816 2594 δὲ
847 2538 917 2616 γῆ
958 2539 1040 2594 καὶ
1072 2540 1133 2594 τὸ
1162 2536 1297 2616 ὕδωρ
1349 2535 1629 2593 ἀνάπαλιν
1667 2539 1694 2593 ὁ
1725 2535 1777 2592 δὲ
1811 2538 1912 2614 ἀὴρ

261 2631 401 2686 κατὰ
457 2630 610 2709 φύσιν
662 2641 892 2684 κινεῖται
948 2635 1248 2707 πανταχοῦ,
1308 2635 1471 2684 Τοῦτο
1527 2627 1634 2682 νόει
1692 2627 1778 2682 καὶ
1828 2624 1911 2682 ἐπὶ

261 2725 366 2775 τῶν
426 2720 580 2776 θείων
614 2715 909 2796 δυνάμεων,
970 2715 1051 2773 ὅτι
1111 2713 1306 2773 ἄνωθεν
1365 2717 1461 2790 μὲν
1511 2717 1643 2789 πρὸς
1672 2716 1738 2771 τὰ
1766 2717 1912 2770 κοίτω

259 2809 360 2875 τὴν
406 2809 548 2864 θείαν
606 2804 1040 2886 διαπορθμεόουσι
1080 2804 1361 2884 βούλησιν,
1420 2806 1652 2864 κάτωθεν
1695 2802 1748 2859 δὲ
1781 2805 1908 2882 πρὸς

259 2899 323 2954 τὰ
356 2895 470 2953 ἄνω
498 2897 747 2974 ἀνάγουσι
796 2898 862 2952 τὰ
912 2895 1145 2976 δεύτερα,
1207 2897 1293 2952 καὶ
1351 2895 1674 2954 ἀνατείνουσι
1720 2901 1904 2967 ταυτα,

1998 2179 2330 2257 quemlibet
2376 2185 2596 2240 motum
2633 2176 2907 2256 habeant,
2944 2183 3000 2237 et
3049 2177 3120 2237 ad
3168 2177 3478 2257 quidlibet.
3519 2183 3639 2244 Aer

1997 2271 2153 2329 enim
2179 2277 2338 2330 recte
2360 2286 2394 2329 a
2413 2267 2656 2328 Platone
2680 2264 3124 2345 deﬁuitur,esse
3155 2267 3514 2332 elementum
3539 2272 3635 2333 cui

1995 2359 2291 2420 naturales
2321 2357 2442 2418 sint
2470 2373 2677 2417 omnes
2709 2354 3036 2415 secundum
3071 2355 3266 2416 locum
3314 2357 3633 2423 motiones.

1995 2446 2154 2524 Ignis
2185 2446 2480 2527 siquidem
2516 2453 2720 2506 natura
2745 2462 2849 2504 sua
2877 2460 3110 2505 sursum
3148 2455 3434 2529 movetur,
3460 2449 3636 2511 deor-

1995 2555 2124 2596 sum
2158 2554 2295 2597 vero
2328 2544 2528 2598 contra
2568 2541 2864 2608 naturam;
2896 2540 3052 2595 terra
3075 2552 3210 2594 vero
3235 2547 3465 2618 etaqua
3489 2557 3521 2598 e
3545 2539 3632 2600 di-

1998 2643 2165 2686 verso
2193 2644 2205 2688 :
2238 2626 2341 2687 sed
2366 2643 2469 2687 aer
2485 2633 2690 2686 natura
2711 2640 2817 2684 sua
2838 2641 3306 2704 quaquaversum
3341 2637 3631 2693 movetur.

1994 2715 2160 2776 Idem
2196 2715 2374 2776 etiam
2399 2715 2644 2776 observa
2670 2714 2726 2774 in
2760 2711 3103 2774 caelestibus
3133 2713 3632 2797 virtutibus,quo-

1997 2804 2150 2864 niam
2167 2804 2427 2884 desuper
2440 2803 2677 2884 quidem
2703 2802 2982 2863 deorsum
3008 2800 3273 2863 divinum
3293 2806 3629 2869 mandatum

1996 2892 2377 2974 transferant,
2415 2893 2642 2954 inferne
2693 2911 2829 2953 vero
2884 2909 3118 2952 sursum
3151 2891 3448 2956 adducant
3475 2897 3631 2959 infe-

257 2987 346 3043 καὶ
406 2985 566 3041 πάλιν
622 2993 886 3042 κινοῦνται
943 2985 1074 3062 πρὸς
1131 2989 1228 3051 τὴν
1268 2984 1373 3040 τῶν
1434 2983 1726 3063 ὑφειμένων
1771 2983 1907 3062 πρό-

1999 2989 2172 3057 riora;
2208 2983 2538 3063 eademque
2568 2982 3053 3052 corroboreut,ac
3077 2999 3315 3044 rursum
3349 3003 3632 3049 movean-

257 3097 427 3135 νοιαν.
465 3077 618 3134 Εἶποι
649 3072 697 3130 δ’
724 3074 786 3130 ἂν
810 3097 914 3146 τις,
950 3073 1030 3131 ὅτι
1062 3076 1094 3142 ἡ
1126 3074 1349 3140 τοιαύτη
1379 3074 1486 3129 τῶν
1519 3073 1726 3148 ἀνέμων
1768 3073 1908 3129 ἐπω-

1999 3081 2086 3134 tur
2118 3073 2190 3132 ad
2224 3072 2297 3134 iis
2320 3072 2770 3153 providendum.
2812 3071 3016 3132 Posset
3042 3072 3219 3132 etiam
3246 3073 3380 3152 quis
3404 3075 3629 3155 dicere,

259 3187 426 3239 νυμια
484 3166 569 3221 καὶ
612 3166 672 3221 τὸ
725 3162 949 3222 θεοειδὲς
1007 3164 1260 3244 ἐκφαίνει·
1321 3163 1439 3243 ἔχει
1498 3164 1605 3243 γάφ
1636 3165 1908 3221 καὶτοῦτο

1999 3162 2132 3222 146
2149 3161 2518 3242 ejuscemodi
2533 3171 2840 3222 ventorum
2860 3179 3077 3221 nomen
3101 3160 3404 3225 declarare
3424 3183 3628 3228 eorum

261 3255 474 3318 εἰκόνας
502 3254 642 3317 θείας
701 3253 987 3332 ἐνεργείας,
1048 3255 1222 3318 καθὼς
1267 3253 1319 3309 ἐν
1373 3251 1534 3332 ἑτέρῳ
1577 3253 1900 3330 συντάγματι

1999 3249 2790 3330 ieiformi'atem,siquidem
2825 3257 2883 3310 et
2907 3247 2991 3309 illi
3024 3249 3239 3311 divina:
3271 3252 3632 3316 efﬁcacitatis

1984 3342 2275 3421 imagines
2308 3339 2582 3420 quaedam
2616 3339 2995 3416 insunt,sicut
3025 3339 3088 3401 in
3118 3341 3231 3402 alio
3261 3347 3629 3425 opere,quod

1989 3431 2167 3493 hodie
2217 3449 2337 3493 non
2375 3437 2586 3511 exstat,
2619 3430 2838 3510 scripto
2894 3429 3161 3493 tradidit.
3195 3438 3394 3513 Atque
3428 3434 3522 3496 hic
3554 3436 3633 3496 ait

1985 3520 2258 3601 spiritum
2290 3538 2532 3583 movere
2557 3519 2941 3582 etviviiicare:
2965 3519 3260 3600 siquidem
3289 3522 3401 3584 hoc
3430 3540 3628 3586 aerem

1987 3609 2278 3690 spiramus
2309 3611 2383 3670 ad
2407 3629 2510 3670 cor
2541 3607 2993 3670 refocillandum
3024 3627 3037 3670 :
3075 3621 3135 3671 et
3159 3609 3438 3672 celeriter
3458 3613 3628 3673 etin-

1988 3699 2364 3762 continenter
2389 3709 2446 3761 et
2476 3696 2848 3760 invisibiliter
2869 3705 2924 3758 et
2954 3699 3188 3760 occulte
3220 3703 3626 3782 transit,ejus-

1986 3807 2106 3865 que
2139 3789 2432 3870 principia
2453 3806 2522 3850 ac
2554 3785 2791 3849 termini
2826 3785 3071 3848 minime
3105 3796 3451 3870 noscuntur,
3472 3796 3629 3853 sicut

1989 3878 2212 3940 dictum
2239 3878 2634 3958 est:Spirt'tus
2658 3875 2764 3938 ubi
2785 3874 2912 3937 vult
2931 3878 3151 3954 spirat,
3174 3884 3230 3940 et
3255 3884 3446 3941 uesci:
3469 3881 3630 3943 unde

1991 3972 2327 4049 veniat,aut
2351 3985 2468 4048 quo
2494 3964 2844 4029 vadatmllae
2866 3973 3002 4026 sunt
3024 3965 3310 4045 imagines
3336 3967 3464 4050 Dei;
3503 3988 3628 4032 m0-

1986 4065 2082 4121 vet
2111 4062 2184 4120 ad
2219 4055 2755 4132 salutem,viviﬁcat
2783 4055 3110 4117 secundum
3139 4073 3354 4138 corpus
3377 4067 3436 4120 et
3457 4061 3632 4141 spiri-

1988 4155 2136 4230 tum,
2171 4148 2290 4211 cito
2320 4158 2378 4211 et
2405 4147 2848 4209 incontinenter
2897 4153 3198 4224 penetrat;
3250 4165 3432 4210 unum
3465 4150 3627 4230 quod

1987 4255 2120 4300 eum
2157 4256 2273 4298 non
2303 4236 2689 4310 admittit,est
2711 4252 2908 4296 crassa
2941 4234 3328 4312 conscientia;
3360 4238 3628 4301 occultus

1987 4335 2095 4402 est,
2122 4326 2290 4406 juxta
2329 4325 2721 4388 illudzpoauit
2745 4322 3024 4386 tenebras
3049 4324 3372 4388 latibulum
3402 4344 3623 4410 suumr;

1989 4415 2306 4480 invisibilis
2337 4424 2445 4490 est,
2484 4423 2541 4478 et
2570 4413 3198 4494 incomprehensibilis
3231 4423 3287 4476 et
3342 4425 3620 4482 aeternus.

2070 4508 2253 4568 Sacra
2281 4524 2515 4588 quoque
2544 4505 2849 4585 Scriptura
2880 4503 3056 4565 nubis
3090 4505 3508 4586 proprietatem
3525 4525 3626 4569 an-

258 3342 657 3423 παραδέδωκεν,
691 3345 718 3400 ὃ
767 3342 833 3411 δὴ
883 3344 942 3400 0-3
1003 3342 1212 3422 φέρεται
1267 3344 1522 3420 σῦμερον,
1559 3343 1653 3400 Καὶ
1685 3341 1902 3398 ἐνταῦθα

259 3432 434 3512 λέγει,
466 3432 546 3489 ὅτι
576 3435 638 3489 τὸ
674 3439 878 3508 πνεῦμα
934 3446 1102 3508 κινεῖ,
1152 3433 1240 3490 καὶ
1269 3440 1550 3509 ζωογονεῐ·
1585 3431 1722 3488 κατὰ
1748 3437 1902 3487 τοῦτο

256 3524 361 3602 γὰρ
417 3525 506 3580 καὶ
555 3526 646 3579 τὸν
702 3523 828 3600 ἀέρα
889 3523 1216 3598 ἀναπνέομεν
1263 3523 1334 3584 εἰς
1393 3522 1493 3588 τὴν
1552 3526 1649 3586 τῆς
1692 3519 1902 3596 καρδίας

257 3611 612 3690 ἆναῤῥίπισιδ·
674 3613 760 3668 καὶ
817 3611 976 3677 ὀξέως
1035 3613 1122 3668 καὶ
1160 3611 1470 3689 ἆκρατήτως
1503 3621 1700 3690 χωρεῖ,
1735 3609 1901 3688 ἀορά-

195 3741 202 3750 -
254 3724 363 3767 τως
415 3705 503 3759 καὶ
561 3703 812 3782 κρδφίως,
853 3703 940 3758 καὶ
991 3699 1252 3779 ἔγνωστοί
1307 3702 1405 3756 εἰσι
1446 3701 1627 3756 τούτου
1659 3701 1709 3755 αἱ
1739 3698 1904 3778 ἀρχαὶ

256 3794 342 3848 καὶ
416 3794 471 3848 αἱ
523 3790 956 3870 ἂποπερατώσεις
1015 3792 1190 3852 καθὼς
1241 3788 1508 3846 λέλεκται*
1572 3790 1641 3847 Τὸ
1698 3791 1904 3863 πνεῦμα

255 3881 387 3938 ὅπου
437 3880 581 3938 θέλει
639 3893 785 3955 πνεῖ,
840 3885 900 3940 0-3
946 3881 1046 3959 γὰρ
1103 3877 1256 3943 οἶδας
1314 3882 1471 3935 πόθεν
1529 3877 1768 3958 ἔρχεται,
1816 3879 1904 3934 καὶ

255 3981 357 4030 ποῦ
411 3972 634 4049 ὑπάγει.
692 3970 868 4030 Ταῦτά
925 3972 1054 4027 εἰσιν
1109 3969 1307 4032 εἰκόνες
1359 3975 1510 4026 Θεοῦ·
1573 3981 1716 4024 κινεῖ
1773 3968 1904 4044 πρὸς

255 4062 549 4139 σωτηρίαν,
581 4067 840 4139 ζωογονεϊ
869 4057 1002 4117 κατά
1031 4081 1088 4116 τε
1133 4064 1290 4126 σῶμα
1345 4059 1434 4114 καὶ
1477 4063 1704 4134 πνεῦμα,
1743 4054 1902 4122 ὀξέως

255 4152 344 4207 καὶ
385 4151 703 4230 ἆκρατήτως
758 4162 973 4230 χωρεῖ’
1037 4149 1091 4206 ἓν
1141 4145 1544 4223 ἆποδιοπομπεϊ
1601 4154 1808 4226 τοῦτον,
1868 4147 1902 4214 ἡ

255 4252 471 4322 παχεῖα
522 4237 841 4307 συνείδησιςο
903 4237 1119 4319 κρύφιός
1184 4237 1295 4294 ἐστι
1348 4237 1485 4294 κατὰ
1544 4238 1625 4293 τό·
1695 4234 1903 4293 "Etiam

255 4330 448 4392 σκότος
509 4328 820 4407 ἀποκρυφθψ
869 4328 1050 4389 αὐτοῦ·
1104 4327 1353 4408 ἀόρατός,
1387 4327 1473 4382 καὶ
1521 4324 1904 4393 ἀκατάληπτος

256 4421 342 4475 καὶ
371 4416 572 4483 ἀῖδιος.

337 4507 692 4588 Περιπλάττει
721 4510 810 4567 καὶ
842 4508 1066 4591 νεφέλης
1123 4505 1261 4564 ἰδέαν
1290 4507 1324 4575 ἡ
1382 4505 1493 4584 ἱερᾶ
1551 4505 1732 4584 Γραφῆ
1790 4515 1908 4568 τοῖς

641 3392 657 3423 ἳ

255 4600 533 4680 ἀγγέλοις,
610 4603 747 4660 κατὰ
809 4604 894 4659 τὸο
980 4604 1078 4661 Καὶ
1151 4597 1346 4680 νεφέλη
1425 4595 1682 4655 ὑπέλαϐεν
1752 4598 1908 4656 αὐτὸν

1999 4594 2136 4674 gelis
2157 4594 2354 4674 afﬁgit,
2381 4594 2551 4674 juxta
2580 4592 2724 4653 illud
2751 4610 2766 4653 :
2799 4591 2881 4654 Et
2903 4592 3090 4654 nubes
3109 4596 3365 4674 suscepit
3385 4613 3520 4658 eum
3552 4598 3626 4658 ab

255 4692 364 4748 ἀπὸ
419 4699 529 4749 τῶν
583 4690 869 4772 ὀφθαλμῶν
924 4695 1122 4754 αὐτῶν,
1179 4689 1438 4764 Σημαίνει
1495 4685 1573 4758 δὲ,
1636 4685 1715 4742 ὅτι
1777 4708 1908 4766 κρυ-

1999 4682 2180 4746 uculis
2210 4681 2780 4760 eorumkSigniﬁcat
2801 4689 3136 4755 autem,eos
3167 4681 3398 4745 occulto
3428 4701 3499 4746 ac
3529 4683 3626 4746 di-

256 4781 374 4859 φίου
403 4783 493 4838 καὶ
523 4770 662 4840 θείου
705 4783 878 4860 φωτὸς
936 4779 1392 4858 ἀποπληροῦνται,
1453 4778 1541 4833 καὶ
1599 4775 1696 4843 τὴν
1755 4797 1904 4852 πρω-

1999 4772 2121 4835 vino
2141 4772 2368 4834 lumine
2397 4772 2818 4860 repleri,atque
2845 4770 3217 4850 primilucam
3238 4770 3345 4834 Dei
3372 4771 3629 4837 illustra-

252 4877 461 4951 τοφανῆ
490 4877 585 4927 τοῦ
616 4859 750 4928 Θεοῦ
799 4871 1166 4950 φωτοφάνειαν
1220 4866 1494 4947 δέχονται·
1555 4866 1650 4922 οὐκ
1707 4863 1908 4938 ἐκπέμ-

1999 4862 2210 4925 tionem
2235 4862 2761 4951 accipere;verum_
2779 4859 2933 4920 hanc
2964 4859 3208 4921 minime
3224 4861 3626 4941 produnt(lux

253 4948 413 5017 πουσι
445 4959 501 5016 δὲ
537 4963 737 5027 ταύτην
764 4948 1161 5032 (ἀναπόϐλητον
1195 4959 1295 5037 γὰρ
1320 4955 1372 5012 ἓν
1403 4952 1596 5035 νεφέλῃ
1627 4955 1686 5011 τὸ
1739 4952 1902 5032 φῶς),

1999 4952 2148 5014 enim
2183 4951 2242 5014 in
2259 4952 2416 5015 nube
2437 4971 2551 5015 non
2577 4948 3031 5030 amittitur),sed
3058 4951 3623 5015 transfuudunteam

252 5049 395 5108 ἀλλὰ
422 5047 861 5129 διαπορθμεύουσι
893 5053 1022 5129 πρὸς
1055 5051 1121 5107 τὰ
1178 5047 1412 5127 δεύτερα,
1471 5049 1544 5112 ὡς
1598 5045 1684 5102 καὶ
1738 5043 1905 5100 ταῦτα

1999 5041 2061 5104 ad
2087 5041 2393 5119 inferiora,
2420 5051 2482 5104 ut
2509 5050 2568 5104 et
2598 5041 2726 5103 haec
2759 5039 3008 5129 primam
3035 5037 3500 5129 illustrationem
3533 5043 3627 5104 ha-

254 5140 408 5221 Ξχειν
437 5143 539 5209 τὴν
571 5128 997 5221 πρωτοφάνειαν,
1029 5142 1116 5198 καὶ
1145 5137 1334 5201 ἄλλοις
1367 5136 1744 5215 ἐπιχορηγεῖν.
1804 5133 1902 5192 Καὶ

1999 5134 2371 5221 beaut,atque
2401 5131 2531 5195 aliis
2552 5128 3089 5221 impertiant.Quiri
3113 5129 3358 5221 etaliter
3385 5149 3624 5221 quoque

399 5232 485 5288 καὶ
516 5229 693 5294 ἄλλως
726 5219 938 5309 νεφέλαι
969 5219 1234 5310 λέγονται,
1295 5225 1380 5286 διὰ
1421 5227 1482 5282 τὸ
1511 5225 1752 5303 γόνιμον,
1811 5224 1900 5293 καὶ

1999 5219 2174 5283 iubes
2206 5220 2501 5297 dicuntur,
2539 5227 2780 5302 propter
2810 5219 2924 5310 vim
2955 5219 3402 5310 fecundandi,et
3431 5219 3624 5280 viviﬁ-

255 5322 547 5400 ζωοποιὸν,
582 5319 671 5376 καὶ
703 5319 1008 5401 αὖξητικὸν,
1060 5321 1150 5378 καὶ
1207 5315 1546 5375 τελειωτικὸν
1602 5313 1708 5371 τῶν
1764 5335 1898 5392 καρ-

1999 5310 2181 5386 :audi,
2218 5319 2288 5401 et
2307 5311 2584 5392 augendi,
2605 5329 2671 5373 ac
2699 5308 3049 5401 perﬁciendi
3072 5309 3296 5401 fructus
3320 5325 3425 5388 per
3439 5326 3623 5401 aquas

252 5418 400 5484 πῶν,
431 5396 649 5466 διὰ-τῶι
676 5396 1016 5489 ἀκχεομὲνων
1075 5409 1180 5466 ἀπὸ
1236 5413 1341 5464 τῶν
1399 5401 1630 5485 νεφελῶν
1673 5401 1896 5476 ὑδάτων,

1999 5418 2116 5481 lum
2138 5418 2172 5462 e
2195 5400 2455 5464 nubibus
2476 5397 3052 5489 funduntur,quihus
3074 5396 3350 5489 nimirum
3374 5397 3621 5489 subjec-

251 5507 364 5558 τῶν
389 5485 798 5576 ἓκκαλουμένων
844 5500 929 5558 im
969 5498 1196 5572 ζωτικᾶς
1252 5494 1448 5558 ὠδῖνας
1504 5495 1596 5551 τὸν
1653 5489 1902 5572 ἐκδόχιον

1999 5509 2108 5551 .um
2124 5498 2299 5553 terrae
2314 5491 2604 5572 gremium
2621 5489 2844 5571 pluvias
2861 5487 3160 5568 excipiens
3180 5486 3251 5547 ad
3273 5485 3470 5547 vitales
3484 5504 3624 5568 pro-

335 5669 362 5700 °
389 5658 544 5729 Psal.
578 5676 722 5738 nu,
755 5660 818 5726 4.
891 5671 918 5716 P
945 5658 1107 5728 Psal.
1139 5673 1260 5736 cui,
1286 5657 1342 5720 3.
1418 5666 1444 5711 ι
1472 5654 1640 5719 Joau.
1673 5668 1764 5736 ιιι,
1795 5657 1855 5716 8.
1925 5665 1952 5700 ι’
1978 5648 2132 5716 Psal.
2168 5669 2305 5738 xvu,
2344 5654 2442 5719 12.
2508 5663 2528 5691 '
2555 5651 2686 5716 Act.
2721 5665 2762 5715 ι.
2797 5648 2855 5716 9;
