4026 6210
319 68 322 70 ⁷
329 64 460 89 νην·νῖ

176 427 298 492 365

579 431 675 491 DE
717 419 1067 493 COELESTI
1109 421 1612 505 HIERARCHIA,
1660 425 1823 487 CAP.
1871 423 2007 488 XV.
2062 457 2138 468 —
2204 417 2582 485 PARAPHR.
2630 420 3145 488 PACHYMERE.

3444 426 3559 492 366

176 565 450 640 ἐπιθυμῶν
506 565 726 642 σώφρων
753 563 815 618 ἂν
867 563 1100 641 λέγοιτο,
1137 564 1223 619 καὶ
1263 562 1385 619 ὅσον
1415 563 1522 618 ἐστὶ
1583 563 1640 617 τὸ
1695 560 1816 616 ἐπι-

1929 561 1990 620 ei
2017 557 2328 620 iracundia
2348 562 2374 616 ?
2398 557 2557 621 unde
2584 576 2717 620 cum
2746 559 3072 622 secundum
3107 578 3172 622 se
3203 561 3299 635 sit,
3330 562 3402 622 ad
3432 560 3553 622 for-

174 657 418 728 θυμητὸν
462 653 691 728 ὑψηλὸν,
725 655 969 709 τοσοῦτον
1003 652 1209 727 μᾶλλον
1254 653 1477 731 σώφρων
1508 651 1736 712 ἐκεῖνος.
1771 649 1830 706 Τί

176 741 233 797 δὲ
267 752 362 801 τοῦ
401 744 538 799 θείου
567 741 761 820 ἔρωτος
814 741 1148 818 ὑψηλότερον
1185 761 1201 816 ;
1234 741 1397 806 οὕτως
1455 741 1684 820 εἴχομεν
1729 738 1828 795 λέ-

177 853 297 908 γειν
333 836 419 888 καὶ
450 833 566 910 περὶ
596 832 804 891 τούτου.
855 832 951 888 Καὶ
1008 831 1192 894 ἁπλῶς
1242 833 1438 899 εἶπεῖν,
1485 831 1692 892 ἅπάσᾶς
1737 829 1829 890 τὰς

177 923 450 990 αἰσθήσεις
492 941 551 976 τε
609 922 695 976 καὶ
737 919 1090 998 πολυμερείας
1145 927 1250 976 τῶν
1295 919 1506 997 ἀλόγων
1551 920 1701 990 ζώων
1758 919 1830 980 εἷς

174 1012 277 1072 τὰς
334 1009 520 1074 ἀύλους
573 1007 818 1083 δυνάμεις
894 1007 1288 1084 μεταϐιϐάζει-ο,
1351 1010 1437 1064 καὶ
1493 1009 1704 1086 ἀνάγειν
1759 1008 1831 1070 εἰς

171 1102 237 1155 τὸ
286 1097 509 1162 ἐνοειδὲς
557 1102 646 1154 καὶ
702 1099 901 1155 ἁπλοῦν
945 1099 1012 1154 τὰ
1057 1100 1296 1155 σύνθετα⁸
1333 1097 1451 1154 ἀλλ’
1496 1098 1661 1176 ἀρχεϊ
1713 1099 1830 1158 τοῖς

172 1189 467 1267 ἐχέφροσιν
521 1188 580 1244 οὗ
629 1198 792 1246 ταῦτα
839 1189 1001 1262 μόνον
1036 1187 1222 1264 (ταῦτα
1280 1189 1378 1265 γὰρ
1428 1187 1560 1249 ἴσως
1612 1185 1828 1264 πολλὰ),

173 1277 323 1332 ἀλλὰ
367 1279 454 1332 καὶ
517 1283 643 1350 μιᾶς
689 1277 890 1339 εἰκόνος
950 1277 1228 1354 ἀναγωγὴ,
1289 1276 1354 1343 ἣν
1420 1298 1578 1355 φησιν
1632 1275 1830 1332 ἀνακάο

172 1372 384 1444 θαρσιν,
431 1369 505 1428 ὡς
535 1369 665 1444 πρὸς
725 1368 786 1421 τὸ
833 1365 1059 1429 ἑνοειδὲς
1111 1366 1469 1443 ἀναγομένην,
1505 1367 1592 1421 καὶ
1643 1366 1832 1431 νοητὸν

178 1457 238 1512 ἐν
299 1463 376 1530 τῷ
437 1456 530 1523 τῆς
587 1455 774 1520 ὑλικῆς
847 1455 1126 1534 ἐμφερείας
1193 1455 1624 1533 ἀποκαθαίρεται*
1681 1455 1836 1532 ἀρκεῖ

1915 647 2226 711 titudinem
2277 647 2589 727 translata,
2627 657 2737 728 est,
2772 649 2928 728 quod
2981 649 3233 711 sufﬁciat
3264 649 3464 710 virtuti
3494 657 3553 710 ut

1912 737 1985 800 ad
2007 738 2164 799 hanc
2186 737 2530 811 reducatur;
2555 755 2742 798 concu
2757 738 3044 816 piscentia
3069 747 3264 800 autem
3296 738 3558 800 refertur

1913 827 1986 888 ad
2010 826 2235 904 aliquid
2262 825 2541 900 amabile,
2572 826 2724 906 quod
2752 835 2807 886 et
2828 828 3147 908 appetibile
3171 829 3410 892 dicitur.
3444 827 3555 900 Qui

1917 916 2112 996 itaque
2134 933 2259 976 rem
2287 914 2517 995 utilem,
2541 913 2926 995 appetibilem
2961 924 3020 978 et
3049 915 3363 978 amabilem
3406 936 3556 978 con-

1917 1005 2184 1084 cupiscit,
2222 1017 2564 1083 temperans
2590 1005 2709 1064 dici
2737 1005 2942 1083 possit;
2969 1015 3026 1066 et
3053 1015 3268 1083 quanto
3293 1024 3392 1067 res
3422 1024 3555 1082 quae

1917 1095 2217 1174 appetitur
2236 1093 2550 1154 sublimior
2572 1093 2790 1161 existit,
2817 1101 2976 1154 tanto
3001 1112 3232 1174 quoque
3254 1096 3382 1174 ipse
3407 1104 3560 1156 tum-

1917 1183 2241 1264 perantior.
2278 1182 2428 1254 Quid
2461 1190 2655 1243 autem
2707 1181 2914 1242 divino
2961 1201 3164 1244 amore
3193 1184 3557 1246 sublimius?

1916 1272 2042 1334 haec
2062 1272 2260 1352 itaque
2285 1271 2360 1332 de
2388 1271 2483 1332 his
2505 1271 2775 1332 diximus.
2804 1272 2896 1351 Et,
2924 1272 3275 1351 simpliciter
3297 1273 3549 1354 loquen-

1917 1362 2016 1434 do,
2044 1379 2354 1441 possemus
2375 1360 2645 1422 omnium
2667 1359 3055 1421 animantium
3081 1362 3326 1422 rationis
3347 1381 3553 1443 exper-

1919 1451 2069 1510 tium
2101 1459 2160 1512 et
2187 1468 2398 1511 sensus
2421 1458 2479 1511 et
2504 1450 2686 1510 multa
2731 1449 3000 1511 membra
3029 1451 3100 1511 ad
3135 1452 3556 1514 immateriales

178 1556 312 1622 γοῦν
371 1547 458 1601 καὶ
501 1551 625 1619 μιᾶς
658 1545 856 1606 εἰκόνος
902 1546 1254 1623 ἀνακαθαρσος
1313 1547 1399 1601 καὶ
1443 1546 1515 1609 εἰς
1575 1545 1674 1611 τὴν
1731 1549 1836 1598 τῶν

1929 1540 2053 1602 illas
2075 1540 2318 1600 virtutes
2353 1539 2698 1612 transferre,
2733 1547 2791 1600 et
2815 1557 2884 1600 ea
2914 1558 3044 1618 qua;
3066 1538 3395 1618 composita
3423 1549 3558 1602 sunt

181 1640 395 1693 λοιπῶν
437 1633 784 1713 διασάφησιν,

1929 1629 1993 1690 Id
2026 1629 2484 1691 uniformitatem
2509 1627 3072 1708 simplicitatemque
3099 1629 3434 1706 traducere;
3458 1630 3560 1692 sed

185 1723 592 1804 prudentibus
621 1741 741 1784 non
774 1722 898 1784 hac
927 1723 1119 1784 solum
1157 1723 1458 1804 (qurniam
1511 1724 1635 1784 haec
1669 1721 1821 1782 forte
1853 1721 2060 1799 multa)
2109 1724 2248 1780 satis
2277 1727 2438 1790 sunt,
2489 1736 2687 1778 verum
2723 1718 2902 1778 etiam
2934 1718 3024 1779 vel
3056 1719 3231 1778 unius
3292 1719 3564 1798 imaginis

179 1830 478 1892 anagoge,
509 1830 684 1892 quam
718 1813 1090 1892 ἀνακάθαρσιν,
1127 1831 1235 1874 seu
1265 1813 1777 1892 ecrpurgationem
1822 1817 2055 1882 vocant,
2087 1818 2169 1868 .ut
2197 1826 2331 1888 quae
2358 1807 2431 1868 ad
2466 1807 2929 1868 uniformitatem
2961 1808 3239 1882 adducat,
3278 1816 3336 1869 et
3380 1809 3562 1870 intel-

183 1901 421 1980 ligendi
450 1901 792 1964 facultatem
836 1901 896 1962 in
929 1901 1221 1964 materiali
1253 1899 1650 1963 similitudine
1683 1899 1955 1980 puriﬂcat
1990 1915 2001 1972 ;
2037 1898 2126 1961 vel
2161 1899 2344 1959 unius
2371 1896 2570 1977 itaque
2621 1896 2896 1974 imaginis
2927 1897 3258 1959 enucleatiu
3279 1898 3353 1960 ad
3385 1907 3563 1961 caete-

180 2009 393 2053 rarum
425 2009 664 2070 quoque
708 1990 1160 2070 explicationem
1191 1993 1333 2054 satis
1363 2000 1479 2054 est.

269 2079 423 2160 §IX.
489 2081 873 2138 Ἐπισκεπτέον
905 2080 959 2138 δὲ
1013 2085 1101 2139 καὶ
1154 2082 1346 2162 τᾶλλα,
1380 2084 1501 2144 τοὺς
1551 2081 1839 2156 ποταμοὺς.

2007 2077 2036 2157 §
2067 2076 2166 2142 IX.
2202 2076 2489 2141 Caeterum
2525 2075 2958 2139 consideranda
2983 2096 3220 2158 quoque
3249 2087 3386 2140 sunt
3415 2079 3560 2142 reli-

182 2173 274 2227 καὶ
315 2172 440 2234 τοὺς
499 2171 756 2249 τροχοὺς,
794 2171 877 2227 καὶ
933 2173 997 2227 τὰ
1049 2172 1358 2248 συνημμένα
1399 2185 1522 2235 ταῖς
1581 2171 1839 2247 οὒρανίαις

1929 2186 2062 2247 qua,
2085 2167 2226 2245 quid
2252 2166 2366 2228 sibi
2392 2167 2574 2227 velint
2598 2166 2865 2246 ﬂumina,
2892 2175 3056 2246 rotae,
3090 2176 3150 2228 et
3174 2185 3406 2242 currus,
3432 2187 3564 2248 qua)

182 2261 393 2324 οὖσέαις
453 2259 686 2336 ἅρματα,
751 2263 811 2318 Οἱ
867 2261 965 2335 μὲν
1029 2262 1116 2317 οὖν
1180 2262 1421 2339 ἐμπύριοι
1464 2261 1695 2335 ποταμοὶ
1746 2260 1839 2322 τὰς

1929 2257 2264 2318 ccelestibus
2293 2255 2570 2318 essentiis
2603 2257 2920 2336 conjuncta
2944 2256 3350 2336 perhibentur.
3388 2260 3565 2336 ignea

180 2351 478 2429 θεαρχικὲις
536 2349 861 2426 πλημμύρας
935 2352 1414 2427 ὑποσημαίνουσιν,
1465 2351 1688 2431 ἄφθονον
1753 2351 1839 2406 καὶ

1929 2345 2176 2426 proinde
2201 2346 2443 2406 ﬂumina
2473 2345 2702 2406 divinos
2734 2347 2890 2406 rivos
2919 2346 3244 2423 declarant,
3278 2365 3410 2427 quae
3445 2348 3563 2408 lar-

185 2439 566 2504 ἀνεξάλειπτον
647 2439 894 2517 ἐπιῤῥοὴν
940 2438 1296 2517 βραϐευοόσας
1382 2455 1504 2504 ταῖς
1577 2439 1836 2519 οὐρανίαις

1929 2455 2057 2513 gum
2106 2453 2551 2515 perennemque
2598 2436 2820 2495 ﬂuxum
2868 2435 3210 2496 caelestibus
3258 2436 3566 2497 virtutibus

187 2527 499 2603 δυνάμεσιν.
560 2529 710 2586 Ἐπεί
751 2527 805 2583 δὲ
848 2533 1108 2600 ζωοποιὸν
1153 2533 1212 2587 τὸ
1254 2538 1356 2610 πῦρ
1416 2531 1584 2600 ἐστιν,
1618 2533 1676 2588 οὗ
1722 2529 1836 2584 καθ’

191 2619 219 2672 ὂ
291 2624 425 2693 πῦρ,
493 2616 630 2673 ἀλλά
689 2617 806 2674 καθ’
867 2619 896 2674 ὃ
964 2622 1156 2696 θερμὸν
1224 2622 1312 2675 καὶ
1367 2619 1604 2698 θρετικόν
1673 2618 1840 2697 ἐστιν,

191 2707 329 2762 εἰσὶν
391 2709 709 2763 αἱτοιαῦται
766 2710 906 2763 θεῖαι
951 2707 1264 2786 πλημμύραι
1322 2710 1409 2764 καὶ
1463 2708 1711 2779 ζωοποιοὶ
1758 2708 1845 2763 καὶ

190 2799 473 2875 θρεπτικαὶ
511 2801 608 2862 τῆς
641 2801 746 2851 τῶν
798 2795 1044 2876 ἀγγέλων
1098 2798 1474 2876 γονιμότητος,
1509 2800 1583 2855 Τὰ
1639 2797 1847 2876 ἅρματα

192 2888 296 2953 τὴν
372 2887 616 2962 συζυγίαν
683 2886 775 2941 καὶ
827 2888 888 2941 τὸ
950 2890 1287 2948 κοινωνικόν,
1353 2887 1449 2945 Καὶ
1517 2888 1567 2942 τί
1638 2888 1736 2965 γὰρ
1786 2885 1848 2940 ἃν

193 2973 346 3052 λέγοι
399 2996 480 3036 τις
511 2981 665 3029 τοῦτο
723 2973 808 3030 ἐπ’
844 2973 1062 3039 ἐκείνοις
1106 2974 1240 3032 ὅπου
1283 2977 1369 3032 καὶ
1425 2975 1478 3029 ἐν
1537 2977 1671 3050 ἡμῖν
1722 2975 1848 3038 φαί-

195 3085 346 3121 νεται
387 3082 406 3137 ς
451 3060 784 3136 Συμϐολικὸν
842 3064 1002 3138 οἶμαι
1060 3067 1148 3121 καὶ
1200 3071 1355 3122 τοῦτο
1401 3070 1502 3131 τῆς
1549 3067 1847 3128 κοινωνίας.

197 3153 290 3209 δύο
347 3167 548 3232 χεῖρας
581 3152 789 3232 ἔχουσι,
823 3156 913 3210 καὶ
943 3152 1030 3210 δύο
1072 3154 1339 3234 ῥώθωνας,
1372 3156 1458 3211 καὶ
1502 3153 1590 3211 δύο
1647 3153 1842 3234 ὀφθαλ-

192 3244 359 3321 μοὺς,
396 3244 485 3298 καὶ
535 3240 622 3298 δύο
669 3243 807 3317 ὦτα,
855 3245 942 3300 καὶ
999 3242 1086 3301 δύο
1145 3242 1330 3318 πόδας,
1385 3245 1470 3300 καὶ
1514 3243 1694 3312 διττὴν
1747 3251 1851 3301 τῶν

187 3331 430 3389 ὀδόντων
491 3332 712 3388 καὶτῶν
772 3332 1001 3411 χειλέων
1032 3332 1233 3392 πλάσιν

1291 3335 1377 3390 καὶ
1421 3333 1613 3390 τᾶλλα-
1651 3334 1742 3389 ’ἕνα
1774 3335 1834 3390 μὶ

1241 3381 1256 3414 ,
1291 3355 1377 3390 και
1421 3355 1614 3414 totum,
1660 3356 1742 3389 ινα
1774 3357 1851 3409 μη

1923 2525 2326 2606 suppeditant.
2365 2525 2514 2586 Cum
2573 2533 2771 2586 autem
2829 2523 2984 2600 ignis
3015 2526 3090 2585 sit
3120 2524 3407 2605 viviﬂcus,
3444 2544 3561 2586 non

1925 2614 2164 2694 quidem
2190 2615 2250 2674 in
2273 2623 2554 2694 quantum
2582 2613 2734 2690 ignis
2764 2621 2872 2686 est,
2919 2613 3022 2672 sed
3055 2613 3114 2672 in
3143 2626 3426 2693 quantum
3458 2633 3562 2675 ca-

1927 2703 2083 2764 lidus
2112 2713 2169 2766 et
2201 2704 2515 2764 nutritivus
2574 2702 2794 2777 existit,
2856 2701 3040 2762 divini
3095 2721 3334 2784 quoque
3386 2712 3562 2765 aestus

1931 2793 2269 2856 istiusmodi
2311 2801 2484 2873 atque
2515 2790 2933 2852 inundationes
2969 2793 3260 2853 vivilicant
3289 2793 3466 2853 simul
3497 2811 3566 2855 ac

1934 2881 2204 2943 nutriunt
2234 2881 2650 2942 fecunditatem
2682 2880 3050 2956 angelorum.
3081 2884 3305 2944 Currus
3335 2882 3566 2959 signiti-

1933 2979 2069 3034 cant
2091 2971 2436 3032 eorumdem
2459 2970 2940 3048 conjunctionem
2963 2988 3032 3031 ac
3060 2972 3565 3033 communionem.

1934 3059 2358 3123 Verumtamen
2390 3059 2599 3140 quidni
2643 3059 2718 3118 de
2765 3058 2884 3119 illis
2913 3059 3203 3139 quispiam
3239 3060 3298 3120 id
3331 3060 3566 3133 dixerit,

1933 3168 2071 3212 cum
2103 3158 2159 3210 et
2189 3151 2248 3210 in
2291 3148 2462 3209 nobis
2487 3149 2598 3209 hoc
2623 3154 2935 3228 appareat?
2962 3147 3114 3220 Quin
3147 3160 3204 3210 et
3234 3148 3379 3209 illud
3413 3168 3567 3229 quo-

1934 3258 2049 3320 que
2077 3237 2406 3320 symbolum
2441 3238 2881 3298 communionis
2907 3238 3202 3311 existimo,
3234 3239 3390 3320 quod
3424 3242 3568 3300 duas

1937 3348 2148 3390 manus
2177 3328 2456 3403 habeant,
2491 3339 2551 3390 et
2582 3327 2727 3387 duas
2763 3345 2958 3400 nares,
2994 3337 3049 3388 et
3082 3329 3228 3388 duos
3258 3333 3482 3408 oculos,
3512 3341 3570 3390 et

185 3413 314 3478 καθ’
373 3420 597 3478 ἕκαστον
641 3419 756 3477 διατ
799 3423 843 3446 ’μ
939 3445 958 3456 α·
1213 3413 1252 3440 ’“
1496 3425 1509 3444 ‘
1593 3413 1607 3444 ’
1686 3426 1698 3444 ‘
1831 3427 1839 3442 '

761 3444 1015 3500 ριοωμεν,
1091 3426 1150 3480 Οἱ
1207 3441 1262 3478 οε
1326 3445 1535 3504 τροχοι,
1589 3445 1703 3480 επει
1760 3447 1839 3480 και

1938 3419 2082 3481 duas
2113 3436 2308 3491 aures,
2347 3427 2406 3478 et
2434 3417 2582 3476 duos
2617 3417 2819 3496 pedes,
2861 3415 2984 3476 151
3025 3423 3084 3477 et
3124 3417 3422 3496 duplicem
3451 3427 3568 3478 tam

184 3513 483 3590 πτερωτοὶ,
535 3514 623 3566 καί
681 3513 767 3568 επὶ
817 3513 880 3568 τὰ
911 3513 1205 3592 ἔμπροσθεν
1260 3512 1486 3576 ἀκλινῶς
1547 3515 1848 3592 πορευόμε-

186 3625 300 3682 νοι,
333 3602 434 3668 τὴν
474 3599 695 3675 δύναμιν
743 3599 984 3667 δηλοῦσι’
1039 3605 1101 3658 τὸ
1131 3603 1230 3680 γὰρ
1274 3603 1372 3669 τὴν
1425 3605 1556 3680 πρὸς
1587 3603 1647 3658 τὸ
1690 3601 1849 3659 δύνα-

188 3715 285 3766 μιν
332 3689 646 3752 ἀποδοτέον,
679 3691 745 3746 τὰ
791 3688 834 3745 δ’
892 3690 1028 3748 ἄλλα
1071 3690 1155 3747 διὰ
1213 3690 1397 3767 μέσου.
1445 3694 1552 3759 Τὴν
1595 3689 1848 3767 δύναμιν-

188 3783 374 3837 τοῖνυν
435 3777 656 3845 δηλοῦσι
699 3781 798 3846 τῆς
831 3780 948 3836 κατ’
984 3783 1190 3837 εὐθεῖαν
1238 3779 1376 3855 ὁδοῦ,
1409 3783 1498 3837 καὶ
1540 3781 1709 3858 ὄρθιον
1753 3789 1850 3849 τῆς

191 3868 524 3948 πορευτικῖκ
583 3868 754 3925 αὗτῶν
815 3869 1104 3947 ἐνεργείας.
1169 3875 1288 3934 Πῶς
1346 3868 1399 3926 δὲ
1470 3892 1557 3927 και
1627 3870 1852 3939 κυκλική

191 3963 289 4018 καὶ
346 3956 469 4015 κατ’
502 3961 707 4016 εὖθεϊαν
765 3960 800 4026 ἡ
833 3957 949 4024 ὁδός
982 3979 998 4034 ;
1057 3958 1319 4031 Κυκλικὴ,
1355 3959 1441 4018 ὅτι
1481 3962 1617 4018 κατα
1663 3961 1854 4018 κύκλον

195 4050 581 4128 ἰπορεῦοντονο
629 4047 746 4104 κατ’
793 4051 1000 4106 εὖθεϊαν
1054 4047 1130 4123 δὲ,
1185 4049 1265 4105 ὅτι
1317 4050 1711 4131 ἀνεπιστρόφως
1768 4055 1856 4109 καὶ

199 4142 289 4196 ἀεὶ
348 4138 439 4194 ἐπὶ
515 4139 575 4193 τὸ
633 4137 922 4215 ἔμπροσθεν
981 4139 1069 4195 καὶ
1127 4140 1186 4195 οὒ
1251 4140 1379 4194 ποτὲ
1429 4140 1526 4214 μὲν
1570 4140 1858 4220 ἔμπροσθεν

195 4229 342 4287 ποτέ
374 4225 430 4282 δὲ
490 4225 728 4302 ὄπισθεν,
762 4227 798 4294 ἢ
829 4227 910 4284 ἐπὶ
963 4226 1102 4293 δεξιὰ
1132 4227 1167 4296 ἢ
1199 4227 1282 4284 ἐπὶ
1333 4231 1542 4308 θάτερα,
1579 4229 1662 4286 διὰ
1705 4239 1857 4290 τοῦτο

178 4321 282 4376 καὶ
311 4317 405 4373 ἐπὶ
447 4316 540 4371 τὸν
569 4317 726 4374 αὐτὸν
757 4318 844 4372 καὶ
894 4315 1137 4392 ἰθότομον
1194 4317 1357 4392 οἶμον
1388 4319 1420 4384 ἡ
1481 4319 1648 4386 νοητὴ
1683 4322 1853 4376 αὐτῶν

175 4408 392 4488 ego-1.15:
422 4405 794 4483 ὑπερκοσμίως
825 4406 1074 4468 ἰθύνεται.

172 4506 351 4567 sum,
395 4492 492 4553 vel
523 4493 908 4555 dextrorsum
939 4494 1030 4556 vel
1061 4494 1469 4558 sinistrorsum

165 4589 430 4644 rectam
461 4581 833 4663 arduamque
867 4585 1438 4664 supermundialiter
1464 4584 1734 4664 dirigitur
1757 4631 1770 4647 .

1931 3509 2197 3570 dentium
2232 3525 2406 3587 quam
2445 3504 2736 3567 labiorum
2770 3505 3065 3582 ordinem,
3100 3514 3159 3568 et
3204 3517 3439 3580 caetera,
3493 3523 3569 3566 ne

1931 3597 2181 3677 singulis
2211 3597 2625 3657 immoremur.
2678 3593 2838 3656 Rotae
2881 3605 3247 3674 autem,cum
3297 3605 3569 3676 pennata:

1933 3687 2051 3750 sint
2075 3695 2133 3748 et
2165 3686 2241 3746 ud
2263 3686 2561 3746 anteriora
2591 3684 2721 3744 sine
2749 3683 3068 3744 inﬂexione
3100 3687 3420 3764 procedant
3449 3688 3569 3746 vir-

1937 3785 2118 3838 tutem
2153 3777 2434 3838 denotant
2460 3795 2472 3836 :
2500 3791 2635 3833 nam
2660 3773 2942 3833 articulus
2971 3773 3066 3840 τήν
3089 3774 3164 3833 ad
3181 3782 3456 3836 Virtutem
3476 3793 3569 3836 re-

1937 3866 2221 3929 ferendus
2253 3873 2362 3938 est,
2397 3872 2606 3924 cwtera
2629 3881 2765 3922 vero
2804 3862 3160 3923 intermedia
3185 3865 3568 3927 sunt.Virtu-

1940 3965 2056 4018 tem
2090 3957 2288 4035 itaque
2317 3953 2652 4032 signiﬁcant
2681 3953 2794 4014 via:
2821 3967 3023 4026 rectae,
3059 3960 3117 4012 et
3146 3954 3569 4016 rectitudinem

1940 4046 2289 4110 earumdem
2313 4041 3016 4125 operationisQuomodo
3032 4052 3229 4103 autem
3254 4062 3460 4105 eorum
3487 4046 3574 4106 via

1941 4137 2248 4198 circularis
2279 4143 2461 4207 est,et
2510 4139 2701 4195 recta?
2723 4133 3042 4194 Circularis
3075 4135 3478 4213 est,quoniam
3510 4134 3573 4195 in

1940 4227 2189 4288 circuitu
2219 4222 2622 4298 ambulabant;
2664 4235 2826 4285 recta
2855 4240 3014 4302 vero,
3051 4223 3190 4299 quia
3222 4224 3350 4284 sine
3379 4224 3575 4284 reditu
3659 4268 3662 4270 η

1937 4328 1998 4378 et
2026 4333 2267 4396 semper
2295 4315 2368 4376 ad
2400 4319 2695 4374 anteriora
2729 4313 3072 4392 pergebant,
3105 4331 3223 4372 non
3243 4323 3442 4374 autem
3461 4314 3574 4374 ali-

1933 4406 2168 4487 quando
2182 4405 2426 4484 quidem
2441 4402 3158 4481 antrorsum,quandoque
3189 4421 3328 4463 vero
3350 4413 3577 4464 retror-

1520 4516 1533 4558 :
1597 4495 1821 4559 idcirco
1863 4497 2044 4562 etiam
2078 4493 2436 4556 intellectilis
2465 4510 2673 4554 eorum
2705 4490 2989 4554 volutatio
3023 4491 3084 4552 in
3126 4494 3398 4554 eamdem
3423 4499 3574 4552 viam

269 4671 450 4729 ’Ἕστι
483 4671 538 4727 δὲ
571 4673 658 4729 καὶ
717 4673 835 4729 κατ’
867 4673 1040 4742 ἀλλην
1073 4675 1391 4754 ἀνακαθᾶραι
1441 4674 1727 4756 ἀναγωγὴν
1756 4678 1839 4746 τὴ*

2020 4677 2180 4739 Licet
2211 4673 2385 4736 etiam
2408 4672 2524 4734 alio
2557 4691 2734 4734 sensu
2764 4670 3082 4750 anagogico
3114 4670 3449 4734 istiusmodi
3474 4691 3540 4733 ro
3569 4711 3580 4720 -

169 4762 456 4827 τοιαύτην
512 4766 619 4816 τῶν
678 4768 894 4842 τροχῶδ
962 4766 1163 4828 ε’κόνα.
1232 4763 1539 4834 Ἐπεκλήθη
1598 4767 1698 4845 γὰρ
1756 4771 1854 4826 αὖ·

170 4864 338 4923 τοῖς,
375 4853 451 4915 ὡς
512 4851 540 4906 ὃ
585 4853 866 4929 προφήτης
927 4855 1079 4932 φησὶ,
1135 4853 1354 4932 Γελγὲλ⁰
1415 4862 1568 4911 τοῦτο
1625 4854 1680 4911 δὲ
1739 4856 1853 4913 καθ’

172 4933 464 5018 Ἐϐραῖὂα
541 4939 928 5016 ἀνακυλισμοός
999 4944 1090 5000 καὶ
1160 4943 1512 5021 ἀνακυλύψεις
1581 4947 1850 5012 σημαίνει·

1939 4775 2132 4829 tarum
2190 4763 2657 4844 descriptionem
2711 4762 3112 4842 interpretari.
3146 4763 3378 4826 Nomen
3419 4763 3578 4824 enim

1939 4858 2120 4933 eis,ut
2143 4858 2223 4918 ait
2249 4852 2770 4936 propheta,Gelgel
2793 4853 3134 4932 impositum
3163 4856 3437 4934 est,quod
3457 4854 3577 4915 He-

1939 4947 2143 5010 hraico
2174 4961 2455 5007 sermone
2500 4943 2908 5004 revolutiones
2938 4944 3326 5006 revelationes
3350 4963 3465 5024 que
3498 4944 3581 5004 si-

171 5032 596 5108 ἆναδωλισμους
627 5035 725 5112 γὰρ
755 5033 943 5113 ἔχουσι
977 5037 1042 5092 τὰ
1086 5035 1301 5114 οὗριίνια
1330 5043 1398 5112 τῇ
1456 5039 1572 5112 περί
1603 5040 1663 5094 τὸ
1721 5042 1839 5097 ταῦ·

1943 5037 2188 5116 gniﬁcat
2217 5057 2230 5096 :
2265 5033 2531 5096 coelestia
2561 5033 2722 5092 enim
2755 5032 3154 5093 revolutiones
3199 5051 3335 5094 suas
3366 5035 3584 5094 habent

171 5127 278 5182 τῦν
334 5125 538 5192 ἀγαθον
580 5123 871 5196 ἀεικινήτῳ
922 5128 1215 5205 συστροφῇ,
1266 5125 1622 5202 ἀνακαλύψεις
1682 5125 1736 5183 δὲ
1795 5134 1839 5184 τί

1947 5146 2016 5188 eo
2049 5134 2230 5205 motu,
2267 5143 2381 5204 quo
2399 5124 2625 5184 circum
2659 5122 2880 5182 bonum
2913 5123 3105 5202 ipsum
3130 5133 3411 5202 perpetua
3435 5141 3582 5184 con-

169 5221 302 5273 τῶν
368 5215 607 5293 κρυφίων
664 5213 998 5293 ὲκφαντορίᾳ.
1063 5215 1226 5290 Ἰξνῷ
1281 5217 1379 5294 γὰρ
1423 5219 1468 5272 οἱ
1511 5219 1702 5297 τροχοὶ
1761 5241 1839 5276 κν).

1948 5209 2975 5286 versioneversantur;revelationes
3005 5229 3165 5285 vero,
3194 5213 3582 5272 obscurarum

173 5306 232 5361 λε
537 5305 548 5318 “
622 5305 652 5359 ὁ
761 5304 794 5360 ά
954 5305 966 5324 ’
1115 5303 1174 5360 λ’
1665 5308 1674 5324 ‘
1764 5306 1787 5325 "

215 5325 437 5379 ,ιι-και,
497 5323 565 5358 τα
657 5326 760 5360 ποκ
797 5325 873 5360 τω
944 5323 1113 5361 ανακα
1150 5327 1428 5384 υπτονιαι,
1479 5308 1557 5362 cui
1625 5329 1690 5363 τα
1757 5330 1839 5364 avo

1947 5324 2146 5368 rerum
2179 5299 2753 5366 manifestationeJn
2777 5311 3061 5382 quantum
3097 5303 3256 5362 enim
3288 5312 3433 5362 rotae
3455 5301 3584 5360 vol-

168 5395 349 5452 ιιάτω
395 5393 658 5470 γίνονται.
717 5393 1040 5472 Ἀνάγονται
1095 5395 1266 5454 τοίνυν
1322 5397 1388 5452 τὰ
1439 5395 1717 5473 περιπέζια
1765 5399 1852 5454 καὶ

169 5487 246 5542 τὰ
320 5481 549 5560 ὂεὼερα
577 5484 716 5539 κατᾶ
773 5484 869 5552 τὴν
903 5485 973 5546 εἰς
1004 5485 1065 5540 τὸ
1128 5493 1283 5541 Θεϊον
1311 5483 1426 5541 καθ’
1476 5483 1698 5542 ἕκαστον
1728 5487 1853 5543 τού-

169 5598 296 5633 των
374 5571 692 5649 ἀναγωγὴν,
751 5575 839 5629 καὶ
895 5576 944 5630 αἱ
1014 5571 1216 5647 ὑψηλαὶ
1272 5573 1565 5652 ἐλλάμψεις
1629 5577 1700 5642 εἰς
1759 5578 1857 5645 τὴν

166 5661 498 5752 ﬁniam»:
542 5662 612 5740 τῇ
640 5663 858 5741 προνοίᾳ
898 5659 1359 5737 καταϐιόὶζονται.

1936 5409 2174 5470 vuutur,
2199 5394 2482 5455 inferiora
2510 5392 2873 5473 revelantur,
2902 5400 2962 5452 et
2984 5393 3291 5471 superiora
3318 5392 3462 5452 [iunt
3499 5390 3584 5450 in-

1937 5485 2178 5548 feriora.
2204 5483 2534 5544 Humiliora
2574 5481 2774 5558 itaque
2806 5491 2864 5542 et
2910 5481 3217 5551 inferiora,
3251 5480 3584 5540 secundum

1939 5573 2264 5654 cujuslibet
2319 5573 2531 5633 horum
2563 5571 2638 5632 ad
2672 5571 2936 5631 divinum
2989 5569 3223 5630 Numen
3267 5568 3587 5630 adductio-

1941 5683 2106 5743 nem,
2157 5663 2483 5742 eriguntur,
2547 5669 2605 5722 et
2659 5661 2947 5722 sublimes
2999 5657 3424 5719 illustrationes
3486 5675 3592 5741 per

1947 5753 2381 5838 providentiam
2411 5749 2742 5814 remissiori
2773 5749 2960 5829 gradu
2995 5746 3408 5813 demittuntur.
