4028 6192
455 385 572 454 367
1623 385 1688 449 S.
1734 380 2072 448 DIONYSII
2115 381 2502 447 AREOPAGI
2519 376 2662 445 TE.
3704 379 3810 447 368

534 524 740 585 Restat
769 518 942 582 nobis
971 507 1374 578 dicendumde
1406 515 1814 595 gaudio,juxta
1847 517 2003 596 quod
2037 518 2096 578 in

2262 519 2455 583 Λοιπὸς
2504 519 2640 592 ἡμῖν
2686 519 2712 572 ὁ
2772 517 2890 595 περὶ
2936 518 3033 583 τῆς
3088 523 3264 597 χαρᾶς
3313 514 3494 595 λόγος,
3540 519 3707 580 καθὼς
3762 517 3810 573 ἐν

451 608 790 690 Evangeliis
811 608 891 669 ait
912 606 1220 669 Dominus:
1254 604 1754 683 Gautlentangeli
1775 623 1962 686 super
1981 624 2102 669 uno

2198 607 2525 685 Εὐαγγελίοις
2588 605 2748 684 φησὶν
2805 608 2833 662 ὁ
2907 606 3118 684 Κύριος*
3179 608 3457 685 Χαίρουσιν
3505 608 3550 661 οἱ
3607 603 3814 684 ἄγγελοι

449 706 757 778 peccatore
795 695 1217 776 paenitentiam
1245 703 1460 775 agente
1479 737 1524 779 ,.
1561 693 1866 767 Quodnam
1904 694 2102 776 itaque

2198 698 2270 754 ἐπὶ
2325 697 2399 752 ἑνὶ
2452 693 2752 772 ἁμαρτωλῷ
2815 697 3187 769 μετανοοῦντι.
3261 695 3348 756 Τίς
3404 701 3526 773 γοῦν
3591 696 3625 762 ἡ
3681 697 3814 775 χαρὰ

451 795 542 849 est
563 785 845 866 gaudium
877 784 1254 863 angelorum?
1281 802 1472 863 neque
1497 784 1654 844 enim
1700 784 1832 864 quis
1861 783 2098 860 dixerit,

2198 789 2291 842 τῶν
2332 783 2621 862 ἀγγέλων;
2681 783 2739 840 οὔ
2768 785 2871 863 γὰρ
2921 782 2985 839 ἂν
3042 785 3190 840 εἴποι
3234 805 3315 848 τις
3365 784 3538 862 χαρὰν
3581 782 3664 840 ἐπὶ
3718 791 3813 842 τῶν

453 878 512 937 in
531 874 756 954 angelis
782 875 1102 936 humanam
1128 891 1262 935 esse
1288 872 1631 954 passibilem
1656 874 1914 953 aliquam
1933 875 2103 935 volu-

2198 872 2428 953 ὶγγὶλων
2483 872 2538 929 εἶ
2553 894 2627 928 θαι
2684 872 2782 939 τὴν
2825 871 3038 947 ἐμπαθῆ
3097 871 3313 951 ἡδονὴν,
3360 873 3459 940 τήν
3501 872 3817 951 ἀνθρωπίνην

453 962 1220 1045 ptatem,velutiatfectione
1238 963 1397 1024 circa
1413 981 1631 1043 corpus
1647 961 1819 1024 facile
1836 963 2101 1026 mutabili

2198 965 2406 1037 ταύτην,
2451 962 2526 1025 ὡς
2557 966 2623 1037 τῇ
2673 962 2789 1040 περὶ
2833 961 2990 1036 σῶμα
3035 960 3377 1036 εὒαλλοιώτῳ
3433 962 3677 1034 εὐπαθείᾳ
3700 983 3816 1017 συνο

453 1061 822 1115 conslantem
833 1051 963 1128 ,sed
978 1050 1100 1115 Deo
1117 1051 1407 1114 dicuntur
1420 1052 1683 1130 congaud
1693 1071 1794 1114 ere
1807 1051 1882 1114 ob
1897 1071 2103 1114 eorum

2198 1051 2501 1126 ισταμένηνο
2549 1049 2687 1106 ἀλλὰ
2716 1051 3026 1130 συγχαίρειν
3071 1049 3315 1128 λέγονται
3350 1059 3428 1126 τῷ
3471 1057 3588 1125 Θεῷ
3613 1053 3682 1128 τῇ
3722 1057 3818 1108 τῶν

451 1143 555 1222 qui
584 1141 888 1223 perierant
937 1141 1371 1216 inventionem,
1403 1141 1606 1204 divina
1633 1142 1866 1205 scilicet
1901 1142 2105 1204 delec-

2198 1137 2550 1199 Ξιπολωλότων
2610 1139 2833 1216 εὑρέσει,
2890 1141 3064 1204 καθὼς
3117 1139 3171 1196 ἐν
3230 1141 3570 1220 Εὒαγγελίοις
3622 1140 3818 1215 μανθάο

453 1232 699 1311 talione,
733 1230 1238 1312 quemadmodum
1271 1231 1333 1292 in
1365 1230 1704 1310 Evangeliis
1737 1232 2101 1312 accepimus.

2198 1251 2369 1306 νομεν,
2431 1229 2569 1285 κατὰ
2627 1228 2730 1296 τὴν
2783 1227 2990 1296 θεοειδῆ
3067 1229 3363 1307 ῥᾳστώνη-ι.
3423 1227 3724 1308 Ἀναλόγως
3771 1226 3818 1284 δὲ

453 1320 988 1403 Proportionaliter
1016 1319 1217 1397 itaque
1241 1319 1320 1382 de
1343 1321 1570 1400 angelis
1598 1339 1816 1383 nomen
1843 1322 1954 1382 hoc
1983 1321 2106 1400 ῥᾳσ-

2198 1319 2273 1376 ἒπὶ
2330 1317 2575 1398 ἀγγέλων
2631 1317 2851 1384 νοητέον
2902 1327 2961 1374 τὸ
3018 1325 3115 1387 τῆς
3161 1318 3436 1396 ρᾳστῶνης
3484 1317 3677 1394 ὅνομα’
3735 1317 3822 1395 ῥᾳ-

451 1412 630 1478 τώνης
660 1427 767 1472 seu
808 1409 1230 1472 oblectationis
1275 1409 1693 1490 accipiendum
1743 1411 2104 1490 οειερᾳστώρη

2198 1409 2364 1475 ττώνη
2397 1409 2495 1486 γὰρ
2528 1407 2670 1462 ἐστιν
2709 1407 2744 1475 ἡ
2809 1407 3019 1486 ψυχικὴ
3064 1407 3274 1466 εὐκολία
3331 1409 3420 1465 καὶ
3473 1409 3724 1486 εὒμάρεια
3775 1405 3823 1462 ἓν

456 1503 614 1566 enim
629 1510 720 1564 est
743 1501 1024 1582 spiritalis
1037 1502 1308 1582 quaedam
1327 1502 1576 1565 facilitas
1595 1504 2107 1585 tranquillitasque

2198 1496 2476 1554 Ξιναπαύσει
2508 1496 2641 1570 μετὰ
2684 1496 2962 1558 ἀπαθείας.
3011 1498 3215 1554 Τίθεται
3259 1495 3313 1552 δὲ
3372 1497 3456 1553 ἐπὶ
3497 1497 3604 1553 τῶν
3647 1508 3824 1553 πονεῖν

456 1594 517 1656 in
539 1591 738 1674 quiete
763 1591 1146 1672 passionibus
1164 1595 1679 1655 vacante.Ponitur
1700 1603 1892 1654 autem
1927 1583 2102 1654 etiam

2315 1584 2674 1674 βουλομένων,
2737 1583 2856 1641 αλλ’
2918 1583 3212 1664 ἀδιατόρως
3271 1591 3366 1662 ζῇν
3425 1583 3718 1661 ἑλομένων,
3749 1587 3827 1674 καὶ

454 1673 568 1764 pro
590 1680 664 1743 iis
696 1681 799 1762 qui
825 1679 1096 1743 laborare
1117 1682 1458 1762 nolunt,sed
1483 1681 1894 1745 indifferenter
1913 1683 2107 1744 vivere

2198 1677 2436 1750 σημαίνει
2495 1676 2530 1743 ἡ
2573 1673 2711 1740 λέξις
2767 1676 2830 1731 τὸ
2889 1675 3106 1754 εὖχερὲς
3151 1676 3238 1732 καὶ
3294 1677 3391 1732 οὒκ
3428 1675 3705 1732 ὶπίπονον·
3750 1673 3828 1730 ἐπὶ

456 1762 1119 1851 eligunt,signiﬁcatque
1141 1770 1268 1832 haec
1299 1770 1482 1832 dictio
1513 1771 1574 1832 id
1606 1770 1766 1852 quod
1815 1771 1986 1832 facile
2021 1779 2110 1832 est

2198 1764 2244 1821 δὲ
2276 1771 2380 1822 τῶν
2425 1762 2666 1842 ἀγγέλων
2715 1765 2775 1820 τὸ
2819 1765 3076 1843 μακάριον
3123 1767 3208 1822 καὶ
3254 1765 3453 1830 ἀπαθὲς
3494 1766 3583 1822 καὶ
3623 1763 3832 1843 ἀόχλη-

456 1869 515 1923 et
545 1859 791 1922 minime
819 1860 1206 1924 laboriosum:
1241 1861 1303 1922 in
1333 1861 1560 1940 angelis
1609 1851 1810 1923 autem
1846 1860 2108 1922 insinuat

2198 1878 2279 1912 τον
2329 1855 2622 1935 ὑποφαίνει,
2679 1860 2752 1909 Συ
2769 1857 3041 1934 (χαίρουσι
3114 1864 3239 1932 γοῦν
3294 1853 3432 1911 κατᾶ
3477 1854 3575 1922 τὴν
3633 1851 3829 1919 θεοειδῆ

456 1950 696 2012 beatum
711 1957 767 2011 et
783 1957 1062 2030 passione
1086 1949 1541 2030 turbationeque
1563 1950 2036 2029 vacuum.Conga
2047 1969 2109 2009 u-

2198 1944 2470 2023 ῥᾳστώνην
2524 1944 2625 2012 τὴν
2669 1955 2786 2008 τοῖς
2817 1942 3067 2021 ἀγγέλοις
3125 1945 3521 2022 προσήκουσαν,
3569 1940 3659 1999 διαὶ
3687 1949 3830 1999 τοῦτο

459 2038 596 2096 dent
612 2040 805 2110 itaque
818 2038 1338 2110 deiiormiquadam
1357 2039 1744 2097 oblectatione
1757 2040 1973 2109 angelis
1987 2053 2113 2096 con-

2198 2036 2284 2092 καὶ
2330 2031 2534 2102 θεοειδῆ
2591 2033 2741 2091 εἶπε·
2793 2033 2957 2109 μέσσν
3012 2034 3113 2114 γὰρ
3157 2041 3290 2091 Θεοῦ
3330 2033 3425 2090 καῖ
3470 2033 3762 2113 ἀνθρώπων
3786 2035 3830 2088 οἱ

459 2129 766 2204 veniente,
791 2126 1019 2190 idcirco
1045 2129 1220 2190 etiam
1245 2128 1390 2190 dixit
1418 2128 1720 2192 deiformi:
1743 2129 1936 2208 angeli
1957 2130 2113 2190 enim

2198 2129 2334 2182 θεῖοι
2385 2121 2606 2202 ἅγγολοι
2637 2121 2806 2198 ὄντες,
2853 2136 2972 2208 τοῖς
3010 2123 3079 2180 κά
3093 2145 3160 2179 tuo
3189 2124 3287 2199 μὲν
3317 2124 3688 2198 είκονίζονται,
3720 2133 3829 2185 τοῖς

459 2237 596 2281 cum
612 2218 733 2281 sint
751 2203 912 2279 inter
928 2217 1115 2279 Deum
1133 2217 1532 2297 hominesque
1557 2203 1953 2289 medii,rebus
1976 2219 2113 2297 qui-

2201 2214 2308 2271 ἂνω
2363 2211 2419 2268 δὲ
2477 2212 2919 2292 ὒπεμφαίνονται,
2958 2203 3051 2276 Ὠς
3101 2221 3226 2292 γοῦν
3251 2216 3338 2270 καὶ
3379 2212 3552 2270 τᾶλλα
3623 2214 3830 2291 γηΐνως

462 2307 599 2370 (ἰείη
623 2307 1002 2369 inferioribus
1024 2306 1384 2386 efﬁgiantur,
1408 2307 1819 2388 superioribus
1845 2308 1977 2368 152
2003 2327 2113 2369 au-

2201 2305 2296 2376 μέν
2367 2301 2634 2380 λέγονται,
2707 2300 2949 2366 θεοειδῶς
3033 2300 3087 2357 δὲ
3159 2300 3605 2381 ὲκλαμϐάνονται,
3674 2302 3832 2364 οὕτως

460 2404 580 2461 tem
609 2395 1008 2461 insinuantur.
1043 2396 1555 2469 Quemadmodum
1590 2397 1768 2476 igitur
1797 2397 1972 2459 etiam
2004 2398 2113 2459 alia

2199 2393 2334 2448 ἔστω
2384 2393 2472 2448 καὶ
2519 2391 2610 2448 ἐπὶ
2649 2391 2747 2460 τῆς
2801 2391 3097 2468 ῥᾳστώνηςο
3157 2391 3267 2447 ἔστὶ
3324 2393 3422 2470 γὰρ
3472 2391 3696 2469 ἄφθονοι
3748 2393 3833 2446 εὖ·

457 2493 700 2549 terreno
751 2485 990 2566 quidem
1024 2504 1189 2548 more
1237 2486 1538 2559 dicuntur,
1572 2486 1676 2546 sed
1735 2485 2112 2549 deiformiter

2198 2483 2425 2560 φροσύνη
2483 2481 2714 2562 τούτοις,
2759 2482 2846 2539 καὶ
2900 2487 2978 2555 τῷ
3031 2480 3210 2559 ἄγαθῷ
3253 2488 3369 2555 Θεῷ
3423 2482 3728 2559 πρέπουσα,
3757 2480 3834 2536 επὶ

460 2575 858 2655 accipiuntur,
894 2577 974 2637 ita
1003 2575 1080 2638 sit
1105 2577 1284 2637 etiam
1317 2575 1378 2636 in
1410 2576 1525 2637 hoc
1559 2576 1802 2636 nomine
1833 2575 2110 2654 ῥᾳστώνης

2200 2579 2264 2649 τῇ
2319 2572 2553 2650 σωτηρίᾳ
2582 2577 2688 2627 τῶν
2741 2568 2829 2627 ἐπὶ
2888 2572 3018 2626 Θεὸν
3069 2570 3551 2650 ἐπιστρεφομένων,
3576 2573 3668 2626 καὶ
3713 2568 3834 2636 ὁδη-

464 2665 1013 2728 seuoblectationis:
1041 2673 1131 2726 est
1153 2664 1315 2726 enim
1339 2664 1457 2726 illis
1469 2665 1757 2743 gaudium
1775 2664 2108 2745 copiosum,

2198 2661 2469 2739 γουμένων
2524 2663 2597 2724 είς
2641 2666 2796 2717 τοῦτο
2852 2660 2994 2738 παρὰ
3023 2665 3122 2727 τῆς
3171 2661 3315 2724 θείας
3371 2661 3647 2738 προνοίας’
3681 2657 3832 2717 Ἐπι-

467 2763 526 2816 et
561 2755 718 2816 bono
767 2752 890 2816 Deo
924 2753 1313 2828 conveniens,
1348 2755 1423 2814 de
1477 2755 1670 2816 salute
1699 2755 2006 2816 hominum
2041 2755 2113 2815 ad

2199 2752 2464 2832 otpaiqmts
2511 2752 2642 2827 πρὸς
2699 2749 2790 2829 μὲ,
2850 2752 3008 2829 φησὶν
3081 2752 3109 2805 ὁ
3160 2751 3344 2828 Κύριος
3415 2762 3534 2815 τοῖς
3589 2748 3670 2806 ἔτι
3722 2761 3837 2814 ταῖς

467 2843 659 2906 Deum
689 2859 1138 2914 conversorum,
1168 2847 1316 2904 etad
1344 2841 1720 2905 hocadivina
1748 2843 2113 2905 Providentia

2200 2843 2480 2919 ἁμαρτίαις
2541 2838 2976 2914 δεδουλωμένοις,
3041 2841 3127 2896 καὶ
3189 2837 3654 2918 ἔπιστραφήσομαι
3713 2840 3836 2916 πρὸς

468 2933 890 2994 deductorum.
916 2933 1373 2993 Convertimini
1393 2933 1474 2994 ad
1497 2931 1813 3013 me,inquit
1836 2934 2113 2995 Dominus

2201 2934 2356 3004 ὑμᾶς,
2423 2929 2518 2986 Καὶ
2569 2927 2725 2985 τοῦτό
2783 2931 2892 2984 ἔστι
2939 2929 3000 2984 τὸ
3056 2926 3193 3007 παρᾶ
3248 2935 3326 3004 τῷ
3381 2926 3603 3006 μεγάλῳ
3652 2927 3836 3003 Παύλῳ

476 3022 552 3084 iis
566 3020 669 3102 qui
693 3021 888 3083 adhuc
917 3019 1026 3082 sub
1048 3030 1422 3100 peccatorum
1455 3021 1735 3082 servitute
1752 3020 2113 3094 detinentur,

2202 3018 2549 3098 δηλούμενον,
2589 3015 2670 3073 ὅτι
2712 3018 2934 3096 Χριστὸς
2992 3017 3121 3096 δπὲρ
3178 3019 3330 3092 ἡμῶν
3373 3016 3713 3096 ἁμαρτωλῶν
3766 3016 3836 3072 ἔτι

476 3116 529 3169 et
555 3117 839 3168 convertar
867 3109 942 3166 ad
960 3123 1048 3166 vos
1091 3120 1130 3167 ε.
1153 3109 1214 3164 Ει
1235 3110 1343 3167 hoc
1375 3117 1460 3167 est
1481 3109 1632 3182 quod
1653 3125 1683 3168 a
1706 3125 1912 3183 magno
1943 3111 2113 3169 Paulo

2203 3112 2366 3166 ἑντων
2397 3107 2644 3166 ἀπέθανε.
2700 3108 2797 3166 Καὶ
2843 3106 3003 3187 χάρις
3049 3113 3118 3184 τῇ
3177 3106 3331 3165 αὐτοῦ
3384 3106 3585 3183 ἀπείρῳ
3636 3127 3835 3185 μακρο-

475 3200 863 3281 signiﬁcatur,
891 3198 1189 3262 Christum
1216 3217 1320 3281 pro
1340 3199 1536 3302 nobis,
1553 3219 1685 3302 cum
1700 3201 1768 3262 ad
1781 3202 1891 3302 huc
1907 3219 2113 3302 pecca-

2201 3199 2358 3272 θυμίᾳ
2409 3199 2493 3255 καὶ
2550 3199 2866 3275 ἁγαθότητι,
2927 3195 3007 3253 ὅτι
3065 3197 3143 3272 μὴ
3206 3199 3368 3273 μόνον
3408 3198 3686 3276 προσίεται
3743 3197 3840 3264 τὴν

477 3300 640 3353 tores
663 3307 954 3364 essemus,
988 3298 1286 3350 mortuum
1313 3291 1809 3371 esse.Gratiaeque
1837 3292 1956 3352 sint
1976 3292 2113 3352 inli-

2202 3291 2510 3364 μετάνοιαν,
2569 3285 2705 3342 ἀλλά
2774 3288 2860 3343 καὶ
2919 3285 3327 3367 προσκαλεῖται,
3381 3287 3470 3344 καὶ
3532 3285 3839 3367 ἆπιστρέφει

478 3378 1206 3461 nitaaejuslonganimitati
1239 3385 1300 3442 et
1317 3379 1588 3454 bonitati,
1615 3382 1768 3461 quod
1787 3401 1901 3441 non
1925 3383 2113 3445 solum

2201 3382 2332 3459 πρὸς
2400 3379 2497 3447 τὴν
2557 3376 2862 3454 μετάνοιαν.
2924 3379 2983 3435 Εἰ
3031 3378 3155 3455 γοῦν
3204 3378 3293 3434 καὶ
3347 3379 3410 3434 τὸ
3469 3375 3704 3453 ἐμπαθὲς
3752 3379 3842 3434 οὐκ

474 3480 777 3552 acceptam
808 3469 1022 3531 habeat
1051 3469 1486 3550 paenitentiam,
1521 3487 1729 3532 verum
1763 3476 1938 3532 etiam
1975 3490 2113 3554 pro-

2203 3469 2342 3526 ἔστιν
2398 3471 2483 3526 ἱπὶ
2544 3473 2650 3524 τῶν
2711 3464 2977 3554 ᾇγγέλων,
3017 3467 3080 3522 τὸ
3135 3465 3356 3530 εὖπαθές
3410 3464 3578 3538 ἐστιν,
3631 3467 3688 3524 Εἰ
3749 3464 3843 3522 καί

475 3567 1035 3622 vocetetconvertat
1064 3560 1134 3619 ad
1152 3558 1585 3640 paenitentiam.
1620 3558 1740 3622 Etsi
1763 3561 1957 3642 itaque
1978 3553 2113 3641 pas-

2201 3567 2355 3618 τοῦτο
2398 3559 2458 3616 ἔοι
2485 3565 2592 3616 τῶν
2622 3553 2738 3614 καθ’
2772 3559 2939 3636 ἡμᾶς,
2973 3554 3094 3613 ἀλλ’
3151 3555 3241 3614 οὗν
3284 3556 3625 3635 οἰκειότερον·
3661 3555 3840 3631 ἔμπα-

480 3651 567 3711 sio
595 3668 710 3711 non
728 3649 802 3710 sit
819 3649 876 3710 in
892 3649 1140 3728 angelis,
1180 3657 1268 3710 est
1291 3657 1487 3711 tamen
1511 3649 1570 3710 in
1595 3650 1668 3711 iis
1683 3649 1834 3713 bona
1855 3652 2108 3714 all‘ectio.

478 3741 555 3805 Et
569 3739 835 3820 quamvis
853 3739 966 3802 hoc
980 3757 1198 3800 nomen
1219 3756 1252 3800 a
1277 3739 1448 3801 nobis
1466 3740 1844 3821 desumplum
1862 3741 1957 3823 sit,
1984 3759 2114 3803 ma-

401 3840 408 3846 ‘
480 3829 569 3908 gis
613 3837 813 3890 tamen
845 3836 939 3890 est
993 3829 1350 3908 prOprium:
1412 3831 1671 3905 ὲμπάθεια
1713 3831 1870 3892 enim
1928 3839 2120 3892 motus

477 3917 722 3994 quidam
760 3925 850 3977 est
878 3935 1010 3977 cum
1051 3918 1325 3996 passione
1353 3913 1838 3996 conjunctus,sed
1870 3921 2119 3978 εὐπάθεια

477 4003 720 4066 habitus
742 4013 830 4066 est
861 4005 1197 4066 alfectionis
1228 4006 1418 4068 bona}.
1452 4008 1614 4069 Bene
1644 4009 1848 4089 itaque
1875 4011 2117 4073 allectos

480 4093 887 4172 esseangelos,
919 4093 1327 4172 signiﬁcateos
1351 4095 1502 4156 bene
1527 4095 1826 4160 sehabere
1841 4117 1947 4178 per
1980 4119 2115 4161 om~

478 4183 600 4256 nia,
617 4193 675 4244 et
700 4182 1060 4243 incolumem
1081 4201 1282 4243 eorum
1309 4193 1520 4246 statum
1536 4186 2113 4252 existereGaudium

479 4271 661 4352 igitur
692 4271 960 4349 designat
992 4270 1356 4334 ineffabilem
1383 4273 1547 4334 illum
1565 4274 1837 4337 allectum
1865 4277 2113 4358 bonum,

479 4361 642 4434 cuius
669 4362 838 4418 etiam
855 4375 1248 4431 saepenumero
1277 4362 1588 4434 participes
1608 4365 1766 4423 {uere
1789 4367 1992 4438 saneti,
2016 4384 2119 4441 per

2197 3653 2318 3706 θεια
2367 3649 2467 3728 γάρ
2539 3646 2650 3703 ἐστι
2723 3646 2927 3713 κίνησις
3002 3645 3139 3720 μετᾶ
3215 3645 3436 3725 πάθους,
3495 3647 3749 3704 εὐπάθεια
3790 3642 3842 3701 δὶ

2199 3739 2301 3805 ἕξις
2350 3739 2406 3795 εὖ
2462 3736 2685 3817 ἔχουσα,
2720 3737 2793 3794 Τὸ
2821 3735 2878 3792 εὖ
2905 3737 3096 3793 παθεῖν
3125 3741 3253 3814 γοῦν
3293 3735 3411 3801 τοὺς
3441 3735 3702 3814 ἀγγέλους
3742 3732 3840 3803 δη-

2200 3828 2292 3887 λοϊ
2331 3829 2394 3886 τὸ
2425 3828 2482 3885 εὖ
2509 3828 2660 3907 ἔχειν
2697 3824 2781 3882 διαὶ
2811 3827 3030 3900 παντὸς,
3063 3827 3152 3883 καὶ
3207 3825 3307 3893 τὴν
3348 3826 3606 3901 ἀπήμονα
3636 3825 3845 3893 ἐκείνην

2202 3917 2545 3977 κατάστασιν.
2582 3915 2756 3983 Δηλοϊ
2783 3922 2909 3994 γοῦν
2961 3915 2998 3983 ὴ
3029 3914 3174 3995 χαρᾶ
3226 3915 3323 3983 τὴν
3353 3913 3578 3993 atem“
3637 3914 3845 3982 ἐκείνην

2201 4008 2500 4081 εὐπάθειαν,
2547 4007 2584 4073 ἦ
2654 4007 2710 4061 ἒν
2767 4004 2967 4080 μεθέξει
3025 4003 3286 4071 πολλάκις
3334 4004 3585 4084 γεγόνάσι
3647 4005 3741 4062 καὶ
3801 4006 3846 4061 οἱ

2198 4097 2341 4176 ἅγιοί
2398 4096 2533 4154 κατὰ
2589 4095 2683 4157 τὰς
2741 4095 2882 4158 θείας
2940 4094 3304 4174 ἐπιφοιτήσεις
3387 4100 3494 4151 τῶν
3551 4094 3707 4152 θείων
3759 4095 3847 4152 καὶ

2195 4188 2345 4250 θεοὺς
2401 4183 2768 4266 ἐργαζομένων
2825 4181 3169 4259 ἐλλάμψεων⁹
3228 4181 3347 4240 καθ’
3402 4181 3471 4251 ἣν
3492 4183 3709 4247 πάντως
3754 4182 3843 4239 εὖ-

2201 4277 2360 4355 λογόν
2415 4276 2557 4333 ἐστιν
2589 4269 2939 4350 ἐκλαμϐάνειν
2970 4277 3058 4330 καὶ
3087 4275 3149 4330 τὸ
3178 4272 3316 4351 ἱερὰν
3375 4279 3465 4330 τοῦ
3522 4272 3849 4352 Εὖαγγελίου

2202 4366 2385 4446 ῥητόν·
2475 4365 2785 4444 Ἐχάρησαν
2859 4361 2948 4420 οὖν
3031 4363 3079 4419 οἳ
3157 4363 3414 4441 μαθηταὶ,
3481 4360 3681 4425 ἰδόντες
3754 4363 3847 4419 τὸν

479 4451 724 4532 illapsus
755 4450 990 4513 divinos
1013 4450 1346 4514 divinarum
1374 4451 1845 4536 deiﬁcarumque
1866 4455 2113 4521 illustra-

2205 4458 2416 4536 Κύριον⁴
2478 4458 2536 4514 οὒ
2559 4456 2659 4533 γὰρ
2689 4452 2836 4511 εἶδον
2877 4451 3088 4527 ἁπλῶς,
3119 4454 3193 4517 ὡς
3250 4453 3336 4510 καὶ
3365 4450 3556 4510 ἄλλοτε
3591 4449 3843 4525 ἔϐλεπον,

478 4541 705 4603 tionum
741 4561 755 4605 :
794 4560 909 4622 quo
928 4559 1107 4602 sensu
1131 4541 1308 4602 etiam
1335 4551 1496 4605 recte
1527 4545 1652 4625 capi
1677 4547 1859 4625 possit
1887 4566 2113 4610 sacrum

2205 4547 2339 4604 ἀλλᾶ
2398 4548 2534 4623 μετὰ
2562 4546 2784 4603 θάνατον
2840 4552 3036 4625 ζῶντα,
3070 4545 3160 4601 καὶ
3197 4546 3260 4600 ἔκ
3290 4549 3491 4623 νεκρῶν
3548 4544 3684 4620 μετὰ
3746 4543 3848 4610 τὴν

476 4629 622 4692 illud
646 4615 1212 4710 dictumEvangelii:
1250 4631 1466 4695 Gavist'
1488 4615 1633 4694 sunt
1649 4615 1957 4715 discipuli,
1992 4639 2113 4701 viso

2203 4615 2530 4718 ταφὴν,καί
2585 4636 2722 4711 μετὰ
2776 4615 2863 4692 τα
2900 4615 3325 4714 ἀνθρωποπρεπῆ
3385 4615 3568 4691 tum;
3598 4633 3664 4689 τὰ
3721 4635 3845 4690 θεῖα

479 4719 736 4782 Domino
763 4731 812 4783 ι.
844 4717 974 4781 Non
1003 4721 1162 4781 enim
1197 4720 1458 4801 simplici
1478 4725 1706 4785 ratione
1739 4725 2113 4807 videbantip-

2202 4717 2295 4784 xai
2343 4726 2474 4804 ὑπὲρ
2528 4724 2799 4802 ἄνθρωπον
2855 4722 3072 4804 ἔχοντα.
3138 4723 3328 4788 Καλῶς
3381 4724 3435 4780 τὸ
3491 4723 3602 4797 καὶ,
3635 4720 3718 4779 ὅτι
3757 4722 3846 4780 καὶ

478 4823 606 4866 sum
637 4809 718 4868 uti
736 4809 899 4874 alias,
919 4809 1020 4867 sed
1042 4818 1168 4880 post
1199 4822 1446 4868 mortem
1470 4813 1679 4879 vivum,
1702 4822 1759 4871 et
1788 4829 1860 4872 ex
1881 4819 2113 4875 mortuis

2202 4815 2338 4872 ἄλλα
2396 4814 2572 4872 πολλὰ
2599 4817 2750 4892 ἱερῶς
2800 4815 2887 4870 καὶ
2916 4811 3136 4889 ὑψηλῶς
3174 4816 3248 4888 τῷ
3278 4813 3413 4892 ἁγίῳ
3441 4811 3846 4892 πεφιλοσόφηνο

479 4907 612 4980 post
656 4900 1047 4981 sepulturam,
1084 4912 1145 4962 et
1175 4920 1307 4963 cum
1342 4901 1601 4964 humano
1633 4905 1852 4968 decore
1902 4906 2113 4970 divinis

2201 4925 2312 4964 ταιο
2376 4904 2492 4961 ὅθεν
2536 4904 2624 4961 καὶ
2671 4902 2994 4979 ἀποθέμενος
3045 4909 3165 4968 τοὺς
3222 4901 3411 4982 λόγους
3469 4901 3638 4981 λέγει’
3699 4910 3848 4960 Τοσ-

478 5006 718 5067 quoque
747 4989 983 5050 dotibus
1004 4989 1328 5055 illustrem.
1370 4990 1625 5054 Pulchre
1650 4992 1881 5071 hoc,uti
1911 5003 1971 5057 et
1999 4996 2114 5060 alia

477 5077 784 5157 complura
808 5087 1058 5140 asancto
1094 5079 1206 5144 hoc
1233 5080 1356 5141 viro
1388 5099 1558 5144 sacro
1572 5101 1640 5145 ac
1671 5082 1911 5146 sublimi
1935 5087 2112 5148 modo

475 5165 770 5247 disputata
797 5176 973 5246 sunt;
1009 5169 1170 5230 unde
1198 5169 1376 5231 etiam
1411 5171 1779 5235 concludens
1799 5193 2113 5239 sermones

475 5274 616 5320 suos
639 5259 720 5319 ait
752 5278 766 5320 :
800 5256 936 5321 Htec
968 5258 1205 5339 quidem
1238 5260 1312 5322 de
1353 5259 1468 5337 his,
1503 5281 1635 5341 quae
1664 5263 1805 5326 licet
1833 5264 1906 5327 ab
1937 5283 2109 5328 accu-

474 5355 601 5409 rata
613 5346 1188 5436 tractationeabsint,
1217 5357 1412 5412 tamen
1431 5351 1491 5412 id
1511 5352 1791 5428 efﬁcient,
1818 5354 2111 5436 utispero,

474 5453 553 5498 ne
577 5434 771 5516 ajecte
800 5436 951 5518 typis
980 5436 1495 5521 immemor-amur,
1521 5443 1759 5522 quando
1790 5445 1862 5506 de
1893 5434 2117 5524 angelis

472 5525 773 5607 quidpiam
796 5526 856 5589 in
878 5527 1197 5610 Scripturis
1220 5528 1550 5594 audiemus.
1585 5531 1752 5606 Quod
1775 5532 2110 5617 siobjicias,

550 5724 571 5762 γ
605 5713 744 5778 Luc.
777 5732 878 5797 xv,
910 5719 1006 5781 to.
1095 5727 1116 5761 ⁸
1149 5718 1322 5782 Zacb.
1356 5735 1396 5792 l,
1433 5719 1488 5780 3.
1549 5739 1572 5770 ι
1615 5720 1785 5786 Joan.
1818 5739 1919 5803 xx,
1952 5723 2054 5788 20.

2197 5004 2327 5055 αὔτα
2381 4994 2616 5072 καὶπερὶ
2671 4993 2894 5069 τούτων,
2927 4997 3027 5060 τῆς
3057 4991 3157 5067 μὲν
3215 4989 3482 5071 ἀκριϐείας
3538 4989 3847 5050 ἀπολειπό-

2194 5107 2352 5164 μενα,
2387 5082 2733 5141 συντελοῦντα
2788 5079 2865 5156 δὲ,
2900 5083 2974 5148 ὡς
3032 5077 3419 5158 ὑπολαμϐάνω,
3453 5081 3584 5159 πρὸς
3640 5081 3704 5136 τδ
3768 5079 3846 5156 μὴ

2195 5179 2453 5238 ταπεινῶς
2511 5174 2655 5248 ἡμᾶς
2711 5170 3055 5247 ἰναπομένειν
3114 5182 3234 5235 τοῖς
3303 5170 3510 5241 τόποις,
3571 5167 3662 5227 ὅτι
3722 5171 3848 5248 περὶ

2197 5272 2304 5325 τῶν
2333 5262 2574 5344 ἀγγέλων
2625 5263 2683 5319 ἓν
2713 5273 2840 5327 ταῖς
2867 5261 3040 5340 ἱεραῖς
3089 5266 3329 5342 Γραφατς
3359 5259 3642 5335 ἀκούομεν.
3698 5259 3763 5317 Ei.
3794 5256 3850 5315 δὲ

2199 5355 2396 5436 λέγεις,
2457 5352 2777 5430 ῶᾶγαπητέ
2835 5350 3080 5432 Τιμόθεε,
3141 5353 3214 5416 ὡς
3272 5353 3331 5411 οὗ
3385 5355 3491 5406 τῶν
3538 5349 3782 5424 πάντων,
3817 5347 3850 5403 ἃ

2196 5445 2260 5515 δὴ
2318 5445 2373 5502 ἐν
2406 5456 2528 5506 ταῖς
2591 5443 2761 5518 ἱεραῖς
2815 5451 3050 5521 Τραφατς
3102 5442 3222 5518 περὶ
3278 5437 3521 5518 ἀγγέλων
3571 5436 3850 5518 λεγόμενα

2197 5535 2543 5614 εὕρισκονταὶ,
2601 5532 2784 5608 μνείαν
2864 5530 3250 5607 ἰποιησάμεθα’
3323 5528 3501 5588 ἐκεῖνό
3558 5549 3642 5585 σοι
3704 5527 3850 5587 ἄπο-
