4026 6210
418 286 538 353 375

1592 289 1655 355 S.
1698 291 2039 356 DIONYSII
2080 289 2605 357 AREOPAGITE.

3672 292 3792 360 376

409 424 470 486 in
496 419 899 501 votisquidem
933 428 1024 485 est
1051 420 1358 484 rationalis
1388 420 1717 502 (creaturae)
1744 424 2052 498 salus,tam

2154 425 2436 501 θεουμένων
2509 431 2616 485 τῶν
2692 427 3034 509 σωζομένων,
3091 417 3159 486 Ἠ
3210 426 3267 485 δὲ
3312 430 3499 493 θεωσίς
3557 429 3704 487 εστιν
3760 435 3795 501 ἦ

412 518 622 577 nostra
643 530 819 589 quam
856 513 1144 575 mentium
1177 530 1572 593 supernarum
1612 521 2065 589 ;verumtamen

415 606 542 669 haec
571 603 728 665 salus
769 602 845 663 iis
889 602 988 682 qui
1020 601 1319 664 salvantur
1350 603 1589 665 nonnisi
1614 604 1737 683 jam
1774 604 2066 667 deiﬁcatis

413 702 605 777 potest
649 690 983 772 obtingere.
1024 690 1125 755 Est
1179 700 1378 753 autem
1429 694 1555 756 haec
1587 693 1908 775 deiﬁcatio,
1956 693 2065 758 Dei

413 783 706 866 quedam,
739 781 930 863 quoad
956 782 1084 844 ﬁeri
1138 788 1358 862 potest,
1394 780 1746 845 assimilatio
1772 785 2053 866 unioque.

410 872 585 939 Omni
605 889 781 954 porro
806 871 1003 933 ordini
1024 889 1192 934 sacro
1216 871 1553 933 communis
1576 891 1793 953 scopus
1808 881 2065 953 est,erga

411 962 601 1028 Deum
625 969 683 1023 et
700 979 797 1023 res
811 962 1037 1023 divinas
1062 960 1344 1023 continua
1360 961 1765 1044 dilectio,qum
1785 962 2066 1027 divinitus

416 1053 912 1132 asseritur,etper
940 1051 1072 1131 ejus
1104 1050 1385 1112 unionem
1408 1060 1877 1133 consummatur,
1897 1072 2063 1134 quae-

2147 517 2278 599 πρὸς
2332 517 2485 592 Θεὸν,
2544 519 2618 580 ὡς
2678 518 2917 599 ὶφικτὸν,
2977 518 3303 599 ἀφομοίωσίς
3349 539 3411 575 τε
3462 520 3553 576 καὶ
3578 519 3793 589 ενωσις,

2150 597 2392 673 ’Λπάσης
2442 605 2499 663 δὲ
2552 597 2729 667 τοῦτο
2762 609 2941 666 κοινὸν
3001 597 3275 688 ἱεραρχίας
3326 607 3394 660 85
3445 609 3507 665 τὸ
3536 609 3730 691 πέρας,
3759 614 3796 680 ἡ

2144 697 2276 774 πρὶς
2305 698 2435 753 Θεὸν
2463 718 2521 754 τε
2552 698 2641 753 καὶ
2670 697 2736 754 τὰ
2763 700 2886 755 θεῖα
2914 698 3194 779 προσεχὴς
3252 697 3550 779 ἀγάπησις,
3603 699 3798 766 ἑνθέως

2146 808 2203 843 τε
2228 787 2315 843 καὶ
2343 786 2551 853 ένιαίως
2582 786 3016 867 ἱερουργουμένη,
3064 790 3151 844 καὶ
3207 787 3310 865 πρό
3366 809 3428 867 γε
3457 789 3641 846 τούτου
3688 794 3799 847 τῶν

2146 875 2397 933 ἐναντίων
2450 878 2485 943 ἡ
2535 875 2807 944 παντελὴς
2865 878 2950 934 καὶ
3008 877 3385 958 ἀνεπίστροφος
3419 876 3797 958 ἀποφοίτησις,

2145 967 2182 1034 in
2216 970 2408 1043 γνῶσις
2440 971 2547 1022 τῶν
2577 964 2741 1023 ὅντων
2772 968 2808 1044 ᾗ
2837 965 2964 1025 ὄντα
3017 966 3182 1042 ἐστὶν,
3214 969 3250 1036 ἡ
3308 973 3409 1035 τῆς
3461 970 3602 1045 ίερᾶς
3653 969 3799 1038 ἀλη-

2146 1056 2288 1120 θείας
2344 1054 2522 1134 ὅρασίς
2576 1076 2635 1112 τε
2690 1056 2779 1113 καὶ
2835 1056 3136 1137 ἐπιστήμη,
3192 1058 3229 1126 ἡ
3275 1058 3376 1124 τῆς
3409 1056 3669 1123 ἑνοειδοῦς
3700 1078 3796 1116 τε·

418 1160 534 1223 que
562 1142 673 1203 hac
691 1141 855 1220 prior
898 1149 1012 1215 est,
1046 1140 1133 1202 illi
1162 1140 1604 1203 adversantium
1636 1142 1980 1205 omnimoda
2002 1150 2061 1205 et

2154 1146 2408 1211 imbuero;
2440 1142 2612 1209 ἔνθεος
2644 1143 2873 1226 μέθεξις,
2908 1145 3069 1204 αὖτοῦ
3115 1148 3207 1202 τοῦ
3236 1145 3353 1208 ἐνὸς
3419 1149 3494 1213 ὡς
3550 1147 3790 1229 ἐφικτὺνο

416 1230 827 1294 irrevertibilis
882 1230 1302 1309 fuga,cognitio
1358 1248 1559 1294 rerum
1600 1250 1717 1314 qua
1762 1250 1860 1294 res
1895 1242 2056 1316 sunt,

2154 1235 2299 1305 ὴτῆς
2327 1234 2554 1311 ἐποψίας
2606 1234 2861 1310 ἑστίασις,
2909 1236 3169 1318 τρέφουσα
3198 1242 3405 1305 νοητῶς
3463 1238 3552 1295 καὶ
3608 1240 3800 1296 θιοῦσα

418 1340 601 1385 sacrae
632 1319 893 1383 veritatis
945 1319 1091 1381 visio
1135 1320 1523 1400 scientiaque,
1552 1322 1841 1401 simplicis
1860 1323 2060 1403 perfe-

2154 1325 2316 1383 πάντα
2343 1326 2435 1382 τὸν
2461 1327 2536 1388 εἷς
2568 1325 2731 1393 αὐτὴν
2760 1325 3191 1401 ἀνατεινόμενον,

417 1412 633 1476 ctionis
664 1411 795 1491 ejus
826 1410 926 1490 qui
956 1428 1193 1499 summe
1222 1409 1474 1491 simplex
1495 1420 1610 1491 est,
1644 1412 1837 1475 divina
1867 1413 2237 1497 participath
2273 1432 2290 1493 ;
2338 1413 2543 1479 fruitio
2570 1413 2936 1497 intuitionis,
2970 1430 3106 1499 quae
3131 1431 3377 1483 omnem
3403 1415 3503 1482 sui
3533 1423 3800 1484 conten-

420 1500 712 1585 platorem
741 1498 996 1582 spiritali
1029 1499 1207 1563 modo
1238 1500 1431 1563 reﬁcit
1458 1500 1844 1584 deiﬁcatque.

2022 1664 2053 1747 ς
2095 1662 2197 1731 1v.

496 1794 762 1857 Dicimus
791 1793 1013 1874 itaque,
1047 1792 1157 1856 Dei
1182 1791 1589 1875 principalem
1609 1792 2067 1868 beatitudinem,

2234 1794 2489 1873 Δέγωμεν
2510 1791 2578 1844 88
2604 1792 2801 1872 τοίνυν,
2833 1792 2869 1860 ἡ
2900 1791 3167 1871 θεαρχικὴ
3202 1791 3569 1871 μακαριότης,
3627 1792 3666 1860 ἢ
3730 1790 3805 1872 ιρό

416 1904 548 1968 qua;
573 1893 779 1947 natura
806 1884 995 1945 deitas
1028 1892 1116 1945 est
1160 1883 1519 1965 principium
1542 1883 1957 1961 deiﬁcationis,
1990 1900 2063 1946 ex

416 1976 590 2058 quoii
611 1975 712 2052 qui
744 1973 1057 2035 deiﬁcandi
1089 1982 1225 2035 sunt
1267 1972 1643 2044 deiﬁcantur.
1674 1973 1868 2035 divina
1899 1973 2065 2035 boni-

417 2074 535 2127 tate
556 2083 788 2127 sacrum
813 2064 1111 2135 ordinem,
1146 2064 1206 2124 in
1231 2063 1485 2124 salutem
1533 2074 1591 2124 et
1621 2062 2062 2125 deiﬁcationem

416 2158 851 2233 omnium,cum
871 2152 1251 2214 rationalium
1273 2160 1393 2213 tum
1417 2150 1767 2231 spiritalium
1784 2154 2065 2214 essentia-

416 2246 1061 2316 rum,concessisse.Ac
1092 2242 1325 2322 superis
1358 2242 1597 2321 quidem
1625 2242 1912 2322 beatoque
1944 2242 2063 2304 otio

416 2333 960 2416 fruentibus,modo
989 2333 1175 2412 magis
1205 2332 1602 2392 immateriato
1621 2350 1689 2392 ac
1715 2331 2059 2410 spiritaliori

422 2425 565 2507 (non
590 2423 748 2485 enim
782 2423 1156 2486 extrinsecus
1186 2440 1288 2483 eos
1318 2420 1478 2482 Deus
1496 2420 1567 2482 ad
1600 2420 1802 2482 divina
1834 2432 2056 2502 movet,

417 2515 524 2579 sed
558 2511 920 2591 intelligibili
948 2517 1203 2583 ratione,
1230 2520 1409 2590 atque
1439 2509 1803 2571 intrinsecus
1826 2528 1974 2590 pura
1995 2510 2067 2573 li-

418 2602 719 2684 quidaque
740 2600 1137 2663 illustratione
1156 2598 1585 2661 divinissimam
1606 2598 1677 2659 iis
1699 2599 2064 2662 voluntatem

417 2693 787 2770 irralliando)
813 2691 985 2753 nobis
1008 2698 1234 2771 autem,
1258 2688 1416 2771 quod
1440 2687 1767 2768 simplicius
1791 2688 1908 2750 illis
1932 2688 2052 2751 col-

418 2782 743 2861 lectimque
767 2780 1197 2862 praastitum,ex
1221 2777 1501 2839 divinitus
1529 2778 1763 2839 traditis
1785 2777 2062 2860 eloquiis,

422 2893 528 2956 pro
572 2879 747 2953 captu
778 2878 1008 2944 nostro,
1048 2868 1433 2931 divisibilium
1480 2868 1762 2931 varietate
1794 2869 2065 2930 multitu-

422 2963 684 3042 dineque
710 2963 1013 3039 signorum
1048 2958 1331 3020 donatum
1369 2964 1481 3019 est.
1538 2956 1875 3021 Substautia
1905 2959 2065 3019 enim

422 3049 779 3115 bierarcbiaa
811 3058 1028 3110 nostra!
1073 3054 1211 3109 sunt
1240 3046 1524 3109 divinitus
1556 3046 1769 3109 tradita
1801 3047 2060 3109 oracula.

423 3142 676 3203 Maxime
711 3156 842 3199 vero
860 3138 974 3199 ista
994 3135 1233 3225 oracula
1252 3136 1506 3225 dicimus
1520 3135 2068 3225 veneranda,quzea
2083 3173 2125 3225 ο

422 3228 611 3292 sacris
632 3228 852 3289 nostris
883 3224 1283 3288 initiatoribus
1296 3224 1495 3285 divino
1511 3222 1733 3304 Spiritu
1756 3226 2064 3301 amatis,in

420 3318 744 3397 Scripturis
759 3315 945 3378 sacris
960 3314 1247 3395 librisque
1269 3314 1619 3393 tbeologicis
1649 3313 1865 3375 tradita
1896 3315 2068 3377 nobis

419 3409 675 3489 sunt;uti
707 3415 765 3469 et
781 3406 883 3467 illa
912 3423 1044 3485 quas
1066 3404 1139 3465 ab
1156 3403 1371 3465 iisdem
1398 3402 1539 3465 viris
1560 3403 1783 3465 sanctis
1806 3403 2069 3466 subtilio-

415 3498 621 3573 ri,non
650 3495 893 3558 omnino
906 3493 1112 3556 dissita
1126 3492 1199 3555 ab
1219 3493 1427 3554 ordine
1462 3493 1687 3555 crelesti
1712 3493 2068 3556 insinuatio-

420 3605 521 3663 ne,
548 3585 625 3649 de
646 3593 847 3647 mente
874 3584 935 3644 in
972 3590 1259 3662 mentem,
1295 3580 1594 3646 mediante
1625 3582 2069 3664 verbo,corpo-

421 3694 526 3740 reo
570 3675 812 3754 quidem
851 3673 978 3745 illo,
1015 3671 1193 3734 simul
1232 3679 1429 3733 tamen
1472 3673 1892 3747 immateriato,
1943 3673 2072 3735 sine

420 3764 1144 3846 scriptione,institutores
1172 3761 1358 3823 nostri
1397 3779 1566 3825 sacra
1580 3762 1833 3843 quadam
1862 3762 2073 3824 tradu-

424 3858 623 3918 ctione
643 3864 781 3917 sunt
813 3852 1029 3914 edocti.
1065 3849 1270 3932 Neque
1301 3869 1441 3913 vero
1466 3850 1579 3913 ista
1624 3850 1822 3913 divino
1851 3850 2073 3933 Spiritu

2146 1905 2227 1941 σει
2263 1885 2489 1964 Θεότης,
2521 1887 2556 1953 ἡ
2580 1883 2727 1965 ἀρχὴ
2753 1887 2850 1949 τῆς
2879 1881 3141 1962 θεώσεως,
3164 1879 3218 1947 ἒξ
3246 1884 3313 1949 ἧς
3336 1883 3397 1938 τὸ
3420 1883 3658 1939 θεοῦσθαι
3683 1893 3806 1947 τοῖς

2145 1974 2447 2049 θεωμένοις
2477 1974 2766 2052 ἆγαθότητ.
2794 1971 2905 2045 θείᾳ
2932 1970 2996 2021 87
3025 1972 3122 2038 τὴν
3177 1970 3475 2051 ίεραρχίαν,
3535 1970 3622 2027 επὶ
3680 1991 3801 2027 σω·-

2147 2064 2299 2142 τηρίᾳ
2328 2064 2415 2121 καὶ
2443 2064 2629 2121 θεώσει
2657 2062 2870 2120 πάντων
2903 2061 3006 2119 τῶν
3052 2066 3282 2140 λογικῶν
3337 2082 3394 2117 τε
3454 2061 3544 2117 καὶ
3597 2065 3800 2138 νοερῶν

2147 2154 2361 2226 οὐσιῶν,
2421 2151 2750 2231 ἐδωρήσατο,
2812 2152 2909 2210 Καὶ
2946 2162 3069 2214 ταῖς
3126 2149 3223 2226 μὲν
3278 2150 3653 2225 δπερκοσμίοις
3708 2152 3803 2207 καὶ

2148 2243 2430 2321 μακαρίαις
2501 2240 2727 2316 λέξεσιν,
2800 2239 3084 2319 ἀϋλοτερὸν
3153 2260 3211 2296 τε
3296 2241 3384 2297 καὶ
3455 2240 3805 2320 νοερώτερον,

2152 2333 2235 2413 (οὒ
2262 2332 2332 2382 88
2354 2334 2453 2411 γὰρ
2481 2331 2667 2397 ἔξωθεν
2700 2331 2859 2397 αὐτὰς
2889 2328 2917 2385 ό
2951 2332 3078 2396 Θεὸς
3108 2328 3195 2387 ἐπὶ
3224 2331 3288 2387 τὰ
3316 2333 3437 2386 θεῖα
3470 2341 3633 2401 κινεῖ,
3676 2352 3807 2398 νοη-

2147 2428 2257 2489 τῶς
2288 2421 2368 2503 δὲ,
2398 2423 2486 2479 καὶ
2514 2419 2716 2478 ἔνδοθεν
2747 2419 3165 2497 ἑλλαμπομὲνων
3226 2423 3398 2480 αὐτῶν
3429 2419 3493 2475 ἀν
3525 2420 3662 2497 αὐτῇ
3693 2442 3804 2477 κα-

2146 2515 2277 2590 θαρᾷ
2309 2512 2395 2569 καὶ
2423 2509 2566 2584 ἀΰλῳ
2593 2511 2691 2577 τὴν
2720 2510 2998 2578 θειοτάτην
3052 2508 3329 2587 βούλησιν,
3363 2508 3385 2589 )
3434 2511 3571 2585 ἡμῖν
3622 2508 3682 2567 δί
3738 2511 3805 2567 τὸ

2150 2600 2372 2666 ἐκείναις
2434 2600 2640 2665 ἑνιαίως
2699 2621 2757 2657 τε
2817 2600 2904 2656 καὶ
2962 2598 3401 2678 συνεπτυγμένως
3450 2596 3697 2676 δωρηθὴν
3744 2599 3810 2656 ἑκ

2150 2692 2257 2748 τῶν
2284 2688 2687 2770 θεοπαραδότων
2720 2687 2937 2769 λογίων,
2970 2690 3041 2755 ὡς
3069 2691 3207 2763 ἡμῖν
3240 2688 3480 2769 ἐφικτὸν,
3514 2687 3567 2745 ἰν
3615 2710 3808 2747 ποικι-

2150 2778 2238 2853 λίᾳ
2293 2781 2381 2836 καὶ
2435 2779 2625 2850 πλήθει
2683 2778 2955 2858 διαιρετῶν
3014 2776 3298 2853 συμϐόλων
3348 2776 3808 2857 δεδώρηται.οὢ

2149 2872 2236 2927 σία
2292 2871 2392 2948 γὰρ
2448 2875 2547 2938 τῆς
2579 2867 2695 2933 καθῗ
2728 2871 2869 2944 ἡμᾶς
2894 2870 3167 2949 ἱεραρχίας
3196 2867 3306 2926 ἐστὶ
3341 2866 3809 2947 τὰᾼθεοπαρὰδοτα

2148 2957 2331 3038 λόγια.
2391 2958 2702 3016 Σεπτότατα
2757 2955 2813 3014 δὲ
2870 2956 3027 3036 λόγια
3083 2958 3250 3018 ταύτά
3281 2978 3475 3039 φαμεν,
3510 2957 3610 3014 ὅσα
3668 2959 3808 3036 πρὸς

2148 3056 2254 3107 τῶν
2283 3048 2472 3107 ἐνθέων
2499 3050 2656 3123 ἡμῶν
2711 3046 3086 3125 ἱεροτελεστῶν
3150 3047 3203 3105 ὲν
3260 3047 3607 3127 ἁγιογράφοις
3665 3049 3809 3124 ἡμῖν

2150 3140 2237 3196 καὶ
2266 3142 2601 3216 θεολογικατς
2632 3135 2921 3214 δεδώρηται
2953 3135 3179 3203 δέλτοις’
3212 3139 3301 3195 καὶ
3343 3137 3453 3211 μὴν
3509 3136 3608 3193 ὅσα
3668 3138 3808 3216 πρὸς

2148 3231 2256 3285 τῶν
2287 3229 2458 3285 αὐτῶν
2486 3228 2640 3307 ἱερῶν
2690 3226 2888 3299 ἀνδρῶν
2944 3225 3201 3305 ἆῢλοτέρᾳ
3257 3228 3476 3307 μυήσει,
3535 3228 3626 3283 καὶ
3681 3228 3806 3305 γεί-

2150 3318 2262 3375 τονί
2317 3338 2434 3383 πως
2486 3315 2590 3385 ἤδη
2647 3318 2748 3383 τῆς
2803 3316 3045 3395 οὐρανίας
3102 3317 3409 3396 ἱεραρχίας,
3466 3316 3530 3373 ὲκ
3574 3317 3698 3381 νοὸς
3731 3317 3812 3380 εἷς

2153 3414 2296 3488 νοῦν,
2350 3404 2435 3462 διὰ
2491 3406 2653 3482 μέσου
2702 3405 2884 3482 λόγου,
2916 3414 3231 3480 σωματικοῦ
3264 3409 3385 3487 μὲν,
3417 3404 3701 3484 ἂῦλότέρου
3748 3403 3809 3461 δὲ

2154 3496 2326 3573 ὅμως,
2360 3497 2568 3574 γραγῆς
2598 3498 2777 3576 ὶκτὸς,
2825 3499 2873 3553 οἱ
2922 3497 3283 3574 καθηγεμόνες
3340 3499 3497 3572 ἡμῶν
3556 3496 3812 3572 ἐμυήθη-

2155 3608 2275 3649 σαν.
2309 3584 2436 3645 Οἱ)δέ
2468 3592 2632 3643 ταῦτα
2660 3588 2765 3642 τῶν
2815 3584 3002 3642 ἐνθέων
3050 3586 3317 3665 ἱεραρχῶν
3347 3589 3418 3652 εἰς
3475 3587 3539 3643 τὸ
3586 3590 3689 3652 τῆς
3722 3586 3813 3641 ἱε-

2156 3677 2396 3756 ρουργίας
2438 3678 2615 3733 κοινὸν
2671 3674 3140 3754 ἀπαρακαλύπτως
3178 3674 3244 3726 89
3295 3676 3565 3750 νοήσὲσιν,
3598 3673 3724 3732 ἀλλ’
3758 3673 3815 3731 έν

2156 3764 2443 3841 συμϐόλοις
2499 3769 2664 3843 ἱεροῖς
2724 3762 3200 3845 παραδεδωκότων*
3261 3763 3373 3822 ἔστι
3426 3764 3527 3843 γὰρ
3579 3764 3641 3821 οὗ
3698 3769 3815 3827 πᾶς

2156 3858 2319 3937 ἱερὸς,
2351 3854 2469 3913 οὐδὲ
2498 3856 2738 3935 πάντων,
2769 3856 2842 3917 ὡς
2870 3855 2937 3911 τὰ
2965 3853 3123 3932 λόγιά
3146 3876 3332 3934 φησιν,
3366 3856 3401 3923 ἡ
3432 3856 3655 3933 γνῶσις.

425 3945 755 4008 atllatorum
786 3958 1090 4003 sacrorum
1127 3940 1448 4020 praesulum
1481 3951 1888 4017 monumenta,
1923 3942 1984 4003 in
2041 3943 2231 4006 sacris
2286 3943 2519 4007 ordinis
2548 3960 2870 4006 commune
2909 3942 3156 4018 bonum,
3190 3942 3523 4023 propatulis
3568 3941 3810 4005 intelli-

424 4034 662 4114 gentiis,
693 4031 802 4095 sed
830 4028 1113 4111 symbolis
1148 4029 1497 4110 quibusdam
1529 4036 1714 4093 sacris
1748 4030 2026 4096 traducta
2057 4042 2196 4097 sunt
2229 4054 2246 4115 ;
2281 4052 2401 4098 non
2431 4033 2591 4098 enim
2624 4032 2884 4117 quilibet
2911 4031 3213 4115 sacerdos,
3271 4031 3404 4095 157
3438 4049 3636 4114 neque
3664 4047 3811 4097 om-

2048 4203 2198 4285 §V.

428 4123 621 4200 nium,
652 4130 715 4184 ut
749 4118 984 4201 eloquia
1012 4118 1273 4197 tradunt,
1299 4118 1549 4183 scientia
1574 4127 1688 4185 est.

512 4360 861 4428 Necessario
895 4362 1073 4442 igitur
1103 4358 1285 4443 primi
1310 4359 1463 4423 sacri
1488 4358 1717 4423 ordinis
1734 4361 1922 4425 nostri
1946 4382 2079 4426 mo-

2240 4367 2570 4447 ’Λναγκαίως
2627 4366 2718 4425 οὖν
2769 4367 2818 4423 οἱ
2874 4364 3073 4445 πρῶτοὶ
3128 4370 3229 4433 τῆς
3283 4364 3401 4423 καθ’
3435 4366 3576 4441 ἡμᾶς
3620 4368 3810 4444 ίιραρ-

431 4449 1360 4541 deratores,supersubstantialis
1382 4450 1491 4513 Dei
1523 4450 1887 4541 principatus
1910 4471 2068 4517 sacro

2164 4459 2289 4541 χίας
2313 4456 2702 4538 καθηγεμόνες,
2735 4456 2795 4513 ἐκ
2824 4455 2920 4524 τῆς
2958 4456 3265 4535 ὁπερουσίου
3321 4454 3600 4535 θεαρχίας,
3659 4453 3818 4511 αὐτοί

424 4545 541 4629 ipsi
574 4560 821 4606 munere
855 4540 1036 4629 pleni,
1058 4540 1195 4603 etin
1221 4548 1485 4629 posteros
1516 4538 1663 4602 illud
1693 4540 1888 4622 ipsum
1924 4542 2083 4605 deri-

427 4628 628 4698 vatum
672 4649 708 4693 a
738 4630 934 4693 divina
968 4628 1232 4693 bonitate
1258 4628 1445 4707 missi,
1480 4648 1614 4692 cum
1648 4637 1707 4692 et
1734 4632 2082 4715 ipsi,utpote

431 4719 1087 4804 divini,promotionem
1119 4716 1681 4801 deiﬁcationemque
1706 4728 2078 4801 posterorum

431 4812 651 4880 affatim
683 4808 1515 4889 desiderarent,sensibilibus
1544 4809 1753 4890 ﬁguris
1769 4828 2077 4892 supercae-

430 4905 702 4978 lestia,et
731 4899 891 4980 quod
916 4898 1145 4962 unitate
1176 4898 1494 4962 collectum
1531 4906 1622 4961 est
1643 4897 1802 4963 varia
1826 4918 1961 4963 cum
1993 4900 2082 4964 di-

432 4995 753 5060 stinctione
774 4999 896 5053 tum
928 4988 1454 5063 multitudine,nec
1479 5007 1598 5051 non
1625 4994 1685 5050 in
1707 4990 1981 5054 humanis
1996 4990 2083 5054 di-

433 5086 663 5167 vina,et
678 5081 740 5144 in
756 5078 1026 5143 materiis
1054 5078 1471 5154 immateriata,
1497 5087 1675 5160 atque
1704 5078 1765 5142 in
1796 5080 2081 5144 nostrati-

434 5177 550 5242 bus
571 5174 755 5238 rebus
782 5167 1525 5251 supersubstantialia,qua
1546 5169 1780 5250 scriptis
1808 5188 1925 5252 qua
1963 5190 2084 5233 non

435 5263 674 5348 scriptis
688 5256 1260 5341 institutionibus,in
1276 5259 1691 5323 sacratissimis
1712 5260 1969 5325 oraculis
1982 5279 2086 5324 no-

2162 4571 2220 4606 τε
2277 4546 2703 4615 ἀναπλησθέντες
2764 4552 2858 4603 τοῦ
2904 4545 3046 4624 ἱεροῦ
3101 4544 3289 4624 δώρου,
3350 4545 3441 4601 καὶ
3491 4545 3561 4606 εἷς
3597 4544 3657 4600 τὸ
3688 4541 3817 4611 ἑξῆς

2163 4637 2290 4696 αὐτὸ
2326 4650 2652 4717 προαγαγεῖν
2682 4636 2784 4693 ὑπὸ
2812 4640 2912 4701 τῆς
2940 4638 3236 4715 θεαρχικῆς
3277 4632 3607 4713 ἄγαθότητυς
3667 4632 3819 4690 ἀπτ-

2162 4726 2469 4803 σταλμένοι,
2501 4728 2590 4783 καὶ
2618 4726 2765 4783 αὐτοὶ
2794 4722 2849 4782 δὲ
2905 4724 3142 4805 ἀφθόνως
3207 4722 3452 4797 ἐρῶντες,
3514 4724 3589 4786 ὣς
3647 4726 3819 4802 θεῖοι,

2161 4823 2259 4887 τῆς
2286 4823 2393 4875 τῶν
2424 4816 2543 4893 μετ’
2574 4815 2759 4879 αὑτοὺς
2815 4814 3102 4894 ἀναγωγῆς
3158 4814 3247 4871 καὶ
3304 4814 3568 4887 θεώσεως,
3632 4814 3825 4881 αἰσθη-

2163 4920 2286 4972 ταῖς
2318 4905 2482 4964 είκόσι
2513 4906 2580 4962 τὰ
2627 4903 3001 4983 ὑπερουράνια,
3068 4902 3157 4960 καὶ
3213 4900 3456 4975 ποικιλίᾳ
3515 4901 3605 4958 καὶ
3661 4900 3822 4973 πλή-

2162 5000 2241 5055 θει
2294 4997 2357 5054 τὸ
2426 4993 2870 5072 συνεπτυγμένον,
2935 4993 3025 5050 καὶ
3082 4990 3137 5048 ἐν
3204 4991 3548 5071 ἀνθρωπίνοις
3622 5010 3681 5047 τι
3756 4994 3825 5052 τὰ

2162 5083 2301 5145 θετα’
2358 5086 2448 5145 καὶ
2503 5082 2706 5149 ινύλοις
2760 5083 2827 5141 τὰ
2883 5081 3041 5158 ἄυλα,
3098 5081 3188 5139 καὶ
3244 5093 3366 5146 τοῖς
3397 5077 3515 5137 καθ’
3544 5079 3696 5155 ἡμᾶς
3757 5082 3824 5140 τὰ

2166 5175 2467 5254 δπτρούσια,
2531 5186 2655 5237 ταῖς
2717 5172 3001 5252 ὶγγράφοις
3056 5191 3115 5227 τε
3170 5173 3344 5229 αὒτῶν
3409 5168 3495 5224 καὶ
3556 5166 3823 5248 ἀγράφοις

2166 5267 2417 5345 μυήσεσι,
2494 5264 2629 5322 κατὰ
2683 5264 2803 5327 τοὺς
2859 5261 3026 5340 ἱεροὺς
3078 5262 3211 5337 ἡμῖν
3264 5257 3445 5317 ἔδοσαν
3472 5254 3539 5309 90
3590 5261 3825 5335 θισμοέος

1724 5437 1991 5504 VARUE
2047 5440 2499 5510 LECTIONES.

513 5569 580 5622 35
603 5568 664 5631 in
695 5565 879 5629 dandi
911 5582 1056 5629 casu
1086 5564 1272 5642 ἁπάσῃ
1312 5564 1357 5621 is

513 5585 580 5622 ω
603 5587 664 5631 in
695 5585 879 5629 uana:
911 5585 1056 5629 casu
1086 5585 1272 5642 απασῃ
1316 5585 1357 5621 ιε
1394 5585 1457 5643 αρ
1508 5585 1581 5639 ιᾳ,
1625 5585 1686 5626 v.
1720 5585 1938 5644 mmor,
1973 5585 2001 5628 ι

437 5649 555 5711 οἳ.δᾶ
603 5649 668 5702 89
696 5647 1181 5727 ἀπερικαλύπτοις,
1211 5646 1284 5710 D.
1315 5586 1425 5710 Cit.
1461 5586 1883 5725 γδοπαρέδοσαν,
1929 5646 2001 5711 1),

1508 5562 1581 5646 ig,
1612 5558 1938 5646 V._minor,
1973 5563 2080 5631 Ch.
2112 5567 2187 5627 ι).
2214 5564 2280 5630 8.
2342 5564 2410 5617 86
2438 5564 2689 5646 λέγομεν,
2750 5560 2816 5624 Ρ.
2878 5558 2951 5626 D.
3007 5557 3116 5624 Cb.
3198 5557 3261 5609 8⁷
3303 5579 3390 5640 γρ.
3422 5560 3587 5623 θείαν,
3637 5556 3709 5609 88
3738 5582 3839 5642 γρ,
