4026 6210
225 311 343 386 381

755 320 854 386 DE
896 319 1202 384 ECCLES.
1236 318 1696 396 ΗΙΕΗΑΒΟΗηε
1740 321 1904 386 CAP.
1950 317 1998 386 Ῑ.
2035 355 2099 368 -
2133 320 2516 388 PARAPHR.
2555 323 3074 389 PACHYMER/E.

3487 305 3601 388 382

1274 451 1818 518 PARAPHRASIS
1856 452 2357 520 PACHYMERZE
2408 457 2561 539 (οε).

304 618 452 674 Μετὰ
520 617 620 683 την
686 616 930 695 οὖρανῖαν
1003 617 1277 697 ἱεραρχίαν
1348 613 1696 691 διαλαμϐάνει
1778 619 1894 674 καὶ.

2014 620 2156 681 Post
2170 619 2472 681 ccelestem
2488 617 2881 682 hierarchiam
2900 620 3295 682 tractatetiam
3310 621 3386 683 de
3401 627 3607 684 nostra

217 708 339 784 περῖ
398 712 500 773 τῆς
531 707 648 763 καθ’
712 708 852 777 ἡμᾶς
881 708 1179 786 ἱεραρχίας,
1209 707 1279 773 ἣν
1333 705 1430 762 οῦκ
1472 706 1598 764 εἷπε
1651 708 1878 785 γηΐνην⁶

215 799 263 853 εἰ
311 798 415 874 γὰρ
458 798 547 853 καὶ
580 797 637 853 ὲν
695 802 768 874 γῇ
810 795 1170 876 πολιτεύεται,
1216 794 1338 852 ἀλλ’
1395 798 1423 851 ὁ
1466 797 1666 860 σκοπὶς
1696 798 1784 853 καὶ
1819 799 1881 853 τὸ

210 884 372 950 τέλος
430 890 598 953 αὐτῆς
662 885 901 964 οὐράνιός
964 885 1128 965 ἐστιν,
1186 887 1260 950 εἷς
1320 887 1546 960 μίμησιν
1602 893 1694 942 τοῦ
1753 889 1883 943 Θεοῦ

211 974 424 1052 ἄγουσα
479 977 570 1032 τὸν
615 975 912 1055 ἄνθρωπον,
974 977 1150 1039 καθὼς
1182 976 1390 1043 ίὲιιείνη
1458 976 1549 1041 τὰς
1592 976 1731 1041 θείας
1794 968 1882 1032 καὶ

212 1066 488 1135 οῦρανίους
548 1063 817 1140 δυνάμεις·
897 1064 1311 1142 προηγουμένως
1386 1065 1485 1142 γὰρ
1549 1066 1642 1122 καὶ
1691 1066 1880 1142 κυρίως

209 1157 278 1212 τὸ
310 1154 605 1232 καθαίρειν,
651 1156 712 1210 τὸ
743 1155 1010 1233 φωτίζειν,
1060 1156 1121 1210 τὸ
1150 1153 1412 1234 τελειοῦν,
1444 1164 1535 1213 τοῦ
1585 1162 1716 1211 Θεοῦ
1744 1153 1879 1210 ἐστι*

215 1243 482 1316 δευτέρως
529 1243 583 1300 δὲ
631 1245 717 1300 καὶ
760 1250 870 1300 τῶν
927 1243 1195 1322 ἀγγέλων,
1232 1245 1368 1300 κατὰ
1409 1244 1581 1321 τρίτον
1626 1242 1680 1299 δὲ
1727 1241 1884 1321 λόγον

221 1335 314 1389 καὶ
370 1337 544 1392 αὐτῶν
570 1339 678 1389 τῶν
721 1333 1030 1411 ἀνθρώπων
1078 1343 1241 1392 ταῦτα
1283 1334 1382 1412 γάρ
1433 1334 1532 1389 εἰσι
1573 1333 1639 1390 τὰ
1681 1332 1797 1409 τρία
1850 1335 1885 1401 ἡ

220 1427 326 1488 τῆς
371 1424 646 1503 ἱεραρχίας
699 1423 958 1502 ἐνέργεια.
1018 1430 1192 1482 Ταῦτα
1250 1423 1393 1501 παρὰ
1444 1423 1543 1497 μὲν
1598 1435 1722 1487 ταῖς
1777 1419 1887 1477 ἄνω

221 1513 434 1576 οῦοίαις
464 1513 782 1588 τελούμενα,
851 1515 894 1569 εἰ
951 1515 1037 1570 καὶ
1092 1511 1361 1590 μυστήρια
1406 1514 1558 1584 εἰσιν,
1619 1513 1691 1576 ὡς
1756 1518 1887 1568 Θεοῦ

222 1603 356 1678 ἔργα
415 1602 708 1683 ὑπέρτατα,
743 1601 862 1658 ἀλλ’
921 1603 1010 1659 οῦν
1053 1602 1112 1659 οὔ
1158 1602 1421 1679 μυστήριά
1463 1603 1563 1658 εἰσι
1607 1603 1737 1680 πρὸς
1781 1600 1886 1657 ἀλ-

222 1691 431 1760 λήλας.
469 1703 632 1752 πῦσια
675 1694 776 1770 γὰρ
820 1693 962 1770 ἅγιαι
992 1693 1089 1749 καί
1145 1695 1484 1768 μεμυημὲναι
1518 1693 1616 1748 είσὶ
1673 1697 1740 1767 τῇ
1771 1691 1882 1770 χᾶ-

222 1804 331 1858 ριτι
361 1791 458 1840 τοῦ
488 1790 643 1862 Θεοῦ,
670 1785 715 1838 εἰ
758 1783 846 1839 καὶ
886 1781 1024 1848 ἄλλη
1057 1781 1226 1848 ἄλλης
1258 1781 1480 1860 προέχει
1524 1782 1661 1838 κατά
1689 1783 1750 1837 τὸ
1783 1780 1886 1855 μέ-

1965 707 2508 788 hierarchia,quam
2541 728 2655 770 non
2688 708 2834 770 dixit
2857 709 3512 790 terrenam;quia,licet
3542 711 3606 774 in

1965 805 2124 859 terra
2151 797 2623 871 administretur,
2646 815 2863 879 scopus
2887 807 3078 860 tamen
3099 799 3299 862 etfinis
3321 799 3452 879 ejus
3472 819 3607 863 cce-

1965 888 2126 950 lestis
2156 894 2267 960 est,
2297 905 2431 948 cum
2454 887 2524 948 ad
2551 887 2909 950 imitandum
2933 887 3116 949 Deum
3140 887 3384 949 inducat
3406 889 3608 952 homi-

1965 995 2253 1048 nem,non
2268 994 2442 1038 secus
2465 995 2532 1036 ac
2562 976 2656 1037 illa
2672 977 2899 1038 divinas
2921 980 3312 1058 caelestesque
3333 978 3607 1058 virtutes,

1964 1065 2257 1145 siquidem
2283 1065 2687 1146 principaliter
2716 1086 2784 1128 ac
2807 1067 3069 1146 proprie,
3100 1066 3362 1147 expiare,
3382 1067 3608 1130 illumi-

1967 1174 2133 1229 nare,
2169 1157 2482 1236 perﬁcere,
2521 1156 2628 1218 Dei
2653 1163 2776 1232 est;
2811 1156 3168 1219 secundario
3199 1169 3398 1218 autem
3430 1165 3605 1220 etiam

1969 1245 2675 1324 angelorum,secundum
2699 1264 2836 1307 vero
2862 1247 3095 1308 tertiam
3113 1247 3402 1308 rationem
3429 1248 3609 1309 etiam

1968 1328 2231 1414 ipsorum
2267 1335 2598 1398 hominum.
2623 1342 2904 1416 quoniam
2937 1337 3062 1398 hac
3095 1338 3204 1399 tria
3229 1345 3366 1397 sunt
3397 1356 3612 1400 munus

1970 1425 2346 1487 hierarchiae.
2369 1423 2508 1486 Haec
2532 1424 2667 1485 dum
2693 1424 2752 1486 in
2777 1426 3050 1505 superuis
3071 1425 3312 1506 quidem
3337 1427 3612 1488 essentiis

1973 1514 2755 1592 perﬁciuntur,tametsisint
2781 1515 3077 1595 mysteria,
3103 1515 3325 1594 quippe
3349 1517 3456 1578 Dei
3477 1535 3617 1596 ope-

1970 1621 2035 1664 ra
2095 1603 2549 1683 sublimissima,
2597 1613 3006 1666 verumtamen
3064 1604 3258 1686 quoad
3322 1603 3452 1666 illas
3496 1623 3615 1666 non

1971 1701 2107 1754 sunt
2129 1693 2404 1774 mysteria
2428 1712 2448 1766 ;
2479 1694 2755 1772 quoniam
2781 1713 2990 1755 omnes
3007 1703 3225 1756 sanctae
3243 1701 3380 1755 sunt
3402 1703 3459 1756 et
3479 1713 3616 1773 gra-

1973 1783 2052 1843 tia
2077 1782 2181 1845 Dei
2205 1793 2588 1858 consecratae,
2610 1783 2879 1863 quamvis
2897 1784 3083 1845 altera
3113 1783 3188 1844 sit
3212 1783 3398 1846 altera
3428 1802 3616 1863 praes-

221 1891 352 1947 τρον
416 1871 515 1938 τῆς
561 1871 678 1929 ἐκεῖ
720 1872 833 1928 εἴτε
879 1870 1097 1946 τάξεως,
1144 1869 1257 1927 εἴτε
1301 1872 1408 1946 μὴν
1455 1872 1544 1928 καὶ
1594 1868 1886 1944 δυνάμεως·

1980 1871 2218 1951 lautior,
2249 1871 2577 1933 secundum
2605 1871 2893 1934 rationem
2920 1892 3051 1954 qua
3074 1873 3196 1938 illic
3217 1885 3332 1951 ρει,
3365 1873 3489 1936 sive
3509 1892 3614 1936 or-

221 1958 354 2037 παρ’
417 1963 554 2036 ἡμῖν
605 1959 661 2017 δὲ
711 1959 1025 2036 τελούμενα,
1059 1961 1322 2039 μυστὴρια
1378 1959 1645 2045 λέγονται,
1678 1963 1738 2018 οῦ
1785 1959 1885 2038 γὰρ

1980 1960 2124 2022 diuis
2148 1961 2270 2022 sive
2289 1962 2688 2043 virtutis;qnaa
2709 1980 2844 2023 vero
2873 1962 3028 2043 apud
3057 1981 3166 2025 nos
3199 1963 3613 2045 perﬁciuntur,

221 2049 424 2117 πάντες
481 2053 722 2129 καθαροὶ,
781 2052 896 2108 οὔτε
968 2051 1078 2126 μην
1144 2051 1504 2127 μεμυημένοι,
1581 2041 1753 2107 ’Ὀθεν
1796 2051 1884 2106 καὶ

1980 2052 2245 2131 mysteria
2275 2070 2380 2114 seu
2411 2041 2784 2115 sacramenta
2815 2041 3116 2127 dicuntur,
3143 2041 3262 2115 non
3302 2055 3463 2116 enim
3495 2041 3619 2116 om;

220 2139 356 2218 παρ’
419 2141 644 2204 ἰκείναις
708 2141 808 2216 μὲν
858 2140 1090 2205 ἀπάσαις
1143 2141 1307 2196 ταῦτά
1352 2141 1507 2215 εἰσιν,
1553 2141 1598 2196 εἷ
1641 2141 1727 2196 καὶ
1783 2138 1882 2194 ἆνᾶ

1980 2155 2068 2198 aes
2091 2141 2216 2211 puri
2240 2151 2586 2212 sunt,ueque
2607 2141 2777 2200 etiam
2803 2142 3194 2200 initiaiilinde
3212 2144 3270 2200 in
3295 2143 3408 2201 illis
3427 2143 3619 2202 omni-

222 2229 391 2308 μέρος
434 2232 521 2287 καὶ
551 2231 908 2304 καθαίρονται,
944 2231 1030 2286 καὶ
1080 2231 1418 2309 φωτίζονται,
1466 2230 1553 2286 καὶ
1609 2227 1880 2286 τελειοῦν-

1980 2230 2139 2292 nibus
2169 2231 2278 2292 ista
2298 2239 2456 2306 sunt,
2487 2232 2602 2293 etsi
2628 2249 2735 2312 per
2764 2241 2963 2313 partes
2989 2232 3167 2296 etiam
3187 2234 3520 2313 expientur,
3553 2243 3617 2296 et

221 2337 344 2376 ταιο
391 2317 520 2399 παρ’
568 2322 704 2396 ἡμῖν
752 2319 806 2375 δὲ
859 2320 918 2374 οῦ
954 2325 1140 2398 πᾶσιν,
1189 2318 1326 2375 ἀλλά
1355 2341 1484 2394 τισι,
1519 2320 1692 2381 καθὼς
1719 2318 1809 2374 καὶ
1855 2319 1882 2373 ὁ

1980 2319 2379 2381 ιΙΙυωίηθηιυι·
2407 2329 2587 2398 atque
2619 2321 3046 2400 perﬁciantur;
3077 2322 3234 2402 apud
3269 2342 3378 2385 nos
3415 2333 3612 2386 autem

223 2410 358 2471 Θεὸς
421 2407 509 2465 δια
561 2431 654 2466 του
708 2411 983 2488 προφήτου
1053 2408 1222 2486 λέγει’
1286 2410 1354 2466 Τὸ
1424 2407 1721 2486 μυστήριόν
1782 2428 1884 2481 μου

1980 2428 2089 2472 non
2120 2409 2179 2471 in
2200 2410 2620 2484 omnibus,sed
2640 2413 2696 2474 in
2719 2411 3616 2493 quibusdam,quemadmodum

226 2498 348 2572 ἐμοὶ
405 2500 495 2556 καὶ
546 2512 665 2564 τοῖς
710 2499 888 2574 ἐμοῖς·
937 2498 1095 2573 ἐμοὺς
1125 2496 1298 2576 λέγων
1328 2498 1541 2560 πάντως
1572 2497 1697 2561 τοὺς
1727 2498 1888 2574 ἱερεῖς

1980 2499 2148 2562 etiam
2163 2499 2324 2562 Deus
2337 2517 2442 2581 per
2453 2502 2806 2581 prophetam
2827 2501 3420 2582 ait,mysterium,seu
3431 2519 3622 2566 secre-

228 2590 268 2658 ἢ
341 2591 469 2652 τοὺς
540 2587 936 2664 μεμυημένους.
1007 2589 1115 2656 Τὴν
1178 2594 1304 2665 γοῦν
1360 2590 1468 2644 τῶν
1526 2585 1888 2666 προκειμένων

1980 2595 2097 2652 tum
2125 2607 2324 2652 meum
2352 2589 2508 2652 mihi
2533 2591 2561 2634 δ
2589 2597 2650 2652 et
2670 2593 2844 2672 meis;
2877 2608 3040 2654 meos
3068 2589 3509 2673 dicens,utique
3531 2610 3624 2654 sa-

227 2678 543 2760 κεφαλαίων
600 2674 936 2734 διδασκαλίαν
966 2677 1102 2732 κατὰ
1143 2674 1317 2733 διττὸν
1371 2689 1612 2735 ποιεῖται
1671 2676 1888 2754 τρόπον.

1980 2678 2249 2742 cerdotes
2282 2679 2375 2741 vel
2408 2679 2696 2741 initiatos.
2730 2679 3180 2760 Propositorum
3214 2680 3412 2761 itaque
3444 2680 3618 2760 capi-

229 2772 458 2849 Πρῶτον
518 2767 615 2845 γὰρ
644 2766 902 2823 ἐκτιθεται
959 2767 1045 2845 τὸ,
1075 2772 1190 2830 πῶς
1220 2765 1456 2823 τελεῖταί
1483 2769 1544 2822 τὸ
1603 2766 1892 2844 μυστήριον

1980 2769 2231 2831 tulorum
2257 2768 2590 2831 doctrinam
2622 2769 2846 2849 duplici
2892 2769 3066 2830 modo
3118 2769 3316 2834 tradit.
3355 2769 3620 2832 Primum

228 2868 329 2919 τοῦ
385 2856 698 2937 κεφαλαίουδ
733 2859 821 2912 καὶ
879 2855 1166 2926 μετέπειτα
1195 2857 1384 2934 θεωρίᾳ
1441 2859 1541 2913 τινὶ
1583 2862 1737 2912 τοῦτο
1786 2877 1894 2912 πα-

1980 2857 2138 2920 enim
2190 2858 2530 2940 exponitur,
2565 2859 2864 2940 quomodo
2905 2859 3251 2940 mysterium
3283 2878 3391 2922 seu
3413 2878 3620 2922 sacra-

232 2947 548 3022 ραδίόωσιν.
645 2949 775 3004 Οἷον
809 2994 826 3020 ,
901 2946 1192 3023 μυστηρίου
1263 2947 1600 3026 φωτίσματος
1690 2946 1893 3008 ἔκθεσις

1980 2955 2246 3011 mentum
2293 2949 2406 3011 iste)
2449 2953 2644 3030 capite
2677 2949 3045 3029 propositum
3077 2959 3626 3024 consummetur,ac

230 3046 474 3116 πρῶτον,
531 3036 659 3092 εἶτα
717 3035 932 3112 δευτέρα
990 3037 1024 3103 ἡ
1090 3036 1281 3108 θεωρία
1324 3035 1504 3095 αὒτοῦ⁹
1552 3034 1738 3114 πάλιν,
1785 3057 1893 3110 μυ-

1980 3037 2198 3100 deinde
2217 3056 2323 3112 per
2340 3040 2903 3121 contemplationem
2930 3038 3246 3119 quamdam
3267 3039 3414 3100 illud
3443 3039 3628 3119 expli-

230 3127 458 3204 στηρὼυ
527 3124 785 3191 συνάξεως
856 3123 1085 3202 ἔκθεσις,
1146 3126 1272 3182 εἶτα
1343 3126 1378 3194 ἡ
1448 3124 1637 3203 θεωρία
1709 3123 1891 3185 αῦτοῦ.

1980 3126 2606 3225 cat.Verbi_gratia,est
2620 3128 2912 3225 expositio
2929 3125 3342 3225 illustratiouis
3355 3127 3624 3225 seubap-

237 3217 398 3276 Ἐπεὶ
440 3215 542 3295 γὰρ
585 3213 769 3272 διπλοῖ
820 3216 984 3290 ἔσμεν
1029 3215 1116 3272 καὶ
1174 3217 1359 3292 ἡμεῖς,
1424 3215 1603 3291 ὁρατοὶ
1656 3214 1795 3273 κατὰ
1834 3214 1894 3270 τὸ

1983 3216 2483 3293 tismatis;deinde
2512 3216 2906 3299 subsequitur
2937 3218 3067 3297 ejus
3088 3217 3627 3296 contemplatio;si-

231 3313 421 3381 σῶμα,
484 3304 760 3379 νοούμενοι
815 3305 954 3362 κατὰ
1023 3308 1250 3385 ψυχην,
1309 3302 1472 3372 διπλῆ
1529 3304 1617 3361 καὶ
1687 3305 1723 3373 ἡ
1780 3301 1894 3364 γαθ⁹

1982 3305 2204 3368 militer
2227 3306 2515 3387 expositio
2537 3306 2894 3370 sacramenti
2914 3324 3199 3388 synaxeos
3220 3324 3327 3370 seu
3360 3325 3627 3369 commu-

233 3399 390 3470 ἡμᾶς
452 3394 716 3474 ἱεραρχία,
753 3393 1005 3468 αἰσθητὴ,
1038 3391 1122 3450 διὰ
1174 3392 1281 3450 τῶν
1311 3391 1696 3472 ἐνεργουμένων
1754 3414 1894 3467 συμ-

1981 3395 2200 3473 uionis,
2233 3396 2452 3459 deinde
2500 3396 2920 3476 contemplatio
2961 3395 3258 3475 ejusdem.
3305 3397 3453 3460 Cum
3491 3397 3617 3457 Ιϐι

236 3483 444 3563 δόλων,
510 3483 703 3555 νοητὴ,
768 3480 852 3538 διὰ
909 3487 1007 3549 τῆς
1063 3483 1306 3561 θεωρίας,
1369 3483 1571 3560 Θεωρία
1640 3480 1694 3538 δέ
1752 3481 1894 3539 ἐστιν

239 3571 476 3640 ἔπιϐολὴ
527 3573 647 3636 νοὸς
679 3570 877 3646 ἅμεσος
906 3574 992 3628 καὶ
1037 3571 1170 3648 ψιλὴ
1199 3579 1304 3629 τῶν
1347 3573 1639 3642 αἰσθήσεων
1669 3573 1802 3648 πρὸς
1832 3570 1898 3626 τὰ

239 3651 592 3737 ὑποκείμενα.
653 3660 757 3729 Τῆς
832 3668 956 3738 γοῦν
1027 3659 1279 3728 τοιαύτης
1347 3661 1617 3740 ἱεραρχὶας
1672 3661 1761 3716 καὶ
1834 3659 1900 3714 τὰ

241 3750 492 3826 σύμϐολα
536 3749 800 3829 μυστήριᾶ
831 3751 930 3806 εἶσι
972 3751 1103 3828 πρὸς
1140 3751 1258 3813 τοὺς
1291 3748 1465 3815 ξένους
1515 3754 1614 3815 τῆς
1659 3746 1900 3815 Ἐκκλη-

245 3845 367 3905 σίας
409 3843 500 3897 καὶ
529 3839 821 3914 ἆμυήτους’
871 3839 1010 3898 ἀλλὰ
1038 3840 1124 3896 καὶ
1166 3841 1201 3908 ἡ
1261 3839 1470 3916 θεωρία,
1504 3840 1576 3902 ὡς
1631 3837 1899 3916 ὑπερτάτη

243 3936 468 4007 γνῶσις,
507 3932 594 3986 καὶ
644 3928 871 4004 δεομένη
929 3928 1180 4003 πίστεως,
1215 3930 1503 4005 μυστήριον
1554 3924 1758 4005 λέγοιτ’
1813 3924 1898 4006 ἂν,

242 4025 421 4086 καθὼς
491 4021 582 4075 καὶ
652 4021 680 4075 ὁ
749 4016 1076 4080 ’Λπόστολος
1145 4017 1311 4096 λέγει’
1392 4018 1696 4093 Μυστήριον
1764 4015 1906 4094 λέγω

244 4112 402 4185 ῦμῖν·
480 4109 675 4171 πάντες
747 4107 848 4182 μὲν
920 4107 980 4163 οῦ
1050 4106 1511 4182 κοιμηθησόμεθα,
1590 4107 1772 4168 πάντες
1850 4105 1905 4160 δὲ

246 4198 688 4274 ἀλλαγησόμεθα.
736 4193 887 4252 Ἀλλ’
938 4194 1083 4270 ὅμως
1139 4195 1205 4252 τὰ
1247 4193 1484 4270 σύμϐολα
1543 4195 1706 4270 μόνον
1759 4194 1904 4273 λέγει

247 4289 517 4364 μυστήρια
572 4288 704 4362 πρὸς
761 4288 882 4350 τοὺς
938 4286 1232 4359 ἀμυήτους,
1278 4287 1352 4347 ὡς
1412 4282 1646 4363 εἴρηται·
1696 4285 1788 4346 τὰς
1849 4282 1905 4340 δὲ

248 4378 533 4454 ἀναγωγας
594 4377 766 4433 αὐτῶν
809 4375 1025 4452 θεωρίας
1067 4378 1250 4454 φησὶν,
1303 4375 1376 4436 ὡς
1418 4375 1511 4430 τὸν
1555 4381 1671 4430 νοῦν
1732 4377 1904 4431 «ora»

250 4465 550 4542 ἀναγούσας
607 4465 674 4520 τὰ,
702 4464 878 4520 οἰκεῖα
934 4465 1155 4541 θεωρεῖν
1199 4464 1374 4527 καθὼς
1436 4462 1682 4542 ἓχουσιν,
1714 4462 1758 4518 εἰ
1817 4463 1905 4518 καὶ

1977 3490 2132 3547 enim
2155 3497 2212 3547 et
2239 3503 2348 3546 nos
2379 3489 2596 3560 dupiici
2623 3499 2781 3560 parte
2812 3496 3164 3558 constemus,
3197 3488 3630 3548 visibilisecun—

1979 3575 2119 3632 dum
2148 3583 2432 3644 corpus.et
2457 3572 2771 3631 iutellectili
2793 3572 3112 3631 secundum
3142 3572 3630 3642 animamduplex

1980 3666 2071 3720 est
2118 3658 2295 3721 etiam
2330 3659 2488 3737 apud
2508 3677 2616 3720 nos
2645 3657 3002 3730 hierarchia,
3048 3655 3288 3718 sensilis
3316 3655 3624 3718 nimirum.

1983 3755 2226 3829 propter
2246 3747 2519 3826 symbola
2547 3766 2678 3827 qua;
2710 3747 3070 3808 exhibentur
3099 3763 3123 3823 ;
3149 3754 3205 3806 et
3236 3743 3624 3824 intellectilis,

1982 3836 2820 3917 proptercontemplationem.
2854 3833 3286 3916 Contemplatio
3310 3842 3509 3896 autem
3537 3841 3630 3895 est

1982 3926 2330 3989 immediata
2359 3926 2576 3988 mentis
2604 3935 2662 3989 et
2688 3927 2856 3989 exilis
2885 3944 3168 3987 sensuum
3201 3923 3520 4005 applicatio
3555 3923 3628 3984 ad

1985 4035 2054 4079 ea
2085 4035 2214 4097 quae
2242 4023 2676 4097 proponuntur.
2714 4015 3050 4080 Istiusmodi
3074 4015 3248 4092 igitur
3275 4011 3633 4075 hierarchiae

1987 4106 2550 4186 symbola,profanis
2570 4114 2628 4168 et
2659 4105 2730 4168 ab
2743 4104 3012 4168 Ecclesia
3035 4103 3338 4166 extraneis
3362 4102 3640 4183 mysteria

1989 4213 2224 4277 quoque
2255 4205 2391 4257 sunt
2417 4213 2431 4256 :
2461 4205 2872 4258 verumtamen
2899 4193 3636 4273 contemplatio,tanquam

1987 4303 2267 4365 suprema
2289 4286 2830 4366 coguitio,qua2que
2847 4283 2964 4347 ﬁde
2996 4301 3149 4361 opus
3167 4281 3637 4362 hubeat,myste-

1989 4374 2143 4435 rium
2174 4375 2698 4454 appellatur,juxta
2731 4375 2888 4455 quod
2913 4381 2971 4434 et
3001 4371 3320 4452 Apostolus
3341 4376 3423 4432 ait
3449 4369 3640 4450 :Mys-

1989 4465 2210 4526 ter-ium
2240 4463 2406 4527 vobis
2437 4465 2728 4527 dicoznon
2759 4480 2960 4525 omnes
3015 4460 3255 4542 quidem
3284 4460 3636 4522 abdormie-

252 4540 432 4618 ἄλλως
494 4551 579 4609 διὰ
635 4550 917 4627 συμϐόλων
975 4540 1338 4631 ἐμφαίνονται.
1408 4540 1627 4629 Ὀνήγὰρ
1669 4540 1894 4626 μυηθεὶς

1989 4570 2143 4626 mus,
2194 4553 2303 4615 sed
2329 4569 2533 4615 omnes
2584 4540 3119 4619 immutabimuri.
3148 4553 3429 4613 Attamen
3473 4567 3636 4628 sym-

251 4645 344 4700 καὶ
387 4643 539 4705 ἐντὸς
588 4642 874 4719 γενόμενος
917 4647 1014 4717 τῇς
1057 4640 1210 4718 ἁγίας
1255 4645 1484 4716 σκηνῆς,
1529 4639 1904 4716 ἀνακεκαλυμ-

255 4737 401 4808 ab“?
428 4731 704 4809 προσώπῳ
752 4729 978 4812 ὀρεοίλει
1010 4734 1231 4810 θεωρεῖν
1257 4731 1323 4786 τὰ
1350 4735 1450 4798 τῆς
1507 4729 1735 4792 πίστεως
1769 4730 1905 4806 μετὰ

255 4824 510 4888 πίστεως.

1987 4639 2122 4703 bula
2151 4649 2378 4702 tantum
2415 4649 2586 4703 vocat
2619 4639 3125 4722 mysteria,quoad
3149 4657 3253 4700 eos
3279 4638 3512 4700 scilicet
3537 4636 3638 4717 qui

1986 4729 2241 4790 necdum
2267 4728 2480 4791 initiati
2507 4729 2760 4805 sunt,uti
2789 4729 3011 4790 dictum
3038 4736 3166 4790 est:
3202 4745 3409 4789 eorum
3439 4734 3637 4787 autem

1983 4837 2297 4898 anagogas,
2333 4817 2592 4899 appellat
2638 4815 3196 4896 contemplationes,
3247 4815 3470 4896 quippe
3507 4833 3639 4896 quze

275 4918 543 4972 mentem
579 4907 808 4988 erigant
837 4909 910 4972 ad
941 4925 1143 4970 rerum
1173 4907 1460 4989 ipsarum,
1488 4915 1554 4969 ut
1584 4907 1644 4969 in
1693 4925 1758 4969 se
1806 4916 1971 4983 sunt,
2019 4907 2613 4987 contemplationem,
2650 4907 2786 4969 licet
2811 4906 2982 4969 aliter
3011 4905 3187 4967 etiam
3222 4923 3332 4984 per
3373 4903 3640 4986 symbola

264 5000 675 5062 insinuentur.
711 4997 820 5070 Qui
852 4998 1010 5061 enim
1052 4997 1322 5061 initiatus
1355 5005 1445 5059 est
1474 5006 1533 5060 et
1559 4997 1714 5060 intra
1742 5015 1978 5059 sacrum
2018 4998 2204 5060 velum
2239 4998 2569 5078 ingressus,
2591 4995 2848 5058 revelata
2875 4993 3026 5058 facie
3051 5013 3186 5056 cum
3217 4992 3337 5057 ﬁde
3375 5000 3640 5058 contem-

257 5089 407 5170 plari
442 5086 626 5170 debet
657 5105 730 5150 ea
759 5105 892 5166 quas
918 5095 1060 5150 sunt
1101 5086 1268 5149 ﬁdei.

338 5177 370 5259 ς
402 5188 448 5239 l.
474 5167 512 5206 ’¹
520 5186 618 5236 Οτι
648 5178 748 5254 μὲν
775 5180 812 5246 ἡ
832 5177 948 5235 καθ’
974 5181 1118 5253 ἡμᾶς
1143 5178 1407 5257 ἱεραρχία,
1434 5178 1479 5234 εί
1507 5177 1592 5234 καὶ
1622 5175 1739 5233 καθ’
1761 5177 1906 5250 ἡμᾶς

259 5268 499 5348 λέγεται,
531 5265 654 5323 ἀλλ’
711 5266 802 5323 οὖν
830 5267 919 5325 καὶ
975 5267 1109 5335 αὐτὴ
1139 5269 1226 5324 καὶ
1254 5269 1365 5324 θεία
1409 5265 1516 5322 ἐστὶ
1544 5266 1664 5324 καθ’
1717 5266 1905 5346 αὑτὴν,

2069 5175 2099 5257 §
2129 5175 2176 5240 Ι.
2202 5175 2612 5239 Hierarchiam
2659 5182 2948 5251 nostram,
2984 5172 3122 5236 licet
3146 5179 3345 5234 nostra
3380 5173 3635 5247 dicatur,

1992 5270 2258 5330 attamen
2278 5273 2337 5330 et
2362 5265 2552 5347 ipsam
2577 5283 2684 5348 per
2705 5283 2770 5328 se
2782 5265 3042 5328 divinam
3067 5279 3352 5340 esse,non
3364 5279 3540 5324 secus
3565 5279 3634 5323 ac

337 5501 365 5543 ³
397 5501 516 5566 lsa.
551 5516 712 5578 xxiv,
748 5500 850 5578 16,
883 5517 1007 5564 sec.
1039 5498 1322 5582 Septuag.
1356 5500 1417 5564 in
1448 5498 1688 5582 aliquod
1719 5497 1896 5562 codd.
1950 5499 1963 5542 ί
2007 5498 2032 5562 Ι
2062 5498 2196 5565 Cor.
2231 5517 2331 5582 xv,
2367 5499 2467 5564 51.

341 5661 471 5745 (22)
496 5659 654 5726 Vide
682 5661 929 5728 Scholia
954 5662 1020 5725 S.
1054 5660 1293 5733 Maximi
1322 5668 1471 5728 tom.
1500 5660 1572 5751 ll,
1597 5677 1706 5749 cap
1737 5663 1766 5726 1
1804 5660 2026 5729 Ecclos.
2064 5661 2236 5730 Hier.
