4078 6204
240 392 363 462 385

774 392 873 456 DE
916 391 1215 455 ECCLES.
1249 383 1701 460 HIERARGH.,
1746 374 1914 447 CAP.
1964 382 2014 444 Ι.
2048 414 2124 427 -
2160 377 2548 443 PARAPHB.
2582 366 3100 443 PACHYMERE.

3513 378 3630 445 386

234 530 415 608 τὲροις
474 524 910 597 κατακολουθεῖν,
969 523 1026 579 ἑν
1081 545 1158 587 τῳ
1206 523 1329 601 Περὶ
1386 527 1483 589 τῆς
1516 519 1758 597 οὖρανίας
1790 524 1905 577 ἰε-Α

1999 515 2240 608 mnibus
2252 516 2644 608 propositum
2664 512 2938 608 sitnobis
2960 515 3330 608 antiquiores
3349 518 3613 600 sequi,in

241 618 476 698 ραρχίας
526 619 743 691 εἷπομεν
802 611 920 670 κατ’
953 613 1181 679 ἐκείνους
1236 612 1337 680 τὴν
1391 616 1499 667 τῶν
1522 611 1721 687 θρόνων
1749 611 1921 685 τάξιν»

239 706 581 786 ὑψηλοτέραν
612 706 719 763 τῶν
776 702 976 765 ἄλλων.
1037 704 1347 770 Σκοπητέον
1404 698 1459 756 δὲ
1490 699 1549 758 ἐκ
1590 702 1813 775 τούτων,
1848 702 1891 757 εἰ

239 798 429 861 καλῶς
488 797 709 870 ταύτην,
778 795 867 850 καὶ
924 791 983 849 οὗ
1038 793 1137 860 τὴν
1193 794 1299 848 τῶν
1351 791 1579 871 σεραφίμ
1612 806 1626 822 ⁸
1676 790 1893 848 ἐνταῦθα

242 888 351 965 γὰρ
420 886 529 943 ἀπὸ
555 891 664 942 τῶν
712 879 961 963 ἐσχάτων
998 879 1299 956 διακόσμῶν
1357 878 1669 957 ἀρξάμενος,
1729 878 1893 960 μέχρι

244 979 473 1033 καὶτῶν
506 971 742 1054 σεραφῖμ
773 970 1033 1039 κατέληξε
1067 1019 1080 1032 .
1118 970 1266 1038 Πλὴν
1306 968 1426 1026 ἀλλ’
1460 970 1606 1035 ὅπως
1652 968 1715 1025 ἄν
1746 969 1893 1049 ἔχοι,

242 1066 449 1123 νικάτω
476 1066 539 1120 τὸ
599 1061 971 1143 ἀρχαιότερον,
1033 1058 1299 1122 Τοσοῦτον
1356 1057 1409 1115 δὲ
1479 1058 1627 1135 ὅμως
1673 1061 1700 1115 ὁ
1745 1058 1894 1137 ἅγιος

242 1154 418 1234 λέγει,
443 1156 507 1211 τὸ
535 1155 712 1211 κοινὸν
777 1151 993 1218 ἁπάσης
1024 1149 1300 1229 ίεραρχίας
1330 1150 1600 1223 συνιστΞις,
1647 1146 1728 1206 ὅτι
1750 1155 1893 1206 πᾶσα

236 1245 491 1326 ἱεραρχία
530 1246 652 1320 μίαν
695 1241 816 1322 ἔχει
873 1241 973 1308 τὴν
1029 1237 1271 1316 δύναμιν.
1332 1241 1404 1296 Τὸ
1445 1239 1619 1295 τοίνυν
1650 1240 1804 1296 αὐτόν
1834 1258 1891 1295 τε

239 1337 336 1391 τὸν
362 1332 623 1413 ἰερσίρχην
684 1331 821 1388 κατὰ
855 1331 955 1396 τὴν
982 1327 1114 1385 ἰδίαν
1174 1329 1375 1385 οὐσίαν·
1412 1327 1550 1395 ἄλλη
1585 1329 1680 1405 γὰρ
1723 1327 1893 1407 ἀγγέ-

242 1423 344 1480 λου
385 1424 684 1491 τελειότης,
751 1421 846 1477 καί
890 1418 1029 1486 ἄλλη
1064 1417 1337 1498 ἀνθρώπου
1368 1432 1384 1447 ⁶
1420 1418 1509 1475 καὶ
1553 1418 1697 1483 αὖθις
1756 1418 1892 1474 κατᾶ

243 1516 350 1580 τὴν
400 1513 595 1570 οἰκείαν
642 1509 937 1586 ἀναλογίαν
970 1509 1063 1565 καί
1107 1506 1251 1574 τάξιν
1283 1523 1297 1538 ⁸
1333 1507 1417 1563 ἐπὶ
1450 1508 1549 1587 γὰρ
1577 1520 1695 1571 τοῖς
1726 1511 1891 1585 οὖρα·-

244 1605 377 1664 νίοις
405 1602 546 1669 ἃλλη
599 1606 697 1668 τῆς
764 1596 1203 1679 ὑπερϐεϐηωίας,
1258 1599 1348 1655 καὶ
1390 1593 1530 1665 ἄλλη
1561 1603 1660 1665 τῆς
1691 1595 1892 1655 ὑποϐε-

246 1692 472 1759 ϐηκυίας
530 1688 726 1757 τάξεως
779 1691 814 1758 ἡ
858 1689 1173 1769 λαμπρότης
1206 1704 1222 1721 ⁸
1287 1688 1371 1745 ἐπὶ
1419 1685 1475 1744 δὲ
1518 1700 1636 1753 τοῖς
1681 1701 1897 1766 γηῖνοις

250 1782 396 1850 ἄλλη
426 1789 534 1839 τῶν
577 1780 907 1853 ἐπισκόπων,
969 1780 1057 1837 καὶ
1112 1777 1253 1845 ἄλλη
1304 1785 1410 1835 τῶν
1468 1776 1822 1855 πρεσϐυτέραν
1864 1779 1899 1845 ἡ

1976 606 2129 668 libro
2140 607 2223 669 De
2234 602 2847 667 CalestiHierarchia
2862 604 3627 681 diximus,interillosthro-

1977 712 2189 757 norum
2221 693 2496 756 ordinem
2530 693 2762 754 caneris
2791 710 2925 755 esse
2954 692 3622 761 sublimiorem.Verum

1976 803 2045 848 ex
2077 782 2849 865 hisperpendendum,num
2885 782 3051 845 illum
3067 793 3451 866 recte,etnon
3474 805 3632 849 sera-

1979 873 2587 954 phim,sublimiorem
2607 872 2880 934 ordinem
2901 892 3173 937 asserere
3204 874 3622 941 debuerimus:

1978 962 2077 1027 hic
2097 963 2257 1025 enim
2287 963 2361 1025 ab
2394 962 2616 1024 ultimis
2650 961 3139 1042 dispositionibus
3168 963 3627 1045 incipiens,tan-

1977 1053 2113 1115 dem
2144 1055 2203 1114 in
2223 1053 2520 1133 serapbim
2566 1052 2804 1115 desivit.
2840 1053 3157 1129 Cancrum,
3191 1054 3481 1136 quidquid
3516 1056 3627 1120 hac

1978 1142 2054 1206 de
2082 1161 2149 1206 re
2178 1144 2274 1225 sit,
2308 1143 2507 1206 vincat
2538 1141 2596 1203 id
2651 1142 2811 1222 quod
2844 1144 3144 1225 antiquius
3175 1153 3286 1208 est.
3314 1143 3466 1207 Illud
3494 1164 3628 1208 cer-

1979 1242 2036 1296 te
2066 1241 2305 1295 sanctus
2328 1233 2425 1295 hic
2452 1232 2737 1312 afﬁrmat,
2782 1251 3103 1297 commune
3132 1252 3265 1296 esse
3295 1235 3459 1296 omni
3491 1235 3629 1298 bie-

1976 1323 2228 1386 rarchiaa
2249 1322 2408 1405 quod
2434 1321 2628 1383 omnis
2644 1322 2982 1384 hierarchia
3002 1342 3183 1385 unam
3206 1323 3421 1387 habeat
3444 1326 3639 1389 virtu.

1977 1422 2117 1477 tem.
2152 1412 2370 1475 Deﬁnit
2399 1413 2593 1491 itaque
2633 1412 3028 1476 bierarchiam
3070 1422 3225 1473 nos
3286 1413 3500 1494 partim
3534 1434 3633 1478 se-

1978 1502 2237 1564 cundum
2273 1502 2571 1582 propriam
2592 1504 3177 1584 natnram,quoniam
3197 1504 3313 1565 alia
3339 1512 3429 1566 est
3450 1522 3640 1585 ange.

1980 1590 2111 1672 li,et
2131 1592 2246 1653 alia
2260 1592 2517 1654 hominis
2539 1590 2847 1671 perfectio,
2857 1593 3067 1673 partim
3099 1595 3275 1655 etiam
3294 1596 3636 1663 secundum

1984 1680 2428 1761 proportionem
2462 1688 2521 1741 et
2544 1680 2817 1742 ordinem
2850 1682 3068 1763 cuique
3097 1682 3398 1763 proprium
3428 1704 3442 1746 :
3474 1706 3631 1769 quo-

1986 1770 2146 1832 niam
2196 1770 2259 1832 in
2293 1769 2635 1833 caelestibus
2659 1770 2773 1832 alia
2799 1782 2892 1833 est
2920 1772 3341 1852 superioris,et
3373 1774 3495 1837 alia
3539 1778 3641 1841 in-

249 1873 424 1939 τάξις.
470 1874 542 1931 Τὸ
579 1869 856 1948 ἆναλογως
916 1878 1043 1948 γοῦν
1101 1867 1409 1936 τελεσθῆναι
1466 1870 1557 1925 τὸν
1613 1868 1896 1948 ἱεραρχην,

1991 1858 2219 1922 ferioris
2247 1859 2480 1922 ordinis
2501 1859 2815 1941 claritudo;
2840 1859 2899 1922 in
2915 1860 3300 1924 terrestribus
3327 1881 3466 1928 vero
3486 1866 3641 1932 alius

252 1965 345 2020 καὶ
414 1974 535 2027 τοῖς
586 1959 943 2027 ὗπςόεϐηκόσι
1005 1956 1339 2034 μεταδιδόναι
1396 1959 1496 2024 τῆς
1550 1959 1900 2037 ἐγγινομένης

255 2053 405 2126 αὒτῷ
445 2052 620 2108 θεόθεν
649 2050 995 2128 ὶΛλάμψεως,
1055 2048 1143 2105 καὶ
1190 2045 1352 2104 πάλιν
1410 2049 1530 2113 τοὺς
1560 2045 1902 2115 ὑποϐεϐηκό-

252 2164 354 2208 τας
382 2154 500 2206 τοῖς
534 2142 791 2217 κρείττοσι
822 2140 919 2215 μὲν
957 2136 1199 2217 ἕπεσθαι,
1243 2142 1349 2193 τῶν
1378 2135 1436 2194 δὲ
1477 2138 1715 2207 ἡττόνων
1745 2139 1904 2215 ἡγεῖι

255 2241 404 2307 σθαι,
434 2239 591 2289 τοῦτο
646 2232 788 2287 ἔστιν
833 2232 869 2297 ἦ
912 2232 1066 2294 κοινὴ
1112 2232 1209 2294 τῆς
1248 2228 1521 2308 ἱεραρχίας
1552 2229 1767 2295 ἀπάσης
1807 2226 1899 2283 δύο

255 2345 444 2396 ναμις.
478 2322 548 2379 Οὔ
592 2321 701 2397 μὴν
730 2319 809 2399 δὲ,
842 2318 963 2375 ἀλλ’
994 2316 1131 2375 ’ίδιόν
1175 2316 1318 2374 ἔστιν
1387 2317 1609 2397 ἑκατέρᾳ
1633 2318 1900 2398 ἱεραρχίᾳ,

256 2413 341 2468 ὅτι
380 2413 415 2479 ἡ
462 2412 560 2486 μὲν
607 2409 815 2489 ὠρανία
859 2408 1157 2483 ἀσωμάτων
1200 2407 1309 2463 ἐπὶ
1379 2407 1477 2464 καὶ
1521 2414 1727 2475 νοητῶν
1770 2410 1901 2486 πρὸς

254 2506 407 2575 ἡμᾶς
437 2499 707 2577 (κᾶγεῖναι
766 2499 865 2578 γὰρ
913 2501 1042 2575 πρὸς
1104 2499 1195 2554 τὸν
1253 2498 1383 2553 Θεὸν
1415 2498 1761 2575 νοεραίεῖσι),
1811 2501 1901 2553 καὶ

256 2590 344 2647 διὰ
390 2592 543 2646 τοῦτο
573 2591 660 2645 καὶ
686 2588 931 2669 ἱεραρχία
984 2589 1155 2644 αὖτῶν
1205 2590 1375 2655 νοητὴ
1432 2591 1521 2643 καὶ
1549 2587 1904 2663 ὑπερκόσμιός

256 2685 409 2738 ἔστιν
440 2696 455 2713 ⁸
490 2680 526 2747 ἡ
568 2677 685 2736 καθ’
713 2681 858 2753 ἡμᾶς
915 2676 969 2733 δὲ
1035 2675 1102 2733 δι’
1137 2679 1402 2744 αἰσθητῶν
1462 2673 1766 2751 συμϐόλων,
1797 2676 1901 2743 δη..

260 2770 447 2827 λονότι
497 2769 885 2845 βαπτίσματος,
953 2766 1234 2841 συνάξεως,
1292 2767 1594 2846 κοινωνίας,
1653 2768 1740 2823 καὶ
1800 2773 1907 2823 τῶν

264 2859 475 2917 λοιπῶν
495 2858 880 2935 ποικιλλομὶνη
925 2856 1270 2925 π)ηθύνεται.
1318 2854 1479 2932 ”Οσῳ
1524 2859 1622 2936 γὰρ
1665 2878 1746 2922 τις
1776 2857 1908 2913 ἀνά-

265 2970 420 3028 γεται
449 2950 521 3015 εἰς
572 2950 633 3005 τὸ
661 2948 887 3028 ἐνιαῖον,
932 2948 1112 3028 φθάνει
1160 2952 1259 3014 τῆς
1305 2949 1541 3017 νοήσεως
1577 2962 1592 2977 ⁸
1652 2946 1750 3004 καί
1801 2949 1910 3022 ὃσῳ

265 3051 391 3104 τοῖς
437 3040 712 3105 αἰσθητοῖς
761 3049 1063 3117 προχωρεῖ,
1108 3036 1428 3103 πληθύνεται
1479 3048 1593 3101 τοῖς
1636 3037 1909 3104 αἰσθητοῖς

266 3131 350 3184 ῶν
392 3129 713 3189 αἰσθάνεται.
772 3125 959 3201 Ἐτὲρα
997 3125 1140 3189 αὖθις
1184 3130 1292 3182 τῶν
1348 3124 1438 3181 δύο
1495 3122 1715 3204 διάφορα
1744 3174 1760 3206 ,
1828 3125 1909 3184 ὅτι

1985 1960 2075 2013 est
2105 1949 2371 2032 episcopi
2396 1960 2457 2012 et
2485 1950 2637 2013 alius
2668 1950 2813 2014 ordo
2846 1951 3359 2033 presbyterorum.
3386 1954 3640 2021 Hierar-

1984 2041 2179 2103 chiam
2212 2040 2410 2122 itaque
2461 2039 2772 2115 initiari,et
2802 2040 3186 2104 inferioribus
3216 2043 3343 2107 suis
3395 2046 3636 2111 insitam

1985 2129 2101 2220 sibi
2130 2129 2408 2220 divinitus
2439 2128 2897 2220 illustrationem
2942 2133 3412 2217 communicare,
3456 2145 3641 2220 atque

1985 2218 2160 2280 etiam
2191 2218 2511 2281 interiores
2542 2219 2955 2300 superioribus
2998 2221 3241 2301 quidem
3273 2218 3553 2307 obsequi,
3580 2235 3640 2288 et

1984 2308 2336 2370 inferiorum
2359 2326 2603 2371 suorum
2617 2309 2801 2371 duces
2823 2310 3236 2383 existere,haec
3265 2312 3456 2375 virtus
3475 2333 3633 2396 qum-

1986 2397 2121 2459 dam
2154 2404 2245 2461 est
2276 2397 2519 2460 cuilibet
2549 2398 2907 2460 bierarchize
2938 2400 3296 2462 communis.
3336 2400 3631 2465 Cazterum

1989 2506 2107 2549 non
2139 2486 2591 2559 commune,sed
2616 2488 2919 2569 proprium
2946 2488 3191 2551 cuilibet
3212 2490 3637 2554 hiererarcbizn

1990 2584 2099 2652 est,
2128 2577 2283 2657 quod
2316 2577 2571 2639 caelestis
2602 2577 2702 2638 illa
2759 2586 3036 2658 respectu
3074 2577 3265 2640 nostri
3295 2581 3377 2642 sit
3433 2599 3639 2643 rerum

1989 2668 2477 2747 incorporearum
2520 2674 2579 2728 et
2621 2666 3082 2745 intelligibilium
3142 2667 3302 2748 (nam
3358 2680 3637 2752 respectu

1994 2756 2101 2819 Dei
2145 2763 2203 2817 et
2248 2756 2363 2819 illae
2408 2767 2548 2817 sunt
2590 2755 3063 2839 intelligentes);
3114 2757 3399 2839 quocirca
3454 2761 3634 2821 etiam

1994 2873 2200 2917 earum
2237 2854 2574 2917 hierarchia
2597 2854 2992 2934 intelligihilis
3024 2874 3091 2919 ac
3137 2857 3640 2939 supramuudialis

1994 2946 2193 3008 existit
2228 2966 2242 3009 :
2280 2956 2480 3007 nostra
2511 2954 2704 3007 autem
2742 2964 2847 3026 per
2872 2946 3144 3028 symbols
3174 2948 3440 3023 sensilia,
3468 2950 3637 3012 scili-

1993 3044 2088 3098 cet
2110 3035 2497 3116 baptismatis,
2533 3053 2847 3117 synaxeos,
2872 3038 3336 3113 communionis,
3371 3042 3636 3102 caeteris-

1994 3143 2112 3203 que
2152 3126 2445 3202 variegata
2486 3125 2932 3203 muitiplicatur.
2981 3125 3279 3198 Quantum
3320 3129 3479 3190 enim
3506 3129 3640 3209 quis

261 3222 364 3276 τὸν
432 3220 562 3274 Θεὸν
599 3219 688 3274 καὶ
743 3217 842 3283 τὴν
871 3216 1013 3272 θείαν
1065 3216 1259 3294 ἀρετὴν
1315 3214 1516 3271 εκεῖνοι
1565 3215 1660 3289 μὲν
1690 3218 1760 3277 ὡς
1794 3217 1905 3282 vos;

1993 3216 2308 3277 adducitur
2325 3217 2395 3277 ad
2432 3235 2614 3277 unum
2650 3216 2792 3278 illud
2826 3218 3643 3293 singulare,tantumaccedit

263 3308 503 3383 νοοῦσιν,
526 3306 662 3365 ἀλλὰ
693 3304 809 3363 καθ’
857 3306 979 3361 ὃσον
1010 3304 1277 3368 κάκείνους
1308 3316 1450 3360 νοεῖν
1480 3306 1621 3359 ἔστιν
1652 3303 1863 3384 ἐφικτὸν
1891 3325 1904 3340 ⁸

1991 3309 2063 3371 ad
2097 3310 2585 3372 intellectionem:
2620 3318 2901 3390 quantum
2936 3328 3076 3372 vero
3100 3309 3173 3371 ab
3199 3330 3268 3372 eo
3296 3311 3644 3392 discedit,in

264 3400 437 3471 ἡμεῖς
468 3395 521 3453 δὲ
552 3396 603 3461 ἐξ
633 3397 894 3462 αἰσθητῶν
954 3394 1193 3467 εἰκόνων,
1254 3398 1360 3450 τῶν
1430 3391 1483 3448 ἐν
1518 3394 1584 3462 τῆ
1617 3393 1905 3468 Ἐκκλησία

1992 3407 2214 3461 tantum
2232 3399 2661 3480 multiplicatur
2678 3419 2785 3461 seu
2806 3399 3161 3462 distrahitur
3177 3400 3359 3463 rebus
3381 3391 3646 3464 sensibi-

262 3487 599 3563 τελουμένων
631 3486 790 3564 φημὶ,
851 3484 940 3541 ἐπὶ
984 3486 1075 3540 τὸν
1120 3484 1248 3539 Θεὸν
1281 3482 1605 3560 ἆναγόιιεθα.
1666 3482 1905 3551 Ἀληθῶς

1991 3487 2321 3571 libus,quas
2364 3488 2704 3551 sentit.Alia
2746 3489 2963 3550 iterum
3015 3498 3103 3552 est
3134 3490 3348 3552 horum
3382 3491 3641 3553 duorum

262 3598 327 3634 τε
356 3577 555 3655 εἰπεῖν,
585 3575 640 3631 ἕν
670 3575 768 3651 μὲν
810 3574 951 3631 ἐστιν
1004 3575 1065 3631 οὗ
1119 3572 1309 3635 πάντες
1355 3572 1581 3650 ἐφίενται
1608 3588 1622 3604 ⁸
1671 3574 1804 3638 τέως
1849 3572 1904 3630 δὲ

1991 3586 2489 3659 diﬂ'erentia,quod
2508 3587 2592 3642 illi
2613 3586 2870 3657 quidem,
2892 3597 2954 3644 ut
2978 3588 3403 3655 mentes,Deum
3428 3596 3483 3646 et
3506 3589 3643 3644 divi-

262 3666 484 3723 ἰνταῦθα
513 3668 645 3745 πρὸς
687 3666 779 3721 τὸν
827 3665 1026 3721 σκοπὸν
1077 3669 1182 3719 τῶν
1237 3659 1325 3718 δύο
1367 3663 1679 3743 ἱεραρχιῶν,
1728 3661 1905 3720 ἄπαν-

1991 3687 2126 3730 nam
2158 3668 2433 3731 virtutem
2456 3667 2877 3746 intelligant,in
2902 3676 3190 3748 quantum
3212 3668 3444 3731 scilicet
3464 3668 3533 3730 iis
3555 3669 3642 3731 fas

262 3778 356 3820 τες
412 3757 459 3815 οἱ
528 3752 779 3818 ἑνοειδεῖς
827 3752 1100 3826 δηλονότι,
1146 3751 1191 3809 οἳ
1256 3752 1388 3807 κατὰ
1428 3754 1611 3829 νοεραν
1642 3752 1905 3832 ἐνέργειαν

1991 3757 2327 3836 intelligere
2359 3780 2375 3829 ;
2404 3776 2511 3818 nos
2542 3767 2737 3819 autem
2767 3776 2837 3819 ex
2860 3757 3248 3819 sensibilibus
3273 3757 3643 3839 signis,qua3,

263 3846 583 3920 ὲνιζόμενοι.
651 3841 746 3909 ’δὶς
810 3844 910 3923 γὰρ
988 3845 1153 3919 ἡμεῖς
1232 3841 1507 3915 ὲνιζόμεθα
1566 3841 1905 3922 ἀναγόμενοι,

1992 3848 2259 3928 inquam,
2280 3848 2341 3908 in
2366 3846 2631 3909 Ecclesia
2661 3847 3189 3922 consecrantur,ad
3224 3850 3412 3910 Deum
3445 3848 3645 3910 addu-

264 3936 409 3995 οὕτω
468 3937 564 3992 καί
611 3936 657 3992 οἱ
718 3939 851 3992 θεῖοι
912 3931 1142 4021 ὅίγγελοι⁸
1190 3930 1266 3987 ἔτι
1323 3932 1573 4003 ἐνίζονται
1646 3935 1776 4011 πρὸς
1820 3936 1905 3998 τὰς

2000 3954 2227 4001 camur.
2261 3936 2330 3997 Et
2364 3944 2429 3998 ut
2459 3954 2594 3998 vere
2628 3937 2847 4018 dicam,
2879 3955 3065 3999 unum
3098 3937 3341 4019 quidem
3377 3937 3644 4021 estquod

266 4025 411 4087 θείας
446 4026 659 4095 νοήσεις
716 4023 1058 4101 ἀναγόμενοι,
1127 4013 1286 4090 Ἐνὸς
1340 4024 1439 4101 γὰρ
1469 4022 1619 4087 ὄντος
1664 4030 1757 4081 τοῦ
1788 4024 1905 4105 ἑφε-

2000 4046 2209 4090 omnes
2222 4026 2759 4108 appetunt,scilicet
2776 4013 2967 4109 quoad
2986 4013 3231 4108 scopum
3252 4013 3650 4090 duarum-hie-

268 4122 387 4189 τοῦ,
422 4116 525 4193 οὐχ
554 4114 762 4178 ἱνιαίως
794 4116 879 4170 καὶ
909 4113 1024 4170 καθ’
1057 4111 1149 4170 ἕνα
1197 4116 1285 4170 καὶ
1329 4116 1421 4169 τὸν
1469 4114 1626 4170 αὒτὸν
1659 4112 1849 4190 τρόπον
1872 4116 1905 4169 ο⁴

2000 4116 2397 4191 rarchiarum,
2429 4118 2504 4179 de
2533 4137 2651 4198 quo
2678 4118 2965 4179 hactenus
2995 4117 3137 4199 agit,
3168 4134 3382 4180 omnes
3410 4118 3643 4180 unifor-

275 4204 541 4284 ἒφὶέμενοι
574 4203 829 4284 ἐφιενται,
865 4202 1002 4259 ἀλλὰ
1030 4204 1165 4261 κατὰ
1193 4204 1289 4271 τὴν
1332 4201 1463 4259 ἰδίαν
1496 4201 1641 4266 ἀξίαν
1669 4202 1905 4269 ἕκαστος.

2006 4226 2133 4269 mes
2162 4213 2300 4269 sunt
2328 4212 2427 4289 qui
2496 4225 2601 4287 per
2642 4207 2967 4286 spiritalem
3013 4207 3307 4269 actionem
3339 4208 3646 4270 uniuntur.

278 4294 449 4352 Ἀλλὰ
479 4300 643 4350 ταῦτα
701 4293 799 4368 μὶν
841 4292 895 4349 ἐν
954 4290 1135 4356 ἄλλοις
1181 4295 1385 4373 είρηται
1416 4307 1431 4321 ⁸
1466 4301 1552 4351 νῦν
1576 4292 1628 4347 δὲ
1661 4292 1759 4359 τὴν
1802 4296 1901 4350 καθ

2003 4295 2168 4359 Sicut
2194 4284 2365 4358 enim‘
2398 4284 2511 4357 nos
2558 4284 2820 4372 unimur,
2856 4313 2992 4356 cum
3032 4292 3412 4370 adducimur,
3456 4295 3542 4357 sic
3591 4310 3653 4363 et

275 4386 424 4461 ἡμᾶς
443 4384 740 4463 ἱεραρχίαν,
771 4384 859 4440 καὶ
902 4388 1002 4450 τὴν
1047 4383 1214 4439 αἰτίαν
1238 4385 1328 4440 καὶ
1358 4382 1537 4440 οὺσίαν
1565 4382 1725 4450 αὐτῆς
1757 4384 1905 4461 («an

2006 4385 2202 4466 angeli
2234 4384 2419 4447 divini
2466 4385 2777 4460 uniuntur,
2813 4402 2949 4446 cum
2979 4381 3052 4444 ad
3101 4383 3328 4446 divinas
3376 4388 3649 4447 notiones

273 4472 333 4529 δὲ
368 4472 511 4529 ἐστιν
546 4472 577 4541 ἦ
606 4473 1014 4552 θεαρχικωτάτη
1070 4470 1331 4554 δύναμις),
1366 4474 1536 4530 εἰπεῖν
1573 4473 1905 4553 πειράσομαι1

2001 4477 2400 4539 adducuntur.
2434 4476 2581 4537 Cum
2609 4473 2768 4535 enim
2802 4491 2985 4537 unum
3032 4473 3110 4535 sit
3134 4473 3292 4552 quod
3322 4474 3647 4555 appetitur,

271 4564 367 4618 τὸν
394 4566 623 4640 Σωτῆρα
651 4560 1104 4639 ἐπικαλεσάμενος
1132 4562 1364 4630 Ἰησοῦν.

2000 4585 2120 4630 non
2154 4574 2352 4626 tamen
2381 4563 2667 4626 unimode
2709 4582 2817 4624 seu
2874 4562 3202 4624 secundum
3249 4581 3432 4625 unum
3476 4582 3648 4626 eum-

274 4648 542 4739 demque
584 4649 858 4726 modum,
912 4648 1015 4731 qui
1051 4650 1109 4712 id
1141 4660 1450 4733 appetunt,
1485 4650 1849 4730 afﬁciuntur,
1886 4658 1992 4721 sed
2042 4654 2295 4739 quilibet
2326 4654 2655 4717 secundum
2684 4652 2985 4734 propriam
3018 4652 3387 4730 dignitatem.
3431 4651 3649 4715 Verum

272 4738 413 4801 haec
444 4738 587 4801 alibi
621 4740 778 4801 dicta
806 4748 945 4802 sunt
972 4759 988 4803 :
1025 4741 1200 4801 modo
1230 4750 1426 4802 autem
1462 4749 1723 4803 nostram
1757 4738 2178 4815 hierarchiam,
2213 4752 2271 4805 et
2302 4742 2432 4824 ejus
2461 4761 2694 4805 causam
2727 4761 2796 4805 ac
2818 4743 3136 4804 essentiam
3160 4743 3322 4824 (quae
3352 4749 3441 4805 est
3468 4741 3652 4805 virtus

270 4828 380 4891 illa
409 4829 805 4905 divinissima)
836 4847 1139 4911 exponere
1168 4829 1452 4906 conabor,
1486 4834 1752 4892 invocato
1784 4834 2085 4900 Salvatore
2120 4834 2283 4897 Jesu.

355 4919 388 4999 ᾗ
417 4917 793 5000 ΙΙΙ.⁹ιεραρχὶα
812 4922 950 4994 εστὶ,
980 4921 1154 4985 καθὼς
1183 4923 1217 4989 ἡ
1249 4921 1420 4989 σεπτὴ
1446 4924 1604 4997 ἡμῶν
1636 4922 1920 5002 παράδοσις

273 5012 589 5092 παρίστησι,
644 5012 712 5066 τὰ
791 5009 1087 5077 καθολικῶς
1150 5011 1484 5090 θεωρούμενα
1543 5011 1580 5080 ἢ
1657 5010 1922 5091 λεγόμενα

274 5101 399 5172 περί
467 5106 575 5155 τῶν
615 5098 981 5176 ὑποκειμένων
1029 5100 1185 5179 ἱερῶν
1229 5101 1578 5180 πραγμάτων,
1642 5108 1922 5184 Συγκεφα-

278 5187 504 5245 λαίωσιν
532 5189 633 5268 γὰρ
698 5189 797 5258 τὴν
852 5195 946 5247 τοῦ
990 5189 1113 5246 ὅλου
1177 5188 1465 5270 περίληψιν
1523 5189 1694 5271 λέγει,
1741 5192 1921 5274 ὥσπερ

280 5277 739 5359 ἀνακεφαλαίωσιν
795 5278 1025 5358 λέγομεν
1080 5281 1142 5336 τὸ
1184 5277 1473 5337 ἀναλαϐεῖν
1522 5279 1577 5336 ἂν
1609 5279 1808 5360 ὀλίγοις
1858 5284 1925 5340 τὰ

280 5366 648 5448 προλεχθῶρτα
682 5385 700 5404 ⁸
743 5368 989 5425 ἁπάντων
1045 5369 1145 5447 γὰρ
1198 5368 1300 5435 ἓξει
1342 5367 1448 5426 τῶν
1479 5367 1599 5426 κατ’
1638 5373 1796 5429 αὒτὸν
1824 5373 1923 5441 τὴν

281 5456 615 5533 ἰπιστήμην,
666 5460 753 5515 καὶ
807 5464 913 5515 τῶν
953 5457 1341 5539 πρεσϐυτέρων,
1372 5459 1461 5517 καὶ
1491 5460 1600 5516 τῶν
1642 5457 1923 5542 διακόνων,

278 5548 369 5604 καὶ
411 5551 521 5603 τῶν
583 5546 808 5622 λοιπῶν;
864 5545 945 5604 διαὶ
1002 5555 1156 5606 τοῦτο
1184 5549 1286 5628 γὰρ
1316 5549 1403 5605 καὶ
1444 5548 1700 5629 ἱεραρχης
1729 5549 1924 5608 ἐπονο-

276 5635 528 5712 μάζετῶ,
556 5638 647 5693 καὶ
703 5637 1004 5705 σκοπητίον
1032 5637 1085 5705 ἑξ
1126 5635 1413 5716 ἀναλογίας
1454 5636 1562 5695 ἀπὸ
1604 5643 1702 5707 τῆς
1744 5641 1926 5717 ίεραρο

275 5727 434 5809 χίας.
468 5724 561 5792 Ὠς
590 5729 716 5807 γοῦν
747 5727 883 5795 αὓτη
935 5725 1003 5784 δι’
1033 5726 1159 5786 ὅλου
1187 5727 1275 5786 καὶ
1328 5725 1414 5784 ἰπὶ
1442 5733 1573 5785 πᾶσι
1603 5740 1723 5792 τοῖς
1751 5728 1923 5808 ἱεροῖς

2083 4924 2211 5006 §Ill
2257 4924 2363 4987 Est
2384 4921 2743 5004 hierarchia,
2767 4922 3267 5004 quemadmodum
3312 4924 3654 4988 veneranda

2004 5025 2206 5080 nostra
2227 5012 2461 5075 traditio
2477 5014 2853 5095 proponit,ea
2872 5033 3004 5094 quae
3029 5014 3352 5078 unwersim
3376 5016 3653 5077 videntur

2003 5117 2106 5169 aut
2136 5106 2417 5167 dicuntur
2442 5102 2516 5164 de
2540 5103 2860 5183 propositis
2890 5104 3077 5165 sacris
3107 5105 3307 5167 rebus.
3343 5103 3647 5167 Summam

2005 5195 2165 5260 enim
2188 5213 2295 5256 seu
2326 5194 2908 5269 summarium,vocat
2943 5194 3117 5256 totius
3150 5193 3647 5276 complexionem,

2006 5286 2162 5348 sicut
2182 5282 2729 5364 recapitulationem
2745 5282 3170 5366 dicimus,cum
3198 5284 3401 5366 paucis
3426 5302 3497 5345 ea
3511 5298 3651 5366 qua:

2004 5376 2145 5429 ante
2162 5366 2318 5427 dicta
2329 5363 2473 5426 sunt
2500 5371 2877 5445 repetuntur;
2910 5363 3481 5445 quoniam'ommum
3507 5363 3568 5424 in
3586 5380 3650 5422 se

2006 5455 2318 5519 scientiam
2362 5452 2767 5530 habebit;cum
2802 5455 3435 5535 presbyterorum,tum
3457 5450 3653 5513 diaco-

2010 5563 2224 5609 norum
2266 5553 2420 5604 I04
2451 5552 2945 5624 cmterorumque,
2985 5541 3141 5605 unde
3188 5539 3471 5603 nimirum
3516 5539 3654 5602 hie-

2007 5635 2220 5700 rarcha
2248 5634 2614 5708 nominatur,
2642 5630 2727 5695 uti
2786 5631 3070 5711 colligere
3098 5630 3240 5693 licet
3282 5649 3352 5694 ex
3382 5629 3653 5710 analogia

2008 5724 2272 5791 nominis
2298 5719 3385 5805 hierarchtaaﬂuemadmodumigitur
3411 5721 3525 5786 hoc
3539 5738 3653 5784 no-
