4088 6208
484 321 601 389 387

1631 309 1692 386 s".
1740 310 2082 389 DIONYSII
2132 325 2240 388 ΑΒ
2255 305 2681 389 soricem.

3737 329 3843 398 388

489 475 626 520 men
649 458 722 519 de
747 455 1039 520 universis
1055 466 1116 516 et
1133 453 1411 516 omnibus
1435 454 1624 516 sacris
1654 455 2130 518 ordinationibus

2221 453 2526 530 διακόσμοις
2571 457 2807 539 λέγεται,
2855 461 3022 522 οὕτως
3067 463 3095 515 ὁ
3127 462 3290 518 εἰπὼν
3333 462 3590 542 ἱεράρχην
3622 465 3704 518 τὸν
3733 464 3844 520 ἐπι-

487 543 814 622 dicitur,ita
832 547 929 625 qui
945 545 1315 606 hierarcham
1337 543 1832 621 nominat,verum
1857 546 2019 606 omni
2049 564 2138 606 sa-

489 655 590 698 cra
612 634 953 714 cognitione
975 633 1286 714 praeditum
1335 633 1650 712 signiﬁcat,
1682 635 1740 695 in
1783 653 1900 715 quo
1940 635 2135 695 omnis

488 742 620 806 quae
651 725 733 785 illi
764 724 919 784 inest
952 722 1288 784 liierarchia
1319 723 1542 802 liquido
1564 724 1966 802 cognoscitur.
2001 723 2129 786 Nisi

487 827 639 884 enim
661 825 782 896 ipse
807 825 1032 894 penitus
1053 835 1106 880 et
1129 824 1471 880 inomnibus
1492 825 1705 895 peritus
1723 827 2010 889 existeret,
2033 840 2130 892 ne-

485 925 600 988 que
614 905 860 968 scientia
887 905 1061 966 etiam
1079 904 1425 966 hierarchiaa
1440 904 2004 984 aperaretur.Nemo
2026 906 2132 985 igio

485 1004 580 1056 tur
606 993 1007 1074 (licat:Ecquis
1024 1002 1137 1054 tam
1159 992 1452 1072 perfectus
1465 995 1716 1056 est?Non
1731 994 1890 1055 enim
1909 1012 2131 1076 propo-

482 1083 603 1145 suit
633 1083 731 1144 hic
763 1085 939 1145 Pater
969 1083 1043 1142 de
1068 1082 1177 1142 hoc
1211 1081 1298 1140 vel
1333 1081 1434 1141 illo
1458 1082 1769 1144 hierarcha
1790 1082 2133 1156 dicere,sed

483 1179 821 1252 simpliciter
843 1180 911 1236 de
934 1179 1232 1236 hicrarcha
1248 1177 1451 1250 .qualis
1473 1195 1598 1236 esse
1617 1179 1784 1238 debet
1801 1181 1925 1237 sine
1945 1181 2132 1238 defec-

482 1273 695 1329 tuzacsi
716 1272 847 1342 quis
869 1267 1204 1338 simpliciter
1219 1268 1286 1324 de
1311 1270 1680 1339 grammatica
1705 1271 2036 1343 loquens,ea
2052 1287 2139 1329 re-

482 1370 713 1420 censeat
731 1376 852 1431 qua
871 1360 939 1415 ad
954 1358 1382 1429 absolutumgra
1395 1361 1722 1417 mmaticum
1737 1360 2130 1432 requiruntur.

485 1451 746 1524 alioquin
771 1448 1116 1506 claudicaret
1148 1451 1546 1518 grammatica,
1596 1451 1703 1506 nisi
1737 1451 2134 1509 demonstrare

483 1540 791 1612 tur,qualis
815 1539 932 1608 ipsa
947 1536 1173 1596 tandem
1187 1537 1471 1608 sit.Hujus
1501 1539 1832 1596 hierarchia
1854 1540 2136 1612 principi-

485 1639 587 1683 um
616 1629 705 1683 est
735 1629 940 1681 sancta
955 1637 1022 1680 ac
1045 1618 1215 1678 beata
1235 1617 1660 1699 Trinitas,quaa
1681 1637 1823 1682 vere
1855 1621 2135 1694 est,s0la-

487 1729 608 1790 que
630 1708 1011 1787 semetipsam
1035 1709 1361 1787 cognoscit,
1388 1715 1665 1787 tanquam
1692 1707 1918 1770 habens
1933 1711 2136 1772 notio-

2221 548 2468 620 στήμονα
2504 547 2684 614 πάσης
2725 551 2866 628 ἱερᾶς
2925 548 3176 626 γνώσεως
3219 549 3386 628 λέγει,
3433 551 3486 606 ἐν
3544 554 3590 624 ᾦ
3621 555 3843 630 καθαρῶς

2216 637 2532 712 γινώσκεται
2563 638 2595 704 ἡ
2621 635 2735 693 καθ’
2769 639 2926 694 αὑτὸν
2969 637 3072 714 ίῖῖσ.
3105 637 3229 695 κατ’
3260 636 3438 722 αὑτὸν]
3467 643 3729 719 ἱεραρχὶα.
3768 644 3844 709 Μὴ

2214 725 2313 802 γὰρ
2342 723 2492 788 ὅντός
2539 725 2695 783 αὐτοῦ
2738 725 2961 783 καθόλου
3017 728 3107 783 καὶ
3163 726 3250 784 ἐπὶ
3292 735 3453 785 πᾶσιν
3482 731 3843 804 ὶπιστήμονος,

2213 813 2328 872 οὒδὲ
2361 817 2397 885 ἡ
2457 815 2732 890 ἐπιστήμη
2791 817 2924 882 αὕτη
2951 816 3048 884 τῆς
3108 819 3386 897 ίεραρχίας
3431 819 3845 896 ἐνεργηθήσεται.

2216 904 2304 971 Μὴ
2335 912 2460 981 γοὺν
2502 904 2647 960 εἴποι
2675 926 2759 969 τις
2791 924 2804 939 ·
2839 905 2944 968 Καὶ
2973 906 3136 970 ποῖος
3170 907 3307 964 οὕτω
3336 906 3540 969 τέλειος
3574 923 3593 980 ;
3627 907 3698 964 Οὔ
3737 930 3850 981 προ·

2217 994 2360 1050 ἐθετο
2387 995 2486 1070 γὰρ
2517 996 2545 1050 ὁ
2607 997 2790 1071 Πατὴρ
2839 995 2957 1070 περὶ
2999 992 3149 1054 τοῦδέ
3207 995 3241 1062 ri
3297 995 3447 1052 τοῦδε
3483 998 3732 1076 ἱεράρχου
3780 1000 3850 1054 εἱ-

2217 1084 2368 1154 πεῖν,
2395 1082 2531 1138 ἀλλᾶ
2561 1085 2677 1162 περὶ
2707 1094 2800 1142 τοῦ
2827 1084 3011 1147 ἁπλῶς
3047 1085 3329 1164 ἱεράρχου,
3370 1087 3427 1150 ὃς
3485 1085 3686 1165 ὀφείλει
3715 1084 3849 1165 ἔχειν

2218 1172 2513 1234 ἁνελλιπῶς
2549 1174 2614 1228 τὰ
2647 1173 2804 1232 αὐτοῦ
2837 1189 2851 1203 ⁸
2883 1173 3064 1251 ὥσπερ
3107 1176 3196 1231 καὶ
3239 1177 3282 1231 εἰ
3313 1177 3430 1253 περὶ
3475 1175 3662 1239 ἁπλῶς
3690 1198 3852 1254 γραμ-

2219 1270 2444 1336 ματικο)
2514 1260 2715 1338 ἔλεγεν,
2765 1260 2956 1335 ἔμελλε
3007 1260 3186 1340 λέγειν
3243 1262 3428 1320 ἐκεῖνα
3498 1262 3619 1320 καθ’
3681 1263 3712 1320 ἄ
3771 1267 3850 1320 τὸν

2216 1349 2420 1406 τέλειον
2450 1350 2644 1420 ἀπήτει
2676 1352 3048 1429 γραμματικὸν
3087 1367 3102 1382 ⁶
3135 1354 3180 1408 εἰ
3211 1350 3258 1407 δ’
3304 1355 3384 1426 οὗ,
3433 1350 3557 1410 ἀλλ’
3602 1352 3850 1433 cybium

2218 1441 2252 1507 ἡ
2281 1440 2630 1518 γραμματικὴ
2657 1439 2736 1515 μη
2768 1438 2970 1519 ἔχουσα
3026 1437 3309 1520 δειχθῆναι
3351 1444 3510 1498 ὁποία
3558 1442 3679 1500 ποτ’
3702 1444 3851 1505 ἱστίν,

2218 1533 2426 1596 Ταύτης
2471 1534 2570 1596 τῆς
2596 1529 2868 1609 ίεραρχίας
2900 1529 3047 1610 ἀρχὴ
3075 1532 3109 1598 ἡ
3141 1531 3266 1608 ἁγία
3295 1533 3384 1588 καὶ
3418 1533 3658 1610 μακαρία
3688 1533 3852 1609 Τρίας,

2217 1620 2251 1687 ἡ
2323 1620 2488 1682 ὃντως
2539 1622 2691 1698 οὖσα,
2745 1618 2840 1675 καί
2886 1620 3022 1685 αὕτη
3066 1621 3206 1694 μόνη
3267 1621 3461 1687 ἑαυτὴν
3515 1622 3855 1694 επισταμένη,

2218 1710 2291 1770 ὡς
2343 1707 2497 1788 ἔχειν
2539 1708 2826 1776 ἐπιστητὸν
2856 1709 2918 1764 τὸ
2960 1713 3060 1776 τῆς
3101 1709 3294 1774 οἰκείας
3348 1709 3648 1787 ὑπάρξεως.
3710 1711 3771 1767 Ἢ
3801 1707 3847 1766 δὲ

486 1795 1368 1871 ηθωρτορτιεθιιειθοιίεθΗεεο
1395 1805 1584 1854 autem
1606 1798 1960 1856 vultratione
1993 1795 2426 1875 βτω-Βθέλημα
2482 1797 2580 1872 μὲν
2621 1797 2788 1876 ἐστιν,
2817 1797 2854 1864 ᾗ
2902 1803 3006 1854 τῶν
3059 1797 3307 1875 λογικῶν
3366 1797 3614 1876 ἀγγελων
3679 1820 3736 1854 τε
3781 1801 3858 1855 καὶ

487 1889 736 1947 ditorum
750 1887 973 1959 angelox
987 1900 1083 1943 um
1102 1895 1155 1942 et
1175 1887 1473 1943 hominum
1493 1887 1962 1960 salutem,estque
1975 1889 2139 1946 deiti-

486 1969 637 2033 catio
665 1964 1630 2037 salvandorumﬂuemadmadum
1666 1969 1826 2029 enim
1850 1970 1962 2030 alia
1985 1969 2137 2031 dici-

487 2077 619 2121 mus
638 2077 672 2119 a
695 2067 855 2119 metu
875 2055 1186 2135 servarint!
1211 2064 1301 2118 est
1331 2056 1721 2119 securitatem
1753 2058 1847 2118 adi
1857 2057 2141 2137 pisci;eta

487 2148 648 2210 caede
661 2151 882 2210 servari
893 2145 970 2221 ,id
987 2153 1076 2206 est
1092 2145 1266 2206 vitam
1283 2147 1606 2226 assequi;et
1617 2165 1648 2207 a
1665 2145 1871 2208 morbo
1885 2149 2134 2224 servari,

495 2239 556 2301 id
615 2250 706 2300 est
765 2236 1004 2298 sanari:
1066 2236 1154 2297 sic
1212 2236 1388 2297 etiam
1450 2237 1508 2296 in
1547 2237 1868 2317 prepositis
1914 2239 2135 2299 servari

492 2328 566 2391 ab
596 2327 950 2390 alienatione
981 2325 1206 2406 Dei,est
1237 2325 1477 2405 adjungi
1510 2326 1933 2407 Deo,adeoque
1964 2327 2138 2388 deiti-

491 2414 1027 2481 catio.0mnimoda
1039 2423 1232 2476 autem
1253 2415 1597 2477 assimilatio
1611 2425 1667 2475 et
1683 2415 1820 2476 uuio
1833 2415 1904 2477 ad
1924 2419 2134 2498 Deum,

493 2511 700 2592 utique
718 2512 1007 2570 terminus
1039 2523 1107 2567 ac
1141 2505 1274 2566 ﬁnis
1297 2513 1388 2567 est
1407 2505 1604 2566 omnis
1628 2505 2136 2587 hierarchiae,quae

493 2603 565 2665 ad
593 2605 776 2665 Deum
807 2608 896 2660 est
931 2597 1172 2660 dilectio
1201 2619 1214 2662 :
1249 2616 1382 2678 qua:
1411 2607 1469 2659 et
1500 2597 1722 2659 unitive
1745 2617 2128 2661 consumma-

492 2702 609 2768 tur,
641 2690 969 2753 secundum
999 2689 1258 2750 divinam
1292 2697 1352 2748 et
1380 2683 1614 2749 unicam
1657 2688 2128 2771 simplicitatem,

487 2780 817 2844 secundum
850 2797 1026 2860 quam
1076 2776 1233 2838 Deus
1263 2782 1355 2838 est.
1384 2778 1728 2839 omnimoda
1773 2777 2013 2840 dilectio
2048 2778 2133 2857 (et

489 2889 608 2932 non
633 2869 770 2930 huic
802 2867 1067 2948 quidem,
1112 2867 1216 2927 illo
1254 2883 1395 2928 vero
1429 2884 1570 2940 non,
1618 2867 1721 2927 sed
1756 2866 1898 2946 quid
1946 2885 2130 2928 unum

490 2958 890 3022 desiderabile
912 2957 1190 3030 existens,
1239 2956 1418 3016 simul
1453 2972 1594 3033 erga
1644 2972 1709 3016 se
1756 2955 1937 3018 habet
1965 2955 2130 3018 desi-

492 3051 679 3125 deria;
713 3066 818 3130 pro
842 3046 1054 3108 merito
1075 3044 1394 3126 studioque
1414 3043 1910 3119 desiderantium,
1943 3043 2131 3106 diver-

492 3141 605 3219 sa),
623 3139 845 3220 quique
876 3138 986 3198 hac
1016 3137 1177 3217 prior
1207 3145 1324 3214 est,
1359 3133 1739 3196 omnimodas
1765 3152 1798 3195 a
1819 3136 2132 3197 contrariis

2219 1885 2507 1965 ἀνθρώπων
2553 1879 2789 1965 σωτηρία
2823 1901 2838 1917 ⁸
2883 1889 2918 1955 ἡ
2962 1884 3038 1956 δὲ,
3071 1887 3268 1951 eam“;
3313 1886 3428 1944 ἔστι
3475 1893 3586 1943 τῶν
3629 1889 3854 1963 σῶζομέ-

2220 1997 2348 2036 νων.
2395 1972 2624 2048 ’¹Ωσπερ
2695 1976 2796 2054 γὰρ
2854 1976 2944 2032 ἐπὶ
2993 1982 3098 2032 ⁸’ῶν
3171 1975 3350 2033 ἄλλων
3398 1977 3578 2056 φαμὲν
3627 1982 3860 2048 σώζεσθαι

2221 2067 2326 2122 ἀπὸ
2355 2062 2540 2146 φόϐου,
2586 2065 2753 2142 ἣγοῦν
2805 2063 2873 2140 τῇ
2925 2063 3116 2144 ἀφοϐίᾳ
3146 2065 3559 2143 προσπελάζειν,
3623 2066 3858 2137 σώζεσθαι

2223 2154 2328 2211 ἀπὸ
2361 2155 2544 2235 φόνου,
2609 2153 2773 2232 ἤγουν
2846 2153 2914 2230 τῇ
2957 2161 3072 2231 ζωῇ
3121 2154 3505 2233 προσπελάζειν
3539 2196 3560 2215 .
3628 2157 3859 2226 σώζεσθαι

2220 2243 2326 2300 ἀπὸ
2369 2244 2550 2318 νόσου,
2622 2242 2786 2322 ἤγουν
2853 2245 3001 2309 ἐντὸς
3040 2245 3139 2313 τῆς
3205 2246 3384 2323 ὑγείας
3419 2246 3657 2321 γίνεσθαι
3693 2264 3707 2278 ·
3739 2245 3861 2302 οὕτω

2219 2337 2306 2389 καὶ
2338 2333 2424 2389 ἐπὶ
2479 2338 2585 2389 τῶν
2616 2333 2982 2410 προκειμένων
3037 2335 3099 2391 τὸ
3133 2335 3386 2405 σώζεσθαι
3430 2335 3536 2390 ἀπὸ
3573 2332 3859 2411 ἀλλοτριώ⁶

2219 2443 2353 2487 σεως
2400 2422 2530 2479 Θεοῦ
2571 2422 2960 2501 προσπελάζειν
3027 2429 3104 2497 τῷ
3161 2424 3298 2498 Θεῷ,
3348 2426 3445 2480 καί
3488 2425 3678 2487 θέωσίς
3708 2424 3856 2483 ἐστιν,

2220 2511 2287 2569 Ἠ
2346 2511 2401 2569 δὲ
2438 2513 2650 2576 πάντως
2695 2513 3029 2594 ἀφομοίωσις
3061 2515 3150 2569 καὶ
3194 2513 3382 2578 ἕνωσις
3419 2515 3544 2592 πρὸς
3583 2516 3732 2588 Θεὸν,
3783 2515 3860 2570 καί

2219 2601 2283 2670 δὴ
2315 2601 2478 2676 πέρας
2533 2605 2620 2658 καὶ
2667 2604 2820 2666 τέλος
2853 2603 2992 2658 ἐστὶν
3067 2602 3286 2670 ἀπάσης
3345 2604 3648 2682 ἱεραρχίας,
3681 2605 3714 2671 ἡ
3743 2605 3859 2679 πρὸς

2215 2694 2344 2748 Θεὸν
2383 2691 2650 2770 ἀγάπησις
2690 2710 2702 2726 ⁸
2735 2691 2771 2760 ἢ
2795 2690 2861 2759 δὴ
2905 2693 2992 2748 καὶ
3060 2691 3267 2755 ἑνιαίως
3339 2695 3688 2770 ἱερουργειται
3736 2692 3858 2748 κατὰ

2213 2779 2312 2846 τὴν
2368 2779 2507 2835 θείαν
2553 2781 2640 2835 καὶ
2687 2779 2882 2835 ἑνιαίαν
2933 2779 3236 2853 ἁπλότητα,
3285 2778 3402 2837 καθ’
3478 2781 3544 2846 ἣν
3608 2779 3858 2845 παντελὴς

2215 2868 2397 2946 ἀγάπη
2430 2868 2568 2925 ἐστὶν
2602 2871 2629 2925 ὁ
2663 2871 2791 2930 Θεὸς
2821 2871 2935 2945 (καὶ
2967 2871 3026 2927 οὗ
3055 2878 3132 2945 τῷ
3187 2870 3313 2945 μὲν,
3373 2892 3449 2943 τῳ
3507 2869 3553 2925 δ’
3617 2870 3694 2950 οὗ,
3751 2866 3859 2925 ἀλλ’

2215 2958 2416 3015 ἑνιαϊον
2441 2957 2629 3038 ἐφετδν
2660 2958 2757 3032 ὥν,
2794 2959 2942 3033 ὅμως
2978 2960 3073 3023 τὰς
3113 2965 3244 3038 πρὸς
3303 2962 3461 3019 αὐτὸν
3488 2959 3703 3039 ἒφὲσεις
3757 2956 3862 3014 δια·

2213 3048 2403 3128 φόρους
2459 3045 2577 3128 ἔχει
2643 3051 2775 3127 πρὸς
2819 3053 2920 3116 τὴν
2976 3048 3122 3114 ἀξίαν
3179 3051 3267 3106 καὶ
3329 3049 3428 3116 τὴν
3481 3047 3715 3116 σπουδὴν
3767 3053 3862 3103 τῶν

2213 3136 2550 3217 ἐφιεμενων),
2640 3139 2727 3194 καὶ
2801 3139 2904 3216 πρὸ
2982 3140 3170 3196 τούτου
3245 3138 3282 3206 ἡ
3357 3139 3713 3219 ἀποφοίτῃσις
3769 3137 3863 3194 τῶν

491 3246 788 3293 recessus.
821 3226 952 3292 Nisi
1011 3224 1172 3287 enim
1219 3221 1292 3285 ab
1347 3223 1511 3284 omni
1546 3223 1912 3286 materialiet
1940 3225 2138 3286 sordi-

2225 3225 2476 3283 ἐναντὶων
2534 3227 2570 3295 ἡ
2615 3225 2900 3296 παντελής.
2959 3229 3014 3285 Εἰ
3077 3231 3156 3304 μὴ
3217 3229 3318 3306 γὰρ
3374 3230 3718 3306 καθαρθῶμεν
3771 3225 3865 3282 ἀπὸ

493 3320 568 3381 da
608 3319 907 3396 voluptate
942 3315 1178 3396 penitus
1217 3312 1434 3394 expiati
1476 3312 1790 3390 fuerimus,
1831 3315 1948 3376 veri
2000 3314 2140 3386 boni

495 3407 734 3470 dilectio
755 3424 872 3466 non
901 3407 1014 3466 erit
1035 3404 1096 3464 in
1132 3401 1328 3464 nobis.
1351 3400 1598 3473 Quando
1629 3411 1826 3464 autem
1847 3422 1881 3464 a
1911 3411 2141 3465 contra-

491 3497 600 3560 riis
629 3497 1103 3569 discesserimus,
1132 3501 1254 3554 tum
1289 3509 1386 3552 res
1416 3492 1669 3571 ipsas,ut
1694 3493 1755 3554 in
1785 3511 1850 3553 se
1872 3501 2142 3574 sunt,na-

493 3596 623 3650 tura
652 3603 758 3649 sua
778 3600 1229 3663 cognoscemus;
1249 3598 1466 3660 nempe
1496 3583 1810 3660 praesentia
1836 3584 1961 3646 htec
1988 3591 2140 3645 temo

495 3695 754 3759 poranea
780 3694 935 3752 esse,
961 3692 1092 3755 quae
1112 3691 1251 3736 vero
1272 3671 1352 3733 ibi
1370 3681 1534 3752 sunt,
1562 3682 1806 3750 aeterna,
1837 3691 1946 3736 nec
1969 3673 2140 3736 deci-

493 3769 732 3850 piemur
764 3765 922 3828 circa
966 3764 1108 3826 boni
1179 3761 1584 3844 apparentiam
1622 3781 1639 3838 ;
1697 3763 1993 3845 siquidem
2039 3764 2144 3826 illa

495 3877 616 3920 non
639 3866 728 3919 est
751 3856 962 3917 notitia
1004 3871 1203 3914 rerum
1236 3872 1348 3933 qua
1372 3870 1469 3913 res
1491 3861 1664 3924 sunt;
1709 3859 1850 3914 tunc
1881 3854 2038 3914 enim
2069 3853 2144 3916 ad

495 3945 820 4026 ipsammet
848 3945 1154 4006 veritatem
1189 3941 1554 4017 accedimus,
1579 3953 1760 4025 atque
1787 3943 2138 4005 uniformem

499 4037 932 4118 perfectionem
978 4030 1420 4113 participamus.
1463 4030 1617 4104 Quid
1678 4050 1851 4110 porro
1874 4037 1966 4095 est
1996 4032 2136 4094 uni-

497 4124 800 4188 formitas‘!
821 4122 1070 4197 Quando
1092 4119 1374 4181 nimirum
1403 4137 1433 4183 a
1448 4121 1626 4182 rebus
1651 4120 1815 4182 hisce
1831 4121 2136 4183 sensibili-

499 4217 613 4278 bus
644 4223 701 4278 et
730 4209 1080 4276 aerumnosis
1105 4210 1178 4272 ad
1210 4209 1469 4271 divinam
1511 4218 1664 4270 105
1694 4210 2136 4292 simplicitatem

498 4305 877 4381 adducimur,
911 4303 1014 4382 qui
1043 4310 1133 4364 est
1164 4299 1331 4363 cibus
1387 4298 1576 4361 beatae
1606 4297 1871 4381 visionis,
1905 4309 1966 4362 ut
2009 4319 2140 4381 quae

499 4402 762 4457 mentem
812 4411 877 4456 re
924 4392 1229 4456 intellecta
1259 4389 1463 4465 nutrit,
1499 4391 1654 4450 sicut
1682 4387 1825 4450 alibi
1857 4390 2136 4456 diximus.

2222 3316 2401 3384 πάσης
2445 3314 2626 3373 ἐνόλου
2665 3319 2752 3374 καὶ
2811 3317 3041 3395 ρυπαρᾶς
3095 3315 3372 3383 παντελῶς
3430 3315 3657 3396 ἡδονῆς,
3710 3319 3768 3374 οὗ
3795 3317 3864 3392 μὴ

2223 3406 2505 3485 γενήσεται
2552 3407 2588 3475 ἡ
2650 3406 2922 3483 ἀγάπησις
2987 3409 3078 3463 τοῦ
3147 3405 3310 3473 ὄντως
3365 3406 3586 3484 ἀγαθοῦ,
3643 3406 3775 3462 Πότε
3816 3403 3865 3461 δὲ

2223 3495 2603 3576 ἀποφοιτῶμεν
2660 3499 2768 3552 τῶν
2821 3495 3119 3577 ἐναντίων;
3154 3498 3241 3553 ὃτε
3284 3496 3601 3574 γνωσόμεθα
3657 3497 3722 3554 τὰ
3753 3497 3865 3552 ὄντα

2223 3587 2397 3649 καθὼς
2430 3584 2561 3664 ἔχου
2575 3607 2623 3641 σι
2653 3586 2884 3664 φύσεως,
2943 3587 3031 3642 ὅτε
3091 3588 3159 3645 τὰ
3188 3601 3426 3665 παρόντα
3455 3584 3772 3666 πρόσκαιρα,
3799 3585 3860 3640 τὰ

2227 3671 2271 3730 δ’
2301 3674 2474 3731 Exstat
2508 3673 2716 3749 αἰώνια,
2751 3675 2830 3750 μὴ
2860 3673 3204 3752 ἀπατώμενοι
3245 3677 3363 3752 περὶ
3393 3675 3491 3744 τὴν
3533 3673 3752 3743 δόκησιν
3784 3681 3863 3731 τοῦ

2226 3761 2389 3820 κὰλοῦ
2422 3781 2440 3802 ⁶
2470 3769 2626 3821 τοῦτο
2655 3765 2754 3842 γὰρ
2786 3765 2882 3821 οὒκ
2923 3763 3032 3821 ἔστι
3083 3771 3279 3842 γνῶσις
3322 3769 3429 3821 τῶν
3457 3764 3628 3822 ὃντων
3659 3765 3694 3840 ᾗ
3726 3765 3863 3838 ὂντα,

2226 3853 2346 3910 τότε
2377 3854 2476 3932 γὰρ
2507 3854 2595 3909 καί
2625 3858 2694 3929 τῇ
2723 3853 2944 3926 ἀληθείᾳ
2993 3851 3406 3932 προσϐαίνομεν,
3439 3855 3528 3910 καὶ
3574 3856 3866 3934 μετέχομεν

2225 3956 2312 4008 τῖς
2365 3941 2622 4005 ἑνοειδοῦς
2665 3941 3017 4006 τελειώσεως.
3065 3943 3124 4001 Τί
3188 3941 3241 4000 δὲ
3303 3944 3414 4001 ἐστι
3457 3945 3519 4000 τό
3583 3942 3806 4007 ἐνοειδές
3849 3961 3864 3976 '

2223 4029 2556 4112 ’Λναγόμεθα
2599 4031 2845 4100 δηλονότι
2906 4034 3010 4090 ἀπὸ
3054 4035 3161 4090 τῶν
3217 4035 3480 4100 αἰσθητῶν
3528 4033 3734 4090 τούτων
3773 4033 3859 4088 καί

2222 4123 2511 4203 μοχθηρῶν
2541 4124 2613 4187 εἷς
2671 4123 2810 4179 θείαν
2868 4121 3170 4202 ἁπλότητα,
3199 4121 3232 4179 ὅ
3256 4121 3320 4191 δὴ
3370 4123 3600 4186 ὶστίασίς
3635 4122 3743 4180 ἐστι
3777 4125 3864 4186 τῆς

2222 4212 2447 4288 ἐποψίας
2482 4228 2498 4246 °
2528 4211 2773 4294 τρέφεται
2805 4213 2905 4292 γὰρ
2939 4219 3015 4288 τῷ
3048 4217 3226 4288 νοητῷ
3257 4215 3344 4269 τὸν
3391 4215 3530 4287 νοῦν,
3579 4216 3756 4275 καθῶς
3787 4210 3864 4265 καὶ

2222 4301 2412 4359 ἄλλοτε
2441 4301 2715 4382 ἑλέγομεν.
2753 4299 2855 4363 Καὶ
2884 4308 3036 4359 τοῦτο
3067 4302 3208 4359 ἔστιν
3228 4303 3263 4371 ἡ
3281 4305 3501 4381 παρτοὶς
3532 4300 3866 4382 Εὒαγγελίοις

2221 4393 2333 4450 θεία
2366 4414 2457 4449 και
2477 4389 2836 4472 δπερκόσμιος
2858 4393 3116 4471 τράπεζα.

499 4487 576 4549 Ει
630 4485 756 4546 hate
787 4492 879 4546 est
928 4482 991 4544 in
1022 4478 1356 4561 Evangeliis
1386 4477 1486 4541 illa
1515 4479 1713 4541 divina
1734 4496 1803 4540 ac
1833 4481 2337 4560 supermundialis
2369 4498 2600 4542 mensa.

580 4576 610 4656 §
642 4572 1007 4638 lV.Dicimus
1027 4569 1448 4653 itaque,Deum
1479 4568 1718 4632 dedisse
1745 4568 2137 4634 hierarchiam

2309 4571 2459 4646 ΞΙν.
2516 4571 2754 4650 Λέγομεν
2808 4573 3004 4650 τοίνυν,
3047 4573 3121 4636 ὡς
3179 4573 3208 4629 ὁ
3273 4573 3400 4638 Θεὸς
3446 4572 3547 4640 τὴν
3604 4567 3866 4650 ἱεραρχίαν

502 4665 566 4729 in
585 4669 832 4728 salutem
847 4663 1351 4726 etdeiticationem
1367 4677 1575 4721 eorum
1597 4664 1697 4741 qui
1710 4661 1840 4738 ejus
1862 4670 1998 4723 sunt
2018 4680 2148 4743 par-

503 4757 744 4838 ticipes,
775 4761 954 4836 atque
971 4753 1197 4834 angelis
1227 4750 1470 4832 quidem
1516 4749 1859 4832 spiritaiiori
1886 4757 2060 4814 modo
2092 4759 2151 4813 et

503 4846 690 4926 magis
717 4864 750 4907 a
783 4845 1029 4908 materia
1049 4839 1485 4914 remoto,nobis
1500 4848 1696 4903 autem
1719 4859 1826 4922 per
1856 4841 2146 4923 symbola;

503 4937 799 5018 siquidem
848 4935 1126 4998 homines
1168 4930 1543 4994 extrinsecus
1590 4949 1625 4993 a
1682 4939 1966 4994 creaturae
1998 4949 2147 4993 con-

503 5023 1117 5108 templatione,verbis
1141 5019 1593 5100 doctrinalibus,
1627 5020 1879 5102 aliisque
1902 5019 2147 5103 symbo-

504 5117 574 5178 lis
597 5134 704 5178 seu
725 5114 936 5194 signis,
961 5129 1156 5174 veram
1187 5108 1589 5190 cognitionem
1615 5109 1924 5191 hauriunt;
1959 5127 2149 5187 ange-

503 5207 543 5271 li
576 5223 719 5268 vero
753 5206 912 5266 intus
963 5202 1292 5265 secundum
1326 5199 1650 5280 spiritalem
1682 5199 1958 5261 virtutem
1982 5217 2146 5261 suam

501 5299 895 5377 illustrantur,
928 5313 994 5357 ac
1025 5293 1220 5356 divina
1267 5293 1572 5355 voluntate
1624 5289 2050 5368 insigniuntur,
2084 5288 2144 5351 id

504 5387 675 5451 estad
693 5386 950 5449 divinam
967 5385 1968 5461 imilationem,rerurnque,quares
1987 5387 2146 5460 sunt,

503 5481 807 5542 notionem
842 5479 1252 5540 ell‘ormantnr.
1292 5475 1436 5540 Cum
1468 5475 1628 5537 enim
1653 5473 1989 5552 intelligens
2012 5471 2150 5552 qui-

504 5573 639 5633 dem
671 5570 749 5631 sit
797 5570 854 5631 id
906 5570 1064 5650 quod
1116 5566 1395 5648 intelligit
1439 5615 1456 5649 ,
1513 5561 1848 5643 itelligibile
1911 5580 2046 5623 vero
2091 5559 2148 5622 id

505 5669 664 5755 quod
688 5663 1061 5747 intelligitur,
1094 5659 1263 5726 cibus
1284 5673 1485 5726 autem
1520 5665 1580 5724 et
1607 5655 1773 5746 quasi
1801 5651 2148 5718 sustentatio

2229 4663 2317 4720 hri
2349 4663 2584 4741 σωτηρίᾳ
2637 4662 2728 4718 καὶ
2780 4661 2966 4719 θεώσει
3024 4663 3132 4718 τῶν
3183 4662 3568 4742 μετεχομὲνων
3600 4659 3866 4738 ἐδωρήσα-

2231 4775 2314 4834 το,
2379 4756 2466 4808 καὶ
2522 4764 2640 4815 τοῖς
2700 4750 2797 4826 μέν
2847 4749 3094 4830 ἀγγέλοις
3152 4751 3467 4831 νοερώτερον
3516 4752 3603 4808 καὶ
3647 4747 3867 4806 utilibu-

2232 4865 2346 4924 ρον,
2407 4843 2545 4918 ἡμῖν
2595 4839 2650 4896 δὲ
2677 4838 2761 4896 διὰ
2803 4838 3107 4917 συμϐόλων,
3165 4839 3431 4918 ἅνθρωποι
3465 4841 3565 4917 μὲν
3622 4840 3726 4918 γὰρ
3755 4837 3870 4902 ἔξω·

2231 4935 2317 4989 θεν
2347 4930 2453 4988 ἀπὸ
2482 4930 2576 4998 τῆς
2635 4930 2771 4986 κατά
2803 4929 2900 4999 τὴν
2957 4931 3129 4988 κτίσιν
3184 4931 3430 5010 θεωρίας,
3490 4931 3576 4987 καὶ
3625 4929 3732 4985 ἀπὸ
3779 4925 3866 4983 λό-

2231 5044 2341 5102 γων
2383 5018 2791 5092 διδασκαλικῶν,
2838 5021 2925 5078 καὶ
2979 5018 3173 5100 ἑτέρων
3223 5016 3505 5096 συμϐόλων
3557 5021 3658 5086 τὴν
3702 5017 3868 5083 ἀληθῆ

2230 5117 2425 5192 γνῶσιν
2455 5106 2816 5185 λαμϐάνουσιν
2849 5128 2865 5146 ο
2926 5108 3146 5188 ἄγγελοι
3187 5107 3242 5166 δὲ
3293 5110 3455 5180 αὐτὴν
3525 5106 3732 5165 ἔνδοθεν
3781 5105 3868 5172 τὴν

2232 5198 2413 5280 νοερςίν
2474 5201 2646 5258 αὐτῶν
2703 5197 3065 5276 ὲλλάμπονται
3111 5196 3354 5275 δύναμιν,
3434 5200 3519 5254 καὶ
3583 5197 3681 5266 τὴν
3736 5195 3869 5252 θείαν

2228 5289 2631 5366 ὶνσημαίνονται
2689 5287 2945 5366 βούλησιν
2975 5336 2991 5362 ,
3050 5286 3214 5366 ἤγουν
3284 5295 3568 5345 τυποῦνται
3632 5287 3760 5364 πρὸς
3821 5283 3870 5338 τὸ

2232 5380 2553 5456 θεομίμητὸν
2581 5401 2662 5453 τε,
2712 5382 2799 5436 καὶ
2829 5381 2890 5436 τὸ
2927 5385 3032 5434 τῶν
3071 5377 3237 5435 ὄντῶν
3290 5377 3324 5445 ἧ
3352 5376 3480 5433 ὄντα
3532 5376 3663 5448 ἐστὶ,
3708 5395 3870 5452 γνωσ-

2233 5473 2400 5531 τικόν.
2438 5460 2654 5536 Ἐπειδὴ
2700 5470 2800 5548 γαρ
2828 5470 3007 5545 νοερῗδν
3039 5467 3134 5543 μέν
3166 5467 3276 5523 ἐστι
3305 5471 3364 5523 τὸ
3400 5477 3572 5545 νοοῦν,
3604 5467 3795 5530 νοητὸν
3823 5459 3870 5516 δὲ

2232 5561 2293 5617 τὸ
2323 5558 2630 5634 νοούμενον,
2677 5559 2845 5637 τροφὴ
2891 5556 2945 5613 δὲ
2989 5559 3078 5614 καὶ
3109 5558 3267 5615 οἷονεί
3297 5555 3548 5619 σύστασις
3573 5556 3668 5612 τοῦ
3700 5559 3874 5611 νοοῦν-

2232 5651 2323 5714 τὸς
2345 5649 2457 5706 tm
2485 5649 2548 5710 τὸ
2579 5646 2860 5728 νοούμενον
2903 5646 3120 5716 εἰκότως
3151 5649 3179 5707 ὁ
3223 5647 3378 5726 Θεὸς,
3442 5645 3534 5706 ἅτε
3597 5651 3731 5704 νόων
3784 5642 3872 5702 ’ὀνο
