4028 6192
529 371 647 440 403
1717 370 1780 434 S.
1825 370 2158 433 DIONYSI:

2248 363 2726 434 LREOPAGITE
3758 371 3849 439 404

531 512 761 577 bertate
787 517 964 592 atque
992 506 1254 584 victoria,
1295 505 1506 571 mortis
1537 523 1607 570 ac
1641 503 2158 588 corruptioniSim

2248 557 2250 568 ,
2276 527 2375 572 κης
2423 508 2554 585 πρὸς
2583 506 2646 563 τὸ
2691 505 2784 563 τοῦ
2811 503 3034 564 Θανσίτου
3083 505 3172 564 καὶ
3201 503 3298 574 τῆς
3349 507 3544 586 φθορᾶς
3572 506 3854 588 ἆγωνιζόμε.

534 603 763 684 perium
787 599 1166 673 debellando,
1195 597 1255 659 in
1275 597 1616 660 certamina
1635 595 1878 676 quidem
1897 595 2158 684 gaudens

2269 617 2356 659 νος
2412 597 2626 673 κράτος,
2661 609 2779 660 τοῖς
2837 596 2932 671 μὲν
2963 595 3163 673 ἀγῶσιν
3193 597 3265 660 ὡς
3318 595 3479 661 Θείοις
3508 595 3574 646 48
3602 600 3628 653 ὁ
3656 598 3859 677 τελούμε-

533 683 733 772 utpote
769 691 901 750 I75
944 687 1166 764 divina,
1194 687 1471 749 initiatus
1497 685 1800 760 ascendet,
1830 683 2059 764 legibus
2090 703 2158 745 au

2269 707 2352 748 νος
2383 683 2690 755 ἐπιϐήσεται
2738 687 2968 764 χαίρωδ,
3001 685 3218 760 ἐμμένει
3259 684 3314 741 δὲ
3358 684 3420 736 49
3461 699 3584 749 ταῖς
3612 695 3694 743 τοῦ
3721 713 3856 769 σοφο-

532 789 650 842 tem
721 777 1003 857 sapientis
1061 775 1322 848 insistet,
1371 775 1677 854 juxtaque
1733 773 1868 835 illas
1914 773 2158 834 inviolat

2269 773 2618 853 νομοθεσίαις,
2651 776 2739 831 καὶ
2787 774 2906 831 κατ’
2938 776 3098 837 αὑτὰς
3135 774 3200 826 50
3256 773 3613 854 ἆπαραϐἇτως
3643 777 3856 855 ἀγωνιεῖ-

531 867 799 943 certabit,
833 865 1149 927 illustrium
1197 863 1577 944 praemiorum
1621 871 1776 924 certa
1811 881 1918 942 spe
1960 861 2157 923 fultus

2267 881 2373 937 ται,
2407 865 2542 939 πρὸς
2596 865 2693 932 τὴν
2750 869 2856 920 τῶν
2912 862 3088 920 καλῶν
3140 863 3383 923 ἑπάθλων
3443 863 3627 922 ἐλπίδα
3677 866 3858 942 βεϐαίως

529 956 641 1018 sub
673 955 829 1018 bono
861 953 1254 1015 certaminum
1286 951 1618 1014 exhibitore
1666 951 1918 1014 Domino
1955 969 2026 1013 ac
2059 951 2158 1013 du-

2265 949 2430 1031 ἔχων,
2463 951 2549 1009 ὑπ’
2605 952 2784 1030 ἀγάθῶ
2821 955 2920 1020 τῆς
2970 953 3270 1019 ἆθλοθεσίας
3329 955 3500 1032 Κυρίῳ
3531 957 3621 1011 καὶ
3672 958 3856 1032 ἡγεμόνι

527 1053 694 1108 ctore
722 1044 1116 1106 constitutus:
1165 1042 1503 1122 divinisque
1531 1040 1868 1103 insistendo
1911 1038 2158 1116 vestigii:

2267 1040 2617 1115 ταττόμενος⁶
2653 1038 2837 1106 ἐπιϐὰς
2885 1038 2940 1096 δὲ
2969 1054 3086 1104 τοῖς
3136 1042 3293 1107 θείοις
3324 1042 3506 1122 ἴχνεσι
3544 1052 3634 1101 τοὶ
3664 1044 3860 1112 ἀθλητῶν

524 1133 713 1215 ipsius
745 1133 1027 1214 pugillum
1082 1131 1346 1212 primatis
1379 1148 1484 1212 per
1520 1130 1912 1211 probitatem,
1937 1129 2008 1190 ad
2041 1129 2158 1191 imi-

2263 1130 2473 1206 πρώτου
2501 1128 2567 1185 δι’
2599 1131 2925 1209 ἀγαθότητα,
2958 1144 3081 1195 ταῖς
3127 1134 3475 1208 θεομιμήτοις
3511 1133 3747 1202 ἆθλήσεσι
3783 1136 3855 1200 τὰς

527 1227 806 1285 tationem
861 1223 964 1284 Dei
1013 1220 1441 1282 certaminibus
1485 1219 1857 1282 deificationi
1909 1236 2028 1280 sua!
2085 1218 2157 1280 ad

2264 1220 2396 1297 πρὸς
2455 1219 2640 1276 θέωσιν
2695 1220 2928 1285 ἐναντίας
2973 1225 3112 1293 αὑτῷ
3172 1221 3584 1286 καταπαλαίσας
3643 1223 3860 1303 ἐνεργείας

521 1321 832 1375 versantes
886 1309 1130 1390 spiritus
1178 1317 1356 1389 atque
1415 1311 1839 1388 suggestiones
1897 1307 2158 1387 supplan-

2265 1329 2320 1364 τε
2370 1311 2457 1365 καὶ
2524 1310 2784 1390 ὑπάρξεις,
2845 1313 3259 1380 στναποθνήσκει
3330 1319 3562 1390 Χριστῷ,
3632 1322 3859 1387 μυστικῶς

523 1403 722 1480 tando,
757 1400 1182 1462 commorietur
1231 1396 1464 1462 Christo
1519 1396 1602 1477 (ἰὰ
1634 1400 1746 1476 est)
1791 1396 2038 1478 mystice
2080 1395 2158 1458 lo-

2268 1399 2442 1456 εἷπεϊν
2470 1405 2539 1476 τῇ
2579 1401 2810 1477 ἁμαρτίᾳ
2838 1399 2975 1458 κατὰ
3002 1401 3063 1457 τὸ
3096 1401 3392 1478 βάπτισμα.

523 1490 785 1574 quando,
810 1496 1075 1571 peccato,
1106 1504 1210 1569 per
1242 1486 1633 1568 baptismum.

2103 1647 2132 1726 §
2163 1645 2296 1709 v11.

603 1815 850 1876 Attento
877 1811 977 1874 bic
1018 1812 1220 1874 animo
1263 1808 1592 1890 perpende,
1618 1815 1986 1871 sacramenta
2017 1824 2158 1889 quam

2248 1818 2257 1862 ι
2364 1814 2462 1870 Καί
2508 1834 2598 1888 μοι
2632 1819 2856 1874 συνετῶς
2905 1811 3092 1884 ἰννοει,
3126 1813 3190 1868 τὰ
3219 1813 3332 1892 ἱερᾶ
3373 1806 3492 1889 μεθ’
3520 1816 3652 1883 ὅσῆς
3704 1819 3868 1875 οἶκειό-

523 1903 787 1985 propriis
816 1901 1072 1964 involuta
1100 1899 1218 1960 sint
1253 1899 1465 1975 signis.
1499 1897 1732 1960 Etenim
1757 1917 1888 1959 cum
1907 1896 1982 1985 in
2008 1896 2158 1958 nobii

2261 1921 2422 1967 τητος
2455 1900 2573 1980 ἔχει
2616 1901 2682 1957 τὰ
2714 1897 2973 1976 σύμϐολα.
3012 1901 3117 1959 Καὶ
3145 1902 3244 1979 γὰρ
3280 1901 3460 1973 ἐπειδὴ
3512 1907 3726 1972 θάνατός
3752 1911 3866 1963 ἔστιν

523 1984 686 2055 mors
733 2010 850 2054 non
896 1993 996 2066 sit,
1043 1997 1117 2050 ut
1163 1987 1522 2068 quibusdam
1579 1987 1791 2068 placet,
1830 1984 2158 2048 substantia

2255 1992 2340 2069 ἔφ’
2381 1993 2535 2066 ἡμῶν
2583 1993 2642 2048 οὗ
2671 1995 2767 2056 τῆς
2813 1990 2989 2054 οὖσίκς
3035 1990 3323 2066 ἆνυπαρξια
3355 1995 3409 2044 5|
3453 1997 3591 2054 κατὰ
3648 1999 3702 2053 τὸ
3743 1996 3868 2062 δόξαν

519 2080 794 2161 abolitio,
827 2079 930 2142 sed
965 2079 1417 2158 conjunctarum
1460 2075 1710 2156 partium
1744 2075 2064 2154 separatio,
2099 2076 2158 2137 ad

2255 2079 2476 2158 ἑτέροις²
2511 2078 2629 2136 ἀλλ’
2701 2081 2731 2148 ἧ
2773 2083 2878 2136 τῶν
2914 2082 3201 2155 ἡνωμένων
3259 2080 3318 2134 5a
3365 2082 3647 2162 διάκρισις,
3706 2088 3772 2150 εἰς
3819 2090 3865 2142 τὸ

518 2170 578 2232 id
596 2170 754 2250 quod
789 2168 1050 2230 noslatct
1079 2165 1673 2244 abducens,animam
1697 2164 1966 2245 quidem,
1992 2164 2158 2244 quasi

2252 2170 2387 2242 ἡμῖν
2445 2169 2648 2247 ἀφανὲς
2679 2168 2878 2246 ἆγουσα
2923 2169 3022 2236 τὴν
3065 2171 3247 2249 ψυχὴν
3297 2172 3418 2251 μὲν,
3449 2176 3524 2236 ὡς
3558 2174 3612 2229 ἐν
3658 2177 3868 2252 στερήσει

518 2277 772 2340 corpore
813 2264 1102 2339 perpetuo
1156 2255 1518 2336 privandam,
1553 2272 1771 2333 corpus
1812 2271 1978 2324 vero,
2013 2254 2158 2315 velut

2253 2258 2502 2332 σώματος
2533 2257 2686 2324 ἀειδῆ
2725 2257 3070 2338 γιγνομένην,
3104 2260 3164 2314 τὸ
3193 2260 3349 2334 σῶμα
3399 2259 3476 2335 δὲ,
3515 2263 3589 2328 ὡς
3618 2263 3670 2319 ἐν
3698 2270 3761 2342 γῇ
3787 2286 3870 2319 κα-

519 2348 700 2410 humo
725 2345 1014 2424 abditum,
1048 2344 1163 2405 alia
1186 2343 1462 2424 quapiam
1476 2342 1829 2405 alteratione
1851 2360 2158 2423 corporea,

2252 2345 2606 2426 λυπτόμενον,
2653 2345 2771 2404 καθ’
2805 2345 2988 2425 ἑτέραν
3046 2348 3161 2403 τινὰ
3210 2349 3313 2405 τῶν
3369 2349 3739 2425 σωματοειδῶν
3785 2351 3870 2407 ἆλ-

519 2456 589 2500 ex
611 2437 869 2498 humana
890 2433 1090 2514 specie
1114 2431 1632 2494 exterminandum
1661 2451 1675 2507 ;
1705 2448 1822 2495 non
1846 2432 2158 2511 improprie

2251 2434 2521 2492 ὶοιώσεων
2567 2436 2650 2511 53,
2689 2436 2749 2492 ἐκ
2778 2437 2875 2502 τῆς
2906 2432 3026 2493 κατ’
3084 2435 3356 2514 ἄνθρωπον
3388 2437 3528 2502 ἰδέας
3577 2441 3868 2521 ἀφανιζόμε-

525 2525 720 2588 totalis
750 2523 865 2586 ista
903 2542 1070 2603 aquae
1100 2523 1405 2603 coopertio
1437 2523 1495 2583 in
1536 2521 1740 2581 mortis
1775 2529 1952 2599 atque
1985 2521 2158 2582 infor-

2255 2541 2366 2582 νον⁶
2432 2526 2636 2590 οἰκείως
2684 2526 2720 2592 ἡ
2767 2523 2832 2581 δι’
2879 2523 3064 2588 ὕδατος
3096 2524 3249 2594 ὀλικῆ
3301 2527 3532 2603 κάλυψις
3567 2532 3638 2593 εἷς
3667 2531 3759 2597 τὴν
3796 2532 3869 2586 τοῦ

523 2614 635 2675 mis
659 2612 981 2694 sepulturae
999 2612 1244 2690 ﬁguram
1269 2609 1618 2690 accipiatur.
1653 2610 2158 2671 Sacramentalitei

2253 2613 2478 2670 θανάτου
2529 2615 2618 2670 καὶ
2648 2621 2740 2672 τοῦ
2797 2614 2892 2681 τῆς
2922 2614 2986 2664 54
3037 2614 3208 2692 ταφῆς
3238 2615 3440 2679 ἀειδοῦς
3503 2619 3682 2675 εἰκόνα
3711 2622 3872 2696 παρεί-

521 2703 725 2780 itaque
776 2700 1130 2781 baptizatum
1181 2698 1506 2780 symbolica
1555 2698 1869 2777 disciplina
1927 2699 2158 2778 mystice

2254 2701 2477 2770 ληπται.
2515 2705 2615 2761 Τὸν
2667 2704 2754 2760 οὖν
2787 2707 2935 2782 ἱερῶς
2965 2703 3353 2779 βαπτιζόμενον
3405 2706 3766 2783 ἧσυμὸολικῆ
3815 2707 3875 2763 δι·

520 2791 694 2853 docet
717 2791 909 2853 tribus
931 2789 1050 2850 illis
1075 2789 1133 2850 in
1157 2807 1370 2868 aquam
1398 2786 1880 2850 immersionibus
1901 2797 1959 2849 et
1981 2805 2158 2850 emer-

2254 2790 2510 2849 δασκαλία
2573 2805 2918 2871 μυσταγωγεῖ
2975 2806 3097 2856 ταῖς
3158 2791 3214 2848 ἐν
3245 2799 3324 2867 τῷ
3369 2794 3515 2852 ὕδατι
3545 2801 3682 2874 τρισὶ
3721 2821 3872 2855 κατα·-

519 2878 797 2942 sionibus
826 2877 1089 2939 divinam
1112 2877 1290 2938 trium
1328 2876 1556 2938 dierum
1591 2895 1661 2938 ac
1693 2877 1951 2940 noctium
1978 2877 2158 2958 sepul-

2253 2879 2426 2938 δύσεσι
2482 2881 2547 2932 55
2591 2884 2681 2938 τὸν
2729 2883 3010 2962 θεαρχικὸν
3068 2886 3168 2948 τῆς
3224 2887 3676 2964 τριημερονύκτου
3720 2892 3869 2967 ταφῆς

513 2979 669 3030 tum
701 2969 843 3033 Jesu
879 2965 1007 3027 vitm
1032 2964 1293 3026 auctoris
1325 2973 1575 3026 mortem
1607 2964 1852 3039 imitari,
1877 2975 2158 3044 quatenus

2253 2969 2428 3037 Ἰησοῦ
2471 2979 2564 3029 τοῦ
2623 2969 2879 3042 ζωοδότου
2922 2974 3200 3046 μιμεῖσθαι
3258 2973 3502 3050 θάνατον,
3555 2979 3632 3042 ὡς
3685 2964 3873 3058 tamen

513 3056 862 3120 hominibus
895 3053 1247 3144 conceditur
1282 3055 1410 3134 ejus
1441 3052 1712 3131 imitatio,
1744 3054 1805 3116 in
1841 3074 1978 3135 quo,
2003 3057 2158 3136 juxta

2252 3059 2465 3138 ἀνδράσι
2526 3062 2585 3116 τὸ
2627 3061 2974 3135 θεομίμιιτον,
3006 3059 3060 3115 ἰν
3089 3062 3155 3140 ὦ,
3188 3063 3324 3118 κατᾶ
3377 3065 3474 3131 τὴν
3506 3066 3602 3122 τοῦ
3631 3052 3800 3144 λογίου
3821 3065 3874 3117 56

520 3146 825 3226 mysticam
844 3152 895 3208 et
921 3159 1196 3236 arcanam
1223 3143 1543 3236 Scriptura:
1565 3143 1968 3223 traditionem,
1996 3151 2158 3227 prin-

2251 3147 2604 3228 μυστηριώδη
2650 3151 2738 3206 καὶ
2768 3151 2985 3230 κρυφίαν
3025 3147 3340 3233 παράδοσιν,
3373 3151 3522 3210 οὐδὲν
3572 3143 3785 3236 εὕρηκεν
3823 3155 3874 3208 57

520 3254 663 3321 ceps
691 3235 870 3319 hujus
894 3232 1100 3299 mundi
1122 3250 1239 3296 non
1263 3231 1493 3296 invenit
1512 3232 1850 3314 quidquam.

2249 3241 2276 3296 ὁ
2308 3245 2400 3295 τοῦ
2431 3240 2630 3316 κόσμου
2662 3239 2870 3321 ἅρχων.

2081 3419 2109 3497 §
2161 3419 2311 3484 VIII.

599 3586 884 3652 Candidis
916 3585 1132 3649 deinde
1151 3585 1522 3648 vestimtntis
1543 3583 1798 3647 induunt
1827 3583 2116 3648 initiatum
2145 3603 2159 3648 :

513 3678 666 3742 virili
690 3677 847 3739 enim
882 3694 950 3738 ac
974 3675 1246 3738 deiformi
1279 3693 1588 3756 pravorum
1605 3675 1923 3736 affectuum
1959 3673 2163 3737 vacui-

517 3777 654 3848 tate,
686 3784 799 3828 nec
855 3784 972 3827 non
1004 3764 1327 3826 intentain
1374 3784 1556 3826 unum
1601 3765 1783 3826 animi
1821 3764 2157 3838 affectione,

515 3875 650 3920 cum
681 3856 741 3917 id
765 3855 921 3936 quod
955 3862 1165 3914 ornatu
1198 3853 1438 3915 carebat
1467 3862 1732 3934 ornatur,
1757 3863 1878 3914 tum
1913 3853 1969 3914 id
2002 3854 2158 3935 quod

517 3947 785 4009 deforme
817 3952 942 4006 erat
970 3943 1283 4024 pulchrum
1317 3943 1592 4024 efﬁcitur,
1624 3945 1764 4005 dum
1786 3943 2001 4006 illustri
2025 3961 2158 4004 om-

515 4036 658 4098 nino
688 4035 806 4095 vita
833 4032 1218 4114 splendescit.
1268 4032 1536 4112 Denique
1566 4033 1850 4110 unguenti
1881 4032 1980 4095 illa
2011 4051 2159 4094 con-

511 4140 821 4188 summans
852 4120 1052 4182 unctio
1069 4139 1205 4181 eum
1239 4123 1337 4201 qui
1365 4121 1633 4183 initiatur
1655 4120 1856 4183 odoris
1878 4121 2161 4183 suavitate

514 4211 821 4295 perfundit
847 4228 863 4284 ;
897 4227 1063 4270 sacra
1087 4209 1245 4270 enim
1280 4209 1496 4271 divinae
1524 4209 1925 4288 generationis
1956 4210 2160 4272 initia-

517 4309 622 4378 tio,
649 4320 718 4363 ea
749 4317 881 4377 qua;
907 4297 1136 4360 initiata
1158 4307 1297 4359 sunt
1319 4297 1517 4360 divino
1548 4298 1790 4379 Spiritui
1824 4300 2157 4378 conjungit.

512 4394 700 4455 Porro
724 4390 996 4471 illapsum
1033 4388 1223 4462 illum,
1261 4389 1362 4464 qui
1393 4387 1720 4468 spiritalem
1753 4387 1925 4450 istam
1957 4389 2160 4450 odoris

511 4480 866 4543 suavitatem
901 4478 1093 4552 affert,
1129 4496 1261 4538 cum
1294 4476 1371 4538 sit
1395 4495 1639 4558 prorsus
1669 4476 2006 4552 ineffabilis,
2041 4478 2158 4557 spi-

512 4569 769 4633 ritaliter
797 4567 1076 4648 relinquo
1099 4567 1576 4643 cognoscendum
1602 4567 1673 4628 iis
1703 4565 1803 4647 qui
1828 4566 2157 4628 secundum

2331 3587 2486 3657 Ἐξῆς
2521 3586 2577 3644 δὲ
2608 3586 2917 3665 φωτοειδετς
2949 3587 3173 3655 ἐσθῆτας
3204 3586 3546 3648 ἐπιϐάλλουσι
3597 3602 3676 3670 τῷ
3706 3593 3874 3652 τελου-

2247 3676 2412 3750 μένῳο
2448 3683 2516 3754 τῇ
2545 3678 2646 3755 γὰρ
2676 3674 2892 3753 ἀνδρικῇ
2936 3677 3023 3732 καὶ
3055 3674 3279 3734 Θεοειδετ
3306 3678 3414 3734 τῶν
3467 3680 3720 3739 ἐναντίων
3749 3684 3877 3740 ἀπα-

2241 3769 2373 3843 θεία,
2399 3767 2485 3822 καὶ
2502 3772 2569 3838 τῇ
2598 3767 2729 3842 πρὸς
2753 3766 2809 3820 τὸ
2838 3765 2892 3819 ἓν
2921 3765 2974 3820 ἐν
2997 3766 3237 3837 συντονίᾳ
3268 3768 3554 3844 συννεύσει,
3579 3773 3645 3827 τὰ
3665 3772 3879 3846 ἄκοσμον

2243 3867 2550 3933 κοσμεῖται,
2583 3855 2751 3910 καὶτὸ
2795 3853 3046 3911 ἆνειίδεον
3095 3852 3464 3934 είδοποιεϊται,
3499 3865 3566 3934 τῇ
3613 3859 3875 3941 φωτοειδεϊ

2243 3942 2465 4000 καθόλου
2508 3949 2619 4019 ζωῇ
2650 3941 3110 4023 λαμπρυνόμενον.
3146 3935 3211 4000 Ἠ
3251 3947 3304 4004 δὲ
3334 3959 3426 4008 τοῦ
3468 3935 3638 4028 μύρου
3667 3952 3875 4006 τελειω-

2243 4033 2366 4101 τική
2402 4034 2576 4112 χρίσις
2608 4032 2777 4101 εὒώδη
2832 4046 2980 4091 ποιεῖ
3006 4037 3096 4093 τὸν
3127 4037 3526 4116 τετελεσμένον
3561 4041 3597 4107 ὴ
3631 4042 3732 4119 γὰρ
3777 4039 3873 4119 ἱερὰ

2241 4127 2340 4190 τῆς
2410 4123 2739 4200 θεογενεσίας
2796 4122 3066 4192 τελείωσις
3117 4127 3232 4186 ἑνοῖ
3303 4129 3366 4186 τὰ
3434 4127 3746 4187 τελεσθέντα
3810 4134 3876 4202 τῷ

2239 4213 2510 4290 θεορχικῷ
2566 4212 2854 4285 Πνεύματι.
2920 4214 3029 4280 Τὴν
3088 4215 3142 4272 δὲ
3174 4219 3378 4284 νοητῶς
3437 4217 3748 4276 εὖοδοποιὸν
3800 4218 3876 4273 καὶ

2241 4298 2604 4378 τελεσιουργὸν
2658 4300 3014 4381 ἐπιρροίτησιν³
3075 4304 3438 4383 ἆῤῥῃοτςίτην
3515 4305 3704 4382 οὖσαν,
3762 4305 3875 4362 ἐπι-

2241 4389 2437 4468 γνῶναι
2489 4391 2682 4466 νοερῶς
2720 4393 2940 4468 πορίημι
2994 4407 3109 4458 τοῖς
3143 4395 3458 4470 ἠξιωμένοις
3501 4399 3600 4463 τῆς
3631 4397 3765 4452 κατᾶ
3794 4397 3875 4450 τὸν

2241 4481 2358 4534 νοῦν
2408 4485 2498 4536 τοῦ
2526 4478 2662 4536 Θείου
2693 4480 2995 4554 Πνεύματος
3053 4483 3195 4560 ἱερᾶς
3235 4485 3321 4540 καὶ
3375 4487 3630 4562 Θεουργοῦ
3691 4505 3875 4541 κοινωο

2241 4569 2376 4632 νίας.
2437 4567 2525 4624 Ἐν
2553 4565 2691 4622 τέλει
2750 4566 2803 4622 δὲ
2833 4569 3043 4626 πάντων
3103 4574 3131 4627 ὃ
3160 4573 3414 4652 ἱεράρχης
3467 4572 3553 4628 ἐπὶ
3583 4575 3687 4640 τὴν
3731 4575 3878 4652 ἱερω-

520 4667 780 4721 mentem
815 4668 1021 4717 sancta
1049 4663 1110 4718 et
1138 4655 1349 4716 deifica
1397 4656 1575 4717 divini
1608 4655 1862 4737 Spiritus
1892 4675 2158 4718 commu-

2248 4657 2412 4721 τάτην
2485 4656 2842 4736 Εὐχαριστίαν
2909 4662 3066 4715 καλεῖ
3148 4662 3239 4718 τὸν
3318 4661 3737 4736 τεταλεσμένον,
3802 4661 3880 4717 καὶ

514 4749 694 4810 nione
725 4744 890 4824 digni
913 4742 1274 4806 sunthabiti.
1312 4745 1560 4807 Demum
1584 4743 1861 4807 omnibus
1879 4745 2152 4826 peractis,

512 4854 650 4897 eum
685 4835 790 4912 qui
833 4831 1102 4894 initiatus
1134 4841 1224 4894 est
1253 4831 1326 4894 ad
1355 4833 1788 4898 sanctissimam
1835 4832 2158 4896 Eucharis-

514 4924 653 4986 tiam
682 4930 849 4985 vocat
880 4929 939 4983 et
968 4921 1384 5002 mysteriorum
1419 4924 1768 5003 perficiendi
1801 4923 1914 4986 vim
1942 4921 2162 4986 haben-

513 5013 661 5076 tium
694 5013 1183 5075 communionem
1221 5011 1310 5073 illi
1344 5013 1539 5077 tradit.

2240 4746 2336 4810 τῆς
2415 4744 2518 4800 τῶν
2577 4744 2893 4803 τελεστικῶν
2962 4751 3265 4826 μυστηρίων
3343 4753 3484 4826 αὐτῷ
3556 4749 3874 4828 μεταδιδωσι

2239 4833 2516 4899 κοινωνίας
2527 4881 2540 4897 ,

1830 5191 2090 5258 νΑΒΗΕ
2136 5189 2573 5256 LECTIONES.

593 5373 656 5422 48
683 5370 828 5450 θεὸς,
978 5367 1074 5450 Sd.

1163 5368 1224 5418 ‘9
1252 5368 1316 5430 In
1345 5371 1540 5432 futuro
1571 5372 1820 5446 ἒμμενεῖ,
1857 5372 1919 5433 S.
1949 5374 2012 5433 Ρ.
2048 5372 2154 5433 Ch.
2188 5371 2258 5433 D.
2294 5370 2361 5431 Β.
2398 5371 2529 5433 Sar.
2612 5370 2675 5420 50
2704 5373 2823 5445 μετ’
2849 5375 3033 5448 αὒτὰς,
3067 5373 3131 5434 Ρ.
3218 5373 3267 5416 δί
3302 5375 3361 5431 οὒ
3384 5381 3479 5441 τῆς
3500 5378 3688 5443 οὖσίας
3727 5378 3882 5444 αὖτῆς

509 5445 825 5533 ᾇνυπαρξία,’
853 5446 916 5510 Ρ.
945 5457 1001 5509 et
1189 5450 1560 5533 ⁵9ῌῇνωμενων
1590 5445 1667 5531 δὲέ
1698 5453 1776 5514 Μ.
1811 5449 1908 5533 Sp.
1993 5450 2512 5533 5%przeponuntii,
2547 5448 2700 5533 SIAP.
2737 5451 2806 5514 ί).
2834 5451 2915 5533 Βλε
2937 5445 3036 5516 SC.
3063 5454 3218 5524 Sar.,
3249 5453 3529 5513 ἀλλοίωσιν
3558 5454 3755 5518 habet
3778 5459 3882 5520 Ch.

512 5530 566 5574 5‘
594 5529 695 5617 γρ..
715 5534 802 5589 καὶ
832 5535 927 5602 τῆς
958 5532 1156 5616 ταφῆς.
1238 5530 1307 5584 ⁵⁵
1331 5530 1559 5598 addunt
1587 5529 1696 5598 Cll.
1731 5533 1802 5594 D.
1831 5529 1886 5594 S.
1927 5534 1993 5594 P.
2025 5529 2184 5596 δὲοὶ.
2206 5529 2340 5596 Sar.
2364 5532 2453 5589 καὶ
2475 5529 2774 5591 ἆναδύσεσι.
2859 5530 2923 5584 56
2951 5533 3134 5617 λόγου³
3169 5534 3280 5606 Ch.
3312 5534 3444 5604 Sat.
3527 5536 3593 5588 57
3623 5541 3798 5622 εὗρεν²
3825 5537 3884 5602 Ρ.

2141 5735 2230 5755 ’.σε
