4088 6208
418 289 530 376 lit

1574 321 1634 390 S.
1681 322 2020 389 DIONYSII
2061 321 2590 394 AREOPAGITIE.

3652 328 3771 401 M2

427 459 656 549 quoque
677 449 735 512 in
756 451 941 515 divina
963 456 1396 530 regeneratione
1423 473 1532 518 usu
1563 463 1755 522 venit:
1788 460 2052 535 quocirca

2139 463 2224 519 καὶ
2264 461 2318 520 ἐν
2372 470 2438 541 τῇ
2463 465 2575 538 θείᾳ
2631 463 2972 545 ἇναγεννήσει
3003 466 3170 547 ἐστι.)
3224 463 3307 526 διὰ
3337 472 3492 528 τοῦτο
3542 470 3775 549 πρώτως

422 540 686 641 primum
715 552 921 610 tractat
948 548 1023 610 de
1066 549 1262 641 divino
1292 549 1668 632 baptismate.
1701 551 1936 641 Dictum
1966 559 2055 614 est

419 638 644 709 itaque,
677 653 923 717 scopum
957 647 1172 702 nostrae
1203 640 1555 704 bierarcbiaa
1597 660 1729 706 esse
1759 642 1833 704 ad
1866 640 2052 703 Deum

420 722 905 792 assimilationem;
939 727 1088 786 hanc
1109 739 1294 789 autem
1320 745 1438 790 non
1470 732 1633 790 aliter
1659 732 1792 790 licet
1815 731 2052 802 adipisci

419 828 592 902 quam
625 833 731 894 per
758 815 862 880 Dei
885 817 1290 902 dilectionem,
1314 823 1398 885 uti
1430 823 1629 886 divina
1649 831 1704 885 et
1721 822 2054 900 evangelica

423 901 655 984 eloquia
701 907 964 970 tradunt.
999 912 1141 972 Cum
1188 913 1364 991 igitur
1395 914 1506 974 ista
1541 911 1784 976 dilectio
1829 920 2056 974 constet

422 991 838 1084 observatione
866 999 1201 1063 divinorum
1238 1001 1675 1081 mandatorum,
1711 1001 2054 1084 quaeritsibi

417 1081 626 1144 ducem
663 1095 780 1148 tam
813 1091 1002 1154 sancti
1031 1093 1256 1172 aperis,
1286 1092 1517 1154 scilicet
1544 1092 1620 1154 ad
1653 1081 1913 1154 sanctam
1955 1091 2050 1151 di-

416 1173 691 1236 vinorum
717 1178 1126 1242 mandatorum
1157 1181 1809 1262 exsecutionem,atque
1830 1179 2054 1258 reperit

415 1280 534 1323 non
586 1282 716 1327 esse
745 1267 953 1342 alium,
989 1278 1202 1350 praeter
1246 1269 1404 1331 illam
1439 1289 1508 1332 ex
1560 1289 1710 1349 aqua
1741 1275 1799 1331 et
1829 1268 2052 1350 Spiritu

413 1356 948 1431 regenerationem.
980 1358 1283 1438 Siquidem
1309 1359 1541 1421 divinus
1567 1360 1670 1421 ille
1701 1357 2046 1436 baptismus,

413 1442 484 1502 ad
538 1444 638 1505 Dei
672 1445 1128 1509 familiaritatem
1181 1449 1604 1529 ccelestemque
1648 1449 2051 1510 haereditatem

414 1529 752 1612 principum
795 1544 884 1597 est
931 1545 988 1598 et
1019 1537 1401 1612 introductio,
1435 1537 1571 1599 Nisi
1615 1543 1800 1608 enim,
1838 1537 2051 1616 inquit,

417 1623 554 1700 quis
584 1632 828 1687 renatus
853 1626 1044 1704 fuerit
1066 1645 1144 1689 ea:
1163 1644 1328 1707 aqua
1354 1635 1408 1690 et
1425 1627 1658 1706 Spiritu
1670 1644 1810 1705 ,non
1833 1624 2055 1688 videbit

415 1727 664 1790 regnum
702 1714 810 1776 Dei
832 1718 868 1778 ί.
903 1716 1070 1779 Unde
1101 1717 1279 1778 homo
1327 1717 1625 1779 eirteriorl1
1651 1717 1941 1778 formatur
1979 1714 2053 1776 ad

2135 550 2481 629 διαλαμϐάνει
2544 557 2657 633 περὶ
2726 557 2817 615 τοῦ
2871 559 3008 616 θείου
3076 560 3463 637 βαπτίσματος,
3540 559 3772 640 Εἴρηται

2135 643 2304 699 τοίνον
2361 641 2440 700 ὅτι
2497 647 2697 710 σκοπὸς
2751 646 2848 715 τῆς
2927 648 3040 704 καθ’
3100 650 3244 724 ἡμᾶς
3301 650 3571 729 ἱεραρχίας
3631 649 3775 708 ἐστὶν

2135 733 2170 800 ἦ
2203 734 2332 801 πρὸς
2366 735 2494 790 Θεὸν
2540 735 2890 814 ἀφομοίωσις’
2940 737 3138 804 ταύτης
3170 735 3225 794 δὲ
3271 737 3366 794 οὒκ
3397 736 3571 801 ἄλλως
3630 738 3774 796 ἔστιν

2136 821 2416 900 ἐπιτυχεῖν
2460 824 2502 878 εί
2531 824 2608 897 μὴ
2665 823 2749 880 διὰ
2790 829 2890 892 τῆς
2939 827 3072 904 πρὸς
3104 828 3235 883 Θεὸν
3292 827 3636 906 ἀγαπήσεως,
3669 849 3778 886 κα-

2135 911 2238 976 θὼς
2297 913 2381 967 καὶ
2437 912 2501 967 τὰ
2550 916 2668 969 θετα
2726 915 2813 971 καὶ
2855 914 3177 994 εύαγγελικὰ
3241 921 3534 995 παριστῶσι
3591 916 3777 994 λόγια.

2137 1000 2288 1058 Ἐπεὶ
2345 1001 2511 1060 τοίνυν
2543 1003 2577 1070 ἡ
2630 1003 2853 1070 τοιαύτη
2909 1005 3184 1082 ἀγάπησις
3215 1003 3274 1062 ἐκ
3328 1012 3422 1062 τοῦ
3447 1020 3636 1083 τηρεῖν
3682 1008 3782 1071 τὰς

2133 1090 2272 1152 θείας
2329 1089 2544 1154 ἱντολὰς
2576 1094 2898 1166 συνίσταται,
2935 1102 3092 1164 ζητεῖ
3135 1096 3236 1161 τὴν
3286 1095 3533 1175 ἀρχηγὸν
3580 1099 3785 1175 ἱερουρ-

2135 1178 2276 1256 γίαν,
2334 1177 2578 1246 δηλονότι
2647 1183 2788 1258 ἱερὰν
2837 1181 3084 1259 ἐργασίαν
3153 1184 3260 1240 τῶν
3313 1187 3465 1240 θείων
3521 1184 3776 1261 ἐντολῶν,

2135 1270 2221 1322 καὶ
2253 1269 2473 1345 εὑρίσκει
2523 1268 2766 1345 οὐδεμίαν
2796 1270 2963 1338 ἄλλην
2996 1273 3039 1327 εἰ
3071 1272 3146 1346 μὴ
3175 1273 3273 1341 τὴν
3317 1272 3386 1329 δι’
3416 1271 3630 1339 ὕδατος.
3690 1277 3782 1332 καὶ

2135 1359 2431 1434 πνεύματος
2490 1359 2854 1437 ἁναγὲννησιν.
2922 1359 3098 1440 Ἀρχὴ
3170 1363 3269 1440 γὰρ
3320 1365 3408 1420 καὶ
3466 1362 3782 1432 ὁδοποίησις

2135 1445 2232 1515 τῆς
2287 1450 2418 1526 πρὸς
2464 1451 2594 1504 Θεὸν
2644 1450 2963 1516 οἰκειώσεῶς
2993 1453 3082 1506 καὶ
3127 1457 3226 1518 τῆς
3271 1450 3576 1530 ἐπουρανίου
3634 1453 3780 1521 κλη-

2137 1537 2384 1613 ρονομίας
2439 1539 2500 1592 τὸ
2529 1542 2674 1594 θεῖον
2723 1540 2954 1618 ὑπάρχει
2985 1541 3286 1616 βάπτισμα.
3338 1545 3436 1599 Καὶ
3485 1542 3607 1619 γὰρ,
3653 1542 3784 1600 Ἐὰν

2138 1627 2213 1697 μή
2269 1647 2373 1699 τις,
2436 1631 2584 1706 φησί,
2646 1632 2861 1704 γεννεθῇ
2917 1626 2989 1684 δι’
3039 1627 3225 1692 ὕδατος
3283 1632 3369 1711 καὶ
3451 1630 3782 1711 πνεύματος,

2138 1713 2195 1767 οὒ
2240 1716 2317 1790 μὴ
2366 1705 2472 1771 ἴδοι
2525 1717 2620 1783 τὴν
2670 1715 2940 1792 βασιλείαν
3005 1726 3096 1775 τοῦ
3141 1725 3296 1778 Θεοῦ.
3341 1705 3489 1778 δοθεν
3551 1705 3786 1800 μορφοῦξ

419 1800 727 1866 meliorem
754 1822 822 1865 ac
854 1805 1168 1867 salutarem
1203 1805 1706 1874 habiludinem,et
1736 1805 1807 1866 ad
1835 1803 2051 1865 verbo-

2139 1825 2226 1858 ται
2273 1807 2299 1859 ὁ
2333 1803 2430 1869 ἔξω
2459 1803 2728 1880 ἅνθρωπος
2758 1807 2889 1884 πρὸς
2921 1807 3192 1884 κρείττονα
3241 1807 3343 1874 ἕξιν
3374 1811 3461 1865 καὶ
3489 1809 3784 1890 σωτήριον,

413 1905 543 1950 rum
557 1910 925 1974 operumque
937 1895 1046 1958 Dei
1062 1894 1838 1968 institutionem.Quomodo
1853 1907 2048 1954 autem

415 1976 654 2042 divinus
687 1981 1015 2062 baptismus
1047 1984 1348 2046 naturales
1399 1993 1633 2046 nostros
1665 1982 1897 2045 habitus
1943 2001 2049 2043 seu

417 2069 660 2131 affectus
692 2072 993 2134 eﬂ‘ormat?
1031 2074 1245 2150 Utique
1275 2073 1388 2134 vim
1422 2075 1734 2153 quamdam
1762 2072 2052 2134 formatri-

418 2178 546 2221 cem
572 2161 780 2221 inserit
802 2162 1082 2240 ﬁgmento
1111 2163 1574 2237 nostro,scilicet
1596 2161 2048 2243 appetendi,sed

418 2249 683 2312 coelestia
704 2253 881 2332 bona;
909 2253 1320 2332 movendi,sed
1346 2253 1417 2314 ad
1443 2271 1620 2314 omne
1641 2270 1791 2333 opus
1809 2251 2053 2326 bonum;

419 2339 816 2402 ratiocinandi
867 2359 974 2403 seu
1007 2342 1329 2420 cogitandi,
1365 2341 1469 2404 sed
1519 2359 1649 2420 qua;
1682 2341 1888 2402 oculus
1938 2359 2055 2401 non

416 2428 584 2511 vidit,
609 2449 806 2507 neque
824 2432 984 2493 auris
1013 2431 1254 2511 audivit;
1284 2429 1770 2512 concupiscendi,
1795 2431 1896 2492 sed
1925 2449 2056 2492 me-

415 2518 562 2581 liora
600 2538 616 2594 ;
676 2520 995 2594 irascendi,
1032 2521 1136 2582 sed
1200 2520 1440 2582 inimico
1473 2521 1679 2581 salutis
1729 2529 1966 2592 nostrae,
2005 2528 2063 2581 et

419 2620 657 2672 caetera.
690 2608 979 2670 Praeclare
1027 2611 1186 2672 enim
1220 2609 1370 2672 dixit
1400 2609 1648 2689 inclytus
1679 2608 2055 2690 Hierotlieus,

418 2702 674 2776 primum
710 2707 767 2760 et
800 2699 1080 2761 eximium
1107 2701 1320 2760 mentis
1353 2707 1576 2760 motum
1600 2716 1733 2759 esse
1763 2699 1867 2760 Dei
1903 2699 2059 2760 dile-

419 2787 702 2850 ctionem.
737 2787 928 2867 Hujus
959 2798 1158 2850 autem
1193 2788 1534 2851 dilectionis
1564 2787 1732 2868 quasi
1764 2787 2058 2867 quoddam

421 2876 778 2958 principium
813 2887 904 2939 est
924 2879 1126 2940 divina
1155 2885 1358 2938 nostra
1381 2876 1851 2956 fabricatio,quae
1873 2876 2054 2938 nimi-

413 2985 546 3028 rum
580 2966 644 3028 tit
673 2985 781 3047 per
803 2967 1187 3048 baptismum,
1223 2965 1551 3028 secundum
1584 2983 1760 3042 quam
1795 2965 2052 3028 divinum

415 3066 626 3120 statum
656 3059 1025 3121 inchoamus:
1061 3057 1352 3138 siquidem
1383 3076 1451 3120 ea
1469 3076 1600 3138 quae
1624 3077 1691 3118 ex
1713 3058 1944 3119 semine
1967 3067 2058 3119 est

419 3147 605 3210 nostri
634 3147 963 3223 fabricatio,
992 3147 1107 3209 etsi
1135 3148 1208 3209 sit
1241 3165 1310 3209 ex
1341 3148 1650 3209 conditore
1683 3144 1827 3225 Deo,
1861 3153 2056 3208 tamen

415 3236 701 3299 naturalis
733 3244 842 3307 est,
881 3255 948 3298 ea
983 3254 1125 3298 vero
1157 3253 1286 3316 quae
1317 3253 1388 3298 ex
1417 3235 1770 3317 baptismate
1801 3235 2053 3309 exsistit,

419 3323 852 3398 dirina.Neque
868 3325 1027 3386 enim
1043 3326 1752 3404 exsanguinibus,mque
1765 3343 1841 3387 ex
1857 3325 2063 3387 volun-

418 3419 538 3478 tate
555 3415 815 3491 viri,nec
831 3431 907 3476 ex
927 3415 1458 3477 voluntatecarm's
1493 3413 2059 3486 '.Quemadmodum

414 3502 598 3581 igitur
626 3503 687 3564 in
719 3503 979 3564 naturali
1012 3503 1312 3564 nativitate
1344 3511 1576 3582 oportet
1611 3501 1866 3582 primum
1901 3504 2059 3565 exsi-

413 3602 570 3656 stere
595 3592 653 3655 in
693 3595 826 3656 179
854 3611 1054 3654 rerum
1081 3602 1307 3672 natura,
1342 3610 1410 3653 ac
1439 3590 1659 3654 deinde
1693 3590 1976 3672 vicissim,
2001 3600 2060 3653 et

415 3674 590 3763 agere
613 3692 669 3745 et
692 3683 832 3763 pati,
869 3683 1138 3744 homines
1168 3681 1407 3762 quidem
1440 3700 1570 3760 qua
1599 3679 1714 3740 sibi
1741 3687 1883 3740 sunt
1914 3699 2058 3759 pro-

416 3773 566 3854 pria,
595 3772 772 3834 bruta
795 3789 932 3834 vero
965 3789 1096 3852 qua!
1119 3781 1257 3834 sunt
1283 3769 1725 3832 conducibilia:
1762 3769 1847 3831 sic
1879 3769 2057 3832 etiam

416 3866 474 3923 in
506 3862 704 3924 divina
737 3861 1011 3942 baptismi
1043 3861 1498 3940 regeneratione
1541 3868 1770 3939 oportet
1802 3859 2060 3940 primum

414 3951 538 4014 Deo
571 3951 847 4024 existere,
883 3969 950 4010 ac
977 3949 1195 4011 deinde
1229 3949 1607 4010 dilectionem
1645 3949 1772 4027 ejus
1804 3947 2060 4027 operari,

2134 1897 2219 1952 καὶ
2252 1903 2357 1952 τῶν
2384 1898 2518 1957 κατὰ
2551 1899 2680 1953 Θεὸν
2732 1897 2907 1976 λόγων
2937 1920 2994 1955 τε
3047 1901 3135 1956 καὶ
3166 1902 3493 1979 πραγμάτων
3539 1903 3638 1968 τὴν
3668 1901 3788 1958 ἐπι-

2133 1983 2398 2054 τήδευσιν,
2435 1988 2552 2049 Πῦς
2587 1987 2640 2042 δὲ
2700 1992 2900 2068 μορφοῖ
2935 1989 3030 2054 τὰς
3078 1991 3298 2068 φυσικὰς
3331 1991 3484 2065 ἡμῶν
3535 1990 3668 2056 ἕξεις
3727 1993 3791 2047 τὸ

2133 2077 2275 2133 θεῖον
2327 2075 2604 2152 βάπτισμα
2637 2121 2652 2152 ,
2722 2059 3038 2140 ν[λιποὶντως
3085 2059 3306 2154 δύναμιν
3351 2059 3518 2147 ἐνίησι
3570 2077 3790 2159 λορφω.

2138 2167 2292 2232 τικὴν
2346 2163 2718 2239 ἀναπλάσεως,
2768 2175 2861 2224 τοῦ
2919 2167 3216 2246 ὀρέγεσθαι,
3279 2166 3415 2224 ἀλλὰ
3469 2169 3577 2224 τῶν
3637 2172 3792 2248 οὖρα-

2140 2253 2260 2308 νίων
2318 2253 2551 2330 ἁγαθῶνο
2623 2257 2717 2310 τοῦ
2771 2259 3055 2330 κινεῖσθαι,
3119 2254 3239 2311 ἀλλ’
3316 2259 3386 2320 εἰς
3446 2263 3556 2314 πᾶν
3631 2257 3793 2336 ἔργον

2139 2342 2356 2418 ἀγαθόν’
2395 2353 2486 2401 τοῦ
2515 2343 2834 2420 λογίζεσθαι,
2868 2343 3007 2400 ἀλλὰ
3049 2344 3112 2402 τὰ
3144 2345 3176 2400 ἃ
3223 2344 3491 2424 ὀφθαλμὸς
3521 2348 3615 2403 οὒκ
3646 2345 3788 2426 εἶδε,

2139 2433 2226 2488 καὶ
2289 2440 2372 2494 οῦς
2406 2436 2498 2490 οὐκ
2541 2431 2760 2499 ἤκουσε·
2794 2443 2886 2492 τοῦ
2937 2433 3234 2514 ἐπιθυμεῖν,
3269 2433 3405 2490 ἀλλὰ
3436 2442 3540 2492 τῶν
3597 2457 3792 2514 κρειτ-

2151 2522 2332 2577 τόνων·
2395 2528 2486 2578 τοῦ
2547 2520 2852 2600 θυμοῦσθαι,
2913 2519 3050 2578 ἀλλὰ
3107 2523 3243 2578 κατὰ
3298 2529 3392 2580 τοῦ
3449 2522 3643 2604 ἐχθροῦ
3688 2530 3791 2591 τῆς

2142 2611 2403 2687 σωτηρίας
2456 2611 2636 2684 ἡμῶν,
2672 2612 2758 2666 καὶ
2790 2609 2977 2690 ἐφεξῆς
3029 2611 3094 2667 τὰ
3122 2610 3280 2670 ἀλλὰ.
3319 2611 3507 2677 Καλῶς
3564 2615 3665 2691 γὰρ
3695 2614 3792 2670 εἷ-

2143 2722 2238 2756 πεν
2273 2703 2298 2756 ὁ
2356 2700 2564 2762 κλεινὸς
2601 2691 2869 2776 Ἰερόθεος,
2906 2700 2985 2756 ὅτι
3029 2703 3064 2768 ἡ
3115 2702 3480 2779 προτιμοτάτη
3513 2706 3598 2758 καὶ
3656 2701 3794 2768 ἐξαί-

2145 2811 2290 2868 ρετος
2348 2791 2556 2855 κίνησις
2614 2797 2704 2846 τοῦ
2762 2797 2851 2847 νοῦ
2903 2791 2938 2858 ἡ
2999 2791 3129 2870 πρὸς
3191 2793 3320 2847 Θεὸν
3377 2792 3559 2868 ἆγαπη
3619 2792 3787 2853 ἐστίν,

2139 2881 2344 2945 Ταύτης
2391 2878 2445 2935 δὲ
2489 2885 2584 2946 τῆς
2646 2880 2862 2956 ἀγάπης
2915 2880 3063 2960 ἀρχή
3125 2903 3204 2944 τις
3259 2885 3377 2939 οἷον
3425 2881 3565 2940 ἐστιν
3611 2883 3646 2949 ἡ
3675 2883 3792 2938 θεία

2138 2967 2453 3048 δημιουργία
2515 2969 2691 3042 ἡμῶν,
2744 2969 2773 3036 ἡ
2825 2967 2910 3025 διὰ
2953 2980 3044 3029 τοῦ
3100 2971 3463 3046 βαπτίσματος
3513 2969 3786 3050 δηλονότι,

2139 3058 2256 3115 καθ’
2308 3059 2374 3123 ἣν
2403 3058 2553 3121 θείως
2595 3059 2737 3115 εἶναι
2782 3059 3080 3140 ἀρχόμεθα·
3134 3060 3164 3127 ἒ,
3219 3060 3316 3134 μὲν
3377 3060 3475 3140 γάρ
3527 3059 3588 3117 ἐπι
3633 3061 3791 3136 σπέρ-

2142 3170 2308 3222 ματος
2384 3151 2542 3222 ἡμῶν
2601 3145 2942 3228 δημιουργία,
2997 3151 3040 3205 εἰ
3093 3150 3180 3205 καὶ
3239 3149 3297 3204 ἐγ
3355 3157 3486 3206 Θεοῦ
3540 3147 3793 3228 δημιουρ·

2142 3237 2362 3314 γοῦντός
2409 3239 2576 3308 ἐστιν,
2632 3235 2752 3294 ἀλλ’
2797 3237 2884 3294 οῦν
2939 3236 3139 3307 ἀυσική
3183 3240 3347 3294 ἐστιν’
3402 3240 3436 3306 ἡ
3474 3235 3530 3294 δὲ
3580 3237 3643 3295 ἐκ
3701 3247 3795 3297 τοῦ

2140 3329 2505 3404 βαπτίσματος
2580 3329 2713 3389 θεία.
2783 3332 2856 3386 Οὔ
2937 3329 3037 3405 γὰρ
3109 3326 3162 3393 ἐξ
3223 3327 3482 3404 αἱμάτων,
3545 3327 3662 3385 οὐδὲ
3736 3329 3797 3386 ἐκ

2141 3417 2438 3492 θελήματος
2523 3414 2748 3496 ἀνδρὸς,
2837 3415 2952 3474 οὖδὲ
3033 3416 3094 3474 ἐκ
3179 3415 3479 3492 θελήματος
3563 3418 3790 3497 σαρκός.

2147 3498 2372 3587 ιὨσπερ
2429 3507 2599 3562 τοίνδν
2662 3506 2715 3562 ἐν
2773 3512 2840 3582 τῇ
2904 3511 3099 3586 φυσικῇ
3147 3507 3389 3583 γεννήσει
3446 3504 3531 3564 δεῖ
3580 3511 3793 3584 πρῶτον

2143 3594 2360 3674 ὅπάρξαι
2417 3598 2488 3660 εἰς
2522 3597 2583 3652 τὸ
2637 3595 2805 3674 εῖναι,
2837 3596 2924 3651 καὶ
2972 3595 3094 3651 τότε
3143 3594 3424 3673 ἐνεργῆσαι
3455 3595 3521 3652 τὰ
3576 3595 3792 3653 κατάλ-

2143 3684 2307 3759 ληλα,
2364 3687 2453 3741 καὶ
2509 3688 2721 3758 παθεῖν,
2765 3688 2884 3741 οἷον
2947 3684 3254 3763 ἀνθρώπους
3311 3684 3408 3759 μὲν
3469 3685 3535 3742 τὰ
3582 3687 3790 3762 οἰκεῖα,

2145 3774 2311 3852 ἄλογα
2367 3772 2422 3830 δὲ
2480 3773 2640 3830 πάλιν
2692 3774 2758 3828 τὰ
2815 3774 3109 3853 πρόσφοραο
3151 3773 3289 3830 οὕτω
3331 3774 3420 3830 καὶ
3476 3773 3531 3829 ἐν
3559 3780 3629 3850 τῇ
3679 3776 3795 3848 θείᾳ

2145 3870 2236 3918 τοῦ
2277 3862 2642 3939 βαπτίσματος
2688 3861 3036 3937 ἆναγεννησει
3069 3859 3151 3917 δεῖ
3199 3866 3411 3940 πρῶτον
3445 3867 3560 3935 Θεῷ
3621 3863 3802 3941 ὑπάρ-

2148 3953 2251 4031 ξαι,
2313 3953 2399 4008 καὶ
2450 3952 2568 4007 τότε
2623 3953 2904 4028 ἐνεργῆσαι
2964 3951 3064 4017 τὴν
3112 3949 3327 4028 ἀγάπην
3389 3950 3572 4027 αὐτοῦ,
3602 3953 3801 4010 καὶτὰ

413 4041 502 4101 uti
533 4047 741 4101 caetera
767 4057 900 4120 quae
927 4038 998 4099 ad
1032 4046 1194 4099 recte
1227 4037 1541 4097 vivendum
1588 4045 1877 4115 Spectant.
1916 4036 2056 4116 Ejus

2149 4041 2311 4100 λοιπὰ
2363 4042 2492 4117 πρὸς
2546 4041 2793 4110 εύζωίαν⁶
2855 4042 2949 4096 τοῦ
3000 4039 3100 4117 γὰρ
3157 4039 3409 4114 μηδαμοῦ
3473 4039 3622 4105 ὄντος
3679 4039 3799 4101 οὖδέ

431 4130 586 4191 enim
612 4131 764 4209 quod
793 4146 1165 4208 nequaquam
1195 4138 1307 4206 est,
1336 4145 1526 4207 neque
1551 4134 1742 4186 motus
1767 4133 1876 4205 est;
1910 4126 2056 4207 quod

2151 4131 2353 4199 κίνησίς
2412 4129 2544 4185 ἐστι’
2579 4131 2640 4184 τὸ
2675 4127 2727 4184 δὲ
2769 4150 2884 4191 πως
2929 4130 3008 4201 ὃν,
3044 4127 3208 4207 ἤγουν
3237 4131 3299 4186 τὸ
3329 4129 3506 4204 μόνως
3536 4131 3796 4210 ὑποστὰν,

429 4227 625 4280 autem
647 4235 882 4297 quoquo
913 4225 1078 4296 pacto
1100 4223 1208 4290 est,
1236 4214 1529 4295 sivequod
1553 4213 1742 4274 solum
1772 4213 2056 4293 subsistit,

2151 4221 2422 4297 ἐνεργήσει
2467 4218 2678 4279 πάντως
2723 4218 2788 4273 τὰ
2847 4219 3120 4296 πρόσφορα
3163 4219 3237 4280 εἰς
3297 4219 3358 4274 τὸ
3409 4217 3650 4296 γενέσθαι
3709 4220 3802 4274 καὶ

431 4307 775 4389 Operabitur
807 4305 1051 4366 omnino
1082 4321 1214 4385 quae
1246 4303 1361 4366 sibi
1403 4312 1545 4365 sunt
1571 4303 1974 4375 accommoda,
2009 4318 2056 4365 ut

2153 4307 2372 4366 τοιῶσδε
2421 4308 2480 4364 ’ὃν
2509 4307 2545 4376 ἢ
2592 4304 2812 4378 τοιόνδε,
2847 4310 2966 4364 οἷον
3027 4305 3211 4372 ἁπλῶς
3256 4309 3329 4369 εἰς
3359 4305 3576 4385 ὕπαρξιν
3633 4305 3801 4364 ἐλθὼν

433 4397 628 4461 taliter
650 4403 748 4456 aut
779 4395 894 4456 tale
924 4394 1064 4475 quid
1099 4395 1364 4472 exsistat,
1391 4413 1446 4456 v.
1482 4413 1537 4471 g.
1564 4393 1768 4465 bomo,
1801 4397 1900 4472 qui
1931 4393 2056 4454 simi

2155 4396 2452 4465 ἅνθρωπος.
2501 4403 2620 4458 Πως
2677 4395 2768 4451 οῦν
2825 4394 2923 4467 ἔτι,
2974 4395 3050 4470 μή
3103 4397 3390 4474 ἐνεργήσας
3454 4416 3528 4469 τι,
3589 4391 3803 4453 δύναται

431 4486 668 4568 pliciter
697 4485 758 4546 in
801 4501 1001 4546 rerum
1037 4493 1300 4545 naturam
1337 4482 1572 4564 prodiit.
1623 4481 1926 4553 Quomodo
1955 4483 2056 4562 igi-

2157 4487 2332 4544 ἐλθετν
2385 4489 2456 4549 εἰς
2487 4486 2546 4541 τό
2600 4482 2803 4541 τοιόσδε
2841 4485 3005 4557 εἶναι,
3052 4482 3216 4561 ἤγουν
3253 4482 3474 4556 δίκαιος,
3509 4483 3804 4564 ἐνεργήσας

429 4550 525 4638 iur
545 4574 912 4657 quinecdum
936 4582 1214 4655 operatur
1242 4550 1591 4654 quidquam,
1619 4550 1810 4650 potest
1827 4589 1896 4632 eo
1929 4550 2056 4650 per

2139 4574 2252 4644 τὴν
2283 4575 2638 4641 δικαιοσύνην·
2675 4574 2711 4641 ἢ
2755 4550 3152 4648 τοιόσδε,’ἂὶλλο
3201 4596 3252 4630 τι
3283 4550 3571 4651 ἐνεργήσας
3643 4550 3804 4640 ’Ἕξπεῖ

429 4667 636 4729 venire
676 4673 738 4725 ut
784 4663 918 4725 talis
957 4663 1056 4743 sit,
1093 4662 1255 4725 verbi
1290 4668 1494 4740 gratia,
1537 4661 1752 4740 justus,
1801 4660 2056 4723 faciendc

2153 4665 2208 4722 δὲ
2267 4665 2535 4740 μέλλομεν
2591 4662 2903 4720 ἐποπτεύειν
2963 4663 3029 4718 τὰ
3087 4670 3181 4719 τοῦ
3240 4662 3376 4718 θείου
3432 4663 3803 4739 βαπτίσματος

426 4755 748 4836 justitiam;
772 4753 864 4815 vel
899 4751 1053 4831 talis,
1083 4752 1238 4813 aliud
1269 4751 1410 4832 quid
1436 4749 2056 4831 operando?Cmterurr

2153 4754 2420 4830 σύμϐολα,
2487 4751 2671 4828 μηδεὶς
2720 4750 3004 4817 ἀτέλεστος
3056 4751 3180 4807 ίὲτω
3229 4751 3314 4808 ἐπὶ
3370 4753 3467 4820 τὴν
3523 4753 3645 4808 θέαν
3694 4760 3805 4810 τῶν

433 4864 567 4908 cum
584 4844 764 4906 divini
799 4841 1163 4922 baptismatis
1183 4841 1444 4922 symbola
1459 4841 1837 4919 conspecturi
1861 4839 2056 4920 simus,

2154 4842 2480 4922 λεγομένωνο
2538 4843 2625 4897 καὶ
2694 4841 2794 4919 γὰρ
2845 4838 2960 4899 οὐδὲ
3025 4853 3140 4900 τοῖς
3201 4839 3434 4897 ἀσθενέσι
3494 4842 3631 4898 κατὰ
3679 4843 3805 4905 τοὺς

433 4953 608 4996 nemo
660 4932 939 5014 profanus
996 4932 1066 4992 ad
1103 4949 1301 4992 rerum
1348 4931 1634 4993 dictarum
1669 4929 2056 5008 spectaculum

2154 4931 2455 5013 ὀφθαλμοὺς
2507 4927 2773 4986 ἀκίνδυνον
2819 4930 2879 4984 τὸ
2929 4925 3269 4984 ἀντιϐλέπειν
3325 4930 3456 5008 πρὸς
3499 4930 3593 4993 τὰς
3637 4931 3805 5007 αὗγᾶς

433 5023 678 5086 accedat
707 5043 724 5104 ;
759 5039 954 5101 neque
985 5021 1144 5082 enim
1204 5020 1433 5082 debiles
1463 5019 1667 5081 oculos
1711 5017 2056 5081 habentibut

2154 5023 2213 5088 ἃς
2253 5025 2280 5078 ὁ
2308 5024 2462 5092 ἥλιος
2512 5020 2718 5099 τεύχει,
2749 5025 2928 5096 (τοῦτο
2971 5018 3071 5096 γάρ
3128 5017 3238 5074 ἐστι
3291 5019 3353 5075 τὸ
3381 5017 3803 5100 ἡλιοτεύκτοις,)

435 5122 623 5175 tutum
676 5120 765 5174 est
795 5109 1029 5172 obtueri
1085 5109 1264 5172 radiis
1295 5127 1447 5190 quos
1490 5109 1581 5169 sol
1612 5107 1939 5188 ejaculatur
1988 5109 2056 5188 (ic

2154 5113 2350 5188 δπουγε
2383 5111 2472 5166 καὶ
2529 5108 2583 5164 ἐν
2613 5121 2730 5171 τοῖς
2784 5114 2877 5163 τοῦ
2907 5106 3071 5181 νόμου
3125 5104 3394 5186 σκιώδεσι,
3431 5108 3674 5179 (κάκεῖνα
3705 5110 3809 5187 γὰρ

437 5203 597 5266 enim
633 5209 742 5275 est,
769 5219 802 5262 a
824 5199 950 5260 sole
977 5197 1437 5279 fabricatis)cum
1463 5198 1638 5259 etiam
1663 5196 1724 5257 in
1756 5197 1903 5275 legis
1933 5217 2056 5259 um-

2158 5201 2428 5280 ἱεραρχίαν
2515 5194 2725 5278 καλετ,)
2787 5197 2872 5252 καὶ
2952 5192 3125 5265 Ὀζίας
3200 5194 3498 5276 ἐλεπρώθη,
3570 5196 3803 5254 ἐνώπιον

435 5292 561 5353 bris
587 5289 951 5371 (quasetiam
985 5287 1382 5348 bierarchiam
1407 5285 1684 5367 appellat)
1719 5284 2056 5366 Oziaslepra

2153 5289 2282 5347 Θεοῦ
2337 5287 2616 5363 οιδμιάσας·
2651 5291 2736 5342 καὶ
2785 5281 2922 5362 Κορὲ
2979 5287 3272 5359 κατεποθη,
3310 5291 3416 5341 τῶν
3460 5285 3540 5361 μὴ
3601 5307 3811 5366 προση-

437 5388 748 5461 correptus
760 5377 832 5440 sit
851 5395 1052 5440 coram
1082 5379 1206 5440 Deo
1221 5376 1466 5437 adt-lens
1483 5381 1814 5448 insensum;
1835 5381 1892 5434 et
1920 5373 2056 5438 Core

2151 5381 2351 5437 κόντων
2454 5377 2608 5458 ἱερῶν
2713 5374 3168 5453 ἀντιποιούμενος·
3261 5375 3350 5432 καὶ
3442 5371 3621 5435 Ναδὰὅ
3719 5380 3813 5436 καὶ

521 5654 535 5686 ⁸
566 5649 738 5718 Joan.
771 5667 862 5728 ιιι,
894 5652 954 5714 5.
1040 5663 1067 5694 η
1100 5651 1288 5736 ίΜαω.
1326 5647 1619 5737 interior.]
1701 5658 1726 5690 '
1753 5649 1920 5716 Joan.
1955 5666 1995 5738 ι,
2031 5649 2130 5719 13.
