4028 6192
290 337 408 413 413

792 346 889 410 DE
931 341 1234 409 ECCLES.
1279 341 1729 423 HIERARCH.,
1774 340 1938 406 CAP.
1987 340 2069 405 II.
2102 373 2182 388 —
2209 343 2599 408 PARAPHR.
2643 341 3147 412 PACHYMERE.

3530 327 3646 414 414

291 477 515 564 ’Λειοὺδ,
551 482 682 559 ξένῳ
737 483 858 563 πυρὶ
907 481 1281 562 θυμιάσαντες,
1336 476 1463 554 ςὲνῳ
1517 479 1601 537 καὶ
1655 475 1918 539 κὰτεκαό·

2020 489 2163 537 :erra
2192 473 2507 557 absorptus
2530 484 2616 539 est
2638 483 2822 540 sacris
2853 477 2969 559 ipsi
3002 498 3121 541 non
3155 479 3646 546 convenientibus

281 578 469 642 θησαν,

875 753 944 802 ιι.
991 742 1318 820 Μυστήριον.

356 877 386 952 ξ
421 885 464 936 l.
503 873 563 931 Ὀ
596 871 696 948 μὲν
725 871 980 949 ἱεράρχης
1038 869 1462 950 ἀφομοιούμενος
1512 871 1590 942 τῷ
1647 873 1786 946 Θεῷ,
1837 869 1925 923 καὶ

277 965 448 1023 θέλων
499 963 591 1019 καὶ
647 965 798 1026 οὗτος
849 961 1081 1028 σωθῆναι
1137 960 1362 1032 πάντας,
1415 960 1501 1014 καὶ
1527 959 1598 1020 εἰς
1642 957 1926 1033 ἒπίγνωσιν

278 1054 534 1122 ἀληθείας
590 1050 788 1124 ἐλθεῖν,
844 1049 1114 1128 ἀσιγήτως
1171 1049 1416 1126 κηρύττει
1486 1049 1550 1103 τὰ
1611 1044 1924 1124 Εὗεὶγγέλίι,

278 1143 360 1200 ὅτι
421 1146 448 1198 ὁ
509 1143 662 1210 Θεὸς,
717 1139 769 1204 ἐξ
801 1140 997 1203 οἰκείας
1029 1138 1336 1213 κινούμενος
1369 1137 1724 1214 ἀγαθότητος,
1759 1133 1926 1198 ’ἵλεως

271 1235 412 1305 ἡμῖν
470 1230 548 1286 ἀεὶ
607 1229 704 1301 ὤν,
760 1227 924 1307 μέχρι
977 1228 1064 1284 καὶ
1110 1229 1182 1290 εἷς
1216 1229 1356 1300 ἡμᾶς
1388 1225 1562 1282 ἐλθεῖν
1590 1227 1679 1282 καὶ
1710 1246 1922 1302 σαρκω-

273 1322 429 1388 θῆναι
488 1316 826 1382 κατεδέξατο.
909 1317 1005 1375 Καὶ
1062 1315 1238 1394 ὥσπερ
1269 1317 1330 1372 τὸ
1386 1322 1508 1392 πῦρ,
1574 1315 1782 1394 ψυχρὸν
1839 1315 1926 1370 καὶ

275 1409 485 1486 μέλανα
516 1407 641 1464 ὄντα
670 1409 759 1464 τὸν
789 1401 1025 1480 σιδηρον,
1057 1411 1124 1480 τῇ
1156 1413 1286 1484 πρὸς
1342 1405 1498 1460 ἑαυτὸ
1551 1403 1735 1460 ἑνώσει
1786 1403 1924 1482 ἀφο-

275 1499 458 1574 μοιοῖ⁶
517 1498 657 1555 οὕτω
703 1498 788 1553 καὶ
824 1497 952 1558 Θεὸς
1013 1494 1078 1550 τὰ
1111 1492 1194 1549 διὰ
1224 1493 1454 1556 πίστεως
1485 1491 1742 1548 ἑνωθέντα
1787 1492 1924 1571 ἀφο-

273 1601 431 1664 μοιοῖ
460 1588 598 1645 κατὰ
627 1590 732 1641 τῶν
775 1584 995 1642 ίκάστου
1053 1585 1183 1662 πρὸς
1239 1582 1428 1640 θέωσιν
1485 1581 1925 1659 ἐπιτηδειότητα,

270 1678 450 1741 καθὼς
513 1679 540 1732 ὁ
595 1675 898 1744 ἐπιστήθιος
955 1674 1042 1729 καὶ
1089 1670 1443 1750 ἡγαπημὲνος
1500 1673 1556 1726 ἒν
1609 1684 1727 1733 τοῖς
1770 1670 1926 1732 θείοις

271 1763 620 1844 Εὒαγγελίοις
675 1761 904 1829 διέξεισι·
963 1763 1050 1818 καὶ
1111 1764 1138 1818 ὁ
1199 1761 1294 1836 μὲν
1351 1760 1611 1840 ἱεράρχης
1665 1758 1927 1837 δσημίραι

268 1863 438 1912 ταῦτα
467 1857 558 1912 καὶ
585 1854 650 1911 τὰ
679 1859 896 1910 τοιαῦτα
925 1852 1202 1929 κηρύττει.

356 1950 483 2020 δη.
519 1936 578 2002 ’0
609 1942 664 1998 δὲ
710 1943 808 2009 τὴν
866 1941 1234 2019 ὒπερκοσμίων
1300 1939 1582 2015 μετουσίαν
1641 1937 1928 2016 ἀγαπήσας

274 2031 643 2104 ἀῦτεξουσίως,
702 2032 790 2088 καὶ
849 2031 925 2104 μὴ
987 2029 1038 2095 ἐξ
1095 2027 1333 2108 ἀνάγκης
1374 2031 1518 2091 τινὸς
1552 2029 1805 2105 βιασθεὶς,
1837 2034 1932 2098 ζη-

273 2125 445 2192 τήσας
494 2119 786 2200 ἀνάδοχον,
836 2121 922 2175 καὶ
983 2120 1169 2200 εὑρὼν,
1220 2119 1390 2174 πείθει
1440 2119 1597 2174 αὒτὸν
1627 2116 1929 2195 ἡγήσασθαι

273 2212 448 2286 τούτῳ
503 2216 605 2277 τῆς
662 2211 793 2287 πρὸς
852 2211 940 2265 τὸν
973 2210 1231 2288 ἷεράρχην
1284 2206 1422 2268 ὁδοῦ⁸
1461 2205 1844 2286 ἐπογγέλλεται
1876 2204 1929 2262 δὲ

273 2299 758 2370 κατακολουθήσειν
815 2300 995 2378 αὐτὸς,
1054 2300 1229 2360 καθὼς
1279 2299 1366 2354 καὶ
1403 2297 1455 2353 ἐν
1487 2305 1564 2372 τῷ
1591 2297 1740 2372 νόμῳ
1769 2296 1930 2374 εἴρη-

278 2406 388 2447 ται⁶
444 2391 601 2449 Κατά
652 2389 825 2446 πάντα
881 2387 1212 2463 ἀκουσόμεθα
1241 2392 1426 2466 φωνῆς
1486 2388 1697 2466 Κυρίου.
1735 2379 1791 2444 ’0
1850 2384 1928 2460 δὲ,

274 2481 486 2557 πρῶτον
549 2479 648 2554 μὲν
700 2479 927 2543 ἀκούσας
985 2477 1082 2546 τήν
1135 2474 1434 2556 ἀναδοχὴν,
1499 2477 1588 2532 γαῖ
1619 2473 1930 2550 ἀποϐλέψας

272 2568 416 2625 ἔνθεν
475 2569 576 2643 μὲν
632 2569 701 2623 τὸ
749 2575 841 2626 τοῦ
891 2567 1198 2644 πράγματος
1239 2565 1396 2644 ὕψος,
1429 2565 1630 2621 ἐκεῖθεν
1661 2563 1716 2621 δὲ
1747 2567 1807 2620 τὸ
1836 2567 1928 2623 εὖ·

271 2661 626 2737 περίτρεπτον
681 2659 786 2712 τῶν
845 2656 1156 2734 ἀνθρώπων,
1220 2655 1418 2732 φρίττει
1476 2656 1562 2710 καὶ
1620 2655 1926 2734 ἀμηχανεϊ,

267 2745 618 2824 λογιζόμενος
678 2749 738 2802 τὸ
767 2751 856 2802 τοῦ
886 2745 1198 2823 πράγματος
1230 2741 1505 2822 δυσχερὲς,
1543 2742 1660 2823 (ὅρα
1709 2743 1789 2822 δὲ,
1847 2741 1927 2798 ὅτι

269 2839 358 2894 καὶ
417 2840 597 2916 οὗτος,
656 2836 768 2892 ἐπεὶ
829 2837 1015 2899 πιστὸς
1067 2835 1239 2908 ἐστιν,
1301 2833 1393 2913 ἐρᾷ
1449 2834 1547 2902 τῆς
1579 2835 1672 2889 τοῦ
1702 2831 1928 2900 πλησίων

271 2926 568 3005 σωτηρίας,
635 2927 808 2988 καθὼς
865 2926 954 2981 καὶ
1010 2925 1037 2980 ὁ
1093 2925 1379 3003 ἱεράρχης,
1441 2923 1580 2978 κατὰ
1645 2923 1744 2990 τὴν
1802 2923 1928 3000 πρὸς

271 3021 402 3075 Θεὸν
465 3018 848 3097 ἀφομοῖωσιν,)
909 3015 1058 3091 ὅμως
1130 3013 1186 3070 δὲ
1244 3016 1380 3071 κατά
1430 3015 1528 3082 τὴν
1585 3021 1678 3070 τοῦ
1733 3014 1929 3092 ἀγαθοῦ

275 3115 409 3167 Θεοῦ
439 3107 770 3187 ἀφομοίωσιν
799 3112 894 3162 τοῦ
922 3105 1123 3170 πάντας
1182 3103 1604 3184 ἀναδεχομένου,
1663 3102 1926 3182 ὁμολογεῖ

2005 582 2074 626 se
2103 565 2385 645 ingerens
2419 587 2433 646 ;
2471 577 2529 630 et
2558 567 2757 629 Nadab
2806 576 2865 631 et
2896 567 3118 650 Abiud,
3158 571 3475 652 peregrino
3510 570 3647 651 igne

2004 653 2316 717 incensum
2340 655 2891 729 adolentes,eodem
2915 677 3151 739 quoque
3172 658 3641 723 combustisunt.

2581 762 2660 823 ΙΙ.
2696 763 3043 840 Mysterium
3057 808 3072 823 .

2089 864 2116 935 §
2150 859 2194 920 Ι.
2227 859 2557 923 Hierarcha
2608 861 2730 924 Deo
2757 861 2970 924 similis
2998 863 3245 926 etl’ectus
3275 865 3480 928 volens
3502 885 3649 948 quo-

2010 968 2128 1027 que
2147 949 2372 1012 salvare
2394 969 2623 1026 omnes,
2649 962 2704 1013 et
2729 951 2800 1011 ad
2825 953 3186 1030 agnitionem
3211 955 3646 1019 venireverita-

2012 1042 2111 1114 tis,
2145 1039 2299 1100 clara
2327 1059 2470 1102 voce
2501 1041 3156 1122 prmdicatEvangelia:
3196 1045 3489 1124 quomodo
3548 1047 3646 1106 ni-

2013 1128 2230 1190 mirum
2261 1130 2439 1198 Deus.
2475 1149 2545 1192 ex
2580 1131 2818 1212 propria
2877 1143 3073 1194 motus
3129 1131 3408 1208 bonitate,
3472 1134 3647 1197 nobis

2009 1237 2247 1299 semper
2277 1218 2572 1299 propitius
2601 1221 2914 1294 exsistens,
2949 1240 3214 1302 eousque
3246 1226 3446 1298 etiam,
3473 1233 3534 1284 ut
3570 1225 3645 1286 ad

2010 1326 2119 1369 nos
2141 1310 2344 1370 venire
2393 1329 2460 1371 ac
2508 1328 2748 1371 carnem
2795 1329 3100 1372 assumere
3143 1311 3418 1389 dignatus
3446 1313 3537 1375 sit.
3575 1313 3648 1375 Et

2009 1398 2162 1459 sicut
2193 1398 2342 1474 ignis
2371 1398 2644 1477 frigidum
2672 1399 3026 1481 nigrumque
3058 1400 3272 1461 ferrum
3303 1409 3518 1464 unione
3543 1422 3649 1466 sua

2012 1485 2129 1548 sibi
2158 1487 2353 1549 simile
2376 1489 2576 1551 reddit
2605 1507 2620 1563 ;
2651 1490 2735 1550 sic
2754 1489 2932 1551 etiam
2962 1489 3116 1552 Deus
3141 1509 3244 1570 per
3286 1492 3460 1554 [idem
3483 1493 3645 1554 unita

2012 1575 2124 1636 sibi
2155 1576 2373 1638 similia
2405 1578 2939 1653 efﬁcit,secuudum
2973 1580 3262 1661 cujusque
3291 1580 3364 1642 ad
3402 1579 3646 1644 deiﬁca-

2013 1663 2236 1728 tionem
2269 1667 2686 1746 aptitudinem,
2725 1677 2897 1749 prout
2917 1669 3168 1731 dilectus
3199 1669 3298 1731 ille
3328 1671 3427 1750 qui
3450 1670 3516 1732 in
3532 1689 3642 1750 po-

2013 1765 2176 1816 ctore
2204 1755 2477 1819 recubuit
2509 1757 2568 1818 in
2600 1758 2818 1821 divinis
2853 1758 3174 1838 Evangeliis
3196 1759 3548 1824 declaravit:
3584 1767 3642 1823 et

1948 1838 1988 1889 Β
2013 1843 2250 1925 quidem
2282 1846 2560 1908 sacerdos
2589 1848 2714 1908 haec
2737 1857 2792 1909 et
2816 1848 3034 1910 similia
3056 1850 3315 1929 quotidie
3337 1850 3638 1927 praedicat.

2093 1939 2119 2010 §
2142 1933 2212 1997 ll.
2233 1934 2416 1996 Porro
2439 1936 2538 2016 qui
2565 1938 3110 2017 supermundalium
3138 1939 3646 2020 participationem

2013 2021 2206 2085 libere
2236 2032 2418 2101 amat,
2455 2033 2515 2086 et
2547 2043 2663 2086 non
2689 2044 2756 2086 ex
2781 2025 3138 2088 necessitate
3168 2027 3362 2108 aliqua
3385 2035 3648 2102 coactus,

2014 2122 2423 2194 susceptorem
2450 2115 2681 2193 quaerit,
2704 2123 2762 2174 et
2793 2115 3469 2197 invenit,persuadetilli
3491 2127 3555 2180 ut
3574 2115 3650 2178 ad

2015 2201 2386 2266 hierarcham
2437 2221 2502 2264 se
2544 2203 2893 2266 manuducat
2921 2227 2933 2268 :
2959 2205 3087 2284 ipse
3112 2215 3306 2268 autem
3340 2205 3553 2287 recipit
3581 2224 3648 2267 se

2014 2290 2182 2353 illum
2224 2301 2594 2366 secuturum,
2647 2293 3142 2374 quemadmodum
3167 2295 3227 2355 iu
3260 2295 3388 2373 lege
3424 2295 3646 2357 dictum

2014 2400 2098 2448 est
2122 2407 2138 2446 :
2169 2393 2470 2448 Seiundum
2500 2393 2684 2448 omnia
2711 2393 2988 2450 audiemus
3011 2408 3184 2449 vocem
3213 2391 3498 2450 Domini“.
3545 2395 3650 2451 Hic

2015 2473 2270 2553 primum
2296 2472 2538 2554 quidem
2563 2472 2812 2535 audiens
2833 2473 3300 2553 ﬁdejussiouem,
3327 2484 3387 2536 et
3419 2492 3646 2555 expen-

2012 2571 2153 2628 deus
2185 2571 2319 2628 hinc
2340 2571 2571 2642 quidem
2595 2571 2677 2628 rei
2707 2571 3121 2637 celsitudinem,
3146 2571 3280 2630 inde
3311 2575 3484 2629 180
3515 2587 3650 2630 vero

2011 2651 2318 2713 hominum
2353 2652 2838 2729 mutabilitatem,
2857 2653 3060 2715 horret
3088 2671 3154 2714 ac
3179 2653 3416 2732 refugit,
3443 2652 3653 2714 consi-

2014 2741 2230 2804 derans
2261 2741 2348 2803 rei
2383 2741 2788 2804 difﬁcultatem
2815 2742 3094 2818 (observa
3113 2740 3649 2823 autem,quomodo

2015 2830 2191 2893 etiam
2225 2831 2316 2892 hic
2349 2850 2484 2893 cum
2517 2831 2708 2894 ﬁdelis
2739 2831 2836 2912 sit,
2872 2831 3122 2912 proximi
3163 2832 3412 2894 salutem
3468 2838 3649 2907 amet,

2011 2921 2097 2984 uti
2117 2929 2178 2983 et
2202 2920 2503 2996 sacerdos,
2529 2921 2600 2983 ad
2625 2921 2731 2982 Dei
2755 2921 3232 3001 similitudinem)
3259 2921 3653 2983 nihilominus

2011 3011 2338 3071 secundum
2376 3010 2512 3073 boni
2548 3011 2653 3074 Dei
2683 3019 2928 3076 cunctos
2958 3011 3333 3091 suscipientis
3353 3009 3637 3072 similitu-

2011 3101 2241 3180 dinem,
2267 3101 2561 3180 promittit
2595 3117 2659 3162 se
2687 3100 2960 3182 petitioni
2991 3101 3447 3178 satisfacturum,
3476 3108 3653 3182 atque

277 3199 530 3267 ποιήσειν
562 3198 624 3254 τὸ
652 3197 892 3272 αἰτηθὲν,
925 3196 1010 3253 καὶ
1037 3195 1127 3251 σὺν
1188 3194 1333 3269 αὖτῷ
1390 3191 1787 3269 καταλαμϐάνει
1846 3193 1927 3249 τὸε.

2020 3207 2135 3251 una
2167 3176 2297 3251 cum
2327 3189 2429 3251 illo
2462 3176 2835 3252 hierarcham
2871 3189 3013 3256 adit.

274 3291 560 3368 ιεράρχηνο

358 3377 387 3457 §
416 3388 514 3439 Ill.
568 3368 626 3436 ’0
678 3375 754 3452 δὲ,
793 3377 912 3453 μετ’
943 3378 1260 3457 εὐφροσύνης
1291 3379 1364 3439 ὡς
1396 3375 1481 3432 ἐπ’
1511 3373 1674 3450 ὤμων
1705 3375 1766 3430 τὸ
1793 3371 1936 3430 ἀπο-

277 3467 459 3530 λωλὸς
515 3465 779 3544 πρόϐατον
836 3465 1197 3543 εἷσδεξάμενος
1227 3466 1332 3522 ἀπὸ
1363 3467 1466 3522 τῶν
1499 3464 1721 3543 ἀνδρῶν,
1755 3469 1847 3521 τοῦ
1878 3482 1932 3519 τε

289 3555 562 3636 ἀιθαδόχου
593 3554 736 3633 λέγω
764 3557 850 3612 καὶ
879 3563 970 3612 τοῦ
1001 3555 1406 3633 προσελθόντος,
1450 3555 1814 3634 ηὐχαρίστησε
1859 3553 1934 3626 τῷ

293 3653 406 3721 Θεῷ
437 3651 633 3722 νοερῶς
663 3647 755 3702 καὶ
781 3643 1155 3720 σωματοειδώς
1203 3643 1288 3702 διὰ
1334 3644 1770 3722 προσκυνῄσεως,
1818 3648 1934 3707 Πῶς

281 3733 334 3790 δὲ
392 3736 481 3791 καὶ
536 3737 642 3790 ἀπὸ
693 3741 797 3790 τῶν
829 3733 916 3791 δύο
946 3737 1036 3791 τὸν
1069 3734 1421 3811 προσελθόντα
1452 3731 1768 3812 ἀναδέχεται
1805 3750 1822 3807 ;
1853 3732 1932 3794 ὃτι

279 3826 305 3880 ὃ
337 3825 443 3899 μὲν
476 3821 740 3903 ἀνάδοχος
794 3823 1077 3903 προσφέρει
1131 3833 1338 3902 τοῦτον,
1400 3824 1554 3886 αὐτὸς
1587 3821 1639 3876 δὲ
1673 3821 1931 3899 προσάγει

278 3915 360 3969 καὶ
427 3913 720 3992 ἔγχειρίζει
781 3915 988 3988 ἑαυτὸν,
1054 3913 1192 3970 ὥστε
1253 3915 1285 3981 ἡ
1346 3913 1444 3989 μὲν
1499 3909 1798 3991 προσένεξις
1840 3911 1928 3967 καὶ

275 4003 596 4081 αμφοτέρων
609 4043 625 4060 .

354 4096 383 4167 §
410 4092 512 4153 IV.
540 4090 680 4148 Εἶτα
702 4089 903 4154 πάντας
928 4092 1048 4156 τοὺς
1071 4098 1160 4148 τοῦ
1180 4090 1378 4167 κλήρου
1404 4089 1643 4171 (τούτους
1665 4090 1763 4168 γὰρ
1784 4089 1926 4168 λέγει

272 4183 418 4252 ἱερὰν
450 4178 841 4258 διακόσμησιν)
875 4180 957 4259 ἐφ’
1015 4181 1058 4255 ᾧ
1091 4182 1177 4237 καὶ
1236 4183 1597 4259 συνεργήσουσι
1653 4182 1737 4237 καὶ
1798 4201 1924 4240 συν-

273 4272 604 4349 εορτάσωσι,
682 4267 1053 4346 συγκαλεϊται,
1125 4271 1214 4326 καὶ
1270 4271 1432 4345 ὕμνον
1487 4271 1603 4328 τι·ιὰ
1661 4269 1927 4348 ἱερολογεϊ

275 4359 336 4416 ἐκ
371 4367 479 4416 τῶν
508 4359 662 4414 θείων
694 4357 910 4435 λογίων.
949 4361 1256 4433 Σημείωσαι
1307 4361 1430 4438 γὰρ,
1495 4358 1574 4415 ὅτι
1628 4358 1688 4414 ἐκ
1747 4360 1925 4424 πάσης

274 4455 372 4516 τῆς
400 4453 546 4526 ἱερᾶς
574 4453 789 4526 Γραφῆς
816 4445 1033 4504 δυνατὸν
1063 4448 1226 4522 ὕμνον
1280 4449 1593 4528 προσφέρειν
1649 4451 1726 4521 τῷ
1784 4453 1923 4527 Θεῷ,

2099 3373 2126 3444 §
2153 3367 2256 3433 IIl.
2292 3368 2401 3432 Hic
2431 3388 2568 3432 vero
2590 3386 2722 3434 cum
2757 3369 2964 3433 latitia
2983 3370 3138 3432 viros
3154 3369 3323 3452 istos,
3342 3377 3655 3451 suscepto-

2017 3475 2144 3519 rem
2179 3457 2414 3540 inquam
2441 3467 2499 3522 et
2526 3459 2935 3536 accedentem,
2972 3466 3138 3540 quasi
3159 3479 3327 3524 ovem
3364 3461 3655 3540 perditam

2020 3555 2080 3614 in
2106 3555 2375 3614 humeros
2396 3559 2926 3629 accipiens,gralias
2949 3561 3064 3632 agit
3086 3560 3199 3617 Deo
3221 3560 3460 3630 spiritali
3483 3558 3656 3616 simul

2017 3644 2079 3699 et
2110 3638 2404 3717 corporali
2434 3639 2802 3700 adoratione.
2838 3637 2953 3701 Sed
3002 3639 3300 3718 quomodo
3353 3657 3385 3700 e
3417 3637 3656 3700 duobus

2018 3743 2150 3786 eum
2181 3726 2280 3806 qui
2304 3726 2536 3788 accedit
2557 3726 2856 3808 suscipit?
2878 3728 3014 3807 quia
3035 3727 3318 3789 nimirum
3347 3727 3664 3804 ﬁdejussor

2015 3814 2258 3893 quidem
2293 3815 2483 3894 ipsum
2515 3817 2705 3891 offert,
2759 3816 2887 3896 ipse
2927 3833 3069 3878 vero
3093 3816 3474 3896 semetipsum
3499 3815 3652 3877 sistit

2013 3922 2080 3966 ac
2104 3904 2319 3980 tradit;
2351 3905 2428 3966 ita
2454 3914 2512 3966 ut
2543 3905 2878 3968 conciliatio
2919 3907 3098 3969 etiam
3131 3907 3203 3967 sit
3233 3913 3646 3986 utrorumque.

2093 4089 2121 4165 Ξ
2145 4082 2602 4149 IV.Universum
2619 4085 2834 4147 exinde
2851 4084 3076 4148 clerum
3094 4068 3400 4165 (hosenim
3421 4102 3646 4146 sacram

2009 4173 2759 4257 appellatdispositionem)
2798 4195 2934 4236 cum
2975 4185 3041 4238 ut
3072 4183 3491 4255 cooperentur,
3525 4182 3649 4237 tum

2009 4276 2074 4328 ut
2090 4263 2602 4342 congratulentur,
2624 4276 2928 4341 convocat,
2955 4273 3011 4327 et
3038 4284 3068 4326 e
3090 4263 3306 4329 divinis
3323 4263 3648 4343 Scripturis

2009 4355 2289 4435 hymnum
2306 4353 2562 4433 aliquem
2595 4355 2773 4418 canit.
2809 4357 3269 4426 Notaautem,ex
3295 4352 3455 4415 omni
3486 4369 3652 4414 sacra

2009 4443 2322 4524 Scriptura
2347 4459 2520 4522 posse
2546 4442 2827 4521 hymnum
2851 4463 2956 4506 seu
2984 4445 3216 4505 laudem
3259 4443 3456 4504 otierri
3501 4443 3647 4516 Deo,

275 4541 334 4596 οὗ
367 4537 478 4612 μὴν
507 4536 568 4592 ἐκ
601 4535 766 4611 μόνου
793 4545 883 4594 τοῦ
915 4535 1224 4615 Ψαλτῆρος’
1260 4537 1296 4606 ἢ
1329 4538 1425 4604 τὴν
1455 4535 1597 4612 ᾠδὴν
1637 4535 1770 4599 ἴσως
1803 4543 1920 4592 Μα-

2020 4542 2067 4595 et
2085 4551 2202 4592 non
2227 4550 2294 4592 ex
2319 4529 2443 4590 solo
2471 4531 2757 4592 Psalterio
2789 4553 2804 4609 ;
2837 4533 2927 4596 vel
2961 4533 3253 4594 canticum
3277 4532 3429 4593 forte
3453 4529 3651 4592 Neria;

277 4628 388 4704 ρίας
451 4631 548 4692 τῆς
611 4623 841 4705 ἀδελφῆς
906 4626 1190 4699 Μωυσέως,
1257 4625 1502 4701 ’ᾼσωμεν
1557 4631 1634 4699 τῷ
1667 4627 1858 4703 Κυρίῳ·
1890 4625 1925 4694 ἦ

277 4717 368 4770 τὸν
425 4712 515 4792 λγ¹
577 4715 814 4795 ψαλμὸν,
875 4714 911 4783 ἢ
971 4715 1059 4771 καὶ
1118 4715 1276 4794 μέρος
1333 4713 1541 4789 τούτου,
1604 4714 1924 4793 Προσὲλθετε

278 4805 408 4880 πρὸς
469 4802 652 4877 αὒτὸν,
721 4805 808 4859 καὶ
859 4803 1178 4885 φωτίσθητε.
1252 4805 1346 4862 Καὶ
1402 4807 1538 4878 μετὰ
1599 4811 1778 4882 ταῦτα,
1829 4806 1926 4872 τὴν

278 4895 418 4972 ἱερὰν
449 4890 820 4968 ἀσπαζόμενος
880 4893 1166 4972 τράπεζαν,
1231 4891 1418 4969 ἔξεισι,
1467 4895 1552 4952 καὶ
1610 4893 1923 4952 πυντάθεται

281 4984 354 5046 εἰς
381 4983 445 5038 τὸ
477 4985 672 5056 μαθεῖν
704 4981 826 5060 παρ’
860 4983 1039 5059 αὐτοῦ,
1071 4984 1119 5039 τί
1147 4982 1467 5061 βουλόμενος
1498 4986 1642 5055 ἥκοι.

362 5073 392 5148 ξ
424 5071 504 5135 ν.
540 5077 644 5129 Τοῦ
699 5068 778 5151 δὲ,
839 5072 975 5128 κατά
1033 5072 1134 5140 τὴν
1167 5073 1488 5151 ἐπαγγελίαν
1516 5073 1607 5130 τοῧ
1635 5071 1922 5154 ἀναδόχου,

281 5159 786 5238 μετακλαυσαμὲνου
815 5162 908 5217 τὸν
939 5161 1196 5240 πρότερον
1239 5161 1444 5220 ἐκεῖνον
1498 5163 1582 5219 καὶ
1611 5161 1761 5219 ἄθεον
1815 5165 1926 5241 βίον

283 5251 461 5328 αὗτοῦ,
495 5245 762 5314 ἀξιοῦντός
795 5271 854 5306 τε
885 5262 1073 5331 τυχεῖν
1102 5259 1195 5310 τοῦ
1229 5257 1360 5308 Θεοῦ
1396 5248 1466 5307 δι’
1494 5250 1672 5326 αὒτοῦ,
1723 5253 1925 5327 μαρτύ-

280 5361 424 5416 ρεται
457 5338 558 5412 μὲν
590 5339 756 5410 αὐτῷ,
791 5340 948 5396 ὁποία
1009 5339 1204 5419 ὸφείλει
1267 5340 1408 5396 εἶναι
1458 5341 1493 5408 ἡ
1559 5340 1928 5424 προσέλευσις,

281 5426 361 5483 ὅτι
393 5425 590 5486 ὁλικῶς
620 5427 707 5481 καὶ
739 5426 789 5492 ἐξ
819 5426 949 5494 ὅλης
978 5432 1163 5507 ψυχῆς
1196 5429 1280 5484 καὶ
1320 5427 1611 5506 παντελής,
1671 5429 1784 5487 ἐπεὶ
1845 5433 1930 5487 καὶ

282 5517 310 5572 ὁ
342 5517 473 5594 πρὸς
505 5517 565 5571 ὃν
593 5515 628 5583 ἡ
661 5515 1026 5596 προσέλευσις,
1058 5516 1363 5582 παντέλειός
1388 5517 1498 5575 ἐστι
1529 5520 1618 5576 καὶ
1672 5518 1924 5600 ἄμωμος,

359 5680 405 5722 ν·
435 5673 624 5744 Exod.
656 5690 780 5763 xu,
810 5675 848 5740 8
879 5695 897 5765 5
930 5692 1089 5767 xxxv,
1122 5678 1185 5756 3,
1218 5677 1285 5748 7.

2007 4619 2230 4684 sororis
2259 4619 2516 4698 Moysis:
2547 4619 2864 4685 Cantemus
2893 4623 3149 4684 Domino
3182 4639 3203 4699 ;
3229 4621 3318 4683 vel
3353 4619 3650 4701 psalmum

2009 4709 2379 4774 tricesimum
2405 4708 2665 4785 tertium,
2693 4717 2794 4772 aut
2817 4713 2946 4792 ejus
2965 4720 3222 4793 partem:
3257 4709 3544 4772 Accedite
3574 4707 3654 4770 ad

2009 4819 2168 4875 eum,
2201 4807 2260 4861 et
2289 4797 2757 4861 illuminamini.
2794 4803 2863 4860 Et
2899 4813 3029 4882 post
3055 4802 3178 4863 [nec
3203 4817 3434 4861 sacrum
3467 4797 3656 4860 altare

2010 4890 2308 4953 osculatus
2334 4887 2728 4967 egreditur,et
2749 4890 3103 4972 sciscitatur,
3129 4899 3197 4952 ut
3222 4888 3296 4951 ab
3329 4907 3400 4950 eo
3425 4887 3654 4950 intelli-

2011 4987 2127 5061 gat,
2163 4977 2377 5059 ecquid
2413 4977 2658 5057 petitum
2685 4979 2904 5042 veniat.

2091 5069 2209 5145 §V.
2244 5066 2376 5148 Ipso
2407 5075 2628 5143 autem,
2657 5069 2826 5148 juxta
2858 5077 3218 5150 praeceptum
3263 5069 3649 5147 susceptoris,

2012 5158 2270 5239 priorem
2295 5155 2456 5216 illam
2483 5173 2550 5217 ac
2567 5155 2671 5218 Dei
2687 5168 2982 5220 exsortem
3000 5159 3172 5220 vitam
3188 5157 3559 5237 deplorante,
3585 5172 3654 5215 ac

2014 5265 2121 5332 per
2147 5263 2283 5308 eum
2309 5243 2416 5306 Dei
2441 5254 2778 5308 consortem
2825 5247 2952 5310 ﬁeri
2997 5246 3356 5329 postulante,
3407 5249 3656 5332 testatur

2011 5331 2120 5418 ipsi
2157 5332 2351 5415 qualis
2374 5350 2505 5394 esse
2529 5333 2746 5396 habeat
2777 5336 3063 5410 accessio,
3101 5351 3314 5414 nempe
3347 5331 3568 5408 totalis,
3595 5335 3655 5389 et

2013 5445 2080 5489 ex
2107 5431 2228 5488 tota
2253 5421 2471 5492 anima,
2492 5431 2548 5483 et
2572 5423 2814 5486 omnino
2840 5428 3124 5506 perfecta,
3147 5443 3276 5485 cum
3301 5423 3352 5482 is
3373 5420 3444 5481 ad
3469 5434 3644 5498 quem

2009 5512 2338 5595 acceditur,
2372 5528 2619 5601 prorsus
2649 5531 2888 5603 quoque
2907 5514 3208 5598 perfectus
3237 5513 3312 5577 sit
3341 5519 3404 5577 et
3429 5509 3645 5572 imma-
