4028 6192
3713 61 3718 70 ι
3767 37 3854 124 -

426 325 544 407 415
1586 343 1648 407 s.
1695 342 2043 408 DIONYSII
2093 342 2627 410 AREOPAGITIE.
3427 405 3432 414 .
3662 345 3768 418 416

427 473 676 566 culatus:
710 482 849 540 tunc
877 474 1035 540 enim
1066 474 1218 566 forte
1238 492 1357 538 non
1386 476 1580 540 totalis
1607 486 1764 541 esset
1792 477 2056 554 dilectio,

2152 481 2263 539 τότε
2293 481 2391 560 γὰρ
2419 484 2586 561 τυχὸν
2619 485 2721 566 οὔχ
2751 479 2907 551 ὁλικὴ
2937 480 3138 561 ἐγίνετο
3171 477 3232 539 ἂν
3258 482 3294 552 ἠ
3340 481 3634 566 ἀγάπησις,
3686 487 3769 544 εἴ-

423 564 611 628 sicubi
669 567 996 635 secundum
1046 565 1183 647 quid
1233 568 1304 642 is,
1358 567 1432 629 ad
1464 587 1640 648 quem
1672 569 1939 631 accessio
1971 569 2056 650 fit,

2152 593 2242 627 που
2297 572 2432 627 κατὰ
2477 595 2526 628 τι
2561 575 2590 629 6
2623 564 2754 652 πρός
2787 575 2845 629 ὃν
2875 575 2910 642 ἡ
2942 570 3291 650 προσέλευσις
3322 564 3632 637 παντέλειὸς
3665 576 3767 634 ἐστι

423 655 722 736 perfectus
747 663 902 717 esset
935 663 989 717 et
1021 656 1451 731 immaculatus,
1479 658 1636 738 quod
1673 677 1791 720 non
1824 667 2056 721 vacaret

2152 661 2230 715 καὶ
2260 659 2504 736 ἄμωμος,
2540 664 2600 718 τὸ
2625 663 2928 743 ἐπίμομφον
2986 662 3175 741 εἶχεν.
3236 660 3379 720 "Eri
3434 660 3490 718 δὲ
3523 665 3609 720 καὶ
3637 663 3770 730 ὅπως

419 744 913 826 reprehensione.
949 743 1036 807 Ad
1058 745 1186 808 hac
1216 764 1378 823 vero,
1406 755 1717 827 postquam
1741 746 1935 829 ipsum
1963 747 2056 807 in-

2152 746 2341 826 8ιάγειν
2385 751 2472 806 καὶ
2526 750 2889 809 πολιτεύεσθαι
2946 752 3387 832 ὗρηγησάμενος,
3443 755 3531 809 καὶ
3586 776 3772 832 προσε-

423 835 629 896 struxit
657 833 959 911 quomodo
989 833 1161 896 vitam
1189 853 1366 914 agere
1395 855 1462 897 ac
1487 835 1799 899 instituere
1821 835 2056 910 debeat,

2152 839 2409 915 ρωτήσας,
2444 840 2580 914 μετὰ
2610 841 2708 908 τὴν
2737 841 3023 919 ὁμολογίαν
3058 840 3282 920 ἐκείνου,
3313 843 3435 896 τότε
3465 842 3563 910 τὴν
3624 856 3775 921 χεῖρα

420 931 478 984 et
528 921 933 1004 interrogavit,
1001 934 1132 1004 post
1188 925 1663 1006 astipulationem
1723 927 1853 1006 ejus
1885 925 2056 1004 capiti

2152 934 2209 1004 τῇ
2266 927 2473 1007 κεφαλῇ
2532 929 2817 1008 ἐπιτίθησι,
2895 932 2982 986 καὶ
3039 928 3244 986 κελεύει
3301 941 3421 993 τοῖς
3477 928 3568 986 ὑπ’
3632 934 3774 988 αὑτὸν

423 1029 664 1075 manum
687 1011 944 1093 imponit
966 1013 1336 1094 subditisque
1357 1014 1472 1078 sibi
1497 1015 1908 1078 sacerdotibus
1937 1016 2056 1077 dia-

2152 1016 2509 1095 πρεσκυτέροις
2564 1020 2652 1076 καὶ
2713 1018 2978 1084 διακόνοις
3029 1022 3087 1076 ἒν
3145 1017 3349 1082 δέλτοις
3408 1022 3579 1098 ἱεραῖς
3639 1020 3772 1078 ἀπο·

424 1101 708 1182 conisque
738 1104 994 1177 mandat,
1031 1104 1170 1165 utin
1203 1123 1403 1166 sacras
1427 1105 1654 1168 tabulas
1678 1107 1922 1168 nomina
1955 1124 2056 1168 re-

2152 1107 2438 1185 γράψασθαι
2503 1108 2565 1165 τὰ
2635 1109 2894 1183 ὀνόματα,
2955 1115 3047 1165 τοῦ
3115 1129 3172 1164 τε
3243 1107 3629 1186 προσελθόντος
3696 1110 3774 1168 καί

423 1191 615 1254 ferant
645 1200 759 1254 tam
813 1193 1150 1256 accedenlis
1199 1213 1374 1274 quam
1431 1196 1822 1276 susceptoris.
1884 1195 2056 1258 Hunc

419 1289 614 1342 autem
645 1283 915 1344 existimo
945 1301 1076 1345 esse
1109 1282 1327 1344 librum
1360 1286 1703 1349 viventium.

501 1370 649 1448 §Vl.
685 1370 991 1453 Completa
1020 1372 1238 1435 deinde
1267 1391 1448 1453 super
1475 1374 1601 1456 ipso
1628 1393 1746 1436 una
1766 1394 1897 1437 cum
1927 1378 2058 1440 aliis

425 1460 712 1536 oratione,
768 1463 955 1540 ipsum
1015 1463 1195 1541 exuit,
1257 1463 1432 1525 unica
1480 1465 1786 1540 nimirum,
1839 1473 1897 1527 et
1938 1486 2056 1530 non

422 1553 584 1614 omni
614 1559 800 1626 veste;
833 1551 1045 1614 exinde
1075 1561 1337 1614 statuens
1383 1571 1520 1615 eum
1555 1554 1627 1615 ad
1661 1555 2055 1633 occidentem,

423 1649 512 1702 ter
533 1640 703 1719 jubet
751 1640 1057 1703 insufflare
1107 1644 1360 1716 Satanae,
1396 1652 1452 1704 et
1477 1643 2056 1709 abrenuntiationem

425 1731 712 1811 profiteri,
745 1739 834 1791 ter
855 1740 911 1792 et
937 1732 1063 1811 ipse
1094 1733 1213 1791 181
1247 1741 1630 1806 contestatus;
1653 1735 1927 1813 quoniam
1951 1737 2059 1799 hoc

2083 1755 2172 1836 εἴ

2141 1204 2233 1252 τοῦ
2261 1196 2546 1278 ἀναδόχου,
2579 1205 2752 1255 Ταῦτα
2805 1197 2884 1278 δὲ,
2941 1199 3122 1278 οἶμαι,
3183 1197 3278 1254 εἰσὶ
3318 1198 3385 1256 τὰ
3417 1203 3518 1254 τῶν
3573 1199 3774 1272 ζώντων

2144 1285 2397 1364 δίπτυχα.

2223 1376 2252 1455 §
2287 1377 2381 1434 Vl.
2413 1380 2568 1451 Εῖια,
2602 1375 2998 1456 συμπληρώσας
3028 1389 3146 1442 τοῖς
3180 1376 3361 1440 ἄλλοις
3394 1376 3480 1435 ἐπ’
3511 1378 3655 1453 αὗτῷ
3679 1379 3768 1446 τὴν

2143 1465 2333 1544 εὗχὴν,
2406 1465 2847 1546 ἀπαμφιέννυσιν,
2909 1466 2964 1522 ἓν
3019 1463 3227 1540 ἱμᾶτιον
3283 1465 3556 1548 δηλονότι,
3612 1469 3696 1524 καὶ
3722 1470 3776 1525 οὗ

2141 1560 2314 1610 πᾶσαν
2372 1554 2470 1621 τηδ
2531 1554 2743 1622 ἐσθῆτα·
2808 1559 2929 1611 εἶτα
2987 1554 3305 1633 ἐπιστρέψας
3365 1559 3495 1635 πρὸς
3557 1554 3776 1638 δυσμὰς,

2141 1643 2247 1718 τρὶς
2307 1643 2602 1721 ἐμφυσῆσαι
2662 1651 2738 1715 τῷ
2796 1651 3006 1716 Σατανᾷ
3036 1642 3417 1719 διακελεύεται,
3462 1647 3550 1701 καὶ
3583 1645 3776 1722 ὁμολο-

2177 1737 2303 1797 ἦσαι
2335 1736 2399 1789 τα
2426 1738 2524 1798 τῆς
2556 1733 2854 1809 ἀποταγῆς,
2889 1734 3000 1811 τρὶς
3059 1735 3147 1789 καὶ
3179 1736 3332 1800 αὒτὸς
3360 1735 3774 1812 ματρυρόμενος,

419 1820 587 1882 facis.
620 1819 849 1883 Deinde
875 1821 1147 1882 transfert
1173 1821 1243 1882 ad
1280 1820 1597 1896 orientem,
1634 1824 1872 1903 Deoque
1885 1823 2056 1903 jubet

2152 1820 2219 1876 in
2278 1835 2454 1885 ποιεῖς
2512 1825 2688 1882 τοῦτο.
2727 1824 2862 1879 Εἶτα
2893 1824 3114 1899 μετάγει
3159 1825 3289 1901 πρὸς
3319 1824 3413 1895 ἕω,
3445 1826 3534 1880 καὶ
3563 1830 3643 1897 τῷ
3674 1831 3779 1898 Θεῷ

423 1909 786 1992 consentire,
815 1919 1168 1992 protestatus
1206 1919 1264 1972 et
1293 1909 1390 1973 hic
1422 1910 1642 1992 triplici
1685 1913 2056 1993 professione

423 1999 626 2062 fidem.

500 2088 795 2169 §VIl.Hac
819 2089 1011 2171 itaque
1025 2108 1201 2169 prece
1217 2090 1649 2170 facta,ministri
1667 2091 1836 2172 plane
1860 2091 2050 2172 ipsum

419 2187 662 2253 exuunt,
687 2187 748 2241 ut
766 2198 931 2243 sacro
949 2181 1077 2240 oleo
1103 2183 1435 2258 inungatur.
1460 2180 1608 2242 Dum
1631 2191 1826 2242 autem
1853 2200 2053 2244 sacer-

421 2269 590 2331 dotes
623 2289 757 2332 eum
792 2270 1104 2347 inungunt,
1140 2268 1405 2331 Pontifex
1439 2271 1510 2332 ad
1553 2271 1889 2350 adoptionis
1925 2291 2048 2333 ma-

420 2367 573 2422 trem
605 2359 728 2422 sive
776 2359 1181 2440 baptisterium
1226 2361 1479 2433 accedit,
1526 2360 1869 2440 ibidemque
1917 2381 2051 2425 cum

419 2466 627 2529 aquam
661 2448 987 2530 benedixit,
1011 2459 1187 2527 atque
1209 2450 1479 2512 recitavit
1505 2468 1740 2511 sacrum
1771 2451 2051 2531 hymnum

2140 1909 2341 1966 κελεύει
2401 1910 2764 1983 συνταξασθαι,
2832 1913 3224 1990 μαρτυρόμενος
3286 1914 3549 1972 κὰνταῦτα
3603 1915 3689 1970 ἐπὶ
3715 1921 3779 1990 τῇ

2136 2006 2324 2077 τρισσῇ
2352 1999 2609 2077 ὁμολογίᾳ
2642 2001 2736 2069 τῆς
2783 2003 3033 2064 πίστεως,

2216 2093 2244 2163 §
2291 2089 2414 2150 VII.
2477 2090 2604 2146 Τότε
2666 2088 2787 2166 γοῦν
2851 2090 3156 2165 ενόξαμὲνου,
3220 2089 3416 2155 τελέως
3468 2090 3778 2150 ἀπεκδύθυσι

2134 2185 2318 2234 τοῦτον
2349 2180 2396 2233 οἰ
2424 2177 2736 2256 λειτουργοὶ,
2773 2177 2853 2256 ἐφ’
2885 2183 2930 2253 ᾧ
2959 2183 3247 2257 χρισθῆναι
3278 2182 3338 2235 τὸ
3388 2180 3540 2257 ἅγιον
3575 2180 3774 2240 ἔλαιον.

2139 2270 2251 2325 Τῶν
2280 2275 2401 2344 γοῦν
2432 2267 2610 2344 ἱερέων
2645 2269 2929 2346 χριὸντων,
2965 2270 3117 2333 αὐτὸς
3149 2268 3233 2324 ἐπὶ
3264 2270 3363 2335 τὴν
3420 2269 3632 2348 μητέρα
3680 2276 3770 2337 τῆς

2135 2357 2387 2420 υἱοθεσίας
2443 2358 2541 2422 τὴν
2598 2354 2968 2436 κολυμϐήθραν
3027 2357 3268 2436 ἔρχεται,
3336 2360 3421 2414 καὶ
3484 2361 3544 2414 τὸ
3609 2359 3773 2417 ἐκεῖσε

2137 2445 2360 2524 ἁγιάσας
2413 2443 2570 2521 ὕδωρ,
2635 2447 2722 2502 καὶ
2792 2447 2953 2502 εἰπὼν
3013 2449 3074 2502 τὸ
3131 2449 3266 2525 ἱερὸν
3327 2445 3626 2523 μελῴδημα
3694 2455 3778 2506 τοῦ

420 2539 610 2601 sancti
634 2539 885 2620 Spiritus
914 2541 1040 2619 (qui
1063 2549 1302 2601 sanctus
1329 2539 1582 2619 Spiritus
1606 2550 1694 2600 est
1717 2540 2051 2602 divinorum

2152 2537 2284 2614 ἰγίου
2344 2536 2667 2610 Πνεύματος,
2731 2533 2886 2612 (ὅπερ
2936 2535 3089 2613 ἅγιον
3151 2542 3363 2611 Πνεῦμα
3431 2539 3465 2604 ἡ
3539 2537 3782 2597 ἐπίπνοιᾶ

423 2629 840 2710 prophetarum
866 2629 1198 2710 inspiratio)
1221 2628 1407 2689 virum
1437 2627 1672 2708 accipit.
1699 2628 1829 2690 Non
1857 2641 2054 2692 autem

2152 2629 2249 2682 ἐστι
2305 2627 2410 2681 τῶν
2470 2625 2621 2680 θείων
2674 2623 3013 2704 meantum)
3076 2623 3290 2704 δέχεται
3347 2627 3436 2681 τὸν
3497 2623 3681 2704 ἄνδρα.
3717 2627 3782 2682 05

422 2717 569 2778 dixit
598 2735 830 2778 sacrum
876 2718 1152 2798 hymnum
1211 2717 1543 2777 divinorum
1605 2717 2050 2797 prophetarum,

2152 2717 2238 2794 γὰρ
2296 2717 2356 2772 τὸ
2403 2715 2540 2792 ἱερὸν
2601 2712 2896 2790 μελῴδημα
2956 2721 3061 2769 τῶν
3090 2716 3240 2771 θείων
3271 2721 3557 2795 προφητῶν
3603 2737 3777 2796 φησιν,

422 2825 624 2884 neque
653 2807 813 2867 enim
848 2807 1148 2886 propheta:
1180 2824 1388 2867 omnes
1434 2825 1614 2866 unum
1670 2814 1849 2883 atque
1898 2807 2056 2866 idem

2152 2809 2200 2863 3-3
2254 2805 2354 2881 γὰρ
2412 2803 2605 2866 πάντες
2664 2805 2710 2859 οἱ
2763 2807 3030 2882 προφῆται
3090 2803 3248 2861 εἷπον
3279 2806 3408 2860 αὐτὸ
3435 2805 3498 2860 τὸ
3528 2804 3584 2860 ἓν
3620 2805 3776 2878 ᾆσμαο

423 2895 719 2958 canticum
751 2895 1092 2956 recitarunt.
1122 2895 1434 2957 Estautem
1457 2895 2056 2974 psalmusvicesimus

2152 2895 2252 2950 ἔστι
2309 2891 2360 2948 δὲ
2425 2895 2452 2948 6
2512 2891 2602 2958 κη’
2667 2891 2904 2968 ψαλμὸς’
2971 2893 3133 2958 Φωνὴ
3193 2893 3376 2971 Κυρίου
3407 2894 3630 2951 ἐπὶτῶν
3659 2892 3782 2949 ὑδά-

425 2993 696 3047 octavus:
745 2984 866 3047 Vox
900 2985 1350 3064 Dominisuper
1398 3001 1610 3062 aquas,
1673 2993 1731 3045 et
1762 2984 2054 3047 Alleluia.

2152 3005 2268 3057 των,
2303 2983 2480 3038 καὶτὸ
2509 2979 2861 3047 Ἀλληλούϊα.
2925 2983 3024 3040 Καὶ
3078 2981 3248 3040 πάννα
3306 2982 3394 3039 ἐπ’
3454 2984 3601 3055 αὒτῷ
3637 2983 3782 3063 ἱερῶς

420 3072 648 3146 Quibus
677 3073 956 3136 omnibus
984 3091 1162 3154 super
1192 3077 1321 3154 ipso
1380 3073 1491 3134 rite
1549 3074 1827 3154 peractis,
1891 3093 2056 3137 sacro

2152 3070 2582 3149 διαπραξάμενος,
2634 3078 2710 3144 τῷ
2776 3071 2911 3150 ἀφίῳ
2979 3070 3232 3151 ἐγχορίσας
3306 3072 3472 3150 μύρῳ,
3553 3073 3783 3152 μέτοχον

421 3164 550 3224 oleo
583 3164 919 3234 inunctum,
961 3165 1302 3245 participem
1344 3163 1511 3226 illum
1563 3163 1702 3225 facit
1749 3165 2059 3226 immorta-

423 3253 569 3316 lium
604 3255 1040 3334 mysteriorum.
1074 3253 1201 3316 Non
1252 3261 1479 3334 oportet
1512 3263 1706 3317 autem
1743 3255 1966 3330 mirari,
1999 3256 2062 3332 lsi

425 3351 664 3405 sanctus
687 3343 782 3406 bic
812 3348 982 3408 Pater
1007 3343 1274 3425 quaedam
1311 3343 1383 3405 ab
1416 3343 1626 3404 ordine
1641 3344 1764 3424 jam
1790 3347 1844 3406 in
1863 3347 2060 3409 eccle-

422 3431 528 3495 siis
547 3443 787 3515 recepto
813 3435 1042 3496 diversa
1072 3443 1526 3496 commemoret:
1560 3433 1880 3496 verisimile
1900 3436 2060 3497 enim

434 3531 544 3598 est,
577 3522 700 3585 hinc
731 3543 836 3605 pro
862 3525 968 3586 isto
1001 3525 1289 3604 temporis
1319 3530 1470 3584 statu
1503 3524 1873 3603 congruisse,
1905 3543 2063 3588 nunc

426 3622 620 3676 autem
653 3615 984 3677 accuratius
1013 3615 1173 3678 ﬁeri.

505 3703 810 3780 §Vlll.His
829 3705 1130 3779 absolutis,
1170 3705 1484 3768 hierarcha
1504 3704 1700 3767 denuo
1716 3704 1787 3766 ad
1815 3707 2062 3785 primam

422 3795 980 3865 contemplationem.
1005 3797 1122 3852 sive
1146 3796 1441 3866 mysticam
1457 3794 1926 3864 precationem,id
1947 3805 2050 3860 est,

2147 3165 2303 3221 αὐτὸν
2372 3163 2459 3216 καὶ
2527 3167 2632 3216 τῶν
2705 3161 2975 3218 ἀθανάτων
3031 3163 3332 3239 μυστηρίων
3399 3159 3783 3225 ἀποδείκνυσιν,

2147 3255 2218 3309 Οὔ
2247 3249 2360 3330 χρὴ
2392 3247 2444 3304 δὲ
2475 3252 2781 3324 θαυμάζειν,
2844 3251 2887 3306 εἰ
2947 3251 3089 3328 παρὰ
3145 3251 3243 3317 τὴν
3293 3253 3379 3307 νῦν
3409 3259 3704 3328 κρατοῦσαν
3733 3251 3783 3308 ἐν

2146 3353 2266 3404 ταῖς
2321 3337 2625 3404 ἐκκλησίαις
2682 3338 2852 3418 τάξιν,
2912 3337 3334 3418 παρηλλαγμένα
3393 3339 3537 3419 λέγει
3596 3341 3714 3400 τινὰ
3760 3344 3785 3398 6

2147 3430 2350 3508 Πατήρ·
2413 3429 2552 3490 εἰκὸς
2600 3429 2698 3506 γὰρ
2753 3435 2918 3484 ταῦτα
2975 3428 3155 3506 ἐκείνῃ
3211 3428 3309 3504 μὲν
3337 3435 3406 3506 τῇ
3441 3435 3548 3485 τῶν
3579 3432 3785 3511 χρόνων

2144 3522 2462 3579 καταστάσει
2533 3521 2822 3597 ἁρμόζειν,
2897 3529 2983 3579 νῦν
3069 3520 3122 3576 δὲ
3205 3520 3574 3602 ἀκριϐέστερον
3658 3524 3789 3602 γίνε-

2145 3635 2287 3671 σται.

2223 3706 2250 3777 §
2279 3699 2436 3764 VIII.
2469 3707 2641 3758 Ταῦτα
2668 3699 2887 3764 τελέσας
2919 3704 2946 3756 6
2975 3701 3257 3782 ἱεράρχης,
3286 3701 3370 3758 ἐπὶ
3419 3702 3519 3770 τὴν
3564 3702 3783 3782 πρώτην

2144 3791 2238 3848 καί
2296 3790 2456 3849 πάλιν
2504 3790 2825 3846 ἀνατείνεται
2888 3791 3132 3870 θεωρὶαν,
3166 3790 3202 3860 ἢ
3233 3791 3400 3871 εὐχὴν
3428 3793 3720 3869 μυστικὴν,
3749 3793 3783 3861 ἢ

420 3874 615 3936 missa
638 3876 992 3937 sacrificium
1016 3877 1378 3938 convertitur
1402 3894 1414 3938 :
1453 3894 1644 3955 neque
1665 3876 1824 3937 enim
1853 3875 2050 3959 decet,

2152 3882 2232 3948 τὴν
2285 3881 2424 3958 ἱερὰν
2483 3878 2832 3957 λειτουργίαν·
2899 3881 2958 3937 οὗ
3013 3881 3111 3958 γαρ
3159 3878 3238 3936 δεῖ
3267 3880 3354 3936 ἐπ’
3386 3880 3654 3961 ἀλλοτρίῳ
3683 3889 3785 3944 τινὶ

418 3964 828 4040 utquidquam
859 3983 892 4025 a
919 3967 1041 4025 suis
1068 3965 1350 4026 institutis
1383 3973 1594 4027 tractet
1624 3965 1909 4027 alienum.
1942 3969 2052 4029 De-

2152 3972 2274 4048 ταρὰ
2328 3971 2393 4026 τὰ
2450 3970 2629 4026 οἰκεῖα
2687 3969 2990 4046 τρέπεσθαι.
3056 3968 3228 4036 Δηλοτ
3277 3968 3334 4025 δὲ
3365 3969 3608 4050 ὁλόγος,
3646 3971 3782 4027 ὃτιὸ

421 4049 603 4140 clarat
631 4053 956 4114 autemehic
987 4071 1207 4124 sermo,
1251 4053 1406 4134 quod
1439 4053 1776 4140 episcopus,
1813 4052 1913 4132 qui
1947 4057 2049 4118 Dei

2152 4081 2447 4138 ιπισκοπος,
2509 4058 2683 4116 εἰκόνα
2742 4058 2955 4139 ἐπέχων
2985 4065 3078 4116 τοῦ
3137 4059 3350 4116 πάντων
3409 4066 3565 4140 Θεοῦ,
3605 4060 3782 4137 ὥσπερ

421 4139 684 4202 omnium
723 4159 1030 4222 personam
1064 4143 1334 4216 sustinet,
1369 4139 1867 4221 quemadmodum
1899 4141 2056 4206 Deus

2152 4152 2166 4205 5
2206 4151 2334 4211 Θεὸς
2392 4149 2477 4204 ἐπὶ
2533 4153 2631 4214 τῆς
2683 4147 2876 4210 οἰκείας
2931 4146 3183 4214 ἐνότητος
3233 4149 3320 4203 καί
3350 4139 3677 4215 ταύτότητος
3705 4149 3785 4205 ἆεὶ

421 4235 480 4290 in
509 4247 614 4290 suo
640 4228 744 4290 illo
774 4249 892 4292 uno
915 4229 1244 4310 eodemque
1270 4238 1422 4290 statu
1455 4247 1693 4310 semper
1721 4243 2056 4307 manens,et

2152 4238 2335 4312 ιένων,
2393 4239 2480 4293 καὶ
2538 4238 2937 4317 ἀνεκφοιτττως
3000 4239 3075 4300 εἰς
3135 4238 3320 4294 ἑαυτὸν
3349 4235 3648 4316 ἱδρυμένος,
3682 4259 3786 4293 σω·

422 4318 480 4380 in
510 4319 640 4399 ipso
663 4318 812 4380 fixus
836 4337 1138 4396 nunquam
1164 4319 1769 4393 sedesercns,salutis
1791 4322 2054 4383 omnium

2152 4328 2321 4404 ιηρίας
2381 4326 2533 4383 ἕνεκα
2587 4328 2797 4385 πάντων
2861 4340 2986 4391 ταῖς
3056 4339 3440 4406 προνεητικαϊς
3509 4326 3782 4406 προόδοις,

420 4426 613 4481 causa,
653 4409 1036 4488 providentiae
1068 4427 1190 4471 sua:
1221 4408 1736 4489 progressionibus
1753 4410 1824 4472 ad
1857 4411 2056 4472 omnia

419 4496 697 4559 bonitatis
723 4497 1145 4560 illustrationes
1170 4498 1458 4577 extendit,
1486 4498 1877 4580 omnibusque
1899 4519 2056 4581 prae-

421 4605 558 4649 sens
589 4597 700 4663 est,
733 4607 766 4649 a
798 4587 1117 4650 stabilitate
1169 4608 1271 4649 sua
1322 4586 1572 4649 minime
1601 4587 1942 4670 discedens,
1974 4589 2061 4651 sic

417 4677 594 4739 etiam
613 4679 948 4759 episcopus,
983 4679 1058 4740 ad
1095 4676 1483 4740 imitationem
1515 4677 1623 4740 Dei
1649 4677 2061 4758 symbolice,et

423 4775 596 4847 prout
647 4774 859 4847 potest,
894 4767 954 4829 in
1003 4787 1109 4829 sua
1151 4771 1424 4837 statione,
1472 4765 1530 4827 id
1555 4767 1744 4840 est,in
1772 4767 2058 4830 ecclesia-

421 4855 570 4916 stico
597 4857 930 4937 principatu
958 4875 1336 4938 permanens,
1370 4856 1441 4918 ad
1469 4857 1750 4918 inferiora
1781 4857 2056 4917 humani-

423 4943 554 5006 tatis
576 4945 938 5026 providentia
963 4947 1227 5026 procedit
1253 4967 1268 5008 :
1302 4955 1358 5007 et
1383 4946 1728 5006 inferiorum
1753 4943 2053 5020 guberna-

420 5037 582 5096 tione
626 5034 864 5116 impleta
913 5053 1150 5098 rursum
1203 5036 1274 5097 ad
1305 5035 1488 5098 altare
1517 5032 1695 5104 redit,
1729 5031 2054 5113 symbolice

422 5125 750 5199 declarans,
766 5143 831 5187 se
852 5125 1198 5188 inferiorum
1228 5123 1594 5204 providentia
1613 5123 2055 5204 motum,rebus

422 5216 632 5277 divinis
662 5215 884 5277 ibidem
919 5215 1196 5296 percatis,
1228 5233 1260 5274 a
1292 5213 1505 5275 divinis
1535 5213 1924 5274 sacramentis
1954 5231 2052 5275 re-

417 5324 560 5367 cens
583 5305 876 5386 baptizato
907 5304 1159 5379 collatis,
1193 5303 1266 5366 ad
1290 5302 1554 5364 divinum
1597 5301 1930 5363 institutum
1965 5321 2056 5364 re-

416 5395 656 5476 verti,ut
679 5402 978 5476 appareat,
1005 5394 1197 5475 ipsum
1245 5410 1278 5452 a
1309 5399 1510 5452 sancto
1568 5389 1794 5471 Spiritu
1831 5391 1969 5455 duci
1999 5401 2056 5456 et

419 5484 652 5548 reduci.

841 5573 972 5632 [82
1013 5571 1114 5634 Ill.
1164 5570 1630 5649 Contemplatio.

506 5660 722 5741 §l.lloc
737 5661 936 5748 itaque
954 5668 1486 5727 estsacramentum
1507 5667 1721 5724 nostrae
1736 5677 2057 5745 regenera-

2141 4417 2223 4473 ὲπὶ
2280 4415 2450 4472 πάντα
2507 4417 2600 4478 τὰς
2657 4415 2752 4483 τῆς
2812 4416 3141 4494 ἀγαθότητος
3193 4414 3496 4492 ἀλλάμψεις
3542 4416 3782 4486 ἐκτείνει,

2142 4507 2228 4563 καὶ
2284 4513 2413 4562 πᾶσι
2473 4506 2719 4584 πάρεστι,
2780 4505 2878 4580 τῇς
2939 4503 3182 4582 ἱδρύσεως
3217 4507 3312 4561 οὒκ
3363 4505 3623 4578 ἀποστάς,
3653 4505 3788 4561 οὕτω

2144 4599 2227 4653 καὶ
2256 4598 2283 4651 6
2341 4595 2627 4656 ἐπίσκοπος
2680 4595 2815 4650 κατὰ
2867 4595 3093 4669 μίμησιν
3140 4593 3231 4652 τοῦ
3263 4600 3394 4651 Θεοῦ
3423 4591 3782 4668 συμϐολικῶς,

2143 4686 2228 4740 καὶ
2264 4685 2335 4746 ὡς
2393 4684 2534 4758 αὐτῷ
2584 4682 2822 4758 δυνατὸν,
2886 4683 2969 4741 ἐπὶ
3027 4692 3124 4756 τῆς
3176 4685 3370 4746 οἰκείας
3415 4683 3652 4744 στάσεως
3685 4680 3787 4757 μέ-

2143 4795 2267 4849 νων,
2329 4771 2567 4829 τουτέστι
2645 4778 2741 4840 τῆς
2813 4771 3261 4840 ἐκκλησιαστικῆς
3314 4773 3518 4854 ἀρχῆς,
3578 4773 3784 4851 πρόεισι

2141 4864 2361 4941 προνοίᾳ
2395 4861 2807 4941 ,φιλανθρωπίας
2866 4863 2960 4919 ἐπὶ
3019 4863 3085 4918 τὰ
3143 4863 3373 4941 δεύτερα·
3435 4864 3523 4918 καί
3554 4860 3785 4936 πληρώ-

2140 4972 2234 5017 σας
2289 4952 2389 5018 τὴν
2444 4958 2550 5006 τῶν
2606 4951 2855 5030 δευτέρων
2915 4952 3242 5027 οἰκονομίαν,
3303 4950 3461 5008 πάλιν
3514 4951 3785 5008 ἐπάνεισιν

2139 5039 2223 5096 ἐπὶ
2289 5042 2351 5096 τὸ
2415 5042 2808 5116 θυσιαστήριον·
2897 5041 3164 5119 παριστῶν
3251 5037 3610 5115 συμϐολικῶς,
3705 5039 3786 5096 ὅτι

2137 5135 2500 5206 προνοητικῶς
2562 5131 2647 5185 ἐπὶ
2704 5131 2769 5186 τὰ
2824 5129 3038 5208 δεύτερα
3093 5131 3348 5203 κινηθεὶς,
3411 5131 3498 5186 καὶ
3555 5129 3620 5184 τὰ
3664 5131 3786 5184 θεῖα

2135 5221 2312 5274 ἒκεϊσε
2346 5216 2783 5296 διαπραξάμενος,
2818 5219 2922 5276 ἀπὸ
2953 5225 3058 5274 τῶν
3107 5221 3259 5275 θείων
3309 5219 3396 5275 ἐπὶ
3449 5223 3526 5292 τῷ
3583 5237 3785 5296 νεοφω-

2137 5299 2296 5379 τίστῲ
2352 5305 2700 5364 τελεσθέντων
2757 5309 2889 5385 πρὸς
2942 5310 3088 5363 θεῖον
3144 5304 3474 5382 ἐπιτήδευμα
3529 5304 3782 5380 ἐπιστρέ-

2138 5417 2246 5477 φει,
2279 5398 2408 5474 πρὸς
2439 5398 2499 5453 τὸ
2530 5403 2606 5472 τῷ
2666 5397 2799 5476 ἁγίῳ
2854 5397 3119 5473 Πνεύματι
3179 5393 3360 5456 δοκοῦν
3392 5395 3652 5476 ἀγόμενος
3696 5399 3784 5454 xxi

2141 5485 2414 5565 μεταγόμε
2425 5507 2510 5550 νος
2525 5530 2538 5546 .

2769 5585 2861 5635 lll.
2909 5575 3132 5654 Θεωρία.

2221 5667 2248 5746 §
2273 5674 2314 5728 ι.
2351 5663 2493 5733 Αὕτη
2524 5663 2622 5744 μὲν
2654 5662 2742 5724 οὖν
2773 5663 2916 5724 ἐστιν
2946 5666 2980 5737 ἡ
3010 5663 3199 5738 τελετὴ
3226 5666 3324 5734 τῆς
3359 5663 3619 5746 ἡμετέρας
3654 5664 3782 5722 ἀνα·
