4028 6192
423 263 542 335 419
1581 268 1642 335 s.
1694 265 2036 336 DIONYSII
2080 259 2615 342 AREOPAGITE.
3656 267 3764 345 420

423 415 559 472 sunt
587 424 600 470 :
626 406 850 469 dixerat
875 393 1056 487 enim,
1083 406 1198 468 duo
1230 421 1364 469 esse
1397 407 1545 468 mala
1570 406 1870 469 intellectu
1904 425 2052 488 prae-

2141 413 2442 480 ουσιότητα,
2481 413 2572 470 ’¹Η
2633 415 2732 493 γὰρ
2763 413 3044 494 ἀφίσταταί
3098 436 3178 478 τις
3238 423 3328 473 τοῦ
3384 412 3538 471 θείου
3571 419 3763 495 φωτὸς,

423 499 679 561 ditorum
730 505 972 577 propter
1001 497 1300 577 propriam
1341 495 1702 559 libertatem.
1735 497 1845 559 Vel
1897 498 2052 558 enim

2141 499 2174 567 ἤ
2229 504 2549 583 ὑπερφρονεῖ
2609 511 2697 561 τοῦ
2746 505 2978 582 μετρίου,
3048 505 3134 560 καί
3194 505 3252 560 τὸ
3324 504 3580 562 ἀνοίκειον
3649 506 3765 562 ἑπι-

420 587 644 651 deserit
666 586 798 662 quis
823 584 1076 644 divinam
1112 585 1427 659 lucem,vel
1451 587 1608 665 sapit
1637 605 1820 667 supra
1845 585 2056 650 modu-

419 676 542 738 lum
575 681 838 744 suum,et
867 672 1024 752 quod
1048 691 1164 733 non
1197 675 1474 735 convenit
1501 675 1732 752 quaerit.

505 764 643 845 §IV.
670 762 915 842 Rursus,
936 779 1068 822 cum
1094 761 1356 824 divinum
1376 765 1855 842 numensitorigo
1878 774 2057 828 rectae

424 849 812 916 ordinationis
858 869 1041 912 sacra:
1070 853 1396 914 secundum
1431 872 1607 930 quam
1663 854 1834 915 etiam
1865 855 2060 934 angeli

421 952 609 1005 semet
639 941 800 1020 ipsos
841 949 1084 1020 norunt,
1122 959 1233 1003 nec
1273 942 1607 1004 inordinate
1639 943 1954 1024 prosiliunt
1983 944 2060 1006 ad

421 1051 492 1094 ea
522 1048 652 1111 qua;
685 1048 802 1090 non
827 1028 1061 1103 decent,
1097 1029 1353 1109 primum
1387 1051 1601 1093 munus
1633 1051 1701 1093 ex
1727 1032 1921 1094 divina
1946 1033 2058 1095 do-

421 1122 611 1185 ctrina
639 1118 772 1200 quis
802 1121 1207 1198 consequitur,
1233 1119 1394 1196 quod
1439 1121 1700 1201 seipsum
1735 1130 1962 1197 noscat,
1997 1131 2058 1183 ut

418 1209 565 1273 illud
581 1208 735 1290 quod
759 1209 816 1269 in
837 1209 966 1287 lege
997 1208 1282 1287 scriptum
1306 1216 1394 1270 est
1421 1219 1642 1290 servet,
1673 1211 1916 1273 attende
1949 1213 2060 1275 tibi

418 1301 536 1379 ipsi
557 1309 582 1341 ι
603 1348 620 1380 ,
646 1296 1141 1379 quemadmodum
1167 1297 1342 1359 etiam
1378 1300 1623 1378 Magnus
1652 1299 1905 1362 Basilius
1933 1302 2010 1362 ait
2039 1319 2053 1360 :

418 1391 694 1454 Eatenus
706 1391 866 1450 enim
883 1387 962 1448 ad
969 1387 1288 1466 proprium
1304 1396 1549 1450 natura:
1561 1387 1916 1469 lumen,sive
1927 1409 2059 1454 con-

417 1477 800 1551 templationem
870 1475 1200 1532 scientiarum
1255 1491 1549 1545 recurrens,
1607 1478 1822 1550 angelos
1879 1479 2058 1536 imita-

419 1578 543 1642 tur,
569 1569 672 1648 qui
695 1567 921 1648 seipsos
945 1575 1218 1629 noscunt.
1250 1568 1435 1630 Porro
1461 1567 1561 1648 qui
1590 1567 1849 1648 seipsum
1867 1570 2058 1633 oculis

416 1657 734 1720 aﬂ‘ectione
756 1656 953 1718 vacuis
983 1656 1400 1733 considerarit,
1433 1657 1898 1736 profundissima
1917 1660 2053 1741 qni-

420 1749 556 1810 dem
585 1745 970 1825 ignorationis
1000 1745 1128 1807 loca
1161 1745 1421 1825 eliugiet,
1445 1764 1559 1807 non
1595 1755 1793 1808 tamen
1828 1766 1933 1828 per
1963 1766 2050 1828 se,
2079 1741 2114 1791 Β

421 1837 524 1900 sed
543 1854 648 1916 per
668 1836 879 1897 ducem
901 1853 967 1896 ac
985 1843 1388 1914 susceptorem
1415 1835 1779 1896 desiderabit
1796 1837 2050 1899 divinam

419 1924 953 2008 participationem.
987 1923 1059 1985 Et
1088 1941 1193 2004 per
1222 1923 1550 1986 doctrinam
1586 1925 1825 2005 quidem
1856 1926 1929 1988 ad
1958 1928 2053 1988 sui

417 2016 710 2088 notitiam,
744 2012 984 2075 devenit
1016 2030 1119 2093 per
1153 2013 1538 2094 semetipsum
1585 2015 1658 2076 ad
1689 2018 1778 2076 sui
1825 2021 2052 2095 princi-

416 2106 578 2186 pium
606 2127 622 2177 ;
657 2121 765 2184 per
795 2103 907 2166 hoc
927 2112 1147 2178 autem,
1170 2101 1240 2162 ad
1276 2103 1332 2163 id
1359 2103 1514 2182 quod
1542 2102 1641 2164 illo
1667 2105 1828 2183 prius
1847 2114 1958 2180 est,
1993 2114 2054 2167 et

414 2211 523 2276 per
544 2193 686 2254 illud
710 2191 782 2254 ad
802 2198 1058 2272 primum
1091 2190 1435 2252 adducetur.
1475 2190 1610 2253 Haec
1631 2193 1921 2270 significat
1949 2213 2052 2256 ac-

415 2282 679 2344 cedentis
697 2281 982 2344 modestia
996 2281 1616 2361 reverentiaque,etad
1643 2291 2050 2364 susceptorem

415 2373 697 2448 accessio,
733 2371 828 2432 cui
881 2371 1083 2452 utique
1132 2370 1437 2432 character
1484 2371 1867 2454 imprimitur,
1917 2380 2050 2434 tan-

415 2480 592 2538 quam
624 2462 856 2540 signum
883 2461 1064 2540 partis
1094 2459 1458 2521 haereditatis
1488 2460 1547 2520 in
1570 2458 1828 2536 Christo,
1864 2471 1922 2524 et
1953 2463 2048 2522 in-

415 2549 662 2630 scriptio
695 2552 759 2610 iit
787 2549 858 2610 ad
893 2548 1106 2609 bonam
1139 2549 1482 2610 memoriam
1534 2550 1722 2630 ipsius
1753 2570 1822 2612 ac
1851 2569 2049 2614 susce-

416 2638 651 2719 ptoris;
714 2637 900 2718 ipsius
949 2637 1216 2717 quidem,
1251 2645 1528 2714 tanquam
1577 2641 1700 2700 veri
1759 2639 2052 2702 bonorum

419 2725 699 2790 amatoris
731 2745 748 2802 ;
793 2725 1154 2805 susceptoris
1183 2741 1318 2790 vero
1349 2735 1621 2806 tanquam
1660 2727 1926 2793 ductoris
1947 2731 2052 2790 mi-

413 2817 576 2878 nime
598 2813 874 2878 errantis.

493 2906 523 2986 §
554 2909 625 2971 V.
663 2903 891 2967 Deinde
915 2903 1056 2964 dicit
1084 2901 1158 2965 de
1189 2903 1436 2966 vestium
1469 2905 1870 2986 depositione.
1905 2911 2050 2973 Cum

413 2995 572 3058 enim
603 3008 720 3055 non
745 2992 920 3054 liceat
949 2992 1120 3052 alicui
1142 3010 1373 3054 summe
1403 3001 1836 3057 contrariorum
1877 2999 2052 3078 parti-

412 3085 604 3166 cipem
630 3081 942 3156 exsistere,
961 3080 1226 3142 sanitatis
1251 3099 1304 3145 ν.
1337 3101 1392 3160 g.
1422 3093 1482 3144 et
1503 3083 1715 3157 morbi,
1745 3094 1803 3147 et
1829 3061 2054 3166 peccati
2073 3061 2112 3111 ο

411 3192 483 3236 ac
514 3171 740 3233 virtutis
765 3177 825 3232 et
857 3169 1200 3249 ignorantiae
1229 3172 1703 3254 cognitionisque
1733 3173 1862 3249 Dei,
1900 3177 2050 3238 divi-

409 3280 535 3325 sam
558 3260 735 3322 etiam
759 3277 1005 3321 necesse
1029 3260 1157 3319 184
1191 3260 1265 3320 sit
1291 3260 1513 3324 habere
1544 3263 1718 3325 vitam
1753 3267 1856 3344 qui
1881 3274 2046 3329 utra-

411 3369 527 3431 que
556 3349 956 3429 amplectitur,
976 3357 1402 3430 proptereaque
1424 3349 1677 3414 liberum
1703 3371 1836 3415 esse
1861 3371 2044 3434 opor-

410 3448 529 3502 teat
559 3438 659 3519 qui
689 3438 758 3500 ad
794 3438 1035 3499 alteram
1065 3438 1241 3500 vitam
1292 3440 1664 3521 transfertur,
1697 3443 1925 3505 nullum
1956 3444 2044 3506 af-

405 3529 623 3592 fectum
647 3527 959 3590 retinendo
982 3527 1197 3608 prioris
1220 3529 1346 3589 vitae
1375 3549 1390 3610 ;
1423 3529 1646 3592 idcirco
1665 3531 1766 3611 qui
1793 3531 2044 3595 adduci-

406 3617 726 3700 tur,nudus
771 3616 1020 3679 sistitur.
1055 3617 1144 3679 Ad
1179 3617 1304 3680 haec
1336 3633 1502 3693 vero,
1535 3620 1813 3700 quoniam
1841 3621 1912 3682 ab
1938 3641 2044 3683 ex-

405 3707 612 3770 tremis
643 3705 1090 3788 minoribusque
1103 3706 1319 3787 prioris
1350 3707 1480 3768 vitze
1505 3710 1915 3774 affectionibus
1936 3711 2048 3774 ab-

405 3799 558 3863 solvi
583 3799 788 3879 debet,
805 3799 874 3859 ad
905 3808 1203 3860 extremos
1223 3817 1409 3880 usque
1434 3801 1616 3880 pedes
1639 3803 1815 3864 totius
1833 3822 2048 3883 corpo-

406 3892 491 3954 ris
521 3888 887 3951 indumentis
909 3889 1399 3968 exuitur;spectat
1429 3899 1626 3952 autem
1651 3892 1724 3952 ad
1758 3893 2050 3954 occiden-

409 3977 885 4060 tem,obscurum
911 3977 1071 4036 illum
1100 3977 1386 4050 locum,et
1409 3978 1843 4042 tenebricosam
1875 3982 2050 4043 mali-

2139 595 2316 658 ζητεῖ.

2224 774 2250 847 §
2279 771 2381 832 IV.
2419 769 2607 848 Πά)ηιν,
2631 769 2745 827 ἐπεὶ
2777 770 3011 836 εὐταξίας
3041 773 3182 850 ίερᾶς
3209 772 3356 850 ἁρχὴ
3388 774 3448 828 τὸ
3468 773 3621 830 Θεῖόν
3644 760 3771 854 EH,

2143 859 2260 916 καθ’
2319 861 2384 926 τὴν
2442 861 2529 916 καὶ
2581 862 2628 916 οἱ
2680 859 2898 938 ἄγγελοι
2955 861 3392 938 ἐπιγινώσκουσιν
3424 862 3662 938 ἑαυτοὺς,
3693 866 3774 919 καὶ

2144 954 2248 1029 οὺχ
2303 947 2672 1028 ὑπερπηδώσιν
2736 951 2982 1015 ἀτάκτως
3036 951 3167 1027 πρὸς
3223 950 3287 1005 τὰ
3337 949 3593 1030 ἀνοίκεια,
3631 958 3773 1030 πρῶ·-

2146 1061 2236 1095 τον
2292 1037 2457 1115 δῶρον
2515 1043 2576 1096 ὲκ
2634 1041 2732 1105 τῆς
2786 1038 2926 1100 θείας
2990 1037 3351 1113 διδασκαλίας,
3405 1041 3594 1118 κρᾶταί
3621 1063 3696 1106 τις
3723 1043 3777 1097 τὸ

2141 1129 2426 1207 ἐπιγνῶναι
2458 1129 2668 1206 ἑαυτὸν,
2697 1127 2790 1185 ’ίνα
2819 1129 2878 1184 τὸ
2913 1127 2966 1184 ἐν
2997 1132 3074 1200 τῷ
3127 1126 3274 1202 νόμῳ
3331 1127 3560 1208 φυλάξῃ,
3622 1131 3777 1208 Πρόσ-

2142 1239 2240 1298 εχε
2299 1225 2522 1294 σεαυτῷ,
2593 1221 2668 1281 ὡς
2733 1219 2818 1274 καὶ
2871 1220 2898 1274 ὁ
2943 1217 3120 1296 Μέγας
3152 1217 3253 1297 ἔφη
3290 1217 3588 1282 Βασίλειος·
3634 1218 3776 1294 Οὖτῳ

2141 1310 2240 1386 γὰρ
2309 1308 2440 1371 τέως
2506 1309 2636 1386 πρὸς
2707 1310 2769 1364 τὸ
2835 1308 3034 1365 οἰκεῖον
3104 1312 3201 1374 τῆς
3274 1307 3477 1388 φύσεως
3565 1309 3772 1386 ὁρατὸν,

2143 1397 2305 1475 ἤγουν
2375 1399 2639 1476 θεωρητὸν
2701 1396 2735 1465 ἢ
2807 1397 3115 1475 ἐπιστῆτὸν,
3178 1396 3510 1476 ἀνατρέχων,
3590 1413 3773 1473 μιμεῖ-

2142 1509 2226 1544 ται
2295 1485 2552 1565 ἅγγέλους
2623 1487 2744 1549 τοὺς
2833 1486 3192 1564 γινώσκοντας
3274 1485 3513 1549 ἑαυτούς.
3595 1478 3652 1544 ’0
3727 1487 3777 1542 δὲ

2141 1577 2324 1632 ἑαυτὸν
2396 1574 2786 1651 ἀπροσπαθέσιν
2859 1573 2982 1630 ἰδὼν
3055 1573 3374 1652 ὀφθαλμοῖς,
3432 1576 3777 1656 ἀποφοιτήσει

2139 1665 2236 1740 μὲν
2291 1669 2396 1720 τῶν
2439 1664 2732 1740 βεθυτάτων
2773 1663 2948 1720 τόπων
2998 1668 3098 1730 τῆς
3153 1663 3436 1744 ἀγνωσίας,
3471 1669 3567 1724 οὒκ
3626 1667 3778 1725 αὐτό-

2136 1758 2220 1811 θεν
2277 1753 2355 1823 δὲ,
2416 1753 2550 1809 ἀλλὰ
2602 1752 2668 1808 δι’
2726 1751 2920 1830 ὁδηγοῦ
2975 1765 3072 1808 καῖ
3121 1750 3410 1832 ἆναδόχου,
3469 1754 3780 1829 ἐπιθυμήσει

2136 1845 2232 1912 τῆς
2293 1845 2431 1906 θείας
2491 1841 2766 1917 μεθέξεως.
2827 1845 2922 1899 Καὶ
2980 1841 3064 1897 διὰ
3121 1842 3218 1916 μὲν
3275 1847 3374 1910 τῆς
3439 1840 3778 1906 διδασκαλίας

2135 1931 2221 1989 ἰπὶ
2273 1936 2333 1987 το
2389 1936 2592 2009 γνῶναι
2636 1931 2820 1987 ἑαυτὸν
2875 1929 3135 2006 βαδιεῖται
3186 1928 3254 1986 δι’
3315 1933 3501 1990 ἑαυτου
3560 1931 3648 1988 ἐπὶ
3696 1934 3780 1988 τὸν

2136 2023 2290 2080 αὕτοῦ
2348 2024 2575 2099 πρῶτονο
2609 2019 2692 2076 διὰ
2745 2019 2798 2076 δέ
2852 2022 3039 2078 τούτου
3097 2022 3182 2077 ἐπὶ
3232 2022 3320 2076 τὸν
3361 2021 3438 2078 ἔτι
3497 2023 3778 2101 πρότερον

2136 2113 2220 2168 καὶ
2297 2109 2363 2166 δι’
2431 2110 2628 2167 ἐκείνου
2697 2109 2782 2167 ἐπὶ
2855 2113 2944 2167 τὸν
3021 2111 3310 2190 πρώτιστον
3385 2110 3774 2192 ἀναχθήσεται.

2139 2207 2309 2258 Ταῦτα
2360 2199 2520 2267 δηλοῖ
2549 2202 2582 2268 ἡ
2626 2206 2718 2257 τοῦ
2772 2199 3081 2276 προσιόντος
3113 2199 3519 2278 ἐπιγνωμοσύνη
3569 2201 3658 2264 καί
3689 2203 3773 2257 εὖ·

2136 2289 2348 2365 λάϐεια,
2380 2291 2468 2347 χαὶ
2522 2292 2557 2359 ἡ
2590 2291 2718 2368 πρὸς
2755 2291 2844 2345 τὸν
2903 2287 3166 2369 ἀνάδοχον
3221 2287 3504 2367 πρόσοδος,
3537 2293 3585 2364 ᾧ
3639 2288 3702 2360 δὴ
3747 2292 3779 2358 ἡ

2136 2381 2354 2459 σφραγὶς
2397 2377 2614 2453 δίδοται,
2649 2379 2720 2443 ὡς
2777 2382 3006 2453 σῆμεῖοδ
3037 2384 3129 2434 τοῦ
3185 2375 3382 2453 κλήρου
3410 2381 3508 2445 τῆς
3544 2377 3601 2432 ἐν
3654 2385 3782 2457 Χρι-

2135 2471 2244 2542 στῴ
2299 2467 2526 2546 μερίδος,
2572 2468 2662 2524 καὶ
2707 2469 2741 2535 ἡ
2797 2467 3080 2544 ἆπογραφά
3123 2467 3484 2541 οἰκονομεῖται
3529 2469 3605 2530 είς
3639 2489 3780 2541 μνη-

2137 2558 2361 2632 μόσυνον
2417 2557 2628 2634 ἀγαθῶν
2693 2557 2854 2612 αύτοῦ
2900 2576 2955 2610 τε
3010 2555 3098 2610 καὶ
3147 2560 3238 2610 τοῦ
3282 2553 3576 2633 ἀναδόχου·
3633 2555 3756 2611 αὗτο

2137 2645 2254 2722 μὲν,
2299 2647 2371 2709 ὡς
2403 2645 2654 2712 ἀληθινοῦ
2695 2645 2800 2700 τῶν
2829 2643 3006 2700 καλῶν
3055 2643 3300 2722 ἐραστοὺ’
3335 2649 3428 2699 τοῦ
3472 2642 3526 2699 δὲ
3591 2643 3778 2700 ἀναῶ-

2137 2755 2263 2812 χου,
2295 2735 2366 2796 ὡς
2388 2732 2663 2798 ἀπλανοῦς
2695 2731 2913 2810 ὁδηγοῦ.

2215 2907 2336 2989 §V.
2369 2910 2636 2968 Ἐντεῦθεν
2669 2909 2812 2989 λέγει
2847 2911 3079 2986 περὶτῆς
3111 2907 3474 2973 ἀπεκδύσεως.
3513 2907 3667 2968 Ἐπεὶ
3691 2910 3781 2988 γὰρ

2137 3004 2231 3060 οὒκ
2276 3000 2386 3056 ἔστι
2417 3013 2717 3080 μετασχεῖν
2759 3021 2876 3056 τινα
2906 3006 3012 3055 τῶν
3068 2997 3240 3074 ἄκρως
3298 2998 3580 3080 ἐκαντίων,
3612 3001 3779 3078 ὑγείας

2137 3089 2384 3158 δηλονότι
2440 3091 2528 3147 καὶ
2583 3091 2758 3170 νόσου,
2817 3089 2905 3146 καὶ
2951 3088 3208 3167 ἁμαρτίας
3270 3089 3357 3144 καὶ
3413 3087 3640 3166 ἀρετῆς,
3701 3089 3781 3143 καὶ

2136 3180 2350 3259 ἀγνοίας
2403 3180 2489 3235 καὶ
2520 3179 2864 3256 θεογνωσίας,
2899 3177 3157 3256 ἑπείτοιγε
3213 3178 3298 3233 χοὶ
3344 3178 3605 3256 μεριστὴν
3648 3198 3778 3252 συμο

2133 3265 2353 3337 ϐήσεται
2414 3267 2562 3346 ἔχειν
2595 3267 2691 3335 τήν
2747 3268 2889 3338 ζωὴν
2932 3268 3023 3322 τὸν
3055 3268 3140 3322 καὶ
3191 3265 3502 3344 ἀμφοτέρων
3546 3266 3778 3346 ἀντεχό-

2131 3378 2314 3437 μενον,
2361 3358 2446 3413 καὶ
2476 3355 2560 3413 διὰ
2599 3363 2758 3414 τοῦτα
2792 3357 3025 3436 ἄσχετον
3076 3355 3216 3412 εἶναι
3249 3353 3332 3411 δεῖ
3377 3359 3469 3411 τὸν
3497 3357 3633 3434 πρὸς
3662 3353 3781 3415 δευ-

2130 3447 2282 3520 τέραν
2341 3447 2484 3518 ζωὴν
2540 3446 2968 3525 μετατιθέμενον,
3016 3443 3278 3520 μηδεμίαν
3333 3443 3526 3524 σχέσιν
3587 3442 3779 3525 ἔχοντα

2131 3538 2258 3614 πρὸς
2317 3537 2416 3602 τὴν
2473 3536 2728 3613 προτέραν
2785 3535 2949 3612 ζωὴν,
3002 3536 3200 3612 γυμνὸς
3275 3536 3302 3590 ὁ
3373 3536 3778 3612 προσαγόμενος

2130 3626 2371 3688 είσταται.
2419 3614 2550 3681 "En
2609 3623 2686 3694 δὲ,
2720 3623 2833 3680 ἐπεὶ
2865 3626 2954 3680 καὶ
2987 3624 3149 3702 μέχρι
3207 3629 3312 3679 τῶν
3346 3623 3474 3700 πρὸς
3511 3623 3617 3689 τὴν
3645 3645 3777 3703 προ-

2131 3714 2287 3794 τέραν
2329 3714 2470 3784 ζωὴν
2513 3714 2761 3794 ἐσχάτων
2822 3717 2909 3770 καὶ
2966 3713 3275 3790 μικροτέρον
3325 3711 3571 3791 σχέσεων
3628 3712 3780 3793 ὀφεί-

2133 3802 2212 3859 λει
2269 3801 2614 3881 ἀπολύεσθαι,
2660 3804 2746 3858 καὶ
2790 3804 2855 3858 τὰ
2885 3803 2956 3867 εἷς
3006 3803 3125 3867 τοὺς
3153 3799 3315 3863 πόδας
3363 3801 3484 3865 τοὺς
3512 3802 3779 3882 ἒσχάτους

2135 3891 2258 3948 ὅλόυ
2287 3899 2380 3948 τοῦ
2423 3890 2668 3966 σώματος
2713 3892 2994 3971 φορήματα
3044 3889 3350 3947 ὑπολύεταιο
3386 3889 3556 3969 ἀφορᾷ
3587 3890 3644 3946 δὲ
3699 3892 3783 3948 καὶ

2134 3982 2262 4056 πρὸς
2306 3978 2558 4060 δυσμαῖς,
2593 3987 2668 4056 τῷ
2698 3980 2941 4056 ἀλαμπεῖ
2984 3982 3158 4058 τόπῳ,
3190 3981 3278 4036 καὶ
3327 3979 3627 4036 ἀπωθεῖται
3684 3981 3779 4048 τὴν

407 4067 549 4128 tiam
566 4065 829 4144 expellit,
858 4065 1214 4145 insitumque
1246 4067 1361 4127 sibi
1385 4067 1762 4145 malignitatis
1783 4069 2049 4134 habitum

2141 4069 2359 4146 ἀλαμπῆ
2439 4071 2650 4149 κακίαν,
2722 4071 2809 4126 καὶ
2865 4070 2925 4125 ἐκ
2974 4076 3068 4127 τοῦ
3123 4069 3362 4148 ἐμφυσᾷν
3436 4069 3533 4136 τῆς
3595 4071 3780 4134 κακίας

410 4155 587 4233 emat,
610 4172 864 4234 eumque
885 4173 919 4214 a
949 4152 1124 4214 corde
1147 4171 1252 4214 suo
1280 4155 1466 4234 ejicit.
1499 4159 1694 4237 Atque
1727 4159 1838 4220 hoc
1872 4165 2048 4222 modo

2141 4159 2230 4227 τὴν
2287 4156 2390 4224 ἕξιν
2421 4158 2650 4234 ἐκπνέει,
2682 4161 2768 4215 καὶ
2811 4159 2916 4215 ἀπὸ
2948 4161 3045 4225 τῆς
3100 4159 3286 4214 ἑαυτοῦ
3318 4155 3529 4237 καρδίας
3583 4156 3780 4214 ἐκϐαλ-

408 4243 724 4306 universali
748 4243 1260 4304 abrenuntiatione
1273 4243 1424 4306 facta
1445 4245 1514 4305 ad
1534 4246 1823 4308 orientem
1848 4250 2047 4310 tradu-

2141 4246 2236 4309 λει.
2295 4248 2392 4304 Καὶ
2449 4246 2614 4310 οὕτως
2665 4246 2858 4312 ὸλικῶς
2908 4249 3006 4314 τὴν
3057 4246 3333 4325 ἁποταγὴν
3391 4248 3776 4322 ποιήσαμενος,

410 4333 586 4413 citur,
614 4333 686 4430 ad
720 4331 876 4394 Solis
891 4331 1134 4430 justitiaa
1168 4341 1386 4414 ortum,
1415 4344 1474 4396 et
1501 4337 1734 4397 totalem
1758 4337 1828 4398 ad
1863 4357 2046 4400 unum

2141 4338 2264 4416 πρὸς
2320 4335 2393 4392 ἕω
2448 4337 2754 4416 μέτάγεντι,
2807 4339 2908 4403 τὴν
2965 4334 3229 4402 ἀνατολὴν
3282 4341 3374 4391 τοῦ
3415 4340 3515 4402 τῆς
3575 4335 3778 4392 δικαιο-

410 4421 862 4484 conversionem
897 4422 1204 4502 proﬁtetur
1238 4439 1251 4483 :
1287 4441 1419 4484 cum
1471 4436 1761 4505 praeterea
1791 4429 2048 4490 manife-

2141 4427 2290 4493 σύνης
2343 4417 2548 4506 Ἠλὶου,
2578 4427 2665 4483 καὶ
2709 4426 2808 4492 τὴν
2867 4426 2996 4502 πρὸς
3055 4427 3117 4480 τὸ
3167 4425 3223 4479 ἓν
3274 4423 3462 4491 ὸλικήν
3507 4425 3776 4483 σύννευσιν

406 4519 564 4572 stum
591 4511 688 4581 sit,
714 4511 1004 4573 initiatum
1038 4511 1096 4572 in
1120 4513 1502 4574 contentione
1525 4521 1583 4575 et
1604 4533 1796 4594 agone
1821 4518 2048 4581 versari

2141 4513 2410 4592 δμολογεῖ·
2463 4516 2623 4573 πάλιν
2666 4513 2778 4570 ἐπεὶ
2807 4511 2968 4581 δῆλόν
3016 4513 3182 4586 ἔστιν,
3215 4515 3288 4576 ὡς
3319 4512 3374 4568 ἐν
3413 4513 3659 4586 συντονίᾳ
3690 4514 3773 4570 καὶ

403 4599 720 4680 debere,ut
738 4598 1272 4662 immutabilitatem
1289 4601 1574 4684 obtineat,
1590 4603 1837 4667 Declina
1856 4606 2040 4678 enim,

2141 4603 2294 4680 ίνγώνι
2341 4601 2425 4660 δεῖ
2453 4604 2594 4659 εἶναι
2643 4605 2734 4659 τὸν
2775 4602 3116 4682 τελούμενον,
3149 4601 3240 4658 ’ίνα
3297 4603 3358 4658 τὸ
3409 4601 3772 4660 ἀναλλοίωτον

401 4689 609 4770 inqvit,
639 4707 674 4751 a
699 4689 878 4752 malo.
915 4695 970 4751 et
991 4690 1092 4768 fac
1121 4689 1340 4752 bonum
1363 4693 1446 4751 κ’.
1484 4690 1554 4753 Et
1576 4693 1787 4754 iterum
1820 4712 1833 4757 :
1868 4695 2045 4758 Beati

2141 4691 2256 4772 ἔχῃ.
2313 4691 2604 4750 "Ex-Almo»
2653 4693 2752 4772 γάρ
2802 4693 2907 4749 ἀπὸ
2966 4699 3153 4769 κακοῦ,
3218 4693 3368 4770 φησὶ,
3399 4693 3486 4749 καὶ
3539 4694 3772 4759 ποίησον

400 4781 784 4841 immaculati
835 4781 900 4840 in
928 4780 1028 4840 via
1059 4779 1164 4857 qui
1187 4778 1500 4844 ambulant
1523 4793 1578 4842 ν.
1615 4784 1845 4845 Bonum
1880 4784 2043 4846 enim

2141 4781 2346 4858 ὶγαθόν⁸
2425 4783 2510 4837 καὶ
2567 4783 2747 4838 πάλιν
2821 4783 3081 4855 Μακάριοι
3141 4781 3187 4836 οἱ
3260 4779 3475 4855 ἄμωμοι
3527 4780 3582 4837 ἐν
3641 4779 3768 4860 ὁδῷ,

400 4876 562 4929 stare
613 4867 824 4944 nescit,
858 4886 1048 4948 neque
1106 4867 1276 4930 facile
1326 4878 1416 4932 est
1457 4869 1719 4933 divinum
1773 4891 2041 4936 amorem

2141 4871 2176 4927 ui
2232 4871 2600 4952 πορευόμενοι·
2657 4869 2770 4928 οὔδε
2827 4872 2927 4950 γὰρ
2980 4871 3163 4927 στάσιν
3223 4867 3338 4926 οἶδε
3408 4871 3469 4926 τὸ
3545 4869 3769 4952 ἀγαθὸν,

401 4955 711 5018 cohibere.

2141 4950 2241 5018 r33.
2284 4959 2464 5038 εὒαγές
2493 4981 2622 5016 ποτε
2666 4959 2819 5027 λῆξαι
2849 4962 2940 5016 τὸν
2970 4963 3112 5016 θεῖον
3144 4958 3332 5036 ἔρωτα.

481 5043 629 5126 §Vl.
670 5044 813 5109 Vide
835 5045 1133 5124 quomodo
1163 5047 1278 5109 olei
1303 5047 1647 5109 inunctione
1670 5046 1931 5112 initiatus
1961 5050 2033 5113 ad

2199 5046 2360 5128 ἑνὶ.
2418 5039 2562 5127 ’Ὅρα
2592 5055 2706 5116 πῶς
2751 5047 2834 5106 διὰ
2862 5054 2960 5116 τῆς
3024 5051 3114 5105 τοῦ
3142 5047 3318 5105 ἐλαίου
3361 5049 3593 5128 χρίσεως
3641 5049 3771 5128 πρὸς

399 5133 726 5198 certamina
744 5135 1094 5216 adducatur,
1120 5137 1230 5198 sub
1259 5137 1491 5200 Christo
1523 5139 1863 5200 munerario
1895 5159 2036 5202 con-

2141 5146 2330 5219 ιγῶνας
2391 5136 2574 5216 ἄγεται
2634 5141 2662 5195 ὁ
2708 5136 3048 5214 τελούμενος,
3082 5137 3197 5194 καθ’
3249 5139 3336 5200 οὒς
3365 5137 3454 5194 ὑπ’
3508 5136 3769 5214 ἆθλὸθὲτῃ

399 5222 659 5301 stitutus,
691 5227 1057 5290 Constructio
1089 5225 1212 5287 haec
1243 5234 1330 5287 est
1352 5243 1459 5306 per
1481 5225 1870 5308 hyperbaton,
1906 5247 2037 5292 cer-

2141 5235 2330 5309 (ριστῷ
2375 5228 2683 5308 γενόμενος,
2730 5228 2916 5293 Σύνθες
2965 5229 3026 5284 τὸ
3069 5227 3230 5305 ῥητὸν
3284 5225 3401 5284 καθ’
3445 5224 3764 5306 ὃπερϐατόν·

397 5314 641 5396 tamina,
668 5315 930 5396 quidem,
974 5323 1174 5394 utpote
1197 5313 1413 5388 divina,
1443 5315 1609 5376 laetus
1631 5317 2010 5394 aggredietur

2141 5332 2234 5384 ῖοῖς
2269 5319 2367 5395 μὲν
2424 5318 2646 5396 ἀγῶσιν,
2678 5319 2751 5382 ὡς
2794 5319 2976 5393 θείοις,
3011 5317 3216 5398 χαίρων
3259 5312 3597 5385 ἐπιϐήσεται.
3667 5317 3767 5372 Διά

392 5404 753 5468 lntermedie
799 5413 1020 5484 autem,
1055 5423 1188 5466 cum
1223 5403 1624 5466 munerarium
1655 5407 2038 5486 appellaverit

2141 5411 2282 5470 ιέσου
2337 5406 2417 5486 δὲ,
2452 5407 2562 5466 ἐπεὶ
2623 5406 2910 5476 ἀθλοθέτην
2968 5407 3185 5464 ἐκάλεσε
3244 5408 3333 5464 τὸν
3372 5407 3556 5486 Κύριον
3611 5407 3768 5484 ἡμῶν

476 5611 501 5644 ιι
527 5597 552 5664 Ι
582 5599 740 5664 Tim.
772 5617 852 5666 iV.
886 5600 982 5666 16.
1067 5600 1110 5642 λ’
1142 5601 1166 5664 Ι
1196 5603 1359 5666 Petr.
1394 5616 1478 5677 III,
1517 5604 1538 5664 'l
1565 5610 1608 5666 I.

1699 5616 1723 5660 ι
1755 5607 1909 5670 Psal.
1950 5625 2158 5690 CXVIII,
2195 5611 2242 5677 Ι.
