4088 6208
299 295 413 378 4ἒ1

777 301 873 376 DE
920 295 1218 376 ECCLES.
1267 289 1716 389 mamma,
1763 290 1928 372 CAP.
1977 297 2056 370 II.
2124 331 2200 352 -ι
2243 288 2628 373 PARAPHR.
2686 295 3198 374 PACHYMER/E.

3546 300 3665 376 422'

302 448 510 516 Ἰησοῦν
541 449 764 526 Χριστὸν
805 447 894 502 καὶ
938 447 1093 526 Θεὸν,
1120 444 1301 519 δηλοῖ,
1337 450 1450 508 πῶς
1484 445 1579 520 μὲν
1629 443 1933 517 ἀθλοθέτης,

2041 441 2340 506 )ominum
2377 452 2640 505 nostrum
2675 444 2872 506 Jesum
2900 446 3198 507 Christum
3223 465 3293 508 ac
3321 445 3534 527 Deum,
3572 448 3669 509 de-

303 545 420 600 πῶς
476 535 532 592 δὲ
563 535 882 615 νομοθέτης,
915 540 1030 599 πῶς
1078 532 1399 614 στεφοδότης
1433 532 1610 590 καλῶν
1667 534 1751 590 καὶ
1779 533 1944 603 ἀθαρ-

303 648 412 683 των
454 625 747 705 στεφάνων,
782 632 896 689 πῶς
929 622 982 680 δὲ
1028 628 1115 680 καὶ
1161 625 1577 702 σδναγωνιστὴς,
1613 623 1768 680 οἱονεὶ
1797 621 1944 677 ἀλεί-

305 739 448 783 πτης
478 715 642 778 ἐστίν,
700 714 759 772 Ὀ
798 714 973 770 τοίνυν
1021 712 1228 781 Ἰησους
1285 715 1532 791 Χριστὸς,
1573 715 1645 776 ὡς
1690 711 1785 786 μὲν
1817 713 1945 776 Θεὸς

309 807 416 883 (καὶ
469 804 767 880 σημείωσαι
826 805 888 859 τὸ
955 803 1114 880 ῥητὸν
1178 803 1314 859 κατὰ
1382 804 1776 880 νεστοριανῶν,)
1845 800 1945 866 δη-

307 907 557 973 μιουργεῖ
603 894 700 960 τὴν
753 891 1078 969 ἀθλοθεσίαν,
1129 895 1153 948 ὃ
1221 893 1321 970 γὰρ
1371 891 1650 971 ὑπερέχων
1708 892 1793 947 καὶ
1851 889 1944 945 δυο

307 984 556 1059 νάμειος,
619 981 913 1039 ἀθλοθετετο
975 983 1046 1046 ὡς
1117 980 1172 1038 δὲ
1229 984 1390 1061 σοφὸς
1435 984 1732 1056 νομοθετεῖ,
1784 987 1947 1058 σοφοῦ

298 1073 402 1152 γὰρ
463 1074 493 1140 ἓ,
552 1074 855 1152 νομοθεσία,
913 1071 1041 1152 ὅπερ
1099 1072 1236 1128 ἐστὶν
1297 1075 1342 1128 εί
1399 1071 1537 1128 οὕτω
1579 1073 1746 1151 τυχὸν
1790 1092 1945 1148 περι-

299 1164 587 1241 γενήσεται
639 1164 668 1217 6
721 1162 1135 1239 ἀγωνιζόμενος,
1199 1160 1337 1219 οὕτω
1395 1160 1628 1226 τεύξεται
1673 1168 1763 1218 τοῦ
1819 1180 1945 1216 στε-

300 1252 491 1329 φάνου,
525 1253 570 1308 εἰ
623 1251 702 1327 μὴ
731 1250 886 1326 οὕτω,
922 1253 982 1307 τὸ
1034 1249 1287 1327 βραϐεῖον
1347 1250 1406 1307 οὒ
1435 1249 1690 1324 λήψεται·
1725 1251 1797 1314 ὡς
1842 1271 1946 1306 κα-

304 1339 399 1404 λὸς
442 1339 691 1397 καλλύνει
745 1340 812 1396 τὰ
854 1339 1081 1396 ἔπαθλα·
1131 1330 1212 1396 εΑ
1267 1340 1366 1417 γὰρ
1409 1341 1698 1413 ἡτοίμασεν
1744 1341 1772 1394 6
1817 1338 1947 1400 Θεὸς

305 1443 425 1494 τοῖς
481 1431 760 1508 ἀγαπῶσιν
836 1431 1018 1505 αὐτὸν,
1092 1428 1208 1485 οὔτε
1276 1427 1546 1507 ὀφθαλμὸς
1599 1426 1767 1507 εἶδεν,
1830 1425 1948 1483 οὔτε

307 1521 396 1583 οὖς
467 1519 715 1598 ἤκουσεν,
792 1517 907 1575 οὔτε
980 1519 1065 1575 ἐπὶ
1133 1517 1344 1593 καρδίαν
1416 1518 1687 1590 ἀνθρώπου
1760 1514 1945 1583 ἀνέϐη·

308 1611 381 1674 ὡς
443 1607 497 1665 δὲ
541 1608 733 1684 ἀγαθὸς
790 1609 981 1684 βοηθεῖ
1030 1609 1117 1664 καὶ
1172 1608 1597 1686 συναγωνίζεται,
1645 1607 1800 1669 αὐτὸς
1853 1606 1953 1684 γάρ

305 1698 452 1755 ἐστιν
512 1700 540 1753 6
594 1696 789 1773 λέγων’
866 1705 1148 1775 Θαρσεῖτε,
1204 1698 1314 1773 ἐγὼ
1386 1697 1630 1764 νενίκηκα
1706 1697 1796 1752 τὸν
1853 1696 1952 1751 κό-

2029 533 2212 593 clarat
2237 534 2530 613 quomodo
2550 535 3253 614 numerarius,quomodo
3270 535 3501 617 legifer,
3525 555 3671 617 quo-

2031 622 2206 682 modo
2242 623 2627 701 pulchrarum
2657 631 2718 685 et
2749 624 3176 685 immortalium
3212 642 3571 688 coronarum
3594 628 3671 689 sit

2030 710 2332 789 elargitor,
2366 711 2662 790 quomodo
2694 712 2870 773 etiam
2903 713 3227 774 commilito
3281 714 3358 775 sit
3388 724 3447 777 et
3490 716 3670 777 veluti

2028 799 2510 863 inunctorJesus
2525 799 2724 880 itaque
2744 801 3032 882 Christus,
3054 811 3331 882 tanquam
3356 802 3510 865 Deus
3531 811 3669 885 qui-

2029 889 2164 950 dem
2214 888 2396 968 (quod
2448 889 2697 952 observa
2745 890 2966 952 dictum
3000 901 3205 953 contra
3257 893 3665 975 Nestorianos)

2030 979 2407 1060 praemiorum
2440 979 2909 1059 propositionem
2942 981 3216 1042 instituit:
3244 981 3348 1058 qui
3379 983 3536 1044 enim
3565 1001 3670 1045 su-

2029 1068 2362 1149 pereminet
2393 1078 2450 1130 et
2472 1080 2682 1148 potens
2706 1077 2819 1148 est,
2844 1069 2894 1129 is
2927 1070 3168 1149 praamia
3189 1072 3463 1150 proponit
3489 1092 3503 1134 :
3537 1081 3672 1134 tan-

2030 1176 2204 1239 quam
2235 1157 2476 1239 sapiens
2507 1176 2646 1219 vero
2677 1158 2844 1238 leges
2875 1158 2988 1221 fert
3021 1179 3038 1234 ;
3071 1159 3357 1238 sapientis
3388 1160 3550 1223 enim
3583 1172 3672 1223 est

2031 1247 2193 1325 leges
2218 1247 2470 1324 ferre,ut
2495 1254 2544 1310 si
2573 1267 2629 1310 v.
2656 1268 2717 1327 g:
2756 1249 2867 1309 hoc
2892 1247 3069 1310 modo
3101 1249 3340 1311 vincere
3363 1250 3676 1330 contigerit

2033 1345 2384 1418 certantem,
2409 1337 2490 1398 ita
2522 1355 2763 1416 quoque
2805 1354 3093 1400 coronam
3126 1349 3547 1420 consequatur,
3581 1341 3675 1402 sin

2033 1444 2226 1506 secus,
2263 1425 2533 1488 bravium
2556 1445 2792 1507 quoque
2820 1446 2940 1489 non
2963 1426 3363 1506 adipiscatur:
3392 1437 3673 1510 tanquam

2037 1515 2284 1596 pulcher
2332 1525 2530 1577 autem
2564 1517 2808 1594 pulchra
2859 1517 3098 1596 praemia
3129 1518 3453 1596 proponit:
3485 1537 3676 1599 neque

2035 1607 2194 1667 enim
2225 1604 2432 1668 oculus
2452 1607 2630 1682 vidit,
2655 1623 2849 1686 neque
2869 1608 3035 1666 auria
3057 1607 3320 1682 audivit,
3345 1626 3450 1670 nec
3480 1614 3546 1670 in
3573 1626 3679 1671 cor

2036 1692 2266 1750 homini:
2321 1694 2556 1750 ascendit
2602 1710 2722 1765 quas
2753 1696 3090 1767 praeparavit
3121 1695 3286 1762 Deus,
3328 1695 3679 1769 diligentibus

305 1809 467 1862 σμον,
521 1785 767 1842 ’Ἂνωθεν
830 1788 950 1864 γοῦν
1002 1786 1210 1864 ῥητέον,
1248 1786 1362 1842 καθ’
1415 1788 1526 1860 οὒς,
1559 1784 1647 1841 ὑπ’
1699 1783 1953 1860 ἂθλοθέτῃ

2041 1795 2178 1846 ςειε
2223 1793 2499 1864 tanquam
2533 1783 2722 1845 bonus
2753 1802 2894 1846 vero
2924 1784 3038 1847 fert
3060 1785 3340 1847 auxilium
3373 1794 3432 1848 et
3459 1807 3678 1870 suppe-

309 1883 528 1952 Χριστῳ
575 1875 912 1953 γιγνόμενος,
957 1873 1273 1932 ἀποδύσεται
1318 1876 1449 1953 πρὸς
1491 1875 1655 1937 θείους
1717 1874 1951 1951 ἀγῶνας,

305 1967 412 2020 ὑπὸ
469 1964 726 2041 νομοθέτῃ
781 1965 1006 2040 ὲμμενεῖ
1062 1979 1187 2030 ταῖς
1241 1971 1333 2021 τοῦ
1375 1964 1538 2042 σοφοῦ
1595 1963 1951 2041 νομοθεσίαις,

250 2073 264 2082 ⁸
306 2055 413 2112 ὑπὸ
455 2053 606 2127 καλῷ
662 2048 886 2130 βεβαίως
940 2053 1040 2120 ἕξει
1097 2053 1181 2112 διὰ
1223 2056 1289 2112 τὰ
1333 2053 1471 2110 καλὰ
1503 2051 1726 2131 ἔπαθλα,
1755 2053 1856 2108 ὑπὸ
1899 2050 1953 2106 δὲ

305 2147 490 2222 αγαθῷ
557 2143 914 2219 βοηθούμενος
975 2147 1078 2222 οὐχ
1131 2145 1511 2212 ἡττηθήσεται.
1577 2139 1795 2205 Ἐπιϐὰς
1856 2142 1955 2219 γὰρ

305 2245 428 2295 τοῖς
472 2231 652 2311 ἴχνεσι
695 2239 790 2289 τοῦ
818 2233 1028 2310 πρώτου
1055 2238 1162 2288 τῶν
1205 2232 1450 2299 ἀθλητῶν
1495 2228 1670 2299 Ἰησοῦ
1728 2236 1956 2310 Χριστοῦ

305 2328 404 2378 τοῦ
449 2318 642 2398 Κυρίου
672 2323 853 2401 ἡμῶν,
892 2321 948 2384 ὃς
979 2319 1062 2377 διὰ
1109 2321 1278 2396 μόνην
1307 2321 1610 2399 ἆγαθότητα
1638 2318 1769 2376 ἰδίαν
1825 2321 1956 2398 πρὸς

305 2412 369 2465 τὸ
439 2416 532 2466 τοῦ
603 2411 827 2466 θανάτου
897 2411 1200 2487 ἠγωνίσατο
1277 2409 1490 2489 κράτος,
1553 2411 1646 2474 τὰς
1721 2408 1956 2470 ἐναντίας

310 2499 458 2571 αὒτῷ
513 2500 643 2578 πρὸς
672 2500 772 2566 τὴν
821 2499 1008 2556 θέωσιν
1053 2499 1414 2563 ἆποστατικὰς
1467 2501 1729 2578 ἒνεργείας
1773 2519 1831 2554 τε
1873 2507 1960 2553 καί

307 2587 555 2666 ὑπάρξεις
630 2587 1054 2663 καταπαλαίσας,
1115 2590 1504 2658 συναπονήσκει
1589 2594 1798 2665 Χριστῷ
1877 2585 1962 2642 διὰ

310 2682 414 2744 τῆς
471 2682 684 2756 τριττῆς
717 2675 1068 2754 καταδύσεως,
1103 2679 1267 2735 τύπον
1312 2678 1542 2757 ἐχούσης
1586 2677 1682 2744 τῆς
1731 2674 1959 2754 τριημέ-

311 2789 409 2844 ρου
478 2767 650 2846 ταφῆς
721 2772 813 2825 τοὺ
883 2769 1100 2848 Κυρίου.
1148 2769 1447 2847 Ἐνεργείας
1521 2765 1575 2822 δὲ
1646 2765 1795 2843 λέγει
1866 2763 1959 2829 τοὶς

311 2856 574 2934 ἁμαρτίας
632 2857 722 2913 καί
763 2858 856 2921 τὰς
916 2856 1174 2932 ἐμπαθεῖς
1234 2856 1532 2932 ἐπιθυμίας,
1578 2854 1822 2923 ὑπάρξεις
1879 2853 1954 2928 δὲ,

311 2946 415 3008 τὰς
473 2947 673 3002 τούτων
747 2946 1089 3025 ἐνεργητικὸς
1151 2951 1255 3004 τῶν
1325 2943 1588 3021 δαιμόνων
1647 2945 1848 3024 φύσεις⁶
1909 2944 1962 3000 αἱ

313 3037 420 3112 γὰρ
493 3037 722 3114 πονηραὶ
792 3035 1004 3114 πράξεις
1083 3036 1177 3093 οὔκ
1245 3035 1298 3092 ὲν
1373 3034 1474 3108 ἰδίᾳ
1541 3034 1753 3113 ὑπάρξει
1829 3036 1960 3090 θεω-

305 3130 546 3202 ροῧνται.

397 3388 586 3470 §VII.
651 3393 748 3452 Καί
779 3415 867 3466 μοι
926 3393 1030 3450 νόει
1083 3393 1264 3450 ἐκεῖνα
1321 3395 1385 3450 τά
1413 3393 1525 3471 ἱερὰ
1581 3392 1712 3460 ὅσην
1756 3389 1954 3448 οἰκειό-

306 3502 452 3548 τητα
507 3483 634 3556 πρὸς
661 3486 822 3539 ταῦτα
879 3483 944 3539 τὰ
999 3481 1238 3559 σύμϐολα
1296 3484 1539 3563 ἔχουσιν.
1603 3479 1822 3548 Ἐπειδή
1856 3481 1954 3559 γὰρ

308 3572 340 3626 6
393 3569 516 3648 παρ’
544 3574 684 3647 ἡμῖν
736 3573 962 3635 θάνατος
1021 3574 1114 3630 οὒκ
1159 3572 1300 3635 ἔστι)
1351 3571 1634 3649 ἁνυπαρξία
1691 3569 1956 3636 παντελὴς

307 3660 452 3715 κατὰ
513 3663 574 3716 τὸ
604 3659 754 3725 δόξαν
807 3661 1024 3740 ἑτέροις,
1066 3661 1262 3726 οἵτινες
1305 3663 1394 3719 καὶ
1450 3662 1546 3728 τὴν
1578 3661 1758 3740 ψυχὴν
1813 3660 1954 3715 εἶναι

305 3749 509 3817 θνητήν
540 3747 748 3829 ἔλεγον,
785 3753 872 3807 καὶ
926 3752 997 3816 εἷς
1025 3753 1086 3809 τὸ
1143 3749 1367 3827 μηδαμῇ
1397 3749 1659 3827 μηδαμῶς
1692 3750 1833 3805 εἶναι
1864 3750 1954 3805 τὸν

305 3837 585 3916 ἄνθρωπον
660 3840 980 3918 φθείρεσθαι,
1069 3839 1192 3898 ἀλλ’
1262 3841 1371 3897 ἔστι
1445 3839 1700 3917 διάκρισις
1769 3843 1954 3917 ψυχῆς

308 3928 422 3983 ἀπὸ
483 3929 754 4003 σώματος,
799 3930 897 3996 τὴν
929 3931 1037 4004 μὴν
1095 3931 1278 4009 ψυχὴν
1311 3932 1384 3992 εἷς
1415 3931 1474 3986 τὸ
1506 3929 1699 4008 ἀφανὲς
1732 3927 1954 4007 ἄγουσα,

311 4019 484 4094 (κατὰ
513 4017 668 4074 τοῦτο
701 4019 799 4097 γὰρ
830 4020 914 4075 καὶ
955 4017 1086 4091 ᾅδης
1118 4020 1355 4099 λέγεται,
1388 4019 1532 4076 τοῦτ’
1565 4018 1734 4097 ἔστιν,
1765 4021 1792 4074 6
1814 4017 1959 4097 ἀφα-

310 4107 416 4173 νὴς
458 4108 734 4186 χωρισμὸς
765 4112 949 4187 ψυχῆς
980 4109 1084 4164 ἀπὸ
1115 4108 1416 4184 σώματος,)
1447 4110 1506 4165 τὸ
1536 4114 1690 4182 σῶμα
1720 4106 1774 4162 δὲ
1822 4108 1856 4175 ἢ
1887 4108 1959 4170 εἰς

2039 1873 2168 1946 tias,
2201 1872 2332 1953 ipse
2381 1872 2540 1934 enim
2572 1882 2662 1935 est
2711 1873 2809 1953 qui
2840 1874 3020 1936 dicit:
3080 1875 3378 1954 Conﬁdite
3405 1894 3515 1958 ego
3561 1880 3680 1942 vici

2034 1963 2279 2020 mundum
2307 1972 2356 2016 ι.
2393 1961 2587 2019 Denuo
2610 1962 2784 2033 igitur
2815 1961 3145 2029 dicendum.
3177 1980 3306 2021 eum
3339 1967 3438 2037 qui
3469 1981 3679 2025 secun-

2035 2053 2175 2114 dum
2201 2054 2309 2114 hos
2327 2053 2437 2114 sub
2459 2052 2694 2115 Christo
2715 2054 3054 2114 munerario
3087 2054 3442 2118 constitutus
3469 2057 3544 2118 ad
3580 2059 3677 2120 di-

2044 2142 2173 2204 vina
2201 2141 2526 2204 certamina
2555 2151 2768 2203 exutus
2813 2142 3013 2216 fuerit,
3039 2143 3140 2224 qui
3177 2145 3531 2224 legislatoris
3579 2168 3681 2210 sa-

2040 2233 2254 2312 pientis
2281 2231 2690 2292 sanctionibus
2723 2231 3064 2306 adhaaserit,
3099 2251 3133 2294 a
3164 2235 3412 2314 pulchro
3444 2254 3681 2317 quoque

2041 2321 2287 2401 pulchra
2314 2320 2732 2401 praemiacerto
2765 2335 3248 2396 consecuturum,
3277 2333 3383 2384 eta
3402 2323 3556 2386 bono
3583 2329 3684 2387 ad-

2032 2411 2254 2491 jutum,
2307 2409 2547 2470 minime
2597 2410 2895 2471 devictum
2959 2410 3093 2471 185
3131 2411 3229 2473 iri.
3280 2410 3462 2474 Primi
3517 2414 3680 2476 enim

2042 2500 2398 2561 athletarum
2427 2499 2564 2561 Jesu
2578 2498 2795 2559 Christi
2821 2500 3057 2562 Domini
3081 2499 3268 2561 nostri
3291 2501 3548 2580 vestigiis
3577 2503 3679 2564 in-

2043 2591 2283 2663 sistens,
2311 2589 2411 2668 qui
2432 2588 2555 2649 sola
2580 2587 2840 2651 bonitate
2861 2605 2969 2650 sua
3019 2607 3152 2650 cum
3203 2591 3408 2652 mortis
3428 2592 3680 2671 imperio

2045 2682 2362 2757 dimicavit,
2389 2681 2654 2743 actiones
2682 2681 3129 2762 subtantiasque
3159 2682 3518 2744 deiﬁcationi
3559 2701 3682 2745 suae

2045 2769 2427 2831 adversantes
2453 2777 2860 2848 prosternens,
2886 2769 3120 2831 Christo
3152 2772 3543 2832 commoritur
3575 2789 3680 2851 per

2044 2859 2334 2938 triplicem
2369 2857 2837 2935 immersionem,
2871 2878 3003 2939 quae
3047 2860 3334 2922 triduana;
3361 2860 3680 2941 sepulturae

2045 2945 2286 3010 Domini
2309 2949 2553 3026 ﬁguram
2579 2948 2779 3009 refert.
2815 2948 3104 3009 Actiones
3122 2956 3318 3010 autem
3345 2957 3514 3010 vocat
3543 2968 3682 3030 pec-

2045 3045 2174 3098 cata
2195 3036 2668 3117 cupiditatesque
2692 3035 3060 3099 turbulentas
3084 3058 3100 3118 ;
3131 3037 3490 3100 substantias
3513 3057 3673 3116 vero,

1975 3125 2014 3176 C
2040 3125 2372 3187 dwmonum
2395 3134 2654 3205 naturas,
2682 3145 2812 3206 quae
2834 3125 3167 3188 istiusmodi
3199 3128 3414 3206 agendi
3439 3127 3556 3189 vim
3576 3129 3680 3191 ha-

2039 3215 2215 3277 bent:
2254 3215 2538 3294 improbm
2566 3216 2724 3276 enim
2751 3216 3014 3278 actiones
3048 3235 3415 3298 nequaquam
3448 3218 3508 3278 in
3531 3237 3677 3299 pro-

2039 3305 2166 3384 pria
2196 3325 2300 3366 sua
2329 3304 2659 3367 substantia
2686 3305 2986 3367 videntur.

2121 3396 2149 3474 ἕ
2176 3394 2305 3457 VII.
2337 3394 3037 3474 Considera,qumso,ista
3068 3405 3459 3473 sacramenta,
3490 3417 3680 3476 quan-

2041 3491 2154 3546 tam
2177 3503 2316 3548 cum
2332 3483 2750 3564 symbolissuis
2770 3487 3194 3565 proprietatem
3225 3486 3503 3550 habeant.
3531 3489 3676 3550 Cum

2038 3574 2198 3636 enim
2229 3575 2290 3635 in
2308 3573 2481 3634 nobis
2512 3591 2675 3634 mors
2704 3593 2822 3634 non
2854 3574 2932 3634 sit
2952 3574 3303 3636 omnimoda
3333 3575 3680 3637 substantiae

2038 3663 2301 3737 abolitio,
2323 3664 2410 3724 uti
2435 3662 2788 3742 quihusdam
2825 3663 3040 3742 placet,
3075 3663 3180 3740 qui
3204 3663 3380 3724 etiam
3411 3665 3675 3726 animam

2041 3751 2349 3814 mortalem
2383 3768 2538 3826 esse,
2571 3751 2997 3831 hominemque
3030 3753 3266 3830 penitus
3295 3750 3370 3814 ad
3422 3752 3676 3814 nihilum

2041 3841 2222 3912 redigi
2263 3849 2316 3898 et
2344 3841 2638 3911 corrumpi
2661 3840 2987 3897 asserebant
3011 3857 3031 3911 ;
3057 3841 3154 3897 sed
3173 3843 3454 3910 separatio
3476 3844 3676 3899 animae

2041 3942 2076 3984 ιι
2091 3938 2362 4003 corpore,
2377 3923 2631 3984 animam
2651 3921 2890 4002 quidem
2914 3921 2986 3984 ad
3010 3921 3068 3984 id
3085 3921 3241 4002 quod
3261 3922 3432 3983 nobis
3454 3921 3675 3985 obscu-

2041 4030 2172 4074 rum
2207 4019 2296 4074 est
2325 4011 2552 4074 ducens
2593 4011 2780 4090 (juxta
2811 4011 2970 4093 quod
3019 4011 3199 4074 etiam
3234 4011 3334 4073 ille
3381 4011 3596 4074 animae
3645 4031 3679 4074 a

2043 4119 2295 4183 corpore
2316 4100 2611 4164 discessus
2631 4102 2760 4174 ᾅδης
2779 4099 3266 4180 seuinfernus,id
3285 4110 3374 4163 est
3394 4101 3680 4165 obscurus

314 4201 426 4272 γῆν
483 4196 932 4277 παραμέμπουσα,
967 4200 1003 4266 ἢ
1055 4200 1141 4254 καὶ
1169 4197 1285 4254 καθ’
1319 4199 1501 4274 ἑτέραν
1531 4199 1648 4253 τινὰ
1692 4203 1798 4253 τῶν
1847 4217 1953 4252 σω-

2045 4192 2289 4271 dicitur)
2345 4209 2557 4271 corpus
2584 4209 2721 4251 vero
2754 4191 2842 4252 vel
2885 4200 3056 4252 terra;
3087 4192 3401 4267 mandans,
3439 4193 3531 4253 vel
3565 4193 3680 4253 alia

315 4292 560 4360 ματικῶν
601 4285 938 4343 ἀλλοιώσεων
975 4288 1316 4367 ἀφανίζουσα.
1368 4285 1716 4349 Ἀλλοιώσεις
1770 4284 1824 4340 δὲ
1856 4285 1953 4341 νόει

2045 4281 2321 4363 quapiam
2349 4280 2642 4361 corporali
2660 4280 3072 4342 immutatione
3096 4279 3366 4343 abolens.
3390 4279 3680 4344 lmmuta-

305 4375 411 4437 τὰς
457 4376 527 4438 εἷς
554 4373 839 4443 σκώληκας
891 4377 977 4433 καὶ
1009 4378 1083 4441 εἰς
1135 4375 1271 4433 ἄλλα
1303 4379 1487 4455 ζοΰφια
1531 4374 1953 4454 μεταστοιχειώ-

2045 4361 2239 4432 tiones
2268 4378 2463 4432 autem
2496 4378 2664 4432 vocat
2692 4369 2821 4430 illas
2849 4389 2980 4449 quae
3009 4370 3067 4429 in
3124 4388 3355 4431 vermes
3385 4370 3554 4445 fiunt,
3588 4369 3678 4432 vel

308 4463 426 4527 σείς
455 4470 546 4520 τοῦ
600 4463 862 4530 σώπατος’
900 4463 985 4521 διὰ
1035 4472 1190 4523 τοῦτο
1219 4468 1254 4534 ἡ
1299 4465 1456 4534 ὸλικὴ
1505 4472 1598 4522 τοῦ
1637 4463 1824 4528 ὕδατος
1854 4464 1955 4522 γά-

307 4550 474 4626 λυψις
504 4553 603 4619 τὴν
631 4555 886 4620 τοιαύτην
917 4553 1090 4612 ἆϊδίαν
1122 4555 1218 4623 τῆς
1266 4577 1324 4612 τε
1354 4556 1538 4631 ψυχῆς
1589 4556 1674 4611 καὶ
1703 4561 1795 4610 τοῦ
1844 4553 1957 4610 σώ-

307 4662 510 4720 ματος,
543 4639 790 4708 δηλονότι
819 4645 911 4699 τὸν
949 4643 1170 4700 θάνατον
1219 4642 1549 4724 παραδηλοῖ.
1584 4645 1681 4701 Καὶ
1737 4643 1846 4700 ἐπεὶ
1902 4642 1957 4699 ἐν

306 4732 483 4804 τρισὶν
534 4731 779 4812 ἡμέραις,
809 4733 896 4788 καὶ
953 4733 1007 4788 ἐν
1059 4735 1194 4812 τρισὶ
1243 4733 1376 4800 νυξὶν
1426 4734 1477 4791 ἐν
1531 4740 1598 4809 τῇ
1631 4732 1800 4805 κοιλίᾳ
1857 4737 1954 4800 τῆς

309 4819 420 4896 γῆς
467 4820 495 4875 6
524 4821 828 4898 ζωαρχικὸς
888 4817 1091 4888 Ἰησοῦς
1139 4821 1336 4903 ἔμεινε,
1370 4822 1454 4878 διὰ
1510 4822 1608 4898 μὲν
1637 4828 1742 4878 τῶν
1800 4827 1958 4900 τριῶν

310 4905 652 4965 καταδύσεων
713 4911 762 4964 αἱ
817 4922 962 4988 τρεῖς
1021 4911 1199 4977 νύκτες
1252 4910 1689 4991 παραδηλοῦνται·
1750 4907 1834 4967 διὰ
1903 4907 1958 4965 δὲ

309 5002 426 5055 τῶν
454 5001 612 5076 τριῶν
642 4996 938 5057 ἁναδύσεων
964 5001 1016 5061 αἱ
1045 5013 1190 5079 τρεῖς
1223 5001 1443 5081 ἡμέραι,

400 5175 430 5254 §
478 5173 635 5238 VI".
703 5168 856 5254 Ἐξῂς
906 5177 958 5235 δὲ
1011 5178 1274 5258 φωτοειδῆ
1331 5179 1516 5256 ἱμάτια
1563 5181 1590 5237 ὁ
1645 5179 1959 5258 τελούμενος

315 5265 664 5345 ἀμφιέννυται
707 5264 790 5323 διὰ
829 5269 889 5324 τὸ
944 5269 1140 5334 ἀπαθὲς
1196 5271 1282 5327 καὶ
1338 5269 1662 5351 ἁῤῥύπωτον,
1719 5274 1806 5328 καὶ
1860 5273 1960 5341 τὴν

316 5357 454 5433 πρὸς
510 5357 573 5412 τὸ
630 5355 685 5412 ἓν
740 5359 851 5436 φῶς
899 5359 1168 5416 σύννευσιν
1211 5359 1326 5416 καθ’
1383 5361 1456 5417 ὢν
1498 5363 1526 5416 6
1576 5361 1804 5439 ῥυπαρὸς
1847 5363 1958 5439 βίος

309 5447 405 5505 καὶ
444 5444 679 5522 ἄκοσμος
737 5447 824 5503 καὶ
880 5447 1108 5513 ἀνείδεος
1153 5449 1308 5506 οἱονεὶ
1369 5447 1631 5525 δυσειδής,
1664 5449 1807 5530 (οἵ)δέ
1857 5453 1957 5532 γὰρ

393 5643 416 5674 ι
454 5629 481 5696 Ι
510 5632 646 5700 Cor.
678 5653 744 5718 ιι,
778 5637 840 5701 9.
926 5648 948 5677 ·
976 5635 1194 5702 Joann.
1229 5653 1353 5716 xvr,
1385 5639 1476 5701 33.

2041 4461 2270 4522 similes
2301 4463 2359 4522 in
2393 4460 2510 4521 alia
2537 4459 2896 4521 animalcula
2916 4459 3182 4539 corporis
3217 4459 3681 4522 transformatio-

2042 4568 2192 4622 nes;
2244 4549 2524 4630 quocirca
2553 4548 2729 4610 etiam
2784 4547 2978 4610 totalis
3022 4549 3130 4609 ista
3159 4566 3326 4629 aquae
3375 4547 3678 4629 coopertio

2041 4639 2370 4701 istiusmodi
2403 4646 2747 4718 perpetuam
2775 4638 2988 4698 animai
3016 4639 3404 4718 corporisque
3429 4647 3677 4700 mortem

2040 4729 2355 4808 significat.
2388 4727 2460 4788 Et
2487 4727 2768 4808 quoniam
2799 4726 2986 4789 tribus
3019 4726 3230 4789 diebus
3258 4746 3326 4789 ac
3359 4727 3546 4790 tribus
3577 4746 3681 4789 no-

2042 4818 2234 4881 ctibus
2261 4815 2436 4879 Jesus
2461 4817 2562 4897 qui
2593 4816 2723 4878 vitae
2763 4817 3044 4897 princeps
3077 4824 3156 4892 et,
3181 4816 3243 4877 in
3275 4823 3480 4878 ventre
3507 4825 3683 4880 terrae

2043 4906 2389 4989 permansit,
2426 4924 2531 4987 per
2551 4915 2670 4968 tres
2688 4905 2928 4987 quidem
2953 4905 3394 4986 immersiones,
3423 4914 3546 4968 tres
3568 4925 3678 4969 no-

2043 5005 2188 5070 ctes,
2224 5014 2330 5077 per
2358 5004 2478 5058 tres
2531 5003 2727 5058 autem
2763 4994 3154 5073 emersiones,
3202 5003 3325 5057 tres
3359 4995 3486 5058 dies
3529 4996 3681 5060 desi-

2042 5092 2320 5167 gnantur.

2096 5174 2288 5256 §VlII.
2299 5174 2579 5240 Candidis
2594 5173 2816 5238 deinde
2827 5173 3196 5237 vestimentis
3209 5174 3472 5238 initiatus
3487 5173 3681 5237 indui-

2045 5273 2410 5348 tur,pr0pter
2434 5266 2776 5347 passionum
2818 5283 2887 5327 ac
2918 5263 3184 5327 sordium
3216 5263 3589 5344 vacuitatem,
3621 5272 3683 5325 et

2042 5374 2175 5419 cum
2200 5375 2316 5417 uno
2346 5355 2570 5418 lumine
2598 5355 3085 5435 consensionem,
3111 5371 3219 5434 per
3245 5371 3420 5435 quam
3437 5352 3680 5416 sordida

2041 5456 2100 5510 et
2121 5446 2426 5510 immunda
2447 5444 2840 5528 informisque
2862 5447 2975 5509 vita
2997 5444 3166 5526 quasi
3195 5441 3512 5524 disparuit.
3546 5442 3681 5507 Non
