4088 6208
483 334 602 410 427

1651 336 1713 404 S.
1769 331 2106 402 DIONYSlI
2148 331 2682 402 AREOPAGITE.

3764 323 3877 395 428

483 475 803 556 gratiarum
861 474 1203 554 actionem;
1267 474 1607 554 populoque
1647 473 1847 535 divina
1903 482 2130 537 tantum

2230 472 2436 553 τασχὼν
2467 468 2521 525 δὲ
2567 469 2652 526 καὶ
2681 466 2940 544 μεταδοὺς
2969 471 3068 534 τῆς
3110 465 3413 546 θεαρχικῆς
3445 464 3746 537 κοινωνίας,
3791 466 3860 527 εἷς

486 563 756 644 symbola
802 571 1146 635 contuente,
1182 562 1313 642 ipse
1364 580 1607 642 semper
1637 560 1860 642 Spiritu
1912 562 2138 638 divino,

490 671 600 736 per
627 652 826 714 beatas
877 670 942 714 ac
974 649 1274 734 spiritales
1318 652 1879 732 contemplationes,
1914 653 2142 715 hierar-

491 742 662 805 chice
717 738 794 801 ad
825 748 1210 803 sacrosancta
1269 743 1692 821 mysteriorum
1723 741 2053 823 primordia
2082 741 2144 804 in

495 830 678 894 divini
710 834 900 892 status
931 830 1187 911 puritate
1216 827 1478 893 ducitur.

1016 1116 1115 1180 III.
1183 1116 1650 1200 Contemplatio.

2225 560 2565 641 εὐχαριστίαν
2626 559 2769 636 ἱερὰν
2825 555 3141 635 καταλήγει,
3204 562 3310 610 τῶν
3371 553 3582 610 πολλῶν
3656 553 3753 641 μὲν
3807 554 3875 616 είς

2226 640 2365 726 μόνα
2420 649 2486 705 τὰ
2533 651 2653 704 θεῖα
2711 645 2951 722 σύμϐολα
2993 646 3441 724 παρακυψάντων,
3483 643 3641 698 αὺτοῦ
3683 640 3737 697 δὲ
3798 641 3882 696 ἀεὶ

2225 747 2302 814 τῷ
2361 742 2635 817 θεαρχικῴ
2686 737 2950 809 Πνεόματι
3006 736 3136 814 πρὸς
3166 733 3259 798 ταὶς
3310 733 3462 810 ἁγίας
3522 737 3628 788 τῶν
3687 729 3872 787 τελουο

2227 828 2403 906 μένων
2463 827 2635 908 ἀρχὰς
2679 824 2734 882 ἐν
2776 825 3053 901 μακαρίοις
3115 823 3201 879 καὶ
3258 834 3477 889 νοητοῖς
3505 820 3568 871 70
3622 821 3878 896 θεάμασιν

2225 921 2547 998 ἱεραρχικῶς
2605 915 2660 971 ἐν
2711 913 3031 993 καθαρότητι
3077 916 3175 980 τῆς
3234 908 3491 976 θεοειδοῦς
3535 909 3696 975 ἕξεως
3740 909 3872 965 ἀνα-ν

2227 1007 2482 1085 γομένου.

2869 1128 2960 1178 lll.
3008 1119 3238 1198 Θεωρία.

2136 1279 2245 1359 §I.

579 1443 854 1523 Agedum
913 1456 1077 1520 ergo,
1113 1439 1302 1520 probe
1357 1440 1463 1516 (ili,
1501 1447 1631 1521 post
1662 1439 1884 1520 ﬁguras
1941 1439 2147 1502 ordine

2319 1444 2481 1523 Δεῦρο
2512 1442 2576 1510 δὴ
2621 1441 2732 1520 οὖν,
2765 1442 2811 1498 ὦ
2841 1439 2946 1497 παῖ
2982 1438 3134 1518 καλὲ,
3169 1437 3305 1514 μετά
3335 1437 3428 1502 τάς
3475 1439 3680 1504 εἰκόνας
3709 1441 3764 1496 ἓν
3795 1440 3884 1495 τά·

498 1541 828 1613 sancteque
857 1529 1501 1609 digestas,deiformem
1529 1528 2021 1610 primigeniorum
2045 1547 2147 1591 ve-

2235 1532 2308 1599 ξει
2365 1535 2453 1590 καὶ
2509 1534 2661 1608 ἱερῶς
2697 1529 2780 1587 ἐπὶ
2823 1532 2922 1597 τὴν
2965 1527 3173 1595 θεοειδῆ
3220 1532 3323 1584 τῶν
3369 1527 3687 1606 ἀρχετΰπων
3743 1527 3884 1598 ἀλή-

496 1623 732 1684 ritatem
783 1621 861 1682 iis
909 1620 1006 1700 qui
1064 1619 1260 1681 adhuc
1329 1619 1642 1680 initiantur
1692 1619 2034 1694 declarabo,
2076 1618 2147 1680 ad

2231 1627 2397 1701 Θειοιν,
2431 1621 2609 1678 ἐκεῖνο
2665 1632 2780 1682 τοῖς
2814 1619 2890 1675 ἔτι
2939 1616 3327 1692 τελειουμένοις
3358 1614 3409 1657 ’τί
3449 1618 3520 1679 εἷς
3578 1617 3885 1693 ἐναρμόνιον

497 1729 704 1773 eorum
725 1714 956 1772 animos
983 1725 1244 1787 congrue
1276 1708 1619 1770 excitandos
1645 1729 1660 1787 ;
1697 1727 1774 1770 ne
1791 1709 2025 1770 diversa
2050 1708 2147 1770 illa

2234 1713 2404 1768 αὐτῶν
2465 1712 2819 1788 ψυχαγωγίαν
2857 1706 3020 1763 εἰπὼν
3051 1705 3138 1778 79,
3175 1708 3248 1769 ὡς
3307 1703 3424 1760 οὔδε
3454 1705 3558 1761 τῶν
3613 1705 3888 1782 συμϐόλων

496 1799 903 1880 symbolarum
933 1815 1101 1860 sacra
1133 1797 1484 1877 compositio
1520 1797 1668 1878 ipsis
1698 1797 1956 1878 insipida
1989 1799 2147 1878 (inu-

2234 1802 2269 1868 ἡ
2301 1800 2520 1866 ποικίλη
2564 1799 2651 1854 καὶ
2699 1799 2812 1874 ἱερὰ
2869 1797 3097 1860 σύνθεσις
3145 1794 3372 1861 ἆνοητος
3400 1794 3462 1842 73
3493 1794 3674 1858 αὺτοῖς
3718 1797 3886 1873 ὑπάρ-

499 1889 646 1969 tilis)
676 1889 906 1960 existat,
937 1885 986 1948 si
1011 1885 1368 1949 exteriorem
1403 1895 1627 1948 tantum
1659 1895 2006 1967 apparatum
2033 1904 2147 1968 pra!

2237 1909 2350 1968 χει,
2385 1888 2548 1966 μέχρι
2583 1892 2686 1943 τῶν
2718 1883 2773 1928 7‘
2809 1886 2960 1949 ἐκτὸς
2990 1882 3291 1960 φαινομένη
3337 1885 3519 1946 μόνον.
3567 1887 3628 1940 Αἱ
3658 1887 3754 1960 μὲν
3789 1886 3886 1962 γὰρ

495 1996 562 2041 se
590 1977 762 2040 lerat.
797 1979 885 2039 Ac
909 1975 1308 2039 sacratissima
1331 1975 1572 2054 quidem
1601 1976 1976 2056 eloquiorum
2007 1994 2147 2038 can-

2236 1977 2515 2054 ἱερώταται
2543 1983 2649 2034 τῶν
2683 1978 2876 2053 λογίων
2908 1972 3036 2047 ᾠδαὶ
3066 1974 3150 2028 καὶ
3184 1973 3507 2050 ἀναγνώσεις
3543 1971 3886 2030 διδασκαλίαν

497 2067 614 2129 tica
637 2076 698 2128 et
719 2065 1006 2128 lectiones
1037 2063 1238 2144 probae
1265 2064 1409 2144 ipsis
1442 2064 1698 2126 innuunt
1717 2065 1849 2126 vita).
1875 2064 2147 2146 discipli-

2237 2066 2423 2131 αὐτοῖς
2480 2065 2724 2142 ἐναρέτου
2751 2068 2893 2134 ζωῆς
2939 2064 3289 2141 ὑφηγοῦνται,
3323 2063 3412 2117 καὶ
3469 2063 3570 2140 πρό
3613 2085 3672 2139 γε
3703 2064 3887 2120 τούτου

496 2173 659 2236 nam,
687 2161 744 2217 et
765 2173 896 2235 quae
917 2154 1073 2216 hanc
1097 2153 1403 2233 praecedit,
1429 2154 1829 2216 omnimodam
1856 2163 2154 2234 corruptae

497 2243 804 2326 pravitatis
857 2241 1300 2321 expiationem:
1357 2241 1727 2305 divinissima
1783 2260 1924 2304 vero
1974 2243 2154 2304 unius

499 2333 897 2414 ejusdemque
929 2350 1063 2394 cum
1097 2331 1266 2411 panis
1289 2339 1410 2392 tum
1444 2331 1647 2395 calicis
1695 2333 2032 2394 communis
2076 2352 2147 2394 ac

497 2423 748 2504 paciﬁca
791 2420 1184 2502 participatio,
1221 2421 1482 2482 divinam
1515 2421 1590 2482 iis
1638 2439 1871 2482 morum
1904 2423 2151 2483 confor-

499 2512 790 2586 mitatem,
826 2519 1104 2591 tanquam
1153 2510 1560 2584 connutritiis,
1599 2509 1934 2591 praescribit
1969 2534 1984 2589 ;
2045 2529 2153 2573 nec

498 2619 620 2663 non
637 2619 825 2662 cenae
847 2599 1232 2661 divinissimae
1247 2609 1428 2681 atque
1451 2600 1907 2681 archisymbolae
1937 2613 2156 2681 myste-

502 2689 731 2752 riorum
763 2690 972 2751 borum
1025 2696 1462 2750 sacrosanctam
1515 2689 1843 2752 introducit
1892 2708 2151 2751 comme-

505 2779 934 2854 morationem;
980 2778 1150 2857 cujus
1209 2779 1388 2839 etiam
1442 2777 1695 2858 ipsemet
1744 2777 2151 2856 symbolorum

499 2875 707 2930 auctor
749 2867 888 2948 jure
917 2865 1300 2929 meritissimo
1356 2874 1622 2929 exortem
1656 2867 1795 2929 facit
1845 2885 2007 2942 eum,
2051 2868 2154 2944 qui

506 2973 704 3034 neque
723 2962 925 3018 sancte
940 2974 1135 3037 neque
1165 2957 1363 3018 animo
1383 2956 1666 3019 concordi
1692 2974 1921 3019 sacram
1946 2975 2151 3018 secum

504 3062 738 3108 caenam
759 3045 1165 3126 frequentarat
1191 3065 1207 3125 ;
1233 3045 1458 3108 docens
1484 3045 1660 3106 simul
1688 3053 1890 3108 sancte
1911 3044 2155 3128 Deoque

2237 2158 2332 2222 τὴν
2392 2153 2629 2221 παντελῆ
2660 2152 2722 2202 75
2782 2156 2881 2220 τῆς
2912 2155 3227 2230 φθοροποιοῦ
3277 2151 3462 2214 κακίας
3506 2151 3884 2230 ἀποκάθαρσιν·

2235 2247 2269 2312 ἡ
2325 2243 2379 2300 δὲ
2408 2243 2658 2309 θειοτάτη
2697 2241 2789 2298 τοῦ
2822 2242 2939 2303 ἐνὸς
2999 2239 3094 2296 καί
3124 2241 3316 2295 ταῖδτοῦ
3345 2241 3435 2295 καὶ
3477 2238 3633 2316 ἄρτου
3663 2241 3751 2296 καὶ
3783 2264 3887 2297 πο-

2237 2335 2416 2409 τηρίου
2474 2333 2628 2398 κοινὴ
2679 2333 2767 2388 καὶ
2825 2331 3060 2407 εἷρηναία
3117 2326 3397 2404 μετάδοσις
3430 2331 3749 2406 ὁμοτροπίαν
3787 2335 3890 2388 αὗ-

2239 2437 2354 2488 τοϊς
2398 2421 2572 2478 ’ένθεον
2605 2424 2678 2484 ὡς
2713 2421 3034 2499 ἑμοτρόφοις
3064 2417 3128 2466 ’76
3171 2421 3474 2491 νομοθετεῖ,
3507 2420 3596 2475 καὶ
3626 2426 3718 2475 τοῦ
3744 2422 3890 2474 θειο-

2236 2514 2393 2570 τάτου
2451 2509 2664 2567 δείπνου
2707 2512 2794 2566 καὶ
2855 2505 3255 2587 ἀρχισυμόόλου
3298 2513 3404 2563 τῶν
3437 2505 3763 2582 τελουμένων
3815 2510 3890 2571 εἷς

2235 2603 2455 2676 μνήμην
2485 2601 2632 2677 ἱερὰν
2689 2599 2806 2677 ἄγει
2837 2598 2952 2655 καθ’
3002 2599 3030 2653 ὃ
3064 2599 3149 2655 καὶ
3209 2598 3366 2660 αὒτὸς
3399 2596 3426 2651 ὃ
3453 2601 3561 2652 τῶν
3609 2594 3890 2670 συμϐόλων

2236 2690 2554 2768 δημιουργὸς
2588 2688 2892 2766 ἀποκληροτ
2921 2686 3238 2743 δικαιότατα
3271 2688 3361 2741 τὸν
3407 2688 3508 2764 οὐχ
3541 2688 3696 2750 ὁσίως
3749 2688 3892 2759 αὖτῷ

2235 2782 2323 2837 καὶ
2393 2779 2744 2856 ὁμοτρόπως,
2777 2778 2842 2833 τὰ
2897 2777 3008 2856 ἱερὰ
3079 2773 3554 2847 συνδειπνήσαντα,
3628 2773 3890 2832 διδάσκων

2237 2868 2439 2946 :61th;
2498 2887 2555 2922 τε
2585 2866 2696 2940 ἅμα
2748 2867 2832 2921 καὶ
2872 2866 3202 2943 θεοπρεπῶτ,
3236 2865 3309 2928 ὡς
3352 2865 3387 2930 ἡ
3435 2862 3552 2920 καθ’
3582 2863 3682 2929 ἕξιν
3742 2864 3888 2930 ἀλη-

2235 2958 2329 3024 θὴς
2364 2957 2446 3012 ἐπὶ
2501 2957 2565 3012 τὰ
2594 2955 2718 3012 θεία
2748 2954 2936 3033 προσέδ
2950 2975 3090 3015 ευσις
3139 2957 3239 3020 τὴν
3269 2961 3399 3030 πρὸς
3453 2955 3513 3009 τὸ
3545 2951 3730 3028 ὅμοιον
3779 2952 3888 3010 αὖ-

2237 3053 2342 3103 τῶν
2371 3045 2647 3102 κοινωνίαν
2676 3058 2792 3108 τοῖς
2838 3042 3110 3121 προσιοῦσι
3143 3043 3440 3122 χαρίζεται.

505 3143 906 3199 consentanee
936 3131 1158 3197 sinceri
1183 3133 1258 3196 ad
1290 3134 1489 3197 divina
1513 3135 1710 3197 anima
1756 3135 2188 3218 accessionem,
2218 3132 2634 3198 similitudinis
2663 3149 2899 3215 quoque
2926 3130 3146 3194 divinae
3186 3129 3507 3212 participes
3536 3129 3770 3194 edicere
3800 3132 3894 3196 sic

2110 3306 2138 3385 §
2184 3303 2260 3370 Il.

585 3467 878 3530 Caeterum
901 3465 1016 3546 bis,
1036 3483 1167 3545 qua;
1188 3464 1482 3527 aditurum
1502 3465 1814 3528 vestibulis
1847 3467 2147 3547 eleganter

2310 3474 2482 3527 Ταῦτα
2536 3467 2633 3542 μὲν
2671 3465 2759 3522 οὖν
2789 3467 2863 3530 ὡς
2907 3461 3062 3545 ἔφην,
3097 3466 3182 3522 Eni
3242 3466 3309 3521 τὰ
3354 3464 3459 3522 τὼν
3494 3461 3690 3522 ἆδύτων
3745 3486 3892 3543 προ-

507 3223 892 3288 accedentes.

502 3555 738 3636 adpicta
764 3557 1068 3617 rudiorum
1103 3554 1237 3616 189
1266 3555 1755 3636 contemplationi
1786 3556 1927 3619 satis
1975 3562 2140 3635 sunt,

502 3643 827 3726 relictis,ab
848 3643 1073 3707 eﬂ‘ectis
1093 3644 1164 3705 ad
1189 3661 1394 3706 causas
1418 3645 1897 3724 progrediemnr,
1926 3646 2144 3712 deinde

503 3750 732 3796 sacram
751 3742 1012 3795 nostram
1044 3733 1312 3814 synaxin,
1347 3741 1527 3814 atque
1557 3743 2018 3798 consentaneam
2051 3754 2148 3799 re~

502 3837 634 3883 rum
650 3823 1016 3894 spiritalium,
1038 3824 1172 3881 Jesu
1202 3822 1571 3894 praelucente,
1603 3825 2145 3896 contemplationem

507 3910 1006 3993 conspicabimur,
1031 3910 1263 3974 beatein
1287 3910 1717 3991 primitivorum
1755 3914 2146 3993 pulchritudi-

505 4017 643 4062 nem
668 4001 950 4080 prazclare
977 4018 1216 4080 prorsus
1237 4000 1627 4062 evibrantem.
1659 4001 1774 4064 Sed
1809 4012 1890 4079 tu,
1927 4022 1962 4064 ο
1995 4003 2148 4066 divi-

503 4087 820 4150 nissimum
843 4106 912 4150 ac
933 4093 1380 4151 sacrosanctum
1401 4105 1836 4152 sacramentum
1844 4093 2148 4169 ,{circum-

504 4179 691 4258 posita
712 4176 816 4238 tibi
840 4176 1170 4256 symbolice
1191 4178 1565 4255 aenigmatum
1591 4179 1964 4260 operimenta
1985 4200 2150 4246 reve-

502 4265 654 4342 lans,
718 4265 944 4345 liquido
1015 4265 1189 4328 nobis
1252 4267 1678 4343 manifesteris,
1738 4271 2147 4353 mentalesque

502 4362 738 4417 nostros
781 4353 1022 4418 obtutus
1053 4355 1340 4435 singulari
1392 4365 1453 4420 et
1497 4365 1708 4438 aperta
1758 4358 1894 4423 luce
1947 4361 2143 4425 adim-

505 4444 682 4523 pleto.

2226 3556 2420 3614 πύλαια
2478 3556 2653 3620 καλῶς
2683 3553 3117 3634 διαγεγραμμένα
3174 3567 3295 3620 τοῖς
3326 3554 3571 3612 ἀτελέσιν
3602 3554 3682 3611 ἔτι
3746 3558 3887 3633 πρὸς

2225 3647 2442 3725 θεωρίαν
2527 3644 2762 3721 αὐτάρκη
2852 3644 3304 3723 καταλείποντες,
3378 3640 3694 3717 εἰσέλθωμεν
3783 3642 3894 3698 ἀπὸ

2224 3743 2332 3793 τῶν
2362 3737 2609 3792 αἰτιατῶν
2641 3735 2714 3798 εἰς
2763 3731 2830 3788 τά
2855 3733 3043 3811 αἴτια,
3089 3733 3226 3790 κατὰ
3280 3732 3378 3800 τὴν
3407 3732 3547 3808 ἱερὰν
3575 3733 3732 3806 ἡμῶν
3763 3731 3892 3786 σύν-

2227 3825 2364 3899 αξιν,
2415 3827 2502 3882 καὶ
2544 3824 2642 3892 τὴν
2702 3821 2938 3900 εὐπρεπῆ
2996 3821 3102 3878 τῶν
3157 3827 3364 3888 νοητῶν
3417 3820 3500 3896 77,
3536 3821 3716 3886 Ἰησοῦ
3763 3844 3890 3898 φω-

2236 3916 2602 3992 ταγωγοῦντος
2656 3910 2742 3990 78,
2775 3911 3017 3986 ὁψόμετα
3059 3911 3302 3988 θεωρίαν,
3335 3911 3396 3965 τὸ
3447 3910 3714 3988 μακάριον
3745 3908 3890 3964 ἀποο

2233 4001 2544 4061 στιλϐουσαν
2590 4001 2836 4083 ἔμφανώς
2895 4001 3000 4056 τῶν
3057 3999 3376 4080 ἀρχετύπων
3417 3997 3639 4062 κάλλος.
3690 3995 3886 4070 Ἀλλὰ,

2231 4093 2278 4149 ὦ
2317 4092 2564 4158 θειοτάτη
2598 4094 2686 4148 καὶ
2743 4091 2856 4164 ἱερὰ
2883 4088 3098 4168 τελετὴ,
3131 4086 3199 4144 τά
3233 4088 3575 4166 περικείμενά
3624 4109 3710 4143 σοι
3736 4108 3886 4162 συμ-

2229 4179 2458 4245 ϐολικῶς
2511 4180 2847 4260 ἀμφιέσματα
2935 4183 3041 4235 τῶν
3114 4177 3441 4256 αἰνιγμάτων
3512 4174 3883 4251 ἀποκαλυψαο

2229 4271 2388 4348 μένη,
2449 4269 2729 4349 τηλαυγῶς
2780 4271 2917 4344 ἡμῖν
2975 4265 3342 4346 ἂναδείχθητι,
3398 4267 3488 4323 καὶ
3537 4267 3634 4330 τὰς
3685 4266 3880 4342 νοερᾶς

2225 4363 2380 4435 ἡμῶν
2437 4357 2587 4435 ὄψεις
2642 4360 2834 4417 ἔνιαίου
2890 4358 2977 4415 καὶ
3034 4355 3463 4434 ἆπερικαλύπτου
3497 4356 3671 4434 φωτὸς
3719 4353 3872 4411 ἄπο-

2226 4449 2538 4530 πλήρωσον,

2091 4614 2122 4694 §
2154 4612 2257 4679 IlI.

577 4766 793 4833 Sancta
814 4766 1017 4852 itaque
1048 4767 1220 4833 nobis
1246 4770 1615 4851 penetrantia
1645 4790 1891 4857 censeo,
1921 4778 2010 4853 ut,
2043 4776 2141 4840 in-

2308 4781 2406 4831 Δεϊ
2461 4769 2526 4839 δὴ
2556 4766 2644 4827 οὗν
2690 4770 2832 4846 ἡμᾶς
2864 4764 3012 4833 ἔντος
3056 4767 3310 4849 παρεῖναι
3339 4764 3404 4818 79
3429 4771 3536 4825 τῶν
3588 4767 3885 4849 πανιέρων,

494 4856 819 4940 telligentia
870 4860 1048 4941 primi
1103 4859 1410 4924 simulacri
1470 4861 1819 4943 spiritaliter
1879 4856 2137 4944 detecta,

2226 4863 2437 4940 οἴομαι,
2495 4861 2556 4918 τὸ
2610 4859 2799 4927 νοητὸν
2859 4857 2922 4908 80
2972 4864 3064 4916 τοῦ
3119 4859 3329 4938 πρώτου
3385 4865 3491 4915 τῶν
3547 4855 3886 4936 ἀγαλμάτων

491 4947 826 5007 deiformem
857 4949 981 5021 ejus
1016 4949 1504 5021 pulchritudinem
1531 4953 1876 5020 intueamur,
1905 4969 2142 5015 necnon

2230 4953 2329 5012 imo
2347 4949 2730 5032 ρμνώσαντας,
2768 4949 2841 5014 είς
2899 4950 2959 5007 τὸ
3021 4946 3246 5012 θεοειδὲς
3303 4952 3462 5008 αὐτοῦ
3507 4947 3707 5013 κάλλος
3749 4947 3884 5004 ἱνα-

489 5039 814 5100 antistitem
844 5039 1046 5104 divino
1079 5058 1321 5120 prorsus
1355 5041 1529 5105 modo
1562 5041 1867 5106 videamus
1887 5063 1922 5107 a
1943 5045 2138 5110 divino

2230 5044 2446 5121 τενίσαι,
2478 5041 2566 5098 καὶ
2598 5041 2688 5096 τὸν
2733 5038 2990 5118 ίεράρχην
3034 5038 3222 5102 ἐνθέως
3267 5035 3400 5096 ἰδεῖν
3429 5037 3532 5095 ἀπὸ
3585 5043 3674 5094 τοῦ
3735 5037 3883 5094 θείου

489 5125 650 5186 altari
681 5126 754 5187 ad
775 5129 1160 5188 extremitates
1183 5143 1370 5201 usque
1405 5131 1593 5204 templi
1621 5145 1755 5191 cum
1785 5132 1979 5194 odoris
2008 5150 2142 5196 sua-

2230 5132 2591 5212 θυσιαστηρίου
2634 5129 2796 5210 μέχρι
2828 5133 2932 5187 τῶν
2985 5127 3234 5210 ἐσχάτων
3262 5135 3355 5187 τοῦ
3401 5129 3543 5208 ἱεροῦ
3570 5124 3690 5206 μετ’
3746 5126 3880 5186 εὖο-

1799 5284 2055 5354 VARUE
2113 5291 2560 5358 LECTIONES.

564 5413 733 5505 7°__M.
769 5415 873 5505 _Sc:
907 5424 1136 5505 νοέροῖςο
1187 5416 1646 5505 Z‘ylg'mévmg,
1678 5416 1770 5505 P._
1809 5420 2064 5505 τεεῖπω,
2099 5423 2162 5488 8.
2216 5427 2284 5490 Ρ.
2323 5429 2386 5488 s.
2419 5428 2517 5490 Sc.
2584 5422 2648 5476 ἰδ
2675 5423 2960 5505 ἀνόνητος,
2997 5423 3102 5487 Cb.
3135 5420 3302 5505 nis.
3335 5423 3565 5505 P.Sar.
3602 5419 3879 5505 et‘Yieg.

483 5493 543 5586 ἓ.
588 5497 670 5586 1⁸
703 5498 786 5586 δία]
816 5499 979 5586 μέχξι
1023 5503 1154 5577 τῶν,
1279 5495 1348 5586 ΡΣ
1381 5499 1452 5561 Ι).
1485 5496 1552 5558 Β.
1601 5493 1696 5560 SC.
1731 5501 1860 5568 Sar.
1910 5503 1988 5586 :15
2006 5493 2102 5586 καὶ
2146 5509 2279 5584 πρός
2308 5529 2369 5586 γε
2401 5509 2607 5572 τούτοις
2653 5504 2863 5585 ἐντελῆ,
2883 5493 2973 5586 Μ’.
3013 5507 3112 5586 ξς.
3162 5502 3239 5586 _76
3279 5504 3622 5586 ὁμοτρόποις,
3659 5501 3768 5586 Cll.
3805 5502 3874 5566 S.

484 5577 565 5669 P._
587 5574 657 5669 ΒΚ.
720 5576 782 5628 77
814 5574 1234 5669 {grauatis
1257 5579 1352 5669 τοιξ
1381 5589 1856 5669 φωταγωγορντος,
1901 5581 1964 5647 8.
2001 5585 2078 5669 _P._
2140 5574 2203 5637 ’τό
2243 5574 2394 5653 ἒνὲὸς
2439 5591 2537 5669 γὰρ
2569 5587 2743 5668 εἶναι,
2779 5574 2952 5649 Ρ.Ἰ).
3011 5581 3119 5648 Ch.
3155 5583 3284 5651 Sar.
3311 5574 3322 5580 ’
3347 5574 3549 5641 εστῶν
3578 5574 3883 5667 τίανιίρὼν,

481 5659 570 5713 καὶ
597 5659 659 5715 τὸ
691 5654 901 5736 νοητόν,
933 5657 1013 5722 M.
1045 5654 1145 5724 Sc.
1178 5661 1251 5727 ὡς
1295 5654 1505 5738 οἴομαι,
1548 5654 1640 5718 καί
1667 5659 1819 5729 Bud,
1840 5654 2132 5748 ⁷θοι-ι’ίαίι,
