4026 6210
444 243 561 311 435

1616 243 1677 304 s.
1732 239 2072 304 DIONYSII
2123 198 2654 303 ABEOPAGITAB.
3681 239 3779 305 436

447 388 506 446 et
523 381 935 444 immortaliter
960 377 1356 460 possidentur,
1405 379 1582 455 atque
1603 374 1963 437 aeternaliter
1985 375 2084 437 deo

2182 379 2514 455 ρθοροποιοὺς
2545 375 2761 457 ἡδονὰς,
2799 379 2888 434 καί
2939 376 3307 445 τήδάϐέόαιον
3365 377 3417 434 ἐν
3476 389 3588 441 τοῖς
3639 379 3784 438 ἀλλο·-

450 475 807 552 Iectant,per
832 476 1152 532 extremam
1179 464 1408 544 sibique
1431 465 1820 544 perniciosam
1842 465 2094 526 demen-

450 563 596 625 tiam
628 554 1368 632 aversantur;materialem
1399 572 1532 615 vero
1559 553 1946 634 pluribusque
1968 571 2098 635 per-

452 647 894 714 turbationibus
917 645 1232 706 obnoxiam
1267 644 1764 717 immutationem,
1802 643 2094 723 perditas-

451 758 566 820 que
594 757 662 800 ac
684 733 1083 813 corruptrices
1113 733 1528 814 voluptates,et
1550 732 1910 806 instabilem,
1940 751 2099 794 eam-

450 827 851 910 quealienam,
879 840 1074 904 neque
1104 841 1242 884 vero
1276 821 1651 898 existentem,
1680 825 1782 884 sed
1811 840 2098 903 apparen-

449 929 568 980 tem
587 914 1042 977 delectationem
1078 911 1348 975 ambiunt
1377 911 1971 974 etconsectantur.Hi
1995 930 2095 974 er-

452 1026 523 1087 go
549 1004 812 1087 primi,et
833 1002 1075 1082 quidem
1110 1001 1300 1080 magis
1320 1001 1559 1080 proiirie
1581 1019 1752 1080 quam
1780 999 2098 1079 illi,segre-

452 1096 638 1174 gativa
661 1091 912 1154 ministri
945 1109 1089 1152 voce
1121 1089 1690 1170 arceantur;(neque
1713 1088 1870 1150 enim
1904 1089 1989 1151 fas
2021 1088 2094 1150 sit

453 1185 538 1246 eis
570 1181 889 1262 cujuslibet
908 1180 1150 1241 alterius
1166 1183 1452 1240 reisacrze
1478 1179 1795 1260 participes
1814 1179 2089 1256 evadere,

453 1281 848 1356 praeterquam
881 1269 1252 1349 eloquiorum
1291 1267 1420 1342 Dei,
1453 1286 1706 1345 quorum
1755 1268 2092 1347 magisterio

452 1364 524 1425 ad
550 1362 857 1423 meliorem
891 1360 1116 1438 frugem
1151 1358 1413 1418 converti
1443 1363 1691 1437 possint.
1729 1356 1872 1418 Nam
1917 1359 1963 1418 si
1997 1378 2090 1419 sn-

452 1449 1005 1536 permundialisilla
1035 1465 1338 1509 sacrorum
1372 1445 1712 1536 divinorum
1747 1445 2090 1536 celebratio,

454 1542 773 1604 etiamdum
798 1535 1420 1620 pmnitentes,tametsi
1453 1535 1750 1615 quondam
1777 1535 1908 1615 ejus
1938 1555 2097 1598 com-

457 1629 1036 1714 potes,repellit,non
1062 1626 1172 1687 nisi
1206 1626 1582 1686 sanctissimo
1609 1643 1843 1706 quoque
1869 1626 2096 1688 admis-

2177 467 2336 545 τρίοις
2395 467 2489 524 οὒκ
2547 466 2726 539 οὖσαν,
2788 465 2926 521 ἀλλᾶ
2990 464 3243 522 δοκοῦσαν
3299 467 3571 526 εὒπάθειαν
3629 468 3787 528 ἐπιθυ-

2177 557 2397 627 μοῦντες
2456 557 2543 611 καὶ
2603 555 2960 634 ἐνεργοῦντες,
3022 558 3080 613 Οἱ
3138 562 3340 631 πρῶτοι
3397 554 3612 612 δ’θοῦν
3667 559 3787 614 οὗτοι

2177 647 2264 701 καὶ
2293 646 2613 723 κὺριώτερον
2640 645 2853 700 ἐκείνων
2913 646 3014 701 ὑπὸ
3044 650 3143 710 τῆς
3193 653 3284 702 τοῦ
3342 644 3638 723 λειτουργοῦ
3689 645 3790 702 δια-

2177 740 2416 812 κριτικῆς
2471 739 2652 813 φωνῆς
2710 734 3159 815 ἀφοριζέσθωςτσιν⁸
3222 734 3278 792 οὔ
3340 737 3437 812 γὰρ
3478 738 3681 809 θεμιτὸν
3708 736 3791 791 αὖ·

2179 836 2296 886 τοῖς
2358 822 2534 902 ἐτέρου
2594 823 2737 882 τινὸς
2792 823 2931 900 ἱεροῦ
2962 837 3260 903 μετασχεῖν
3294 823 3330 892 ἢ
3361 825 3459 892 τῆς
3487 829 3591 880 τῶν
3629 823 3794 902 λογίων

2179 911 2590 992 ὲπιστρεπτικῆς
2651 911 2736 968 ἐπὶ
2796 913 2860 968 τὰ
2915 915 3137 992 κρείττω
3196 911 3556 978 διδασκαλίας.
3610 915 3659 970 Εἰ
3711 916 3794 991 γὰρ

2179 1004 2213 1071 ἡ
2273 1008 2379 1058 τῶν
2435 1001 2584 1058 θείων
2639 1003 2998 1080 ὑπερκόσμιος
3065 1003 3327 1082 ἱερουργία
3369 1004 3457 1059 καὶ
3487 1004 3604 1067 τοὺς
3634 1003 3683 1059 έν
3710 1023 3795 1078 με-

2175 1092 2378 1164 τανοίᾳ,
2412 1092 2498 1146 καὶ
2526 1091 2644 1156 rod;
2674 1089 2727 1132 ¹⁰
2753 1092 2882 1170 πρὸς
2934 1094 3098 1158 αὐτην
3154 1090 3256 1158 ἤδη
3314 1091 3622 1170 γεγονοίτας,
3677 1094 3794 1148 ἀπο-

2175 1182 2458 1258 κρύπτεται
2490 1177 2565 1252 ίί,
2600 1181 2660 1236 τὸ
2691 1181 2767 1256 μὴ
2814 1179 3089 1245 παντελῶς
3150 1181 3431 1260 ἱερώτατον
3489 1183 3549 1238 οὗ
3605 1203 3798 1260 προσιε-

2177 1269 2337 1345 μένη·
2398 1282 2706 1348 προσφωνεῖ
2753 1268 2806 1325 δὲ
2868 1272 2952 1326 καὶ
3009 1281 3162 1330 τοῦτο
3219 1270 3523 1348 πανάγνως,
3582 1270 3657 1326 ὅτι
3721 1273 3802 1328 Καὶ

2178 1372 2293 1422 τοῖς
2353 1359 2489 1415 κάτα
2542 1381 2590 1414 τι
2652 1362 2784 1437 πρὸς
2843 1362 2904 1416 τὸ
2957 1367 3049 1416 τοῦ
3107 1358 3367 1423 θεοειδοῢς
3413 1360 3571 1438 ἄκρον
3624 1359 3800 1424 ἀτελῶς

2180 1448 2544 1514 ἐξασθενοῦσιν
2601 1447 2819 1510 ἀθέατός
2870 1452 2976 1525 εἶμι
3042 1451 3131 1506 καὶ
3186 1449 3543 1517 ἀκοινώνητος
3585 1450 3801 1525 (ἀπασο-

2180 1536 2267 1592 ϐεϊ
2321 1537 2420 1615 γὰρ
2475 1538 2508 1604 ἦ
2567 1539 2703 1593 κατά
2765 1545 2867 1594 πᾶν
2923 1539 3256 1617 ἀμιγεστάτη
3290 1539 3440 1618 φωνῆ
3470 1540 3697 1602 καὶτοὺς
3737 1541 3803 1614 μὴ

2181 1626 2499 1700 δυναμένοος
2575 1624 2882 1694 συνδεθῆναι
2939 1641 3055 1691 τοῖς
3121 1629 3222 1684 τῶν
3251 1629 3534 1684 θειοτάτων
3593 1628 3733 1694 ἀξίως
3761 1626 3806 1670 η

455 1713 521 1784 so
558 1743 572 1797 ;
606 1722 747 1802 quin
781 1721 954 1781 etiam
989 1715 1314 1798 proclamat
1350 1737 1363 1778 :
1400 1713 1519 1793 Ego
1566 1715 1636 1775 ad
1684 1715 2099 1778 (leiformitatis

2183 1714 2518 1792 κοινωνοῖς),
2573 1715 2766 1791 πολμῷ
2823 1739 2884 1796 γε
2943 1716 3145 1792 μᾶλλον
3173 1719 3207 1785 ἡ
3241 1724 3346 1774 τῶν
3379 1717 3628 1792 ἐμπαθῶς
3674 1718 3801 1793 ἔδερ-

455 1812 692 1873 cnlmen
727 1814 966 1890 prOpter
996 1824 1160 1868 suam
1196 1804 1711 1885 imperfectionem
1749 1823 1866 1864 non
1899 1821 2100 1866 assur-

456 1899 729 1982 gentibus
751 1895 1066 1960 invisibilis
1094 1893 1744 1957 etincommunicabilis
1767 1893 1956 1955 existo
1993 1895 2105 1974 (ar-

455 1999 548 2054 cet
578 1989 737 2051 enim
773 1985 1086 2069 purissima
1108 2003 1214 2046 vox
1234 1985 1344 2044 ista
1376 2002 1609 2064 quoque
1640 1983 1772 2044 illos
1798 1983 1899 2065 qui
1924 1983 2104 2045 rebus

457 2077 843 2143 divinissimis
874 2075 1052 2153 digne
1076 2072 1656 2135 communicantibus
1673 2071 1954 2152 conjungi
1985 2091 2102 2135 non

459 2167 734 2252 possunt)
779 2165 1053 2244 adeoque
1099 2162 1286 2252 magis
1321 2180 1550 2252 eorum,
1601 2161 1698 2242 qui
1733 2161 2105 2242 passionibus

459 2251 1036 2338 exagitantur,turba
1070 2251 1313 2333 profana
1339 2251 1543 2331 erit,et
1571 2252 1643 2313 ab
1663 2259 1902 2332 aspectu
1934 2270 2101 2313 com-

459 2348 865 2426 munioneque
886 2360 1190 2405 sacrorum
1221 2343 1354 2402 I95
1377 2339 1715 2403 aliena.Ubi
1749 2340 1986 2402 demum
2014 2340 2104 2401 di-

458 2438 591 2499 vino
624 2435 845 2516 templo
875 2431 1342 2512 sacrisque,quae
1372 2429 1754 2506 capacitatem
1779 2448 1982 2490 eorum
2005 2449 2098 2490 su-

457 2525 918 2607 perant,exclusi
934 2531 1091 2598 sunt,
1121 2521 1208 2582 illi
1232 2519 1335 2597 qui
1361 2519 2098 2582 nullisadhucsacramen-

457 2619 532 2679 tis
564 2615 770 2676 initiati
819 2613 1194 2692 omninoque
1226 2609 1406 2671 rudes
1440 2615 1717 2676 existunt.
1756 2617 1815 2670 et
1845 2627 1975 2670 cum
2029 2609 2100 2669 iis

457 2713 742 2788 apostatce
793 2701 929 2763 vitae
977 2699 1323 2788 sanctioris,
1355 2709 1410 2760 et
1464 2697 1992 2788 hisiconformiter
2019 2698 2100 2759 illi

457 2786 560 2876 qui
586 2791 1058 2856 adversariorum
1116 2787 1446 2852 terroribus
1488 2787 1748 2867 visisque
1779 2805 1902 2867 prae
1931 2786 2101 2865 igna-

455 2888 551 2946 via
593 2882 766 2944 t‘acile
805 2886 1141 2951 moventur,
1195 2878 1416 2958 quippe
1461 2877 1560 2956 qui
1598 2894 1704 2956 per
1734 2883 2101 2938 constantem

456 2976 808 3051 ﬁrmamque
841 2986 974 3030 cum
1006 2966 1218 3029 divinis
1244 2967 1426 3028 rebus
1457 2966 1914 3027 consensionem
1951 2985 2102 3028 nec-v

2187 1803 2460 1880 γωμένων
2517 1805 2718 1873 πληθὺς
2783 1807 2989 1884 ἀνιερος
3039 1805 3186 1862 ἔσται
3243 1809 3329 1864 καί
3362 1809 3539 1873 πάσης
3584 1805 3808 1884 ἀλλοτρία

2185 1898 2284 1962 τῆς
2337 1894 2444 1950 τῶν
2499 1896 2651 1974 ἱερῶν
2684 1895 2906 1971 ἐποψίας
2950 1898 3037 1952 καὶ
3070 1898 3365 1962 κοινωνίας,
3402 1894 3622 1963 Ἐπειδὴ
3652 1896 3703 1938 1³
3729 1903 3806 1951 τοῦ

2184 1985 2323 2043 θείου
2395 1983 2684 2062 γεγᾶνασιν
2754 1984 2853 2050 ἔξω
2912 1993 3036 2043 ναοῦ
3107 1987 3194 2042 καὶ
3265 1991 3363 2053 τῆς
3448 1986 3810 2065 ὑπερκειμένης

2188 2076 2375 2138 αὐτοὺς
2406 2071 2461 2114 η
2491 2074 2779 2154 ἱερουργίας
2849 2077 2895 2130 οἱ
2967 2081 3074 2131 τῶν
3143 2074 3370 2132 τελετῶν
3441 2074 3671 2150 ἀμύητοι
3734 2075 3810 2130 καὶ

2188 2162 2484 2236 ἀτέλεστοι,
2545 2164 2633 2219 καὶ
2686 2163 2818 2241 πρὸς
2860 2166 3041 2229 αὐτοῖς
3097 2166 3143 2220 οἱ
3176 2169 3274 2231 τῆς
3331 2167 3471 2243 ἱερᾶς
3535 2162 3810 2221 ἀποστάται

2186 2259 2355 2325 ζωῆς,
2415 2251 2692 2328 ἑπομένως
2752 2274 2809 2308 τε
2863 2253 3067 2317 τούτοις
3114 2255 3162 2310 οἱ
3199 2255 3322 2332 πρὸς
3355 2256 3419 2311 τὰ
3449 2260 3559 2310 τῶν
3588 2253 3811 2310 ἐναντίων

2187 2341 2406 2418 δείμάτα
2456 2363 2512 2397 τε
2561 2338 2615 2383 ¹⁵
2658 2343 2747 2398 καὶ
2796 2342 3048 2422 αάσματα
3097 2341 3163 2398 δι’
3221 2341 3496 2422 ἀνανδρίαν
3556 2343 3810 2414 εὖπαθεϊς,

2187 2433 2260 2492 ὡς
2333 2435 2427 2490 οὒκ
2475 2431 2790 2510 ἀφικόμενοι
2849 2429 2933 2487 διὰ
2990 2437 3088 2499 τῆς
3163 2434 3293 2504 πρὸς
3325 2434 3388 2489 τὰ
3417 2436 3539 2489 θεῖα
3591 2433 3816 2489 συντόνου

2183 2522 2270 2577 καὶ
2297 2519 2571 2577 ἀνενδότου
2603 2530 2920 2580 συννεύσεως
2953 2521 3035 2577 ἐπὶ
3085 2522 3145 2578 τὸ
3194 2523 3290 2589 τῆς
3347 2520 3612 2584 θεοειδοῦς
3669 2521 3814 2587 ἕξεως

2185 2610 2432 2677 ἀκίνητον
2493 2611 2578 2666 καὶ
2633 2608 2969 2689 δραστήριον
3029 2611 3152 2667 εἶτα
3212 2612 3342 2690 πρὸς
3403 2611 3591 2674 αὒτοῖς
3649 2614 3694 2667 οἱ
3733 2616 3816 2676 τῆς

2187 2698 2422 2761 ἐναντίας
2455 2697 2552 2772 μὲν
2586 2699 2916 2762 ἀποστάντες
2949 2700 3109 2773 ζωῆς,
3146 2699 3292 2757 ούπω
3323 2698 3377 2756 δὲ
3407 2702 3494 2756 καὶ
3537 2708 3644 2757 τῶν
3696 2723 3817 2780 quo

2184 2788 2382 2845 τασίῶν
2413 2790 2576 2854 αὒτῆς
2608 2787 2710 2853 ἕξει
2744 2790 2831 2844 καὶ
2859 2789 3014 2866 ἔρωτι
3060 2790 3182 2862 θείῳ
3239 2791 3326 2845 καὶ
3383 2790 3579 2868 ἀμιγεῖ
3637 2794 3818 2865 καθαρ-

2185 2878 2384 2955 θέντες,
2418 2878 2505 2933 καὶ
2537 2876 2656 2951 μετ’
2693 2879 2878 2940 αὖτοὺς
2913 2881 2959 2935 οἱ
2991 2890 3066 2955 μη
3096 2877 3336 2944 καθάπαξ
3383 2877 3665 2958 ἔνοειδεϊς,
3721 2881 3818 2958 καὶ,

2188 2968 2419 3043 νομικῶς
2476 2969 2672 3046 εἰπεῖν,
2724 2966 2940 3044 ἄμωμοι
3024 2969 3111 3024 καὶ
3142 2965 3410 3035 ἀλώῦητοι
3442 2968 3738 3030 παντελῶς,
3770 2969 3821 3025 Ol

456 3065 598 3124 dum
642 3058 967 3142 deiformis
989 3056 1163 3142 istius
1213 3064 1408 3142 status
1448 3055 1859 3142 habitudinem
1893 3055 2099 3142 efﬁcaf

2187 3055 2424 3135 πανιέροι
2476 3055 2530 3100 16
2579 3063 2684 3113 τῶν
2733 3057 2997 3134 πανιέρων
3053 3059 3310 3136 ἱερουργοὶ
3367 3059 3455 3114 καὶ
3511 3057 3823 3137 φιλοθεάμο-

459 3144 732 3219 riamque
752 3139 870 3201 sint
898 3136 1352 3218 adepti;deinde
1371 3155 1506 3197 cum
1539 3136 1632 3197 his
1662 3135 1701 3196 ii
1725 3154 1963 3215 quoque
1997 3136 2099 3218 qui

2187 3166 2294 3220 νες,
2326 3149 2426 3212 τὴν
2471 3146 2776 3223 ἀγιωτάτην
2829 3146 3050 3215 τελετὴν
3105 3148 3445 3225 ἀγιοπρεπῶς
3506 3147 3820 3204 ἐποπτεύον·

461 3230 777 3294 contrariae
801 3227 1047 3304 quidem
1072 3226 1157 3286 illi
1179 3225 1312 3287 vitae
1341 3224 1613 3286 nuntium
1646 3231 2077 3300 miserunt,non

2182 3255 2307 3314 της,
2363 3235 2611 3310 ὁμνοῦσιν
2682 3234 2972 3313 ὑμνολογίᾳ
3001 3224 3262 3313 καθολικῇ
3332 3236 3430 3303 τὴν
3507 3236 3825 3314 ἀγαθουργὸν

462 3322 602 3384 (lum
636 3327 832 3379 tamen
864 3335 898 3377 a
929 3314 1068 3377 visis
1083 3314 1288 3377 habitu
1321 3332 1646 3395 amoreque
1679 3313 1879 3375 divino
1912 3332 2099 3396 eoque

2185 3326 2272 3380 καὶ
2334 3322 2642 3402 ἀγαθοδύτιν
2701 3325 2902 3405 ἀρχὴν,
2962 3323 3047 3405 ὑφ’
3097 3327 3163 3391 ἧς
3234 3323 3673 3398 αἱσωτηριώδεις
3703 3329 3826 3396 ἡυῖν

461 3409 781 3493 purissimo
806 3413 1032 3488 purgati
1057 3413 1214 3480 sunt,
1241 3414 1413 3485 atque
1427 3403 1754 3465 secundum
1790 3403 1899 3465 bos
1933 3404 2099 3484 ii,qui

2185 3412 2564 3492 ἀνεδείχθησαν
2635 3403 2897 3493 τελεταῖς
2937 3403 3036 3481 τὴν
3111 3414 3251 3492 ἱερὰν
3327 3420 3430 3472 τῶν
3496 3414 3822 3489 τελουμένων

462 3519 582 3562 non
619 3496 860 3560 omnino
883 3494 1397 3568 uniformes,et,ut
1427 3493 1572 3571 legis
1595 3493 1794 3573 phrasi
1822 3503 2098 3573 utar,non

2182 3501 2366 3558 θέωσιν
2421 3504 2800 3582 ἱερουργοῠσαι.
2854 3507 2953 3562 Τὸν
3009 3504 3170 3578 ὕμνον
3227 3501 3280 3558 δὲ
3349 3512 3533 3562 τοῦτον
3611 3507 3658 3562 οἱ
3727 3505 3817 3579 μὲν

466 3591 708 3654 omnino
727 3585 1166 3649 immaculatiet
1188 3583 1639 3645 incontaminati
1666 3585 1976 3644 sunt.Tum
2003 3584 2099 3645 de-

2182 3592 2503 3671 ὕμνολογίαν
2573 3592 2825 3649 καλοῦσιν
2857 3590 2932 3667 Π,
3005 3597 3050 3650 οἱ
3123 3593 3178 3650 δὲ
3251 3597 3350 3662 τῆς
3423 3596 3707 3674 θρησκείας
3777 3594 3826 3646 τὸ

462 3681 644 3758 nique
665 3677 853 3740 sancti
874 3692 1181 3738 sacrorum
1204 3672 1598 3736 administrati
1622 3679 2102 3754 spectatoresque

2185 3679 2471 3756 σύμϐολον,
2506 3679 2660 3739 ἄλλοι
2691 3680 2771 3761 δὲ,
2807 3684 2880 3748 ὡς
2911 3683 3096 3759 οἴμαι,
3127 3683 3395 3763 θειότερον
3435 3684 3753 3764 ἱεραρχικὴν
3782 3677 3829 3722 ί⁸

462 3765 1203 3850 studiosi,sacratissimam
1226 3762 1478 3824 hostiam
1505 3780 1673 3824 sacro
1690 3761 1804 3822 ritu
1825 3769 2109 3823 contuen-

2191 3773 2558 3850 εὖχαριστίαν,
2632 3773 2703 3838 ὡς
2775 3772 3116 3846 περιεκτικήν
3185 3775 3290 3829 τῶν
3364 3775 3438 3837 είς
3509 3775 3660 3850 ἡμᾶς
3717 3772 3825 3828 θεό-

466 3869 576 3942 tes,
633 3857 896 3938 generali
930 3854 1270 3916 laudatione
1300 3852 1723 3914 concelebrant
1771 3851 2102 3914 beneﬁcum

466 3949 933 4025 muniﬁcumque
967 3943 1348 4024 principium,
1397 3961 1430 4002 a
1459 3961 1575 4020 quo
1626 3942 1903 4004 salutaria
1934 3942 2105 4005 nobis

467 4037 728 4101 exhibita
757 4042 895 4094 sunt
916 4039 1449 4110 sacramenta,quae
1479 4041 1911 4094 sacrosanctam
1938 4033 2100 4093 illam

462 4127 824 4190 initiatorum
852 4128 1268 4183 consummant
1311 4120 1768 4181 deificationem.
1805 4121 1972 4183 Hunc
2001 4140 2104 4183 au-

459 4227 582 4280 tem
618 4215 898 4293 hymnum
932 4209 1033 4270 alii
1064 4209 1256 4270 laudis
1309 4207 1632 4281 canticum,
1667 4209 1766 4269 alii
1799 4209 2104 4289 religionis

466 4303 798 4387 symbolum
845 4299 1162 4380 appellant,
1217 4298 1314 4358 alii
1359 4297 1638 4379 denique,
1679 4318 1809 4360 mea
1858 4301 2100 4377 quidem

2189 3864 2274 3917 θεν
2333 3859 2667 3939 ἀφικομένων
2723 3865 2878 3938 ἱερῶν
2925 3860 3107 3939 δώρων
3136 3861 3209 3905 ¹9·
3244 3861 3394 3920 δοκεῖ
3421 3864 3524 3942 γὰρ
3583 3885 3676 3938 μοι
3734 3868 3829 3918 τῶν

2186 3950 2534 4026 ὕμνουμένων
2601 3951 2820 4008 ἀπασῶν
2886 3955 3169 4031 θεουργιῶν
3239 3954 3272 4021 ἡ
3346 3952 3689 4031 πραγματεία
3726 3951 3830 4026 περὶ

2186 4041 2328 4114 ἡμᾶς
2393 4039 2687 4121 γεγονέναι,
2762 4040 2860 4108 τὴν
2931 4042 3030 4116 μὲν
3108 4043 3286 4099 οὖσίαν
3341 4044 3499 4117 ἡμῶν
3557 4046 3650 4098 καὶ
3699 4040 3829 4111 ζωὴν

2185 4126 2501 4206 ἀγαθοειδῶς
2574 4131 2946 4203 ὕποστήσασα,
3036 4133 3122 4187 καὶ
3205 4131 3532 4212 ἀρχετύποις
3621 4129 3826 4186 κάλλεσι

2185 4219 2246 4273 τὸ
2301 4215 2527 4281 θεοειδές
2584 4218 2740 4293 ὴμῶν
2798 4218 3149 4298 μορφώσασα,
3209 4221 3297 4275 καὶ
3353 4220 3623 4299 θείοτέρας
3684 4216 3828 4283 ἕξεως

2183 4308 2271 4362 καὶ
2326 4306 2609 4386 ἀναγωγῆς
2671 4307 2726 4362 ἐν
2782 4308 3033 4382 μετουσίᾳ
3093 4310 3498 4388 καταστήσασα,
3558 4307 3830 4366 κατιδοῡσᾶ

465 4393 784 4470 sententia,
845 4387 1110 4451 divinius
1161 4388 1592 4450 hierarchicazn
1655 4389 2098 4465 eucharistiam,

2185 4394 2238 4451 δὲ
2267 4397 2367 4464 τὴν
2422 4395 2475 4461 ἒξ
2533 4396 2841 4474 ἀπροσεξίας
2902 4397 3260 4476 ἐγγενομένην
3309 4400 3445 4471 ἡμῖν
3479 4387 3711 4472 ἱρῆμίιν
3738 4398 3832 4451 τῶν

462 4486 590 4549 sive
613 4479 1172 4562 sacroprincipalem
1205 4479 1525 4559 gratiarum
1553 4479 1872 4551 actionem,
1902 4489 2099 4560 utqua

2191 4487 2340 4541 θείων
2399 4484 2631 4565 δωρεῶν,
2693 4487 3100 4553 ἐπισκευαστοϊς
3170 4489 3314 4562 ἡμᾶς
3372 4487 3600 4565 ἀγαθοῖς
3656 4489 3730 4550 εἷς
3783 4487 3835 4540 τὸ

464 4573 746 4639 divinitus
777 4571 846 4633 ad
877 4588 984 4632 nos
1007 4568 1370 4631 dimanantia
1391 4587 1558 4629 sacra
1575 4569 1727 4630 dona
1751 4569 2099 4650 complecta-

2193 4576 2424 4654 ἀρχαῖον
2461 4573 2908 4649 ἀνακαλέσασθαι,
2937 4578 3024 4633 καὶ
3050 4583 3117 4655 τῇ
3162 4576 3417 4634 παντελεῖ
3473 4584 3584 4634 τῶν
3653 4574 3835 4652 ἦμετέο

464 4675 582 4730 tur:
616 4663 853 4726 videtur
873 4661 1032 4722 enim
1071 4657 1442 4722 laudatarum
1479 4659 1743 4720 omnium
1777 4659 2099 4721 divinarum

2192 4686 2296 4742 ρων
2343 4663 2646 4742 προσλήψει
2697 4665 2792 4732 τὴν
2849 4663 3192 4733 τελειοτάτην
3249 4672 3356 4722 τῶν
3407 4666 3617 4722 οἰκείων
3678 4664 3838 4741 μετά·

466 4759 876 4836 operationum
910 4749 1062 4812 ratio
1097 4747 1267 4809 nobis
1297 4748 1611 4823 exstitisse,
1645 4767 1778 4809 cum
1826 4749 2099 4811 substan-

2192 4750 2337 4809 δοσιν
2391 4751 2812 4832 ἀγατοὺργῆσαι,
2873 4756 2960 4811 καὶ
3014 4756 3182 4833 ταύτῃ
3227 4756 3508 4812 κοινωνίαν
3538 4757 3684 4831 ἡμῖν
3715 4758 3838 4812 Θεοῦ

465 4845 605 4906 tiam
633 4843 935 4921 vitamque
969 4848 1233 4899 nostram
1283 4837 1550 4898 beneﬁce
1581 4838 1990 4912 sustentando,
2041 4857 2099 4901 ac

2192 4843 2280 4898 καὶ
2309 4847 2414 4898 τῶν
2443 4842 2593 4898 θείων
2625 4841 2981 4922 δωρήσασθαι.

467 4931 781 5015 primitivis
825 4927 1368 5010 pulchritudiuibus
1399 4927 1747 4988 deiformem
1795 4927 1983 4989 nostri
2025 4929 2360 5010 portionem
2412 4929 2804 5004 etl‘ormando,
2838 4940 3013 5014 atque
3058 4931 3130 4994 ad
3164 4931 3449 4996 divinoris
3501 4930 3748 4995 habitus
3792 4932 3842 4994 el

465 5037 783 5101 anagoges,
809 5036 923 5098 qua
941 5035 1180 5080 sursum
1203 5017 1529 5093 elevemur,
1565 5028 1790 5098 partem
1812 5016 2206 5096 admittendo;
2240 5027 2360 5080 tum
2397 5019 2641 5101 provide
2655 5021 2937 5097 curando,
2962 5021 3570 5104 utexingenitanobis
3595 5039 3711 5104 per
3739 5039 3843 5083 no-

1792 5175 2050 5242 VARUE
2103 5178 2544 5246 LECTIONES.

545 5324 578 5375 9
607 5326 690 5381 mi
725 5322 1114 5402 ἑνεργούμενοι,
1163 5319 1383 5402 ΠρῶτοιΔ
1413 5319 1596 5402 δξούν,
1839 5319 2042 5402 Οὴηδ.
2281 5320 2688 5402 Ῑοῗγρεκαίτοι.
2735 5321 2784 5402 υ
2819 5320 3239 5401 ἀποκηρύττεται
3285 5326 3373 5381 τὸν
3407 5322 3507 5402 μή,
3539 5329 3667 5386 etc.
3701 5317 3843 5402 Βιιά.

467 5423 574 5466 sua
606 5422 783 5466 manu
812 5397 1111 5474 correxit,
1149 5397 1410 5462 et'vertit
1443 5397 1593 5481 Sar.’
1633 5398 1685 5481 t?
1717 5398 1900 5478 ἀξίοις,
1935 5399 2043 5462 Ch.
2113 5399 2166 5442 1³
2200 5400 2310 5457 ἐπεὶ
2341 5397 2418 5481 δέ,
2455 5399 2522 5462 Ι).
2562 5403 2670 5465 Cb.
2731 5401 2786 5444 ¹⁴
2809 5403 2957 5466 Bud.
2992 5397 3252 5465 correxit
3280 5397 3503 5468 abroi¢.'
3529 5402 3586 5446 l5
3616 5401 3848 5478 δέσματά

467 5507 547 5565 τε,
583 5486 658 5547 Μ.
694 5483 792 5547 Sc.
839 5481 892 5525 ¹⁶
919 5482 1040 5565 ξότε
1073 5483 1118 5536 οἱ
1151 5482 1407 5565 ζτ-εινίεροι,
1429 5480 1518 5565 ΔΜ.
1802 5481 1904 5565 S_c._
1935 5482 2065 5565 Sa_l‘.
2097 5482 2147 5565 οἱ
2190 5481 2244 5536 δὲ
2283 5480 2641 5565 πανίενροιλβξ
2677 5502 2833 5546 corr.
2881 5483 3202 5565 :l‘pvoloyia
3233 5483 3575 5563 legendum.
3629 5481 3685 5526 ¹⁷
3718 5486 3846 5560 ὁμο·

468 5559 672 5646 λογίαν,
707 5567 774 5628 Ρ.
813 5565 883 5628 Ι).
917 5560 1044 5628 Sar.
1075 5559 1329 5624 etVien.
1363 5561 1576 5627 minor.
1627 5560 1680 5604 ¹⁸
1708 5561 1960 5642 ἀρχίκῆν,
1997 5562 2068 5626 D.
2096 5562 2391 5644 ἷερατικήν,
2427 5564 2494 5627 Ρ.
2527 5559 2593 5605 ’ίθ
2619 5561 2851 5643 δωρεῶν,
2885 5561 2949 5626 Ρ.
