4028 6192
420 272 538 340 443

1583 283 1646 344 S.
1710 282 2053 346 DIONYSII
2101 281 2630 347 AREOPAGITIE.

3667 286 3765 352 444

429 413 763 482 clamando:
790 416 876 498 Tu
895 417 1114 482 dixisti:
1145 419 1266 481 Hoc
1281 417 1464 496 facile
1477 423 1544 480 in
1573 433 1768 482 meam
1793 435 2056 480 comme-

2145 419 2281 477 Εἶτα
2331 424 2430 486 τῆς
2459 417 2782 494 θεομιμήτου
2826 416 3018 486 ταύτης
3047 417 3339 498 ἱερουργίας
3381 418 3524 486 ἄξιος
3567 421 3771 492 αἰτήσας

430 488 831 570 moratione”:
843 509 890 572 ".
924 509 1233 571 Postulans
1259 488 1476 570 deinde
1498 509 1610 570 hoc
1640 526 1730 568 sar
1742 507 1933 569 riticio
1957 508 2064 570 Dei

423 595 751 660 inuitatione
773 597 984 677 dignus
1007 597 1183 671 efﬁci,
1212 615 1322 659 nec
1344 616 1462 659 non
1489 597 1815 660 secundum
1839 597 2063 660 Christi

420 685 870 750 similitudinem
915 687 1114 748 divina
1146 686 1473 768 celebrare,
1509 692 1874 764 omninoque
1915 705 2062 768 pure

419 773 796 855 distribuere,
832 795 1055 855 eosque
1087 777 1188 857 qui
1218 795 1523 840 sacrorum
1557 776 1739 838 futuri
1767 785 1902 839 sunt
1929 795 2063 858 par-

425 864 1315 945 ticipesmysteriorum,iisdem
1347 867 1523 946 digne
1550 877 1872 947 sancteque
1902 885 2062 928 com-

421 952 729 1016 municare
775 954 1140 1018 divinissima
1192 956 1295 1018 illa
1353 957 1624 1037 mysteria
1683 957 1970 1028 celebrat,
2005 964 2062 1018 et

408 1041 530 1122 jam
563 1044 1050 1126 consecrata,sub
1077 1045 1362 1126 symbolis
1395 1046 1715 1127 prapositis
1748 1047 1867 1109 ritu
1895 1063 2062 1108 sacro

415 1131 654 1194 visenda
688 1135 1010 1214 proponit;
1067 1134 1361 1215 siquidem
1398 1144 1604 1216 operto
1638 1134 2059 1218 individucque

414 1237 564 1300 pane
587 1223 867 1297 revelato,
887 1224 1029 1286 etin
1059 1224 1242 1286 multa
1263 1223 1473 1295 diviso,
1511 1225 1912 1305 singularique
1956 1243 2059 1288 ca-

410 1308 530 1372 lice
559 1312 838 1374 omnibus
869 1313 1479 1395 impertito,unitaten.
1504 1313 1828 1395 symbolice
1852 1314 2057 1375 multi-

415 1399 592 1480 plicat
645 1401 1090 1479 distribuitque,
1156 1412 1599 1466 sacrosanctum
1674 1404 1737 1464 in
1793 1403 1865 1464 iis
1929 1405 2057 1465 t97

413 1489 773 1552 sacriﬁcium
807 1492 1304 1555 consummando.
1339 1490 1596 1555 Unicum
1631 1494 1787 1554 enim
1815 1491 1960 1555 illud
1991 1511 2060 1554 ac

411 1577 1094 1662 simplex'arcanumque
1128 1583 1265 1644 .lesu
1298 1582 1558 1644 Verbum
1620 1581 2057 1644 divinissimum

415 1687 522 1748 per
572 1671 1036 1749 assumptionem
1068 1672 1455 1734 humanitatis
1484 1681 1701 1733 nostrae
1723 1672 1781 1733 in
1807 1691 2058 1751 compo-

2145 510 2406 589 γενέσθαι,
2440 513 2526 566 καὶ
2584 515 2652 586 τῇ
2704 511 2832 587 πρὸς
2890 511 3045 566 αὐτὸν
3073 505 3128 550 ⁸⁷
3184 510 3412 587 Χριστὸν
3467 510 3769 590 ἀφομοιώσει

2145 597 2212 654 τὰ
2258 601 2379 655 θεῖα
2433 597 2666 668 τελέσαι,
2713 599 2801 654 καὶ
2865 596 3124 654 διαδοῦναι
3191 600 3496 675 πάνάγνως,
3528 602 3614 657 καὶ
3665 603 3772 666 τοὺς

2144 689 2249 743 τῶν
2293 689 2446 766 ἱερῶν
2489 685 2798 761 μεθέξοντας
2850 679 3174 766 ἱεροπρεπῶς
3227 692 3552 768 μετασχεῖν,
3585 692 3773 770 ἱεροερ-

2144 789 2234 855 γεϊ
2282 778 2346 832 τὰ
2373 775 2640 853 θειότατα,
2689 778 2778 834 καὶ
2807 776 2898 832 ὑπ’
2947 775 3070 852 ὄψιν
3115 777 3232 855 ἄγει
3278 779 3342 834 τὰ
3386 777 3659 855 ὑμνημένα
3701 779 3775 837 διὰ

2141 869 2248 924 τῶν
2305 869 2455 943 ἱερῶς
2526 865 2888 944 προκειμένων
2949 865 3250 942 συμϐόλων·
3313 867 3405 924 τὸν
3467 869 3568 946 γὰρ
3629 867 3772 947 ἔγκε-

2150 955 2479 1032 ιιαλυμμένον
2537 957 2623 1012 καὶ
2693 955 2984 1034 ἀδιαίρετον
3041 955 3196 1034 ἄρτον
3261 954 3634 1032 ἀνακαλύψας,
3699 952 3777 1016 καὶ

2145 1046 2218 1105 εἰς
2275 1043 2449 1101 πολλὰ
2480 1043 2687 1118 διελὼν,
2725 1047 2812 1102 καὶ
2855 1046 2916 1100 τὸ
2977 1043 3177 1101 ἔνιατον
3228 1052 3320 1101 τοῦ
3351 1051 3606 1124 ποτηρίου
3662 1053 3775 1105 πᾶσι

2143 1135 2520 1213 καταμερίσας,
2578 1133 2913 1208 συμϐολικῶς
2970 1134 3067 1200 τὴν
3119 1131 3347 1200 ἑνότητα
3411 1133 3661 1202 πληθύνει
3707 1135 3773 1212 ‘3,

2142 1225 2231 1280 καὶ
2312 1221 2570 1298 διανέμει,
2631 1224 3038 1302 παναγεστάτην
3117 1223 3172 1280 ἐν
3239 1225 3444 1288 τούτοις
3503 1228 3774 1304 ἱερουργίαν

2139 1312 2330 1374 τελῶν,
2394 1315 2465 1370 Τὸ
2521 1315 2621 1392 γὰρ
2673 1313 2727 1369 ἓν
2796 1315 2883 1369 καὶ
2945 1311 3142 1370 ἁπλοῦν
3198 1315 3284 1370 καὶ
3339 1315 3554 1392 κρύφιον
3615 1315 3777 1383 Ἰησοῦ

2141 1409 2235 1458 τοῦ
2289 1404 2723 1482 θεαρχικωτάτου
2756 1401 2914 1480 λόγου
2945 1409 3013 1478 τῇ
3057 1402 3171 1458 καθ’
3205 1405 3350 1478 ἡμᾶς
3398 1402 3775 1482 ἐνανθρωπήσει

2143 1491 2272 1568 πρὸς
2320 1494 2380 1548 τὸ
2411 1492 2652 1547 σύνθετόν
2710 1512 2763 1546 τε
2796 1493 2882 1548 καὶ
2926 1490 3112 1568 ὁρατόν
3142 1489 3514 1555 ἆναλλοιώτως
3543 1490 3601 1536 4⁸
3647 1494 3775 1572 ἄγα-

2143 1581 2324 1647 θότητι
2382 1582 2470 1637 καὶ
2540 1580 2898 1660 φιλανθρωπίᾳ
2954 1578 3277 1658 προελήλυθε
3332 1584 3420 1638 καὶ
3478 1583 3579 1650 τὴν
3653 1585 3769 1660 πρὸς

2144 1673 2298 1728 αὐτὸν
2347 1671 2500 1744 ἡμῶν
2535 1672 2776 1727 ἑνοποιὸν
2825 1671 3101 1726 κοινωνίαν
3142 1669 3480 1749 ἂγαθουργῶς
3529 1671 3775 1749 διεπραγ-

413 1757 688 1820 sitionem
714 1760 890 1822 simul
924 1769 980 1821 et
1001 1773 1337 1841 aspectum,
1359 1762 1489 1822 sine
1509 1761 1628 1822 ulla
1659 1769 1746 1822 sui
1778 1762 2057 1822 immuta—

2147 1760 2470 1834 ματεύσατο,
2531 1761 2596 1815 τὰ
2660 1759 2776 1816 καθ’
2835 1762 2977 1835 ἡμᾶς
3033 1761 3256 1815 ταπεινὰ
3319 1774 3437 1823 τοῖς
3499 1761 3778 1823 θειοτάτοις

416 1846 579 1910 tione
629 1867 733 1929 pro
768 1867 874 1911 sua
909 1849 1172 1913 bonitate
1218 1851 1704 1932 benignitateque
1750 1853 2055 1931 processit,

416 1939 719 2020 nostrique
742 1958 944 2002 secum
975 1941 1252 2002 uniﬁcam
1285 1943 1770 2002 communionem
1791 1941 2062 2002 beneﬁce

414 2028 864 2110 exc0gitavit,ea
890 2048 1021 2110 quae
1050 2031 1112 2092 in
1146 2031 1318 2092 nobis
1349 2031 1596 2092 humilia
1626 2041 1763 2092 sunt
1805 2031 2062 2092 divinis-

415 2117 583 2179 simis
613 2117 738 2180 suis
762 2120 978 2182 uniens
1009 2121 1406 2200 excellentiis,
1440 2128 1504 2181 ut
1531 2129 1590 2181 et
1619 2139 1728 2182 nos
1757 2121 1892 2200 ipsi,
1928 2128 2062 2182 tan-

414 2219 586 2278 quam
619 2210 873 2267 membra
907 2210 1155 2282 corpori,
1181 2225 1282 2282 per
1308 2210 1560 2282 ejusdcm
1595 2209 1969 2268 immaculata:
1997 2222 2064 2267 ac

413 2296 629 2359 divinae
659 2298 792 2361 vitm
811 2298 1184 2362 identitatem
1220 2318 1637 2380 congruamus,
1666 2318 1740 2361 ne
1763 2298 2058 2379 corrupti-

414 2385 632 2449 bilihus
656 2388 849 2450 necati
871 2389 1270 2469 passionihus,
1295 2389 1510 2450 divinis
1531 2390 1660 2450 istis
1691 2389 2060 2450 sanissimis-

413 2496 527 2558 que
550 2477 834 2542 membris
867 2479 1181 2556 incongrui
1206 2479 1461 2557 vitaeque
1492 2481 1808 2560 incapaces
1837 2480 2056 2540 existas

411 2584 565 2641 mus;
597 2576 832 2648 oportet
864 2568 1025 2630 enim
1059 2587 1190 2641 nos,
1225 2569 1274 2630 si
1307 2569 1378 2631 ad
1425 2569 1909 2631 communionem
1929 2568 2060 2648 ejus

407 2656 759 2736 aspiramus,
789 2658 1213 2721 divinissimam
1241 2660 1371 2739 ejus
1396 2659 1456 2719 in
1495 2677 1675 2722 carne
1700 2661 1874 2719 vitam
1907 2676 2057 2718 con-

411 2746 708 2826 templari,
742 2754 918 2825 atque
942 2757 1205 2809 sanctam
1238 2747 1425 2827 ipsius
1451 2746 1906 2826 impeccantiam
1928 2745 2059 2805 imi-

2146 1853 2300 1908 αὐτοῦ
2359 1850 2478 1906 κατ’
2522 1849 2678 1926 ἄκρον
2718 1851 2941 1923 ἑνώσας,
2987 1851 3141 1922 εἴπερ
3189 1851 3274 1907 καὶ
3323 1852 3488 1926 ἡμεῖς
3533 1853 3608 1913 ὡς
3653 1850 3780 1926 μέλη

2146 1940 2349 2014 σώματι
2405 1939 2468 1990 50
2517 1939 3067 2018 συναρμολογηθῶμεν
3114 1944 3276 2020 αὐτῷ,
3323 1941 3458 1996 κατὰ
3504 1943 3560 1996 τὸ
3606 1940 3781 1996 ταῦτὸν

2144 2032 2241 2094 τῆς
2273 2025 2552 2097 ἀλωϐήτου
2605 2029 2692 2084 καὶ
2739 2031 2877 2091 θείας
2930 2029 3096 2109 ζωῆς,
3143 2031 3232 2086 γαὶ
3288 2031 3366 2103 μὴ
3423 2042 3541 2092 τοῖς
3600 2032 3782 2110 φθορο-

2146 2121 2324 2180 ποιοῖς
2407 2118 2594 2173 πάθεσι
2669 2118 3152 2197 κατανεοιρωθέντες
3185 2165 3202 2198 ,
3281 2118 3605 2194 ἀνάρμοστοι
3685 2117 3772 2173 καῖ

2147 2205 2433 2274 ἆκολλητοι
2492 2208 2578 2264 καὶ
2611 2206 2834 2279 ἆσύζωοι
2891 2207 3164 2286 γενώμεθα
3194 2205 3243 2250 Μ
3305 2209 3436 2287 πρὸς
3467 2211 3592 2265 θεῖα
3652 2206 3778 2282 μέλη

2145 2298 2230 2352 καὶ
2259 2296 2541 2374 ὑγιέστατα
2589 2295 2668 2347 59⁸
2725 2298 2834 2377 χτή
2883 2299 2982 2376 γὰρ
3028 2299 3194 2373 ἡμᾶς,
3231 2299 3274 2354 εἰ
3324 2303 3422 2364 τῆς
3453 2299 3587 2374 πρὸς
3635 2297 3780 2353 αὐτὸν

2144 2384 2392 2462 ἐφιέμεθα
2449 2387 2748 2460 κοινωνίας,
2811 2388 2883 2450 εἰς
2951 2387 3046 2455 τήν
3101 2387 3375 2454 θειοτάτην
3447 2387 3610 2443 αὐτοῦ
3657 2385 3782 2442 οιατᾶ

2142 2476 2310 2553 σάρκα
2367 2478 2511 2544 ζωὴν
2570 2476 2989 2552 ὰποσκοπεῦσαι,
3050 2477 3137 2533 καὶ
3193 2483 3261 2552 τῇ
3318 2478 3446 2555 πρὸς
3510 2476 3675 2544 αὐτὴν
3724 2474 3784 2525 55

2140 2564 2466 2640 ἆφομοιώσει
2511 2565 2608 2632 τῆς
2657 2568 2796 2641 ἱερᾶς
2851 2564 3252 2644 ἀναμαρτησίας
3305 2567 3375 2631 είς
3434 2566 3532 2632 τὴν
3576 2563 3773 2631 θεοειδῆ

2141 2657 2228 2711 καὶ
2276 2653 2553 2721 ἀλώϐἦτον
2584 2654 2686 2722 ἕξιν
2743 2655 3086 2735 ἆναδραμεϊνο
3133 2659 3269 2714 οὓτω
3314 2659 3412 2735 γὰρ
3457 2655 3772 2734 ἃναρμονίως

2140 2747 2275 2818 ἡμῖν
2303 2747 2400 2811 τὴν
2430 2747 2561 2824 πρὸς
2593 2747 2653 2801 τὸ
2685 2746 2874 2821 ὅμοιον
2905 2745 3178 2803 κοινωνίαν
3218 2743 3535 2823 δωρήσεται.

409 2834 609 2908 tando,
642 2837 713 2898 ad
739 2835 1088 2897 deiformem
1122 2844 1182 2897 et
1206 2836 1648 2898 immaculatum
1671 2843 1888 2898 statum
1918 2831 2285 2897 contendere
2313 2855 2328 2909 ;
2369 2835 2478 2896 hac
2510 2851 2772 2915 namque
2800 2836 3055 2916 ratione,
3089 2841 3266 2916 prout
3288 2833 3458 2898 nobis
3487 2833 3775 2911 congruit,

409 2923 857 2989 similitudinem
892 2942 1059 2986 suam
1092 2924 1575 2989 communicabit.

1979 3058 2008 3138 ς
2041 3054 2193 3119 xui.

487 3220 625 3285 Hzec
664 3220 924 3301 pontifex
955 3220 1136 3285 rebus
1186 3222 1258 3283 iis
1290 3239 1420 3301 quae
1450 3219 1858 3282 sacrificantur
1899 3216 2048 3279 insi-

2217 3228 2388 3279 Ταῦτα
2413 3221 2533 3284 τοῖς
2565 3223 2716 3300 ίερῶς
2752 3219 2808 3264 ⁵⁸
2848 3219 3135 3298 δρωμένοις
3166 3222 3190 3276 ὃ
3222 3220 3482 3300 ἱεραρχης
3515 3220 3774 3301 ἐμφαίνει,

411 3321 574 3391 nuat,
610 3312 751 3374 dum
789 3311 1021 3373 obtecta
1056 3331 1302 3374 munera
1352 3311 1410 3372 in
1451 3319 1718 3388 apertum
1753 3308 2048 3390 producit,

2143 3311 2198 3366 τὰ
2239 3311 2335 3383 μὲν
2366 3309 2807 3388 ἒγκεκαλυαμένα
2865 3309 3003 3388 δῶρα
3051 3312 3181 3388 πρὸς
3238 3311 3300 3365 τὸ
3331 3309 3561 3390 ἐμφανὲς
3617 3311 3777 3390 ἄγων,

408 3402 798 3480 ipsorumque
821 3401 1108 3463 unitatem
1136 3402 1196 3462 in
1233 3400 1644 3483 plurailiviilit,
1671 3406 1731 3462 et
1765 3419 1869 3478 per
1896 3419 2053 3462 sum-

2279 3401 2299 3430 λ
2339 3401 2352 3420 ι
2627 3403 2640 3423 ,
2697 3407 2719 3415 -
3090 3400 3103 3416 ς
3310 3405 3335 3415 -
3506 3400 3519 3420 κ
3598 3401 3627 3411 -
3723 3405 3745 3415 -

2143 3402 2192 3456 τὸ
2248 3399 2301 3454 δε.
2334 3413 2534 3456 ενιαῖον
2586 3423 2760 3456 αυτων
2816 3402 2887 3462 είς
2942 3399 3116 3455 πολλα
3162 3397 3399 3472 διαιρῶν,
3434 3422 3523 3456 και
3564 3423 3633 3476 τῃ
3682 3421 3781 3456 των

408 3505 559 3548 mam
583 3505 776 3548 rerum
803 3490 1240 3549 distribuiarum
1265 3507 1392 3548 cum
1416 3490 1862 3562 suscipientibus
1886 3492 2054 3546 unio-

405 3600 566 3662 nem,
590 3581 934 3644 earumdem
960 3590 1270 3643 consortes
1298 3580 1497 3642 reddit
1519 3599 1620 3643 eos
1645 3579 1745 3661 qui
1775 3599 2045 3641 commu-

403 3673 628 3734 nicant.
671 3671 1138 3735 Descriliiteniin
1173 3672 1264 3733 his
1294 3670 1663 3732 sensibiliier
1692 3671 1832 3731 dum
1860 3671 1918 3730 in
1945 3688 2046 3731 as-

407 3770 640 3842 pectum
663 3761 826 3824 ducit
853 3765 1053 3823 .lesum
1089 3762 1413 3833 Christum,
1437 3761 1762 3839 spiritalem
1790 3770 2048 3822 nostram

402 3852 581 3914 veluti
599 3853 656 3913 in
676 3851 937 3931 imagine
952 3852 1240 3932 vitam,ex
1257 3850 1453 3912 abdito
1479 3851 1580 3913 illo
1597 3849 1920 3912 divinitatis
1944 3869 2048 3930 per

403 3942 718 3998 absolutam
742 3950 797 3997 et
819 3941 1174 3997 inconiusam
1202 3943 1573 3998 humanitatis
1595 3955 1806 3998 uoszrae
1830 3955 2052 3998 assum-

403 4031 696 4110 ptionem,
726 4029 982 4108 benigne
1001 4041 1261 4091 nostram
1292 4030 1944 4108 specieminduentem,
1973 4039 2054 4091 at-

407 4137 522 4200 que
541 4119 611 4180 ad
633 4118 1041 4181 dividuitatem
1077 4125 1338 4180 nostram
1373 4119 1501 4179 sine
1525 4118 1617 4179 sui
1648 4119 2056 4182 immutatione

405 4227 476 4270 ex
500 4207 727 4271 unitate
751 4208 1002 4269 naturali
1025 4207 1675 4288 prodeuntem,perque
1699 4208 1852 4270 hanc
1875 4208 2052 4270 bene-

404 4301 575 4361 ﬁcem
608 4296 1094 4378 clementiam,ad
1113 4298 1203 4358 sui
1226 4297 1892 4374 lionorumqucsuorum
1927 4317 2058 4378 par.

409 4388 814 4461 ticipationem
867 4404 1058 4466 genus
1103 4387 1431 4447 humanum
1486 4385 1857 4466 invitantem,
1914 4389 2053 4450 dum

409 4477 583 4540 modo
633 4475 1025 4538 divinissima;
1053 4475 1241 4556 ipsius
1283 4475 1416 4536 vitae
1457 4475 1910 4555 conjungamur,
1947 4497 2056 4559 pro

2135 3488 2529 3564 διανεμομένων
2587 3491 2718 3567 πρὸς
2770 3490 2835 3546 τὰ
2880 3491 2933 3545 ἐν
2978 3490 3066 3552 οῖς
3113 3489 3344 3566 γίγνεται
3376 3489 3496 3545 κατ’
3543 3488 3786 3568 ἅκρονὸὕ

2137 3579 2344 3658 ἑνώσει,
2379 3580 2666 3644 κοινωνοὺς
2720 3581 2891 3635 αὐτῶν
2933 3576 3210 3635 ἀποτελῶν
3259 3577 3378 3642 τοὺς
3430 3578 3782 3658 μετέχοντας.

2140 3670 2427 3748 Διαγράφει
2463 3669 2560 3746 γὰρ
2618 3668 2672 3724 ἐν
2731 3669 2939 3731 τούτοις
2998 3669 3282 3740 αἰσθητῶς,
3317 3666 3406 3723 ὑπ’
3465 3666 3590 3742 ὄψιν
3645 3665 3785 3746 ἄγων

2139 3759 2344 3826 Ἰησοῦν
2397 3759 2489 3814 τὸν
2521 3760 2767 3836 Χριστὸν,
2801 3757 2901 3823 τὴν
2951 3756 3149 3821 νοητὴν
3205 3758 3360 3830 ἡμῶν
3389 3757 3461 3820 ὡς
3519 3755 3574 3811 ἰν
3625 3756 3784 3811 εἰκόσι

2137 3848 2303 3922 ζωὴν,
2337 3848 2397 3904 ἐκ
2444 3849 2538 3902 τοῦ
2567 3847 2704 3902 κατὰ
2737 3848 2825 3902 τὸν
2878 3853 3034 3903 Θεϊον
3065 3842 3130 3894 56
3156 3844 3397 3924 κρυφίου,
3431 3849 3498 3912 τῆ
3531 3842 3783 3901 παντελεῖ

2136 3938 2224 3993 καὶ
2271 3936 2560 4016 ἀσυγχύτῳ
2589 3933 2706 3991 καθ’
2759 3937 2902 4011 ἡμᾶς
2957 3934 3351 4012 ἐνανθρωπήσει
3401 3932 3778 4013 φιλανθρώπως

2138 4028 2190 4094 ἐξ
2247 4029 2401 4101 ἡμῶν
2459 4025 2520 4076 57
2573 4024 3022 4102 εἶδοποιούμενον,
3067 4026 3155 4081 καὶ
3212 4024 3342 4102 πρὸς
3415 4025 3478 4080 τὸ
3535 4024 3777 4102 μεριστὸν

2137 4120 2288 4192 ἡμῶν
2342 4115 2717 4178 ἀναλλοιώτως
2751 4115 2810 4171 ἐκ
2865 4115 2957 4172 τοῦ
2988 4115 3121 4170 κατὰ
3155 4113 3305 4192 φύσιν
3351 4113 3466 4175 ἑνὸς
3499 4114 3775 4190 προϊόντα,

2138 4211 2225 4264 καὶ
2274 4206 2356 4265 διὰ
2397 4213 2496 4275 τῆς
2528 4205 2852 4284 ἆγαθουργοῦ
2896 4205 3092 4271 ταύτης
3137 4201 3528 4282 φιλανθρωπίας
3561 4204 3634 4265 εἰς
3679 4222 3778 4278 με-

2139 4299 2347 4355 τουσίαν
2407 4298 2592 4355 ἑαυτοῦ
2623 4297 2710 4352 οιαὶ
2758 4299 2862 4351 τῶν
2914 4293 3117 4350 οἰκείων
3162 4293 3372 4370 ἀγαθῶν
3402 4291 3667 4349 καλοῦντα
3721 4290 3780 4348 τὸ

2139 4387 2458 4467 ἀνθρώπειον
2501 4386 2566 4436 58
2594 4383 2776 4464 φῦλον,
2812 4384 2967 4460 εἴπερ
3021 4384 3301 4457 ἑνωθῶμεν
3331 4385 3488 4440 αὐτου
3521 4383 3591 4458 τῇ
3633 4386 3777 4438 θειο-

2140 4480 2274 4554 τάτῃ
2317 4482 2452 4553 ζωῇ,
2483 4477 2612 4554 πρὸς
2673 4475 2835 4542 αὐτὴν
2881 4472 2946 4524 59
2993 4474 3150 4544 ἡμῶν
3205 4472 3340 4532 κατὰ
3383 4469 3598 4545 δυνάμιν
3646 4471 3781 4551 lupo-

407 4565 563 4628 virili
594 4564 751 4627 illam
786 4563 1082 4626 imitando
1115 4583 1129 4627 :
1163 4581 1296 4624 nam
1331 4563 1414 4625 sic
1444 4581 1583 4626 vere
1616 4575 1922 4629 consortes
1947 4567 2056 4630 Dei

2143 4569 2387 4646 μοιώσει,
2433 4565 2522 4622 καὶ
2551 4564 2719 4640 ταύτῃ
2773 4565 2907 4643 πρὸς
2956 4561 3206 4630 ἀλήθειαν
3241 4561 3482 4619 κοινωνοὶ
3512 4566 3643 4618 Θεοῦ
3697 4560 3780 4616 καὶ

405 4655 864 4735 divinarumque
895 4670 1098 4716 rerum
1137 4652 1457 4734 participes
1485 4653 1831 4717 reddemur.

2137 4666 2241 4717 τῶν
2264 4655 2414 4714 θείω)
2443 4652 2981 4729 ἀποτελεσθησόμεθα
3008 4647 3094 4711 60.

1977 4825 2007 4905 §
2055 4822 2213 4887 xw.

483 4955 730 5037 Sumpta
759 4957 1017 5040 denique
1045 4976 1113 5020 ac
1144 4960 1356 5044 tradita
1379 4959 1748 5024 divinissima
1778 4978 2047 5022 commn-

2211 4956 2512 5036 Μετασχὼν
2563 4951 2734 5010 δὲκαὶ
2787 4951 3042 5030 μεταδοὺς
3096 4957 3192 5018 τῆς
3249 4953 3545 5031 θεαρχικῆς
3577 4971 3774 5006 κοινω-

403 5049 605 5120 nione,
642 5066 761 5111 una
787 5039 937 5111 cum,
955 5051 1135 5113 totius
1166 5040 1447 5115 Ecclesia:
1479 5069 1646 5114 sacra
1674 5048 2045 5134 plenitudine

2143 5050 2264 5124 μίας,
2317 5047 2389 5109 είς
2439 5043 2778 5123 εὐχαριστίαν
2831 5044 2974 5121 ἱερὰν
3038 5039 3333 5119 καταλήγει
3379 5039 3514 5116 μετὰ
3581 5039 3773 5099 παντὸς

483 5229 512 5272 ιι
539 5230 687 5292 Luc.
722 5245 865 5312 xm,
900 5230 998 5294 19.

1727 5323 1824 5384 VA
1836 5321 1994 5385 RIE
2057 5315 2466 5382 LECTIONES

487 5458 541 5503 ιτ
585 5461 676 5517 τόν
707 5457 771 5521 Ρ.
841 5455 896 5502 ⁴⁸
919 5457 1164 5536 πληθύει,
1198 5457 1309 5520 Ch.
1361 5456 1422 5519 S.
1470 5455 1535 5518 Ρ.
1573 5460 1638 5518 Β.
1689 5453 1767 5536 λθ
1794 5455 2165 5534 ἀναλλοιώτῳ,
2198 5457 2283 5536 M.
2329 5452 2437 5536 86ηΔ
2591 5447 2959 5536 GétldfPCLS.
3120 5530 3131 5536 _
3154 5445 3205 5536 εξ
3237 5450 3556 5536 ysvoigsﬁa;
3610 5442 3669 5536 ἕ
3697 5447 3782 5536 agi

404 5539 687 5618 ὑγιέστατα
716 5539 868 5618 lege.
930 5537 984 5582 ⁵³
1015 5523 1164 5618 πρὸς
1189 5539 1366 5610 αὐτόν,
1403 5540 1478 5598 Μ.
1513 5539 1579 5600 Ρ.
1651 5535 1706 5579 ⁵⁴
1733 5540 1897 5618 ἱεροῖς
1937 5523 2164 5618 Missi:
2226 5535 2290 5618 55
2320 5532 2438 5618 κατ’
2472 5523 2821 5618 ᾅκαἛρν,“Μ.
2995 5527 3062 5579 ω
3085 5523 3348 5618 τὸιθεὶον,
3380 5523 3685 5618 Ch.__S.
3716 5527 3784 5589 B.

404 5606 471 5668 ὕει
500 5623 572 5680 είς
606 5621 755 5700 φύσιν
773 5606 963 5696 ἶλμῶν,
998 5606 1073 5681 Ml.
1108 5617 1208 5683 Sc.
1277 5606 1715 5698 ὅθ’ὰνθρώπινον,
1851 5615 1916 5678 Ρ.
1986 5617 2051 5668 59
2079 5615 2144 5692 τῇ
2177 5617 2307 5694 πρὸς
2352 5610 2540 5688 αὒτήν,
2575 5607 2685 5672 Ch.
2718 5606 2789 5672 Ῐ).
2864 5606 2928 5659 θθ
2959 5608 3455 5685 Ἀποτελεσμάτων,
3488 5607 3565 5671 Μ.
3598 5607 3702 5669 SC.
