4088 6208
443 348 552 416 451

1631 344 1691 412 S.
1754 343 2095 411 DIONYSII
2136 343 2648 414 AREOPAGIT/E

3701 347 3824 415 45‘2

449 504 602 566 mus,
628 503 802 566 quam
828 482 903 546 ob
925 499 1158 544 causam
1192 481 1251 542 id
1283 480 1439 563 quod
1469 481 1602 544 aliis
1622 500 1857 563 quoque
1885 502 2074 547 sacra-

2163 485 2402 551 τελεταῒς
2460 479 2592 552 αύτη
2649 483 3039 565 ἰδιοποιήσατο,
3089 487 3178 542 καὶ
3235 485 3483 542 καλεῖται
3513 485 3656 552 ἰδίως
3688 511 3817 544 κοι-

448 576 665 637 mentis
695 589 1010 636 commune
1041 580 1151 647 est,
1179 573 1316 634 huic
1339 575 1779 653 approprietur,
1813 584 2086 635 vocetur-

445 684 561 746 que
588 667 832 744 proprie
861 663 1202 724 communio
1239 671 1296 724 et
1319 664 1578 742 synaxis,
1613 681 1750 724 cum
1776 664 2090 739 quodlibet

443 761 906 826 sacramentum,
930 751 1051 812 sive
1077 749 1372 831 baptisma
1391 752 1512 813 sive
1534 751 1806 814 ordinem
1841 752 2080 826 dixeris,

447 845 621 905 etiam
653 842 800 903 illud
836 841 1034 922 utique
1067 841 1304 914 haheat,
1340 850 1403 901 ut
1433 851 1490 901 et
1527 850 1867 920 congregat,
1906 854 1965 903 et
2012 843 2083 903 ad

446 937 926 994 communionem
958 929 1358 1010 unionemque
1380 930 1637 993 inducat:
1655 937 1714 991 in
1739 932 1900 992 omni
1925 951 2087 994 nam-

447 1039 562 1102 que
583 1029 955 1083 sacramento
989 1020 1113 1082 haec
1149 1019 1396 1081 initiatis
1420 1023 1832 1095 conteruntur,
1853 1040 1912 1083 ν.
1943 1041 1978 1099 g
2026 1021 2086 1082 in

441 1109 760 1192 baptismo,
793 1129 926 1171 cum
960 1110 1074 1171 hoc
1105 1128 1343 1189 quoque
1377 1118 1815 1171 sacramentum
1839 1110 2086 1172 divisam

445 1199 705 1262 hominis
740 1199 939 1279 vitam,
971 1198 1031 1260 id
1066 1206 1155 1260 est
1185 1199 1560 1272 saecularem,
1591 1209 1648 1260 et
1674 1200 1732 1260 in
1763 1200 1943 1261 multa
1962 1199 2090 1261 dis-

443 1298 718 1363 tractam,
744 1289 817 1351 ad
853 1287 1212 1350 oniformem
1245 1287 1475 1366 colligit
1522 1287 1991 1365 deificationem,
2023 1308 2093 1351 ac

445 1380 772 1442 secundum
811 1379 923 1440 hoc
955 1376 1132 1438 etiam
1166 1376 1402 1457 synaxis
1433 1377 1551 1439 dici
1586 1379 1814 1456 possit:
1859 1387 1917 1440 et
1950 1397 2092 1439 rur..

444 1488 598 1549 sum,
634 1468 693 1530 iu
721 1466 1059 1530 istiusmodi
1091 1467 1443 1528 collectione
1483 1467 1804 1528 divisorum
1837 1469 2086 1529 saecula-

444 1561 726 1638 riumque
753 1567 1019 1619 motuum
1043 1557 1115 1618 ad
1142 1556 1584 1631 unum,scilicet
1610 1559 2087 1631 Deum,commu-

443 1648 685 1708 nionem
703 1645 1352 1725 elargitur,atqueadeo
1368 1647 1706 1707 communio
1731 1666 1848 1708 non
1867 1647 2084 1708 imme-

2173 578 2328 632 νωνία
2359 577 2446 631 καὶ
2475 572 2704 654 σύναξις,
2737 575 2965 642 ἑκάστης
2999 574 3245 656 τελετῆς,
3277 576 3375 632 κᾶν
3405 577 3503 644 τήν
3563 584 3654 633 τοῦ
3713 579 3824 653 βα-

2171 667 2464 738 πτίσματος
2495 664 2698 742 εἴποις,
2733 663 2831 720 κᾶν
2860 666 2956 733 τὴν
2988 671 3092 720 τῶν
3123 669 3400 743 ἱερατικῶν
3460 665 3824 745 τελειώσεων,

2173 755 2407 834 ἐχούσης
2437 761 2592 810 τοῦτο
2623 752 2688 820 δη
2719 755 2780 810 τὸ
2810 755 3050 832 συνάγειν
3084 757 3169 811 καὶ
3202 756 3273 816 είς
3334 757 3614 812 κοινωνίαν
3673 755 3825 834 ἄγειν

2170 848 2258 901 καὶ
2313 843 2520 900 ἕνωσιν
2583 844 2762 917 ἅπασα
2818 845 2917 922 γὰρ
2973 843 3165 911 τελετὴ
3218 844 3381 900 ταῦτα
3415 842 3666 921 δωρεῖται
3702 861 3826 907 τοῖς

2170 932 2531 1008 τελουμένοις,
2567 936 2638 998 ὡς
2668 932 2790 1011 φέρε
2822 935 2993 990 εἰπεῖν
3017 935 3106 988 ἒπὶ
3135 936 3226 989 τοῦ
3271 934 3666 1010 βαπτίσματος·
3736 937 3830 991 καὶ

2171 1026 2270 1102 γὰρ
2328 1025 2362 1090 ἡ
2424 1023 2642 1088 τοιαύτη
2677 1021 2862 1087 τελετὴ
2894 1023 2991 1089 τὴν
3025 1023 3278 1101 μεριστὴν
3312 1025 3456 1094 ζωὴν
3489 1032 3582 1080 τοῦ
3611 1024 3826 1104 ἀνθρώ-

2171 1135 2295 1187 που,
2330 1109 2576 1178 δηλονότι
2609 1111 2703 1178 τὴν
2734 1113 3022 1186 κοσμικὴν,
3055 1115 3140 1168 καὶ
3175 1113 3248 1177 εἰς
3308 1111 3484 1170 πολλὰ
3551 1113 3826 1180 πληθύνο-

2174 1200 2364 1280 μένην,
2425 1202 2497 1263 εἷς
2555 1197 2756 1266 ἐνοειδῆ
2814 1201 3057 1278 συνάγειν
3113 1199 3326 1270 θέωσιν,
3359 1203 3446 1257 καὶ
3493 1202 3632 1258 κατᾶ
3665 1213 3825 1260 τοῦτο

2175 1290 2380 1356 σύναξις
2410 1290 2470 1345 ἂν
2501 1288 2730 1367 λέγοιτο·
2767 1291 2853 1346 καὶ
2886 1289 3042 1346 πάλιν
3080 1289 3132 1346 ἓν
3181 1297 3249 1367 τῇ
3297 1291 3520 1366 τοιαΰτῇ
3577 1293 3826 1366 συμπτύο

2177 1383 2250 1448 ξει
2310 1390 2414 1438 τῶν
2461 1381 2732 1458 διαιρετῶν
2790 1383 2877 1438 καὶ
2933 1388 3204 1456 κοσμικῶν
3256 1383 3522 1451 κινήσεων
3553 1384 3651 1450 τὴν
3685 1391 3825 1457 πρὸς

3576 1471 3688 1530 ἰδοὺ
3735 1476 3828 1529 καὶ

2178 1475 2238 1528 τὸ
2270 1472 2347 1544 ἓν,
2383 1473 2473 1527 τὸν
2507 1472 2634 1527 Θεὸν
2666 1469 2894 1549 δηλαδη,
2930 1471 3204 1528 κοινωνίαν
3251 1469 3522 1564 δωρεῖται,

2172 1562 2416 1619 κοινωνία
2473 1562 2568 1617 οἶκ
2623 1560 2921 1625 ἀπεικότως
2975 1560 3192 1638 λέγοιτο
3255 1558 3339 1623 ἅν,
3405 1558 3509 1618 wluat
3543 1571 3591 1618 τί
3622 1569 3751 1640 γοῦν
3785 1566 3822 1631 ἡ

2171 1649 2492 1728 προκειμένη
2522 1647 2713 1716 τελετὴ
2741 1656 2847 1705 τῶν
2875 1649 3127 1706 τοιούτων
3160 1651 3436 1723 ὀνομάτων
3477 1649 3617 1716 ἰδίως
3677 1673 3824 1725 μετ-

443 1738 558 1798 rito
588 1735 704 1798 dici
737 1737 941 1817 possit.
977 1735 1097 1798 Cur
1148 1736 1371 1811 itaque,
1425 1753 1684 1814 praesens
1739 1754 2074 1798 sacramen-

2171 1741 2362 1818 εἴληχε
2400 1759 2415 1812 ;
2478 1741 2573 1796 Καὶ
2630 1739 2826 1816 φαμὲν,
2887 1737 2968 1794 ὅτι
3018 1741 3051 1806 ἡ
3083 1740 3191 1795 τῶν
3221 1739 3446 1798 τελετῶν
3479 1740 3693 1796 ἐκείνων
3725 1762 3825 1796 τε·-

444 1835 565 1888 tum
599 1826 935 1887 istiusmodi
969 1823 1210 1885 nomina
1240 1825 1478 1904 proprie
1511 1822 1622 1884 sibi
1656 1823 1949 1888 vindicat?
1983 1826 2074 1888 Di-

2169 1829 2378 1892 λείωσις
2409 1829 2465 1884 ἐκ
2492 1833 2596 1883 τῶν
2628 1829 2823 1894 ταύτης
2855 1825 3061 1906 δωρεῶν
3094 1828 3228 1884 ἐστι·
3262 1832 3348 1884 καὶ
3404 1831 3502 1906 γὰρ
3559 1829 3656 1885 οὒκ
3709 1830 3824 1886 ἔστι

443 1923 655 1992 cimus,
690 1915 938 1978 istorum
975 1921 1481 1975 sacramentorum
1530 1913 1954 1993 perfectionem
2013 1935 2074 1978 ex

2166 1920 2282 1976 τινὰ
2337 1917 2648 1983 τελεσθῆναι
2704 1918 3018 1995 ἱεραρχικὴν
3075 1916 3324 1992 τελετὴν,
3359 1925 3434 1992 μὴ
3467 1923 3566 1985 τῆς
3597 1921 3816 1975 θειοτά-

445 2004 620 2084 bujus
652 2003 1006 2066 muneribus
1037 2001 1291 2067 existere
1319 2020 1332 2064 :
1372 2021 1506 2064 nam
1539 2021 1653 2062 non
1679 2003 1818 2064 licet
1840 2003 2074 2084 aliquod

2164 2031 2264 2076 της
2301 2007 2676 2088 Εύχαριστίας,
2707 2007 2805 2072 τῆς
2835 2013 2938 2062 τῶν
2971 2010 3275 2085 μυστηρίων
3319 2005 3548 2077 δηλαδη,
3602 2012 3820 2086 ἱερουρ-

443 2103 883 2156 sacramentum
899 2091 1338 2154 liierarchicum
1359 2093 1790 2172 perficeremisi
1809 2093 2074 2156 videlicet

2163 2099 2360 2176 γούσης
2420 2097 2518 2162 τὴν
2575 2098 2658 2152 inti
2715 2099 2776 2151 τὸ
2809 2096 2885 2168 ἓν,
2922 2097 3011 2151 τὸν
3045 2098 3173 2151 Θεὸν
3201 2093 3431 2175 δηλαδὴ,
3467 2099 3819 2174 συναγωγήνο

439 2183 809 2245 divinissima
835 2181 1189 2243 eucharistia
1222 2200 1356 2242 cum
1389 2200 1530 2250 uno,
1566 2181 1622 2242 id
1648 2192 1736 2244 est
1766 2183 1904 2242 202
1954 2187 2078 2246 Deo

439 2272 919 2352 conjunctionem
946 2278 1254 2351 operetur;
1276 2271 1387 2332 hoc
1411 2271 1572 2332 enim
1597 2278 1690 2334 est
1711 2273 2076 2354 praecipuum

441 2361 600 2442 quod
621 2362 682 2423 in
711 2360 962 2438 singulis
991 2359 1348 2422 celebratur.
1383 2361 1445 2424 Si
1470 2360 1668 2441 itaque
1691 2361 2078 2443 unumquod-

437 2469 552 2532 que
581 2465 1044 2524 sacramentum,
1078 2450 1243 2512 hisce
1274 2451 1572 2531 mysteriis
1602 2451 1969 2523 frustratum,
2003 2453 2079 2514 sit

437 2539 946 2622 imperfectum,et
970 2557 1080 2601 nec
1099 2539 1338 2621 proprie
1361 2551 1797 2604 sacramentum
1823 2541 2073 2617 dicatur,

436 2647 632 2710 neque
664 2648 797 2692 cum
823 2648 940 2691 uno
961 2629 1062 2690 illo
1085 2629 1490 2692 communicet
1509 2631 1844 2713 copuletve,
1867 2631 2076 2693 merito

438 2719 617 2782 etiam
632 2718 768 2781 huic
789 2719 900 2781 soli
919 2718 1223 2800 proprium
1239 2720 1353 2780 hoc
1370 2737 1587 2784 nomen
1613 2738 1904 2802 synaxeos
1915 2721 2074 2782 attri-

441 2808 663 2872 buitur.
697 2808 947 2890 Synaxis
977 2825 1152 2890 porro
1181 2808 1428 2871 minime
1460 2809 1846 2890 intelligenda
1875 2809 2078 2891 populi

434 2900 836 2979 congregatio,
877 2906 1051 2980 prout
1080 2898 1261 2979 aliqui
1292 2917 1448 2960 nunc
1471 2901 1758 2980 temporis
1773 2918 1980 2962 vocem
2007 2899 2080 2961 il-

433 2989 550 3050 lam
570 2988 892 3069 accipiunt,
918 2987 1020 3049 sed
1046 3007 1180 3049 cum
1209 2990 1327 3049 Deo
1351 2987 2080 3069 conjunctiocommunio-

435 3095 574 3160 que.
597 3077 764 3140 Idem
789 3095 1027 3158 quoque
1045 3075 1179 3157 quis
1196 3076 1458 3139 inveniat
1479 3078 1538 3138 in
1562 3077 1746 3140 divini
1763 3078 2079 3158 baptisma-

2161 2188 2316 2244 τούτο
2374 2189 2471 2266 γὰρ
2528 2185 2638 2242 ἐστι
2694 2187 2753 2241 τὸ
2811 2184 3340 2264 κεφαλαιωδέστερον
3397 2185 3483 2241 ἐπὶ
3515 2199 3632 2251 τοῖς
3698 2185 3819 2243 καθ’

2162 2276 2358 2333 ἕκαστα
2394 2274 2751 2350 τελουμένοις.
2811 2280 2869 2332 Εἰ
2921 2275 3092 2330 τοίνυν
3153 2275 3355 2342 ἑκάστη
3413 2277 3519 2330 των
3577 2274 3818 2332 τελετῶν

2161 2365 2562 2442 ἀπολειπομένη
2614 2365 2711 2432 τὴν
2742 2363 2765 2386 ⁸
2801 2364 3135 2445 μυστηρίων,
3181 2364 3377 2431 ἀτελὴς
3427 2365 3562 2441 ἐστι,
3596 2371 3687 2425 καὶ
3719 2367 3823 2423 οὐκ

2161 2454 2278 2536 ἔχει
2310 2456 2500 2533 κυρίως
2557 2453 2674 2511 οὕτε
2730 2456 2791 2509 τὸ
2845 2453 3035 2520 τελετη
3095 2453 3366 2532 λέγεσὸαι,
3429 2453 3546 2511 οὔτε
3577 2455 3686 2529 μὴν
3716 2457 3819 2523 τὴν

2161 2548 2292 2622 πρὸς
2325 2548 2384 2601 τὸ
2416 2545 2471 2601 ἓν
2501 2545 2779 2602 κοιοωνίαν
2808 2546 2894 2600 καὶ
2924 2541 3154 2617 σύναξιν,
3215 2544 3433 2608 εἱκότως
3492 2545 3660 2619 ταύτης,
3724 2547 3820 2601 καὶ

2161 2635 2302 2712 μόνῃ
2335 2634 2620 2691 ἐπιτίθεται
2651 2636 2685 2698 ἡ
2716 2634 2866 2712 κυρία
2896 2632 3166 2707 ἐπωνυμία
3196 2633 3294 2699 τῆς
3326 2632 3610 2698 συνάξεως.
3667 2638 3811 2690 Σύν-

2164 2723 2274 2790 αξιν
2329 2722 2383 2780 δὲ
2441 2723 2659 2791 νοητέον
2718 2725 2778 2780 ού
2837 2723 2934 2789 τὴν
2997 2729 3089 2778 τοῦ
3145 2721 3295 2796 λαοῦ,
3325 2725 3500 2786 καθὼς
3533 2725 3630 2792 τὴν
3665 2722 3812 2790 λέξιν

2161 2814 2299 2878 τινὲς
2353 2810 3037 2892 σήμερονὲκλαμόάνονται,
3063 2809 3200 2867 ἀλλὰ
3229 2813 3328 2878 τὴν
3359 2814 3488 2890 πρὸς
3521 2815 3654 2869 Θεὸν
3683 2835 3814 2868 συνι-

2165 2902 2385 2981 αγωγὴν
2444 2905 2534 2960 καὶ
2593 2901 2891 2960 κοινωνίαν.
2956 2900 3136 2964 Οὕτως
3193 2900 3332 2979 εὕροι
3389 2923 3468 2966 τίς
3500 2901 3561 2957 ἂν
3601 2903 3692 2959 καὶ
3721 2902 3812 2960 ἐπὶ

2164 2997 2259 3059 τῆς
2291 2993 2511 3059 τελετῆς
2545 2997 2634 3049 τοῦ
2690 2992 2828 3048 Οείου
2884 2989 3272 3066 βαπτίσματος·
3336 2992 3424 3046 καὶ
3460 2992 3561 3068 γὰρ
3615 2992 3702 3048 καὶ
3761 2994 3814 3048 αἱ

2161 3081 2318 3141 ἄλλαι
2345 3082 2622 3163 φωνίζουσι
2658 3079 2889 3159 τελεταὶ,
2937 3078 3058 3136 ἀλλ’
3087 3079 3234 3155 ὅμως
3266 3089 3433 3156 ταύτῃ
3481 3079 3621 3143 ἰδίως
3675 3081 3813 3138 ἐπε-

435 3168 509 3230 tis
539 3175 934 3230 sacramento:
961 3183 1095 3228 nam
1127 3165 1268 3228 licet
1295 3167 1410 3229 alia
1439 3186 1678 3250 quoque
1706 3177 2074 3232 sacramenta

2161 3171 2287 3238 τὲθη
2328 3173 2378 3227 τὸ
2411 3169 2579 3246 ὄνομα
2613 3177 2702 3228 τοῦ
2733 3171 3091 3249 φωτίσματος,
3146 3168 3231 3227 διὰ
3287 3170 3349 3225 το
3407 3170 3549 3226 εἶναι
3609 3171 3816 3238 ταύτην

431 3255 947 3332 illuminent,huic
966 3265 1162 3318 tamen
1181 3257 1428 3337 praprie
1452 3275 1670 3320 nomen
1693 3257 1804 3320 hoc
1821 3258 2075 3320 illustra-

430 3346 615 3411 tionis
631 3345 982 3425 impositum
1002 3353 1113 3421 est,
1130 3347 1288 3426 quod
1310 3347 1576 3409 omnium
1591 3347 1919 3410 divinarum
1940 3347 2074 3410 illu-

431 3437 780 3499 strationum
807 3436 1165 3516 principium
1193 3438 1424 3501 existat.
1461 3438 1611 3500 Nam
1645 3437 1761 3499 nisi
1791 3437 1923 3519 quis
1975 3438 2071 3500 di-

429 3525 564 3587 vino
595 3522 950 3606 baptismate
979 3525 1156 3588 fuerit
1183 3525 1465 3601 initiatus,
1510 3525 1900 3608 ejusdemque
1932 3527 2071 3590 illu-

428 3614 714 3678 stratione
743 3613 957 3694 dignus
986 3614 1064 3678 sit
1094 3614 1360 3694 habitus,
1421 3635 1540 3677 non
1592 3625 1784 3695 potest
1832 3616 2072 3678 alterius

429 3706 769 3786 cujuSpiam
834 3704 1250 3770 illustrationis
1310 3707 1607 3788 particeps
1660 3706 1936 3768 existere.
1972 3706 2073 3768 His

429 3793 648 3870 dictis,
708 3795 1163 3859 consideremus
1235 3796 1420 3876 ipsam
1481 3797 1660 3876 hujus
1719 3795 2072 3860 sacramenti

2160 3264 2342 3318 πασῶν
2373 3267 2480 3317 τῶν
2507 3261 2660 3316 Θείων
2707 3264 3073 3339 φωταγωγιῶν
3106 3258 3307 3337 ἀρχὴν.
3346 3260 3404 3316 Εἰ
3453 3259 3553 3337 γὰρ
3583 3260 3663 3334 μή
3714 3282 3814 3317 τε·

2157 3349 2366 3417 λεσθείη
2395 3371 2480 3414 τις
2511 3356 2588 3422 τῷ
2613 3352 2734 3423 θείῳ
2764 3346 3115 3424 ϐαπτίσματι,
3143 3349 3231 3404 καὶ
3258 3355 3352 3404 τοῦ
3395 3347 3630 3406 ἐντεῦθεν
3688 3372 3813 3429 φω-

2156 3446 2348 3514 τισμοῦ
2376 3438 2754 3518 καταξιωοείη,
2790 3442 2848 3497 οὗ
2892 3436 3104 3493 δύναται
3147 3435 3310 3494 ἄλλου
3344 3441 3483 3501 τινος
3527 3449 3814 3518 φωτισμοιῦ

2157 3532 2397 3608 μετοχὴν
2459 3527 2725 3594 δέξασται.
2788 3535 2962 3586 Ταῦτα
3020 3527 3280 3601 εἰπόντες,
3344 3526 3638 3602 κατίδωμεν
3705 3529 3813 3603 μὲν

2155 3620 2285 3683 τέως
2317 3619 2418 3685 τὴν
2445 3618 2542 3686 τῆς
2582 3618 2832 3684 τοιαύτης
2893 3615 3113 3684 τελετῆς
3174 3619 3490 3696 ἱερουργίαν,
3553 3615 3809 3683 δηλονότι

2156 3708 2299 3770 ὅπως
2330 3707 2567 3764 τελεῖται
2598 3708 2657 3763 τὸ
2693 3707 2983 3785 μυστήριον
3017 3711 3113 3773 τῆς
3161 3706 3445 3782 σονάξεως,
3514 3706 3810 3781 μετέπειτα

2154 3796 2208 3854 δὲ
2240 3797 2305 3855 τὰ
2334 3797 2432 3865 τῆς
2465 3798 2681 3875 θεωρίας
2708 3796 3094 3871 ἐρευνήσωμεν.

427 3886 966 3962 consecrationem,
1017 3886 1317 3966 quomodo
1349 3884 1631 3949 videlicet
1667 3885 2009 3966 mysterium
2059 3903 2350 3969 synaxeos
2386 3883 2728 3948 celebretur
2758 3905 2773 3960 ;
2807 3884 3026 3947 deinde
3060 3903 3196 3947 vero
3231 3885 3810 3966 contemplationem

431 3976 562 4053 ejus
591 3974 961 4053 indagemus.

834 4072 906 4134 ll.
953 4073 1314 4153 Mysterium
1343 4091 1671 4154 synaxeos.

511 4160 857 4225 Hierarchia
880 4181 1120 4243 precem
1147 4181 1376 4224 sacram
1396 4163 1584 4243 (illum
1605 4163 1844 4244 inquam
1867 4164 2073 4228 introi-

431 4254 582 4334 tum)
613 4251 684 4313 ad
715 4252 900 4313 altare
933 4249 1271 4332 celebrans,
1291 4262 1350 4314 et
1373 4251 1446 4314 ab
1477 4253 1746 4332 ejusdem
1772 4254 2071 4317 sulﬁtione

431 4343 664 4404 initium
696 4341 944 4423 faciens,
979 4342 1317 4404 universum
1353 4342 1555 4423 templi
1609 4342 1894 4404 ambitum
1944 4345 2068 4406 cir-

432 4431 578 4494 cuit:
607 4431 822 4494 exinde
853 4449 1088 4493 rursum
1121 4432 1196 4492 ad
1247 4431 1513 4494 divinum
1560 4431 1745 4494 altare
1802 4432 2068 4510 rediens,

429 4538 552 4584 una
571 4539 704 4583 cum
729 4521 862 4582 aliis
890 4520 1018 4582 infit
1051 4521 1410 4602 psalmorum
1449 4520 1638 4583 melos
1664 4541 1677 4582 :
1708 4528 1911 4602 postea
1935 4542 2070 4586 vero

430 4627 539 4692 per
565 4612 820 4675 lectores
855 4611 987 4691 (hos
1016 4610 1264 4690 liturgos
1293 4610 1484 4692 vocat)
1518 4609 1849 4672 divinarum
1901 4613 2067 4676 Scri-

429 4707 760 4780 pturarum,
794 4707 859 4762 ut
891 4700 1368 4781 Prophetiarum,
1401 4695 1662 4780 apostoli
1682 4709 1741 4762 et
1767 4699 2067 4779 Evangelii

430 4788 613 4850 divini
633 4789 809 4853 lectio
829 4789 1114 4852 recitatur
1133 4812 1146 4853 :
1174 4809 1290 4872 qua
1311 4789 1496 4866 (inita,
1530 4789 1947 4852 catechumeni
1966 4809 2065 4852 ar-

431 4887 661 4955 centur,
720 4889 780 4942 et
823 4888 958 4941 ante
1001 4879 1110 4942 hos
1135 4879 1549 4960 energumeni,
1579 4879 1680 4960 qui
1721 4880 2001 4942 nimirum
2030 4899 2066 4943 a

427 4967 798 5031 daemonibus
818 4969 1192 5050 infestantur,
1207 4978 1266 5032 et
1287 4975 1663 5050 pcenitentes;
1687 4980 1932 5032 manent
1953 4988 2061 5032 au-

428 5066 548 5120 tem
573 5058 674 5139 qui
699 5058 860 5136 digni
885 5067 1042 5122 sunt.
1075 5058 1257 5122 Porro
1288 5077 1322 5121 e
1353 5059 1609 5139 liturgis,
1671 5059 2060 5122 subdiaconi-

428 5145 540 5209 bus
567 5148 944 5228 inquam,alii
974 5147 1216 5229 quidem
1238 5148 1399 5211 fores
1430 5147 1896 5224 custodiunt,alii
1919 5165 2062 5212 vero

422 5235 583 5299 aliud
606 5236 907 5319 quidpiam
939 5247 1142 5318 agunt;
1184 5238 1288 5319 qui
1315 5245 1517 5300 autem
1572 5237 1838 5320 primarii
1897 5248 2058 5312 sunt.

423 5326 658 5390 scilicet
676 5325 935 5405 diaconi,
961 5345 1078 5390 una
1099 5346 1235 5390 cum
1252 5326 1660 5391 sacerdotibus
1680 5327 1878 5390 divino
1894 5327 2063 5390 altari

423 5434 640 5497 panem
653 5417 1240 5500 sacrum,etcalicem
1264 5417 1701 5482 benedictionis
1726 5419 2057 5499 imponunt,

420 5513 478 5567 et
508 5505 728 5570 deinde
756 5508 1096 5570 communis
1117 5507 1492 5589 hymuologia
1513 5509 1846 5590 profertur;
1875 5509 2064 5572 habe-

422 5593 566 5658 bant
589 5598 749 5660 enim
779 5599 958 5662 etiam
974 5607 1106 5661 tum
1128 5599 1366 5682 aliquod
1385 5599 1810 5663 documentum
1832 5615 1902 5662 ac
1924 5599 2066 5664 fidei

499 5721 523 5747 "
552 5722 687 5796 ἴσως
726 5730 858 5794 τῶν.

2612 4085 2678 4134 ll.
2714 4075 3013 4154 Μυστήριον
3045 4075 3327 4141 συνάξεως.
3411 4143 3429 4158 ο

2236 4157 2294 4225 Ὀ
2354 4168 2450 4240 μὲν
2511 4166 2794 4245 ἱεράρχης,
2854 4167 3020 4245 εύχην
3051 4167 3192 4244 ἱερὰν
3224 4167 3368 4229 ἐντὸς
3400 4157 3493 4222 τοῦ
3519 4168 3806 4234 θυσιαστη⁹

2154 4255 2263 4334 ρίου
2314 4256 2702 4333 ποιησάμενος,
2762 4255 2939 4328 (αὺτὸν
2993 4253 3058 4322 δὴ
3119 4259 3273 4330 οἶμαι
3328 4257 3416 4311 τὸν
3468 4254 3810 4335 εὐλογητὸῃ)

2153 4345 2241 4401 καὶ
2303 4343 2354 4410 εξ
2411 4348 2569 4403 αὒτοῦ
2623 4353 2715 4402 τοῦ
2743 4347 2930 4418 Θυμιᾷν
2979 4343 3286 4424 ἀρξάμενος,
3326 4344 3672 4422 περιέρχεται
3705 4352 3810 4399 πᾶ-

2153 4456 2251 4490 σαν
2281 4436 2379 4502 τὴν
2409 4433 2676 4512 περιοχὴν
2705 4441 2795 4490 τοῦ
2828 4436 2973 4490 »σοῦ’
3014 4433 3159 4508 εἶτα,
3195 4433 3459 4495 ἀναλύσας
3503 4431 3666 4488 πάλιν
3717 4432 3808 4490 ἐπὶ

2154 4526 2213 4581 τὸ
2244 4528 2389 4581 Θεϊον
2417 4523 2814 4602 θυσιαστήριον,
2853 4521 3155 4601 ἀπάρχεται
3187 4523 3322 4597 μετὰ
3353 4522 3458 4578 τῶν
3491 4520 3670 4578 ἄλλων
3703 4527 3805 4588 τῆς

2152 4611 2484 4689 ψαλμῳδίας·
2546 4611 2663 4680 ἑξῆς
2718 4609 2772 4666 δὲ
2829 4609 2912 4668 διὰ
2968 4617 3073 4667 τὼν
3151 4613 3504 4689 ἂναγνωστων
3562 4611 3803 4690 (τούτους

2150 4703 2250 4780 γὰρ
2301 4701 2444 4780 λέγει
2495 4698 2852 4779 λειτουργοὺς)
2905 4701 3014 4756 τῶν
3063 4703 3214 4757 Θείων
3245 4701 3488 4781 Γραφῶν,
3521 4707 3627 4757 τῶν
3658 4723 3800 4781 προ-

2148 4798 2407 4871 φητειῶν,
2463 4797 2553 4848 τοῦ
2613 4789 2967 4870 Ἀποστόλου,
3029 4797 3122 4847 τοῦ
3175 4793 3312 4846 Θείου
3366 4788 3714 4868 Εὖαγγελίου,
3765 4793 3802 4860 ἡ

2147 4883 2441 4959 ἀνάγνωσις
2473 4880 2702 4958 γίνεται·
2735 4880 2872 4956 μετᾶ
2903 4887 3064 4937 ταῦτα
3109 4877 3454 4937 ἐκϐάλλονται
3514 4881 3562 4935 οἱ
3616 4901 3802 4946 κατη-

2144 4973 2426 5050 χούμενοι,
2485 4971 2586 5050 πρὸ
2616 4971 2814 5026 τούτων
2866 4971 2912 5026 οἱ
2963 4970 3354 5048 ἓνεργούμενοι,
3434 4966 3688 5036 δηλονότι
3753 4973 3802 5027 οἱ

2144 5059 2522 5139 δαιμονῶντες,
2573 5061 2659 5116 καὶ
2709 5063 2756 5116 οἱ
2806 5058 2860 5115 ἐν
2910 5061 3162 5135 μετανοῖᾳ
3215 5058 3386 5129 ὅντες,
3421 5057 3635 5134 μένουσι
3669 5057 3726 5117 δὲ
3751 5062 3801 5116 οἱ

2145 5150 2303 5216 ἄξιοι.
2367 5149 2503 5206 Ἀπό
2563 5148 2618 5205 δὲ
2679 5150 2786 5206 τῶν
2817 5148 3158 5229 λειτουργῶν,
3195 5151 3335 5229 φημὶ
3365 5155 3472 5207 τῶν
3504 5146 3804 5206 ὑποδιακό-

2145 5263 2272 5314 νων,
2307 5240 2354 5298 οἱ
2385 5238 2482 5315 μὲν
2511 5240 2606 5302 τὰς
2635 5238 2805 5302 πύλας
2836 5238 3212 5319 φυλάσσουσιν,
3243 5241 3292 5296 οἱ
3316 5237 3372 5295 δὲ
3403 5237 3536 5294 ἄλλο
3567 5260 3620 5295 τι
3683 5237 3730 5295 δι
3745 5261 3806 5298 σ-

2148 5329 2488 5410 πρσίττονταν
2526 5331 2573 5386 οἱ
2603 5326 2658 5384 δὲ
2691 5327 2946 5408 ἔκκριτοι,
2977 5327 3225 5396 δηλονότι
3279 5329 3326 5385 οἱ
3383 5325 3644 5408 διάκονοι,
3707 5330 3804 5386 σὺν

2148 5433 2267 5486 τοῖς
2321 5421 2542 5500 ἱερεῦσιν
2600 5421 2685 5482 Eni.
2739 5429 2833 5478 τοῦ
2887 5421 3024 5476 θείου
3076 5422 3449 5498 ουσιαπηριου
3482 5419 3575 5474 τὸν
3641 5417 3803 5498 ἄρτον

2147 5509 2477 5591 προτιθέασι,
2509 5510 2598 5566 καὶ
2624 5509 2685 5566 τὸ
2716 5513 2815 5576 τῆς
2846 5505 3087 5587 εὐλογίας
3140 5505 3414 5584 ποτήριον,
3472 5508 3560 5563 καὶ
3611 5505 3806 5566 ἔπειτα

2148 5599 2601 5682 προομολογετται
2631 5599 2665 5668 ἡ
2695 5598 2850 5666 κοινὴ
2880 5596 3193 5677 ὑμνολογία.
3227 5597 3400 5678 Εἶχον
3425 5595 3525 5679 γὰρ
3556 5595 3645 5654 καὶ
3677 5615 3802 5654 τοτε
