4088 6208
316 314 434 381 453

812 315 906 378 on
950 315 1247 377 ECCLES.
1285 270 1732 386 ΗΙΕΒΑῐιοΗξ,
1781 308 1947 373 CAP.

2046 311 2104 372 ΪῙ.
2153 345 2226 357 -
2263 313 2644 376 PARAPHR.
2698 314 3210 382 PACHYMER/E.

3577 322 3692 387 454

314 448 542 526 μάθημᾶ
571 469 622 504 τι
677 448 764 504 καὶ
793 446 1126 522 σομμάθημα
1160 467 1411 510 πιστεως.
1450 445 1584 522 Πρὸς
1615 448 1697 508 οἷς
1728 447 1754 501 6
1783 443 1959 524 ἱεράρ-

2048 443 2500 510 institutionem.
2527 445 2615 508 Ad
2650 447 2775 510 haec
2803 451 3093 531 pontifex,
3131 470 3363 516 sacram
3399 472 3695 536 peragens

315 563 454 621 χης,
485 539 655 618 εὖχὴν
705 537 1095 616 ποιησάμενος,
1131 536 1230 603 τὴν
1281 537 1495 613 εἰρήνην
1530 533 1824 616 διαγγέλει,
1859 533 1963 602 δη-

315 629 496 686 λονότι
527 627 609 684 τό”
659 628 854 704 Εἰρήνη
886 632 1040 683 πᾶσι·
1075 627 1159 682 καί
1189 625 1332 688 εὐθὺς
1380 625 1795 700 ἂσπασαμένων,
1828 625 1962 681 ἀνα-

313 719 670 797 γινώσκονται
701 717 766 774 τὰ
794 714 1076 795 δίπτυρχα,
1120 717 1217 774 Καὶ
1247 715 1579 795 νιψαμένων,
1612 718 1640 771 6
1679 716 1960 796 ἱεράρχγ,ς,

315 809 482 884 μέσον
532 807 837 882 ἱστάμενος,
873 804 989 884 ἔχει
1036 805 1476 881 περιισταμένους
1536 805 1800 868 κάκείνους
1843 807 1963 870 τους

313 905 424 956 τῶν
469 896 784 976 λειτουργῶν
835 893 1123 971 ἐκκρίτους,
1161 896 1248 952 καὶ
1300 895 1563 973 ὑμνήσας,
1591 895 1854 973 ἱερουργεϊ
1901 895 1968 950 τὰ

313 991 588 1067 Θειότατα,
622 986 707 1044 καὶ
749 984 838 1040 ὑπ’
869 983 992 1059 ὄψιν
1043 982 1160 1062 ἄγει
1205 985 1270 1040 τὰ
1311 985 1611 1059 ὑμνημένα,
1641 984 1962 1063 σαφηνίζων,

303 1079 385 1140 ὡς
439 1082 669 1154 Χριστοῦ
717 1076 815 1131 εἶσι
863 1075 930 1130 τὰ
983 1080 1202 1131 τοιαῦτα
1244 1071 1505 1149 σύμϐολα*
1564 1074 1645 1130 ὅτι
1706 1074 1842 1150 μετὰ
1905 1077 1966 1130 τὸ

367 1167 533 1224 ἶπνον
587 1162 764 1222 λαϐὼν
823 1161 1005 1244 ἄρτον,
1062 1165 1150 1220 καὶ
1204 1164 1270 1219 τὰ
1329 1161 1451 1230 ἑξῆς
1509 1164 1596 1220 καὶ
1656 1163 1739 1221 ὅτι
1803 1170 1967 1222 Τοῦτο

305 1269 521 1314 ποιεῖτε
573 1258 646 1320 εἰς
713 1255 812 1323 τὴν
867 1255 1005 1332 ἐμὴν
1069 1254 1389 1328 ἀνάμνησιν.
1454 1245 1812 1311 Ὺποδείκνυσι
1883 1252 1962 1336 δὲ,

308 1347 479 1425 ἤγουν
537 1345 735 1422 ἀνυψοῖ
793 1349 938 1418 τότε,
975 1342 1502 1418 ἆποκαλυπτομὲνων
1533 1349 1638 1400 τῶν
1694 1347 1966 1422 παναγίων

309 1435 499 1516 δώρων
545 1437 680 1512 μετὰ
721 1435 816 1499 τὰς
871 1436 1062 1516 εὺχὰς,
1115 1436 1382 1508 μενόντων
1443 1431 1496 1489 δὲ
1553 1432 1968 1510 κεκαλυμμὲνων

309 1527 417 1590 ἕως
450 1533 635 1603 καιροῦ
679 1523 1064 1600 μεταλὴψεως,
1116 1524 1262 1580 Μετὰ
1291 1530 1455 1580 ταῦτα
1506 1522 1660 1586 αὖτός
1693 1545 1750 1579 τε
1797 1544 1968 1597 μετα-

310 1613 600 1694 λαμϐάνει,
635 1617 720 1672 καὶ
773 1617 891 1678 τοὺς
924 1613 1113 1678 ἄλλους
1163 1612 1536 1691 προτρέπεται.
1574 1614 1872 1691 Μετασχὼν
1916 1611 1970 1668 δὲ

308 1708 405 1760 καὶ
459 1703 742 1780 μεταδοὺς,
778 1706 852 1768 εἷς
900 1704 1244 1782 εὐχαριστίαν
1290 1701 1606 1780 καταλήγει.
1643 1704 1739 1758 Καὶ
1781 1701 1972 1758 πολλοὶ

2052 536 2692 616 precationem,pacem
2726 549 3103 618 apprecatur,
3137 541 3393 605 dicendo
3421 545 3690 609 scilicet:

2049 623 2188 686 Pax
2219 627 2541 707 omnibus;
2593 626 2856 708 dumque
2889 629 3048 690 illico
3080 647 3145 691 se
3187 633 3468 705 salutant,
3502 653 3694 697 sacrm

2048 714 2261 776 tabulae
2293 715 2719 778 recitantur.Et
2751 726 3058 798 postquam
3083 719 3184 782 loti
3208 723 3694 796 sunt,hierarcha

2049 814 2214 867 stans
2239 806 2298 866 in
2335 805 2530 868 medio
2575 806 2835 869 selectos
2863 807 2998 870 illos
3045 809 3330 872 diaconos
3359 811 3474 873 sibi
3509 813 3693 878 habet

2049 896 2766 978 assistentes,hymnoque
2784 897 2942 958 dicto
2966 896 3691 965 divlnissimaﬂoaconse-

2050 993 2646 1065 cratsacramenta,et
2664 983 2775 1046 sub
2790 995 3092 1067 aspectum
3114 987 3276 1052 ducit
3299 1007 3366 1051 ea
3390 1008 3522 1071 quas
3537 994 3694 1054 cete.

2052 1072 2219 1136 brata
2241 1085 2402 1150 sunt,
2462 1075 2776 1137 declarans
2833 1093 2904 1137 ea
2951 1077 3168 1140 Christi
3217 1097 3348 1141 esse
3398 1079 3687 1161 symbola,

2051 1164 2327 1245 quoniam
2377 1173 2508 1246 post
2556 1182 2786 1227 canam
2844 1176 3089 1246 accepto
3144 1186 3304 1248 pane
3332 1189 3388 1251 r,
3451 1179 3510 1233 et
3561 1189 3693 1252 quae

2051 1262 2402 1334 sequuntur.
2438 1257 2586 1317 Item
2624 1273 2638 1318 :
2691 1254 2823 1318 Hoc
2879 1258 3061 1333 facile
3120 1259 3188 1320 in
3233 1275 3428 1322 meam
3457 1277 3691 1324 comma

2050 1347 2444 1406 moratione»:
2468 1350 2515 1406 (ι.
2547 1342 2820 1407 Ostendit
2847 1355 3070 1421 autem,
3105 1346 3164 1408 id
3199 1355 3310 1423 est,
3345 1357 3484 1412 tunc
3516 1349 3690 1413 dete-

2051 1441 2144 1496 cta
2177 1443 2383 1496 sancta
2445 1434 2598 1496 dona
2660 1442 2791 1516 post
2853 1453 3062 1516 preces
3093 1437 3307 1499 attollit
3335 1457 3441 1501 seu
3471 1439 3687 1513 elevat,

2053 1522 2128 1585 de
2143 1532 2356 1586 caetero
2376 1532 2528 1586 tecta
2559 1534 2800 1586 manent
2827 1544 3014 1604 usque
3046 1527 3118 1589 ad
3147 1533 3380 1607 tempus
3401 1529 3692 1611 sumptio-

2053 1613 2170 1678 nis.
2208 1612 2436 1676 Exinde
2477 1615 2871 1677 communicat
2933 1615 3083 1694 ipse,
3136 1615 3404 1698 aliosque
3459 1618 3687 1680 invitat.

2055 1704 2316 1783 Accepta
2355 1704 2612 1783 denique
2644 1704 2899 1782 dataque
2924 1705 3442 1786 communione,in
3475 1710 3693 1786 gratia-

311 1794 418 1869 μὲν
459 1795 533 1856 εὶς
564 1794 702 1869 μόνα
731 1794 795 1850 τὰ
837 1797 958 1850 θεῐα
1011 1793 1406 1869 παρακύπτουσι
1463 1791 1722 1868 σύμϐολα,
1755 1791 1847 1849 ἅτε
1897 1792 1959 1866 μὶ

2057 1814 2186 1857 rum
2201 1795 2495 1857 actionem
2512 1795 3033 1877 desinit.Cumque
3058 1797 3324 1879 plerique
3337 1799 3535 1861 divina
3555 1810 3691 1862 tan-

309 1880 592 1958 δυνάμενοι
645 1881 974 1962 ὑψηλότερόν
1004 1905 1054 1938 τι
1113 1882 1386 1951 ἐννοῆσαιο
1421 1884 1575 1946 αὐτὸς
1619 1879 1673 1937 δὲ
1707 1883 1733 1937 6
1789 1882 1959 1958 ἱεράρ-

2057 1895 2177 1946 tum
2210 1885 2472 1966 symbola
2491 1894 2906 1960 contueantur,
2936 1904 3006 1948 eo
3028 1888 3188 1965 quod
3210 1888 3526 1950 sublimius
3547 1889 3690 1966 quid

307 1994 428 2051 χης
461 1973 591 2048 πρός
637 1973 816 2028 ἐκεῖνα
860 1973 926 2028 τὰ
979 1973 1302 2049 πρωτότυπα
1359 1973 1484 2028 αὐτὸ
1537 1973 1597 2026 τὸ
1641 1978 1733 2028 τοῦ
1783 1973 1970 2048 Κυρίου

307 2062 492 2136 τίμιον
522 2068 676 2137 σῶμα
708 2063 796 2118 καὶ
848 2065 1011 2140 αἷμα,
1047 2061 1320 2140 ἀνάγεται,
1355 2061 1641 2135 πιστεύων,
1677 2060 1756 2116 ὅτι
1790 2063 1876 2117 καὶ
1905 2062 1968 2116 τὰ

306 2150 637 2229 προκείμενα
693 2152 767 2214 είς
828 2150 1010 2208 ἐκεῖνα
1065 2149 1468 2226 μετεϐλήθησαν
1539 2158 1614 2224 τῷ
1678 2151 1812 2229 ἁγίῳ
1880 2151 1969 2207 καὶ

307 2248 627 2321 παντουργῷ
671 2240 961 2317 Πνεῦματι,

958 2357 1049 2410 lll.
1089 2349 1319 2427 Θεωρία,

396 2450 424 2530 §
481 2460 526 2512 Ι.
561 2452 684 2510 ἐπὶ
739 2453 841 2520 τὴ)
883 2452 1102 2530 Θεωρίαν
1160 2450 1262 2518 ἤδη
1298 2449 1630 2526 μεταϐαίνων
1672 2459 1775 2510 τῶν
1830 2455 1964 2510 κατὰ

310 2540 524 2606 σύναξιν
574 2542 928 2621 τελουμένων,
963 2541 1092 2619 ὅπερ
1122 2541 1209 2598 ἐπὶ
1260 2549 1351 2598 τοῦ
1382 2543 1672 2620 μυστηρίου
1703 2554 1794 2602 τοῦ
1847 2567 1966 2625 φω-

311 2631 572 2705 τίαματος
627 2632 911 2710 πεποίηκε,
945 2633 1033 2688 καὶ
1085 2632 1206 2694 τοὺς
1237 2630 1584 2694 ἀτελειώτους
1631 2632 1706 2688 ἔτι
1751 2632 1966 2713 ἐψυχα-

314 2720 484 2798 γώγει
515 2719 596 2776 διὰ
625 2725 723 2787 τῆς
755 2723 1011 2787 αἰσθητῆς
1037 2727 1141 2776 τῶν
1189 2718 1472 2794 συμϐόλων
1507 2721 1793 2787 ποικιλίας
1830 2723 1968 2780 οὕτω

311 2810 406 2865 καὶ
446 2809 663 2866 ἐνταῦθα
693 2823 838 2866 ποιεῖ
889 2810 960 2875 είς
993 2809 1346 2889 ψυχαγωγίαν
1397 2816 1502 2867 τῶν
1535 2810 1610 2866 ἔτι
1656 2811 1967 2888 τελειουμέ-

313 2921 423 2954 νων
473 2901 559 2955 καὶ
588 2900 647 2956 οὒ
678 2899 782 2956 τῶν
834 2897 1048 2956 τελείων
1079 2899 1416 2978 ἐναῆμόνιον,
1451 2898 1695 2966 δηλονότι
1757 2902 1964 2978 προσή-

313 3009 511 3047 κουσαν
539 2994 607 3066 τῇ
635 2988 847 3063 δυνάμει
898 2994 996 3056 τῆς
1043 2990 1218 3046 αὐτῶν
1248 2987 1426 3054 ἕξεως.
1492 2990 1765 3048 Ποικιλίαν
1795 2989 1848 3047 δὲ
1877 2994 1964 3048 καὶ

313 3079 554 3134 σύνθεσιν
614 3077 698 3134 διὰ
761 3076 1038 3154 συμϐόλων
1094 3078 1262 3157 λέγει.
1314 3079 1462 3136 Ἐπεὶ
1528 3082 1625 3159 γὰρ
1685 3083 1718 3149 ἡ
1774 3083 1963 3161 Θεωρία

2053 1976 2440 2038 considerare
2461 1976 2920 2056 nequeant;ipse
2943 1982 3140 2038 tamen
3167 1977 3485 2040 hierarcha
3507 1980 3579 2040 ad
3608 1980 3690 2059 ip-

2051 2073 2243 2146 samet
2263 2075 2594 2146 prototypa,
2637 2083 2870 2126 sacrum
2900 2066 3175 2128 videlicet
3197 2085 3413 2146 corpus
3448 2086 3516 2130 ac
3546 2087 3686 2131 san-

2053 2145 2293 2224 guinem
2321 2145 2580 2221 Domini,
2603 2145 3333 2228 adducitur,credens,res
3355 2150 3688 2230 propositas

2051 2238 2113 2299 in
2146 2238 2252 2301 illa
2280 2247 2484 2302 sancto
2512 2257 2582 2300 ac
2605 2237 2885 2308 omniﬁco
2912 2238 3138 2319 Spiritu
3169 2247 3390 2302 mutata
3410 2258 3565 2303 esse.

2547 2345 2648 2410 Ill.
2684 2345 3178 2424 Comtemplatio.

2129 2453 2157 2534 §
2189 2451 2334 2516 LAd
2362 2451 2926 2531 contemplationem
2959 2451 3134 2512 modo
3163 2455 3455 2514 transiens
3476 2470 3688 2516 eorum

2052 2561 2183 2624 quae
2209 2544 2266 2603 in
2291 2539 3076 2622 synaxicelebrantnr,utiin
3101 2539 3469 2620 baptismatis
3492 2559 3690 2604 sacra-

2052 2641 2251 2694 mento
2277 2631 2550 2693 rudiores
2567 2631 2760 2692 adhuc
2787 2630 3017 2691 animas
3047 2648 3154 2710 per
3175 2631 3456 2692 sensilem
3480 2630 3685 2710 signo-

2051 2740 2183 2783 rum
2216 2721 2556 2782 varietatem
2580 2719 2854 2794 instituit,
2873 2719 2958 2781 sic
2984 2727 3043 2780 et
3064 2719 3183 2800 hic,
3211 2720 3282 2780 ad
3309 2721 3684 2783 commodam

2050 2830 2255 2872 eorum
2288 2811 2384 2891 qui
2415 2811 2607 2872 adhuc
2639 2809 3031 2889 perficiuntur
3055 2815 3111 2872 et
3145 2809 3398 2871 necdum
3440 2811 3685 2891 perfecti

2049 2911 2186 2962 sunt
2232 2901 2716 2972 instructionem,
2766 2898 3042 2961 similiter
3071 2899 3232 2980 facit,
3282 2899 3337 2960 id
3370 2908 3460 2961 est
3485 2900 3686 2963 virtuti

2050 2991 2286 3054 habitus
2313 2991 2575 3071 ipsorum
2609 2987 3335 3050 convenientem.Variam
3367 2997 3565 3051 autem
3590 3007 3686 3050 vo-

2048 3093 2141 3142 cat
2171 3090 2229 3142 et
2259 3079 2668 3160 compositam,
2706 3087 2948 3158 propter
2980 3076 3268 3158 symbola.
3331 3075 3477 3140 Cum
3523 3079 3682 3140 enim

310 3166 463 3235 ἀπλῆ
513 3170 602 3225 καὶ
659 3171 848 3244 ὶνιαία,
894 3169 1109 3232 εἰκότως
1168 3170 1232 3224 τὰ
1291 3168 1531 3245 σύμϐολα
1588 3169 1825 3226 ποικιλία
1874 3173 1959 3226 καὶ

2047 3171 2466 3250 contemplatio
2487 3168 2737 3250 simplex
2768 3170 2842 3230 sit
2863 3178 2920 3230 et
2941 3167 3252 3247 unimoda,
3279 3170 3490 3230 merito
3521 3187 3685 3249 sym-

313 3257 573 3320 σόνθεσις⁸
640 3261 685 3314 οἱ
751 3259 848 3336 γὰρ
920 3271 1036 3321 τοῖς
1104 3257 1392 3332 συμϐόλοις
1451 3260 1806 3340 προσέχοντες
1867 3261 1959 3317 οῦκ

2046 3261 2180 3323 bola
2211 3262 2460 3322 varietas
2486 3266 2627 3320 sunt
2657 3266 2716 3320 et
2758 3258 3110 3339 compositio
3142 3278 3154 3319 :
3195 3259 3295 3339 qui
3325 3257 3485 3321 enim
3517 3277 3681 3339 sym-

311 3347 502 3426 ἔχουσι
532 3349 629 3416 τὴν
662 3348 858 3404 ἑνιαίαν
887 3350 973 3404 καὶ
1023 3346 1198 3416 ἁπλῆν
1234 3353 1448 3426 γνῶσιν·
1485 3347 1604 3410 ἀλλ’
1633 3348 1810 3414 ἄλλως
1855 3349 1958 3406 ἄλ·

2046 3351 2196 3413 bolis
2224 3350 2557 3424 intendunt,
2595 3368 2714 3410 non
2739 3347 2963 3410 habent
2998 3353 3223 3410 unitam
3259 3357 3316 3410 et
3343 3347 3678 3430 simplicem

310 3435 405 3500 λος
437 3437 645 3515 ἀνάγει,
679 3435 855 3503 ἄλλως
898 3437 1068 3503 ἄλλος
1101 3439 1164 3493 τὰ
1197 3443 1294 3504 τῆς
1325 3437 1649 3517 ἀλληγορίας
1683 3438 1849 3516 λέγει,
1883 3442 1956 3504 ὡς

2046 3440 2470 3519 cognitionem,
2503 3440 2607 3502 sed
2637 3438 2789 3501 alius
2806 3438 2990 3500 aliter
3019 3437 3282 3512 adducit,
3320 3446 3495 3518 atque
3526 3437 3680 3500 alius

312 3524 583 3603 βούλεται.
620 3528 730 3584 Εἰσὶ
760 3525 810 3590 3',
848 3527 1064 3601 οἵτινες,
1100 3529 1186 3584 καὶ
1210 3533 1327 3592 τοὶς
1361 3526 1644 3603 συμϐόλοις
1672 3528 1955 3584 ἐναπολει·

2046 3532 2212 3592 aliter
2231 3532 2545 3610 allegorias
2578 3531 2778 3595 tradit.
2844 3536 3018 3611 prout
3047 3529 3193 3590 vult.
3229 3527 3510 3599 Quinimo
3538 3535 3683 3589 sunt

305 3616 543 3696 ιρθέντες’
569 3613 684 3672 καθ’
717 3615 902 3680 αὑτὰς⁸
947 3615 1255 3697 ἐκδέχονται
1314 3619 1377 3674 τὰ
1425 3619 1554 3695 ῦπέρ
1596 3621 1806 3697 αὐτους,
1867 3619 1954 3675 καὶ

2046 3619 2443 3700 nonnulli,qui
2475 3618 2756 3700 symbolis
2785 3619 3176 3689 inhaerentes,
3211 3615 3541 3677 secundum
3576 3615 3680 3677 illa

303 3704 512 3780 ψευδῶς
540 3708 839 3762 ὑπονοοῦσι·
878 3709 994 3763 καθ’
1032 3708 1059 3762 ὃ
1090 3706 1154 3775 δὴ
1187 3704 1372 3782 ψεῦδος
1407 3709 1495 3762 καὶ
1536 3710 1833 3781 μερίζονται
1867 3710 1952 3764 καὶ

2046 3710 2339 3790 accipiunt
2369 3728 2437 3770 ea
2466 3727 2597 3788 quas
2619 3726 2800 3788 supra
2841 3709 2966 3787 ipsa
3001 3714 3158 3786 sunt,
3219 3714 3276 3766 et
3308 3704 3517 3765 falsum
3541 3703 3677 3785 opi-

301 3794 690 3854 ποικίλλονται.
727 3795 977 3852 Ἐνταῦθα
1039 3804 1161 3875 γοῦν
1194 3819 1352 3875 φησιν
1403 3798 1430 3852 6
1479 3795 1682 3874 Πατήρ·
1720 3788 1809 3862 Ὠς
1845 3797 1951 3856 οὔδ’

2046 3788 2287 3874 nantur;
2318 3797 2646 3861 secundum
2675 3817 2850 3878 quam
2869 3796 3184 3857 falsitatem
3209 3799 3384 3855 etiam
3413 3793 3680 3856 dividun.

301 3885 442 3952 αὕτη
469 3887 505 3947 ἦ
541 3885 759 3953 ποικίλη
791 3884 873 3942 διὰ
921 3883 1203 3962 συμϐόλων
1234 3887 1468 3950 σύνθεσις
1501 3887 1725 3954 ἀνόητος
1778 3889 1952 3967 ὑπάρ-

301 3995 398 4055 χει
431 3979 560 4039 τοῖό
600 3974 961 4056 τελουμένοις,
1000 3978 1085 4032 καὶ
1113 3975 1274 4055 μέχρι
1305 3983 1411 4032 τῶν
1469 3977 1732 4044 αἰσθητῶν
1762 4000 1951 4058 φαινο-

303 4065 445 4140 μένη
475 4067 659 4130 μόνον⁹
707 4067 760 4122 αἱ
791 4067 890 4145 γὰρ
921 4067 1240 4143 ἀναγνώσεις
1299 4072 1403 4122 τῶν
1434 4065 1650 4144 λογίων,
1686 4065 1817 4123 ὅπου
1866 4070 1952 4125 καὶ

304 4154 594 4234 ἀναγωγὴν
641 4155 736 4212 οὒκ
765 4153 1322 4239 εἶχονηδιδασκαλίαν
1379 4154 1620 4239 ἐναρέτου
1651 4162 1778 4228 ζοῆς
1807 4159 1950 4239 ὕφη-

306 4225 524 4320 γοῦνται
569 4245 656 4302 καὶ
704 4225 1058 4324 ἆποκάθαῷιν
1087 4250 1185 4312 τῆς
1236 4246 1445 4310 κακίας.
1474 4225 1547 4302 ’Ἠ
1575 4245 1629 4302 δὲ
1662 4225 1952 4315 ’κοινὴικαὶ

301 4335 414 4390 ἀπὸ
455 4343 548 4394 τοῦ
613 4334 769 4394 αὐτοῦ
832 4333 988 4412 ἄρτου
1045 4335 1130 4390 καὶ
1177 4335 1429 4411 ποτηρίου
1473 4334 1751 4412 μετάδοσις
1812 4339 1950 4413 ὁμο-

295 4423 521 4504 τροπίαν
578 4426 874 4501 νομοθετεῒ’
917 4425 978 4481 τὸ
1035 4423 1134 4503 γὰρ
1191 4423 1489 4500 ὁμοδίαιτον
1520 4427 1606 4482 καὶ
1651 4426 1950 4504 ὁμότροπον

2036 3897 2132 3951 tur
2158 3898 2216 3950 et
2241 3887 2729 3968 multiplicantur.
2763 3886 2870 3948 Hic
2898 3888 3095 3966 itaque
3128 3884 3302 3946 Pater
3322 3884 3438 3946 ait:
3473 3881 3558 3945 Ne
3578 3884 3676 3945 di-

2039 3997 2206 4041 versa
2225 3979 2326 4040 illa
2352 3977 2754 4059 symbolornm
2782 3975 3140 4058 compositio
3172 3973 3427 4055 insipida
3458 3973 3677 4036 existat

2036 4069 2111 4130 iis
2135 4069 2236 4150 qui
2257 4069 2589 4137 initiantur,
2621 4067 2670 4128 si
2697 4085 2900 4128 rerum
2934 4064 3248 4128 sensilium
3279 4072 3508 4124 tantum
3540 4082 3672 4126 esse

2034 4161 2307 4222 videatur
2342 4180 2356 4223 :
2416 4159 2864 4239 Scripturarum
2897 4155 3058 4219 enim
3091 4155 3376 4218 lectiones
3406 4162 3470 4214 ut
3495 4153 3670 4216 etiam

2035 4270 2339 4330 anagogen
2371 4268 2488 4312 non
2521 4248 2841 4319 haberent,
2879 4247 3080 4328 probas
3110 4255 3307 4306 tamen
3336 4243 3468 4304 vitae
3498 4241 3675 4306 disci-

2036 4341 2257 4420 plinam
2282 4350 2340 4403 et
2373 4339 2673 4420 pravitatis
2696 4339 2951 4400 innuunt
2972 4333 3678 4420 expia_tionem._Cqmmu-

2034 4415 2129 4482 his
2159 4430 2355 4482 autem
2373 4415 2564 4482 'unius
2594 4419 2986 4500 ejusdemque
3013 4415 3183 4497 panis
3211 4434 3282 4478 ac
3311 4415 3514 4477 calicis
3538 4433 3672 4496 par-

293 4516 387 4570 καὶ
421 4513 497 4569 ἔτι
550 4515 625 4577 εἰς
656 4515 878 4589 μνήμην
913 4512 1029 4592 ἄγει
1078 4513 1166 4570 νοῦ
1212 4523 1474 4591 Κυριακοῦ
1515 4513 1746 4595 δείπνου,
1779 4503 1806 4572 δ
1860 4517 1947 4573 καὶ

2046 4510 2296 4592 ticipatio
2334 4528 2562 4570 morum
2623 4507 3098 4606 conformitatem
3162 4503 3473 4606 praecipit:
3533 4521 3671 4603 nam

292 4598 697 4684 ἀρχισόμϐολον
745 4603 912 4682 λέγει,
948 4606 1103 4661 οἷοδεὶ
1154 4604 1622 4685 ἀρχικοινωνικόν.
1674 4592 1945 4680 Σῦμϐολον

2046 4600 2208 4662 etiam
2237 4599 2563 4661 Dominicaa
2591 4616 2777 4660 omna;
2811 4595 3145 4658 convivium
3177 4613 3247 4657 ac
3272 4592 3665 4656 conformita-

290 4695 394 4771 γὰρ
445 4695 472 4748 6
507 4692 714 4772 ἔρανος,
748 4696 836 4750 καὶ
899 4695 926 4750 6
980 4693 1215 4751 ἐντεῦθεν
1272 4697 1448 4758 κοινὸς
1507 4696 1947 4770 οἶκονομούμενος

290 4779 512 4840 δεῖπνον
566 4782 800 4861 λέγεται⁶
863 4782 916 4848 EE
975 4786 1035 4839 οῦ
1090 4785 1176 4840 καὶ
1229 4782 1489 4860 σύμϐολον
1548 4787 1607 4840 τὸ
1651 4783 1945 4866 διδόμενοι,

289 4875 379 4928 καὶ
441 4869 743 4948 ἆσόμϐο)ος
801 4874 828 4927 6
899 4870 1188 4942 ἀσυντελής
1247 4872 1360 4929 καθ’
1422 4873 1450 4928 ὃ
1502 4877 1586 4929 καὶ
1646 4875 1797 4937 αὐτὸς
1845 4877 1947 4930 τῶν

289 4958 576 5035 συμϐόλων
613 4958 930 5040 δημιουργὸς
967 4961 1031 5040 (ἢ
1064 4959 1267 5028 δῆλαδή
1313 4961 1411 5029 τῆς
1443 4962 1740 5041 κοινωνίας,
1775 4961 1811 5030 ἢ
1842 4969 1948 5018 τῶν

291 5047 749 5126 συμϐαλλομένων
780 5053 855 5116 εἰς
884 5053 944 5107 τὸ
975 5051 1170 5106 κοινόν·
1223 5049 1328 5108 εἴτι
1356 5053 1454 5130 γὰρ
1499 5050 1560 5107 ἂν
1591 5051 1682 5118 εἴη
1714 5053 1774 5108 τὸ
1805 5073 1946 5128 συμ-

290 5135 652 5217 ϐαλλόμενον,
684 5141 817 5196 Θεοῦ
871 5139 984 5198 ἔστι
1015 5137 1446 5219 δημιούργημα³>
1505 5140 1812 5220 ἀποκληροῖ
1856 5144 1944 5200 καὶ

289 5227 697 5285 ἀποδιαστέλλει
743 5227 1052 5286 δικαιότατα
1109 5231 1200 5285 τὸν
1261 5233 1363 5310 οὐχ
1413 5231 1569 5294 ὁσίως
1621 5229 1940 5304 συνδειπνή-

2034 4697 2152 4751 tem
2187 4689 2247 4750 in
2267 4689 2612 4750 memoriam
2636 4687 3072 4768 reducit,quam
3095 4682 3672 4763 eturchisymbolam

2035 4787 2222 4856 vocat,
2258 4779 2424 4861 quasi
2443 4777 2718 4859 primitus
2763 4775 3289 4838 communicatam.
3324 4772 3668 4854 Symbolum

2031 4870 2193 4933 enim
2245 4869 2574 4932 convivium
2627 4867 2869 4940 dicitur,
2907 4873 2966 4926 et
3017 4882 3209 4936 caena,
3243 4863 3520 4945 quodque
3550 4863 3674 4933 illic

2031 4959 2092 5020 in
2118 4975 2433 5021 commune
2463 4956 2786 5027 confertur,
2827 4954 2985 5016 unde
3011 4954 3186 5016 etiam
3221 4950 3552 5033 symbolum
3586 4961 3675 5015 est

2030 5049 2090 5110 id
2127 5047 2280 5129 quod
2313 5048 2509 5125 dator,
2541 5055 2598 5107 et
2627 5044 2969 5125 asymbolus
2999 5044 3140 5104 204
3165 5051 3255 5103 est
3288 5042 3669 5123 imperfectus

2028 5158 2134 5201 seu
2169 5136 2415 5218 inutilis;
2429 5136 2600 5216 juxta
2614 5134 2770 5215 quod
2790 5135 2962 5196 etiam
2992 5135 3243 5214 ipsemet
3263 5131 3668 5212 symbolarum

2027 5236 2232 5292 auctor
2260 5226 2410 5304 (sive
2431 5225 2872 5286 communionis
2894 5222 3274 5296 scilicet,sive
3299 5238 3505 5283 eorum
3536 5237 3668 5302 quae

289 5339 458 5374 σαντα
507 5315 726 5382 Ἰούδαν,
763 5320 857 5377 Καὶ
903 5322 1045 5392 αὖτῷ
1089 5319 1186 5398 γὰρ
1232 5327 1322 5375 τοῦ
1350 5326 1605 5395 μυστικοῦ
1661 5319 1816 5398 ἄρτου
1852 5323 1940 5380 καὶ

2049 5338 2083 5380 n
2118 5334 2436 5380 commune
2459 5314 2882 5392 conferuntur;
2913 5312 3203 5394 quidquid
3229 5310 3386 5372 enim
3409 5308 3475 5398 in
3494 5327 3668 5398 com-

283 5409 385 5465 τοῦ
435 5408 689 5486 ποτηρίου
742 5407 1001 5484 μεταδοὺς
1049 5409 1114 5464 τὰ
1157 5397 1418 5487 μυστήρια
1451 5411 1633 5485 μόνοις
1677 5397 1794 5477 τοῖς
1827 5435 1936 5488 μα-

2046 5425 2207 5470 nune
2226 5403 2668 5477 confertur,Dei
2693 5410 2967 5467 creatura
2991 5401 3243 5481 est)jure
3275 5397 3654 5460 meritissimo

280 5500 504 5575 θηταῖς,
540 5499 674 5572 μετὰ
704 5499 763 5555 τὸ
818 5497 1049 5565 ἒξελθεϊν
1079 5499 1288 5556 ὶκεϊνον
1319 5498 1378 5558 ἐκ
1406 5507 1498 5558 τοῦ
1527 5497 1758 5583 δείπνου,
1790 5525 1933 5583 παρι-

2046 5505 2319 5562 εχεοτιθιη
2354 5495 2495 5560 facit
2521 5503 2579 5558 et
2628 5493 2886 5557 excludit
2915 5491 3150 5570 Iudam,
3185 5489 3285 5569 qui
3315 5505 3434 5548 non
3459 5497 3664 5552 sancte

393 5668 420 5712 Ρ
449 5657 595 5723 Luc.
630 5671 780 5736 αιιῐ,
828 5657 927 5722 19.
995 5651 1196 5722 “bid.
1257 5663 1270 5680 °
1304 5661 1438 5726 ἴσως
1481 5661 1602 5718 κατ’
1635 5664 1787 5724 αὐτά.
