4026 6210
475 305 590 370 455

1638 301 1697 365 S.
1753 299 2088 364 DIONYSII
2128 299 2639 368 AREOPAGIT/E

3691 307 3786 377 456

473 437 1148 520 coenamfrequentabat.
1177 439 1321 498 Cum
1338 435 1498 497 enim
1521 435 1633 516 ipsi
1661 434 1969 515 mysticum
2001 453 2107 516 pa-

2211 435 2410 508 Ξδωκεν,
2446 439 2522 497 ὡς
2569 436 2775 504 ἀναξίου
2816 440 3001 496 τούτον
3053 441 3202 506 ὄντος
3243 446 3334 498 τοῦ
3391 441 3571 505 Ἰοῶα.
3623 448 3708 502 Διὰ
3753 449 3796 504 τί

475 549 610 592 nem
641 533 1006 608 calicemque
1058 525 1414 604 tradidisset,
1451 525 1724 606 mysteria
1755 525 1898 586 solis
1926 523 2112 586 disci-

477 619 632 700 pulis
675 617 935 690 tradidit,
970 623 1276 694 postquam
1305 614 1506 688 Judas,
1543 614 1700 693 quod
1732 614 1801 674 iis
1835 612 2116 692 indignus

476 717 654 788 esset,
690 724 723 768 a
772 723 937 767 coma
965 701 1342 764 surrexisset.
1409 703 1624 782 thuid
1657 703 1854 783 itaque
1900 701 2112 764 Judam

475 805 764 859 exsortem
789 793 924 854 facit
953 791 1286 855 divinorum
1309 793 1890 873 mysteriorum,com
1917 801 2114 852 tamen

473 904 590 946 una
619 882 906 945 ctBnarit?
936 879 1002 944 Ut
1039 882 1398 950 ostenderet,
1433 898 1550 943 non
1577 882 1722 943 satis
1741 899 1874 942 esse
1905 898 2114 960 corpoo

468 974 672 1037 raliter
701 980 925 1034 tantum
957 972 1169 1034 adesse
1201 991 1268 1034 ac
1319 991 1672 1034 concinnare
1705 977 1918 1051 (neque
1951 969 2109 1030 enim

469 1065 580 1125 hoc
601 1061 849 1142 perinde
873 1071 962 1123 est
985 1063 1054 1122 ad
1083 1062 1622 1138 communionem),
1653 1061 1755 1121 sed
1784 1058 2110 1122 secundum

472 1161 729 1214 mentem
749 1151 963 1212 adesse
985 1157 1243 1230 Oportet.
1269 1149 1558 1223 Quoniam
1593 1151 1713 1231 illa,
1741 1168 1872 1230 quae
1895 1166 2117 1210 secun-

465 1243 604 1304 dum
662 1241 924 1302 habitum
958 1240 1130 1316 quasi
1163 1261 1230 1302 ex
1265 1241 1514 1302 scientia
1573 1241 1634 1302 fit
1664 1238 1949 1312 acerssio,
1987 1254 2123 1299 vera

469 1345 583 1413 est,
613 1333 672 1394 id
700 1340 876 1394 estut
899 1330 1032 1410 quis
1063 1333 1262 1392 animo
1289 1331 1375 1392 sic
1401 1331 1762 1392 constitutus
1794 1328 1892 1400 sit,
1921 1339 1983 1388 ut
2017 1345 2123 1407 per

2197 527 2366 583 τοίνυν
2427 528 2518 582 τον
2550 525 2748 584 Ἰούδαν
2805 528 3111 608 ἂποκ).ηροτ
3153 537 3259 587 τῶν
3306 534 3453 590 θείων
3511 536 3796 615 μυστηρίων,

2197 617 2366 671 καίτοι
2401 638 2459 693 γε
2507 615 2955 686 συνδειπνῆσαντα
2989 638 3004 697 ;
3051 617 3270 682 Πέντως
3303 618 3581 702 διδάσκων,
3627 626 3689 690 ὡς
3725 629 3804 684 trix

2199 703 2450 783 αὔταρκες
2507 707 2567 761 τὸ
2617 709 2950 778 σωματικῶς
2973 708 3136 782 μόνον
3168 725 3524 788 συμπαρεῖναι
3563 713 3645 768 καὶ
3699 737 3804 770 ουν-

2197 791 2458 870 δειπνεῖν,
2503 793 2644 869 (οὐδὲ
2703 796 2804 874 γάρ
2861 795 2974 852 ἐστι
3024 807 3176 856 τοῦτο
3231 801 3362 877 πρὸς
3414 801 3514 867 τὴν
3567 802 3807 858 κοινωνίαν

2197 883 2428 962 aptatch
2486 883 2622 941 ἀλλὰ
2661 885 2721 940 τὸ
2765 886 2900 940 κατὰ
2951 883 3188 942 διάνοιαν
3221 900 3454 944 συνεῖναι
3503 890 3534 955 ἡ
3577 891 3666 968 γὰρ
3711 888 3811 946 καθ’

2196 971 2299 1037 ἕξιν
2349 976 2506 1030 οἱονεὶ
2537 975 2654 1028 κατ’
2707 973 2990 1052 ἐπίγνωσιν
3035 975 3239 1042 ἀληθὴς
3287 977 3645 1056 προσέλευσις,
3673 1001 3806 1035 τουτ-

2197 1062 2306 1117 έστι
2357 1064 2417 1118 τὸ
2461 1061 2790 1142 ἐνδιαθέτως,
2845 1063 3014 1129 οὕτως
3062 1064 3232 1144 ἔχειν,
3271 1068 3360 1122 καὶ
3403 1069 3542 1124 κατᾶ
3579 1069 3672 1134 τὴν
3713 1067 3815 1124 διά-

2203 1173 2351 1206 νοιαν
2392 1149 2475 1206 διὰ
2521 1152 2746 1214 πίστεως
2793 1153 3032 1228 εἰσιέναι,
3065 1159 3132 1221 τῆ
3190 1153 3417 1222 ἀληθινῆ
3449 1156 3687 1228 κοινωνίᾳ
3733 1157 3814 1230 ἒμ-

2202 1252 2372 1296 ποιεῖ“
2423 1239 2552 1316 ὅπερ
2585 1241 2681 1296 οὒκ
2737 1242 2802 1309 ἦν
2855 1241 2976 1297 τότε
3033 1251 3108 1317 τῷ
3161 1241 3320 1315 Ἰούδᾳ
3379 1247 3466 1301 καὶ
3525 1248 3818 1322 συμπαρόντι

2205 1335 2526 1402 σωματικῶς
2556 1331 2644 1385 καὶ
2677 1329 3087 1393 συνδειπνοῦντι,

470 1423 646 1484 tidem
675 1440 744 1484 ex
775 1421 992 1481 affectu
1041 1422 1306 1500 accedat,
1339 1420 1494 1496 quod
1529 1438 1727 1480 veram
1784 1418 1919 1479 facit
1950 1415 2434 1478 communionem
2474 1435 2489 1492 ;
2525 1418 2682 1500 quod
2727 1418 2932 1500 utique
2959 1421 2988 1482 .l
3001 1419 3132 1482 udae
3179 1419 3405 1496 deerat,
3442 1420 3672 1484 tametsi
3713 1439 3825 1485 cor-

468 1529 610 1594 pore
643 1527 902 1592 praesens
933 1517 1082 1582 erat,
1116 1518 1296 1590 atque
1327 1528 1444 1570 una
1489 1507 1781 1571 sinuabat.

547 1602 576 1681 §
607 1600 678 1664 ll.
706 1601 996 1662 Caeterum
1030 1599 1182 1666 haec,
1209 1607 1272 1658 ut
1301 1599 1447 1677 dixi,
1473 1606 1718 1678 propter
1745 1615 1849 1658 eos
1879 1595 1982 1674 qui
2017 1595 2127 1656 ad-

2292 1595 2321 1674 §
2369 1606 2434 1658 Il.
2479 1595 2644 1654 Ἀλλὰ
2674 1597 2838 1655 ταῦτᾶ
2869 1597 2966 1674 μὲν
3009 1597 3122 1678 οὖν,
3155 1600 3225 1665 ὡς
3255 1599 3412 1679 ἓῖρην,
3447 1599 3716 1678 ἒῤῥέθησαν
3757 1604 3828 1658 αἱ·

470 1692 584 1754 huc
604 1688 945 1770 imperfecti
969 1699 1132 1763 sunt,
1163 1698 1220 1748 et
1243 1688 1384 1749 hinc
1413 1688 1489 1748 ad
1525 1686 1956 1748 sublimitatem
1979 1703 2123 1749 oon-

2212 1687 2615 1764 σθητικωτὲρως
2673 1686 2758 1744 διὰ
2788 1689 2911 1749 τοὺς
2973 1686 3048 1744 ἔτι
3095 1687 3464 1769 ἁτελειώτουε,
3511 1693 3600 1747 καὶ
3650 1691 3723 1762 μὴ
3763 1689 3833 1746 δυ-

469 1779 868 1860 templationis
883 1778 1210 1840 ascendere
1227 1796 1343 1838 non
1359 1777 1577 1856 valent,
1602 1775 1948 1838 sensibilius
1971 1774 2128 1836 dicta

465 1873 606 1944 sint,
638 1871 712 1933 ad
743 1871 1196 1933 convenientem
1223 1870 1489 1950 ipsorum
1523 1867 1743 1928 animis
1771 1865 2124 1929 erudiendis

469 1961 930 2023 institutionem.
959 1962 1083 2022 Nos
1106 1967 1300 2020 autem
1327 1958 1403 2020 iis
1432 1976 1563 2037 qua:
1595 1975 1714 2036 prie
1737 1955 1964 2017 foribus
1984 1964 2126 2016 sunt

466 2050 716 2130 relictis,
751 2049 824 2112 ad
859 2051 1174 2131 ipsammet
1220 2045 1785 2126 contemplationem
1819 2044 2124 2124 ingredia-

471 2160 624 2215 mur,
659 2141 733 2202 ab
759 2139 992 2202 eﬂ‘ectis
1019 2140 1091 2200 ad
1117 2156 1347 2216 causas,
1379 2137 1437 2198 id
1471 2148 1583 2214 est,
1612 2137 1686 2197 ab
1717 2136 1791 2196 iis
1815 2154 1952 2214 quae
1981 2135 2123 2196 visi-

470 2229 674 2292 biliter
721 2239 1012 2306 geruntur
1059 2229 1131 2288 ad
1185 2226 1505 2288 invisibilia
1561 2225 1946 2306 mysticaque,
1995 2243 2126 2306 qua;

471 2337 665 2382 causae
689 2329 826 2380 sunt
857 2327 912 2381 et
936 2316 1297 2397 exemplaria
1335 2333 1550 2378 eorum
1578 2332 1708 2394 qua:
1738 2314 1849 2376 sub
1881 2333 2122 2376 sensum

467 2407 712 2471 cadunt.
763 2407 946 2470 Porro
977 2407 1228 2470 effectus
1259 2405 1565 2485 dicuntur,
1603 2423 1672 2466 ea
1721 2421 1852 2486 quae
1879 2403 2124 2466 aliunde

469 2516 713 2561 causam
757 2497 981 2559 habent
1013 2505 1076 2558 ut
1107 2514 1344 2576 quoquo
1377 2496 1553 2557 modo
1605 2495 1746 2556 sint.
1781 2493 1886 2556 Vel
1917 2511 2123 2554 causas

473 2587 620 2649 dicit
667 2605 789 2660 eas,
825 2605 957 2666 quae
988 2584 1426 2666 quodammodo
1477 2584 1548 2645 ad
1582 2583 1858 2644 ultimum
1899 2580 2120 2643 bonum

472 2683 764 2755 spectant,
793 2685 850 2738 et
884 2693 1131 2754 quarum
1159 2674 1347 2752 gratia
1379 2691 1447 2735 ac
1479 2672 1702 2734 intuitu
1739 2671 1848 2732 hos
1879 2671 2123 2732 effectus

472 2763 654 2844 idque
679 2772 921 2846 propter
940 2765 1096 2842 ipsas
1121 2761 1616 2844 perlicimus.Sed
1638 2781 1670 2822 ο
1687 2761 2124 2821 divinissimum

2213 1775 2468 1850 ναμε-ρους
2521 1779 2594 1842 εἷς
2631 1779 2691 1834 τὸ
2734 1778 2868 1852 ὕψος
2920 1777 3230 1836 ἀπεντεῦθεν
3261 1782 3357 1847 τῆς
3395 1781 3612 1855 θεωρίας
3659 1779 3834 1858 ἀνάγε-

2211 1869 2328 1922 σθαι
2388 1869 2458 1932 εἰς
2504 1869 2860 1945 ψυχαγωγίαν
2925 1867 3096 1923 αὒτῶν
3141 1870 3226 1925 καὶ
3275 1870 3641 1946 προσήκουσαν
3677 1869 3836 1930 αὖτοτς

2211 1955 2464 2029 μάθησιν,
2529 1947 2722 2031 Ἡμεῖς
2751 1955 2830 2030 δὲ,
2866 1957 2934 2012 τὰ
2977 1956 3281 2034 προπύλαια
3327 1956 3730 2031 καταλιπόντες,
3759 1957 3832 2013 ἐν·

2209 2046 2300 2106 τὸς
2345 2049 2442 2107 τῆς
2471 2046 2690 2123 Θεωρίας
2743 2043 3060 2116 εἰσέλθωμεν
3111 2045 3218 2102 ἀπὸ
3246 2052 3354 2102 τῶν
3399 2047 3650 2104 αἱτιατῶν
3687 2047 3753 2108 εἷς
3779 2048 3832 2100 τὰ

2209 2132 2384 2206 αἴτια,
2443 2135 2713 2191 τουτέστιν
2744 2133 2848 2190 ἀπὸ
2906 2139 3010 2190 τῶν
3042 2136 3245 2212 ὁρατῶς
3303 2134 3634 2210 τελουμένων
3661 2137 3740 2192 ἐπὶ
3781 2137 3834 2190 τὰ

2208 2223 2408 2302 ἀόρατα
2435 2225 2522 2279 καὶ
2571 2224 2823 2298 μυστικὰ,
2859 2222 2992 2302 ἅπερ
3025 2229 3130 2279 τῶν
3179 2223 3232 2280 ἐν
3273 2226 3510 2294 αἰσθήσει
3559 2225 3703 2282 αἴτια
3741 2225 3823 2280 εἰσι

2207 2314 2295 2368 καὶ
2345 2312 2645 2390 ἀρχέτυπα.
2681 2313 2899 2368 Αἷτιατὰ
2927 2310 2980 2367 δὲ
3037 2311 3403 2404 λὲγονταιμτα
3461 2313 3704 2392 ἑτέρωθεν
3741 2313 3822 2379 τὴν

2207 2402 2375 2458 αἰτίαν
2433 2401 2525 2457 τοῦ
2556 2403 2799 2458 ὁπωσοῦν
2846 2402 2988 2476 εἶναι
3031 2403 3254 2482 ἔχοντα.
3296 2401 3366 2458 VH
3419 2403 3574 2460 αἴτια
3601 2403 3736 2480 λέγει
3774 2403 3826 2458 τὰ

2208 2493 2398 2548 ὡσανεὶ
2453 2489 2660 2570 τελικὰ,
2721 2493 2808 2548 καὶ
2871 2494 2946 2546 ὧν
3010 2491 3187 2566 ἕνεκα,
3252 2494 3381 2569 πρὸς
3439 2493 3474 2547 α’
3531 2493 3824 2572 ἀφορῶντες,

2207 2583 2372 2637 ταῦτα
2403 2579 2467 2648 δὴ
2497 2582 2561 2636 τὰ
2613 2582 2842 2656 αἷτιατα,
2875 2581 2970 2637 καί
3011 2582 3076 2636 τὰ
3108 2581 3262 2638 ἕνεκα
3306 2581 3542 2656 ἐκείνων,
3579 2581 3830 2657 τελοῦμεν,

2207 2669 2361 2726 Ἀλλ’
2404 2669 2449 2725 ὦ
2478 2670 2724 2735 θειοτάτη
2775 2672 2861 2724 καὶ
2891 2669 3002 2746 ἱερὰ
3057 2671 3253 2736 τελετὴ
3291 2668 3304 2730 Ξ
3369 2671 3442 2732 ὡς
3471 2669 3705 2748 ἐμψύχῳ
3751 2669 3836 2746 γὰρ

2209 2761 2344 2836 αὐτῇ
2399 2757 2721 2834 διαλέγεται·
2783 2759 2871 2813 καὶ
2915 2760 3152 2832 εἰκότως,
3188 2759 3322 2814 καθὰ
3376 2759 3464 2814 καὶ
3519 2761 3547 2814 6
3605 2755 3830 2832 θεολόγος

474 2873 542 2918 ac
573 2845 1016 2918 sacrosanctum
1051 2862 1484 2914 sacramentum
1521 2853 1533 2914 !
1569 2853 1764 2932 ipsum
1800 2851 1958 2912 enim
1990 2859 2123 2911 tan-

2211 2847 2377 2926 μέγας
2421 2849 2735 2925 Γρηγόριος·
2772 2845 2946 2926 Ἀλλ’,
2979 2849 3024 2900 ὠ
3056 2848 3242 2927 πάσχα
3271 2849 3331 2902 τὸ
3375 2846 3518 2923 μέγα
3548 2849 3635 2902 καὶ
3676 2845 3796 2924 ἱερόν
3823 2849 3834 2902 i

475 2961 653 3026 quam
710 2944 1032 3004 animatum
1092 2943 1434 3022 alloquitur,
1473 2941 1653 3022 idque
1715 2941 1949 3013 merito,
1988 2957 2121 3000 cum

2211 2942 2278 2996 Τὸ
2324 2940 2581 3012 ἡμετερον
2636 2939 2733 3014 γὰρ
2778 2939 2990 3016 πάσχα,
3021 2940 3108 2994 καὶ
3153 2940 3187 3004 ἡ
3239 2938 3456 3003 τοιαύττ,
3521 2939 3634 3015 ἱερὰ
3675 2933 3842 2998 τελετὴ

475 3025 650 3096 etiam
685 3033 992 3111 theologus
1016 3031 1115 3093 ille
1143 3050 1392 3112 magnus
1425 3029 1746 3109 Gregorius
1769 3029 1926 3092 dicat
1953 3050 1965 3092 :
2010 3026 2123 3090 Sed

2212 3025 2367 3090 ανῦτὸς
2421 3026 2561 3082 ἐστιν
2620 3029 2648 3082 6
2711 3026 2894 3103 Κύριος
2955 3029 3109 3097 ἡμῶν
3169 3025 3376 3092 Ἰησοῦς
3437 3029 3686 3104 Χριστὸς,
3729 3025 3838 3100 πρὸς

475 3143 508 3184 o
555 3123 776 3204 pascha
831 3139 1107 3200 magnum
1152 3139 1220 3183 ac
1279 3120 1594 3182 sanctum!
1640 3126 1909 3181 nostrum
1967 3116 2123 3179 enim

2212 3119 2269 3172 ὃν
2322 3129 2559 3173 ποιεῖται
2589 3117 2681 3172 τὸν
2725 3114 2884 3192 λόγον
2913 3117 2941 3171 6
2971 3115 3146 3193 ἅγιος,
3178 3114 3270 3170 ’ἱνα
3303 3115 3632 3190 ἀποκαλύψῃ
3659 3115 3722 3171 τὰ
3747 3113 3837 3187 ἆμ-

477 3212 718 3292 pascha,
751 3221 838 3283 ut,
862 3220 920 3272 et
941 3213 1054 3273 hoc
1075 3219 1348 3272 sanctum
1375 3219 1840 3284 sacramentum,
1869 3209 2128 3290 ipsemet

2211 3206 2499 3288 φιέσματα,
2532 3206 2618 3262 καὶ
2651 3202 3021 3282 ἀποπληρώσῃ
3051 3210 3144 3261 τοῦ
3173 3204 3367 3261 ἑνιαίου
3399 3207 3604 3284 φωτὸς.

475 3288 767 3366 Dominus
797 3307 998 3364 noster
1020 3299 1193 3364 Jesus
1219 3299 1491 3362 Christus
1523 3307 1632 3374 est,
1668 3298 1740 3362 ad
1773 3288 1954 3383 quem
1981 3297 2081 3360 hic
2108 3303 2346 3359 sanctus
2377 3311 2716 3356 sermonem
2763 3291 2962 3370 habet,
2993 3299 3061 3356 ut
3092 3292 3315 3355 revelet
3373 3292 3700 3374 involucra,
3731 3288 3845 3353 uni.

480 3410 668 3473 coque
703 3389 927 3452 lumine
949 3397 1209 3452 mentem
1242 3389 1510 3470 impleat.

557 3480 586 3560 §
617 3479 716 3543 IlI.
771 3481 1032 3542 Primum
1067 3479 1294 3559 itaque,
1330 3477 1810 3559 quandoquidem
1872 3475 2124 3556 ingressi

477 3589 705 3651 sumus,
741 3570 1127 3631 simulacrum
1175 3568 1572 3646 detegendum
1631 3580 1742 3632 est.
1797 3567 2126 3630 Simulacra

477 3673 674 3724 autem
734 3669 898 3722 vocat
944 3660 1233 3738 imagines
1289 3677 1488 3720 rerum
1545 3661 1920 3740 mysticarum
1972 3657 2126 3718 sicut

478 3753 647 3809 etiam
683 3751 737 3806 in
771 3750 918 3808 libro
947 3749 1028 3806 De
1049 3749 1253 3806 divinis
1281 3749 1601 3806 nominibus
1634 3749 1688 3804 id
1713 3749 1939 3820 planius
1963 3761 2126 3803 acce-

477 3841 694 3921 pimus.
719 3839 987 3900 Priinum
1016 3857 1190 3919 porro
1223 3840 1434 3900 horum
1471 3857 1757 3920 synaxeos
1777 3854 2124 3900 sacramen-

481 3941 602 3990 tum
657 3928 992 4008 appellavit,
1027 3929 1196 4005 cujus
1239 3947 1507 4003 sensum,
1543 3930 1664 3988 sive
1720 3927 1777 3988 id
1811 3928 1967 4004 quod
2020 3943 2127 4006 per

478 4017 1038 4096 contemplationem
1065 4019 1456 4096 signiﬁcatur,
1489 4017 1740 4096 postulat
1761 4017 1900 4076 2υὸ
1923 4015 2126 4094 expla—

481 4106 634 4168 nari.
669 4103 813 4166 Cum
836 4105 1016 4184 igitur
1037 4108 1352 4187 episcopus
1383 4107 1459 4166 sit
1483 4115 1650 4186 typus
1672 4105 1800 4178 Dei,
1825 4105 2127 4166 videamus

481 4193 1359 4276 quomodoincipiatincensum
1389 4195 1627 4256 adolere
1641 4194 1714 4255 ab
1740 4195 1908 4256 altari
1940 4212 2128 4274 usque

480 4285 551 4346 ad
578 4285 984 4348 extremitates
1017 4287 1246 4364 templi,
1269 4285 1604 4366 iterumque
1633 4284 1706 4346 ad
1740 4283 2001 4346 divinum
2035 4284 2128 4344 al-

477 4383 604 4438 tare
638 4383 988 4437 revertatur.
1043 4377 1254 4454 Itaque
1299 4374 1408 4437 Dei
1465 4373 1696 4436 bonitas
1728 4393 1762 4436 a
1810 4373 2131 4454 semetipsa

481 4465 554 4528 ad
589 4465 789 4558 omnia
819 4483 952 4542 quae
977 4462 1349 4558 providentia
1371 4472 1658 4558 reguntur
1679 4464 1989 4546 procedit;
2022 4460 2123 4522 sed

2215 4481 2352 4537 μενα
2405 4460 2665 4539 πρόεισιν,
2703 4459 2825 4516 ἀλλ’
2885 4459 2980 4515 οὒκ
3037 4457 3160 4539 ἔξω,

2283 3474 2311 3554 §
2345 3483 2430 3535 ιιι.
2471 3484 2567 3530 Δεῖ
2596 3473 2660 3542 δὴ
2691 3473 2802 3546 οὖν,
2835 3470 3018 3539 ἐπειδὴ
3073 3472 3219 3538 ἐντὸς
3251 3471 3570 3552 ἐγενόμεθα,
3603 3473 3662 3529 τὸ
3713 3477 3840 3549 πρῶ-

2205 3587 2295 3622 τον
2327 3566 2432 3621 τῶν
2481 3563 2806 3640 ἀγαλμάτων
2837 3560 3244 3636 ἆπολυμνῶσαι.
3295 3561 3618 3640 Ἀ-ίᾶλματα
3649 3563 3700 3617 δὲ
3729 3581 3840 3640 φησι

2206 3654 2300 3718 τὰς
2364 3655 2568 3716 εἰκόνας
2625 3655 2730 3708 τῶν
2786 3654 3076 3728 μυστικῶν,
3111 3653 3284 3714 καθὼς
3341 3653 3428 3708 καὶ
3491 3651 3548 3708 ἰν
3608 3658 3684 3726 τῷ
3737 3650 3843 3726 Περὶ

2205 3745 2356 3799 θείων
2415 3743 2690 3816 ὄνομάτων
2747 3739 3070 3820 πλατύτερον
3127 3739 3468 3816 διελάϐομεν,
3533 3742 3747 3819 [Ιρῶτω
3799 3737 3842 3792 δὲ

2207 3836 2405 3888 τούτων
2448 3834 2509 3888 τὸ
2537 3835 2650 3898 τῆς
2703 3830 2963 3896 συνάξεως
3019 3833 3304 3910 μυστήριον
3365 3831 3720 3907 ἆτιεκᾶλεσεν,
3765 3829 3843 3884 οὗ·

2209 3944 2350 3986 τινος
2411 3924 2470 3977 τὸ
2505 3923 2718 3995 νοηνὸν,
2757 3919 2915 3996 ἤγουν
2944 3923 3004 3976 τὸ
3066 3921 3197 3976 κατὰ
3230 3920 3447 3995 θεωρίαν
3513 3917 3843 3990 δηλούμενον,

2210 4010 2548 4089 ἀπογυμνοῦν
2613 4010 3022 4088 ἐπαγγέλλεται.
3063 4007 3282 4074 Ἐπειδέ⁸
3327 4031 3508 4064 τοινυν
3541 4010 3704 4070 τύπος
3755 4003 3846 4060 ἐστὶ

2211 4107 2302 4155 τοῦ
2355 4107 2488 4156 Θεοῦ
2548 4103 2575 4155 6
2634 4099 2946 4176 ἒπίσκοπος,
2979 4098 3179 4174 ἴδωμεν
3235 4103 3348 4162 πῶς
3399 4097 3632 4178 ἄρχεται
3685 4099 3848 4170 θυμιᾷ-ν

2211 4193 2317 4247 ἀπὸ
2368 4199 2461 4247 τοῦ
2515 4193 2886 4270 θυσιαστηρίου
2935 4191 3034 4252 ἓως
3079 4191 3182 4246 τών
3235 4190 3510 4269 ἒσχᾶτών,
3577 4191 3663 4244 καὶ
3712 4183 3848 4242 italu

2213 4279 2592 4360 ἒπαναστρέφει
2644 4284 2715 4342 εἱς
2787 4283 2848 4336 τὸ
2915 4286 3046 4336 Πεοῦ
3105 4282 3500 4357 θυσιαστήριον,
3563 4275 3640 4338 Ἦ
3703 4277 3851 4332 τοίνυν

2211 4371 2479 4448 ἀταθότης
2508 4377 2600 4427 τοῦ
2633 4376 2764 4426 Θεοῦ
2795 4367 2883 4449 ἀφ’
2915 4372 3106 4435 ἑαυτῆς
3140 4368 3225 4425 ἐπὶ
3270 4369 3444 4424 πάντα
3499 4369 3567 4424 τὰ
3613 4365 3848 4443 προνοού-

3201 4457 3284 4513 διὰ
3343 4459 3570 4533 τούτων,
3605 4463 3702 4524 τῆς
3749 4452 3848 4508 κατ’

480 4561 724 4636 propter
747 4541 898 4628 haec,
915 4541 1244 4617 secundum
1273 4541 1592 4616 essentiam
1616 4541 1806 4634 suam,
1829 4569 2123 4633 nunquam

2217 4549 2392 4607 ὠσίαν
2452 4549 2687 4612 στάσεως
2719 4550 2942 4626 γίνεται,
2975 4548 3041 4615 ἧς
3072 4545 3136 4616 δὴ
3183 4547 3360 4611 οὒσίας
3395 4548 3458 4604 τὸ
3517 4547 3734 4626 ιρόφιον
3761 4541 3846 4608 δη-

481 4633 514 4706 a
547 4633 784 4726 propria
837 4645 1092 4706 statione
1123 4645 1372 4724 recedit,
1407 4645 1574 4725 cujus
1629 4633 1829 4724 utique
1859 4641 2123 4704 essentia

2217 4639 2331 4712 λοτ,
2376 4639 2438 4694 τὸ
2481 4636 2665 4697 ἄδυτον
2721 4639 3116 4715 θυσιαστήριον,
3179 4637 3252 4699 εἷς
3311 4637 3338 4690 ὃ
3395 4634 3778 4712 ἐπαναστρέφει
3827 4633 3850 4684 6

477 4725 758 4796 arcanum
777 4733 1268 4813 signiﬁcataltare
1291 4733 1438 4796 illud
1460 4740 1853 4807 inaccessum,
1879 4732 1952 4794 ad
1974 4731 2123 4812 quod

2217 4728 2528 4792 ἐπίσκοπος.
2565 4735 2759 4785 Τοῦτον
2794 4727 2881 4784 οὗν
2911 4729 3000 4784 τὸν
3029 4725 3225 4806 τρόπον
3256 4725 3372 4806 ἔχει
3403 4727 3491 4781 καὶ
3521 4725 3558 4790 ⁵η
3605 4727 3704 4792 τῆς
3749 4744 3851 4777 συν·

479 4824 796 4904 episcopus
815 4811 1158 4886 revertitur.
1197 4823 1287 4884 Ad
1315 4823 1474 4884 hunc
1506 4822 1708 4903 itaque
1733 4823 1973 4884 modum
1994 4811 2123 4882 sese

2218 4816 2380 4882 ἀξεως
2439 4818 2650 4884 τελετὴ·
2713 4815 2885 4880 διττὸς
2928 4817 3028 4896 γὰρ
3084 4815 3178 4882 τῆς
3221 4815 3440 4871 ἑνταῦθα
3492 4813 3780 4892 ἀναγωγῆς
3827 4811 3852 4864 6

479 4912 661 4974 liabet
681 4931 971 4994 synaxeos
987 4921 1452 4986 sacramentum,
1481 4912 1761 4994 quoniam
1787 4911 1882 4974 hic
1907 4911 2129 4990 duplex

479 5009 571 5064 est
593 5002 742 5064 ratio
770 5021 1090 5082 anagoges.
1124 5003 1346 5082 Estque
1363 5001 1489 5064 haec
1517 5001 1728 5082 prima.
1764 5000 1956 5076 Quod,
1993 5000 2130 5061 licet

480 5089 746 5154 divinum
803 5109 1094 5172 synaxeos
1134 5099 1573 5154 sacramentum
1634 5099 1691 5152 et
1750 5091 2017 5168 unicum,
2072 5097 2131 5152 et

481 5180 760 5264 simplex,
792 5189 850 5244 et
876 5189 1245 5261 compactum
1273 5179 1487 5242 habeat
1516 5179 1896 5260 principium,
1929 5179 2131 5240 multi-

482 5272 739 5354 plicetur
767 5277 965 5334 tamen
997 5287 1106 5351 pro
1136 5269 1540 5350 symbolarum
1590 5271 1916 5346 varietate;
1951 5278 2132 5347 atque

483 5361 862 5425 uniformiter
890 5360 1110 5422 iterum
1143 5377 1214 5423 ex
1247 5358 1338 5421 liis
1369 5359 1444 5420 ad
1489 5359 1785 5441 propriam
1821 5358 2132 5438 colligatur

481 5455 795 5534 unitatem,
829 5449 1194 5530 unilicetque
1223 5448 1357 5510 illos
1389 5447 1491 5530 qui
1520 5449 1594 5512 ad
1625 5467 1688 5512 se
1720 5455 1920 5512 sancte
1950 5465 2128 5510 acce-

481 5540 653 5604 dunt.
685 5541 965 5604 Secunda
995 5557 1134 5604 vero
1161 5537 1312 5602 ratio
1337 5547 1449 5613 est,
1473 5538 1633 5620 quod
1666 5538 1907 5600 divinus
1927 5535 2128 5618 ponti-

481 5623 601 5702 fex,
625 5629 862 5692 tametsi
890 5627 1176 5711 symbolis
1205 5633 1426 5706 utatur,
1450 5633 1510 5690 et
1539 5627 1613 5690 ab
1639 5625 1819 5691 unica
1847 5623 2126 5706 scientia,

2209 4907 2430 4983 τρόπος.
2493 4905 2589 4962 Καὶ
2633 4904 2774 4961 ἔστιν
2807 4905 2956 4968 οὗτος
3016 4905 3251 4984 πρῶτος,
3283 4903 3364 4959 ὅτι
3394 4901 3494 4959 κᾶν
3541 4905 3579 4970 ἡ
3609 4903 3725 4958 θεία
3767 4901 3852 4964 τῆς

2215 4992 2472 5060 συνάξει-ις
2529 4993 2720 5062 τελετῆ
2785 4995 2870 5050 καὶ
2935 4994 3132 5050 ἑνιαίαν
3187 4995 3276 5050 καὶ
3329 4990 3504 5058 ἄπλῆν
3577 4993 3674 5048 καὶ
3727 5008 3852 5046 συνε-

2213 5083 2517 5164 πτυγμένην
2553 5083 2658 5164 ἔχῃ
2687 5083 2886 5164 ἀρχὴν,
2935 5081 3252 5149 πληθύνεται
3285 5083 3360 5144 εἰς
3410 5083 3508 5148 τὴν
3563 5081 3712 5158 ἱερὰν
3745 5101 3856 5134 ποι-

2215 5172 2386 5230 κιλίαν
2444 5179 2550 5229 τῶν
2596 5170 2898 5248 συμϐόλων,
2931 5174 3018 5228 καὶ
3070 5169 3311 5234 ἑνοειδῶς
3357 5171 3504 5234 αὖθις
3550 5169 3618 5225 ἐκ
3679 5169 3859 5226 τούτων

2217 5265 2288 5330 εἷς
2344 5267 2442 5330 τὴν
2488 5263 2682 5320 οἰκείαν
2732 5259 2933 5340 μονάδα
2981 5261 3284 5339 συνάγεται,
3315 5262 3402 5317 καὶ
3454 5261 3704 5317 ἑνοποιεῐ
3753 5257 3860 5314 τοὺς

2215 5353 2301 5411 ἐπ’
2363 5352 2525 5420 αὐτὴν
2584 5355 2734 5428 ἱερῶς
2789 5351 3172 5429 ἀναγομένους.
3231 5350 3484 5430 Δεύτερος
3530 5347 3591 5404 δὲ
3651 5348 3858 5426 τρόπος

2214 5441 2296 5500 ὅτι
2336 5445 2364 5500 6
2421 5445 2567 5507 θεῖος
2597 5441 2878 5522 ἱερέρχης,
2925 5441 2968 5496 εἰ
3023 5445 3220 5520 χρᾶται
3251 5439 3374 5502 τοῖς
3431 5433 3756 5513 συμϐόλοις,
3785 5435 3864 5490 καὶ

2213 5533 2318 5590 ἀπὸ
2365 5532 2462 5599 τῆς
2522 5533 2718 5597 ἐνιαίας
2762 5531 3066 5606 ἐπιστήμης
3097 5529 3417 5596 πληθύνεται
3473 5525 3557 5584 διαὶ
3607 5529 3712 5595 τὴν
3767 5529 3862 5581 τῶν

2211 5619 2621 5690 ὑποϐεϐηκότων
2665 5623 2938 5703 πρόνοιαν,
2975 5616 3096 5677 ἀλλ’
3131 5618 3226 5678 οὖν
3257 5619 3330 5682 ὡς
3369 5616 3643 5684 ἆπόλυτος
3697 5615 3862 5680 πάντη
