4026 6210
195 313 311 382 457

679 313 774 381 DE
818 314 1121 384 ECCLES.
1165 317 1614 398 HIERARCIL,
1660 319 1824 380 CAP.
1874 311 1983 380 III.
2019 351 2097 362 —
2127 315 2513 381 PARAPHR.
2558 313 3065 384 PACHYMERIE.

3434 321 3554 387 458

194 464 287 512 τοῦ
342 462 449 511 τῶν
482 452 760 528 συμϐόλων
807 453 1038 524 πληθους
1070 459 1156 513 καὶ
1201 457 1277 531 μὴ
1306 458 1664 512 ἒπικοινωνιῦν
1710 466 1796 510 tot

1912 462 2150 534 prapter
2201 451 2567 517 subditorum
2614 452 3054 534 providentian,
3090 455 3547 537 multiplicetur,

193 548 454 624 χείροσιν,
491 547 564 608 είς
617 545 715 610 τὴν
745 545 938 600 οἰκείαν
970 547 1151 625 ἀρχὴν
1195 543 1456 616 ἐπάνεισι,
1489 548 1581 602 καί
1617 547 1714 612 τὴν
1759 546 1831 609 εἰς

185 639 247 692 τὸ
303 635 360 690 ἓν
403 635 585 713 νοεραν
635 631 844 690 είσοῗον
899 637 1287 711 ποιησάμενος,
1321 635 1416 712 δρᾷ
1460 637 1661 701 νοητῶς
1715 635 1830 696 τοὺς

1918 543 2326 615 nihilominus,
2354 561 2462 605 ceu
2484 542 2790 606 absolutus
2813 546 3056 606 omnino
3088 565 3121 606 a
3139 547 3551 625 symbolarum

1916 633 2317 712 multitudine,
2350 651 2546 713 neque
2593 631 2773 694 rebus
2808 634 3183 713 sequioribus
3217 639 3552 700 communio

183 731 293 780 τῶν
349 722 685 796 τελουμένων
716 722 970 787 ἐνοειδεῐς
1020 723 1230 801 λόγους,
1280 723 1444 802 πέρας
1497 729 1594 790 τῆς
1646 725 1718 786 είς
1767 745 1794 778 τ

1915 740 2076 790 cans,
2112 722 2184 784 ad
2241 721 2540 800 proprium
2574 721 2930 801 principium
2979 733 3326 806 revertatur,
3362 735 3421 788 et
3475 729 3551 791 ad

180 813 398 891 δεύτερα
430 810 678 891 προόδου,
713 813 812 879 τὴν
842 815 913 877 είς
961 815 1026 871 τὰ
1058 816 1240 893 πρῶτα
1283 813 1609 894 ἐπιστροφὴν
1639 813 1828 869 ποιού-

179 926 374 977 μενος,

261 1171 421 1254 SIV.
483 1173 738 1229 Ἐνταῦοα
783 1169 949 1248 λέγει,
986 1171 1033 1226 τί
1090 1169 1250 1237 δηλοῖ
1301 1173 1336 1239 ἡ
1367 1170 1643 1250 σύμφωνος
1689 1167 1825 1245 ψαλι-

179 1263 379 1339 μῴία.
439 1255 597 1341 ’¹Ορα
629 1259 684 1316 δέ
714 1262 774 1316 τὸ
826 1259 1244 1336 συνουσιωμένη,
1281 1259 1358 1316 ὅτι
1404 1261 1488 1317 καὶ
1538 1261 1600 1316 τὸ
1631 1257 1825 1339 σχεδὸν

177 1357 531 1430 προσέθηκεν
595 1355 654 1410 οὗ
708 1351 808 1428 γὰρ
873 1348 1124 1416 ἀλλήλοις
1183 1347 1414 1416 ἥνωνται
1484 1357 1648 1406 ταῦτα
1705 1348 1824 1404 κατ’

176 1445 381 1522 orbein,
434 1440 571 1496 ἀλλὰ
619 1446 695 1513 τῷ
738 1441 866 1517 πρὸς
917 1438 1008 1494 ἕνα
1056 1440 1254 1495 σκοπὸν
1297 1440 1362 1495 τὰ
1422 1441 1594 1496 πάντα
1637 1459 1820 1494 συντε-

173 1531 315 1604 λεῖν,
351 1531 621 1589 τουτέστιν
673 1530 744 1590 εἰς
777 1529 876 1595 τὴν
918 1535 1023 1584 τῶν
1065 1529 1349 1606 ἀνθρώπων
1398 1529 1686 1608 σωτηρίαν,
1720 1527 1819 1608 ἔφη

171 1623 230 1675 το
282 1619 709 1698 συνοδσιωμένη,
745 1617 860 1674 ὅθεν
907 1618 1052 1684 εὖθυς
1084 1617 1324 1694 ἐπήγεγε
1377 1619 1433 1674 τὰ
1478 1616 1672 1698 σχεδὸν
1721 1641 1818 1674 κο·-

171 1709 346 1780 λιίζων
401 1713 496 1777 τήν
527 1710 633 1765 ἀπὸ
686 1713 784 1774 τῆς
814 1706 1001 1772 λέξεως
1056 1707 1382 1769 ἐναντίωσιν.
1422 1707 1712 1784 Κατωτέρω
1765 1705 1818 1764 δὲ

171 1800 296 1871 μίαν
351 1798 639 1870 ἔμπνευσίν
712 1818 864 1875 φησι,
910 1795 1148 1852 τοδτέστι
1221 1796 1346 1868 μίαν
1413 1796 1729 1870 σύμπνοιαν,
1790 1796 1817 1850 ὃ

169 1887 329 1954 δηλοῖ
391 1890 452 1944 τὸ
512 1887 602 1943 ἕνα
659 1889 873 1942 πάντων
932 1886 1154 1944 σκοπόν.
1217 1890 1336 1946 Πῶς
1395 1886 1566 1940 τοίνυν
1623 1882 1815 1958 ἔμελλε

170 1975 575 2057 διαχωρίζεσθαι
628 1977 664 2044 ἢ
712 1977 823 2053 ἱερᾶ
867 1972 1150 2048 ψαλμῳδία
1195 1979 1300 2028 τῶν
1350 1975 1674 2052 μυστηρίων,
1729 1975 1814 2030 καὶ

170 2069 246 2140 μη
319 2067 582 2144 παρευθὺς
640 2068 1012 2144 συναρτᾶσθαι,
1070 2064 1183 2120 ἐπεὶ
1264 2065 1394 2142 πρὸς
1465 2063 1554 2120 ἕνα
1614 2065 1813 2120 σκοπὸν

169 2155 404 2235 ἆιρορῶσι
458 2157 650 2230 πάντα,
680 2156 764 2210 καὶ
813 2153 868 2209 ἓν
918 2175 967 2210 τι
1025 2160 1129 2210 τῶν
1188 2155 1260 2216 εἷς
1322 2156 1586 2230 σωτηρίαν
1648 2152 1814 2230 ἀγόν-

325 2246 341 2264 ,
506 2252 529 2260 ..
756 2235 790 2266 ιι
935 2241 976 2261 κε
1087 2249 1105 2257 η.
1211 2242 1236 2252 ~
1513 2249 1534 2258 ς-
1658 2240 1686 2264 ρ
1729 2244 1739 2264 ν

169 2267 270 2300 των
324 2268 650 2325 υφηγουνται
685 2264 701 2324 ;
793 2254 900 2321 Ορα
931 2261 984 2298 οε
1041 2266 1147 2298 τὐν
1177 2265 1272 2310 της
1333 2241 1568 2306 Παλαιας
1599 2241 1814 2318 βιολιων

168 2337 237 2396 ὡς
295 2336 352 2390 ἐν
390 2337 634 2408 συντόμῳ
689 2334 996 2409 ἐπίμνησιν,
1035 2325 1096 2389 Ἠ
1155 2340 1278 2409 γοῦν
1311 2333 1410 2398 τῆς
1455 2333 1554 2387 ὑπὸ
1611 2332 1812 2409 γένεσιν

165 2424 431 2503 ὓπέρξεως
505 2423 686 2487 δέλτος
759 2426 793 2490 ἡ
855 2423 1060 2488 Γένεσίς
1117 2421 1280 2478 ἐστιν·
1347 2423 1523 2490 ητῆς
1579 2424 1809 2495 νομικῆς

164 2514 455 2594 ἱεραρχίας,
509 2515 568 2570 τὸ
625 2514 900 2570 Λευιτικὸν
953 2513 1062 2568 ἐστι
1115 2514 1202 2568 καὶ
1260 2513 1322 2568 τὸ
1377 2511 1805 2586 Δευτερονόμιον⁶

160 2606 193 2670 ἦ
250 2609 351 2669 τῆς
385 2601 757 2682 κληροδοσίας,
791 2605 851 2659 τὸ
895 2609 1001 2658 τιον
1046 2600 1314 2679 Ἀριθμῶν
1357 2598 1578 2677 βιϐλίον·
1614 2602 1646 2666 ἡ
1706 2601 1810 2656 τῶν

162 2693 450 2772 Βασιλέων,
485 2695 517 2761 ἡ
578 2693 682 2749 τῶν
737 2699 940 2769 Κριτῶν
999 2690 1110 2748 ἐστι
1163 2689 1364 2766 βίϐλος.
1433 2689 1696 2754 ιΙαλαιοὺς
1755 2688 1810 2745 δὲ

160 2780 342 2860 Ξνδρας
399 2782 546 2859 λέγει
609 2785 696 2838 τὸν
749 2787 1005 2850 Μωυσῆν,
1041 2783 1131 2837 τὸν
1193 2779 1541 2849 Ἰησούν,τὸν
1603 2773 1807 2853 Ἠλίαν,

158 2874 240 2926 καὶ
281 2874 405 2934 τοὺς
443 2870 690 2938 καθεξῆς*
726 2875 846 2927 θεῖα
878 2869 933 2926 δὲ
967 2869 1179 2942 ᾅσματα
1223 2892 1313 2925 τον
1342 2869 1603 2948 Ψαλτῆρα
1645 2889 1796 2948 φησι*

1913 829 2095 872 unum
2116 812 2442 892 spiritalem
2470 811 2693 872 faciens
2717 813 3047 892 introitum,
3070 822 3276 876 cernat
3305 815 3550 896 spirita-

1913 900 2050 963 liter
2101 900 2430 962 uniformes
2486 908 2998 962 sacramentorum
3059 903 3339 983 rationes,
3406 904 3548 967 dum

1911 993 2000 1051 sui
2032 991 2104 1052 ad
2152 991 2436 1052 inferiora
2467 1006 2818 1070 progressus
2849 989 3054 1072 tinem,
3087 991 3440 1057 diviniorem
3471 995 3546 1057 ad

1910 1080 2101 1159 prima
2130 1081 2268 1142 facit
2296 1078 2726 1142 reversionem.

1987 1170 2016 1250 §
2067 1169 2164 1250 ιν,
2199 1169 2352 1232 Dicit
2382 1169 2481 1231 hic
2504 1169 2705 1243 etiam,
2739 1168 2882 1248 quid
2928 1188 3190 1234 consona
3213 1173 3548 1253 psalmodia

1905 1258 2218 1336 signiﬁcet.
2279 1257 2541 1322 Observa
2571 1276 2707 1319 vero
2751 1258 2895 1320 illud
2927 1267 3320 1336 συνουσιωμένη
3371 1267 3545 1343 (con-

1905 1346 2343 1429 substantiata),
2376 1347 2467 1408 cui
2519 1346 2693 1410 etiam
2726 1347 2856 1424 fere
2908 1347 3092 1411 addit:
3134 1368 3331 1427 neque
3385 1351 3544 1414 enim

1906 1435 2030 1497 haec
2063 1437 2217 1498 inter
2249 1455 2314 1499 se
2345 1454 2454 1518 per
2479 1435 2870 1498 substantiam
2903 1441 3216 1516 conjuncta
3245 1449 3406 1515 sunt,
3438 1443 3542 1504 sed

1905 1543 1974 1586 eo
2007 1525 2248 1608 quodad
2282 1545 2462 1588 unum
2482 1525 2682 1586 omnia
2703 1541 2945 1606 scopum
2973 1527 3394 1611 pertineant,id
3427 1543 3542 1608 est,

1903 1615 1978 1677 ad
2033 1617 2336 1678 hominum
2391 1616 2666 1689 salutem,
2713 1615 2863 1677 dixit
2920 1615 3063 1677 illud
3122 1623 3539 1698 συνουσιωμένη,

1901 1724 2007 1766 seu
2054 1707 2599 1780 consubstantiala,
2626 1706 2783 1767 unde
2815 1706 3012 1767 statim
3042 1705 3344 1787 subjunxit
3395 1713 3539 1793 fere,

1844 1826 1879 1874 Β
1903 1793 2180 1856 dictionis
2230 1794 2681 1875 repugnantiam
2715 1793 3100 1872 corrigendo.
3132 1795 3314 1858 Paulo
3345 1808 3542 1864 autem

1899 1882 2054 1945 infra
2071 1882 2838 1964 aitunaminspirationem,
2865 1883 2920 1942 id
2946 1891 3056 1957 est,
3089 1903 3267 1947 unam
3297 1893 3540 1971 conspi-

1897 1973 2214 2047 rationem,
2235 1973 2390 2054 quod
2418 1973 2872 2034 declaratunum
2895 1973 3072 2034 linem
3090 1992 3222 2036 esse
3244 1979 3537 2044 omnium.

1897 2063 2204 2136 Quomodo
2227 2064 2428 2144 itaque
2447 2081 2618 2124 sacra
2649 2061 2973 2142 psalmodia
2993 2072 3235 2144 propter
3266 2071 3541 2146 mysteria

1899 2152 2212 2214 dissideret
2267 2163 2324 2214 et
2355 2171 2472 2213 non
2505 2152 2700 2212 statim
2758 2153 3124 2225 conveniret,
3159 2157 3536 2239 quandoqui-

1899 2241 2032 2302 dem
2067 2248 2264 2303 omnia
2300 2249 2570 2322 spectent
2602 2241 2672 2302 ad
2707 2259 2888 2303 unum
2924 2260 3195 2321 scopum,
3233 2263 3538 2329 unumque

1897 2331 2032 2409 quid
2065 2349 2266 2392 rerum
2300 2331 2370 2392 ad
2403 2330 2651 2392 salutem
2684 2331 3142 2392 conducentium
3172 2334 3539 2413 explanant?

1894 2419 2154 2482 Observa
2185 2432 2382 2482 autem
2413 2421 2698 2481 librorum
2733 2421 2995 2482 omnium
3042 2421 3290 2500 Antiqui
3321 2422 3533 2488 Testa-

1894 2510 2077 2571 menti
2091 2510 2260 2591 quasi
2274 2509 2634 2588 compendio
2647 2509 3299 2575 commemorationem.
3317 2515 3534 2579 Textus

1893 2597 2090 2679 itaque
2147 2599 2248 2680 qui
2293 2599 2592 2662 conditam
2649 2598 2937 2660 describit
2987 2598 3402 2680 substantiam,
3443 2619 3534 2670 est.

1893 2689 2272 2769 Genesis;qui
2296 2689 2543 2768 legalem
2578 2687 2997 2762 bierarchiam,
3025 2697 3116 2750 est
3147 2688 3443 2756 Leviticus
3475 2705 3531 2757 et

1892 2777 2418 2839 Deuteronomium
2447 2794 2462 2851 ;
2488 2776 2589 2856 qui
2613 2775 3027 2838 hmreditatum
3052 2777 3522 2846 distributiones.

1888 2874 1976 2925 est
2008 2866 2163 2927 liber
2192 2865 2587 2927 Numerorum
2616 2885 2631 2946 ;
2686 2874 2854 2926 estet
2875 2867 3100 2944 Regum
3133 2867 3530 2953 iudicumque

156 2961 240 3017 καὶ
289 2962 522 3039 εἰκόνας,
558 2963 618 3017 τὸ
652 2949 824 3036 ᾌσμα
879 2964 980 3017 τῶν
1012 2956 1289 3037 ᾀσμάτων,
1322 2961 1451 3015 καθὸ
1496 2966 1523 3014 ὸ
1577 2960 1796 3037 Χριστος

1886 2954 2057 3017 liber.
2098 2955 2330 3018 Priscos
2376 2964 2574 3017 autem
2615 2957 2764 3017 viros
2815 2964 2986 3016 vocat
3025 2959 3292 3039 Moysen,
3323 2949 3523 3042 Josue,

157 3053 396 3130 νυμφίος,
428 3053 513 3106 διαὶ
570 3051 746 3129 νύμφη
795 3051 829 3118 ἡ
889 3048 1187 3115 Ἐκκλησία
1235 3051 1563 3119 εἶκονιζεταιο
1625 3069 1796 3126 προα-

1884 3042 2098 3126 Eliam,
2131 3054 2188 3106 et
2218 3045 2313 3126 qui
2345 3053 2676 3125 sequuntur
2706 3065 2722 3121 ;
2753 3044 2952 3106 divina
2981 3063 3117 3106 vero
3140 3048 3379 3111 Cantica
3410 3071 3521 3132 ap-

157 3140 430 3218 ναρὸήσεις
475 3146 581 3196 τῶν
639 3139 934 3221 ἐσομένων,
977 3139 1069 3204 τὰς
1124 3139 1472 3218 προφητείας.
1528 3135 1794 3195 Ἐντεῦθεν

1884 3133 2062 3214 pellat
2090 3134 2500 3234 llo-(impuram
2529 3156 2544 3204 ;
2572 3141 2628 3195 et
2658 3135 2970 3213 imagines,
2991 3135 3307 3234 gaudeam
3331 3144 3523 3203 canti-

154 3231 218 3284 τα
273 3236 376 3297 τῆς
436 3230 574 3293 Νέας
641 3231 862 3308 εἷσάγει,
924 3236 1014 3285 τοῦ
1069 3228 1248 3295 Ἰησοῦ
1315 3229 1408 3291 τὰς
1465 3228 1795 3307 ἀνθρωπικὰς

1884 3241 2108 3298 corum,
2144 3223 2246 3286 ubi
2298 3224 2570 3286 Christus
2599 3241 2851 3303 sponsus
2904 3231 2961 3284 et
2991 3224 3262 3286 Ecclesia
3303 3246 3522 3309 sponsa

153 3320 446 3398 θεουργίας,
510 3321 571 3381 ἃς
629 3321 758 3383 Θεὸς
816 3319 888 3376 ὢν
945 3317 1282 3396 διεπράττετο
1343 3317 1794 3398 ἀναστρεφόμενος

1884 3313 2517 3394 ῆςυνδιυτςΐυῐυνοτυηι
2537 3312 2949 3393 praedictiones
2972 3323 3140 3374 vocat
3153 3317 3516 3396 prophetias.

151 3409 285 3482 μετᾶ
343 3411 614 3483 σώματος·
647 3410 740 3474 τὰς
771 3415 876 3464 τῶν
934 3411 1188 3483 μαθητῶν
1219 3406 1438 3483 Πράξεις
1497 3408 1584 3463 καὶ
1642 3406 1792 3464 διδα-

149 3498 388 3576 σκαλίας,
423 3498 520 3554 ὅσα
573 3499 671 3576 γὰρ
716 3498 995 3575 ἐποίησαν,
1025 3498 1112 3554 καὶ
1169 3496 1268 3554 ὅσα
1320 3495 1574 3571 ἐδίδαξαν,
1633 3519 1787 3576 φησι.

147 3586 258 3654 Τὴν
309 3592 576 3663 μυστικήν
606 3587 660 3643 δὲ
712 3587 936 3663 ὲποψίαν
968 3587 1126 3662 οἶμαι
1185 3585 1358 3665 λέγειν
1393 3592 1491 3654 τὴν
1543 3583 1789 3642 Ἀποκα-

147 3672 307 3750 λυψιν
364 3677 455 3733 τοῦ
510 3677 647 3733 θείου
703 3676 949 3733 Ἰωάννου
1007 3677 1094 3732 καὶ
1147 3674 1548 3754 εὒαγγελιστοῦ·
1623 3675 1788 3754 ὑπερ-

143 3765 370 3841 κόσμιον
401 3764 455 3822 δὲ
485 3765 757 3845 θεολογίαν
791 3766 850 3822 τό
880 3763 1000 3821 κατ’
1028 3765 1186 3824 αὐτὸν
1221 3762 1561 3845 Εὐαγγέλιον,

213 4032 245 4112 §
301 4037 380 4098 ν,
411 4019 476 4093 Ἃ
515 4033 580 4105 δή
632 4043 794 4093 ταῦτα
835 4034 1007 4092 πάντα
1036 4034 1072 4102 ἡ
1134 4030 1398 4112 ίερολογία
1427 4044 1552 4094 ταῖς
1605 4033 1780 4112 ἁγίαις

130 4129 383 4189 τελεταῖς
445 4123 834 4202 συνερῤίζωσεν·
896 4121 1048 4180 οὒδὲν
1104 4122 1210 4202 γάα
1271 4121 1507 4180 τελεῖται
1561 4144 1780 4190 σιωπη-

129 4217 239 4281 λῶς
285 4217 489 4288 πάντη,
523 4216 566 4270 εἰ
624 4218 702 4290 μὴ
747 4211 814 4269 δι’
866 4211 1045 4288 ὕμνων
1098 4213 1248 4270 θείων
1302 4213 1390 4269 καὶ
1433 4211 1682 4288 ψαλμῶν,
1721 4203 1778 4272 Ὀ

128 4318 256 4383 γοῦν
302 4313 411 4364 τῶν
464 4303 695 4380 ψαλμῶν
744 4302 856 4360 ἐστι
897 4303 1096 4365 σκοπὸς
1152 4303 1213 4358 τὸ
1243 4303 1474 4377 ὑμνῆσαι
1507 4304 1634 4359 Θεόν
1695 4317 1774 4378 τε,

127 4400 213 4454 καὶ
275 4399 400 4460 τοὺς
469 4397 547 4470 τῷ
602 4398 717 4467 Θεῷ
785 4394 1035 4471 γνησίους
1094 4389 1306 4471 ἄνδρας,
1358 4393 1780 4472 ὑπαγορευτικὴν

123 4491 234 4543 τῶν
265 4486 520 4542 τοιούτων
549 4483 638 4540 καί
681 4481 1020 4560 περιεκτικήν
1064 4479 1304 4560 ἐχόντων
1361 4479 1600 4560 δύναμιν,
1633 4480 1776 4557 ἥτις,

122 4579 317 4656 φησὶν,
350 4572 652 4653 ἆναγχαίως
710 4572 763 4628 ἐν
813 4577 940 4628 πᾶσι
975 4582 1092 4634 τοῖς
1148 4571 1470 4650 ἱεραρχικῶς
1518 4569 1780 4647 τελουμέο

121 4688 237 4728 νοις
295 4660 796 4742 παραλαμϐάνεται,
831 4659 1058 4737 ἔμμονον
1118 4659 1214 4726 τὴν
1268 4665 1372 4716 τῶν
1426 4658 1779 4736 ψαλλομένων

117 4755 356 4828 μνήμην
416 4753 710 4828 ἐμποιοῦσα
752 4763 871 4814 τοῖς
925 4747 1210 4828 ψάλλουσι,
1249 4749 1332 4805 ιιαὶ
1382 4749 1476 4812 τὰς
1538 4751 1775 4829 aqua;

115 4846 283 4918 ἡμῶν
340 4841 472 4908 ἕεις
539 4841 863 4917 ιναρμονίως
926 4837 1220 4895 διατιθεῖσα
1279 4839 1407 4916 πρὸς
1465 4838 1530 4894 τὰ
1587 4841 1775 4918 μικρὸν

115 4932 343 5012 ὕστερον
416 4929 844 5006 τελεσθησόμενα
903 4929 1188 5008 μυστήρια,
1236 4925 1376 4984 Λάϐε
1446 4926 1500 4983 δὲ
1558 4929 1647 4984 καὶ
1715 4930 1775 4984 τὸ

113 5021 211 5090 τῆς
312 5018 631 5097 ψαλμῳδίας
701 5020 981 5098 σύμφωνον
1012 5065 1028 5096 ,
1103 5019 1172 5082 εἰς
1256 5014 1593 5074 διδασκαλίαν
1674 5023 1773 5086 τῆς

111 5114 247 5191 πρὸς
318 5112 571 5191 Θεὸνααὶ
626 5111 755 5188 πρὸς
787 5106 1050 5177 ἀλλήλους
1099 5107 1186 5162 καὶ
1233 5107 1362 5185 πρὸς
1395 5107 1585 5175 ἑαυτὴν
1634 5109 1770 5182 ὁμο⁹

109 5187 412 5279 ᾳροσύνης.
451 5187 630 5257 ΗΟταν
672 5187 796 5276 γοῦν
846 5195 1010 5254 ταῦτα
1062 5195 1306 5276 γένηται,
1338 5197 1425 5253 καὶ
1454 5197 1488 5264 ἡ
1537 5196 1771 5270 ὑμνολο-

107 5291 194 5367 γία
227 5287 419 5353 καλῶς
450 5285 677 5364 διαϐήσῃ
723 5288 815 5350 τὰς
850 5286 1106 5364 ἡμετέρας
1163 5285 1369 5365 ψυχὰς,
1401 5286 1486 5342 καὶ
1518 5287 1591 5350 είς
1632 5287 1770 5344 ὃν.οο

105 5380 361 5458 9903657;
407 5377 625 5458 συνάξη,
661 5379 733 5441 ὠς
785 5374 849 5431 ἂν
898 5375 982 5432 διὰ
1039 5382 1166 5451 μιᾶς
1199 5378 1285 5432 καὶ
1336 5373 1598 5452 δμολόγου
1656 5400 1766 5458 χο-

104 5470 248 5543 ρείας
315 5469 421 5535 τὴν
473 5465 836 5534 ἆνεκλάλητον
890 5467 1048 5541 ἡμῶν
1100 5465 1283 5544 νοεραν
1320 5463 1632 5540 ψαλμῳδίαν
1681 5467 1764 5542 (ἣν

101 5562 186 5615 καὶ
232 5557 694 5634 συντιτμημένην
722 5557 810 5613 καὶ
845 5553 1293 5630 συνεσκιασμένην
1323 5553 1490 5632 λέγει’
1548 5555 1610 5612 τὸ
1641 5556 1761 5632 μὲν,

101 5653 172 5713 ὡς
227 5648 429 5729 νοεραν
483 5649 572 5704 καὶ
629 5648 850 5720 ἑνιαίαν,
902 5648 964 5702 τὸ
1020 5644 1202 5725 δέ,ὼς
1262 5644 1438 5723 ἀφανῆ
1497 5647 1764 5704 καὶκατὰ

441 5755 700 5817 Peraea.
731 5751 843 5818 Gn.
875 5749 983 5816 IlI.

1877 3402 2441 3465 Deindeintroducit
2465 3420 2532 3464 ea
2557 3420 2686 3480 quae
2717 3400 3009 3464 suntNovi
3042 3401 3428 3484 Testamenti,
3456 3421 3518 3473 ut

1875 3491 2163 3556 humanas
2178 3495 2312 3557 Jesu
2329 3492 2768 3572 actiones,quas
2788 3492 2939 3553 Deus
2959 3493 3266 3568 exsistens,
3287 3515 3424 3560 cum
3452 3502 3513 3562 in

1875 3599 2124 3662 corpore
2144 3588 2507 3654 versaretur,
2543 3580 2808 3642 exercuit
2833 3629 2848 3655 ,
2872 3579 3302 3662 discipulorum
3328 3591 3510 3651 Actus

1873 3677 2050 3750 atque
2064 3671 2671 3733 doctrinas:receuset
2686 3669 2844 3730 enim
2859 3687 2986 3748 quae
3003 3681 3311 3748 gesserunt
3327 3683 3507 3754 atque

1870 3759 2519 3840 docueruntMysticam
2533 3776 2672 3820 vero
2690 3757 2979 3820 visionem
3003 3759 3281 3823 existimo
3296 3781 3506 3828 vocare

1867 3849 2274 3932 Apocalypsim
2301 3849 2412 3910 divi
2427 3847 2670 3911 Joannis
2693 3847 3272 3930 evangelistaezporro
3290 3870 3504 3935 supra-

1866 3940 2231 4002 mundialem
2265 3937 2646 4018 theologiam,
2681 3937 2953 4017 ejusdem
2985 3940 3392 4018 Evangelium.

1946 4029 1975 4109 §
2004 4029 2072 4093 V.
2101 4029 2237 4092 Haec
2261 4029 2465 4110 utique
2495 4027 2693 4089 omnia
2725 4043 2907 4088 sacra)
2939 4029 3168 4108 paginae
3192 4049 3327 4093 cum
3357 4051 3501 4098 san-

1867 4119 1977 4182 ctis
1998 4119 2385 4182 sacramentis
2414 4118 2868 4197 conjunxerunt:
2898 4117 3044 4180 nihil
3066 4121 3226 4181 enim
3255 4125 3499 4190 omnino

1864 4209 2040 4272 tacite
2093 4209 2452 4282 celebratur,
2487 4227 2683 4284 neque
2725 4207 2896 4269 aliter
2925 4225 3098 4288 quam
3132 4229 3241 4290 per
3267 4211 3500 4278 divinos

1863 4299 2112 4379 hymnos
2141 4307 2202 4360 et
2231 4299 2510 4380 psalmos.
2547 4296 2744 4378 Itaque
2778 4297 3138 4378 psalmorum
3171 4319 3387 4382 scopus
3411 4316 3501 4370 est

1861 4387 2105 4450 laudare
2144 4390 2354 4463 Deum,
2389 4387 2668 4467 virosque
2712 4385 2833 4448 Deo
2877 4396 3072 4467 gratos
3113 4389 3184 4450 ad
3231 4393 3499 4472 ejusdem

1862 4476 2070 4540 laudes
2097 4477 2420 4557 excitandi,
2448 4476 2581 4538 etin
2607 4477 2679 4538 iis
2707 4477 3097 4539 conveniendi
3115 4479 3225 4540 vim
3251 4483 3494 4563 habent,

1799 4592 1845 4645 ο
1863 4585 2016 4646 quae,
2042 4567 2256 4648 inquit,
2276 4567 2614 4629 necessario
2637 4565 2953 4628 adhibetur
2973 4568 3251 4632 omnibus
3277 4571 3351 4634 iis
3365 4593 3498 4653 quas

1861 4655 2235 4720 bierarchice
2251 4665 2635 4736 geruntur,eo
2652 4656 2811 4734 quod
2828 4657 3213 4736 psallentibus
3227 4669 3497 4725 constan-

1860 4754 1979 4809 tem
2025 4764 2231 4808 eorum
2263 4764 2395 4828 quas
2424 4745 2757 4826 psalluntur
2785 4746 3132 4807 memoriam
3159 4747 3493 4830 ingeneret,

1858 4844 1916 4898 et
1944 4835 2230 4898 animales
2281 4843 2510 4897 nostras
2540 4833 2882 4897 affectiones
2930 4854 3190 4914 congrue
3219 4839 3497 4917 disponat

1855 4925 1930 4989 ad
1977 4925 2277 5007 mysteria,
2314 4943 2449 5005 quae
2506 4925 2680 5004 paulo
2742 4933 2874 5005 post
2917 4935 3056 4987 sunt
3111 4926 3492 4996 celebranda.

1857 5014 2193 5089 Quinetiam
2227 5012 2568 5096 psalmodiae
2597 5022 2950 5076 concentum
2989 5015 3218 5096 accipe,
3251 5019 3328 5082 ad
3358 5039 3492 5084 eam

1858 5123 2142 5186 quaecum
2174 5103 2298 5167 Deo
2317 5113 2375 5166 et
2404 5102 2473 5164 ad
2496 5102 2775 5180 invicem,
2801 5111 2860 5166 et
2887 5123 3018 5167 cum
3050 5107 3371 5188 semetipso
3404 5120 3495 5174 est

1857 5194 2236 5257 concordiam
2263 5193 2654 5257 edocendam.
2690 5197 2832 5257 Haec
2855 5193 2955 5256 ubi
2981 5207 3220 5275 peracta
3249 5207 3408 5277 sunt,
3433 5208 3493 5262 et

1855 5284 2221 5358 hymnologia
2243 5295 2396 5342 recte
2420 5293 2643 5342 nostras
2671 5284 2894 5342 animas
2923 5287 3265 5357 composuit,
3297 5296 3350 5345 et
3380 5289 3491 5346 vel-

1856 5378 1939 5439 uti
1964 5375 2137 5437 unica
2157 5372 2560 5455 concordique
2583 5374 2800 5436 chorea
2823 5375 3199 5437 concordavit
3219 5376 3494 5441 inetfabi-

1849 5465 1967 5529 lem
2001 5465 2162 5526 illam
2195 5470 2459 5527 nostram
2493 5462 2817 5544 spiritalem
2853 5463 3244 5545 psalmodiam
3283 5465 3487 5546 (quam

1848 5564 1907 5618 et
1934 5559 2231 5617 concisam
2265 5559 2326 5615 et
2357 5552 2769 5616 obumbratam
2817 5553 2962 5617 dicit
2991 5573 3006 5624 ;
3037 5551 3182 5614 illud
3215 5553 3482 5633 quidem,

1848 5653 2124 5726 tanquam
2169 5641 2496 5722 spiritalem
2565 5642 2940 5723 unicamque,
2996 5642 3108 5705 hoc
3154 5660 3316 5726 vero,
3349 5650 3486 5710 tan-

3010 5749 3086 5810 15
