4088 6208
477 273 596 340 459

1653 273 1711 335 S.
1763 271 2108 338 DIONYSII
2171 269 2683 337 AREOPAGIT/E
2737 272 2740 274 ⁷

3741 259 3864 332 460

479 427 654 492 quam
687 408 1000 470 obscuram
1047 413 1106 470 et
1134 405 1464 469 secundum
1513 408 1800 488 animam)
1856 406 2119 488 pluribus

2211 405 2420 485 ψυχὴν)
2475 405 2558 460 διὰ
2613 405 2873 461 πλειόνων
2924 403 3207 479 ἐξαπλώσῃ
3254 406 3493 476 εἰκόνων,
3543 403 3710 480 (ἄλλη
3764 404 3864 478 γὰρ

478 497 834 578 imaginibus
878 497 1192 576 explicavit
1235 497 1374 572 (alia
1407 505 1496 558 est
1530 498 1690 558 enim
1748 499 1933 574 ﬁgura
1965 495 2122 577 psal-

480 587 782 666 modiw,et
802 586 915 648 alia
935 585 1240 666 lectionis)
1269 604 1282 646 :
1311 603 1490 666 quare
1518 586 1694 648 etiam
1711 605 1816 666 per
1838 587 2127 647 lectiones

477 677 784 740 itiusmodi
815 675 1200 755 hymnologia
1245 675 1542 738 dilatatur.
1597 675 1824 738 Rursus
1856 681 1914 735 in
1965 675 2128 736 hisce

477 763 838 828 lectionibus
865 762 967 844 qui
997 765 1072 824 ad
1124 781 1364 825 sensum
1396 763 1671 845 attendit,
1704 763 1927 826 videbit
1970 783 2127 841 quo-

478 854 654 916 modo
680 856 791 916 rite
815 853 1015 915 omnia
1044 861 1104 914 et
1127 861 1190 914 ut
1219 859 1458 934 oportet
1481 853 1753 915 ordinata
1779 853 1920 929 sint,
1949 853 2128 934 idque

479 941 805 1006 secundum
830 941 1282 1021 inspirationem
1307 949 1364 1002 et
1386 941 1732 1004 instinctum
1761 942 1946 1003 divini
1978 942 2126 1002 vivi-

478 1033 695 1114 ﬁcique
746 1031 1024 1114 Spiritus.
1067 1035 1371 1109 Leguntur
1397 1031 1556 1093 enim
1594 1031 1854 1112 primum
1888 1049 1956 1093 ea
1998 1049 2130 1112 quas

479 1130 615 1184 sunt
633 1123 873 1186 Veteris
895 1121 1286 1201 Testamenti,
1311 1121 1528 1182 deinde
1551 1139 1687 1198 quae
1717 1127 1856 1182 sunt
1879 1122 2025 1184 Novi
2051 1120 2129 1180 si-

478 1210 738 1274 militer:
787 1211 1067 1292 quoniam
1101 1211 1244 1271 illud
1281 1210 1522 1291 quidem
1557 1210 1631 1271 de
1660 1211 1894 1274 Christo
1929 1210 2125 1272 disse-

476 1301 618 1374 ruit,
644 1301 758 1363 hoc
784 1317 924 1362 vero
947 1299 1144 1381 ipsum
1165 1299 1472 1381 exhibuit;
1507 1311 1687 1379 atque
1710 1299 1854 1362 illud
1886 1299 2123 1380 quidem

477 1392 703 1469 ﬁguras
751 1389 1102 1468 descripsit,
1136 1390 1248 1450 hoc
1295 1407 1432 1451 vero
1465 1389 1780 1451 manifeste
1827 1389 2126 1452 veritatem

2209 497 2364 552 εἰκών
2422 500 2521 561 τῆς
2583 492 2931 569 ψαλμῳδίας,
2965 497 3054 549 καὶ
3111 493 3250 558 ἄλλη
3309 499 3404 559 τῆς
3457 493 3866 568 ἆναγνὼσεως³)

2210 586 2476 662 εὐρύνεται
2533 583 2747 644 πάντως
2795 584 2828 648 ἡ
2875 584 3092 648 τοιαύτη
3143 580 3432 658 ὑμνολογία
3489 583 3574 636 καὶ
3619 579 3704 636 διὰ
3761 585 3868 635 τῶν

2210 672 2586 752 ἀναγνώσεων.
2629 671 2799 728 Πάλιν
2851 672 2903 728 ἐν
2966 673 3185 735 ταύταις
3244 683 3367 733 ταῖς
3424 671 3788 746 ἀναγνώσεσιν
3837 671 3870 724 ὃ

2211 764 2348 819 κατὰ
2404 761 2524 818 νοῦν
2572 761 2792 838 βλέπον,
2825 761 3014 837 ὄψεται
3057 767 3171 822 πῶς
3230 761 3296 818 τὰ
3355 759 3527 815 πάντα
3555 759 3734 820 καλῶς
3777 761 3868 814 καὶ

2212 853 2284 914 ὡς
2342 849 2426 908 δεῖ
2489 851 2816 932 ἐτάχθησαν,
2855 853 2940 907 καὶ
2997 851 3134 906 κατὰ
3179 849 3462 924 ’ἑμπνευσιν
3519 851 3612 904 καὶ
3654 849 3870 914 κίνησιν

2209 947 2304 998 τοῦ
2359 941 2497 998 Θείου
2549 944 2635 998 καὶ
2685 948 2997 1020 ζωαρχικοῦ
3057 941 3380 1012 Πνεύματος,
3431 938 3868 1015 Ἀναγινώσκον-

2211 1051 2298 1085 ται
2357 1031 2457 1108 γὰρ
2515 1031 2581 1086 τὰ
2637 1035 2738 1098 τῆς
2799 1029 3036 1094 Παλαιᾶς
3099 1031 3370 1098 Διαθήκης
3428 1031 3704 1105 πρότερον,
3757 1025 3870 1082 εἷθ’

2211 1116 2374 1181 οὕτως
2405 1126 2502 1188 τῆς
2549 1119 2706 1184 Νέας·
2753 1117 2833 1175 ὅτι
2875 1121 2908 1186 ἡ
2955 1119 3050 1176 μὲν
3103 1118 3228 1173 εἶπε
3273 1119 3336 1172 τὰ
3380 1117 3496 1195 περὶ
3532 1122 3778 1194 Χριστοῦ,
3825 1117 3864 1181 ἦ

2210 1206 2265 1263 δὲ
2328 1207 2559 1264 ἐτέλεσε·
2595 1211 2681 1264 καὶ
2729 1210 2762 1276 ἡ
2795 1208 2894 1282 μὶν
2947 1208 3154 1269 εικόνας
3188 1205 3438 1285 ἔγραψεν,
3473 1208 3508 1273 ἡ
3541 1205 3594 1260 δὲ
3655 1210 3865 1282 τρανῶς

2211 1296 2442 1362 ὑπέδειξε
2499 1298 2594 1364 τὴν
2649 1295 2923 1367 ἀλήθειαν·
2958 1296 3044 1351 καὶ
3102 1298 3135 1363 ἡ
3181 1296 3278 1358 μὲν
3337 1294 3576 1372 ϐεολογία
3635 1293 3862 1349 καλοιτο

2211 1385 2297 1458 ἂν,
2327 1389 2357 1453 ἦ
2385 1383 2439 1441 δὲ
2466 1385 2568 1444 Νέα
2595 1388 2860 1465 θεουργία,
2890 1387 2970 1442 ὃτι
3005 1387 3134 1441 Θεὸν
3163 1382 3395 1450 ὒπέδειξε
3414 1385 3549 1460 μετᾶ
3579 1382 3836 1457 σώματος
3855 1439 3872 1453 ,

479 1479 902 1554 demonstravit
939 1500 955 1556 ;
985 1487 1162 1559 atque
1188 1478 1333 1539 illud
1390 1479 1531 1541 item
1565 1478 1862 1556 theologia
1891 1477 2086 1540 vocari
2120 1473 2310 1556 possit
2339 1492 2446 1536 seu
2477 1491 2674 1536 sermo
2707 1475 2782 1536 de
2813 1477 2965 1549 Deo,
3002 1473 3114 1535 hoc
3145 1490 3282 1534 vero
3309 1475 3544 1553 οεουργία
3574 1489 3676 1532 seu
3706 1490 3868 1552 opus

477 1569 607 1650 Dei,
642 1569 920 1649 quoniam
953 1568 1281 1646 ipsummet
1326 1570 1512 1631 Deum
1547 1573 1606 1628 in
1637 1587 1889 1649 corpore
1933 1565 2224 1630 exhibuit.
3657 1618 3660 1621 .

560 1649 716 1738 ξνι.
765 1658 876 1732 Qui
911 1657 1152 1734 quidem
1201 1676 1502 1720 sacrarum
1535 1658 1748 1718 harum
1793 1657 2118 1720 lectionum

2281 1661 2310 1731 θ
2336 1654 2434 1716 Vl.
2465 1654 2678 1712 Τούτων
2709 1661 2814 1710 τῶν
2842 1657 2997 1731 ἱερῶν
3039 1653 3315 1730 ἆναγνώσε
3333 1658 3393 1708 ὸν
3437 1655 3484 1709 οἱ
3534 1653 3631 1726 μὲν
3657 1649 3868 1720 τελέως

479 1748 880 1827 tubarumque
915 1747 1274 1828 spiritalium
1292 1748 2121 1828 penitu5207exsortessunt,

477 1842 724 1918 nelpsas
747 1838 986 1919 quidem
1019 1837 1313 1918 imagines
1335 1845 1696 1899 contuentur
1727 1857 1896 1900 :nam
1923 1839 2126 1900 oculos

475 1928 664 1989 semel
691 1929 767 1988 ad
802 1928 1004 1988 lumen
1027 1927 1234 1989 salutis
1265 1929 1666 2006 occluserunt,
1693 1929 1935 2008 Deoque
1963 1927 2126 2006 ipsos

473 2016 706 2078 vocanti
754 2015 1130 2095 obstrepunt:
1165 2015 1304 2077 Vias
1357 2025 1484 2077 tuas
1527 2015 1682 2078 scire
1733 2015 1892 2078 nolo.
1924 2015 2124 2078 Tubas

474 2113 669 2167 autem
693 2105 1028 2186 accipit,vel
1044 2113 1286 2187 propter
1308 2106 1572 2186 spiritale
1607 2105 1828 2167 bellum
1857 2105 2118 2166 ﬁdelium

477 2193 631 2274 quod
658 2193 1032 2256 habentcum
1061 2193 1424 2274 adversario,
1448 2195 1538 2255 vel
1567 2201 1808 2276 propter
1833 2195 1994 2256 illam
2021 2213 2120 2275 po-

475 2283 598 2364 puli
632 2283 694 2344 in
735 2283 876 2346 Sina
907 2284 1426 2364 congregationem
1473 2283 1802 2348 secundum
1845 2283 2115 2345 ordinem

475 2372 822 2454 dignitatis;
859 2391 997 2436 nam
1032 2373 1224 2435 ultimi
1257 2374 1494 2436 illorum
1531 2392 1710 2436 voces
1733 2392 1802 2436 ac
1827 2373 1999 2436 tubas
2021 2392 2121 2434 au-

475 2461 748 2525 diebant.
773 2465 958 2525 Porro
981 2471 1100 2526 tres
1123 2463 1368 2526 ordines
1389 2465 2116 2542 hoc,catechumenorum,

475 2557 535 2612 et
563 2569 597 2613 a
621 2551 928 2632 spiritibus
951 2552 1356 2630 obsessorum,
1367 2553 1926 2635 poenitentiumque,
1953 2570 2120 2615 sacra

474 2641 713 2722 quidem
743 2644 970 2705 sanctio
1003 2643 1291 2723 permittit
1323 2644 1528 2706 audire
1571 2644 1878 2718 lectiones,
1911 2661 2114 2705 verum

472 2739 636 2794 arcet
661 2749 694 2792 a
715 2732 1106 2812 sequentibus
1139 2734 1456 2814 mysteriis.
1494 2731 1648 2805 Quin
1672 2741 1731 2795 et
1751 2733 1897 2795 ordo
1929 2741 2116 2796 status

473 2838 680 2883 eorum
707 2822 1036 2884 secundum
1058 2821 1350 2903 justitiam
1373 2822 1656 2884 deﬁnitus
1678 2829 1788 2898 est;
1823 2828 2000 2902 atque
2023 2823 2112 2883 ul-

471 2909 652 2972 timus
699 2911 939 2991 quidem
972 2912 1119 2972 ordo
1167 2910 1498 2974 attributus
1517 2919 1611 2974 est
1641 2911 2114 2992 catechumenis,

2210 1743 2310 1809 ἔξω
2380 1766 2481 1801 που
2551 1749 2657 1800 τῶν
2719 1750 3090 1820 πνευματικῶν
3171 1742 3476 1821 σαλπίγγων
3555 1743 3862 1819 ἱστάμενοι,

2209 1832 2326 1891 οὐδὲ
2383 1834 2478 1898 τὰς
2537 1834 2742 1896 εἰκόνας
2786 1837 3000 1912 ὁρῶσιν·
3063 1833 3338 1909 ἆπέμυσαν
3396 1834 3495 1910 γὰρ
3539 1831 3677 1896 ἃπαξ
3724 1833 3860 1909 πρὸς

2208 1945 2268 1978 τ’)
2312 1928 2420 2001 φῶς
2485 1927 2584 1989 τῆς
2617 1925 2904 2002 σωτηρίας,
2939 1923 3027 1979 καὶ
3085 1921 3405 2001 ἂπολέγουσι
3435 1923 3523 1978 καὶ
3566 1921 3858 2001 ἀντιφθέγ-

2207 2034 2389 2088 γονται
2445 2014 2579 2090 πρὸς
2610 2013 2702 2068 τὸν
2753 2011 3013 2068 καλοῦντα
3046 2013 3198 2074 Θεόν,
3257 2013 3357 2072 Τὰς
3386 2009 3530 2075 ὁδούς
3573 2032 3667 2068 σου
3715 2009 3858 2066 εἰδε-

2205 2124 2286 2158 ναι
2343 2102 2400 2158 οὗ
2431 2101 2713 2178 βούλομαι.
2779 2101 3090 2179 Σάλπιγγας
3119 2101 3174 2156 δὲ
3233 2099 3636 2178 παραλαμϐάνει
3681 2099 3718 2167 ἢ
3766 2098 3856 2158 διὰ

2201 2193 2292 2246 τὸν
2350 2193 2707 2265 πνευματικὸν
2780 2192 2887 2247 τῶν
2956 2193 3158 2247 πιστῶν
3200 2191 3459 2266 πόλεμον,
3525 2191 3581 2245 ὃν
3653 2188 3852 2268 ’έχουσι

2200 2281 2331 2358 πρὸς
2385 2282 2476 2334 τὸν
2503 2280 2890 2359 ἀντικείμενον,
2927 2279 2963 2347 ἢ
3021 2277 3109 2335 διὰ
3137 2280 3235 2347 τὴν
3267 2279 3352 2336 ἐπὶ
3381 2288 3472 2338 τοῦ
3522 2284 3650 2334 Σινᾶ
3681 2301 3848 2334 συνα-

2203 2378 2388 2454 γωγὴν
2449 2385 2540 2433 τοῦ
2569 2375 2698 2433 λαοῦ
2756 2379 2844 2434 καὶ
2875 2379 2970 2444 τὴν
3017 2377 3195 2433 ἐκεῖσε
3226 2376 3343 2433 κατ’
3397 2376 3541 2442 ἀξίαν
3586 2376 3754 2441 τάξιν·
3803 2380 3854 2432 οἱ

2203 2467 2300 2545 γὰρ
2351 2465 2569 2546 ἔσχατοι
2602 2466 2816 2523 ἐκείνων
2859 2467 2964 2523 τῶν
3023 2469 3211 2547 φωνῶν
3243 2469 3328 2523 καὶ
3381 2472 3484 2522 τῶν
3528 2465 3854 2544 σσλωίγγων

2200 2555 2524 2615 κατώκουον.
2587 2558 2786 2619 Ταύτας
2841 2555 2894 2612 δὲ
2944 2557 3036 2620 τὰς
3094 2557 3244 2635 τρεῖς
3286 2554 3481 2634 τάξεις,
3517 2561 3620 2611 τῶν
3670 2577 3852 2622 καττι-

2199 2645 2505 2724 χουμὲνων,
2568 2651 2674 2701 τῶν
2731 2647 2832 2702 ὑπὸ
2917 2647 3233 2722 πνευμαῖτων
3290 2645 3704 2722 ἐνεργουμένων,
3759 2646 3856 2699 καὶ

2196 2735 2299 2790 τῶν
2353 2734 2407 2790 ἐν
2460 2736 2712 2810 μετανοίᾳ
2767 2733 2964 2804 ὄντων,
2999 2737 3175 2816 ἐφίησι
3239 2735 3336 2806 μὲν
3394 2737 3421 2790 ὁ
3469 2736 3604 2813 ἱερὸς
3654 2736 3852 2807 θεσμὸς

2200 2823 2475 2880 ἐπακούειν
2545 2826 2644 2891 τῆς
2715 2825 3090 2904 ἀναγνώσεως,
3153 2825 3390 2902 ἀπείργει
3459 2822 3513 2878 δὲ
3559 2828 3666 2879 τῶν
3727 2822 3854 2888 ἑξῆς

2199 2913 2525 2992 μυστηρίων,
2585 2913 2732 2981 Πλὴν
2777 2915 2862 2970 καὶ
2916 2915 2950 2982 ἡ
2990 2913 3131 2979 τάξις
3190 2918 3290 2980 τῆς
3349 2914 3585 2976 στάσεως
3657 2912 3854 2968 τούτων

471 3007 676 3080 utpote
709 3001 871 3062 nullo
893 3000 1088 3062 adhuc
1119 3009 1490 3063 sacramento
1521 3000 1790 3077 initiatis,
1811 3009 1869 3062 et
1898 3019 2116 3062 secun-

2204 3003 2336 3058 κατὰ
2367 3001 2700 3069 δικαιοσύνην
2732 3002 2958 3082 ἐτάχθη·
3015 3005 3102 3060 καὶ
3135 3001 3340 3082 ἐσχάτη
3396 3001 3494 3076 μὲν
3523 3001 3668 3067 τάξις
3723 3015 3850 3068 τοῖς

475 3087 615 3150 dum
633 3093 821 3152 Deum
836 3090 1092 3152 necdum
1125 3091 1388 3172 perfecte
1405 3090 1577 3152 natis.
1608 3089 2116 3162 Quemadmodum

2204 3091 2632 3171 κατηχουμὲνοις
2691 3092 3110 3166 ἆπονενέμηται,
3173 3095 3244 3154 ὡς
3301 3091 3559 3163 ἀμυήτοις
3613 3091 3716 3165 ἔτι,
3757 3091 3856 3146 καὶ

475 3179 639 3242 enim
690 3182 748 3242 in
781 3179 962 3242 rebus
1013 3181 1324 3262 corporeis
1351 3181 1592 3254 accidit,
1631 3188 1691 3242 ut
1743 3180 2119 3260 imperfectos

2205 3180 2282 3255 μὴ
2329 3180 2534 3237 τελείαν
2566 3181 2664 3248 τὴν
2723 3181 2859 3237 κατὰ
2889 3183 3020 3238 Θεὸν
3079 3179 3322 3246 ἀπότεξιν
3351 3180 3587 3260 ἔχουσιν·
3618 3183 3691 3244 ὡς
3748 3182 3857 3259 γὰρ

473 3267 631 3331 fetus
662 3277 722 3330 et
742 3270 986 3338 abortus
1001 3288 1175 3331 nemo
1205 3270 1499 3332 dixeritin
1533 3272 1726 3332 lucem
1749 3288 1882 3332 esse
1909 3271 2119 3351 editos,

2204 3271 2288 3325 επὶ
2359 3273 2466 3326 τῶν
2537 3277 2860 3344 σωματικῶν
2928 3269 3069 3351 ἔχει,
3135 3271 3214 3328 ὅτι
3273 3271 3339 3326 τὰ
3399 3269 3704 3346 ὴλιτόμηνα
3761 3271 3859 3326 καὶ

474 3375 547 3420 eo
573 3359 727 3437 quod
754 3358 1106 3440 imperfecto
1131 3369 1400 3422 materno
1417 3369 1585 3423 utero
1605 3359 1936 3423 exciderint
1955 3360 2118 3439 (nam

471 3447 756 3528 physicus
807 3448 1193 3529 medicusque
1243 3449 1466 3525 dicent,
1503 3449 1698 3512 lucem
1753 3452 1812 3509 in
1859 3448 1931 3510 iis
1975 3449 2122 3511 nihil

471 3534 734 3616 operari,
772 3555 906 3598 cum
944 3555 977 3598 a
1013 3547 1222 3598 natura
1259 3537 1494 3612 habeat,
1529 3547 1593 3600 ut
1625 3546 1906 3619 operetur
1943 3539 2002 3600 in
2051 3540 2122 3602 iis

470 3644 600 3706 quae
620 3625 767 3689 lucis
779 3635 914 3690 sunt
931 3627 1220 3708 capacia);
1248 3627 1456 3690 eodem
1476 3627 1652 3689 modo
1677 3629 1734 3690 in
1756 3629 2122 3709 spiritalibus

469 3734 536 3779 se
565 3735 664 3778 res
706 3716 925 3780 habet:
969 3717 1382 3780 catechumeni
1427 3722 1584 3779 enim
1619 3717 1813 3780 adhuc
1844 3717 2121 3800 Eloquiis

467 3806 892 3887 informantur,
927 3825 1123 3887 neque
1145 3807 1286 3868 dum
1324 3807 1644 3888 perfectam
1681 3808 1932 3870 formam
1955 3826 2122 3871 acce-

471 3897 811 3976 perunt,sed
829 3897 1078 3976 perfecti
1092 3897 1532 3977 erunt,quando
1547 3897 1744 3958 divino
1769 3896 2120 3978 baptismate

467 3985 692 4045 fuerint
720 3985 1098 4064 regenerati;
1136 3995 1274 4048 tunc
1299 3994 1499 4047 autem
1535 3985 1631 4061 iis,
1666 3995 1944 4067 tanquam
1969 3987 2122 4050 lucis

471 4073 838 4154 excnpiendae
861 4075 1202 4156 capacibus,
1227 4075 1562 4138 divinorum
1585 4078 1997 4157 mysteriorum
2023 4078 2118 4139 lu-

471 4164 630 4224 mina
657 4163 1040 4226 collucebunt
1065 4185 1080 4240 ;
1113 4185 1271 4227 nunc
1295 4183 1433 4228 vero
1457 4177 1762 4246 arcentur,
1786 4167 2120 4229 hierarchia

469 4271 896 4335 sacrorumque
916 4255 1123 4316 ordine
1141 4256 1226 4318 sic
1263 4256 1634 4336 providente,
1659 4274 1734 4317 ne
1756 4256 2120 4335 quibuslibet

2205 3359 2521 3437 ἐκτρώματα
2571 3361 2664 3416 οὐκ
2693 3359 2755 3416 ἄν
2787 3383 2868 3424 τις
2905 3362 3037 3439 πρὸς
3095 3361 3155 3416 τὸ
3187 3365 3298 3440 φῶς
3330 3359 3631 3440 ἀναχθῆναι
3675 3359 3854 3438 εἴποι,

2203 3445 2335 3504 διότι
2391 3453 2490 3516 τῆς
2551 3455 2821 3525 μητρικῆς
2875 3451 3101 3529 γαστρὸς
3160 3447 3417 3507 ἀτέλεστα
3475 3449 3856 3506 ἒκπεπτώκασι

2206 3537 2364 3618 (φαίη
2411 3539 2511 3619 γὰρ
2541 3541 2568 3595 ὁ
2617 3541 2850 3618 φυσικῶς
2899 3541 2984 3596 καὶ
3013 3540 3262 3620 ἰατρικῶς
3321 3539 3489 3620 ἔχων,
3521 3540 3594 3602 ὡς
3635 3541 3733 3596 οὒκ
3791 3540 3856 3596 ἃν

2205 3628 2277 3690 εἷς
2337 3627 2468 3684 αὐτὰ
2510 3630 2573 3684 τὸ
2627 3635 2740 3708 φῶς
2784 3628 3121 3708 ἐνεργήσειε,
3152 3630 3303 3710 φύσιν
3358 3629 3488 3708 ἕχον
3547 3630 3618 3687 εἷς
3669 3629 3857 3685 ἐκεῖνα

2203 3719 2461 3794 ἐνεργεῖν,
2511 3715 2544 3772 ἃ
2595 3716 2660 3786 δὴ
2709 3719 2795 3774 καὶ
2853 3721 3026 3799 φωτὸς
3071 3717 3288 3775 δεκτικᾶ
3341 3717 3522 3798 εἰσιν)
3583 3717 3722 3775 οὕτω
3767 3719 3856 3776 καὶ

2203 3805 2290 3862 ἐπὶ
2329 3812 2436 3862 τῶν
2494 3809 2866 3883 πνευματικῶν
2928 3807 3070 3889 ἕλει·
3125 3807 3200 3864 ἔτι
3261 3809 3360 3886 γὰρ
3392 3811 3440 3864 οἱ
3487 3808 3850 3887 κατηχούμε-

2202 3917 2283 3952 νοι
2355 3897 2456 3953 ὑπὸ
2528 3903 2637 3953 τῶν
2708 3899 2912 3975 Δογίων
2985 3898 3328 3977 μορφοῦνται,
3379 3899 3466 3953 καὶ
3521 3899 3582 3954 οὖ
3647 3896 3857 3954 τελείαν

2203 3983 2471 4042 ἀπέλαϐον
2515 3987 2814 4067 μόρφωσιν,
2849 3986 3394 4067 τελεσφορηθήσονται
3439 3985 3516 4059 δὲ,
3550 3986 3678 4042 ὅταν
3735 3988 3858 4060 θείῳ

2203 4074 2596 4152 ὰναγεννηθῶσι
2657 4077 3006 4152 βαπτίσματι·
3082 4077 3201 4133 τότε
3271 4078 3360 4133 καὶ
3438 4077 3508 4141 ὡς
3585 4073 3854 4139 δεκτικοῖς

2201 4163 2386 4229 αὐτοῖς
2443 4165 2536 4222 τοῦ
2579 4167 2753 4247 φωτὸς
2802 4165 2968 4240 οὖσιν,
3004 4165 3299 4242 ἑπιλᾶμποι
3347 4163 3410 4220 ἂν
3456 4165 3521 4221 τὰ
3564 4171 3670 4222 τῶν
3701 4167 3856 4221 θείων

2200 4256 2506 4334 μυστηρίων
2561 4262 2732 4336 φῶτα·
2781 4264 2869 4312 νῦν
2911 4255 2967 4313 δὲ
3023 4253 3552 4330 ἆποδιαστέλλονται,
3588 4276 3854 4334 προνοου-

469 4343 833 4442 propaletur,
862 4346 1038 4442 etiam
1073 4346 1541 4442 catechumenis,
1576 4347 1675 4426 qui
1711 4353 1975 4442 tempore
2006 4366 2116 4428 op-

2204 4343 2367 4418 μένης
2412 4345 2508 4414 τῆς
2568 4347 2836 4427 ἱεραρχίας
2892 4347 2979 4404 καὶ
3037 4351 3135 4414 τῆς
3195 4345 3477 4420 εὖκοσμίας
3519 4351 3626 4400 τῶν
3661 4347 3848 4423 ἱερῶν,

469 4441 748 4513 portuno,
774 4432 869 4496 ubi
885 4452 992 4515 per
1021 4433 1316 4516 baptisma
1345 4435 1954 4509 renascuntur,vitam
1987 4437 2115 4518 spi-

2204 4433 2293 4490 τίνα
2352 4435 2428 4510 μὴ
2462 4436 2550 4492 καὶ
2601 4450 2721 4502 τοῖς
2755 4445 2976 4518 τυχοῦσι
3027 4435 3302 4503 κατάδηλα
3359 4435 3420 4512 ᾗ,
3454 4435 3540 4490 καὶ
3583 4437 3761 4492 αὖτῶν
3787 4431 3852 4501 δὴ

467 4522 700 4584 ritalem
745 4523 1059 4605 divinaque
1091 4525 1315 4587 lumina
1362 4526 1688 4606 recipiunt.
1723 4525 1918 4597 Quare
1949 4535 2112 4590 cate-

468 4611 898 4676 chumenorum
933 4615 1078 4677 ordo
1110 4623 1200 4677 est
1236 4623 1596 4696 postremus.

549 4881 578 4960 §
607 4877 738 4946 VII.
765 4880 1031 4954 Quivero
1055 4903 1088 4946 a
1110 4883 1416 4966 spiritibus
1441 4883 1767 4946 immundis
1791 4885 2109 4968 agitantur,

466 4969 696 5032 ordinis
721 4973 1120 5036 suntsecundi
1145 4983 1202 5036 et
1221 4975 1557 5048 anterioris,
1575 4974 1632 5036 id
1659 4981 1748 5039 est
1765 4975 2111 5054 superioris.

466 5059 774 5140 Siquidem
807 5061 899 5123 hic
933 5063 1080 5125 ordo
1114 5064 1414 5126 secundus
1461 5073 1550 5128 est
1584 5083 1618 5126 a
1645 5065 2110 5141 catechumenis,

466 5149 574 5212 sed
603 5149 898 5230 superior,
935 5155 1212 5232 quoniam
1245 5153 1306 5214 hi
1358 5153 1570 5216 initiati
1601 5164 1742 5217 sunt
1783 5163 1842 5217 et
1869 5155 2115 5217 minime

467 5245 734 5302 exsortes
755 5243 1210 5322 sacramenti,ut
1231 5242 1341 5318 illi,
1364 5244 1598 5307 tametsi
1627 5252 1684 5306 et
1702 5243 1820 5306 illis
1849 5262 2113 5326 quoque,

466 5327 571 5411 qui
602 5331 909 5410 corporeis
940 5329 1242 5394 illecebris
1265 5340 1365 5394 aut
1393 5333 1768 5413 passionihus
1799 5333 2113 5416 perturba-

466 5417 848 5499 tionibusque
871 5419 1085 5482 irretiti
1107 5431 1270 5496 sunt,
1291 5421 1486 5485 divina
1507 5425 1846 5486 communio
1870 5424 2110 5486 subtra-

464 5505 652 5584 bitur;
679 5525 938 5588 eumque
952 5509 1223 5572 ordinem
1247 5519 1413 5575 recte
1428 5531 1494 5574 se
1517 5513 1737 5576 habere
1758 5533 1791 5575 a
1807 5513 2107 5576 contrario

465 5597 798 5662 conﬁrmat.
825 5601 971 5664 Nam
997 5600 1050 5664 si
1068 5619 1268 5664 verum
1287 5609 1398 5680 est,
1426 5601 1910 5686 inquit,divinum
1937 5621 2106 5688 pror-

2197 4524 2306 4580 τῶν
2367 4525 2816 4606 κατηχουμένων,
2873 4531 2973 4595 τῆς
3031 4527 3170 4583 κατὰ
3225 4531 3430 4600 πνεόμα
3479 4529 3649 4598 ζωῆς,
3713 4525 3850 4580 κατὰ

2195 4614 2378 4692 καιρὸν
2435 4615 2526 4670 τὸν
2571 4616 2912 4693 προσήκόντα
2961 4615 3268 4692 μελλόντων
3312 4614 3364 4670 ἐν
3397 4615 3472 4688 τῷ
3525 4615 3848 4692 γεννηθῆναι

2194 4699 2278 4758 διά
2321 4704 2715 4786 βαπτίσματος,
2751 4707 2838 4762 καὶ
2887 4706 2954 4765 τὰ
3015 4709 3136 4763 θεῖα
3185 4701 3482 4763 ἀπολαϐεῖν
3541 4705 3716 4782 φῶτα.
3777 4695 3842 4760 Ἦ

2195 4800 2318 4870 γοῦν
2347 4793 2454 4849 τῶν
2484 4795 2908 4875 κατηχουμένων
2937 4794 3082 4862 τάξις
3117 4795 3324 4876 ἐσχάτη
3357 4793 3520 4855 ἐστίν.

2279 4881 2308 4962 §
2363 4877 2490 4944 VH.
2547 4881 2612 4940 Ἠ
2673 4883 2726 4940 δὲ
2782 4883 2868 4942 διὰ
2933 4891 3035 4941 τῶν
3081 4884 3393 4959 πνευμάτων
3451 4881 3848 4962 ἐνεργουμένων

2197 4969 2410 5050 δευτέρα
2466 4973 2556 5030 καὶ
2603 4975 2914 5054 ἔμπροσῦία·
2975 4981 3130 5032 τοῦτο
3187 4974 3287 5053 γὰρ
3329 4973 3442 5030 ἔστι
3499 4971 3560 5028 τὸ
3593 4975 3728 5050 πρὸς
3787 4977 3846 5028 τὸ

2198 5057 2330 5118 ἅνω·
2392 5063 2434 5118 έῖ
2489 5063 2588 5142 γὰρ
2649 5065 2737 5120 καὶ
2785 5062 3000 5144 δευτέρα
3049 5063 3156 5120 ἐστὶ
3207 5063 3337 5141 πρὸς
3385 5063 3504 5126 τοὺς
3559 5084 3848 5142 κατηκον-

2199 5149 2414 5226 μένους,
2447 5150 2586 5211 ἀλλὰ
2635 5155 2765 5232 πρὸς
2799 5156 2858 5210 τὸ
2889 5153 3020 5228 ἅνω,
3053 5151 3134 5210 ὅτι
3173 5155 3315 5210 οὗτοι
3345 5150 3726 5226 ὲτελέσθησαν,
3765 5153 3850 5208 καὶ

2199 5240 2291 5297 οὐκ
2347 5240 2578 5316 ἀμύητοι
2607 5245 2762 5322 εἰσιν,
2801 5245 2875 5308 ὡς
2938 5243 3157 5324 ἐκεῖνοι,
3191 5240 3248 5299 εἴ
3273 5264 3323 5300 τι
3353 5243 3390 5309 ἦ
3427 5241 3538 5299 θεία
3599 5242 3850 5300 κοινωνία

2198 5330 2559 5410 συστέλλεται,
2615 5336 2702 5391 καὶ
2758 5335 2863 5392 ἀπὸ
2923 5339 3029 5391 τῶν
3079 5333 3452 5414 ἓνισχημένων
3512 5345 3848 5408 σωματικοῖς

2194 5419 2546 5504 θελκτηρίυις,
2599 5423 2764 5504 ἤγουν
2810 5425 2998 5482 πάθεσι
3041 5425 3130 5482 καὶ
3185 5435 3456 5502 ταραχαῖς
3507 5419 3718 5490 ἡδονῶν
3759 5423 3850 5478 καὶ

2191 5509 2438 5588 ἑπικρίνει
2491 5513 2668 5580 καλῶς
2739 5515 2888 5597 ἔχειν
2943 5515 3043 5583 τὴν
3099 5513 3246 5580 τάξιν
3317 5511 3376 5570 ἐκ
3441 5519 3534 5570 τοῦ
3588 5512 3840 5568 ἐναντίον

2189 5599 2502 5684 ὶπιχειρῶν.
2531 5605 2589 5662 Εἰ
2621 5606 2715 5692 γὰρ
2744 5607 2879 5690 ἔστι,
2912 5605 3096 5694 ιρησὶν,
3123 5603 3342 5686 ἀληθὲς,
3375 5603 3451 5674 ὡς
3478 5603 3506 5662 ὁ
3536 5601 3678 5662 κατὰ
3709 5603 3846 5662 Θεόν
