4088 6208
181 351 299 421 461
635 359 732 420 DE
777 353 1080 421 ECCLES.
1149 355 1597 439 HIERARCH.,
1646 360 1810 422 CAP.
1861 361 1969 421 III.
2036 393 2114 404 —
2159 360 2542 422 PARAPHR.
2597 359 3111 422 PACHYMER/E.
3447 360 3564 424 462

183 491 487 569 ἄνθρωπος,
550 491 694 548 οὐδὲν
752 499 856 549 τῶν
906 495 1096 570 σαρκὸς
1127 493 1397 570 ἐνεργήσει
1430 495 1570 572 παρὰ
1600 495 1663 551 τὰ
1695 517 1790 552 κατ

1945 512 2009 555 us
2040 494 2231 554 virum
2266 509 2334 552 ea
2369 509 2499 571 quae
2521 489 2717 552 carnis
2746 498 2886 551 sunt
2917 490 3170 553 minime
3211 500 3559 555 curaturum

182 587 344 664 φύσιν
374 586 783 664 ἀναγκαιότατα,
823 588 882 641 τὸ
913 599 1130 665 φαγεζν,
1162 589 1222 642 τὸ
1255 600 1424 666 πιεῖν,
1479 589 1539 643 τὸ
1569 589 1796 645 ὑπνῶσαι

1955 584 2063 644 itra
2096 588 2321 643 naturae
2350 581 2796 652 necessitatem,
2831 586 2900 640 ut
2929 578 2991 640 in
3038 579 3435 655 comedendo,
3471 581 3569 643 hi-

183 675 280 729 κιὶ
308 684 471 732 ταῦτα
503 673 801 754 παρέργως,
849 677 971 736 ναὸς
1007 674 1061 729 δὲ
1123 675 1266 732 ἔσται
1328 677 1413 732 καὶ
1473 676 1665 740 ὀπαδὸς
1701 700 1797 734 κατ

1963 673 2137 750 endo,
2160 670 2540 750 dormienda,
2559 676 2617 730 et
2648 669 2773 730 [nec
2800 667 3137 748 obiter,sed
3169 669 3455 750 templum
3479 689 3570 734 se-

179 764 361 821 rzivtz
416 770 509 819 τοῦ
566 765 884 839 πνεύματος·
949 763 1168 830 εῦδη)ον
1199 766 1273 825 ὠς
1340 768 1367 821 ὁ
1427 776 1664 830 τοιοῦτος
1741 767 1793 822 ἅτ

1956 771 2326 839 latoremque
2387 759 2629 840 spiritus
2686 757 2824 817 208
2858 775 2962 836 per
2987 757 3189 819 omnia
3246 758 3566 836 futurum;

180 860 306 925 Θεῷ
367 852 665 931 ἡνωμένος,
731 857 825 911 οῦκ
893 853 1301 931 ἐνεργηθήσεται
1373 856 1474 910 ὕπὸ
1545 855 1794 934 ἀκαθάρτ(

1949 850 2297 913 nanil‘estum
2333 857 2447 922 est,
2482 849 2665 909 virum
2721 847 3109 926 ejuscemodi,
3175 854 3382 928 utpote
3442 849 3563 913 Deo

177 943 509 1015 πνεύματος·
566 941 847 1019 γελάσεται
879 940 933 998 δὲ
993 942 1198 1017 μᾶλλον
1256 943 1384 1000 αὐτὸ
1442 946 1528 1000 καὶ
1588 967 1791 1003 καταπα

1949 943 2178 1015 initum,
2213 955 2585 1018 nequaquam
2615 936 2687 998 ab
2716 935 3025 998 immundo
3058 936 3274 1016 spiritu
3332 939 3563 1016 agitan-

175 1031 381 1110 λαέσει,
440 1033 527 1088 καὶ
582 1029 887 1096 ἓκδιώξεται
945 1034 1032 1087 καὶ
1094 1030 1268 1110 δράσει
1325 1032 1529 1107 μᾶλλον
1587 1037 1659 1097 εἷς
1711 1035 1789 1091 αῦπ

1946 1030 2058 1092 lum
2089 1053 2103 1106 ;
2131 1029 2233 1091 sed
2267 1027 2460 1109 potius
2482 1027 2677 1108 ipsum
2720 1027 3033 1088 irrisurum
3058 1035 3116 1087 et
3154 1025 3560 1106 subacturum,

180 1119 316 1196 παρ’
380 1122 408 1175 ὃ
465 1121 702 1177 πείσεται
758 1118 884 1198 παρ’
947 1124 1126 1179 αῦτοῦ·
1188 1120 1392 1198 μᾶλλον
1438 1121 1493 1178 δὲ
1526 1127 1610 1180 καὶ
1637 1124 1794 1204 ἑτέροι

1949 1116 2934 1197 nsectaturumque,illaturumque
2951 1115 3144 1196 potius
3155 1115 3371 1197 aliquid
3387 1137 3563 1198 quam

179 1211 368 1285 ἰατρὸς
401 1211 757 1285 πνευματικὸς
791 1211 1106 1288 ὀφθήσεται.
1142 1210 1279 1268 ’Ἔτι
1310 1210 1514 1286 μᾶλλον
1572 1211 1626 1269 δὲ
1688 1213 1793 1292 ἀκρι

1954 1209 2005 1270 ὠ
2032 1228 2101 1271 eo
2123 1226 2456 1289 passurum;
2479 1207 2746 1287 quinimo
2773 1205 3156 1286 quoquealiis
3180 1223 3246 1267 se
3268 1208 3568 1270 medicum

185 1296 298 1363 ϐῶξ
328 1297 480 1378 οἶδα,
512 1302 584 1362 ὡς
616 1301 650 1366 ἡ
684 1303 786 1355 τῶν
817 1300 1152 1379 ἱεραρχικῶν
1185 1299 1384 1379 ἀμιγὴς
1420 1307 1530 1357 τῶν
1585 1304 1799 1382 χειρόνιι

1955 1297 2257 1378 μρίτὶιειιεῐη
2283 1294 2611 1363 exhibebit,
2648 1297 2943 1357 Praeterea
2971 1301 3342 1375 compertum
3381 1297 3569 1362 habeo

195 1389 449 1444 ἁπάντων
508 1385 770 1466 διάκρισις
842 1388 1045 1463 μᾶλλον
1117 1388 1234 1469 ἔχει
1307 1388 1674 1466 δαιμονῶντας
1726 1396 1809 1450 τοῦ

1965 1386 2407 1449 incerissimum
2439 1402 2746 1447 sacrorum
2768 1383 3046 1446 ordinum
3064 1384 3360 1464 judicium
3392 1387 3573 1467 magis

195 1477 478 1554 ἀσελγεῖς,
509 1478 545 1543 ἦ
573 1479 691 1542 τοῖος
725 1479 826 1533 ὑπὸ
876 1480 1190 1553 πνευμάτων
1248 1481 1701 1546 καταπίπτοντας⁶
1759 1505 1809 1539 κς

1959 1477 2330 1538 Ιωῐηοηὶσοοε
2362 1474 2704 1538 existimare
2733 1473 2893 1535 illlos
2922 1473 3021 1554 qui
3041 1473 3255 1536 inertia
3277 1474 3573 1552 dililuunt,

194 1567 300 1644 γαρ
332 1569 378 1621 οἱ
409 1574 637 1623 τοιοῦτοι
669 1567 735 1622 τὰ
766 1565 931 1630 ὄντως
959 1566 1085 1624 ὄντα
1115 1570 1422 1645 προήκαντο
1451 1568 1536 1628 διὰ
1553 1571 1650 1638 τὴν
1676 1574 1804 1651 αἰσχ

1966 1584 2111 1647 luam
2164 1564 2264 1646 qui
2315 1564 2626 1642 Spiritibus
2679 1563 3073 1626 succumbunt
3107 1563 3440 1644 ;siquidem
3475 1565 3580 1643 qui

196 1677 333 1720 στην
362 1653 578 1730 ἡδονήν,
615 1657 701 1712 καὶ
730 1656 828 1724 τὴν
861 1654 1107 1713 ἀῖέὅαιον
1157 1658 1210 1712 ἐν
1259 1671 1376 1722 τοῖς
1429 1658 1724 1738 ἀλλοτρίοις
1757 1664 1810 1717 οὖ

1968 1656 2080 1717 ales
2123 1663 2281 1734 sunt,
2318 1662 2558 1733 propter
2617 1653 3020 1733 turpissimam
3077 1651 3463 1734 voluptatem,
3524 1661 3582 1716 et

194 1745 385 1816 οὖσαν,
419 1743 554 1800 ἀλλά
584 1743 838 1802 δοκοῦσαν
871 1747 1170 1806 εῦπάθειαν.
1207 1746 1492 1824 Ἀλλότρια
1522 1747 1571 1804 δὲ
1613 1749 1757 1828 λέγει
1787 1772 1808 1806 τ

1971 1764 2062 1806 am
2078 1743 2511 1824 quzeinalienis
2556 1741 2927 1821 minimeest,
2961 1741 3585 1818 sedessevidetur,t‘e-

195 1837 332 1911 πρὸς
365 1835 644 1912 ἁμαρτίαν·
679 1835 737 1891 οὗ
764 1837 863 1913 γὰρ
895 1838 1087 1916 φυσική
1121 1836 1154 1902 ἡ
1189 1837 1446 1916 ἁμαρτία.
1482 1836 1568 1895 ’Ἠ
1599 1837 1809 1918 ἀλλότρι

1966 1834 2239 1908 icitatem,
2260 1851 2398 1893 vera
2414 1831 2568 1893 bona
2587 1832 3010 1911 prodegerunt.
3037 1829 3242 1892 Aliena
3257 1841 3456 1895 autem
3480 1850 3580 1893 vo-

195 1945 331 1999 ςιησι
380 1924 447 1978 ta
499 1925 634 1979 κατά
688 1925 913 2004 κόσμον,
967 1927 1040 1989 ὡς
1072 1925 1130 1981 οῦ
1159 1947 1300 1989 τινος
1363 1926 1501 1984 ἰδικά
1533 1926 1697 2008 ἰδίως,
1730 1927 1809 1984 ἀλὲ

1959 1933 2024 1985 :at
2049 1943 2179 2005 quae
2202 1921 2274 1984 ad
2292 1930 2602 2004 peccatum
2620 1921 3071 2002 pertinent;non
3089 1921 3248 1982 enim
3265 1930 3573 2001 peccatum

195 2012 249 2077 ἐξ
311 2010 491 2068 ἄλλων
549 2015 623 2074 εἷς
684 2012 874 2078 ἄλλους
936 2016 1359 2087 μεταπίπτοντα·
1420 2015 1454 2083 ἤ
1509 2018 1596 2073 καὶ
1645 2021 1718 2082 ὡς
1759 2017 1809 2074 οὖ

1968 2029 2020 2079 st
2039 2022 2175 2094 quid
2204 2019 2483 2078 naturale.
2501 2017 2598 2075 Vel
2622 2015 2804 2075 aliena
2825 2017 3036 2075 dtcitea
3054 2033 3186 2090 quae
3204 2019 3401 2076 mundi
3425 2029 3579 2087 sunt.

194 2101 364 2168 οὔσης
393 2103 451 2156 ἒν
481 2101 684 2164 τούτοις
714 2100 798 2158 διὰ
831 2105 1027 2161 παντὸς
1084 2109 1180 2170 τῆς
1238 2104 1503 2184 ἡμετέρας
1554 2103 1808 2184 διαγωγῆς

1975 2113 2088 2169 uod
2109 2109 2327 2167 nullius
2349 2107 2582 2180 proprie
2600 2107 2714 2164 sint
2729 2106 3095 2178 propria,sed
3111 2108 3182 2164 ab
3204 2107 3333 2166 aliis
3353 2110 3422 2166 ad
3436 2110 3583 2168 alios

192 2190 337 2246 ἀλλά
365 2192 492 2267 πρὸς
527 2190 703 2268 ἕτερον
734 2192 848 2267 βίον
883 2193 1118 2273 ὁρώσης²
1155 2193 1236 2273 ἐφ’
1294 2198 1339 2269 ᾧ
1391 2197 1474 2251 καὶ
1533 2197 1806 2273 γεγόναμεε

1967 2208 2256 2266 ranseant;
2273 2208 2367 2256 aut
2389 2198 2564 2256 etiam
2585 2197 2742 2269 quod
2765 2197 2822 2252 in
2847 2196 2936 2252 his
2958 2210 3320 2268 nequaquam
3344 2199 3581 2258 omnino

198 2282 299 2336 Διά
336 2287 460 2359 γοῦν
492 2289 648 2337 τιῦτο
682 2282 1017 2359 κυριωτέρως
1071 2285 1214 2340 οὗτοι
1263 2291 1368 2340 τῶν
1402 2285 1502 2340 ὑπὸ
1536 2286 1812 2360 πνευμάτω

1969 2293 2116 2350 ιοεὶιίι
2151 2292 2228 2347 sit
2253 2293 2449 2347 nostra
2486 2285 2716 2344 vivendi
2749 2287 2915 2351 ratio.
2947 2285 3048 2343 sed
3069 2289 3240 2344 aliam
3265 2288 3435 2346 vitam
3461 2304 3583 2362 spe-

198 2371 647 2426 καταπιπτόντων
678 2375 775 2437 τῆς
822 2374 1100 2436 κοινωνίας
1154 2371 1596 2452 ἀφορισθήσονται
1621 2398 1632 2411 ο
1668 2374 1726 2430 ού
1755 2375 1812 2452 γὸ

1973 2381 2074 2446 tet,
2113 2371 2281 2450 cujus
2307 2369 2484 2432 etiam
2509 2369 2697 2446 gratia
2717 2366 2837 2429 nati
2861 2385 3088 2430 sumus.
3124 2365 3269 2428 Cum
3293 2367 3492 2450 itaque
3521 2369 3581 2433 hi

194 2460 414 2533 θεμιτὸν
444 2464 626 2524 αὐτοτς
661 2460 837 2539 ἕτερου
871 2463 1012 2526 τινὸς
1045 2463 1187 2540 ἱεροῦ
1217 2476 1518 2542 μετασχεῖν
1551 2465 1586 2532 ἢ
1619 2469 1716 2530 τῆς
1747 2471 1808 2520 τᾶ

1968 2460 2126 2538 uagis
2154 2465 2395 2541 proprie
2422 2456 2732 2538 spiritibus
2751 2455 3127 2534 subjaceant,
3147 2455 3405 2519 meritoa
3423 2476 3582 2519 com-

203 2551 416 2627 Λογίων
474 2549 848 2627 ἀναγνώσεως,
912 2553 984 2615 ὡς
1041 2550 1102 2606 ἂν
1159 2549 1224 2606 δι’
1257 2553 1428 2607 αὐτῶν
1461 2553 1817 2633 ἐπιστρέφοιντ

1967 2550 2225 2612 nunione
2257 2546 2673 2610 excluduntur:
2709 2563 2902 2624 neque
2932 2545 3090 2605 enim
3123 2544 3210 2606 eis
3240 2545 3379 2608 licet
3426 2547 3581 2611 alte-

199 2641 286 2696 ὲπὶ
342 2641 406 2697 τὰ
436 2639 486 2704 ἐξ
515 2639 891 2705 ῶνὲξέπεσον.
927 2647 1102 2700 Ταῦτα
1161 2640 1215 2697 δέ
1274 2644 1446 2699 πάντα
1505 2642 1718 2722 εἴρηται
1780 2666 1813 2698 τι

1975 2641 2064 2703 ius
2087 2640 2440 2718 cujusquam
2466 2635 2786 2716 participes
2805 2643 3358 2714 essa,przeterquam
3385 2637 3585 2700 lectio-

202 2729 343 2806 ἀγῖῳ
372 2731 487 2808 περὶ
520 2736 624 2785 τῶν
654 2728 928 2804 ἐμπαθῶν,
978 2731 1065 2786 καὶ
1117 2730 1194 2787 ἔτι
1251 2733 1518 2806 μενόντων
1550 2734 1816 2808 ἀμετανοή

1969 2729 2033 2790 iis
2062 2727 2527 2808 Scripturarum,
2589 2734 2652 2785 ut
2704 2741 2812 2804 per
2866 2741 2970 2784 eas
3010 2731 3382 2786 revertantur
3409 2725 3483 2786 ad
3515 2744 3583 2788 ea

200 2841 336 2897 Tum,
373 2821 444 2881 ὡς
478 2819 594 2898 ἔχει
627 2821 687 2875 τὸ
720 2819 825 2876 ἀπὸ
858 2829 950 2878 τοῦ
979 2821 1218 2894 μείζονος
1253 2821 1630 2900 ἐπιφερόμενον
1654 2823 1812 2902 ἐπιχε

1969 2817 2157 2898 [uibus
2175 2815 2544 2879 exciderunt.
2578 2811 2715 2875 Ilaec
2745 2820 2943 2902 autem
2965 2812 3166 2873 omnia
3196 2812 3352 2875 dicta
3381 2824 3520 2877 sunt
3549 2833 3583 2876 a

203 2931 380 2985 ρημα.
415 2911 557 2974 Φησὶ
580 2909 701 2987 γὰρ·
743 2910 798 2966 EI
829 2910 928 2986 γὰρ
960 2910 1046 2965 καὶ
1077 2911 1197 2974 τοὺς
1230 2899 1363 2988 πρὸς
1391 2911 1522 2988 αὒτῇ
1566 2918 1634 2988 τῇ
1691 2899 1817 2987 μετα

1971 2908 2068 2969 iro
2097 2915 2301 2969 sancto
2324 2903 2400 2966 de
2418 2903 2493 2964 iis
2519 2901 2621 2983 qui
2649 2899 3020 2981 passionibus
3051 2901 3299 2963 obnonii
3327 2913 3495 2982 sunt,
3524 2912 3585 2968 et

205 2999 322 3070 νοία
355 2997 508 3060 ὄντας
538 2999 572 3065 ἡ
606 3005 711 3054 τῶν
743 2999 896 3054 θείων
926 3001 1186 3078 ἱερουργία
1225 3000 1525 3081 ἀποθετται,
1582 3005 1642 3060 οὒ
1688 3023 1819 3080 προσ

1972 2997 2135 3059 dunc
2169 3001 2412 3057 manent
2441 2991 2909 3073 impuanitentes,
2945 2998 3220 3081 tanquam
3250 2992 3356 3054 sia
3379 2995 3586 3072 majori

207 3087 399 3161 ιεμὲνη
430 3087 644 3152 τούτους
679 3085 764 3143 διὰ
795 3089 856 3144 τὸ
903 3089 981 3162 μὴ
1039 3089 1184 3145 εῖναι
1236 3089 1510 3154 παντελῶς
1544 3092 1821 3169 ἱερωτάτου

1972 3087 2206 3149 nl'erens
2227 3091 2765 3164 argumentaretur.
2788 3081 2852 3142 Si
2876 3079 3062 3160 enim,
3089 3081 3301 3162 inquit,
3331 3082 3463 3144 illos
3485 3083 3586 3164 qui

203 3183 614 3255 προσφωνοῦσα,
650 3181 790 3256 οἷον,
825 3179 896 3240 ὡς
926 3177 1144 3242 ἀθέατός
1195 3180 1300 3253 εἶμι
1357 3181 1444 3236 καὶ
1500 3180 1817 3248 ἀκοινώνητε

1968 3196 2003 3238 n
2036 3177 2166 3258 ipsa
2191 3175 2389 3237 adhuc
2421 3171 2774 3254 poenitentia
2809 3178 3122 3233 versantur
3149 3189 3456 3234 sacrorum
3489 3174 3582 3236 di-

206 3241 339 3323 πάσι
362 3241 490 3329 ’τοῖς
524 3241 613 3341 μὴ,
635 3241 799 3332 ἀξίοις
832 3268 904 3331 εἷς
933 3241 1252 3348 κοινωνίανξ
1293 3267 1479 3344 πολλῷ
1535 3291 1595 3348 γε
1659 3269 1820 3344 μᾶλλ(

1969 3241 2215 3328 νὶηότιιῐη
2243 3241 2566 3326 celebratio
2599 3259 2870 3341 repellat,
2907 3278 2978 3321 eo
3010 3259 3164 3340 quod
3196 3280 3320 3324 non
3340 3263 3583 3325 omnino

205 3355 667 3434 ἀπειρχθήσονται
733 3357 927 3422 ταύτης
988 3359 1033 3412 οἱ
1091 3356 1166 3414 ἔτι
1215 3359 1594 3434 ἀμετανόητοι.
1631 3357 1819 3416 Ἐπεὶί

1978 3352 2308 3419 anctissimi
2337 3351 2858 3431 sint,nequaquam
2883 3366 2984 3410 eos
3002 3350 3587 3432 admittens.procla-

204 3452 303 3501 τοῦ
361 3445 500 3502 θείου
558 3453 684 3502 ναοῦ
739 3447 1019 3523 γεγόνασιν
1069 3445 1192 3522 ἔξω,
1226 3451 1313 3505 καὶ
1347 3451 1394 3504 οἱ
1424 3449 1650 3524 ἀμύητοι
1680 3471 1818 3515 κατη

1971 3445 2167 3507 nando
2201 3441 2638 3524 quodammodo
2661 3457 2726 3500 se
2750 3439 3029 3501 omnibus
3054 3457 3162 3501 sua
3185 3441 3585 3504 communica-

207 3536 494 3615 χούμενοι,
528 3537 691 3592 καὶοῖ
725 3535 1009 3610 ἐμπαθεῖς,
1069 3538 1141 3597 ὡς
1199 3537 1494 3594 ἀποστάται
1561 3543 1657 3604 τῆς
1721 3540 1821 3594 θεία

1972 3535 2105 3596 ione
2136 3532 2397 3611 indignis
2427 3528 2787 3591 invisibilem
2842 3529 3586 3610 incommunicabilemque

206 3629 383 3694 ζωῆς·
417 3623 631 3702 προσέτι
663 3622 834 3680 δὲκαὶ
886 3626 932 3680 οί
989 3626 1092 3681 ὑπὸ
1150 3628 1464 3702 πνευμάτων
1522 3625 1820 3707 ἐνοχλούμε

1971 3621 2452 3695 exsistere,multo
2471 3617 2747 3707 magisab
2776 3635 2847 3678 ea
2877 3617 3236 3679 arcebuntur
3264 3618 3364 3699 qui
3393 3620 3585 3682 adhuc

210 3736 320 3792 νοι,
383 3715 669 3790 πρόστιμον
727 3712 945 3792 ἔχοντες
1005 3715 1086 3771 καὶ
1145 3719 1310 3789 οῦτοι,
1363 3719 1450 3773 καὶ
1508 3706 1824 3796 ούκὲχοντε

1971 3713 2389 3794 ωρωηίῑεηιθε
2418 3717 2574 3770 sunt.
2630 3706 2742 3768 Ubi
2773 3715 2971 3796 autem
3020 3725 3054 3767 a
3104 3707 3304 3796 divino
3364 3709 3583 3788 templo

211 3803 508 3880 ἀπολογίαν
555 3805 616 3860 τὸ
675 3802 933 3866 ἀκουσίως
993 3825 1249 3885 ἰταιῐχειν²
1311 3807 1455 3862 αὒτοὶ
1510 3807 1609 3884 γὰρ
1660 3805 1825 3862 ἔδωκα

1970 3800 2176 3864 exclusi
2209 3807 2347 3862 sunt
2379 3794 2813 3870 catechumeni,
2849 3796 2945 3875 qui
2981 3795 3236 3885 necdum
3268 3796 3454 3858 sacris
3477 3798 3584 3858 ini-

211 3893 435 3956 ᾶαυτοὺς
528 3904 642 3957 τοῖς
710 3892 1024 3972 ἀκαθάρτοις
1094 3896 1378 3970 πνεύμασι,
1452 3896 1529 3971 μὴ
1590 3897 1825 3953 συντονία

1973 3891 2070 3953 iati
2100 3898 2256 3965 sunt,
2295 3889 2514 3969 quique
2554 3883 2932 3967 passionibus
2981 3884 3222 3946 obnoxii
3274 3893 3432 3962 sunt,
3465 3896 3524 3949 et
3553 3905 3587 3949 a

218 3983 349 4060 πρὸς
406 3983 472 4038 τὰ
529 3985 648 4039 θεῖα
678 3983 764 4038 καὶ
824 3981 1146 4061 στερρότητα
1204 3985 1545 4062 κεκτημένοι·
1619 3987 1742 4042 εἶτα
1774 3987 1832 4042 σὺ

1975 3981 2144 4043 livina
2173 3980 2287 4041 vita
2317 3977 2666 4040 defecerunt
2698 3996 2712 4056 ;
2740 3984 2914 4054 atque
2939 3973 3183 4055 insuper
3215 3975 3390 4036 etiam
3423 3976 3524 4056 qui
3555 3993 3589 4036 a

212 4073 420 4136 τούτοις
479 4073 566 4128 καὶ
624 4073 670 4129 οἱ
731 4075 1158 4148 μετανοήσαντες
1221 4077 1318 4150 μὲν
1375 4075 1458 4132 ἐπὶ
1527 4089 1644 4140 τοῖς
1719 4075 1826 4134 ἰδίοι

1982 4069 2263 4154 piritibus
2292 4076 2604 4146 vexantur,
2641 4079 2700 4127 et
2725 4065 2878 4127 hanc
2911 4083 3142 4145 pinnam
3165 4064 3445 4142 subeunt,
3478 4084 3590 4128 nec

213 4161 520 4239 σφάλμασι,
583 4163 670 4217 καὶ
728 4169 824 4238 τῇς
881 4162 1117 4228 ἐναντίας
1167 4164 1492 4230 ἀποστάντες
1521 4165 1688 4246 ζωῆς,
1720 4165 1827 4223 ούπι

1969 4161 2391 4224 excusationem
2428 4157 2672 4234 habent,
2695 4155 2854 4246 quod
2882 4156 3006 4246 liazc
3036 4154 3200 4215 inviti
3233 4155 3583 4246 sustineant,

215 4249 272 4307 δὲ
305 4251 502 4315 τελέως
533 4252 895 4329 καθαρθέντες·
932 4255 1018 4310 καὶ
1049 4251 1166 4326 μετ’
1228 4255 1412 4318 αὖτοὺς
1469 4257 1516 4310 οἱ
1573 4243 1682 4330 μὴν
1709 4255 1829 4332 ἅμω

1978 4250 2227 4332 ευοηὶεῐη
2260 4250 2616 4327 semetipsos
2645 4244 2952 4324 spiritibus
2983 4243 3310 4305 inzmundis
3338 4244 3592 4306 tradide-

214 4363 309 4414 μοι
345 4340 517 4406 πσίντη
547 4342 634 4396 καὶ
665 4340 958 4420 ἀλώὸητοι,
992 4344 1164 4407 καθὼς
1197 4345 1282 4400 καὶ
1314 4348 1370 4401 'ev
1399 4352 1476 4420 τῷ
1506 4345 1654 4420 νόμῳ
1701 4348 1761 4401 τὸ
1794 4348 1828 4401 εἷ

1974 4348 2109 4420 'unt,
2149 4358 2282 4402 cum
2316 4356 2428 4399 nec
2457 4335 2847 4398 Intentionem
2899 4351 3096 4414 neque
3143 4334 3486 4396 ﬁrmitatem
3527 4335 3588 4396 in

213 4430 396 4486 θυσίαν
453 4429 696 4500 ἐζητεῖτο
747 4429 1036 4509 πρόϐατον·
1072 4437 1226 4507 οἶμαι
1299 4432 1352 4489 δὲ
1411 4434 1587 4513 λέγειν
1649 4435 1827 4492 τούτου

1975 4429 2163 4489 livinis
2193 4423 2755 4490 obtineant.Deinde
2781 4440 2918 4483 cum
2942 4423 3035 4513 his
3067 4440 3302 4502 quoque
3325 4421 3589 4504 illi,quos

212 4520 342 4582 τοὺς
399 4519 477 4593 μὴ
534 4519 789 4595 ἱερωσύνη
843 4519 1256 4599 διαπρέποντας·
1317 4525 1376 4580 ού
1431 4525 1530 4602 γὰρ
1586 4525 1671 4580 καὶ
1723 4526 1826 4580 οῦτι

1978 4526 2276 4579 μετείω-οη]
2305 4515 2545 4598 quidem
2577 4530 2820 4574 suorum
2860 4511 3128 4602 poenitet,
3166 4522 3225 4572 et
3280 4519 3592 4602 contrariae

217 4606 324 4672 ἔξω
380 4628 482 4666 που
532 4605 806 4688 ἵστανται,
869 4607 992 4665 ἀλλ’
1024 4609 1122 4674 ἔξω
1169 4611 1331 4686 μόνον
1360 4619 1452 4669 τοῦ
1503 4601 1831 4690 θυσιαστηρίσ

1975 4608 2082 4670 νὶιεε
2112 4607 2384 4668 nuntium
2419 4605 2732 4678 miserunt,
2767 4601 3028 4662 nondum
3075 4609 3273 4663 tamen
3323 4601 3589 4681 perfecte

214 4694 520 4776 ἱστάμενοι,
582 4697 920 4777 ἀπείργονται
999 4705 1099 4767 τῆς
1152 4703 1289 4778 ἱερᾶς
1343 4701 1564 4777 ἐποψίας
1624 4699 1708 4758 διὰ
1761 4708 1828 4758 τῶ

1974 4697 2086 4759 iuri
2117 4708 2278 4770 sunt,
2306 4700 2366 4758 et
2388 4692 2714 4756 secundum
2739 4691 2847 4753 hos
2880 4690 2919 4751 ii
2946 4691 3047 4770 qui
3076 4708 3192 4752 non
3217 4695 3459 4753 omnino
3479 4697 3588 4752 im-

217 4785 493 4848 ἀναμέσον
605 4785 1018 4866 ἔφαπλουμὲνων
1115 4791 1642 4869 παραπετασμάτων·
1747 4793 1831 4848 τότ

1973 4786 2231 4850 naculali
2249 4796 2388 4850 sunt
2410 4796 2468 4846 et
2498 4781 2862 4858 intemerati,
2889 4789 3064 4861 prout
3084 4781 3145 4842 in
3169 4782 3302 4858 lege
3324 4799 3587 4866 quoque,

219 4878 267 4931 οἱ
340 4875 575 4954 πανίεροι
643 4875 1045 4956 φιλοθεάμονες,
1132 4878 1534 4954 ἐποπτεύοντες,
1616 4881 1833 4956 ὑμνοῦσι

1973 4878 2023 4940 Id
2054 4875 2410 4940 sacriﬁcium
2439 4893 2626 4954 agnus
2657 4871 3108 4952 requirebatur:
3145 4872 3360 4952 Opinor
3389 4884 3587 4936 autem

216 4961 538 5041 ῦμνολογίαν
607 4964 920 5037 καθολικὴν,
955 4967 988 5022 ἃ
1017 4969 1090 5031 ὡς
1120 4969 1220 5025 ὑπὸ
1250 4970 1461 5026 πάντων
1518 4967 1802 5045 ᾁδομένην,

1973 4967 2273 5048 ιίεηὶίὶοστί
2304 4966 2436 5027 illos
2468 4964 2569 5046 qui
2601 4981 2720 5024 non
2737 4968 2877 5023 sunt
2905 4961 3173 5042 209apti
3204 4963 3536 5026 sacerdotio
3573 4985 3587 5046 ;

220 5054 295 5115 ὡς
361 5052 490 5132 ὑπὲρ
546 5052 833 5122 καθολικῆς
886 5056 1109 5135 χάριτος
1169 5059 1478 5136 γινομένην.
1544 5066 1733 5116 Τοῦτον
1777 5062 1834 5116 τὸ

1978 5058 2244 5140 .iquidem
2271 5056 2332 5118 hi
2363 5073 2480 5118 non
2512 5061 2670 5116 stant
2701 5051 2866 5129 foris,
2907 5053 3012 5114 sed
3043 5052 3260 5128 solum,
3295 5071 3428 5116 cum
3473 5073 3592 5116 non

217 5142 382 5216 ῦμνον
413 5144 462 5198 οἱ
492 5143 588 5218 μὲν
617 5142 958 5222 ὑμνολογίαν,
994 5148 1040 5202 οἱ
1074 5144 1127 5202 δὲ
1159 5149 1256 5214 τῆς
1287 5147 1569 5227 θρησκείας
1614 5150 1674 5204 τὸ
1731 5152 1826 5225 σύμ

1977 5156 2148 5211 istent
2176 5145 2368 5222 altari,
2399 5163 2434 5207 a
2461 5143 2660 5205 divino
2690 5150 2931 5223 aspectu
2963 5151 3248 5204 arcentur
3279 5162 3384 5224 per
3429 5144 3591 5207 vela-

221 5228 392 5286 ϐολον
418 5227 684 5308 λέγουσιν·
725 5229 880 5289 ἄλλοι
910 5230 964 5289 δὲ
1013 5234 1289 5314 θειοτέρως
1329 5236 1640 5317 ἱεραρχικὴν
1699 5239 1832 5315 εὒγα

1978 5236 2116 5300 nina
2136 5255 2266 5317 quae
2292 5237 2350 5298 in
2385 5233 2586 5298 medio
2612 5251 2681 5295 ex
2695 5232 3054 5313 panduntur.
3076 5233 3224 5294 Tum
3243 5234 3481 5296 demum
3505 5252 3592 5295 sa-

219 5318 425 5396 ριστίαν
455 5321 634 5399 φασὶν,
689 5322 763 5386 ὡς
823 5325 1163 5396 περιεκτικὴν
1211 5325 1422 5393 ἀπάσης
1480 5327 1611 5406 ὑπὲρ
1660 5328 1833 5386 πάντα

1977 5325 2274 5390 :ratissimi
2302 5331 2672 5406 spectatores
2692 5321 2944 5384 hostiam
2969 5322 3438 5404 contemplantes
3454 5323 3591 5384 uni-

221 5410 293 5474 εἰς
326 5409 474 5483 ἡμᾶς
531 5409 742 5489 ἀγαθῶν
803 5415 1168 5491 εὖχαριστίάς·
1230 5419 1470 5496 περιέχει
1529 5418 1629 5495 γὰρ
1684 5419 1749 5474 τὰ
1798 5420 1835 5475 εἲ

1977 5417 2182 5479 rersale
2200 5415 2497 5498 quoddam
2521 5411 2713 5474 laudis
2744 5411 3039 5475 canticum
3064 5413 3409 5492 concinunt,
3436 5412 3591 5492 quod

219 5500 368 5573 ἡμᾶς
417 5499 594 5556 θεόθεν
646 5500 1004 5580 ἀφικνούμενα
1056 5505 1168 5580 ἱερά
1225 5503 1386 5582 δῶρα,
1467 5508 1552 5563 καὶ
1635 5506 1813 5572 καλῶς

1978 5507 2042 5569 νει
2075 5507 2147 5569 ab
2180 5504 2471 5569 universis
2499 5502 2753 5578 canitur,
2801 5502 2888 5562 vel
2921 5520 3029 5582 pro
3060 5500 3376 5563 universali
3425 5502 3592 5581 quasi

219 5588 353 5665 ὑπὲρ
379 5588 596 5646 πάντων
627 5588 786 5668 λόγος
818 5593 1126 5672 εὐχαριστία
1158 5593 1385 5670 ἐκλήθη,
1439 5595 1518 5651 ὅτι
1575 5603 1680 5652 πᾶν
1739 5599 1833 5654 ὺπὲ

1977 5597 2144 5676 gratia
2160 5597 2430 5661 otl'ertur.
2455 5591 2627 5656 Hunc
2654 5593 2936 5673 hymnum
2960 5600 3185 5679 autem,
3215 5589 3316 5651 alii
3348 5591 3591 5671 quidem

221 5682 322 5747 τῆς
351 5678 618 5758 ἡμετέρας
651 5681 916 5760 σωτηρίας
975 5681 1408 5762 ἐπραγματεύθη.
1477 5687 1572 5743 Καὶ
1627 5687 1726 5767 γὰρ
1782 5710 1835 5744 κσ

1974 5686 2414 5768 iymnologiam,
2449 5684 2547 5746 alii
2578 5679 2880 5761 religionis
2909 5678 3238 5760 symbolum
3271 5681 3588 5764 appellant:
