4028 6192
529 302 648 372 463

1689 305 1749 368 S.
1797 305 2140 370 DIONYSII
2184 303 2717 370 AREOPAGITzE.

3737 306 3830 394 464

527 437 628 501 alii
656 456 796 500 vero
826 435 1099 513 divinius,
1136 436 1570 500 hierarchicam
1606 437 2028 500 eucharistiam
2063 454 2169 499 vo-

2264 438 2478 515 τρώτως
2511 440 2652 516 παρὰ
2683 448 2774 497 τοῦ
2823 441 3016 517 ἀγαθοῦ
3075 443 3206 498 Θεοῦ
3259 441 3572 517 ὑπέστημεν,
3621 445 3697 499 καὶ
3743 459 3834 507 τοῖς

523 535 686 604 cant,
719 535 780 588 ut
811 545 940 607 qua
972 545 1211 587 omnem
1244 545 1352 606 pro
1385 527 1674 588 omnibus
1703 547 1844 606 erga
1870 547 1977 588 nos
2002 526 2173 588 bonis

525 618 843 697 gratiarum
890 615 1186 676 actionem
1213 615 1678 696 complectatur;
1715 618 1978 678 continet
2010 617 2168 678 enim

525 706 629 768 illa
659 722 826 766 sacra
852 722 1104 766 munera
1135 724 1265 785 quae
1295 704 1584 767 divinitus
1601 706 1675 767 ad
1701 723 1810 766 nos
1841 705 2169 774 dimanant,

524 802 808 871 recteque
840 812 946 874 pro
974 793 1251 856 omnibus
1282 795 1606 874 gratiarum
1641 797 1800 858 actio
1834 804 2172 876 nuncupata

525 892 635 959 est,
669 889 805 963 quia
836 883 1121 964 quidquid
1171 884 1243 944 ad
1278 885 1528 946 salutem
1594 893 1854 946 nostram
1915 894 2167 965 spectat,

524 985 768 1053 operata
789 981 898 1034 est.
928 971 1160 1034 Etenim
1185 973 1438 1053 primum
1463 993 1498 1034 a
1523 974 1686 1034 bono
1711 974 1831 1036 Deo
1853 973 2174 1053 conditi,et

525 1062 897 1143 primigeniis
928 1061 1479 1142 pulchritudinibus
1507 1063 1579 1124 ad
1609 1063 2068 1125 deiformitatem
2093 1061 2174 1123 ef-

523 1151 766 1214 formati
795 1170 1022 1212 sumus.
1061 1149 1422 1228 Primigenia
1451 1169 1589 1214 vero
1619 1160 1788 1213 vocat
1821 1171 1890 1214 ea
1932 1170 2065 1232 qua;
2114 1151 2174 1213 in

523 1241 724 1303 divina
781 1248 992 1302 natura
1049 1240 1528 1319 conspiciuntur,
1591 1259 1846 1321 quorum
1899 1240 2174 1302 homines

523 1349 633 1412 pro
691 1339 868 1411 captu
920 1329 1215 1410 modoque
1247 1349 1354 1392 suo
1385 1329 1543 1392 Deus
1582 1331 1898 1412 participes
1948 1330 2171 1411 effecit,

524 1430 582 1484 et
612 1421 671 1481 in
705 1419 979 1499 paradiso
1010 1419 1293 1482 diviniori
1314 1419 1387 1482 ad
1417 1438 1675 1499 superna
1705 1421 1882 1482 modo
1905 1419 2175 1498 subrige-

521 1508 778 1583 bamur;
811 1516 1091 1570 caeterum
1123 1528 1256 1571 cum
1292 1509 1693 1590 imprudentia
1747 1519 1947 1572 nostra
2001 1508 2172 1570 bonis

523 1600 640 1670 illis
669 1598 1122 1679 excidissemus,
1158 1599 1500 1679 praeparatis
1533 1599 1700 1661 hisce
1727 1599 1901 1660 bonis
1931 1601 2000 1661 ad
2036 1599 2166 1678 pri-

2255 529 2574 606 ἀρχετύποις
2617 528 2838 586 κάλλεσι
2899 532 3028 606 πρὸς
3086 533 3145 586 τὸ
3197 529 3418 594 θεοειδὲς
3479 532 3830 610 ἑμορφώθψεν,

2256 615 2560 696 Ἀρχέτυπα
2589 617 2644 673 δέ
2673 643 2803 697 φησι
2833 620 2898 674 τὰ
2945 627 3010 696 τῇ
3069 622 3181 692 θείᾳ
3243 621 3389 699 φύσει
3449 622 3834 701 ἐπιθεωρούμενα,

2253 710 2325 761 ὧν
2356 708 2452 774 τὴν
2483 709 2617 762 κατὰ
2669 710 2728 763 τὸ
2779 708 3128 788 ἐνδεχόμενον
3187 711 3464 783 μετουσίαν
3519 722 3625 773 τοῖς
3670 710 3834 786 ἀνθρώ-

2257 817 2372 857 ποις
2408 797 2534 857 Θεὸς
2567 795 2890 872 ἐδωρήαατο,
2923 800 3011 854 καὶ
3039 798 3308 876 θειοτέρας
3367 799 3639 876 ἀναγωγῆς
3687 802 3736 854 ἓν
3781 801 3840 873 τῷ

2254 883 2553 961 παραδείσῳ
2601 886 3032 960 κατηξιώθημεν.
3099 889 3258 960 Εἶτα,
3319 889 3434 943 ἐπεὶ
3492 886 3541 951 ἐξ
3582 885 3839 964 ἀπροσεξίας

2254 977 2356 1029 τῶν
2390 975 2598 1051 ἀγαθῶν
2656 975 2868 1032 ἐκείνων
2919 975 3245 1056 ἐξώτθημεν,
3311 977 3703 1040 ἑπισκευαστοϊς
3731 978 3842 1053 ἀγα-

2253 1066 2368 1127 θοῖς
2427 1065 2498 1125 εἰς
2559 1066 2620 1120 τὸ
2678 1065 2908 1143 ἀρχαῖον
2966 1065 3102 1142 ἔγνω
3135 1064 3842 1144 ἂνακαλέσασθαι,(ὲπιςγ.ευ-

2257 1152 2390 1207 αστὰ
2452 1150 2506 1206 δὲ
2563 1152 2703 1228 λέγει
2763 1155 2828 1208 τὰ
2889 1154 3081 1232 ἀγαθὰ,
3115 1153 3217 1220 ὅτι,
3255 1153 3844 1233 ἀμαρτω)οὶὸντες,χᾶ·

2257 1263 2358 1318 ριτι
2389 1240 2861 1316 ἐκάλλωπίσθημεν
2891 1246 2978 1299 καὶ
3011 1242 3338 1322 ἐσώθημεν)
3371 1246 3457 1300 καὶ
3487 1243 3568 1298 διὰ
3615 1244 3702 1311 τῆς
3739 1265 3845 1298 παν·

2257 1329 2435 1395 τελοῦς
2465 1329 2844 1408 προσλήψεως,
2877 1337 2973 1398 τῆς
3016 1331 3217 1398 τελείας
3249 1332 3392 1411 λέγω
3423 1333 3844 1410 ἐναποθρωπῆσεως,

2256 1421 2353 1486 τὴν
2428 1423 2531 1475 τῶν
2601 1420 2807 1476 οἰκείων
2882 1420 3163 1496 μετάδοσιν
3236 1421 3642 1500 ἆγαθουργῆσαι.
3718 1427 3849 1479 Τοῦτο

2256 1509 2399 1586 λέγει
2459 1511 2546 1565 καὶ
2603 1510 2630 1564 ὁ
2693 1512 2862 1587 μέγας
2911 1511 3224 1590 Γρηγόριος·
3261 1508 3558 1588 Προσὲλαϐε
3587 1512 3644 1567 τὸ
3671 1523 3848 1590 χεῖρον,

2255 1598 2347 1653 ἵνα
2378 1596 2451 1670 δῷ
2476 1600 2535 1653 τό
2565 1595 2794 1660 ϐέλτιον,

519 1693 738 1751 stinum
791 1707 902 1750 nos
955 1697 1175 1751 statum
1225 1706 1502 1751 revocare
1563 1689 1808 1750 minime
1857 1688 2144 1750 dubitavit
2191 1692 2536 1767 (praeparata
2592 1704 2766 1765 porro
2800 1695 2967 1748 vocat
3011 1686 3168 1749 bona
3211 1687 3310 1749 illa
3350 1710 3366 1762 ;
3417 1689 3686 1770 quoniam
3741 1706 3850 1749 cum

522 1797 793 1844 essemus
816 1786 1184 1859 peccatores,
1221 1778 1406 1857 gratia
1438 1779 1640 1840 salvati
1665 1787 1726 1842 et
1756 1779 1948 1840 ornati
1979 1783 2226 1856 sumus),
2263 1785 2324 1837 et
2367 1776 2711 1837 omnimodo
2741 1778 3174 1856 assumptione,
3211 1779 3485 1856 perfecta;
3520 1783 3745 1856 inquam
3772 1777 3858 1839 hu.

521 1867 841 1948 manitatis,
891 1867 1266 1949 propriorum
1303 1886 1412 1930 nos
1467 1867 1756 1930 bonorum
1806 1868 2130 1948 participes
2189 1864 2405 1928 effecit.
2470 1867 2598 1928 Hoc
2629 1876 2720 1928 est
2770 1868 2928 1947 quod
2975 1875 3033 1927 et
3095 1885 3346 1947 magnus
3399 1868 3710 1949 Gregorius
3755 1869 3852 1928 ait:

519 1959 862 2035 Assumpstt
897 1957 1182 2037 deterius,
1214 1964 1280 2017 ut
1312 1957 1489 2019 daret
1521 1959 1588 2018 id
1617 1958 1785 2037 quod
1819 1965 1902 2019 est
1931 1961 2170 2019 melius.

601 2047 630 2127 §
657 2045 967 2110 Vlll.Nota
987 2064 1123 2107 vero
1147 2053 1210 2106 ut
1235 2048 1582 2107 summatim
1604 2047 1700 2107 his
1719 2045 2065 2126 complexus
2087 2045 2164 2106 sit

2328 2049 2357 2122 ἕ
2392 2044 2544 2108 VIII.
2585 2047 2891 2120 Σημείωσαι
2949 2043 3024 2118 δὲ,
3089 2046 3169 2102 ὅτι
3202 2045 3587 2127 κεφαλαιωδῶς
3631 2049 3722 2116 τὴν
3749 2049 3860 2124 ἱερὰν

520 2154 748 2200 sacram
763 2153 1001 2198 omnem
1017 2133 1455 2216 hymnologiam
1472 2137 1800 2198 secundum
1817 2155 1990 2216 quam
2010 2135 2172 2196 beni-

519 2227 748 2308 gnitate
777 2225 886 2286 Dei
917 2225 1270 2296 collaudata,
1306 2225 1626 2305 propositis
1659 2223 2015 2286 muneribus
2064 2243 2169 2286 co-

519 2316 762 2397 opertis.
783 2313 1054 2376 salutatio
1085 2329 1154 2376 ac
1184 2312 1515 2375 tabularum
1541 2314 1814 2376 recitatio
1835 2314 2060 2376 ﬁnitur.
2087 2313 2171 2375 Ac

521 2405 797 2468 salutatio
831 2403 1069 2484 quidem
1096 2401 1385 2481 designat,
1423 2403 1720 2484 quomodo
1749 2403 1819 2464 ad
1851 2422 2036 2465 unum
2069 2403 2174 2465 ali-

520 2513 698 2576 quem
722 2502 936 2556 statnm
955 2511 1062 2572 per
1082 2510 1310 2554 sacram
1335 2493 1817 2554 communionem
1839 2491 2170 2554 adducendi

524 2585 642 2645 sint
664 2583 751 2643 illi
774 2584 876 2662 qui
907 2583 997 2642 vel
1021 2599 1225 2643 secum
1265 2583 1400 2661 ipsi,
1435 2582 1526 2643 vel
1559 2601 1694 2644 cum
1721 2582 1852 2643 aliis
1881 2581 1943 2642 in
1973 2582 2172 2663 aliquo

524 2671 1043 2735 dissidebant.Nos
1073 2671 1275 2752 itaque
1299 2671 1572 2733 salutatio
1607 2671 1718 2732 sibi
1743 2671 1996 2732 invicem
2023 2691 2172 2732 con-

518 2763 684 2834 iungi
721 2758 1024 2830 signiﬁcat.
1051 2759 1348 2826 Quomodo
1373 2766 1564 2816 autem
1587 2760 1812 2817 secum?
1833 2761 1973 2826 Quia
1998 2762 2174 2816 nimi-

525 2861 660 2904 rum
690 2841 820 2920 ipse
851 2858 1051 2901 secum
1085 2838 1335 2916 quilibet
1367 2839 1587 2914 unitur,
1619 2847 1678 2902 et
1705 2839 1778 2901 ad
1806 2859 1990 2901 unum
2021 2841 2172 2902 atie-

528 2948 684 2997 ctum
704 2939 901 3002 fertur,
924 2937 1084 2994 verbi
1106 2938 1308 3007 gratia,
1330 2937 1644 2995 fraternam
1667 2939 2169 3010 conspirationem.

526 3028 649 3087 Nisi
671 3029 824 3086 enim
855 3027 928 3085 ad
960 3042 1139 3086 unum
1169 3029 1302 3099 quis
1333 3043 1458 3085 sese
1487 3028 1734 3100 colligat,
1783 3036 1845 3086 ut
1877 3029 2044 3086 talem
2067 3029 2176 3086 ali-

527 3134 701 3192 quem
727 3118 990 3176 atIectum
1015 3117 1318 3188 concipiat.
1342 3132 1636 3189 nunquam
1659 3121 1844 3189 ipsum
1874 3120 2171 3192 exprimet.

528 3199 668 3262 Haec
699 3208 896 3261 autem
930 3207 1237 3278 geruntur,
1273 3200 1440 3278 quasi
1476 3199 1718 3261 minime
1749 3201 2034 3262 decorum
2075 3200 2170 3280 sit,

527 3305 629 3353 eos
658 3290 760 3370 qui
791 3288 853 3350 in
880 3289 1052 3350 altari
1083 3290 1428 3368 congregati
1455 3289 1929 3369 conjunguntur,
1956 3289 2173 3351 iterum

2252 2135 2564 2214 ὑμνολογίαν
2623 2144 2796 2192 πᾶσαν
2854 2135 2906 2190 ἐν
2965 2137 3168 2198 τούτοις
3224 2135 3456 2217 διέλαϐε,
3527 2137 3640 2195 καθ’
3689 2139 3747 2204 ἢν
3786 2138 3860 2204 τῆς

2253 2226 2640 2306 φιλανθρωπίας
2713 2233 2806 2282 τοῦ
2884 2233 3014 2282 Θεοῦ
3083 2226 3433 2301 ὑμνηθεισης,
3498 2227 3860 2304 περικεκαλυμ-

2255 2315 2426 2390 μένων
2485 2316 2743 2389 κειμέυων
2800 2321 2905 2370 τῶν
2963 2313 3169 2393 δώρων,
3234 2319 3261 2372 ὁ
3303 2317 3585 2393 ἀσπασμὸς
3641 2317 3862 2396 τελεῖται³

2254 2406 2475 2460 καὶτῶν
2506 2411 2734 2484 πτυχῶν
2787 2406 2820 2472 ἡ
2856 2403 3163 2482 ἆνάῤῥησιςς
3225 2407 3319 2464 Καὶ
3375 2393 3541 2481 δ’μέν
3594 2407 3864 2482 ἀσπασμὸς,

2256 2492 2335 2550 ὅτι
2396 2515 2509 2555 πως
2569 2495 2990 2573 συναχθήσονται
3053 2494 3136 2551 ἐπὶ
3203 2496 3301 2563 τῆν
3348 2497 3549 2553 ἑνιαίαν
3583 2497 3774 2562 ἐκείνην
3801 2496 3866 2551 διὰ

2255 2582 2350 2646 τῆς
2382 2581 2530 2657 ἁγίας
2566 2579 2919 2656 μεταλήψεως
2954 2583 3273 2638 κατάστασιν
3323 2586 3368 2638 οἱ
3427 2582 3736 2662 διῃρημένοι
3787 2606 3866 2639 κα-

2255 2671 2459 2726 τὰτιῖ
2571 2673 2580 2684 “
2661 2671 2702 2712 ἐι
2754 2671 2936 2710 ο“ρ”
3045 2674 3060 2692 ‘
3143 2672 3307 2729 ’>λ“λ
3381 2695 3399 2707 ρ
3520 2677 3532 2692 κ
3665 2683 3682 2693 -
3759 2677 3864 2712 ...κ

2453 2703 2462 2737 ι
2497 2692 2625 2740 προς
2660 2693 2874 2736 -.ωιους
2903 2696 2937 2739 η
2972 2694 3102 2747 προς
3134 2695 3196 2728 α.
3240 2696 3271 2740 τ,
3312 2697 3423 2736 ου..
3461 2672 3546 2734 To
3595 2697 3713 2754 γουι
3765 2695 3866 2750 ..,,o.

2254 2757 2518 2825 ἀλλήλους
2549 2763 2782 2827 ἡνῶσθαι
2813 2762 2841 2816 ὁ
2871 2761 3155 2837 ἀσπασμὸς
3185 2760 3367 2829 δηλοῖ,
3405 2766 3476 2821 Τὸ
3515 2762 3571 2819 δὲ
3603 2770 3730 2840 πρὸς
3764 2765 3869 2818 ἑαυ-

2254 2849 2372 2912 τοὺς
2425 2848 2586 2922 πῶς;
2642 2848 2732 2905 ’¹Η
2784 2846 3030 2915 δηλονότι
3094 2852 3178 2907 οιαὶ
3238 2851 3458 2916 ἕκαστος
3518 2854 3870 2930 ἑνίζεταιπρὸς

2257 2937 2464 3011 ἑαυτὸν,
2527 2939 2612 2993 καὶ
2664 2939 2735 3000 εἷς
2797 2939 2920 3012 μίαν
2979 2940 3149 3017 ὁρμὴν
3205 2940 3444 3020 φέρεται,
3503 2944 3610 3010 τὴν
3653 2945 3774 3019 πρὸς
3799 2943 3873 2998 τὸν

2257 3024 2480 3106 ἀδελφὸν
2541 3023 2784 3093 δηλονότι
2822 3028 3136 3103 σύμπνοιαν.
3195 3031 3254 3086 Εἰ
3313 3031 3411 3110 γὰρ
3471 3032 3554 3106 μὴ
3607 3031 3782 3087 ἑαυτὸν
3809 3052 3874 3092 τις

2256 3116 2329 3178 εἷς
2387 3117 2447 3171 τὸ
2509 3115 2564 3170 ἓν
2622 3115 2826 3181 συνάξει
2888 3118 3131 3194 γενέσθαι
3163 3118 3376 3175 τοιᾶσδέ
3406 3143 3554 3186 τινος
3589 3121 3771 3200 ὁρμῆς,
3801 3120 3879 3176 οὒκ

2257 3202 2320 3259 ἂν
2350 3205 2423 3269 εἷς
2454 3214 2604 3264 τοῦτο
2635 3207 2898 3284 ὁρμήσειε
2929 3206 3172 3270 πώποτε,
3208 3211 3382 3266 Ταῦτα
3444 3207 3502 3265 δὲ
3562 3211 3876 3290 πράττονται,

2257 3295 2330 3355 ὡς
2389 3294 2446 3350 οὗ
2503 3293 2664 3350 καλὸν
2723 3295 2780 3351 ὃν
2839 3297 3244 3364 ἐνοποιηθέντας
3306 3300 3494 3364 αὖτοὺς
3528 3301 3599 3368 τῆ
3628 3300 3767 3362 ἐντὸς
3804 3297 3882 3355 to;

527 3377 710 3441 dilabi
741 3378 802 3438 in
833 3378 1048 3438 divisas
1067 3377 1491 3459 cupidtiates,e
1524 3378 1746 3455 quibus
1765 3380 2010 3440 omnino
2045 3397 2169 3460 per-

2257 3384 2396 3461 ἱεροῦ
2424 3385 2789 3457 θυσιαστηρίου
2840 3391 3144 3463 συναγωγῇ,
3213 3386 3299 3444 ἐπὶ
3356 3389 3449 3453 τὰς
3505 3390 3761 3468 μεριστᾶς
3808 3389 3883 3443 καὶ

529 3471 780 3534 turbatae
809 3481 1014 3533 contra
1068 3480 1335 3532 naturam
1402 3471 1730 3533 inimicitiae
1784 3473 2170 3536 suscitantur.

524 3565 824 3631 Adversus
847 3572 1042 3628 autem
1068 3565 1328 3644 zequales
1351 3563 1581 3639 dicit,iJ
1607 3575 1704 3626 est
1722 3565 2032 3626 hominum
2062 3564 2172 3626 ad-

528 3672 732 3717 versus
759 3654 1054 3715 homines.
1092 3653 1250 3716 Illud
1283 3661 1480 3715 autem
1517 3655 1658 3713 210
1686 3653 1758 3714 ad
1790 3653 1849 3714 id
1873 3655 2035 3731 quod
2068 3673 2169 3717 se-

527 3744 786 3807 cundum
818 3751 1089 3805 naturam
1123 3754 1238 3816 est,
1267 3742 1326 3804 id
1357 3742 1539 3804 estad
1568 3743 1813 3824 bonum;
1843 3745 2167 3805 humanum

527 3834 686 3895 enim
716 3833 936 3895 bonum
969 3851 1147 3894 omne
1195 3841 1284 3894 est
1315 3832 1648 3894 secundum
1692 3841 1983 3907 naturam,
2019 3833 2172 3896 sicut

530 3923 748 3984 malum
783 3931 990 3984 contra
1019 3929 1316 3984 naturam.
1342 3920 1452 3982 Vel
1481 3928 1658 3983 etiam
1692 3924 1977 4001 aequalem
2000 3932 2170 3987 vocat

528 4009 799 4091 ejusdem
831 4018 1056 4072 natura;
1088 4009 1416 4084 hominem,
1452 4009 1576 4071 sive
1607 4012 1964 4090 proximum.

607 4099 637 4177 §
669 4100 770 4160 lX.
807 4096 972 4158 Hanc
998 4097 1201 4178 itaque
1232 4098 1610 4177 conjunctam
1659 4099 1837 4161 vitam
1897 4100 2166 4162 salutatio

528 4187 741 4262 sancit,
775 4186 915 4248 dum
948 4187 1143 4248 simile
1188 4187 1246 4247 in
1297 4187 1478 4248 simili
1525 4188 1798 4264 collocat,
1855 4198 1915 4252 et
1972 4189 2170 4252 divina

449 4307 462 4317 -
524 4275 952 4354 individuaque
1007 4294 1040 4337 a
1099 4275 1353 4337 dividuis
1410 4277 1803 4358 humanisque
1883 4279 2167 4345 secernit.

525 4365 598 4428 Et
655 4365 744 4428 sic
801 4365 1045 4442 quidem
1105 4367 1329 4446 hasque
1386 4367 1460 4428 ob
1514 4383 1722 4429 causas
1752 4369 1816 4429 tit
1844 4369 2166 4447 salutatio;

527 4459 857 4522 tabularum
887 4477 1023 4521 vero
1048 4460 1319 4521 recitatio
1343 4459 1703 4540 depraedicat
1745 4480 1846 4524 eos
1875 4462 1976 4544 qui
2032 4481 2166 4524 san-

526 4557 620 4611 cte
676 4550 1243 4630 vixerunt,quinimo
1296 4551 1472 4612 etiam
1524 4553 1788 4613 viventes
1833 4553 2048 4615 excitat
2088 4553 2166 4614 ad

525 4639 895 4721 ejuscemodi
915 4639 1376 4716 aemulationem;
1409 4659 1525 4701 non
1547 4643 1704 4703 enim
1733 4651 1970 4704 sanctos
1997 4643 2167 4722 quasi

524 4737 789 4792 mortuos
811 4727 1120 4810 habemus,
1147 4731 1250 4790 sed
1279 4738 1340 4790 ut
1357 4729 1620 4793 viventes
1651 4732 1827 4793 vitam
1853 4732 2161 4794 meliorem

2258 3471 2415 3529 πάλιν
2443 3475 2789 3530 καταπίπτειν
2821 3473 3095 3549 ἐπιθυμίας
3129 3474 3180 3541 ἐξ
3236 3479 3310 3534 ὧν
3367 3477 3586 3542 πάντως
3647 3478 3883 3554 δημιουρ·

2255 3569 2467 3646 γοῦνται
2522 3565 2574 3618 αἱ
2628 3561 2888 3638 ἐμπαθεῖς
2950 3562 3235 3644 ἀπέχθειαι
3293 3568 3426 3644 πρὸς
3461 3569 3526 3625 τὸ
3559 3568 3701 3626 κατὰ
3729 3567 3881 3646 φύσιν,

2257 3645 2550 3727 Ὀμοειδετς
2609 3650 2663 3708 δὲ
2721 3651 2864 3732 λέγει
2923 3653 3118 3717 ταύτας
3177 3656 3252 3720 ὡς
3313 3655 3610 3734 ἀνθρώπων
3653 3645 3780 3735 πρὸς
3808 3655 3880 3711 ἀν·

2253 3743 2515 3820 θρώπους,
2577 3743 2648 3800 Τὸ
2705 3739 2760 3797 δὲ
2818 3743 2950 3820 πρὸς
3008 3745 3068 3800 τὸ
3122 3745 3260 3801 κατὰ
3317 3747 3494 3826 φύσιν,
3584 3749 3648 3803 τὸ
3717 3747 3885 3824 ἀγαθὸν

2254 3829 2520 3899 δηλονότι·
2583 3837 2687 3888 πᾶν
2733 3831 2833 3910 γὰρ
2889 3831 3214 3912 ἀνθρώπινον
3270 3834 3469 3914 ἀγαθὸν
3527 3837 3674 3893 κατὰ
3729 3836 3882 3917 φύσιν,

2253 3924 2327 3986 ὡς
2358 3923 2418 3979 τὸ
2447 3922 2609 3979 κακὸν
2639 3923 2782 4000 παρὰ
2811 3921 2986 4000 φύσιν,
3043 3921 3136 3980 "EI
3169 3924 3276 4000 μὴν
3307 3925 3398 3981 τὸν
3429 3924 3663 4001 ὁμοειδῆ
3695 3927 3779 3983 καὶ
3805 3925 3886 3991 τῆς

2253 4011 2417 4080 αὐτῆς
2447 4011 2651 4090 φύσεως
2677 4010 2970 4089 ἄνθρωπον,
3005 4009 3184 4070 είτουν
3213 4015 3304 4071 τὸν
3340 4014 3599 4083 πλησίον.

2333 4103 2481 4174 51X.
2537 4101 2745 4168 Ταύτην
2803 4100 2892 4156 οὖν
2948 4102 3044 4170 τὴν
3104 4103 3301 4160 ἑνιαίαν
3359 4105 3506 4176 ζωὴν
3563 4107 3595 4163 ὁ
3626 4105 3887 4179 ἀσπασμὸς

2253 4193 2554 4270 νομοθετεῖ,
2611 4188 2851 4268 ἐνιδρύων
2908 4196 2985 4265 τῷ
3043 4193 3208 4267 ὁμοίῳ
3266 4195 3326 4249 τὸ
3389 4193 3611 4274 ὅμοιον,
3647 4197 3735 4252 καῖ
3766 4193 3886 4250 ἄπο-

2253 4277 2572 4336 διαστέλὶων
2601 4279 2666 4336 τοὶ
2687 4285 2807 4336 θεῖα
2835 4281 2922 4337 καὶ
2980 4282 3155 4339 ἐνιαϊα
3211 4283 3318 4339 τῶν
3372 4287 3615 4361 μερικῶν
3677 4286 3765 4341 καὶ
3815 4283 3891 4338 ἆν-

2408 4372 2417 4392 ν
2728 4371 2742 4390 \
2978 4371 2995 4390 \
3110 4371 3123 4392 ν
3489 4373 3516 4394 η
3736 4376 3750 4396 ς
3823 4370 3878 4390 ~-

2251 4374 2544 4447 θρωπινων,
2650 4380 2745 4428 Και
2815 4372 2842 4426 ὁ
2934 4393 3032 4446 μεν
3101 4374 3379 4448 ασπασμδς
3456 4396 3588 4431 ουτο
3663 4397 3752 4432 και
3819 4389 3891 4427 om

2249 4467 2432 4517 ταῦτα’
2467 4462 2501 4528 ἡ
2536 4458 2590 4515 δὲ
2620 4464 2724 4516 τῶν
2758 4463 2978 4540 πτυχῶν
3018 4460 3302 4540 ἆνάῤῥησις
3360 4465 3724 4536 ὰνακηρύττει
3782 4463 3894 4524 τοὺς

2248 4547 2569 4626 βεϐιωκότας
2629 4550 2807 4629 ὁσίως,
2866 4554 2925 4609 ού
2983 4551 3089 4626 μὴν
3120 4549 3197 4630 δὲ,
3251 4551 3392 4608 ἀλλὰ
3420 4554 3508 4608 καὶ
3543 4555 3675 4617 τοὺς
3706 4553 3891 4623 ζῶντας

2247 4639 2484 4718 διεγείρει
2515 4642 2587 4705 εἰς
2619 4641 2710 4695 τὸν
2751 4661 2841 4696 το)
2871 4641 3055 4716 ὁμοίου
3095 4641 3282 4713 ζῆλον·
3327 4640 3442 4703 οὐδὲ
3502 4645 3617 4720 γὰρ
3678 4646 3754 4708 ὼς
3809 4662 3895 4697 τε·

2249 4727 2606 4799 λευτήσαντας
2660 4728 2858 4808 ἔχομεν
2909 4734 3029 4794 τοὺς
3100 4730 3304 4810 ἁγίους,
3377 4729 3498 4788 ἀλλ’
3577 4735 3657 4798 ὡς
3710 4737 3894 4803 ζῶντας

523 4827 700 4898 atque
725 4819 1174 4898 sempiternam.
1208 4819 1438 4899 Accipit
1465 4831 1664 4882 autem
1701 4821 1810 4882 hoc
1873 4839 1943 4882 ex
1991 4820 2164 4883 Salo-

2255 4819 2523 4899 κρείττονα
2578 4819 2722 4889 ζωὴν
2780 4821 2865 4875 καὶ
2923 4818 3117 4880 ἀίδιον.
3180 4817 3451 4895 Λαμϐάνει
3511 4820 3574 4878 δὲ
3635 4829 3795 4880 τοῦτο
3847 4818 3898 4875 tr.

523 4926 703 4971 mone
724 4907 995 4971 dicente;
1035 4905 1200 4969 Justi
1240 4911 1306 4970 in
1352 4917 1704 4989 perpetuum
1749 4912 2034 4991 vivunt';
2099 4929 2170 4973 ex

521 4997 708 5060 sacris
756 4997 1126 5076 Evangeliis:
1165 5000 1285 5074 Qui
1338 5000 1534 5061 credit
1583 5001 1656 5061 in
1713 5017 1827 5077 me,
1883 5002 2067 5063 etiam
2111 5003 2168 5063 si

520 5094 792 5151 mortuus
843 5087 1057 5168 fuerit,
1114 5090 1272 5151 vivet
1295 5097 1337 5148 '.
1397 5090 1530 5151 Non
1585 5089 1779 5150 solum
1827 5091 2027 5172 itaque
2059 5109 2167 5154 nos

518 5185 857 5241 sanctorum
888 5177 1250 5240 mentionem
1305 5177 1575 5252 facimus,
1610 5197 1814 5241 verum
1851 5180 2026 5242 etiam
2058 5182 2167 5242 hos

517 5267 735 5330 divinae
763 5267 1069 5330 memorias
1113 5257 1490 5330 exhibemus.
1549 5271 1690 5331 Post
1741 5269 1866 5331 haec
1926 5289 2166 5352 quoque

515 5356 664 5420 dicit
690 5357 989 5438 quomodo
1020 5355 1220 5418 divina
1278 5357 1380 5419 ﬁat
1437 5362 1966 5423 commemoratio:
2003 5361 2162 5441 quod

515 5447 675 5509 enim
704 5448 765 5508 in
795 5446 1104 5529 prophetis
1127 5445 1384 5511 dicitur:
1440 5446 1784 5512 Meminisse
1805 5466 2005 5512 coram
2035 5449 2157 5514 Do-

593 5643 609 5668 '
639 5637 784 5717 Sap.
831 5656 891 5715 v,
932 5638 1034 5701 16.
1119 5653 1138 5682 ε
1165 5636 1339 5702 Joan.
1378 5655 1457 5712 x1,
1487 5638 1588 5702 25.

2250 4907 2621 4984 Σολομῶντος·
2681 4917 2909 4984 Δικαιοι,
2970 4909 3240 4986 λέγοντος,
3304 4912 3378 4975 είς
3406 4911 3499 4966 τὸν
3540 4913 3722 4969 αἰῶνα
3759 4917 3895 4985 ζῶσι,

2250 5001 2336 5056 καὶ
2386 4999 2492 5056 ἀπὸ
2561 5003 2667 5056 τῶν
2736 4999 2889 5077 ἱερῶν
2963 4998 3317 5077 Εὔαγγελίων·
3383 4999 3444 5057 Ὀ
3497 5002 3782 5059 πιστεύων
3834 4999 3897 5061 εἷς

2251 5089 2369 5165 ἐμὲ,
2430 5088 2526 5146 κᾶν
2575 5087 2837 5165 ἀποθάνῃ,
2899 5087 3141 5158 ζήσεται,
3205 5087 3292 5156 Μὴ
3351 5089 3514 5164 μόνον
3585 5097 3723 5169 γοῦν
3754 5093 3900 5166 ἡμεῖς

2249 5185 2354 5236 τῶν
2385 5179 2541 5237 ὁσίων
2577 5178 3004 5255 μνημονεύομεν,
3064 5176 3203 5234 ἀλλᾶ
3255 5177 3342 5233 καὶ
3373 5179 3439 5247 τῇ
3469 5185 3566 5236 τοῦ
3603 5186 3744 5237 Θεοῦ
3771 5199 3900 5256 μνη·

2248 5269 2450 5346 μοσύνῃ
2482 5269 2699 5332 τούτους
2730 5268 3059 5332 ἂνατίθεμεν.
3121 5267 3269 5324 Μετὰ
3321 5274 3506 5349 ταῦτα,
3573 5273 3678 5328 καὶ
3735 5269 3904 5336 πῶςῆ

2244 5361 2354 5417 θεία
2385 5361 2576 5436 μνήμη
2629 5359 2854 5437 γίνεται,
2887 5356 3058 5436 λέγει’
3098 5359 3161 5413 τὸ
3196 5357 3295 5434 γὰρ
3325 5354 3631 5434 λεγόμενον
3667 5359 3728 5414 ἰν
3790 5379 3908 5437 upo-

2244 5452 2463 5528 φήταις,
2522 5446 2856 5525 Ἀναμνῆσαι
2913 5445 3140 5506 ὁνώπιον
3204 5447 3415 5526 Κυρίου,
3482 5451 3596 5528 οὐχ
3661 5448 3835 5513 οὕτως
3862 5444 3911 5502 ει
