4028 6192
187 355 297 422 465
652 359 751 420 DE
794 357 1091 419 ECGLES.
1142 354 1592 432 HIERARCH.,
1637 353 1801 415 CAP.
1851 352 1964 414 IIl.
2011 384 2087 395 --
2132 353 2520 414 PARAPHR.
2573 351 3088 416 PACHYMERE.
3457 353 3574 419 466

188 507 346 568 νοεῖν,
382 495 458 558 ὡς
507 499 608 560 τῆς
640 514 858 569 μνημης
916 494 1008 550 τοῦ
1062 501 1194 550 Θεοῦ
1225 493 1612 569 ἆνανεουμὲνης
1645 494 1699 547 ἓν
1753 511 1779 544 τ

1977 486 2092 562 ino,
2129 503 2247 548 non
2279 487 2360 550 ita
2388 486 2870 566 intelligendum,
2904 489 3078 566 quasi
3110 488 3222 553 Dei
3281 490 3568 553 memoria

189 585 440 663 φαντασίᾳ
492 591 585 640 τοῦ
635 582 971 660 ἄγεμονικοῦ,
1007 581 1135 661 ὅπερ
1179 583 1264 640 ἐπὶ
1302 591 1408 640 τῶν
1448 584 1600 660 σαρκὶ
1654 601 1780 652 προσ

1974 577 2298 637 :noveturin
2318 577 3249 660 phantasiaamemorativa,quod
3264 580 3565 643 mentibus

188 671 476 747 δεδεμένων
547 677 764 749 νοερῶν,
838 672 981 732 τοῦτ’
1062 671 1204 730 ἔστιν
1277 673 1453 752 ἡμῶν,
1527 669 1775 746 συμϐαίνε

1971 666 2078 727 trni
2115 665 2386 743 alligatis,
2421 666 2477 727 id
2511 674 2601 728 est
2646 665 2842 747 nobis,
2879 687 2987 729 usu
3031 668 3232 746 venit;
3264 669 3371 731 sed
3403 669 3562 751 quod

188 760 315 818 ἀλλὰ
347 763 542 836 μνήμη
588 769 720 820 Θεοῦ
773 760 985 840 λέγοιτο
1030 760 1092 818 ἂν
1151 763 1368 826 εἰκότως
1412 764 1446 831 ἡ
1482 767 1674 837 γνῶσις
1732 781 1779 815 τι

1973 755 2200 817 emoria
2215 755 2322 817 Dei
2344 763 2507 819 recte
2526 755 2757 820 dicatur
2780 758 2884 820 Dei
2900 757 3168 834 scientia,
3196 777 3312 840 qua
3332 778 3557 840 cogno-

189 857 335 931 Θεοῦ,
389 848 508 906 καθ’
568 854 633 919 ἦν
691 853 936 928 γινώσκει
994 852 1114 917 τοὺς
1173 850 1429 926 τελείους,
1475 847 1726 913 θεοειδεῖς
1771 849 1780 904 l

1970 846 2025 907 it
2041 864 2140 906 eos
2162 845 2262 926 qui
2279 845 2524 925 perfecti
2541 854 2700 920 sunt,
2728 845 3049 909 deiformes
3077 847 3216 911 inse
3237 848 3423 912 factos
3453 867 3561 931 per

187 941 320 1013 αὗτῷ
376 939 724 1017 γιγνομένους
786 937 852 996 δι’
909 939 1151 1019 ἐναρέτου
1207 941 1343 1020 βίου,
1380 943 1465 997 διαὶ
1508 938 1778 1006 ἀξιωθέντι

1969 945 2079 996 tam
2110 933 2425 996 virtutibus
2477 934 2792 1016 illustrem,
2827 936 3155 1018 dignosque
3208 938 3463 1017 habitos,
3494 946 3560 1002 ut

185 1036 273 1096 τῆς
337 1028 697 1100 ἀνεπιλήστου
746 1030 864 1108 περὶ
923 1030 1094 1087 αὐτῶν
1137 1031 1408 1108 γνώσεως,
1453 1030 1626 1091 καθὼς
1683 1051 1776 1106 παρ

1963 1024 2191 1085 arennis
2241 1041 2447 1086 eorum
2491 1027 2781 1088 memoria
2833 1044 2940 1088 seu
2984 1026 3190 1089 notitia
3241 1029 3554 1105 habeatur,

188 1120 362 1175 ιστῶαι
415 1120 504 1175 καὶ
561 1121 624 1175 τὰ
695 1119 1049 1198 παρατεθέντα
1103 1124 1223 1176 θεῖα
1294 1121 1452 1197 ῥητάθ
1528 1121 1710 1194 Τίμιος
1768 1116 1779 1173 ί

1960 1112 2407 1175 uemadmodum
2451 1114 2652 1176 divina
2681 1135 2918 1195 quoque
2949 1117 3193 1178 oracula
3226 1125 3510 1182 testantur
3536 1140 3551 1183 :

186 1208 429 1265 ἐναντίων
514 1211 700 1287 Κυρίου
772 1211 800 1264 6
869 1215 974 1264 τῶν
1041 1210 1198 1266 ὁσίων
1268 1210 1513 1284 θάνατος,
1575 1211 1633 1266 οὗ
1702 1218 1777 1264 καί

1963 1206 2186 1266 retiosa
2217 1206 2284 1264 in
2312 1212 2632 1284 conspectu
2667 1203 2912 1267 Domini
2943 1223 3110 1288 mors
3139 1214 3494 1272 sanctorum
3515 1221 3553 1291 ι,

186 1296 424 1361 ὃᾶπλῶς
469 1298 689 1363 θάνατος
747 1300 833 1354 καὶ
889 1296 1138 1369 διάζευξις
1177 1303 1362 1378 ψυχῆς
1395 1298 1501 1355 ἀπὸ
1545 1298 1777 1372 σώματοι

1968 1291 2114 1354 ιη’ίη
2147 1299 2434 1373 quantum
2487 1293 2844 1374 simpliciter
2876 1312 3036 1357 mors
3087 1305 3199 1372 est,
3234 1305 3293 1358 et
3343 1298 3559 1361 anima;

188 1385 316 1442 ἁλλὰ
374 1388 557 1444 καθότι
585 1389 630 1444 οἱ
687 1391 823 1446 θεῖοι
853 1386 1034 1464 ἄνδρες
1090 1386 1410 1445 τελειοῦνται
1455 1387 1507 1446 ἐν
1553 1386 1779 1454 ὁσιότητι

1983 1400 2231 1462 corpore
2295 1383 2613 1463 separatio,
2669 1384 2774 1446 sed
2843 1392 3135 1465 quatenus
3194 1386 3377 1449 divini
3445 1386 3556 1448 viri

188 1478 363 1556 ὥσπερ
407 1476 634 1554 λέγομεν
667 1479 754 1534 καὶ
811 1477 986 1549 τιμίαν
1030 1474 1233 1553 ἅλυσιν,
1267 1479 1327 1535 οὗ
1375 1476 1490 1535 καθ’
1547 1478 1709 1546 αὐτὴν
1756 1501 1779 1534 τ

1961 1477 2287 1534 ιδειῐιοιὶιδιο
2303 1481 2809 1548 consummantur;
2833 1474 3179 1537 sicutetiam
3196 1474 3552 1539 vinctionem

186 1568 358 1640 τίμιον
413 1565 666 1647 ἔχουσαν,
701 1565 837 1623 ἀλλὰ
868 1565 1000 1623 διότι
1046 1567 1320 1645 περιετέθη
1351 1567 1481 1646 ὑπὲρ
1513 1567 1671 1634 αὐτῆς
1728 1566 1777 1623 τί

1958 1561 2227 1622 retiosam
2261 1561 2538 1637 dicimus,
2575 1582 2692 1625 non
2729 1563 2886 1644 quod
2922 1581 3027 1644 per
3071 1583 3137 1628 se
3167 1565 3426 1646 pretiosa
3452 1565 3549 1646 sit,

187 1653 450 1720 εὗσεϐείας
499 1662 576 1712 τῶ
618 1656 929 1732 κηρύττοντι
985 1656 1084 1723 την
1141 1654 1429 1718 εὐσέϐειαν,
1494 1657 1725 1714 Κάκεϊνο
1773 1656 1778 1708 ἑ

1961 1650 2015 1711 ad
2055 1650 2209 1730 quod
2244 1667 2348 1729 pro
2402 1651 2694 1730 religione
2749 1653 3044 1733 applicata
3072 1655 3148 1716 sit
3201 1654 3552 1734 religionem

187 1747 241 1802 τὸ
282 1752 392 1814 τῆς
449 1747 582 1823 πρὸς
637 1748 728 1802 τὸν
789 1746 1016 1823 Χριστὸν
1084 1744 1322 1811 ἐνώσεως
1379 1743 1667 1825 ἀδιαίρετον
1722 1749 1778 1802 τι]

1963 1739 2279 1803 Γωᾶὶοδηιὶ.
2325 1739 2476 1813 Quin
2511 1749 2570 1802 et
2597 1742 2712 1803 hoc
2772 1761 3006 1823 quoque
3034 1752 3371 1809 sanctorum
3419 1761 3554 1808 cum

185 1835 349 1913 ἁγίων
416 1835 754 1907 παρίστησιν,
792 1833 872 1890 ὅτι
915 1840 1020 1891 τῶν
1065 1835 1254 1908 τιμίων
1314 1831 1520 1912 δωρεῶν
1563 1833 1776 1890 ὲπιτεθει

1965 1829 2143 1890 hristo
2172 1829 2452 1892 unionem
2493 1832 2809 1913 signiﬁcat,
2845 1833 3004 1913 quod
3034 1834 3318 1915 appositis
3347 1852 3556 1897 mune-

187 1925 314 1999 σῶν,
349 1921 677 1989 ἆδιαστάτως
729 1925 763 1992 ἡ
796 1930 900 1980 τῶν
932 1924 1207 1999 ὀνομάτων
1237 1920 1549 2002 ἀνακήρυξις
1601 1922 1778 2001 γίνετα

1964 1918 2075 1980 bus
2093 1918 2367 1999 pretiosis
2388 1920 2660 2000 protinus
2681 1940 2918 2002 quoque
2935 1923 3176 1986 nomina
3200 1924 3551 1987 recitentur.

261 2017 290 2092 ἕ
330 2021 398 2074 Χ.
461 2013 673 2072 Τούτων
722 2013 810 2070 οὖν
851 2013 1172 2092 γεγονότων.
1211 2015 1446 2070 νίπτεται
1477 2013 1572 2076 τὰς
1631 2025 1824 2093 χεῖρας

1986 2007 2016 2088 §
2042 2010 2091 2071 Χ
2141 2008 2247 2071 His
2277 2008 2474 2090 itaque
2507 2011 2779 2090 paractis,
2809 2020 3006 2074 astans
3036 2031 3236 2075 coram
3267 2013 3554 2095 symbolis

186 2108 210 2162 ὃ
249 2106 511 2183 ἱεράρχης
545 2102 837 2181 ἔμπροσθεν
877 2102 983 2158 τῶν
1009 2105 1163 2180 ἱερῶν
1193 2099 1472 2176 συμϐόλων
1523 2102 1712 2174 ἑστὼς,
1737 2124 1777 2158 x:

1960 2098 2217 2160 ierarcha
2236 2117 2446 2161 manus
2467 2099 2676 2182 abluit,
2701 2108 2892 2164 etuna
2918 2120 3054 2165 cum
3069 2103 3199 2184 ipso
3216 2123 3427 2167 omnes
3449 2121 3551 2167 sa-

185 2195 298 2271 μετ’
363 2199 523 2253 αὖτοῦ
579 2193 808 2255 ἅπαντες
842 2194 889 2249 οἱ
940 2191 1125 2271 ἱερεῖς,
1161 2192 1224 2248 Ἦ
1269 2191 1325 2246 δὲ
1371 2196 1472 2258 τῆς
1529 2190 1776 2258 συντάξειι

1962 2188 2411 2252 :rdotesLectio
2425 2191 2890 2253 constructionis
2904 2191 3078 2271 hujus
3105 2192 3425 2274 hyperbato
3447 2211 3553 2256 seu

184 2285 478 2361 ἀνάγνωσις
523 2281 638 2338 καθ’
681 2278 971 2358 ὑπερϐατόν
1029 2281 1192 2355 ἐστιν,
1227 2281 1304 2338 ὅτι
1355 2281 1453 2357 μὲν
1509 2280 1596 2337 οὖν
1654 2283 1682 2337 6
1723 2280 1775 2337 λε

1965 2279 2378 2356 ansgressione
2436 2287 2686 2355 constat,
2719 2281 2877 2362 quod
2934 2280 3216 2344 nimirum
3246 2284 3348 2364 qui
3400 2284 3555 2346 lotus

184 2372 438 2447 λουμέθος
480 2375 543 2431 οὗ
591 2369 782 2451 χρῇζει
841 2371 1216 2428 ἀπονίπτεσθαι
1272 2369 1424 2449 ἓτερα
1467 2370 1626 2448 μέρη,
1657 2371 1700 2427 εἰ
1743 2394 1775 2446 μ

1961 2375 2020 2442 il,
2056 2386 2174 2428 non
2233 2385 2380 2448 opus
2429 2367 2645 2429 habeat
2687 2369 2934 2431 aliorum
2995 2373 3398 2434 membrorum
3457 2372 3552 2434 lo-

185 2465 245 2519 τέι
291 2462 431 2539 ἄκρα
461 2462 549 2518 καὶ
579 2463 646 2517 τὰ
696 2460 923 2540 ἔσχατα·
961 2459 1050 2540 ἀφ’
1091 2463 1157 2528 ἦς
1187 2459 1254 2528 δη
1303 2461 1604 2536 ἆπονίψεως
1634 2459 1688 2516 ἓν
1720 2483 1776 2517 ιια

1960 2469 2090 2530 one,
2140 2475 2319 2533 quam
2378 2456 2779 2520 summitatum
2845 2477 2954 2521 seu
3009 2461 3447 2523 extremitatum
3503 2473 3551 2542 π,

185 2556 306 2630 Θαρᾷ
363 2551 468 2616 ἕξει
522 2550 830 2627 γενόμενος,
879 2549 1144 2630 ἄχραντον
1199 2550 1487 2619 ποιήσεται
1534 2550 1635 2616 τὴν
1693 2551 1776 2628 πρὶ

1997 2564 2113 2624 qua
2143 2546 2347 2625 utique
2408 2547 2628 2609 lotione
2687 2567 2897 2628 purum
2947 2548 3214 2612 habitum
3260 2569 3554 2614 consecu-

183 2644 267 2697 τὸν
299 2641 437 2696 Θεὸν
480 2639 830 2718 ἐπιστροφὴν,
865 2643 880 2658 ⁸
941 2642 969 2696 6
1010 2641 1146 2718 ἱερὸς
1177 2638 1372 2719 λουτὴρ
1403 2642 1430 2696 6
1461 2638 1514 2696 ἐν
1544 2641 1619 2698 τῶ
1678 2640 1774 2714 νόμ

1964 2653 2028 2714 ιε,
2061 2634 2496 2696 immaculatam
2535 2637 2711 2699 faciet
2741 2637 2814 2699 ad
2855 2641 3045 2702 Deum
3077 2641 3555 2719 conversionem,

187 2730 488 2808 εἰρημένος,
534 2730 622 2784 καὶ
671 2731 706 2798 ἡ
765 2737 851 2788 νῦν
899 2729 1156 2804 ἀπόνιψις
1202 2735 1306 2785 τῶν
1359 2734 1579 2808 χειρῶν,
1627 2726 1778 2796 δηλοῖ

1966 2723 1993 2784 .i
2025 2741 2259 2785 sacrum
2305 2723 2632 2805 lavacrum,
2667 2725 2744 2787 de
2776 2745 2894 2805 quo
2938 2732 2997 2788 in
3032 2729 3158 2808 lege
3195 2729 3414 2792 dictum
3444 2738 3557 2810 est,

185 2827 333 2878 τοῦτο
395 2819 496 2898 γάρ
553 2819 663 2875 ἔστι
719 2818 780 2874 τὸ
843 2820 1224 2876 ὅπαινίσσεται.
1281 2817 1376 2884 Ὠς
1421 2819 1521 2897 γὰρ
1579 2821 1606 2875 6
1665 2819 1776 2894 νόμι

1970 2860 1971 2866 η
2001 2811 2126 2873 haec
2152 2831 2432 2874 manuum
2463 2813 2608 2874 lotio
2627 2813 2908 2877 declarat.
2943 2816 3068 2879 Hoc
3091 2817 3252 2880 enim
3287 2819 3561 2900 estquod

187 2909 308 2989 εἶχε
354 2909 612 2986 λουτῆρα,
646 2907 813 2972 οὕτως
850 2907 1071 2965 ἒνταῦθα
1102 2910 1135 2977 ἡ
1180 2908 1431 2984 ἀπόνιψις
1463 2908 1662 2986 γίνεται
1720 2913 1778 2963 τι]

1978 2902 2268 2965 sinuatur.
2293 2900 2806 2973 Quemadmodum
2833 2909 2915 2966 2|
2935 2909 2964 2967 Ι
3003 2907 3162 2969 enim
3184 2908 3276 2969 lex
3304 2907 3563 2970 habebat

188 3005 407 3078 χειρῶν.
474 2989 533 3054 Ὀ
587 2995 642 3053 δὲ
700 2998 850 3075 ἅγιος
905 2997 993 3054 καὶ
1036 2999 1098 3053 τὸ
1150 2998 1242 3063 τὰς
1303 3011 1497 3077 χεῖρας
1559 2997 1779 3054 νίπτεσθς

1972 3008 2234 3065 vacrum,
2260 2993 2340 3052 sic
2355 2991 2518 3052 etbic
2532 2991 2595 3054 tit
2619 3011 2899 3056 manuum
2924 2995 3166 3058 ablutio.
3195 3000 3307 3060 Hic
3328 3006 3563 3060 sanctus

187 3087 387 3164 ἀνάγειν
425 3084 675 3154 δηλοῦται
732 3088 833 3166 γὰρ
883 3087 1115 3147 ἐντεῦθεν
1144 3089 1177 3156 ἡ
1225 3085 1388 3168 μέχρι
1432 3092 1538 3143 τῶν
1581 3086 1778 3165 ἔσχατιε

2057 3099 2112 3142 m
2129 3099 2406 3142 manuum
2425 3082 2707 3144 lotionem
2723 3084 2986 3165 adducit,
3010 3087 3148 3167 quia
3169 3087 3309 3151 hinc
3331 3105 3566 3169 quoque

186 3177 451 3255 ἀκροτάτη
481 3178 752 3248 κάθαρσις·
803 3176 1010 3257 ἔσχατα
1065 3179 1283 3255 γὰρκαὶ
1327 3175 1460 3254 ἄκρα
1489 3186 1582 3235 τοῦ
1637 3177 1777 3252 σώμσ

1975 3189 2041 3231 tm
2053 3189 2142 3231 ma
2163 3171 2603 3233 extremitatum
2632 3174 2884 3254 expiatio
2899 3175 3566 3254 designatur;siquidem

185 3287 268 3331 τος
302 3270 353 3323 αἱ
400 3267 585 3346 χεῖρές
615 3268 735 3328 εἱσι,
774 3267 872 3322 Διὰ
900 3273 1059 3323 τοῦτο
1089 3268 1187 3344 γὰρ
1213 3266 1358 3345 λέγει
1387 3267 1472 3322 καὶ
1502 3268 1563 3322 τὸ
1607 3265 1775 3344 "on

1980 3279 2124 3322 anus
2150 3269 2287 3322 sunt
2311 3262 2578 3340 corporis
2603 3263 2971 3327 summitates
2997 3284 3102 3329 seu
3135 3267 3571 3332 extremitates.

184 3377 268 3419 τος
300 3356 476 3429 ἔσται,
513 3352 755 3421 δηλονότι
788 3352 1072 3428 ἀπόλυτος,
1106 3356 1176 3417 ὡς
1209 3356 1286 3430 μὴ
1319 3357 1386 3430 τῇ
1435 3353 1614 3421 ἥττονι
1645 3354 1775 3431 ἀίωπ

1987 3366 2150 3411 cu‘co
2177 3350 2350 3411 etiam
2380 3350 2523 3412 dicit
2553 3352 2746 3430 ipsum
2782 3353 3037 3416 liberum
3067 3355 3354 3430 futurum,
3386 3357 3448 3418 id
3483 3366 3576 3420 est

182 3447 264 3500 καὶ
309 3442 538 3501 διαθέσει
575 3444 956 3523 συνεχόμενος,
994 3446 1050 3501 Εἰ
1083 3445 1180 3521 γὰρ
1219 3445 1307 3500 καὶ
1337 3445 1427 3508 τὰς
1461 3443 1697 3523 ἐσχάτας
1728 3447 1773 3499 1i

1985 3437 2286 3517 peditum,
2311 3448 2376 3502 ut
2406 3439 2504 3519 qui
2540 3440 2702 3502 nulla
2733 3441 3003 3506 inferiori
3039 3445 3492 3508 conversatione
3515 3456 3576 3510 et

182 3540 360 3615 ψυχῆς
425 3534 715 3614 φαντασίας
760 3534 1200 3613 καθαρθήσονται,
1235 3533 1598 3613 φανερωτέρας
1657 3531 1773 3597 ἕξου

1984 3527 2296 3589 lectatione
2310 3529 2974 3594 detineatur.Exlremis
2991 3536 3148 3594 enim
3167 3535 3380 3596 animm
3397 3536 3575 3614 phan-

179 3627 270 3690 τὰς
313 3625 650 3704 θεοφανείας,
705 3629 812 3680 τῶν
849 3625 1218 3704 ὑπερκοσμίων
1261 3627 1348 3681 καὶ
1405 3626 1556 3681 θείων
1615 3645 1770 3700 μαρμι

1981 3618 2072 3704 siis
2090 3616 2309 3704 expiati
2331 3617 2684 3679 clarioribus
2705 3638 2940 3701 quoque
2973 3622 3074 3684 Dei
3097 3623 3572 3703 apparitionibus

180 3721 350 3793 ρυγῶν
422 3701 672 3793 ἐφιέντων
743 3713 880 3793 (ἀντὶ
954 3701 1052 3772 V106
1121 3712 1389 3794 ἐφιεισῶν)
1466 3714 1562 3782 τὴν
1631 3713 1771 3769 οἷκείς

1981 3701 2875 3794 udebunt,supermundialibus
2895 3710 3024 3771 istis
3046 3701 3382 3790 divinisque
3399 3730 3570 3775 coru-

182 3791 382 3881 αϊγλην
419 3791 491 3866 εἰς
543 3802 643 3869 τὴν
693 3805 799 3859 τῶν
857 3802 1116 3877 ὁμοειδῶν
1173 3804 1306 3859 κατὰ
1336 3803 1497 3882 χάριν
1557 3803 1773 3882 ἐσόπτριι

1974 3791 2273 3856 ationibus
2298 3801 2356 3855 et
2371 3795 2704 3858 consimilis
2718 3798 2941 3877 speciei
2961 3799 3563 3880 specula,secundum

179 3897 441 3971 ἂγλαῖαν.
506 3890 822 3968 ’Ἐσοπτρας
855 3890 910 3948 δὲ
953 3891 1098 3969 λέγει
1129 3892 1223 3956 τὰς
1271 3898 1376 3949 τῶν
1408 3893 1571 3971 ἁγίων
1619 3892 1770 3971 ψυχὰ

1983 3882 2394 3962 atiam,lumen
2419 3903 2592 3946 suum
2627 3885 3039 3950 evibruntibus
3059 3891 3342 3970 (ἐφιέντων
3365 3891 3574 3954 dicens

178 3985 247 4046 ὼς
295 3988 394 4040 τοῦ
423 3981 566 4037 θείου
618 3984 794 4060 φωτὸς
827 3980 1086 4058 διιιτικὰς,
1120 3984 1208 4038 καὶ
1250 3987 1348 4048 τῆς
1381 3982 1677 4060 κρείττονος
1723 3981 1769 4036 λη

1990 3993 2018 4034 ο
2049 3973 2326 4054 ἒφιεισῶν,
2363 3974 2761 4036 masculinum
2815 3997 2922 4058 pro
2953 3979 3292 4053 feminino).
3325 3981 3581 4059 Specula

179 4071 306 4138 ξεως
369 4072 880 4152 ἀφομοιωματικάς.
915 4068 1222 4143 Ἀττικίζων
1273 4069 1350 4145 δὲ,
1386 4074 1460 4136 ὡς
1513 4071 1770 4138 Ἀθηναῖο

1988 4069 2111 4152 tem
2143 4061 2446 4143 appellant
2473 4072 2816 4127 sanctorum
2846 4068 3104 4140 animas,
3131 4077 3339 4150 utpote
3360 4069 3579 4133 divina;

177 4150 432 4227 συνέταξε
477 4163 538 4218 τὸ
596 4160 780 4240 ῥητὸν,
811 4161 1048 4240 φάσκων,
1083 4168 1188 4218 τῶν
1241 4167 1600 4241 μαρμαρυγῶν
1657 4159 1768 4240 ἐφιὲ

1987 4150 2066 4212 cis
2086 4170 2358 4241 capaces,
2386 4161 2445 4214 et
2466 4154 2539 4215 ad
2557 4155 2865 4218 meliorem
2895 4157 3055 4220 illam
3087 4166 3308 4221 sortem
3335 4177 3578 4240 compa-

177 4273 280 4306 των
323 4253 427 4316 τὴν
457 4252 654 4307 οἰκεὶαν
685 4249 905 4328 αἴγλην,
959 4251 1097 4308 οὕτω
1126 4253 1225 4330 γὰρ
1256 4254 1344 4308 καὶ
1388 4251 1441 4307 ἐν
1487 4254 1564 4326 τῷ
1592 4249 1641 4321 ζ’
1669 4272 1766 4329 κεφ

1984 4249 2088 4302 tas.
2126 4239 2402 4320 Loquens
2431 4251 2628 4304 autem
2666 4245 2863 4326 Alice,
2898 4255 2960 4307 ut
3002 4247 3406 4319 Atheniensis,
3443 4239 3575 4309 ver-

174 4338 307 4413 λαίῳ
364 4341 464 4408 τῆς
526 4341 774 4418 Οὖρανίου
844 4328 1148 4420 ἱεραρχίαςγ
1191 4328 1473 4416 πεποίηκε,
1531 4341 1670 4397 κατὰ

1985 4349 2058 4390 tm
2084 4331 2198 4392 hoc
2217 4331 3347 4414 construxit,dicens,coruscationibus
3369 4336 3576 4416 splen-

179 4431 381 4494 Κλυτὸς
439 4428 814 4506 Ἱπποδάμεια,
858 4432 946 4488 καὶ
991 4428 1292 4495 Ψολόέντος
1343 4429 1588 4510 ἐχίδνης.
1644 4431 1742 4486 Διὰ

1988 4437 2122 4481 trem
2163 4439 2335 4481 suum
2375 4421 2855 4498 evibrantitibus;
2892 4425 3102 4488 eodem
3133 4425 3307 4487 modo
3331 4426 3579 4489 fecitca—

172 4515 226 4574 δὲ
284 4517 608 4595 ἐπίπροσθεν
661 4525 767 4573 τῶν
823 4521 976 4594 ἱερῶν
1034 4515 1317 4593 συμϐόλων
1360 4522 1395 4588 ἡ
1463 4524 1571 4573 τῶν
1644 4517 1763 4596 ἱερέα

1986 4518 2996 4600 teseptimonlestishierarchiw,
3013 4526 3183 4603 juxta
3201 4524 3346 4586 illud
3375 4525 3577 4588 κλυτὸς

170 4586 437 4683 ἀπονιψις
502 4606 742 4683 γίνεταιτ,
781 4586 882 4671 Ως,
914 4607 1002 4663 ἐπὶ
1051 4586 1277 4682 Χριστοῦ
1333 4615 1423 4664 '06
1481 4607 1656 4672 πάσας
1693 4586 1828 4665 6'00-
1852 4586 2271 4683 1γιπποδὲίμειαι
2301 4593 2373 4684 δ’,
2414 4617 2473 4670 et
2524 4610 2826 4674 Ψολόεντος
2858 4586 3098 4692 ἐχίδνης,
3133 4614 3420 4676 Caeterum
3473 4633 3580 4678 cur

173 4702 380 4775 ρὼντος
435 4697 534 4758 τὰς
581 4698 904 4774 ἀνθρωπίνας
961 4697 1184 4772 ἐννοίας,
1215 4701 1315 4764 τῆς
1359 4696 1654 4774 ἀκροτάτης
1715 4699 1764 4774 ὁρ

1991 4711 2112 4756 ram
2137 4701 2318 4755 sacris
2341 4699 2619 4770 symbolis
2642 4699 2741 4756 illa
2775 4702 3138 4760 sacerdotum
3167 4703 3382 4760 ablutio
3414 4703 3579 4761 insti-

171 4786 412 4861 ζομὲνης
471 4789 772 4862 καθάρσεως
832 4786 887 4843 ἐν
957 4799 1076 4852 τοῖς
1147 4787 1563 4851 πανεπισκόποις
1607 4782 1760 4865 ὰκριϐ

1986 4788 2132 4850 itur?
2162 4789 2302 4869 quia
2330 4788 2615 4850 nimirum
2641 4808 2842 4852 coram
2876 4793 3134 4872 Christo,
3170 4792 3269 4872 qui
3289 4793 3577 4857 occultis-

172 4889 368 4950 σμοῖς,
429 4875 516 4930 καὶ
575 4889 698 4938 ταῖς
758 4873 1066 4941 ἀδεκάστοις
1125 4879 1311 4934 τούτου
1369 4877 1626 4952 κρίσεσιν·
1696 4875 1763 4932 οὗ·

1982 4895 2100 4938 mas
2129 4896 2396 4957 quasque
2427 4879 2721 4941 humanas
2744 4881 3134 4959 cogitationes
3162 4882 3446 4958 intuetur,
3468 4903 3573 4946 su-

173 4971 462 5043 τοιγαροῦν
514 4965 712 5029 ἐνοθεὶς
770 4968 798 5022 6
855 4969 1111 5046 ἱεραρχης
1160 4979 1279 5030 τοῖς
1338 4965 1518 5040 θείοις,
1571 4969 1764 5045 ἱερουργ

1980 4981 2116 5024 'ema
2142 4966 2235 5024 illa
2271 4967 2520 5038 expiatio
2554 4969 3071 5040 perspicacissimis
3101 4973 3571 5046 scrutationibus,

173 5057 237 5112 τὰ
280 5055 557 5117 θειότατα,
623 5056 773 5118 ¹Τίνας
818 5055 916 5130 μὶν
949 5055 1038 5112 οὖν
1094 5057 1188 5118 τὰς
1239 5057 1309 5120 εἷς
1364 5057 1507 5130 ἡμᾶς
1564 5057 1764 5133 θεουργί

1976 5056 2415 5127 tactissimisque
2443 5065 2498 5114 ct
2526 5058 2915 5130 integerrimis
2940 5061 3177 5134 judiciis
3206 5062 3524 5123 absolvitur
3555 5086 3567 5120 :

171 5144 358 5225 ραμὶν
413 5142 682 5220 (δηλονότι
753 5146 848 5208 τὰς
906 5151 999 5203 τοῦ
1063 5144 1240 5212 Ἰησοῦ
1291 5152 1384 5202 106
1441 5148 1624 5222 Κυρίου
1677 5147 1762 5220 ἡμ‹

1981 5167 2026 5208 ιο
2054 5147 2213 5208 enim
2245 5147 2418 5208 modo
2453 5147 2768 5211 bierarcha
2796 5151 3014 5213 divinis
3041 5150 3224 5215 rebus
3247 5153 3452 5216 unitus
3481 5153 3572 5215 di-

173 5241 414 5313 Χριστοῦ
466 5236 588 5313 περὶ
641 5237 788 5310 ἡμας
843 5236 1115 5310 προνοίας,
1178 5235 1240 5297 ἃς
1303 5234 1389 5291 ἐπὶ
1447 5234 1681 5312 σωτηρίᾳ
1740 5256 1764 5290 τ

1973 5236 2223 5298 nissima
2251 5245 2566 5299 consecrat
2588 5240 2888 5320 mysteria.
2927 5242 3221 5315 Quasnam
3245 5250 3440 5305 autem
3469 5241 3564 5303 di-

171 5325 384 5408 vin);
410 5324 590 5398 ἧμῶν,
625 5322 833 5389 εὖδοκία
873 5330 967 5381 τοῦ
1020 5327 1225 5404 [ἰατρὸς
1284 5327 1342 5380 ἓν
1375 5324 1640 5399 Πνεύματι
1690 5323 1762 5402 ’ἀγ

1972 5344 2075 5388 nas
2124 5327 2186 5388 in
2236 5343 2344 5386 nos
2393 5328 2772 5407 operationes
2812 5330 3070 5396 dicimus
3120 5331 3378 5412 (scilicet
3419 5331 3563 5394 Jesu

172 5412 538 5493 ἆτελείωσεν),
571 5411 696 5480 ἑξῆς
744 5414 880 5472 κατὰ
937 5412 1155 5489 δύναμιν
1207 5411 1450 5489 εἴπωμεν
1497 5415 1612 5491 περὶ
1642 5415 1714 5468 ὧν

1975 5414 2129 5477 tristi
2158 5414 2398 5478 Domini
2420 5417 2608 5480 nostri
2639 5418 2798 5482 circa
2826 5440 2936 5485 nos
2965 5411 3385 5504 providentias,
3419 5427 3566 5501 quas

259 5579 276 5615 ί
323 5573 485 5636 Psal.
517 5589 660 5649 cxv,
701 5573 798 5635 15.
846 5584 873 5614 ιι
900 5575 1067 5636 Joan.
1104 5590 1230 5650 xm,
1272 5573 1360 5636 IO.
1407 5585 1438 5616 ιι
1468 5576 1482 5593 '
1518 5572 1596 5636 ιι.
1631 5591 1694 5646 ιι,
1733 5573 1872 5637 τω.

251 5697 268 5714 ⁶
305 5694 531 5757 Deesse
564 5692 801 5757 videtur
833 5691 1117 5773 particula
1147 5692 1548 5772 conjunctiva,
1583 5709 1755 5772 quam
1789 5691 1931 5773 legit
1960 5693 2280 5774 interpres.
2323 5695 2427 5759 En.
2470 5697 2738 5764 Ρλτιιοῐι.
