4088 6208
485 360 604 427 467

1641 368 1702 431 S.
1767 367 2109 432 DlONYSIl
2159 372 2693 440 AREOPAGITIE.

3750 370 3872 437 468

485 500 548 563 in
599 499 783 562 nostri
815 497 1053 578 generis
1094 499 1368 575 salutem,
1408 499 1780 583 beneplacito
1811 501 2030 578 Patris,
2077 501 2166 564 in.

2259 508 2310 563 αὶ
2392 506 2759 584 δυνηθείημεν.
2833 492 2966 567 ’,Οσα
2998 506 3054 564 δὲ
3099 507 3242 587 παρᾶ
3285 509 3392 566 τῶν
3433 506 3622 564 ἒνθέων
3691 511 3869 586 ἱεραρ-

490 590 719 672 Spiritu
745 595 949 651 sancto
974 589 1347 671 perfecit),de
1366 590 1459 653 bis
1491 601 1928 673 consequenter
1945 610 2050 673 pro
2068 592 2142 653 vi-

2229 603 2344 677 χῶν
2404 600 2806 678 ἱερουργούντων
2849 598 2948 666 τὴν
2990 599 3316 675 ἀναίμακτον
3360 599 3537 657 θυσίαν
3595 600 3869 673 ὑμνεῖται,

487 682 588 745 rili
618 681 886 744 dicamus
919 688 1096 760 prout
1125 679 1480 762 poterimus.
1525 679 1670 754 Quae
1700 699 1837 743 vero
1868 700 1900 742 a
1931 681 2148 743 divinis

2257 708 2302 752 )ς
2331 689 2466 763 ἡμῖν
2497 688 2732 768 ἐφικτὸν,
2757 690 3000 768 ἐροῦμεν.

490 768 822 835 hierarchis
857 769 1228 832 incruentam
1258 769 1511 833 hostiam
1537 770 2009 833 sacriﬁcantibus
2041 788 2146 833 ce.

489 861 823 941 lebrentur,
855 859 1048 940 quoad
1079 878 1413 940 possumus,
1449 860 1844 942 proferemus.

571 951 600 1032 §
632 949 731 1013 XI.
756 951 977 1013 Natura
1006 949 1264 1010 humana
1289 949 1362 1012 ab
1393 949 1559 1011 initio
1587 960 1652 1013 ut
1689 949 1958 1031 paradiso
1989 949 2147 1011 exci-

2309 959 2336 1030 §
2367 963 2457 1036 Χῐ,
2503 954 2570 1016 Ἠ
2603 957 2897 1036 ἀνθρωπεία
2958 958 3132 1037 φύσις,
3167 959 3402 1039 ἀρχῆθεν
3429 965 3520 1016 τοῦ
3562 957 3878 1036 παραδείσου

489 1041 594 1116 dit,
628 1045 805 1102 morti
826 1039 1038 1102 tradita
1057 1047 1616 1120 est;consequenter
1643 1039 1823 1102 etiam
1852 1038 2144 1122 praevari-

2259 1044 2635 1128 ξολισθήσασα,
2685 1045 2952 1126 παρεδόθη
3009 1049 3086 1122 τῷ
3142 1038 3373 1123 θανάτῳ·
3421 1047 3720 1111 ἀκολούθως
3779 1049 3881 1125 γὰρ

490 1130 642 1194 catio
670 1129 930 1212 primum
966 1137 1270 1209 parentem
1295 1128 1857 1206 nostrum,divinam
1882 1128 2145 1191 volunta-

2257 1165 2264 1204 ι
2303 1134 2594 1214 παράϐασις
2651 1138 2741 1194 τὸν
2791 1136 3201 1214 ἐξοιστρησαντα
3248 1146 3336 1194 τοῦ
3380 1139 3518 1195 θείου
3573 1137 3882 1212 θελήματος

489 1231 609 1283 tem
669 1228 1127 1296 transgressum,
1161 1218 1617 1299 deceptionibus
1678 1217 1923 1292 erroris,
1955 1217 2148 1298 iisque

2257 1224 2535 1300 προπάτορα
2591 1238 2716 1290 ταῖς
2761 1227 2990 1289 ἀπάταις
3049 1234 3142 1283 τοῦ
3196 1225 3418 1302 πλάνου,
3447 1240 3565 1291 τοῖς
3624 1227 3883 1290 ἐναντίοις

494 1328 622 1392 quae
651 1308 864 1371 divinis
896 1307 1064 1370 bonis
1094 1307 1508 1384 adversantur,
1543 1317 1608 1369 ut
1646 1307 1820 1368 morti
1843 1319 1906 1368 et
1938 1324 2150 1368 corru-

2259 1320 2332 1370 ῶν
2361 1316 2511 1371 θείων
2542 1315 2780 1395 ἀγαθῶν,
2811 1317 2886 1391 τῷ
2916 1316 3125 1390 θανάτῳ
3182 1315 3428 1383 δηλονότι
3459 1318 3546 1372 καὶ
3588 1323 3657 1392 τῇ
3689 1320 3880 1396 φθορᾷ,

491 1399 702 1481 ptioni,
733 1398 986 1480 propriis
1007 1397 1130 1458 suis
1156 1397 1657 1478 propensionibus
1689 1395 1956 1460 tradidit.
1992 1395 2144 1468 Quid

2257 1401 2378 1467 Βίαις
2437 1405 2652 1470 ἑαυτοῖς
2722 1406 2910 1482 ῥοπαις
2968 1405 3337 1484 παραδέδωκε,
3385 1407 3445 1465 Τί
3500 1404 3554 1462 δέ
3626 1407 3737 1462 ἐστι
3794 1395 3852 1461 τὸ

491 1497 689 1550 autem
720 1496 831 1563 est,
867 1487 1123 1568 propriis
1156 1486 1709 1568 propensionibus?
1742 1486 1887 1548 Cum
1921 1485 2147 1547 scilicet

2257 1494 2424 1557 ιῖκείας
2456 1493 2648 1569 ῥοπαῖς
2675 1515 2691 1568 ;
2752 1494 2962 1572 ’Ἡγουν
2994 1495 3178 1564 ἐπειδῆ
3241 1497 3416 1576 ἀρχὴν
3447 1497 3542 1564 τῆς
3585 1497 3892 1560 συστάσεως

3835 1441 3886 1484 ³»

492 1586 676 1642 status
722 1579 906 1638 nostri
959 1576 1248 1655 originem
1283 1595 1314 1638 e
1369 1585 1526 1638 terra
1579 1580 1866 1637 ducamus
1906 1575 2147 1653 (corpus

2257 1604 2288 1637 κ
2333 1583 2431 1660 γῆς
2493 1583 2752 1663 ἔσχομεν,
2789 1585 2847 1641 τὸ
2880 1587 2979 1662 γὰρ
3018 1575 3344 1661 σωματικὸν
3375 1587 3529 1661 ἡμῶν
3560 1586 3611 1652 ἐξ
3667 1585 3890 1664 αὐτῆς)

494 1667 656 1730 enim
675 1673 943 1728 nostrum
958 1684 1028 1727 ex
1042 1685 1107 1728 ea
1121 1667 1397 1745 constat),
1421 1665 1634 1727 merito
1653 1674 1782 1746 post
1808 1673 2146 1743 transgres-

2257 1673 2447 1736 ἰκότως
2508 1674 2642 1747 μετὰ
2674 1675 2769 1742 τὴν
2832 1673 3152 1752 παράϐασιν,
3190 1675 3282 1732 καὶ
3331 1677 3390 1732 τὸ
3437 1676 3586 1741 τέλος
3642 1678 3887 1754 πρόσφο-

492 1757 722 1819 sionem
752 1756 930 1818 ﬁnem
956 1773 1190 1836 quoque
1215 1756 1428 1835 origini
1453 1764 1923 1817 consentaneum
1954 1753 2143 1815 habe-

2257 1785 2319 1819 ηον
2378 1762 2614 1842 ἔσχομεν
2671 1770 2738 1839 τῇ
2799 1763 2972 1842 ἆρχῆ,
3036 1767 3108 1829 εἷς
3161 1765 3264 1842 γῆν
3324 1764 3660 1839 ἀναλύοντες,
3697 1753 3886 1831 ἐπειδή

493 1864 626 1908 mus
657 1846 718 1906 in
773 1854 991 1907 terram
1023 1845 1292 1920 resoluti,
1330 1863 1464 1907 cum
1511 1845 1735 1906 dictum
1769 1849 1844 1905 sit
1879 1863 1893 1907 :
1963 1844 2144 1906 Terra

2258 1851 2436 1931 ῤῥέθη,
2484 1858 2560 1928 Γῇ
2622 1853 2703 1925 εἶ,
2749 1855 2836 1908 καὶ
2882 1855 2954 1917 είς
3014 1859 3117 1932 γῆν
3176 1854 3466 1931 ἁπελεύσῃ.
3521 1855 3748 1932 ’ΊΙγουν
3803 1853 3889 1911 διὰ

497 1954 581 2016 es,
614 1941 668 1999 et
719 1936 785 1998 in
839 1943 1072 2025 terram
1118 1937 1450 1998 reverteris
1486 1946 1531 1995 ν.
1589 1933 1696 1995 Vel
1741 1934 1943 2010 itaque
2000 1951 2144 2012 pro-

2257 1943 2292 1996 ‘6
2324 1942 2704 2021 επιφερόμενον
2764 1944 2959 1998 τίθεται
2992 1946 3053 1999 τὸ
3085 1946 3302 2008 οἰκείαις
3353 1945 3572 2025 ὁρμαῖς,
3608 1946 3644 2012 ἢ
3687 1943 3890 2011 δηλον-

500 2036 631 2108 pter
681 2025 741 2087 id
794 2024 953 2102 quod
1003 2023 1276 2113 infertur,
1311 2022 1651 2113 apponitur,
1685 2024 1825 2083 212
1889 2020 2149 2113 propriis

2257 2034 2312 2086 ἔτι
2371 2043 2770 2109 προαιρετικαῐς
2827 2034 2912 2088 καὶ
2961 2032 3335 2113 αὐτεξουσίοις,
3367 2037 3454 2092 καὶ
3509 2037 3569 2090 τὸ
3625 2035 3882 2113 ἱπιφερό-

500 2107 1023 2198 propensionibus,
1048 2111 1144 2174 vel
1171 2119 1348 2175 etiam
1381 2111 1588 2173 liberis
1605 2131 1672 2173 ac
1701 2111 2067 2201 spontaneis,
2092 2117 2151 2170 et

2257 2141 2391 2176 ιενον
2449 2119 2611 2176 πάλιν
2641 2125 2762 2194 καθ,
2794 2123 2925 2177 αὐτὸ
2958 2134 3186 2182 νοεῖται.
3241 2107 3372 2201 "Op:
3402 2122 3456 2179 δέ
3499 2127 3614 2186 πῶς
3648 2125 3776 2180 εἶπε
3831 2127 3892 2180 τὸ

499 2205 560 2266 id
591 2202 747 2285 quod
780 2203 1034 2265 infertur
1067 2202 1280 2264 iterum
1313 2201 1522 2263 eodem
1560 2201 1738 2262 modo
1769 2200 2145 2277 intelligitur.

2237 2198 2546 2288 Ἀναγώγου
2605 2215 2771 2280 ζωῆς’
2821 2211 3096 2290 ἀνάγωγος
3139 2213 3238 2290 γὰρ
3300 2198 3412 2283 ζωὴ
3458 2211 3668 2291 λέγεται
3712 2215 3810 2269 καὶ
3856 2217 3890 2282 ἡ

505 2293 768 2359 Observa
791 2310 930 2383 vero
961 2291 1258 2374 quomodo
1290 2290 1530 2383 dixerit:
1564 2293 1614 2352 A
1647 2290 1923 2383 vitaquze
1954 2289 2024 2351 ad
2060 2307 2154 2383 s_u-

2257 2297 2532 2364 ικόλαστος
2560 2301 2649 2355 καὶ
2709 2298 3046 2374 ἀπαίδευτος,
3081 2303 3154 2365 ὡς
3186 2303 3358 2368 κακὴν
3391 2302 3607 2380 ἀγωγήν
3657 2302 3887 2383 ἔχουσα·

505 2400 689 2465 perna
720 2381 1027 2458 tendebat;
1060 2383 1340 2461 ἀνάγωγος
1382 2380 1540 2442 enim
1573 2399 1678 2442 seu
1707 2380 2012 2442 adducens
2042 2378 2158 2441 vita

506 2489 742 2555 quoque
774 2471 994 2534 dicitur
1026 2469 1313 2533 dissoluta
1339 2478 1397 2533 et
1429 2471 1832 2549 immorigera,
1866 2487 1994 2550 quae
2027 2487 2159 2548 pra.

505 2581 641 2626 vum
672 2562 916 2625 ductum
951 2559 1224 2641 sequitur
1253 2578 1275 2638 ;
1315 2560 1414 2622 hic
1445 2570 1642 2621 autem
1679 2559 1974 2639 signiﬁcat
2023 2577 2158 2621 eam

510 2669 643 2735 quae
699 2653 1013 2733 superiora
1066 2649 1299 2732 quaerit,
1345 2657 1402 2712 et
1459 2652 1647 2714 Deum
1707 2666 1994 2711 conversa
2044 2657 2158 2712 est.

510 2745 664 2807 Hinc
709 2759 844 2804 cum
877 2748 1088 2803 natura
1115 2757 1149 2801 a
1178 2748 1342 2801 recta
1377 2739 1448 2801 ad
1497 2739 1681 2802 Deum
1713 2739 1805 2800 via
1832 2738 2159 2813 aberraret,

510 2831 759 2894 minime
775 2830 1052 2909 advertit,
1085 2847 1149 2890 se
1171 2847 1289 2890 non
1315 2827 1427 2890 diis
1456 2828 1757 2908 etamicis,
1791 2827 1896 2890 sed
1925 2827 2160 2889 infestis

509 2920 782 2983 hostibus
812 2918 994 2982 fuisse
1036 2922 1403 2998 obsecutam,
1439 2917 1805 2998 quibusipsa
1834 2915 2162 2979 crudeliter

513 3028 621 3093 pro
654 3009 1023 3071 immanitate
1051 3026 1158 3070 sua
1185 3006 1595 3087 abutentibus,
1633 3006 1797 3087 (quid
1832 3009 1989 3070 enim
2023 3000 2158 3068 mali

2241 2387 2458 2445 ἐνταῦθα
2501 2386 2554 2443 δὲ
2584 2389 2679 2456 τὴν
2709 2391 2775 2445 τὰ
2817 2387 2925 2446 ἄνω
2958 2397 3243 2470 ζητοῦσαν,
3280 2393 3363 2449 καὶ
3416 2394 3545 2470 πρὸς
3572 2395 3704 2449 Θεὸν
3758 2394 3890 2449 ἒπε-

2243 2477 2588 2556 στραμμένην
2645 2479 2832 2558 φησίν.
2903 2477 3174 2536 Ἐντεῦθεν
3243 2484 3279 2551 ἦ
3340 2482 3488 2560 φύσις
3558 2481 3890 2556 τ.λανωμένη

2242 2573 2340 2634 τῆς
2397 2569 2526 2644 πρὸς
2587 2570 2718 2624 Θεὸν
2777 2567 2974 2632 εύθείας
3007 2568 3150 2641 ὁδου,
3184 2568 3462 2626 ἐλάνθανεν
3510 2573 3568 2627 ού
3622 2572 3798 2650 θεοὺς,
3833 2572 3892 2628 οὗ

2244 2656 2448 2735 φίλους,
2510 2655 2647 2713 ἀλλὰ
2706 2655 2986 2730 δυσμενεῖς
3067 2659 3449 2736 θεραπεύουσα,
3505 2662 3579 2714 ὧν
3665 2658 3733 2728 δὴ
3804 2663 3892 2716 καὶ

2245 2745 2470 2826 ἀφειδῶς
2526 2751 2658 2822 αὐτῇ
2688 2749 3181 2826 κατακεχρημένων
3233 2750 3368 2805 κατὰ
3397 2751 3459 2806 τὸ
3509 2751 3707 2806 οἰκεῖον
3765 2750 3894 2815 ἄνη-

2243 2836 2383 2910 λεὲς,
2420 2836 2491 2913 (τί
2525 2837 2625 2914 γὰρ
2662 2839 2826 2892 κακὸν
2859 2839 2953 2894 οὐκ
3000 2837 3250 2904 ἐποίησεν
3283 2847 3330 2912 ;)
3363 2840 3435 2901 εἷς
3465 2837 3698 2895 κίνδυνον
3747 2840 3896 2894 ἀπω-

2243 2926 2387 2989 λείας
2419 2927 2784 3002 εμπεπτώκει,
2821 2927 2881 2982 ὃν
2911 2925 2976 2994 δὴ
3003 2931 3088 2983 καὶ
3107 2925 3422 3006 άνυπαρξίαν
3445 2926 3613 3006 λέγει,
3646 2927 3892 2995 δηλονότι

2244 3016 2462 3072 θάνατον
2522 3015 2775 3095 ψυχικόν·
2853 3012 2913 3073 Ὀ
2973 3018 3098 3093 γοῦν
3170 3017 3299 3078 Θεὸς
3359 3018 3514 3092 ἡμῶν
3571 3014 3639 3072 δι’
3699 3020 3894 3073 οἰκείαν

513 3118 634 3163 non
687 3097 1071 3180 intulerunt?)
1107 3098 1167 3159 in
1197 3097 1527 3159 discrimen
1559 3097 1982 3158 internecionis
2011 3097 2162 3160 inci-

2257 3103 2596 3180 Ξιπειροτάτην
2676 3102 3002 3183 ἂγαθότητα,
3065 3106 3163 3172 τὴν
3241 3107 3525 3183 αὕτουργὸν
3592 3107 3687 3162 οὒκ
3745 3107 3895 3172 sirm-

514 3190 704 3266 derat,
737 3189 895 3272 quod
930 3187 1109 3251 etiam
1140 3195 1325 3248 status
1347 3185 1732 3266 privationem
1762 3196 1954 3267 vocat,
1991 3186 2162 3248 scili-

515 3287 612 3342 cet
642 3288 900 3342 mortem
931 3275 1516 3360 spiritalem.Verum
1539 3275 1698 3337 Deus
1714 3283 1914 3337 noster
1926 3284 2166 3357 propter

517 3367 810 3430 inﬁnitam
843 3386 1008 3430 suam
1030 3365 1380 3441 bonitatem,
1407 3383 1514 3446 per
1543 3383 1607 3427 se
1625 3365 1810 3426 nostri
1833 3383 2035 3427 curam
2068 3383 2168 3445 ge-

517 3475 656 3521 rere
679 3475 800 3520 non
831 3455 1079 3534 destitit;
1105 3460 1384 3536 quoniam
1419 3454 1700 3516 nimirum
1725 3454 2166 3534 ipsummetDel

518 3547 783 3613 Verbum
815 3565 887 3610 ea
920 3564 1050 3630 quae
1079 3551 1280 3608 nostra
1293 3551 1430 3606 sunt
1457 3563 1770 3607 assumens
1783 3543 2008 3622 absque
2037 3565 2170 3626 pec-

519 3643 903 3720 cato,quippe
925 3636 1056 3698 sine
1082 3635 1736 3716 mutilatione,manens
1756 3634 1998 3697 omnino
2011 3635 2170 3717 quod

521 3737 669 3811 erat,
705 3746 814 3791 nec
842 3745 877 3789 ο
907 3725 1148 3808 proprio
1181 3733 1337 3787 statu
1381 3724 1674 3786 deﬁciens
1704 3725 1945 3804 (statum
1976 3733 2172 3788 autem

525 3821 623 3883 hic
654 3837 774 3880 non
817 3817 1076 3898 aliquam
1109 3815 1456 3894 qualitatem
1505 3815 1928 3875 immanentem
1980 3825 2172 3892 vocat,

525 3909 631 3973 sed
655 3906 985 3970 naturalem
1019 3923 1188 3966 suam
1222 3905 1690 3983 permanentiam
1724 3912 1781 3965 et
1801 3904 2176 3966 constitutio-

526 3995 980 4078 nem)suinobis
1010 3993 1384 4055 consortium
1419 3993 1683 4073 tradidit,
1716 4011 1824 4054 nec
1847 4011 1964 4054 non
1999 3993 2178 4053 virtu-

526 4087 604 4150 tis
656 4083 994 4166 apostaticze
1053 4083 1335 4144 adversus
1384 4099 1494 4141 nos
1549 4080 1866 4160 imperium
1913 4081 2177 4144 dissolvit

530 4177 725 4258 (quam
752 4181 810 4234 et
839 4170 1278 4233 multitudinem
1299 4188 1404 4231 seu
1435 4167 1667 4230 turbam
1693 4181 1885 4250 vocat,
1916 4190 2034 4232 non
2055 4189 2180 4231 om-

527 4267 669 4327 nino
703 4270 947 4344 propter
994 4276 1336 4332 numerum,
1368 4259 1472 4320 sed
1520 4259 1674 4338 quod
1720 4258 1793 4319 ab
1824 4259 1922 4322 illo
1976 4261 2177 4341 unico,

2250 3195 2443 3262 νῆνατο
2500 3197 2774 3274 πρόνοιαν
2826 3193 2907 3251 ὅτι
2952 3194 3156 3263 δηλαδὴ
3217 3197 3369 3260 αύτὸς
3425 3197 3489 3264 ἧν
3548 3199 3575 3253 6
3619 3199 3713 3254 τοῦ
3765 3205 3897 3254 Θεοῦ

2251 3289 2447 3366 Λὸγος,
2480 3290 2508 3343 6
2556 3287 2941 3366 ἀναμαρτήτως
2988 3285 3368 3362 ἀναδεξάμενος
3419 3290 3484 3345 τὰ
3546 3291 3808 3368 ἡμέτερα,
3843 3292 3896 3353 ὃς

2251 3375 2315 3443 δῆ
2339 3378 2426 3432 καὶ
2481 3377 2660 3452 μείνας
2693 3376 2973 3444 ἆλωὸητος
3002 3377 3176 3444 πάντη
3208 3376 3336 3456 ὅπερ
3370 3377 3545 3452 ἧν,μὴ
3576 3378 3766 3444 ἐκστὰς
3799 3378 3897 3446 τῆς

2253 3463 2382 3527 ἰδίας
2425 3462 2608 3543 ἕξεως,
2643 3463 2775 3543 (ἕξιν
2803 3463 2857 3520 δὲ
2907 3464 3048 3542 λέγει
3101 3465 3317 3522 ἐνταῦθα
3367 3466 3427 3522 ού
3469 3466 3733 3533 ποιότητά
3785 3489 3900 3522 τινα

2252 3552 2502 3629 ἔμμονον,
2539 3551 2674 3612 ἀλλὰ
2731 3554 2831 3621 τήν
2861 3555 3085 3634 φυσικὴν
3148 3554 3311 3620 αὒτὴν
3360 3552 3620 3630 διαμονὴν
3649 3557 3739 3611 καὶ
3795 3579 3898 3611 κα-

2253 3641 2561 3722 τάσχεσιν)
2595 3643 2691 3711 τὴν
2734 3645 2864 3721 πρὸς
2923 3644 3084 3710 αύτὴν
3119 3643 3262 3718 ἡμῖν
3291 3645 3538 3699 κοινωνία
3566 3642 3896 3724 ἐδωρήσατο,

2257 3734 2344 3790 καὶ
2387 3731 2640 3789 κατέλυσε
2705 3733 2764 3788 τὸ
2812 3731 2930 3790 καθ’
2962 3735 3117 3808 ἡμῶν
3161 3733 3352 3811 κράτος
3382 3738 3483 3800 τῆς
3539 3734 3900 3801 ἀποστατικῆς

2260 3821 2527 3896 δυνάμεως
2581 3821 2677 3900 (ἢν
2735 3824 2821 3879 καὶ
2879 3821 3084 3890 πληθὺν
3142 3821 3314 3900 λέγει,
3373 3825 3434 3881 οὒ
3503 3822 3622 3880 κατ’
3684 3823 3900 3903 αριθμὸν

2259 3912 2497 3989 πάντως,
2571 3910 2707 3968 ἀλλά
2759 3909 2844 3968 διὰ
2915 3915 2975 3968 τὸ
3057 3911 3358 3978 ἀποστῆναι
3430 3911 3758 3990 ποῤῥωτάτω
3814 3920 3903 3970 τοῦ

2259 4001 2454 4058 ἐνιαὶου
2494 4001 2582 4056 καὶ
2610 4000 2738 4078 ὑπὲρ
2763 4003 2824 4056 τὸ
2863 4001 2919 4058 ἓν
2979 4006 3154 4081 Θεοῦ),
3189 4001 3283 4058 οὒκ
3325 4001 3378 4056 ἐν
3414 4003 3572 4081 ἰσχύϊ
3625 4003 3900 4076 θεότητος,

2258 4087 2378 4144 ἀλλ’
2433 4089 2485 4144 ἐν
2517 4091 2682 4164 κρίσει
2734 4091 2820 4146 καὶ
2881 4089 3206 4166 δικαιοσύνῃ.
3246 4087 3399 4146 Ἐπεί
3456 4093 3554 4169 γὰρ
3611 4089 3680 4146 δι’
3737 4093 3902 4166 ἁμαρ·

2259 4180 2374 4236 τίαν
2432 4176 2799 4256 παρεδόθημεν
2854 4186 2932 4253 τῷ
2988 4179 3223 4253 θάνάτῳ,
3271 4179 3452 4258 εὑρέθη
3506 4181 3660 4244 αὐτὸς
3721 4183 3750 4236 6
3797 4190 3903 4237 Κυ-

2263 4287 2369 4346 ριος
2423 4268 2818 4346 ἀναμάρτητος,
2852 4269 3061 4340 καὶτοῦ
3105 4269 3328 4324 θανάτου
3375 4267 3586 4333 δικαίως
3644 4269 3906 4345 άιιώτερος
3941 4313 3944 4316 .

530 4355 750 4438 quippe
771 4369 950 4433 supra
980 4368 1160 4411 unum
1185 4358 1272 4410 est
1296 4349 1621 4430 Deo,quam
1651 4351 2054 4413 remotissima
2083 4351 2166 4412 de

2263 4355 2472 4434 γέγονε,
2532 4357 2635 4414 Καῖ
2680 4357 2858 4434 ὥσπερ
2907 4356 2958 4422 ἐξ
2990 4356 3105 4419 ἐνὸς
3150 4366 3242 4415 τοῦ
3287 4357 3496 4428 πρώτου
3522 4355 3696 4432 ’Δδὰμ
3751 4356 3908 4424 ἦλθεν

526 4435 888 4522 fecerit)non
917 4442 978 4502 in
1001 4445 1265 4521 potentia
1297 4439 1758 4511 divinitatis,sed
1792 4439 2099 4520 injudicio
2127 4452 2166 4502 ei

2267 4445 2350 4502 ἐπὶ
2401 4445 2604 4510 πάντας
2649 4447 2712 4502 τὸ
2769 4443 3049 4524 βλαϐερὸν,
3113 4443 3279 4508 οὕτως
3336 4445 3388 4510 ἐξ
3445 4445 3560 4508 ἐνὸς
3619 4444 3781 4503 πάλιν
3819 4449 3912 4503 τοῦ

525 4534 777 4615 justitia.
812 4531 954 4596 Cum
987 4530 1149 4593 enim
1178 4537 1418 4610 propter
1441 4537 1756 4610 peccatum
1783 4529 1960 4591 morti
1985 4530 2160 4592 tradit

2267 4534 2508 4613 δευτέρου
2559 4533 2751 4614 Ἀδὰμ,
2785 4537 2877 4593 τοῦ
2927 4539 3179 4613 Σωτῆρος
3231 4535 3387 4608 ἡμῶν
3430 4532 3611 4601 Ἰησοῦ
3653 4537 3908 4612 Χριστοῦ,

531 4641 823 4704 essemus,
848 4622 1124 4683 itm-ntus
1145 4629 1234 4682 est
1258 4620 1388 4700 ipse
1425 4619 1714 4683 Dominus
1748 4619 2182 4701 impeccabilis,

2266 4624 2352 4680 ἐπὶ
2381 4625 2580 4688 πάντας
2612 4621 2758 4691 διέϐη
2789 4626 2850 4680 τὸ
2882 4625 3164 4704 σωτήριον,
3202 4625 3468 4681 Ἐντεῦθεν
3511 4625 3600 4679 καὶ
3626 4626 3727 4690 τὴν
3764 4627 3908 4700 ἡμε-

533 4722 710 4796 atque
733 4713 869 4792 jure
904 4709 1113 4772 merito
1147 4719 1340 4772 morte
1382 4709 1658 4789 superior
1686 4713 1888 4773 evasit.
1933 4707 2006 4770 Et
2033 4709 2159 4770 sicu

2266 4714 2419 4793 τέραν
2480 4714 2832 4789 μετεσκεύασε
2864 4713 3038 4793 φύσιν,
3076 4716 3136 4770 τὸ
3185 4712 3427 4787 ἀλαμπὲς
3459 4713 3742 4790 ἐμπλήσας
3794 4737 3911 4792 φω-

534 4802 608 4868 ab
631 4821 748 4865 uno
772 4800 962 4884 primo
977 4798 1206 4862 Adamo
1225 4797 1296 4860 ad
1313 4815 1522 4862 omnes
1540 4817 1696 4860 noxa
1723 4797 2166 4868 venit,similitel

2267 4804 2377 4878 τὸς,
2423 4805 2484 4859 τὸ
2517 4802 2745 4860 ἀνείδεον
2792 4805 2880 4860 καὶ
2924 4802 3153 4867 ἀκαλλὲς
3211 4805 3489 4878 κοσμήσας
3547 4805 3609 4859 τὸ
3638 4809 3738 4870 τῆς
3801 4809 3904 4878 ψυ-

535 4906 605 4950 ex
629 4905 744 4949 uno
765 4903 991 4962 quoque
1009 4886 1267 4945 secundo
1289 4888 1490 4954 Adam,
1520 4887 1807 4946 Salvatore
1829 4898 2026 4946 nostro
2058 4889 2166 4946 Jest

2269 4895 2381 4972 χῆς
2439 4894 2747 4972 οἱκητήριον
2800 4893 2978 4972 σῶμα,
3017 4894 3224 4957 πάντως
3271 4891 3542 4968 μολυσμοῦ
3599 4895 3917 4972 φθοροποιοῦ

537 4979 796 5060 Christo,
833 4978 904 5040 ad
937 4995 1146 5040 omnes
1166 4977 1328 5039 salus
1358 4978 1617 5040 transiit.
1644 4977 1795 5041 Hinc
1826 4990 1884 5041 et
1915 4985 2185 5041 naturam

2271 4982 2647 5060 ἐλευθερώσας·
2701 4985 2788 5038 καὶ
2845 4979 3030 5047 ἔδειξεν
3084 4984 3215 5051 ἡμῖν
3282 4979 3401 5037 ὁδὸν
3457 4981 3731 5060 ἆναγογῆς
3788 4989 3919 5062 πρὸς

538 5078 800 5136 nostram
833 5067 1186 5141 immutavit,
1219 5066 1279 5128 id
1303 5067 1460 5145 quod
1484 5068 1768 5129 obcurum
1804 5076 1929 5130 erat
1960 5068 2166 5129 lumini

2272 5071 2452 5150 αὐτὸν,
2489 5072 2624 5128 κατὰ
2656 5083 2754 5148 τίαν
2785 5073 2855 5134 ὡς
2887 5069 3104 5128 δυνατὸν
3129 5071 3474 5150 ἀφομοίωσιν,

543 5159 903 5241 adimplens,
941 5163 1000 5218 et
1029 5158 1189 5237 quod
1221 5155 1476 5218 informe
1505 5165 1682 5238 atque
1735 5157 2089 5220 indecorum
2123 5166 2251 5221 erat
2279 5177 2522 5237 ornans,
2557 5171 2738 5238 atque
2768 5177 2986 5242 corpus
3011 5159 3224 5221 animai
3252 5157 3623 5220 domicilium
3652 5157 3729 5220 ab
3759 5153 3921 5220 omni

545 5247 831 5332 spurcitia
881 5253 1305 5324 corrumpente
1336 5243 1594 5309 liberans
1629 5270 1643 5320 ;
1696 5245 1870 5310 nobis
1901 5265 2136 5329 quoque
2162 5248 2311 5310 viam
2345 5267 2481 5327 quae
2513 5251 2585 5311 ad
2645 5251 2842 5331 ipsum
2875 5249 3040 5312 ducit
3088 5247 3369 5324 ostendit,
3404 5247 3737 5312 secundum
3789 5266 3921 5312 eam

545 5358 676 5422 quae
709 5333 1008 5418 possibilis
1039 5342 1128 5396 est
1159 5335 1293 5415 ejus
1319 5335 1831 5400 assimilationem.

628 5429 658 5509 §
685 5425 808 5490 Xll.
841 5423 1129 5486 Caeterum
1160 5425 1458 5504 quomodo
1491 5425 1667 5490 aliter
1694 5425 2024 5490 divinaista
2054 5429 2195 5492 imi-

2359 5433 2387 5513 §
2444 5441 2555 5496 XII.
2591 5438 2710 5494 Πῶς
2761 5429 2812 5485 δὲ
2845 5428 3022 5493 ἄλλως
3049 5426 3271 5505 ἔμελλεν
3327 5430 3360 5497 ἡ
3391 5428 3717 5504 θεομιμησία
3772 5428 3926 5508 τίνι-

546 5519 686 5583 tatio
719 5516 910 5589 ﬁeret,
944 5513 1055 5574 nisi
1088 5513 1382 5576 innovatis
1414 5533 1656 5597 semper
1685 5517 2021 5580 istiusmodi
2051 5536 2158 5581 san

2282 5528 2417 5596 σθαι,
2467 5524 2542 5596 μὴ
2599 5518 2991 5594 ὰνανεουμένων
3038 5519 3120 5574 ἀεὶ
3176 5521 3281 5573 τῶν
3335 5517 3594 5575 τοιούτων
3619 5513 3776 5596 ἱερῶν
3836 5539 3932 5592 τε-

548 5608 660 5674 ctis
682 5601 1099 5669 sacramentis?
1126 5603 1254 5668 Hoc
1274 5605 1679 5689 enim,inquit,
1703 5605 1892 5686 facile
1916 5611 1982 5672 in
2005 5626 2166 5674 mean

2282 5612 2489 5685 λετών;
2565 5613 2725 5669 Τοῦτο
2781 5610 2878 5688 γὰρ
2944 5607 3178 5683 ποιεῖτε,
3239 5607 3398 5688 φῆσὶν
3475 5607 3548 5669 εἰς
3618 5607 3718 5675 τὴν
3787 5605 3930 5684 ιμὴν

631 5771 655 5801 ν
711 5749 862 5814 Gen.
895 5765 981 5830 ιιι,
1023 5747 1117 5812 19.
