4028 6192
466 359 585 427 475

1651 361 1714 429 S.
1761 365 2103 428 DIONYSII
2145 363 2653 433 ABEOPAGITAE

3709 366 3814 434 476

475 502 743 566 tudinem
780 501 891 566 Dei
919 501 1069 564 facta
1096 499 1630 581 est,recondentes,
1661 501 1734 562 ad
1769 500 2107 581 primaevam

2203 500 2308 559 ὶλλ’
2396 499 2506 561 οὔδ’
2588 501 2738 560 αὐτοὶ
2823 500 2953 580 πρὸς
3037 501 3137 569 τὴν
3195 499 3406 560 ὲκείνων
3487 502 3817 561 καθέλκονται

469 593 751 656 duntaxat
774 592 1038 672 speciem
1069 599 1248 671 atque
1279 590 1740 670 intelligentiam
1771 591 2100 666 intuentur;

2203 592 2328 652 θέαν.
2364 589 2535 651 ’¹Οθεν
2588 592 2800 656 ἑαυτοῖς
2849 590 3175 672 ἀκολούθως,
3233 590 3346 651 οὖδέ
3405 597 3510 649 τῶν
3541 591 3819 649 δοκούντων

468 701 665 764 neque
687 682 846 744 enim
871 681 1062 742 solum
1096 679 1414 741 dissimilia
1439 698 1557 740 non
1583 679 1920 761 vident,sed
1938 679 2103 741 nead

468 790 674 834 eorum
711 769 953 847 quidem
985 778 1291 851 aspectum
1339 770 1784 850 pertrahuntur.
1848 768 2104 842 Quamo-

469 861 819 936 brem,sicut
839 877 942 920 eos
957 858 1278 938 decet,non
1305 877 1373 920 ea
1397 877 1527 939 quae
1549 867 1774 921 temere
1795 859 2097 934 videntur,

468 950 571 1012 sed
595 966 725 1029 qua;
745 965 885 1010 vere
899 948 1062 1027 justa
1083 956 1303 1010 suntac
1328 947 1482 1009 bona
1505 947 1780 1029 diligunt;
1807 947 2106 1029 nequeis-

468 1048 581 1100 tam
607 1045 878 1118 spectant
895 1037 1170 1114 gloriam,
1205 1055 1334 1117 quae
1354 1037 1485 1098 sine
1507 1037 1738 1098 ratione
1764 1037 1945 1117 vulgo
1964 1055 2106 1118 pas-

469 1129 577 1188 sim
595 1127 762 1189 beata
781 1127 1266 1207 praedicatur,sed
1287 1126 1725 1190 imitatioueDei
1745 1126 1968 1188 bonum
1989 1147 2109 1190 ma-

475 1218 670 1279 lumve
695 1236 799 1298 per
821 1235 887 1278 se
899 1217 1475 1295 judicantes,divina
1496 1216 1765 1295 quaedam
1792 1216 2110 1279 simulacra

479 1308 629 1370 ﬁunt
644 1309 812 1368 istius
825 1308 1155 1386 fragrantiaa
1175 1305 1463 1385 divinaeﬂ
1479 1309 1502 1365 I
1519 1309 1698 1382 7quae
1721 1323 1860 1368 vere
1887 1305 2110 1368 bonum

2187 683 2304 749 εἷκῆ
2329 680 2510 738 καλῶν
2542 682 2631 738 καὶ
2657 679 2896 753 δικαίων,
2927 680 3065 739 ἀλλά
3085 689 3191 738 τῶν
3221 682 3393 746 ὅντως
3425 682 3589 738 ὄντων
3621 682 3817 760 ἐρῶσιν·

2189 769 2305 828 οὐδὲ
2335 772 2465 850 πρὸς
2507 768 2658 835 δόξαν
2722 771 2880 848 ὁρῶσι
2914 773 3012 837 τὴν
3057 772 3158 828 ὑπὸ
3203 771 3444 843 πλήθους
3475 771 3686 849 ἀλόγως
3721 794 3823 846 μα·-

2188 860 2566 940 καριζομένην,
2600 858 2737 916 ἀλλὰ
2767 862 2830 916 τὸ
2860 860 3022 917 καλὸν
3076 860 3110 928 ἥ
3145 875 3335 942 χεῖρον
3389 861 3473 941 ἐφ’
3503 862 3690 919 ἑαυτοῦ
3715 864 3825 917 θεοε-

2192 951 2444 1024 μιμήτως
2488 951 2800 1029 κρίναντες,
2862 948 3146 1026 ἀγάλματα
3201 955 3322 1007 θεῖα
3377 957 3480 1017 τῆς
3530 953 3825 1029 θεαρχικω-

2189 1040 2355 1106 τάτης
2414 1041 2541 1096 εἰσὶν
2598 1038 2834 1112 εὒωδίας,
2870 1039 2989 1106 ἥτις
3047 1037 3130 1119 ἐφ’
3189 1041 3381 1106 ἑαυτῆς
3446 1041 3506 1096 τὸ
3537 1040 3746 1103 ἀληθῶς
3774 1037 3829 1088 84

2192 1129 2379 1194 εὐῶδες
2415 1129 2621 1210 ἔχουσα
2652 1132 2784 1208 πρὸς
2814 1132 2876 1187 τὸ
2931 1143 3049 1194 τοῖς
3083 1130 3311 1194 πολλοῖς
3359 1131 3626 1203 ἀνομοίως
3657 1129 3826 1191 δοκοῦν

2193 1225 2288 1279 οὒκ
2337 1219 2727 1299 ἐπιστρέφεται,
2791 1233 2912 1284 ταῖς
2959 1219 3208 1288 ἀληθέσιν
3267 1225 3435 1290 αὐτῆς
3467 1223 3668 1278 εἰκόσιν
3697 1220 3826 1277 ἐντυ-

2194 1317 2369 1368 ποῦσα
2427 1313 2486 1367 τὸ
2548 1311 2923 1389 ἀνυπόκριτον,

471 1399 533 1460 in
577 1417 642 1461 se
672 1397 919 1458 odorem
963 1396 1301 1468 continens,
1337 1396 1410 1458 ad
1443 1395 1613 1476 illud,
1647 1395 1805 1476 quod
1839 1395 2006 1475 vulgo
2041 1397 2261 1477 passim
2314 1399 2690 1482 inaequaliter
2718 1405 2986 1482 apparet,
3018 1417 3318 1483 nunquam
3355 1399 3742 1477 convertitur,
3773 1399 3827 1461 in

472 1487 628 1551 veris
658 1486 780 1549 suis
812 1484 1170 1566 imaginibus
1203 1485 1546 1566 exprimens
1579 1485 1907 1548 veritatem.

2092 1597 2122 1675 §
2153 1597 2227 1660 ll.

555 1762 675 1838 Age
698 1760 819 1838 jam
867 1758 1176 1840 deinceps,
1229 1756 1513 1832 quoniam
1575 1763 1932 1819 exteriorem
1966 1758 2115 1818 ritus

2277 1758 2411 1833 Φέρε
2465 1759 2528 1826 δὴ
2600 1757 2812 1834 λοιπὸν,
2886 1759 3068 1828 ἐπειδῆ
3135 1762 3232 1829 τὴν
3305 1759 3456 1823 ἐκτὸς
3525 1761 3833 1837 εὐπρέπειαν

476 1867 612 1912 vere
643 1848 877 1930 pulchri
931 1856 1299 1910 venustatem
1331 1846 1694 1924 aspeximus,
1757 1846 2113 1908 diviniorem

477 1941 610 2019 ejus
643 1937 1142 2018 pulchritudinem
1190 1937 1548 2009 intueamur,
1583 1954 1838 2016 eamque
1867 1936 2118 1997 sublatis

475 2027 874 2091 velaminibus
905 2045 1008 2107 per
1038 2044 1102 2088 se
1120 2024 1792 2104 contemplemur,clare
1823 2045 1996 2086 suum
2016 2026 2113 2105 ju-

475 2119 583 2182 bar
613 2116 759 2180 illud
783 2116 1019 2178 beatum
1049 2114 1677 2193 evibrantem,nosque
1696 2114 1960 2195 illa,quaz
1975 2113 2117 2176 viris

477 2206 848 2288 spiritalibus
907 2204 1213 2283 eitplorata
1264 2213 1378 2276 est,
1415 2203 1615 2265 odoris
1660 2203 1985 2282 fragrantia
2014 2221 2116 2265 re-

480 2295 976 2379 plentem.Neque
1007 2294 1169 2356 enim
1202 2292 1579 2373 aspectabilis
1610 2294 1894 2369 unguenti
1918 2294 2121 2355 confe-

480 2387 596 2448 ctio
626 2384 699 2447 iis
721 2384 822 2466 qui
852 2383 1112 2465 pontifici
1146 2391 1356 2462 praesto
1380 2396 1519 2444 sunt
1539 2381 2119 2444 incommunicabilis

476 2484 579 2539 aut
627 2473 1072 2555 inaspectabilis
1095 2473 1344 2551 exsistit,
1381 2472 1486 2534 sed
1517 2490 1548 2533 e
1579 2471 1840 2547 diverso,
1874 2473 2013 2533 dum
2045 2472 2117 2534 ad

473 2565 638 2646 ipsos
679 2582 870 2644 usque
920 2562 1244 2643 pertendit,
1283 2580 1351 2624 ac
1409 2560 1562 2622 sistit
1614 2580 1743 2622 eam
1777 2581 1909 2638 quae
1966 2561 2119 2640 vulgi

481 2662 715 2733 captum
739 2662 983 2732 superat
1005 2650 1596 2729 contemplationem,
1613 2652 1685 2711 ab
1712 2651 1922 2711 iisdem
1956 2669 2120 2712 reve-

479 2750 681 2804 renter
701 2739 1085 2818 obtegitur,et
1114 2759 1146 2801 a
1179 2739 1353 2801 turba
1376 2739 1678 2818 pontificio
1702 2739 2120 2818 juresecerni-

483 2841 605 2894 tur.
642 2827 949 2910 Siquidem
984 2829 1082 2890 ille
1115 2827 1320 2888 radius
1351 2845 1553 2889 rerum
1587 2828 2117 2889 sacratissimarum

2197 1849 2522 1920 ἐθεασάμεθα
2568 1850 2663 1917 τῆς
2723 1849 2852 1916 ὅλης
2910 1849 3078 1918 καλῆς
3134 1851 3452 1929 ἱερουργίας,
3483 1852 3559 1912 εἷς
3610 1852 3673 1907 τὸ
3700 1850 3835 1907 θειό-

2197 1959 2342 2015 τερον
2390 1939 2552 2005 αὐτῆς
2614 1937 3006 2014 ἀποϐλέψωμεν
3071 1939 3294 2020 κάλλος,
3349 1940 3514 2001 αὑτὴν
3577 1937 3661 2019 ἐφ’
3719 1940 3834 1995 ἑαυ-

2198 2032 2295 2093 τῆς
2350 2027 2839 2102 ἀποκαλυψαμένην
2897 2031 2961 2084 τὰ
3019 2030 3509 2107 παραπετάσματα,
3589 2029 3833 2103 θεώμενοι

2200 2118 2298 2185 τὴν
2356 2117 2615 2194 μακαρίαν
2674 2116 3093 2174 ἀποστίλϐουσαν
3153 2118 3401 2197 ἐμφανῶν
3485 2115 3715 2195 αἴγλην,
3758 2118 3836 2174 καὶ

2198 2213 2297 2272 τῆς
2346 2205 2770 2283 ἀπερικαλύπτου
2817 2221 2933 2272 τοῖς
2965 2220 3169 2286 νοεροτς
3214 2207 3637 2285 ἀποπληροῦσαν
3700 2210 3832 2280 ἡμᾶς

2201 2295 2440 2358 εὖωδίας,
2487 2293 2615 2352 Οὒδέ
2673 2297 2773 2374 γὰρ
2826 2295 2862 2362 ἡ
2906 2298 3203 2376 φαινομένη
3234 2297 3327 2354 τοῦ
3355 2298 3519 2374 μύρου
3552 2296 3830 2375 τελετουρ-

2200 2387 2375 2463 γία85
2419 2398 2536 2450 τοῖς
2583 2387 2701 2463 περὶ
2759 2387 2853 2441 τὸν
2909 2387 3167 2466 ἱεράρχην
3224 2387 3365 2443 ἐστὶν
3401 2387 3832 2454 ἀκοινώνητοςῆ

2202 2476 2445 2554 ἀθέατος,
2478 2473 2611 2530 ἀλλὰ
2664 2475 2963 2532 τούναντίον
3023 2475 3182 2555 ἄχρις
3215 2477 3385 2535 αὐτῶν
3440 2475 3725 2554 διήκουσα,
3755 2477 3837 2532 καὶ

2205 2568 2402 2621 ἱστῶσα
2461 2569 2558 2630 τὴν
2615 2565 2745 2640 ὑπὲρ
2803 2575 2920 2627 τους
2974 2565 3204 2630 πολλοὺς
3252 2566 3496 2644 θεωρίαν,
3530 2565 3624 2622 ὑπ’
3679 2570 3837 2625 αὒτῶν

2202 2659 2352 2733 ἱερῶς
2385 2653 2849 2732 περιναλόπτεται,
2885 2657 2974 2710 καὶ
3005 2655 3099 2723 τῆς
3132 2653 3364 2722 πληθύος
3415 2653 3482 2704 96
3511 2657 3836 2735 ἱεραρχικῷς

2205 2742 2696 2804 ἀποδιαστέλλεται.
2733 2753 2858 2806 Τοῖς
2917 2745 3018 2821 γὰρ
3088 2745 3288 2807 ἐνθέοις
3351 2743 3600 2823 ἀνδράσιν
3662 2747 3696 2812 ἡ
3739 2749 3836 2801 τῶν

2204 2833 2465 2911 πανιέρων
2515 2835 2685 2906 ἀκτὶς,
2746 2834 2818 2894 ὡς
2877 2833 3152 2910 συγγενέσι
3187 2841 3279 2889 τοῦ
3335 2833 3528 2900 νοῆτοιῦ
3555 2833 3644 2908 87,
3675 2838 3835 2892 καθα-

482 2921 620 2982 dum
655 2919 795 2979 viris
825 2916 1062 2991 divinis,
1099 2924 1380 2993 tanquam
1433 2915 1925 2995 intelligentibus,
1976 2933 2116 2997 pure

2205 2925 2307 3000 ρῶ)
2341 2925 2427 2977 καὶ
2457 2923 2669 2997 ἀμέσως
2730 2921 3098 2996 ἐλλάμπουσα,
3165 2924 3251 2978 καὶ
3293 2923 3387 2986 τὰς
3449 2924 3636 3002 νοερὰς
3681 2926 3838 2979 αὐτῶν

483 3015 658 3086 atque
690 3004 1032 3067 immediate
1064 3008 1745 3083 collucet,etconceptus
1774 3022 1982 3066 eorum
2006 3004 2116 3083 spi-

2205 3008 2548 3086 ἀντιλήψεις,
2638 3010 3078 3088 ἀπερικαλύπτως
3148 3008 3526 3091 εὒωδιάζουσα,
3601 3015 3732 3092 πρὸς
3785 3014 3840 3068 τὸ

483 3095 688 3160 ritales
715 3093 871 3155 bono
900 3094 1088 3174 palam
1119 3095 1332 3157 imbuit
1359 3093 1642 3173 odore,ad
1670 3094 1724 3154 id
1745 3093 1903 3171 quod
1933 3094 2116 3154 humi

2207 3099 2486 3179 ὑφειμένον
2517 3101 2692 3159 οὐκέτι
2743 3101 2938 3175 ὁμοίως
2987 3100 3050 3150 88
3077 3100 3335 3174 πρόεισιν,
3369 3099 3488 3157 ἀλλ’
3535 3101 3624 3158 ὑπ’
3683 3106 3841 3162 αὐτῶν

485 3185 670 3267 serpit
704 3202 1078 3264 nequaquam
1105 3183 1380 3244 similiter
1402 3184 1688 3263 procedit,
1722 3183 1826 3244 sed
1853 3183 1927 3243 ab
1952 3183 2116 3265 ipsis,

2208 3192 2280 3253 ὡς
2337 3189 2566 3267 κρυφίων
2615 3193 2705 3245 τοῦ
2776 3197 2970 3256 νοητοῦ
3020 3194 3253 3265 θεωρῶν,
3298 3191 3750 3264 ἀνεκπομπεύτως
3779 3194 3843 3257 εἰς

481 3283 685 3354 utpote
715 3273 950 3336 arcanis
993 3272 1285 3352 spiritalis
1346 3273 1434 3332 rei
1490 3271 1948 3351 spectatoribus,
1994 3273 2116 3334 sine

2209 3281 2268 3334 τὸ
2300 3291 2417 3342 τοῖς
2449 3278 2721 3350 ἀνομοίοις
2756 3277 3046 3358 ἄχραντον,
3078 3281 3179 3336 ὑπὸ
3233 3293 3529 3356 πτερωτοῖς
3582 3281 3842 3358 αἰνίγμασι

482 3365 848 3438 ostensione,
883 3383 959 3424 ne
989 3381 1024 3423 a
1057 3362 1454 3423 dissimilibus
1499 3361 1835 3440 quibusque
1867 3361 2116 3423 violetur

2212 3365 2656 3443 συγκαλύπτεται·
2687 3366 2747 3423 δι’
2823 3371 2898 3424 ὢν
2946 3371 3099 3446 ἱερῶν
3130 3369 3452 3446 αἰνιγμάτων
3495 3370 3549 3423 αἱ
3581 3370 3688 3424 τῶν
3717 3372 3843 3428 ὕπο-

486 3453 759 3536 pennatis
787 3452 1111 3514 involucris
1155 3451 1488 3527 obducitur,
1528 3449 1770 3526 quibus,
1807 3469 1914 3512 ceu
1946 3451 2116 3513 sacris

2212 3456 2520 3522 ὄεϐτικότων
2578 3455 2827 3532 εὔκοσμοι
2870 3455 3051 3523 τάξεις
3110 3458 3394 3536 ἀνάγονται
3440 3457 3571 3534 πρὸς
3606 3459 3705 3528 τὴν
3735 3482 3844 3538 κατ,

488 3540 978 3622 signis,praeclari
1008 3541 1250 3602 ordines
1273 3539 1649 3601 subditorum
1681 3557 1785 3620 pro
1804 3541 2116 3620 capacitate

2212 3545 2373 3609 αὒτὰς
2406 3547 2547 3624 ἱερὰν
2575 3545 2879 3626 ἀναλογίαν.

495 3651 602 3695 sua
629 3632 698 3694 ad
727 3649 824 3693 res
849 3649 1046 3693 sacras
1077 3639 1518 3711 promoventur.

2087 3764 2116 3843 §
2157 3763 2254 3827 ιιι.

564 3921 947 4004 Estigitur,ut
973 3923 1558 3994 dixi,sacrosanctum
1584 3920 1928 4001 hoc,quoda
1952 3921 2125 3984 nobis

489 4015 662 4075 modo
689 4012 965 4074 laudatur
989 4011 1364 4092 mysterium,
1391 4011 1520 4089 ejus
1541 4010 1777 4071 ordinis
1803 4019 1978 4091 atque
1999 4011 2123 4072 vir-

487 4103 721 4177 tutis,ut
750 4103 1156 4164 hierarchicas
1174 4107 1552 4162 consummet
1575 4100 1931 4175 functiones;
1967 4121 2119 4178 quo-

484 4193 638 4249 circa
653 4207 876 4265 quoque
895 4192 1072 4248 divini
1089 4199 1461 4262 praeceptores
1478 4191 1960 4260 nostri.tanquam
1977 4191 2124 4263 ejus-

2286 3928 2457 3987 ’Ἔστι
2515 3930 2580 3998 δὴ
2643 3932 2754 4007 οὖν,
2790 3931 2919 4010 ὅπερ
2968 3931 3124 4010 ἔφην,
3170 3933 3204 4000 ἠ
3237 3937 3324 3988 νόν
3353 3931 3665 4008 ὑμνουμένη
3722 3927 3841 4007 παρ’

2205 4018 2359 4092 ἡμῶν
2408 4021 2520 4100 ἱερὰ
2577 4020 2914 4099 τελετουργία
2949 4019 3012 4070 89
3040 4026 3138 4087 τῆς
3187 4020 3533 4088 τελειωτικῆς
3583 4022 3696 4078 τῶν
3737 4023 3838 4089 ἱερ-

2205 4116 2445 4188 αρχικῶν
2499 4109 2564 4161 90
2616 4110 2813 4177 τάξεως
2877 4111 2964 4167 καὶ
3014 4109 3308 4185 δονάμεως⁶
3375 4108 3455 4166 διὸ
3501 4111 3593 4167 καὶ
3656 4131 3841 4174 ταυτην

2208 4201 2256 4256 οἱ
2313 4203 2448 4256 θεῖοι
2500 4203 2864 4279 καθηγεμόνες
2925 4204 3098 4276 ἡμῶν,
3151 4203 3223 4265 ὡς
3271 4198 3516 4276 ὁμοταγῆ
3578 4202 3671 4257 καὶ
3728 4203 3846 4257 ταῦ-

487 4281 614 4338 dem
638 4282 861 4339 ordinis
875 4291 926 4338 et
941 4281 1286 4352 operationis
1311 4294 1438 4335 cum
1458 4285 1822 4336 sacrosancto
1843 4295 2116 4352 synaxeos

2210 4290 2428 4367 τουργὸν
2460 4297 2534 4365 τῷ
2576 4296 2672 4358 τῆς
2702 4289 2961 4356 συνάξεως
2993 4293 3117 4370 ἱερῴ
3163 4289 3507 4369 τελεστηρίῳ,
3559 4301 3686 4353 ταῖς
3743 4287 3832 4344 αὖ-

487 4379 883 4442 sacramento,
919 4369 1130 4432 iisdem
1164 4367 1522 4447 imaginibus
1547 4376 1610 4429 ut
1641 4367 2116 4452 plurimum,my-

2210 4391 2333 4444 ταῖς
2365 4380 2560 4436 εἶκόσιν
2621 4382 2692 4443 ὡς
2738 4382 2802 4437 τὰ
2844 4379 3018 4438 πολλά
3069 4381 3156 4436 καὶ
3209 4385 3484 4454 μυστικαῖς
3546 4377 3844 4454 διακοσμή-

486 4460 771 4540 sticisque
799 4459 1282 4522 distinctionibus
1301 4477 1367 4520 ac
1389 4456 1580 4519 sacris
1592 4457 1788 4520 verbis
1800 4457 2116 4540 descripse

2216 4491 2327 4527 σεσι
2359 4473 2445 4527 καὶ
2474 4470 2789 4549 ἱτρολογίαις
2846 4468 3176 4536 διετάξαντο.
3227 4471 3324 4527 Καὶ
3378 4471 3468 4525 τὸν
3519 4468 3622 4544 μὲν
3677 4469 3846 4547 ἱεράρ-

484 4551 844 4630 runt.Atque
872 4549 1212 4629 pontificem
1233 4545 1470 4629 quidem
1496 4547 1697 4639 videre
1722 4547 1896 4610 liceat
1918 4550 2116 4612 eodem

2215 4583 2326 4639 χην
2361 4540 2611 4624 ὡσαύτως
2645 4540 2754 4636 δῴη
2809 4559 2860 4603 91
2910 4561 3006 4628 τὴν
3077 4561 3183 4616 ἀπὸ
3235 4566 3325 4616 τοῦ
3383 4540 3651 4637 θειοτέρου
3685 4540 3847 4615 τάπου

490 4639 665 4702 modo
685 4658 716 4700 a
731 4639 1025 4701 diviniore
1045 4640 1175 4700 loco
1193 4639 1392 4700 odoris
1416 4638 1761 4700 suavitatem
1777 4639 1849 4700 ad
1877 4657 2101 4720 sequen

2212 4638 2384 4715 καλὴν
2419 4648 2635 4707 εὐωδίαν
2683 4653 2754 4714 εἷς
2807 4653 2871 4706 τὰ
2904 4651 3024 4717 ἑξῆς
3073 4651 3186 4726 ἱερὰ
3219 4647 3573 4728 προφέροντα,
3643 4650 3737 4706 καὶ
3785 4653 3848 4722 τῇ

431 4747 436 4751 '
489 4730 566 4790 tia
587 4728 718 4790 loca
739 4747 906 4791 sacra
923 4728 1617 4808 diffundentem,suoque
1637 4727 1707 4789 ad
1739 4728 2014 4791 eumdem
2045 4732 2100 4790 lo

2209 4739 2340 4814 πρὸς
2375 4740 2434 4794 τὸ
2483 4740 2673 4797 ταύτὸν
2712 4739 2960 4796 ἀναλύσει
3007 4737 3342 4817 διδάσκοντα,
3403 4739 3510 4794 τῶν
3572 4739 3729 4795 θείων
3757 4737 3847 4801 τὴν

489 4837 621 4880 cum
648 4818 846 4881 reditu
879 4818 1212 4888 docentem,
1236 4818 1534 4899 quomodo
1567 4816 1898 4879 divinarum
1925 4836 2125 4880 rerum

2211 4829 2490 4901 μετουσίαν
2520 4830 2574 4885 ἐν
2605 4830 2769 4887 ἅπασι
2821 4830 2916 4904 μὲν
2969 4829 3234 4906 γίγνεσθαι
3281 4827 3403 4884 κακ⁹
3432 4827 3577 4893 ἀξίαν
3605 4841 3726 4892 τοῖς
3772 4828 3846 4881 ie-

487 4905 1032 4989 participatio,(lum
1057 4909 1114 4969 in
1144 4908 1420 4970 omnibus
1446 4906 1686 4987 quidem
1705 4907 1889 4967 sacris
1909 4926 2014 4986 pro
2027 4926 2129 4969 cu-

485 4996 704 5076 jusque
738 4998 966 5058 meritis
994 4997 1471 5061 communicatur
1506 5016 1522 5069 ;
1552 4995 1942 5056 nihilominus
1974 4997 2031 5056 in
2065 5015 2129 5058 se

493 5084 1046 5164 nequeimminuta,
1087 5103 1280 5162 neque
1308 5087 1434 5145 loco
1459 5092 1636 5163 mota,
1672 5084 1733 5144 in
1756 5083 1936 5144 divini
1965 5085 2129 5148 fundi

495 5172 876 5256 proprietate,
910 5174 1042 5235 sine
1074 5174 1192 5236 ulla
1222 5173 1313 5236 sui
1349 5171 1789 5253 immutatione,
1824 5173 2127 5241 consistat.

2213 4929 2356 4992 ροϊς.
2407 4917 2668 4990 ἀμείωτον
2706 4917 2761 4975 δὲ
2791 4920 2934 4975 εἶναι
2993 4919 3080 4974 καὶ
3133 4917 3382 4983 ἀκίνητον
3423 4916 3483 4966 93
3524 4918 3730 4988 πάντη,
3764 4915 3846 4971 καὶ

2211 5005 2346 5059 εὶσω
2383 5007 2482 5072 τῆς
2512 5010 2646 5064 κατά
2675 5009 2816 5066 θείαν
2865 5007 3071 5086 ἵδρυσιν
3115 5004 3377 5072 ἰδιότητος
3429 5005 3845 5085 ἀπαραλλάκτως

2211 5094 2522 5160 ἑστηκυῖαν,
2556 5096 2778 5165 Ἐπίσης
2838 5095 2891 5154 δὲ
2925 5093 3082 5153 πάλιν
3127 5098 3178 5150 αἱ
3208 5101 3313 5151 τῶν
3361 5096 3568 5175 Λογίων
3597 5092 3729 5170 ᾠδαὶ
3766 5093 3846 5151 καὶ

2211 5181 2555 5260 ἀναγνώσεις,
2618 5187 2736 5252 τούς
2793 5186 2892 5263 μὲν
2946 5181 3258 5246 ἀτελέστους
3307 5181 3370 5234 95
3429 5184 3736 5260 μαιεύονται
3792 5180 3848 5232 9‘

1813 5347 2070 5414 VARUE
2109 5352 2546 5422 LECTIONES.

577 5517 640 5609 ετξ
667 5515 880 5609 ἀληθᾷςο
935 5513 1271 5609 Μιβεοῆξδ
1299 5512 1680 5609 ξελεσιουρχία,
2083 5522 2139 5567 ⁸ο
2161 5534 2252 5584 τοῦ
2283 5526 2537 5609 πλήθους,
2575 5528 2646 5590 Μ.
2703 5527 2766 5609 8]
2800 5527 2863 5592 S.
2917 5529 2981 5593 P.
3018 5530 3086 5592 Ι).
3267 5523 3622 5609 Sc._addunt
3655 5527 3849 5609 φωτόςτ

496 5597 560 5648 88
589 5601 693 5678 οὔχ
723 5599 971 5678 ἑτοίμως,
1165 5596 1227 5678 89
1255 5596 1637 5678 τελεσιουργία.

504 5676 785 5757 ἀμείωτον,
815 5676 926 5742 Ch.
957 5676 966 5678 “
1009 5676 1064 5722 93
1093 5677 1492 5755 ἀτελεστάτους,
1529 5677 1596 5739 D.

1727 5593 1789 5686 ρο
1815 5606 1918 5672 τῷν
1963 5603 2271 5686 ἱερατικῷν,
2302 5606 2367 5670 Ρ,

1681 5672 1747 5725 θ⁴
1774 5672 2048 5766 μυοΰσθαί,
2087 5692 2154 5746 Μ.

2456 5604 2680 5687 “latim,
2715 5605 2776 5673 δ.
2825 5612 2897 5675 ὡς
2937 5613 3122 5672 αὑταῖς
3167 5605 3346 5684 ὄψεσι,
3379 5606 3455 5671 Μ,
3501 5607 3600 5673 Sc,
3669 5604 3744 5651 ’9⁸
3771 5606 3852 5662 καὶ
