4028 6192
265 499 393 575 πρὸς
486 496 768 577 ζωηφόρον
851 497 1130 577 υἱοθεσίαν,
1216 497 1540 578 ἐπιστροφὴν
1624 494 1678 553 δὲ

268 595 541 646 ποιοῦνται
603 589 708 644 τῶν
766 587 964 666 ἐναγῶς
1053 586 1470 666 ἐνεργουμένων,
1533 587 1809 668 ἀφαιροῦσι
1869 585 1922 642 δὲ

269 677 366 744 τήν
423 676 670 734 ἔναντίαν
718 679 904 735 πτοίαν
948 677 1036 732 καὶ
1096 676 1262 741 θέλειν
1291 674 1358 728 95
1411 677 1471 732 ἑκ
1517 682 1624 732 τῶν
1659 674 1923 755 ἀνάνδρως

270 765 693 843 ἐνεργουμένων,
751 768 810 823 10
869 771 968 834 τῆς
1011 763 1268 828 θεοειδοῦς
1314 765 1469 832 ἕξεως
1512 767 1600 821 καὶ
1653 763 1922 838 δυνάμεως

269 854 566 917 ἀκρότατον
636 854 914 932 ἀναλόγως
986 859 1167 917 αὐτοῖς
1225 853 1614 914 ίνττοδεικνίἱσαι⁹
1678 853 1793 911 καθ’
1853 855 1920 922 ἢν

264 942 719 1020 ἱκδειματώσουσι
777 944 982 1019 μᾶλλον
1034 943 1100 994 96
1151 946 1296 1004 αὐτοὶ
1325 946 1416 1010 τὰς
1466 944 1699 1008 ἐναντίας
1760 942 1920 1000 δυνά-

265 1057 414 1113 μεις,
449 1036 541 1092 καὶ
591 1035 688 1103 τῆς
717 1035 910 1111 ἐτέρων
953 1035 1180 1113 ἰατρείας
1239 1037 1648 1114 προστήσονται,
1679 1036 1741 1091 τὸ
1798 1039 1921 1091 θεο-

271 1127 530 1199 μιμήτως
589 1125 840 1192 ἆκίνηεον
873 1125 972 1200 μὲν
1015 1123 1074 1179 ἐκ
1130 1131 1236 1180 τῶν
1293 1125 1497 1180 οἰκείων
1559 1123 1758 1194 καλῶν,
1793 1125 1922 1201 πρὸς

270 1213 321 1270 δὲ
363 1215 461 1280 τὰς
516 1214 756 1278 ἐναντίας
799 1217 984 1280 πτοίας
1038 1212 1350 1293 δραστήριον
1408 1216 1503 1272 οὒκ
1552 1213 1768 1294 ἔχοντες
1815 1216 1920 1288 μό·-

271 1325 383 1377 νον,
415 1303 557 1360 ἀλλᾶ
606 1305 692 1360 καὶ
745 1303 1080 1380 δωρούμενοι·
1151 1317 1269 1368 τοῖς
1307 1302 1361 1359 δὲ
1407 1305 1479 1366 εἰς
1530 1303 1646 1360 νοῦν
1677 1304 1814 1380 ἱερὸν
1866 1302 1926 1359 ἐκ

272 1399 378 1448 τῶν
432 1395 703 1472 χειρόνων
762 1395 1213 1473 μεταφοιτήσασιν
1271 1391 1377 1458 ἓξιν
1447 1393 1587 1471 ἱερὰν
1645 1393 1923 1449 ἰντίθενται

272 1483 402 1560 πρὸς
434 1487 513 1554 τῷ
535 1481 599 1532 97
631 1472 710 1557 μὴ
739 1483 885 1546 αὖθις
915 1472 1038 1538 γὺπὸ
1067 1483 1252 1545 κακίας
1285 1481 1508 1537 ἁλῶναι·
1563 1482 1679 1544 τοὺς
1711 1479 1763 1537 δὲ
1795 1482 1925 1557 πρὸς

273 1571 332 1624 τὸ
385 1569 535 1626 εἶναι
595 1572 894 1648 πανάγνους
967 1569 1166 1636 ἐνδεεῖς
1225 1569 1418 1634 τελέως
1491 1570 1924 1649 ἆπακαθαίρουσι⁶

1289 363 1387 426 DE
1434 360 1738 426 ECCLES.
1807 361 2256 442 HlERARCH,
2300 363 2463 427 CAP.
2512 363 2619 428 IV.

1774 497 1918 576 ἱερὰν
1939 502 1978 554 Α
2003 496 2138 559 Pari
2167 514 2374 558 rursus
2399 497 2573 561 modo
2599 497 2829 562 cantica
2859 498 3310 580 Scripturarum
3342 508 3522 584 atque
3554 505 3645 569 le-

3531 367 3647 436 478

2005 585 2242 676 ctiones
2264 586 2514 649 rudibus
2541 589 2736 651 adhuc
2765 590 2980 652 animis
3011 591 3085 653 ad
3107 592 3338 656 vitalem
3372 593 3650 676 adoptio-

2006 693 2142 736 nem
2192 675 2676 748 obstetricantur.
2715 688 2772 742 et
2817 698 3020 742 eorum
3071 681 3238 762 quia
3279 675 3649 747 dmmonibus

2010 773 2579 842 vexantur,sanctam
2596 773 3437 852 promoventconversionem,
3465 793 3650 856 pavo-

2003 871 2252 944 remque
2267 856 2632 918 contrarium
2654 866 2712 919 et
2725 859 3061 936 pellicatum
3074 861 3318 924 abolent
3331 881 3535 924 eorum
3551 865 3653 944 qui

2003 957 2038 1004 a
2058 943 2326 1005 daemone
2352 947 2889 1024 propterignaviam
2918 950 3310 1030 arripiuntur,
3338 951 3479 1014 dum
3517 943 3659 1014 SHB

2008 1034 2292 1094 nimirum
2319 1033 2459 1114 illis,
2489 1045 2558 1095 ad
2596 1037 2829 1098 illorum
2875 1046 3133 1118 captum,
3159 1049 3313 1102 statu
3347 1040 3658 1104 deiformis

2007 1139 2076 1186 ac
2106 1122 2336 1184 virtutis
2377 1124 2658 1186 verticem
2694 1135 3071 1206 pr0ponunt;
3123 1130 3280 1192 unde
3313 1131 3397 1204 fit,
3439 1139 3501 1192 ut
3529 1130 3649 1212 ipsi

2007 1213 2201 1293 potius
2224 1213 2486 1275 adversis
2507 1214 2905 1292 potestatibus
2928 1219 3142 1278 terrori
3167 1221 3493 1301 sint,atque
3524 1239 3646 1282 caa-

2007 1302 2149 1362 teris
2173 1321 2414 1382 quoque
2435 1303 2712 1364 curandis
2737 1307 3153 1385 prmticiantur,
3177 1308 3248 1370 ad
3271 1309 3376 1371 Dei
3401 1309 3642 1390 quidem

1984 1390 2396 1452 imitationem
2431 1390 2603 1453 bonis
2629 1395 2890 1473 propriis
2938 1396 3204 1472 stabiliti,
3235 1397 3518 1460 adversus
3547 1417 3647 1461 au-

2013 1489 2130 1542 tem
2167 1488 2424 1542 terrores
2453 1482 2785 1544 contrarios
2817 1502 2935 1544 non
2971 1493 3195 1548 tantum
3240 1487 3646 1552 eﬂicacitatem

2011 1568 2368 1644 obtinentes,
2404 1589 2606 1632 verum
2641 1572 2812 1633 etiam
2858 1573 3212 1653 largientes:
3245 1576 3318 1637 iis
3350 1596 3489 1638 vero
3545 1576 3649 1654 qui

270 1670 396 1722 τοὺς
461 1657 516 1715 δὲ
573 1662 743 1740 ἱερόὺς
802 1660 1020 1740 ἄγουσιν
1089 1661 1175 1717 ἐπὶ
1233 1660 1328 1722 τὰς
1397 1661 1536 1725 Θείας
1589 1661 1790 1725 εἰκόνας
1843 1662 1922 1716 καῖ

2013 1675 2085 1719 ex
2115 1658 2525 1737 iniquitatibus
2538 1660 2607 1722 ad
2629 1670 2887 1724 mentem
2921 1673 3181 1726 sanctam
3207 1665 3653 1742 redierunt,ba-

269 1747 507 1824 ἐποψίας
555 1755 727 1809 αὐτῶν
772 1752 858 1807 καὶ
915 1751 1216 1807 κοινωνίας⁶
1274 1752 1491 1806 ἑστιῶσι
1537 1747 1590 1806 δὲ
1633 1750 1753 1814 τοὺς
1791 1773 1922 1806 παν-

2013 1746 2196 1808 bitum
2232 1749 2547 1828 quemdam
2595 1760 2863 1812 sanctum
2897 1752 3186 1829 inferunt,
3220 1773 3296 1816 ne
3338 1755 3652 1836 iniquitate

619 1839 639 1872 ι

269 1838 440 1916 ιέρους
468 1838 556 1913 98,
617 1839 672 1896 ἐν
727 1840 1004 1917 μάκαρίοις
1047 1841 1136 1897 καὶ
1178 1853 1398 1906 νοητοῖς
1449 1839 1706 1914 θὲάμασιν
1782 1838 1922 1895 ἀλο-

2012 1837 2206 1899 denuo
2222 1839 2775 1920 capiantur;quibus
2791 1849 2984 1904 autem
3012 1843 3083 1904 ad
3109 1843 3512 1908 omnimodam
3540 1864 3654 1925 pu-

265 1927 574 2006 πληροῦσαι
617 1930 679 1985 τὸ
709 1928 930 1995 ἑνοειδὲς
986 1931 1157 1987 αὐτῶν
1185 1937 1278 1986 τοῦ
1327 1928 1466 2008 ἐνὸς,
1499 1931 1588 1985 καὶ
1645 1927 1922 1986 ὶνοποιοῦ-

265 2039 381 2081 σαι,

2006 1927 2242 1988 ritatem
2299 1927 2624 2009 quidquam
2681 1929 2869 2010 deest,
2906 1932 3038 1992 illos
3069 1932 3327 2004 perfecte
3371 1939 3656 2016 expiant;

2004 2024 2240 2078 sanctos
2285 2034 2429 2080 vero
2485 2018 2559 2080 ad
2590 2017 2877 2098 imagines
2925 2021 3152 2084 divinas
3187 2034 3246 2086 et
3301 2025 3651 2086 earumdem

264 2106 599 2168 contuitum
633 2112 807 2187 atque
837 2108 1201 2170 consortium
1234 2117 1625 2190 promovent;
1661 2113 1909 2189 pascunt
1939 2106 2146 2168 itidem
2181 2126 2284 2169 eos
2331 2107 2431 2188 qui
2453 2108 2575 2187 jam
2611 2109 2782 2188 plane
2814 2112 2999 2171 sancti
3032 2121 3189 2188 sunt,
3227 2111 3414 2176 beatis
3444 2131 3511 2176 ac
3538 2113 3661 2194 spi-

263 2194 544 2258 ritalibus
579 2197 1017 2276 spectaculibus
1041 2215 1248 2262 eorum
1282 2197 1746 2261 uniformitatem
1782 2216 1900 2259 uno
1945 2196 2048 2258 illo
2075 2196 2472 2278 adimplentes
2499 2205 2559 2258 et
2588 2198 2958 2262 uniticantes.

1857 2359 1886 2440 δ
1934 2358 2034 2422 1v.

351 2480 412 2537 Τί
466 2479 523 2536 δέ
559 2502 574 2555 ;
623 2480 757 2561 Οὒχὶ
789 2485 873 2540 καὶ
927 2483 1020 2548 τὰς
1066 2485 1143 2558 μὴ
1199 2487 1373 2553 πάντη
1417 2487 1670 2564 καθαρὰς,
1705 2487 1778 2541 ὧν
1818 2482 1920 2551 ἤδη

272 2572 496 2646 μνήμην
555 2570 946 2647 ἐποιησάμεθα,
995 2575 1190 2654 τάξεις,
1248 2575 1457 2653 ἆμιγῶς
1505 2573 1748 2653 ἀπολύει,
1786 2574 1922 2631 κατὰ

271 2663 364 2715 τὸν
408 2659 568 2716 αὺτὸν
596 2665 694 2727 τῆς
740 2661 998 2727 συνάξεως
1045 2664 1268 2744 τρόπον,
1301 2667 1334 2732 ἦ
1380 2657 1616 2743 παροῦσα
1662 2667 1748 2719 νῦν
1810 2663 1923 2740 ἱερᾶ

271 2747 613 2822 τελετουργία
666 2749 752 2824 99,
786 2753 968 2826 μόνοις
1025 2752 1080 2808 ἓν
1123 2753 1316 2809 εἰκόσιν
1369 2754 1616 2832 ὁρωμένη
1673 2766 1792 2815 τοῖς
1847 2755 1924 2809 ιε-

275 2851 391 2914 ροϊς
454 2837 565 2911 i00,
623 2842 711 2896 καὶ
765 2845 897 2919 πρὸς
979 2844 1158 2917 μόνων
1227 2842 1440 2917 ἀμέσως
1499 2848 1604 2898 τῶν
1662 2841 1922 2920 πανιὲρων

274 2929 616 3007 ἱεραρχικαϊς
706 2929 1014 3008 ἀναγωγαῖς
1089 2931 1487 3007 ὲποπτευομὲνη
1557 2934 1643 2988 καὶ
1712 2934 1920 3010 ἱερουρ-

274 3015 566 3093 γουμένης
632 3021 803 3076 Ταῦτα
839 3021 937 3091 μὲν
993 3020 1081 3077 οὖν
1111 3019 1212 3088 ἤδη
1258 3020 1515 3082 πολλάκις
1575 3023 1711 3096 ἡμῖν
1769 3023 1921 3098 εἰρη-

272 3105 408 3179 μένα
457 3108 700 3183 περιττόν
731 3107 874 3166 ἐστιν
903 3109 950 3186 ί,
985 3112 1056 3174 ὡς
1111 3111 1292 3190 οἶμαι,
1325 3125 1441 3173 τοῖς
1495 3113 1674 3176 αὐτοῖς
1717 3110 1920 3166 ἐπάνα-

268 3194 492 3251 κυκλεῖν
521 3195 552 3245 9
599 3195 803 3279 λόγοις,
839 3202 925 3256 καὶ
955 3201 1030 3275 μη
1065 3201 1194 3279 πρὸς
1243 3203 1307 3256 τὰ
1340 3200 1461 3267 eam
1506 3199 1800 3273 μεταϐῆναι
1831 3202 1922 3256 τὸν

2087 2481 2237 2554 Quid
2261 2482 2476 2563 porro?
2496 2484 2772 2565 Nunquid
2807 2485 2985 2547 etiam
3019 2504 3281 2566 praesens
3301 2503 3432 2568 quae
3466 2485 3645 2547 modo

2007 2571 2344 2633 celebratur
2368 2575 2741 2637 consecratio
2767 2575 3010 2636 ordines
3041 2575 3175 2638 illos
3194 2577 3294 2657 qui
3327 2595 3441 2636 non
3473 2574 3649 2655 plane

2007 2661 2211 2722 mundi
2248 2671 2407 2734 sunt,
2446 2681 2698 2742 quorum
2743 2671 2916 2725 antea
2959 2667 3320 2727 mentionem
3371 2664 3646 2740 fecimus,

2005 2751 2430 2830 impromiscue
2453 2751 2798 2832 dimittit,eo
2823 2754 2998 2815 modo
3017 2774 3132 2835 quo
3160 2756 3222 2818 fit.
3256 2757 3314 2816 in
3333 2754 3558 2834 synaxi,
3591 2760 3650 2814 et

2003 2843 2061 2900 in
2082 2840 2265 2901 sacris
2288 2848 2511 2901 tantum
2545 2841 2904 2918 imaginibus
2928 2845 3336 2924 cernitur‘00',
3361 2851 3420 2906 et
3451 2863 3482 2905 a
3503 2841 3649 2903 solis

2006 2929 2144 2991 viris
2166 2931 2565 2994 sanctissimis
2589 2931 2648 2992 in
2680 2934 3071 2995 hierarchicis
3096 2935 3399 3015 anagogiis
3428 2941 3647 2995 imme-

2002 3019 2160 3080 diate
2186 3021 2552 3100 conspicitur
2580 3040 2648 3084 ac
2669 3023 3053 3087 celebratur?
3083 3026 3331 3098 Verum,
3361 3025 3483 3086 llch
3512 3040 3646 3084 cum

2004 3109 2644 3188 anobissaepenumero
2659 3111 2819 3173 dicta
2841 3112 3489 3194 sint,supervacaneum
3517 3128 3648 3173 esse

2004 3199 2262 3260 arbitror
2283 3200 2493 3261 iisdem
2528 3201 2724 3263 verbis
2749 3212 3048 3282 repetere,
3076 3206 3217 3284 quin
3245 3205 3442 3284 potius
3466 3202 3537 3263 ad
3574 3219 3645 3264 ea

267 3284 533 3363 ἱεράρχην
593 3287 782 3349 ἑνθέως
874 3291 1100 3365 δρῶντας
1181 3290 1282 3346 ὑπὸ
1352 3287 1656 3348 δυοκαίδεκα
1714 3287 1920 3366 πτέρυξι

2008 3307 2136 3367 qua;
2165 3301 2501 3369 sequuntur
2545 3291 2926 3371 transeundo,
2964 3293 3302 3372 pontiﬁcem
3348 3293 3648 3354 videamus

269 3373 804 3449 περικεκαλυμμένον
865 3375 1059 3458 ἔχοντα
1124 3379 1183 3434 τ’)
1240 3382 1386 3435 θετον
1447 3380 1629 3459 μύρον,
1677 3385 1764 3434 καὶ
1822 3379 1919 3444 τὴν

2008 3377 2111 3438 alis
2143 3378 2460 3439 duodecim
2495 3379 2828 3442 obvelatum
2892 3371 3257 3460 unguentum
3291 3400 3521 3446 sacrum
3554 3389 3648 3442 te-

209 3465 682 3538 “παναγεστάτην
765 3464 848 3522 ἐπ’
936 3469 1078 3540 αὐτῷ
1178 3468 1447 3524 τελείωσιν
1530 3471 1912 3546 ἱερουργοῦντα.

2008 3476 2270 3537 nentem,
2299 3485 2363 3528 ac
2385 3467 2765 3545 purissimum
2794 3471 2851 3531 in
2877 3491 2946 3532 eo
2969 3481 3401 3534 sacramentum
3430 3487 3647 3532 conse-

268 3552 518 3627 Τέλωμεν
569 3555 762 3625 τοίνυν,
823 3557 896 3618 ὡς
967 3562 1002 3624 ἡ
1068 3566 1159 3614 τοῦ
1225 3559 1390 3636 μύρου
1467 3556 1698 3620 σὸνθεσις
1763 3579 1917 3612 συνα-

2008 3569 2296 3618 crantem.
2331 3556 2610 3619 Dicamus
2638 3559 3132 3640 igitur,unguenti
3157 3561 3646 3641 compositionem

270 3642 424 3718 γωγή
500 3643 577 3707 τίς
627 3643 769 3699 ἐστιν
827 3645 1062 3702 εὖπνόων
1127 3645 1262 3702 ὅλῶν
1319 3648 1376 3704 ἐν
1435 3648 1595 3724 ἑαυτῇ
1651 3646 1914 3710 πλουσίως

2008 3645 2407 3706 collectionem
2439 3648 2753 3726 quamdam
2781 3667 2910 3709 esse
2939 3650 3320 3726 fragrantium
3369 3647 3648 3708 materia-

274 3729 481 3808 ἔλουσα
527 3733 819 3800 ποιότητας
853 3736 1128 3811 εὒόσμους,
1164 3741 1226 3804 ἧς
1279 3739 1325 3793 οἱ
1358 3739 1721 3816 μετασχόντες
1777 3736 1914 3792 εὔω-

2008 3751 2161 3814 rum,
2186 3752 2318 3814 quae
2349 3735 2406 3794 in
2431 3737 2724 3798 seaffatim
2745 3738 3154 3799 suaveolentes
3177 3739 3444 3799 continet
3463 3735 3649 3816 quali-

275 3818 569 3898 διάζονται,
598 3825 732 3879 κατὰ
762 3828 860 3890 τὴν
906 3825 1186 3902 ἀναλογίαν
1239 3835 1329 3883 106
1358 3834 1526 3883 ποσοῦ
1555 3828 1653 3892 τῆς
1698 3827 1918 3904 ἐγγενο-

2008 3833 2177 3898 tates,
2204 3824 2374 3902 cujus
2400 3825 2500 3904 qui
2528 3826 2840 3906 participes
2872 3827 3186 3901 exsistunt,
3221 3827 3419 3888 odoris
3447 3826 3646 3887 suavi-

278 3909 446 3982 μένης
507 3915 690 3974 αὐτοῖς
729 3921 821 3970 106
879 3913 1099 3978 εὗῶδους
1163 3913 1444 3990 μεθέξεως.
1485 3916 1814 3989 Πεπείσμεθα
1866 3913 1919 3970 δὲ

2008 3920 2123 3972 tate
2143 3913 2437 3987 aﬂlantur,
2476 3916 2859 3993 proportione
2889 3915 3202 3993 fragrantis
3235 3934 3364 3997 qum
3396 3916 3510 3977 illis
3546 3915 3642 3976 in-

281 3999 427 4054 εϊναι
478 4001 571 4056 τὸν
615 4002 1043 4082 θεαρχικώτατον
1103 4003 1306 4071 Ἰησοῦν
1354 4005 1670 4084 ὑπερουσίως
1725 4002 1918 4082 εὖώδη,

2008 4010 2096 4063 est
2143 4002 2629 4082 participationis.
2678 4007 2905 4065 Scimus
2949 4017 3172 4086 autem,
3217 4006 3644 4066 divinissimum

282 4102 510 4154 νοηταῖς
581 4088 848 4148 διαδόσεσι
910 4095 968 4150 τὸ
1045 4096 1224 4172 νοερὸν
1294 4096 1450 4168 ἡμῶν
1519 4092 1922 4170 ἀποπληροῦντα

2013 4092 2173 4152 illum
2187 4091 2386 4153 Jesnm
2401 4092 3054 4173 suprasubstantialiter
3073 4093 3647 4174 fragrantem,5piri-

273 4180 418 4242 θείας
450 4177 674 4246 ἡδονῆς.
711 4183 768 4237 Εἰ
804 4182 898 4258 γάρ
957 4182 985 4248 ἡ
1030 4187 1137 4238 τῶν
1169 4186 1432 4250 αἰσθητῶν
1463 4183 1669 4239 εὒωδῶν
1698 4183 1730 4232 3
1777 4183 1922 4238 ἀντί-

2010 4180 2229 4241 talibus
2281 4180 2802 4243 distributionibus
2833 4192 3058 4262 partem
3104 4185 3288 4246 nostri
3318 4184 3644 4265 spiritalem

263 4267 470 4346 ληψις,
503 4268 752 4325 εὐπαθεῖν
813 4272 964 4327 ποιεί
994 4274 1082 4327 καὶ
1125 4273 1306 4350 τρέφει
1348 4274 1440 4328 σὺν
1476 4271 1633 4348 ἔβονῇ
1660 4271 1835 4346 πολλῇ
1866 4273 1922 4326 τὸ

2011 4269 2208 4329 divina
2241 4271 2532 4348 voluptate
2549 4289 2846 4334 recreare.
2882 4271 2939 4334 Si
2963 4273 3120 4334 enim
3154 4293 3352 4335 rerum
3384 4273 3648 4336 sensibi-

257 4364 371 4412 τῶν
404 4359 718 4436 ὁσφραντων
776 4360 930 4434 ἡμῶν
963 4359 1308 4442 διακριτικὸν,
1342 4361 1495 4440 εἴπερ
1552 4360 1776 4424 ἀϐλαϐές
1807 4382 1863 4417 τε
1895 4361 1922 4408 4

2012 4358 2154 4418 lium
2209 4359 2608 4419 suaveolentia
2661 4369 2951 4442 nostrum,
2990 4363 3164 4423 modo
3226 4382 3404 4424 sanus
3456 4373 3515 4423 et
3562 4361 3646 4422 rei

255 4447 353 4512 εἴη
402 4449 490 4503 καὶ
544 4451 675 4525 πρὸς
734 4451 795 4504 τὸ
857 4448 1046 4512 £61635:
1094 4450 1147 4505 ἐν
1207 4452 1499 4528 συμμετρίᾳ
1555 4449 1918 4535 κατάλληλον,

2008 4447 2319 4508 οάοτίΐονω
2337 4447 2534 4508 debita
2549 4451 2936 4529 proportione
2966 4454 3535 4513 accommodatussit
3563 4451 3650 4512 ol-

255 4535 544 4614 ἀναλόγως
600 4536 660 4592 ἄν
689 4560 769 4600 τις
815 4541 943 4619 φαίη
978 4543 1066 4596 καὶ
1109 4542 1202 4604 τὰς
1251 4542 1433 4618 νοερᾶς
1473 4545 1629 4615 ἡμῶν
1681 4539 1922 4615 δυνάμεις

2008 4536 2224 4596 factum
2261 4536 2412 4598 bene
2443 4536 2651 4610 afﬁcit,
2689 4547 2747 4599 et
2780 4558 2988 4618 magna
3021 4560 3158 4601 cum
3193 4542 3490 4622 voluptate
3519 4543 3647 4622 alit,

257 4627 396 4702 πρὸς
441 4627 540 4692 τὴν
602 4627 686 4684 ἐπὶ
715 4630 779 4684 τὸ
833 4642 1022 4709 χεῖρον
1047 4629 1225 4707 ὕφεσιν
1288 4631 1705 4709 ἀπαραφθάρτως
1751 4630 1782 4678 5
1810 4629 1918 4685 δια-

2008 4627 2212 4688 eadem
2249 4629 2450 4704 utique
2480 4627 2713 4687 ratione
2744 4629 2902 4689 dicat
2934 4630 3170 4709 aliquis,
3203 4631 3505 4707 spiritales
3534 4651 3646 4692 no-

258 4715 550 4794 κειμὲνας,
584 4717 634 4772 ἐν
684 4723 751 4793 τῇ
807 4719 900 4775 τοῦ
944 4718 996 4773 ἐν
1053 4721 1186 4792 ἡμῖν
1247 4727 1479 4798 κριτικοῦ
1509 4726 1703 4800 φυσικῇ
1733 4719 1913 4797 ῥώσει,

2008 4726 2150 4777 stras
2198 4715 2527 4790 facultates,
2564 4715 2614 4775 si
2665 4716 2824 4777 nulla
2873 4719 2930 4778 in
2977 4719 3192 4780 malum
3251 4721 3649 4800 propensione

257 4805 403 4860 κατὰ
446 4806 514 4860 τὰ
568 4809 847 4884 θεουργικα
904 4807 1069 4883 μέτρα
1130 4809 1216 4864 καὶ
1272 4809 1370 4875 τὴν
1427 4808 1769 4875 κατάλληλον
1826 4815 1918 4865 106

2008 4813 2296 4885 corruptae
2327 4804 2570 4882 fuerint,
2608 4807 2863 4867 naturali
2896 4809 3151 4882 quodam
3177 4809 3386 4888 judicii
3420 4810 3645 4890 vigore,

261 4896 386 4954 νοὸς
445 4897 579 4972 πρὸς
648 4897 708 4952 τὸ
766 4899 912 4952 Θετον
976 4897 1323 4976 ἐπιστροφὴν,
1378 4898 1432 4954 ἐν
1492 4898 1774 4973 ἀντιλήψει
1820 4899 1916 4963 τῆς

2008 4895 2334 4956 secundum
2360 4894 2578 4954 divinas
2603 4895 2962 4974 Operationis
2987 4899 3192 4958 modos
3207 4917 3650 4982 congruamque

258 4987 561 5063 θίηρχηιῆς
643 4983 854 5049 εὐωδίας
925 4987 1178 5064 γίνεσθαι,
1254 4990 1343 5044 καὶ
1429 4989 1706 5050 εὐπαθείας
1778 4991 1918 5064 ἱερᾶς

2008 4985 2219 5046 mentis
2239 4983 2309 5044 ad
2344 4982 2526 5044 Deum
2561 4987 3036 5061 conversionem,
3065 4987 3249 5050 divini
3269 4989 3476 5051 odoris
3505 5009 3646 5052 sua-

1586 5103 1843 5170 VARle
1886 5102 2318 5168 LECTIONES.

347 5207 414 5260 93
443 5208 658 5294 φέρουσι
702 5209 755 5266 δὲ
788 5211 884 5279 τὴν
917 5211 1152 5294 ἐναντίαν
1184 5211 1218 5280 ἢ
1241 5211 1446 5294 τοιάνδε
1482 5213 1741 5294 κάθελξιν,
1775 5213 1848 5277 Μ.
1883 5213 1976 5277 Sc.
2006 5211 2070 5262 96
2099 5213 2354 5290 μάλιστα,
2392 5213 2468 5274 Μ.
2513 5211 2575 5294 97
2604 5214 2733 5288 πρὸς
2757 5213 2838 5293 τά,
2875 5215 2972 5278 SC.
3001 5214 3128 5289 Sar,
3175 5217 3238 5267 98
3270 5218 3428 5280 hunc
3455 5219 3646 5280 locum

264 5289 350 5349 ita
381 5289 563 5351 habet
593 5292 670 5351 Μ.
700 5292 912 5365 ἐστιῴαι
943 5291 996 5347 δὲ
1024 5294 1168 5369 τοὺς,
1204 5292 1462 5371 πανιέρως
1495 5297 1548 5348 δν
1578 5289 1854 5371 μακαρίοις
1888 5296 1974 5351 καὶ
2007 5301 2208 5377 νοητῷς
2237 5289 2512 5377 θεάμασιν,
2544 5289 2945 5377 itaquevertit
2982 5295 3078 5358 Sc.
3117 5296 3420 5377 Reﬁciunt
3449 5308 3650 5360 autem

264 5370 1122 5457 quosdam_sacratissime_in_
1165 5370 1807 5457 beati}invisibiliter,
1846 5385 1960 5438 etc.
2023 5375 2086 5424 99
2119 5375 2498 5457 tE/fﬂoopyiz,
2533 5370 2665 5457 Ch.’_
2702 5373 2781 5457 {00
2808 5389 2925 5457 tot;
2961 5370 3269 5457 δριυπένοὶς,
3312 5379 3417 5457 (Ζῂ.
3463 5378 3533 5439 D.
3567 5381 3646 5442 Μ.

261 5453 410 5535 scot
434 5450 631 5535 vertit,
667 5450 972 5535 obtutibus
992 5451 1247 5513 divinis.
1284 5451 1380 5495 ¹⁰⁰’
1421 5453 1952 5535 Refertinterpres
1985 5454 2378 5516 masculinum
2413 5455 2575 5535 ἱεροῖς
2598 5452 2668 5513 ad
2701 5450 3050 5515 femininum
3103 5450 3287 5518 εἰκόαί.
3318 5456 3487 5519 Unde
3511 5476 3648 5520 sus-

264 5530 423 5610 picio
456 5532 644 5592 oritur
673 5533 817 5612 vert_i
851 5549 1044 5610 posse:
1069 5550 1104 5591 a
1127 5548 1354 5593 sanans
1383 5535 1445 5594 in
1473 5530 1832 5612 imaginibus
1864 5546 2088 5598 tantum
2119 5530 2639 5612 cerniturm'snlis
2660 5541 2856 5597 mitem
2888 5552 3275 5596 SANCTISSIMIS
3305 5538 3652 5601 immediate

261 5609 727 5691 Conspicitur...
771 5609 879 5674 EDi.
914 5614 1176 5696 ΡᾼΤΗΟμ.
1240 5615 1426 5696 Ῑλὴμξν
1456 5609 1622 5696 ἐστιν,
1656 5615 1733 5679 Μ,
1796 5617 1824 5658 3
1853 5615 2268 5696 ἑπαναδωκλουν,
2305 5613 2414 5675 Cll.
2475 5611 2737 5696 3‘5'3405izq
2782 5618 2869 5672 καὶ
2900 5615 3112 5690 ἡδονῆς,
3149 5616 3214 5678 D.
3240 5624 3345 5692 τῷν
3381 5620 3530 5686 αἰσθη
3546 5624 3650 5696 τῷς

265 5691 476 5767 εωιῴν
506 5694 572 5756 S.
610 5695 640 5761 ἡ
673 5694 772 5772 γὰρ
803 5699 908 5768 τῷν
940 5695 1225 5769 αἰσθητῴν,
1265 5694 1338 5756 Μ.
1372 5692 1471 5757 Sc.
1530 5693 1558 5736 ⁴
1584 5691 1639 5752 τὲ
1671 5715 1788 5758 non
1816 5696 1991 5760 habet
2023 5699 2102 5760 M.
2161 5696 2189 5737 5
2218 5693 2686 5772 ἆπαραθραύστως,
2723 5695 2795 5757 D.
