4088 6208
433 283 553 346 479

1602 286 1664 348 S.
1716 283 2054 349 DIONYSII
2090 286 2617 350 AREOPAGITIE.

3677 296 3779 361 480

433 423 608 511 vitate
625 419 1016 511 perfundi,atq
1025 438 1098 483 ue
1111 436 1280 511 sacra
1311 419 1567 511 quadarn
1582 419 1887 511 voluptate
1908 425 1968 480 et
1987 417 2083 480 di-

2168 419 2496 511 πληροῦσθαι
2539 424 2627 479 καί
2655 422 2928 493 θειοτάτης
2973 422 3195 506 τρὸφῆς.
3231 427 3430 486 Οὐκοῦν
3457 427 3492 497 ἡ
3519 433 3608 486 τοῦ
3636 429 3784 511 μόρου

436 508 742 572 vinissimo
759 509 1039 572 alimento
1060 509 1286 572 satiari.
1319 507 1579 590 Ipsamet
1600 509 1773 588 igitur
1799 511 2082 588 unguenti

437 599 690 679 mystica
717 599 1090 677 compositio,
1125 600 1266 661 919
1296 599 1467 676 quasi
1507 601 1566 662 in
1599 598 1951 676 ﬁguratione
1978 617 2081 661 re-

433 709 567 752 rum
583 688 1042 768 inﬁgurabilium
1055 689 1396 770 ,ipsummet
1409 690 1606 751 Iesum
1625 688 1797 750 nobis
1813 689 2082 769 depingit

433 797 569 843 esse
586 779 806 840 fontem
836 777 1153 853 uberem,e
1177 797 1296 856 quo
1319 777 1652 839 divinorum
1678 777 1928 839 odorum
1943 795 2078 839 sua-

431 869 638 931 vitates
652 867 1180 944 hauriuntur,dum
1197 866 1680 949 proportionibus
1699 865 2075 947 divinoprin-

434 956 726 1038 cipalibus
756 957 816 1018 in
849 966 1079 1018 mentes
1110 957 1364 1018 maxime
1408 955 1737 1019 deiformes
1769 955 2074 1018 divinissi-

436 1066 564 1110 mos
589 1047 724 1109 illos
742 1046 988 1128 Spiritus
1014 1047 1290 1123 infundit,
1317 1045 1532 1128 quibus
1552 1044 1808 1107 suaviter
1835 1045 2082 1121 affecta),

431 1136 736 1217 sacrisque
764 1135 1252 1216 perceptionibus
1283 1137 1496 1217 plenae,
1526 1134 2085 1215 spiritalialimonia

433 1227 844 1308 perfruuntur,
869 1225 1006 1287 dum
1040 1225 1456 1287 suaveolentes
1479 1226 1604 1286 istze
1633 1224 2085 1289 distributiones

433 1315 629 1381 divina
687 1314 1010 1394 largitione
1066 1314 1396 1398 spiritalem
1455 1316 1671 1378 animae
1744 1315 2081 1396 portionem

436 1404 718 1473 subeunt.

2161 508 2457 586 συμϐολική
2513 513 2768 586 σύνθεσις,
2813 515 2888 580 ὡς
2943 514 2999 571 ἐν
3041 515 3316 597 μορφώσει
3375 521 3481 574 τῶν
3542 508 3784 599 ἀμορφό-

2158 621 2292 677 των,
2322 603 2479 657 αὐτὸν
2533 603 2670 677 ἡμῖν
2700 604 2992 687 ὑπογρέφει
3048 606 3140 661 τὸ»
3173 601 3376 672 Ἰησοῦν
3409 621 3643 684 πηγαῖον
3670 607 3786 666 ὄντα

2157 696 2266 746 τῶν
2334 690 2486 746 θείων
2570 688 2776 747 εὐωδῶν
2844 691 3179 769 ἀντιλήψεων
3254 692 3438 772 ὄλϐον,
3498 693 3786 776 ἀναλογίαις

2156 781 2476 857 θεαρχικαϊς
2525 781 2598 844 εἷς
2628 781 2692 836 τὰ
2742 779 3106 854 θεοειδέστατα
3133 780 3169 831 6
3220 788 3329 840 τῶν
3376 785 3567 862 νοερῶν
3622 784 3786 844 ἀναδι-

2157 865 2312 926 δόντα
2341 869 2460 934 τούς
2508 871 2805 934 θειοτάτους
2847 871 3067 948 ἀτμοὺς,
3114 872 3195 952 ἐφ’
3241 875 3326 936 οἷς
3380 875 3426 931 οἰ
3469 875 3584 938 νόες
3632 876 3787 933 εὐπα-

2157 960 2260 1024 θῶς
2314 956 2586 1034 ἡδόμενοι,
2634 961 2721 1016 καὶ
2773 967 2880 1017 τῶν
2941 963 3093 1040 ἱερῶν
3148 961 3490 1038 ἀντιλήψεων
3549 963 3786 1032 ἀποπλη-

2169 1047 2434 1127 ρούμενοί,
2465 1054 2634 1128 τροφῇ
2690 1055 2856 1126 νοητῇ
2907 1057 3167 1130 χρῶνται,
3202 1056 3272 1119 τῆ
3327 1053 3459 1131 πρὸς
3517 1075 3578 1110 το
3623 1057 3789 1128 νοερὸν

2169 1138 2339 1194 αὐτῶν
2394 1135 2613 1196 εἶσδὺσει
2665 1144 2770 1196 τῶν
2815 1141 2952 1197 κατά
2996 1140 3137 1198 θείαν
3180 1139 3382 1217 μέθεξιν
3422 1140 3630 1202 εὐωδῶν
3677 1141 3790 1200 δια-

2167 1223 2386 1291 δόσεων,

2049 1540 2191 1620 §v.

513 1675 802 1742 Existimo
831 1688 1026 1742 autem
1059 1698 1191 1744 esse
1225 1687 1631 1763 perspicuum,
1666 1676 2078 1761 superioribus
2099 1681 2138 1732 Β

2240 1674 2407 1735 ’Ἐστι
2436 1677 2516 1752 δὲ,
2550 1679 2624 1740 ὡς
2654 1691 2834 1754 οἴμαι,
2866 1677 3050 1756 δῆλον,
3082 1679 3164 1737 ὅτι
3209 1683 3333 1745 ταῖς
3365 1679 3493 1759 ὑπὲρ
3537 1682 3680 1755 ἡμᾶς
3708 1683 3794 1740 οὐ·

435 1768 740 1846 essentiis,
777 1777 980 1851 utpote
1037 1771 1451 1842 divinioribus,
1486 1771 1724 1833 fontalis
1754 1767 2083 1849 fragrantia

2169 1767 2328 1835 σίαις,
2365 1770 2436 1833 ὡς
2491 1767 2809 1848 θειοτέραίς,
2854 1771 2888 1837 ἦ
2919 1771 3018 1837 τῆς
3062 1771 3300 1849 πηγαίας
3359 1767 3575 1835 εὐωδίας
3615 1767 3796 1826 ἀνάδο-

433 1853 894 1917 distributionem
928 1862 1401 1932 proyinquiorem
1431 1859 1853 1934 quodammodo
1883 1858 2083 1914 existe-

2168 1878 2248 1920 σις
2309 1855 2559 1936 ἐγγατέρα
2589 1858 2704 1921 πώς
2754 1857 2888 1934 ἐστι,
2922 1861 3008 1915 καὶ
3053 1860 3256 1934 μᾶλλον
3305 1859 3468 1928 αὐτὴν
3496 1859 3527 1909 Ἰ
3576 1860 3798 1940 ὶκφαίνει

434 1962 522 2020 re,
557 1948 867 2028 magisque
914 1969 979 2013 se
1009 1951 1126 2014 illis
1176 1969 1528 2032 expromere
1579 1970 1648 2012 ac
1696 1947 2079 2022 distribuere,

436 2044 660 2116 partem
687 2040 1037 2102 eorumdem
1065 2042 1318 2104 maxime
1346 2041 1699 2103 deiformem
1729 2037 2084 2118 virtutisque

436 2125 722 2204 spiritalis
743 2131 1195 2208 capacissimam
1214 2131 1436 2192 aﬁ‘atim
1459 2129 1901 2202 mundando,ac
1928 2127 2048 2188 mul
2066 2162 2082 2174 ~

435 2215 726 2296 tipliciter
744 2217 1084 2300 subeundo;
1113 2221 1183 2281 ad
1206 2220 1522 2282 inferiores
1535 2223 1825 2297 autem,et
1846 2219 1945 2298 qui
1965 2235 2085 2278 non

436 2321 605 2385 atque
622 2325 867 2388 capaces
890 2319 1052 2389 sunt,
1077 2328 1413 2390 supremam
1440 2309 1599 2370 illam
1624 2306 2085 2389 contemplatio-

436 2411 572 2455 nem
595 2402 774 2477 atque
787 2399 1270 2461 communionem
1287 2408 1634 2460 reverenter
1653 2396 2084 2476 contrahendo,

436 2483 712 2563 ejusdem
733 2487 1765 2568 participstionem,instillationibus
1779 2504 1980 2548 eorum
1996 2504 2088 2547 ca-

433 2573 556 2654 ptui
574 2577 1058 2653 accommodatis,
1088 2578 1552 2659 divinaquadam
1573 2577 1954 2658 proportione
1975 2575 2084 2636 de-

427 2663 644 2726 rivare.
706 2665 869 2728 Ordo
900 2666 1099 2747 itaque
1141 2665 1489 2749 Seraphim,
1519 2666 1618 2748 qui
1667 2674 1902 2728 sanctas
1955 2665 2086 2726 illas

428 2753 596 2810 nobis
615 2755 1051 2814 excellentiores
1069 2758 1345 2814 essentias
1377 2772 1546 2828 supra
1580 2757 1811 2812 modum
1830 2762 2081 2825 superat,

427 2843 487 2904 in
509 2843 621 2906 alis
652 2844 974 2908 duodecim
1009 2847 1400 2926 signiﬁcatur,
1418 2855 1617 2908 astans
1642 2847 1779 2907 Jesu
1811 2854 1869 2906 et
1900 2863 2083 2924 prope

430 2932 625 3012 ipsum
653 2935 1376 3016 collocatus,beatissimis
1401 2936 1530 3014 ejus
1551 2933 2081 3015 contemplationi-

2165 1947 2252 2002 καὶ
2311 1944 2604 2003 διαδίδωσιν
2632 1947 2666 1996 8
2722 1949 2794 2011 εἷς
2839 1950 2902 2004 τὸ
2945 1945 3299 2005 διειδέστατον
3355 1951 3549 2029 αὐτῶν,
3584 1951 3673 2006 καὶ
3717 1950 3799 2006 εὐ·

2167 2037 2376 2093 εκτικὸν
2417 2040 2517 2105 τῆς
2560 2037 2695 2093 κατὰ
2725 2043 2845 2094 νοῦν
2897 2036 3284 2106 ἀντιληπτικῆς
3316 2035 3590 2113 δυνάμεως
3644 2038 3801 2118 ἀφθό-

2167 2148 2271 2190 νως
2329 2123 2739 2204 ὑπερϐλὺζουσα,
2799 2128 2886 2184 καὶ
2945 2127 3322 2192 πολυπλασίως
3385 2127 3419 2178 9
3475 2126 3798 2204 eic8oopévn°

2169 2217 2298 2294 πρὸς
2331 2213 2383 2272 δὲ
2413 2217 2480 2272 τὰ
2533 2218 2638 2272 τῶι
2693 2223 2888 2295 νοερῶν
2948 2215 3007 2267 10
3061 2218 3337 2296 ὑφειμένα,
3383 2219 3469 2276 καὶ
3499 2219 3578 2293 μὴ
3632 2219 3800 2275 ὡσαύ-

2169 2325 2273 2368 τως
2308 2303 2546 2384 δεκτικά,
2577 2306 2678 2373 τὴν
2722 2305 3018 2384 ὑπερτάτην
3048 2305 3096 2348 ﬂ
3129 2307 3407 2386 ἀχράντως
3461 2307 3802 2382 ἀποκρύψασα

2169 2392 2299 2450 θέαν
2351 2395 2439 2450 καὶ
2485 2392 2713 2469 μέθεξιν,
2745 2393 3030 2472 ἀναλόγοις
3088 2400 3192 2450 τῶν
3242 2395 3586 2474 μετεχόντων
3617 2395 3802 2470 ἀτμοτς

2167 2484 2223 2539 ἓν
2284 2483 2574 2561 συμμετρίᾳ
2625 2485 2886 2562 θεαρχ-ικξι
2954 2480 3258 2542 διαδίδοται.
3308 2489 3423 2541 Τῶν
3479 2483 3610 2561 ὑπὲρ
3667 2485 3800 2560 ἡμᾶς

2172 2571 2262 2630 οὖν
2323 2573 2488 2651 ἁγίων
2520 2574 2708 2630 οὐσιῶν
2765 2574 2800 2639 ἡ
2835 2572 2992 2630 τόσον
3053 2573 3408 2650 ὑπερκειμένη
3441 2578 3542 2630 τῶν
3574 2573 3803 2652 Σεραφὶμ

2167 2663 2333 2737 τάξις,
2369 2663 2423 2718 ὲν
2468 2667 2533 2740 τῇ
2587 2667 2690 2718 τῶν
2745 2663 3018 2742 πτερύγων
3050 2661 3110 2712 η
3157 2661 3516 2720 δυοκαιδεκάδι
3548 2663 3802 2739 σημαίνε-

2165 2774 2274 2827 ται,
2307 2753 2422 2832 περὶ
2465 2754 2556 2808 τὸν
2586 2751 2791 2818 ἰησοῦν
2841 2753 3046 2808 ἑστῶσα
3097 2753 3187 2809 καὶ
3231 2751 3507 2832 ἱδρυμένη,
3539 2765 3660 2815 τοῖς
3703 2773 3804 2826 μα-

2165 2842 2512 2920 καριωτάτοις
2569 2843 2724 2898 αὐτοῦ
2757 2842 3036 2920 θεάμασιν,
3069 2843 3142 2905 ὡς
3196 2843 3433 2916 θεμιτὸν,
3481 2839 3797 2898 ἐπιϐάλλου-

2165 2954 2253 3004 σα,
2305 2933 2392 2987 καὶ
2448 2931 2546 2999 τῆς
2603 2935 2804 2998 νοητῆς
2862 2929 3150 2994 διαδόσεως
3206 2932 3360 3010 ίερῶς
3417 2931 3471 2988 ἐν
3525 2931 3805 3009 πανάγνοις

435 3022 568 3100 bus,
599 3034 880 3104 quantum
911 3026 996 3087 fas
1028 3034 1358 3099 est,vacans
1384 3034 1443 3087 et
1474 3024 1757 3106 spiritalis
1789 3020 2079 3084 distribu-

2167 3019 2464 3100 ὑποδοχαῖς
2497 3019 2977 3099 ἀποπληρουμένη,
3012 3022 3099 3076 καὶ
3141 3020 3242 3086 τὴν
3295 3018 3694 3099 πολυύμδητον,
3726 3020 3809 3074 αἱ·

433 3112 678 3175 tionisin
699 3115 1093 3177 sanctissimis
1107 3115 1502 3197 receptaculis
1525 3122 1730 3176 Sint-te
1755 3113 2079 3194 plenus,et,

432 3212 499 3263 ut.
520 3201 786 3265 sensibili
810 3205 985 3266 modo
1009 3204 1224 3284 dicam,
1245 3206 1488 3266 multam
1516 3204 1884 3265 decantatam
1919 3203 2080 3265 illam

428 3289 536 3354 Dei
567 3292 800 3354 laudem
829 3293 1329 3356 incessabilivoce
1345 3295 1762 3376 proclamans;
1801 3310 1966 3352 sacra
1997 3292 2081 3352 si-

427 3381 672 3460 quidem
700 3384 1069 3446 ccelestiuum
1095 3384 1412 3465 spirituum
1433 3383 1688 3461 cognitio
1710 3391 1768 3444 et
1785 3381 2082 3465 indefessa

427 3459 606 3548 est,et
623 3471 888 3534 divinum
907 3475 1086 3536 habet
1109 3459 1372 3536 amorem
1395 3459 1858 3546 indeﬁcientem;
1884 3459 2075 3532 omni-

429 3579 547 3643 que
565 3562 787 3625 malitia
803 3569 867 3628 et
887 3564 1181 3626 oblivione
1205 3564 1482 3644 superior
1505 3562 1702 3624 existit
1730 3581 1744 3636 ;
1777 3560 1932 3622 unde
1957 3560 2082 3621 cla-

432 3669 562 3714 mor
583 3651 683 3714 ille
703 3652 1098 3729 incessabilis,
1131 3671 1264 3714 meo
1289 3653 1529 3733 quidem
1551 3649 2082 3732 judicio,designat

426 3743 851 3823 sempiternam
885 3761 1091 3804 eorum
1138 3752 1198 3804 et
1232 3741 1687 3815 immutabilem,
1721 3758 1856 3802 cum
1917 3739 2083 3800 omni

429 3832 813 3894 contentione
867 3842 1042 3914 atque
1075 3831 1403 3910 gratiarum
1449 3831 1711 3905 actione,
1746 3846 1949 3892 rerum
1981 3827 2080 3890 di-

423 3919 690 3982 vinarum
725 3922 1036 3983 scientiam
1069 3929 1248 4001 atque
1281 3921 1712 4002 cognitionem.

2164 3111 2369 3176 σθητῶς
2426 3111 2621 3182 εἰπεῖν,
2651 3109 2928 3187 ἂσιγήτοις
2975 3108 3231 3184 στόμασιν
3275 3109 3642 3186 ἀνακράζουσα
3690 3112 3805 3166 θεο-

2164 3199 2368 3278 λογίαν·
2443 3201 2474 3267 ἡ
2526 3200 2625 3277 γὰρ
2681 3199 2794 3277 ἱερά
2847 3205 2954 3255 τῶν
3004 3197 3369 3276 ὑπερκοσμίων
3426 3205 3561 3255 νοῶν
3620 3203 3805 3277 γνῶσις

2165 3289 2437 3363 ἀκάματός
2499 3288 2556 3344 τὲ
2614 3288 2749 3360 ἔστι,
2796 3289 2884 3344 γαὶ
2939 3286 3310 3354 ἀκατάληκτον
3361 3286 3480 3367 ἔχει
3523 3286 3612 3343 τὸν
3672 3291 3806 3344 θεῖον

2165 3378 2358 3458 ἔρωτα,
2414 3378 2598 3443 κακίας
2653 3399 2711 3434 τε
2755 3377 2866 3452 ἅμα
2909 3376 3086 3444 πάσης
3145 3377 3444 3456 ὑπέρκειται
3489 3379 3576 3434 καὶ
3620 3375 3805 3446 λήθης.

2164 3468 2303 3548 ὅθεν,
2338 3470 2410 3532 ὡς
2458 3468 2640 3545 οἶμαι,
2674 3468 2735 3524 τὸ
2789 3472 2888 3534 τῆς
2933 3467 3192 3546 ἀσιγήτου
3217 3471 3454 3546 κραυγῆς
3507 3468 3810 3523 ὑπαινίσσε-

2163 3579 2250 3619 ται
2305 3559 2403 3625 τὴν
2454 3556 2662 3614 αἷώνιον
2718 3560 2888 3616 αὐτῶν
2941 3558 3031 3613 καὶ
3091 3555 3454 3631 ἀμετάστατον
3507 3555 3564 3612 ἐν
3622 3577 3806 3612 συντο-

2165 3649 2246 3721 νίᾳ
2303 3649 2449 3724 πάσῃ
2506 3648 2593 3702 καὶ
2649 3646 2960 3727 εὐχαριστίᾳ
3004 3652 3109 3702 τῶν
3165 3646 3318 3703 θείων
3359 3646 3678 3721 ἐπιστήμην
3729 3644 3809 3701 καὶ

2165 3739 2374 3805 νόησιν.

2045 4081 2075 4160 §
2116 4079 2216 4143 Vl.

510 4241 902 4323 Incorporeas
959 4241 1203 4322 quidem
1259 4240 1646 4322 proprietates
1705 4240 2008 4321 seraphim
2054 4257 2083 4303 a

2251 4240 2355 4306 Τὰς
2400 4239 2496 4315 μὲν
2540 4238 2628 4297 οὖν
2659 4238 2969 4314 ἀσωμάτους
3027 4243 3132 4294 τῶν
3163 4237 3391 4316 σεραφὶμ.
3417 4234 3688 4302 ἰδιότητας
3754 4231 3808 4288 ἂν

433 4331 741 4406 Scripturis
772 4339 964 4390 sancte
995 4330 1306 4388 sensilibus
1333 4330 1534 4401 ﬁguris
1563 4329 1774 4401 quibus
1804 4344 1896 4387 res
1920 4328 2086 4386 intel-

435 4421 651 4479 lectiles
677 4423 1008 4492 exprimunt
1033 4421 1286 4492 depictas
1313 4422 1368 4477 in
1401 4419 1708 4477 caelestium
1730 4419 2088 4476 biesarchia-

312 4504 320 4512 ’
432 4530 562 4574 rum
595 4510 1105 4590 descriptionibus
1139 4510 1450 4590 praeclare,
1485 4509 1566 4571 uti
1603 4521 1766 4588 puto,
1801 4509 2087 4589 spectavi-

434 4619 587 4682 mus,
620 4600 854 4682 tuisque
883 4600 1252 4682 spiritalibus
1283 4599 1470 4662 oculis
1501 4597 1890 4661 exhibuimus
1923 4616 1939 4673 ;
1976 4597 2080 4659 sed

432 4690 711 4773 quoniam
744 4690 1071 4752 etiamnum
1095 4689 1169 4752 iis
1194 4689 1295 4770 qui
1328 4689 1594 4770 pontiﬁci
1623 4698 1972 4750 reverenter
1990 4705 2082 4750 as-

433 4781 669 4848 sistunt.
690 4780 851 4841 illam
884 4780 1072 4857 ipsam
1106 4778 1600 4841 sublimissimam
1633 4777 2074 4840 distinctionem

435 4867 608 4930 nobis
637 4875 1065 4949 repraesentant
1109 4867 1400 4942 breviter,
1434 4868 1649 4929 iterum
1703 4866 2078 4928 immateria-

437 4957 596 5021 libus
648 4957 838 5020 oculis
905 4977 1078 5039 quam
1142 4958 1396 5020 maxime
1457 4957 1807 5021 deiformem
1869 4973 2080 5019 eorum

437 5045 823 5127 splendorem
857 5045 1358 5130 contemplemur.

2169 4343 2288 4394 τοῖς
2318 4331 2528 4408 Λογίοις
2559 4329 2839 4395 αἰσθηταῖς
2884 4328 3050 4383 εἰκόσι
3079 4332 3185 4382 τῶν
3215 4326 3420 4392 νοητῶν
3450 4324 3509 4374 1³
3549 4324 3802 4404 imputo-

2170 4432 2345 4498 ρικατς
2377 4421 2528 4496 ἱερῶς
2572 4415 3074 4495 ἀναγεγραμμένας,
3109 4415 3165 4470 ἐν
3193 4428 3312 4478 τοῖς
3361 4412 3682 4488 διακόσμοις
3711 4413 3808 4468 τῶν

2169 4508 2548 4588 ὑπερουρανίων
2604 4505 2912 4585 ἱεραρχιῶν,
2952 4505 3026 4569 ὡς
3080 4504 3263 4577 οἶμαι,
3295 4502 3474 4565 καλῶς
3517 4501 3808 4575 ἐθεασάμε-

2167 4601 2253 4672 θα,
2320 4599 2406 4654 καὶ
2468 4610 2588 4660 τοῖς
2631 4606 2750 4658 σοῖς
2805 4605 3012 4671 νοεροϊς
3075 4590 3376 4670 ὀφθαλμοῖς
3445 4589 3804 4665 ὑπεδείξαμεν·

2164 4687 2310 4764 ὅμως
2341 4683 2523 4754 ἐπειδὴ
2550 4687 2638 4741 καὶ
2686 4690 2773 4740 νῦν
2816 4685 2863 4739 οἱ
2893 4685 2988 4738 τὸν
3017 4682 3276 4762 ἱεριίρχην
3321 4681 3474 4761 ἱερῶς
3508 4681 3802 4759 περιεστῶ-

2164 4798 2275 4856 τες,
2334 4777 2496 4842 αὐτὴν
2547 4777 2682 4851 ἡμῖν
2727 4772 2934 4840 ἐκείνην
2977 4774 3304 4829 ἀποτιδποῦσι
3357 4771 3455 4838 τὴν
3508 4769 3806 4856 ὑπερτέρων

2162 4855 2511 4940 διακόσμησιν
2540 4864 2597 4921 ἔτ
2652 4863 2914 4938 ἀπιτομῇ,
2945 4863 3032 4918 καὶ
3073 4867 3161 4917 νῦν
3191 4858 3505 4924 ἀϋλοτάταις
3539 4858 3596 4909 14
3651 4855 3804 4934 ὄψεσι

2163 4957 2260 5026 τὴν
2290 4952 2688 5020 θεοειδεστάτην
2734 4955 2904 5012 αὐτῶν
2949 4949 3184 5030 ἀγλαΐαν
3215 4948 3488 5025 ὀψόμεθα.

1757 5225 2024 5292 νΑΒΙιΕ
2066 5222 2508 5290 LECTIONES.

517 5395 554 5449 θ
581 5399 653 5463 εἷς
685 5414 805 5460 non
830 5394 1012 5459 habet
1039 5397 1148 5473 M.,
1181 5395 1288 5460 sed
1311 5395 1591 5460 duntaxat
1619 5394 1996 5472 θεοειδέστερα,
2031 5403 2088 5458 et
2120 5412 2279 5472 mox,
2313 5394 2430 5460 τούς
2463 5389 2985 5473 θειοτέτους-δηλοῦν
3016 5388 3215 5473 ἀτμούς

447 5475 532 5558 (lit
578 5476 735 5542 Scot.
821 5475 850 5524 Ἰ
896 5478 1088 5558 ἑαυτήν
1133 5467 1200 5528 ’8
1228 5478 1341 5558 ὶστιγ
1385 5480 1475 5536 καὶ
1517 5476 1834 5558 διαδίδωσιν,
1980 5467 1991 5472 ⁷
2037 5476 2071 5527 9
2113 5467 2555 5558 πολλαπλασίως,
2593 5471 2653 5558 _D
2733 5467 3102 5558 ‘P_iept_itv,_D.

3271 5401 3414 5489 qua
3432 5383 3636 5489 omnia
3663 5382 3808 5489 reg-

3367 5466 3422 5544 ὲρ
3470 5466 3691 5542 ἀριτάν.
3724 5463 3806 5523 u.

3191 5433 3242 5510 il
3272 5433 3364 5524 Ἐξ

449 5557 572 5630 Sc.;
605 5565 916 5641 utramque
944 5544 1264 5622 lectionem
1314 5557 1448 5624 Sar.
1482 5544 1833 5641 expressit.’
1864 5553 1920 5600 ¹²
1950 5562 2180 5635 nupti”.
2212 5557 2322 5618 Ch.
2359 5553 2420 5618 S.
2482 5555 2556 5615 M.
2591 5551 2688 5616 Sc.
2754 5548 2809 5594 ¹³
2833 5544 2919 5609 καὶ
2946 5554 3055 5624 τῷν
3083 5555 3312 5624 νοητῷν,
3349 5545 3430 5610 Μ.
3499 5544 3553 5589 η
3582 5545 3815 5624 ἆγιωτα-

448 5658 592 5714 ταις,
623 5639 701 5700 Μ.
737 5636 832 5704 Sc:
