4088 6208
209 314 334 390 489

703 325 800 390 DE
845 324 1141 391 ECCLES.
1192 318 1636 408 HIERARCH.,
1678 326 1855 391 CAP.
1904 322 2008 390 IV.
2056 358 2128 371 -
2161 323 2577 388 PARAPHR.‘
2612 320 3107 388 PACHYMERE

3472 313 3592 390 490

209 460 275 515 αἶ
308 481 365 515 τε
396 458 549 534 ᾠδαὶ,
583 460 671 515 καὶ
701 462 751 515 αἱ
799 458 1147 539 ἀναγνώσεις,
1182 462 1269 517 καὶ
1326 462 1360 529 ἡ
1419 466 1527 517 τῶν
1581 481 1861 541 κατηχου-

1959 476 2013 520 ιο
2042 458 2504 521 catechumenos
2520 457 2759 535 dimitti,
2788 455 2999 547 eodem
3027 473 3266 547 quoque
3287 456 3386 519 hic
3411 458 3589 547 modo

208 549 392 622 μένων
455 548 711 612 ἀπόλυσις
769 550 991 626 γίνεται·
1050 551 1141 607 τὸν
1198 550 1355 606 αὒτὸν
1414 552 1608 627 τρόπον
1650 553 1737 608 καὶ
1767 552 1857 606 ἐν-

208 642 378 695 ταῦθα
432 640 496 695 τά
544 646 759 695 τοιαῦτα
790 637 1088 700 τελοῦνται,
1130 643 1287 719 Εἶτα,
1318 642 1381 697 τὸ
1410 641 1573 718 μύρον
1598 643 1625 696 ὃ
1680 640 1857 721 ἱεράρ-

208 749 328 805 χης
382 727 587 808 λαϐὼν,
645 727 907 795 ἐπιτίθησί
968 737 1045 802 τῷ
1100 728 1221 804 θείῳ
1271 730 1647 808 θυσιαστηρίῳ,
1702 751 1855 805 περι-

210 818 615 893 κεκαλυμμένον
672 819 864 893 ῥιπίσιν
921 820 1095 896 ἁγίαις
1148 821 1221 883 ὡς
1252 818 1461 898 πτέρυξι
1522 818 1852 899 δυοκαίδεκα,

208 905 563 964 ἀναϐοώντων
622 908 834 964 πάντων
869 910 929 964 τὸ
961 906 1288 975 Ἀλληλοόϊα
1320 916 1497 977 (13610
1556 910 1655 987 γὰρ
1713 908 1854 987 λέγει

208 995 515 1072 πελῴδημα
563 997 659 1065 τῆς
703 996 757 1052 ἐν
805 1010 924 1062 τοῖς
957 996 1254 1078 προφήταις
1283 998 1558 1060 ἐπιπνοίας
1591 1004 1683 1054 106
1715 1020 1857 1054 παν-

210 1088 368 1163 αγίου
421 1087 768 1162 Πνεῦματος),
830 1088 917 1144 καὶ
971 1087 1372 1166 ἀποπληρώσας
1427 1088 1530 1154 τὴν
1582 1084 1667 1144 ἐπ’
1714 1087 1856 1161 αὒτῷ

211 1176 411 1254 εὺχὴν,
449 1180 651 1256 χρῆται
682 1174 871 1232 λοιπὸν
903 1177 1034 1253 πρὸς
1088 1182 1262 1235 πᾶσαν
1318 1175 1514 1257 σχεδὸν
1573 1178 1857 1257 ίεραρχικὴ

212 1265 634 1345 τελεσιουργίαν,

862 1366 952 1419 lll.
990 1357 1213 1436 Θεωρία.

293 1449 326 1529 §
385 1460 427 1512 ι,
493 1451 676 1516 Καθὼς
736 1451 826 1506 καὶ
883 1451 938 1506 ἐν
995 1464 1111 1514 τοῖς
1170 1458 1362 1527 προτοῦ
1427 1451 1709 1527 πεποίηκε,
1772 1454 1858 1509 καὶ

213 1547 430 1618 πρῶτον
518 1539 666 1619 ἔλεγε
757 1542 854 1608 τὴν
948 1542 1304 1619 εἰσαγωγικὴν
1374 1541 1661 1619 ἀναγωγὴν
1730 1544 1862 1620 πρὸς

212 1630 575 1710 ψυχαγωγίαν
605 1637 709 1686 τῶν
739 1628 816 1686 ἔτι
858 1629 1213 1709 τελουμένων,
1277 1631 1364 1686 καὶ
1424 1632 1501 1703 μὴ
1559 1628 1860 1706 δυναμένων

210 1723 350 1798 πρὸς
381 1718 717 1799 ὑψηλοτέραν
746 1720 1042 1799 ἀναχθῆναι
1087 1721 1326 1798 θεωρίαν·
1382 1718 1517 1778 οὕτω
1570 1734 1719 1777 ποιεῖ
1775 1724 1860 1778 καὶ

1943 547 2058 609 ista
2091 547 2261 610 ﬁunt.
2302 548 2529 610 Deinde
2565 547 2820 626 pontifex
2853 545 3152 625 accipiens
3194 545 3589 632 unguentum,

1942 637 2196 717 imponit
2254 637 2399 698 illud
2453 637 2652 698 divino
2705 636 2897 715 altari,
2930 634 3246 696 duodecim
3268 639 3452 700 sacris
3480 639 3593 704 alis

1941 743 2048 787 seu
2083 724 2293 805 pennis
2337 725 2693 799 obvelatum,
2728 724 3004 786 omnibus
3056 723 3315 786 Alleluia
3345 729 3594 791 concla-

1944 815 2241 875 mantibus
2274 816 2411 895 thoc
2449 814 2610 876 enim
2643 823 2806 876 \ocat
2837 812 3143 876 Canticum
3198 815 3388 876 sancti
3446 819 3589 899 Spi-

1940 902 2086 965 ritus
2118 913 2177 965 et
2204 905 2587 985 aspirationis
2641 902 3117 984 pr0phetarum),
3175 904 3595 986 completoque

1940 1011 2121 1074 super
2150 1011 2221 1055 eo
2253 994 2538 1065 oratione,
2569 1004 2776 1073 postea
2812 992 2911 1053 illo
2971 993 3158 1055 utitur
3210 993 3284 1054 ad
3332 1014 3586 1060 omnem

1941 1084 2370 1166 propemodum
2402 1083 2833 1146 hierarcbicam
2866 1083 3400 1149 consecrationem.

2464 1341 2565 1405 Ill.
2608 1344 3076 1424 Contemplatio.

2023 1438 2128 1517 δι.
2185 1437 2697 1512 Quemadmodum
2763 1436 2938 1499 etiam
2996 1444 3171 1500 antea
3224 1438 3499 1518 faciebat,
3532 1451 3593 1506 et

1948 1529 2203 1607 primum
2240 1527 2606 1609 proponebat
2632 1527 3124 1607 introductoriam
3157 1524 3490 1612 anagogen,
3514 1531 3592 1595 ad

1945 1616 2377 1678 institutionem
2411 1635 2615 1678 eorum
2649 1617 2751 1698 qui
2783 1616 2978 1679 adhuc
3009 1617 3342 1700 initiantur,
3378 1638 3491 1683 nec
3520 1620 3595 1683 ad

1942 1706 2353 1768 sublimiorem
2378 1707 2944 1788 contemplationem
2965 1708 3176 1769 adduci
3210 1719 3484 1792 possunt,
3509 1713 3597 1775 sic

210 1810 461 1869 ἐνταῦθα.
498 1800 559 1864 Ἠ
592 1818 715 1886 γοῦν
745 1816 838 1865 τοῦ
866 1809 1002 1864 θείου
1056 1809 1246 1888 μύρου,
1298 1810 1451 1888 φησὶ,
1504 1809 1857 1887 περίκάλυψις

1959 1796 2118 1898 aliam
2144 1795 2242 1897 hic
2262 1796 2427 1858 facit.
2452 1795 2599 1898 ‘Hmc
2623 1796 2821 1877 igitur,
2858 1794 3072 1898 inquit,
3094 1797 3597 1898 divini-unguenti

211 1899 355 1954 κατὰ
384 1898 670 1975 ἀναγωγὴν
704 1898 1086 1976 εἰσαγωγικὴν,
1120 1900 1321 1977 ἓκεϊνο,
1355 1899 1541 1978 οἶμαι,
1572 1897 1756 1977 δηλοῖ,
1798 1902 1860 1955 τὸ

1959 1884 2230 1947 )bvelatio
2244 1887 2571 1948 secundum
2592 1904 2895 1966 anagogen
2918 1886 3434 1964 iutroductoriam,
3460 1891 3594 1952 exi-

212 1986 662 2066 περικεκαλύρθαι
697 1992 868 2043 πᾶσαν
898 1988 1032 2044 κατά
1069 1993 1189 2043 νοῦν
1239 1986 1422 2066 πρᾶξιν
1482 1986 1676 2055 εὖώδη’
1737 1986 1857 2054 ἥτις

1959 1986 2133 2051 nimo,
2158 1985 2443 2066 signiﬁcat
2467 1986 2816 2066 fragrantem
2835 2000 3063 2043 omnem
3088 1986 3394 2045 mentalem
3416 1989 3601 2047 actio-

215 2065 343 2143 Sér’n
377 2076 634 2154 ἀναγωγὴ
666 2076 1022 2155 ἐγκελεύεται,
1057 2077 1134 2151 μὴ
1188 2080 1507 2155 φαινομέναις
1568 2077 1716 2157 ἔχειν
1772 2080 1858 2135 επὶ

1959 2084 2077 2126 iem
2112 2065 2252 2125 225
2284 2084 2419 2128 esse
2449 2065 2837 2128 obvelandam
2875 2087 2890 2148 ;
2927 2066 3222 2149 siquidem
3276 2068 3401 2130 haec
3445 2089 3594 2133 ana-

216 2166 344 2243 δόξῃ
403 2171 531 2242 κενῇ
588 2167 681 2230 τὰς
740 2167 933 2233 νοητὰς
986 2163 1224 2236 εὐωδίας,
1259 2169 1346 2223 καὶ
1377 2167 1738 2246 ἀφομοιώσεις
1770 2176 1861 2224 106

1959 2166 2290 2237 gogejubet,
2329 2167 2563 2223 minime
2605 2165 2676 2223 ad
2708 2166 2937 2222 inanem
2969 2166 3210 2237 gioriam
3260 2176 3598 2246 apparentes

217 2256 438 2335 κρυφίου
473 2257 625 2318 Θεοῦ,
660 2254 977 2335 ’¹Αχραντοι
1009 2256 1107 2334 γὰρ
1146 2258 1275 2312 εἰσιν
1306 2256 1410 2313 ἀπὸ
1465 2264 1570 2313 τῶν
1618 2264 1709 2313 τοῦ
1767 2258 1865 2314 γό-

1959 2247 2170 2308 habere
2201 2246 2550 2324 fragrantias
2586 2246 2975 2327 spiritales,et
3002 2246 3225 2309 occulti
3256 2245 3362 2309 Dei
3385 2249 3599 2312 simili-

220 2369 385 2419 σμου,
421 2346 509 2401 καὶ
539 2347 723 2420 μόνοις
756 2358 875 2409 τοῖς
906 2344 1481 2423 νοεροῖςοὲμφαίνονται
1514 2348 1565 2402 αἱ
1596 2350 1734 2403 Οεϊαι
1782 2350 1869 2403 καὶ

1959 2335 2207 2397 ludincs.
2243 2337 2410 2398 Pura:
2433 2336 2763 2398 enimsunt
2814 2355 2845 2397 a
2868 2336 3110 2409 smculo,
3147 2337 3406 2419 solisque
3455 2340 3599 2403 viris

223 2434 443 2498 εὖώδεις
505 2435 833 2509 εὖπρέπειαι,
890 2436 977 2490 καὶ
1009 2436 1273 2510 ὁμοειδεῖς
1305 2434 1540 2491 θέλουσιν
1572 2435 1740 2516 ἔχειν,
1776 2436 1870 2491 οὒκ

1959 2424 2316 2505 Spiritalibus
2340 2433 2629 2506 apparent
2676 2425 3029 2487 illaadivinzn
3056 2443 3123 2486 ac
3145 2425 3471 2504 fragrantes
3495 2446 3598 2490 ve-

222 2523 531 2602 ἀνθρώπους
568 2527 719 2597 σαρκὶ
749 2532 973 2601 ζῶντας,
1031 2523 1170 2580 ἀλλὰ
1222 2525 1317 2587 τὰς
1362 2524 1415 2580 ὲν
1461 2528 1699 2605 κρυφίαις
1761 2531 1868 2600 ψυ-

1959 2524 2243 2596 uustates,
2277 2525 2335 2577 et
2367 2516 3036 2597 requiruntuniformes
3052 2516 3475 2598 homines,non
3494 2518 3599 2599 qui

225 2626 363 2693 χαῖς
396 2614 833 2693 ἀπαραφθάρτους
865 2615 1093 2689 εἰκόνας,
1127 2614 1214 2670 ὅτε
1244 2614 1451 2683 δηλαδῆ
1484 2619 1542 2672 τὸ
1606 2616 1725 2673 κατ’
1788 2618 1868 2672 εἶ-

1959 2605 2280 2666 secundum
2343 2624 2580 2666 carnem
2632 2606 2847 2681 vivant,
2901 2605 3006 2666 sed
3055 2606 3152 2684 qui
3187 2606 3601 2670 inr'econditis

223 2705 355 2759 κόνα
388 2703 535 2775 μένει
572 2702 873 2770 ἀλώϐητον’
921 2706 981 2759 τὸ
1040 2705 1140 2783 γὰρ
1197 2702 1411 2782 ἄγαλμα
1465 2705 1561 2772 τῆς
1618 2705 1871 2770 θείθειδοῦς

1959 2693 2673 2775 animisincorruptibiles
2697 2702 2904 2774 gerant
2926 2694 3237 2775 imagines,
3264 2696 3406 2757 dum
3428 2696 3604 2759 nimi-

224 2794 419 2869 ἀρετῆς
450 2796 544 2851 οὐκ
600 2791 776 2856 ἄλλως
829 2795 891 2848 τὸ
940 2793 1354 2872 ἀπαργάραπτον
1403 2793 1526 2872 ἕξει,
1588 2798 1632 2851 εἰ
1684 2797 1762 2870 μὴ
1820 2796 1871 2851 εὖ

1959 2794 2158 2854 rumid
2183 2793 2337 2874 quod
2365 2793 2680 2873 imaginem
2706 2792 2810 2855 Dei
2830 2793 3013 2856 refert
3039 2804 3236 2856 manet
3257 2797 3600 2860 immacula-

224 2881 546 2956 μιμήσεται,
580 2884 667 2938 καὶ
697 2883 826 2957 πρὸς
857 2880 1033 2938 ἐκεῖνο
1089 2885 1149 2938 τὸ
1175 2885 1366 2949 νοητὸν
1398 2886 1482 2939 καὶ
1514 2882 1698 2947 εὒῶδες
1730 2884 1868 2939 κάλ-

1959 2890 2105 2958 tum;
2139 2902 2271 2944 nam
2306 2884 2540 2946 virtutis
2570 2882 2881 2945 deiformis
2911 2883 3295 2947 simulacrum
3331 2886 3478 2949 illud
3499 2887 3601 2949 in-

222 2977 317 3036 λδς
349 2976 581 3029 τοπώσει
612 2972 790 3034 ἑαυτό,
830 2963 864 2995 ”
895 2982 1073 3049 Ωσπερ
1121 2973 1221 3051 γὰρ
1248 2976 1334 3029 ἰπὶ
1365 2980 1470 3029 τῶν
1502 2976 1762 3041 αἰσθητῶν
1794 2976 1869 3029 εί-

1959 2972 2475 3053 L'ircumsrriptum
2516 2992 2631 3034 non
2663 2973 2835 3034 aliter
2868 2972 3131 3054 habebit,
3158 2975 3268 3037 nisi
3301 2974 3459 3038 idem
3488 2977 3603 3040 rite

226 3062 423 3141 κόνων,
457 3064 502 3118 εἰ
524 3064 652 3139 πρὸς
682 3066 741 3118 τό
773 3061 1079 3141 ἀρχέτυπον
1110 3061 1301 3126 κάλλος
1336 3066 1364 3119 ὁ
1424 3067 1651 3142 γραφεὺς
1711 3064 1868 3120 ἀκλι-

1959 3060 2131 3123 fuerit
2186 3062 2473 3138 imitatus,
2534 3071 2591 3123 et
2650 3062 2726 3123 ad
2757 3061 2952 3143 ipsum
2985 3063 3311 3144 spiritalem
3346 3084 3513 3128 suam
3544 3074 3605 3129 et

224 3158 328 3215 νὼς
364 3153 537 3233 ἀφορᾷ
570 3158 647 3228 μὴ
704 3153 1108 3231 περισπώμενος
1163 3152 1304 3209 ’ἐνθεν
1358 3153 1626 3231 κάκεῖθεν,
1660 3152 1871 3233 ἐξακρι-

1959 3150 2317 3253 fragrantem
2352 3151 2854 3253 pulchritudinem
2889 3153 3415 3253 etl'ormarit.Sicut
3443 3156 3603 3218 enim

222 3239 375 3297 ϐάσει
411 3244 473 3297 τὸ
504 3243 723 3317 μίμημα
756 3242 933 3321 (τοῦτο
966 3242 1065 3321 γὰρ
1095 3242 1207 3299 ἐστι
1236 3244 1296 3300 τὸ
1327 3241 1681 3300 διπλασιάσει’
1713 3245 1871 3311 ποιή-

1959 3239 2016 3301 in
2051 3241 2374 3303 sensilibus
2407 3240 2786 3322 imaginibus,
2821 3243 2868 3302 si
2906 3240 3098 3322 pictor
3144 3243 3217 3303 ad
3269 3245 3605 3325 primaevam

224 3353 306 3388 σει
342 3332 443 3409 γὰρ
474 3333 562 3387 καὶ
588 3330 719 3388 ἄλλο
755 3335 870 3388 οἷον
903 3331 1105 3403 ἐκεῖνο,
1142 3331 1276 3398 πλὴν
1300 3339 1393 3389 τυῦ
1422 3334 1521 3398 τῆς
1548 3332 1723 3396 οὐσίας
1757 3336 1874 3389 δια-

223 3422 411 3502 φόρου,
445 3423 506 3477 τὸ
534 3422 635 3497 μὲ)
663 3422 761 3499 γὰρ
796 3420 1046 3489 ἀληθινὸν
1082 3420 1337 3497 ἔμπνουν,
1373 3424 1435 3477 τὸ
1470 3420 1525 3477 δὲ
1555 3430 1643 3478 106
1666 3423 1874 3500 ζωγρά-

226 3534 324 3591 φου
355 3510 554 3589 ἕργον)·
591 3511 729 3568 οὕτω
759 3513 847 3568 καὶ
877 3524 996 3574 τοῖς
1027 3519 1285 3591 γραφεῦσι
1316 3525 1436 3576 τοῖς
1494 3525 1875 3587 πνευματικοῖς

222 3602 260 3669 ὴ
300 3603 431 3679 πρὸς
459 3602 521 3657 τὸ
550 3600 854 3680 ἀρχέτυπον
878 3603 967 3658 καὶ
998 3599 1188 3666 εὐῶδες
1218 3599 1414 3667 κάλλος
1463 3600 1684 3669 ἀκλινὴς
1734 3605 1875 3658 θεω-

224 3691 315 3767 ρία
345 3691 407 3746 τὸ
438 3689 676 3753 ἀπλανὲς
708 3688 1004 3769 δωρήσεται
1037 3688 1294 3767 ῗνδαλμα.
1330 3690 1517 3756 Καλῶς
1547 3690 1636 3747 οὖν
1666 3694 1714 3747 οἱ
1740 3690 1876 3747 ὅσιοι

222 3793 479 3860 γραῳεϊς,
543 3779 988 3860 ἀμεταστρὲπτως
1047 3779 1431 3846 εἷδοποιοῦντες
1484 3784 1543 3837 τὸ
1602 3780 1756 3856 ἴδιον,
1817 3783 1878 3837 τὸ

223 3873 435 3948 νοερὸν,
466 3872 527 3928 ο·’›
556 3871 886 3948 φροντίσωσι
921 3870 1017 3937 τῆς
1046 3868 1145 3935 ἔξω
1176 3870 1636 3949 περιπλανήσεως.
1674 3862 1876 3935 ’Ἕξουο

226 3981 280 4015 σι
313 3966 441 4037 γοῦν
474 3961 537 4015 τὸ
560 3963 705 4015 θεῖον
745 3960 909 4039 μύρον
964 3958 1487 4039 περικεκαλυμμένον
1545 3963 1616 4023 ὡς
1676 3960 1874 4039 εἰκόνα,

228 4051 364 4127 πρὸς
424 4048 520 4112 τὰς
550 4053 650 4115 τῆς
682 4047 1004 4116 Ἐκκλησίας
1037 4047 1317 4124 διατάξεις,
1351 4049 1437 4107 ἐπὶ
1477 4051 1539 4106 τὸ
1595 4051 1672 4126 μὴ
1728 4072 1876 4125 πομ-

225 4140 412 4195 πεύειν
468 4138 606 4195 ἅπαν
656 4139 848 4217 ἀγαθὸν
908 4138 1063 4219 ἔργον
1119 4141 1192 4204 είς
1242 4141 1402 4207 κενὴν
1457 4144 1560 4195 τῶν
1590 4140 1877 4213 ἀνθρώπων

224 4227 406 4295 δόξαν
445 4227 527 4284 διὸ
560 4230 648 4285 καὶ
676 4230 846 4304 αὐτοὶ,
882 4231 943 4285 τὸ
982 4227 1100 4287 κατ’
1161 4229 1354 4305 ἀρετὴν
1402 4231 1540 4307 ἱερὸν
1597 4229 1732 4286 εἴσω
1786 4234 1879 4285 106

222 4320 351 4382 νοὸς
412 4318 897 4396 περικαλύπτοντες
954 4321 1090 4376 κατὰ
1149 4321 1210 4376 τὸ
1264 4319 1659 4394 κεκαλυμμένον
1693 4319 1875 4398 μύρον,

221 4410 361 4488 πρὸς
393 4407 570 4482 μόνην
599 4408 807 4475 εκείνη,
839 4410 936 4477 τὴν
966 4408 1266 4489 ἀρχέτυπον
1324 4406 1685 4467 ἀποὸλὲπουσι
1744 4409 1879 4475 νόη-

220 4522 334 4562 σιν.
378 4497 509 4558 Οὐδὲ
536 4500 636 4579 γὰρ
665 4500 877 4558 ἀθέατοι
907 4503 1069 4576 μόνον
1103 4503 1200 4559 εἰσὶ
1230 4515 1346 4567 τοῖς
1375 4500 1625 4579 πολλοῖς,
1659 4503 1748 4565 οὓς
1795 4503 1880 4557 καὶ

220 4590 512 4654 ἀνομοίους
544 4588 712 4669 λέγει’
746 4591 793 4648 οἱ
821 4592 921 4670 γὰρ
969 4591 1168 4667 ὅμοιοι,
1220 4590 1475 4661 ἀλλήλοις
1536 4596 1633 4661 τῆς
1689 4591 1879 4670 ἀρετῆς

220 4680 642 4761 κοινωνήσουσι,
674 4681 763 4737 καὶ
789 4681 850 4737 06
883 4679 1245 4757 βλαϐήσονται
1275 4681 1397 4759 παρ’
1432 4679 1708 4749 ἀλλήλων
1768 4680 1881 4755 ἅμα

222 4771 332 4849 γὰρ
391 4771 482 4826 καὶ
539 4769 830 4849 ἀμφότεροι
882 4770 983 4839 τὴν
1043 4771 1182 4828 θείαν
1213 4770 1466 4827 διώκουσι
1496 4768 1675 4850 δόξαν,
1708 4771 1794 4826 καὶ
1824 4771 1885 4826 οὒ

223 4860 333 4927 τὴν
365 4860 473 4914 τῶν
502 4858 817 4937 ἀνθρώπων,
851 4862 925 4919 06
981 4862 1153 4918 τοίνυν
1185 4859 1396 4918 ἀθέατοι
1446 4861 1609 4935 μόνον
1640 4860 1737 4915 εἶσὶ
1767 4871 1884 4924 τοῖς

225 4946 489 5019 πολλοῖς,
513 4947 636 5005 ἀλλ’
668 4948 772 5006 οὐδ’
802 4950 946 5010 αὐτοὶ
977 4950 1119 5008 οὗτοι
1148 4957 1364 5022 ζητοῦσι
1387 4948 1600 5025 βλέπειν
1631 4949 1883 5029 ἐκείνους,

227 5041 342 5117 οὐχ
369 5035 451 5095 ὅτι
483 5042 560 5112 μὴ
590 5047 936 5117 προνοοῦντες
968 5041 1206 5119 ἓκείνων,
1241 5038 1362 5095 ἀλλ’
1401 5038 1486 5095 ὅτι
1523 5040 1600 5115 μὴ
1657 5046 1883 5111 ζητοῦνο

224 5148 322 5190 τες
355 5125 480 5206 παρ’
511 5126 726 5185 ἐκείνων
755 5129 1121 5210 ὠφεληθῆναι·
1159 5128 1275 5187 ὅθεν
1316 5129 1617 5195 ἀκολούθως
1655 5135 1724 5205 τῇ
1780 5126 1885 5200 ὶδιᾳ

224 5215 336 5282 ἕξει
368 5216 464 5272 οὐκ
492 5217 648 5294 ἐρῶσι
680 5223 787 5275 τῶν
817 5218 1133 5294 δοκούντων,
1166 5218 1303 5276 ἀλλά
1355 5225 1460 5277 τῶν
1519 5217 1683 5276 ὄντων
1743 5217 1880 5297 (ἐπεὶ

225 5306 336 5384 γὰρ
364 5308 470 5361 τῶν
502 5304 679 5364 ἄλλων
708 5305 1023 5390 διίστανται,
1050 5315 1165 5372 πῶς
1197 5312 1487 5380 ζητήσουσι
1549 5310 1611 5364 τὸ
1671 5306 1873 5388 δοκεῖν,

228 5396 310 5469 μὴ
342 5394 507 5451 ὄντων
538 5402 646 5453 τῶν
675 5395 968 5456 δοκούντων
1001 5397 1247 5473 μηδόλως
1277 5399 1317 5477 ;)
1341 5397 1478 5455 ἀλλὰ
1506 5399 1565 5454 τὸ
1597 5396 1761 5454 καλὸν
1789 5400 1878 5454 καὶ

224 5486 291 5541 τὸ
316 5484 397 5559 μὴ
429 5483 511 5566 ἐφ’
541 5486 749 5544 ἑαυτοᾶ
788 5492 872 5545 καὶ
906 5489 1079 5552 καθὼς
1138 5487 1255 5569 ἔχει
1315 5488 1520 5568 φύσεως
1583 5487 1872 5566 κρίνοντες,

223 5573 519 5652 ἀγάλματα
575 5581 674 5643 τῆς
730 5578 872 5642 θείας
933 5575 1150 5641 εὐωδίας
1208 5579 1359 5653 εἰσὶν,
1393 5578 1554 5657 ἢγουν
1597 5580 1756 5636 αὐτοῦ
1782 5586 1875 5635 τοῦ

224 5668 393 5743 Θεοῦ,
426 5663 488 5730 ὅς
517 5660 584 5734 δὴ
618 5667 675 5724 τὸ
700 5665 867 5724 καλὸν
895 5666 978 5748 ἔφ’
1008 5668 1197 5726 ἑαυτοῦ
1225 5673 1416 5744 ποιῶν,
1446 5668 1520 5731 εὶς
1550 5667 1750 5737 πάντας
1780 5666 1875 5725 οὒκ

520 5773 785 5841 Panos.
825 5773 938 5844 Gn.
970 5773 1068 5845 Ill.

1904 4565 1945 4617 D

1957 3330 2220 3411 speciem
2244 3338 2589 3394 constanter
2610 3330 2902 3408 intendat,
2922 3348 3288 3412 nequaquam
3310 3334 3448 3398 hinc
3470 3334 3608 3399 inde

1958 3418 2309 3495 distractus,
2368 3427 2644 3481 accurate
2701 3420 2995 3500 exprimet
3045 3420 3108 3482 id
3152 3422 3309 3502 quod
3344 3424 3608 3487 imitatur

1965 3508 2104 3589 (hoc
2154 3508 2313 3570 enim
2347 3518 2438 3571 est
2464 3509 2613 3570 illud
2646 3509 2969 3590 replicabit
2990 3533 3016 3583 ;
3050 3528 3187 3572 nam
3220 3511 3396 3574 faciet
3440 3512 3606 3576 aliud

1959 3604 2114 3660 sicut
2145 3597 2293 3660 illud
2317 3599 2464 3661 citra
2480 3598 2829 3662 substantia;
2849 3599 3272 3679 differentiam;
3307 3601 3606 3679 siquidem

1960 3686 2020 3749 id
2053 3705 2189 3748 vere
2223 3697 2311 3750 est
2344 3689 2696 3763 animatum,
2736 3689 2849 3750 hoc
2879 3706 3019 3749 vero
3078 3708 3227 3769 opus
3282 3690 3357 3751 ad
3414 3692 3607 3752 vivum

1962 3794 2351 3859 expressum);
2386 3776 2472 3839 sic
2503 3778 2679 3839 etiam
2714 3776 3045 3858 pictoribus
3083 3777 3470 3856 spiritalibus,
3505 3798 3608 3842 ar-

1962 3866 2198 3946 chetypi
2221 3874 2279 3928 et
2299 3866 2697 3929 suaveolentis
2729 3865 3189 3947 pulchritudinis
3219 3867 3445 3930 intenta
3467 3887 3610 3931 con-

1960 3964 2239 4037 stansque
2269 3955 2693 4037 contemplatio
2726 3956 3001 4018 conferet
3058 3955 3176 4018 illis
3230 3956 3608 4020 infallibilem

1961 4046 2441 4108 similitudinem.
2498 4045 2686 4108 Recte
2728 4047 2906 4126 igitur
2930 4045 3191 4127 pictores
3221 4046 3433 4122 sancti,
3467 4047 3609 4109 dum

1961 4135 2278 4214 imaginem
2303 4155 2467 4197 suam
2495 4135 2820 4217 spiritalem
2845 4155 2962 4197 non
2989 4142 3321 4198 retroversa
3341 4136 3492 4200 facie
3514 4156 3615 4199 ex-

1962 4236 2578 4304 primunt,extraneam
2611 4233 3009 4306 deceptionem
3034 4233 3272 4292 minime
3298 4236 3610 4295 attendent.

1960 4314 2234 4376 Divinum
2266 4314 2468 4396 itaque
2502 4324 2866 4395 unguentum
2924 4315 3261 4377 obvelatum
3312 4315 3615 4378 habebunt

1965 4413 2245 4481 tanquam
2280 4403 2599 4484 imaginem
2632 4405 2911 4466 ordinum
2941 4404 3512 4482 ecclesiasticarum,
3537 4423 3615 4467 ne

1966 4512 2145 4555 omne
2175 4512 2324 4575 opus
2354 4495 2575 4556 bonum
2607 4494 2681 4556 ad
2727 4496 2966 4556 inanem
3001 4494 3309 4555 hominum
3356 4495 3614 4575 gloriam

1965 4592 2305 4658 ostentent;
2339 4591 2517 4665 atque
2549 4584 2687 4646 ideo
2715 4583 2999 4665 quidquid
3033 4584 3095 4645 in
3129 4583 3345 4646 virtute
3375 4602 3613 4648 sacrum

1965 4682 2049 4737 est
2086 4673 2239 4735 intra
2275 4684 2534 4748 mentem
2566 4674 2986 4756 recondentes,
3044 4674 3207 4753 juxta
3262 4685 3613 4755 coopertum

1969 4771 2330 4842 unguentum
2363 4762 2433 4825 ad
2471 4764 2807 4845 primaevam
2850 4763 3132 4825 duntaxat
3161 4763 3615 4841 intelligentiam

1968 4853 2552 4935 intueantur.Neque
2574 4854 2735 4916 enim
2755 4851 3454 4933 inaspectabilestantum
3479 4861 3617 4918 sunt

1972 4943 2356 5023 multitudini,
2387 4961 2561 5020 quam
2587 4952 2649 5005 et
2670 4943 3027 5022 inaequalem
3049 4950 3221 5005 vocat
3254 4961 3323 5004 ac
3344 4942 3613 5006 dissimi-

1969 5033 2109 5097 lem:
2136 5051 2269 5095 nam
2296 5033 2395 5114 qui
2434 5033 2694 5110 aequales
2724 5041 2884 5104 sunt,
2917 5031 3197 5096 virtutem
3231 5030 3346 5094 sibi
3406 5041 3614 5098 mutuo

1968 5121 2718 5203 rommunicabunt,neque
2741 5120 2857 5183 sibi
2883 5130 3089 5185 mutuo
3123 5120 3447 5199 nocebunt,
3470 5121 3617 5204 quo-

1966 5213 2123 5276 niam
2158 5212 2393 5293 utrique
2422 5210 2684 5273 divinam
2718 5211 2966 5291 gloriam
3008 5220 3334 5292 sectantur,
3383 5222 3445 5275 et
3494 5230 3615 5275 non

1965 5303 2297 5365 hominum.
2325 5300 2680 5383 Non'itaqne
2700 5303 2979 5364 duntaxat
3002 5300 3457 5382 inaspectabiles
3478 5308 3619 5363 sunt

1963 5391 2356 5468 multitudini,
2384 5392 2488 5454 sed
2516 5411 2591 5453 ne
2624 5392 2683 5453 hi
2707 5394 2817 5472 ipsi
2852 5390 3089 5472 quidem
3123 5390 3258 5452 illos
3286 5389 3493 5452 videre
3521 5409 3617 5453 vo-

1961 5483 2111 5557 lunt,
2147 5500 2263 5543 non
2296 5481 2455 5560 quod
2488 5480 2608 5543 illis
2651 5500 2769 5543 non
2803 5482 3142 5556 consulant,
3173 5480 3279 5541 sed
3313 5479 3469 5560 quod
3503 5499 3614 5543 no-

1960 5572 2069 5634 lint
2096 5571 2169 5634 ab
2200 5570 2320 5632 illis
2348 5571 2827 5634 emolumentum
2853 5569 3095 5651 aliquod
3116 5568 3429 5649 accipere;
3457 5569 3616 5634 unde

1959 5668 2402 5745 consequenter
2432 5677 2502 5723 ex
2532 5678 2598 5724 se
2631 5679 2750 5724 non
2777 5667 2981 5722 amant
3009 5676 3079 5722 ea
3110 5674 3242 5739 qua
3286 5667 3610 5763 apparent,

3217 5765 3290 5832 16
