4028 6192
560 256 678 331 495
1739 269 1796 332 S.
1848 268 2190 336 DIONYSII
2231 271 2738 339 AREOPAGIT/E
3790 280 3886 350 496

2368 409 2397 489 ξ
2449 409 2548 473 Vl.
2584 413 2660 471 Τὰ
2718 414 2815 488 μὲν
2850 415 2966 491 περὶ
2995 420 3099 471 τῶν
3162 414 3323 493 ἁγίων
3356 416 3594 495 σεραφὶμ,
3629 419 3709 473 καὶ
3762 418 3881 483 ὅπως

2292 499 2347 555 ἐν
2408 515 2527 563 ταῖς
2582 508 2815 582 Γραιραϊς
2863 504 3241 578 εὶκονιζόμενοι
3302 504 3628 580 ἐκφαίνονται
3684 515 3882 591 νοητῶς,

2291 589 2346 644 ἐν
2381 595 2456 662 τῷ
2492 594 2613 668 Περὶ
2656 597 2751 657 τῆς
2784 593 3024 671 οὒρανίας
3068 594 3339 671 ἱεραρχίας
3386 591 3704 668 διελάῦομεν
3756 589 3878 670 ὅμως

2290 678 2474 744 ἐπειδὴ
2527 681 2575 735 οἱ
2615 682 2734 758 περὶ
2764 683 2853 737 τὸν
2910 682 3168 761 ἱεράρχην
3201 683 3470 757 ἱστάμενοι
3528 686 3696 739 καὶτὸ
3751 689 3884 763 μύρον

2289 768 2764 846 περικαλύπτοντες
2824 773 3030 838 εκείνην
3090 771 3413 828 ἀποτυποοόσι
3462 772 3558 839 τὴν
3617 771 3885 850 διακόσμη-

2290 880 2397 938 σιν,
2431 859 2671 935 εἴπωμέν
2702 881 2756 916 τι
2793 859 2846 915 ἐν
2874 861 3120 935 συντόμῳ
3149 862 3266 940 περὶ
3292 866 3480 920 ανῦτῶνῤ

644 407 672 480 §
701 395 800 467 Vl.
826 403 912 466 De
948 400 1169 464 sanctis
1193 399 1431 481 quidem
1463 400 1789 483 seraphim,
1816 411 1875 466 et
1902 406 2202 485 quomodo
2228 417 2263 465 Α

565 496 628 558 in
679 494 998 578 Scripturis
1026 492 1263 573 efﬁgiati
1307 493 1660 573 spiritaliter
1702 496 2101 577 explicentur,
2147 500 2208 562 in

564 586 718 649 libro
751 587 830 647 De
857 586 1086 647 valesii
1115 583 1458 647 hierarchia
1494 587 1980 665 pertractavimus
2024 611 2037 652 :
2101 590 2207 651 sed

564 676 842 755 quoniam
888 672 974 735 illi
1005 691 1241 754 quoque
1281 673 1380 754 qui
1406 675 1581 753 juxta
1615 676 1953 756 pontiﬁcem
2002 681 2204 741 consi-

563 773 746 845 stunt,
779 771 838 827 et
869 772 1232 844 unguentum
1285 773 1554 825 sanctum
1588 763 1899 847 obtegunt,
1935 771 2203 832 eamdem

561 854 991 935 dispositonem
1047 859 1496 932 repraesentant,
1534 852 1793 916 brevitcr
1841 876 2083 938 quoque
2130 859 2208 921 de

560 942 679 1006 illis
708 942 932 1025 aliquid
964 942 1256 1005 dicamus.

640 1037 668 1110 §
697 1032 825 1098 VII.
881 1032 1142 1097 Diversae
1170 1032 1411 1114 quidem
1444 1034 1629 1099 facies
1671 1053 1904 1113 eorum,
1940 1044 2005 1098 ut
2030 1038 2201 1100 unius

2371 1036 2400 1114 ᾗ
2454 1035 2577 1098 VH.
2614 1039 2685 1096 Τὸ
2732 1040 2831 1114 μὲν
2874 1038 3347 1119 ἀπειροπρόσωπον
3392 1041 3583 1115 αὐτῶν,
3620 1043 3689 1103 ὡς
3736 1050 3886 1100 τοῦτον

560 1124 811 1204 quidem
860 1124 1141 1199 humana,
1174 1123 1424 1188 alterius
1452 1143 1593 1189 vero
1633 1125 1940 1208 bovina,et
1966 1127 2201 1207 alterius

2293 1127 2391 1202 μὲν
2434 1127 2777 1203 ἀνθρωπείαν,
2814 1138 2998 1187 τοῦτον
3055 1127 3109 1185 δὲ
3140 1129 3369 1209 βοείαν’,
3401 1129 3647 1186 κάκεῖνον
3686 1129 3881 1205 λέοντος,

559 1215 774 1296 leonis,
816 1220 875 1276 et
925 1212 1172 1276 alterius
1215 1215 1449 1294 aquilae,
1512 1216 1792 1299 quodque
1834 1216 1987 1279 alius
2036 1218 2201 1281 aliter

2291 1218 2377 1273 καὶ
2422 1215 2581 1273 ἄλλον
2623 1218 2799 1293 ἀετοῦ,
2834 1220 2920 1275 καὶ
2952 1216 3112 1275 ἄλλον
3144 1216 3319 1280 ἄλλως
3351 1218 3686 1298 ἐμφαίνεσθαι
3725 1222 3779 1277 τὸ
3806 1244 3887 1277 που

561 1311 866 1387 appareat,
882 1321 1089 1367 eorum
1113 1303 1359 1366 videndi
1377 1305 1486 1366 vim
1505 1306 1893 1388 multiplicem
1921 1306 2201 1372 declarat:

2290 1305 2546 1382 λυθέαμον
2601 1309 2770 1364 αὖτῶν
2801 1308 3105 1386 παρίστησι·
3164 1314 3307 1364 πᾶσα
3340 1309 3439 1386 γὰρ
3475 1308 3568 1365 θέα
3616 1308 3668 1365 ἐν
3697 1316 3757 1385 τῇ
3803 1332 3886 1366 πο-

562 1396 755 1457 omnis
811 1393 971 1457 enim
1023 1394 1170 1458 visio
1228 1395 1292 1456 ﬁt
1320 1394 1558 1476 aliquali
1620 1396 1813 1460 vultus
1842 1398 2201 1461 detectione.

2290 1401 2394 1460 σῶς
2430 1395 2753 1472 ἀνακαλύψει
2803 1405 2897 1454 τοῦ
2944 1397 3229 1475 προσώπου
3279 1398 3501 1472 γίνεται,
3549 1400 3619 1456 Τὸ
3649 1396 3700 1453 δὲ
3751 1398 3889 1456 πολὺ-

564 1484 730 1547 Multi
756 1502 895 1546 vero
929 1483 1112 1565 pedes
1148 1483 1429 1547 denotant
1452 1494 1803 1566 perpetuum
1838 1506 2045 1549 eorum
2075 1507 2201 1549 mo-

2290 1487 2419 1542 πουν
2466 1487 2526 1541 τὸ
2580 1485 2877 1552 ἀεικίνητον
2926 1488 3013 1542 καὶ
3040 1511 3047 1517 ν
3074 1485 3370 1563 πολύπορον
3412 1488 3511 1552 τῆς
3564 1488 3699 1550 θείας
3752 1488 3891 1545 αὐτῶν

562 1582 708 1651 tum,
744 1576 988 1652 vimque
1016 1574 1229 1636 divinae
1258 1574 1612 1653 cognitionis
1657 1577 1847 1638 multa
1876 1588 2201 1659 penetran-

2291 1578 2553 1645 νοήσεωςο
2587 1577 2675 1631 καὶ
2703 1576 2801 1653 γὰρ
2832 1577 2893 1631 τὸ
2922 1577 2992 1636 εἷς
3027 1574 3199 1631 πολλά
3230 1579 3469 1631 νοεῖσθαι
3500 1574 3588 1633 διὰ
3622 1583 3719 1633 τῶν
3748 1576 3890 1634 ποδῶν

564 1672 681 1726 tem
728 1683 863 1727 nam
897 1664 1057 1743 quod
1119 1663 1302 1725 multa
1333 1664 1553 1740 norint,
1591 1665 1705 1727 hoc
1738 1674 1980 1747 propter
2024 1667 2201 1749 pedes

2290 1668 2513 1744 γίνεται.
2561 1666 2670 1732 Τὴν
2724 1663 2777 1719 δὲ
2809 1664 3041 1731 ἔξαπλῆδ
3083 1665 3222 1721 θέσιν
3269 1671 3373 1721 τῶν
3428 1662 3634 1744 πτερῶν
3665 1666 3751 1722 οὔκ
3792 1666 3890 1743 ἀρι-

561 1753 946 1817 ﬁt.Senarum
974 1772 1113 1818 vero
1144 1754 1369 1816 alarum
1404 1755 1898 1836 compositionem
1924 1776 2040 1818 non
2074 1756 2201 1818 exi-

2290 1756 2421 1831 θμὸν
2469 1755 2627 1830 οἶμαι
2657 1752 2872 1826 δηλοῦν,
2907 1754 2987 1809 ὅτι
3021 1756 3167 1818 οὗτος
3199 1756 3226 1810 ὁ
3266 1755 3478 1833 ἀριθμὸς
3510 1755 3709 1818 τέλειός
3755 1755 3887 1834 ἐστιν,

561 1849 736 1907 stimo
770 1863 1089 1907 numerum
1131 1844 1566 1920 demonstrare,
1604 1844 1763 1925 quod
1794 1845 1888 1906 hic
1922 1864 2201 1908 numerus

2290 1847 2363 1910 ὡς
2407 1858 2521 1905 τοῖς
2556 1846 2766 1906 ιῖκείοις
2827 1843 3006 1921 μέρεσι
3061 1845 3456 1922 σδνιστᾶμενθς²
3491 1844 3636 1923 (τρία
3690 1845 3797 1922 γάρ,
3824 1848 3891 1900 ,αἱ

562 1935 863 2013 perfectus
910 1935 1011 2016 sit,
1049 1943 1329 2016 tanquam
1363 1934 1464 2015 qui
1494 1933 1760 2015 partibus
1801 1934 1925 1996 suis
1978 1940 2201 1996 constet

2290 1934 2399 2010 δύο,
2433 1935 2517 1990 καὶ
2563 1934 2639 2003 ἓν,
2673 1932 2833 1989 πάλιν
2876 1932 2953 2010 ἓξ,
2985 1932 3134 1989 ἅτινά
3189 1936 3317 1990 εἰσιν
3378 1936 3570 2011 ﬁgite),
3617 1934 3795 2012 τρίτον,
3823 1935 3891 1990 καὶ

568 2022 703 2104 (tria
733 2024 921 2105 enim,
951 2032 1010 2086 et
1031 2023 1171 2105 dua,
1198 2033 1256 2085 et
1276 2042 1481 2104 unum,
1506 2030 1643 2084 sunt
1673 2029 1887 2087 iterum
1923 2042 2049 2096 sex,
2076 2042 2201 2104 qua!

2290 2024 2462 2091 ἕκτον,
2496 2024 2667 2087 καθὼς
2719 2022 2915 2102 ἕτέροις
2950 2020 3110 2087 ἔδοξε*
3158 2026 3242 2079 καὶ
3297 2025 3463 2096 ἡμεῖς
3490 2023 3546 2079 δὲ
3594 2024 3730 2080 αὗτοὶ
3757 2023 3891 2086 οὕτως

560 2124 699 2177 sunt
721 2114 1035 2177 dimidium
1061 2113 1326 2195 tertium,
1347 2121 1406 2174 et
1435 2122 1692 2187 sextum;
1726 2124 1788 2175 ut
1807 2114 1939 2176 aliis
1958 2115 2199 2194 placuit,

2290 2113 2341 2168 ἐν
2372 2121 2445 2187 τῷ
2495 2114 2615 2191 Περὶ
2660 2112 2753 2179 τῆς
2794 2113 3028 2189 οὖρανὶου
3080 2112 3348 2190 ἱεραρχίας
3402 2112 3662 2190 ἐλέγομεν
3710 2113 3892 2191 ἐξηγού-

562 2204 708 2287 quin
738 2212 797 2267 et
830 2222 935 2266 nos
965 2203 1078 2284 ipsi
1112 2204 1171 2264 in
1206 2201 1360 2265 libro
1392 2203 1473 2264 De
1498 2201 1724 2266 caelesti
1768 2203 2112 2267 hierarcbia
2142 2204 2199 2268 id

2290 2205 2490 2277 μενον)
2523 2201 2642 2257 ἀλλ’
2668 2201 2749 2257 ὅτι
2781 2203 2845 2257 τὰ
2877 2200 2927 2266 ἒξ
2957 2203 3028 2264 εἷς
3074 2218 3215 2279 τρεῖς
3247 2200 3431 2265 δυάδας
3476 2203 3777 2276 τέμνονται,
3808 2206 3894 2260 Εἰσὶ

559 2296 644 2353 ita
666 2292 926 2355 diximus
955 2291 1287 2373 explicari),
1314 2291 1418 2353 sed
1451 2290 1607 2372 quod
1630 2310 1731 2354 sex
1765 2293 1824 2355 in
1850 2301 1968 2355 tres
1998 2292 2201 2354 duali-

2290 2291 2337 2347 δὲ
2393 2294 2481 2348 καὶ
2513 2290 2595 2347 ἐπὶ
2651 2292 2842 2353 πάσαις
2878 2292 3140 2370 οὒρανίαις
3194 2289 3472 2366 δυνάμεσιν
3506 2292 3641 2367 ἅμα,
3675 2294 3754 2348 καὶ
3806 2293 3893 2347 πά-

559 2390 711 2445 tates
755 2382 1111 2445 dividantur.
1150 2380 1303 2445 Sunt
1333 2380 1491 2442 enim
1538 2380 1599 2441 in
1649 2381 1923 2443 omnibus
1966 2400 2201 2463 quoque

2290 2381 2369 2438 λιν
2401 2383 2481 2460 ἐφ’
2531 2382 2728 2457 ἑκάστῃ
2764 2381 3134 2460 διακοσμήσει,
3168 2387 3372 2459 πρῶται
3406 2383 3493 2436 καὶ
3544 2381 3699 2456 μέσαι
3727 2384 3803 2437 καὶ
3828 2403 3896 2436 τε·

558 2474 732 2535 simul
769 2471 1115 2535 ccelestibus
1145 2470 1481 2550 virtutibus,
1514 2480 1579 2533 ut
1622 2471 1800 2533 etiam
1834 2472 1895 2534 in
1943 2472 2201 2553 qualibet

2290 2471 2551 2530 λευταϊαι.
2606 2469 2689 2526 διὰ
2723 2474 2875 2527 τοῦτο
2907 2473 3249 2547 περιτίθενται
3311 2470 3362 2535 ἓξ
3392 2470 3675 2549 πτέρυγες,
3705 2471 3788 2526 ’ίνα
3812 2469 3895 2535 813-

563 2561 979 2640 diSpositione,
1014 2562 1244 2642 primae,
1268 2568 1328 2623 et
1357 2560 1666 2635 medim,et
1689 2569 2010 2641 postremae
2045 2580 2060 2622 :
2094 2561 2201 2623 hac

2290 2562 2430 2637 λωθῇ
2460 2568 2545 2617 καὶ
2594 2562 2651 2616 τὸ
2682 2560 3018 2637 ἀναγωγικὸν
3050 2562 3219 2615 αὖτών
3250 2558 3332 2615 διὰ
3362 2566 3467 2615 τῶν
3498 2558 3698 2616 διπλῶν
3728 2560 3894 2636 πτερύ-

560 2651 635 2713 de
657 2669 835 2714 causa
863 2669 968 2713 sex
982 2654 1089 2713 alat
1119 2652 1672 2729 circumponuntur,
1706 2659 1769 2711 ut
1800 2668 1905 2730 per
1934 2650 2201 2730 duplices

2290 2674 2416 2728 γιον,
2453 2653 2512 2707 οὔ
2568 2651 2666 2728 γὰρ
2698 2651 2965 2721 αὐτάρκης
3017 2651 3048 2717 ἡ
3080 2650 3192 2724 μία.
3256 2651 3351 2707 Καὶ
3379 2650 3439 2704 τὸ
3495 2650 3584 2704 καὶ
3617 2652 3677 2704 τὰ
3717 2655 3894 2725 πρῶτα,

559 2740 682 2803 alas
701 2740 1048 2802 earumdem
1066 2739 1140 2801 ad
1172 2757 1388 2819 supera
1411 2738 1669 2800 ducendi
1699 2738 1787 2799 vis
1810 2740 2201 2821 signiﬁcetur,

2290 2741 2371 2797 καὶ
2428 2741 2588 2815 μέσα,
2621 2741 2708 2795 καὶ
2738 2739 2803 2794 τὰ
2854 2738 3137 2795 τελευταῖα
3180 2744 3283 2794 τῶν
3327 2740 3527 2817 νοεροῦν
3559 2740 3722 2794 αὖτών
3766 2736 3897 2793 δυνα-

561 2848 679 2892 non
695 2828 853 2890 enim
868 2847 984 2890 una
1002 2828 1241 2890 sufﬁcit.
1277 2827 1499 2900 Quinet
1516 2827 1627 2888 hoc
1640 2844 1882 2908 quoque
1905 2828 2044 2889 220
2076 2830 2201 2907 pri—

2290 2852 2452 2909 μεων,
2490 2831 2559 2891 εἰς
2612 2830 2766 2885 αὒτον
2798 2829 2888 2885 τὸν
2920 2830 3050 2884 Θεὸν
3105 2828 3412 2907 ἀνάγεσθαι,
3450 2828 3539 2883 διαὶ
3568 2833 3672 2883 τῶν
3703 2849 3887 2907 χαμερ-

563 2919 1034 2999 mas,etmedias,
1050 2922 1107 2980 et
1121 2926 1450 2998 postremas
1472 2916 1722 2978 virtutes
1740 2934 1941 2979 earum
1961 2918 2201 2998 spirita-

2290 2924 2401 2974 πῶν
2457 2916 2796 2995 ἀπολύεσθαι,
2850 2923 3004 2972 τοῦτο
3062 2917 3158 2994 γὰρ
3214 2914 3376 2983 δηλοῖ
3440 2917 3494 2972 τὸ
3554 2915 3805 2994 ἀπόλυτα,
3849 2913 3897 2970 ὠ

562 3007 651 3069 les
664 3008 734 3069 ad
754 3007 947 3089 ipsum
967 3007 1154 3071 Deum
1168 3006 1380 3070 adduci
1392 3016 1517 3088 ,eta
1530 3006 1785 3069 terrenis
1801 3005 2027 3069 absolvi
2048 3007 2200 3068 iusi-

2290 3004 2418 3063 διότι
2468 3008 2594 3064 εἰσὶν
2628 3004 3020 3080 ἀπολελυμέναι
3051 3007 3139 3061 καὶ
3183 3006 3232 3061 αἱ
3260 3005 3312 3070 ἓξ
3370 3007 3653 3084 πτέρυγες,
3684 3004 3794 3062 ἀλλ’
3831 3003 3896 3060 ὅτι

561 3103 727 3174 nuat,
760 3099 843 3158 uti
893 3116 1001 3158 vox
1047 3096 1284 3155 ἀπόλυτα
1335 3096 1635 3171 declarat;
1687 3114 1805 3157 non
1863 3095 2023 3175 quod
2056 3097 2201 3175 ipsae

2290 3101 2392 3152 τῶν
2434 3095 2731 3176 χαμέρπῶν
2782 3094 3125 3155 ἀπολύονται,
3162 3096 3233 3153 Τὸ
3276 3093 3498 3152 καθ’(λου
3544 3096 3633 3152 οὖν
3663 3095 3897 3174 πτερωτὸν

561 3204 663 3249 sex
680 3186 790 3249 alie
819 3185 1121 3249 dissolutae
1150 3185 1290 3262 sint,
1316 3187 1418 3248 sed
1444 3185 1600 3268 quod
1635 3184 1709 3248 ab
1730 3186 1896 3247 humi
1933 3187 2200 3267 repenti-

2290 3185 2628 3261 αἰνισσομένη
2686 3188 2720 3254 ἡ
2780 3186 2891 3242 θεία
2945 3185 3150 3264 Γραφὴ,
3210 3188 3507 3263 περιτίθησι
3552 3188 3641 3243 καὶ
3682 3184 3783 3241 ἄνω
3828 3184 3899 3240 καὶ

560 3274 674 3339 bus
694 3275 875 3339 rebus
898 3276 1303 3340 absolvantur.
1336 3275 1411 3340 Ut
1442 3279 1637 3357 itaque
1668 3275 1864 3338 divina
1898 3277 2201 3357 Scriptura

2290 3275 2431 3334 κάτω
2457 3279 2544 3336 καὶ
2575 3275 2737 3353 μέσον
2765 3276 2859 3339 τὰς
2890 3274 3179 3354 πτέρυγας,

560 3366 799 3445 penitus
846 3367 1026 3428 alatas
1056 3384 1190 3429 esse
1233 3365 1519 3441 insinuet,
1553 3384 1792 3429 sursum
1832 3374 1891 3428 et
1917 3365 2199 3428 deorsum

562 3464 621 3518 et
650 3456 711 3517 in
745 3455 937 3519 medio
965 3456 1038 3517 iis
1068 3457 1202 3518 illas
1224 3456 1488 3520 adhibet.

639 3546 843 3626 §VIIl.
881 3546 1101 3611 Verum
1132 3565 1242 3610 cur
1270 3547 1586 3609 inferiores
1615 3554 1673 3608 et
1722 3545 2064 3627 superiores
2092 3547 2201 3609 alie

2360 3545 2390 3624 ἓ
2442 3543 2590 3608 VIII.
2646 3545 2705 3603 Τί
2769 3543 2825 3600 δέ
2881 3542 2991 3600 ἐστι
3049 3543 3108 3600 τὸ
3161 3544 3253 3609 τὰς
3316 3545 3415 3620 μὲν
3473 3544 3586 3603 ἄνω
3646 3546 3731 3602 καὶ
3777 3544 3902 3602 κάτω

546 3637 1231 3717 'succinguntur,mediae
1252 3655 1389 3700 vero
1415 3636 1984 3717 extenduntur?quia
2015 3636 2199 3699 nimi-

2290 3634 2677 3715 συστέλλεσθαι,
2710 3635 2804 3700 τὰς
2849 3633 2903 3689 δὲ
2948 3635 3117 3707 μέσας
3162 3632 3521 3715 ὲκτείνεσθαις
3570 3635 3656 3691 ὅτι
3700 3631 3899 3703 εὖλαὸής

556 3745 688 3788 rum
703 3726 969 3790 ordoille
987 3727 1334 3790 sublimiora
1348 3727 1855 3810 profundioraque
1872 3735 2197 3807 reveretur,

2290 3725 2426 3782 ictui
2469 3726 2502 3793 ἡ
2531 3722 2675 3790 τάξις
2733 3724 2946 3803 περὶτὰ
3001 3722 3305 3801 ὑψηλότερα
3336 3728 3422 3780 καὶ
3469 3725 3749 3804 βαθύτερα,
3781 3727 3901 3798 ὑψη-

558 3815 904 3878 sublimiora
938 3817 1184 3878 minime
1206 3817 1552 3893 quaerendo,
1586 3824 1645 3878 et
1670 3814 2053 3896 profundiora
2082 3834 2201 3876 non

2290 3813 2472 3893 λότερα
2546 3817 2623 3888 μὴ
2689 3816 2942 3887 ζητοῦσα,
3001 3814 3089 3869 καὶ
3159 3813 3413 3891 βαθύτερα
3483 3815 3560 3890 μὴ
3638 3814 3893 3895 ἐρευνῶσι,

557 3905 902 3982 scrutando,
941 3906 1136 3967 media
1192 3924 1329 3968 vero
1366 3905 1478 3967 sibi
1524 3922 1866 3967 commensa
1894 3905 2198 3986 sectando,

2290 3906 2423 3979 μόνα
2472 3901 2525 3959 δὲ
2555 3904 2619 3959 τὰ
2648 3902 2785 3978 μέσα
2813 3902 2900 3958 καὶ
2958 3902 3233 3981 σύμμετρα
3261 3909 3515 3985 ζητοῦσα,
3549 3904 3823 3984 ἀνάγεται,

557 4011 792 4056 sursum
815 3996 1023 4068 fertur,
1058 3994 1527 4073 divinazjustitiaa
1552 3994 1726 4056 vitam
1761 4013 1926 4056 suam
1945 3994 2200 4056 submit-

2290 3994 2392 4066 θείᾳ
2449 3990 2752 4068 δικαιοσύνῃ
2811 3993 3121 4049 ὒποτιθεϊσα
3178 3993 3275 4060 τὴν
3347 3994 3542 4050 οἰκείαν
3606 3996 3766 4069 ζωὴν,
3823 3991 3893 4048 καὶ

561 4088 713 4162 tens,
748 4091 805 4144 et
836 4082 1168 4144 secundum
1202 4084 1361 4144 illam
1395 4101 1500 4144 sua
1530 4082 1817 4162 dirigens.

2290 4083 2407 4161 παρ’
2440 4083 2646 4149 ἐκείνης
2679 4085 2954 4140 εὖθετοῢσα
2984 4082 3050 4139 τὰ
3081 4079 3197 4138 καθ’
3229 4083 3416 4153 αὐτήν,

638 4171 667 4251 §
696 4173 794 4234 IV.
830 4172 999 4245 Quod
1029 4179 1227 4234 autem
1259 4172 1410 4235 alter
1429 4173 1498 4233 ad
1532 4171 1781 4235 alterum
1813 4173 2049 4255 clamet,
2083 4192 2196 4235 n9-

2362 4171 2391 4251 ξ
2449 4179 2536 4232 IX.
2593 4174 2661 4230 Τὸ
2713 4170 2766 4227 δὲ
2820 4172 3027 4250 κράζειν
3073 4170 3250 4251 ἕτερον
3304 4173 3437 4251 πρὸς
3486 4174 3580 4229 τὸν
3631 4173 3820 4254 ἓτερον,
3845 4171 3895 4226 τὸ

559 4260 784 4323 tionum
818 4260 1219 4323 abundantem
1267 4261 1870 4324 communicationem
1902 4262 2194 4343 designat.

637 4351 771 4429 §X.
824 4352 1115 4413 Caeterum
1149 4370 1282 4412 cum
1333 4351 1625 4415 Hebraica
1653 4370 1894 4433 quoque
1939 4352 2197 4415 dialecto

553 4439 853 4497 incensore:
874 4448 928 4498 et
973 4440 1342 4512 calefacienles
1371 4442 1835 4513 interpretentur,
1861 4441 1996 4498 hinc
2020 4443 2199 4513 signi-

2280 4268 2380 4330 τῆς
2415 4260 2745 4339 μεταδὶρσεως
2780 4268 2883 4318 τῶι
2917 4262 3150 4332 νοήυεων
3177 4259 3400 4341 ἄφθονον
3430 4269 3691 4341 παριστᾷ.

2359 4351 2389 4431 §
2448 4359 2514 4413 Χ.
2561 4352 2708 4409 Ἐπεὶ
2739 4349 2793 4407 δὲ
2837 4353 2925 4407 καὶ
2966 4350 3267 4430 ὲμπρησταὶ
3327 4353 3413 4408 mi
3441 4354 3801 4430 θερμαίνοιτεε
3848 4349 3899 4404 ἐκ

2281 4447 2380 4505 τῆς
2441 4439 2733 4520 Ἐϐραΐκῆς
2789 4438 3066 4498 διαλέκτου
3125 4441 3630 4521 μεθερμηνεύονται,
3676 4439 3897 4507 δηλοῦται

556 4531 767 4593 ﬁcatur
796 4530 881 4592 vis
908 4530 1145 4592 illorum
1179 4550 1413 4594 sursum
1438 4531 1750 4594 attollendi
1778 4551 1885 4613 per
1912 4532 2199 4612 unguenti

2290 4531 2514 4587 ἐντεῦθεν
2553 4532 2613 4589 τὸ
2659 4531 3031 4597 ἀνακινητικὸν
3084 4531 3251 4586 αὐτῶν
3296 4536 3403 4587 τῶν
3461 4537 3551 4587 τοῦ
3580 4531 3741 4609 μύρου
3785 4541 3900 4593 νόη-

556 4618 851 4701 spiritales
871 4619 1651 4702 distributiones;siquidem
1675 4621 1868 4684 omnis
1886 4621 2201 4701 fragrantia

555 4709 755 4772 calore
768 4708 923 4788 ignis
935 4710 1223 4773 dissoluta
1235 4729 1482 4793 vapores
1505 4711 1739 4788 excitat;
1766 4729 1902 4773 nam
1920 4729 2200 4792 suprema

555 4799 656 4861 illa
698 4799 1080 4882 fragransque
1135 4811 1342 4863 natura
1371 4802 1448 4862 ab
1492 4800 1689 4880 ignitis
1738 4800 2197 4882 purissimisque

557 4887 937 4952 mentibusad
955 4890 1244 4970 spiritalis
1272 4908 1392 4953 sum
1422 4890 1800 4971 aspirationis
1820 4890 2195 4952 diliusionem

555 4987 713 5039 amat
745 4980 1074 5061 provocari,
1111 4981 1269 5043 unde
1293 4981 1469 5042 etiam
1503 4980 1633 5041 illas
1660 4979 1860 5043 reddit
1880 4980 2195 5061 participes

553 5067 754 5147 gaudii
782 5087 967 5150 super
996 5088 1113 5130 uno
1165 5080 1478 5150 peccatore
1511 5069 1914 5151 paenitentiam
1960 5079 2192 5151 agente.

554 5158 939 5240 Nequaquam
965 5158 1158 5240 itaque
1179 5160 1369 5240 angeli
1398 5158 1961 5241 ignorabantipsum
1987 5157 2194 5222 Jesum

556 5246 658 5329 qui
711 5247 1058 5329 sanctiﬁcat,
1093 5249 1414 5330 aliquando
1446 5250 1650 5329 etiam,
1685 5269 1817 5312 cum
1868 5250 2195 5313 secundum

556 5337 717 5417 quod
751 5337 929 5400 homo
975 5345 1068 5400 est
1105 5337 1527 5418 baptizaretur,
1561 5339 1990 5401 sanctiﬁcatum
2037 5358 2196 5402 esse.

555 5424 703 5488 Nota
717 5443 858 5489 vero
871 5427 1184 5490 verborum
1197 5445 1409 5491 accuro
1419 5429 1638 5491 tionem
1654 5429 1948 5508 quomodo
1961 5446 2195 5508 quoque

555 5515 753 5578 carnis
802 5517 1203 5581 differentiam
1242 5518 1513 5583 servarit.
1562 5517 1705 5579 Nam
1753 5519 1948 5593 Jesus,
1985 5518 2081 5598 qui
2129 5523 2194 5583 ut

556 5605 720 5672 Deus
737 5609 1298 5691 omniasanctiﬁcat,
1318 5619 1385 5673 ut
1405 5608 1582 5672 homo
1606 5607 2193 5693 quoquesanctiﬁca-

2283 4626 2386 4678 τῶν
2415 4618 2726 4677 διαδόσεων·
2769 4619 2836 4696 τῇ
2893 4620 3061 4697 θέρμῃ
3116 4620 3216 4699 γὰρ
3259 4629 3351 4679 τοῦ
3407 4621 3569 4695 πυρὸς
3623 4625 3724 4676 πᾶν
3778 4620 3894 4674 εὐῶ-

2284 4710 2373 4767 δεσ
2426 4709 2782 4787 ἀναλυόμενον
2839 4710 2961 4773 τοὺς
3018 4709 3217 4785 ἀτμοὺς
3277 4706 3586 4765 ἀναδίδωσι·
3622 4708 3766 4788 φιλεῖ
3815 4706 3898 4784 γὰρ

2282 4803 2316 4869 ἡ
2380 4800 2647 4880 ὑπερτάτη
2704 4801 2791 4855 καὶ
2848 4796 3048 4866 εὒώδης
3103 4798 3252 4855 οὗσία
3309 4801 3451 4879 παρὰ
3508 4806 3617 4856 τῶν
3665 4797 3898 4875 διαπύρων

2282 4892 2368 4947 καὶ
2398 4890 2782 4969 καθαρωτάτων
2813 4896 2947 4947 νοῶν
2999 4891 3281 4969 κινεῖσθαι,
3317 4890 3391 4952 εἰς
3448 4889 3551 4956 τὴν
3578 4888 3677 4956 τῆς
3719 4888 3896 4953 νοητῆς

2283 4980 2445 5049 αὐτῆς
2501 4980 2776 5044 ἐπιπνοίας
2855 4977 3109 5054 διάδοσιν,
3172 4978 3304 5038 ὅπου
3369 4999 3428 5057 γε
3484 4979 3573 5035 καὶ
3640 4973 3894 5034 κοινωνοὺς

2278 5070 2374 5137 τῆς
2456 5069 2779 5150 εὐφροσύνης
2856 5071 3066 5134 τούτους
3145 5079 3379 5125 ποιεῖται
3436 5067 3523 5123 ἰπὶ
3600 5067 3678 5123 ivi
3744 5066 3898 5142 ἆμαρ·

2279 5158 2421 5234 τολῷ
2491 5161 2856 5233 μετανοοῦντι,
2936 5161 3133 5216 Οὐγοῦν
3205 5155 3316 5214 οὐδ’
3373 5158 3520 5214 αὖτοὶ
3588 5158 3637 5213 οἱ
3706 5151 3897 5233 ἄγγελοι

2279 5249 2612 5327 ἠγνοήκασιν
2669 5246 2754 5306 ὅτι
2787 5250 2814 5304 ὁ
2872 5246 3104 5326 ἁγιάζων
3135 5247 3291 5310 αὐτὸς
3342 5246 3548 5313 Ἰησους
3577 5245 3666 5301 καὶ
3692 5241 3895 5323 ἡγιάσθη

2279 5340 2408 5395 ποτὲ
2466 5340 2690 5395 κατὰτὸ
2744 5338 3071 5416 ἀνθρώπινον
3130 5336 3456 5412 βαπτισθείς,
3494 5336 3796 5410 Σημείωσαι
3846 5328 3893 5384 δὲ

2276 5431 2373 5497 τὴν
2431 5438 2535 5486 τών
2564 5429 2739 5505 ῥητῶν
2788 5424 3077 5506 ἀκρίϐειαν,
3114 5427 3198 5483 διαὶ
3246 5433 3361 5491 πῶς
3391 5425 3610 5504 ὖφύλαξε
3654 5446 3752 5492 της
3780 5442 3899 5501 np-

2276 5521 2367 5584 κὸς
2402 5520 2499 5587 τὴν
2554 5516 2829 5598 διαφοράν.
2864 5516 2924 5576 Ὀ
2974 5516 3074 5596 γὰρ
3122 5516 3359 5597 ἁγιάζων
3420 5516 3622 5585 Ἰησους
3653 5516 3729 5577 ὡς
3782 5519 3899 5574 Θεὸς

2275 5608 2469 5694 πάντα,
2511 5607 2601 5667 καὶ
2656 5608 2812 5675 αὐτὸς
2889 5608 2962 5672 ὡς
3035 5604 3309 5692 ἄνθρωπος
3368 5606 3595 5691 ἡγιάσθη
3651 5604 3757 5667 ὑπὸ
3819 5600 3899 5662 τοῦ
