4028 6192
130 391 238 461 497

615 392 714 456 DE
756 388 1056 456 ECCLES.
1104 389 1553 464 HIERARCH.,
1599 389 1763 453 CAP.
1815 389 1917 454 IV.
1953 421 2029 435 —-
2061 389 2447 455 PARAPHR.
2481 391 2997 459 PACHYMERE.

3367 393 3487 465 498

122 532 313 609 Πατρὸς
373 531 459 587 καὶ
487 527 583 596 ὕφ’
628 528 836 608 ἑαυτοῦ,
871 526 983 584 ἐπει
1044 529 1134 584 καὶ
1196 526 1352 602 Θεὸς,
1383 529 1470 584 καὶ
1520 526 1621 584 ὑπὸ
1669 531 1755 584 τοῦ

1842 531 1937 617 tus
1967 523 2075 586 fuit
2104 542 2138 586 a
2171 523 2362 602 Patre,
2398 533 2456 617 et
2486 545 2520 589 a
2550 528 2892 612 semetipso,
2924 538 3215 612 quatenus
3248 552 3487 617 quoque

122 622 262 699 ἁγίου
318 622 653 695 Πνεύματος,
687 617 890 675 εἰδυιὼν
948 619 1033 674 οιαὶ
1092 623 1197 675 τῶν
1257 617 1507 695 οὒρανίων
1559 616 1756 684 τάξεων

124 713 208 778 τὴν
256 710 391 767 ἰδίαν
446 710 649 790 ἀρχὴν,
698 709 843 766 τοῦτ’
902 708 1011 765 ἐστι
1070 709 1160 764 τὸν
1210 706 1384 764 αἴτιον
1442 710 1612 765 αὖτῶν
1671 708 1757 763 καὶ

123 798 432 879 δημιουργὸν
480 799 711 874 Ἰησοῦν,
759 798 838 855 ὅτι
871 796 967 854 κᾶν
1020 797 1325 874 ἁγιάζηται,
1369 796 1493 853 ἀλλ’
1522 799 1610 853 οὗν
1669 800 1755 854 καὶ

124 891 275 955 οῧτῶς
337 892 461 970 ἔχει
500 892 551 945 ιὸ
604 888 722 945 κατ’
780 888 956 945 οὔσίαν
1010 886 1386 967 ἀναλλοίωτον,
1445 888 1574 952 Θεὸς
1628 888 1751 969 γάρ.

124 989 267 1041 Navim
329 983 433 1059 γὰρ
506 982 663 1038 αὺτὸν
717 982 898 1057 ἱερῶς,
954 977 1034 1035 ὅτι
1093 976 1490 1056 ἐνηνθρώπησεο
1542 979 1603 1034 τὸ
1662 980 1757 1057 γὰρ

118 1072 293 1151 ὑφέντα
355 1073 416 1127 τὸ
448 1070 926 1148 ἐνανθρωπήσαντα
987 1066 1169 1136 δηλοῖ.
1221 1068 1319 1125 Καὶ
1368 1069 1412 1123 εἰ
1457 1067 1752 1149 ἁγιάζεται,

120 1161 228 1218 αλλ’
274 1164 370 1218 οῦν
423 1162 561 1217 κατὰ
616 1162 677 1216 τὸ
736 1159 1061 1235 ἀνθρώπινον
1120 1158 1412 1237 ἁγιάζεται,
1459 1155 1543 1213 διὰ
1603 1165 1756 1215 τοῦτο

121 1254 408 1329 πρόκειταν
466 1251 564 1309 Καὶ
613 1250 886 1329 ἅγιάζεται
934 1250 996 1305 τὸ
1025 1251 1200 1324 τίμιον
1244 1248 1406 1325 μύρον
1438 1248 1498 1303 τὸ
1548 1246 1754 1323 σύμϐο-

123 1343 204 1399 λον
231 1351 326 1400 τοῦ
362 1342 633 1399 Δεσπότου
680 1346 927 1418 Χριστοῦ,
963 1340 1047 1395 aui
1092 1339 1160 1394 τὰ
1191 1340 1418 1415 σεραφὶμ
1445 1340 1683 1417 περιίστα
1698 1362 1756 1396 ν-

123 1456 219 1494 ται,
278 1431 726 1506 Ἀπαράλλαιιτον
758 1427 813 1485 δὲ
869 1428 1049 1508 εἶπεν,
1102 1428 1137 1497 ἢ
1194 1430 1268 1492 ὡς
1330 1430 1460 1506 πρὸς
1517 1428 1578 1484 τὸ
1621 1429 1757 1487 κατὰ

124 1525 278 1580 πάντα
323 1524 425 1592 τῆς
457 1520 571 1579 καθ’
617 1523 758 1596 ἡμᾶς
791 1520 994 1598 φύσεως
1038 1517 1365 1592 ὁμοιωθέντα
1398 1519 1556 1597 ἡμῖν,
1590 1519 1756 1597 χωρίς

126 1614 395 1691 ἁμαρτίας,
458 1613 494 1681 ἢ
552 1614 626 1673 ὡς
708 1610 784 1685 μὴ
861 1610 1215 1684 ὑπομείναντα
1274 1605 1645 1686 παραλλαγὴν,
1719 1608 1756 1675 ἢ

122 1710 310 1781 τροπῇς
369 1703 714 1775 ἀποσκίασμα
756 1700 890 1756 κατὰ
948 1699 1048 1766 τὴν
1094 1698 1343 1778 θεότητα,
1375 1700 1431 1753 ἒν
1489 1705 1564 1772 τῷ
1601 1719 1759 1775 προσ-

122 1791 294 1848 λαϐεῖν
348 1795 411 1849 τὸ
470 1791 813 1867 ἂνθρώπινον.
880 1790 979 1848 Καὶ
1035 1791 1096 1845 τὸ
1160 1787 1222 1854 δὴ
1285 1788 1543 1867 θειότερον
1602 1788 1756 1844 τοῦτό

122 1883 271 1954 ἐστιν,
306 1880 388 1938 ὅνι
446 1888 521 1955 τῷ
577 1884 698 1952 θείῳ
760 1881 907 1957 μόρῳ
956 1878 1081 1957 πρὸς
1134 1884 1310 1934 πᾶσαν
1364 1876 1755 1957 τελεσιουργίαν

1839 612 1998 675 Deus
2044 622 2154 691 est,
2191 623 2249 677 et
2278 632 2312 676 a
2350 615 2573 696 Spiritu
2612 627 2844 701 sancto,
2877 620 3208 685 scientibus
3249 612 3488 704 quoque

1840 703 2183 766 coelestibus
2207 704 2520 768 ordinibus
2551 708 2855 788 proprium
2891 703 3282 793 principium,
3301 713 3358 774 id
3390 714 3489 776 est

1838 808 2141 857 auctorem
2159 814 2333 857 suum
2349 804 2406 857 et
2425 805 2752 860 creatorem
2772 798 2803 863 J
2811 818 2999 874 esum,
3025 802 3182 883 quod
3207 803 3319 865 etsi
3340 822 3485 867 san-

1840 882 2157 966 ctiﬁcetur,
2186 895 2384 947 tamen
2404 885 2578 948 etiam
2599 888 2685 950 sic
2702 888 2881 951 habet
2897 898 3119 953 natura;
3147 891 3458 957 immulabi
3474 935 3491 947 ι

1841 972 2091 1055 litatem,
2145 980 2425 1056 quoniam
2470 974 2628 1038 Deus
2677 985 2786 1041 est.
2822 980 3035 1043 Sancte
3079 980 3239 1044 enim
3290 980 3487 1049 sciunt

1840 1062 2035 1143 ipsum
2070 1081 2201 1128 esse
2230 1064 2608 1128 incarnatum
2640 1088 2653 1129 :
2687 1067 2929 1131 verbum
2962 1070 3120 1132 enim
3152 1072 3346 1152 ὑφέντα
3376 1090 3486 1137 seu

1841 1152 2434 1230 condescendentem,
2461 1154 2733 1236 designat
2763 1157 3158 1221 incarnatum.
3190 1162 3262 1223 Et
3281 1161 3330 1223 si
3349 1180 3488 1224 san-

1840 1240 2153 1319 ctiﬁcetur,
2189 1249 2395 1326 utique
2444 1244 2771 1307 secundum
2803 1247 3232 1311 humanitatem
3265 1251 3486 1313 sancti-

1839 1340 2028 1413 catur,
2065 1332 2291 1396 idcirco
2313 1334 2584 1398 additur:
2621 1337 2697 1398 Et
2725 1336 3123 1400 sanctiﬁcatur
3154 1345 3482 1420 pretiosum

1838 1430 2206 1500 unguentum
2230 1425 2384 1505 quod
2409 1424 2626 1488 Christi
2656 1425 2891 1488 Domini
2924 1427 3257 1508 symbolum
3277 1437 3384 1507 est,
3423 1438 3482 1494 et

1837 1513 2136 1590 seraphim
2156 1518 2560 1577 circumstant.
2596 1513 2749 1576 Dixit
2779 1523 2977 1578 autem
2997 1517 3367 1596 invariatum,
3392 1520 3485 1583 vel

1841 1602 1994 1681 quod
2030 1620 2135 1682 per
2166 1606 2365 1664 omnia
2397 1611 2624 1667 natura;
2656 1610 2875 1669 nostra:
2904 1605 3120 1669 similis
3162 1607 3352 1672 factus
3396 1618 3487 1674 est

1839 1691 2061 1770 absque
2076 1693 2438 1771 peccato,vel
2456 1694 2609 1774 quod
2628 1712 2744 1756 non
2764 1694 3053 1758 subiverit
3083 1697 3482 1762 mutationem

1840 1780 1931 1841 vel
1953 1780 2374 1843 vicissitudinis
2394 1782 2906 1847 obumbrationem
2920 1788 3251 1849 secundum
3275 1787 3488 1851 divini-

1841 1876 2183 1960 tatem,cum
2204 1872 2519 1934 humanam
2545 1882 2814 1938 naturam
2844 1877 3187 1959 assumpsit.
3222 1877 3294 1942 Et
3322 1879 3482 1960 quod

122 1979 307 2053 κινῆται
366 1976 401 2041 ἡ
456 1971 723 2050 ἱεραρχία,
760 1968 1105 2026 ὕποδεικνῦσα
1163 1974 1397 2048 φανερῶς
1452 1969 1544 2023 τὸν
1603 1969 1752 2044 ἀγιευ

1842 1958 2091 2022 divinius
2104 1963 2243 2053 2:50
2256 1962 2532 2053 est,quod
2552 1963 2886 2027 hierarchia
2904 1965 2977 2026 ad
3000 1950 3238 2029 omnem
3253 1950 3480 2031 sacram

120 2064 331 2137 ζόμενον
385 2062 592 2129 Ἰησοῦν
652 2060 957 2136 ἀγιάζοντα.
1027 2060 1121 2114 Διὸ
1187 2059 1274 2115 καὶ
1325 2060 1359 2125 ἠ
1420 2064 1513 2114 τοῦ
1558 2057 1752 2133 βαπτί-

120 2176 308 2227 σματος
366 2152 529 2232 χάρις
559 2158 741 2229 (τοῦτο
772 2150 873 2227 γάρ
925 2148 1036 2205 ἐστι
1068 2147 1129 2204 τὰ
1157 2147 1292 2204 κατᾶ
1337 2149 1466 2204 Θεὸν
1496 2151 1757 2225 γεννηθῆ-

120 2244 233 2320 var)
263 2242 563 2299 τελειοῦται
592 2240 677 2298 διὰ
725 2245 817 2295 τοῦ
849 2239 1013 2316 μύρου
1070 2235 1423 2315 σταυρσειδῶς
1455 2236 1754 2317 ἐπιχεομέ-

119 2354 200 2388 νου
255 2338 333 2406 τῷ
390 2331 759 2407 βαπτιστηρίῳ
816 2328 961 2405 παρὰ
1016 2328 1114 2382 τοῦ
1140 2327 1389 2405 ἱεράρχοδ
1436 2329 1754 2403 θεωροῦντος

119 2428 317 2488 νοητῶς
377 2422 509 2480 αὒτὸ
555 2421 617 2475 τὸ
661 2419 851 2484 νοητὸν
895 2416 1079 2495 μύρον,
1113 2418 1205 2472 τὸν
1255 2416 1443 2493 Κύριον
1500 2415 1627 2495 ἄχρι
1674 2419 1761 2471 καὶ

120 2512 331 2567 {intime
392 2507 808 2582 ιαταδυόμενον,
855 2508 946 2562 τὸν
1015 2506 1116 2583 γὰρ
1172 2506 1393 2562 θάνατον
1462 2506 1496 2573 ἡ
1553 2504 1758 2580 κολυμ-

121 2599 280 2678 ϐήθρα
311 2598 499 2672 δηλοῖ,
530 2602 620 2655 καὶ
674 2599 994 2653 ἀνασπῶντα
1024 2595 1078 2651 ἐν
1108 2601 1176 2670 τῇ
1206 2595 1491 2671 ἁκρατήτῳ
1533 2592 1757 2673 καθόδῳ,

122 2691 288 2747 κοθότι
341 2692 439 2746 οῦκ
483 2689 549 2756 ἦν
595 2689 903 2763 κρατεῖσθαι
951 2686 1053 2741 ὑπὸ
1103 2687 1194 2741 τοῦ
1239 2686 1484 2765 θανάτου,
1517 2685 1635 2750 τοὺς
1686 2685 1759 2747 εἷς

122 2780 208 2835 τὸν
256 2779 480 2836 θάνατον
513 2778 671 2836 αὐτοῦ
711 2773 1153 2852 βαπτιζομένους.
1219 2774 1444 2852 Κρύφιον
1473 2772 1526 2829 δὲ
1577 2772 1759 2852 λόγιον

123 2869 283 2947 λέγει,
315 2870 397 2925 ὅτι
453 2865 754 2945 ἀπόκρυφος
789 2877 905 2928 τοῖς
963 2861 1191 2927 πολλοῖς
1220 2864 1256 2931 ἡ
1316 2862 1610 2941 αἰτιολογία
1666 2869 1758 2920 τοῦ

122 2961 186 3025 εἰς
224 2961 452 3038 Χριστὸν
483 2957 869 3034 βαπτίσματος.

191 3138 219 3217 §
262 3146 357 3197 XI.
406 3136 480 3195 0-5
514 3136 610 3210 μὲν
639 3133 693 3190 δὲ
724 3131 860 3191 ἀλλὰ
914 3134 1002 3190 καὶ
1035 3132 1175 3208 αῦτῷ
1230 3134 1307 3207 τῷ
1336 3132 1672 3209 βαπτισθέντι
1720 3133 1755 3200 ἡ

1839 2052 2349 2113 consecrationem
2364 2052 2624 2114 divinum
2642 2062 3006 2131 unguentum
3022 2056 3483 2132 adhibet,mani-

1837 2138 1986 2201 {este
2035 2141 2451 2203 demonstrans
2498 2144 2697 2205 Jesum
2749 2146 3183 2208 sanctiﬁcatum
3215 2148 3485 2209 sanctiﬁ-

1838 2246 1996 2293 care.
2033 2232 2405 2311 Quapropter
2434 2251 2676 2313 quoque
2705 2234 2890 2313 gratia
2936 2235 3299 2316 baptismatis
3332 2237 3482 2317 (hac

1842 2319 1999 2381 enim
2032 2329 2120 2381 est
2141 2320 2469 2383 secundum
2488 2324 2676 2385 Deum
2700 2324 3026 2405 generatio)
3043 2335 3487 2390 consummatur

1841 2428 1874 2471 a
1907 2410 2186 2488 pontiﬁce
2218 2428 2324 2490 per
2356 2420 2721 2490 unguentum
2755 2411 2815 2474 in
2859 2413 3056 2476 crucis
3084 2414 3327 2476 formam
3366 2413 3476 2478 ba-

1843 2498 2096 2571 ptisterio
2118 2499 2394 2570 infusum,
2419 2501 2555 2557 dum
2575 2502 2905 2573 spiritaliter
2925 2502 3152 2561 exhibet
3172 2504 3483 2576 ipsummet

1845 2597 2206 2669 unguentum
2231 2590 2759 2672 spiritale,scilicel
2784 2592 3104 2656 Dominum
3119 2594 3192 2654 ad
3228 2603 3481 2658 mortem

1844 2698 2035 2759 usque
2053 2678 2419 2754 demersum;
2447 2681 2744 2758 siquidem
2765 2682 3064 2744 lavacrum
3088 2682 3203 2745 hoc
3231 2692 3480 2747 mortem

1841 2769 2157 2848 signiﬁcat,
2183 2779 2239 2831 et
2262 2770 2426 2832 illum
2458 2771 2561 2848 qui
2583 2772 2797 2834 invicto
2829 2791 2933 2833 suo
2960 2770 3277 2848 descensu,
3301 2792 3416 2855 quo
3449 2792 3484 2837 a

1842 2867 2032 2921 morte
2053 2861 2320 2941 superari
2345 2879 2462 2922 non
2487 2861 2693 2941 potuit,
2721 2861 2783 2923 in
2816 2870 3006 2924 morte
3031 2881 3137 2924 sua
3155 2861 3481 2943 baptizatos

1841 2949 2100 3013 attraxit.
2137 2951 2429 3012 Arcanum
2452 2969 2627 3031 porro
2644 2952 3294 3034 vocatoraculum,quia
3317 2954 3479 3015 mul-

1841 3038 2078 3101 titudini
2115 3042 2347 3103 occulta
2377 3048 2503 3102 erat
2532 3040 2681 3103 ratio
2711 3039 3085 3121 baptismatis
3115 3042 3358 3106 Christi.

1922 3132 1951 3211 §
2002 3134 2103 3195 XI.
2153 3132 2306 3205 Quin
2353 3132 2529 3195 etiam
2575 3131 2819 3212 ipsimet
2860 3132 3144 3214 baptizato
3196 3136 3484 3215 unguenti

115 3239 201 3286 τοῦ
242 3228 409 3306 μόρου
447 3226 623 3305 χρίσις
654 3223 750 3290 τὴν
798 3222 1131 3301 ἐπιφοίτησιν
1174 3220 1422 3299 δωρεῖται
1453 3228 1546 3278 τοῦ
1596 3221 1749 3276 Πνεῦ-

1842 3222 2037 3283 unctio
2069 3222 2259 3283 sancti
2287 3223 2545 3303 Spiritus
2566 3222 2839 3301 illapsum
2874 3223 3180 3301 elargitur,
3203 3223 3343 3285 dum
3369 3225 3483 3288 hoc

115 3338 297 3390 ματος,
353 3312 685 3386 animusve-.3
742 3311 998 3386 ἐντεῦθεν,
1034 3312 1149 3367 ἐπεὶ
1206 3308 1290 3366 διὰ
1342 3313 1441 3377 τῆς
1499 3314 1591 3365 τοῦ
1649 3309 1754 3382 μύ-

113 3414 199 3481 ροῦ
225 3406 459 3484 χρέσεως
495 3402 742 3481 ἐπιφοιτᾷ
768 3402 830 3457 τὸ
863 3406 1075 3474 Πνεῦμα
1105 3400 1164 3455 τὸ
1195 3398 1369 3475 ἅγιον.
1408 3400 1478 3456 Τὸ
1508 3396 1562 3452 δὲ
1594 3398 1754 3476 μύρον

114 3496 245 3551 ἐστὶν
306 3497 333 3550 ὁ
365 3494 617 3569 Χριστὸς,
652 3491 733 3547 ὅτι
762 3491 850 3547 καὶ
902 3489 992 3546 ὑπ’
1026 3493 1182 3548 αὐτοῦ
1240 3487 1304 3554 δὴ
1336 3495 1426 3544 τοῦ
1474 3487 1755 3566 ἂνθρωπο-

109 3582 323 3659 πρεπῶς
384 3582 464 3655 τῷ
499 3580 635 3657 ἁγίῳ
696 3579 961 3654 Πνεῦματι
1020 3576 1460 3654 καθαγιασθέντος
1500 3577 1561 3631 τὸ
1602 3575 1754 3653 ἅγιον

111 3678 322 3745 Πιεῦμα
370 3681 697 3748 χορηγεῖται
750 3669 824 3731 ὡς
875 3667 1073 3723 οἶκεϊον
1132 3670 1311 3727 αὐτοῦ,
1366 3675 1544 3744 Ωσπερ
1588 3663 1640 3721 δὲ
1674 3665 1759 3722 ἐπὶ

110 3768 213 3817 τῶν
273 3758 521 3837 ἀγγέλων
570 3754 841 3818 οὐσιώδεις
898 3755 1180 3817 ἀκούοντες
1238 3752 1391 3828 ἕξεις,
1425 3753 1483 3810 οὔ
1525 3754 1757 3821 ποιότη-

114 3871 201 3916 τας
260 3848 451 3915 ἔξωθεν
506 3847 645 3904 κατὰ
703 3842 1029 3912 ωχόεϐηκὸς
1076 3843 1452 3921 ἐπιγινομὲνας
1509 3850 1757 3922 νοοῦμεν,

112 3937 297 4012 πολλῷ
350 3936 560 4013 μᾶλλον
588 3944 741 3994 τοῦτο
785 3935 870 3991 ἐπὶ
900 3936 1030 3991 Θεοῦ
1088 3934 1375 4008 νοήσομενθ
1425 3932 1482 3991 οὗ
1513 3934 1613 4011 γὰρ
1668 3930 1758 3989 δε-

116 4027 304 4104 ξόμεθα
365 4025 631 4092 ποιότητα
675 4022 1147 4100 ἒπισυμϐαίνουσαν
1198 4023 1296 4090 τὴν
1334 4021 1461 4103 ἕξιν,
1497 4020 1614 4078 ἀλλ’
1658 4022 1761 4088 ἕξιν

114 4115 344 4184 οὗσιώδη
405 4114 680 4197 θεότητος,
712 4115 811 4183 τὴν
868 4120 1099 4195 φυσικῶς
1151 4111 1381 4193 ἔχουσαν
1432 4112 1522 4192 ἀφ’
1568 4113 1759 4179 ἑαυτῆς

114 4210 175 4263 τα
225 4213 328 4273 τῆς
372 4206 704 4283 ἂγαθότητος
754 4204 985 4279 ἅπαντα,
1016 4203 1209 4259 ἐπείτοι
1254 4224 1315 4279 γε
1362 4203 1450 4259 καὶ
1496 4202 1532 4269 ἣ
1569 4202 1757 4269 θεότης

102 4297 227 4364 αἰτή
291 4298 393 4353 οὒκ
424 4295 704 4351 αὗτοουσία
734 4293 843 4350 ἐστὶ
873 4301 966 4350 τοῦ
1017 4298 1168 4371 Θεοῦ,
1204 4290 1338 4348 ἀλλὰ
1383 4289 1504 4358 δόξα
1536 4315 1615 4355 τις
1659 4297 1755 4359 τῆς

102 4390 270 4451 οὖσίας
307 4386 499 4443 αὖτοῦ.

97 4475 269 4554 gxu,
348 4473 644 4539 Ἐννόησον
674 4471 834 4529 πάλιν
885 4470 1039 4550 ἄλλο,
1072 4470 1153 4526 ὅτι
1195 4470 1282 4527 καὶ
1335 4472 1462 4529 αὐτὸ
1494 4473 1554 4527 τὸ
1608 4475 1752 4528 θετον

1840 3310 2015 3373 modo
2036 3330 2141 3391 per
2171 3317 2454 3391 unguenti
2473 3312 2811 3374 unctionem
2844 3312 3099 3393 Spiritus
3121 3321 3359 3376 sanctus
3382 3314 3481 3378 de-

1838 3400 2129 3462 scendere
2161 3401 2547 3481 significatur.
2578 3404 2952 3478 Unguentum
2984 3412 3181 3466 autem
3211 3404 3481 3468 Christus

1840 3497 1951 3564 est,
1980 3492 2256 3571 quoniam
2278 3491 2351 3553 ab
2373 3497 2500 3572 ipso
2525 3510 2759 3572 quoque
2800 3492 3167 3569 humanitus,
3192 3510 3225 3553 a
3256 3491 3480 3574 Spiritu

1841 3588 2043 3642 sancto
2067 3581 2432 3643 sanctiﬁcato
2454 3580 2704 3662 Spiritus
2726 3590 2965 3643 sanctus
2998 3591 3272 3662 tanquam
3291 3583 3480 3663 ipsius

1842 3668 2096 3751 Spiritus
2127 3672 2403 3733 donatur.
2453 3670 2966 3744 Quemadmodum
2996 3680 3194 3733 autem
3242 3691 3377 3733 cum
3417 3673 3480 3734 in

1839 3759 2063 3833 angelis
2085 3761 2490 3819 substantiales
2511 3760 2740 3817 habitus
2753 3760 3160 3829 audimus,non
3177 3760 3481 3833 qualitates

1841 3851 2210 3920 extrinsecus
2233 3871 2339 3933 per
2360 3850 2638 3915 accidens
2653 3848 3038 3915 advenientes
3066 3849 3476 3931 intelligimus,

1846 3940 2029 4004 multo
2064 3942 2248 4022 magis
2279 3942 2339 4003 id
2370 3942 2445 4003 de
2476 3940 2597 4003 Deo
2628 3938 3059 4022 cogitahimus;
3092 3959 3289 4022 neque
3317 3943 3479 4005 enim

1842 4031 2107 4093 habitum
2142 4051 2245 4112 pro
2276 4031 2557 4113 qualitate
2578 4028 2931 4093 accidentali
2960 4030 3348 4112 accipiemus,
3373 4033 3479 4097 sed

1843 4120 2106 4183 habitum
2133 4121 2512 4185 essentialem
2534 4120 2885 4199 divinitatis,
2909 4120 3012 4201 qui
3044 4121 3391 4185 naturaliter
3409 4142 3479 4185 ex

1842 4229 1906 4273 se
1930 4211 2353 4274 habeatomnia
2373 4230 2502 4293 quae
2520 4218 2656 4272 sunt
2677 4209 2976 4285 bonitatis,
2998 4211 3479 4293 quandoquidem

1835 4301 1965 4380 ipsa
2014 4321 2249 4383 quoque
2278 4302 2467 4363 deitas
2498 4300 2595 4363 hic
2626 4319 2743 4362 non
2797 4308 2887 4362 est
2916 4301 3176 4381 ipaamet
3222 4303 3480 4365 essentia

1836 4393 1966 4464 Dei,
1996 4394 2098 4454 sed
2120 4391 2463 4473 apparentia
2486 4389 2753 4471 quaedam
2784 4389 2973 4471 ipsius
2998 4391 3293 4453 essentize.

1914 4486 1941 4558 §
1971 4480 2099 4544 XII.
2138 4481 2460 4544 Considera
2490 4482 2686 4542 denuo
2727 4479 2907 4555 aliud,
2946 4488 3009 4540 ut
3038 4478 3213 4541 etiam
3246 4479 3478 4556 ipsum-

96 4564 468 4640 ἷησιςιστιὶριον
498 4563 551 4620 ἐν
583 4568 660 4638 τῷ
684 4562 844 4637 τιμίῳ
874 4559 1176 4635 τελειοῦμεν
1207 4560 1377 4637 μόρῳ,
1411 4558 1585 4618 ’Ἔστι
1631 4558 1684 4617 δὲ
1716 4564 1748 4631 ἡ

1842 4580 1960 4633 met
1987 4570 2171 4633 altare
2204 4570 2467 4632 divinum
2501 4570 2758 4651 pretioso
2789 4568 2889 4629 illo
2932 4576 3232 4647 unguento
3263 4587 3480 4632 conse-

98 4666 311 4722 τοιαύτη
344 4654 536 4731 θεωρία
569 4650 754 4726 ὑψηλὴ
786 4651 873 4707 καὶ
914 4650 1245 4726 ὓπερούσιος,
1281 4651 1367 4706 καὶ
1396 4650 1542 4730 ἀρχὴ
1574 4652 1751 4718 πάσης

99 4744 406 4823 ἆγ;αστείας
442 4743 529 4799 καὶ
560 4741 929 4819 τελεσιουργὸς
973 4738 1215 4816 δύναμις⁸
1251 4740 1332 4796 ὅτι
1364 4763 1476 4802 πως
1510 4742 1594 4797 mi
1626 4743 1752 4800 αὐτὸ

96 4839 149 4891 τὸ
177 4836 462 4892 θειότατον
493 4832 865 4908 θυσιαστήριον
898 4832 924 4886 ὁ
956 4830 1139 4908 Κύριος
1174 4831 1328 4905 ἡμῶν
1364 4827 1568 4897 Ἰησοῦς
1617 4839 1750 4911 Χρι-

97 4928 238 4998 στὸς,
275 4925 417 5000 πρὸς
450 4923 509 4978 ὃν
566 4920 707 4977 ἅπας
739 4927 856 4983 νοῦς
888 4922 1033 4985 θεῖος
1091 4921 1420 4998 ἀφιεροῦται.
1454 4929 1583 4976 Τοτε
1627 4922 1749 4999 γὰρ,

98 5017 252 5082 φησὶν
321 5016 349 5068 ὸ
411 5009 605 5086 ama,
658 5009 935 5084 ἀνοίσομεν
992 5007 1077 5064 ἐπὶ
1122 5010 1183 5064 τὸ
1235 5009 1600 5086 θυσιαστήριά-ι
1660 5031 1753 5066 σου

98 5084 376 5183 μόσχους,
408 5101 533 5164 τοὺς
586 5084 761 5163 θείους
793 5096 996 5166 δηλαδὴ
1053 5097 1174 5161 νόας
1220 5095 1415 5176 λέγων,
1477 5084 1538 5153 Ὠ
1570 5100 1670 5177 γὰρ
1726 5102 1754 5156 ὁ

98 5174 315 5274 inicio;
391 5193 668 5270 ἀφιεροῦτο
741 5189 802 5244 τὸ
860 5186 1087 5245 παλαιὸν
1158 5186 1296 5243 οὕτω
1353 5188 1441 5245 καὶ
1499 5191 1544 5244 οἱ
1619 5192 1754 5245 θεῖοι

98 5287 209 5349 vde;
268 5283 617 5361 ἀφιεροῦνται
672 5284 809 5352 Θεῷ,
858 5278 912 5332 ἑν
960 5278 1006 5351 ᾧ
1061 5275 1158 5342 τὴν
1208 5276 1561 5355 προσαγωγὴν
1620 5277 1754 5358 ἔχο-

99 5396 213 5453 μεν,
250 5372 478 5432 πάντως
536 5367 983 5442 ὃλοκαυτούμενοι
1045 5364 1334 5441 μυστικῶς·
1367 5367 1400 5435 ἡ
1432 5368 1530 5445 γὰρ
1581 5390 1752 5447 προσ-

96 5468 290 5541 αγωγῆ
325 5460 415 5516 ἐπὶ
447 5463 556 5514 τῶν
598 5457 862 5537 ἐμψύχων
893 5459 1081 5512 θυσιῶν
1134 5452 1365 5531 λέγεται,
1404 5456 1456 5513 ὲν
1489 5461 1533 5531 ᾧ
1591 5459 1750 5537 ἅγιά.

96 5560 273 5622 ζονται
324 5550 529 5609 πάντα.
566 5552 686 5610 Πῶς
725 5548 781 5603 τὸ
826 5552 1063 5603 τοιοῦτον
1106 5544 1473 5624 θυσιαστήριον
1500 5548 1603 5606 ὑπὸ
1662 5557 1752 5607 τοῦ

176 5742 207 5787 ς
233 5725 381 5792 Psal
414 5745 471 5803 L,
517 5724 617 5790 21.

1836 4678 2093 4724 cremus.
2130 4659 2228 4721 Est
2261 4669 2459 4721 autem
2510 4660 2637 4721 haec.
2666 4657 3093 4736 contemplatio
3125 4658 3396 4721 sublimis
3421 4667 3480 4721 et

1836 4749 2334 4832 supernaluralis,
2361 4757 2417 4810 et
2439 4748 2605 4828 origo
2624 4746 2818 4809 omnis
2844 4746 3346 4821 sanctiﬁcationis,
3371 4747 3480 4810 vir-

1839 4849 2049 4921 tusque
2079 4840 2440 4920 perfectiva;
2489 4843 2764 4918 quoniam
2797 4836 2992 4915 ipsum
3025 4854 3266 4916 quoque
3294 4837 3480 4902 altare

1836 4929 2270 4992 divinissimum
2304 4937 2393 4990 est
2423 4926 2713 4989 Dominus
2742 4933 2949 4988 noster
2975 4924 3150 4988 Jesus
3185 4925 3476 5006 Christus,

1838 5020 1897 5080 in
1914 5038 2033 5100 quo
2046 5019 2240 5081 omnis
2254 5036 2423 5080 mens
2438 5015 2634 5077 divina
2651 5014 3076 5079 sanctiﬁcatur.
3108 5015 3276 5081 Tunc
3292 5017 3477 5097 enim,

1838 5110 2029 5180 inquit
2056 5107 2252 5174 David,
2281 5107 2608 5181 imponemus
2637 5120 2801 5177 super
2826 5105 3003 5162 altare
3031 5113 3184 5163 tuum
3211 5107 3401 5165 titulos
3430 5122 3479 5176 ε,

1839 5199 2060 5257 divinas
2091 5198 2366 5257 nimirum
2389 5195 3479 5268 mentesintelligensQuemadmodutn

1840 5279 1998 5344 enim
2024 5280 2238 5343 vitulus
2261 5279 2402 5342 olim
2435 5275 2936 5353 sanctiﬁcabatur,
2961 5276 3046 5340 ita
3067 5276 3245 5340 etiam
3267 5276 3481 5339 divinae

1835 5379 2094 5445 mentes,
2122 5369 2364 5451 mystice
2386 5369 2446 5431 in
2472 5368 2799 5430 holocausti
2822 5385 3049 5429 morem
3077 5365 3319 5446 penitus
3343 5384 3482 5429 con-

1835 5469 2133 5537 crematae,
2144 5467 2572 5523 consecrantur
2594 5457 2806 5540 Deo,in
2829 5476 2946 5541 quo
2967 5473 3271 5518 accessum
3288 5453 3480 5517 habe-

1838 5549 2283 5635 mus;quoniam
2308 5550 2588 5615 adductio
2601 5549 2863 5613 vivarum
2882 5546 3251 5613 victimarum
3263 5543 3485 5610 dicitur
