4088 6208
495 337 612 404 503
1657 335 1717 399 S.
1766 333 2112 400 DIONYSII
2162 331 2696 396 AREOPAGITAE.
3739 336 3844 403 5οἱ

495 475 914 560 mysteriorum
951 471 1364 536 caeremonias.
1399 479 1578 551 atque
1607 470 1668 532 in
1701 469 2022 532 deiformes
2055 487 2144 531 sa-

2239 469 2313 526 ιαί
2342 468 2615 526 τελευταία
2669 468 2918 528 τάττεται
2989 469 3230 550 δυνάμει,
3265 478 3366 540 τῆς
3419 495 3474 529 τε
3519 474 3844 551 ἰεροπρεποῡς

494 559 731 630 crorum
753 563 1226 642 administros,et
1250 561 1308 622 in
1337 560 1471 622 illos
1494 560 1602 640 qui
1624 560 1696 622 ab
1731 560 1825 620 his
1857 560 1927 622 ad
1963 577 2131 622 sacra

2239 559 2498 637 ιναλογίας
2531 561 2962 638 προμυθουμὲνη,
2997 565 3088 620 καὶ
3137 569 3236 631 τῆς
3293 565 3542 620 ἁπαντων
3602 561 3847 638 εὖκόσμοο

497 657 710 737 cuique
737 651 1126 731 congruentia
1155 647 1902 732 promoventur.Quaelibet
1933 657 2127 737 autem

2239 651 2302 705 ιαὶ
2357 650 2492 707 κατὰ
2543 649 2684 716 τάξιν
2741 651 3057 732 ἐναρμονίου
3116 654 3205 710 καὶ
3261 651 3571 721 συνδετικῆς
3657 655 3840 710 κοινω-

498 763 566 806 ex
587 736 774 804 tribus
787 740 1138 802 hierarchia}
1161 746 1375 802 nostrae
1401 737 1824 816 partitionibus
1837 737 1910 798 ad
1927 736 2130 816 legalis
2213 738 2350 802 νίας,

493 842 552 896 ot
582 833 732 911 ejus,
767 847 902 906 quae
929 837 1128 892 nostra
1161 829 1270 890 hac
1305 827 1559 890 divinior
1581 835 1694 908 est,
1727 825 2080 888 liierarchize
2111 825 2812 910 similitudinem,prima,
2839 839 2899 893 et
2929 831 3152 904 media.
3179 840 3239 896 et
3267 840 3532 896 extrema
3559 833 3849 906 statuitur,

493 940 628 985 cum
659 925 881 982 sanctae
911 919 1331 1000 proportionis,
1367 927 1488 982 tum
1521 916 1950 981 venustissimae
1977 934 2204 998 suoque
2226 917 2422 980 ordini
2455 939 2826 1003 congruat,ac
2857 933 3071 986 cuncta
3101 924 3520 988 connectentis
3553 922 3846 992 societatis

494 1011 710 1076 virtute
738 1009 1012 1074 subnixa.

2089 1173 2119 1250 §
2149 1169 2254 1235 IlI.

523 1401 528 1408 ,
577 1334 1182 1416 Sanctissimaitaque
1196 1331 1610 1414 mysteriorum
1625 1331 2140 1413 consecratio'pri-

495 1446 652 1492 mam
675 1425 917 1508 quidem
941 1426 1216 1488 virtutem
1245 1421 1599 1484 deiformem
1623 1421 1822 1502 habet,
1851 1441 1963 1504 qua
1996 1441 2138 1502 pro-

495 1520 666 1584 fanos
689 1516 876 1578 sacris
899 1517 1094 1598 expiat
1131 1535 1148 1590 ;
1183 1513 1438 1576 mediam
1463 1530 1746 1591 vero,qua
1770 1531 1870 1574 eos
1891 1513 1990 1593 qui
2011 1513 2139 1592 jam

499 1607 724 1688 expiati
746 1613 886 1668 sunt
909 1602 1304 1668 illuminando
1335 1602 1553 1674 initiat;
1577 1610 1932 1682 postremam
1967 1602 2140 1663 deni-

2308 1324 2370 1393 Ἠ
2401 1335 2497 1411 μὲν
2529 1338 2616 1396 οὖν
2649 1338 2924 1418 ἁγιωτάτη
2953 1347 3061 1400 τῶν
3109 1341 3336 1399 τελετῶν
3389 1342 3660 1424 ἱερουργία
3717 1345 3855 1424 πρώ-

2224 1425 2322 1491 τὴν
2346 1424 2443 1501 μὲν
2473 1425 2590 1508 ἔχει
2621 1428 2826 1499 θεοειδῆ
2857 1427 3074 1506 δύναμιν
3101 1433 3199 1500 τὴν
3230 1434 3372 1511 ἱερὰν
3429 1440 3537 1490 τῶν
3569 1434 3858 1492 ἀτελέστων

2223 1515 2496 1594 κάθαρσιν,
2529 1517 2702 1592 μέσην
2753 1518 2831 1600 δὲ,
2867 1521 2964 1588 τὴν
3020 1523 3124 1578 τῶν
3182 1524 3546 1598 καθαρθέντων
3607 1547 3856 1604 φωτιστιο

2225 1605 2323 1671 κήν
2355 1607 2573 1680 μύησινο
2621 1607 2859 1688 ἐσχάτην
2917 1609 2993 1691 δὲ,
3027 1614 3116 1669 καὶ
3173 1615 3278 1669 τῶν
3330 1615 3604 1692 προτέρων
3667 1636 3854 1691 συγκε-

498 1707 846 1777 que,etsum
857 1715 1006 1758 mam
1024 1693 1496 1776 prmcedentium
1509 1711 1645 1770 ,qua
1663 1691 2144 1754 sacrisiuitiatios

501 1789 878 1872 propriarum
914 1783 1444 1848 consecrationum
1479 1781 1734 1844 scientia
1771 1789 2146 1844 consummat

500 1901 570 1944 ac
593 1880 1038 1962 perﬁcit.Porro
1063 1894 1364 1940 sacrorum
1401 1875 1808 1938 ministrorum
1843 1874 2142 1937 distinctio

2225 1694 2622 1778 φαλαιωτικήν,
2684 1722 2784 1766 την
2843 1706 2948 1756 τῶν
3005 1703 3309 1776 μυηθέντων
3357 1705 3410 1760 ἐν
3443 1705 3724 1780 ἐπιστήμῃ
3759 1710 3855 1761 :er

2225 1787 2427 1842 οἰκείων
2487 1790 2736 1863 μυήσεων
2794 1790 3089 1854 τελείωσιν,
3171 1783 3230 1848 Ἠ
3305 1793 3358 1849 δὲ
3417 1795 3526 1850 τῶν
3584 1799 3858 1874 ἱερουργῶν

2225 1875 2577 1951 διακόσμησις
2609 1877 2662 1934 ἓν
2707 1879 2802 1954 μὲν
2831 1887 2898 1957 τῇ
2943 1879 3157 1956 δυνάμει
3186 1889 3252 1960 τῇ
3285 1883 3470 1962 πρώτῃ
3505 1883 3591 1940 διὰ
3637 1891 3742 1940 τῶν
3773 1905 3858 1940 τε-

501 1978 718 2034 virtute
741 1971 930 2052 prima
954 1987 1061 2050 per
1081 1966 1359 2048 mysteria
1385 1967 1662 2046 profanos
1685 1985 1749 2028 ex
1762 1967 1904 2048 piat;
1949 1969 2144 2030 media

2239 1970 2392 2024 tetu'iv
2417 1968 2763 2046 ἀποκαθαίρει
2823 1973 2943 2036 τοὺς
2975 1971 3303 2038 ἀτελέστους·
3373 1974 3426 2030 ἐν
3485 1981 3554 2052 τῇ
3621 1975 3758 2050 μέσῃ
3789 1973 3860 2054 δὲ,

501 2082 640 2126 vero
664 2062 930 2144 expiatos
961 2055 1278 2133 illuniinat,
1315 2065 1616 2137 postrema
1665 2057 1924 2138 denique
1953 2077 2140 2138 eaque

2239 2071 2547 2136 ρωταγωγεϊ
2577 2060 2696 2124 τοὺς
2729 2061 3099 2128 καθαρθέντας⁶
3133 2062 3187 2118 ἐν
3239 2062 3449 2143 ἔσχατῃ
3481 2062 3534 2120 δὲ
3581 2066 3674 2120 καὶ
3707 2067 3860 2142 ἀειρο-

503 2169 790 2232 suprema
819 2167 1120 2213 sacrorum
1156 2147 1562 2210 ministrorum
1620 2147 1832 2208 virtute
1881 2166 2005 2222 eos,
2041 2149 2140 2229 qui

2239 2151 2360 2224 τατῃ
2417 2154 2520 2204 τῶν
2579 2152 2860 2229 ἰερουργῶν
2919 2149 3188 2226 δυνάμεων
3247 2151 3558 2210 ἆποτελειοϊ
3641 2157 3764 2218 τεὸς
3795 2161 3863 2228 τῷ

507 2241 694 2306 divini
717 2239 959 2302 luminis
993 2236 1313 2319 participes
1337 2235 1474 2298 facti
1505 2245 1664 2318 sunt,
1699 2237 1960 2317 perfecta
1983 2237 2140 2300 visa-

2239 2239 2348 2312 )eitp
2369 2243 2500 2318 φωτὶ
2527 2239 2982 2306 κεκοινωνηκότας
3035 2242 3090 2297 ὲν
3149 2255 3268 2308 ταῖς
3327 2249 3432 2298 τῶν
3494 2245 3864 2320 θῦωρτ,θεισῶν

501 2350 635 2394 rum
669 2329 1135 2392 illustrationum
1180 2325 1430 2388 scientia
1451 2327 1724 2389 absolvit.
1760 2326 1978 2389 Eorum
2003 2347 2141 2389 vero

2239 2326 2546 2404 ελλάμψεων
2597 2328 3041 2404 ἑπίστημονικαϊς
3073 2331 3410 2389 τελειώσετιν
3437 2333 3520 2392 53.
3585 2325 3652 2389 Ἠ
3679 2332 3732 2389 δὲ
3765 2340 3861 2389 τῶν

505 2421 606 2504 qui
635 2419 944 2482 initiantur
959 2419 1044 2482 vis
1065 2415 1252 2498 prima
1273 2425 1382 2498 est,
1411 2435 1544 2498 quae
1575 2417 1841 2497 expiatur
1875 2439 1890 2494 ;
1953 2419 2146 2480 media

2239 2419 2558 2496 τελουμένων
2605 2419 2821 2496 δύναμις
2879 2427 2914 2490 ὴ
2973 2423 3156 2502 πρώτη
3218 2425 3316 2499 μὲν
3363 2425 3505 2482 ἔστιν
3537 2429 3572 2492 ἡ
3610 2431 3861 2496 καθαίροι-

505 2517 638 2594 post
655 2513 1209 2592 expiationem,quae
1229 2507 1576 2582 illustratur,
1589 2515 1645 2567 et
1665 2507 1735 2568 ad
1751 2507 2142 2587 quorumdam

2239 2510 2386 2576 Lévn‘
2425 2511 2565 2586 μέση
2585 2510 2638 2566 δὲ
2675 2513 2806 2576 μετὰ
2863 2513 2959 2579 τὴν
3008 2515 3258 2592 κάθαρσιν
3307 2517 3341 2582 ἡ
3375 2516 3720 2593 φωτιζομένη
3779 2517 3862 2572 καὶ

501 2609 1009 2664 sacramentorum
1039 2605 1422 2678 conspectum
1445 2595 1776 2657 admittitur
1801 2619 1816 2672 ;
1846 2605 2146 2677 postrema

2239 2623 2382 2657 τινων
2439 2603 2590 2676 ἱερῶν
2653 2603 2976 2678 θεωρητική·
3030 2601 3306 2660 τελευταία
3363 2603 3417 2661 δὲ
3475 2607 3560 2662 καὶ
3631 2605 3864 2682 θειοτέρα

505 2689 789 2770 denique,
823 2689 1176 2764 casterisque
1209 2686 1480 2760 divinior,
1531 2703 1600 2747 ea
1657 2705 1788 2766 qum
1837 2703 2144 2748 sacrarum

2239 2699 2332 2748 τῶν
2357 2691 2532 2747 ἄλλων
2561 2694 2594 2760 ἦ
2629 2697 2734 2748 τῶν
2777 2694 2928 2770 ἱερῶν
2953 2696 3266 2774 φωτισμῶν,
3296 2698 3370 2751 ὧν
3428 2695 3670 2774 ἐγεγόνει
3729 2700 3860 2752 θεω-

507 2798 622 2862 qua
645 2776 1380 2861 pcrcipitillustrationum
1416 2785 1866 2836 consummante
1899 2776 2147 2839 scientia

2239 2784 2340 2860 96;,
2377 2781 2758 2857 ἐλλαμπομένη
2807 2783 2906 2848 τὴν
2963 2781 3307 2849 τελειωτικὴν
3365 2785 3701 2859 επιπτήμηη
3769 2791 3865 2852 τῆς

507 2868 905 2934 collustratur.
962 2865 1207 2946 Triplex
1265 2865 1448 2946 itique
1508 2865 1690 2926 virtus
1723 2867 2142 2945 mysteriorum

2239 2873 2326 2948 μὲν
2358 2873 2444 2929 οὖν
2477 2873 2629 2950 ἁγίας
2661 2876 2766 2928 τῶν
2811 2871 3039 2929 τελετῶν
3093 2874 3380 2953 ἱερουργίας
3421 2877 3455 2942 ἡ
3488 2877 3681 2952 τρισσὴ
3713 2874 3864 2931 δόνα-

509 2967 728 3022 εειιιεῐω
759 2955 1228 3020 consecrationis
1251 2953 1552 3017 celebrata
1586 2963 1840 3030 est,cum
1875 2975 1944 3016 ex
1978 2957 2144 3018 Scri-

2239 2987 2320 3039 μις
2365 2961 2618 3040 ὕμνηται²
2653 2969 2752 3030 τῆς
2783 2963 2880 3038 μὲν
2938 2967 3076 3039 ἱερᾶς
3119 2967 3452 3042 θεογενεσίας
3512 2966 3572 3022 ἑκ
3629 2969 3734 3022 τῶν
3772 2975 3866 3024 λο-

509 3047 702 3132 pturis
718 3046 1160 3109 ostenderimus
1183 3063 1413 3135 sacram
1439 3043 1678 3124 quidem
1707 3043 1812 3105 Dei
1839 3062 2151 3124 regenera-

2239 3055 2361 3130 γίων
2422 3051 2834 3134 ἀποδειχθείσης
2885 3054 3188 3131 καθάρσεως
3247 3057 3334 3111 καὶ
3391 3063 3724 3135 φωτιστικῆς
3776 3055 3864 3114 ἑλ-

511 3140 732 3202 tionem
754 3155 886 3199 esse
912 3136 1091 3198 simul
1119 3134 1589 3216 expiationemet
1619 3135 2002 3216 splendorem
2025 3136 2151 3198 illu-

2239 3141 2514 3219 λάμψεως·
2551 3146 2650 3210 τῆς
2681 3141 2937 3209 συνάξεως
2975 3141 3028 3198 δὲ
3059 3145 3146 3202 καὶ
3175 3149 3273 3211 τῆς
3301 3154 3392 3204 τοῦ
3423 3146 3586 3223 μύρου
3623 3147 3864 3224 τελετῆς,

511 3236 826 3304 strantem;
849 3225 1190 3308 mysterium
1215 3233 1412 3286 autem
1437 3243 1722 3314 synaxeos
1753 3235 1810 3286 et
1842 3228 2148 3305 unguenti,

2239 3233 2581 3301 τῖελειωτικῆς
2631 3235 2734 3290 τῶν
2775 3236 3057 3311 θεουργιών
3088 3233 3331 3312 γνώσεως
3393 3237 3480 3292 καὶ
3537 3223 3863 3314 ἐπιστήμης

511 3319 913 3398 cognitionem
943 3333 1076 3378 esse
1097 3315 1238 3376 254
1261 3323 1433 3395 atque
1457 3313 1772 3376 scientiam
1803 3333 1934 3394 quae
1957 3316 2151 3406 divina

2239 3322 2305 3379 δι’
2335 3325 2402 3392 ἧς
2432 3324 2582 3400 ἱερῶς
2611 3325 2646 3392 ἡ
2683 3324 2812 3402 πρὸς
2842 3325 2940 3390 τὴν
2969 3323 3224 3404 θεαρχίαν
3256 3324 3494 3390 ἒνοποιὸς
3523 3325 3585 3376 54
3617 3313 3870 3406 ἆραγωγὴ

511 3426 698 3489 opera
721 3413 1120 3481 consummat,
1148 3423 1259 3484 per
1288 3413 1878 3493 quamsacrosancte
1908 3405 1982 3466 ad
2008 3405 2151 3466 divi-

2239 3414 2325 3470 καὶ
2361 3413 2742 3492 μακαριωτάτη
2803 3413 3049 3469 κοινωνία
3109 3412 3581 3493 τελεσιουργεῖται.
3661 3405 3764 3476 Νῦν

511 3517 662 3562 num
685 3496 1084 3580 principatum
1105 3503 1166 3558 et
1185 3492 1704 3584 uniﬁcaadductio
1731 3503 1788 3555 et
1811 3493 2151 3560 beatissima

2239 3505 2335 3572 τήν
2362 3505 2630 3578 ἱερατικὴν
2661 3502 3016 3580 διακόσμησιν
3074 3503 3198 3572 ἑξῆς
3255 3505 3586 3584 ἆφηγητὲον,
3647 3509 3722 3571 εἰς
3773 3531 3870 3565 και

517 3586 1141 3654 titcommunio.Nunc
1161 3592 1356 3647 autem
1385 3583 1674 3675 deinceps
1691 3585 2040 3665 exponenda
2063 3595 2148 3650 est

2239 3597 2488 3668 θαρτιιιὴν
2563 3597 2652 3652 καὶ
2706 3593 3038 3675 φωτιστικὴν
3097 3597 3188 3652 καὶ
3245 3595 3594 3666 τελειωτικὴν
3639 3597 3872 3666 εὗταξιαν

511 3677 818 3744 distinctio
841 3675 1385 3756 sacerdotum,quze
1407 3673 1468 3736 in
1490 3673 1768 3766 ordinem
1785 3676 2148 3757 expiantem,

2239 3684 2606 3766 διαιρουμέ-νην
2617 3733 2634 3752 ,

513 3770 928 3842 illustrantem,
953 3766 1486 3850 perﬁcientemque
1509 3763 1828 3831 dividitur.

2096 3937 2126 4016 §
2171 3938 2270 4002 IV.

594 4105 714 4168 Lex
737 4101 980 4182 quidem
1009 4101 1134 4163 hmc
1159 4107 1246 4162 est
1267 4103 1658 4162 sacrosanctae
1685 4115 1932 4162 summa:
1949 4102 2151 4166 Deita-

2323 4102 2530 4177 Θεσμὸς
2563 4101 2658 4178 μὲν
2704 4099 2852 4166 οὗτός
2885 4101 2995 4158 ἐστι
3027 4101 3126 4166 τῆς
3155 4101 3408 4181 θεαρχίας
3439 4102 3466 4157 ὀ
3513 4101 3783 4178 πανίερος,
3815 4101 3870 4158 τὺ

518 4195 688 4276 tis,ut
717 4211 823 4274 per
855 4191 1043 4273 prima
1075 4209 1204 4272 quae
1225 4195 1578 4270 sequuntur,
1613 4187 1686 4248 ad
1711 4187 2151 4276 divinissimam

2248 4190 2330 4248 διὰ
2359 4197 2462 4248 τῶν
2494 4193 2717 4270 πρώτων
2775 4191 2840 4247 τὰ
2882 4189 3110 4276 δεύτερα
3157 4193 3288 4270 πρὸς
3319 4195 3380 4248 τὸ
3409 4191 3680 4249 θειότατον
3711 4196 3868 4258 αὐτῆς

517 4263 648 4364 ede
677 4263 872 4344 lucem
895 4263 1545 4342 adducbnturfAnnon
1574 4275 1890 4340 sensibiles
1921 4300 2151 4364 quoque

2239 4280 2522 4358 ἀνάγεσθαι
2581 4282 2796 4361 φέγγος.
2856 4263 2944 4337 "H
2997 4281 3124 4360 οὐχὶ
3177 4281 3266 4338 καὶ
3319 4281 3413 4346 τὰς
3469 4283 3717 4348 αἰσθητὰς
3773 4287 3871 4338 τῶν

517 4370 875 4436 substantias
896 4369 1332 4432 elementorum
1357 4365 1662 4429 cernimus
1691 4365 1942 4446 primum
1964 4371 2036 4432 ad
2061 4391 2152 4449 ea,

519 4481 653 4546 qua
672 4459 818 4543 ipsis
849 4458 1035 4536 magis
1069 4465 1316 4538 cognata
1337 4455 1892 4546 sunt,accedere,ac
1919 4478 2026 4540 per
2053 4462 2156 4524 illa

519 4545 738 4617 deinde
761 4549 1169 4614 efﬁcacitatem
1193 4567 1357 4610 suam
1387 4548 1460 4608 ad
1482 4546 1594 4609 alia
1619 4545 1920 4613 derivare?
1949 4548 2156 4613 Merito

515 4643 698 4722 igitur
726 4640 922 4704 omnis
965 4658 1100 4702 cum
1147 4637 1460 4700 invisibilis
1493 4644 1614 4698 tum
1648 4637 1899 4700 visibilis
1937 4640 2155 4702 distin-

518 4733 730 4798 ctionis
761 4730 1000 4794 initium
1034 4748 1102 4791 ac
1131 4727 1310 4790 sedes
1342 4725 1414 4788 ad
1447 4743 1572 4800 eos,
1601 4726 1704 4807 qui
1736 4726 2157 4791 deiformiores

520 4831 678 4898 sunt,
711 4821 957 4884 deiﬁcos
979 4838 1120 4882 suos
1157 4817 1358 4880 radios
1384 4815 1670 4897 permittit
1695 4818 2030 4900 pervenire,
2063 4827 2156 4881 at-

521 4931 640 4993 que
663 4930 770 4994 per
793 4911 1163 4992 illos,utpote
1187 4905 1558 4990 limpidiores
1583 4907 2004 4987 spiritus,etad
2031 4927 2159 4989 par-

519 5001 884 5082 ticipandum
903 4995 1456 5074 traducendumque
1474 4995 1680 5058 lumen
1703 4997 1888 5075 magis
1905 4997 2158 5060 idoneos

519 5090 912 5156 inferioribus
955 5107 1061 5170 pro
1083 5087 1323 5150 illorum
1383 5084 1706 5167 capacitate
1759 5085 2072 5164 illucescit,
2105 5095 2164 5149 et

521 5190 794 5266 apparet.
829 5179 1086 5242 Istorum
1119 5177 1298 5258 igitur
1321 5185 1433 5266 est,
1459 5175 1558 5257 qui
1591 5175 1768 5256 primi
1805 5179 1992 5240 Deum
2025 5195 2161 5240 cer—

522 5265 1088 5352 nunt,sequentibus
1109 5265 1498 5348 sineinvidia,
1533 5284 1638 5346 pro
1678 5266 1919 5329 modulo
1951 5267 2159 5348 cujus-

2241 4371 2522 4452 στοιχείων
2555 4373 2730 4435 οὐσίας
2765 4373 2970 4450 ὁρῶμεν
3021 4373 3093 4436 εἰς
3125 4372 3190 4430 τὰ
3219 4369 3425 4446 μᾶλλον
3459 4371 3646 4432 abut:
3679 4393 3868 4450 συγγεε

2241 4461 2458 4537 νὲστερα
2487 4467 2696 4532 πρῶτον
2746 4461 2942 4534 ἰούσας,
2973 4453 3060 4516 καὶ
3090 4459 3154 4516 δι’
3201 4461 3416 4517 ἐκείνων
3473 4460 3554 4538 ἐφ’
3595 4459 3750 4538 ἕτερα
3779 4462 3870 4528 τὴν

2241 4551 2437 4606 οἰκείαν
2467 4548 2780 4613 anetina-55
2835 4550 3098 4628 ἐνέργειαν
3156 4571 3171 4630 ;
3235 4551 3466 4615 Εἰκότως
3495 4549 3642 4616 0³5νῆ
3701 4551 3868 4616 πάσης

2241 4639 2462 4716 ἀοράτου
2515 4641 2599 4696 καὶ
2659 4643 2852 4718 ὁρατῆς
2909 4639 3190 4713 εὐκοσμίας
3235 4639 3384 4718 ἀρχὴ
3429 4639 3516 4694 καὶ
3547 4635 3868 4714 ’ἱδρυσις,εἰς

2241 4729 2360 4792 τοὺς
2391 4727 2799 4810 θεοειδεστέρους
2831 4731 3067 4808 πρώτους
3117 4727 3354 4786 ἐνδίδωσι
3417 4729 3511 4790 τὰς
3571 4729 3868 4804 θεουργικὰς

2241 4818 2460 4882 ἀκτῖνας
2492 4820 2646 4898 ἰέναι,
2681 4821 2773 4875 καί
2805 4817 2874 4874 δι’
2898 4819 3134 4892 ἐκείνων,
3168 4821 3240 4882 ὡς
3299 4814 3658 4894 διειδεστέρων
3721 4823 3867 4888 νοῶν,

2241 4909 2328 4964 καὶ
2357 4910 2487 4987 πρὸς
2520 4913 2762 4989 μετοχῆν
2793 4911 2964 4988 φωτὸς
2997 4910 3083 4966 καὶ
3133 4905 3417 4983 μετάδοσιν
3473 4907 3679 4970 οἰκείως
3711 4905 3870 4985 ἑχόν-

2243 5019 2374 5073 των,
2405 4998 2476 5060 εἰς
2509 4997 2628 5060 τοὺς
2663 4998 2968 5078 ὑφειμένους
3027 4997 3304 5076 ἀναλόγως
3351 5000 3532 5058 αἶιτοῖς
3589 4995 3865 5070 ἆλλάμπει,

2243 5087 2332 5143 καὶ
2401 5086 2752 5167 ἐπιφαίνεται,
2815 5089 3024 5148 Τούτων
3083 5091 3170 5144 οὖν
3213 5087 3323 5144 ἐστι
3374 5093 3480 5142 τῶν
3539 5085 3767 5162 πρώτων
3815 5083 3873 5134 56

2242 5179 2534 5233 θεοπτικῶν
2586 5178 2646 5232 τὸ
2693 5191 2810 5242 τοῖς
2871 5175 3128 5256 δευτέροις
3183 5177 3420 5256 ἀφθόνως
3467 5175 3548 5232 ἐν.
3580 5176 3870 5253 συμμετρίᾳ

2242 5271 2310 5343 τῇ
2339 5266 2456 5324 κατ’
2491 5266 2676 5334 αὖτοὺς
2707 5265 2976 5336 ὑποδεῖξαι
3008 5269 3072 5326 τὰ
3123 5269 3252 5348 πρὸς
3313 5268 3486 5326 αὒτῶν
3539 5263 3696 5344 ἰερῶς
3761 5265 3875 5322 ἐπο-

1851 5483 2118 5547 VARIIE
2159 5481 2569 5549 LECTIONES

607 5677 671 5730 53
693 5679 1036 5760 θεωρήσεσιν.
1071 5674 1146 5744 Μ.
1183 5671 1282 5740 Sc.
1336 5671 1390 5718 ⁵⁵
1417 5681 1488 5742 ὼς
1521 5673 1788 5752 ἑνοποιὸς,
1823 5675 1903 5743 Μ,
1953 5673 2019 5728 55
2037 5673 2253 5752 διείσας,
2281 5671 2348 5737 Ρ.
2387 5675 2458 5740 D.
2491 5673 2600 5739 Ch.
2627 5673 2690 5728 56
2717 5673 2964 5760 πρώτως,
2995 5675 3060 5740 S.
3097 5673 3169 5739 D.
3205 5679 3265 5738 et
3295 5673 3474 5739 Vien.
