4028 6192
415 324 531 394 507
1615 334 1677 399 S.
1724 334 2063 401 DIONYSII
2107 335 2637 401 AREOPAGIT/E.
3660 330 3770 400 508

420 465 762 550 pontiﬁcem
793 468 1037 534 remittit
1066 487 1172 533 eos
1201 469 1304 552 qui
1351 468 1726 552 disciplinam
1762 479 2069 554 expetunt,

2154 476 2431 551 πιστήμης
2483 482 2590 534 τῶν
2634 480 2999 557 θεωρηθεισῶν
3068 475 3374 556 ἱερουργιῶν
3433 473 3770 556 ἐφιεμένοδς,

419 563 827 640 mysteriorum
859 578 987 641 quae
1013 560 1306 622 viderunt.
1339 560 1559 623 Verum
1578 562 1722 623 ordo
1753 562 2049 623 ministro-

2152 573 2196 622 H
2247 565 2300 622 δὲ
2357 568 2462 622 τῶν
2515 567 2835 645 λειτουργῶν
2890 567 3056 647 τάξις,
3100 568 3136 635 ἡ
3181 566 3472 645 καθαρτικῆ
3533 566 3627 622 καὶ
3670 572 3775 622 τῶν

415 667 553 712 rum
583 669 688 712 seu
720 651 1101 711 diaconorum
1136 659 1249 724 est,
1283 652 1379 731 qui
1412 651 1607 730 expiat
1638 663 1697 712 et
1737 651 2051 714 dissimilia

2152 656 2392 730 ινομοίων
2436 656 2752 734 διακριτικὴ,
2789 658 2888 736 πρό
2942 655 3007 707 65
3034 662 3132 724 τῆς
3165 658 3252 712 ἐπὶ
3307 657 3401 718 τὰς
3432 662 3538 712 τῶν
3596 655 3776 734 ἱερέων

417 738 721 813 discernit,
747 746 1060 819 antequam
1084 739 1156 803 ad
1179 741 1552 803 sacerdotum
1574 758 1745 802 sacra
1765 742 2008 804 veniant
2032 763 2048 818 ;

415 827 766 892 accedentes
780 828 957 890 etiam
973 829 1200 907 lustrat,
1213 838 1274 891 ut
1303 848 1406 891 eos
1424 849 1458 891 a
1489 831 1804 892 contrariis
1825 830 1902 891 im
1914 850 2049 892 mu-

419 935 527 978 nes
551 917 784 992 reddat,
816 927 993 999 atque
1022 937 1327 981 sacrorum
1362 918 1782 998 mysteriorum
1813 929 2051 1000 specta-

417 1005 554 1068 culo
604 1016 666 1068 et
695 1009 1116 1072 communione
1145 1008 1376 1088 dignos.
1414 1011 1616 1090 Itaque
1662 1011 1718 1071 in
1750 1027 1916 1072 sacra
1946 1009 2056 1072 Dei

413 1098 867 1174 regeneratione
896 1098 1132 1160 diaconi
1164 1118 1322 1172 eum,
1358 1104 1454 1177 qui
1487 1098 1561 1160 ad
1584 1098 1753 1161 illam
1798 1101 2054 1171 accedit,

415 1186 656 1265 antiqua
684 1195 849 1247 veste
870 1197 1091 1250 exuunt
1118 1197 1298 1266 atque
1338 1188 1726 1269 discalceant,
1758 1196 1820 1250 et
1847 1189 1920 1251 ad
1952 1208 2057 1251 oc-

417 1274 715 1337 cidentem
750 1276 1211 1339 abrenuntiandi
1244 1296 1421 1339 causa
1449 1277 1693 1349 sistunt,
1727 1296 2057 1359 rursusque

418 1364 733 1426 traducunt
757 1365 830 1426 ad
854 1366 1143 1429 orientem
1174 1367 1337 1447 (sunt
1358 1363 1517 1429 enim
1552 1367 1858 1447 purgantis
1889 1368 2055 1430 ordi-

419 1454 514 1515 nis
540 1462 720 1535 atque
746 1454 1006 1534 virtutis)
1041 1457 1347 1520 hortantes
1378 1475 1481 1518 eos
1509 1461 1611 1537 qui
1642 1457 1954 1534 accedunt;
1989 1466 2055 1521 ut

421 1543 637 1625 prioris
659 1545 786 1605 vitae
816 1545 1164 1608 indumenta
1191 1546 1431 1627 penitus
1461 1545 2052 1625 deponant;erroris-

420 1652 537 1713 que
571 1634 803 1713 pristini
836 1636 1101 1697 tenebris
1142 1636 1445 1717 patefactis
1472 1636 1687 1697 docent
1718 1656 1820 1699 eos
1850 1646 1911 1698 ut
1942 1638 2053 1699 ob-

2130 748 2418 823 ἱερουργίας
2480 748 2862 826 προσαγωγῆς,
2919 746 3261 824 ἀποκαθαίρει
3343 746 3464 808 τοὺς
3523 747 3776 810 προσιόν-

2133 856 2253 909 τας,
2298 835 2515 914 ἀμιγεῖς
2577 836 2763 898 αὐτοὺς
2821 835 3153 893 ἀποτελοῦσα
3208 834 3315 891 τῶν
3367 834 3644 913 ἐναντίων,
3692 836 3779 892 καὶ

2136 927 2265 1002 πρὸς
2321 926 2649 1003 ἱερουργικὴν
2680 926 2905 1001 ἐποψίαν
2951 927 3037 982 καὶ
3088 926 3366 983 κοινωνίαν
3424 922 3776 991 ἐπιτηδείως.

2137 1012 2313 1070 ⁹¹Οθεν
2370 1013 2456 1070 ἰπὶ
2509 1020 2608 1082 τῆς
2662 1017 2804 1092 ἱερᾶς
2859 1018 3191 1092 θεογενεσίας
3243 1017 3291 1070 οἱ
3347 1013 3647 1091 λειτουργοὶ
3693 1015 3780 1070 τὸν

2139 1104 2425 1178 προσιόντα
2482 1109 2579 1170 τῆς
2635 1110 2867 1166 παλαιᾶς
2939 1104 3336 1182 ἆπογυμνοῦσιν
3404 1102 3660 1179 ἐσθῆτος,
3709 1102 3781 1158 ’ἐτι

2142 1194 2247 1268 μὴν
2302 1194 2387 1249 καὶ
2435 1192 2740 1273 ὑπολύουσι,
2792 1196 2879 1250 καὶ
2926 1197 3058 1273 πρὸς
3115 1192 3318 1268 δυσμὰς
3362 1194 3438 1258 εἷς
3497 1192 3779 1269 ἀποταγὴν

2138 1287 2344 1354 ἱστῶσι,
2374 1284 2459 1339 καὶ
2519 1282 2661 1346 αὖθις
2702 1285 2831 1362 πρὸς
2862 1282 2933 1339 ἕω
2992 1284 3301 1361 μετάγουσι,
3337 1281 3469 1358 (τῆς
3518 1284 3783 1359 γαθαρτι-

2136 1379 2237 1439 κῆς
2293 1373 2392 1451 γάρ
2463 1374 2559 1428 εἶσι
2645 1373 2843 1438 τάξεως
2917 1374 3005 1429 καὶ
3074 1370 3402 1448 ὃυνάμεως,)
3459 1369 3782 1427 ἀποϐάλλειν

2136 1461 2327 1525 ὁλικῶς
2366 1460 2763 1540 ἐγκελευόμενοι
2812 1474 2930 1526 τοῖς
2989 1468 3263 1542 προσιοῦσι
3309 1462 3402 1519 τὰς
3432 1460 3533 1528 τῆς
3589 1458 3782 1538 προτέ-

2136 1575 2227 1631 ρας
2286 1556 2427 1623 ζωῆς
2460 1551 2757 1631 ἀμφιὲσεις,
2790 1555 2873 1609 καὶ
2915 1554 2978 1609 τὸ
3033 1559 3125 1608 του
3184 1551 3441 1630 προτέρου
3480 1550 3601 1626 βίου
3655 1571 3785 1606 σκο-

2136 1643 2306 1697 τεινὸν
2348 1639 2777 1717 ὺποδεικγύντες,
2810 1644 2899 1699 καὶ
2945 1640 3343 1704 ἐκδιδάσκοντες
3396 1641 3615 1714 αὐτοὺς,
3648 1638 3786 1694 ἆπο-

421 1723 614 1786 scnris
645 1724 822 1784 rebus
853 1723 1158 1805 ablegatis,
1185 1744 1318 1787 sese
1350 1725 1791 1788 transferantad
1826 1745 1897 1788 ea
1927 1746 2058 1808 qum

2152 1729 2461 1804 ταξαμένους
2517 1744 2637 1793 τοῖς
2669 1731 2992 1810 ἀλαμπέσιν,
3028 1730 3111 1786 ἐπὶ
3151 1731 3216 1786 τὰ
3275 1730 3576 1809 φωτιστικᾶ
3632 1750 3791 1804 μετα-

420 1813 1180 1877 illuminant.Diaconorum
1199 1817 1397 1893 itaque
1412 1815 1558 1878 ordo
1572 1816 2054 1896 estexpiatorins,

2152 1822 2428 1899 ταχθῆναι.
2508 1823 2806 1899 Καθαρτικὴ
2881 1822 3050 1877 τοίνυν
3133 1819 3272 1876 ἐστὶν
3342 1822 3377 1886 ἡ
3451 1818 3790 1897 λειτουργικῆ

421 1902 492 1962 ad
526 1902 807 1982 prmclara
837 1904 1212 1967 sacerdotum
1247 1923 1415 1966 sacra
1449 1905 1678 1966 ducens
1706 1923 1808 1965 eos
1833 1905 1931 1986 qui
1964 1924 2062 1967 ex-

2152 1909 2516 1986 Βιακόσμτβις,
2552 1910 2638 1966 ἐπὶ
2681 1912 2774 1973 τὰς
2820 1911 2985 1989 φανὰς
3016 1916 3121 1966 τῶν
3179 1909 3361 1985 ἱερέων
3391 1907 3457 1957 66
3499 1909 3790 1986 ἱερουργίας

425 1991 562 2072 piati
609 2000 767 2066 sunt,
799 2002 977 2073 atque
1022 1994 1218 2074 expiat
1248 1994 1652 2074 imperfectos,
1687 2013 1835 2074 quos
1885 2002 2057 2056 etiam

2152 1999 2409 2075 Ξινάγουσα
2469 2001 2589 2062 τοὺς
2648 2002 3091 2077 κεκαθαρμένους,
3147 2001 3235 2056 καὶ
3292 2000 3415 2063 τοὺς
3474 1998 3790 2062 ἀτελέστους

423 2084 571 2138 fovet
595 2083 974 2153 purgantibus
999 2085 1365 2154 eloquiorum
1398 2084 1874 2141 illustrationibus
1895 2092 2063 2156 atque

2152 2090 2569 2166 ἆποκαθαίρουσα
2651 2092 2733 2145 καὶ
2817 2089 3142 2165 μαιευομὲνη
3227 2101 3350 2152 ταῖς
3436 2092 3788 2163 καθαρτικαϊς

423 2170 733 2246 doctrinis;
767 2180 826 2234 et
859 2182 1142 2251 praaterea
1170 2175 1443 2253 profanos
1468 2194 1501 2235 a
1524 2173 1944 2236 sacerdotibus
1968 2192 2062 2236 ar-

2152 2184 2250 2235 τῶν
2296 2177 2486 2254 λογίων
2540 2178 2835 2254 ἑλλάμψεσι
2867 2180 2956 2235 καὶ
3015 2176 3396 2255 διδασκαλίαις,
3431 2176 3531 2233 καΐ
3584 2175 3793 2244 προσέτι

421 2269 537 2337 cet,
575 2269 815 2340 propter
862 2264 1019 2344 quod
1053 2264 1357 2344 pontiﬁcio
1388 2264 1658 2325 instituto
1685 2271 1869 2325 sacris
1913 2284 2064 2345 quo—

2152 2269 2270 2330 τοὺς
2330 2268 2563 2345 ἀνιέρους
2616 2276 2720 2342 τῷν
2763 2268 2944 2347 ἱερέων
3005 2268 3217 2346 ἆμιγῶς
3274 2265 3793 2323 ἆποδιαστέλλουσα⁶

428 2369 547 2433 que
576 2351 803 2414 foribus
835 2354 1177 2431 praeficitur,
1213 2363 1275 2415 ut
1305 2354 1689 2434 signiﬁcetur,
1728 2372 1932 2415 eorum
1967 2354 2069 2435 qui

2152 2357 2228 2413 διο
2286 2358 2372 2413 καὶ
2402 2371 2526 2422 ταῖς
2581 2359 2750 2435 ἱεραῖς
2784 2359 2947 2426 αὐτὴν
2993 2358 3234 2437 ἐφίστησι
3294 2356 3486 2421 πύλαις
3518 2358 3555 2423 ἡ
3617 2359 3794 2432 ἱεραρ-

424 2440 494 2502 ad
527 2459 692 2503 sacra
718 2443 961 2504 veniunt
993 2461 1299 2505 accessum
1335 2444 1697 2505 omnimodis
1727 2444 2069 2505 illustratio-

2152 2448 2284 2525 χικη
2333 2449 2666 2526 θεσμοθεσία,
2697 2448 2793 2513 τὴν
2846 2448 2976 2524 πρὸς
3025 2448 3091 2504 τὰ
3135 2447 3247 2520 ἱερὰ
3303 2453 3409 2503 τῶν
3466 2447 3797 2523 προσιόντων

424 2529 599 2592 nibus
615 2548 746 2591 esse
763 2531 1144 2611 expiandum,
1172 2531 1653 2613 quandoquidem
1674 2532 1744 2593 ad
1761 2538 2062 2611 aspectum

2152 2534 2357 2592 εἴσοδον
2410 2536 2464 2591 ἐν
2522 2549 2644 2599 ταῖς
2694 2536 2981 2592 παντελέσι
3046 2536 3356 2613 καθαρσεσιν
3419 2534 3788 2609 αἰνισσομένη,

425 2620 1023 2701 communionemque
1052 2640 1361 2683 sacrorum
1397 2622 1815 2683 introducendi
1853 2641 2066 2683 munus

2152 2626 2240 2683 ni
2289 2627 2383 2694 τὴν
2412 2628 2498 2682 ἒπὶ
2546 2626 2637 2691 τὰς
2667 2628 2806 2704 ἱερὰς
2868 2631 3037 2685 αὐτῶν
3088 2624 3313 2699 ἑποψίας
3365 2626 3453 2681 καὶ
3514 2626 3799 2685 κοινωνίας

424 2709 766 2787 expiatoriis
793 2709 1108 2771 \irtutihus
1129 2712 1204 2771 sit
1229 2711 1678 2785 commissum,a
1702 2710 1916 2789 quibus
1938 2713 2063 2795 alii,

2152 2719 2502 2794 προσαγωγὴν
2586 2723 2679 2778 τᾶς
2757 2719 3099 2794 καθαρτικαϊς
3179 2713 3458 2788 δννάμεσιν
3550 2713 3793 2792 ἐγχειρί-

424 2798 525 2877 qui
583 2797 657 2859 ab
688 2798 853 2858 omni
910 2800 1050 2860 256
1078 2802 1305 2863 macula
1355 2800 1617 2861 mundati
1670 2808 1828 2877 sunt,
1869 2801 2064 2863 intro-

2152 2815 2328 2886 ζουσα,
2362 2808 2450 2863 καὶ
2503 2805 2587 2862 διὰ
2630 2806 2829 2862 τούτων
2891 2807 3073 2868 αὐτοὺς
3127 2802 3494 2872 ἀκηλιδώτους
3550 2802 3798 2883 εἰσδεχο-

428 2887 757 2951 mittantur.

2152 2895 2307 2972 μένη,

2022 3056 2050 3133 §
2093 3053 2219 3118 VII.

509 3213 987 3275 Demonstratum
1012 3221 1099 3275 est
1121 3212 1300 3293 igitur
1330 3213 1674 3294 pontiﬁcum
1709 3214 1949 3296 quidem
1973 3232 2065 3277 or-

2231 3218 2498 3275 Δὲδεικται
2554 3220 2725 3274 τοίνυν
2772 3220 2909 3291 ἡμῖν
2963 3220 2997 3285 ἠ
3053 3217 3149 3291 μὲν
3187 3224 3295 3273 τῶν
3346 3219 3621 3295 ἱεραρχῶν
3655 3213 3798 3282 τάξις

426 3301 629 3364 dinem
656 3301 1009 3382 perﬁciendi
1031 3304 1143 3364 vim
1168 3302 1414 3384 habere,
1436 3322 1503 3366 ac
1532 3304 1731 3384 reipsa
1759 3305 2069 3385 perﬁcere:

2156 3308 2470 3375 τελειωτική
2529 3311 2616 3364 καὶ
2669 3305 3059 3385 τελεσιουργός·
3106 3309 3139 3375 ἡ
3190 3305 3245 3362 δὲ
3303 3309 3408 3362 τῶν
3451 3306 3638 3384 ἱερέων
3692 3328 3803 3385 φω·

427 3391 802 3465 sacerdotum
833 3402 1030 3455 autem
1064 3393 1439 3456 illuminandi
1473 3395 1584 3455 vim
1618 3393 1860 3469 habere,
1896 3404 2069 3475 atque

2155 3400 2366 3466 τιστικὴ
2424 3400 2511 3455 καὶ
2576 3397 2930 3478 φωταγωγός·
2981 3400 3013 3465 ἡ
3073 3395 3126 3452 δὲ
3174 3396 3278 3453 τῶν
3333 3395 3660 3475 λειτουργῶν
3715 3418 3805 3451 κα.

426 3480 791 3557 illuminare;
824 3481 1229 3546 ministrorum
1260 3502 1400 3545 vero
1434 3483 1708 3559 expiandi
1742 3502 1812 3546 ac
1841 3483 2074 3545 discer-

427 3570 609 3633 nendi
627 3570 963 3634 facultatem
988 3574 1285 3635 obtinere.
1322 3574 1625 3654 Siquidem
1651 3573 1795 3634 ordo
1829 3574 2074 3654 pontiﬁ-

429 3659 556 3722 cius
611 3680 729 3723 non
762 3662 1109 3743 perﬁciendi
1159 3672 1407 3735 tantum,
1445 3662 1549 3724 sed
1585 3670 1644 3724 et
1694 3662 2073 3725 illuminandi

428 3750 605 3813 simul
637 3761 813 3833 atque
843 3754 1118 3833 expiandi
1172 3755 1285 3816 vim
1320 3754 1498 3815 habet
1530 3777 1545 3829 ;
1579 3773 1646 3814 ac
1693 3763 1953 3834 potestas
1987 3772 2073 3815 sa-

434 3842 768 3921 cerdotum,
795 3852 1005 3920 prtetcr
1027 3844 1401 3905 illuminandi
1433 3836 2077 3924 facultatem,expiandi

439 3949 679 4007 quoque
727 3933 988 3993 continet
1018 3934 1326 3996 scientiam
1363 3952 1377 3995 :
1427 3952 1626 3993 verum
1660 3932 1973 3994 inferiores
2002 3935 2075 3994 ad

439 4018 813 4097 superiorum
851 4021 1184 4082 functiones
1218 4023 1512 4083 transilire
1542 4042 1911 4103 nequaquam
1947 4040 2077 4101 pos-

444 4114 604 4185 sunt,
636 4125 817 4188 quare
862 4110 1026 4170 nefas
1055 4111 1130 4170 sit
1178 4129 1281 4172 eos
1339 4111 1410 4171 ad
1446 4120 1664 4172 tantam
1726 4112 2074 4191 proteri/iam

444 4194 1018 4259 devenire.Virtutes
1039 4208 1236 4260 autem
1275 4219 1405 4279 quae
1430 4200 1748 4261 diviniores
1769 4209 2081 4280 sunt.prze-

448 4293 538 4344 ter
567 4284 876 4347 facultates
909 4289 1176 4369 proprias
1217 4289 1565 4350 inferiorum
1600 4309 1836 4371 quoque
1878 4309 2082 4352 sacras

445 4375 725 4436 scientias
750 4378 1114 4456 periectione
1146 4397 1251 4440 sua
1309 4380 1633 4440 continent.
1668 4380 1955 4453 Quoniam
1989 4390 2081 4443 ta-

2157 3488 2376 3563 θαρτικῆ
2420 3491 2508 3545 καὶ
2560 3486 2882 3566 διακριτικὴ,
2928 3485 3132 3553 δηλαδὴ
3190 3488 3288 3552 τῆς
3347 3488 3666 3564 ἱεραρχικῆς
3710 3486 3805 3542 τά-

2158 3576 2310 3651 Ξεως,
2369 3582 2428 3637 οὗ
2504 3576 2888 3653 τελεσιουργεϊν
2969 3577 3156 3651 μόνον⁹
3211 3574 3348 3630 ἀλλὰ
3414 3576 3502 3629 καὶ
3564 3576 3806 3653 φωτίζειν

2158 3668 2270 3743 ἅμα
2321 3669 2408 3723 καὶ
2440 3668 2704 3744 καθαίρειν
2762 3665 3142 3744 ἐπισταμένης,
3176 3666 3269 3720 καί
3328 3670 3428 3731 τῆς
3472 3669 3583 3720 τῶν
3632 3664 3809 3743 ἱερέων

2159 3754 2427 3831 δδνάμεως
2469 3756 2700 3835 ἐχούσης
2733 3756 2784 3811 ἐν
2818 3756 2981 3830 ἑαυτῇ
3012 3756 3149 3830 μετὰ
3203 3758 3302 3820 τῆς
3334 3758 3668 3833 φωτιστικῆς
3726 3754 3811 3809 καὶ

2162 3846 2256 3911 τὴν
2313 3845 2632 3922 καθαρτικὴν
2690 3846 3017 3917 ἐπιστήμην.
3053 3845 3113 3899 Αἰ
3164 3842 3262 3917 μὲν
3316 3844 3415 3921 γὰρ
3470 3842 3669 3908 ἥττους
3727 3842 3810 3898 ἐπὶ

2161 3935 2223 3989 τα
2271 3933 2487 4012 κρείττω
2529 3931 2840 4006 μεταπηδᾷν
2892 3930 3224 4004 ἀδυνατοῦσι,
3258 3933 3389 4008 πρὸς
3445 3934 3506 3987 τὸ
3549 3930 3620 3980 67
3678 3930 3809 4006 μηδὲ

2159 4026 2370 4096 θεμιτὸν
2423 4025 2607 4085 αὐταῖς
2638 4023 2778 4078 εἶναι
2824 4023 2957 4097 πρὸς
3010 4021 3260 4086 τοιαύτην
3292 4020 3564 4098 ἐγχειρεῖν
3626 4021 3810 4091 ἀλαζο-

2161 4114 2320 4169 νείαν“
2380 4116 2427 4167 αἱ
2458 4111 2513 4167 δέ
2564 4111 2822 4189 θειότεραι
2867 4109 3111 4184 δυνάμεις
3145 4111 3280 4184 μετᾶ
3333 4116 3440 4165 τῶν
3471 4113 3680 4167 οἰκείων
3726 4105 3809 4166 καὶ

2162 4204 2255 4265 τὰς
2318 4202 2599 4282 ὒιρειμὲνας
2631 4202 2727 4267 τῆς
2786 4203 2954 4256 αεότῶν
3003 4198 3341 4266 τελειότητος
3394 4201 3533 4277 ἱερὰς
3596 4200 3811 4267 ὲπιστή·

2160 4313 2267 4367 μας
2312 4280 2720 4369 γιγνώσκουσιν.
2784 4280 2821 4310 ”
2854 4298 3015 4358 Ομως
3075 4287 3257 4357 ἐπειδὴ
3311 4289 3463 4345 θείων
3507 4290 3638 4345 εἰσὶν
3678 4288 3811 4366 ἐνερ-

2163 4388 2322 4457 γειῶν
2378 4380 2574 4443 εἰκόνες
2640 4382 2689 4435 αἱ
2746 4380 3003 4457 ἱερατικαὶ
3036 4375 3446 4453 ’διακοσμήσεις
3502 4383 3609 4444 τῆς
3666 4380 3811 4437 εὐκό-

446 4480 582 4524 men
611 4465 1029 4530 ecclesiasticae
1050 4468 1482 4549 descriptiones
1510 4470 1838 4531 divinarum
1872 4470 2069 4549 imagi-

2168 4493 2302 4545 σμου
2364 4473 2447 4525 καὶ
2504 4470 2806 4549 ἂσυγχύτου
2835 4468 2941 4524 τῶν
2997 4468 3149 4524 θεῖων
3182 4468 3457 4545 ἐνεργειῶν
3500 4468 3726 4541 τάξεως,
3757 4469 3807 4521 ἓν

447 4570 554 4613 nes
580 4564 719 4616 sunt
749 4555 1075 4628 actionum,
1112 4560 1267 4638 quod
1299 4560 1486 4619 ornati
1522 4559 1900 4641 distinctique
1931 4559 2069 4619 divi-

2167 4561 2381 4623 ἑαυταῖς
2441 4556 2700 4614 δεικνῦσαι
2731 4558 2825 4621 τὰς
2867 4556 3193 4634 τεταγμένας
3245 4556 3538 4632 ἒλλςίμψεις
3585 4559 3659 4622 είς
3718 4555 3808 4617 τὰς

448 4661 653 4704 narum
686 4645 983 4707 actionum
1022 4648 1250 4709 ordinis
1282 4656 1475 4709 certas
1514 4656 1787 4728 ratasque
1818 4649 2081 4710 illustra—

447 4732 637 4794 tiones
662 4734 721 4796 in
747 4752 811 4795 se
830 4735 1131 4810 exhibent,
1167 4744 1224 4796 in
1259 4737 1500 4816 primas,
1537 4746 1592 4799 et
1630 4736 1853 4798 medias
1886 4739 2082 4798 novis-

444 4820 748 4900 simasque
776 4843 973 4885 sacras
1004 4826 1338 4887 functiones
1378 4835 1553 4907 atque
1586 4828 1827 4887 ordines
1870 4827 1925 4885 in
1960 4827 2085 4889 hie-

445 4910 734 4973 rarchicis
792 4914 1274 4976 distinctionibus
1318 4926 1457 4977 sunt
1513 4915 1864 4990 disrributte,
1900 4915 2081 4995 quod,

453 4999 536 5059 uti
566 4998 710 5081 dixi,
744 5002 1073 5064 divinarum
1106 5005 1404 5065 actionum
1448 5005 1720 5066 ordinem
1752 5016 1927 5085 atque
1956 5006 2082 5065 dis-

450 5089 796 5152 tinctionem
821 5092 880 5153 in
909 5094 1249 5174 semetipsis
1280 5093 1582 5156 exhibent.
1615 5092 1758 5156 Cum
1793 5094 1952 5156 enim
1987 5094 2085 5155 illa

453 5196 686 5241 summa
734 5180 933 5243 Deitas
978 5191 1209 5245 mentes
1268 5202 1388 5257 eas,
1422 5183 1635 5263 quibus
1682 5201 1749 5245 se
1801 5183 2082 5264 insinuat,

451 5270 708 5353 primum
770 5272 994 5353 expiet,
1025 5290 1093 5335 ac
1124 5272 1343 5336 deinde
1394 5274 1711 5346 illuminet.
1746 5281 1927 5351 atque
1957 5273 2087 5335 illu-

2167 4649 2378 4726 πρώτας
2436 4650 2523 4704 καὶ
2604 4647 2769 4722 μέσας
2841 4648 2929 4703 καὶ
2985 4646 3288 4711 τελευταίας
3343 4647 3487 4723 ἱερὰς
3545 4645 3809 4724 ἐνεργείας

2164 4740 2253 4795 καὶ
2326 4737 2522 4809 τάξεις,
2583 4737 2636 4792 ἐν
2692 4735 3008 4814 διακρίσεσιν
3079 4737 3416 4815 ἱερτρχικαϊς
3478 4734 3809 4815 ἐτάχθησαν,

2165 4818 2530 4901 ἔμ’φαίνουσαι,
2589 4827 2820 4889 καθάπερ
2897 4823 3052 4903 ἔφην,
3110 4824 3163 4880 ὲν
3222 4826 3435 4889 ἑαυταῖς
3497 4825 3603 4880 τῶν
3665 4826 3811 4880 θείων

2166 4916 2439 4993 ἐνεργειῶν
2499 4917 2558 4972 τὸ
2614 4913 2933 4991 τεταγμένον
3013 4914 3099 4969 καὶ
3160 4913 3515 4992 ἀσύμφυρτον,
3583 4909 3806 4976 Ἐπειδὴ

2167 5008 2265 5085 γὰρ
2321 5008 2355 5073 ἦ
2385 5004 2607 5085 θεαρχία
2634 5005 2753 5067 τοὺς
2787 5003 2840 5059 ἐν
2873 5006 2959 5065 οἷς
3009 5001 3070 5057 ἂν
3101 5002 3382 5079 ἐγγὲνήται
3416 5004 3540 5065 νόας
3601 5002 3806 5059 ἀποκα-

2165 5095 2326 5173 θαίρει
2386 5095 2612 5170 πρῶτον,
2649 5094 2773 5149 εἶτα
2832 5093 3067 5171 φωτίζει,
3117 5093 3203 5148 καὶ
3260 5090 3617 5170 φωτισθέντας
3679 5091 3807 5146 ἀπο-

2168 5183 2365 5241 νελειοτ
2421 5186 2551 5261 πρὸς
2605 5181 2809 5250 θεοειδῆ
2858 5179 3268 5259 τελεσιουργίαν,
3303 5181 3522 5244 εἰκότως
3573 5181 3610 5247 ἢ
3639 5183 3809 5258 ἱεραρ-

2167 5276 2304 5354 χικὴ
2355 5275 2460 5329 τῶν
2489 5275 2638 5330 θείων
2683 5272 2898 5331 εἰκόνων
2931 5269 2996 5321 68
3050 5273 3122 5334 εἷς
3154 5268 3561 5350 διακεκριμένας
3614 5270 3805 5337 ἑαυτὴν

1779 5431 2041 5497 VARUE
2096 5430 2530 5498 LECTIONES.

529 5577 595 5630 65
621 5579 774 5656 πρὸς,
858 5574 928 5628 66

454 5659 627 5729 Μ.Ρ.
666 5655 954 5743 essen»,
1000 5655 1107 5722 Ch.
1143 5658 1213 5723 ο.

981 5575 1302 5656 φανοτάτας,
1330 5572 1411 5637 Μ.
1447 5573 1553 5649 τῷν
1580 5572 1754 5649 ἱερῷν,
1789 5567 1853 5631 Ρ.
1888 5577 1946 5632 et
1978 5587 2109 5632 mox
2142 5570 2245 5647 τῷν
2273 5573 2425 5651 ἱερῷν
2458 5571 2665 5650 ἆμιγῷς
2697 5588 2713 5646 ;
2745 5568 3102 5652 astipulatur
3128 5568 3237 5632 Ch.
3273 5566 3345 5634 D.
3431 5564 3497 5617 67
3533 5567 3665 5649 πρὸς
3708 5564 3805 5645 τῷ,
