4088 6208
384 368 499 438 509

1405 368 1503 432 DE
1548 369 1843 433 ECCLES.
1891 368 2347 445 HIERABCH.,
2397 371 2560 435 CAP.
2625 370 2703 436 V.

3647 368 3766 441 510

380 505 573 588 διαιρεῖ
626 506 801 573 τάξεις
831 527 888 564 τε
946 505 1038 564 καὶ
1095 503 1364 581 δυνάμεις,
1410 503 1642 583 ἔναργῶς
1673 503 2021 564 ὑποδεικνῖκια

2115 511 2318 569 stratas
2340 506 2580 572 demum
2604 507 2677 570 ad
2691 506 3043 572 deiformem
3071 508 3389 592 quamdam
3417 518 3763 595 promoveat

379 600 473 663 τὰς
514 597 806 678 θεαρχικὰς
850 595 1111 675 ἐνεργείας
1163 596 1217 653 ἐν
1266 596 1688 674 παναγεστάταις
1745 598 1832 654 καὶ
1888 597 2019 672 ἆμι-

379 689 495 767 γέσι
566 686 777 753 τάξεσιν
847 688 1108 748 εὐσταθῶς
1178 686 1267 742 καὶ
1335 684 1648 765 ἀσυγχύτως
1717 686 2023 752 ἑστηκυίας,

379 774 531 835 ’Ἀλλ’
582 774 768 844 ἒπειδὴ
795 776 888 841 τὰς
931 775 1195 855 ἱερατικὰς
1249 773 1418 840 τάξεις
1466 796 1524 831 τε
1556 774 1644 830 καὶ
1700 774 2034 852 ἆποπληρώυ

379 890 487 931 σεις
515 866 603 947 69,
633 866 885 943 δυνάμεις
946 887 1004 923 τε
1055 866 1227 922 αὗτῶν
1277 867 1364 921 καὶ
1393 863 1655 943 ἐνεργείας
1713 867 2030 945 etp-rixam»,

377 961 453 1025 ὡς
502 961 643 1027 ἡμῖν
670 958 908 1038 ἔφικτὸν,
942 957 1030 1013 καὶ
1076 957 1172 1020 τὰς
1223 955 1511 1034 ἱερωτάτας
1561 954 1760 1035 meum,
1791 957 1865 1019 ὡς
1915 957 2029 1011 οἷοί

376 1048 436 1105 τέ
464 1048 647 1124 ἔσμεν.
685 1045 1101 1122 ἐποπτεύσωμεν
1134 1044 1458 1108 τελειώσεις.

2111 596 2563 686 perfectionem,
2593 608 2755 662 recte
2779 616 2948 663 sacer
2969 601 3137 676 ordo,
3172 601 3275 682 qui
3295 602 3513 666 divinis
3544 601 3760 686 praeest

2116 685 2498 769 imaginibus,
2524 688 2583 749 in
2612 688 2879 751 diversos
2900 691 3289 771 semetipsum
3312 685 3555 755 ordines
3581 696 3764 757 virtu-

2117 782 2324 855 tesque
2376 777 2730 858 distinguit;
2798 789 2999 859 aperte
3056 780 3493 856 demonstrans,
3529 783 3761 848 divinas

2114 862 2246 927 illas
2258 866 2865 947 prmcipuasactiones
2898 869 2954 929 in
2968 869 3361 931 sanctissimis
3394 871 3761 952 purissimis-

2115 972 2230 1033 que
2260 955 2581 1018 ordinibus
2605 965 2949 1020 constanter
2980 957 3378 1040 distincteque
3408 960 3757 1026 consistere.

2112 1042 2228 1106 Sed
2250 1046 2531 1126 qnoniam
2562 1046 2940 1109 sacerdotum
2960 1048 3204 1109 ordines
3233 1067 3307 1111 ac
3328 1051 3547 1127 munia,
3574 1051 3765 1115 virtu-

380 1144 589 1220 tesque
621 1153 827 1198 eorum
859 1143 919 1197 et
946 1134 1211 1197 actiones
1274 1152 1381 1217 pro
1431 1133 1585 1197 virili
1643 1132 2053 1216 exposuimus,
2085 1135 2520 1199 sacratissimas
2549 1137 2732 1199 etiam
2783 1155 2989 1201 eorum
3021 1140 3526 1217 consecrationes,
3563 1142 3760 1222 quoad

377 1243 715 1310 possumus,
744 1224 1224 1291 consideremus.

644 1400 712 1453 ll.
760 1388 1059 1465 Μυστήριον
1091 1390 1369 1465 ἱερατικῶν
1415 1388 1749 1453 τελειώσεον.

458 1515 520 1576 Ὀ
572 1517 673 1593 μὲν
728 1515 1005 1597 ἱεράρχης,
1064 1517 1150 1574 ἐπὶ
1207 1517 1305 1585 τὴν
1372 1518 1687 1598 ἱεραρχικὴν
1754 1517 2025 1576 τελείωσιν

374 1607 806 1685 προσαγόμενος,
842 1606 1004 1685 ἄμφω
1057 1607 1136 1663 τὼ
1184 1604 1313 1663 πόδε
1356 1605 1537 1673 κλίνας
1590 1610 1904 1686 ἒπίπροσθεν
1935 1618 2027 1669 τοῦ

2192 1388 2261 1445 II.
2286 1391 2610 1463 Mysterium
2637 1392 3064 1450 consecrationis
3091 1406 3377 1450 sacrorum
3405 1393 3665 1451 ordinum.

2112 1520 2378 1584 Pontifex
2425 1521 2667 1603 quidem
2723 1523 2823 1599 qui
2873 1522 2944 1583 ad
3008 1521 3375 1602 pontiﬁciam
3434 1541 3757 1586 consecra-

2115 1613 2337 1675 tionem
2362 1621 2451 1673 est
2481 1622 2721 1677 evectus
2753 1621 3002 1692 utroque
3023 1630 3177 1687 genu
3209 1614 3362 1673 ﬂexo
3387 1624 3525 1675 ante
3545 1615 3756 1694 altare,

377 1696 750 1774 θυσιαστηρίου
806 1695 891 1770 70,
936 1696 1020 1753 ἐπὶ
1076 1694 1316 1776 κεφαλῆς
1370 1695 1487 1777 ἔχει
1547 1696 1613 1753 τά
1668 1696 2025 1775 θεοπαράδοτα

2115 1720 2291 1783 supra
2322 1711 2500 1780 caput
2520 1702 2704 1766 habet
2735 1702 3075 1781 Scripturas
3103 1721 3136 1764 a
3170 1704 3290 1764 Deo
3320 1701 3593 1781 traditas,
3628 1722 3757 1765 ma-

376 1788 560 1865 λόγια,
620 1785 715 1842 καῖ
771 1786 869 1854 τὴν
932 1789 1247 1866 ἱεραρχικῆν
1306 1802 1497 1867 χεῖρα³
1554 1788 1643 1845 καὶ
1711 1789 1882 1864 τούτῳ
1954 1795 2030 1863 τῷ

375 1877 559 1955 τρόπώ
612 1878 746 1955 πρὸς
775 1884 867 1934 τοῦ
892 1875 1173 1942 τελοῦντος
1233 1878 1391 1935 αὐτὸν
1420 1878 1672 1957 ἱεράρχου
1702 1877 1828 1942 ταῖς
1885 1900 2028 1935 παν-

378 1968 703 2045 αγεστάταις
748 1966 1090 2037 ἐπικλήσεσιν
1142 1965 1568 2030 ἆποτελειοῦται.
1620 1965 1680 2025 Ὀ
1729 1965 1784 2023 δὲ
1836 1969 2024 2049 ἱερεὺς,

376 2056 540 2137 ἄμφω
576 2057 655 2114 τὼ
701 2054 828 2115 πόδε
858 2054 1041 2120 κλίνας
1085 2056 1395 2133 ἐπίπροσθεν
1428 2064 1520 2115 τοῦ
1546 2058 1685 2115 θείω
1733 2063 2027 2125 θ-δσιαστη·

378 2148 512 2227 ρίου,
565 2146 652 2204 ἐπὶ
703 2145 938 2226 κεφαλῆς
994 2146 1115 2227 ἔχει
1172 2148 1271 2215 τὴν
1331 2148 1648 2228 ἱεραρχνκὴν
1703 2147 1898 2223 δεξιάν,
1941 2150 2029 2206 καὶ

377 2237 553 2311 τούτῳ
598 2237 675 2300 τῷ
705 2238 886 2317 τρόπῳ
929 2238 1061 2315 πρὸς
1109 2244 1199 2295 τοῦ
1257 2237 1535 2301 τελοῦντος
1566 2239 1721 2295 αὐτὸν
1777 2239 2030 2319 ἱεράρχου

378 2339 501 2390 ταῖς
540 2329 832 2401 ἱεροποιοῖς
863 2324 1209 2398 ἐπικλήσεσιν
1266 2329 1572 2406 ἁγιάζεται.
1607 2328 1668 2386 Ὀ
1700 2326 1754 2385 δὲ
1786 2326 2028 2406 λειτοῦρ-

379 2418 500 2496 γὸς,
531 2416 622 2473 ἕνα
653 2429 771 2475 τοῖν
801 2414 993 2474 ποδοῖν
1044 2416 1224 2481 κλίνας
1255 2417 1565 2498 ἐπίπροσθεν
1599 2426 1690 2476 τοῦ
1739 2419 1879 2477 θείου
1933 2423 2026 2476 θυ-

377 2507 708 2587 σιαστηρίου,
780 2506 866 2563 ἐπὶ
925 2506 1163 2586 κεφαλῆς
1240 2507 1359 2588 ἔχει
1434 2509 1533 2576 τὴν
1588 2516 1679 2567 τοῦ
1753 2507 2029 2575 τελοῦντος

377 2599 536 2656 αὐτὸν
594 2597 848 2677 ἱεράρχου
906 2595 1100 2678 δεξιὰν,
1152 2595 1518 2674 τελειούμενος
1570 2598 1656 2655 ὕπ’
1688 2600 1845 2656 αὖτοῦ
1905 2614 2029 2665 ταῖς

377 2687 484 2743 τῶν
556 2685 882 2766 λειτουργῶν
940 2686 1277 2751 τελεστὶκαϊς
1343 2687 1710 2759 ἐπικλήσεσι-ι.
1787 2687 2030 2763 Ἐκάστῳ

376 2773 428 2833 δὲ
493 2779 669 2834 αὒτῶν
710 2780 745 2846 ἡ
807 2776 1148 2856 σταυροειδὴς
1209 2778 1583 2855 ἐνσημαίνεται
1626 2778 1757 2857 πρὸς
1786 2786 1879 2836 τοῦ
1935 2800 2029 2836 τε·-

375 2866 597 2933 λοῡντος
656 2867 906 2947 ἱεράρχου
964 2869 1211 2948 σφραγὶς,
1272 2870 1359 2925 καὶ
1410 2869 1528 2926 καθ’
1587 2867 1810 2927 ἕκαστον
1867 2868 2032 2945 ἀνάῤ-

376 2958 535 3035 ῥησις
564 2957 679 3037 ἱερὰ
708 2957 968 3038 γίγνεται,
1003 2958 1092 3014 καὶ
1130 2955 1491 3033 τελειωτικὸς,
1526 2958 1830 3034 ἀσπασμὸς,
1863 2958 2032 3016 ἆσπαα

2112 1808 2378 1872 nutzque
2423 1791 2742 1872 pontiﬁcis,
2769 1800 2946 1872 atque
2990 1791 3104 1853 hoc
3160 1790 3334 1853 modo
3377 1810 3411 1853 a
3454 1792 3755 1875 pontiﬁce,

2113 1881 2215 1961 qui
2238 1880 2431 1961 ipsum
2456 1890 2789 1956 consecrat,
2811 1880 3206 1943 sanctissimis
3236 1882 3759 1960 adprecationibus

2112 1977 2519 2034 consecratur.
2567 1971 2862 2033 Sacerdos
2892 1989 3034 2033 vero
3068 1979 3323 2052 utroque
3356 1972 3578 2052 poplite
3622 1982 3760 2036 ante

2110 2058 2295 2122 altare
2321 2062 2497 2134 ﬂexo,
2523 2059 2585 2122 in
2616 2060 2807 2141 capite
2852 2059 3029 2123 habet
3057 2060 3326 2122 dextram
3361 2061 3678 2141 pontiﬁcis,
3703 2071 3763 2126 et

2112 2149 2227 2213 hoc
2258 2149 2433 2211 modo
2471 2149 2546 2212 ab
2579 2150 2682 2213 illo
2727 2149 3032 2229 pontiﬁce,
3066 2150 3167 2230 qui
3199 2150 3366 2211 illum
3425 2160 3751 2229 consecrat,

2111 2239 2333 2302 sanctis
2350 2240 2821 2303 invocationibus
2842 2241 3452 2304 consecratur.Porro
3468 2241 3755 2305 diaconus

2113 2329 2248 2389 237
2275 2346 2455 2391 unum
2478 2348 2632 2407 genu
2654 2331 2901 2391 ﬂectens
2931 2337 3068 2389 ante
3092 2327 3356 2389 divinum
3371 2329 3555 2391 altare
3578 2348 3758 2410 supra

2113 2428 2293 2500 caput
2314 2418 2493 2481 habet
2508 2418 2775 2483 dextram
2796 2417 3095 2499 pontiﬁcis
3112 2416 3305 2498 ipsum
3328 2421 3757 2502 consecrantis,

2114 2517 2170 2571 et
2185 2509 2258 2571 ab
2272 2528 2342 2571 eo
2361 2519 2739 2571 consecratur
2762 2507 3238 2570 invocationibus
3252 2506 3325 2569 ad
3351 2507 3757 2572 ministrorum

2112 2600 2621 2661 consecrationem
2667 2596 3156 2661 accommodatis.
3208 2596 3532 2677 Unicuique
3561 2609 3759 2660 autem

2116 2706 2320 2751 eorum
2345 2688 2576 2767 signum
2597 2687 2791 2750 crucis
2810 2695 3246 2750 aconsecrante
3263 2686 3538 2766 pontiﬁce
3554 2686 3632 2748 im
3642 2688 3763 2768 pri-

2116 2778 2318 2840 mitur.
2352 2786 2409 2839 et
2438 2778 2694 2857 singulis
2724 2788 2928 2843 sancta
2959 2777 3298 2856 praedicatio
3325 2777 3761 2858 perﬁciensque

2115 2868 2392 2932 salutatio
2424 2867 2768 2949 adhibetur,
2793 2870 3026 2931 cunctis
3057 2865 3449 2949 praesentibus
3482 2867 3763 2930 ecclesia-

2115 2958 2430 3031 cticts,una
2461 2976 2594 3020 cum
2621 2957 2903 3039 pontiﬁce
2921 2955 3763 3033 consecrante,consalutanti—

375 3047 603 3123 ζομένου
686 3048 884 3111 παντὸς
977 3048 1242 3125 ἱερατικοῦ
1334 3048 1591 3124 παρόντος
1662 3046 1871 3130 ἀνδρὸς,
1944 3049 2025 3106 καί

2117 3046 2229 3112 bus
2278 3046 2443 3110 illum
2477 3048 2580 3129 qui
2611 3050 2670 3111 in
2715 3048 2978 3127 aliquem
3025 3047 3319 3111 dictorum
3353 3044 3629 3109 ordinum
3673 3065 3761 3110 sa-

376 3145 470 3195 τοῦ
526 3137 841 3203 τελέσαντος
870 3139 1120 3218 ἱεραρχου
1176 3136 1269 3194 τὸν
1299 3139 1428 3217 πρὸς
1488 3160 1539 3196 τι
1570 3143 1676 3196 τῶν
1733 3138 2023 3219 εἰρημένων

378 3228 657 3307 ἱερατικῶν
693 3227 975 3308 ταγμάτωι
1004 3225 1445 3288 ἀποτελεσθέντα.

1018 3362 1110 3415 Ill.
1159 3353 1380 3435 Θεωρία.

2112 3156 2354 3202 crorum
2384 3146 2476 3200 est
2497 3146 2830 3221 cooptatus.

2654 3359 2747 3417 ΙΙΙ.
2790 3361 3199 3435 Contemplatio.

2014 3458 2145 3538 §I.

463 3611 625 3673 Κοινᾶ
669 3615 766 3689 μὲν
800 3614 911 3672 ἔστι
970 3614 1093 3677 τοῖς
1145 3615 1421 3693 ἱεραρχαις
1452 3635 1509 3670 τε
1567 3615 1654 3669 ναὶ
1696 3617 1887 3692 ἱερεῦσι
1942 3619 2030 3674 καὶ

377 3703 720 3783 λειτουργοῖς
772 3706 824 3763 ἒν
854 3717 977 3766 ταῖς
1032 3706 1328 3781 ἱερατικαϊς
1385 3702 1557 3760 αὐτῶν
1598 3702 1936 3762 τελειώσεσιν
1994 3708 2028 3774 ἡ

376 3816 510 3872 προς
554 3796 617 3850 τὸ
647 3797 792 3850 θεῖον
838 3794 1206 3869 θυσιαστήριον
1237 3795 1595 3870 προσαγωγ-ὶι²
1629 3793 1716 3848 καὶ
1771 3795 2029 3851 ὑπόπτω-

376 3907 482 3959 σις,
514 3887 550 3953 ἡ
598 3883 694 3950 τῆς
720 3884 1038 3961 ἱεραρχικῆς
1068 3883 1253 3962 χειρὸς
1311 3881 1561 3954 ἑπιθεσις,
1599 3883 1634 3949 ἡ
1692 3882 2028 3961 σταυροειδὴς

372 3974 620 4054 σφραγὶς,
694 3974 728 4040 ἡ
800 3971 1082 4049 ἀνάῤῥησις
1112 4016 1129 4041 ,
1206 3974 1234 4027 ὁ
1298 3969 1637 4036 τελειωτικὸς
1720 3971 2022 4048 ἆσππσμόςσ

374 4063 610 4142 ἐξαίρετα
664 4060 719 4117 δὲ
770 4063 858 4118 καὶ
915 4060 1134 4140 ἕκκριτα
1191 4074 1310 4124 τοῖς
1361 4061 1638 4141 ἱεράρχαις
1697 4063 1793 4138 μὲν
1824 4066 1859 4131 ἡ
1920 4069 2027 4120 τῶν

374 4152 566 4231 λογίων
628 4152 713 4207 ἐπὶ
783 4149 1025 4231 κεφαλῆς
1086 4149 1347 4230 ἐτιιθεσις³
1411 4152 1507 4207 οὐκ
1574 4150 1814 4231 ἑχόντων
1871 4162 2025 4211 τοῦτο

373 4250 482 4300 τῶν
512 4240 809 4322 ὑφειμένων
858 4238 1172 4318 ταγμάτων
1205 4252 1324 4303 τοῖς
1356 4237 1410 4295 δὲ
1454 4241 1703 4316 ἱερεῦσιν,
1737 4243 1771 4309 ἡ
1823 4242 2024 4319 ἀμφοῖν

372 4347 494 4389 τοῖν
550 4328 741 4388 ποδοῖν
785 4327 979 4405 κλίσις,
1014 4331 1111 4387 οὐκ
1168 4330 1404 4409 ἑχούσης
1448 4336 1607 4387 τοῦτο
1646 4336 1746 4397 τῆς
1780 4336 1887 4387 τῶν
1918 4331 2027 4388 λει-

2195 3615 2549 3679 Communia
2566 3613 2804 3694 quidem
2822 3616 3037 3676 suntet
3061 3611 3528 3693 pontiﬁcibus,et
3548 3627 3756 3673 sacer-

2112 3706 2430 3779 dotibus,et
2460 3703 2746 3764 ministris
2769 3720 2902 3764 cum
2918 3712 3654 3774 consecrantur,accessus
3684 3699 3756 3760 ad

2112 3795 2375 3858 divinum
2406 3793 2620 3871 altare,
2654 3809 2910 3871 genuum
2945 3791 3143 3861 ﬂexio,
3179 3790 3492 3871 pontiﬁcire
3550 3807 3760 3850 manus

2111 3882 2435 3965 impositio,
2454 3881 2649 3943 crucis
2680 3880 3017 3959 impressio,
3039 3879 3407 3960 praedicatio,
3437 3877 3757 3957 perﬁciens

2109 3975 2380 4037 salutatio
2419 3992 2435 4048 ;
2468 3976 2763 4052 praecipua
2792 3987 2932 4032 vero
2982 3978 3038 4030 et
3065 3969 3364 4050 episcopis
3392 3966 3631 4048 propria
3672 3976 3760 4029 est

2110 4064 2547 4145 Scripturarum
2583 4077 2762 4140 supra
2779 4060 3292 4139 raputimpositio,
3323 4059 3479 4138 quod
3507 4056 3757 4119 inferio-

2108 4172 2207 4216 res
2229 4151 2472 4214 ordines
2489 4169 2607 4211 non
2633 4147 2875 4220 habent;
2891 4146 3303 4210 sacerdotibus
3329 4154 3522 4209 autem
3544 4147 3759 4207 utrius-

2109 4260 2224 4323 que
2267 4240 2436 4320 pedis
2468 4236 2795 4311 inclinatio,
2831 4255 2947 4318 quo
2980 4243 3143 4298 caret
3184 4234 3554 4323 consecratio
3586 4233 3758 4295 mini-

2109 4322 2389 4404 strorum,
2430 4327 2687 4390 ministri
2736 4327 2921 4401 enim,
2956 4335 3018 4388 ut
3066 4325 3288 4387 dictum
3348 4332 3458 4402 est,
3496 4322 3748 4385 alterum

374 4422 611 4501 τουργῶν
666 4419 1018 4481 τελειώσεως·
1054 4420 1102 4476 οἱ
1156 4420 1255 4498 γὰρ
1307 4418 1624 4497 λειτουργοὶ,
1657 4421 1831 4488 καθὼς
1864 4422 2023 4501 εἴρη-

2115 4427 2343 4483 tantum
2374 4437 2526 4498 genu
2574 4418 2843 4479 ﬂectunt.

374 4536 486 4589 ται,
516 4513 602 4569 τὸν
639 4509 731 4567 ἕνα
758 4508 1026 4567 κλίνουσιν
1053 4521 1170 4565 τοῖν
1200 4506 1389 4566 ποδοὶν
1417 4509 1605 4585 μόνον,

1997 4616 2027 4696 §
2058 4615 2133 4679 ιι.

456 4751 520 4808 Ἦ
572 4752 672 4826 μὲν
720 4752 808 4811 οὖν
848 4751 933 4808 ἐπὶ
964 4753 1024 4808 τὸ
1084 4754 1230 4808 θετον
1271 4752 1641 4828 θυσιαστήριον
1699 4773 1867 4830 προσα
1884 4750 2024 4829 (ωγὴ

373 4841 460 4897 καὶ
489 4841 795 4905 ὑπόπτωαις
855 4841 1141 4898 αἱνίσσεται
1176 4861 1305 4896 πασι
1350 4852 1469 4904 τοῖς
1513 4842 1787 4919 ἱερατικώς
1836 4839 2021 4896 τελου-

374 4931 579 5005 μένοις,
639 4932 940 4990 ὑποτιθέναι
999 4929 1224 4987 καθόλου
1281 4929 1332 4975 ’ῖί
1394 4928 1696 5009 τελετάρχῃ
1759 4936 1875 5004 Θεῴ
1924 4930 2023 4995 τὴν

372 5021 567 5077 οἰκείαν
627 5022 792 5101 ζωὴν,
826 5023 912 5078 καὶ
968 5022 1069 5087 τὴν
1117 5020 1316 5076 ἑαυτῶν
1375 5020 1559 5098 νοερὰν
1590 5019 1846 5091 ὀλότητα,
1880 5018 2019 5075 πάν-

372 5130 532 5186 αγνον
617 5111 761 5184 αὖτῷ
839 5111 928 5167 καὶ
995 5107 1393 5186 καθιερωμένην
1477 5121 1864 5187 προσαγαγεῖν,
1930 5109 2016 5163 καὶ

370 5197 591 5272 ἐμοειδῆ
641 5198 720 5273 7³,
752 5202 864 5273 καὶ,
897 5202 972 5261 ὡς
1026 5197 1264 5277 δυναυὸν,
1296 5197 1442 5262 ἀξίαν
1504 5199 1662 5254 οὖσαν
1710 5200 1801 5255 τοῦ
1854 5201 2015 5274 θεαρ-

370 5297 532 5367 χικοῦ
589 5290 677 5345 καὶ
734 5289 1139 5367 παναγεστάτου
1197 5288 1286 5343 καὶ
1337 5286 1523 5363 ἱερείου
1577 5288 1665 5344 καὶ
1723 5291 2016 5353 θυσιαστη-

373 5378 481 5456 ρίου
530 5377 594 5427 73
636 5386 728 5437 τοῦ
781 5379 1144 5457 καθιεροῦντος
1185 5379 1460 5457 ἱερατικῶς
1518 5377 1637 5443 τοὺς
1689 5374 1937 5439 θεοειδετς
1966 5373 2022 5417 7‘

370 5469 517 5535 νόας.

2188 4749 2389 4831 Itaque
2418 4767 2700 4811 accessus
2731 4747 2829 4809 ille
2851 4747 2922 4808 ad
2956 4745 3217 4808 divmum
3251 4745 3434 4806 altare
3463 4759 3753 4831 genuum-

2106 4858 2223 4920 que
2256 4829 2430 4901 ﬂexio
2462 4838 2721 4899 insinuat
2751 4835 3030 4897 omnibus
3078 4834 3147 4895 iis
3175 4839 3270 4915 qui
3304 4838 3489 4895 sacris
3534 4829 3756 4893 ordini-

2105 4928 2560 5001 businitiantur,
2579 4930 2757 4987 vitam
2792 4925 3092 5006 propriam
3119 4924 3258 4998 Deo,
3286 4920 3754 5004 consecrationis

2103 5017 2353 5091 auctori,
2381 5016 2617 5098 penitus
2644 5013 3103 5094 subjiciendam,
3136 5030 3245 5074 nec
3282 5030 3395 5072 non
3430 5010 3752 5091 spiritalem

2104 5106 2504 5185 integritatem
2550 5104 2793 5166 omnino
2848 5120 3053 5185 puram
3117 5108 3546 5183 purgatnmque
3577 5108 3752 5180 atque

2102 5195 2459 5258 uniformem
2486 5194 2850 5256 oﬂ'erendam
2871 5211 3025 5262 esse,
3058 5200 3143 5263 ut,
3173 5210 3250 5267 qu
3276 5197 3458 5250 tntum
3482 5187 3609 5250 ﬁeri
3636 5205 3749 5267 po-

2103 5291 2236 5357 test,
2272 5283 2451 5364 digna
2499 5284 2574 5345 sit
2604 5282 2801 5343 divino
2854 5280 3075 5362 templo
3122 5290 3184 5342 et.
3225 5277 3394 5340 altari
3451 5280 3600 5356 ejus,
3636 5273 3747 5356 qui

2101 5373 2382 5436 sanctiori
2412 5372 2639 5435 ratione
2670 5371 2992 5434 deiformes
3024 5376 3254 5432 mentes
3279 5369 3620 5429 consecrat.

1170 5616 1179 5621 ,
1694 5544 1948 5611 VARMJ
1977 5543 2413 5611 LECTIONES.

440 5654 503 5706 09
533 5655 964 5722 ἐπικληοώιεις,
1027 5654 1090 5705 70
1122 5657 1180 5712 τὸ
1210 5656 1348 5713 θείου
1385 5657 1598 5729 θησίας,
1635 5654 1744 5718 Ch.
1781 5653 1848 5717 Ι).
1909 5651 1960 5695 ⁷¹
1995 5650 2138 5717 add.
2173 5657 2271 5727 τῷ.
2330 5650 2389 5702 73
2420 5649 2638 5713 desunt
2668 5635 2793 5712 héc
2824 5647 2885 5712 in
2916 5645 2976 5711 S.
3007 5652 3066 5709 et
3095 5646 3164 5709 Ρ.
3196 5642 3250 5687 ’⁷³
3281 5643 3369 5700 καὶ
3398 5643 3535 5723 ἱεροῦ
3564 5646 3752 5701 θυσια-

364 5739 602 5819 στηρίου,
637 5734 702 5801 S.
730 5734 798 5801 Ρ.
831 5734 903 5800 Ι).
1050 5736 1250 5802 θείους.
